4164 6492
251 448 361 505 821
1172 453 1258 507 DE
1300 452 1574 509 TITULIS
1615 451 2064 507 PSALMORIJM.
2105 483 2172 491 —
2205 449 2399 505 PSAL.
2443 449 2618 504 XLIII.
3400 442 3513 502 823

325 576 409 631 16.
463 577 712 640 Ἐσωσας
761 575 868 647 γὰρ
902 578 1047 646 ἡμᾶς
1081 577 1144 630 ἐκ
1175 578 1282 630 τῶν
1316 576 1605 631 θλιϐόντων
1648 578 1796 647 ἡμᾶς
1817 609 1830 621 θ
1863 601 1908 656 Α

1668 578 1796 647 ἀμᾶς
1817 609 1830 621 .
1863 601 1908 656 Α
2009 574 2094 628 16.
2127 572 2363 628 Salvasti
2389 573 2535 626 etaim
2561 585 2661 625 nos
2693 571 2760 624 de
2787 567 3146 640 atlligeutib'us
3173 583 3312 624 nos:

331 671 412 722 17.
440 672 548 722 Καὶ
582 671 706 732 τοὺς
739 671 1030 741 μισοῦντας
1059 673 1206 742 ἡμᾶς
1233 673 1595 742 κατῄσχυνας.

1293 673 1595 742 ιτῄσχυνας.
2012 670 2098 724 17.
2132 668 2196 723 Ει
2223 669 2470 723 odientes
2493 683 2592 722 nos
2619 665 2937 721 confudisti.

327 764 410 818 18.
447 765 536 816 Ἐν
567 763 642 834 τῷ
666 763 784 832 Θεῷ
807 763 1276 834 ὲπαινεθησόμεθα
1305 765 1434 834 ὅλην
1463 765 1561 834 τὴν
1584 764 1828 835 ἡμέραν⁹

1341 765 1434 834 λην
1463 765 1561 834 τὴν
1584 764 1828 835 ἡμέρανο
2006 762 2094 817 18.
2125 760 2182 815 In
2217 760 2328 816 Deo
2351 760 2697 815 laudabimur
2724 767 2833 812 tota
2861 759 2949 812 die
2974 776 2985 811 :

327 856 411 910 19.
449 857 558 908 Kal
590 859 646 909 ὲν
682 856 759 926 τῷ
812 856 1035 927 ὀνόματί
1072 873 1164 908 σου
1201 856 1707 928 ὲξομολογησόμεθα
1750 860 1830 921 είς

1823 875 1830 919 ;
2007 855 2093 910 19.
2125 853 2188 910 Et
2225 855 2278 909 in
2312 853 2535 909 nomine
2567 860 2662 908 tuo
2687 851 3069 907 confitebimur
3100 848 3154 904 in
3185 847 3467 904 saeculum.

246 947 343 999 τὸν
375 947 567 1000 αῗῶνα.

322 1037 416 1092 20.
451 1039 587 1090 Νυνὶ
619 1038 674 1090 δὲ
704 1037 911 1091 ἀπώσω
944 1038 1039 1092 καὶ
1070 1037 1412 1108 κατῄσχυνας
1440 1039 1584 1109 ἡμᾶς
1605 1057 1616 1069 ·

2009 1028 2100 1084 20.
2124 1027 2278 1084 Νυηο
2311 1037 2492 1084 autem
2524 1029 2771 1099 repulisti
2792 1036 2845 1083 et
2866 1026 3160 1083 confudisti
3190 1041 3326 1081 nos:

323 1126 414 1179 21.
430 1125 534 1176 Kal
547 1122 930 1194 ούκὲξελεύσῃ,
943 1122 1131 1186 ὁΘεὸς,
1149 1124 1205 1175 ὲν
1217 1127 1334 1187 ταῖς
1345 1123 1825 1195 δυνάμεσινήμῶν.

2002 1123 2093 1176 21.
2146 1121 2212 1176 Et
2229 1137 2334 1177 non
2356 1122 2673 1194 egredieris,
2698 1121 2861 1186 Deus,
2880 1122 2934 1177 in
2952 1121 3246 1176 virtutibus
3275 1120 3497 1176 nostris.

325 1216 417 1268 22.
455 1213 828 1284 ’Λπέστρεψας
873 1215 1019 1284 ἡμᾶς
1069 1216 1148 1278 είς
1189 1214 1256 1267 τὰ
1291 1215 1466 1268 ὀπίσω
1515 1216 1667 1288 παρὰ
1706 1215 1831 1279 τοὺς

2002 1217 2093 1273 22.
2123 1215 2382 1272 Avertisti
2421 1231 2520 1272 nos
2570 1225 2870 1271 retrorsum
2926 1225 3047 1286 post
3096 1215 3347 1269 inimicos
3403 1227 3503 1268 no-

249 1307 485 1378 ὲχθροὺς
512 1306 690 1377 ἡμῶν.
1931 1318 2093 1363 stros.

325 1399 418 1452 25.
452 1399 559 1451 Καὶ
587 1399 636 1450 οί
664 1396 945 1469 μισοῦντες
973 1398 1117 1468 ἡμᾶς
1146 1397 1444 1467 διήρπαζον
1470 1398 1701 1461 ἑαυτοῖς.

1549 1399 1701 1461 κοῖς.
1996 1397 2086 1450 25.
2119 1396 2182 1452 Ει
2207 1398 2299 1467 qui
2325 1397 2560 1452 oderunt
2590 1413 2688 1451 nos
2716 1395 3043 1464 diripiebant
3070 1395 3193 1450 sibi.

320 1490 414 1543 24.
453 1491 697 1553 Ἔδωκας
721 1490 967 1560 ἡμᾶςτὼς
995 1491 1241 1559 πρόϐατα
1276 1490 1528 1561 βρώσεως
1549 1508 1561 1521 ο

1549 1508 1561 1521 ο
2000 1488 2091 1541 21.
2118 1487 2323 1542 Dedisti
2346 1503 2444 1542 nos
2477 1499 2731 1556 tanquam
2756 1503 2885 1541 oves
2904 1501 3183 1551 escarum;

319 1584 411 1637 25.
444 1584 554 1636 Kal
579 1584 636 1634 ἐν
664 1585 775 1646 τοῖς
799 1581 976 1636 ἔθνεσι
1004 1581 1320 1653 διέσπειρας
1345 1583 1491 1652 ἡμᾶς

1386 1583 1491 1650 μᾶς
2000 1580 2091 1632 25.
2127 1578 2192 1632 Et
2215 1579 2268 1632 in
2303 1579 2551 1649 gentibus
2581 1577 2883 1646 dispersisti
2908 1592 3027 1631 nos.

321 1674 414 1728 26.
439 1674 666 1727 Ἀπέδου
690 1673 780 1726 τὸν
818 1673 946 1726 λαόν
979 1690 1072 1725 σου
1102 1672 1231 1726 ἄνευ
1259 1671 1426 1740 τιμῆς
1445 1688 1459 1702 ·

1999 1671 2090 1724 26.
2128 1670 2421 1725 Vendidisti
2451 1670 2707 1740 populum
2733 1678 2884 1723 tuum
2912 1669 3031 1723 sine
3059 1666 3269 1736 pretio:

321 1764 410 1817 27.
439 1763 549 1817 Kal
574 1765 672 1817 οὐκ
701 1760 770 1834 ἦν
799 1763 1000 1834 πλῆθος
1021 1765 1079 1816 ὲν
1108 1765 1222 1825 τοῖς
1243 1760 1620 1831 ἀλαλάγμασιν
1651 1759 1827 1832 ἡμῶν.

2001 1763 2090 1817 27.
2124 1761 2190 1816 Ει
2221 1776 2328 1817 non
2385 1762 2489 1816 fuit
2537 1762 2834 1816 multitudo
2890 1761 2944 1815 in
2983 1758 3503 1816 commutationibus

1933 1854 2154 1908 nostris.

318 1943 412 1998 28.
452 1943 613 1997 ἘΘου
653 1945 800 2014 ἡμᾶς
829 1942 1028 2005 ὄνειδος
1056 1944 1169 2005 τοῖς
1199 1942 1435 2009 γείτοσιν
1463 1939 1620 2011 ἡμῶν
1640 1956 1653 1969 ο
1863 1972 1904 2026 Β

1863 1972 1904 2026 Β
2003 1948 2096 2003 28.
2128 1947 2365 2002 Posuisti
2394 1962 2497 2001 nos
2523 1961 2877 2016 oppronrtum
2906 1947 3104 2002 vicinis
3135 1948 3339 2004 nostris
3364 1966 3378 2002 :

309 2036 400 2089 29.
431 2034 822 2106 Μυκτηρισμὸν
850 2035 942 2087 καὶ
965 2033 1268 2104 χλευασμὸν
1304 2035 1413 2094 τοῖς
1443 2030 1626 2101 κύκλῳ
1647 2029 1824 2100 ἡμῶν.

2003 2039 2093 2094 29.
2127 2039 2621 2094 Subsannationem
2669 2051 2722 2094 et
2763 2040 3006 2096 derisum
3054 2041 3138 2097 his
3179 2042 3271 2111 qui
3307 2042 3360 2096 in
3394 2042 3503 2096 cir-

1933 2131 2080 2185 cuitu
2117 2142 2324 2185 nostro.

318 2213 410 2270 50,
448 2213 609 2266 Ἐθου
640 2214 785 2285 ἡμᾶς
815 2215 896 2277 είς
929 2212 1243 2283 παραϐολὴν
1282 2213 1338 2263 ὲν
1367 2214 1480 2274 τοῖς
1513 2210 1723 2272 ἔθνεσι,

2003 2220 2094 2274 50.
2124 2218 2361 2275 Posuisti
2395 2235 2496 2275 nos
2523 2221 2576 2273 in
2609 2220 3022 2277 similitudinem
3054 2223 3106 2276 in
3138 2224 3411 2294 gentibus,

314 2307 403 2362 51.
450 2307 677 2375 Κίνησιν
710 2307 950 2378 κεφαλῆς
975 2308 1032 2360 ὲν
1056 2310 1169 2370 τοῖς
1192 2307 1360 2369 λαοῖς.

2007 2313 2098 2366 51.
2130 2311 2561 2367 Commotionem
2597 2313 2789 2383 capitis
2812 2314 2866 2368 in
2897 2315 3132 2385 populis.

323 2397 407 2451 32.
447 2397 612 2468 Ὅλην
636 2398 735 2470 τὴν
762 2397 1032 2469 ἡμέρανή
1078 2399 1310 2468 ὲντροπή
1349 2413 1449 2467 μου
1481 2397 1829 2451 κατεναντίον

1718 2397 1829 2450 τίον
2004 2404 2094 2458 52.
2131 2402 2266 2458 Tota
2295 2403 2384 2459 die
2411 2405 2737 2460 verecundia
2767 2421 2884 2461 mea
2917 2415 3108 2462 contra
3143 2423 3229 2463 me
3257 2416 3362 2476 est,

245 2489 354 2561 μού
389 2492 524 2553 ἐστι,

318 2580 408 2634 55.
440 2580 550 2633 Καὶ
587 2581 620 2651 ἡ
652 2579 881 2652 αἰσχύνη
913 2580 1005 2634 τοῦ
1033 2579 1322 2651 προσώπου
1345 2597 1444 2652 μου
1465 2579 1702 2650 ἐκάλυψέ
1735 2597 1822 2651 με.

1593 2579 1702 2650 ,υψέ
1735 2597 1822 2651 με.
2001 2581 2089 2636 55.
2125 2580 2190 2635 Et
2222 2582 2473 2638 confusio
2505 2582 2661 2640 faciei
2687 2585 2791 2639 mei
2816 2585 3100 2654 cooperuit
3132 2599 3237 2639 me.

316 2670 408 2724 54.
435 2670 567 2723 Ἀπὸ
585 2672 766 2742 φωνῆς
782 2672 1146 2736 ὀνειδίζοντος,
1170 2673 1263 2725 καὶ
1285 2670 1710 2734 καταλαλοῦντος
1725 2671 1822 2741 (a)°

1576 2671 1822 2741 iwo;(a)-
2003 2673 2092 2729 54.
2127 2675 2172 2727 Α
2198 2690 2332 2730 voce
2359 2675 2738 2746 exprobrantis
2764 2686 2817 2732 et
2840 2677 3220 2746 obloquentis:

319 2762 397 2833 (α)
425 2763 895 2834 Παρακαλοῦντος,
936 2765 991 2818 in
1025 2765 1269 2836 margine
1306 2765 1426 2820 cod.
1461 2775 1521 2818 ut
1552 2765 1606 2818 in
1637 2772 1807 2819 textu.

1372 2880 1748 2937 ATHANASII
1791 2874 2376 2936 INTERPRETATIO.

320 2977 411 3030 16.
454 2976 547 3028 Ἐκ
571 2975 679 3029 τῶν
708 2977 960 3029 ἐναντίων
988 2976 1287 3046 δυνάμεων.
1860 2979 1901 3034 C

1256 2993 1287 3027 ρ.
1860 2979 1901 3034 c
2007 2971 2092 3025 16.
2128 2970 2172 3022 Α
2198 2967 2490 3024 contrariis
2521 2967 2900 3037 potestatibus.

329 3071 412 3122 17.
456 3069 565 3130 Τὰς
590 3068 759 3131 αὑτὰς
781 3068 857 3139 (1)
887 3068 1164 3135 δυνάμεις.

1051 3085 1164 3132 ιεις.
2004 3063 2091 3118 17.
2121 3060 2351 3116 Easdem
2380 3068 2695 3129 potestates.

327 3162 415 3215 18.
441 3161 530 3214 Ἐν
550 3160 626 3230 τῷ
649 3159 766 3230 Θεῷ
802 3160 1186 3231 καυχησόμεθα
1205 3160 1291 3214 ἀεὶ
1309 3161 1460 3222 ὄντες
1486 3161 1543 3215 ὲν
1563 3159 1642 3232 τῷ
1667 3159 1824 3230 φωτί.

2001 3154 2087 3209 18.
2119 3155 2176 3207 In
2195 3152 2307 3208 Deo
2325 3153 2679 3223 gloriabimur
2701 3167 2914 3223 semper
2935 3154 3260 3213 exsisteutes
3283 3156 3338 3211 in
3361 3157 3500 3214 luce.

330 3253 414 3306 I9.
437 3253 543 3305 Kal
572 3252 628 3303 ἐν
651 3250 728 3322 τῷ
757 3251 978 3323 ὀνόματί
1006 3269 1097 3305 σου
1119 3251 1189 3306 τά
1214 3250 1422 3324 ἀρεστὰ
1461 3250 1693 3306 ἐνώπιόν
1735 3268 1828 3304 σου

2001 3247 2090 3301 19.
2118 3245 2182 3298 Et
2208 3245 2261 3298 in
2290 3244 2512 3299 nomine
2537 3252 2630 3299 tuo
2655 3260 2776 3315 quae
2806 3245 3000 3314 placita
3033 3247 3129 3301 tibi
3167 3257 3296 3305 sunt
3320 3265 3501 3306 coram

249 3344 575 3413 ποιήσομεν.

1931 3349 1984 3396 te
2015 3339 2303 3395 faciemus.

322 3435 414 3489 20.
441 3435 542 3488 Τὸν
565 3433 694 3488 λαὸν
717 3432 864 3502 λέγει
899 3433 1005 3488 τῶν
1039 3433 1332 3488 Ἰουδαίων.

2000 3432 2091 3486 20.
2129 3430 2394 3500 Populum
2429 3430 2780 3486 Hebraeorum
2810 3432 3097 3502 signiﬁcat.

323 3528 415 3582 21.
432 3527 540 3580 Kal
563 3527 620 3579 ὲν
636 3529 748 3588 τοῖς
763 3526 988 3611 ἄρχουσι
1008 3526 1115 3578 τῶν
1133 3525 1396 3579 Ἰουδαίων
1413 3524 1513 3579 οὐκ
1529 3525 1717 3596 εὐδοκή
1725 3542 1825 3580 σει.

2001 3524 2091 3577 21.
2126 3522 2192 3576 Ει
2215 3523 2268 3576 in
2296 3523 2634 3611 principibus
2651 3523 2963 3579 Judaaorum
2987 3541 3096 3580 non
3123 3528 3502 3597 complacebit.

325 3619 415 3672 22.
459 3616 804 3686 Παρέδωκας,
837 3610 1008 3684 λέγει,
1042 3615 1467 3680 τοὺςἸουδαίους
1492 3618 1614 3680 ταῖς
1644 3615 1827 3670 meu—

2000 3612 2090 3667 22.
2118 3610 2434 3678 'l‘radidisti,
2456 3612 2653 3683 inquit,
2669 3611 2884 3668 Judzeos
2906 3615 3360 3684 concupiscentiis
3382 3632 3504 3672 cor-

255 3697 417 3779 μίαιξ
437 3705 547 3759 τῶν
579 3705 816 3776 καρδιῶν
847 3704 1044 3760 αὐτῶν.

679 3705 816 3759 ιδιῶν
847 3704 1044 3760 αὐτῶν.
1931 3703 2079 3758 dium
2111 3717 2323 3755 eorum.

326 3801 411 3854 25.
446 3798 555 3862 Τὰς
586 3796 763 3869 ψυχὰς
796 3798 949 3870 ἡμῶν
979 3801 1026 3852 οί
1057 3798 1308 3871 δαίμονες
1336 3798 1652 3871 διήρπαζον.

1640 3838 1652 3852 .
1999 3794 2090 3848 25.
2118 3794 2347 3850 Animas
2377 3801 2594 3850 nostras
2619 3794 2892 3851 daemones
2917 3795 3278 3867 diripuerunt.

327 3890 421 3945 24.
449 3890 560 3944 Kal
595 3892 742 3962 ἡμᾶς
783 3890 857 3962 (2)
881 3891 986 3944 ὑπὸ
1008 3890 1415 3963 τῶνσάμαρτιῶν
1440 3891 1514 3957 ὼς
1536 3892 1641 3947 ὑπὸ
1656 3892 1831 3945 λύκων

1590 3892 1831 3947 εὸλύκων
1999 3889 2090 3943 24.
2130 3887 2196 3943 Ει
2225 3905 2325 3945 nos
2355 3905 2387 3954 θ
2419 3889 2652 3959 peccatis
2681 3889 2846 3945 veluti
2871 3904 2900 3944 a
2927 3889 3068 3961 lupis
3097 3891 3234 3961 rapi.

253 3981 625 4052 ἁρπάζεσθαι.

327 4071 422 4127 25.
455 4072 563 4124 Kal
590 4071 666 4133 ὠς
689 4071 746 4122 ὲν
774 4070 1116 4142 αἰχμαλωσίᾳ
1148 4071 1486 4142 πεπραμένοι
1517 4071 1682 4141 ἐσμὲν
1717 4073 1834 4132 ταῖς

2004 4069 2093 4122 25.
2127 4067 2194 4123 Ει
2221 4068 2385 4124 veluti
2427 4070 2483 4124 in
2535 4071 2898 4140 captivitatem
2931 4073 3134 4127 venditi
3165 4090 3356 4129 sumus
3383 4088 3504 4144 pec-

252 4163 561 4235 ἁμαρτίαις
594 4163 770 4234 ἡμῶν.

674 4163 770 4218 ὦν.
1935 4165 2070 4218 catis
2095 4163 2318 4220 nostris.

329 4255 421 4309 26.
455 4255 682 4319 Δρύλους
707 4255 894 4318 εἴασας
935 4257 1084 4325 ἡμᾶς
1119 4252 1254 4307 εἶναι
1288 4256 1385 4326 τῆς
1415 4255 1688 4326 ἁμαρτίας
1730 4256 1828 4326 (5).
1863 4318 1897 4326 _

1418 4255 1688 4326 ἁμαρτίας
1730 4256 1828 4326 (5).
1863 4318 1897 4326 _
2005 4254 2097 4308 26.
2126 4253 2326 4309 Servos
2353 4253 2528 4310 sivisti
2561 4269 2660 4308 nos
2687 4269 2808 4309 esse
2837 4255 3062 4323 peccati.

328 4348 420 4401 27.
452 4348 560 4399 Kal
588 4318 685 4400 οὐκ
719 4346 862 4400 ἔστιν
893 4347 921 4399 ὁ
957 4318 1096 4416 ῥοῶν
1137 4346 1272 4418 πρὸς
1311 4318 1369 4400 σὲ
1408 4318 1546 4417 μετά
1587 4318 1832 4418 κραυτῆς
1863 4318 1909 4372 θ

1863 4318 1909 4372 θ
2004 4345 2092 4401 27.
2133 4345 2198 4401 Et
2227 4363 2335 4402 non
2359 4355 2441 4403 est
2460 4347 2703 4402 clamans
2734 4348 2800 4401 ad
2837 4357 2889 4403 te
2912 4364 3035 4403 cum
3063 4348 3302 4404 clamore
3329 4349 3505 4404 valido

259 4440 493 4510 ἰσχυρᾶς
519 4439 613 4491 καὶ
637 4437 905 4509 δακρύων.

725 4437 905 4509 ιρύων.
1932 4445 1986 4491 et
2015 4438 2269 4508 lacrymis
2306 4439 2369 4494 “.

329 4532 419 4586 28.
451 4531 717 4602 Δίσχύνην
742 4530 1028 4594 κατέλιπες
1055 4532 1200 4602 ἡμᾶς
1230 4533 1340 4595 τοῖς
1373 4533 1431 4584 ὲν
1457 4531 1533 4602 τῷ
1560 4531 1768 4586 κόσαω.

2000 4527 2091 4582 28.
2115 4529 2194 4583 Ad
2214 4530 2567 4600 ignominiam
2599 4530 2867 4601 reliquisti
2892 4547 2992 4586 nos
3020 4531 3089 4586 iis
3107 4531 3201 4601 qui
3225 4548 3278 4586 tn
3304 4533 3506 4588 mundo

1931 4629 2076 4676 sunt.

332 4712 424 4767 29.
456 4709 843 4778 Καταγέλωτα,
873 4709 1040 4778 λέγει,
1064 4712 1172 4774 τοῖς
1196 4709 1464 4780 δαίμοσιν.

1441 4728 1464 4764 ’.
2005 4712 2094 4769 29.
2124 4711 2466 4779 Ludibrium,
2498 4713 2695 4785 inquit,
2728 4715 3085 4770 daemonibus.

329 4799 616 4857 50.Λαλῶν
625 4799 733 4870 γὰρ
747 4801 803 4853 ὲν
815 4799 1164 4868 Εὑαγγελίοις
1177 4802 1232 4853 ὲν
1246 4803 1358 4862 τοῖς
1371 4799 1697 4865 ἔθνεσι,τοὺς
1713 4801 1835 4853 Ἰου-

2006 4806 2096 4861 50.
2129 4804 2382 4878 Loquens
2428 4809 2572 4862 enim
2610 4808 2663 4861 in
2701 4806 3005 4878 Evangeliis
3037 4811 3090 4862 in
3143 4809 3421 4878 gentibus,
3453 4809 3504 4862 in

257 4891 440 4955 δαίους
459 4890 533 4961 (ι)
549 4889 861 4962 παραϐολὴν
877 4891 1081 4961 ἤγαγεν
1092 4892 1151 4944 οὺ
1158 4911 1190 4961 χ
1206 4890 1370 4957 ἅπαξ,
1395 4891 1529 4944 ἀλλὰ
1554 4891 1828 4956 πολλάκις.

1936 4901 2251 4972 parabolam
2275 4899 2494 4956 Judaos
2530 4900 2755 4956 adduxit
2797 4917 2905 4955 non
2934 4900 3123 4966 semel,
3155 4901 3249 4956 sed
3284 4900 3503 4969 saepius.

331 4983 421 5038 51.
457 4982 564 5035 Kal
591 4981 688 5052 τὴν
707 4981 879 5053 ἀρχὴν
911 4983 1008 5052 τῆς
1033 4982 1277 5048 ἐξουσίας
1303 5021 1317 5046 ,
1351 4983 1416 5053 ἢν
1449 4979 1592 5053 εἶχον
1624 4984 1672 5036 οἱ
1700 4984 1832 5037 Ἰου-

2008 4994 2096 5048 51.
2126 4993 2190 5047 Ει
2237 4993 2598 5063 principatum
2650 4993 2966 5062 potestatis,
3013 5007 3177 5063 quam
3230 4991 3499 5048 habebant

259 5076 420 5139 δαῖοι,
449 5075 757 5145 μετήγαγεν
779 5077 856 5138 είς
881 5075 947 5129 τὰ
981 5073 1126 5147 ἔθνη.

1114 5115 1126 5127 -
1937 5085 2128 5153 Judaei,
2162 5087 2437 5141 transtulit
2471 5085 2526 5140 in
2549 5095 2753 5156 gentes.

333 5167 420 5221 52.
463 5165 778 5230 ’Δπαύστως
816 5167 848 5237 ὴ
881 5167 1126 5239 ἁμαρτία
1157 5185 1258 5239 μου
1289 5170 1405 5238 μετ’
1431 5169 1562 5240 ἐμοῦ
1594 5172 1760 5225 ἐστιν.

1753 5212 1760 5225 ι
2009 5179 2099 5232 52.
2136 5177 2516 5234 ιοᾱθεὶηεηιειί
2535 5186 2816 5248 peccatum
2845 5192 3027 5232 meum
3057 5191 3269 5233 mecum
3295 5187 3397 5233 est.

333 5257 421 5310 55.
445 5256 554 5308 Kal
571 5256 603 5327 ἡ
621 5255 758 5326 αὑτὴ
775 5255 1018 5327 ἁμαρτία
1037 5257 1134 5328 τῆς
1159 5257 1336 5329 ψυχῆς
1354 5275 1454 5330 μου
1485 5260 1716 5325 σκοτίζει
1741 5281 1830 5333 με.

2009 5272 2095 5326 55.
2118 5269 2184 5327 Ει
2209 5272 2383 5341 ipsum
2407 5279 2689 5340 peceatum
2711 5269 2902 5324 animze
2919 5283 3052 5325 mea:
3068 5268 3380 5324 obtcnebrat
3398 5283 3499 5325 me.

335 5349 424 5404 54.
463 5349 596 5401 Ἀπὸ
623 5348 722 5418 τῆς
753 5349 1097 5414 διδασκαλίας
1128 5351 1221 5403 τοῦ
1250 5351 1516 5407 διαϐόλου.

1049 5367 1097 5414 ις
1128 5351 1221 5403 τοῦ
1250 5351 1516 5407 διαϐόλου.
2009 5365 2097 5421 54.
2125 5364 2169 5417 Α
2197 5364 2446 5420 doctrina
2475 5362 2693 5420 diaboli.

336 5447 381 5477 εδ
411 5443 574 5499 Hebr.
609 5461 662 5511 v,
693 5444 745 5497 7.

364 5709 411 5779 I)
442 5707 618 5779 Αύτὰς
643 5708 908 5770 ἐναντίας,
940 5714 1043 5763 etc.
2016 5707 2090 5779 (5)
2128 5706 2321 5770 Ἐάσας
2355 5745 2370 5760 .
2401 5745 2414 5779 ε
2547 5704 2646 5774 τῆς
2683 5703 2925 5775 ἀνομίας.

364 5709 382 5761 1
442 5709 618 5769 Ali-ra;
643 5709 908 5770 ἐναντίας,
940 5714 1043 5763 etc.
2016 5709 2090 5779 (5)
2128 5709 2321 5770 Ἐάσας
2355 5745 2370 5760 .
2401 5745 2414 5757 .
2451 5745 2466 5758 .
2500 5743 2515 5758 .
2547 5709 2582 5757 'r'

336 5709 416 5848 (ἱ)
455 5778 694 5840 Ἕδωκας
730 5780 891 5849 ἡμᾶς.
2014 5777 2089 5849 (Δ)
2122 5779 2243 5843 Τοῖς
2292 5776 2582 5838 Ἰουδαίοις.

1215 5563 1520 5628 Addenda
1563 5574 1622 5629 et
1653 5567 2033 5648 corrigenda
2064 5582 2146 5628 ex
2185 5565 2325 5628 cod.
2359 5565 2560 5626 Vatic.
