4174 6494
673 442 780 498 827
1514 449 1571 499 ὃ.
1615 447 1988 500 A'I'IIANASII
2031 447 2183 502 OPP.
2227 447 2321 502 PA.

2276 447 2406 502 ARS
2442 447 2528 501 Ill.
2565 477 2634 490 -η
2672 445 3081 500 EXECETICA.
3813 449 3924 504 828

748 560 833 611 16.
870 554 1026 626 Virga
1054 555 1366 610 directionis
1395 555 1545 626 virga
1572 557 1722 626 regni
1749 557 1848 612 tui.
2268 565 2314 621 Α

2268 565 2314 621 Α
2412 559 2495 612 16.
2548 558 2770 621 Ῥἀσδος
2794 558 3088 630 εὐθύτητος
3109 561 3141 631 ἡ
3161 560 3353 631 ῥάϐδος
3377 560 3475 630 τῆς
3505 561 3781 630 βασιλείας
3801 583 3915 621 σου.

746 650 832 702 17.
864 647 1106 702 Dilexisti
1134 647 1401 717 justitiam
1425 655 1480 700 et
1509 647 1674 702 odisti
1703 647 2040 717 iniquitatem
2069 663 2083 702 :

2421 650 2506 704 17.
2553 651 2876 722 Ἠγάπησας
2924 650 3296 723 δικαιοσύνην,
3344 653 3437 705 καὶ
3486 653 3754 726 ἐμίσησας
3798 658 3921 710 ἀνο-

2398 741 2481 792 ίαν
2505 756 2520 771 ⁶

743 827 828 882 18.
860 827 1149 897 Propterea
1175 828 1332 881 unxit
1365 836 1415 882 te
1442 827 1609 889 Deus.
1641 826 1784 884 Deus
1808 841 1955 895 tuus,
2353 758 2391 810 μ

2398 758 2481 792 ιαν
2505 758 2520 771 ·

2353 758 2391 810 μ
2418 833 2503 888 18.
2535 833 2636 886 Διὰ
2663 833 2819 886 τοῦτο
2850 833 3034 904 ἐχρισέ
3061 851 3120 887 σε
3145 837 3172 888 ὁ
3197 834 3348 899 Θεὸς,
3371 836 3400 888 ὁ
3428 835 3560 899 Θεός
3595 853 3710 905 σου,

745 923 831 976 19.
856 919 988 976 Oleo
1019 922 1217 975 laetitiae
1241 936 1350 991 pra:
1373 921 1726 976 consortibus
1756 923 1885 977 tuis.

2426 925 2513 978 19.
2552 924 2770 978 Ἐλαιον
2798 924 3167 990 ἀγαλλιάσεως
3198 926 3345 995 παρά
3362 925 3489 988 τούς
3519 927 3778 997 μετόχους
3800 945 3914 985 σου.

743 1013 832 1068 20.
868 1013 1108 1084 Myrrha,
1137 1021 1192 1067 et
1216 1022 1389 1083 gutta,
1426 1023 1480 1068 et
1505 1014 1654 1070 casia
1684 1031 1712 1068 a
1741 1013 2081 1070 vestimentis
2108 1014 2237 1079 tuis.

2415 1018 2508 1072 20.
2541 1017 2787 1089 Σμύρνα,
2823 1018 2917 1071 καὶ
2956 1016 3181 1087 στακτὴ,
3213 1018 3305 1070 καὶ
3331 1019 3492 1071 κασία
3521 1019 3628 1074 ἀπὸ
3657 1020 3766 1076 τῶν
3796 1023 3919 1092 ἱμα-

2345 1125 2475 1161 τιων
2510 1126 2623 1171 σου,

730 1196 821 1251 21.
854 1195 898 1248 Α
935 1194 1188 1250 domibus
1237 1196 1516 1262 eburneis,
1568 1212 1632 1252 ex
1687 1197 1887 1267 quibus
1934 1197 2239 1252 delectave-

2418 1201 2509 1255 21.
2554 1201 2694 1254 Ἀπὸ
2724 1199 2933 1271 βάρεων
2956 1199 3336 1270 ἐλεφαντίνων,
3367 1200 3426 1268 ἐξ
3446 1220 3520 1256 ων
3541 1203 3817 1274 εὐφρανάν
3858 1219 3918 1257 σε

698 1295 793 1338 unt
821 1294 840 1338 t

669 1295 793 1340 runt
821 1295 874 1340 te

735 1377 824 1429 22.
860 1375 1008 1430 Filiae
1035 1389 1221 1444 regum
1255 1375 1309 1427 in
1337 1373 1545 1427 honore
1572 1382 1665 1428 tuo
1694 1392 1707 1428 :

2421 1374 2514 1428 22.
2541 1381 2849 1445 Θυγατερες
2881 1373 3142 1443 βασιλέων
3163 1376 3220 1427 ἐν
3245 1375 3310 1444 τῇ
3335 1376 3465 1443 τιμῇ
3504 1389 3596 1425 σου
3614 1390 3629 1405 ο

732 1468 822 1523 23.
853 1468 1037 1523 Astitit
1072 1466 1253 1536 regina
1283 1482 1312 1520 a
1345 1466 1553 1520 dextris
1578 1465 1710 1532 tuis,

2415 1467 2506 1522 25.
2545 1467 2797 1539 Παρέστη
2833 1469 2865 1537 ὴ
2897 1467 3178 1536 βασίλισσα
3214 1468 3277 1518 ἐκ
3299 1465 3484 1532 δεξιῶν
3521 1483 3636 1531 σου,

730 1559 823 1616 24.
853 1557 908 1612 ln
941 1559 1137 1613 vestitu
1171 1557 1436 1612 deaurato
1462 1557 1800 1612 circumdata
1831 1558 2114 1612 varietate.

2416 1557 2506 1612 24.
2559 1558 2644 1610 ’Ev
2694 1557 2972 1630 ἱματισμῷ
3005 1557 3279 1629 διαχρύσῳ
3326 1557 3785 1630 περιὸεὕλημένη,
3824 1577 3917 1613 πε-

2345 1647 2687 1701 ποικιλμένη.

728 1734 820 1789 25.
847 1732 1009 1798 Audi,
1047 1733 1178 1799 ﬁlia,
1208 1741 1263 1787 et
1305 1733 1448 1798 vide,
1481 1740 1537 1787 et
1575 1731 1773 1786 inclina
1809 1748 1994 1787 aurem
2039 1743 2185 1788 tuam
2221 1753 2234 1788 :
2345 1665 2376 1699 π

2345 1665 2687 1718 ποικιλμενη.

2413 1739 2505 1794 25.
2543 1741 2711 1792 Ἀκου
2723 1755 2835 1804 σον,
2870 1738 3129 1809 θύγατερ,
3155 1741 3250 1793 καὶ
3275 1739 3375 1803 ίδε,
3409 1739 3503 1792 καὶ
3527 1739 3705 1793 κλῖνον
3731 1739 3795 1794 τὸ
3821 1736 3920 1805 οὖς

2344 1848 2462 1886 σου.

729 1911 820 1964 26.
855 1909 922 1965 Et
949 1911 1270 1967 obliviscere
1299 1911 1558 1982 populum
1598 1919 1751 1965 tuum
1787 1919 1842 1966 et
1866 1911 2086 1966 domum
2140 1927 2237 1982 pa-
2267 1930 2308 1983 Β

2267 1930 2308 1983 Β
2406 1922 2496 1976 26.
2531 1922 2640 1976 Kal
2673 1921 2932 1976 ἐπιλάθου
2964 1921 3058 1976 τοῦ
3083 1922 3214 1975 λαου
3245 1939 3339 1976 σου
3371 1923 3467 1976 καὶ
3495 1923 3591 1976 τοῦ
3616 1924 3766 1978 οἴκου
3813 1919 3915 1978 τοῦ

666 2003 763 2058 tris
791 2003 889 2057 tui.

2344 2014 2549 2085 πατρός
2583 2031 2698 2069 σου.

728 2098 819 2152 27.
856 2097 920 2152 Et
949 2097 1297 2168 concupiscet
1326 2112 1420 2150 rex
1452 2097 1704 2151 decorem
1740 2107 1891 2148 tuum
1925 2115 1940 2149 :

2411 2107 2501 2160 27.
2537 2107 2647 2159 Kal
2674 2104 3005 2176 ἐπιθυμήσει
3029 2107 3058 2156 ὁ
3091 2105 3343 2176 βασιλεὺς
3364 2106 3459 2160 τοῦ
3482 2106 3715 2169 κάλλους
3747 2123 3843 2160 σου
3866 2123 3878 2136 ·

728 2196 819 2249 28.
852 2195 1119 2260 Quoniam
1143 2196 1258 2264 ipse
1288 2202 1371 2247 est
1399 2193 1662 2246 Dominus
1700 2200 1849 2253 tuus.
1882 2200 1935 2245 et
1980 2190 2235 2246 adorabis

2415 2197 2505 2251 28.
2539 2199 2662 2250 Ὅτι
2688 2198 2850 2261 αὐτός
2879 2199 2996 2250 ἐστι
3038 2198 3244 2268 Κύριός
3297 2215 3427 2263 σου,
3474 2200 3568 2252 καὶ
3611 2194 3923 2270 προσκυνή-

665 2304 810 2345 eum.

2346 2303 2459 2348 σεις
2488 2286 2655 2356 αὐτῷ.

729 2382 798 2436 29
852 2379 916 2434 Et
951 2378 1055 2433 ﬁlia
1082 2377 1208 2448 Tyri
1255 2377 1308 2431 in
1339 2377 1677 2432 muneribus.

2415 2376 2503 2432 29.
2538 2376 2613 2447 (a)
2647 2377 2756 2431 Kal.
2782 2375 3026 2447 θυγάτηρ
3051 2377 3226 2449 Τύρου
3261 2381 3317 2431 ἐν
3344 2379 3557 2450 δώροις.

730 2501 807 2572 (α)
845 2498 904 2555 ν.
936 2499 1026 2564 29,
1076 2499 1188 2552 Καὶ
1221 2499 1690 2570 προσκυνήσουσιν
1726 2493 1875 2560 αὐτῷ
1903 2494 2200 2564 θυγατέρες
2240 2493 2414 2567 Τύρου
2449 2496 2506 2548 ἐν
2537 2494 2730 2567 δώροις
2763 2493 2831 2551 ν.
2862 2497 2950 2563 50,
2984 2494 3076 2563 Τό,
3103 2505 3210 2552 etc.

1779 2631 2158 2686 ATHANASII
2194 2630 2786 2689 INTERPRETATIO.

730 2750 818 2804 16.
847 2748 1095 2803 Potestas
1121 2757 1322 2803 aeterna
1346 2764 1572 2819 regnum
1603 2757 1779 2804 tuum.

2417 2747 2502 2801 16.
2550 2747 2799 2812 Ἐξουσία
2825 2748 3040 2811 αἰώνιος
3065 2750 3097 2818 ὴ
3133 2747 3378 2818 βασιλεία
3406 2765 3517 2800 σου.

731 2841 818 2894 17.
857 2839 1100 2894 Dilexisti
1143 2849 1362 2894 sanctos
1414 2848 1560 2904 tuos,
1609 2851 1662 2894 et
1706 2839 1869 2894 odisti
1927 2838 2237 2894 inventores

2405 2841 2492 2892 17.
2540 2841 2863 2910 Ἠγάπησας
2883 2842 3008 2904 τοὺς
3033 2841 3219 2908 ἁγίους
3250 2857 3362 2904 σου,
3382 2842 3476 2892 καὶ
3506 2840 3778 2912 ἐμίσησας
3793 2853 3923 2908 τους

664 2932 984 3003 ιιιίίιυίιαιὶίς,
1022 2931 1300 2986 diabolum
1337 2946 1549 3002 nempe,
1573 2941 1626 2986 et
1650 2933 1870 3002 angelos
1900 2932 2039 3000 ejus.

2342 2933 2569 3005 εὐρετάς
2596 2934 2694 3004 τῆς
2719 2932 2967 3002 ἀνομίας,
3001 2932 3141 3002 φημὶ
3176 2931 3240 3002 δὴ
3272 2931 3360 2984 τὸν
3394 2931 3638 2985 διάσολον
3674 2934 3923 3000 καὶτοὺς

2344 3025 2608 3088 ἀγγέλους
2635 3024 2823 3080 αὐτοῦ.

730 3104 820 3171 18,
854 3105 940 3160 19.
977 3104 1271 3174 Propterea
1295 3105 1632 3159 renuntiavit
1659 3113 1710 3159 te
1740 3103 1899 3159 Pater
1935 3121 2030 3174 per
2061 3105 2234 3176 Spiri-
2265 3075 2310 3134 δ
2344 3043 2377 3078 α

2270 3075 2310 3134 c
2344 3043 2608 3093 αγγεΑους
2635 3043 2823 3080 αυτου.

2412 3115 2611 3180 18,19.
2661 3116 2759 3169 Διά
2811 3116 2971 3170 τοῦτο
3013 3116 3250 3185 ἀνέδειξε
3300 3134 3360 3170 σε
3405 3119 3433 3169 ὁ
3480 3117 3669 3188 Πατὴρ
3703 3115 3792 3169 διὰ
3823 3115 3918 3168 τοῦ

663 3207 772 3250 tuin
796 3204 1046 3252 sanctum
1075 3211 1256 3267 regem
1279 3197 1393 3266 jam
1429 3199 1785 3252 exsistentem
1821 3215 1834 3252 :
1867 3199 2224 3268 quandoqui-

2336 3210 2655 3280 Πνεύματος
2695 3210 2852 3278 ἁγίου
2891 3210 3116 3279 βασιλέα
3143 3211 3273 3263 ὅντα
3296 3228 3309 3241 α
3345 3210 3640 3282 ἐπειδήπερ
3677 3211 3921 3281 ὐπῆρχες

664 3295 780 3344 item
810 3305 1023 3359 semper
1045 3289 1300 3344 exstitisti
1332 3305 1428 3344 rex
1459 3305 1623 3359 supra
1654 3306 1772 3354 eos,
1805 3291 1899 3360 qui
1939 3293 2233 3362 participes

2336 3299 2422 3352 ἀεὶ
2446 3299 2698 3367 βασιλεὺς
2729 3299 2870 3368 ὑπὲρ
2899 3300 3025 3361 τούς
3056 3301 3381 3368 γενομένους
3401 3300 3660 3370 μετόχους
3689 3301 3790 3370 τῆς
3819 3299 3918 3368 χὰ-

663 3382 882 3436 1uerunt
935 3382 1123 3451 gratia}
1179 3390 1327 3448 tuae;
1383 3381 1821 3449 Melchisedech,
1882 3384 2128 3453 inquam,
2182 3391 2236 3436 et

2341 3391 2486 3461 ριτὸς
2516 3408 2608 3443 σου
2631 3408 2643 3421 ·
2681 3391 2826 3459 λέγω
2855 3390 2919 3460 δὴ
2947 3389 3301 3460 Μελχισεδὲχ,
3321 3391 3415 3442 καὶ
3437 3390 3620 3454 Δαίῖιδ,
3651 3393 3742 3444 καὶ
3774 3389 3923 3456 Ἐζε-

664 3471 852 3531 David.
885 3483 938 3526 et
961 3470 1214 3535 Ezechia,
1238 3481 1291 3525 et
1315 3469 1485 3535 Josia,
1515 3480 1570 3525 et
1602 3481 1871 3541 quotquot
1900 3473 1986 3527 his
2028 3473 2237 3529 similes

1815 3481 1871 3526 ot
1900 3473 1986 3527 his
2028 3473 2237 3529 similes
2338 3482 2450 3551 χία,
2477 3483 2572 3536 καὶ
2612 3483 2815 3546 Ἱωσία,
2847 3481 2940 3534 καὶ
2962 3481 3075 3534 ὅσοι
3102 3481 3223 3534 κατ’
3245 3480 3457 3545 αὐτούς.

663 3564 906 3617 fuerunt.

731 3653 820 3708 20.
853 3651 1075 3722 Myrrha
1102 3652 1486 3722 interpretatur
1513 3652 1740 3707 melodia
1776 3655 2030 3723 ipsorum.
2071 3655 2239 3710 Melo-

2407 3656 2496 3712 20.
2534 3658 2777 3726 Σμύρνιι
2831 3656 3189 3729 ἑρμηνεύεται
3235 3657 3500 3726 μελῳδία
3539 3655 3758 3711 αὐτῶν.
3796 3656 3907 3728 Τὴν

663 3747 808 3799 diam
830 3746 993 3814 igitur
1016 3759 1229 3810 eorum,
1265 3756 1318 3799 et
1347 3746 1592 3815 gentium
1636 3744 1992 3817 fragrantiam
2037 3749 2239 3820 signiﬁ-

2338 3743 2430 3802 οὖν
2464 3749 2730 3820 μελῳδίαν
2759 3748 2938 3802 αὐτῶν
2973 3748 3069 3818 (1),
3099 3750 3192 3801 καὶ
3232 3749 3327 3819 τὴν
3351 3749 3576 3803 εὐωδίαν
3610 3750 3719 3803 τῶν
3752 3749 3919 3803 ἐθνῶν

661 3849 766 3900 cat,
792 3853 953 3907 quam
983 3853 1013 3891 a
1043 3837 1295 3890 doctrina
1330 3837 1565 3906 collegit.

2337 3840 2508 3908 λέγει,
2542 3841 2608 3909 ἢν
2637 3839 3038 3909 ἐπισυνήγαγεν
3069 3838 3177 3891 ἀπὸ
3201 3840 3301 3910 τῆς
3329 3839 3682 3904 διδασκαλίας
3712 3841 3813 3912 (2).

731 3929 820 3981 21.
853 3927 934 3980 Ab
971 3925 1202 3980 urbibus
1228 3926 1403 3980 ﬁrmis
1438 3936 1493 3980 et
1517 3925 1753 3991 decoris,
1799 3926 1903 3980 hoc
1930 3935 2014 3981 est
2046 3942 2077 3981 a
2106 3942 2237 3982 san-

2409 3931 2499 3985 21.
2545 3931 2679 3983 Ἀπὸ
2718 3929 2827 3984 τῶν
2867 3929 3076 3983 πόλεων
3118 3930 3227 3984 τῶν
3263 3932 3518 4003 ἰσχυρῶν,
3570 3931 3681 3987 τῶν
3723 3934 3922 4008 εὐπρε-

668 4019 796 4080 ctis,
821 4017 966 4071 unde
989 4015 1295 4072 laztiﬁcatus
1320 4031 1396 4071 es.

2341 4024 2480 4086 πῶν,
2510 4021 2759 4074 τουτέστι
2791 4023 2900 4074 τῶν
2930 4022 3120 4090 ἁγίων,
3148 4021 3207 4086 ἐξ
3225 4015 3299 4076 ὧν
3328 4023 3663 4095 εὐφράνθης.

734 4110 826 4192 22.
860 4109 1068 4163 Anima
1101 4117 1416 4163 sanctorum
1440 4107 1821 4178 gloriﬁcabunt
1849 4115 1920 4163 te.

1917 4150 1920 4161 .
2409 4116 2501 4173 22.
2535 4117 2602 4168 Ai
2629 4115 2799 4185 ψυχαὶ
2828 4113 2938 4168 τῶν
2974 4114 3145 4182 ἁγίων
3175 4113 3458 4180 δοξὰσουσί
3485 4132 3565 4170 σε.

731 4205 823 4258 23.
857 4201 1124 4258 Ecclesia.

2412 4209 2501 4262 25.
2545 4209 2608 4260 Ἠ
2649 4208 2962 4280 Ἐκκλησία.

735 4294 826 4348 24.
860 4291 920 4346 in
955 4291 1252 4347 multifaria
1284 4291 1552 4363 sapientia
1585 4301 1802 4347 ornata.

2412 4301 2502 4354 24.
2546 4301 2634 4352 Ἐν
2665 4304 2729 4372 τῇ
2768 4301 2929 4372 σοφίᾳ
2951 4304 3016 4372 τῇ
3053 4301 3424 4370 πολυποικίλῳ
3455 4303 3863 4372 κεκοσμημένη.

732 4384 824 4437 25.
850 4382 1017 4448 Audi,
1061 4383 1194 4436 dicit
1227 4382 1480 4437 Ecclesia
1514 4398 1580 4436 ex
1615 4383 1868 4452 gentibus
1899 4383 2240 4453 prmdicatio—
2268 4412 2319 4467 D

2268 4412 2319 4467 ι)
2417 4393 2507 4447 25.
2544 4394 2810 4444 ’Ἄκουσον
2836 4433 2850 4456 ,
2886 4392 3032 4460 λέγει
3069 4395 3135 4463 τῇ
3182 4391 3476 4463 Ἐκκλησία
3515 4396 3582 4464 τῇ
3627 4393 3686 4458 ἐξ
3717 4394 3916 4460 ἐθνῶν,

663 4481 788 4531 nem
838 4475 1080 4542 Domini,
1133 4484 1188 4530 et
1241 4477 1460 4532 attende
1505 4477 1678 4532 oculis
1721 4477 1906 4533 cordis
1956 4480 2243 4548 praeceptis

2351 4483 2446 4536 τοῦ
2474 4482 2830 4554 κηρύγματος
2850 4482 2944 4536 τοῦ
2968 4484 3195 4556 Κυρίου,
3223 4483 3318 4536 καὶ
3334 4483 3569 4554 πρόσχες
3584 4487 3699 4547 τοῖς
3722 4484 3917 4552 ὀφθαλ-

665 4568 905 4634 Domini,
929 4576 986 4624 et
1014 4569 1261 4624 ausculta
1287 4585 1433 4624 eum.

2356 4575 2475 4644 μοῖς
2501 4573 2600 4643 τῆς
2621 4572 2849 4644 καρδίας
2873 4576 2994 4635 ταῖς
3018 4572 3260 4637 ἐντολαῖς
3310 4572 3404 4625 τοῦ
3439 4572 3668 4642 Κυρίου,
3709 4575 3804 4626 καὶ
3833 4575 3916 4626 ὑπο

2352 4668 2580 4721 ἀκουσον
2611 4665 2798 4720 αὐτοῦ.

732 4748 826 4804 26.
856 4746 923 4803 Et
949 4748 1270 4804 obliviscere
1289 4749 1631 4821 gentilitatis,
1657 4758 1708 4803 et
1727 4749 2063 4808 idololatria.

2419 4759 2510 4815 26.
2548 4761 2658 4813 Kal
2679 4758 2938 4812 ἐπιλάθου
2972 4758 3065 4812 τοῦ
3116 4755 3468 4827 Ἑλληνισμοῦ
3505 4758 3599 4810 καὶ
3640 4759 3742 4830 τῆς
3772 4761 3917 4813 εἰδωο

2346 4849 2680 4919 λολατρείας.

735 4925 826 4982 27.
857 4925 1121 4981 Dominus
1147 4927 1306 4982 ﬁdem
1333 4938 1503 4982 tuam.

2423 4941 2514 4995 27.
2562 4944 2619 4995 Ὀ
2647 4942 2852 5014 Κύριος
2884 4945 2982 5015 τῆς
3020 4943 3255 5006 πίστεώς
3289 4960 3401 4997 σου.

735 5018 825 5073 28.
853 5018 1124 5084 Quoniam
1153 5019 1268 5090 ipse
1307 5029 1390 5075 est
1416 5019 1678 5075 Dominus
1714 5029 1862 5089 tuus,
1910 5028 1959 5075 et
2003 5022 2105 5092 ipsi
2149 5021 2245 5075 ﬁe-

2421 5033 2510 5086 28.
2550 5035 2671 5086 Ὅτι
2701 5035 2866 5097 αὐτός
2905 5037 3021 5088 ἐστι
3047 5034 3322 5106 Δεσπότης
3355 5051 3469 5096 σου,
3505 5035 3600 5087 καὶ
3623 5031 3775 5103 αὐτῷ
3817 5032 3913 5085 κλί-

668 5111 832 5166 ctitur
860 5125 1022 5167 omne
1045 5127 1183 5180 genu
1214 5113 1267 5166 in
1297 5112 1435 5167 caelo
1457 5122 1511 5167 et
1536 5113 1590 5167 in
1619 5123 1761 5168 terra
1793 5115 1858 5170 ⁸⁵.

2351 5141 2432 5177 νει
2459 5125 2534 5195 (3)
2571 5124 2717 5196 [πᾶν
2791 5126 2921 5194 γόνυ
2952 5128 3009 5179 ἐν
3037 5126 3251 5199 οὐρανῷ
3280 5127 3373 5180 καὶ
3399 5126 3491 5179 ἐπὶ
3517 5125 3644 5196 γῆς.

738 5202 828 5257 29.
860 5201 925 5256 Et
979 5201 1090 5256 ﬁlia
1140 5202 1505 5268 confusionis,
1558 5219 1751 5273 nempe
1783 5203 2122 5270 idololatriae,
2157 5202 2248 5257 ad-

2426 5215 2516 5270 29.
2547 5219 2662 5270 Kal
2688 5217 2784 5288 τῆς
2816 5219 3132 5289 συγχύσεως
3159 5218 3423 5290 θυγάτηρ,
3459 5217 3602 5287 λέγω
3635 5217 3699 5288 δὴ
3721 5217 3821 5287 τῆς
3849 5217 3913 5267 εί⁸

668 5293 832 5349 ducta
904 5301 989 5347 est
1051 5293 1120 5348 ad
1185 5292 1368 5349 ﬁdem.
1431 5294 1601 5365 Tyrus
1651 5296 1797 5351 enim
1861 5296 2247 5366 interpretatur

2353 5308 2771 5380 δωλολατρείας,
2827 5313 3170 5385 προσηνέχθη
3227 5315 3284 5367 ἐν
3339 5311 3544 5366 πίστει.
3605 5312 3784 5380 Τύρος
3818 5307 3913 5380 γὰρ

669 5386 936 5454 confusio.

2352 5402 2660 5470 σύγχυσις
2695 5403 3071 5475 ἑρμηνεύεται.

741 5498 786 5530 ⁸⁸
819 5497 924 5555 lsa.
958 5517 1079 5568 xcv,
1111 5503 1218 5570 21;
1254 5501 1415 5558 Rom.
1445 5505 1640 5573 x1v,11
1668 5523 1681 5571 ;
1714 5505 1910 5576 Philip.
1947 5523 2008 5573 ιι,
2043 5507 2126 5559 10.

1653 5620 1964 5683 Addenda
1996 5630 2056 5683 et
2087 5618 2464 5700 corrigenda
2498 5637 2575 5681 ex
2610 5621 2749 5682 cod.
2777 5621 2954 5683 Vatié

752 5734 827 5813 (3)
855 5736 1062 5813 Mter
1089 5738 1261 5813 deest.

1127 5748 1261 5813 eest.
2441 5743 2516 5813 (5)
2543 5742 2775 5808 Κλινεῖς.

745 5805 822 5878 (2)
863 5807 1218 5875 Διδασκαλίας
1253 5828 1366 5866 σου.
