4174 6492
717 447 824 502 8'51
1565 443 1623 497 S.
1685 437 2057 493 ATHANASII
2098 435 2247 489 OI’P.
2293 431 2469 487 PARS
2506 429 2590 484 ιιι.
2631 461 2698 470 -
2736 427 3144 484 EXEGETICA.
3848 417 3948 474 832

786 569 840 622 3.
874 564 1162 634 Propterea
1209 576 1316 616 non
1373 558 1724 624 timebimus,
1787 558 1915 611 dum
1977 553 2281 608 turbabitur
2312 558 2356 611 Α

2312 558 2356 611 Α
2454 549 2505 601 5.
2537 549 2634 600 Διὰ
2663 546 2820 600 τοῦτο
2847 548 2907 598 οὐ
2937 542 3357 615 φοὸηθησόμεθα
3386 542 3442 594 ἐν
3477 539 3552 610 τῷ
3584 539 3946 612 ταράσσεσθαι

718 670 882 713 terra.

2384 657 2480 710 την
2509 656 2609 707 γην
2636 680 2650 702 ,

779 752 840 804 4.
871 748 934 803 Ει
966 746 1362 802 transferentur
1390 754 1601 800 montes
1628 745 1680 798 in
1714 759 1807 799 cor
1838 743 2025 797 maris.

2455 731 2507 782 4.
2540 730 2648 782 Καὶ
2681 725 3058 798 μετατίθεσθαι
3086 725 3184 796 ὅρη
3213 726 3269 776 ὲν
3311 723 3555 794 καρδίαις
3583 721 3885 775 θαλασσῶν.

785 842 838 894 5.
875 840 1186 894 Sonuerunt
1212 845 1265 891 et
1299 836 1522 889 turbata:
1545 845 1671 889 sunt
1695 848 1848 901 aquae
1880 844 2104 885 eorum:

2455 825 2510 877 5.
2544 824 2793 891 Ἤχησαν
2833 821 2924 872 καὶ⁸
2949 818 3320 890 ἐταράχθησαν
3342 817 3408 869 τά
3445 817 3610 887 ὕδατα
3641 817 3820 868 αὐτῶν
3845 830 3857 843 ·

786 933 838 983 ti.
870 929 1191 984 Couturbati
1218 935 1344 980 sunt
1367 932 1578 978 montes
1613 924 1664 977 iu
1691 921 2008 976 fortitudine
2033 920 2173 987 ejus.

2452 915 2505 969 6.
2555 911 2964 984 Ἐταράχθησαν
2992 911 3062 964 τὰ
3079 911 3178 980 ὄρη
3215 910 3272 961 ἐν
3295 912 3359 980 τῇ
3391 908 3740 979 κραταιότητι
3765 907 3944 966 αὐτοῦ.

791 1023 843 1080 7.
873 1021 1138 1076 Fluminis
1172 1021 1406 1090 impetus
1436 1017 1673 1072 laetiﬁcat
1701 1015 1973 1070 civitatem
2007 1012 2125 1066 Dei.

2459 1005 2508 1058 7.
2545 1002 2651 1055 Τοῦ
2685 1002 2928 1072 ποταμοῦ
2957 1001 3025 1054 τὰ
3049 1001 3341 1071 ὁρμήματά
3364 1000 3707 1069 εὐφραίνουσι
3729 1000 3832 1069 τὴν
3855 997 3945 1051 τώ-

2382 1098 2463 1150 λιν
2492 1095 2582 1148 τοῦ
2615 1095 2770 1148 Θεοῦ.

1331 1192 1664 1257 Diapsalma.
2939 1189 2977 1240 Δ

2939 1186 3251 1256 Διάψαλμα
3286 1185 3379 1254 (η).

787 1279 836 1334 8.
876 1278 1240 1334 Sanctiﬁcavit
1260 1277 1666 1332 tabernaculum
1699 1289 1856 1329 suum
1888 1272 2222 1325 Altissimus.

2060 1272 2222 1323 Ῑιιὶιιεο
2454 1281 2506 1334 8.
2553 1280 2778 1347 Ἡγίασε
2804 1279 2864 1331 τὸ
2896 1280 3156 1350 σκήνωμα
3185 1279 3345 1331 αὐτοῦ
3373 1279 3401 1329 6
3429 1276 3708 1346 ’Ύψιστος.

789 1375 842 1428 9.
877 1371 1020 1426 Deus
1045 1371 1099 1425 in
1126 1370 1302 1425 medio
1327 1371 1468 1439 ejus,
1501 1379 1554 1422 et
1582 1383 1689 1421 non
1725 1365 2187 1420 commovebitur:

2449 1373 2501 1425 9.
2536 1373 2609 1439 (ὁ)
2637 1373 2694 1424 '0
2711 1371 2841 1433 Θεὸς
2856 1373 2913 1423 ἐν
2940 1370 3088 1440 μέσῳ
3109 1370 3296 1439 αὐτῆς,
3327 1372 3419 1423 καὶ
3447 1371 3505 1422 οὐ
3537 1369 3941 1440 σαλευθήσεται·

790 1465 878 1520 10.
910 1463 1198 1534 Adjuvabit
1226 1478 1345 1517 eam
1378 1461 1519 1516 Deus
1554 1475 1710 1514 mane
1737 1447 2001 1514 diluculo.

2455 1463 2541 1517 10.
2578 1463 2842 1533 Βοήθήσει
2877 1463 3014 1532 αὐτῇ
3050 1463 3076 1513 6
3105 1463 3235 1524 Θεὸς
3260 1464 3320 1514 τὸ
3343 1462 3476 1533 πρὸς
3505 1461 3650 1532 πρωὶ
3678 1461 3844 1532 πρωί.

792 1556 877 1610 11.
909 1555 1258 1610 Conturbataa
1308 1562 1435 1610 sunt
1484 1563 1692 1624 gentes,
1747 1562 1800 1606 et
1848 1551 2102 1605 inclinata
2157 1556 2283 1602 sunt

2087 1566 2102 1603 ι
2157 1556 2283 1602 sunt
2453 1553 2542 1606 1|.
2587 1551 2995 1623 Ἐταράχθησαν
3027 1550 3175 1623 ἔθνη,
3198 1553 3410 1606 ἔκλιναν
3436 1553 3703 1622 βασιλεῖαι
3723 1566 3735 1580 ·

716 1665 879 1702 reuna
909 1667 922 1701 ζ

782 1691 876 1792 ῗὶ.
905 1736 1058 1793 Dedit
1083 1752 1267 1791 vocem
1294 1751 1447 1792 suam
1477 1735 1808 1798 Altissimus,
1838 1743 1984 1787 mota
2005 1741 2088 1787 est
2116 1741 2276 1785 terra.

2451 1740 2540 1794 12.
2563 1739 2769 1792 Ἔδωκε
2789 1736 2970 1807 φωνὴν
2998 1735 3160 1789 αὐτοῦ
3177 1733 3495 1804 ὁ”Υψιστος,
3519 1733 3781 1807 ἐσαλεύθη
3796 1736 3831 1806 ή

790 1832 874 1884 15.
906 1829 1167 1884 Dominus
1189 1829 1444 1883 virtutum
1474 1828 1786 1882 nobiscum:

2309 1905 2351 1918 _
2456 1849 2539 1902 15.
2571 1847 2775 1918 Κύριος
2799 1846 2906 1899 τῶν
2938 1846 3220 1915 δυνάμεων
3254 1845 3372 1915 μεθ’
3401 1845 3586 1916 ήμῶν·

789 1924 874 1975 11.
911 1921 1204 1992 Susceptor
1230 1929 1414 1974 uoster
1443 1919 1584 1973 Deus
1609 1917 1792 1971 Jacob.
2307 1905 2354 1963 B

2307 1905 2354 1963 Β
2453 1937 2540 1991 14.
2586 1905 2960 2007 Ἀντιλήπτωρ
2999 1905 3154 2006 ήμιῦν
3181 1905 3360 1998 ὁΘεὸς
3401 1905 3615 1990 ’ίακώᾶ

789 2013 876 2067 15.
915 2013 1101 2066 Venite
1127 2023 1179 2066 et
1203 2012 1376 2066 videte
1407 2026 1567 2080 opera
1603 2010 1715 2073 Dei,

2455 2030 2542 2084 15.
2574 2030 2761 2092 Δεῦτε,
2787 2029 2878 2081 καὶ
2903 2028 3038 2080 ἴδετε
3072 2028 3138 2080 τά
3174 2028 3306 2098 ἔργα
3326 2029 3417 2080 τοῦ
3447 2027 3602 2094 Θεοῦ,

790 2106 875 2158 16.
905 2104 1037 2170 Qua:
1060 2106 1241 2174 posuit
1267 2104 1510 2174 prodigia
1538 2118 1700 2171 super
1735 2111 1952 2154 terram.

1803 2115 1952 2152 'ram-
2455 2119 2540 2171 1G.
2576 2121 2642 2170 Ἀ
2673 2119 2824 2171 ἔθετο
2852 2119 3054 2189 τέρατα
3083 2119 3175 2170 ἐπὶ
3206 2119 3304 2189 τῆς
3330 2122 3451 2189 γῆς.

791 2196 876 2249 17.
910 2195 1176 2251 Auferens
1198 2195 1335 2250 bella
1361 2210 1534 2264 usque
1559 2194 1623 2248 ad
1657 2192 1789 2246 lines
1825 2201 2008 2245 terrae:

2456 2208 2542 2262 17.
2593 2209 2952 2280 Ἀνταναιρῶν
2983 2209 3249 2280 πολέμους
3282 2209 3440 2281 μέχρι
3464 2210 3570 2263 τῶν
3592 2209 3840 2282 περάτων
3857 2211 3949 2281 τῆς

2460 2337 2484 2362 ὀ

2421 2318 2442 2350 τ

794 2381 872 2432 18.
910 2378 1105 2433 Arcum
1138 2386 1377 2432 conteret
1406 2385 1459 2431 et
1487 2374 1794 2444 confringet
1827 2389 2000 2441 arma,
2385 2316 2418 2366 γ

2385 2316 2539 2442 Y111.8.
2573 2389 2735 2454 Τόξον
2769 2390 3069 2462 συντρίψει,
3111 2393 3203 2445 καὶ
3229 2393 3510 2447 συνθλάσει
3540 2395 3733 2465 ὅπλοις,

788 2472 874 2527 19.
908 2469 974 2524 Et
999 2478 1148 2524 scuta
1173 2470 1455 2523 comburet
1490 2468 1542 2519 in
1580 2467 1718 2528 igne.

2460 2480 2546 2535 19.
2583 2482 2692 2534 Καὶ
2727 2482 2951 2555 θυρεοὺς
2973 2483 3305 2540 κατακαύσει
3333 2489 3389 2540 ἐν
3411 2489 3561 2560 πυρί.

1078 2585 1237 2711 ὃῗξὲὲῑ
1267 2654 1319 2709 in
1353 2653 1498 2721 cod.,
1539 2653 1631 2708 sed
1659 2660 1834 2707 exstat
1884 2652 1939 2706 in
1979 2669 2151 2725 marg.
2183 2667 2386 2715 recent.
2427 2662 2761 2718 charactere.

1825 2816 2196 2873 ATHANASII
2248 2819 2835 2883 INTERI’RETATIO.

784 2946 836 3001 3.
864 2942 1153 3011 Propterea
1180 2953 1286 2992 non
1312 2936 1545 3006 amplius
1575 2935 1850 2999 timemus,
1872 2934 2281 3006 insurgentibus

2453 2940 2504 2994 3.
2536 2941 2635 2993 Διὰ
2664 2942 2819 2994 τοῦτο
2852 2943 2952 2995 οὐκ
3000 2941 3080 2996 ἔτι
3126 2942 3458 3014 φοϐούμεθα,
3515 2942 3951 3016 ἐπεγειρομένων

717 3038 770 3092 in
803 3052 902 3091 uos
933 3034 1163 3090 terrenis
1195 3030 1492 3099 spiritibus.

1480 3068 1492 3081 .
2383 3035 2514 3103 ἡμῖν
2543 3035 2744 3104 γηίνων
2780 3034 3127 3105 πνευμάτων.

783 3126 838 3179 4.
873 3122 1371 3193 Etjustilicationes
1416 3117 1512 3172 Dei
1550 3125 1710 3172 erunt
1755 3115 1808 3169 in
1855 3115 2112 3172 cordibus
2147 3134 2277 3188 gen-

2456 3126 2507 3178 4.
2545 3127 2652 3178 Καὶ
2683 3126 2748 3178 τὰ
2773 3125 3114 3198 δικαιώματα
3141 3127 3233 3180 τοῦ
3265 3126 3399 3180 Θεοῦ
3431 3121 3569 3181 εἶναι
3598 3129 3657 3180 ἐν
3683 3132 3805 3192 ταῖς
3823 3147 3951 3201 κιρ-

716 3219 873 3274 tium.
1460 3301 1468 3302 ί
1656 3299 1668 3302 _
1866 3298 1877 3302 _
2307 3247 2348 3302 ο

1460 3301 1468 3302 ί
1656 3299 1668 3302 _
1866 3298 1877 3302 _
2307 3247 2348 3302 ο
2385 3216 2521 3279 δίαις
2547 3217 2653 3268 τῶν
2682 3218 2868 3270 ἐθνῶν.

790 3307 840 3360 5.
873 3305 1095 3361 Territa:
1128 3311 1255 3358 sunt
1280 3311 1332 3357 et
1361 3301 1573 3355 ululant
1607 3298 1931 3354 adversaria:
1963 3307 2276 3369 potestates.
2317 3298 2346 3302 ⁷

2317 3298 2346 3302 ⁷
2451 3309 2502 3365 5.
2551 3309 2923 3380 Ἐφοϐήθησαν
2949 3310 3043 3362 καὶ
3073 3309 3428 3373 ἀλαλάζουσιν
3450 3312 3507 3365 αἱ
3530 3311 3770 3365 ἐναντίαι
3793 3311 3950 3365 δυνά-

2387 3416 2525 3470 μείς.

789 3487 844 3540 6.
873 3481 1088 3537 Domini
1119 3481 1315 3534 virtute
1345 3478 1622 3533 dissolutae
1652 3487 1782 3532 sunt
1812 3478 2011 3533 eaedem
2056 3488 2280 3535 contra-

2449 3491 2501 3545 6.
2529 3491 2856 3562 Διελύθησαν
2892 3492 2968 3564 (1)
2995 3494 3050 3547 αἱ
3072 3492 3232 3547 αὐταὶ
3253 3490 3492 3546 ἐναντίαι
3518 3490 3780 3562 δυνάμεις
3801 3495 3859 3546 ἐν
3884 3495 3947 3564 τῇ

719 3579 813 3631 riae
842 3583 1148 3644 potestates.

2385 3586 2529 3655 ἰσχύϊ
2560 3585 2653 3638 τοῦ
2677 3586 2905 3657 Κυρίου.

792 3667 842 3722 7.
875 3666 1022 3719 Dona
1045 3665 1188 3719 enim
1217 3664 1390 3719 sancti
1432 3663 1667 3734 Spiritus
1709 3663 2149 3719 illuminaverunt
2175 3663 2278 3721 Ec-

2451 3678 2502 3729 7.
2537 3679 2616 3731 Τὰ
2644 3679 2750 3748 γὰρ
2777 3679 3087 3750 χαρίσματα
3114 3677 3209 3731 τοῦ
3243 3677 3395 3747 ἁγίου
3442 3677 3759 3750 Πνεῦματος
3811 3677 3951 3748 ἐφώ-

719 3760 936 3814 clesiam
969 3757 1086 3812 Dei.

2381 3785 2536 3822 τισαν
2565 3769 2661 3841 τὴν
2707 3770 3030 3842 Ἐκκλησίαν
3049 3769 3142 3823 τοῦ
3175 3769 3332 3825 Θεοῦ.

788 3853 841 3906 8.
875 3847 1243 3903 Sanctilicavit
1273 3846 1498 3900 chorum
1529 3855 1842 3902 sanctorum
1870 3846 2154 3902 Dominus.

2450 3860 2502 3913 8.
2550 3861 2772 3930 Ἠγίασε
2802 3863 2892 3916 τὸν
2937 3864 3094 3933 χορὸν
3115 3863 3222 3915 τῶν
3265 3862 3470 3932 κυρίων
3497 3859 3744 3934 [ἁγίων]
3773 3865 3800 3916 6
3829 3865 3948 3918 Ku-

2421 3967 2498 4014 ιος
2516 3950 2614 4019 (ε).

791 4024 844 4078 9.
872 4020 1013 4076 Deus
1047 4021 1099 4074 in
1129 4018 1385 4075 cordibus
1417 4020 1619 4091 populi,
1649 4029 1703 4075 et
1734 4021 2040 4079 immobiles
2070 4038 2283 4093 perma-
2386 3967 2436 4020 ρι

2421 3967 2467 4002 ιο
2538 3967 2572 4004 'z
2602 3991 2614 4003 .

2386 3967 2416 4020 ρ
2630 4043 2762 4106 Θεὸς
2785 4045 2842 4096 ἐν
2870 4046 2988 4107 ταῖς
3017 4043 3264 4116 καρδίαις
3289 4040 3382 4094 τοῦ
3404 4041 3558 4106 λαοῦ,
3584 4042 3680 4095 καὶ
3707 4041 3954 4115 ἀκίνητοι

723 4126 850 4170 neut
882 4116 933 4169 in
964 4115 1087 4169 ﬁde.

2382 4132 2723 4201 διαμένουσιν
2749 4134 2857 4188 ἀπὸ
2878 4135 2975 4205 τῆς
3006 4115 3258 4196 πίστεως.

793 4207 882 4260 10.
913 4203 1204 4274 Adjuvabit
1234 4202 1377 4258 Deus
1406 4202 1705 4259 Ecclesiam
1736 4205 1791 4259 in
1829 4206 2116 4275 splendore
2147 4207 2285 4262 lucis

2455 4224 2540 4278 10.
2565 4224 2829 4296 Βοηθήσει
2860 4227 2889 4278 6
2914 4202 3046 4288 Θεὸς
3073 4228 3139 4295 τῇ
3185 4224 3484 4296 Ἐκκλησία
3503 4226 3561 4277 ἐν
3593 4224 3671 4296 τῷ
3694 4227 3844 4296 spurci.
3862 4225 3952 4279 τοῦ

723 4315 853 4352 διιιε.

1148 4383 1151 4384 ν
1345 4383 1354 4384 7
2385 4315 2562 4384 φωτὸς
2595 4316 2779 4369 αὑτοῦ.

792 4387 875 4440 11.
909 4383 1158 4454 Dissipati
1182 4393 1307 4439 sunt
1326 4383 1618 4450 daemones,
1642 4391 1696 4439 et
1717 4393 1980 4454 superata:
2000 4393 2126 4438 sunt
2149 4385 2288 4440 vires

2455 4406 2539 4458 11.
2577 4405 2908 4475 Διελύθησαν
2935 4406 2984 4458 oi
3013 4404 3286 4476 δαίμονες,
3318 4403 3411 4456 καὶ
3553 4405 3869 4477 ἡττήθησαν
3899 4407 3952 4458 at

723 4479 949 4533 inimici.

2383 4497 2473 4549 τοῦ
2507 4496 2697 4567 ἐχθροῦ
2721 4497 2993 4567 δυνάμεις.

793 4574 876 4626 1:2.
906 4572 1220 4626 Praedicavit
1247 4570 1389 4626 Deus
1407 4571 1626 4626 verbum
1659 4585 1840 4635 suum,
1865 4577 1920 4624 et
1941 4567 2279 4622 auscultave-
2312 4599 2355 4653 Β

2312 4599 2355 4653 D
2455 4587 2538 4641 12.
2588 4586 2879 4658 Ἑκήρυξεν
2925 4589 2954 4640 6
3001 4587 3132 4649 Θεὸς
3163 4586 3245 4657 (4)
3281 4586 3389 4654 ¹τὸν
3431 4589 3588 4658 λόγον
3628 4587 3832 4655 αὐτοῦ,
3864 4591 3953 4643 καὶ

721 4674 849 4718 runt
874 4674 1078 4734 gentes.

2387 4680 2700 4749 ὑπήκουσαν
2732 4676 2897 4731 αὑτοῦ
2937 4678 3006 4731 τά
3032 4677 3179 4749 ἔθνη.

796 4758 876 4810 15.
918 4757 1178 4811 Dominus
1203 4755 1381 4811 omnis
1412 4753 1814 4824 superemlestis
1843 4751 2049 4806 militia:
2098 4749 2283 4805 nobis-

2460 4773 2545 4825 15.
2588 4772 2646 4823 '0
2679 4773 2955 4842 Δεσπότης
2986 4771 3163 4842 πάσης
3197 4771 3519 4843 ἐπουρανίου
3549 4778 3808 4846 στρατιᾶς
3838 4775 3951 4846 μεθ’

722 4865 842 4901 cum
875 4855 980 4900 est.

1689 4932 1692 4933 ν
1911 4931 1922 4933 Α
2211 4932 2218 4933 7
2389 4861 2542 4933 ήμῶν
2575 4863 2709 4914 ἐστι.

801 4939 878 4992 1-1.
919 4939 1213 5008 Susceptor
1257 4947 1442 4992 noster
1495 4935 1635 4991 Deus
1676 4932 1867 4999 Jacob,
1895 4931 2172 4999 Christus,
2207 4932 2288 4986 iu-
2413 4931 2438 4933 ”

2413 4931 2438 4933 ῃ
2467 4952 2552 5005 14.
2595 4953 2966 5024 Ἀντιλήπτωρ
2993 4954 3149 5024 ήμῶν
3169 4956 3197 5007 6
3218 4953 3349 5017 Θεὸς
3371 4955 3464 5007 τοῦ
3497 4955 3713 5020 Ἰακὼϐ,
3735 4956 3876 5025 λέγω
3901 4957 3950 5009 δὲ

722 5049 906 5101 quam,
939 5033 1031 5101 qui
1062 5031 1307 5099 providet
1341 5031 1517 5084 nobis.

2392 5041 2644 5112 Χριστὸς.
2679 5044 2706 5094 6
2731 5042 2969 5113 προνοῶν
3000 5043 3174 5113 ἡμῶν.

803 5123 884 5175 111.
917 5123 1196 5176 Advocaut
1226 5130 1411 5191 gentes
1439 5121 1688 5190 apostoli.

2470 5134 2554 5187 15.
2587 5133 3025 5204 Προσκαλοῦνται
3049 5135 3117 5188 τὰ
3149 5133 3274 5206 ἔθνη
3301 5136 3350 5188 οἱ
3385 5135 3691 5190 ἀπόστολοι.

795 5217 879 5268 16.
912 5215 1043 5280 Qua:
1073 5216 1198 5269 fecit
1222 5215 1478 5285 mysteria
1503 5217 1556 5268 in
1589 5224 1752 5268 terra.

2464 5227 2548 5278 16.
2584 5229 2649 5279 ’Ἀ
2679 5229 2897 5297 ἐποίησε
2945 5229 3216 5297 μυστήρια
3252 5228 3345 5280 ἐπὶ
3384 5229 3483 5298 τῆς
3517 5229 3635 5298 γῆς.

795 5307 880 5361 17.
914 5306 1170 5360 Dissolvit
1199 5307 1338 5360 bella
1367 5307 1531 5361 totius
1561 5305 1772 5360 mundi.

2461 5318 2545 5371 17.
2587 5319 2726 5380 Τοὺς
2763 5319 3029 5388 πολέμους
3054 5319 3173 5373 ὅλου
3200 5319 3274 5388 (5)
3301 5319 3392 5372 τοῦ
3427 5321 3635 5390 κόσμου
3662 5321 3913 5374 διέλυσεν.

799 5399 882 5460 18,
923 5398 1009 5450 19.
1047 5399 1348 5453 Potestates
1377 5397 1605 5453 inimici.

2469 5406 2554 5474 18,
2589 5407 2674 5460 19.
2716 5408 2826 5472 Τὰς
2857 5408 2950 5461 τοῦ
2973 5408 3164 5480 ἐχθροῦ
3199 5409 3456 5481 δυνάμεις
3487 5410 3582 5480 (6).

1674 5534 1973 5598 Addenda
2008 5539 2064 5594 et
2123 5537 2494 5604 corriuenda
2524 5561 2601 5604 ex
2637 5545 2776 5608 cod.
2812 5545 3008 5610 Vatic.

903 5649 1008 5729 δαὶ
1040 5649 1378 5729 διελύθησαν.
1486 5725 1495 5729 _
1652 5723 1665 5729 _

1140 5650 1378 5729 ttiﬂngay.
1486 5725 1495 5729 Δ
1652 5723 1665 5729 ᾳ
2469 5661 2544 5729 (3i)
2577 5663 2788 5726 Ὅλους.

905 5721 1214 5807 ξἰεηδὶριιιυε
1243 5719 1278 5778 8
1303 5725 1454 5782 deest
1485 5725 1535 5780 in
1570 5723 1686 5781 cod.

2663 5720 2880 5807 18.’Τῂν
2911 5735 3198 5807 ἁμαρτίαν,
3233 5736 3319 5788 καὶ
3347 5735 3432 5788 τὸν
3481 5736 3728 5790 θάνατον.
3762 5732 3823 5789 Ν.
3856 5733 3911 5788 19

799 5791 874 5850 (ὅ)
907 5791 1013 5870 (vui
1037 5790 1204 5872 deest.
2400 5802 2438 5852 Ϊ

2400 5790 2505 5864 Ἰάς
2531 5790 2625 5854 ’τοῦ
2660 5790 2873 5873 ἐχθροῦ,
2897 5790 2997 5861 ei}.

797 5862 869 5926 (4l
913 5860 970 5907 ’0
997 5860 1215 5930 Κύριος.
