4174 6506
271 462 383 517 853
1177 465 1265 518 DE
1292 463 1565 520 TITULIS
1598 461 2046 519 PSALMORUM.
2077 462 2367 518 —'PSAI..
2405 463 2584 519 XLVI.
3417 471 3527 529 854

343 578 434 633 20.
468 578 771 649 Σχολάσατε
799 583 894 636 καὶ
930 581 1124 650 γνῶτε,
1159 581 1374 650 ὅτιέγὼ
1402 583 1516 651 είμι
1556 581 1584 633 6
1605 579 1756 644 Θεός.
1874 589 1915 644 Α

1874 589 1915 644 Α
2016 581 2106 636 20.
2136 582 2334 637 Vacate
2355 591 2408 637 et
2437 584 2751 653 cognoscite
2771 586 3028 654 quoniam
3063 602 3165 658 ego
3200 603 3319 643 sum
3348 587 3514 645 Deus.

240 684 243 686 '
344 670 434 724 21.
476 671 858 746 Ὑψωθήσομαι
892 676 949 728 ἐν
974 677 1085 737 τοῖς
1119 673 1348 739 ἔθνεσιν,
1389 674 1751 744 ὑψωθήσομαι
1787 674 1845 725 ἐν

1727 691 1751 725 ,ι
1787 674 1845 725 ἐν
2018 675 2107 728 21.
2133 674 2425 730 Exaltabor
2447 677 2498 730 in
2531 678 2805 747 gentibus,
2833 680 3111 734 exaltabor
3133 680 3186 735 in
3210 691 3375 736 terra.

271 778 340 815 τη
374 778 466 815 γη.

307 764 672 922 ῇὲῆίύριος
702 850 809 904 τῶν
835 849 1117 921 δυνάμεων
1154 852 1271 922 μεθ’
1298 851 1453 923 ἡμῶν
1471 871 1486 884 ·

1373 851 1453 906 ,ῶν
1471 871 1486 884 ·
2012 853 2099 907 22.
2137 854 2398 910 Dominus
2421 856 2675 910 virtutum
2697 857 2982 912 nobiscum
3011 877 3021 913 :

340 943 431 997 25.
471 944 841 1014 Ἀντιλήπτωρ
871 942 1030 1013 ἡμῶν
1061 945 1090 995 6
1111 944 1242 1008 Θεὸς
1291 945 1504 999 Ἰακώϐ.

1383 945 1504 998 ιώὸ.
2014 942 2102 996 25.
2141 941 2433 1014 Susceptor
2459 955 2642 1001 noster
2672 945 2813 1001 Deus
2840 946 3031 1003 Jacob.

269 1059 377 1122 Εἰς
409 1057 471 1110 τὸ
508 1056 701 1122 τέλος,
743 1055 894 1124 ὑπὲρ
934 1055 1052 1110 τῶν
1099 1056 1245 1110 υἱῶν
1283 1058 1452 1126 Κορέ.
1490 1061 1660 1114 ΨΑΛ.
1692 1061 1841 1128 MCI'.

1692 1061 1841 1128 Mq‘.
2120 1055 2186 1108 In
2211 1057 2389 1125 ﬁnem,
2448 1074 2541 1127 pro
2565 1059 2692 1127 ﬁliis
2717 1057 2866 1114 Core.
2889 1059 3098 1115 'PSAL.
3133 1059 3337 1117 XLVI.

341 1169 391 1220 1.
422 1168 606 1221 Πάντα
629 1167 698 1220 τά
727 1166 875 1239 ἔθνη.
908 1169 1210 1238 κροτήσατε
1233 1171 1420 1241 χεῖρας
1442 1187 1455 1202 ·

2016 1161 2065 1214 1.
2098 1159 2298 1218 Omnes
2329 1175 2537 1235 gentes,
2572 1168 2813 1236 plaudite
2843 1171 3127 1238 manibus;

339 1261 394 1314 2.
442 1260 764 1324 Ἀλαλάξατε
785 1260 862 1332 τῷ
891 1259 1010 1331 Θεῷ
1041 1263 1096 1314 ὲν
1121 1265 1269 1332 φωνῇ
1301 1262 1696 1331 ἀγαλλιάσεως·

1502 1263 1696 1327 idem.
2010 1254 2064 1305 2.
2103 1253 2337 1311 Jubilate
2373 1258 2480 1313 Deo
2505 1260 2556 1312 in
2591 1275 2722 1314 voce
2752 1263 3150 1331 exsultationis,

340 1353 396 1406 5.
427 1352 548 1405 Ὀτι
572 1354 776 1423 Κύριος
804 1352 1046 1423 ὕψιστος,
1077 1355 1325 1427 φοϐερὸς,

2011 1347 2062 1400 5.
2094 1346 2362 1412 Quoniam
2396 1349 2660 1406 Dominus
2690 1356 2958 1422 excelsus,
2990 1358 3267 1424 terribilis,

338 1443 393 1496 4.
421 1443 684 1508 Βασιλεὺς
712 1443 884 1514 μέγας
910 1445 1000 1496 ἐπὶ
1027 1447 1209 1497 πᾶσαν
1238 1445 1335 1516 τὴν
1358 1445 1483 1515 γῆν.

2011 1441 2062 1494 4.
2097 1439 2209 1493 Rex
2243 1458 2473 1512 magnus
2497 1459 2662 1513 Super
2689 1462 2904 1501 omnem
2939 1459 3158 1504 terram.

339 1533 392 1586 5.
437 1533 700 1599 ’Υπέταξε
721 1534 881 1598 λαοὺς
914 1537 1071 1606 ἡμῖν,
1099 1535 1195 1589 καὶ
1229 1535 1353 1608 ἔθνη
1387 1537 1490 1589 ὑπὸ
1523 1537 1646 1601 τοὺς
1673 1537 1837 1602 πόδας

2011 1534 2061 1586 5.
2094 1533 2334 1603 Subjecit
2364 1536 2593 1606 populos
2638 1540 2821 1605 nobis,
2848 1551 2902 1595 et
2931 1551 3116 1611 gentes
3149 1542 3252 1597 sub
3282 1541 3513 1613 pedibus

261 1626 298 1693 ἡ
310 1623 450 1694 μῶν.

1941 1627 2163 1681 nostris.

337 1714 391 1766 6.
441 1712 750 1781 Ἐξελέξατο
783 1717 914 1787 ἡμῖν
940 1715 1039 1781 τὴν
1071 1717 1433 1788 κληρονομίαν
1464 1716 1660 1788 ἐαυτῷ,

1359 1717 1433 1771 ἴαν
1464 1716 1660 1788 ἐαυτῷ,
2010 1717 2062 1770 6.
2092 1716 2264 1788 Elegit
2295 1719 2455 1776 nobis
2489 1721 2855 1779 hereditatem
2882 1726 3007 1792 sibi,

337 1804 392 1858 7.
421 1806 528 1877 Τὴν
559 1805 816 1878 καλλονὴν
855 1806 1068 1872 Ἰακὼϐ,
1105 1810 1171 1878 ἢν
1200 1809 1506 1880 ἠγάπησεν.

1344 1825 1506 1880 τησεν,
2009 1809 2061 1863 7.
2093 1810 2339 1880 Speciem
2367 1811 2558 1881 Jacob,
2587 1832 2752 1884 quam
2784 1817 2992 1874 dilexit.

825 1917 1138 1987 Διάψαλμα
1163 1921 1262 1989 (a).
1862 1928 1908 1986 Β

1248 1959 1262 1974 .
1862 1928 1908 1986 Β
2555 1928 2781 1998 Diapsal
2788 1948 2893 1988 ma.

334 2005 387 2060 8.
436 2007 628 2079 Ἀνέϐη
661 2010 690 2062 6
712 2009 842 2073 Θεὸς
870 2011 926 2062 ἐν
959 2009 1257 2081 ἀλαλαγμῷ
1285 2029 1298 2044 ·

1203 2010 1257 2081 ιῷ
1285 2029 1298 2044 ·
2010 2012 2062 2066 8.
2097 2013 2355 2070 Ascendit
2386 2016 2528 2072 Deus
2559 2019 2612 2072 in
2639 2021 2851 2089 jubilo:

333 2097 388 2152 9.
421 2099 622 2170 Κύριος
649 2101 707 2152 ἐν
747 2103 896 2172 φωνῇ
929 2101 1251 2171 σάλπιγγος.

1146 2119 1251 2171 τος.
2008 2106 2059 2160 9.
2099 2107 2354 2165 Dominus
2388 2111 2439 2164 in
2470 2127 2602 2166 voce
2635 2115 2794 2168 tubzn.

334 2188 423 2240 10.
458 2189 677 2242 Ψάλατε
705 2189 783 2260 τῷ
820 2190 936 2262 Θεῷ
968 2194 1000 2264 ἡ
1011 2192 1146 2263 μῶν,
1167 2193 1371 2262 ψάλατε
1390 2196 1418 2225 θ’

1347 2196 1418 2245 εί
2013 2195 2093 2249 10.
2128 2196 2342 2253 Psallite
2371 2199 2481 2255 Deo
2509 2215 2718 2270 nostro,
2747 2204 2956 2273 psallite
2984 2223 2995 2258 :

334 2280 423 2334 11.
450 2281 667 2338 Ψάλατε
809 2282 1014 2352 βασιλεί
1042 2287 1217 2356 ἡμῶν,
1239 2285 1472 2354 ψάλατεο

1367 2301 1472 2337 ιτεο
2010 2292 2095 2341 11.
2134 2288 2357 2346 Psallite
2393 2295 2506 2362 regi
2546 2306 2754 2360 nostro,
2785 2297 3015 2365 psallite.

337 2371 423 2424 12.
460 2373 578 2425 Ὅτι
601 2372 848 2444 βασιλεὺς
878 2376 1057 2446 πάσης
1094 2377 1194 2448 τῆς
1232 2377 1336 2447 γῆς
1367 2378 1396 2430 6
1430 2377 1583 2441 Θεός·

1456 2378 1583 2441 ὺεόςο
2010 2378 2094 2432 12.
2124 2379 2390 2446 Quoniam
2427 2401 2516 2437 rex
2549 2388 2728 2442 omnis
2759 2397 2914 2442 terra:
2946 2388 3104 2455 Deus,

333 2464 420 2516 15.
446 2464 667 2518 Ψάλατε
697 2465 954 2528 συνετῶς.

2010 2472 2094 2526 15.
2123 2472 2342 2531 Psallite
2371 2477 2664 2546 sapienter.

331 2603 424 2669 (’3‘;
439 2603 510 2664 ίιει
549 2604 669 2657 cod.
706 2601 878 2658 Vatic.

1383 2693 1759 2749 ATHANASH
1795 2693 2386 2754 INTERPRETATIO.

329 2785 401 2840 20
452 2785 740 2842 {laudatae
775 2789 883 2842 ἀπὸ
915 2790 1014 2860 τῆς
1047 2791 1343 2862 ἁμαρτίας.

1047 2791 1343 2862 ἁμαρτίας.
2006 2792 2094 2846 20.
2123 2793 2345 2848 Cessate
2369 2811 2398 2850 a
2431 2799 2688 2865 peccatis.

329 2879 419 2931 21.
449 2879 854 2952 Δοξασθήσομαι
884 2883 940 2934 ἐν
978 2887 1091 2947 τοῖς
1117 2882 1315 2948 ἔθνεσι,
1350 2885 1443 2938 καὶ
1491 2885 1549 2938 ἐν
1597 2884 1676 2953 τῷ
1715 2883 1829 2954 λαῷ

2002 2884 2090 2937 21.
2128 2883 2484 2941 Glorilicabor
2514 2889 2564 2941 in
2593 2889 2863 2958 gentibus,
2896 2903 2950 2947 et
2980 2893 3033 2947 in
3068 2898 3267 2964 pepulo
3289 2895 3499 2954 Iudaeo-

253 2970 367 3022 τῶν
410 2971 679 3026 Ἰουδαίων
701 2973 812 3026 τῶν
843 2975 1206 3028 πιστευόντων
1239 2977 1320 3038 εἰς
1350 2976 1470 3045 ἐμέ.

988 2975 1206 3028 ευόντων
1239 2977 1320 3038 εἰς
1350 2976 1470 3045 ἐμέ.
1935 2991 2055 3030 rum
2088 2977 2140 3030 in
2171 2994 2254 3031 me
2281 2980 2636 3034 credentium.

328 3062 418 3115 22.
462 3063 518 3115 '0
542 3062 893 3136 ἐξουσιαστὴς
926 3065 1116 3119 πασῶν
1146 3065 1254 3120 τῶν
1294 3065 1628 3138 ἐπουρανίων
1665 3065 1821 3120 δυνά-

2006 3068 2099 3122 22.
2135 3068 2450 3127 Dominator
2481 3075 2724 3129 omnium
2759 3077 3227 3146 supercaalestium
3261 3093 3498 3151 potesta-

255 3170 408 3224 μεων
438 3153 560 3223 μεθ’
586 3154 740 3224 ἡμῶν
769 3156 863 3208 ἐπὶ
892 3156 989 3224 τῆς
1018 3157 1118 3227 γῆς
1149 3156 1581 3229 ἀναστρέφεσθαι
1618 3157 1822 3228 μέλλει.
1858 3214 1896 3229 Α

1327 3156 1581 3229 ρέφεσθαι
1618 3157 1822 3228 μέλλει.
1858 3214 1896 3229 Α
1931 3168 2042 3214 tum
2075 3162 2358 3218 nobiscum
2397 3165 2448 3218 in
2477 3173 2621 3220 terra
2648 3169 2975 3224 versabitur.

326 3244 415 3297 25.
438 3214 824 3316 ’Ἄντιληπτωρ
848 3214 1004 3317 ἡμῶν
1025 3214 1284 3319 ύπάρχων
1301 3214 1336 3302 ὁ.
1351 3214 1501 3312 Θεὸς,
1530 3250 1557 3302 6
1578 3214 1646 3302 τά
1669 3248 1826 3320 ἐσχα-
1855 3214 1897 3271 C

1855 3214 1897 3271 θ
2001 3249 2089 3303 25.
2117 3249 2407 3320 Susceptor
2429 3264 2612 3309 noster
2633 3258 2905 3313 exsistens
2929 3259 3091 3326 Deus,
3115 3263 3208 3332 qui
3232 3273 3498 3333 postrema

251 3348 323 3385 τα
346 3331 441 3385 τοῦ
478 3332 681 3403 κόσμου
733 3335 1054 3405 συναγαγὼν
1105 3339 1242 3409 πρὸς
1278 3338 1466 3392 ἐαυτὸν
1521 3340 1820 3402 παντελῶς.

1931 3337 2116 3390 mundi
2148 3338 2214 3391 ad
2259 3354 2317 3393 se
2358 3341 2532 3409 ipsum
2578 3356 2888 3416 congregat.
2922 3347 3089 3403 Iacob
3135 3331 3281 3406 enim
3329 3354 3497 3410 inter-

264 3423 476 3478 Ἰακὼϐ
500 3424 606 3496 γάρ
630 3427 988 3498 ἑρμηνεύεται
1019 3429 1250 3498 κρατῶν
1274 3431 1524 3499 ἔσχατα.

1037 3429 1250 3498 ιρατῶν
1274 3431 1524 3499 ἔσχατα.
1930 3437 2169 3496 pretatur
2200 3441 2460 3499 postrema
2490 3442 2685 3488 tenens.

339 3536 407 3589 Ἦ
435 3539 768 3610 προκειμένη
797 3541 1074 3612 ἐπιγραφὴ
1107 3544 1348 3614 περιέχει
1377 3545 1452 3613 (1)
1475 3562 1486 3574 '
1519 3545 1620 3609 Εἰς
1654 3542 1720 3595 τὸ
1752 3541 1945 3608 τέλος,
1975 3528 2127 3612 ὑπὲρ
2165 3543 2282 3598 τῶν
2307 3545 2454 3599 υἱῶν
2497 3547 2651 3617 Κορὲ
2681 3554 2922 3622 ψαλμός
2941 3573 2955 3587 ο
2986 3558 3284 3624 τουτέστιν,
3322 3561 3402 3624 είς
3439 3561 3496 3615 τὺ

249 3625 408 3688 τέλος
431 3626 539 3682 τῶν
573 3629 779 3700 καιρῶν
809 3630 947 3700 ὑπὲρ
971 3631 1079 3683 τῶν
1109 3631 1240 3684 υἱῶν
1269 3633 1368 3703 τῆς
1400 3631 1709 3699 ἀντιλογίας
1734 3631 1840 3685 τῶν
1866 3634 2300 3704 ἐπιστρεφόντων
2339 3636 2414 3707 (2)
2438 3639 2466 3690 6
2487 3639 2697 3711 ψαλμδς
2720 3644 2952 3716 εἴρηται.

327 3741 543 3797 Titulus
571 3742 865 3812 inscriptus
894 3745 1166 3801 continet:
1192 3743 1259 3800 In
1289 3748 1466 3817 ﬁnem,
1492 3764 1584 3817 pro
1610 3748 1737 3818 filiis
1781 3745 1914 3802 Core
1945 3749 2200 3816 psalmus.
2235 3749 2347 3806 lloc
2377 3761 2461 3807 est
2492 3754 2546 3807 in
2581 3755 2685 3811 line
2714 3767 3018 3829 temporum
3070 3780 3170 3834 pro
3199 3766 3323 3823 liliis
3372 3783 3493 3824 con.

249 3833 596 3890 tradictiouis
626 3850 684 3890 se
714 3839 1156 3894 convertentibus
1185 3841 1428 3910 psalmus
1460 3842 1642 3898 dictus
1671 3849 1774 3896 est.

326 3927 378 3983 1.
428 3927 777 3997 Ἀγαλλιᾶσθε
801 3934 922 3994 ταῖς
943 3933 1209 4004 καρδίαις.

1003 3933 1209 4004 ιρδίαις.
1996 3936 2043 3988 1.
2072 3935 2336 3992 Cordibus
2365 3939 2651 3996 exsultate.

323 4019 380 4074 2.
419 4019 685 4085 Δοξάσατε
725 4021 905 4074 αὐτόν.

893 4061 905 4074 ,
1987 4026 2042 4081 2.
2070 4025 2375 4083 Gloriticate
2397 4045 2539 4085 eum.

324 4109 378 4161 5.
413 4109 525 4161 Ούκ
591 4109 670 4162 ἐτι
736 4113 790 4163 αἱ
837 4111 1075 4181 ἐπίγειαι
1138 4115 1396 4187 δυνάμεις
1449 4115 1822 4187 βασιλεύουσιν

1990 4117 2039 4170 5.
2071 4116 2189 4172 Νοη
2228 4121 2461 4190 amplius
2512 4130 2739 4176 terrena:
2785 4134 3080 4193 potestates
3123 4131 3282 4186 nobis
3315 4133 3484 4190 (10ῐηί⁴

250 4202 286 4270 ἡ
293 4199 437 4270 μῶν.

1920 4219 2134 4262 nantur.

316 4290 370 4345 4.
416 4290 575 4344 Ἀλλὰ
605 4290 876 4363 βασιλεύει
916 4295 1097 4366 πάσης
1140 4297 1236 4368 τῆς
1286 4297 1383 4368 γῆς
1422 4301 1450 4351 6
1488 4299 1748 4369 Ὕψιστος
1790 4303 1819 4354 ὁ

1993 4299 2046 4352 4.
2075 4297 2176 4354 Sed
2220 4300 2465 4356 excelsus
2507 4315 2555 4357 et
2596 4306 2849 4363 terribilis
2904 4321 3093 4382 regnat
3133 4313 3186 4368 in
3235 4316 3481 4372 universa

248 4382 504 4454 φοϐερός.
1923 4397 2088 4443 terra.

320 4472 376 4525 5.
406 4473 644 4528 Ἔδωκεν
666 4476 798 4548 ἡμῖν
821 4477 1069 4542 ἐξουσίαν
1095 4481 1284 4534 πατεῖν
1311 4481 1492 4535 ἐπάνω
1519 4482 1694 4551 ὄφεων
1722 4484 1816 4537 καὶ

1993 4482 2045 4535 5.
2083 4481 2406 4538 Potestatem
2459 4487 2613 4543 nobis
2642 4490 2788 4546 dedit
2821 4495 3131 4552 ambulandi
3167 4515 3329 4568 super
3371 4520 3476 4557 ser-

250 4563 550 4637 σκορπίων,
582 4567 675 4621 καὶ
703 4568 796 4622 ἐπὶ
842 4572 1022 4626 πᾶσαν
1045 4572 1142 4642 τὴν
1180 4571 1405 4642 δύναμιν
1437 4571 1528 4624 τοῦ
1567 4571 1779 4650 ἐχθροῦ.
1848 4632 1892 4686 D

1848 4632 1892 4686 Β
1923 4581 2107 4641 pentes
2140 4583 2194 4627 et
2236 4578 2573 4646 scorpiones,
2615 4590 2667 4635 et
2697 4599 2859 4652 super
2907 4602 3122 4643 omnem
3165 4563 3475 4660 potestatem

1919 4665 2124 4718 inimici
2156 4667 2219 4721 “.

322 4744 379 4800 6.
405 4747 543 4812 Τοὺς
576 4749 763 4818 ἁγίους
786 4750 1113 4815 ἀποστόλους
1143 4750 1441 4818 ἐξελέξατο.

1160 4750 1441 4818 ιξελέξατο.
1990 4757 2041 4811 6.
2075 4756 2243 4828 Elegit
2272 4773 2486 4817 sanctos
2513 4766 2808 4833 apostolos,

317 4836 375 4890 7.
419 4839 528 4892 Καὶ
553 4837 646 4903 οὒς
679 4841 962 4911 ἠγάπησεν
994 4844 1058 4895 ἐκ
1083 4841 1178 4895 τοῦ
1205 4843 1334 4896 λαοῦ
1380 4843 1643 4897 Ἰουδαίων
1679 4845 1774 4914 (5).

1553 4843 1643 4897 ίων
1679 4845 1774 4914 (5).
1988 4849 2037 4902 7.
2071 4850 2135 4905 Et
2157 4868 2295 4922 quos
2326 4854 2512 4909 dilexit
2543 4857 2608 4912 de
2636 4863 2834 4928 populo
2866 4860 3197 4920 Judznorum.

318 4929 377 4984 8.
412 4931 519 5002 Τὴν
545 4931 807 5004 ἀνάληψιν
834 4933 980 5003 λέγει
1009 4933 1103 4988 τοῦ
1138 4934 1271 4988 Θεοῦ
1302 4936 1498 5004 Λόγου.

1988 4943 2041 4995 8.
2078 4944 2515 5014 Assumptionem
2549 4951 2818 5020 signiﬁcat
2852 4955 2940 5008 Dei
2968 4955 3147 5011 Verbi.

315 5022 372 5076 9.
406 5022 767 5095 Δοξαζόμενος
794 5026 896 5078 ὑπὸ
927 5026 1033 5080 τῶν
1054 5027 1222 5095 ἁγίων
1250 5029 1555 5099 δυνάμεων.

1400 5047 1555 5084 ιεων.
1987 5033 2037 5086 9.
2073 5033 2416 5093 Glorilicatus
2445 5056 2472 5091 a
2501 5043 2702 5096 sanctis
2734 5045 3048 5105 virtutibus.

321 5110 410 5164 10.
446 5111 555 5163 Καὶ
581 5114 741 5182 ἡμεῖς
765 5113 857 5167 ἐπὶ
889 5115 991 5184 γῆς
1015 5115 1309 5187 δοξάσομεν
1339 5119 1527 5174 αὐτόν.

1514 5160 1527 5174 .
1994 5127 2077 5181 10.
2102 5126 2168 5181 Et
2194 5145 2292 5184 nos
2318 5133 2740 5201 glorilicabimus
2769 5154 2890 5193 eum
2922 5142 2972 5194 in
3006 5151 3162 5197 terra.

320 5202 405 5255 11.
442 5200 532 5272 Τῷ
565 5203 670 5274 πρὸ
699 5204 929 5258 αἰώνων.

1988 5219 2072 5271 11.
2108 5221 2235 5292 Regi
2261 5200 2386 5278 ante
2417 5229 2632 5282 sarcula.

317 5288 406 5345 12.
445 5293 502 5344 '0
542 5291 789 5362 βασιλεύς
819 5295 964 5348 ἐστιν
988 5295 1066 5364 (4)
1097 5297 1180 5364 ἐφ’
1213 5299 1381 5370 ἡμᾶς.

1025 5295 1066 5387 1)
1213 5299 1381 5370 ἡμᾶς.
1994 5310 2079 5363 12.
2116 5288 2228 5366 Rex
2257 5325 2340 5369 cst
2368 5333 2673 5387 supernos.

318 5379 407 5434 15.
440 5378 707 5445 Δοξάσατε
727 5383 887 5438 αὑτὸν
913 5387 970 5437 ἐν
991 5384 1240 5456 ἀληθείᾳ.

1991 5403 2076 5454 15.
2111 5405 2418 5465 Glorilicate
2448 5427 2571 5466 eum
2608 5417 2659 5466 in
2688 5417 2931 5474 veritate.

315 5491 362 5524 “
393 5489 524 5547 Luc.
554 5509 608 5560 ι,
650 5494 732 5550 19.

1190 5616 1493 5679 Addenda
1518 5625 1577 5680 et
1608 5622 1982 5703 corrigenda
2015 5648 2092 5692 ex
2143 5637 2282 5698 cod.
2324 5639 2525 5702 Vatic.

313 5707 390 5806 (ἐξ
428 5706 1282 5806 περ.
1338 5789 1388 5806 Ἀ
1437 5791 1461 5803 η
1564 5793 1588 5805 σ
1699 5796 1753 5806 __
1985 5736 2059 5803 (5)
2085 5737 2148 5790 Ν.
2191 5741 2241 5793 7.
2292 5743 2385 5794 Ἐκ
2421 5744 2515 5797 τοῦ
2547 5746 2676 5799 λαοῦ
2707 5748 2816 5802 τῶν
2860 5750 3147 5806 Ἰουδαίων.

272 5776 404 5887 ~(2’)i
428 5776 775 5866 Ἀντιλογίας,
794 5783 934 5887 λέγω
952 5776 1016 5858 δὴ
1045 5776 1181 5860 ὑπὲρ
1201 5776 1304 5844 τῶν
1334 5789 1501 5846 ἐθνῶν
1522 5793 1627 5848 τῶν
1662 5796 1795 5851 υίῶν
2085 5776 2212 5863 ίδτξ

272 5862 339 5887 ﬁ:
413 5865 642 5887 IIIIMIIII'
696 5869 800 5887 ῬΙ-ιη
856 5873 1016 5887 went-ﬁ
2507 5873 2517 5887 ι

239 5847 339 5915 τῆς
373 5847 662 5916 ἁμαρτίας,
696 5853 800 5906 τῶν
825 5847 1036 5921 sitia-co.
