4174 6500
251 454 362 512 837
1140 450 1228 505 DE
1265 449 1543 508 TITULIS
1573 451 2027 508 PSALMORUM.
2072 452 2356 509 —PS.\L.
2393 452 2632 507 XLVIII.
3406 451 3524 515 838

326 568 411 622 IS.
439 568 528 619 Ἐν
554 566 704 619 πόλει
728 566 934 637 Κυρίου
969 566 1074 620 τῶν
1100 567 1404 638 δυνάμεων,
1872 576 1919 629 Α

1349 584 1404 632 ιν,
1872 576 1919 629 Α
2018 567 2105 622 15.
2138 565 2194 621 In
2225 568 2444 622 civitate
2471 567 2684 622 Domini
2716 567 2997 633 virtutum,

327 660 410 712 Ili.
440 659 526 710 Ἐν
560 659 710 710 πόλει
737 657 830 711 τοῦ
861 657 996 712 Θεοῦ
1026 659 1202 730 ἡμῶν.
1279 731 1282 733 Α

1129 659 1202 711 ὒν.
1279 731 1282 733 Δ
2007 658 2091 712 16.
2124 659 2178 712 In
2206 660 2424 714 civitate
2453 659 2545 714 Dei
2580 661 2777 714 nostri.

325 751 411 804 I7.
439 749 498 802 '0
531 750 661 812 Θεὸς
695 749 1053 821 ὲθεμελίωσεν
1086 752 1258 824 αὐτὴν
1288 753 1368 814 είς
1398 751 1492 804 τὸν
1518 751 1711 805 αἰῶνα.

1432 751 1492 804 δν
1518 751 1711 805 αἰῶνα.
2006 751 2091 804 I7.
2123 750 2267 804 Deus
2289 749 2538 804 fundavit
2566 765 2686 803 eam
2715 751 2770 803 in
2795 759 3080 804 aeternum.

329 843 411 894 13.
440 840 829 914 ’Υπελάὁομεν,
861 844 888 895 6
920 842 1072 906 Θεὸς,
1093 843 1155 896 τὸ
1183 844 1331 908 ἔλεός
1370 862 1462 897 σου
1486 846 1542 898 ὲν
1571 844 1718 915 μέσῳ
1737 841 1833 896 τοῦ

2008 843 2091 896 18.
2127 841 2516 912 Suscepimus,
2559 840 2734 905 Deus,
2780 840 3209 896 misericordiam
3259 849 3408 895 tuam
3452 839 3511 897 In

248 934 384 987 λαοῦ
423 951 537 988 σου.

1935 935 2113 990 medio
2145 934 2328 1005 populi
2360 935 2456 990 tui.

325 1025 414 1079 I9.
456 1024 612 1078 Κατὰ
644 1025 704 1077 τὸ
729 1025 896 1096 ὄνομα
925 1043 1038 1093 σου,
1070 1026 1264 1092 ὁΘεὸς,
1285 1028 1424 1081 οὕτω
1450 1030 1543 1082 καὶ⁸
1569 1029 1602 1100 ἡ
1632 1029 1836 1092 αῖνεσίς

2009 1028 2092 1082 19.
2122 1026 2431 1082 Secundum
2464 1042 2659 1082 nomen
2692 1034 2864 1091 tuum,
2897 1023 3060 1092 Deus,
3085 1025 3165 1080 sic
3194 1033 3248 1079 et
3276 1024 3392 1079 laus
3415 1031 3504 1080 tua

255 1134 347 1170 sou
376 1118 467 1170 ἐπὶ
502 1118 570 1170 τὰ
609 1118 818 1189 πέρατα
848 1120 949 1190 τῆς
975 1119 1100 1189 γῆς.

696 1135 818 1170 οατα
848 1120 949 1190 τῆς
975 1119 1100 1189 γῆς.
1936 1121 1988 1174 in
2014 1121 2145 1174 lines
2167 1129 2344 1176 terrae.

323 1210 416 1262 20.
459 1209 815 1280 Δικαιοσύνης
854 1210 1068 1282 πλήρης
1100 1213 1132 1284 ἡ
1165 1211 1312 1277 δεξιὰ
1339 1229 1451 1265 σου.

1272 1212 1312 1265 ά
1339 1229 1451 1265 σου.
2001 1212 2088 1264 20.
2120 1209 2338 1265 Iustitia
2367 1212 2524 1281 plena
2552 1211 2773 1265 dextera
2809 1219 2920 1265 tua.

322 1302 416 1356 2l.
457 1303 828 1375 Εὐφρανοήτω
860 1304 984 1374 ὅρος
1017 1304 1175 1368 Σιὼν,

1100 1305 1175 1368 ὒν,
2005 1302 2094 1355 21.
2132 1300 2370 1356 Laetetur
2401 1316 2560 1355 mons
2592 1303 2748 1368 Sion,

321 1393 414 1446 22.
456 1393 564 1444 Kal.
578 1392 1021 1461 ἁγαλλιὰσθωσαν
1039 1398 1095 1448 αί
1116 1397 1413 1470 Θυγατέρες
1427 1397 1527 1469 τῆς
1553 1399 1832 1464 Ἰουδαίας,
2007 1394 2098 1448 22·
2133 1393 2197 1448 El
2217 1394 2486 1448 θιδυίιεηι
2505 1393 2630 1449 ﬁlia?
2651 1393 2825 1459 λαάω,

322 1484 413 1537 23.
435 1484 658 1536 Ἕνεκεν
684 1485 793 1537 τῶν
826 1487 1112 1557 χριμάτων
1143 1505 1257 1554 σου,
1285 1490 1480 1563 Κύριε.

1375 1509 1480 1563 ριε.
2003 1488 2094 1542 25.
2125 1485 2352 1557 Pr0pter
2375 1486 2582 1557 judicia
2616 1496 2728 1550 tua,
2765 1485 3017 1540 Domine.

322 1572 414 1624 2i.
459 1570 786 1624 Κυκλώσατε
813 1572 969 1636 Σιὼν,
1002 1575 1092 1626 καὶ
1120 1575 1438 1646 περιλάϐετε
1468 1578 1636 1649 αὑτήν
1657 1594 1671 1609 ⁸

2006 1580 2096 1634 24.
2134 1579 2478 1634 Circumdate
2511 1577 2666 1643 Sion,
2689 1588 2742 1632 et
2767 1576 3196 1648 complectimini
3223 1590 3365 1639 eam,

321 1664 412 1717 25.
456 1664 796 1734 Διηγήσασθε
829 1667 887 1716 ὲν
923 1668 1037 1729 τοῖς
1069 1667 1297 1738 πύργοις
1325 1669 1515 1738 αὐτῆς.

1226 1685 1297 1730 οις
1325 1669 1515 1738 αὐτῆς.
2007 1670 2099 1724 25.
2132 1668 2359 1724 Narrate
2381 1668 2434 1722 in
2461 1669 2704 1723 turribus
2735 1667 2874 1738 ejus.

325 1753 414 1808 26.
456 1754 626 1807 ΘέσΘε
644 1755 740 1818 τὰς
760 1756 987 1826 καρδίας
1007 1757 1034 1808 ὑ
1044 1757 1159 1828 μῶν
1176 1761 1254 1821 είς
1268 1760 1365 1831 τὴν
1382 1761 1610 1832 δύναμιν
1631 1763 1800 1836 αὐτῆς
1819 1782 1831 1793 ·

1567 1780 1610 1815 ιν
1631 1763 1800 1836 αὐτῆς
1819 1782 1831 1793 ·
2007 1760 2097 1814 26.
2139 1758 2330 1815 Ponite
2352 1761 2515 1816 corda
2540 1769 2716 1816 vestra
2746 1760 2801 1813 in
2832 1759 3028 1814 virtute
3062 1759 3215 1830 ejus;

323 1845 414 1902 27.
461 1847 568 1898 Kal
595 1847 972 1902 καταδιέλεσθε
1007 1851 1106 1914 τὰς
1143 1851 1328 1923 βάρεις
1359 1854 1549 1924 αὐτῆς,

1262 1869 1328 1915 εις
1359 1854 1549 1924 αὐτῆς,
2004 1852 2096 1906 27.
2128 1850 2194 1906 Et
2217 1852 2526 1908 distribuite
2547 1852 2744 1908 domos
2770 1853 2910 1921 ejus,

323 1938 414 1991 28.
433 1940 617 2003 Ὅπως
647 1939 710 1992 ἂν
743 1940 1077 2013 διηγήσησθε
1109 1946 1187 2008 είς
1217 1946 1409 2014 γενεὰν
1443 1947 1657 2018 ἐτέρανο
1868 1942 1907 1996 Β

1402 1965 1409 1994 ι
1443 1947 1657 2018 ἐτέρανο
1868 1942 1907 1996 Β
2004 1943 2094 1998 28.
2125 1941 2195 1997 Ut
2219 1944 2484 1998 enarretis
2513 1944 2568 1998 in
2601 1945 2856 2015 progenie
2880 1945 3050 1999 altera

326 2030 414 2083 29.
437 2031 558 2082 Ὀτι
584 2026 737 2094 οὗτός
765 2033 909 2084 ἐστιν
939 2035 967 2086 6
995 2033 1126 2098 Θεὸς
1161 2036 1340 2106 ἡμῶν,

2002 2035 2092 2088 29.
2125 2034 2391 2101 Quoniam
2424 2036 2511 2090 hic
2538 2044 2622 2090 est
2648 2035 2791 2092 Deus
2827 2047 3033 2102 noster,

327 2121 418 2175 50.
462 2123 554 2185 Εἰς
583 2123 673 2176 τὸν
699 2125 868 2179 αἰῶνα
903 2128 997 2179 καὶ
1023 2129 1102 2190 είς
1133 2127 1221 2180 τὸν
1248 2128 1418 2183 αἰῶνα
1440 2127 1534 2182 τοῦ
1567 2128 1760 2192 αἰῶνος
1780 2145 1794 2159 ⁵

1567 2128 1760 2192 αἰῶνος
1780 2145 1794 2159 ν
2003 2126 2093 2182 50.
2131 2127 2187 2182 In
2212 2135 2499 2194 aeternum,
2527 2137 2580 2182 et
2602 2128 2654 2181 in
2683 2129 2941 2184 saeculum
2977 2126 3191 2183 saeculi:

326 2213 416 2271 51.
457 2216 630 2278 Αὐτὸς
669 2221 923 2287 ποιμανεῖ
947 2221 1094 2288 ἡμᾶς
1124 2219 1205 2282 είς
1238 2220 1362 2283 τοὺς
1394 2219 1619 2284 αἰῶνας.

1265 2220 1362 2283 ὀὺς
1394 2219 1619 2284 αἰῶνας.
2002 2223 2090 2277 31.
2127 2223 2245 2292 Ipse
2272 2232 2458 2292 pascet
2487 2237 2587 2278 nos
2616 2222 2670 2276 in
2696 2223 2913 2276 saecula.

342 2308 447 2370 Εἰς
479 2307 546 2358 τὸ
585 2307 779 2374 τέλος,
829 2308 951 2376 τοῖς
982 2310 1133 2377 υίοῖς
1161 2310 1331 2378 Κορέ.
1373 2315 1549 2368 ΨΑΛ.
1598 2316 1744 2369 MII'.

1644 2317 1744 2369 lIl'.
2144 2313 2211 2369 In
2239 2315 2417 2384 ﬁnem,
2450 2316 2576 2384 ﬁliis
2599 2315 2750 2369 Core.
2781 2313 2982 2369 PSAL.
3012 2313 3106 2367 XL
3126 2310 3292 2368 VIII.

328 2395 378 2448 1.
411 2395 705 2450 Ἀκούσατε
737 2397 929 2463 ταῦτα,
967 2400 1142 2454 πάντα
1163 2400 1231 2454 τὰ
1263 2400 1415 2471 ἔθνη,

1263 2400 1415 2471 ἔθνη,
2010 2406 2061 2459 1.
2093 2406 2289 2460 Audite
2321 2405 2456 2470 haec,
2492 2421 2680 2460 omnes
2704 2414 2908 2474 gentes,

321 2487 377 2542 2.
407 2489 779 2559 Ἐνωτίσασθε,
809 2493 1006 2558 πάντες
1037 2495 1085 2547 οί
1119 2494 1497 2557 κατοικοῦντες
1530 2493 1626 2565 τὴν
1651 2497 1829 2548 οίκου-

2008 2499 2061 2555 2.
2090 2499 2328 2554 Auribus
2351 2497 2631 2568 percipite,
2658 2511 2852 2551 omnes
2885 2495 2980 2566 qui
3013 2493 3270 2549 habitatis
3296 2492 3503 2548 orbem.

247 2579 441 2650 μένην.

1388 2675 1767 2733 ATIIANASII
1806 2675 2391 2735 INTERI’RETATIO.

325 2784 414 2848 I5,
443 2784 529 2840 I6.
568 2787 653 2839 Ἐν
682 2791 746 2859 τῇ
773 2789 886 2843 ἄνω
923 2790 1290 2863 Ἰερουσαλήμ.

1282 2832 1290 2846 .
2015 2794 2102 2858 15,
2140 2793 2229 2847 16.
2262 2791 2319 2846 In
2346 2804 2577 2860 superna
2605 2788 2930 2845 Jerusalem.

328 2877 414 2930 I7.
445 2877 762 2942 Ἀσὰλευτός
791 2881 937 2932 ἐστιν
954 2882 1031 2944 εἰς
1052 2883 1176 2946 τοὺς
1195 2884 1583 2957 ἁτελευτήτους
1601 2887 1828 2948 αἰῶνας.

1601 2887 1828 2948 αἰῶνας.
2013 2890 2101 2943 17.
2137 2887 2440 2941 lmmobilis
2461 2895 2546 2941 est
2578 2885 2630 2938 in
2666 2885 2996 2955 sempiterna
3028 2882 3248 2937 saecula.

444 2971 846 3071 ἑιηγηαάμεθα
877 2973 956 3042 (1)
984 2973 1050 3026 τὰ
1083 2974 1383 3045 παθήματὰ
1415 2995 1529 3031 σου.
1860 3011 1903 3071 C

1317 2978 1383 3030 τά
1415 2995 1529 3031 σου.
1860 3011 1903 3071 C
2012 2979 2096 3034 18.
2126 2977 2480 3034 Narravimus
2508 2977 2792 3046 passiones
2825 2984 2965 3028 tuas.

325 3058 412 3112 I9.
444 3059 528 3123 Ὠς
558 3061 914 3133 ἀτελεύτητον
944 3065 1060 3114 ἐστι
1104 3064 1165 3115 τὸ
1195 3065 1364 3135 ὄνομά
1396 3083 1510 3132 σου,
1541 3067 1713 3132 οὕτως
1740 3069 1834 3122 καὶ
1865 3058 1903 3071 '-

1865 3058 1903 3071 “”
2007 3069 2092 3124 19.
2132 3068 2284 3124 Sicut
2315 3069 2707 3138 sempiternum
2753 3076 2836 3122 est
2880 3079 3077 3120 nomen
3120 3071 3296 3123 tuum,
3335 3060 3409 3116 ita
3455 3067 3505 3120 et

246 3151 300 3220 ήο
323 3150 528 3217 αῖνεσίς
561 3171 680 3208 σου.

561 3171 680 3208 σου.
1935 3157 2054 3212 laus
2085 3167 2195 3212 tua.

321 3242 412 3297 20.
443 3244 499 3296 '0
531 3245 657 3307 λαὸς
695 3247 722 3297 6
750 3245 922 3308 ἑστὼς
949 3248 1012 3298 ὲκ
1036 3246 1225 3314 δεξιῶν
1262 3267 1364 3320 μου
1395 3251 1495 3306 l2).

1354 3269 1364 3302 ι
1395 3251 1495 3306 ί2).
2005 3250 2094 3304 20.
2129 3249 2365 3318 Populus
2397 3257 2547 3303 stans
2577 3264 2606 3302 a
2633 3249 2842 3303 dextris
2875 3248 3002 3302 tuis.

323 3335 414 3388 21.
441 3337 502 3388 Ἠ
529 3337 640 3390 ἄνω
674 3339 1052 3412 Ἰερουσαλήμ.

2001 3335 2090 3389 21.
2127 3332 2374 3404 Superna
2407 3331 2731 3387 Jerusalem.

321 3427 412 3480 22.
453 3429 518 3479 Al
549 3429 717 3500 ψυχαὶ
745 3431 853 3484 τῶν
878 3433 1069 3500 ἁγίων.

1056 3473 1069 3487 .
2001 3427 2090 3480 22.
2127 3426 2339 3480 Anima:
2367 3434 2698 3480 sanctorum.

319 3518 651 3573 25.”Ενεκεν
683 3521 782 3592 τῆς
813 3523 1220 3587 ἁνταποδόσεὼς
1251 3542 1365 3588 σου,
1396 3525 1589 3596 Κύριε.

2007 3515 2100 3568 25.
2135 3513 2360 3584 Propter
2394 3514 2808 3569 retributionem
2833 3521 3004 3576 tuam,
3031 3510 3280 3565 Domine.

317 3610 410 3665 25.
451 3612 722 3681 υίκήσατε
755 3613 853 3682 τὴν
886 3613 998 3666 ἄνω
1034 3616 1406 3686 Ἰερουσαλὴμ,
1435 3619 1526 3670 καὶ
1551 3619 1631 3680 είς
1665 3617 1832 3670 κατά-

2000 3607 2090 3661 24.
2123 3606 2373 3662 Habitate
2423 3620 2719 3675 supernam
2767 3605 3068 3662 Jerusalem
3092 3645 3108 3671 ,
3149 3616 3204 3659 et
3236 3603 3507 3674 possidete

243 3720 436 3774 σχεσιν
463 3703 634 3773 αὐτὴν
666 3703 852 3774 ἔσχετε
881 3705 981 3775 (α).
1932 3710 2072 3751 eam.

321 3793 412 3847 25.
444 3794 533 3846 Ἐν
559 3796 670 3857 τοῖς
695 3795 871 3863 ἁγίοις
891 3797 1061 3868 αὐτῆς
1091 3797 1422 3870 διηγήσασθε
1444 3801 1511 3854 τὰ
1531 3800 1833 3871 δικαιώμα-

2001 3787 2085 3842 25.
2122 3787 2346 3843 Narrate
2375 3788 2429 3841 in
2460 3788 2668 3843 sanctis
2700 3787 2872 3858 ipsius
2899 3784 3319 3858 justiﬁcationes
3361 3785 3484 3854 ejus

240 3904 315 3941 τα
345 3886 535 3940 αὐτοῦ.

316 3978 408 4032 26.
449 3979 518 4032 Θέ
527 3979 618 4032 σθε
639 3981 738 4052 τὴν
757 3981 991 4036 διάνοιαν
1015 3981 1168 4052 ὑμῶν
1187 3985 1266 4046 είς
1284 3984 1383 4047 τὰς
1401 3985 1620 4049 ἐντολὰς
1640 3983 1827 4039 αὐτοῦ.

1781 3983 1827 4039 ὖ.
2002 3982 2090 4037 26.
2122 3983 2313 4039 Ponite
2340 3993 2577 4040 mentem
2609 3993 2847 4039 vestram
2873 3983 2926 4036 in
2954 3982 3240 4053 praeceptis
3267 3980 3429 4036 illius.

316 4069 410 4123 27.
452 4072 560 4125 Kal
589 4073 874 4143 μερίσεσθε
908 4073 982 4143 (6)
1019 4074 1116 4136 τὰς
1149 4075 1314 4144 μονὰς
1340 4077 1530 4148 αὐτῆς.

1312 4077 1530 4148 αὐτῆς.
2002 4076 2091 4129 27.
2129 4075 2195 4130 Et
2218 4075 2442 4130 dividite
2478 4076 2793 4130 mansiones
2817 4074 2960 4144 ejus.

315 4160 408 4216 28.
428 4162 615 4225 Ὅπως
639 4163 705 4217 ἂν
721 4166 1050 4237 διηγήσασθε
1067 4169 1125 4220 ὲν
1145 4168 1215 4238 (c)
1233 4167 1309 4238 τῷ
1321 4169 1497 4241 χρόνῳ
1513 4170 1618 4225 τῶν
1637 4170 1828 4240 ἁγίων.

1571 4170 1618 4225 3v
1637 4170 1828 4240 ἁγίων.
2003 4165 2093 4220 28.
2121 4163 2191 4220 Ut
2219 4167 2484 4221 enarratis
2516 4167 2570 4221 in
2601 4175 2845 4236 tempore
2883 4174 3219 4220 sanctorum.

312 4253 406 4307 29.
436 4254 564 4308 Ὀτι
598 4252 775 4324 οὗτός
813 4259 986 4314 ἐστιν
1013 4263 1046 4314 ό
1076 4260 1221 4328 Θεὸς
1243 4260 1432 4331 ἡμῶν.

1309 4260 1432 4314 ιῶν.
1997 4259 2087 4313 29.
2123 4257 2384 4324 Quoniam
2408 4259 2492 4312 hic
2513 4270 2591 4314 est
2620 4259 2762 4313 Deus
2784 4269 2957 4313 noster

313 4344 407 4411 30,
434 4345 524 4401 3|.
554 4347 612 4401 ὐ
642 4349 842 4423 ποιμὴν
868 4353 897 4404 6
931 4353 1094 4418 καλὸς
1122 4355 1376 4425 ποιμανεῖ
1402 4355 1547 4425 ἡμᾶς
1581 4353 1684 4423 (3).
1852 4365 1898 4420 D

1501 4355 1547 4418 ἱς
1581 4353 1684 4423 (π).
1852 4365 1898 4420 ο
1992 4351 2082 4418 30,
2118 4352 2207 4406 31.
2238 4350 2434 4408 Pastor
2462 4352 2658 4418 bonus,
2695 4353 2787 4424 qui
2821 4361 3005 4423 pascet
3029 4368 3149 4408 nos.

326 4459 395 4510 Ἡ
429 4462 758 4535 προκειμένη
784 4465 1062 4538 ἐπιγραφὴ
1091 4467 1330 4539 περιέχει
1358 4466 1434 4537 (4)
1456 4484 1468 4497 °
1499 4469 1601 4532 Εἰς
1625 4465 1688 4518 τὸ
1724 4464 1917 4532 τέλος,
1945 4465 2070 4532 τοῖς
2098 4465 2249 4532 ὐἱοῖς
2277 4465 2427 4534 Κορὲ
2458 4467 2697 4535 ψαλμός
2715 4483 2729 4497 ο
2755 4466 2882 4537 περὶ
2907 4465 3001 4519 τοῦ
3030 4463 3213 4526 τέλους
3241 4460 3347 4515 τῶν
3373 4458 3499 4514 υἱῶν

236 4548 340 4620 τῆς
371 4551 656 4617 ἀπειθείας
683 4555 711 4606 6
741 4553 954 4626 ψαλμὺς
980 4556 1146 4627 λέγει.
1180 4558 1330 4626 Κορὲ
1357 4559 1502 4627 λέγει
1539 4557 1791 4626 ἀπειθὴς
1825 4557 1902 4628 (5)
1934 4556 2015 4624 τῷ
2058 4557 2179 4624 Θεῷ
2209 4557 2548 4628 γεγένηται·
2579 4558 2711 4611 διότι
2748 4558 2841 4611 καὶ
2873 4559 2999 4621 τοὺς
3050 4555 3324 4617 τοιούτους
3354 4553 3498 4616 υἱοὺς

237 4641 410 4694 αὐτοῦ
438 4644 592 4697 καλεῖ
624 4646 655 4716 ἡ
687 4647 899 4718 Γραφή.

312 4732 527 4789 Titulus
563 4736 856 4807 inscriptus
888 4738 1130 4794 continet
1165 4756 1180 4793 :
1218 4736 1285 4792 In
1313 4738 1491 4808 ﬁnem,
1525 4738 1655 4807 ﬁliis
1683 4738 1815 4793 Core
1860 4739 2117 4808 psalmus.
2148 4738 2225 4794 De
2282 4739 2387 4794 line
2438 4738 2676 4794 ﬁliorum
2731 4739 3107 4796 inobedientiae
3138 4739 3382 4808 psalmus
3415 4737 3497 4791 lo-

236 4831 450 4901 quitur.
486 4829 618 4885 Core
650 4833 934 4903 signiﬁcat,
971 4835 1270 4891 inobcdiens
1307 4834 1412 4888 Deo
1439 4834 1613 4903 factus
1651 4843 1750 4902 est,
1785 4844 2072 4907 propterea
2107 4836 2242 4891 tales
2271 4836 2390 4906 ejus
2416 4836 2559 4891 [illos
2588 4845 2746 4890 vocat
2779 4833 2973 4905 psalmi
3014 4833 3319 4903 inscriptio.

313 4925 366 4979 I.
408 4924 736 4997 Παιδεύθητε
767 4928 960 4993 ταῦτα,
993 4928 1029 4983 ἁ
1069 4926 1249 5000 μέλλω
1294 4927 1497 4994 λέγειν,
1529 4927 1708 4983 πάντα
1752 4927 1821 4981 τὰ

1997 4931 2048 4984 1.
2083 4928 2282 4984 Discite
2313 4930 2448 4994 haec,
2478 4944 2599 4998 quae
2628 4929 2874 4984 dicturus
2898 4927 3041 4990 sum,
3068 4940 3261 4980 omnes
3288 4935 3495 4995 gentes.

238 5013 393 5066 εονη.

307 5029 371 5159 ἓ
392 5103 705 5169 Ἔκδέξασϐε
741 5107 811 5160 τὰ
840 5102 955 5161 ῶτα
987 5109 1140 5179 ὑμῶν
1163 5107 1199 5163 ἃ
1227 5108 1338 5180 ἐρῶ
1368 5109 1497 5180 ὑμῖν
1539 5107 1639 5178 (6).

2002 5105 2055 5162 2.
2084 5105 2330 5177 Excipite
2353 5106 2579 5162 auribus
2613 5105 2829 5173 vestris,
2855 5121 2977 5176 qua:
3004 5102 3180 5159 dicam
3214 5101 3389 5155 vobis.

1187 5229 1493 5291 Addenda
1525 5235 1586 5290 et
1641 5226 2022 5305 corrigenda
2054 5243 2132 5288 ex
2165 5226 2306 5289 cod.
2342 5227 2546 5290 Vatic.

309 5345 386 5419 (ἶ)
426 5345 824 5419 ὲιηγησόμεθα.
1999 5347 2072 5419 Η)
2098 5349 2159 5400 Ἦ
2183 5348 2269 5403 διὰ
2301 5349 2399 5419 τῆς
2421 5347 2792 5416 κινναϐάρεως
2821 5361 2946 5414 περ.

309 5415 595 5492 (ἓ)ἓον;.
659 5415 725 5492 .,.
779 5480 837 5492 -.
895 5481 909 5492 .
1070 5491 1073 5492 ,
1302 5481 1316 5492 .
1453 5482 1464 5492 .

1997 5415 2390 5492 (5)509éxé'9
2422 5420 2519 5492 ἀπο
2606 5415 2665 5492 ᾗ
2731 5486 2744 5492 -
2801 5488 2822 5492 _
2937 5483 2949 5492 .
3139 5483 3152 5492 .
3407 5479 3434 5492 -

309 5480 385 5549 (3)
415 5485 484 5556 Ν.
529 5482 619 5556 29,
645 5483 749 5556 _30,
779 5480 869 5544 31,
895 5481 1150 5556 leguntur
1175 5481 1549 5556 coniunctim,
1598 5491 1816 5556 acdpost

1993 5480 2068 5556 (δί
2109 5480 2427 5555 Είςὲδὲξασῖϐε
2456 5491 2537 5553 είς
2564 5489 2696 5542 τὰ...
2725 5486 2851 5556 ὑμῖν
2881 5483 3079 5546 πάντες
3105 5483 3154 5537 οἱ
3184 5480 3491 5538 κατοικοῦν-

234 5557 384 5634 ᾖμᾷς
413 5552 852 5634 h-zec‘adduntttr,
873 5553 982 5634 ,εἰς’
1005 5555 1147 5634 1.06;-
1163 5553 1551 5634 ἁτελευτήτους
1588 5552 1814 5618 αἰῶνας,

844 5553 982 5634 ἰείς⁸
1005 5553 1551 5634 τρὺςβτρλευτήτους
1588 5552 1814 5618 αίῶνας,
1917 5552 2010 5626 τες
2039 5552 2136 5634 τὴν
2161 5552 2492 5632 οἰκουμένην.

233 5621 388 5694 δ’τὴν
419 5623 593 5694 ψυχὴν
625 5622 787 5675 αὑτοῦ
813 5621 925 5686 θεὶς
961 5622 1100 5694 ὑπὲρ
1124 5622 1299 5694 ήμῶν.

303 5737 382 5813 (ᾳ)
415 5737 699 5813 ςζίσχετε.
731 5733 892 5813 Forte
918 5735 1209 5813 ἔχετεαοι
1237 5737 1434 5808 ἴσχετε.
1469 5736 1626 5813 Eon:
1707 5807 1745 5813 _

1600 5753 1626 5813 ξ
1707 5807 1745 5813 _
1987 5741 2057 5813 (ε)
2089 5741 2480 5812 Διηγήσασθε.
2513 5739 2672 5797 Forte
2708 5735 3056 5810 διηγήσησθε.
3095 5735 3248 5790 Eutr.

301 5806 378 5876 (ὁ)
405 5804 754 5874 Μερίσεσθε.
790 5804 917 5876 Leg.
946 5804 1057 5862 vid.
1105 5804 1324 5877 interp.,
1362 5806 1677 5878 μερίσασθε.
1705 5807 1802 5863 En.
