  <div class='ocr_page' id='page_1' title='image "/cluster/home/n/w/nwhite01/storage/ocr_20150623/27/uva.x030474749/429.png"; bbox 0 0 4174 6494; ppageno 0'>
   <div class='ocr_carea' id='block_1_1' title="bbox 684 423 3954 510">
    <p class='ocr_par' dir='ltr' id='par_1_1' title="bbox 684 423 3954 510">
     <span class='ocr_line' id='line_1_1' title="bbox 684 423 3954 510; baseline -0.007 -10"><span class='ocrx_word' id='word_1_1' title='bbox 684 453 786 510; x_wconf 78' lang='lat'><strong>839</strong></span> <span class='ocrx_word' id='word_1_2' title='bbox 1528 438 1586 493; x_wconf 87' lang='lat' dir='ltr'><strong>S.</strong></span> <span class='ocrx_word' id='word_1_3' title='bbox 1628 432 2007 492; x_wconf 76' lang='lat' dir='ltr'><strong>ATllANASll</strong></span> <span class='ocrx_word' id='word_1_4' title='bbox 2046 431 2197 489; x_wconf 83' lang='lat' dir='ltr'><strong>OPP.</strong></span> <span class='ocrx_word' id='word_1_5' title='bbox 2239 426 2416 484; x_wconf 78' lang='lat' dir='ltr'><strong>PARS</strong></span> <span class='ocrx_word' id='word_1_6' title='bbox 2457 426 2547 481; x_wconf 88' lang='lat' dir='ltr'><strong>Ill.</strong></span> <span class='ocrx_word' id='word_1_7' title='bbox 2585 457 2654 466; x_wconf 91' lang='lat'>—</span> <span class='ocrx_word' id='word_1_8' title='bbox 2689 423 3104 481; x_wconf 79' lang='lat' dir='ltr'><strong>EXEGETICA.</strong></span> <span class='ocrx_word' id='word_1_9' title='bbox 3843 423 3954 481; x_wconf 74' lang='grc'><strong>840</strong></span> 
     </span>
    </p>
   </div>
   <div class='ocr_carea' id='block_1_2' title="bbox 751 541 2399 641">
    <p class='ocr_par' dir='ltr' id='par_1_2' title="bbox 751 560 2321 641">
     <span class='ocr_line' id='line_1_2' title="bbox 751 560 2321 641; baseline -0.015 -13"><span class='ocrx_word' id='word_1_10' title='bbox 751 576 803 628; x_wconf 79' lang='grc'><strong>5.</strong></span> <span class='ocrx_word' id='word_1_11' title='bbox 841 571 1051 641; x_wconf 83' lang='lat' dir='ltr'><strong>Quique</strong></span> <span class='ocrx_word' id='word_1_12' title='bbox 1075 566 1358 638; x_wconf 59' lang='lat' dir='ltr'><strong>terrigena</strong></span> <span class='ocrx_word' id='word_1_13' title='bbox 1380 572 1432 618; x_wconf 82' lang='lat' dir='ltr'><strong>et</strong></span> <span class='ocrx_word' id='word_1_14' title='bbox 1456 561 1550 617; x_wconf 86' lang='lat' dir='ltr'><strong>lilii</strong></span> <span class='ocrx_word' id='word_1_15' title='bbox 1583 560 1890 624; x_wconf 83' lang='lat' dir='ltr'><strong>hominum,</strong></span> <span class='ocrx_word' id='word_1_16' title='bbox 2274 561 2321 617; x_wconf 82' lang='grc' dir='ltr'><strong>Α</strong></span> 
     </span>
    </p>
   </div>
   <div class='ocr_carea' id='block_1_3' title="bbox 2041 541 3689 641">
    <p class='ocr_par' dir='ltr' id='par_1_3' title="bbox 2274 541 3689 619">
     <span class='ocr_line' id='line_1_3' title="bbox 2274 541 3689 619; baseline -0.008 -13"><span class='ocrx_word' id='word_1_17' title='bbox 2274 561 2321 617; x_wconf 82' lang='grc' dir='ltr'><strong>Α</strong></span> <span class='ocrx_word' id='word_1_18' title='bbox 2418 553 2469 606; x_wconf 82' lang='grc'><strong>5.</strong></span> <span class='ocrx_word' id='word_1_19' title='bbox 2512 551 2584 603; x_wconf 78' lang='grc' dir='ltr'><strong>Οἵ</strong></span> <span class='ocrx_word' id='word_1_20' title='bbox 2613 567 2673 602; x_wconf 91' lang='grc' dir='ltr'><strong>τε</strong></span> <span class='ocrx_word' id='word_1_21' title='bbox 2698 549 2952 619; x_wconf 81' lang='grc' dir='ltr'><strong>γηγενεῖς</strong></span> <span class='ocrx_word' id='word_1_22' title='bbox 2975 546 3070 599; x_wconf 71' lang='grc' dir='ltr'><strong>καὶ</strong></span> <span class='ocrx_word' id='word_1_23' title='bbox 3099 543 3205 597; x_wconf 77' lang='grc' dir='ltr'>υἱοὶ</span> <span class='ocrx_word' id='word_1_24' title='bbox 3236 541 3342 595; x_wconf 82' lang='grc' dir='ltr'><strong>τῶν</strong></span> <span class='ocrx_word' id='word_1_25' title='bbox 3364 541 3689 614; x_wconf 80' lang='grc' dir='ltr'>ἀνθρώπων,</span> 
     </span>
    </p>
   </div>
   <div class='ocr_carea' id='block_1_4' title="bbox 754 636 2402 721">
    <p class='ocr_par' dir='ltr' id='par_1_4' title="bbox 754 636 1813 721">
     <span class='ocr_line' id='line_1_4' title="bbox 754 636 1813 721; baseline -0.012 -2"><span class='ocrx_word' id='word_1_26' title='bbox 754 667 807 719; x_wconf 45' lang='lat' dir='ltr'><strong>tl.</strong></span> <span class='ocrx_word' id='word_1_27' title='bbox 841 636 1013 718; x_wconf 68' lang='lat' dir='ltr'><strong>Simul</strong></span> <span class='ocrx_word' id='word_1_28' title='bbox 1039 662 1091 714; x_wconf 92' lang='lat' dir='ltr'><strong>iu</strong></span> <span class='ocrx_word' id='word_1_29' title='bbox 1134 636 1301 713; x_wconf 84' lang='lat' dir='ltr'><strong>unum</strong></span> <span class='ocrx_word' id='word_1_30' title='bbox 1326 655 1478 710; x_wconf 86' lang='lat' dir='ltr'>dives</span> <span class='ocrx_word' id='word_1_31' title='bbox 1505 662 1560 709; x_wconf 90' lang='lat' dir='ltr'><strong>et</strong></span> <span class='ocrx_word' id='word_1_32' title='bbox 1588 667 1813 721; x_wconf 82' lang='lat' dir='ltr'><strong>pauper.</strong></span> 
     </span>
    </p>
   </div>
   <div class='ocr_carea' id='block_1_5' title="bbox 1862 636 3510 721">
    <p class='ocr_par' dir='ltr' id='par_1_5' title="bbox 2427 636 3510 705">
     <span class='ocr_line' id='line_1_5' title="bbox 2427 636 3510 705; baseline -0.008 -9"><span class='ocrx_word' id='word_1_33' title='bbox 2427 645 2479 696; x_wconf 75' lang='grc'><strong>4.</strong></span> <span class='ocrx_word' id='word_1_34' title='bbox 2505 643 2630 694; x_wconf 76' lang='grc' dir='ltr'><strong>Ἐπὶ</strong></span> <span class='ocrx_word' id='word_1_35' title='bbox 2656 642 2715 694; x_wconf 83' lang='grc' dir='ltr'>τὸ</span> <span class='ocrx_word' id='word_1_36' title='bbox 2750 641 2880 695; x_wconf 81' lang='grc' dir='ltr'>αὐτὸ</span> <span class='ocrx_word' id='word_1_37' title='bbox 2916 638 3168 700; x_wconf 78' lang='grc' dir='ltr'>πλούσιος</span> <span class='ocrx_word' id='word_1_38' title='bbox 3206 637 3298 688; x_wconf 73' lang='grc' dir='ltr'><strong>καὶ</strong></span> <span class='ocrx_word' id='word_1_39' title='bbox 3327 636 3510 705; x_wconf 78' lang='grc' dir='ltr'>πένης.</span> 
     </span>
    </p>
   </div>
   <div class='ocr_carea' id='block_1_6' title="bbox 754 726 2402 819">
    <p class='ocr_par' dir='ltr' id='par_1_6' title="bbox 754 745 1792 819">
     <span class='ocr_line' id='line_1_6' title="bbox 754 745 1792 819; baseline -0.013 -10"><span class='ocrx_word' id='word_1_40' title='bbox 840 753 912 808; x_wconf 89' lang='lat' dir='ltr'><strong>Os</strong></span> <span class='ocrx_word' id='word_1_41' title='bbox 949 767 1127 806; x_wconf 88' lang='lat' dir='ltr'><strong>meum</strong></span> <span class='ocrx_word' id='word_1_42' title='bbox 1162 751 1414 819; x_wconf 91' lang='lat' dir='ltr'><strong>loquetur</strong></span> <span class='ocrx_word' id='word_1_43' title='bbox 1445 745 1792 815; x_wconf 80' lang='lat' dir='ltr'><strong>sapientiam,</strong></span> 
     </span>
    </p>
   </div>
   <div class='ocr_carea' id='block_1_7' title="bbox 1785 726 3433 819">
    <p class='ocr_par' dir='ltr' id='par_1_7' title="bbox 1785 726 3433 807">
     <span class='ocr_line' id='line_1_7' title="bbox 1785 726 3433 807; baseline -0.01 -15"><span class='ocrx_word' id='word_1_44' title='bbox 1785 785 1792 807; x_wconf 84' lang='grc'><strong>,</strong></span> <span class='ocrx_word' id='word_1_45' title='bbox 2524 733 2597 785; x_wconf 82' lang='grc' dir='ltr'><strong>Τὸ</strong></span> <span class='ocrx_word' id='word_1_46' title='bbox 2626 732 2801 801; x_wconf 83' lang='grc' dir='ltr'><strong>στόμα</strong></span> <span class='ocrx_word' id='word_1_47' title='bbox 2838 747 2937 800; x_wconf 90' lang='grc' dir='ltr'><strong>μου</strong></span> <span class='ocrx_word' id='word_1_48' title='bbox 2969 729 3192 798; x_wconf 78' lang='grc' dir='ltr'><strong>λαλήσει</strong></span> <span class='ocrx_word' id='word_1_49' title='bbox 3225 726 3433 794; x_wconf 74' lang='grc' dir='ltr'>σοφίαν,</span> 
     </span>
    </p>
   </div>
   <div class='ocr_carea' id='block_1_8' title="bbox 756 815 2404 906">
    <p class='ocr_par' dir='ltr' id='par_1_8' title="bbox 756 815 1937 906">
     <span class='ocr_line' id='line_1_8' title="bbox 756 815 1937 906; baseline -0.014 -6"><span class='ocrx_word' id='word_1_50' title='bbox 756 847 808 900; x_wconf 83' lang='grc'><strong>0.</strong></span> <span class='ocrx_word' id='word_1_51' title='bbox 841 845 904 899; x_wconf 85' lang='lat' dir='ltr'><strong>Et</strong></span> <span class='ocrx_word' id='word_1_52' title='bbox 931 842 1210 899; x_wconf 80' lang='lat' dir='ltr'><strong>meditatio</strong></span> <span class='ocrx_word' id='word_1_53' title='bbox 1231 815 1413 895; x_wconf 78' lang='lat' dir='ltr'><strong>cordis</strong></span> <span class='ocrx_word' id='word_1_54' title='bbox 1438 839 1542 892; x_wconf 88' lang='lat' dir='ltr'><strong>mei</strong></span> <span class='ocrx_word' id='word_1_55' title='bbox 1574 835 1937 906; x_wconf 81' lang='lat' dir='ltr'><strong>prudentiam.</strong></span> 
     </span>
    </p>
   </div>
   <div class='ocr_carea' id='block_1_9' title="bbox 2063 815 3711 906">
    <p class='ocr_par' dir='ltr' id='par_1_9' title="bbox 2428 815 3711 892">
     <span class='ocr_line' id='line_1_9' title="bbox 2428 815 3711 892; baseline -0.005 -16"><span class='ocrx_word' id='word_1_56' title='bbox 2428 825 2481 879; x_wconf 85' lang='lat'><strong>6.</strong></span> <span class='ocrx_word' id='word_1_57' title='bbox 2525 824 2687 892; x_wconf 75' lang='grc' dir='ltr'><strong>Καὶή</strong></span> <span class='ocrx_word' id='word_1_58' title='bbox 2725 821 2920 892; x_wconf 82' lang='grc' dir='ltr'><strong>μελέτη</strong></span> <span class='ocrx_word' id='word_1_59' title='bbox 2952 820 3053 890; x_wconf 83' lang='grc' dir='ltr'>τῆς</span> <span class='ocrx_word' id='word_1_60' title='bbox 3083 818 3309 888; x_wconf 82' lang='grc' dir='ltr'>καρδίας</span> <span class='ocrx_word' id='word_1_61' title='bbox 3338 834 3439 887; x_wconf 86' lang='grc' dir='ltr'><strong>μου</strong></span> <span class='ocrx_word' id='word_1_62' title='bbox 3475 815 3711 869; x_wconf 74' lang='grc' dir='ltr'>σύνεσιν.</span> 
     </span>
    </p>
   </div>
   <div class='ocr_carea' id='block_1_10' title="bbox 756 905 2404 1003">
    <p class='ocr_par' dir='ltr' id='par_1_10' title="bbox 756 932 2006 1003">
     <span class='ocr_line' id='line_1_10' title="bbox 756 932 2006 1003; baseline -0.011 -11"><span class='ocrx_word' id='word_1_63' title='bbox 756 940 808 991; x_wconf 88' lang='lat'><strong>7.</strong></span> <span class='ocrx_word' id='word_1_64' title='bbox 843 937 1120 992; x_wconf 84' lang='lat' dir='ltr'><strong>lnclinabo</strong></span> <span class='ocrx_word' id='word_1_65' title='bbox 1156 936 1208 988; x_wconf 92' lang='lat' dir='ltr'><strong>in</strong></span> <span class='ocrx_word' id='word_1_66' title='bbox 1244 932 1555 1003; x_wconf 84' lang='lat' dir='ltr'><strong>parabolam</strong></span> <span class='ocrx_word' id='word_1_67' title='bbox 1587 944 1774 983; x_wconf 87' lang='lat' dir='ltr'><strong>aurem</strong></span> <span class='ocrx_word' id='word_1_68' title='bbox 1806 941 2006 988; x_wconf 86' lang='lat' dir='ltr'><strong>meam,</strong></span> 
     </span>
    </p>
   </div>
   <div class='ocr_carea' id='block_1_11' title="bbox 1902 905 3550 1003">
    <p class='ocr_par' dir='ltr' id='par_1_11' title="bbox 1902 905 3550 988">
     <span class='ocr_line' id='line_1_11' title="bbox 1902 905 3550 988; baseline -0.012 -9"><span class='ocrx_word' id='word_1_69' title='bbox 1902 941 2006 988; x_wconf 82' lang='lat' dir='ltr'><strong>am,</strong></span> <span class='ocrx_word' id='word_1_70' title='bbox 2429 916 2481 967; x_wconf 90' lang='lat'><strong>7.</strong></span> <span class='ocrx_word' id='word_1_71' title='bbox 2524 914 2704 967; x_wconf 82' lang='grc' dir='ltr'>Κλινῶ</span> <span class='ocrx_word' id='word_1_72' title='bbox 2737 916 2815 976; x_wconf 86' lang='grc' dir='ltr'><strong>είς</strong></span> <span class='ocrx_word' id='word_1_73' title='bbox 2841 911 3154 984; x_wconf 76' lang='grc' dir='ltr'>παραϐολὴν</span> <span class='ocrx_word' id='word_1_74' title='bbox 3188 910 3250 962; x_wconf 82' lang='grc' dir='ltr'><strong>τὸ</strong></span> <span class='ocrx_word' id='word_1_75' title='bbox 3286 905 3378 979; x_wconf 79' lang='grc' dir='ltr'><strong>οὖς</strong></span> <span class='ocrx_word' id='word_1_76' title='bbox 3413 923 3514 977; x_wconf 90' lang='grc' dir='ltr'><strong>μου</strong></span> <span class='ocrx_word' id='word_1_77' title='bbox 3535 923 3550 938; x_wconf 79' lang='grc'><strong><em>⁸</em></strong></span> 
     </span>
    </p>
   </div>
   <div class='ocr_carea' id='block_1_12' title="bbox 757 999 2405 1102">
    <p class='ocr_par' dir='ltr' id='par_1_12' title="bbox 757 999 2133 1102">
     <span class='ocr_line' id='line_1_12' title="bbox 757 999 2133 1102; baseline -0.012 -15"><span class='ocrx_word' id='word_1_78' title='bbox 757 1035 808 1087; x_wconf 81' lang='lat'><strong>8.</strong></span> <span class='ocrx_word' id='word_1_79' title='bbox 837 1031 1090 1102; x_wconf 82' lang='lat' dir='ltr'><strong>Aperiam</strong></span> <span class='ocrx_word' id='word_1_80' title='bbox 1122 1030 1174 1083; x_wconf 93' lang='lat' dir='ltr'><strong>in</strong></span> <span class='ocrx_word' id='word_1_81' title='bbox 1198 999 1453 1098; x_wconf 83' lang='lat' dir='ltr'><strong>psalterio</strong></span> <span class='ocrx_word' id='word_1_82' title='bbox 1481 1023 1906 1094; x_wconf 86' lang='lat' dir='ltr'><strong>propositionem</strong></span> <span class='ocrx_word' id='word_1_83' title='bbox 1933 1033 2133 1072; x_wconf 80' lang='lat' dir='ltr'><strong>meam.</strong></span> 
     </span>
    </p>
   </div>
   <div class='ocr_carea' id='block_1_13' title="bbox 2038 999 3686 1102">
    <p class='ocr_par' dir='ltr' id='par_1_13' title="bbox 2038 999 3686 1097">
     <span class='ocr_line' id='line_1_13' title="bbox 2038 999 3686 1097; baseline -0.013 -25"><span class='ocrx_word' id='word_1_84' title='bbox 2038 1034 2133 1072; x_wconf 83' lang='lat' dir='ltr'><strong>tm.</strong></span> <span class='ocrx_word' id='word_1_85' title='bbox 2430 1008 2482 1061; x_wconf 90' lang='lat'><strong>8.</strong></span> <span class='ocrx_word' id='word_1_86' title='bbox 2511 1007 2728 1097; x_wconf 59' lang='grc' dir='ltr'>Ἀνοίςω</span> <span class='ocrx_word' id='word_1_87' title='bbox 2756 1007 2813 1058; x_wconf 87' lang='grc' dir='ltr'>ὲν</span> <span class='ocrx_word' id='word_1_88' title='bbox 2844 1003 3127 1074; x_wconf 81' lang='grc' dir='ltr'>ψαλτηρίῳ</span> <span class='ocrx_word' id='word_1_89' title='bbox 3156 1002 3217 1056; x_wconf 82' lang='grc' dir='ltr'><strong>τὸ</strong></span> <span class='ocrx_word' id='word_1_90' title='bbox 3251 999 3542 1084; x_wconf 68' lang='grc' dir='ltr'>πριξὸλημά</span> <span class='ocrx_word' id='word_1_91' title='bbox 3567 1016 3686 1070; x_wconf 88' lang='grc' dir='ltr'>μου.</span> 
     </span>
    </p>
   </div>
   <div class='ocr_carea' id='block_1_14' title="bbox 757 1085 2405 1178">
    <p class='ocr_par' dir='ltr' id='par_1_14' title="bbox 757 1115 1560 1178">
     <span class='ocr_line' id='line_1_14' title="bbox 757 1115 1560 1178; baseline -0.012 -1"><span class='ocrx_word' id='word_1_92' title='bbox 757 1127 810 1178; x_wconf 84' lang='lat'><strong>9.</strong></span> <span class='ocrx_word' id='word_1_93' title='bbox 840 1122 950 1176; x_wconf 89' lang='lat' dir='ltr'><strong>Cur</strong></span> <span class='ocrx_word' id='word_1_94' title='bbox 979 1120 1140 1175; x_wconf 86' lang='lat' dir='ltr'><strong>timeo</strong></span> <span class='ocrx_word' id='word_1_95' title='bbox 1170 1120 1224 1173; x_wconf 89' lang='lat' dir='ltr'><strong>in</strong></span> <span class='ocrx_word' id='word_1_96' title='bbox 1260 1117 1347 1170; x_wconf 88' lang='lat' dir='ltr'><strong>die</strong></span> <span class='ocrx_word' id='word_1_97' title='bbox 1384 1115 1560 1170; x_wconf 82' lang='lat' dir='ltr'><strong>mala?</strong></span> 
     </span>
    </p>
   </div>
   <div class='ocr_carea' id='block_1_15' title="bbox 1935 1085 3583 1178">
    <p class='ocr_par' dir='ltr' id='par_1_15' title="bbox 2432 1085 3583 1165">
     <span class='ocr_line' id='line_1_15' title="bbox 2432 1085 3583 1165; baseline -0.01 -13"><span class='ocrx_word' id='word_1_98' title='bbox 2432 1098 2620 1152; x_wconf 79' lang='grc' dir='ltr'>9.Ἷνα</span> <span class='ocrx_word' id='word_1_99' title='bbox 2649 1085 2700 1150; x_wconf 80' lang='grc' dir='ltr'>τ’ί</span> <span class='ocrx_word' id='word_1_100' title='bbox 2731 1094 3003 1165; x_wconf 81' lang='grc' dir='ltr'>φοόοὖμαι</span> <span class='ocrx_word' id='word_1_101' title='bbox 3037 1097 3094 1146; x_wconf 83' lang='grc' dir='ltr'>ὲν</span> <span class='ocrx_word' id='word_1_102' title='bbox 3127 1093 3311 1164; x_wconf 75' lang='grc' dir='ltr'>ἡμέρα</span> <span class='ocrx_word' id='word_1_103' title='bbox 3337 1091 3583 1161; x_wconf 79' lang='grc' dir='ltr'>πονηρᾷ;</span> 
     </span>
    </p>
   </div>
   <div class='ocr_carea' id='block_1_16' title="bbox 760 1179 2408 1283">
    <p class='ocr_par' dir='ltr' id='par_1_16' title="bbox 760 1203 2082 1283">
     <span class='ocr_line' id='line_1_16' title="bbox 760 1203 2082 1283; baseline -0.011 -14"><span class='ocrx_word' id='word_1_104' title='bbox 760 1214 846 1269; x_wconf 91' lang='grc'><strong>10.</strong></span> <span class='ocrx_word' id='word_1_105' title='bbox 879 1214 1139 1283; x_wconf 89' lang='lat' dir='ltr'><strong>lniquitas</strong></span> <span class='ocrx_word' id='word_1_106' title='bbox 1169 1211 1409 1267; x_wconf 85' lang='lat' dir='ltr'><strong>calcauei</strong></span> <span class='ocrx_word' id='word_1_107' title='bbox 1444 1210 1550 1263; x_wconf 92' lang='lat' dir='ltr'><strong>mei</strong></span> <span class='ocrx_word' id='word_1_108' title='bbox 1587 1203 1948 1261; x_wconf 86' lang='lat' dir='ltr'><strong>circumdabit</strong></span> <span class='ocrx_word' id='word_1_109' title='bbox 1979 1216 2082 1255; x_wconf 86' lang='lat' dir='ltr'><strong>me.</strong></span> 
     </span>
    </p>
   </div>
   <div class='ocr_carea' id='block_1_17' title="bbox 2150 1179 3798 1283">
    <p class='ocr_par' dir='ltr' id='par_1_17' title="bbox 2434 1179 3798 1257">
     <span class='ocr_line' id='line_1_17' title="bbox 2434 1179 3798 1257; baseline -0.01 -15"><span class='ocrx_word' id='word_1_110' title='bbox 2434 1190 2519 1242; x_wconf 92' lang='grc'><strong>10.</strong></span> <span class='ocrx_word' id='word_1_111' title='bbox 2546 1189 2609 1239; x_wconf 87' lang='lat' dir='ltr'><strong>&#39;ll</strong></span> <span class='ocrx_word' id='word_1_112' title='bbox 2637 1186 2837 1257; x_wconf 78' lang='grc' dir='ltr'>ἀνομία</span> <span class='ocrx_word' id='word_1_113' title='bbox 2861 1186 2959 1255; x_wconf 78' lang='grc' dir='ltr'>τῆς</span> <span class='ocrx_word' id='word_1_114' title='bbox 2997 1184 3234 1253; x_wconf 78' lang='grc' dir='ltr'><strong>πτέρνης</strong></span> <span class='ocrx_word' id='word_1_115' title='bbox 3267 1199 3367 1252; x_wconf 85' lang='grc' dir='ltr'><strong>μου</strong></span> <span class='ocrx_word' id='word_1_116' title='bbox 3406 1179 3674 1234; x_wconf 82' lang='grc' dir='ltr'><strong>κυκλώσει</strong></span> <span class='ocrx_word' id='word_1_117' title='bbox 3710 1195 3798 1248; x_wconf 79' lang='grc' dir='ltr'>με.</span> 
     </span>
    </p>
   </div>
   <div class='ocr_carea' id='block_1_18' title="bbox 765 1271 2413 1372">
    <p class='ocr_par' dir='ltr' id='par_1_18' title="bbox 765 1301 1742 1372">
     <span class='ocr_line' id='line_1_18' title="bbox 765 1301 1742 1372; baseline -0.007 -14"><span class='ocrx_word' id='word_1_118' title='bbox 765 1307 845 1361; x_wconf 92' lang='lat' dir='ltr'><strong>ll.</strong></span> <span class='ocrx_word' id='word_1_119' title='bbox 877 1305 979 1372; x_wconf 89' lang='lat' dir='ltr'><strong>Qui</strong></span> <span class='ocrx_word' id='word_1_120' title='bbox 1004 1305 1284 1360; x_wconf 78' lang='lat' dir='ltr'><strong>conﬁdunt</strong></span> <span class='ocrx_word' id='word_1_121' title='bbox 1309 1304 1360 1356; x_wconf 90' lang='lat' dir='ltr'><strong>in</strong></span> <span class='ocrx_word' id='word_1_122' title='bbox 1391 1301 1595 1356; x_wconf 90' lang='lat' dir='ltr'><strong>virtute</strong></span> <span class='ocrx_word' id='word_1_123' title='bbox 1621 1313 1742 1362; x_wconf 87' lang='lat' dir='ltr'><strong>sua,</strong></span> 
     </span>
    </p>
   </div>
   <div class='ocr_carea' id='block_1_19' title="bbox 2016 1271 3664 1372">
    <p class='ocr_par' dir='ltr' id='par_1_19' title="bbox 2436 1271 3664 1345">
     <span class='ocr_line' id='line_1_19' title="bbox 2436 1271 3664 1345; baseline -0.011 -9"><span class='ocrx_word' id='word_1_124' title='bbox 2436 1285 2522 1337; x_wconf 89' lang='lat' dir='ltr'><strong>ll.</strong></span> <span class='ocrx_word' id='word_1_125' title='bbox 2565 1283 2626 1333; x_wconf 79' lang='grc' dir='ltr'><strong>Οἱ</strong></span> <span class='ocrx_word' id='word_1_126' title='bbox 2654 1278 2971 1342; x_wconf 81' lang='grc' dir='ltr'><strong>πεποιθότες</strong></span> <span class='ocrx_word' id='word_1_127' title='bbox 3004 1277 3096 1329; x_wconf 74' lang='grc' dir='ltr'>ἐπὶ</span> <span class='ocrx_word' id='word_1_128' title='bbox 3118 1279 3183 1345; x_wconf 79' lang='grc' dir='ltr'>τῇ</span> <span class='ocrx_word' id='word_1_129' title='bbox 3207 1275 3432 1344; x_wconf 82' lang='grc' dir='ltr'>δυνάμει</span> <span class='ocrx_word' id='word_1_130' title='bbox 3464 1271 3664 1334; x_wconf 80' lang='grc' dir='ltr'>αὐτῶν,</span> 
     </span>
    </p>
   </div>
   <div class='ocr_carea' id='block_1_20' title="bbox 761 1363 2409 1452">
    <p class='ocr_par' dir='ltr' id='par_1_20' title="bbox 761 1363 2260 1452">
     <span class='ocr_line' id='line_1_20' title="bbox 761 1363 2260 1452; baseline -0.011 -1"><span class='ocrx_word' id='word_1_131' title='bbox 761 1398 848 1451; x_wconf 73' lang='grc'><strong>12.</strong></span> <span class='ocrx_word' id='word_1_132' title='bbox 881 1363 946 1452; x_wconf 63' lang='grc' dir='ltr'>ἐι</span> <span class='ocrx_word' id='word_1_133' title='bbox 1007 1398 1061 1451; x_wconf 90' lang='lat' dir='ltr'><strong>in</strong></span> <span class='ocrx_word' id='word_1_134' title='bbox 1095 1395 1437 1451; x_wconf 79' lang='lat' dir='ltr'><strong>multitudine</strong></span> <span class='ocrx_word' id='word_1_135' title='bbox 1489 1391 1801 1447; x_wconf 84' lang='lat' dir='ltr'><strong>divitiarum</strong></span> <span class='ocrx_word' id='word_1_136' title='bbox 1860 1400 2083 1444; x_wconf 86' lang='lat' dir='ltr'><strong>suarum</strong></span> <span class='ocrx_word' id='word_1_137' title='bbox 2143 1382 2260 1452; x_wconf 79' lang='lat' dir='ltr'><strong>glo-</strong></span> 
     </span>
    </p>
   </div>
   <div class='ocr_carea' id='block_1_21' title="bbox 2291 1363 3939 1452">
    <p class='ocr_par' dir='ltr' id='par_1_21' title="bbox 2440 1363 3939 1442">
     <span class='ocr_line' id='line_1_21' title="bbox 2440 1363 3939 1442; baseline -0.009 -13"><span class='ocrx_word' id='word_1_138' title='bbox 2440 1376 2521 1429; x_wconf 70' lang='grc'><strong>12.</strong></span> <span class='ocrx_word' id='word_1_139' title='bbox 2566 1375 2674 1428; x_wconf 73' lang='grc' dir='ltr'>Καὶ</span> <span class='ocrx_word' id='word_1_140' title='bbox 2715 1373 2807 1426; x_wconf 75' lang='grc' dir='ltr'>ἐπὶ</span> <span class='ocrx_word' id='word_1_141' title='bbox 2854 1370 2932 1442; x_wconf 83' lang='grc' dir='ltr'>τῷ</span> <span class='ocrx_word' id='word_1_142' title='bbox 2979 1370 3170 1442; x_wconf 81' lang='grc' dir='ltr'>πλήθει</span> <span class='ocrx_word' id='word_1_143' title='bbox 3207 1366 3299 1420; x_wconf 78' lang='grc' dir='ltr'>τοῦ</span> <span class='ocrx_word' id='word_1_144' title='bbox 3329 1366 3558 1420; x_wconf 76' lang='grc' dir='ltr'>πλούτου</span> <span class='ocrx_word' id='word_1_145' title='bbox 3598 1363 3776 1417; x_wconf 75' lang='grc' dir='ltr'>αὐτῶν</span> <span class='ocrx_word' id='word_1_146' title='bbox 3806 1382 3939 1416; x_wconf 80' lang='grc' dir='ltr'>καυ-</span> 
     </span>
    </p>
   </div>
   <div class='ocr_carea' id='block_1_22' title="bbox 692 1466 2340 1545">
    <p class='ocr_par' dir='ltr' id='par_1_22' title="bbox 692 1492 920 1545">
     <span class='ocr_line' id='line_1_22' title="bbox 692 1492 920 1545; baseline 0.009 -2"><span class='ocrx_word' id='word_1_147' title='bbox 692 1492 805 1544; x_wconf 72' lang='lat' dir='ltr'><strong>riam</strong></span> <span class='ocrx_word' id='word_1_148' title='bbox 816 1502 920 1545; x_wconf 88' lang='lat' dir='ltr'><strong>tur.</strong></span> 
     </span>
    </p>
   </div>
   <div class='ocr_carea' id='block_1_23' title="bbox 969 1466 2617 1545">
    <p class='ocr_par' dir='ltr' id='par_1_23' title="bbox 2365 1466 2617 1537">
     <span class='ocr_line' id='line_1_23' title="bbox 2365 1466 2617 1537; baseline 0 -19"><span class='ocrx_word' id='word_1_149' title='bbox 2365 1466 2617 1537; x_wconf 76' lang='grc' dir='ltr'>χώμενοι.</span> 
     </span>
    </p>
   </div>
   <div class='ocr_carea' id='block_1_24' title="bbox 764 1551 2412 1645">
    <p class='ocr_par' dir='ltr' id='par_1_24' title="bbox 764 1573 1970 1645">
     <span class='ocr_line' id='line_1_24' title="bbox 764 1573 1970 1645; baseline -0.008 -10"><span class='ocrx_word' id='word_1_150' title='bbox 764 1583 845 1636; x_wconf 80' lang='grc'><strong>15.</strong></span> <span class='ocrx_word' id='word_1_151' title='bbox 886 1583 1075 1636; x_wconf 86' lang='lat' dir='ltr'><strong>Frater</strong></span> <span class='ocrx_word' id='word_1_152' title='bbox 1110 1597 1219 1636; x_wconf 91' lang='lat' dir='ltr'><strong>non</strong></span> <span class='ocrx_word' id='word_1_153' title='bbox 1256 1579 1494 1645; x_wconf 84' lang='lat' dir='ltr'><strong>redimit,</strong></span> <span class='ocrx_word' id='word_1_154' title='bbox 1526 1576 1758 1632; x_wconf 85' lang='lat' dir='ltr'><strong>redimet</strong></span> <span class='ocrx_word' id='word_1_155' title='bbox 1783 1573 1970 1636; x_wconf 90' lang='lat' dir='ltr'><strong>homo,</strong></span> 
     </span>
    </p>
   </div>
   <div class='ocr_carea' id='block_1_25' title="bbox 2291 1551 3939 1645">
    <p class='ocr_par' dir='ltr' id='par_1_25' title="bbox 2439 1551 3939 1626">
     <span class='ocr_line' id='line_1_25' title="bbox 2439 1551 3939 1626; baseline -0.007 -13"><span class='ocrx_word' id='word_1_156' title='bbox 2439 1561 2523 1613; x_wconf 94' lang='grc'><strong>15.</strong></span> <span class='ocrx_word' id='word_1_157' title='bbox 2565 1556 2814 1626; x_wconf 80' lang='grc' dir='ltr'>Ἀδελφδς</span> <span class='ocrx_word' id='word_1_158' title='bbox 2847 1556 2904 1608; x_wconf 85' lang='grc' dir='ltr'><strong>οὐ</strong></span> <span class='ocrx_word' id='word_1_159' title='bbox 2936 1554 3243 1624; x_wconf 76' lang='grc' dir='ltr'>λυτροῦται,</span> <span class='ocrx_word' id='word_1_160' title='bbox 3269 1551 3600 1622; x_wconf 81' lang='grc' dir='ltr'>λυτρὼσεται</span> <span class='ocrx_word' id='word_1_161' title='bbox 3626 1552 3939 1615; x_wconf 76' lang='grc' dir='ltr'>ἄνθρωπος·</span> 
     </span>
    </p>
   </div>
   <div class='ocr_carea' id='block_1_26' title="bbox 762 1639 2410 1742">
    <p class='ocr_par' dir='ltr' id='par_1_26' title="bbox 762 1639 1914 1742">
     <span class='ocr_line' id='line_1_26' title="bbox 762 1639 1914 1742; baseline -0.009 -15"><span class='ocrx_word' id='word_1_162' title='bbox 762 1675 852 1728; x_wconf 72' lang='grc'><strong>11.</strong></span> <span class='ocrx_word' id='word_1_163' title='bbox 882 1672 999 1727; x_wconf 87' lang='lat' dir='ltr'><strong>Non</strong></span> <span class='ocrx_word' id='word_1_164' title='bbox 1027 1673 1176 1728; x_wconf 89' lang='lat' dir='ltr'><strong>dabit</strong></span> <span class='ocrx_word' id='word_1_165' title='bbox 1205 1673 1313 1727; x_wconf 87' lang='lat' dir='ltr'><strong>Deo</strong></span> <span class='ocrx_word' id='word_1_166' title='bbox 1337 1639 1697 1742; x_wconf 78' lang='lat' dir='ltr'><strong>placationem</strong></span> <span class='ocrx_word' id='word_1_167' title='bbox 1731 1679 1914 1729; x_wconf 88' lang='lat' dir='ltr'><strong>suam,</strong></span> 
     </span>
    </p>
   </div>
   <div class='ocr_carea' id='block_1_27' title="bbox 1966 1639 3614 1742">
    <p class='ocr_par' dir='ltr' id='par_1_27' title="bbox 2439 1639 3614 1714">
     <span class='ocr_line' id='line_1_27' title="bbox 2439 1639 3614 1714; baseline -0.009 -12"><span class='ocrx_word' id='word_1_168' title='bbox 2439 1649 2526 1702; x_wconf 73' lang='grc'><strong>14.</strong></span> <span class='ocrx_word' id='word_1_169' title='bbox 2560 1648 2634 1700; x_wconf 77' lang='grc' dir='ltr'><strong>Οὐ</strong></span> <span class='ocrx_word' id='word_1_170' title='bbox 2664 1645 2826 1698; x_wconf 86' lang='grc' dir='ltr'>δώσει</span> <span class='ocrx_word' id='word_1_171' title='bbox 2855 1643 2931 1714; x_wconf 82' lang='grc' dir='ltr'><strong>τῷ</strong></span> <span class='ocrx_word' id='word_1_172' title='bbox 2959 1644 3078 1714; x_wconf 83' lang='grc' dir='ltr'><strong>Θεῷ</strong></span> <span class='ocrx_word' id='word_1_173' title='bbox 3107 1643 3370 1712; x_wconf 77' lang='grc' dir='ltr'>ἐξίλασμα</span> <span class='ocrx_word' id='word_1_174' title='bbox 3400 1639 3614 1705; x_wconf 76' lang='grc' dir='ltr'>ἑαυτοῦ,</span> 
     </span>
    </p>
   </div>
   <div class='ocr_carea' id='block_1_28' title="bbox 766 1731 2414 1835">
    <p class='ocr_par' dir='ltr' id='par_1_28' title="bbox 766 1731 2021 1835">
     <span class='ocr_line' id='line_1_28' title="bbox 766 1731 2021 1835; baseline -0.008 -16"><span class='ocrx_word' id='word_1_175' title='bbox 766 1766 852 1820; x_wconf 86' lang='grc'><strong>15.</strong></span> <span class='ocrx_word' id='word_1_176' title='bbox 886 1765 950 1820; x_wconf 82' lang='lat' dir='ltr'><strong>Et</strong></span> <span class='ocrx_word' id='word_1_177' title='bbox 982 1767 1215 1835; x_wconf 89' lang='lat' dir='ltr'><strong>pretium</strong></span> <span class='ocrx_word' id='word_1_178' title='bbox 1248 1731 1637 1833; x_wconf 68' lang='lat' dir='ltr'><strong>redemptionis</strong></span> <span class='ocrx_word' id='word_1_179' title='bbox 1667 1759 1863 1814; x_wconf 71' lang='lat' dir='ltr'><strong>anima:</strong></span> <span class='ocrx_word' id='word_1_180' title='bbox 1891 1770 2021 1811; x_wconf 70' lang='lat' dir='ltr'><strong>suae.</strong></span> 
     </span>
    </p>
   </div>
   <div class='ocr_carea' id='block_1_29' title="bbox 2296 1731 3944 1835">
    <p class='ocr_par' dir='ltr' id='par_1_29' title="bbox 2442 1731 3944 1810">
     <span class='ocr_line' id='line_1_29' title="bbox 2442 1731 3944 1810; baseline -0.007 -14"><span class='ocrx_word' id='word_1_181' title='bbox 2442 1743 2528 1796; x_wconf 78' lang='grc'><strong>15.</strong></span> <span class='ocrx_word' id='word_1_182' title='bbox 2557 1743 2665 1794; x_wconf 70' lang='grc' dir='ltr'>Καὶ</span> <span class='ocrx_word' id='word_1_183' title='bbox 2686 1739 2781 1810; x_wconf 85' lang='grc' dir='ltr'>τὴν</span> <span class='ocrx_word' id='word_1_184' title='bbox 2801 1739 2962 1809; x_wconf 82' lang='grc' dir='ltr'>τιμὴν</span> <span class='ocrx_word' id='word_1_185' title='bbox 2983 1738 3080 1806; x_wconf 81' lang='grc' dir='ltr'>τῆς</span> <span class='ocrx_word' id='word_1_186' title='bbox 3098 1736 3416 1806; x_wconf 83' lang='grc' dir='ltr'>λυτρώσεως</span> <span class='ocrx_word' id='word_1_187' title='bbox 3436 1735 3537 1805; x_wconf 85' lang='grc' dir='ltr'><strong>τῆς</strong></span> <span class='ocrx_word' id='word_1_188' title='bbox 3556 1734 3736 1804; x_wconf 80' lang='grc' dir='ltr'>ψυχῆς</span> <span class='ocrx_word' id='word_1_189' title='bbox 3759 1731 3944 1786; x_wconf 79' lang='grc' dir='ltr'>αὑτοῦ.</span> 
     </span>
    </p>
   </div>
   <div class='ocr_carea' id='block_1_30' title="bbox 770 1825 2418 1966">
    <p class='ocr_par' dir='ltr' id='par_1_30' title="bbox 770 1825 2418 1966">
     <span class='ocr_line' id='line_1_30' title="bbox 770 1825 2343 1966; baseline -0.01 -55"><span class='ocrx_word' id='word_1_190' title='bbox 770 1857 854 1912; x_wconf 82' lang='grc'><strong>16.</strong></span> <span class='ocrx_word' id='word_1_191' title='bbox 889 1858 952 1912; x_wconf 77' lang='lat' dir='ltr'><strong>Et</strong></span> <span class='ocrx_word' id='word_1_192' title='bbox 983 1825 1299 1912; x_wconf 44' lang='lat' dir='ltr'><strong>Ilaborabat</strong></span> <span class='ocrx_word' id='word_1_193' title='bbox 1350 1856 1406 1910; x_wconf 93' lang='lat' dir='ltr'><strong>in</strong></span> <span class='ocrx_word' id='word_1_194' title='bbox 1437 1825 1736 1918; x_wconf 46' lang='lat' dir='ltr'><strong>internum,</strong></span> <span class='ocrx_word' id='word_1_195' title='bbox 1797 1860 1852 1905; x_wconf 92' lang='lat' dir='ltr'><strong>et</strong></span> <span class='ocrx_word' id='word_1_196' title='bbox 1906 1849 2048 1903; x_wconf 84' lang='lat' dir='ltr'><strong>vivet</strong></span> <span class='ocrx_word' id='word_1_197' title='bbox 2094 1844 2151 1898; x_wconf 85' lang='lat' dir='ltr'><strong>in</strong></span> <span class='ocrx_word' id='word_1_198' title='bbox 2205 1843 2267 1897; x_wconf 72' lang='grc' dir='ltr'><strong>(ἱ-</strong></span> <span class='ocrx_word' id='word_1_199' title='bbox 2302 1912 2343 1966; x_wconf 74' lang='grc' dir='ltr'><strong>Β</strong></span> 
     </span>
     <span class='ocr_line' id='line_1_31' title="bbox 2373 1930 2418 1966; baseline 0 0"><span class='ocrx_word' id='word_1_200' title='bbox 2373 1930 2418 1966; x_wconf 62' lang='grc' dir='ltr'><strong><em>τε</em></strong></span> 
     </span>
    </p>
   </div>
   <div class='ocr_carea' id='block_1_31' title="bbox 2299 1825 3947 1966">
    <p class='ocr_par' dir='ltr' id='par_1_31' title="bbox 2302 1825 3947 1966">
     <span class='ocr_line' id='line_1_32' title="bbox 2302 1825 3947 1966; baseline -0.007 -79"><span class='ocrx_word' id='word_1_201' title='bbox 2302 1912 2343 1966; x_wconf 74' lang='grc' dir='ltr'><strong>Β</strong></span> <span class='ocrx_word' id='word_1_202' title='bbox 2445 1834 2530 1886; x_wconf 86' lang='grc'><strong>16.</strong></span> <span class='ocrx_word' id='word_1_203' title='bbox 2559 1834 2667 1886; x_wconf 74' lang='lat' dir='ltr'><strong>Kai.</strong></span> <span class='ocrx_word' id='word_1_204' title='bbox 2700 1830 2988 1885; x_wconf 76' lang='grc' dir='ltr'>ἐκοπίασεν</span> <span class='ocrx_word' id='word_1_205' title='bbox 3029 1830 3108 1891; x_wconf 87' lang='grc' dir='ltr'>εἱς</span> <span class='ocrx_word' id='word_1_206' title='bbox 3135 1827 3225 1880; x_wconf 81' lang='grc' dir='ltr'><strong>τὸν</strong></span> <span class='ocrx_word' id='word_1_207' title='bbox 3252 1826 3422 1880; x_wconf 81' lang='grc' dir='ltr'>αἰῶνα</span> <span class='ocrx_word' id='word_1_208' title='bbox 3443 1867 3457 1891; x_wconf 90' lang='grc'><em>,</em></span> <span class='ocrx_word' id='word_1_209' title='bbox 3493 1827 3586 1880; x_wconf 79' lang='grc' dir='ltr'><strong>καὶ</strong></span> <span class='ocrx_word' id='word_1_210' title='bbox 3621 1825 3845 1897; x_wconf 80' lang='grc' dir='ltr'>ζήσεται</span> <span class='ocrx_word' id='word_1_211' title='bbox 3872 1825 3947 1887; x_wconf 82' lang='grc' dir='ltr'><strong>είς</strong></span> 
     </span>
     <span class='ocr_line' id='line_1_33' title="bbox 2373 1927 2544 1966; baseline 0 0"><span class='ocrx_word' id='word_1_212' title='bbox 2373 1927 2544 1966; x_wconf 46' lang='lat' dir='ltr'><strong>nale»,</strong></span> 
     </span>
    </p>
   </div>
   <div class='ocr_carea' id='block_1_32' title="bbox 697 1927 2547 2006">
    <p class='ocr_par' dir='ltr' id='par_1_32' title="bbox 697 1927 2547 2006">
     <span class='ocr_line' id='line_1_34' title="bbox 697 1927 2547 2006; baseline -0.016 0"><span class='ocrx_word' id='word_1_213' title='bbox 697 1969 842 2006; x_wconf 86' lang='lat' dir='ltr'><strong>nem.</strong></span> <span class='ocrx_word' id='word_1_214' title='bbox 2303 1927 2343 1966; x_wconf 72' lang='grc' dir='ltr'>υ</span> <span class='ocrx_word' id='word_1_215' title='bbox 2373 1927 2547 1988; x_wconf 79' lang='grc' dir='ltr'>τέλος.</span> 
     </span>
    </p>
   </div>
   <div class='ocr_carea' id='block_1_33' title="bbox 770 2010 2418 2104">
    <p class='ocr_par' dir='ltr' id='par_1_33' title="bbox 770 2038 1566 2104">
     <span class='ocr_line' id='line_1_35' title="bbox 770 2038 1566 2104; baseline -0.008 -7"><span class='ocrx_word' id='word_1_216' title='bbox 770 2043 851 2097; x_wconf 87' lang='grc'><strong>17.</strong></span> <span class='ocrx_word' id='word_1_217' title='bbox 885 2042 1001 2096; x_wconf 85' lang='lat' dir='ltr'><strong>Non</strong></span> <span class='ocrx_word' id='word_1_218' title='bbox 1030 2041 1232 2096; x_wconf 87' lang='lat' dir='ltr'><strong>videbit</strong></span> <span class='ocrx_word' id='word_1_219' title='bbox 1260 2038 1566 2104; x_wconf 89' lang='lat' dir='ltr'><strong>interitum,</strong></span> 
     </span>
    </p>
   </div>
   <div class='ocr_carea' id='block_1_34' title="bbox 1656 2010 3304 2104">
    <p class='ocr_par' dir='ltr' id='par_1_34' title="bbox 2449 2010 3304 2083">
     <span class='ocr_line' id='line_1_36' title="bbox 2449 2010 3304 2083; baseline -0.011 -12"><span class='ocrx_word' id='word_1_220' title='bbox 2449 2017 2536 2071; x_wconf 89' lang='lat' dir='ltr'><strong>l7.</strong></span> <span class='ocrx_word' id='word_1_221' title='bbox 2574 2016 2686 2068; x_wconf 80' lang='grc' dir='ltr'>Οὐκ</span> <span class='ocrx_word' id='word_1_222' title='bbox 2718 2013 2904 2083; x_wconf 62' lang='grc' dir='ltr'>ὄψεται</span> <span class='ocrx_word' id='word_1_223' title='bbox 2937 2010 3304 2083; x_wconf 82' lang='grc' dir='ltr'>καταφθορὰν,</span> 
     </span>
    </p>
   </div>
   <div class='ocr_carea' id='block_1_35' title="bbox 771 2103 2419 2202">
    <p class='ocr_par' dir='ltr' id='par_1_35' title="bbox 771 2103 1922 2202">
     <span class='ocr_line' id='line_1_37' title="bbox 771 2103 1922 2202; baseline -0.011 -12"><span class='ocrx_word' id='word_1_224' title='bbox 771 2137 855 2191; x_wconf 88' lang='grc'><strong>18.</strong></span> <span class='ocrx_word' id='word_1_225' title='bbox 889 2136 1024 2190; x_wconf 87' lang='lat' dir='ltr'><strong>Cum</strong></span> <span class='ocrx_word' id='word_1_226' title='bbox 1048 2134 1245 2190; x_wconf 87' lang='lat' dir='ltr'><strong>viderit</strong></span> <span class='ocrx_word' id='word_1_227' title='bbox 1274 2134 1546 2202; x_wconf 88' lang='lat' dir='ltr'><strong>sapientes</strong></span> <span class='ocrx_word' id='word_1_228' title='bbox 1583 2124 1922 2182; x_wconf 82' lang='lat' dir='ltr'><strong>morientes?</strong></span> 
     </span>
    </p>
   </div>
   <div class='ocr_carea' id='block_1_36' title="bbox 1929 2103 3577 2202">
    <p class='ocr_par' dir='ltr' id='par_1_36' title="bbox 2451 2103 3577 2180">
     <span class='ocr_line' id='line_1_38' title="bbox 2451 2103 3577 2180; baseline -0.009 -17"><span class='ocrx_word' id='word_1_229' title='bbox 2451 2109 2535 2163; x_wconf 88' lang='lat' dir='ltr'><strong>l8.</strong></span> <span class='ocrx_word' id='word_1_230' title='bbox 2570 2110 2734 2162; x_wconf 84' lang='grc' dir='ltr'>Ὅταν</span> <span class='ocrx_word' id='word_1_231' title='bbox 2770 2107 2855 2180; x_wconf 82' lang='grc' dir='ltr'><strong>ἴδῃ</strong></span> <span class='ocrx_word' id='word_1_232' title='bbox 2887 2107 3080 2175; x_wconf 76' lang='grc' dir='ltr'>σοφοὺς</span> <span class='ocrx_word' id='word_1_233' title='bbox 3105 2103 3577 2174; x_wconf 81' lang='grc' dir='ltr'>ἀποθνήσκοντας;</span> 
     </span>
    </p>
   </div>
   <div class='ocr_carea' id='block_1_37' title="bbox 772 2192 2420 2296">
    <p class='ocr_par' dir='ltr' id='par_1_37' title="bbox 772 2192 1988 2296">
     <span class='ocr_line' id='line_1_39' title="bbox 772 2192 1988 2296; baseline -0.01 -14"><span class='ocrx_word' id='word_1_234' title='bbox 772 2229 858 2282; x_wconf 84' lang='grc'><strong>19.</strong></span> <span class='ocrx_word' id='word_1_235' title='bbox 887 2227 1059 2281; x_wconf 88' lang='lat' dir='ltr'><strong>Simul</strong></span> <span class='ocrx_word' id='word_1_236' title='bbox 1091 2192 1354 2296; x_wconf 71' lang='lat' dir='ltr'><strong>insipiens</strong></span> <span class='ocrx_word' id='word_1_237' title='bbox 1381 2231 1436 2278; x_wconf 90' lang='lat' dir='ltr'><strong>et</strong></span> <span class='ocrx_word' id='word_1_238' title='bbox 1463 2221 1664 2278; x_wconf 90' lang='lat' dir='ltr'><strong>stultus</strong></span> <span class='ocrx_word' id='word_1_239' title='bbox 1695 2219 1950 2288; x_wconf 90' lang='lat' dir='ltr'><strong>peribunt</strong></span> <span class='ocrx_word' id='word_1_240' title='bbox 1974 2234 1988 2271; x_wconf 88' lang='lat'><strong>:</strong></span> 
     </span>
    </p>
   </div>
   <div class='ocr_carea' id='block_1_38' title="bbox 2232 2192 3880 2296">
    <p class='ocr_par' dir='ltr' id='par_1_38' title="bbox 2455 2192 3880 2268">
     <span class='ocr_line' id='line_1_40' title="bbox 2455 2192 3880 2268; baseline -0.008 -12"><span class='ocrx_word' id='word_1_241' title='bbox 2455 2205 2540 2259; x_wconf 84' lang='lat' dir='ltr'><strong>l9.</strong></span> <span class='ocrx_word' id='word_1_242' title='bbox 2586 2202 2708 2254; x_wconf 69' lang='grc' dir='ltr'><strong>Ἐπὶ</strong></span> <span class='ocrx_word' id='word_1_243' title='bbox 2739 2200 2800 2252; x_wconf 85' lang='grc' dir='ltr'><strong>τὸ</strong></span> <span class='ocrx_word' id='word_1_244' title='bbox 2832 2199 2961 2252; x_wconf 76' lang='grc' dir='ltr'>αὐτὸ</span> <span class='ocrx_word' id='word_1_245' title='bbox 2995 2198 3181 2268; x_wconf 79' lang='grc' dir='ltr'>ἄφρων</span> <span class='ocrx_word' id='word_1_246' title='bbox 3213 2195 3306 2249; x_wconf 71' lang='grc' dir='ltr'>καὶ</span> <span class='ocrx_word' id='word_1_247' title='bbox 3331 2195 3489 2258; x_wconf 82' lang='grc' dir='ltr'>ἀνους</span> <span class='ocrx_word' id='word_1_248' title='bbox 3516 2192 3846 2247; x_wconf 81' lang='grc' dir='ltr'>ἀπολοῦνται</span> <span class='ocrx_word' id='word_1_249' title='bbox 3865 2210 3880 2225; x_wconf 86' lang='grc'><strong>·</strong></span> 
     </span>
    </p>
   </div>
   <div class='ocr_carea' id='block_1_39' title="bbox 773 2283 2421 2389">
    <p class='ocr_par' dir='ltr' id='par_1_39' title="bbox 773 2283 1943 2389">
     <span class='ocr_line' id='line_1_41' title="bbox 773 2283 1943 2389; baseline -0.01 -14"><span class='ocrx_word' id='word_1_250' title='bbox 773 2321 860 2375; x_wconf 78' lang='lat'><strong>20.</strong></span> <span class='ocrx_word' id='word_1_251' title='bbox 895 2319 960 2375; x_wconf 88' lang='lat' dir='ltr'><strong>Et</strong></span> <span class='ocrx_word' id='word_1_252' title='bbox 984 2283 1292 2389; x_wconf 72' lang='lat' dir='ltr'><strong>relinquent</strong></span> <span class='ocrx_word' id='word_1_253' title='bbox 1318 2316 1507 2372; x_wconf 87' lang='lat' dir='ltr'><strong>alienis</strong></span> <span class='ocrx_word' id='word_1_254' title='bbox 1536 2283 1754 2371; x_wconf 77' lang='lat' dir='ltr'><strong>divitias</strong></span> <span class='ocrx_word' id='word_1_255' title='bbox 1789 2326 1943 2366; x_wconf 83' lang='lat' dir='ltr'><strong>suas.</strong></span> 
     </span>
    </p>
   </div>
   <div class='ocr_carea' id='block_1_40' title="bbox 2305 2283 3953 2389">
    <p class='ocr_par' dir='ltr' id='par_1_40' title="bbox 2447 2283 3953 2359">
     <span class='ocr_line' id='line_1_42' title="bbox 2447 2283 3953 2359; baseline -0.005 -14"><span class='ocrx_word' id='word_1_256' title='bbox 2447 2293 2537 2347; x_wconf 66' lang='grc' dir='ltr'><strong>ΞΟ.</strong></span> <span class='ocrx_word' id='word_1_257' title='bbox 2579 2292 2688 2345; x_wconf 77' lang='grc' dir='ltr'>Καὶ</span> <span class='ocrx_word' id='word_1_258' title='bbox 2741 2289 3155 2359; x_wconf 73' lang='grc' dir='ltr'>καταλείψουσιν</span> <span class='ocrx_word' id='word_1_259' title='bbox 3204 2286 3502 2357; x_wconf 80' lang='grc' dir='ltr'>ἀλλοτρίοις</span> <span class='ocrx_word' id='word_1_260' title='bbox 3565 2284 3656 2338; x_wconf 83' lang='grc' dir='ltr'><strong>τὸν</strong></span> <span class='ocrx_word' id='word_1_261' title='bbox 3725 2283 3953 2337; x_wconf 75' lang='grc' dir='ltr'>πλοῦτον</span> 
     </span>
    </p>
   </div>
   <div class='ocr_carea' id='block_1_41' title="bbox 2379 2383 2579 2437">
    <p class='ocr_par' dir='ltr' id='par_1_41' title="bbox 2379 2383 2579 2437">
     <span class='ocr_line' id='line_1_43' title="bbox 2379 2383 2579 2437; baseline -0.02 0"><span class='ocrx_word' id='word_1_262' title='bbox 2379 2383 2579 2437; x_wconf 80' lang='grc' dir='ltr'>αὐτῶν.</span> 
     </span>
    </p>
   </div>
   <div class='ocr_carea' id='block_1_42' title="bbox 1828 2517 2832 2584">
    <p class='ocr_par' dir='ltr' id='par_1_42' title="bbox 1828 2517 2832 2584">
     <span class='ocr_line' id='line_1_44' title="bbox 1828 2517 2832 2584; baseline -0.01 0"><span class='ocrx_word' id='word_1_263' title='bbox 1828 2523 2201 2584; x_wconf 73' lang='lat' dir='ltr'><strong>ATllANASll</strong></span> <span class='ocrx_word' id='word_1_264' title='bbox 2246 2517 2832 2579; x_wconf 74' lang='lat' dir='ltr'><strong>INTERPBETATIO.</strong></span> 
     </span>
    </p>
   </div>
   <div class='ocr_carea' id='block_1_43' title="bbox 776 2669 2424 2757">
    <p class='ocr_par' dir='ltr' id='par_1_43' title="bbox 776 2692 1548 2757">
     <span class='ocr_line' id='line_1_45' title="bbox 776 2692 1548 2757; baseline -0.013 -3"><span class='ocrx_word' id='word_1_265' title='bbox 776 2701 831 2757; x_wconf 77' lang='lat'><strong>3.</strong></span> <span class='ocrx_word' id='word_1_266' title='bbox 865 2696 1089 2753; x_wconf 83' lang='lat' dir='ltr'><strong>Terreni</strong></span> <span class='ocrx_word' id='word_1_267' title='bbox 1118 2694 1211 2749; x_wconf 90' lang='lat' dir='ltr'><strong>lilii</strong></span> <span class='ocrx_word' id='word_1_268' title='bbox 1241 2692 1548 2748; x_wconf 90' lang='lat' dir='ltr'><strong>hominum.</strong></span> 
     </span>
    </p>
   </div>
   <div class='ocr_carea' id='block_1_44' title="bbox 1784 2669 3432 2757">
    <p class='ocr_par' dir='ltr' id='par_1_44' title="bbox 2450 2669 3432 2749">
     <span class='ocr_line' id='line_1_46' title="bbox 2450 2669 3432 2749; baseline -0.013 -15"><span class='ocrx_word' id='word_1_269' title='bbox 2450 2683 2502 2734; x_wconf 87' lang='grc'><strong>5.</strong></span> <span class='ocrx_word' id='word_1_270' title='bbox 2547 2682 2607 2733; x_wconf 84' lang='grc' dir='ltr'><strong>Οἱ</strong></span> <span class='ocrx_word' id='word_1_271' title='bbox 2635 2685 2810 2749; x_wconf 77' lang='grc' dir='ltr'>γήινοι</span> <span class='ocrx_word' id='word_1_272' title='bbox 2851 2676 2953 2728; x_wconf 77' lang='grc' dir='ltr'>υἱοὶ</span> <span class='ocrx_word' id='word_1_273' title='bbox 2978 2672 3085 2726; x_wconf 83' lang='grc' dir='ltr'>τῶν</span> <span class='ocrx_word' id='word_1_274' title='bbox 3114 2669 3432 2742; x_wconf 82' lang='grc' dir='ltr'>ἀνθρώπων.</span> 
     </span>
    </p>
   </div>
   <div class='ocr_carea' id='block_1_45' title="bbox 774 2759 2422 2847">
    <p class='ocr_par' dir='ltr' id='par_1_45' title="bbox 774 2774 2267 2847">
     <span class='ocr_line' id='line_1_47' title="bbox 774 2774 2267 2847; baseline -0.011 -3"><span class='ocrx_word' id='word_1_275' title='bbox 774 2792 828 2844; x_wconf 81' lang='grc'><strong>4.</strong></span> <span class='ocrx_word' id='word_1_276' title='bbox 867 2788 1121 2843; x_wconf 82' lang='lat' dir='ltr'><strong>Eamdem</strong></span> <span class='ocrx_word' id='word_1_277' title='bbox 1151 2786 1451 2841; x_wconf 82' lang='lat' dir='ltr'><strong>doctrinam</strong></span> <span class='ocrx_word' id='word_1_278' title='bbox 1478 2779 1635 2836; x_wconf 88' lang='lat' dir='ltr'><strong>vobis</strong></span> <span class='ocrx_word' id='word_1_279' title='bbox 1665 2777 1922 2835; x_wconf 84' lang='lat' dir='ltr'><strong>omnibus</strong></span> <span class='ocrx_word' id='word_1_280' title='bbox 1953 2774 2267 2847; x_wconf 87' lang='lat' dir='ltr'><strong>propositu-</strong></span> 
     </span>
    </p>
   </div>
   <div class='ocr_carea' id='block_1_46' title="bbox 2312 2759 3960 2847">
    <p class='ocr_par' dir='ltr' id='par_1_46' title="bbox 2449 2759 3960 2842">
     <span class='ocr_line' id='line_1_48' title="bbox 2449 2759 3960 2842; baseline -0.011 -17"><span class='ocrx_word' id='word_1_281' title='bbox 2449 2773 2503 2826; x_wconf 72' lang='grc'><strong>4.</strong></span> <span class='ocrx_word' id='word_1_282' title='bbox 2545 2771 2654 2842; x_wconf 79' lang='grc' dir='ltr'><strong>Τὴν</strong></span> <span class='ocrx_word' id='word_1_283' title='bbox 2687 2769 2854 2840; x_wconf 78' lang='grc' dir='ltr'>αὐτὴν</span> <span class='ocrx_word' id='word_1_284' title='bbox 2891 2765 3237 2820; x_wconf 80' lang='grc' dir='ltr'>διδασκαλίαν</span> <span class='ocrx_word' id='word_1_285' title='bbox 3261 2766 3426 2818; x_wconf 81' lang='grc' dir='ltr'>πᾶσιν</span> <span class='ocrx_word' id='word_1_286' title='bbox 3463 2762 3591 2832; x_wconf 79' lang='grc' dir='ltr'>ὑμῖν</span> <span class='ocrx_word' id='word_1_287' title='bbox 3617 2759 3797 2830; x_wconf 80' lang='grc' dir='ltr'>μέλλω</span> <span class='ocrx_word' id='word_1_288' title='bbox 3828 2775 3960 2829; x_wconf 75' lang='grc' dir='ltr'>προ-</span> 
     </span>
    </p>
   </div>
   <div class='ocr_carea' id='block_1_47' title="bbox 707 2862 2355 2938">
    <p class='ocr_par' dir='ltr' id='par_1_47' title="bbox 707 2896 974 2938">
     <span class='ocr_line' id='line_1_49' title="bbox 707 2896 974 2938; baseline -0.019 0"><span class='ocrx_word' id='word_1_289' title='bbox 707 2897 803 2938; x_wconf 80' lang='lat' dir='ltr'><strong>I‘US</strong></span> <span class='ocrx_word' id='word_1_290' title='bbox 829 2896 974 2935; x_wconf 89' lang='lat' dir='ltr'><strong>sum.</strong></span> 
     </span>
    </p>
   </div>
   <div class='ocr_carea' id='block_1_48' title="bbox 1061 2862 2709 2938">
    <p class='ocr_par' dir='ltr' id='par_1_48' title="bbox 2379 2862 2709 2933">
     <span class='ocr_line' id='line_1_50' title="bbox 2379 2862 2709 2933; baseline -0.018 -13"><span class='ocrx_word' id='word_1_291' title='bbox 2379 2866 2585 2920; x_wconf 84' lang='grc' dir='ltr'>τιθέναι</span> <span class='ocrx_word' id='word_1_292' title='bbox 2609 2862 2709 2933; x_wconf 85' lang='grc'><strong>(1).</strong></span> 
     </span>
    </p>
   </div>
   <div class='ocr_carea' id='block_1_49' title="bbox 778 2944 2426 3042">
    <p class='ocr_par' dir='ltr' id='par_1_49' title="bbox 778 2957 2278 3042">
     <span class='ocr_line' id='line_1_51' title="bbox 778 2957 2278 3042; baseline -0.013 -15"><span class='ocrx_word' id='word_1_293' title='bbox 778 2974 832 3027; x_wconf 88' lang='grc'><strong>5.</strong></span> <span class='ocrx_word' id='word_1_294' title='bbox 861 2972 1104 3042; x_wconf 87' lang='lat' dir='ltr'><strong>Apostoli</strong></span> <span class='ocrx_word' id='word_1_295' title='bbox 1137 2985 1230 3040; x_wconf 88' lang='lat' dir='ltr'><strong>per</strong></span> <span class='ocrx_word' id='word_1_296' title='bbox 1262 2965 1704 3039; x_wconf 59' lang='lat' dir='ltr'><strong>praedicationem</strong></span> <span class='ocrx_word' id='word_1_297' title='bbox 1741 2962 2034 3031; x_wconf 82' lang='lat' dir='ltr'><strong>loquentur</strong></span> <span class='ocrx_word' id='word_1_298' title='bbox 2062 2957 2278 3027; x_wconf 88' lang='lat' dir='ltr'><strong>sapien-</strong></span> 
     </span>
    </p>
   </div>
   <div class='ocr_carea' id='block_1_50' title="bbox 2311 2944 3959 3042">
    <p class='ocr_par' dir='ltr' id='par_1_50' title="bbox 2453 2944 3959 3018">
     <span class='ocr_line' id='line_1_52' title="bbox 2453 2944 3959 3018; baseline -0.011 -5"><span class='ocrx_word' id='word_1_299' title='bbox 2453 2959 2507 3013; x_wconf 88' lang='grc'><strong>5.</strong></span> <span class='ocrx_word' id='word_1_300' title='bbox 2548 2957 2609 3010; x_wconf 82' lang='grc' dir='ltr'>Οί</span> <span class='ocrx_word' id='word_1_301' title='bbox 2655 2953 2939 3008; x_wconf 81' lang='grc' dir='ltr'>ἀπόστολοι</span> <span class='ocrx_word' id='word_1_302' title='bbox 2988 2951 3076 3005; x_wconf 84' lang='grc' dir='ltr'>διὰ</span> <span class='ocrx_word' id='word_1_303' title='bbox 3117 2948 3211 3002; x_wconf 84' lang='grc' dir='ltr'>τοῦ</span> <span class='ocrx_word' id='word_1_304' title='bbox 3258 2947 3613 3018; x_wconf 79' lang='grc' dir='ltr'>κηρύγματος</span> <span class='ocrx_word' id='word_1_305' title='bbox 3666 2944 3959 3015; x_wconf 84' lang='grc' dir='ltr'>λαλήσουσι</span> 
     </span>
    </p>
   </div>
   <div class='ocr_carea' id='block_1_51' title="bbox 708 3037 2356 3132">
    <p class='ocr_par' dir='ltr' id='par_1_51' title="bbox 708 3055 1579 3132">
     <span class='ocr_line' id='line_1_53' title="bbox 708 3055 1579 3132; baseline -0.011 -15"><span class='ocrx_word' id='word_1_306' title='bbox 708 3065 837 3118; x_wconf 84' lang='lat' dir='ltr'><strong>tiam</strong></span> <span class='ocrx_word' id='word_1_307' title='bbox 870 3063 1009 3132; x_wconf 84' lang='lat' dir='ltr'><strong>ejus,</strong></span> <span class='ocrx_word' id='word_1_308' title='bbox 1036 3076 1143 3115; x_wconf 92' lang='lat' dir='ltr'><strong>non</strong></span> <span class='ocrx_word' id='word_1_309' title='bbox 1178 3059 1342 3127; x_wconf 86' lang='lat' dir='ltr'><strong>hujus</strong></span> <span class='ocrx_word' id='word_1_310' title='bbox 1372 3055 1579 3111; x_wconf 75' lang='lat' dir='ltr'><strong>szeculi.</strong></span> 
     </span>
    </p>
   </div>
   <div class='ocr_carea' id='block_1_52' title="bbox 1887 3037 3535 3132">
    <p class='ocr_par' dir='ltr' id='par_1_52' title="bbox 2385 3037 3535 3119">
     <span class='ocr_line' id='line_1_54' title="bbox 2385 3037 3535 3119; baseline -0.013 -17"><span class='ocrx_word' id='word_1_311' title='bbox 2385 3049 2575 3119; x_wconf 86' lang='grc' dir='ltr'>σοφίαν</span> <span class='ocrx_word' id='word_1_312' title='bbox 2601 3045 2787 3110; x_wconf 80' lang='grc' dir='ltr'>αὑτοῦ,</span> <span class='ocrx_word' id='word_1_313' title='bbox 2816 3042 2964 3115; x_wconf 60' lang='grc' dir='ltr'>ίοὺκ]</span> <span class='ocrx_word' id='word_1_314' title='bbox 2993 3041 3186 3102; x_wconf 78' lang='grc' dir='ltr'>αἰῶνος</span> <span class='ocrx_word' id='word_1_315' title='bbox 3219 3037 3296 3107; x_wconf 71' lang='lat'><strong>(2)</strong></span> <span class='ocrx_word' id='word_1_316' title='bbox 3327 3037 3535 3090; x_wconf 87' lang='grc' dir='ltr'>τούτου.</span> 
     </span>
    </p>
   </div>
   <div class='ocr_carea' id='block_1_53' title="bbox 779 3128 2427 3211">
    <p class='ocr_par' dir='ltr' id='par_1_53' title="bbox 779 3128 2280 3211">
     <span class='ocr_line' id='line_1_55' title="bbox 779 3128 2280 3211; baseline -0.009 -3"><span class='ocrx_word' id='word_1_317' title='bbox 779 3154 832 3208; x_wconf 84' lang='grc'><strong>6.</strong></span> <span class='ocrx_word' id='word_1_318' title='bbox 863 3128 930 3208; x_wconf 75' lang='grc' dir='ltr'>Εἰ</span> <span class='ocrx_word' id='word_1_319' title='bbox 973 3150 1254 3206; x_wconf 87' lang='lat' dir='ltr'><strong>meditatio</strong></span> <span class='ocrx_word' id='word_1_320' title='bbox 1303 3146 1640 3204; x_wconf 69' lang='lat' dir='ltr'><strong>credentium</strong></span> <span class='ocrx_word' id='word_1_321' title='bbox 1690 3145 1744 3199; x_wconf 92' lang='lat' dir='ltr'><strong>in</strong></span> <span class='ocrx_word' id='word_1_322' title='bbox 1797 3159 1879 3199; x_wconf 91' lang='lat' dir='ltr'><strong>me</strong></span> <span class='ocrx_word' id='word_1_323' title='bbox 1927 3138 2280 3211; x_wconf 69' lang='lat' dir='ltr'><strong>intelligentia</strong></span> 
     </span>
    </p>
   </div>
   <div class='ocr_carea' id='block_1_54' title="bbox 2314 3128 3962 3211">
    <p class='ocr_par' dir='ltr' id='par_1_54' title="bbox 2454 3128 3962 3208">
     <span class='ocr_line' id='line_1_56' title="bbox 2454 3128 3962 3208; baseline -0.009 -15"><span class='ocrx_word' id='word_1_324' title='bbox 2454 3141 2505 3194; x_wconf 84' lang='lat'><strong>6.</strong></span> <span class='ocrx_word' id='word_1_325' title='bbox 2546 3139 2656 3192; x_wconf 75' lang='lat' dir='ltr'><strong>Kal.</strong></span> <span class='ocrx_word' id='word_1_326' title='bbox 2683 3141 2715 3208; x_wconf 79' lang='grc' dir='ltr'><strong>ἡ</strong></span> <span class='ocrx_word' id='word_1_327' title='bbox 2756 3137 2950 3208; x_wconf 80' lang='grc' dir='ltr'>μελέτη</span> <span class='ocrx_word' id='word_1_328' title='bbox 2983 3134 3089 3188; x_wconf 86' lang='grc' dir='ltr'><strong>τῶν</strong></span> <span class='ocrx_word' id='word_1_329' title='bbox 3116 3131 3480 3184; x_wconf 84' lang='grc' dir='ltr'>πιστευόντων</span> <span class='ocrx_word' id='word_1_330' title='bbox 3520 3131 3598 3192; x_wconf 85' lang='grc' dir='ltr'><strong>είς</strong></span> <span class='ocrx_word' id='word_1_331' title='bbox 3625 3129 3724 3198; x_wconf 78' lang='grc' dir='ltr'><strong>ἐμὲ</strong></span> <span class='ocrx_word' id='word_1_332' title='bbox 3756 3128 3962 3190; x_wconf 83' lang='grc' dir='ltr'>σύνεσίς</span> 
     </span>
    </p>
   </div>
   <div class='ocr_carea' id='block_1_55' title="bbox 709 3245 2553 3301">
    <p class='ocr_par' dir='ltr' id='par_1_55' title="bbox 709 3245 2553 3301">
     <span class='ocr_line' id='line_1_57' title="bbox 709 3245 2553 3301; baseline -0.01 -1"><span class='ocrx_word' id='word_1_333' title='bbox 709 3255 814 3301; x_wconf 88' lang='lat' dir='ltr'><strong>est.</strong></span> <span class='ocrx_word' id='word_1_334' title='bbox 2385 3245 2553 3283; x_wconf 85' lang='grc' dir='ltr'>εστιν.</span> 
     </span>
    </p>
   </div>
   <div class='ocr_carea' id='block_1_56' title="bbox 781 3311 2429 3403">
    <p class='ocr_par' dir='ltr' id='par_1_56' title="bbox 781 3311 2353 3403">
     <span class='ocr_line' id='line_1_58' title="bbox 781 3311 2353 3403; baseline -0.01 -17"><span class='ocrx_word' id='word_1_335' title='bbox 781 3335 834 3390; x_wconf 85' lang='lat'><strong>7.</strong></span> <span class='ocrx_word' id='word_1_336' title='bbox 869 3334 1148 3389; x_wconf 81' lang='lat' dir='ltr'><strong>Adducam</strong></span> <span class='ocrx_word' id='word_1_337' title='bbox 1178 3332 1234 3387; x_wconf 90' lang='lat' dir='ltr'><strong>in</strong></span> <span class='ocrx_word' id='word_1_338' title='bbox 1261 3329 1575 3403; x_wconf 87' lang='lat' dir='ltr'><strong>parabolam</strong></span> <span class='ocrx_word' id='word_1_339' title='bbox 1602 3325 1924 3398; x_wconf 85' lang='lat' dir='ltr'><strong>mysterium</strong></span> <span class='ocrx_word' id='word_1_340' title='bbox 1954 3338 2158 3377; x_wconf 90' lang='lat' dir='ltr'><strong>meum.</strong></span> <span class='ocrx_word' id='word_1_341' title='bbox 2310 3311 2353 3368; x_wconf 88' lang='lat' dir='ltr'><strong>C</strong></span> 
     </span>
    </p>
   </div>
   <div class='ocr_carea' id='block_1_57' title="bbox 2122 3311 3770 3403">
    <p class='ocr_par' dir='ltr' id='par_1_57' title="bbox 2122 3311 3770 3388">
     <span class='ocr_line' id='line_1_59' title="bbox 2122 3311 3770 3388; baseline -0.007 -13"><span class='ocrx_word' id='word_1_342' title='bbox 2122 3338 2158 3375; x_wconf 83' lang='lat' dir='ltr'><strong>t.</strong></span> <span class='ocrx_word' id='word_1_343' title='bbox 2310 3311 2353 3368; x_wconf 63' lang='grc' dir='ltr'><strong>(ἶ</strong></span> <span class='ocrx_word' id='word_1_344' title='bbox 2456 3321 2509 3374; x_wconf 89' lang='grc'><strong>7.</strong></span> <span class='ocrx_word' id='word_1_345' title='bbox 2543 3318 2758 3388; x_wconf 80' lang='grc' dir='ltr'>Ἀγάγω</span> <span class='ocrx_word' id='word_1_346' title='bbox 2783 3318 2862 3380; x_wconf 83' lang='grc' dir='ltr'><strong>είς</strong></span> <span class='ocrx_word' id='word_1_347' title='bbox 2889 3314 3199 3387; x_wconf 76' lang='grc' dir='ltr'>παραϐολὴν</span> <span class='ocrx_word' id='word_1_348' title='bbox 3230 3313 3288 3366; x_wconf 84' lang='grc' dir='ltr'><strong>τὸ</strong></span> <span class='ocrx_word' id='word_1_349' title='bbox 3315 3311 3608 3382; x_wconf 80' lang='grc' dir='ltr'>μυστήριόν</span> <span class='ocrx_word' id='word_1_350' title='bbox 3646 3327 3770 3380; x_wconf 91' lang='grc' dir='ltr'>μου.</span> 
     </span>
    </p>
   </div>
   <div class='ocr_carea' id='block_1_58' title="bbox 779 3404 2427 3491">
    <p class='ocr_par' dir='ltr' id='par_1_58' title="bbox 779 3417 2228 3491">
     <span class='ocr_line' id='line_1_60' title="bbox 779 3417 2228 3491; baseline -0.012 -10"><span class='ocrx_word' id='word_1_351' title='bbox 779 3425 834 3481; x_wconf 88' lang='lat'><strong>8.</strong></span> <span class='ocrx_word' id='word_1_352' title='bbox 867 3425 1179 3482; x_wconf 85' lang='lat' dir='ltr'><strong>Describam</strong></span> <span class='ocrx_word' id='word_1_353' title='bbox 1205 3424 1259 3477; x_wconf 92' lang='lat' dir='ltr'><strong>in</strong></span> <span class='ocrx_word' id='word_1_354' title='bbox 1287 3421 1544 3491; x_wconf 85' lang='lat' dir='ltr'><strong>psalterio</strong></span> <span class='ocrx_word' id='word_1_355' title='bbox 1568 3417 2003 3488; x_wconf 84' lang='lat' dir='ltr'><strong>propositionem</strong></span> <span class='ocrx_word' id='word_1_356' title='bbox 2027 3427 2228 3468; x_wconf 90' lang='lat' dir='ltr'><strong>meam.</strong></span> 
     </span>
    </p>
   </div>
   <div class='ocr_carea' id='block_1_59' title="bbox 2033 3404 3681 3491">
    <p class='ocr_par' dir='ltr' id='par_1_59' title="bbox 2033 3404 3681 3482">
     <span class='ocr_line' id='line_1_61' title="bbox 2033 3404 3681 3482; baseline -0.006 -15"><span class='ocrx_word' id='word_1_357' title='bbox 2033 3427 2228 3468; x_wconf 86' lang='lat' dir='ltr'><strong>meam.</strong></span> <span class='ocrx_word' id='word_1_358' title='bbox 2461 3413 2514 3466; x_wconf 93' lang='lat'><strong>8.</strong></span> <span class='ocrx_word' id='word_1_359' title='bbox 2546 3411 2867 3482; x_wconf 79' lang='grc' dir='ltr'>Ἀναγράψω</span> <span class='ocrx_word' id='word_1_360' title='bbox 2896 3411 2950 3461; x_wconf 81' lang='grc' dir='ltr'><strong>ὲν</strong></span> <span class='ocrx_word' id='word_1_361' title='bbox 2979 3405 3261 3478; x_wconf 79' lang='grc' dir='ltr'>ψαλτηρίῳ</span> <span class='ocrx_word' id='word_1_362' title='bbox 3288 3404 3348 3458; x_wconf 80' lang='grc' dir='ltr'>τὸ</span> <span class='ocrx_word' id='word_1_363' title='bbox 3374 3404 3681 3474; x_wconf 77' lang='grc' dir='ltr'>πρόῦλημα.</span> 
     </span>
    </p>
   </div>
   <div class='ocr_carea' id='block_1_60' title="bbox 781 3497 2429 3586">
    <p class='ocr_par' dir='ltr' id='par_1_60' title="bbox 781 3513 1620 3586">
     <span class='ocr_line' id='line_1_62' title="bbox 781 3513 1620 3586; baseline -0.011 -13"><span class='ocrx_word' id='word_1_364' title='bbox 781 3519 836 3573; x_wconf 88' lang='grc'><strong>9.</strong></span> <span class='ocrx_word' id='word_1_365' title='bbox 869 3517 1134 3586; x_wconf 90' lang='lat' dir='ltr'><strong>Tempore</strong></span> <span class='ocrx_word' id='word_1_366' title='bbox 1162 3513 1433 3584; x_wconf 87' lang='lat' dir='ltr'><strong>passionis</strong></span> <span class='ocrx_word' id='word_1_367' title='bbox 1466 3526 1620 3564; x_wconf 60' lang='lat' dir='ltr'><strong>meat.</strong></span> 
     </span>
    </p>
   </div>
   <div class='ocr_carea' id='block_1_61' title="bbox 1821 3497 3469 3586">
    <p class='ocr_par' dir='ltr' id='par_1_61' title="bbox 2462 3497 3469 3574">
     <span class='ocr_line' id='line_1_63' title="bbox 2462 3497 3469 3574; baseline -0.009 -16"><span class='ocrx_word' id='word_1_368' title='bbox 2462 3505 2518 3559; x_wconf 89' lang='lat'><strong>9.</strong></span> <span class='ocrx_word' id='word_1_369' title='bbox 2548 3505 2636 3556; x_wconf 83' lang='lat' dir='ltr'><strong>‘Ev</strong></span> <span class='ocrx_word' id='word_1_370' title='bbox 2660 3504 2737 3574; x_wconf 84' lang='grc' dir='ltr'>τῷ</span> <span class='ocrx_word' id='word_1_371' title='bbox 2771 3501 2947 3572; x_wconf 88' lang='grc' dir='ltr'>καιρῴ</span> <span class='ocrx_word' id='word_1_372' title='bbox 2975 3498 3068 3553; x_wconf 78' lang='grc' dir='ltr'>τοῦ</span> <span class='ocrx_word' id='word_1_373' title='bbox 3104 3497 3310 3560; x_wconf 80' lang='grc' dir='ltr'>πάθους</span> <span class='ocrx_word' id='word_1_374' title='bbox 3345 3514 3469 3568; x_wconf 86' lang='grc' dir='ltr'>μου.</span> 
     </span>
    </p>
   </div>
   <div class='ocr_carea' id='block_1_62' title="bbox 785 3587 2433 3673">
    <p class='ocr_par' dir='ltr' id='par_1_62' title="bbox 785 3596 2285 3673">
     <span class='ocr_line' id='line_1_64' title="bbox 785 3596 2285 3673; baseline -0.01 -10"><span class='ocrx_word' id='word_1_375' title='bbox 785 3609 873 3663; x_wconf 90' lang='grc'><strong>10.</strong></span> <span class='ocrx_word' id='word_1_376' title='bbox 908 3608 1077 3663; x_wconf 74' lang='lat' dir='ltr'><strong>ludas</strong></span> <span class='ocrx_word' id='word_1_377' title='bbox 1118 3606 1343 3660; x_wconf 91' lang='lat' dir='ltr'><strong>ultimus</strong></span> <span class='ocrx_word' id='word_1_378' title='bbox 1376 3602 1769 3673; x_wconf 90' lang='lat' dir='ltr'><strong>discipulorum</strong></span> <span class='ocrx_word' id='word_1_379' title='bbox 1806 3612 2053 3654; x_wconf 89' lang='lat' dir='ltr'><strong>meorum</strong></span> <span class='ocrx_word' id='word_1_380' title='bbox 2099 3596 2285 3651; x_wconf 84' lang='lat' dir='ltr'><strong>insur-</strong></span> 
     </span>
    </p>
   </div>
   <div class='ocr_carea' id='block_1_63' title="bbox 2316 3587 3964 3673">
    <p class='ocr_par' dir='ltr' id='par_1_63' title="bbox 2465 3587 3964 3667">
     <span class='ocr_line' id='line_1_65' title="bbox 2465 3587 3964 3667; baseline -0.008 -17"><span class='ocrx_word' id='word_1_381' title='bbox 2465 3596 2552 3650; x_wconf 88' lang='grc'><strong>10.</strong></span> <span class='ocrx_word' id='word_1_382' title='bbox 2583 3596 2778 3659; x_wconf 80' lang='grc' dir='ltr'>Ἰούδας</span> <span class='ocrx_word' id='word_1_383' title='bbox 2802 3597 2829 3648; x_wconf 88' lang='grc' dir='ltr'>ὁ</span> <span class='ocrx_word' id='word_1_384' title='bbox 2855 3593 3209 3667; x_wconf 69' lang='grc' dir='ltr'>ἔσχατοςτῶν</span> <span class='ocrx_word' id='word_1_385' title='bbox 3254 3588 3509 3660; x_wconf 85' lang='grc' dir='ltr'>μαθητῶν</span> <span class='ocrx_word' id='word_1_386' title='bbox 3548 3605 3650 3658; x_wconf 89' lang='grc' dir='ltr'><strong>μου</strong></span> <span class='ocrx_word' id='word_1_387' title='bbox 3693 3587 3964 3640; x_wconf 78' lang='grc' dir='ltr'>ὲπισυστεῑ</span> 
     </span>
    </p>
   </div>
   <div class='ocr_carea' id='block_1_64' title="bbox 715 3685 2363 3776">
    <p class='ocr_par' dir='ltr' id='par_1_64' title="bbox 715 3702 1020 3776">
     <span class='ocr_line' id='line_1_66' title="bbox 715 3702 1020 3776; baseline -0.016 -17"><span class='ocrx_word' id='word_1_388' title='bbox 715 3713 802 3776; x_wconf 72' lang='lat' dir='ltr'><strong>get</strong></span> <span class='ocrx_word' id='word_1_389' title='bbox 828 3702 882 3755; x_wconf 94' lang='lat' dir='ltr'><strong>in</strong></span> <span class='ocrx_word' id='word_1_390' title='bbox 913 3715 1020 3755; x_wconf 89' lang='lat' dir='ltr'><strong>me.</strong></span> 
     </span>
    </p>
   </div>
   <div class='ocr_carea' id='block_1_65' title="bbox 1394 3685 3042 3776">
    <p class='ocr_par' dir='ltr' id='par_1_65' title="bbox 2395 3685 3042 3760">
     <span class='ocr_line' id='line_1_67' title="bbox 2395 3685 3042 3760; baseline -0.009 -16"><span class='ocrx_word' id='word_1_391' title='bbox 2395 3690 2472 3755; x_wconf 87' lang='grc'><strong>(5)</strong></span> <span class='ocrx_word' id='word_1_392' title='bbox 2506 3685 2900 3760; x_wconf 71' lang='grc' dir='ltr'>[ὲπισυστήσει]</span> <span class='ocrx_word' id='word_1_393' title='bbox 2933 3702 3042 3756; x_wconf 88' lang='grc' dir='ltr'>μοι.</span> 
     </span>
    </p>
   </div>
   <div class='ocr_carea' id='block_1_66' title="bbox 787 3775 2435 3861">
    <p class='ocr_par' dir='ltr' id='par_1_66' title="bbox 787 3790 1548 3861">
     <span class='ocr_line' id='line_1_68' title="bbox 787 3790 1548 3861; baseline -0.012 -12"><span class='ocrx_word' id='word_1_394' title='bbox 787 3794 874 3849; x_wconf 84' lang='grc'><strong>11.</strong></span> <span class='ocrx_word' id='word_1_395' title='bbox 907 3791 1190 3861; x_wconf 91' lang='lat' dir='ltr'><strong>Principes</strong></span> <span class='ocrx_word' id='word_1_396' title='bbox 1212 3790 1548 3846; x_wconf 73' lang='lat' dir='ltr'><strong>Judzeorum.</strong></span> 
     </span>
    </p>
   </div>
   <div class='ocr_carea' id='block_1_67' title="bbox 1747 3775 3395 3861">
    <p class='ocr_par' dir='ltr' id='par_1_67' title="bbox 2468 3775 3395 3848">
     <span class='ocr_line' id='line_1_69' title="bbox 2468 3775 3395 3848; baseline -0.008 -15"><span class='ocrx_word' id='word_1_397' title='bbox 2468 3781 2552 3834; x_wconf 90' lang='lat' dir='ltr'><strong>ll.</strong></span> <span class='ocrx_word' id='word_1_398' title='bbox 2593 3781 2654 3832; x_wconf 89' lang='grc' dir='ltr'>Οί</span> <span class='ocrx_word' id='word_1_399' title='bbox 2681 3779 2936 3848; x_wconf 79' lang='grc' dir='ltr'>ἄρχοντες</span> <span class='ocrx_word' id='word_1_400' title='bbox 2959 3777 3067 3829; x_wconf 81' lang='grc' dir='ltr'>τῶν</span> <span class='ocrx_word' id='word_1_401' title='bbox 3103 3775 3395 3828; x_wconf 83' lang='grc' dir='ltr'>Ἰουδαίων.</span> 
     </span>
    </p>
   </div>
   <div class='ocr_carea' id='block_1_68' title="bbox 786 3865 2434 3946">
    <p class='ocr_par' dir='ltr' id='par_1_68' title="bbox 786 3872 2287 3946">
     <span class='ocr_line' id='line_1_70' title="bbox 786 3872 2287 3946; baseline -0.009 -8"><span class='ocrx_word' id='word_1_402' title='bbox 786 3884 874 3938; x_wconf 71' lang='grc'><strong>12.</strong></span> <span class='ocrx_word' id='word_1_403' title='bbox 931 3881 1133 3937; x_wconf 74' lang='lat' dir='ltr'><strong>Scribae</strong></span> <span class='ocrx_word' id='word_1_404' title='bbox 1180 3890 1234 3936; x_wconf 92' lang='lat' dir='ltr'><strong>et</strong></span> <span class='ocrx_word' id='word_1_405' title='bbox 1286 3878 1545 3934; x_wconf 74' lang='lat' dir='ltr'><strong>Pharisaei</strong></span> <span class='ocrx_word' id='word_1_406' title='bbox 1605 3875 2011 3946; x_wconf 88' lang='lat' dir='ltr'><strong>Scripturarum</strong></span> <span class='ocrx_word' id='word_1_407' title='bbox 2066 3872 2287 3927; x_wconf 90' lang='lat' dir='ltr'><strong>scientia</strong></span> 
     </span>
    </p>
   </div>
   <div class='ocr_carea' id='block_1_69' title="bbox 2317 3865 3965 3946">
    <p class='ocr_par' dir='ltr' id='par_1_69' title="bbox 2471 3865 3965 3942">
     <span class='ocr_line' id='line_1_71' title="bbox 2471 3865 3965 3942; baseline -0.007 -16"><span class='ocrx_word' id='word_1_408' title='bbox 2471 3875 2557 3926; x_wconf 75' lang='lat' dir='ltr'><strong>l2.</strong></span> <span class='ocrx_word' id='word_1_409' title='bbox 2599 3875 2661 3924; x_wconf 79' lang='lat' dir='ltr'><strong>Ui</strong></span> <span class='ocrx_word' id='word_1_410' title='bbox 2692 3871 3037 3942; x_wconf 75' lang='grc' dir='ltr'>γραμματεῖς</span> <span class='ocrx_word' id='word_1_411' title='bbox 3072 3869 3164 3921; x_wconf 73' lang='grc' dir='ltr'><strong>καὶ</strong></span> <span class='ocrx_word' id='word_1_412' title='bbox 3199 3869 3247 3920; x_wconf 80' lang='grc' dir='ltr'>οἱ</span> <span class='ocrx_word' id='word_1_413' title='bbox 3289 3867 3573 3938; x_wconf 82' lang='grc' dir='ltr'>Φαρισαῖοι</span> <span class='ocrx_word' id='word_1_414' title='bbox 3607 3866 3699 3918; x_wconf 72' lang='grc' dir='ltr'>ἐπὶ</span> <span class='ocrx_word' id='word_1_415' title='bbox 3736 3869 3802 3936; x_wconf 82' lang='grc' dir='ltr'>τῇ</span> <span class='ocrx_word' id='word_1_416' title='bbox 3835 3865 3965 3932; x_wconf 76' lang='grc' dir='ltr'><strong>γνὼ-</strong></span> 
     </span>
    </p>
   </div>
   <div class='ocr_carea' id='block_1_70' title="bbox 719 3947 3373 4032">
    <p class='ocr_par' dir='ltr' id='par_1_70' title="bbox 719 3947 3373 4032">
     <span class='ocr_line' id='line_1_72' title="bbox 719 3947 3373 4032; baseline -0.007 -4"><span class='ocrx_word' id='word_1_417' title='bbox 719 3976 870 4028; x_wconf 80' lang='lat' dir='ltr'><strong>elati.</strong></span> <span class='ocrx_word' id='word_1_418' title='bbox 2399 3981 2479 4016; x_wconf 85' lang='grc' dir='ltr'><strong>σει</strong></span> <span class='ocrx_word' id='word_1_419' title='bbox 2514 3962 2589 4032; x_wconf 66' lang='grc'><strong>(4)</strong></span> <span class='ocrx_word' id='word_1_420' title='bbox 2616 3960 2724 4014; x_wconf 85' lang='grc' dir='ltr'><strong>τῶν</strong></span> <span class='ocrx_word' id='word_1_421' title='bbox 2750 3959 2978 4032; x_wconf 80' lang='grc' dir='ltr'>Γραφῶν</span> <span class='ocrx_word' id='word_1_422' title='bbox 3005 3947 3373 4028; x_wconf 72' lang='grc' dir='ltr'>ἐπαιρόμενοι.</span> 
     </span>
    </p>
   </div>
   <div class='ocr_carea' id='block_1_71' title="bbox 791 4047 2439 4130">
    <p class='ocr_par' dir='ltr' id='par_1_71' title="bbox 791 4055 2291 4130">
     <span class='ocr_line' id='line_1_73' title="bbox 791 4055 2291 4130; baseline -0.007 -12"><span class='ocrx_word' id='word_1_423' title='bbox 791 4066 878 4118; x_wconf 77' lang='grc'><strong>15.</strong></span> <span class='ocrx_word' id='word_1_424' title='bbox 909 4061 1025 4117; x_wconf 84' lang='lat' dir='ltr'><strong>Non</strong></span> <span class='ocrx_word' id='word_1_425' title='bbox 1080 4060 1250 4115; x_wconf 82' lang='lat' dir='ltr'><strong>frater</strong></span> <span class='ocrx_word' id='word_1_426' title='bbox 1295 4068 1482 4115; x_wconf 88' lang='lat' dir='ltr'><strong>noster</strong></span> <span class='ocrx_word' id='word_1_427' title='bbox 1517 4068 1619 4127; x_wconf 88' lang='lat' dir='ltr'><strong>est,</strong></span> <span class='ocrx_word' id='word_1_428' title='bbox 1653 4059 1746 4130; x_wconf 90' lang='lat' dir='ltr'><strong>qui</strong></span> <span class='ocrx_word' id='word_1_429' title='bbox 1773 4057 1992 4113; x_wconf 89' lang='lat' dir='ltr'><strong>redimit</strong></span> <span class='ocrx_word' id='word_1_430' title='bbox 2030 4070 2152 4120; x_wconf 83' lang='lat' dir='ltr'><strong>uos,</strong></span> <span class='ocrx_word' id='word_1_431' title='bbox 2188 4055 2291 4108; x_wconf 91' lang='lat' dir='ltr'><strong>hoc</strong></span> 
     </span>
    </p>
   </div>
   <div class='ocr_carea' id='block_1_72' title="bbox 2325 4047 3973 4130">
    <p class='ocr_par' dir='ltr' id='par_1_72' title="bbox 2472 4047 3973 4123">
     <span class='ocr_line' id='line_1_74' title="bbox 2472 4047 3973 4123; baseline -0.001 -18"><span class='ocrx_word' id='word_1_432' title='bbox 2472 4055 2558 4106; x_wconf 84' lang='grc'><strong>15.</strong></span> <span class='ocrx_word' id='word_1_433' title='bbox 2593 4053 2706 4105; x_wconf 80' lang='grc' dir='ltr'>Οὐκ</span> <span class='ocrx_word' id='word_1_434' title='bbox 2741 4051 2966 4121; x_wconf 75' lang='grc' dir='ltr'>ἀδελφὸς</span> <span class='ocrx_word' id='word_1_435' title='bbox 2996 4052 3152 4123; x_wconf 77' lang='grc' dir='ltr'>ἡμῶν</span> <span class='ocrx_word' id='word_1_436' title='bbox 3179 4054 3326 4104; x_wconf 73' lang='grc' dir='ltr'>ἐστιν</span> <span class='ocrx_word' id='word_1_437' title='bbox 3357 4052 3386 4104; x_wconf 84' lang='grc' dir='ltr'>ὁ</span> <span class='ocrx_word' id='word_1_438' title='bbox 3413 4047 3781 4120; x_wconf 83' lang='grc' dir='ltr'>λυτρούμενος</span> <span class='ocrx_word' id='word_1_439' title='bbox 3808 4049 3973 4118; x_wconf 75' lang='grc' dir='ltr'>ἡμᾶς.</span> 
     </span>
    </p>
   </div>
   <div class='ocr_carea' id='block_1_73' title="bbox 721 4139 2369 4219">
    <p class='ocr_par' dir='ltr' id='par_1_73' title="bbox 721 4150 2290 4219">
     <span class='ocr_line' id='line_1_75' title="bbox 721 4150 2290 4219; baseline -0.007 -9"><span class='ocrx_word' id='word_1_440' title='bbox 721 4165 804 4211; x_wconf 90' lang='lat' dir='ltr'><strong>est</strong></span> <span class='ocrx_word' id='word_1_441' title='bbox 828 4165 1029 4210; x_wconf 46' lang='lat' dir='ltr'><strong>nostrae</strong></span> <span class='ocrx_word' id='word_1_442' title='bbox 1061 4164 1267 4208; x_wconf 74' lang='lat' dir='ltr'><strong>naturae</strong></span> <span class='ocrx_word' id='word_1_443' title='bbox 1297 4162 1351 4208; x_wconf 90' lang='lat' dir='ltr'><strong>et</strong></span> <span class='ocrx_word' id='word_1_444' title='bbox 1369 4152 1719 4219; x_wconf 89' lang='lat' dir='ltr'><strong>conditionis,</strong></span> <span class='ocrx_word' id='word_1_445' title='bbox 1744 4150 1840 4207; x_wconf 87' lang='lat' dir='ltr'><strong>sed</strong></span> <span class='ocrx_word' id='word_1_446' title='bbox 1863 4150 2008 4205; x_wconf 89' lang='lat' dir='ltr'><strong>Deus</strong></span> <span class='ocrx_word' id='word_1_447' title='bbox 2038 4163 2133 4217; x_wconf 92' lang='lat' dir='ltr'><strong>per</strong></span> <span class='ocrx_word' id='word_1_448' title='bbox 2164 4163 2290 4217; x_wconf 79' lang='lat' dir='ltr'><strong>gra-</strong></span> 
     </span>
    </p>
   </div>
   <div class='ocr_carea' id='block_1_74' title="bbox 2325 4139 3973 4219">
    <p class='ocr_par' dir='ltr' id='par_1_74' title="bbox 2398 4139 3973 4215">
     <span class='ocr_line' id='line_1_76' title="bbox 2398 4139 3973 4215; baseline -0.004 -18"><span class='ocrx_word' id='word_1_449' title='bbox 2398 4145 2674 4198; x_wconf 79' lang='grc' dir='ltr'>τουτέστιν</span> <span class='ocrx_word' id='word_1_450' title='bbox 2715 4146 2745 4196; x_wconf 77' lang='grc' dir='ltr'>ὁ</span> <span class='ocrx_word' id='word_1_451' title='bbox 2786 4143 2883 4213; x_wconf 81' lang='grc' dir='ltr'>τῆς</span> <span class='ocrx_word' id='word_1_452' title='bbox 2919 4144 2994 4214; x_wconf 80' lang='grc'><strong>(5)</strong></span> <span class='ocrx_word' id='word_1_453' title='bbox 3037 4144 3307 4215; x_wconf 82' lang='grc' dir='ltr'>ἡμετέρας</span> <span class='ocrx_word' id='word_1_454' title='bbox 3349 4141 3587 4210; x_wconf 83' lang='grc' dir='ltr'>φύσεως,</span> <span class='ocrx_word' id='word_1_455' title='bbox 3622 4139 3738 4192; x_wconf 78' lang='grc' dir='ltr'>ἀλλ’</span> <span class='ocrx_word' id='word_1_456' title='bbox 3779 4141 3808 4191; x_wconf 82' lang='grc' dir='ltr'>ὁ</span> <span class='ocrx_word' id='word_1_457' title='bbox 3847 4139 3973 4201; x_wconf 69' lang='grc' dir='ltr'>Θεὸς</span> 
     </span>
    </p>
   </div>
   <div class='ocr_carea' id='block_1_75' title="bbox 722 4231 2370 4306">
    <p class='ocr_par' dir='ltr' id='par_1_75' title="bbox 722 4244 1677 4302">
     <span class='ocr_line' id='line_1_77' title="bbox 722 4244 1677 4302; baseline -0.006 0"><span class='ocrx_word' id='word_1_458' title='bbox 722 4248 854 4302; x_wconf 90' lang='lat' dir='ltr'><strong>tiam</strong></span> <span class='ocrx_word' id='word_1_459' title='bbox 880 4244 1058 4302; x_wconf 78' lang='lat' dir='ltr'><strong>factus</strong></span> <span class='ocrx_word' id='word_1_460' title='bbox 1091 4247 1251 4300; x_wconf 90' lang='lat' dir='ltr'><strong>homo</strong></span> <span class='ocrx_word' id='word_1_461' title='bbox 1276 4244 1529 4298; x_wconf 87' lang='lat' dir='ltr'><strong>liberabit</strong></span> <span class='ocrx_word' id='word_1_462' title='bbox 1555 4258 1677 4299; x_wconf 86' lang='lat' dir='ltr'><strong>nos.</strong></span> 
     </span>
    </p>
   </div>
   <div class='ocr_carea' id='block_1_76' title="bbox 2271 4231 3919 4306">
    <p class='ocr_par' dir='ltr' id='par_1_76' title="bbox 2401 4231 3919 4306">
     <span class='ocr_line' id='line_1_78' title="bbox 2401 4231 3919 4306; baseline -0.005 -16"><span class='ocrx_word' id='word_1_463' title='bbox 2401 4236 2540 4290; x_wconf 82' lang='grc' dir='ltr'>κατὰ</span> <span class='ocrx_word' id='word_1_464' title='bbox 2565 4235 2722 4306; x_wconf 85' lang='grc' dir='ltr'>χάριν</span> <span class='ocrx_word' id='word_1_465' title='bbox 2754 4236 3048 4306; x_wconf 83' lang='grc' dir='ltr'>γενόμενος</span> <span class='ocrx_word' id='word_1_466' title='bbox 3078 4235 3362 4306; x_wconf 77' lang='grc' dir='ltr'>ἄνθρωπος</span> <span class='ocrx_word' id='word_1_467' title='bbox 3384 4231 3721 4304; x_wconf 88' lang='grc' dir='ltr'>λυτρὼσεται</span> <span class='ocrx_word' id='word_1_468' title='bbox 3755 4233 3919 4301; x_wconf 76' lang='grc' dir='ltr'>ἡμᾶς.</span> 
     </span>
    </p>
   </div>
   <div class='ocr_carea' id='block_1_77' title="bbox 793 4323 2441 4406">
    <p class='ocr_par' dir='ltr' id='par_1_77' title="bbox 793 4325 2293 4406">
     <span class='ocr_line' id='line_1_79' title="bbox 793 4325 2293 4406; baseline -0.005 -14"><span class='ocrx_word' id='word_1_469' title='bbox 793 4338 878 4392; x_wconf 69' lang='grc'><strong>14.</strong></span> <span class='ocrx_word' id='word_1_470' title='bbox 914 4337 980 4391; x_wconf 85' lang='lat' dir='ltr'><strong>Et</strong></span> <span class='ocrx_word' id='word_1_471' title='bbox 1001 4352 1110 4391; x_wconf 89' lang='lat' dir='ltr'><strong>non</strong></span> <span class='ocrx_word' id='word_1_472' title='bbox 1138 4325 1287 4391; x_wconf 84' lang='lat' dir='ltr'><strong>dabit</strong></span> <span class='ocrx_word' id='word_1_473' title='bbox 1317 4336 1557 4406; x_wconf 88' lang='lat' dir='ltr'><strong>seipsum</strong></span> <span class='ocrx_word' id='word_1_474' title='bbox 1590 4335 1954 4405; x_wconf 90' lang='lat' dir='ltr'><strong>placationem</strong></span> <span class='ocrx_word' id='word_1_475' title='bbox 1982 4347 2082 4402; x_wconf 88' lang='lat' dir='ltr'><strong>pro</strong></span> <span class='ocrx_word' id='word_1_476' title='bbox 2112 4331 2293 4386; x_wconf 87' lang='lat' dir='ltr'><strong>anima</strong></span> 
     </span>
    </p>
   </div>
   <div class='ocr_carea' id='block_1_78' title="bbox 2327 4323 3975 4406">
    <p class='ocr_par' dir='ltr' id='par_1_78' title="bbox 2478 4323 3975 4395">
     <span class='ocr_line' id='line_1_80' title="bbox 2478 4323 3975 4395; baseline -0.006 -12"><span class='ocrx_word' id='word_1_477' title='bbox 2478 4329 2564 4383; x_wconf 70' lang='lat' dir='ltr'><strong>ll.</strong></span> <span class='ocrx_word' id='word_1_478' title='bbox 2606 4329 2711 4381; x_wconf 82' lang='grc' dir='ltr'>Καὶ</span> <span class='ocrx_word' id='word_1_479' title='bbox 2745 4328 3098 4392; x_wconf 68' lang='grc' dir='ltr'>οὑδξ,ὲαυτδν</span> <span class='ocrx_word' id='word_1_480' title='bbox 3134 4326 3292 4380; x_wconf 85' lang='grc' dir='ltr'>δώσει</span> <span class='ocrx_word' id='word_1_481' title='bbox 3339 4325 3607 4395; x_wconf 81' lang='grc' dir='ltr'>ὲξίλασμα</span> <span class='ocrx_word' id='word_1_482' title='bbox 3638 4324 3737 4395; x_wconf 78' lang='grc' dir='ltr'>τὴν</span> <span class='ocrx_word' id='word_1_483' title='bbox 3774 4324 3850 4392; x_wconf 89' lang='lat'><strong>(6)</strong></span> <span class='ocrx_word' id='word_1_484' title='bbox 3877 4323 3975 4392; x_wconf 73' lang='grc' dir='ltr'>ψυ-</span> 
     </span>
    </p>
   </div>
   <div class='ocr_carea' id='block_1_79' title="bbox 725 4421 2373 4498">
    <p class='ocr_par' dir='ltr' id='par_1_79' title="bbox 725 4427 1404 4498">
     <span class='ocr_line' id='line_1_81' title="bbox 725 4427 1404 4498; baseline -0.006 -12"><span class='ocrx_word' id='word_1_485' title='bbox 725 4447 846 4495; x_wconf 83' lang='lat' dir='ltr'><strong>sua,</strong></span> <span class='ocrx_word' id='word_1_486' title='bbox 879 4429 972 4484; x_wconf 90' lang='lat' dir='ltr'><strong>sed</strong></span> <span class='ocrx_word' id='word_1_487' title='bbox 998 4444 1097 4498; x_wconf 92' lang='lat' dir='ltr'><strong>pro</strong></span> <span class='ocrx_word' id='word_1_488' title='bbox 1125 4427 1404 4483; x_wconf 89' lang='lat' dir='ltr'><strong>omnibus.</strong></span> 
     </span>
    </p>
   </div>
   <div class='ocr_carea' id='block_1_80' title="bbox 1608 4421 3256 4498">
    <p class='ocr_par' dir='ltr' id='par_1_80' title="bbox 2403 4421 3256 4496">
     <span class='ocr_line' id='line_1_82' title="bbox 2403 4421 3256 4496; baseline -0.002 -20"><span class='ocrx_word' id='word_1_489' title='bbox 2403 4424 2502 4496; x_wconf 80' lang='grc' dir='ltr'><strong>χὴν</strong></span> <span class='ocrx_word' id='word_1_490' title='bbox 2531 4421 2716 4485; x_wconf 76' lang='grc' dir='ltr'>αὑτοῦ,</span> <span class='ocrx_word' id='word_1_491' title='bbox 2757 4422 2890 4475; x_wconf 84' lang='grc' dir='ltr'><strong>ἀλλά</strong></span> <span class='ocrx_word' id='word_1_492' title='bbox 2917 4422 3003 4476; x_wconf 93' lang='grc' dir='ltr'><strong>διά</strong></span> <span class='ocrx_word' id='word_1_493' title='bbox 3030 4421 3256 4481; x_wconf 80' lang='grc' dir='ltr'>πάντας.</span> 
     </span>
    </p>
   </div>
   <div class='ocr_carea' id='block_1_81' title="bbox 796 4506 2444 4592">
    <p class='ocr_par' dir='ltr' id='par_1_81' title="bbox 796 4516 2297 4592">
     <span class='ocr_line' id='line_1_83' title="bbox 796 4516 2297 4592; baseline -0.003 -17"><span class='ocrx_word' id='word_1_494' title='bbox 796 4523 883 4577; x_wconf 83' lang='grc'><strong>15.</strong></span> <span class='ocrx_word' id='word_1_495' title='bbox 909 4520 1095 4592; x_wconf 86' lang='lat' dir='ltr'><strong>Neque</strong></span> <span class='ocrx_word' id='word_1_496' title='bbox 1129 4521 1363 4592; x_wconf 86' lang='lat' dir='ltr'><strong>pretium</strong></span> <span class='ocrx_word' id='word_1_497' title='bbox 1399 4519 1621 4591; x_wconf 92' lang='lat' dir='ltr'><strong>aliquod</strong></span> <span class='ocrx_word' id='word_1_498' title='bbox 1653 4517 1828 4584; x_wconf 85' lang='lat' dir='ltr'><strong>dabit,</strong></span> <span class='ocrx_word' id='word_1_499' title='bbox 1855 4526 1916 4572; x_wconf 91' lang='lat' dir='ltr'><strong>ut</strong></span> <span class='ocrx_word' id='word_1_500' title='bbox 1956 4516 2147 4572; x_wconf 88' lang='lat' dir='ltr'><strong>liberet</strong></span> <span class='ocrx_word' id='word_1_501' title='bbox 2177 4516 2297 4571; x_wconf 90' lang='lat' dir='ltr'><strong>ani-</strong></span> 
     </span>
    </p>
   </div>
   <div class='ocr_carea' id='block_1_82' title="bbox 2328 4506 3976 4592">
    <p class='ocr_par' dir='ltr' id='par_1_82' title="bbox 2479 4506 3976 4586">
     <span class='ocr_line' id='line_1_84' title="bbox 2479 4506 3976 4586; baseline -0.006 -18"><span class='ocrx_word' id='word_1_502' title='bbox 2479 4516 2566 4569; x_wconf 82' lang='grc'><strong>15.</strong></span> <span class='ocrx_word' id='word_1_503' title='bbox 2606 4515 2739 4568; x_wconf 76' lang='grc' dir='ltr'>Οὐδὲ</span> <span class='ocrx_word' id='word_1_504' title='bbox 2786 4515 2949 4586; x_wconf 81' lang='grc' dir='ltr'>τιμήν</span> <span class='ocrx_word' id='word_1_505' title='bbox 2994 4531 3111 4567; x_wconf 87' lang='grc' dir='ltr'>τινα</span> <span class='ocrx_word' id='word_1_506' title='bbox 3154 4511 3334 4577; x_wconf 86' lang='grc' dir='ltr'>δώσει,</span> <span class='ocrx_word' id='word_1_507' title='bbox 3381 4511 3466 4564; x_wconf 78' lang='grc' dir='ltr'>ἵνα</span> <span class='ocrx_word' id='word_1_508' title='bbox 3510 4507 3856 4580; x_wconf 83' lang='grc' dir='ltr'>λυτρώσηται</span> <span class='ocrx_word' id='word_1_509' title='bbox 3885 4506 3976 4578; x_wconf 79' lang='grc' dir='ltr'>τὴν</span> 
     </span>
    </p>
   </div>
   <div class='ocr_carea' id='block_1_83' title="bbox 729 4606 2377 4677">
    <p class='ocr_par' dir='ltr' id='par_1_83' title="bbox 729 4631 2364 4677">
     <span class='ocr_line' id='line_1_85' title="bbox 729 4631 2364 4677; baseline -0.003 -7"><span class='ocrx_word' id='word_1_510' title='bbox 729 4631 872 4671; x_wconf 86' lang='lat' dir='ltr'><strong>mam</strong></span> <span class='ocrx_word' id='word_1_511' title='bbox 899 4631 1075 4670; x_wconf 88' lang='lat' dir='ltr'><strong>suam.</strong></span> <span class='ocrx_word' id='word_1_512' title='bbox 2337 4673 2364 4677; x_wconf 35' lang='grc' dir='ltr'>λ</span> 
     </span>
    </p>
   </div>
   <div class='ocr_carea' id='block_1_84' title="bbox 1139 4606 2787 4677">
    <p class='ocr_par' dir='ltr' id='par_1_84' title="bbox 2337 4606 2787 4677">
     <span class='ocr_line' id='line_1_86' title="bbox 2337 4606 2787 4677; baseline -0.007 -16"><span class='ocrx_word' id='word_1_513' title='bbox 2337 4673 2364 4677; x_wconf 35' lang='grc' dir='ltr'>λ</span> <span class='ocrx_word' id='word_1_514' title='bbox 2406 4608 2580 4677; x_wconf 79' lang='grc' dir='ltr'>ψυχὴν</span> <span class='ocrx_word' id='word_1_515' title='bbox 2604 4606 2787 4660; x_wconf 78' lang='grc' dir='ltr'>αὐτοῦ.</span> 
     </span>
    </p>
   </div>
   <div class='ocr_carea' id='block_1_85' title="bbox 801 4673 2449 4778">
    <p class='ocr_par' dir='ltr' id='par_1_85' title="bbox 801 4673 2431 4778">
     <span class='ocr_line' id='line_1_87' title="bbox 801 4673 2431 4778; baseline -0.007 -15"><span class='ocrx_word' id='word_1_516' title='bbox 801 4709 886 4762; x_wconf 85' lang='grc'><strong>16.</strong></span> <span class='ocrx_word' id='word_1_517' title='bbox 911 4708 975 4762; x_wconf 84' lang='grc' dir='ltr'>Ει</span> <span class='ocrx_word' id='word_1_518' title='bbox 1001 4721 1196 4778; x_wconf 86' lang='lat' dir='ltr'><strong>passus</strong></span> <span class='ocrx_word' id='word_1_519' title='bbox 1212 4713 1296 4760; x_wconf 87' lang='lat' dir='ltr'><strong>est</strong></span> <span class='ocrx_word' id='word_1_520' title='bbox 1324 4703 1376 4758; x_wconf 91' lang='lat' dir='ltr'><strong>in</strong></span> <span class='ocrx_word' id='word_1_521' title='bbox 1408 4702 1632 4766; x_wconf 89' lang='lat' dir='ltr'><strong>mundo,</strong></span> <span class='ocrx_word' id='word_1_522' title='bbox 1656 4701 1750 4757; x_wconf 92' lang='lat' dir='ltr'><strong>sed</strong></span> <span class='ocrx_word' id='word_1_523' title='bbox 1777 4701 1908 4756; x_wconf 90' lang='lat' dir='ltr'><strong>vivit</strong></span> <span class='ocrx_word' id='word_1_524' title='bbox 1940 4699 1993 4754; x_wconf 91' lang='lat' dir='ltr'><strong>in</strong></span> <span class='ocrx_word' id='word_1_525' title='bbox 2019 4707 2302 4754; x_wconf 74' lang='lat' dir='ltr'><strong>aeternum.</strong></span> <span class='ocrx_word' id='word_1_526' title='bbox 2336 4673 2383 4732; x_wconf 73' lang='grc' dir='ltr'><strong>θ</strong></span> <span class='ocrx_word' id='word_1_527' title='bbox 2423 4673 2431 4676; x_wconf 17' lang='lat' dir='ltr'><strong>ﬁ</strong></span> 
     </span>
    </p>
   </div>
   <div class='ocr_carea' id='block_1_86' title="bbox 2327 4673 3975 4778">
    <p class='ocr_par' dir='ltr' id='par_1_86' title="bbox 2336 4673 3975 4766">
     <span class='ocr_line' id='line_1_88' title="bbox 2336 4673 3975 4766; baseline -0.004 -15"><span class='ocrx_word' id='word_1_528' title='bbox 2336 4673 2383 4732; x_wconf 79' lang='grc' dir='ltr'><strong>υ</strong></span> <span class='ocrx_word' id='word_1_529' title='bbox 2423 4673 2431 4676; x_wconf 66' lang='grc'><strong><em>“</em></strong></span> <span class='ocrx_word' id='word_1_530' title='bbox 2483 4673 2570 4754; x_wconf 65' lang='lat' dir='ltr'><strong>is.</strong></span> <span class='ocrx_word' id='word_1_531' title='bbox 2607 4698 2716 4752; x_wconf 75' lang='grc' dir='ltr'><strong>Καὶ</strong></span> <span class='ocrx_word' id='word_1_532' title='bbox 2749 4696 2984 4751; x_wconf 80' lang='grc' dir='ltr'>πέπονθε</span> <span class='ocrx_word' id='word_1_533' title='bbox 3016 4695 3094 4766; x_wconf 83' lang='grc' dir='ltr'><strong>τῷ</strong></span> <span class='ocrx_word' id='word_1_534' title='bbox 3132 4694 3210 4766; x_wconf 73' lang='grc'><strong>(7)</strong></span> <span class='ocrx_word' id='word_1_535' title='bbox 3244 4695 3453 4766; x_wconf 84' lang='grc' dir='ltr'>κόσμῳ,</span> <span class='ocrx_word' id='word_1_536' title='bbox 3484 4693 3621 4748; x_wconf 79' lang='grc' dir='ltr'><strong>ἀλλά</strong></span> <span class='ocrx_word' id='word_1_537' title='bbox 3655 4692 3721 4766; x_wconf 77' lang='grc' dir='ltr'><strong>ζῇ</strong></span> <span class='ocrx_word' id='word_1_538' title='bbox 3757 4693 3975 4747; x_wconf 82' lang='grc' dir='ltr'>ἀτελευ-</span> 
     </span>
    </p>
   </div>
   <div class='ocr_carea' id='block_1_87' title="bbox 2409 4792 2608 4863">
    <p class='ocr_par' dir='ltr' id='par_1_87' title="bbox 2409 4792 2608 4863">
     <span class='ocr_line' id='line_1_89' title="bbox 2409 4792 2608 4863; baseline 0.005 -18"><span class='ocrx_word' id='word_1_539' title='bbox 2409 4792 2608 4863; x_wconf 86' lang='grc' dir='ltr'>τήτως.</span> 
     </span>
    </p>
   </div>
   <div class='ocr_carea' id='block_1_88' title="bbox 806 4873 2454 4953">
    <p class='ocr_par' dir='ltr' id='par_1_88' title="bbox 806 4879 2307 4952">
     <span class='ocr_line' id='line_1_90' title="bbox 806 4879 2307 4952; baseline -0.003 -14"><span class='ocrx_word' id='word_1_540' title='bbox 806 4884 887 4939; x_wconf 88' lang='lat' dir='ltr'><strong>l7.</strong></span> <span class='ocrx_word' id='word_1_541' title='bbox 925 4881 1023 4938; x_wconf 86' lang='lat' dir='ltr'><strong>llic</strong></span> <span class='ocrx_word' id='word_1_542' title='bbox 1053 4881 1270 4952; x_wconf 91' lang='lat' dir='ltr'><strong>quidem</strong></span> <span class='ocrx_word' id='word_1_543' title='bbox 1311 4895 1421 4935; x_wconf 93' lang='lat' dir='ltr'><strong>non</strong></span> <span class='ocrx_word' id='word_1_544' title='bbox 1453 4879 1607 4934; x_wconf 86' lang='lat' dir='ltr'><strong>novit</strong></span> <span class='ocrx_word' id='word_1_545' title='bbox 1650 4882 2096 4949; x_wconf 85' lang='lat' dir='ltr'><strong>corruptionem;</strong></span> <span class='ocrx_word' id='word_1_546' title='bbox 2131 4892 2307 4949; x_wconf 85' lang='lat' dir='ltr'><strong>neque</strong></span> 
     </span>
    </p>
   </div>
   <div class='ocr_carea' id='block_1_89' title="bbox 2328 4873 3976 4953">
    <p class='ocr_par' dir='ltr' id='par_1_89' title="bbox 2485 4873 3976 4953">
     <span class='ocr_line' id='line_1_91' title="bbox 2485 4873 3976 4953; baseline -0.006 -16"><span class='ocrx_word' id='word_1_547' title='bbox 2485 4884 2572 4940; x_wconf 86' lang='lat' dir='ltr'><strong>l7.</strong></span> <span class='ocrx_word' id='word_1_548' title='bbox 2609 4877 2776 4946; x_wconf 75' lang='grc' dir='ltr'>Οὗτος</span> <span class='ocrx_word' id='word_1_549' title='bbox 2808 4881 2906 4953; x_wconf 83' lang='grc' dir='ltr'>μὲν</span> <span class='ocrx_word' id='word_1_550' title='bbox 2941 4881 3040 4934; x_wconf 86' lang='grc' dir='ltr'><strong>οὐκ</strong></span> <span class='ocrx_word' id='word_1_551' title='bbox 3073 4875 3180 4934; x_wconf 75' lang='grc' dir='ltr'>εἶδε</span> <span class='ocrx_word' id='word_1_552' title='bbox 3216 4878 3535 4951; x_wconf 69' lang='grc' dir='ltr'>διαφθοράψ</span> <span class='ocrx_word' id='word_1_553' title='bbox 3566 4878 3626 4931; x_wconf 80' lang='grc' dir='ltr'><strong>οὐ</strong></span> <span class='ocrx_word' id='word_1_554' title='bbox 3665 4877 3774 4950; x_wconf 81' lang='grc' dir='ltr'><strong>γὰρ</strong></span> <span class='ocrx_word' id='word_1_555' title='bbox 3803 4873 3870 4949; x_wconf 78' lang='grc' dir='ltr'>ἦν</span> <span class='ocrx_word' id='word_1_556' title='bbox 3899 4878 3976 4930; x_wconf 78' lang='grc' dir='ltr'>δυο</span> 
     </span>
    </p>
   </div>
   <div class='ocr_carea' id='block_1_90' title="bbox 732 4969 2380 5047">
    <p class='ocr_par' dir='ltr' id='par_1_90' title="bbox 732 4972 2304 5044">
     <span class='ocr_line' id='line_1_92' title="bbox 732 4972 2304 5044; baseline -0.005 -13"><span class='ocrx_word' id='word_1_557' title='bbox 732 4978 881 5031; x_wconf 89' lang='lat' dir='ltr'><strong>cnim</strong></span> <span class='ocrx_word' id='word_1_558' title='bbox 912 4973 1174 5044; x_wconf 87' lang='lat' dir='ltr'><strong>possibile</strong></span> <span class='ocrx_word' id='word_1_559' title='bbox 1202 4981 1341 5038; x_wconf 82' lang='lat' dir='ltr'><strong>erat,</strong></span> <span class='ocrx_word' id='word_1_560' title='bbox 1372 4981 1434 5026; x_wconf 90' lang='lat' dir='ltr'><strong>ut</strong></span> <span class='ocrx_word' id='word_1_561' title='bbox 1476 4972 1592 5041; x_wconf 87' lang='lat' dir='ltr'><strong>ipse</strong></span> <span class='ocrx_word' id='word_1_562' title='bbox 1623 4972 1968 5040; x_wconf 89' lang='lat' dir='ltr'><strong>corruptione</strong></span> <span class='ocrx_word' id='word_1_563' title='bbox 2011 4979 2304 5025; x_wconf 90' lang='lat' dir='ltr'><strong>teneretur.</strong></span> 
     </span>
    </p>
   </div>
   <div class='ocr_carea' id='block_1_91' title="bbox 1981 4969 3629 5047">
    <p class='ocr_par' dir='ltr' id='par_1_91' title="bbox 2011 4969 3629 5047">
     <span class='ocr_line' id='line_1_93' title="bbox 2011 4969 3629 5047; baseline -0.003 -22"><span class='ocrx_word' id='word_1_564' title='bbox 2011 4979 2304 5025; x_wconf 88' lang='lat' dir='ltr'><strong>teneretur.</strong></span> <span class='ocrx_word' id='word_1_565' title='bbox 2412 4975 2568 5029; x_wconf 87' lang='grc' dir='ltr'>νατὸν</span> <span class='ocrx_word' id='word_1_566' title='bbox 2595 4974 2912 5047; x_wconf 87' lang='grc' dir='ltr'>κρατεῖσθαι</span> <span class='ocrx_word' id='word_1_567' title='bbox 2941 4973 3102 5025; x_wconf 79' lang='grc' dir='ltr'>αὑτὸν</span> <span class='ocrx_word' id='word_1_568' title='bbox 3137 4971 3243 5024; x_wconf 81' lang='grc' dir='ltr'><strong>ὑπὸ</strong></span> <span class='ocrx_word' id='word_1_569' title='bbox 3270 4970 3368 5040; x_wconf 85' lang='grc' dir='ltr'>τῆς</span> <span class='ocrx_word' id='word_1_570' title='bbox 3404 4969 3629 5040; x_wconf 78' lang='grc' dir='ltr'>φθορᾶς.</span> 
     </span>
    </p>
   </div>
   <div class='ocr_carea' id='block_1_92' title="bbox 804 5057 2452 5135">
    <p class='ocr_par' dir='ltr' id='par_1_92' title="bbox 804 5063 2308 5135">
     <span class='ocr_line' id='line_1_94' title="bbox 804 5063 2308 5135; baseline -0.001 -14"><span class='ocrx_word' id='word_1_571' title='bbox 804 5069 889 5121; x_wconf 87' lang='grc'><strong>18.</strong></span> <span class='ocrx_word' id='word_1_572' title='bbox 915 5064 1116 5121; x_wconf 87' lang='lat' dir='ltr'><strong>Omnes</strong></span> <span class='ocrx_word' id='word_1_573' title='bbox 1145 5075 1324 5119; x_wconf 90' lang='lat' dir='ltr'><strong>autem</strong></span> <span class='ocrx_word' id='word_1_574' title='bbox 1349 5064 1622 5135; x_wconf 87' lang='lat' dir='ltr'><strong>sapientes</strong></span> <span class='ocrx_word' id='word_1_575' title='bbox 1654 5063 1818 5133; x_wconf 87' lang='lat' dir='ltr'><strong>hujus</strong></span> <span class='ocrx_word' id='word_1_576' title='bbox 1843 5064 2024 5119; x_wconf 64' lang='lat' dir='ltr'><strong>seaculi</strong></span> <span class='ocrx_word' id='word_1_577' title='bbox 2054 5064 2171 5134; x_wconf 91' lang='lat' dir='ltr'><strong>ipse</strong></span> <span class='ocrx_word' id='word_1_578' title='bbox 2193 5080 2308 5119; x_wconf 86' lang='lat' dir='ltr'><strong>mo-</strong></span> 
     </span>
    </p>
   </div>
   <div class='ocr_carea' id='block_1_93' title="bbox 2331 5057 3979 5135">
    <p class='ocr_par' dir='ltr' id='par_1_93' title="bbox 2487 5057 3979 5132">
     <span class='ocr_line' id='line_1_95' title="bbox 2487 5057 3979 5132; baseline -0.008 -12"><span class='ocrx_word' id='word_1_579' title='bbox 2487 5067 2572 5121; x_wconf 91' lang='lat' dir='ltr'><strong>l8.</strong></span> <span class='ocrx_word' id='word_1_580' title='bbox 2599 5068 2819 5128; x_wconf 78' lang='grc' dir='ltr'>Πάντας</span> <span class='ocrx_word' id='word_1_581' title='bbox 2844 5066 2901 5118; x_wconf 85' lang='grc' dir='ltr'>δὲ</span> <span class='ocrx_word' id='word_1_582' title='bbox 2937 5065 3063 5127; x_wconf 79' lang='grc' dir='ltr'>τοὺς</span> <span class='ocrx_word' id='word_1_583' title='bbox 3092 5063 3286 5132; x_wconf 70' lang='grc' dir='ltr'>σοφοὺς</span> <span class='ocrx_word' id='word_1_584' title='bbox 3318 5061 3412 5114; x_wconf 83' lang='grc' dir='ltr'><strong>τοῦ</strong></span> <span class='ocrx_word' id='word_1_585' title='bbox 3442 5059 3637 5124; x_wconf 81' lang='grc' dir='ltr'>αἰῶνος</span> <span class='ocrx_word' id='word_1_586' title='bbox 3667 5059 3857 5112; x_wconf 81' lang='grc' dir='ltr'>τούτου</span> <span class='ocrx_word' id='word_1_587' title='bbox 3894 5057 3979 5109; x_wconf 69' lang='grc' dir='ltr'>αὖε</span> 
     </span>
    </p>
   </div>
   <div class='ocr_carea' id='block_1_94' title="bbox 735 5157 2383 5228">
    <p class='ocr_par' dir='ltr' id='par_1_94' title="bbox 735 5158 1186 5214">
     <span class='ocr_line' id='line_1_96' title="bbox 735 5158 1186 5214; baseline -0.004 0"><span class='ocrx_word' id='word_1_588' title='bbox 735 5160 936 5214; x_wconf 89' lang='lat' dir='ltr'><strong>rienles</strong></span> <span class='ocrx_word' id='word_1_589' title='bbox 962 5158 1186 5212; x_wconf 90' lang='lat' dir='ltr'><strong>videbit.</strong></span> 
     </span>
    </p>
   </div>
   <div class='ocr_carea' id='block_1_95' title="bbox 1563 5157 3211 5228">
    <p class='ocr_par' dir='ltr' id='par_1_95' title="bbox 2413 5157 3211 5228">
     <span class='ocr_line' id='line_1_97' title="bbox 2413 5157 3211 5228; baseline -0.005 -16"><span class='ocrx_word' id='word_1_590' title='bbox 2413 5159 2504 5222; x_wconf 83' lang='grc' dir='ltr'><strong>τὸς</strong></span> <span class='ocrx_word' id='word_1_591' title='bbox 2538 5159 2725 5227; x_wconf 72' lang='grc' dir='ltr'>ὖψεται</span> <span class='ocrx_word' id='word_1_592' title='bbox 2756 5157 3211 5228; x_wconf 83' lang='grc' dir='ltr'>ἀποθνήσκοντας.</span> 
     </span>
    </p>
   </div>
   <div class='ocr_carea' id='block_1_96' title="bbox 807 5241 2455 5320">
    <p class='ocr_par' dir='ltr' id='par_1_96' title="bbox 807 5247 2307 5320">
     <span class='ocr_line' id='line_1_98' title="bbox 807 5247 2307 5320; baseline -0.001 -16"><span class='ocrx_word' id='word_1_593' title='bbox 807 5252 894 5304; x_wconf 80' lang='grc'><strong>19.</strong></span> <span class='ocrx_word' id='word_1_594' title='bbox 929 5249 1103 5303; x_wconf 91' lang='lat' dir='ltr'><strong>Simul</strong></span> <span class='ocrx_word' id='word_1_595' title='bbox 1123 5261 1315 5303; x_wconf 89' lang='lat' dir='ltr'><strong>omnes</strong></span> <span class='ocrx_word' id='word_1_596' title='bbox 1340 5247 1598 5318; x_wconf 84' lang='lat' dir='ltr'><strong>peribunt</strong></span> <span class='ocrx_word' id='word_1_597' title='bbox 1628 5262 1737 5302; x_wconf 93' lang='lat' dir='ltr'><strong>non</strong></span> <span class='ocrx_word' id='word_1_598' title='bbox 1771 5250 2093 5303; x_wconf 80' lang='lat' dir='ltr'><strong>conﬁtentes</strong></span> <span class='ocrx_word' id='word_1_599' title='bbox 2129 5249 2307 5320; x_wconf 88' lang='lat' dir='ltr'><strong>ipsum</strong></span> 
     </span>
    </p>
   </div>
   <div class='ocr_carea' id='block_1_97' title="bbox 2331 5241 3979 5320">
    <p class='ocr_par' dir='ltr' id='par_1_97' title="bbox 2488 5241 3979 5320">
     <span class='ocr_line' id='line_1_99' title="bbox 2488 5241 3979 5320; baseline -0.009 -16"><span class='ocrx_word' id='word_1_600' title='bbox 2488 5252 2573 5306; x_wconf 90' lang='lat' dir='ltr'><strong>l9.</strong></span> <span class='ocrx_word' id='word_1_601' title='bbox 2615 5249 2983 5320; x_wconf 82' lang='grc' dir='ltr'>Ὀμοθυμαδὸν</span> <span class='ocrx_word' id='word_1_602' title='bbox 3007 5248 3207 5311; x_wconf 85' lang='grc' dir='ltr'>πάντες</span> <span class='ocrx_word' id='word_1_603' title='bbox 3226 5247 3550 5302; x_wconf 78' lang='grc' dir='ltr'>ἀπολοῦνται</span> <span class='ocrx_word' id='word_1_604' title='bbox 3576 5245 3625 5297; x_wconf 85' lang='grc' dir='ltr'>οἱ</span> <span class='ocrx_word' id='word_1_605' title='bbox 3652 5243 3726 5314; x_wconf 83' lang='grc' dir='ltr'>μὴ</span> <span class='ocrx_word' id='word_1_606' title='bbox 3747 5241 3979 5310; x_wconf 78' lang='grc' dir='ltr'>λέγοντες</span> 
     </span>
    </p>
   </div>
   <div class='ocr_carea' id='block_1_98' title="bbox 735 5337 2383 5397">
    <p class='ocr_par' dir='ltr' id='par_1_98' title="bbox 735 5337 1082 5393">
     <span class='ocr_line' id='line_1_100' title="bbox 735 5337 1082 5393; baseline -0.006 -3"><span class='ocrx_word' id='word_1_607' title='bbox 735 5353 857 5393; x_wconf 87' lang='lat' dir='ltr'><strong>esse</strong></span> <span class='ocrx_word' id='word_1_608' title='bbox 889 5337 1082 5392; x_wconf 88' lang='lat' dir='ltr'><strong>Deum.</strong></span> 
     </span>
    </p>
   </div>
   <div class='ocr_carea' id='block_1_99' title="bbox 1282 5337 2930 5397">
    <p class='ocr_par' dir='ltr' id='par_1_99' title="bbox 2419 5339 2930 5397">
     <span class='ocr_line' id='line_1_101' title="bbox 2419 5339 2930 5397; baseline -0.002 -1"><span class='ocrx_word' id='word_1_609' title='bbox 2419 5344 2580 5397; x_wconf 77' lang='grc' dir='ltr'>αὑτὸν</span> <span class='ocrx_word' id='word_1_610' title='bbox 2611 5339 2748 5397; x_wconf 77' lang='grc' dir='ltr'>εἶναι</span> <span class='ocrx_word' id='word_1_611' title='bbox 2778 5343 2930 5395; x_wconf 83' lang='grc' dir='ltr'>Θεόν.</span> 
     </span>
    </p>
   </div>
   <div class='ocr_carea' id='block_1_100' title="bbox 806 5424 2454 5506">
    <p class='ocr_par' dir='ltr' id='par_1_100' title="bbox 806 5428 1936 5486">
     <span class='ocr_line' id='line_1_102' title="bbox 806 5428 1936 5486; baseline -0.002 -2"><span class='ocrx_word' id='word_1_612' title='bbox 806 5430 898 5484; x_wconf 73' lang='grc'><strong>20.</strong></span> <span class='ocrx_word' id='word_1_613' title='bbox 929 5429 1276 5486; x_wconf 62' lang='lat' dir='ltr'><strong>Damonibus</strong></span> <span class='ocrx_word' id='word_1_614' title='bbox 1304 5430 1517 5484; x_wconf 88' lang='lat' dir='ltr'><strong>animas</strong></span> <span class='ocrx_word' id='word_1_615' title='bbox 1541 5442 1670 5484; x_wconf 77' lang='lat' dir='ltr'><strong>suas</strong></span> <span class='ocrx_word' id='word_1_616' title='bbox 1700 5428 1936 5483; x_wconf 90' lang='lat' dir='ltr'><strong>tradent.</strong></span> 
     </span>
    </p>
   </div>
   <div class='ocr_carea' id='block_1_101' title="bbox 2333 5424 3981 5506">
    <p class='ocr_par' dir='ltr' id='par_1_101' title="bbox 2492 5424 3981 5506">
     <span class='ocr_line' id='line_1_103' title="bbox 2492 5424 3981 5506; baseline -0.011 -16"><span class='ocrx_word' id='word_1_617' title='bbox 2492 5436 2582 5490; x_wconf 72' lang='lat'><strong>20.</strong></span> <span class='ocrx_word' id='word_1_618' title='bbox 2615 5437 2739 5499; x_wconf 86' lang='grc' dir='ltr'>Τοῖς</span> <span class='ocrx_word' id='word_1_619' title='bbox 2769 5435 2985 5506; x_wconf 83' lang='grc' dir='ltr'>δαίμοσι</span> <span class='ocrx_word' id='word_1_620' title='bbox 3007 5432 3105 5496; x_wconf 82' lang='grc' dir='ltr'>τὰς</span> <span class='ocrx_word' id='word_1_621' title='bbox 3133 5431 3308 5504; x_wconf 80' lang='grc' dir='ltr'>ψυχὰς</span> <span class='ocrx_word' id='word_1_622' title='bbox 3339 5429 3518 5485; x_wconf 80' lang='grc' dir='ltr'>αὐτῶν</span> <span class='ocrx_word' id='word_1_623' title='bbox 3545 5424 3981 5499; x_wconf 78' lang='grc' dir='ltr'>ἑμπιστεύσουσι.</span> 
     </span>
    </p>
   </div>
   <div class='ocr_carea' id='block_1_102' title="bbox 1692 5542 3033 5624">
    <p class='ocr_par' dir='ltr' id='par_1_102' title="bbox 1692 5542 3033 5624">
     <span class='ocr_line' id='line_1_104' title="bbox 1692 5542 3033 5624; baseline 0.007 -22"><span class='ocrx_word' id='word_1_624' title='bbox 1692 5542 1993 5604; x_wconf 84' lang='lat' dir='ltr'><strong>Addenda</strong></span> <span class='ocrx_word' id='word_1_625' title='bbox 2026 5552 2087 5604; x_wconf 92' lang='lat' dir='ltr'><strong>et</strong></span> <span class='ocrx_word' id='word_1_626' title='bbox 2119 5542 2500 5624; x_wconf 78' lang='lat' dir='ltr'><strong>corrigenda</strong></span> <span class='ocrx_word' id='word_1_627' title='bbox 2533 5566 2612 5609; x_wconf 79' lang='lat' dir='ltr'><strong>ex</strong></span> <span class='ocrx_word' id='word_1_628' title='bbox 2645 5548 2788 5611; x_wconf 81' lang='lat' dir='ltr'><strong>cod.</strong></span> <span class='ocrx_word' id='word_1_629' title='bbox 2830 5549 3033 5611; x_wconf 83' lang='lat' dir='ltr'><strong>Vatic.</strong></span> 
     </span>
    </p>
   </div>
   <div class='ocr_carea' id='block_1_103' title="bbox 810 5640 2824 5724">
    <p class='ocr_par' dir='ltr' id='par_1_103' title="bbox 810 5640 2824 5724">
     <span class='ocr_line' id='line_1_105' title="bbox 810 5640 2824 5724; baseline -0.004 -29"><span class='ocrx_word' id='word_1_630' title='bbox 927 5641 1090 5724; x_wconf 52' lang='grc' dir='ltr'>ῥὲγει</span> <span class='ocrx_word' id='word_1_631' title='bbox 1120 5644 1353 5724; x_wconf 42' lang='grc' dir='ltr'>πᾷσιν...</span> <span class='ocrx_word' id='word_1_632' title='bbox 1389 5640 1760 5724; x_wconf 81' lang='grc' dir='ltr'>προτίθεσθαι.</span> <span class='ocrx_word' id='word_1_633' title='bbox 2499 5646 2572 5715; x_wconf 78' lang='grc'><strong>(5)</strong></span> <span class='ocrx_word' id='word_1_634' title='bbox 2603 5647 2677 5699; x_wconf 66' lang='grc' dir='ltr'><strong>οὺ</strong></span> <span class='ocrx_word' id='word_1_635' title='bbox 2705 5648 2824 5717; x_wconf 70' lang='grc' dir='ltr'>τῆς,</span> 
     </span>
    </p>
   </div>
   <div class='ocr_carea' id='block_1_104' title="bbox 810 5713 3866 5801">
    <p class='ocr_par' dir='ltr' id='par_1_104' title="bbox 810 5713 3866 5801">
     <span class='ocr_line' id='line_1_106' title="bbox 810 5713 3866 5801; baseline -0.005 -21"><span class='ocrx_word' id='word_1_636' title='bbox 915 5714 1128 5801; x_wconf 52' lang='grc' dir='ltr'>,Ξοφίαν</span> <span class='ocrx_word' id='word_1_637' title='bbox 1146 5717 1206 5801; x_wconf 57' lang='lat'><strong>09</strong></span> <span class='ocrx_word' id='word_1_638' title='bbox 1239 5714 1330 5766; x_wconf 75' lang='grc' dir='ltr'><strong>τοῦ</strong></span> <span class='ocrx_word' id='word_1_639' title='bbox 1365 5715 1576 5777; x_wconf 72' lang='grc' dir='ltr'><strong>αἰῶνος·</strong></span> <span class='ocrx_word' id='word_1_640' title='bbox 2603 5720 2710 5801; x_wconf 52' lang='grc' dir='ltr'><strong>Ιςέὶ</strong></span> <span class='ocrx_word' id='word_1_641' title='bbox 2745 5713 2805 5799; x_wconf 64' lang='lat' dir='ltr'><strong>eg</strong></span> <span class='ocrx_word' id='word_1_642' title='bbox 2833 5719 2905 5772; x_wconf 84' lang='grc' dir='ltr'>δι’</span> <span class='ocrx_word' id='word_1_643' title='bbox 2931 5719 3118 5774; x_wconf 78' lang='grc' dir='ltr'>ἑαυτὸν</span> <span class='ocrx_word' id='word_1_644' title='bbox 3141 5716 3299 5773; x_wconf 86' lang='grc' dir='ltr'>δώσει</span> <span class='ocrx_word' id='word_1_645' title='bbox 3323 5714 3589 5796; x_wconf 73' lang='grc' dir='ltr'>ὲξίλασμα</span> <span class='ocrx_word' id='word_1_646' title='bbox 3612 5713 3734 5785; x_wconf 80' lang='grc' dir='ltr'>τήν,</span> <span class='ocrx_word' id='word_1_647' title='bbox 3764 5719 3866 5767; x_wconf 88' lang='lat' dir='ltr'><strong>etc.</strong></span> 
     </span>
    </p>
   </div>
   <div class='ocr_carea' id='block_1_105' title="bbox 812 5784 3507 5860">
    <p class='ocr_par' dir='ltr' id='par_1_105' title="bbox 812 5784 3507 5860">
     <span class='ocr_line' id='line_1_107' title="bbox 812 5784 3507 5860; baseline 0.001 -25"><span class='ocrx_word' id='word_1_648' title='bbox 915 5784 1204 5860; x_wconf 58' lang='grc' dir='ltr'>Ἐπισυστῇ</span> <span class='ocrx_word' id='word_1_649' title='bbox 1235 5803 1368 5860; x_wconf 42' lang='grc' dir='ltr'>μοιη</span> <span class='ocrx_word' id='word_1_650' title='bbox 1427 5857 1448 5860; x_wconf 74' lang='lat'><strong><em>_</em></strong></span> <span class='ocrx_word' id='word_1_651' title='bbox 1628 5856 1638 5860; x_wconf 90' lang='lat'><em>_</em></span> <span class='ocrx_word' id='word_1_652' title='bbox 1850 5855 1861 5860; x_wconf 89' lang='lat'>_</span> <span class='ocrx_word' id='word_1_653' title='bbox 1915 5852 1927 5860; x_wconf 33' lang='grc' dir='ltr'>ι</span> <span class='ocrx_word' id='word_1_654' title='bbox 2004 5853 2015 5860; x_wconf 85' lang='lat'><em>_</em></span> <span class='ocrx_word' id='word_1_655' title='bbox 2170 5853 2196 5860; x_wconf 82' lang='lat'>_</span> <span class='ocrx_word' id='word_1_656' title='bbox 2503 5784 2579 5860; x_wconf 31' lang='lat'><strong>(7&#39;)</strong></span> <span class='ocrx_word' id='word_1_657' title='bbox 2623 5790 2709 5843; x_wconf 86' lang='grc' dir='ltr'>Ἐν</span> <span class='ocrx_word' id='word_1_658' title='bbox 2738 5788 2835 5859; x_wconf 82' lang='grc' dir='ltr'>τῷ,</span> <span class='ocrx_word' id='word_1_659' title='bbox 3494 5784 3507 5796; x_wconf 79' lang='grc'>⁸</span> 
     </span>
    </p>
   </div>
   <div class='ocr_carea' id='block_1_106' title="bbox 815 5852 2317 5924">
    <p class='ocr_par' dir='ltr' id='par_1_106' title="bbox 815 5852 2317 5924">
     <span class='ocr_line' id='line_1_108' title="bbox 815 5852 2317 5924; baseline 0.002 -17"><span class='ocrx_word' id='word_1_660' title='bbox 815 5855 893 5923; x_wconf 74' lang='grc' dir='ltr'><strong>(ι)</strong></span> <span class='ocrx_word' id='word_1_661' title='bbox 918 5852 1283 5924; x_wconf 68' lang='grc' dir='ltr'>Τραμματεῖς</span> <span class='ocrx_word' id='word_1_662' title='bbox 1315 5857 1512 5921; x_wconf 78' lang='grc' dir='ltr'>αὐτῶν,</span> <span class='ocrx_word' id='word_1_663' title='bbox 1550 5856 1663 5922; x_wconf 83' lang='grc' dir='ltr'>καί,</span> <span class='ocrx_word' id='word_1_664' title='bbox 1695 5863 1821 5922; x_wconf 88' lang='lat' dir='ltr'><strong>etc.,</strong></span> <span class='ocrx_word' id='word_1_665' title='bbox 1848 5852 1938 5908; x_wconf 73' lang='grc' dir='ltr'><strong>ἐπὶ</strong></span> <span class='ocrx_word' id='word_1_666' title='bbox 1967 5853 2064 5923; x_wconf 82' lang='grc' dir='ltr'>τὴν</span> <span class='ocrx_word' id='word_1_667' title='bbox 2094 5853 2317 5921; x_wconf 82' lang='grc' dir='ltr'>γνῶσιν.</span> 
     </span>
    </p>
   </div>
  </div>
