  <div class='ocr_page' id='page_1' title='image "/cluster/home/n/w/nwhite01/storage/ocr_20150623/27/uva.x030474749/430.png"; bbox 0 0 4174 6496; ppageno 0'>
   <div class='ocr_carea' id='block_1_1' title="bbox 1680 9 2641 29">
    <p class='ocr_par' dir='ltr' id='par_1_1' title="bbox 1680 14 2641 27">
     <span class='ocr_line' id='line_1_1' title="bbox 1680 14 2641 27; baseline -0.01 -1"><span class='ocrx_word' id='word_1_1' title='bbox 1680 24 1753 25; x_wconf 51' lang='grc' dir='ltr'><em>ᾼ</em></span> <span class='ocrx_word' id='word_1_2' title='bbox 1856 22 1952 27; x_wconf 51' lang='grc' dir='ltr'><strong>,ττ-</strong></span> <span class='ocrx_word' id='word_1_3' title='bbox 2002 16 2443 27; x_wconf 21' lang='grc' dir='ltr'><strong>-κκήήἑῦτνκήὶὴκ</strong></span> <span class='ocrx_word' id='word_1_4' title='bbox 2532 14 2641 17; x_wconf 40' lang='grc' dir='ltr'><strong>νῩ</strong></span> 
     </span>
    </p>
   </div>
   <div class='ocr_carea' id='block_1_2' title="bbox 261 412 3514 488">
    <p class='ocr_par' dir='ltr' id='par_1_2' title="bbox 261 412 3514 488">
     <span class='ocr_line' id='line_1_2' title="bbox 261 412 3514 488; baseline 0.005 -18"><span class='ocrx_word' id='word_1_5' title='bbox 261 412 366 470; x_wconf 70' lang='lat' dir='ltr'><strong>8M</strong></span> <span class='ocrx_word' id='word_1_6' title='bbox 1179 415 1267 469; x_wconf 86' lang='lat' dir='ltr'><strong>DE</strong></span> <span class='ocrx_word' id='word_1_7' title='bbox 1306 416 1581 472; x_wconf 79' lang='lat' dir='ltr'><strong>TI&#39;I‘ULIS</strong></span> <span class='ocrx_word' id='word_1_8' title='bbox 1618 418 2362 483; x_wconf 69' lang='lat' dir='ltr'><strong>PSALIOIIUM.—PS.-\L.</strong></span> <span class='ocrx_word' id='word_1_9' title='bbox 2393 428 2624 487; x_wconf 70' lang='lat' dir='ltr'><strong>XLVIII.</strong></span> <span class='ocrx_word' id='word_1_10' title='bbox 3408 431 3514 488; x_wconf 68' lang='grc' dir='ltr'>δια</span> 
     </span>
    </p>
   </div>
   <div class='ocr_carea' id='block_1_3' title="bbox 334 529 1982 616">
    <p class='ocr_par' dir='ltr' id='par_1_3' title="bbox 334 529 1913 604">
     <span class='ocr_line' id='line_1_3' title="bbox 334 529 1913 604; baseline 0.005 -19"><span class='ocrx_word' id='word_1_11' title='bbox 334 529 426 585; x_wconf 75' lang='grc'>21.</span> <span class='ocrx_word' id='word_1_12' title='bbox 455 532 563 583; x_wconf 72' lang='grc' dir='ltr'>Καὶ</span> <span class='ocrx_word' id='word_1_13' title='bbox 581 533 627 584; x_wconf 81' lang='grc' dir='ltr'>οἱ</span> <span class='ocrx_word' id='word_1_14' title='bbox 648 531 806 601; x_wconf 78' lang='grc' dir='ltr'>τάφοι</span> <span class='ocrx_word' id='word_1_15' title='bbox 834 532 1011 586; x_wconf 75' lang='grc' dir='ltr'>αὐτῶν</span> <span class='ocrx_word' id='word_1_16' title='bbox 1030 535 1197 588; x_wconf 82' lang='grc' dir='ltr'>οἰκίαι</span> <span class='ocrx_word' id='word_1_17' title='bbox 1223 534 1400 587; x_wconf 77' lang='grc' dir='ltr'>αὐτῶν</span> <span class='ocrx_word' id='word_1_18' title='bbox 1427 538 1507 599; x_wconf 69' lang='grc' dir='ltr'>εἰς</span> <span class='ocrx_word' id='word_1_19' title='bbox 1524 537 1614 590; x_wconf 77' lang='grc' dir='ltr'>τὸν</span> <span class='ocrx_word' id='word_1_20' title='bbox 1636 538 1825 593; x_wconf 78' lang='grc' dir='ltr'>αἰῶνα·</span> <span class='ocrx_word' id='word_1_21' title='bbox 1861 550 1913 604; x_wconf 76' lang='grc' dir='ltr'>Α</span> 
     </span>
    </p>
   </div>
   <div class='ocr_carea' id='block_1_4' title="bbox 1864 529 3512 616">
    <p class='ocr_par' dir='ltr' id='par_1_4' title="bbox 1864 542 3512 616">
     <span class='ocr_line' id='line_1_4' title="bbox 1864 542 3512 616; baseline 0.001 -21"><span class='ocrx_word' id='word_1_22' title='bbox 1864 550 1913 604; x_wconf 78' lang='grc' dir='ltr'>Α</span> <span class='ocrx_word' id='word_1_23' title='bbox 2006 542 2095 597; x_wconf 80' lang='grc'><strong>21.</strong></span> <span class='ocrx_word' id='word_1_24' title='bbox 2126 542 2189 597; x_wconf 86' lang='grc' dir='ltr'>Ει</span> <span class='ocrx_word' id='word_1_25' title='bbox 2221 545 2466 616; x_wconf 87' lang='lat' dir='ltr'><strong>sepulcra</strong></span> <span class='ocrx_word' id='word_1_26' title='bbox 2506 560 2696 601; x_wconf 86' lang='lat' dir='ltr'><strong>eorum</strong></span> <span class='ocrx_word' id='word_1_27' title='bbox 2746 555 2944 602; x_wconf 71' lang='lat' dir='ltr'><strong>donius</strong></span> <span class='ocrx_word' id='word_1_28' title='bbox 2995 546 3213 601; x_wconf 90' lang='lat' dir='ltr'><strong>illorum</strong></span> <span class='ocrx_word' id='word_1_29' title='bbox 3259 545 3315 599; x_wconf 91' lang='lat' dir='ltr'><strong>in</strong></span> <span class='ocrx_word' id='word_1_30' title='bbox 3352 551 3512 599; x_wconf 63' lang='lat' dir='ltr'><strong>aeter—</strong></span> 
     </span>
    </p>
   </div>
   <div class='ocr_carea' id='block_1_5' title="bbox 331 705 1979 798">
    <p class='ocr_par' dir='ltr' id='par_1_5' title="bbox 331 705 1725 783">
     <span class='ocr_line' id='line_1_5' title="bbox 331 705 1725 783; baseline 0.005 -22"><span class='ocrx_word' id='word_1_31' title='bbox 331 705 421 762; x_wconf 82' lang='lat'><strong>22.</strong></span> <span class='ocrx_word' id='word_1_32' title='bbox 456 706 798 779; x_wconf 79' lang='grc' dir='ltr'>Σκηνώματα</span> <span class='ocrx_word' id='word_1_33' title='bbox 827 709 1005 763; x_wconf 82' lang='grc' dir='ltr'>αὐτῶν</span> <span class='ocrx_word' id='word_1_34' title='bbox 1035 711 1115 774; x_wconf 73' lang='grc' dir='ltr'><strong>εἰς</strong></span> <span class='ocrx_word' id='word_1_35' title='bbox 1147 713 1339 780; x_wconf 82' lang='grc' dir='ltr'>γενεὰν</span> <span class='ocrx_word' id='word_1_36' title='bbox 1366 714 1463 767; x_wconf 82' lang='grc' dir='ltr'><strong>καὶ</strong></span> <span class='ocrx_word' id='word_1_37' title='bbox 1494 714 1688 783; x_wconf 81' lang='grc' dir='ltr'>γενεάν</span> <span class='ocrx_word' id='word_1_38' title='bbox 1710 732 1725 746; x_wconf 90' lang='grc'><strong>·</strong></span> 
     </span>
    </p>
   </div>
   <div class='ocr_carea' id='block_1_6' title="bbox 1854 705 3502 798">
    <p class='ocr_par' dir='ltr' id='par_1_6' title="bbox 2007 727 3502 798">
     <span class='ocr_line' id='line_1_6' title="bbox 2007 727 3502 798; baseline -0.001 -16"><span class='ocrx_word' id='word_1_39' title='bbox 2007 728 2099 782; x_wconf 83' lang='grc'><strong>22.</strong></span> <span class='ocrx_word' id='word_1_40' title='bbox 2127 727 2502 783; x_wconf 85' lang='lat' dir='ltr'><strong>Tabernacula</strong></span> <span class='ocrx_word' id='word_1_41' title='bbox 2544 743 2731 782; x_wconf 87' lang='lat' dir='ltr'><strong>eorum</strong></span> <span class='ocrx_word' id='word_1_42' title='bbox 2778 728 2833 782; x_wconf 92' lang='lat' dir='ltr'><strong>in</strong></span> <span class='ocrx_word' id='word_1_43' title='bbox 2867 728 3181 798; x_wconf 80' lang='lat' dir='ltr'><strong>progeniem</strong></span> <span class='ocrx_word' id='word_1_44' title='bbox 3219 739 3274 783; x_wconf 91' lang='lat' dir='ltr'><strong>et</strong></span> <span class='ocrx_word' id='word_1_45' title='bbox 3316 738 3502 798; x_wconf 65' lang='lat' dir='ltr'><strong>proge-</strong></span> 
     </span>
    </p>
   </div>
   <div class='ocr_carea' id='block_1_7' title="bbox 1939 835 2131 874">
    <p class='ocr_par' dir='ltr' id='par_1_7' title="bbox 1939 835 2131 874">
     <span class='ocr_line' id='line_1_7' title="bbox 1939 835 2131 874; baseline 0.005 -1"><span class='ocrx_word' id='word_1_46' title='bbox 1939 835 2082 874; x_wconf 88' lang='lat' dir='ltr'><strong>mem</strong></span> <span class='ocrx_word' id='word_1_47' title='bbox 2119 840 2131 874; x_wconf 74' lang='grc' dir='ltr'>ζ</span> 
     </span>
    </p>
   </div>
   <div class='ocr_carea' id='block_1_8' title="bbox 336 890 1984 995">
    <p class='ocr_par' dir='ltr' id='par_1_8' title="bbox 336 890 1837 962">
     <span class='ocr_line' id='line_1_8' title="bbox 336 890 1837 962; baseline 0.001 -14"><span class='ocrx_word' id='word_1_48' title='bbox 336 891 427 948; x_wconf 89' lang='lat'><strong>25.</strong></span> <span class='ocrx_word' id='word_1_49' title='bbox 479 890 909 946; x_wconf 80' lang='grc' dir='ltr'>Ἐπεκαλέσαντο</span> <span class='ocrx_word' id='word_1_50' title='bbox 951 890 1020 945; x_wconf 80' lang='grc' dir='ltr'>τὰ</span> <span class='ocrx_word' id='word_1_51' title='bbox 1066 890 1309 962; x_wconf 80' lang='grc' dir='ltr'>ὀνόματα</span> <span class='ocrx_word' id='word_1_52' title='bbox 1354 893 1535 947; x_wconf 84' lang='grc' dir='ltr'>αὐτῶν</span> <span class='ocrx_word' id='word_1_53' title='bbox 1583 894 1676 946; x_wconf 82' lang='grc' dir='ltr'>ἐπὶ</span> <span class='ocrx_word' id='word_1_54' title='bbox 1728 899 1837 949; x_wconf 87' lang='grc' dir='ltr'>τῶν</span> 
     </span>
    </p>
   </div>
   <div class='ocr_carea' id='block_1_9' title="bbox 1647 890 3295 995">
    <p class='ocr_par' dir='ltr' id='par_1_9' title="bbox 1647 895 3295 967">
     <span class='ocr_line' id='line_1_9' title="bbox 1647 895 3295 967; baseline 0.001 -7"><span class='ocrx_word' id='word_1_55' title='bbox 1647 895 1676 946; x_wconf 76' lang='grc' dir='ltr'><strong>τὶ</strong></span> <span class='ocrx_word' id='word_1_56' title='bbox 1728 899 1837 949; x_wconf 77' lang='grc' dir='ltr'><strong>τῶν</strong></span> <span class='ocrx_word' id='word_1_57' title='bbox 2009 910 2102 967; x_wconf 82' lang='grc'><strong>25.</strong></span> <span class='ocrx_word' id='word_1_58' title='bbox 2142 910 2483 967; x_wconf 79' lang='lat' dir='ltr'><strong>Vocaverunt</strong></span> <span class='ocrx_word' id='word_1_59' title='bbox 2507 910 2728 966; x_wconf 88' lang='lat' dir='ltr'><strong>nomina</strong></span> <span class='ocrx_word' id='word_1_60' title='bbox 2754 926 2849 967; x_wconf 86' lang='lat' dir='ltr'><strong>sua</strong></span> <span class='ocrx_word' id='word_1_61' title='bbox 2879 910 2934 964; x_wconf 91' lang='lat' dir='ltr'><strong>in</strong></span> <span class='ocrx_word' id='word_1_62' title='bbox 2964 910 3129 966; x_wconf 76' lang='lat' dir='ltr'><strong>terris</strong></span> <span class='ocrx_word' id='word_1_63' title='bbox 3157 908 3295 965; x_wconf 87' lang='lat' dir='ltr'><strong>suis.</strong></span> 
     </span>
    </p>
   </div>
   <div class='ocr_carea' id='block_1_10' title="bbox 260 983 659 1052">
    <p class='ocr_par' dir='ltr' id='par_1_10' title="bbox 260 983 659 1052">
     <span class='ocr_line' id='line_1_10' title="bbox 260 983 659 1052; baseline 0.005 -16"><span class='ocrx_word' id='word_1_64' title='bbox 260 983 438 1052; x_wconf 80' lang='grc' dir='ltr'>γαιῶν</span> <span class='ocrx_word' id='word_1_65' title='bbox 460 983 659 1038; x_wconf 77' lang='grc' dir='ltr'>αὐτῶν.</span> 
     </span>
    </p>
   </div>
   <div class='ocr_carea' id='block_1_11' title="bbox 341 1075 1989 1153">
    <p class='ocr_par' dir='ltr' id='par_1_11' title="bbox 341 1075 1617 1147">
     <span class='ocr_line' id='line_1_11' title="bbox 341 1075 1617 1147; baseline 0.002 -18"><span class='ocrx_word' id='word_1_66' title='bbox 341 1075 427 1129; x_wconf 70' lang='lat' dir='ltr'><strong>2i.</strong></span> <span class='ocrx_word' id='word_1_67' title='bbox 458 1078 568 1130; x_wconf 78' lang='grc' dir='ltr'>Καὶ</span> <span class='ocrx_word' id='word_1_68' title='bbox 592 1077 895 1143; x_wconf 77' lang='grc' dir='ltr'>ἄνθοωπος,</span> <span class='ocrx_word' id='word_1_69' title='bbox 929 1078 986 1130; x_wconf 80' lang='grc' dir='ltr'>ὲν</span> <span class='ocrx_word' id='word_1_70' title='bbox 1014 1080 1147 1147; x_wconf 73' lang='grc' dir='ltr'>τιμῇ</span> <span class='ocrx_word' id='word_1_71' title='bbox 1177 1076 1272 1139; x_wconf 83' lang='grc' dir='ltr'><strong>ὢν,</strong></span> <span class='ocrx_word' id='word_1_72' title='bbox 1300 1078 1362 1130; x_wconf 86' lang='grc' dir='ltr'><strong>οὐ</strong></span> <span class='ocrx_word' id='word_1_73' title='bbox 1394 1078 1617 1132; x_wconf 53' lang='grc' dir='ltr'>συνῗοις</span> 
     </span>
    </p>
   </div>
   <div class='ocr_carea' id='block_1_12' title="bbox 1859 1075 3507 1153">
    <p class='ocr_par' dir='ltr' id='par_1_12' title="bbox 2006 1080 3507 1153">
     <span class='ocr_line' id='line_1_12' title="bbox 2006 1080 3507 1153; baseline 0 -18"><span class='ocrx_word' id='word_1_74' title='bbox 2006 1081 2096 1136; x_wconf 75' lang='grc'><strong>24.</strong></span> <span class='ocrx_word' id='word_1_75' title='bbox 2131 1081 2198 1136; x_wconf 84' lang='grc' dir='ltr'>Ει</span> <span class='ocrx_word' id='word_1_76' title='bbox 2245 1085 2409 1138; x_wconf 87' lang='lat' dir='ltr'><strong>homo</strong></span> <span class='ocrx_word' id='word_1_77' title='bbox 2450 1100 2574 1140; x_wconf 88' lang='lat' dir='ltr'><strong>cum</strong></span> <span class='ocrx_word' id='word_1_78' title='bbox 2617 1087 2673 1139; x_wconf 92' lang='lat' dir='ltr'><strong>in</strong></span> <span class='ocrx_word' id='word_1_79' title='bbox 2713 1086 2918 1141; x_wconf 84' lang='lat' dir='ltr'><strong>honore</strong></span> <span class='ocrx_word' id='word_1_80' title='bbox 2949 1094 3116 1153; x_wconf 86' lang='lat' dir='ltr'><strong>esset,</strong></span> <span class='ocrx_word' id='word_1_81' title='bbox 3150 1098 3259 1140; x_wconf 87' lang='lat' dir='ltr'><strong>non</strong></span> <span class='ocrx_word' id='word_1_82' title='bbox 3297 1080 3507 1138; x_wconf 76' lang='lat' dir='ltr'><strong>intelle~</strong></span> 
     </span>
    </p>
   </div>
   <div class='ocr_carea' id='block_1_13' title="bbox 1936 1174 2049 1228">
    <p class='ocr_par' dir='ltr' id='par_1_13' title="bbox 1936 1174 2049 1228">
     <span class='ocr_line' id='line_1_13' title="bbox 1936 1174 2049 1228; baseline 0.009 -1"><span class='ocrx_word' id='word_1_83' title='bbox 1936 1174 2013 1227; x_wconf 75' lang='lat' dir='ltr'><strong>xit</strong></span> <span class='ocrx_word' id='word_1_84' title='bbox 2037 1218 2049 1228; x_wconf 94' lang='lat'><strong>.</strong></span> 
     </span>
    </p>
   </div>
   <div class='ocr_carea' id='block_1_14' title="bbox 336 1247 1984 1339">
    <p class='ocr_par' dir='ltr' id='par_1_14' title="bbox 336 1247 1832 1327">
     <span class='ocr_line' id='line_1_14' title="bbox 336 1247 1832 1327; baseline 0.005 -25"><span class='ocrx_word' id='word_1_85' title='bbox 336 1247 425 1303; x_wconf 88' lang='lat'><strong>25.</strong></span> <span class='ocrx_word' id='word_1_86' title='bbox 457 1250 917 1322; x_wconf 77' lang='grc' dir='ltr'>Παρασυνεϐλήθη</span> <span class='ocrx_word' id='word_1_87' title='bbox 961 1253 1072 1314; x_wconf 86' lang='grc' dir='ltr'>τοῖς</span> <span class='ocrx_word' id='word_1_88' title='bbox 1118 1251 1341 1322; x_wconf 80' lang='grc' dir='ltr'><strong>κτήνεσι</strong></span> <span class='ocrx_word' id='word_1_89' title='bbox 1385 1254 1499 1315; x_wconf 82' lang='grc' dir='ltr'>τοῖς</span> <span class='ocrx_word' id='word_1_90' title='bbox 1550 1254 1832 1327; x_wconf 76' lang='grc' dir='ltr'><strong>ἀνοήτοις,</strong></span> 
     </span>
    </p>
   </div>
   <div class='ocr_carea' id='block_1_15' title="bbox 1859 1247 3507 1339">
    <p class='ocr_par' dir='ltr' id='par_1_15' title="bbox 2004 1265 3507 1339">
     <span class='ocr_line' id='line_1_15' title="bbox 2004 1265 3507 1339; baseline 0.003 -19"><span class='ocrx_word' id='word_1_91' title='bbox 2004 1266 2095 1320; x_wconf 80' lang='lat'><strong>25.</strong></span> <span class='ocrx_word' id='word_1_92' title='bbox 2126 1265 2487 1336; x_wconf 71' lang='lat' dir='ltr'><strong>Compar-atus</strong></span> <span class='ocrx_word' id='word_1_93' title='bbox 2518 1277 2602 1323; x_wconf 87' lang='lat' dir='ltr'><strong>est</strong></span> <span class='ocrx_word' id='word_1_94' title='bbox 2622 1267 2885 1339; x_wconf 86' lang='lat' dir='ltr'><strong>jumentis</strong></span> <span class='ocrx_word' id='word_1_95' title='bbox 2919 1268 3322 1339; x_wconf 75' lang='lat' dir='ltr'><strong>insipientibus,</strong></span> <span class='ocrx_word' id='word_1_96' title='bbox 3352 1277 3406 1325; x_wconf 87' lang='lat' dir='ltr'><strong>et</strong></span> <span class='ocrx_word' id='word_1_97' title='bbox 3425 1270 3507 1326; x_wconf 69' lang='grc' dir='ltr'><strong>ἐἰσ</strong></span> 
     </span>
    </p>
   </div>
   <div class='ocr_carea' id='block_1_16' title="bbox 256 1337 1904 1414">
    <p class='ocr_par' dir='ltr' id='par_1_16' title="bbox 256 1337 873 1411">
     <span class='ocr_line' id='line_1_16' title="bbox 256 1337 873 1411; baseline 0.008 -21"><span class='ocrx_word' id='word_1_98' title='bbox 256 1337 357 1391; x_wconf 74' lang='grc' dir='ltr'><strong>καὶ</strong></span> <span class='ocrx_word' id='word_1_99' title='bbox 382 1338 639 1411; x_wconf 78' lang='grc' dir='ltr'><strong>ὡμοιώθη</strong></span> <span class='ocrx_word' id='word_1_100' title='bbox 668 1341 873 1406; x_wconf 82' lang='grc' dir='ltr'>αὐτοῖς.</span> 
     </span>
    </p>
   </div>
   <div class='ocr_carea' id='block_1_17' title="bbox 905 1337 2553 1414">
    <p class='ocr_par' dir='ltr' id='par_1_17' title="bbox 1938 1358 2553 1414">
     <span class='ocr_line' id='line_1_17' title="bbox 1938 1358 2553 1414; baseline 0 -1"><span class='ocrx_word' id='word_1_101' title='bbox 1938 1358 2081 1414; x_wconf 86' lang='lat' dir='ltr'><strong>milis</strong></span> <span class='ocrx_word' id='word_1_102' title='bbox 2109 1358 2285 1414; x_wconf 77' lang='lat' dir='ltr'><strong>Iactus</strong></span> <span class='ocrx_word' id='word_1_103' title='bbox 2312 1368 2396 1413; x_wconf 88' lang='lat' dir='ltr'><strong>est</strong></span> <span class='ocrx_word' id='word_1_104' title='bbox 2425 1359 2553 1414; x_wconf 90' lang='lat' dir='ltr'><strong>illis.</strong></span> 
     </span>
    </p>
   </div>
   <div class='ocr_carea' id='block_1_18' title="bbox 332 1430 1980 1521">
    <p class='ocr_par' dir='ltr' id='par_1_18' title="bbox 332 1430 1583 1504">
     <span class='ocr_line' id='line_1_18' title="bbox 332 1430 1583 1504; baseline 0.006 -21"><span class='ocrx_word' id='word_1_105' title='bbox 332 1430 424 1484; x_wconf 88' lang='lat'><strong>26.</strong></span> <span class='ocrx_word' id='word_1_106' title='bbox 458 1431 605 1502; x_wconf 81' lang='grc' dir='ltr'>Λῦτη</span> <span class='ocrx_word' id='word_1_107' title='bbox 635 1434 669 1504; x_wconf 80' lang='grc' dir='ltr'>ἠ</span> <span class='ocrx_word' id='word_1_108' title='bbox 700 1433 816 1496; x_wconf 79' lang='grc' dir='ltr'>ὁδὸς</span> <span class='ocrx_word' id='word_1_109' title='bbox 843 1433 1018 1487; x_wconf 73' lang='grc' dir='ltr'>αὐτῶν</span> <span class='ocrx_word' id='word_1_110' title='bbox 1047 1434 1342 1489; x_wconf 80' lang='grc' dir='ltr'>σκάνδαλον</span> <span class='ocrx_word' id='word_1_111' title='bbox 1367 1438 1550 1502; x_wconf 79' lang='grc' dir='ltr'>αὐτοῖς</span> <span class='ocrx_word' id='word_1_112' title='bbox 1570 1455 1583 1468; x_wconf 74' lang='grc'><strong><em>⁸</em></strong></span> 
     </span>
    </p>
   </div>
   <div class='ocr_carea' id='block_1_19' title="bbox 1527 1430 3175 1521">
    <p class='ocr_par' dir='ltr' id='par_1_19' title="bbox 1527 1447 3175 1521">
     <span class='ocr_line' id='line_1_19' title="bbox 1527 1447 3175 1521; baseline 0.002 -19"><span class='ocrx_word' id='word_1_113' title='bbox 1527 1456 1550 1502; x_wconf 82' lang='grc' dir='ltr'>ς</span> <span class='ocrx_word' id='word_1_114' title='bbox 1570 1455 1583 1468; x_wconf 89' lang='grc'><strong><em>⁸</em></strong></span> <span class='ocrx_word' id='word_1_115' title='bbox 2003 1450 2091 1503; x_wconf 74' lang='grc'><strong>96.</strong></span> <span class='ocrx_word' id='word_1_116' title='bbox 2127 1449 2251 1505; x_wconf 64' lang='lat' dir='ltr'><strong>llaec</strong></span> <span class='ocrx_word' id='word_1_117' title='bbox 2278 1452 2364 1506; x_wconf 82' lang='lat' dir='ltr'><strong>via</strong></span> <span class='ocrx_word' id='word_1_118' title='bbox 2390 1447 2608 1507; x_wconf 87' lang='lat' dir='ltr'><strong>illorum</strong></span> <span class='ocrx_word' id='word_1_119' title='bbox 2641 1451 2961 1507; x_wconf 82' lang='lat' dir='ltr'><strong>scandalum</strong></span> <span class='ocrx_word' id='word_1_120' title='bbox 2996 1451 3128 1521; x_wconf 86' lang='lat' dir='ltr'><strong>ipsis</strong></span> <span class='ocrx_word' id='word_1_121' title='bbox 3162 1470 3175 1506; x_wconf 94' lang='lat'>:</span> 
     </span>
    </p>
   </div>
   <div class='ocr_carea' id='block_1_20' title="bbox 333 1521 1981 1612">
    <p class='ocr_par' dir='ltr' id='par_1_20' title="bbox 333 1521 1833 1603">
     <span class='ocr_line' id='line_1_20' title="bbox 333 1521 1833 1603; baseline 0.008 -29"><span class='ocrx_word' id='word_1_122' title='bbox 333 1521 425 1576; x_wconf 87' lang='lat'><strong>27.</strong></span> <span class='ocrx_word' id='word_1_123' title='bbox 455 1524 564 1577; x_wconf 78' lang='grc' dir='ltr'>Καὶ</span> <span class='ocrx_word' id='word_1_124' title='bbox 596 1526 732 1595; x_wconf 74' lang='grc' dir='ltr'>μετὰ</span> <span class='ocrx_word' id='word_1_125' title='bbox 752 1525 922 1579; x_wconf 81' lang='grc' dir='ltr'>ταῦτα</span> <span class='ocrx_word' id='word_1_126' title='bbox 949 1527 1008 1580; x_wconf 81' lang='grc' dir='ltr'>ὲν</span> <span class='ocrx_word' id='word_1_127' title='bbox 1030 1526 1106 1598; x_wconf 79' lang='grc' dir='ltr'>τῷ</span> <span class='ocrx_word' id='word_1_128' title='bbox 1138 1528 1367 1599; x_wconf 85' lang='grc' dir='ltr'>στόματι</span> <span class='ocrx_word' id='word_1_129' title='bbox 1400 1530 1579 1584; x_wconf 82' lang='grc' dir='ltr'>αὐτῶν</span> <span class='ocrx_word' id='word_1_130' title='bbox 1610 1532 1833 1603; x_wconf 80' lang='grc' dir='ltr'>εὐδοκή-</span> 
     </span>
    </p>
   </div>
   <div class='ocr_carea' id='block_1_21' title="bbox 1536 1521 3184 1612">
    <p class='ocr_par' dir='ltr' id='par_1_21' title="bbox 1536 1532 3184 1612">
     <span class='ocr_line' id='line_1_21' title="bbox 1536 1532 3184 1612; baseline 0.008 -29"><span class='ocrx_word' id='word_1_131' title='bbox 1536 1532 1579 1583; x_wconf 80' lang='lat' dir='ltr'><strong>&#39;w</strong></span> <span class='ocrx_word' id='word_1_132' title='bbox 1610 1532 1833 1603; x_wconf 81' lang='grc' dir='ltr'>εὐδοκή-</span> <span class='ocrx_word' id='word_1_133' title='bbox 2001 1539 2093 1595; x_wconf 88' lang='lat'><strong>27.</strong></span> <span class='ocrx_word' id='word_1_134' title='bbox 2123 1538 2187 1595; x_wconf 83' lang='lat' dir='ltr'><strong>Et</strong></span> <span class='ocrx_word' id='word_1_135' title='bbox 2214 1552 2403 1611; x_wconf 89' lang='lat' dir='ltr'><strong>postea</strong></span> <span class='ocrx_word' id='word_1_136' title='bbox 2427 1541 2482 1596; x_wconf 91' lang='lat' dir='ltr'><strong>in</strong></span> <span class='ocrx_word' id='word_1_137' title='bbox 2503 1556 2598 1596; x_wconf 90' lang='lat' dir='ltr'><strong>ore</strong></span> <span class='ocrx_word' id='word_1_138' title='bbox 2620 1556 2722 1597; x_wconf 89' lang='lat' dir='ltr'><strong>suo</strong></span> <span class='ocrx_word' id='word_1_139' title='bbox 2752 1542 3184 1612; x_wconf 84' lang='lat' dir='ltr'><strong>complacebunt.</strong></span> 
     </span>
    </p>
   </div>
   <div class='ocr_carea' id='block_1_22' title="bbox 256 1629 812 1667">
    <p class='ocr_par' dir='ltr' id='par_1_22' title="bbox 256 1629 812 1667">
     <span class='ocr_line' id='line_1_22' title="bbox 256 1629 812 1667; baseline 0.007 -2"><span class='ocrx_word' id='word_1_140' title='bbox 256 1629 465 1667; x_wconf 89' lang='grc' dir='ltr'>σουσιν.</span> <span class='ocrx_word' id='word_1_141' title='bbox 810 1631 812 1634; x_wconf 70' lang='grc'><em>’</em></span> 
     </span>
    </p>
   </div>
   <div class='ocr_carea' id='block_1_23' title="bbox 824 1709 2472 1795">
    <p class='ocr_par' dir='ltr' id='par_1_23' title="bbox 824 1709 1268 1783">
     <span class='ocr_line' id='line_1_23' title="bbox 824 1709 1268 1783; baseline 0.002 -20"><span class='ocrx_word' id='word_1_142' title='bbox 824 1709 1139 1780; x_wconf 66' lang='grc' dir='ltr'>Διὰψαλμα</span> <span class='ocrx_word' id='word_1_143' title='bbox 1172 1710 1268 1783; x_wconf 76' lang='grc' dir='ltr'>(ιι).</span> 
     </span>
    </p>
   </div>
   <div class='ocr_carea' id='block_1_24' title="bbox 1235 1709 2883 1795">
    <p class='ocr_par' dir='ltr' id='par_1_24' title="bbox 1235 1710 2883 1795">
     <span class='ocr_line' id='line_1_24' title="bbox 1235 1710 2883 1795; baseline -0.002 -12"><span class='ocrx_word' id='word_1_144' title='bbox 1235 1710 1268 1783; x_wconf 83' lang='lat' dir='ltr'><strong>l-</strong></span> <span class='ocrx_word' id='word_1_145' title='bbox 2553 1725 2883 1795; x_wconf 76' lang='lat' dir='ltr'><strong>Diapsalma.</strong></span> 
     </span>
    </p>
   </div>
   <div class='ocr_carea' id='block_1_25' title="bbox 328 1798 1976 1890">
    <p class='ocr_par' dir='ltr' id='par_1_25' title="bbox 328 1798 1287 1873">
     <span class='ocr_line' id='line_1_25' title="bbox 328 1798 1287 1873; baseline 0.005 -20"><span class='ocrx_word' id='word_1_146' title='bbox 328 1798 420 1853; x_wconf 89' lang='lat'><strong>28.</strong></span> <span class='ocrx_word' id='word_1_147' title='bbox 466 1800 555 1862; x_wconf 79' lang='lat'><strong>&#39;0;</strong></span> <span class='ocrx_word' id='word_1_148' title='bbox 586 1800 832 1871; x_wconf 76' lang='grc' dir='ltr'>πρόϐατα</span> <span class='ocrx_word' id='word_1_149' title='bbox 858 1804 915 1856; x_wconf 85' lang='grc' dir='ltr'>ἐν</span> <span class='ocrx_word' id='word_1_150' title='bbox 941 1802 1042 1873; x_wconf 79' lang='grc' dir='ltr'><strong>ᾂδη</strong></span> <span class='ocrx_word' id='word_1_151' title='bbox 1072 1802 1287 1857; x_wconf 79' lang='grc' dir='ltr'>ἔθεντο·</span> 
     </span>
    </p>
   </div>
   <div class='ocr_carea' id='block_1_26' title="bbox 1497 1798 3145 1890">
    <p class='ocr_par' dir='ltr' id='par_1_26' title="bbox 1868 1815 3145 1890">
     <span class='ocr_line' id='line_1_26' title="bbox 1868 1815 3145 1890; baseline 0.008 -21"><span class='ocrx_word' id='word_1_152' title='bbox 1868 1889 1876 1890; x_wconf 14' lang='lat'><em>7</em></span> <span class='ocrx_word' id='word_1_153' title='bbox 1998 1815 2087 1870; x_wconf 89' lang='lat'><strong>28.</strong></span> <span class='ocrx_word' id='word_1_154' title='bbox 2122 1816 2274 1873; x_wconf 85' lang='lat' dir='ltr'><strong>Sicut</strong></span> <span class='ocrx_word' id='word_1_155' title='bbox 2302 1834 2431 1874; x_wconf 88' lang='lat' dir='ltr'><strong>oves</strong></span> <span class='ocrx_word' id='word_1_156' title='bbox 2462 1818 2517 1873; x_wconf 92' lang='lat' dir='ltr'><strong>in</strong></span> <span class='ocrx_word' id='word_1_157' title='bbox 2550 1815 2762 1875; x_wconf 81' lang='lat' dir='ltr'><strong>inferno</strong></span> <span class='ocrx_word' id='word_1_158' title='bbox 2787 1820 2948 1890; x_wconf 87' lang='lat' dir='ltr'><strong>positi</strong></span> <span class='ocrx_word' id='word_1_159' title='bbox 2978 1831 3145 1879; x_wconf 87' lang='lat' dir='ltr'><strong>sunt:</strong></span> 
     </span>
    </p>
   </div>
   <div class='ocr_carea' id='block_1_27' title="bbox 326 1889 1974 1978">
    <p class='ocr_par' dir='ltr' id='par_1_27' title="bbox 326 1889 1904 1966">
     <span class='ocr_line' id='line_1_27' title="bbox 326 1889 1904 1966; baseline 0.004 -21"><span class='ocrx_word' id='word_1_160' title='bbox 326 1892 420 1946; x_wconf 85' lang='lat'><strong>29.</strong></span> <span class='ocrx_word' id='word_1_161' title='bbox 448 1892 684 1957; x_wconf 73' lang='grc' dir='ltr'>Θάνατος</span> <span class='ocrx_word' id='word_1_162' title='bbox 719 1898 976 1966; x_wconf 83' lang='grc' dir='ltr'>ποιμανεῖ</span> <span class='ocrx_word' id='word_1_163' title='bbox 1002 1895 1219 1960; x_wconf 77' lang='grc' dir='ltr'>αὐτούς.</span> <span class='ocrx_word' id='word_1_164' title='bbox 1864 1889 1904 1944; x_wconf 78' lang='grc' dir='ltr'><strong><em>Β</em></strong></span> 
     </span>
    </p>
   </div>
   <div class='ocr_carea' id='block_1_28' title="bbox 1040 1889 2688 1978">
    <p class='ocr_par' dir='ltr' id='par_1_28' title="bbox 1040 1889 2688 1978">
     <span class='ocr_line' id='line_1_28' title="bbox 1040 1889 2688 1978; baseline 0.01 -31"><span class='ocrx_word' id='word_1_165' title='bbox 1040 1895 1219 1960; x_wconf 78' lang='grc' dir='ltr'>ὑτούς.</span> <span class='ocrx_word' id='word_1_166' title='bbox 1864 1889 1904 1944; x_wconf 76' lang='grc' dir='ltr'><strong><em>Β</em></strong></span> <span class='ocrx_word' id='word_1_167' title='bbox 2000 1903 2092 1960; x_wconf 86' lang='lat'><strong>29.</strong></span> <span class='ocrx_word' id='word_1_168' title='bbox 2117 1906 2264 1964; x_wconf 84' lang='lat' dir='ltr'><strong>Mors</strong></span> <span class='ocrx_word' id='word_1_169' title='bbox 2289 1908 2543 1978; x_wconf 88' lang='lat' dir='ltr'><strong>depascet</strong></span> <span class='ocrx_word' id='word_1_170' title='bbox 2571 1924 2688 1965; x_wconf 86' lang='lat' dir='ltr'><strong>eos.</strong></span> 
     </span>
    </p>
   </div>
   <div class='ocr_carea' id='block_1_29' title="bbox 328 1983 1976 2075">
    <p class='ocr_par' dir='ltr' id='par_1_29' title="bbox 328 1983 1824 2063">
     <span class='ocr_line' id='line_1_29' title="bbox 328 1983 1824 2063; baseline 0.007 -27"><span class='ocrx_word' id='word_1_171' title='bbox 328 1983 419 2037; x_wconf 87' lang='lat'><strong>50.</strong></span> <span class='ocrx_word' id='word_1_172' title='bbox 448 1985 555 2037; x_wconf 75' lang='lat' dir='ltr'><strong>Kal.</strong></span> <span class='ocrx_word' id='word_1_173' title='bbox 578 1988 1096 2058; x_wconf 83' lang='grc' dir='ltr'>κατακυριεύσουσιν</span> <span class='ocrx_word' id='word_1_174' title='bbox 1116 1989 1296 2042; x_wconf 81' lang='grc' dir='ltr'>αὐτῶν</span> <span class='ocrx_word' id='word_1_175' title='bbox 1317 1992 1365 2043; x_wconf 79' lang='grc' dir='ltr'>οἱ</span> <span class='ocrx_word' id='word_1_176' title='bbox 1386 1990 1562 2057; x_wconf 80' lang='grc' dir='ltr'>εὐθεῖς</span> <span class='ocrx_word' id='word_1_177' title='bbox 1582 1993 1642 2046; x_wconf 81' lang='grc' dir='ltr'><strong>τὸ</strong></span> <span class='ocrx_word' id='word_1_178' title='bbox 1666 1994 1824 2063; x_wconf 77' lang='grc' dir='ltr'>πρωϊ.</span> 
     </span>
    </p>
   </div>
   <div class='ocr_carea' id='block_1_30' title="bbox 1827 1983 3475 2075">
    <p class='ocr_par' dir='ltr' id='par_1_30' title="bbox 2000 1998 3475 2075">
     <span class='ocr_line' id='line_1_30' title="bbox 2000 1998 3475 2075; baseline 0.01 -24"><span class='ocrx_word' id='word_1_179' title='bbox 2000 1998 2091 2052; x_wconf 81' lang='lat'><strong>50.</strong></span> <span class='ocrx_word' id='word_1_180' title='bbox 2128 1998 2196 2054; x_wconf 84' lang='lat' dir='ltr'><strong>Et</strong></span> <span class='ocrx_word' id='word_1_181' title='bbox 2224 1998 2671 2069; x_wconf 65' lang='lat' dir='ltr'><strong>{dominabuntur</strong></span> <span class='ocrx_word' id='word_1_182' title='bbox 2700 2017 2890 2058; x_wconf 87' lang='lat' dir='ltr'><strong>eorum</strong></span> <span class='ocrx_word' id='word_1_183' title='bbox 2921 2003 3056 2075; x_wconf 83' lang='lat' dir='ltr'><strong>justi</strong></span> <span class='ocrx_word' id='word_1_184' title='bbox 3094 2006 3147 2059; x_wconf 88' lang='lat' dir='ltr'><strong>in</strong></span> <span class='ocrx_word' id='word_1_185' title='bbox 3191 2008 3475 2066; x_wconf 87' lang='lat' dir='ltr'><strong>matutino.</strong></span> 
     </span>
    </p>
   </div>
   <div class='ocr_carea' id='block_1_31' title="bbox 326 2075 1974 2164">
    <p class='ocr_par' dir='ltr' id='par_1_31' title="bbox 326 2075 1825 2160">
     <span class='ocr_line' id='line_1_31' title="bbox 326 2075 1825 2160; baseline 0.008 -32"><span class='ocrx_word' id='word_1_186' title='bbox 326 2075 389 2129; x_wconf 82' lang='lat'><strong>5|</strong></span> <span class='ocrx_word' id='word_1_187' title='bbox 403 2116 417 2130; x_wconf 93' lang='lat'><strong>.</strong></span> <span class='ocrx_word' id='word_1_188' title='bbox 448 2078 559 2131; x_wconf 80' lang='grc' dir='ltr'><strong>Καὶ</strong></span> <span class='ocrx_word' id='word_1_189' title='bbox 573 2081 607 2151; x_wconf 80' lang='grc' dir='ltr'>ἡ</span> <span class='ocrx_word' id='word_1_190' title='bbox 627 2079 848 2151; x_wconf 80' lang='grc' dir='ltr'>βοήθεια</span> <span class='ocrx_word' id='word_1_191' title='bbox 876 2080 1055 2134; x_wconf 78' lang='grc' dir='ltr'>αὐτῶν</span> <span class='ocrx_word' id='word_1_192' title='bbox 1076 2080 1518 2155; x_wconf 84' lang='grc' dir='ltr'>παλαιωθήσεται</span> <span class='ocrx_word' id='word_1_193' title='bbox 1538 2086 1596 2138; x_wconf 83' lang='grc' dir='ltr'>ὲν</span> <span class='ocrx_word' id='word_1_194' title='bbox 1614 2084 1690 2155; x_wconf 82' lang='grc' dir='ltr'>τῷ</span> <span class='ocrx_word' id='word_1_195' title='bbox 1706 2082 1825 2160; x_wconf 69' lang='grc' dir='ltr'><strong>ᾅδῃ,</strong></span> 
     </span>
    </p>
   </div>
   <div class='ocr_carea' id='block_1_32' title="bbox 1713 2075 3361 2164">
    <p class='ocr_par' dir='ltr' id='par_1_32' title="bbox 1713 2085 3361 2164">
     <span class='ocr_line' id='line_1_32' title="bbox 1713 2085 3361 2164; baseline 0.01 -25"><span class='ocrx_word' id='word_1_196' title='bbox 1713 2085 1825 2160; x_wconf 66' lang='lat' dir='ltr'><strong>itan,</strong></span> <span class='ocrx_word' id='word_1_197' title='bbox 1997 2090 2084 2145; x_wconf 76' lang='grc'>51.</span> <span class='ocrx_word' id='word_1_198' title='bbox 2120 2090 2186 2145; x_wconf 83' lang='lat' dir='ltr'><strong>Et</strong></span> <span class='ocrx_word' id='word_1_199' title='bbox 2213 2092 2480 2147; x_wconf 80' lang='lat' dir='ltr'><strong>auxilium</strong></span> <span class='ocrx_word' id='word_1_200' title='bbox 2503 2108 2694 2148; x_wconf 85' lang='lat' dir='ltr'><strong>eorum</strong></span> <span class='ocrx_word' id='word_1_201' title='bbox 2726 2104 3025 2153; x_wconf 75' lang='lat' dir='ltr'><strong>veterasret</strong></span> <span class='ocrx_word' id='word_1_202' title='bbox 3046 2097 3101 2151; x_wconf 90' lang='lat' dir='ltr'><strong>in</strong></span> <span class='ocrx_word' id='word_1_203' title='bbox 3128 2097 3361 2164; x_wconf 77' lang='lat' dir='ltr'><strong>inferno,</strong></span> 
     </span>
    </p>
   </div>
   <div class='ocr_carea' id='block_1_33' title="bbox 327 2168 1975 2257">
    <p class='ocr_par' dir='ltr' id='par_1_33' title="bbox 327 2168 1434 2247">
     <span class='ocr_line' id='line_1_33' title="bbox 327 2168 1434 2247; baseline 0.008 -27"><span class='ocrx_word' id='word_1_204' title='bbox 327 2168 418 2221; x_wconf 80' lang='lat'><strong>52.</strong></span> <span class='ocrx_word' id='word_1_205' title='bbox 461 2170 555 2223; x_wconf 80' lang='grc' dir='ltr'><strong>Ἐκ</strong></span> <span class='ocrx_word' id='word_1_206' title='bbox 590 2172 688 2242; x_wconf 81' lang='grc' dir='ltr'><strong>τῆς</strong></span> <span class='ocrx_word' id='word_1_207' title='bbox 713 2171 869 2245; x_wconf 78' lang='grc' dir='ltr'>δόξης</span> <span class='ocrx_word' id='word_1_208' title='bbox 895 2172 1076 2227; x_wconf 81' lang='grc' dir='ltr'>αὐτῶν</span> <span class='ocrx_word' id='word_1_209' title='bbox 1100 2174 1434 2247; x_wconf 79' lang='grc' dir='ltr'><strong>ἐξώσθησαν.</strong></span> 
     </span>
    </p>
   </div>
   <div class='ocr_carea' id='block_1_34' title="bbox 1360 2168 3008 2257">
    <p class='ocr_par' dir='ltr' id='par_1_34' title="bbox 1360 2182 3008 2257">
     <span class='ocr_line' id='line_1_34' title="bbox 1360 2182 3008 2257; baseline 0.008 -29"><span class='ocrx_word' id='word_1_210' title='bbox 1360 2192 1434 2229; x_wconf 75' lang='grc' dir='ltr'>ιν.</span> <span class='ocrx_word' id='word_1_211' title='bbox 1998 2182 2087 2238; x_wconf 86' lang='lat'><strong>52.</strong></span> <span class='ocrx_word' id='word_1_212' title='bbox 2115 2183 2159 2237; x_wconf 78' lang='grc' dir='ltr'><strong>Α</strong></span> <span class='ocrx_word' id='word_1_213' title='bbox 2197 2183 2366 2255; x_wconf 80' lang='lat' dir='ltr'><strong>gloria</strong></span> <span class='ocrx_word' id='word_1_214' title='bbox 2397 2198 2588 2239; x_wconf 89' lang='lat' dir='ltr'><strong>eorum</strong></span> <span class='ocrx_word' id='word_1_215' title='bbox 2618 2186 2829 2257; x_wconf 85' lang='lat' dir='ltr'><strong>expulsi</strong></span> <span class='ocrx_word' id='word_1_216' title='bbox 2863 2198 3008 2242; x_wconf 89' lang='lat' dir='ltr'><strong>sunt.</strong></span> 
     </span>
    </p>
   </div>
   <div class='ocr_carea' id='block_1_35' title="bbox 327 2260 1975 2355">
    <p class='ocr_par' dir='ltr' id='par_1_35' title="bbox 327 2260 1966 2355">
     <span class='ocr_line' id='line_1_35' title="bbox 327 2260 1966 2355; baseline 0.007 -42"><span class='ocrx_word' id='word_1_217' title='bbox 327 2260 418 2314; x_wconf 88' lang='lat'><strong>55.</strong></span> <span class='ocrx_word' id='word_1_218' title='bbox 450 2262 595 2334; x_wconf 79' lang='grc' dir='ltr'><strong>Πλὴν</strong></span> <span class='ocrx_word' id='word_1_219' title='bbox 634 2265 662 2317; x_wconf 86' lang='grc' dir='ltr'>ὁ</span> <span class='ocrx_word' id='word_1_220' title='bbox 694 2263 825 2329; x_wconf 79' lang='grc' dir='ltr'>Θεὸς</span> <span class='ocrx_word' id='word_1_221' title='bbox 870 2264 1203 2336; x_wconf 83' lang='grc' dir='ltr'>λυτρώσεται</span> <span class='ocrx_word' id='word_1_222' title='bbox 1237 2266 1335 2337; x_wconf 84' lang='grc' dir='ltr'><strong>τὴν</strong></span> <span class='ocrx_word' id='word_1_223' title='bbox 1380 2266 1563 2339; x_wconf 79' lang='grc' dir='ltr'>ψυχήν</span> <span class='ocrx_word' id='word_1_224' title='bbox 1610 2286 1713 2339; x_wconf 83' lang='grc' dir='ltr'>μου</span> <span class='ocrx_word' id='word_1_225' title='bbox 1764 2272 1825 2324; x_wconf 68' lang='grc' dir='ltr'><strong>ἐκ</strong></span> <span class='ocrx_word' id='word_1_226' title='bbox 1949 2345 1966 2355; x_wconf 72' lang='lat'>_</span> 
     </span>
    </p>
   </div>
   <div class='ocr_carea' id='block_1_36' title="bbox 1855 2260 3503 2355">
    <p class='ocr_par' dir='ltr' id='par_1_36' title="bbox 1949 2271 3503 2355">
     <span class='ocr_line' id='line_1_36' title="bbox 1949 2271 3503 2355; baseline 0.008 -28"><span class='ocrx_word' id='word_1_227' title='bbox 1949 2345 1966 2355; x_wconf 81' lang='lat'>_</span> <span class='ocrx_word' id='word_1_228' title='bbox 1996 2271 2084 2328; x_wconf 75' lang='grc'><strong>53.</strong></span> <span class='ocrx_word' id='word_1_229' title='bbox 2119 2273 2506 2333; x_wconf 86' lang='lat' dir='ltr'><strong>Verumtamen</strong></span> <span class='ocrx_word' id='word_1_230' title='bbox 2540 2276 2684 2333; x_wconf 84' lang='lat' dir='ltr'><strong>Deus</strong></span> <span class='ocrx_word' id='word_1_231' title='bbox 2706 2279 2935 2335; x_wconf 81' lang='lat' dir='ltr'><strong>redimet</strong></span> <span class='ocrx_word' id='word_1_232' title='bbox 2964 2281 3201 2336; x_wconf 87' lang='lat' dir='ltr'><strong>animam</strong></span> <span class='ocrx_word' id='word_1_233' title='bbox 3230 2297 3404 2339; x_wconf 83' lang='lat' dir='ltr'><strong>meam</strong></span> <span class='ocrx_word' id='word_1_234' title='bbox 3437 2283 3503 2339; x_wconf 79' lang='lat' dir='ltr'><strong>de</strong></span> 
     </span>
    </p>
   </div>
   <div class='ocr_carea' id='block_1_37' title="bbox 246 2353 1894 2432">
    <p class='ocr_par' dir='ltr' id='par_1_37' title="bbox 246 2353 610 2425">
     <span class='ocr_line' id='line_1_37' title="bbox 246 2353 610 2425; baseline -0.005 -2"><span class='ocrx_word' id='word_1_235' title='bbox 246 2353 436 2425; x_wconf 77' lang='grc' dir='ltr'><strong>χειρὸς</strong></span> <span class='ocrx_word' id='word_1_236' title='bbox 464 2354 610 2425; x_wconf 74' lang='grc' dir='ltr'>ᾅδου,</span> 
     </span>
    </p>
   </div>
   <div class='ocr_carea' id='block_1_38' title="bbox 657 2353 2305 2432">
    <p class='ocr_par' dir='ltr' id='par_1_38' title="bbox 1934 2353 2305 2432">
     <span class='ocr_line' id='line_1_38' title="bbox 1934 2353 2305 2432; baseline 0.008 -14"><span class='ocrx_word' id='word_1_237' title='bbox 1934 2353 2097 2419; x_wconf 81' lang='lat' dir='ltr'><strong>manu</strong></span> <span class='ocrx_word' id='word_1_238' title='bbox 2124 2365 2305 2432; x_wconf 82' lang='lat' dir='ltr'><strong>inferi,</strong></span> 
     </span>
    </p>
   </div>
   <div class='ocr_carea' id='block_1_39' title="bbox 325 2447 1973 2529">
    <p class='ocr_par' dir='ltr' id='par_1_39' title="bbox 325 2447 1027 2524">
     <span class='ocr_line' id='line_1_39' title="bbox 325 2447 1027 2524; baseline 0.009 -25"><span class='ocrx_word' id='word_1_239' title='bbox 325 2447 417 2500; x_wconf 84' lang='lat' dir='ltr'><strong>5I.</strong></span> <span class='ocrx_word' id='word_1_240' title='bbox 457 2448 622 2502; x_wconf 83' lang='grc' dir='ltr'>Ὅταν</span> <span class='ocrx_word' id='word_1_241' title='bbox 656 2449 905 2524; x_wconf 78' lang='grc' dir='ltr'>λαμϐάνῃ</span> <span class='ocrx_word' id='word_1_242' title='bbox 941 2469 1027 2522; x_wconf 83' lang='grc' dir='ltr'>με.</span> 
     </span>
    </p>
   </div>
   <div class='ocr_carea' id='block_1_40' title="bbox 1053 2447 2701 2529">
    <p class='ocr_par' dir='ltr' id='par_1_40' title="bbox 2006 2453 2701 2529">
     <span class='ocr_line' id='line_1_40' title="bbox 2006 2453 2701 2529; baseline 0.006 -20"><span class='ocrx_word' id='word_1_243' title='bbox 2006 2454 2096 2510; x_wconf 70' lang='grc'><strong>54.</strong></span> <span class='ocrx_word' id='word_1_244' title='bbox 2126 2453 2264 2512; x_wconf 90' lang='lat' dir='ltr'><strong>Cum</strong></span> <span class='ocrx_word' id='word_1_245' title='bbox 2298 2458 2567 2529; x_wconf 87' lang='lat' dir='ltr'><strong>acceperit</strong></span> <span class='ocrx_word' id='word_1_246' title='bbox 2596 2474 2701 2514; x_wconf 89' lang='lat' dir='ltr'><strong>me.</strong></span> 
     </span>
    </p>
   </div>
   <div class='ocr_carea' id='block_1_41' title="bbox 325 2534 1973 2618">
    <p class='ocr_par' dir='ltr' id='par_1_41' title="bbox 325 2534 1542 2617">
     <span class='ocr_line' id='line_1_41' title="bbox 325 2534 1542 2617; baseline 0.005 -23"><span class='ocrx_word' id='word_1_247' title='bbox 325 2540 416 2594; x_wconf 79' lang='lat'><strong>55.</strong></span> <span class='ocrx_word' id='word_1_248' title='bbox 450 2542 539 2612; x_wconf 87' lang='grc' dir='ltr'><strong>Μὴ</strong></span> <span class='ocrx_word' id='word_1_249' title='bbox 569 2542 755 2609; x_wconf 75' lang='grc' dir='ltr'>φοϐοῦ,</span> <span class='ocrx_word' id='word_1_250' title='bbox 782 2542 907 2595; x_wconf 83' lang='grc' dir='ltr'>ὅταν</span> <span class='ocrx_word' id='word_1_251' title='bbox 934 2543 1211 2616; x_wconf 78' lang='grc' dir='ltr'>πλουτήσῃ</span> <span class='ocrx_word' id='word_1_252' title='bbox 1237 2534 1542 2617; x_wconf 74' lang='grc' dir='ltr'>ἄνθρωπος,</span> 
     </span>
    </p>
   </div>
   <div class='ocr_carea' id='block_1_42' title="bbox 1851 2534 3499 2618">
    <p class='ocr_par' dir='ltr' id='par_1_42' title="bbox 2003 2546 3499 2618">
     <span class='ocr_line' id='line_1_42' title="bbox 2003 2546 3499 2618; baseline 0.005 -19"><span class='ocrx_word' id='word_1_253' title='bbox 2003 2546 2089 2601; x_wconf 79' lang='lat'><strong>55.</strong></span> <span class='ocrx_word' id='word_1_254' title='bbox 2118 2546 2197 2604; x_wconf 87' lang='lat' dir='ltr'><strong>Ne</strong></span> <span class='ocrx_word' id='word_1_255' title='bbox 2230 2550 2480 2607; x_wconf 85' lang='lat' dir='ltr'><strong>timueris</strong></span> <span class='ocrx_word' id='word_1_256' title='bbox 2530 2564 2658 2607; x_wconf 76' lang='lat' dir='ltr'><strong>eum</strong></span> <span class='ocrx_word' id='word_1_257' title='bbox 2694 2553 2847 2608; x_wconf 82' lang='lat' dir='ltr'><strong>dives</strong></span> <span class='ocrx_word' id='word_1_258' title='bbox 2891 2552 3069 2609; x_wconf 77' lang='lat' dir='ltr'><strong>factus</strong></span> <span class='ocrx_word' id='word_1_259' title='bbox 3112 2553 3275 2610; x_wconf 78' lang='lat' dir='ltr'><strong>fuerit</strong></span> <span class='ocrx_word' id='word_1_260' title='bbox 3306 2552 3499 2618; x_wconf 81' lang='lat' dir='ltr'><strong>homo.</strong></span> 
     </span>
    </p>
   </div>
   <div class='ocr_carea' id='block_1_43' title="bbox 320 2633 1968 2713">
    <p class='ocr_par' dir='ltr' id='par_1_43' title="bbox 320 2633 1715 2707">
     <span class='ocr_line' id='line_1_43' title="bbox 320 2633 1715 2707; baseline 0.005 -20"><span class='ocrx_word' id='word_1_261' title='bbox 320 2633 410 2687; x_wconf 83' lang='lat'><strong>56.</strong></span> <span class='ocrx_word' id='word_1_262' title='bbox 444 2634 510 2685; x_wconf 76' lang='grc' dir='ltr'><strong>ἸΙ</strong></span> <span class='ocrx_word' id='word_1_263' title='bbox 540 2634 665 2687; x_wconf 83' lang='grc' dir='ltr'>ὅταν</span> <span class='ocrx_word' id='word_1_264' title='bbox 694 2634 969 2707; x_wconf 77' lang='grc' dir='ltr'>πληθυνθῇ</span> <span class='ocrx_word' id='word_1_265' title='bbox 1001 2638 1033 2707; x_wconf 79' lang='grc' dir='ltr'>ἡ</span> <span class='ocrx_word' id='word_1_266' title='bbox 1061 2636 1185 2703; x_wconf 78' lang='grc' dir='ltr'>δόξα</span> <span class='ocrx_word' id='word_1_267' title='bbox 1214 2638 1306 2692; x_wconf 76' lang='grc' dir='ltr'>τοῦ</span> <span class='ocrx_word' id='word_1_268' title='bbox 1342 2640 1492 2692; x_wconf 78' lang='grc' dir='ltr'>οἴκου</span> <span class='ocrx_word' id='word_1_269' title='bbox 1529 2640 1715 2695; x_wconf 76' lang='grc' dir='ltr'>αὐτοῦ.</span> 
     </span>
    </p>
   </div>
   <div class='ocr_carea' id='block_1_44' title="bbox 1852 2633 3500 2713">
    <p class='ocr_par' dir='ltr' id='par_1_44' title="bbox 2003 2635 3500 2713">
     <span class='ocr_line' id='line_1_44' title="bbox 2003 2635 3500 2713; baseline 0.005 -24"><span class='ocrx_word' id='word_1_270' title='bbox 2003 2635 2090 2690; x_wconf 83' lang='lat'><strong>56.</strong></span> <span class='ocrx_word' id='word_1_271' title='bbox 2121 2637 2230 2692; x_wconf 78' lang='lat' dir='ltr'><strong>Aut</strong></span> <span class='ocrx_word' id='word_1_272' title='bbox 2279 2655 2403 2700; x_wconf 89' lang='lat' dir='ltr'><strong>cum</strong></span> <span class='ocrx_word' id='word_1_273' title='bbox 2453 2640 2811 2711; x_wconf 90' lang='lat' dir='ltr'><strong>multiplicata</strong></span> <span class='ocrx_word' id='word_1_274' title='bbox 2844 2640 3030 2698; x_wconf 72' lang='lat' dir='ltr'><strong>luerit</strong></span> <span class='ocrx_word' id='word_1_275' title='bbox 3077 2641 3248 2713; x_wconf 77' lang='lat' dir='ltr'><strong>gloria</strong></span> <span class='ocrx_word' id='word_1_276' title='bbox 3304 2641 3500 2696; x_wconf 77' lang='lat' dir='ltr'><strong>domus</strong></span> 
     </span>
    </p>
   </div>
   <div class='ocr_carea' id='block_1_45' title="bbox 1930 2739 2071 2795">
    <p class='ocr_par' dir='ltr' id='par_1_45' title="bbox 1930 2739 2071 2795">
     <span class='ocr_line' id='line_1_45' title="bbox 1930 2739 2071 2795; baseline 0 -15"><span class='ocrx_word' id='word_1_277' title='bbox 1930 2739 2071 2795; x_wconf 76' lang='lat' dir='ltr'><strong>ejus.</strong></span> 
     </span>
    </p>
   </div>
   <div class='ocr_carea' id='block_1_46' title="bbox 324 2833 862 2907">
    <p class='ocr_par' dir='ltr' id='par_1_46' title="bbox 324 2833 862 2907">
     <span class='ocr_line' id='line_1_46' title="bbox 324 2833 862 2907; baseline 0.006 -19"><span class='ocrx_word' id='word_1_278' title='bbox 324 2835 403 2907; x_wconf 82' lang='grc' dir='ltr'><strong>(α)</strong></span> <span class='ocrx_word' id='word_1_279' title='bbox 437 2833 515 2890; x_wconf 84' lang='lat' dir='ltr'><strong>Ita</strong></span> <span class='ocrx_word' id='word_1_280' title='bbox 541 2836 662 2892; x_wconf 90' lang='lat' dir='ltr'><strong>cod.</strong></span> <span class='ocrx_word' id='word_1_281' title='bbox 696 2835 862 2893; x_wconf 82' lang='lat' dir='ltr'><strong>Vatic.</strong></span> 
     </span>
    </p>
   </div>
   <div class='ocr_carea' id='block_1_47' title="bbox 1370 2986 2367 3047">
    <p class='ocr_par' dir='ltr' id='par_1_47' title="bbox 1370 2986 2367 3047">
     <span class='ocr_line' id='line_1_47' title="bbox 1370 2986 2367 3047; baseline 0.001 -4"><span class='ocrx_word' id='word_1_282' title='bbox 1370 2988 1737 3047; x_wconf 77' lang='lat' dir='ltr'><strong>A&#39;l‘llANASIl</strong></span> <span class='ocrx_word' id='word_1_283' title='bbox 1778 2986 2367 3047; x_wconf 78' lang='lat' dir='ltr'><strong>INTERI’RE&#39;I‘ATIO.</strong></span> 
     </span>
    </p>
   </div>
   <div class='ocr_carea' id='block_1_48' title="bbox 321 3146 1969 3219">
    <p class='ocr_par' dir='ltr' id='par_1_48' title="bbox 321 3147 1894 3219">
     <span class='ocr_line' id='line_1_48' title="bbox 321 3147 1894 3219; baseline -0.001 -15"><span class='ocrx_word' id='word_1_284' title='bbox 321 3151 413 3205; x_wconf 75' lang='grc'><strong>21.</strong></span> <span class='ocrx_word' id='word_1_285' title='bbox 444 3150 553 3203; x_wconf 73' lang='grc' dir='ltr'><strong>Καὶ</strong></span> <span class='ocrx_word' id='word_1_286' title='bbox 582 3151 639 3201; x_wconf 85' lang='grc' dir='ltr'><strong>ἐν</strong></span> <span class='ocrx_word' id='word_1_287' title='bbox 661 3152 778 3212; x_wconf 82' lang='grc' dir='ltr'>ταῖς</span> <span class='ocrx_word' id='word_1_288' title='bbox 804 3149 1098 3219; x_wconf 75' lang='grc' dir='ltr'><strong>ἁμαρτίαις</strong></span> <span class='ocrx_word' id='word_1_289' title='bbox 1125 3150 1304 3203; x_wconf 81' lang='grc' dir='ltr'>αὐτῶν</span> <span class='ocrx_word' id='word_1_290' title='bbox 1332 3147 1745 3203; x_wconf 78' lang='grc' dir='ltr'>ἀποθανοῦνται.</span> <span class='ocrx_word' id='word_1_291' title='bbox 1851 3151 1894 3209; x_wconf 87' lang='lat' dir='ltr'><strong><em>C</em></strong></span> 
     </span>
    </p>
   </div>
   <div class='ocr_carea' id='block_1_49' title="bbox 1389 3146 3037 3219">
    <p class='ocr_par' dir='ltr' id='par_1_49' title="bbox 1389 3146 3037 3217">
     <span class='ocr_line' id='line_1_49' title="bbox 1389 3146 3037 3217; baseline 0.001 -16"><span class='ocrx_word' id='word_1_292' title='bbox 1389 3147 1745 3203; x_wconf 79' lang='grc' dir='ltr'>τοοανοῦνται.</span> <span class='ocrx_word' id='word_1_293' title='bbox 1851 3151 1894 3209; x_wconf 86' lang='lat' dir='ltr'><strong><em>C</em></strong></span> <span class='ocrx_word' id='word_1_294' title='bbox 1996 3146 2084 3201; x_wconf 83' lang='grc'>21.</span> <span class='ocrx_word' id='word_1_295' title='bbox 2122 3146 2186 3202; x_wconf 86' lang='grc' dir='ltr'>Ει</span> <span class='ocrx_word' id='word_1_296' title='bbox 2219 3148 2273 3201; x_wconf 88' lang='lat' dir='ltr'><strong>in</strong></span> <span class='ocrx_word' id='word_1_297' title='bbox 2312 3149 2548 3217; x_wconf 87' lang='lat' dir='ltr'><strong>peccatis</strong></span> <span class='ocrx_word' id='word_1_298' title='bbox 2576 3148 2692 3205; x_wconf 87' lang='lat' dir='ltr'><strong>suis</strong></span> <span class='ocrx_word' id='word_1_299' title='bbox 2720 3150 3037 3206; x_wconf 89' lang='lat' dir='ltr'><strong>morientur.</strong></span> 
     </span>
    </p>
   </div>
   <div class='ocr_carea' id='block_1_50' title="bbox 318 3223 1966 3309">
    <p class='ocr_par' dir='ltr' id='par_1_50' title="bbox 318 3237 1817 3309">
     <span class='ocr_line' id='line_1_50' title="bbox 318 3237 1817 3309; baseline -0.003 -15"><span class='ocrx_word' id='word_1_300' title='bbox 318 3241 411 3295; x_wconf 88' lang='lat'><strong>22.</strong></span> <span class='ocrx_word' id='word_1_301' title='bbox 455 3241 518 3291; x_wconf 76' lang='grc' dir='ltr'><strong>ἰι</strong></span> <span class='ocrx_word' id='word_1_302' title='bbox 550 3239 813 3309; x_wconf 77' lang='grc' dir='ltr'>νέκρωσις</span> <span class='ocrx_word' id='word_1_303' title='bbox 852 3237 1029 3291; x_wconf 72' lang='grc' dir='ltr'>αὐτῶν</span> <span class='ocrx_word' id='word_1_304' title='bbox 1056 3242 1134 3302; x_wconf 77' lang='grc' dir='ltr'><strong>εἰς</strong></span> <span class='ocrx_word' id='word_1_305' title='bbox 1168 3238 1258 3291; x_wconf 80' lang='grc' dir='ltr'><strong>τὸν</strong></span> <span class='ocrx_word' id='word_1_306' title='bbox 1285 3238 1455 3292; x_wconf 81' lang='grc' dir='ltr'>αἰῶνα</span> <span class='ocrx_word' id='word_1_307' title='bbox 1478 3237 1572 3291; x_wconf 79' lang='grc' dir='ltr'>τοῦ</span> <span class='ocrx_word' id='word_1_308' title='bbox 1603 3237 1817 3301; x_wconf 79' lang='grc' dir='ltr'>αἰῶνος.</span> 
     </span>
    </p>
   </div>
   <div class='ocr_carea' id='block_1_51' title="bbox 1566 3223 3214 3309">
    <p class='ocr_par' dir='ltr' id='par_1_51' title="bbox 1566 3223 3214 3301">
     <span class='ocr_line' id='line_1_51' title="bbox 1566 3223 3214 3301; baseline 0.005 -14"><span class='ocrx_word' id='word_1_309' title='bbox 1566 3238 1572 3287; x_wconf 59' lang='grc' dir='ltr'><strong>ι</strong></span> <span class='ocrx_word' id='word_1_310' title='bbox 1603 3237 1817 3301; x_wconf 80' lang='grc' dir='ltr'>αἰῶνος.</span> <span class='ocrx_word' id='word_1_311' title='bbox 1999 3236 2090 3291; x_wconf 86' lang='grc'><strong>22.</strong></span> <span class='ocrx_word' id='word_1_312' title='bbox 2124 3237 2381 3293; x_wconf 89' lang='lat' dir='ltr'><strong>lnteritus</strong></span> <span class='ocrx_word' id='word_1_313' title='bbox 2403 3223 2593 3294; x_wconf 84' lang='lat' dir='ltr'><strong>eorum</strong></span> <span class='ocrx_word' id='word_1_314' title='bbox 2631 3240 2685 3294; x_wconf 90' lang='lat' dir='ltr'><strong>in</strong></span> <span class='ocrx_word' id='word_1_315' title='bbox 2718 3243 2977 3297; x_wconf 65' lang='lat' dir='ltr'><strong>satculum</strong></span> <span class='ocrx_word' id='word_1_316' title='bbox 3010 3240 3214 3298; x_wconf 62' lang='lat' dir='ltr'><strong>saeculi.</strong></span> 
     </span>
    </p>
   </div>
   <div class='ocr_carea' id='block_1_52' title="bbox 317 3326 1965 3404">
    <p class='ocr_par' dir='ltr' id='par_1_52' title="bbox 317 3334 1781 3404">
     <span class='ocr_line' id='line_1_52' title="bbox 317 3334 1781 3404; baseline -0.001 -15"><span class='ocrx_word' id='word_1_317' title='bbox 317 3334 412 3389; x_wconf 90' lang='lat'><strong>25.</strong></span> <span class='ocrx_word' id='word_1_318' title='bbox 444 3334 902 3404; x_wconf 83' lang='grc' dir='ltr'>Περιεποιήσαντο</span> <span class='ocrx_word' id='word_1_319' title='bbox 928 3335 1024 3397; x_wconf 71' lang='grc' dir='ltr'>τὰς</span> <span class='ocrx_word' id='word_1_320' title='bbox 1052 3336 1245 3404; x_wconf 71' lang='grc' dir='ltr'>γηῖνας</span> <span class='ocrx_word' id='word_1_321' title='bbox 1273 3334 1465 3404; x_wconf 71' lang='grc' dir='ltr'>ἡδονὰς</span> <span class='ocrx_word' id='word_1_322' title='bbox 1492 3334 1660 3403; x_wconf 74' lang='grc' dir='ltr'>αὐτῆς</span> <span class='ocrx_word' id='word_1_323' title='bbox 1685 3334 1781 3404; x_wconf 90' lang='lat' dir='ltr'><strong>(l).</strong></span> 
     </span>
    </p>
   </div>
   <div class='ocr_carea' id='block_1_53' title="bbox 1706 3326 3354 3404">
    <p class='ocr_par' dir='ltr' id='par_1_53' title="bbox 1711 3326 3354 3404">
     <span class='ocr_line' id='line_1_53' title="bbox 1711 3326 3354 3404; baseline 0.002 -22"><span class='ocrx_word' id='word_1_324' title='bbox 1711 3336 1781 3404; x_wconf 79' lang='grc' dir='ltr'><strong>Ι).</strong></span> <span class='ocrx_word' id='word_1_325' title='bbox 1997 3326 2084 3382; x_wconf 86' lang='lat'><strong>25.</strong></span> <span class='ocrx_word' id='word_1_326' title='bbox 2122 3329 2589 3399; x_wconf 86' lang='lat' dir='ltr'><strong>Comparaverunt</strong></span> <span class='ocrx_word' id='word_1_327' title='bbox 2621 3331 2726 3385; x_wconf 87' lang='lat' dir='ltr'><strong>sibi</strong></span> <span class='ocrx_word' id='word_1_328' title='bbox 2754 3340 3000 3386; x_wconf 88' lang='lat' dir='ltr'><strong>terrenas</strong></span> <span class='ocrx_word' id='word_1_329' title='bbox 3027 3331 3354 3401; x_wconf 78' lang='lat' dir='ltr'><strong>voluptates.</strong></span> 
     </span>
    </p>
   </div>
   <div class='ocr_carea' id='block_1_54' title="bbox 318 3418 1966 3496">
    <p class='ocr_par' dir='ltr' id='par_1_54' title="bbox 318 3426 1821 3494">
     <span class='ocr_line' id='line_1_54' title="bbox 318 3426 1821 3494; baseline -0.002 -13"><span class='ocrx_word' id='word_1_330' title='bbox 318 3427 410 3481; x_wconf 71' lang='grc' dir='ltr'>ει.</span> <span class='ocrx_word' id='word_1_331' title='bbox 444 3427 553 3479; x_wconf 73' lang='grc' dir='ltr'>Καὶ</span> <span class='ocrx_word' id='word_1_332' title='bbox 584 3428 683 3480; x_wconf 79' lang='grc' dir='ltr'><strong>οὐκ</strong></span> <span class='ocrx_word' id='word_1_333' title='bbox 718 3428 1052 3494; x_wconf 81' lang='grc' dir='ltr'>ἐπέγνωσαν,</span> <span class='ocrx_word' id='word_1_334' title='bbox 1077 3429 1159 3480; x_wconf 78' lang='grc' dir='ltr'>ὅτι</span> <span class='ocrx_word' id='word_1_335' title='bbox 1196 3428 1316 3481; x_wconf 77' lang='grc' dir='ltr'>κατ’</span> <span class='ocrx_word' id='word_1_336' title='bbox 1345 3426 1529 3481; x_wconf 79' lang='grc' dir='ltr'>εἰκόνα</span> <span class='ocrx_word' id='word_1_337' title='bbox 1563 3426 1698 3479; x_wconf 84' lang='grc' dir='ltr'>Θεοῦ</span> <span class='ocrx_word' id='word_1_338' title='bbox 1732 3442 1821 3493; x_wconf 88' lang='grc' dir='ltr'><strong>γε-</strong></span> 
     </span>
    </p>
   </div>
   <div class='ocr_carea' id='block_1_55' title="bbox 1846 3418 3494 3496">
    <p class='ocr_par' dir='ltr' id='par_1_55' title="bbox 1997 3418 3494 3496">
     <span class='ocr_line' id='line_1_55' title="bbox 1997 3418 3494 3496; baseline 0.004 -21"><span class='ocrx_word' id='word_1_339' title='bbox 1997 3418 2089 3475; x_wconf 67' lang='lat' dir='ltr'><strong>2t.</strong></span> <span class='ocrx_word' id='word_1_340' title='bbox 2135 3420 2198 3475; x_wconf 77' lang='lat' dir='ltr'><strong>Et</strong></span> <span class='ocrx_word' id='word_1_341' title='bbox 2251 3437 2361 3477; x_wconf 90' lang='lat' dir='ltr'><strong>non</strong></span> <span class='ocrx_word' id='word_1_342' title='bbox 2411 3433 2817 3493; x_wconf 78' lang='lat' dir='ltr'><strong>cognoverunt,</strong></span> <span class='ocrx_word' id='word_1_343' title='bbox 2869 3424 3015 3496; x_wconf 83' lang='lat' dir='ltr'><strong>quod</strong></span> <span class='ocrx_word' id='word_1_344' title='bbox 3056 3426 3354 3480; x_wconf 82' lang='lat' dir='ltr'><strong>secundum</strong></span> <span class='ocrx_word' id='word_1_345' title='bbox 3400 3422 3494 3481; x_wconf 83' lang='lat' dir='ltr'><strong>Del</strong></span> 
     </span>
    </p>
   </div>
   <div class='ocr_carea' id='block_1_56' title="bbox 245 3513 1893 3591">
    <p class='ocr_par' dir='ltr' id='par_1_56' title="bbox 245 3522 528 3591">
     <span class='ocr_line' id='line_1_56' title="bbox 245 3522 528 3591; baseline 0.007 -19"><span class='ocrx_word' id='word_1_346' title='bbox 245 3522 528 3591; x_wconf 75' lang='grc' dir='ltr'>γένηνται.</span> 
     </span>
    </p>
   </div>
   <div class='ocr_carea' id='block_1_57' title="bbox 901 3513 2549 3591">
    <p class='ocr_par' dir='ltr' id='par_1_57' title="bbox 1926 3513 2549 3584">
     <span class='ocr_line' id='line_1_57' title="bbox 1926 3513 2549 3584; baseline 0 -17"><span class='ocrx_word' id='word_1_347' title='bbox 1926 3513 2216 3584; x_wconf 82' lang='lat' dir='ltr'><strong>imaginem</strong></span> <span class='ocrx_word' id='word_1_348' title='bbox 2243 3513 2373 3569; x_wconf 81' lang='lat' dir='ltr'><strong>facti</strong></span> <span class='ocrx_word' id='word_1_349' title='bbox 2402 3523 2549 3569; x_wconf 87' lang='lat' dir='ltr'><strong>sunt.</strong></span> 
     </span>
    </p>
   </div>
   <div class='ocr_carea' id='block_1_58' title="bbox 321 3602 1969 3683">
    <p class='ocr_par' dir='ltr' id='par_1_58' title="bbox 321 3610 1677 3683">
     <span class='ocr_line' id='line_1_58' title="bbox 321 3610 1677 3683; baseline -0.003 -15"><span class='ocrx_word' id='word_1_350' title='bbox 454 3612 589 3667; x_wconf 80' lang='grc' dir='ltr'>Ἀλλ’</span> <span class='ocrx_word' id='word_1_351' title='bbox 622 3612 697 3675; x_wconf 85' lang='grc' dir='ltr'>ὼς</span> <span class='ocrx_word' id='word_1_352' title='bbox 724 3614 876 3664; x_wconf 87' lang='grc' dir='ltr'>ἵπποι</span> <span class='ocrx_word' id='word_1_353' title='bbox 901 3610 1226 3683; x_wconf 85' lang='grc' dir='ltr'>θηλυμανεῖς</span> <span class='ocrx_word' id='word_1_354' title='bbox 1249 3611 1551 3683; x_wconf 77' lang='grc' dir='ltr'>εὑρέθησαν</span> <span class='ocrx_word' id='word_1_355' title='bbox 1580 3611 1677 3669; x_wconf 65' lang='grc' dir='ltr'>(ει.</span> 
     </span>
    </p>
   </div>
   <div class='ocr_carea' id='block_1_59' title="bbox 1844 3602 3492 3683">
    <p class='ocr_par' dir='ltr' id='par_1_59' title="bbox 1991 3602 3492 3673">
     <span class='ocr_line' id='line_1_59' title="bbox 1991 3602 3492 3673; baseline 0.003 -17"><span class='ocrx_word' id='word_1_356' title='bbox 1991 3603 2081 3657; x_wconf 85' lang='grc'>25.</span> <span class='ocrx_word' id='word_1_357' title='bbox 2117 3602 2222 3657; x_wconf 86' lang='lat' dir='ltr'><strong>Sed</strong></span> <span class='ocrx_word' id='word_1_358' title='bbox 2253 3603 2416 3657; x_wconf 86' lang='lat' dir='ltr'><strong>veluti</strong></span> <span class='ocrx_word' id='word_1_359' title='bbox 2462 3604 2587 3673; x_wconf 86' lang='lat' dir='ltr'><strong>equi</strong></span> <span class='ocrx_word' id='word_1_360' title='bbox 2639 3603 2694 3658; x_wconf 90' lang='lat' dir='ltr'><strong>in</strong></span> <span class='ocrx_word' id='word_1_361' title='bbox 2745 3603 2976 3660; x_wconf 81' lang='lat' dir='ltr'><strong>feminas</strong></span> <span class='ocrx_word' id='word_1_362' title='bbox 3025 3606 3359 3662; x_wconf 80' lang='lat' dir='ltr'><strong>insanientes</strong></span> <span class='ocrx_word' id='word_1_363' title='bbox 3406 3608 3492 3661; x_wconf 84' lang='lat' dir='ltr'><strong>in-</strong></span> 
     </span>
    </p>
   </div>
   <div class='ocr_carea' id='block_1_60' title="bbox 1924 3694 2222 3748">
    <p class='ocr_par' dir='ltr' id='par_1_60' title="bbox 1924 3694 2222 3748">
     <span class='ocr_line' id='line_1_60' title="bbox 1924 3694 2222 3748; baseline 0.003 -2"><span class='ocrx_word' id='word_1_364' title='bbox 1924 3694 2068 3747; x_wconf 82' lang='lat' dir='ltr'><strong>venti</strong></span> <span class='ocrx_word' id='word_1_365' title='bbox 2094 3702 2222 3748; x_wconf 91' lang='lat' dir='ltr'><strong>sunt</strong></span> 
     </span>
    </p>
   </div>
   <div class='ocr_carea' id='block_1_61' title="bbox 320 3786 1968 3863">
    <p class='ocr_par' dir='ltr' id='par_1_61' title="bbox 320 3786 1817 3860">
     <span class='ocr_line' id='line_1_61' title="bbox 320 3786 1817 3860; baseline 0.003 -20"><span class='ocrx_word' id='word_1_366' title='bbox 320 3786 411 3841; x_wconf 84' lang='lat'><strong>26.</strong></span> <span class='ocrx_word' id='word_1_367' title='bbox 454 3787 519 3840; x_wconf 84' lang='grc' dir='ltr'><strong>Ἦ</strong></span> <span class='ocrx_word' id='word_1_368' title='bbox 563 3787 741 3859; x_wconf 76' lang='grc' dir='ltr'>τρυφὴ</span> <span class='ocrx_word' id='word_1_369' title='bbox 784 3789 877 3841; x_wconf 78' lang='grc' dir='ltr'>καὶ</span> <span class='ocrx_word' id='word_1_370' title='bbox 914 3790 1095 3860; x_wconf 75' lang='grc' dir='ltr'>ἀπάτη</span> <span class='ocrx_word' id='word_1_371' title='bbox 1128 3788 1219 3843; x_wconf 84' lang='grc' dir='ltr'>τοῦ</span> <span class='ocrx_word' id='word_1_372' title='bbox 1262 3789 1379 3860; x_wconf 77' lang='grc' dir='ltr'>βίου</span> <span class='ocrx_word' id='word_1_373' title='bbox 1410 3791 1603 3845; x_wconf 85' lang='grc' dir='ltr'>τούτου</span> <span class='ocrx_word' id='word_1_374' title='bbox 1652 3796 1817 3860; x_wconf 73' lang='grc' dir='ltr'>παγὶς</span> 
     </span>
    </p>
   </div>
   <div class='ocr_carea' id='block_1_62' title="bbox 1840 3786 3488 3863">
    <p class='ocr_par' dir='ltr' id='par_1_62' title="bbox 1992 3786 3488 3863">
     <span class='ocr_line' id='line_1_62' title="bbox 1992 3786 3488 3863; baseline 0.005 -24"><span class='ocrx_word' id='word_1_375' title='bbox 1992 3786 2082 3840; x_wconf 88' lang='lat'><strong>26.</strong></span> <span class='ocrx_word' id='word_1_376' title='bbox 2119 3786 2333 3842; x_wconf 67' lang='lat' dir='ltr'><strong>Deliciae</strong></span> <span class='ocrx_word' id='word_1_377' title='bbox 2360 3796 2414 3842; x_wconf 92' lang='lat' dir='ltr'><strong>et</strong></span> <span class='ocrx_word' id='word_1_378' title='bbox 2444 3787 2712 3845; x_wconf 69' lang='lat' dir='ltr'><strong>illecebrae</strong></span> <span class='ocrx_word' id='word_1_379' title='bbox 2743 3789 2907 3859; x_wconf 88' lang='lat' dir='ltr'><strong>hujus</strong></span> <span class='ocrx_word' id='word_1_380' title='bbox 2927 3790 3048 3845; x_wconf 81' lang='lat' dir='ltr'><strong>vita:</strong></span> <span class='ocrx_word' id='word_1_381' title='bbox 3080 3791 3312 3862; x_wconf 86' lang='lat' dir='ltr'><strong>laqueus</strong></span> <span class='ocrx_word' id='word_1_382' title='bbox 3334 3792 3488 3863; x_wconf 87' lang='lat' dir='ltr'><strong>ipsis.</strong></span> 
     </span>
    </p>
   </div>
   <div class='ocr_carea' id='block_1_63' title="bbox 244 3881 2727 3934">
    <p class='ocr_par' dir='ltr' id='par_1_63' title="bbox 244 3881 2727 3934">
     <span class='ocr_line' id='line_1_63' title="bbox 244 3881 2727 3934; baseline 0.003 -1"><span class='ocrx_word' id='word_1_383' title='bbox 244 3881 451 3934; x_wconf 74' lang='grc' dir='ltr'>αὐτοῖς.</span> <span class='ocrx_word' id='word_1_384' title='bbox 2724 3892 2727 3893; x_wconf 63' lang='grc'><strong><em>⁷</em></strong></span> 
     </span>
    </p>
   </div>
   <div class='ocr_carea' id='block_1_64' title="bbox 318 3916 1966 4045">
    <p class='ocr_par' dir='ltr' id='par_1_64' title="bbox 318 3916 1813 4045">
     <span class='ocr_line' id='line_1_64' title="bbox 330 3916 451 3944; baseline -0.008 -10"><span class='ocrx_word' id='word_1_385' title='bbox 330 3916 451 3944; x_wconf 65' lang='grc' dir='ltr'><strong>..ην</strong></span> 
     </span>
     <span class='ocr_line' id='line_1_65' title="bbox 318 3972 1813 4045; baseline 0.002 -19"><span class='ocrx_word' id='word_1_386' title='bbox 318 3972 409 4027; x_wconf 82' lang='lat'><strong>27.</strong></span> <span class='ocrx_word' id='word_1_387' title='bbox 440 3973 549 4025; x_wconf 74' lang='grc' dir='ltr'>Καὶ</span> <span class='ocrx_word' id='word_1_388' title='bbox 575 3972 712 4042; x_wconf 83' lang='grc' dir='ltr'>μετά</span> <span class='ocrx_word' id='word_1_389' title='bbox 736 3972 907 4027; x_wconf 70' lang='grc' dir='ltr'>ταῦτα</span> <span class='ocrx_word' id='word_1_390' title='bbox 927 3974 1026 4045; x_wconf 75' lang='grc' dir='ltr'>τὴν</span> <span class='ocrx_word' id='word_1_391' title='bbox 1054 3974 1337 4045; x_wconf 83' lang='grc' dir='ltr'>σπατάλην</span> <span class='ocrx_word' id='word_1_392' title='bbox 1357 3975 1450 4029; x_wconf 82' lang='grc' dir='ltr'><strong>τοῦ</strong></span> <span class='ocrx_word' id='word_1_393' title='bbox 1483 3976 1597 4029; x_wconf 80' lang='grc' dir='ltr'><strong>Βίου</strong></span> <span class='ocrx_word' id='word_1_394' title='bbox 1626 3976 1813 4030; x_wconf 73' lang='grc' dir='ltr'>τούτου</span> 
     </span>
    </p>
   </div>
   <div class='ocr_carea' id='block_1_65' title="bbox 1734 3916 3382 4045">
    <p class='ocr_par' dir='ltr' id='par_1_65' title="bbox 1734 3960 3382 4034">
     <span class='ocr_line' id='line_1_66' title="bbox 1734 3960 3382 4034; baseline 0.004 -21"><span class='ocrx_word' id='word_1_395' title='bbox 1734 3994 1813 4030; x_wconf 61' lang='grc' dir='ltr'><strong>που</strong></span> <span class='ocrx_word' id='word_1_396' title='bbox 1990 3960 2079 4015; x_wconf 82' lang='grc'><strong>27.</strong></span> <span class='ocrx_word' id='word_1_397' title='bbox 2106 3961 2170 4015; x_wconf 84' lang='lat' dir='ltr'><strong>Et</strong></span> <span class='ocrx_word' id='word_1_398' title='bbox 2202 3971 2320 4032; x_wconf 88' lang='lat' dir='ltr'><strong>post</strong></span> <span class='ocrx_word' id='word_1_399' title='bbox 2350 3964 2464 4018; x_wconf 72' lang='lat' dir='ltr'><strong>hzec</strong></span> <span class='ocrx_word' id='word_1_400' title='bbox 2484 3964 2673 4017; x_wconf 79' lang='lat' dir='ltr'><strong>luxum</strong></span> <span class='ocrx_word' id='word_1_401' title='bbox 2702 3962 2865 4034; x_wconf 85' lang='lat' dir='ltr'><strong>hujus</strong></span> <span class='ocrx_word' id='word_1_402' title='bbox 2890 3964 3071 4020; x_wconf 63' lang='lat' dir='ltr'><strong>saeculi</strong></span> <span class='ocrx_word' id='word_1_403' title='bbox 3101 3964 3382 4020; x_wconf 87' lang='lat' dir='ltr'><strong>amabunt.</strong></span> 
     </span>
    </p>
   </div>
   <div class='ocr_carea' id='block_1_66' title="bbox 243 4064 1891 4225">
    <p class='ocr_par' dir='ltr' id='par_1_66' title="bbox 243 4064 1816 4225">
     <span class='ocr_line' id='line_1_67' title="bbox 243 4064 667 4133; baseline 0.005 -20"><span class='ocrx_word' id='word_1_404' title='bbox 243 4064 536 4133; x_wconf 84' lang='grc' dir='ltr'>ἐράσουσιν</span> <span class='ocrx_word' id='word_1_405' title='bbox 570 4064 667 4131; x_wconf 84' lang='lat'><strong>(5).</strong></span> 
     </span>
     <span class='ocr_line' id='line_1_68' title="bbox 317 4151 1816 4225; baseline 0.001 -19"><span class='ocrx_word' id='word_1_406' title='bbox 317 4153 409 4207; x_wconf 88' lang='lat'><strong>28.</strong></span> <span class='ocrx_word' id='word_1_407' title='bbox 453 4153 541 4215; x_wconf 83' lang='grc' dir='ltr'>Ὠς</span> <span class='ocrx_word' id='word_1_408' title='bbox 583 4152 752 4220; x_wconf 77' lang='grc' dir='ltr'>ἄλογα</span> <span class='ocrx_word' id='word_1_409' title='bbox 801 4151 915 4216; x_wconf 78' lang='grc' dir='ltr'><strong>ζῶα</strong></span> <span class='ocrx_word' id='word_1_410' title='bbox 964 4154 1030 4223; x_wconf 74' lang='grc' dir='ltr'>τῇ</span> <span class='ocrx_word' id='word_1_411' title='bbox 1085 4152 1242 4223; x_wconf 75' lang='grc' dir='ltr'>ήδονῆ</span> <span class='ocrx_word' id='word_1_412' title='bbox 1291 4153 1385 4207; x_wconf 82' lang='grc' dir='ltr'>τοῦ</span> <span class='ocrx_word' id='word_1_413' title='bbox 1431 4154 1546 4225; x_wconf 79' lang='grc' dir='ltr'><strong>βίου</strong></span> <span class='ocrx_word' id='word_1_414' title='bbox 1593 4156 1816 4219; x_wconf 75' lang='grc' dir='ltr'>ἑαυτοὺς</span> 
     </span>
    </p>
   </div>
   <div class='ocr_carea' id='block_1_67' title="bbox 1840 4064 3488 4225">
    <p class='ocr_par' dir='ltr' id='par_1_67' title="bbox 1990 4134 3488 4214">
     <span class='ocr_line' id='line_1_69' title="bbox 1990 4134 3488 4214; baseline 0.009 -25"><span class='ocrx_word' id='word_1_415' title='bbox 1990 4135 2080 4190; x_wconf 87' lang='grc'>28.</span> <span class='ocrx_word' id='word_1_416' title='bbox 2108 4134 2178 4190; x_wconf 90' lang='lat' dir='ltr'><strong>Ut</strong></span> <span class='ocrx_word' id='word_1_417' title='bbox 2204 4136 2361 4191; x_wconf 88' lang='lat' dir='ltr'><strong>bruta</strong></span> <span class='ocrx_word' id='word_1_418' title='bbox 2396 4137 2651 4193; x_wconf 89' lang='lat' dir='ltr'><strong>animalia</strong></span> <span class='ocrx_word' id='word_1_419' title='bbox 2682 4141 3052 4212; x_wconf 77' lang='lat' dir='ltr'><strong>voluptatibus</strong></span> <span class='ocrx_word' id='word_1_420' title='bbox 3088 4143 3211 4198; x_wconf 74' lang='lat' dir='ltr'><strong>vita:</strong></span> <span class='ocrx_word' id='word_1_421' title='bbox 3239 4158 3299 4200; x_wconf 83' lang='lat' dir='ltr'><strong>se</strong></span> <span class='ocrx_word' id='word_1_422' title='bbox 3340 4143 3488 4214; x_wconf 76' lang='lat' dir='ltr'><strong>ipsos</strong></span> 
     </span>
    </p>
   </div>
   <div class='ocr_carea' id='block_1_68' title="bbox 242 4228 1890 4316">
    <p class='ocr_par' dir='ltr' id='par_1_68' title="bbox 242 4244 591 4316">
     <span class='ocr_line' id='line_1_70' title="bbox 242 4244 591 4316; baseline -0.003 -18"><span class='ocrx_word' id='word_1_423' title='bbox 242 4244 591 4316; x_wconf 83' lang='grc' dir='ltr'>παρέδωκαν.</span> 
     </span>
    </p>
   </div>
   <div class='ocr_carea' id='block_1_69' title="bbox 638 4228 2286 4316">
    <p class='ocr_par' dir='ltr' id='par_1_69' title="bbox 1917 4228 2286 4284">
     <span class='ocr_line' id='line_1_71' title="bbox 1917 4228 2286 4284; baseline 0.003 -1"><span class='ocrx_word' id='word_1_424' title='bbox 1917 4228 2286 4284; x_wconf 83' lang='lat' dir='ltr'><strong>tradiderunt.</strong></span> 
     </span>
    </p>
   </div>
   <div class='ocr_carea' id='block_1_70' title="bbox 316 4320 1964 4406">
    <p class='ocr_par' dir='ltr' id='par_1_70' title="bbox 316 4333 1207 4406">
     <span class='ocr_line' id='line_1_72' title="bbox 316 4333 1207 4406; baseline -0.002 -16"><span class='ocrx_word' id='word_1_425' title='bbox 316 4335 409 4391; x_wconf 88' lang='lat'><strong>29.</strong></span> <span class='ocrx_word' id='word_1_426' title='bbox 434 4335 672 4399; x_wconf 78' lang='grc' dir='ltr'>Θάνατος</span> <span class='ocrx_word' id='word_1_427' title='bbox 700 4334 877 4388; x_wconf 83' lang='grc' dir='ltr'>αὐτῶν</span> <span class='ocrx_word' id='word_1_428' title='bbox 910 4333 1207 4406; x_wconf 81' lang='grc' dir='ltr'>κυριεύσει.</span> 
     </span>
    </p>
   </div>
   <div class='ocr_carea' id='block_1_71' title="bbox 1136 4320 2784 4406">
    <p class='ocr_par' dir='ltr' id='par_1_71' title="bbox 1138 4320 2784 4389">
     <span class='ocr_line' id='line_1_73' title="bbox 1138 4320 2784 4389; baseline -0.003 -8"><span class='ocrx_word' id='word_1_429' title='bbox 1138 4351 1207 4389; x_wconf 85' lang='grc' dir='ltr'><strong>ει,</strong></span> <span class='ocrx_word' id='word_1_430' title='bbox 1990 4320 2081 4374; x_wconf 86' lang='lat'><strong>29.</strong></span> <span class='ocrx_word' id='word_1_431' title='bbox 2113 4320 2258 4376; x_wconf 78' lang='lat' dir='ltr'><strong>Mors</strong></span> <span class='ocrx_word' id='word_1_432' title='bbox 2284 4320 2365 4377; x_wconf 87' lang='lat' dir='ltr'><strong>eis</strong></span> <span class='ocrx_word' id='word_1_433' title='bbox 2393 4321 2784 4378; x_wconf 87' lang='lat' dir='ltr'><strong>dominabitur.</strong></span> 
     </span>
    </p>
   </div>
   <div class='ocr_carea' id='block_1_72' title="bbox 315 4409 1963 4497">
    <p class='ocr_par' dir='ltr' id='par_1_72' title="bbox 315 4425 1813 4497">
     <span class='ocr_line' id='line_1_74' title="bbox 315 4425 1813 4497; baseline -0.003 -16"><span class='ocrx_word' id='word_1_434' title='bbox 315 4426 407 4481; x_wconf 91' lang='lat'><strong>50.</strong></span> <span class='ocrx_word' id='word_1_435' title='bbox 437 4429 500 4480; x_wconf 78' lang='grc' dir='ltr'><strong>υἱ</strong></span> <span class='ocrx_word' id='word_1_436' title='bbox 528 4428 668 4495; x_wconf 82' lang='grc' dir='ltr'>ἆγιοι</span> <span class='ocrx_word' id='word_1_437' title='bbox 698 4426 792 4480; x_wconf 82' lang='grc' dir='ltr'>τοῦ</span> <span class='ocrx_word' id='word_1_438' title='bbox 815 4426 950 4480; x_wconf 87' lang='grc' dir='ltr'>Θεοῦ</span> <span class='ocrx_word' id='word_1_439' title='bbox 976 4425 1251 4497; x_wconf 81' lang='grc' dir='ltr'>κρινοῦσιν</span> <span class='ocrx_word' id='word_1_440' title='bbox 1283 4426 1477 4488; x_wconf 81' lang='grc' dir='ltr'>αὐτοὺς</span> <span class='ocrx_word' id='word_1_441' title='bbox 1509 4427 1566 4482; x_wconf 82' lang='grc' dir='ltr'>ὲν</span> <span class='ocrx_word' id='word_1_442' title='bbox 1594 4428 1660 4494; x_wconf 78' lang='grc' dir='ltr'>τῇ</span> <span class='ocrx_word' id='word_1_443' title='bbox 1686 4426 1813 4478; x_wconf 78' lang='grc' dir='ltr'>ἀνα-</span> 
     </span>
    </p>
   </div>
   <div class='ocr_carea' id='block_1_73' title="bbox 1834 4409 3482 4497">
    <p class='ocr_par' dir='ltr' id='par_1_73' title="bbox 1988 4409 3482 4484">
     <span class='ocr_line' id='line_1_75' title="bbox 1988 4409 3482 4484; baseline 0.007 -20"><span class='ocrx_word' id='word_1_444' title='bbox 1988 4409 2078 4466; x_wconf 77' lang='lat'><strong>30.</strong></span> <span class='ocrx_word' id='word_1_445' title='bbox 2112 4409 2294 4467; x_wconf 83' lang='lat' dir='ltr'><strong>Sancti</strong></span> <span class='ocrx_word' id='word_1_446' title='bbox 2339 4410 2434 4467; x_wconf 83' lang='lat' dir='ltr'><strong>Dei</strong></span> <span class='ocrx_word' id='word_1_447' title='bbox 2483 4412 2806 4484; x_wconf 88' lang='lat' dir='ltr'><strong>judicabunt</strong></span> <span class='ocrx_word' id='word_1_448' title='bbox 2839 4427 2936 4469; x_wconf 86' lang='lat' dir='ltr'><strong>eos</strong></span> <span class='ocrx_word' id='word_1_449' title='bbox 2970 4412 3025 4467; x_wconf 89' lang='lat' dir='ltr'><strong>in</strong></span> <span class='ocrx_word' id='word_1_450' title='bbox 3065 4416 3482 4475; x_wconf 80' lang='lat' dir='ltr'><strong>resurrectione.</strong></span> 
     </span>
    </p>
   </div>
   <div class='ocr_carea' id='block_1_74' title="bbox 245 4504 2777 4571">
    <p class='ocr_par' dir='ltr' id='par_1_74' title="bbox 245 4504 2777 4571">
     <span class='ocr_line' id='line_1_76' title="bbox 245 4504 2777 4571; baseline 0 -2"><span class='ocrx_word' id='word_1_451' title='bbox 245 4518 458 4571; x_wconf 80' lang='grc' dir='ltr'>στάσει.</span> <span class='ocrx_word' id='word_1_452' title='bbox 1840 4510 1891 4569; x_wconf 83' lang='lat' dir='ltr'><strong>D</strong></span> <span class='ocrx_word' id='word_1_453' title='bbox 2774 4504 2777 4505; x_wconf 14' lang='grc' dir='ltr'><em>ν</em></span> 
     </span>
    </p>
   </div>
   <div class='ocr_carea' id='block_1_75' title="bbox 316 4608 1964 4686">
    <p class='ocr_par' dir='ltr' id='par_1_75' title="bbox 316 4608 1814 4680">
     <span class='ocr_line' id='line_1_77' title="bbox 316 4608 1814 4680; baseline 0 -17"><span class='ocrx_word' id='word_1_454' title='bbox 316 4610 408 4663; x_wconf 84' lang='lat'><strong>5|.</strong></span> <span class='ocrx_word' id='word_1_455' title='bbox 439 4609 547 4664; x_wconf 77' lang='grc' dir='ltr'><strong>Καὶ</strong></span> <span class='ocrx_word' id='word_1_456' title='bbox 575 4612 607 4680; x_wconf 82' lang='grc' dir='ltr'>ὴ</span> <span class='ocrx_word' id='word_1_457' title='bbox 643 4609 805 4679; x_wconf 77' lang='grc' dir='ltr'>σοφία</span> <span class='ocrx_word' id='word_1_458' title='bbox 836 4609 929 4663; x_wconf 76' lang='grc' dir='ltr'>καὶ</span> <span class='ocrx_word' id='word_1_459' title='bbox 962 4611 992 4663; x_wconf 84' lang='grc' dir='ltr'>ὁ</span> <span class='ocrx_word' id='word_1_460' title='bbox 1034 4608 1261 4673; x_wconf 80' lang='grc' dir='ltr'>πλοῦτος</span> <span class='ocrx_word' id='word_1_461' title='bbox 1290 4609 1467 4662; x_wconf 78' lang='grc' dir='ltr'>αὐτῶν</span> <span class='ocrx_word' id='word_1_462' title='bbox 1500 4610 1596 4662; x_wconf 77' lang='grc' dir='ltr'><strong>σὺν</strong></span> <span class='ocrx_word' id='word_1_463' title='bbox 1629 4610 1814 4676; x_wconf 77' lang='grc' dir='ltr'>αὐτοῖς</span> 
     </span>
    </p>
   </div>
   <div class='ocr_carea' id='block_1_76' title="bbox 1837 4608 3485 4686">
    <p class='ocr_par' dir='ltr' id='par_1_76' title="bbox 1981 4610 3485 4686">
     <span class='ocr_line' id='line_1_78' title="bbox 1981 4610 3485 4686; baseline 0.004 -19"><span class='ocrx_word' id='word_1_464' title='bbox 1981 4612 2071 4667; x_wconf 78' lang='lat'><strong>5|.</strong></span> <span class='ocrx_word' id='word_1_465' title='bbox 2101 4610 2167 4666; x_wconf 85' lang='lat' dir='ltr'><strong>Et</strong></span> <span class='ocrx_word' id='word_1_466' title='bbox 2191 4612 2479 4681; x_wconf 86' lang='lat' dir='ltr'><strong>sapientia,</strong></span> <span class='ocrx_word' id='word_1_467' title='bbox 2504 4624 2558 4669; x_wconf 92' lang='lat' dir='ltr'><strong>et</strong></span> <span class='ocrx_word' id='word_1_468' title='bbox 2582 4613 2786 4672; x_wconf 72' lang='lat' dir='ltr'><strong>divitia:</strong></span> <span class='ocrx_word' id='word_1_469' title='bbox 2811 4629 2999 4671; x_wconf 84' lang='lat' dir='ltr'><strong>eorum</strong></span> <span class='ocrx_word' id='word_1_470' title='bbox 3025 4630 3151 4672; x_wconf 90' lang='lat' dir='ltr'><strong>cum</strong></span> <span class='ocrx_word' id='word_1_471' title='bbox 3172 4616 3305 4686; x_wconf 87' lang='lat' dir='ltr'><strong>ipsis</strong></span> <span class='ocrx_word' id='word_1_472' title='bbox 3326 4631 3485 4675; x_wconf 86' lang='lat' dir='ltr'><strong>erunt</strong></span> 
     </span>
    </p>
   </div>
   <div class='ocr_carea' id='block_1_77' title="bbox 242 4703 1890 4775">
    <p class='ocr_par' dir='ltr' id='par_1_77' title="bbox 242 4703 759 4769">
     <span class='ocr_line' id='line_1_79' title="bbox 242 4703 759 4769; baseline 0 -11"><span class='ocrx_word' id='word_1_473' title='bbox 242 4708 329 4764; x_wconf 82' lang='grc' dir='ltr'><strong>εἴη</strong></span> <span class='ocrx_word' id='word_1_474' title='bbox 359 4706 437 4769; x_wconf 77' lang='grc' dir='ltr'>εἰς</span> <span class='ocrx_word' id='word_1_475' title='bbox 465 4703 759 4758; x_wconf 83' lang='grc' dir='ltr'>ἀπώλειαν.</span> 
     </span>
    </p>
   </div>
   <div class='ocr_carea' id='block_1_78' title="bbox 732 4703 2380 4775">
    <p class='ocr_par' dir='ltr' id='par_1_78' title="bbox 732 4704 2380 4775">
     <span class='ocr_line' id='line_1_80' title="bbox 732 4704 2380 4775; baseline 0.001 -17"><span class='ocrx_word' id='word_1_476' title='bbox 732 4721 759 4758; x_wconf 78' lang='grc' dir='ltr'><strong>ν.</strong></span> <span class='ocrx_word' id='word_1_477' title='bbox 1914 4705 1971 4760; x_wconf 94' lang='lat' dir='ltr'><strong>in</strong></span> <span class='ocrx_word' id='word_1_478' title='bbox 1999 4704 2380 4775; x_wconf 88' lang='lat' dir='ltr'><strong>perditionem.</strong></span> 
     </span>
    </p>
   </div>
   <div class='ocr_carea' id='block_1_79' title="bbox 314 4787 1962 4869">
    <p class='ocr_par' dir='ltr' id='par_1_79' title="bbox 314 4787 1813 4869">
     <span class='ocr_line' id='line_1_81' title="bbox 314 4787 1813 4869; baseline -0.003 -17"><span class='ocrx_word' id='word_1_479' title='bbox 314 4798 405 4852; x_wconf 85' lang='lat'><strong>52.</strong></span> <span class='ocrx_word' id='word_1_480' title='bbox 432 4796 544 4853; x_wconf 74' lang='grc' dir='ltr'>Καὶ</span> <span class='ocrx_word' id='word_1_481' title='bbox 569 4796 665 4867; x_wconf 78' lang='grc' dir='ltr'>τῆς</span> <span class='ocrx_word' id='word_1_482' title='bbox 696 4794 983 4859; x_wconf 75' lang='grc' dir='ltr'>υἱοθεσίας,</span> <span class='ocrx_word' id='word_1_483' title='bbox 1040 4787 1109 4869; x_wconf 78' lang='grc' dir='ltr'>ἧς</span> <span class='ocrx_word' id='word_1_484' title='bbox 1146 4796 1292 4865; x_wconf 78' lang='grc' dir='ltr'>εἰχον</span> <span class='ocrx_word' id='word_1_485' title='bbox 1320 4795 1383 4847; x_wconf 83' lang='grc' dir='ltr'>τὺ</span> <span class='ocrx_word' id='word_1_486' title='bbox 1413 4795 1690 4866; x_wconf 79' lang='grc' dir='ltr'>πρότερον,</span> <span class='ocrx_word' id='word_1_487' title='bbox 1724 4795 1813 4859; x_wconf 79' lang='grc' dir='ltr'><strong>ἐξ·-</strong></span> 
     </span>
    </p>
   </div>
   <div class='ocr_carea' id='block_1_80' title="bbox 1831 4787 3479 4869">
    <p class='ocr_par' dir='ltr' id='par_1_80' title="bbox 1983 4792 3479 4868">
     <span class='ocr_line' id='line_1_82' title="bbox 1983 4792 3479 4868; baseline 0.005 -21"><span class='ocrx_word' id='word_1_488' title='bbox 1983 4793 2070 4847; x_wconf 79' lang='lat'><strong>52.</strong></span> <span class='ocrx_word' id='word_1_489' title='bbox 2107 4792 2172 4848; x_wconf 81' lang='lat' dir='ltr'><strong>Et</strong></span> <span class='ocrx_word' id='word_1_490' title='bbox 2213 4794 2283 4849; x_wconf 90' lang='lat' dir='ltr'><strong>ab</strong></span> <span class='ocrx_word' id='word_1_491' title='bbox 2320 4794 2630 4866; x_wconf 86' lang='lat' dir='ltr'><strong>adoptione,</strong></span> <span class='ocrx_word' id='word_1_492' title='bbox 2660 4810 2824 4866; x_wconf 90' lang='lat' dir='ltr'><strong>quam</strong></span> <span class='ocrx_word' id='word_1_493' title='bbox 2864 4805 3023 4851; x_wconf 87' lang='lat' dir='ltr'><strong>antea</strong></span> <span class='ocrx_word' id='word_1_494' title='bbox 3067 4798 3357 4868; x_wconf 81' lang='lat' dir='ltr'><strong>habebant,</strong></span> <span class='ocrx_word' id='word_1_495' title='bbox 3383 4817 3479 4858; x_wconf 82' lang='lat' dir='ltr'><strong>ex—</strong></span> 
     </span>
    </p>
   </div>
   <div class='ocr_carea' id='block_1_81' title="bbox 239 4884 1887 4943">
    <p class='ocr_par' dir='ltr' id='par_1_81' title="bbox 239 4889 470 4943">
     <span class='ocr_line' id='line_1_83' title="bbox 239 4889 470 4943; baseline 0 0"><span class='ocrx_word' id='word_1_496' title='bbox 239 4889 470 4943; x_wconf 76' lang='grc' dir='ltr'>ἔπεσαν.</span> 
     </span>
    </p>
   </div>
   <div class='ocr_carea' id='block_1_82' title="bbox 533 4884 2181 4943">
    <p class='ocr_par' dir='ltr' id='par_1_82' title="bbox 1914 4884 2181 4939">
     <span class='ocr_line' id='line_1_84' title="bbox 1914 4884 2181 4939; baseline 0.004 -1"><span class='ocrx_word' id='word_1_497' title='bbox 1914 4884 2181 4939; x_wconf 86' lang='lat' dir='ltr'><strong>ciderunt.</strong></span> 
     </span>
    </p>
   </div>
   <div class='ocr_carea' id='block_1_83' title="bbox 316 4973 1964 5053">
    <p class='ocr_par' dir='ltr' id='par_1_83' title="bbox 316 4975 1805 5053">
     <span class='ocr_line' id='line_1_85' title="bbox 316 4975 1805 5053; baseline -0.006 -13"><span class='ocrx_word' id='word_1_498' title='bbox 316 4984 405 5040; x_wconf 88' lang='lat'><strong>55.</strong></span> <span class='ocrx_word' id='word_1_499' title='bbox 434 4982 624 5053; x_wconf 83' lang='grc' dir='ltr'><strong>Ὅμως</strong></span> <span class='ocrx_word' id='word_1_500' title='bbox 659 4980 688 5038; x_wconf 72' lang='grc' dir='ltr'><strong><em>ὁ</em></strong></span> <span class='ocrx_word' id='word_1_501' title='bbox 718 4978 852 5043; x_wconf 80' lang='grc' dir='ltr'>Θεὸς</span> <span class='ocrx_word' id='word_1_502' title='bbox 883 4975 1222 5051; x_wconf 79' lang='grc' dir='ltr'>λυτρὼσεται</span> <span class='ocrx_word' id='word_1_503' title='bbox 1250 4976 1349 5051; x_wconf 75' lang='grc' dir='ltr'>τὴν</span> <span class='ocrx_word' id='word_1_504' title='bbox 1389 4976 1567 5049; x_wconf 78' lang='grc' dir='ltr'><strong>ψυχήν</strong></span> <span class='ocrx_word' id='word_1_505' title='bbox 1609 4992 1708 5048; x_wconf 78' lang='grc' dir='ltr'>μοι)</span> <span class='ocrx_word' id='word_1_506' title='bbox 1742 4977 1805 5031; x_wconf 73' lang='grc' dir='ltr'><strong>ἐκ</strong></span> 
     </span>
    </p>
   </div>
   <div class='ocr_carea' id='block_1_84' title="bbox 1832 4973 3480 5053">
    <p class='ocr_par' dir='ltr' id='par_1_84' title="bbox 1982 4973 3480 5039">
     <span class='ocr_line' id='line_1_86' title="bbox 1982 4973 3480 5039; baseline 0.008 -11"><span class='ocrx_word' id='word_1_507' title='bbox 1982 4975 2070 5028; x_wconf 80' lang='lat'><strong>55.</strong></span> <span class='ocrx_word' id='word_1_508' title='bbox 2102 4973 2486 5030; x_wconf 84' lang='lat' dir='ltr'><strong>Verumtamen</strong></span> <span class='ocrx_word' id='word_1_509' title='bbox 2518 4975 2661 5032; x_wconf 84' lang='lat' dir='ltr'><strong>Deus</strong></span> <span class='ocrx_word' id='word_1_510' title='bbox 2693 4977 2942 5032; x_wconf 84' lang='lat' dir='ltr'><strong>liberabit</strong></span> <span class='ocrx_word' id='word_1_511' title='bbox 2968 4978 3204 5035; x_wconf 86' lang='lat' dir='ltr'><strong>animam</strong></span> <span class='ocrx_word' id='word_1_512' title='bbox 3238 4994 3416 5039; x_wconf 83' lang='lat' dir='ltr'><strong>meam</strong></span> <span class='ocrx_word' id='word_1_513' title='bbox 3449 5000 3480 5039; x_wconf 89' lang='lat' dir='ltr'><strong>e</strong></span> 
     </span>
    </p>
   </div>
   <div class='ocr_carea' id='block_1_85' title="bbox 238 5068 1886 5149">
    <p class='ocr_par' dir='ltr' id='par_1_85' title="bbox 238 5070 1037 5149">
     <span class='ocr_line' id='line_1_87' title="bbox 238 5070 1037 5149; baseline -0.011 -16"><span class='ocrx_word' id='word_1_514' title='bbox 238 5080 340 5149; x_wconf 78' lang='grc' dir='ltr'>τῆς</span> <span class='ocrx_word' id='word_1_515' title='bbox 370 5073 641 5147; x_wconf 81' lang='grc' dir='ltr'>ἁμαρτιας</span> <span class='ocrx_word' id='word_1_516' title='bbox 665 5070 760 5127; x_wconf 76' lang='grc' dir='ltr'>τοῦ</span> <span class='ocrx_word' id='word_1_517' title='bbox 786 5071 1037 5126; x_wconf 78' lang='grc' dir='ltr'>θανάτου.</span> 
     </span>
    </p>
   </div>
   <div class='ocr_carea' id='block_1_86' title="bbox 723 5068 2371 5149">
    <p class='ocr_par' dir='ltr' id='par_1_86' title="bbox 723 5068 2371 5136">
     <span class='ocr_line' id='line_1_88' title="bbox 723 5068 2371 5136; baseline 0 -15"><span class='ocrx_word' id='word_1_518' title='bbox 723 5070 760 5125; x_wconf 78' lang='lat' dir='ltr'><strong>.ii</strong></span> <span class='ocrx_word' id='word_1_519' title='bbox 786 5071 1037 5126; x_wconf 80' lang='grc' dir='ltr'>θανάτου.</span> <span class='ocrx_word' id='word_1_520' title='bbox 1913 5075 2138 5136; x_wconf 89' lang='lat' dir='ltr'><strong>peccato</strong></span> <span class='ocrx_word' id='word_1_521' title='bbox 2161 5068 2371 5123; x_wconf 89' lang='lat' dir='ltr'><strong>mortis.</strong></span> 
     </span>
    </p>
   </div>
   <div class='ocr_carea' id='block_1_87' title="bbox 314 5159 1962 5238">
    <p class='ocr_par' dir='ltr' id='par_1_87' title="bbox 314 5160 1125 5238">
     <span class='ocr_line' id='line_1_89' title="bbox 314 5160 1125 5238; baseline -0.007 -15"><span class='ocrx_word' id='word_1_522' title='bbox 314 5169 406 5223; x_wconf 68' lang='lat'><strong>54.</strong></span> <span class='ocrx_word' id='word_1_523' title='bbox 443 5168 611 5219; x_wconf 84' lang='grc' dir='ltr'>Ὅταν</span> <span class='ocrx_word' id='word_1_524' title='bbox 636 5160 999 5238; x_wconf 76' lang='grc' dir='ltr'>περιποιεῖται</span> <span class='ocrx_word' id='word_1_525' title='bbox 1037 5182 1125 5234; x_wconf 81' lang='grc' dir='ltr'><strong>με.</strong></span> 
     </span>
    </p>
   </div>
   <div class='ocr_carea' id='block_1_88' title="bbox 1056 5159 2704 5238">
    <p class='ocr_par' dir='ltr' id='par_1_88' title="bbox 1056 5159 2704 5231">
     <span class='ocr_line' id='line_1_90' title="bbox 1056 5159 2704 5231; baseline 0.011 -29"><span class='ocrx_word' id='word_1_526' title='bbox 1056 5182 1125 5217; x_wconf 71' lang='grc' dir='ltr'><strong>ιε,</strong></span> <span class='ocrx_word' id='word_1_527' title='bbox 1983 5160 2071 5215; x_wconf 75' lang='grc'><strong>34.</strong></span> <span class='ocrx_word' id='word_1_528' title='bbox 2102 5159 2240 5214; x_wconf 88' lang='lat' dir='ltr'><strong>Cum</strong></span> <span class='ocrx_word' id='word_1_529' title='bbox 2270 5162 2576 5231; x_wconf 86' lang='lat' dir='ltr'><strong>possederit</strong></span> <span class='ocrx_word' id='word_1_530' title='bbox 2599 5180 2704 5220; x_wconf 91' lang='lat' dir='ltr'><strong>me.</strong></span> 
     </span>
    </p>
   </div>
   <div class='ocr_carea' id='block_1_89' title="bbox 314 5248 1962 5328">
    <p class='ocr_par' dir='ltr' id='par_1_89' title="bbox 314 5252 1479 5328">
     <span class='ocr_line' id='line_1_91' title="bbox 314 5252 1479 5328; baseline -0.006 -16"><span class='ocrx_word' id='word_1_531' title='bbox 314 5260 405 5313; x_wconf 77' lang='lat'><strong>55.</strong></span> <span class='ocrx_word' id='word_1_532' title='bbox 441 5258 531 5328; x_wconf 79' lang='grc' dir='ltr'><strong>Μὴ</strong></span> <span class='ocrx_word' id='word_1_533' title='bbox 558 5254 745 5325; x_wconf 79' lang='grc' dir='ltr'>φοὸοὖ,</span> <span class='ocrx_word' id='word_1_534' title='bbox 774 5256 899 5308; x_wconf 86' lang='grc' dir='ltr'>ὅταν</span> <span class='ocrx_word' id='word_1_535' title='bbox 928 5252 1145 5323; x_wconf 71' lang='grc' dir='ltr'>εὐθηνεῖ</span> <span class='ocrx_word' id='word_1_536' title='bbox 1174 5253 1479 5325; x_wconf 83' lang='grc' dir='ltr'>ἄνθρωπος.</span> 
     </span>
    </p>
   </div>
   <div class='ocr_carea' id='block_1_90' title="bbox 1540 5248 3188 5328">
    <p class='ocr_par' dir='ltr' id='par_1_90' title="bbox 1986 5248 3188 5324">
     <span class='ocr_line' id='line_1_92' title="bbox 1986 5248 3188 5324; baseline 0.003 -23"><span class='ocrx_word' id='word_1_537' title='bbox 1986 5248 2074 5304; x_wconf 77' lang='grc'>55.</span> <span class='ocrx_word' id='word_1_538' title='bbox 2110 5248 2189 5305; x_wconf 85' lang='lat' dir='ltr'><strong>Ne</strong></span> <span class='ocrx_word' id='word_1_539' title='bbox 2227 5252 2439 5318; x_wconf 84' lang='lat' dir='ltr'><strong>timeas,</strong></span> <span class='ocrx_word' id='word_1_540' title='bbox 2469 5268 2593 5309; x_wconf 90' lang='lat' dir='ltr'><strong>cum</strong></span> <span class='ocrx_word' id='word_1_541' title='bbox 2624 5262 2974 5324; x_wconf 87' lang='lat' dir='ltr'><strong>prosperatur</strong></span> <span class='ocrx_word' id='word_1_542' title='bbox 3004 5251 3188 5307; x_wconf 93' lang='lat' dir='ltr'><strong>homo.</strong></span> 
     </span>
    </p>
   </div>
   <div class='ocr_carea' id='block_1_91' title="bbox 310 5341 1958 5418">
    <p class='ocr_par' dir='ltr' id='par_1_91' title="bbox 310 5343 1806 5415">
     <span class='ocr_line' id='line_1_93' title="bbox 310 5343 1806 5415; baseline -0.005 -13"><span class='ocrx_word' id='word_1_543' title='bbox 310 5348 400 5403; x_wconf 81' lang='lat'><strong>56.</strong></span> <span class='ocrx_word' id='word_1_544' title='bbox 434 5349 505 5401; x_wconf 86' lang='grc' dir='ltr'><em>Ἢ</em></span> <span class='ocrx_word' id='word_1_545' title='bbox 531 5349 656 5401; x_wconf 85' lang='grc' dir='ltr'>ὅταν</span> <span class='ocrx_word' id='word_1_546' title='bbox 684 5344 955 5414; x_wconf 76' lang='grc' dir='ltr'>ἀξιώμασι</span> <span class='ocrx_word' id='word_1_547' title='bbox 987 5344 1081 5397; x_wconf 76' lang='grc' dir='ltr'><strong>καὶ</strong></span> <span class='ocrx_word' id='word_1_548' title='bbox 1109 5347 1293 5415; x_wconf 82' lang='grc' dir='ltr'>τιμαῖς</span> <span class='ocrx_word' id='word_1_549' title='bbox 1338 5343 1617 5414; x_wconf 84' lang='grc' dir='ltr'>μεγίσταις</span> <span class='ocrx_word' id='word_1_550' title='bbox 1658 5359 1806 5414; x_wconf 85' lang='grc' dir='ltr'>περι-</span> 
     </span>
    </p>
   </div>
   <div class='ocr_carea' id='block_1_92' title="bbox 1828 5341 3476 5418">
    <p class='ocr_par' dir='ltr' id='par_1_92' title="bbox 1980 5341 3476 5418">
     <span class='ocr_line' id='line_1_94' title="bbox 1980 5341 3476 5418; baseline 0.004 -23"><span class='ocrx_word' id='word_1_551' title='bbox 1980 5341 2068 5397; x_wconf 80' lang='lat'><strong>36.</strong></span> <span class='ocrx_word' id='word_1_552' title='bbox 2106 5341 2172 5397; x_wconf 84' lang='lat' dir='ltr'><strong>Et</strong></span> <span class='ocrx_word' id='word_1_553' title='bbox 2200 5359 2327 5399; x_wconf 89' lang='lat' dir='ltr'><strong>cum</strong></span> <span class='ocrx_word' id='word_1_554' title='bbox 2358 5344 2554 5402; x_wconf 87' lang='lat' dir='ltr'><strong>domus</strong></span> <span class='ocrx_word' id='word_1_555' title='bbox 2585 5346 2705 5416; x_wconf 89' lang='lat' dir='ltr'><strong>ejus</strong></span> <span class='ocrx_word' id='word_1_556' title='bbox 2731 5344 3083 5418; x_wconf 75' lang='lat' dir='ltr'><strong>dignitatibus</strong></span> <span class='ocrx_word' id='word_1_557' title='bbox 3124 5352 3179 5399; x_wconf 89' lang='lat' dir='ltr'><strong>et</strong></span> <span class='ocrx_word' id='word_1_558' title='bbox 3223 5341 3476 5401; x_wconf 77' lang='lat' dir='ltr'><strong>maximis</strong></span> 
     </span>
    </p>
   </div>
   <div class='ocr_carea' id='block_1_93' title="bbox 233 5431 1881 5510">
    <p class='ocr_par' dir='ltr' id='par_1_93' title="bbox 233 5434 1815 5510">
     <span class='ocr_line' id='line_1_95' title="bbox 233 5434 1815 5510; baseline -0.004 -16"><span class='ocrx_word' id='word_1_559' title='bbox 233 5440 498 5510; x_wconf 78' lang='grc' dir='ltr'>ϐέϐληται</span> <span class='ocrx_word' id='word_1_560' title='bbox 529 5441 559 5493; x_wconf 84' lang='grc' dir='ltr'>ὀ</span> <span class='ocrx_word' id='word_1_561' title='bbox 583 5434 729 5500; x_wconf 75' lang='grc' dir='ltr'>οἶκος</span> <span class='ocrx_word' id='word_1_562' title='bbox 753 5435 942 5491; x_wconf 70' lang='grc' dir='ltr'>αὑτοῦ.</span> <span class='ocrx_word' id='word_1_563' title='bbox 1812 5486 1815 5487; x_wconf 30' lang='grc' dir='ltr'><strong>ν</strong></span> 
     </span>
    </p>
   </div>
   <div class='ocr_carea' id='block_1_94' title="bbox 1051 5431 2699 5510">
    <p class='ocr_par' dir='ltr' id='par_1_94' title="bbox 1812 5431 2699 5492">
     <span class='ocr_line' id='line_1_96' title="bbox 1812 5431 2699 5492; baseline 0.002 -5"><span class='ocrx_word' id='word_1_564' title='bbox 1812 5486 1815 5487; x_wconf 30' lang='grc' dir='ltr'><strong>ν</strong></span> <span class='ocrx_word' id='word_1_565' title='bbox 1910 5431 2214 5489; x_wconf 80' lang='lat' dir='ltr'><strong>honoribus</strong></span> <span class='ocrx_word' id='word_1_566' title='bbox 2239 5434 2575 5491; x_wconf 79' lang='lat' dir='ltr'><strong>circumdata</strong></span> <span class='ocrx_word' id='word_1_567' title='bbox 2599 5445 2699 5492; x_wconf 88' lang='lat' dir='ltr'><strong>est.</strong></span> 
     </span>
    </p>
   </div>
   <div class='ocr_carea' id='block_1_95' title="bbox 1190 5606 2524 5687">
    <p class='ocr_par' dir='ltr' id='par_1_95' title="bbox 1190 5606 2524 5687">
     <span class='ocr_line' id='line_1_97' title="bbox 1190 5606 2524 5687; baseline 0.001 -15"><span class='ocrx_word' id='word_1_568' title='bbox 1190 5607 1495 5672; x_wconf 80' lang='lat' dir='ltr'><strong>Addenda</strong></span> <span class='ocrx_word' id='word_1_569' title='bbox 1543 5613 1603 5669; x_wconf 89' lang='lat' dir='ltr'><strong>et</strong></span> <span class='ocrx_word' id='word_1_570' title='bbox 1633 5606 2009 5687; x_wconf 81' lang='lat' dir='ltr'><strong>corrigenda</strong></span> <span class='ocrx_word' id='word_1_571' title='bbox 2041 5625 2117 5670; x_wconf 79' lang='lat' dir='ltr'><strong>ex</strong></span> <span class='ocrx_word' id='word_1_572' title='bbox 2149 5608 2290 5672; x_wconf 90' lang='lat' dir='ltr'><strong>cod.</strong></span> <span class='ocrx_word' id='word_1_573' title='bbox 2325 5610 2524 5676; x_wconf 75' lang='lat' dir='ltr'><strong>Velie.</strong></span> 
     </span>
    </p>
   </div>
   <div class='ocr_carea' id='block_1_96' title="bbox 352 5770 2382 5846">
    <p class='ocr_par' dir='ltr' id='par_1_96' title="bbox 352 5770 2382 5846">
     <span class='ocr_line' id='line_1_98' title="bbox 352 5770 2382 5846; baseline -0.003 -12"><span class='ocrx_word' id='word_1_574' title='bbox 352 5782 393 5840; x_wconf 78' lang='lat' dir='ltr'><strong>Il</strong></span> <span class='ocrx_word' id='word_1_575' title='bbox 437 5779 697 5841; x_wconf 79' lang='grc' dir='ltr'>Ἐαυτοῖς.</span> <span class='ocrx_word' id='word_1_576' title='bbox 1985 5774 2062 5845; x_wconf 80' lang='lat'><strong>(5)</strong></span> <span class='ocrx_word' id='word_1_577' title='bbox 2099 5770 2382 5846; x_wconf 85' lang='grc' dir='ltr'>Ἐρωνται.</span> 
     </span>
    </p>
   </div>
   <div class='ocr_carea' id='block_1_97' title="bbox 341 5849 766 5927">
    <p class='ocr_par' dir='ltr' id='par_1_97' title="bbox 341 5849 766 5927">
     <span class='ocr_line' id='line_1_99' title="bbox 341 5849 766 5927; baseline -0.009 -23"><span class='ocrx_word' id='word_1_578' title='bbox 426 5849 766 5920; x_wconf 80' lang='grc' dir='ltr'>Ηὺρέθησαν.</span> 
     </span>
    </p>
   </div>
   <div class='ocr_carea' id='block_1_98' title="bbox 480 5932 2128 6013">
    <p class='ocr_par' dir='ltr' id='par_1_98' title="bbox 480 5938 1224 6010">
     <span class='ocr_line' id='line_1_100' title="bbox 480 5938 1224 6010; baseline -0.015 -1"><span class='ocrx_word' id='word_1_579' title='bbox 480 5947 750 6010; x_wconf 72' lang='grc' dir='ltr'>Ρηιιυι.</span> <span class='ocrx_word' id='word_1_580' title='bbox 792 5942 913 6003; x_wconf 72' lang='lat' dir='ltr'><strong>tia.</strong></span> <span class='ocrx_word' id='word_1_581' title='bbox 957 5938 1224 6005; x_wconf 73' lang='lat' dir='ltr'><strong>XXVII.</strong></span> 
     </span>
    </p>
   </div>
   <div class='ocr_carea' id='block_1_99' title="bbox 1530 5932 3178 6013">
    <p class='ocr_par' dir='ltr' id='par_1_99' title="bbox 2348 5932 3178 6013">
     <span class='ocr_line' id='line_1_101' title="bbox 2348 5932 3178 6013; baseline 0.005 -24"><span class='ocrx_word' id='word_1_582' title='bbox 2348 6010 2349 6013; x_wconf 8' lang='grc' dir='ltr'>γ</span> <span class='ocrx_word' id='word_1_583' title='bbox 3103 5932 3178 5993; x_wconf 80' lang='lat'><strong>27</strong></span> 
     </span>
    </p>
   </div>
  </div>
