4174 6490
691 403 798 462 845
1501 405 1556 460 S.
1599 402 1970 459 ATHANASII
2019 401 2169 456 OPP.
2218 398 2397 454 PARS
2441 397 2530 450 Ill.
2564 428 2628 437 —
2666 394 3083 450 EXEGETICA.
3839 385 3946 439 844

770 523 856 578 57.
891 522 1155 589 Quoniam
1214 537 1335 576 cum
1386 519 1654 576 interierit
1707 521 1843 589 ipse,
1909 535 2016 572 non
2078 520 2336 576 sumetA

2294 520 2336 576 Α
2431 513 2517 564 57.
2553 511 2673 564 Ὀτι
2703 510 2799 562 οὐκ
2832 512 2888 560 ὲν
2912 507 2989 577 τῷ
3023 506 3387 577 ἀποθνήσκειν
3421 503 3582 558 αὐτὸν
3611 501 3844 572 λήψεται
3874 505 3942 556 τὰ

703 617 906 678 omnia,
2374 605 2568 664 πάντα,

770 705 858 759 58.
888 703 1071 775 Neque
1103 705 1390 760 descendet
1438 719 1561 760 cum
1604 720 1669 759 eo
1702 704 1872 774 gloria
1911 702 2030 772 ejus
2062 702 2262 773 [gloria

2441 695 2528 748 58.
2575 694 2708 747 Οὐδὲ
2768 693 3243 761 συγκαταϐήσεται
3302 687 3451 757 αὐτῷ
3506 688 3540 756 ἡ
3592 686 3723 752 δόξα
3775 685 3940 740 αὑτοῦ

704 797 896 853 domus
919 796 1080 868 ejus].

2373 785 2518 859 [δόξα
2546 785 2637 839 τοῦ
2669 786 2814 838 οἴκου
2846 783 3056 854 αὑτοῦ).

771 888 863 942 39.
893 886 1030 954 Quia
1061 888 1242 943 anima
1283 888 1400 955 ejus
1431 887 1483 940 in
1526 887 1634 939 vita
1682 885 1854 940 iosius
1887 883 2260 948 benedicetur,

2437 879 2654 933 59.”Οτι
2690 880 2722 948 ἡ
2769 878 2914 949 ψυχὴ
2957 875 3119 930 αὑτοῦ
3159 876 3216 928 ἐν
3255 873 3321 943 τῇ
3362 870 3474 942 ζωῇ
3493 870 3657 924 αὐτοῦ
3703 870 3939 939 εὐλογη-

2370 971 2613 1041 θήσεται,

775 1070 859 1126 40.
892 1068 1242 1124 Conﬁtebitur
1266 1067 1362 1121 tibi
1393 1082 1514 1120 cum
1555 1064 1884 1119 benefeceris
1907 1063 1977 1119 ei.

2441 1062 2527 1115 40.
2573 1060 3048 1131 Ἑξομολογήσεταί
3077 1077 3178 1124 σοι,
3211 1060 3340 1112 ὅταν
3370 1057 3648 1127 ἀγαθύνῃς
3674 1052 3855 1107 αὐτόν.

774 1157 857 1211 41.
891 1154 1137 1209 lntroibit
1160 1155 1409 1223 usqucjn
1433 1154 1738 1223 progeniem
1770 1163 1984 1222 patrum
2005 1165 2259 1215 suorum,

2146 1166 2259 1215 um,
2442 1156 2528 1208 41.
2560 1155 2935 1208 Εἰσελεύσεται
2963 1153 3067 1215 ἓως
3096 1154 3288 1220 γενεᾶς
3320 1152 3574 1221 πατέρων
3607 1145 3794 1213 αὑτοῦ,

772 1248 858 1301 42.
894 1245 1072 1315 Usque
1098 1248 1148 1298 in
1178 1257 1436 1299 aeternum
1471 1259 1576 1297 non
1619 1244 1815 1298 videbit
1844 1244 2044 1296 lumen.

1781 1244 1815 1296 il
1844 1244 2044 1296 lumen.
2440 1249 2528 1301 42.
2559 1249 2700 1311 Ἕως
2733 1247 2927 1308 αἰῶνος
2954 1247 3053 1297 οὐκ
3079 1246 3266 1314 ὄψεται
3297 1244 3429 1312 φῶς.

770 1340 854 1392 45.
894 1337 957 1392 Et
1001 1338 1165 1392 homo
1197 1338 1389 1390 cumin
1434 1337 1635 1388 honore
1675 1343 1838 1391 esset.
1887 1348 1994 1387 non
2049 1330 2262 1386 intelle-

2070 1330 2262 1386 ηιειιε-
2438 1340 2526 1393 45.
2557 1341 2663 1392 Καὶ
2696 1340 2999 1409 ἄνθρωπος,
3027 1339 3082 1390 ὲν
3108 1341 3241 1407 τιμῇ
3276 1335 3371 1399 ῶν,
3398 1337 3456 1386 οὐ
3487 1335 3683 1404 συνῆκε
3701 1350 3715 1363 ’

699 1432 794 1485 xit.

771 1523 855 1576 44.
887 1521 1244 1590 Comparatns
1274 1529 1357 1575 est
1378 1518 1640 1589 jumentis
1672 1516 2078 1584 insipientibus,
2104 1521 2158 1567 et
2183 1510 2258 1566 si-

2439 1513 2526 1566 44.
2572 1510 3029 1582 Παρασυνεϐ).ήθη
3078 1512 3187 1571 τοῖς
3232 1511 3451 1579 κτήνεσι
3495 1512 3607 1570 τοῖς
3656 1509 3906 1578 ἀνοήτοις

699 1613 843 1668 milis
877 1612 1052 1668 factus
1080 1622 1162 1667 est
1187 1614 1311 1667 illis.

2367 1604 2461 1657 καὶ
2494 1603 2747 1674 ὡμοιώθη
2783 1604 2986 1664 αὐτοῖς.

1020 1704 1267 1758 Paulinus
1293 1709 1486 1775 Asaph.
1515 1704 1713 1759 PSAL.
1748 1701 1948 1756 XLIX.
2661 1700 2668 1728 ¹

2661 1696 2904 1763 Ψαλμύς
2939 1693 3016 1759 τῷ
3058 1694 3264 1762 Ἀσάφ.
3309 1696 3480 1746 ΨΑΛ.
3509 1695 3623 1745 ΜΘ

770 1797 821 1849 1.
859 1795 1000 1849 Deus
1043 1797 1264 1850 deorum
1297 1798 1557 1851 Dominus
1582 1799 1797 1851 locutus
1832 1803 1934 1861 est,
1965 1803 2019 1848 et
2047 1791 2260 1848 vocavit

2450 1791 2495 1844 1.
2527 1789 2657 1853 Θεὸς
2700 1790 2836 1842 θεῶν
2886 1791 3086 1852 Κύοιος
3128 1790 3376 1858 ὲλὰλησε,
3428 1789 3520 1842 καὶ
3569 1788 3794 1841 ἐκάλεσε
3839 1788 3938 1855 τὴν

699 1896 929 1940 terram.
2299 1890 2340 1944 Β
2370 1887 2494 1955 γῆν,

767 1974 820 2026 2.
857 1975 937 2028 Ab
967 1984 1087 2029 ortu
1121 1975 1250 2030 solis
1277 1990 1446 2043 usque
1475 1975 1541 2028 ad
1572 1988 1849 2028 occasum.

2436 1978 2489 2031 2.
2535 1977 2664 2030 Ἀπὸ
2689 1976 2958 2030 ἀνατολῶν
2990 1977 3139 2048 ἡλίου
3175 1977 3336 2048 μέχρι
3366 1974 3602 2045 δυσμῶν.

767 2067 820 2119 5.
854 2064 930 2120 Ex
961 2067 1090 2121 Sion
1119 2068 1324 2136 species
1350 2067 1560 2120 decoris
1587 2066 1707 2134 ejus
1739 2084 1751 2117 :

2433 2071 2484 2123 5.
2534 2073 2627 2124 Ἐκ
2655 2069 2792 2122 Σιὼν
2823 2074 2855 2142 ἡ
2892 2070 3192 2142 εὐπρέπεια
3218 2071 3318 2139 τῆς
3350 2069 3678 2139 ώραιότητος
3713 2064 3877 2117 αὑτοῦ

767 2157 821 2211 4.
854 2155 994 2210 Deus
1022 2157 1305 2210 manilcste
1332 2158 1526 2222 veniet,
1565 2154 1706 2210 Deus
1741 2162 1947 2221 noster,

2435 2161 2488 2214 4.
2536 2161 2591 2212 ’0
2620 2161 2751 2224 Θεὸς
2781 2161 3038 2231 ἐμφανῶς
3071 2161 3208 2230 ἥξει,
3238 2163 3265 2213 ὁ
3294 2161 3422 2224 Θεὸς
3457 2159 3531 2230 (τι)
3559 2157 3734 2227 ἡμῶν,

771 2247 805 2300 5
860 2246 923 2300 Et
948 2263 1052 2301 non
1088 2249 1288 2302 silebit.

2442 2251 2492 2304 5.
2528 2253 2637 2303 Kal.
2665 2252 2725 2304 οὐ
2757 2255 3263 2323 παρασιωπὴσεται.

775 2337 819 2390 6.
851 2337 992 2407 ignis
1016 2339 1068 2392 in
1099 2349 1389 2408 conspectu
1416 2340 1532 2408 ejus
1555 2338 1872 2392 exardescet
1899 2355 1912 2390 :

1825 2346 1872 2392 et
1899 2355 1912 2390 :
2441 2341 2494 2397 6.
2532 2342 2648 2413 Πῦρ
2683 2343 2908 2396 ἐνώπιον
2939 2345 3101 2397 αὑτοῦ
3129 2344 3456 2412 καυθήσεται

808 2466 823 2483 .
851 2427 915 2482 Et
943 2431 995 2482 in
1023 2430 1249 2484 circuitu
1280 2430 1394 2498 ejus
1433 2441 1723 2498 tempestas
1746 2428 1944 2481 valida.
2439 2432 2456 2486 1

1921 2467 1944 2479 η·
2439 2432 2493 2486 7.
2527 2433 2636 2486 Kal.
2662 2433 2844 2505 κύκλῳ
2871 2435 3035 2488 αὐτοῦ
3061 2435 3313 2503 καταιγὶς
3347 2432 3569 2502 σφοδρά.

775 2602 844 2674 (α)
874 2604 1028 2658 Vers.
1061 2606 1115 2667 5,
1158 2605 1215 2655 Ὀ
1243 2604 1393 2667 Θεός,
1429 2614 1556 2670 etc.,
1591 2608 2095 2679 παρασιωπήσεται.

1807 2762 2180 2818 ATHANASII
2209 2760 2805 2819 INTERPRETATIO.

769 2938 856 3000 37,
892 2938 978 2992 58.
1012 2937 1162 2990 Nihil
1198 2942 1333 2992 enim
1359 2939 1635 2993 intulimus
1678 2940 1731 2992 in
1777 2941 2074 3004 mundum;
2115 2940 2257 2994 haud

2431 2941 2521 3008 '37,
2550 2940 2638 2996 38.
2659 2939 2850 2994 Οὐδὲν
2895 2937 3005 3008 γὰρ
3038 2936 3473 3006 εἰσηνέγκαμεν
3499 2938 3576 3004 (1)
3597 2939 3684 3000 εις
3709 2935 3815 2989 τὸν
3840 2937 3911 2990 κέ

699 3031 934 3089 dubium,
967 3031 1100 3099 quod
1135 3048 1221 3082 nec
1246 3032 1452 3098 auferre
1483 3032 1608 3098 quid
1634 3031 1919 3098 poterimus
1947 3033 2012 3084 ⁵⁷.

2362 3047 2539 3102 quos"
2573 3032 2784 3103 δῆλον,
2804 3033 2892 3086 ὅτι
2916 3032 3056 3086 οὐδὲ
3077 3031 3412 3101 ἐξενεγκεῖν
3444 3049 3495 3083 τι
3529 3030 3910 3098 δυνησόμεθα

770 3122 858 3176 39.
889 3122 1154 3188 Quoniam
1202 3124 1382 3175 anima
1427 3123 1545 3192 ejus
1596 3123 1651 3176 iu
1701 3124 1803 3178 hoc
1849 3124 2046 3179 saeculo
2100 3125 2258 3181 beata

2434 3122 2522 3176 59.
2555 3123 2677 3174 Ὅτι
2709 3125 2742 3192 ἡ
2772 3122 2918 3192 ψυχὴ
2963 3122 3127 3175 αὑτοῦ
3171 3124 3227 3175 ἐν
3270 3121 3346 3191 τῷ
3377 3120 3470 3173 νῦν
3513 3119 3666 3172 αἰῶνι
3702 3135 3935 3190 μακαρι-

698 3214 1102 3286 pranlicabitur.
2363 3214 2646 3284 σθήσεται.

766 3307 856 3362 40.
884 3306 1240 3362 Conﬁtebitur
1277 3307 1373 3360 tibi
1410 3307 1461 3358 in
1499 3307 1720 3370 'udicio,
1768 3322 1891 3360 cum
1941 3307 2260 3363 bumiliabis

2435 3306 2524 3359 40.
2570 3305 3048 3377 Ἐξομολογήσεταί
3081 3321 3160 3357 σοι
3186 3305 3242 3356 ὲν
3269 3308 3334 3375 τῇ
3365 3304 3564 3376 κρίσει,
3593 3303 3720 3357 ὅταν
3747 3318 3935 3356 ταπει-

699 3413 846 3453 curn.

2364 3396 2557 3460 νώσεις
2586 3398 2770 3452 αὐτόν.

768 3489 857 3542 41.
897 3483 1161 3540 Tradetur
1196 3482 1339 3535 enim
1375 3483 1427 3535 in
1473 3483 1651 3537 locum
1690 3485 1892 3540 diaboli
1941 3495 1996 3542 et
2037 3487 2259 3558 angelo-

2437 3488 2527 3542 41.
2562 3488 3002 3559 Παραδοθήσεται
3033 3486 3140 3558 γὰρ
3163 3487 3240 3550 εἰς
3268 3486 3358 3538 τὸν
3385 3486 3546 3538 τόπον
3578 3485 3670 3538 τοῦ
3695 3485 3933 3538 διαὸόλευ

700 3596 821 3634 rum
857 3578 996 3648 ejus.

2369 3577 2462 3629 καὶ
2489 3575 2598 3630 τῶν
2633 3577 2880 3647 ἀγγέλων
2911 3577 3095 3631 αὑτοῦ.

767 3673 856 3726 η.
897 3670 988 3724 Est
1014 3669 1156 3723 enim
1188 3668 1240 3722 in
1279 3668 1514 3722 tenebris
1547 3671 1910 3725 exterioribus
1945 3670 2011 3724 “'.

2440 3671 2532 3725 42.
2569 3673 2662 3735 Εἰς
2689 3673 2750 3724 τὸ
2784 3673 2972 3735 σκότος
3002 3671 3107 3741 γάρ
3137 3672 3250 3722 ἐστι
3284 3667 3360 3739 (9.)
3391 3671 3452 3720 τὸ
3478 3667 3758 3739 ἐξώτερον.

768 3760 855 3813 45.
890 3756 1023 3812 Nam
1046 3774 1169 3813 cum
1191 3766 1336 3812 esset
1358 3758 1653 3811 secundum
1677 3759 1766 3812 Dei
1803 3761 2116 3828 imaginem,
2157 3775 2264 3816 non

2435 3764 2524 3817 45.
2556 3764 2692 3816 Κατ’
2727 3765 2911 3816 εἰκόνα
2956 3763 3064 3833 γὰρ
3115 3761 3248 3814 Θεοῦ
3298 3761 3407 3826 ὢν,
3455 3760 3552 3812 οὐκ
3600 3759 3817 3826 ἐπέγνω
3847 3757 3934 3811 τὸν

702 3851 956 3920 cognovit
981 3848 1242 3902 factorem
1274 3862 1454 3900 suum.

1239 3869 1242 3899 |
1274 3862 1454 3900 suum.
2365 3856 2671 3925 ποιήσαντα
2709 3855 2887 3909 αὐτόν.

771 3937 858 3990 44.
895 3935 1099 3989 Similis
1148 3936 1398 3988 iuventus
1437 3945 1520 3990 est
1553 3936 1815 4005 jumeutis
1861 3939 2263 3995 recalcitranth

2434 3945 2524 4000 44.
2556 3948 2698 4010 "leo;
2727 3947 2920 4018 εὑρέθη
2945 3946 3049 3999 τῶν
3077 3942 3528 4014 ἁποσκιρτώντων
3555 3943 3650 3996 καὶ
3669 3944 3934 3998 ἀποστάν-

702 4033 826 4098 bus,
852 4040 904 4084 et
928 4028 1317 4084 resilientibus.

1095 4028 1317 4082 antibus.
2367 4055 2475 4091 των
2508 4039 2743 4110 κτηνῶν.

782 4147 846 4199 Ἡ
892 4145 1218 4218 προκειμένη
1264 4144 1538 4213 ἐπιγραφὴ
1585 4146 1821 4216 περιέχει
1869 4149 1940 4219 (5)
1967 4166 1979 4179 ’
2021 4154 2260 4221 Ψαλμὸς
2289 4155 2369 4222 τῷ
2410 4159 2613 4228 Ἀσάφ,
2652 4159 2895 4211 τουτέστι
2923 4156 3132 4227 ψαλμὸς
3170 4153 3244 4226 (4)
3281 4153 3358 4224 τῷ
3396 4156 3577 4226 κριτῇ.
3621 4154 3801 4226 Ἀσὰφ
3828 4155 3930 4224 γὰο

701 4236 907 4305 κριτὴς
933 4234 1310 4306 ἑρμηνεύεται.

774 4327 986 4383 Titulus
1016 4325 1303 4394 inscriptus
1335 4324 1571 4379 continet
1605 4341 1617 4376 :
1656 4322 1898 4376 Psalmus
1928 4329 2124 4394 Asaph,
2171 4329 2273 4384 hoc
2301 4342 2384 4387 est
2429 4335 2670 4403 psalmus
2698 4335 2894 4390 Judici.
2937 4338 3110 4405 Asaph
3158 4339 3302 4392 enim
3338 4339 3498 4406 iudex
3530 4339 3930 4409 interpretatur.

776 4423 827 4488 1,
862 4423 915 4475 2.
949 4420 1089 4475 Deus
1136 4420 1415 4474 hominum
1465 4418 1727 4472 Dominus
1770 4433 1866 4487 per
1912 4421 2259 4486 prmtlicatio-

2445 4430 2496 4492 1,
2528 4430 2581 4483 2.
2612 4430 2742 4493 Θεὸς
2786 4434 2814 4484 ό
2843 4431 2950 4484 τῶν
2995 4433 3294 4504 ἀνθρώπων
3344 4435 3544 4504 Κύριος
3579 4435 3807 4506 ὲλάλησε
3848 4437 3932 4490 διὰ

706 4532 827 4571 nem
857 4517 1070 4569 loeutus
1108 4522 1208 4573 est,
1243 4521 1296 4566 et
1323 4513 1532 4566 vocavit
1575 4526 1764 4565 omnes
1812 4511 1879 4565 ad
1909 4513 2066 4568 [idem
2098 4531 2256 4571 suam

2369 4519 2463 4573 τοῦ
2497 4523 2862 4594 κηρύγματος,
2903 4525 2995 4578 καὶ
3029 4525 3250 4578 ἐκάλεσε
3282 4527 3486 4590 πάντας
3519 4530 3598 4590 εἰς
3623 4529 3721 4600 τὴν
3744 4530 3929 4584 ἑαυτοῦ

704 4609 766 4664 al;
803 4615 925 4661 ortu
955 4606 1086 4660 solis
1116 4619 1286 4674 usque
1311 4603 1377 4657 ad
1403 4618 1682 4658 occasum.
2186 4616 2189 4618 ·
2298 4639 2340 4692 D

2186 4616 2189 4618 ’
2298 4639 2340 4692 D
2370 4611 2550 4665 πίστιν
2582 4613 2688 4665 ἀπὸ
2714 4614 2985 4668 ἀνατολῶν
3015 4617 3164 4686 ἡλίου
3198 4617 3300 4680 ἕως
3327 4617 3567 4688 δυσμῶν.

776 4701 828 4756 5.
855 4700 896 4753 Ε
919 4699 1068 4754 cmlis
1099 4698 1358 4753 adventus
1379 4697 1566 4766 gratim
1594 4695 1735 4764 ejus.

2443 4704 2494 4756 3.
2536 4704 2628 4756 Ἐκ
2645 4703 2752 4756 τῶν
2774 4706 3016 4775 οὐρανῶν
3040 4709 3072 4778 ἡ
3099 4708 3367 4778 παρουσία
3389 4709 3487 4778 τῆς
3508 4707 3731 4779 χάριτος
3748 4708 3907 4763 αὐτοῦ

775 4791 828 4846 4.
865 4792 922 4844 ln
957 4789 1418 4844 consummatione
1443 4788 1623 4843 saeculi
1651 4802 1840 4841 rursus
1867 4789 2065 4842 veniet.

2441 4794 2493 4847 4.
2537 4795 2624 4846 Ἐν
2650 4797 2714 4865 τῇ
2749 4797 3026 4869 συντελείᾳ
3052 4799 3210 4852 πάλιν
3236 4799 3328 4852 τοῦ
3360 4799 3554 4863 αἰῶνος
3584 4799 3714 4871 ἔλθῃ
3746 4801 3843 4872 (5).

774 4880 826 4934 5.
855 4878 1156 4949 Redarguet
1177 4879 1319 4933 enim
1349 4894 1535 4934 omnes
1566 4886 1897 4947 peccatores.

2442 4885 2494 4938 5.
2539 4885 2770 4954 Ἐλέγξει
2802 4889 2908 4959 γὰρ
2935 4889 3140 4952 πάντας
3161 4891 3286 4953 τοὺς
3320 4888 3720 4961 ἡμαρτηκότας.

775 4969 828 5024 6.
857 4967 1082 5024 Flumen
1108 4981 1162 5025 et
1190 4970 1338 5024 lacus
1365 4970 1523 5039 ignis.

2443 4975 2494 5028 6.
2537 4976 2594 5029 '0
2622 4980 2859 5049 ποταμὸς
2891 4981 2985 5033 καὶ
3019 4982 3051 5051 ἡ
3079 4981 3241 5053 λίμνη
3274 4981 3365 5034 τοῦ
3401 4981 3591 5051 πυρός.

778 5062 827 5116 7.
858 5060 1062 5117 Ventus
1092 5063 1380 5118 vehemens
1414 5063 1584 5133 magis
1625 5063 1908 5133 magisque
1955 5063 2257 5118 accendens

2442 5068 2492 5120 7.
2527 5069 2757 5140 Ἄνεμος
2785 5072 3011 5143 σφοδρὸς
3051 5073 3298 5138 ἐξάπτων
3328 5072 3590 5145 μειζόνως
3633 5075 3731 5146 τὴν
3764 5073 3929 5145 φλόγα

703 5155 978 5209 ﬂammam
1005 5155 1143 5224 ignis
1168 5155 1332 5209 illius.

1269 5170 1332 5209 Is.
2369 5156 2460 5209 τοῦ
2497 5159 2664 5229 πυρὸς
2690 5161 2917 5214 ἐκείνου.

776 5325 818 5356 ⁸⁷
856 5325 876 5378 1
910 5326 1048 5380 Tim.
1091 5343 1163 5390 vn,
1217 5327 1268 5381 7.
1343 5327 1629 5399 ’διΜειιιὶπ
1684 5329 1934 5396 ι·ιιι,12;
1991 5344 2129 5394 ml,
2183 5330 2281 5397 13;
2335 5335 2579 5399 xxv,30.

1649 5487 1951 5549 Addenda
1983 5497 2044 5549 et
2075 5489 2447 5568 corrigenda
2501 5506 2578 5549 ex
2607 5491 2744 5552 eod.
2786 5492 2990 5553 Vatic.

781 5651 856 5722 (1)
889 5651 1281 5722 Εἰσενέγκαμεν
1316 5653 1370 5703 ἐν
1413 5651 1486 5721 τῷ
1515 5653 1700 5723 κόσμῳ
1728 5694 1738 5706 .
1762 5696 1773 5708 .
1797 5693 1810 5708 .
1835 5693 1847 5706 .
1907 5654 1956 5705 τί
1983 5671 2064 5716 τις
2097 5654 2256 5714 δυνή-
2646 5652 2731 5730 διὰ
2754 5653 2861 5730 ’τῆς
2891 5656 3260 5728 κινναϐάρεως
3283 5633 3411 5730 περ.

709 5737 878 5777 σεται.

2442 5724 2515 5788 (4)
2554 5724 2798 5792 Ψαλμός
2827 5728 2996 5779 deest.

782 5793 857 5861 (Ξ)
891 5792 1094 5844 Ἔσται.

2441 5792 2514 5862 (3)
2549 5794 2727 5860 Ἕλθη
2760 5795 2908 5850 deest
2939 5796 2990 5848 in
3021 5795 3139 5850 cod.
