4174 6492
235 429 344 483 845
1120 428 1206 482 DE
1239 428 1515 486 TITULIS
1556 430 2004 490 PSAIMORUM.
2045 467 2111 477 -—
2141 434 2337 495 PSAL.
2383 439 2568 498 XLIX.
3367 444 3469 499 846

308 542 360 594 8.
392 541 822 611 Προςκαλέσεται
853 543 940 594 τὸν
981 543 1204 612 οὐρανὸν
1249 545 1360 597 ἄνω
1394 547 1486 598 καὶ
1522 545 1620 615 τὴν
1667 546 1790 615 γῆν,
1825 556 1870 611 Α

1522 545 1620 615 τὴν
1667 546 1790 615 γῆν,
1825 556 1870 611 Α
1967 551 2018 603 8.
2053 551 2348 608 Advocabit
2381 558 2576 610 uelum
2614 575 2830 614 sursum
2861 573 2910 616 et
2941 572 3161 631 terram,

307 631 361 686 9.
394 631 501 684 Τοῦ
528 632 793 704 διακρῖναι
824 633 914 685 τὸν
941 633 1067 686 λαὸν
1094 635 1276 688 αὐτοῦ.

1971 642 2021 695 9.
2060 641 2126 698 Ut
2159 644 2430 700 discernat
2457 650 2711 717 populum
2745 669 2924 707 suum.

307 723 396 777 10.
433 724 768 792 Συναγάγετε
795 722 940 793 αὐτῷ
973 725 1097 786 τοὺς
1121 726 1300 788 ὁσίους
1333 725 1516 790 αὐτοῦ,

1333 725 1516 790 αὐτοῦ,
1969 735 2054 789 10.
2089 736 2431 809 Congregate
2455 741 2532 794 illi
2561 752 2784 797 sanctos
2814 747 2954 813 ejus,

307 815 395 867 11.
432 816 570 878 Τοὺς
609 816 1008 885 διατιθεμένους
1048 816 1145 886 τὴν
1186 817 1448 889 διαθήκην
1499 819 1662 874 αὑτοῦ
1706 819 1799 875 ἐπὶ

1969 825 2054 880 11.
2091 825 2192 891 Qui
2219 829 2472 885 ordinant
2507 843 2884 889 testamentum
2922 838 3040 907 ejus
3082 857 3244 911 super
3290 848 3459 900 sacri-

227 908 467 971 θυσίαις.
1234 933 1236 935 ’
1897 916 2041 970 ﬁcia.

308 998 394 1051 12.
426 998 534 1052 Καὶ
580 998 967 1068 ἀναγγελοῦσιν
1002 1003 1050 1053 οἱ
1082 1001 1298 1072 οὐρανοὶ
1326 1003 1423 1073 τὴν
1453 1002 1796 1076 δικαιοσύνην

1569 1002 1796 1076 ιιοσύνην
1970 1007 2053 1060 12.
2086 1006 2147 1061 Ει
2180 1011 2575 1068 annuntiabunt
2604 1015 2722 1071 εωιὶ
2751 1017 3019 1085 justitiam
3053 1020 3175 1090 ejus
3205 1040 3217 1077 :

225 1105 397 1140 αυτου
416 1105 429 1118 ⁸

304 1181 390 1234 15.
421 1180 540 1233 Ὀτι
569 1181 597 1232 0
629 1181 761 1243 Θεὸς
793 1183 987 1252 κριτής
1012 1183 1180 1234 ἐστιν.

1970 1182 2051 1235 13.
2083 1182 2348 1247 Quoniam
2383 1186 2525 1242 Deus
2551 1191 2718 1257 judex
2748 1202 2853 1246 est.

307 1273 395 1327 M.
425 1274 707 1337 Ἄκουσον,
742 1273 867 1336 λαός
898 1291 1020 1344 μου,
1052 1277 1143 1328 καὶ
1167 1274 1381 1346 λαλήσω
1414 1292 1515 1338 σοι,
1559 1275 1793 1348 Ἰσραὴλ,

1746 1275 1793 1336 λ,
1970 1273 2053 1328 14.
2085 1273 2246 1340 Audi,
2279 1278 2511 1347 populus
2538 1296 2713 1341 meus.
2747 1293 2799 1337 et
2834 1286 3028 1355 loquar
3057 1290 3172 1355 tibi,
3206 1291 3394 1356 Israel,

310 1364 397 1418 15.
428 1366 536 1417 Καὶ
557 1365 991 1436 διαμαρτύρομαί
1025 1383 1104 1418 σοι
1122 1383 1135 1395 ·

1029 1383 1135 1418 σοι·
1969 1365 2053 1420 15.
2083 1365 2150 1420 Et
2179 1370 2504 1424 testiﬁcabor
2539 1373 2632 1426 tibi
2665 1392 2677 1426 :

307 1455 396 1508 16.
433 1457 488 1508 Ὀ
517 1457 647 1519 Θεὸς
670 1460 698 1510 0
722 1458 852 1520 Θεός
886 1457 979 1509 σού
1006 1460 1121 1527 εἰμι
1147 1457 1274 1526 ἐγώ.

1219 1457 1274 1511 ὡ.
1968 1457 2053 1513 16.
2087 1457 2228 1514 Deus
2263 1460 2403 1517 Deus
2436 1473 2560 1518 tuus
2594 1481 2692 1534 ego
2728 1484 2867 1525 sum.

303 1544 392 1597 17.
430 1546 543 1597 Οὐκ
569 1547 659 1598 ἐπὶ
684 1547 802 1608 ταῖς
827 1545 1036 1610 θυσίαις
1065 1563 1155 1599 σου
1184 1546 1384 1615 ἐλέγξω
1415 1564 1473 1600 σε
1494 1562 1508 1575 '

1494 1562 1508 1575 -
1967 1550 2052 1603 17.
2087 1548 2203 1604 Non
2234 1550 2288 1606 in
2321 1554 2603 1611 sacriﬁciis
2632 1559 2738 1613 tuis
2769 1577 2992 1627 arguam
3024 1573 3077 1619 te
3114 1583 3123 1618 :

305 1637 392 1690 18.
426 1638 507 1690 Τὰ
550 1638 606 1690 δὲ
656 1639 1080 1709 ὁλοκαυτώματά
1122 1657 1214 1694 σου
1256 1639 1487 1694 ἐνώπιόν
1529 1639 1629 1711 μού
1681 1641 1795 1693 ἐστι

1968 1641 2052 1696 18.
2086 1640 2412 1700 Holocausta
2438 1658 2613 1703 autem
2643 1660 2731 1704 tua
2757 1652 2808 1705 in
2839 1669 3128 1725 conspectu
3173 1676 3293 1718 meo
3330 1675 3455 1720 sunt

222 1728 540 1790 διαπαντός.

479 1728 540 1790 5;.
1896 1744 2127 1799 scmper.

302 1822 387 1875 19.
418 1821 490 1872 Οὐ
516 1819 735 1891 δέξομαι
760 1823 823 1873 ἐκ
853 1821 944 1874 τοῦ
974 1823 1121 1874 οἴκου
1151 1839 1243 1874 σου
1271 1822 1528 1892 μόσχους,

1509 1861 1528 1892 ,
1969 1823 2053 1876 19.
2086 1823 2203 1878 Non
2228 1827 2494 1897 accipiam
2527 1830 2593 1883 de
2621 1831 2783 1887 domo
2815 1845 2903 1889 tua
2939 1841 3149 1899 \lllllOs,

304 1912 391 1966 2U.
429 1913 560 1964 Οὐδὲ
591 1915 654 1966 ἐκ
684 1914 788 1966 τῶν
819 1915 1078 1984 ποιμνίων
1109 1931 1199 1966 σου
1228 1915 1512 1986 χιμάρους.
1824 1909 1869 1966 Β

1349 1915 1512 1986 ipa“.
1824 1909 1869 1966 Β
1966 1915 2055 1971 20.
2087 1916 2269 1989 Neque
2292 1921 2359 1975 de
2387 1923 2639 1992 gregibus
2667 1927 2774 1980 tuis
2799 1929 2997 1987 hircos.

300 2009 390 2062 21.
419 2009 540 2060 ’Ὁτι
569 2009 678 2079 έμά
709 2011 825 2062 ἐστι
855 2011 1032 2061 πάντα
1065 2008 1132 2060 τὰ
1159 2009 1326 2078 θηρία
1345 2007 1440 2060 τοῦ
1468 2006 1661 2078 ἀγροῦ,

1971 2007 2059 2062 21.
2095 2009 2360 2076 Quoniam
2391 2029 2522 2069 mea:
2552 2027 2681 2070 sunt
2713 2034 2901 2076 omnes
2933 2024 3058 2079 fera.-
3087 2027 3365 2094 silvarum,

296 2101 390 2156 22.
425 2101 610 2171 κτήνη
635 2104 694 2157 ἐν
715 2104 827 2164 τοῖς
850 2101 997 2172 δρεσι
1030 2100 1124 2153 καὶ
1152 2100 1302 2169 βόες.

1971 2096 2060 2150 22.
2091 2098 2340 2156 Jumenta
2376 2104 2429 2157 in
2465 2107 2762 2170 montibus,
2792 2122 2841 2163 et
2869 2112 3048 2169 boves.

300 2193 392 2246 23.
427 2194 677 2262 Ἔγνωκα
698 2194 874 2246 πάντα
895 2191 963 2244 τὰ
991 2189 1208 2243 πετεινὰ
1231 2190 1324 2243 τοῦ
1347 2189 1578 2262 ούρανοῦ
1602 2206 1618 2224 ·

1373 2189 1578 2262 μύρανοῦ
1602 2206 1618 2224 ·
1970 2189 2059 2243 25.
2086 2189 2324 2260 Cognovi
2358 2197 2539 2250 omnia
2577 2200 2813 2256 volatilia
2852 2206 2972 2259 ςαξιὶ
3011 2226 3021 2260 :

301 2285 394 2338 24.
426 2285 534 2337 Καὶ
565 2284 832 2357 ὡραιότης
861 2281 1032 2354 ἀγροῦ
1060 2283 1174 2352 μετ’
1203 2281 1333 2351 ἐμοῦ
1358 2283 1527 2335 ἐστιν.

1413 2299 1527 2335 ττιν,
1972 2280 2061 2334 24.
2100 2281 2162 2336 Et
2196 2285 2541 2353 pulrbritudo
2576 2293 2691 2360 agri
2727 2310 2937 2350 merum
2962 2309 3061 2354 est.

295 2373 387 2427 25.
427 2375 550 2427 Ἐὰν
581 2373 840 2436 πεινάσω,
867 2373 927 2425 οὐ
963 2374 1036 2444 μή
1065 2390 1145 2425 σοι
1173 2374 1338 2425 εἴπω·

1307 2388 1338 2418 ,ο
1971 2373 2062 2428 25.
2095 2374 2150 2428 Si
2183 2379 2447 2443 esuriem,
2473 2397 2580 2436 non
2608 2384 2783 2439 dicam
2817 2389 2913 2442 tibi
2943 2407 2955 2439 :

297 2466 388 2518 26.
427 2465 564 2537 Ἐμὴ
597 2466 704 2536 γάρ
740 2467 884 2518 ἐστιν
917 2467 949 2536 ἡ
991 2467 1283 2537 οἰκουμένη
1315 2468 1407 2520 καὶ
1433 2466 1493 2519 τὸ
1525 2467 1796 2538 πλήρωμα

1975 2463 2062 2519 26.
2096 2465 2243 2521 Meus
2268 2479 2348 2523 est
2379 2474 2522 2526 enim
2554 2474 2702 2530 orbis
2729 2488 2902 2545 terrae,
2927 2490 2980 2535 et
3009 2482 3290 2551 plenitudo
3315 2491 3450 2559 ejus.

227 2560 424 2629 αὐτῆς.

1348 2730 1718 2786 ATHANASII
1764 2729 2342 2792 INTERPRETATIO.

298 2889 363 2954 8,
399 2889 452 2944 9.
489 2890 676 2961 Στήσει
717 2891 841 2953 τοῦς
873 2890 940 2943 τὶι
982 2891 1203 2960 οὐράνια
1245 2891 1657 2960 φρονήσαντας,
1694 2889 1791 2944 καὶ

1975 2893 2028 2955 8,
2067 2892 2117 2945 9.
2159 2890 2323 2948 Sistet
2354 2895 2454 2947 sibi
2491 2912 2615 2960 eos,
2657 2901 2746 2969 qui
2775 2905 3009 2958 rmlestia
3039 2910 3370 2978 cogitarunt,
3405 2929 3455 2965 et

232 2984 363 3047 τοὺς
375 2983 445 3037 σὰ
460 2984 638 3053 γήινα,
653 2983 746 3034 καὶ
769 2984 994 3034 ἕκαστον
1009 2984 1180 3052 κρινεῖ
1197 2980 1338 3033 κατὰ
1349 2980 1410 3033 τὸ
1431 2981 1586 3051 ἔργον
1608 2980 1792 3035 αὑτοῦ.

1904 2981 1997 3050 qui
2037 2991 2246 3037 terrena
2267 3025 2281 3050 ,
2324 2997 2378 3040 et
2408 3003 2844 3059 unumquemque
2865 2994 3127 3062 judicabit
3159 3002 3454 3055 secundum

1901 3089 2062 3142 opera
2096 3090 2214 3129 sua.

304 3161 391 3214 10.
422 3160 615 3228 Στήσει
639 3159 834 3220 αὐτοὺς
865 3160 928 3210 ἐκ
954 3157 1140 3224 δεξιῶν
1169 3156 1334 3210 αὑτοῦ

1319 3157 1334 3209 3
1973 3164 2059 3217 10.
2089 3166 2392 3222 Cornstituet
2423 3185 2514 3225 eos
2543 3186 2572 3225 a
2605 3172 2808 3229 dextris
2836 3179 2967 3232 suis.

306 3252 396 3306 11.
433 3251 553 3302 Ἐπὶ
582 3249 920 3319 ἐλεημοσύνη
946 3250 1038 3302 καὶ
1065 3249 1243 3301 πίστει
1277 3248 1430 3320 ὀρθῇ.
1826 3304 1869 3324 η

1293 3248 1430 3320 θ’ροῇ.
1826 3304 1869 3324 η
1971 3256 2055 3310 11.
2089 3257 2144 3310 In
2177 3260 2548 3316 misericordia
2575 3275 2627 3318 et
2651 3267 2753 3320 ﬁde
2779 3279 2941 3324 recta.

303 3304 390 3404 i2,
424 3343 505 3396 15.
549 3304 969 3411 Ἀνυμνήσουσιν
1007 3342 1056 3394 οί
1087 3341 1231 3408 ἅγιοι
1261 3304 1359 3413 τὴν
1382 3304 1549 3405 ⁸δόξαν
1593 3340 1757 3395 αὑτοῦ
1779 3381 1794 3404 ,
1824 3304 1870 3365 C

1824 3304 1870 3365 ϐ
1979 3346 2064 3412 12,
2093 3350 2175 3402 15.
2207 3351 2523 3406 Laudabunt
2564 3357 2734 3409 sancti
2767 3359 2991 3428 gloriam
3029 3363 3167 3432 ejus,
3202 3372 3458 3426 conﬁten-

224 3434 634 3507 ὁμολογοῦντες,
661 3436 742 3488 ὃτι
769 3437 797 3486 0
822 3435 954 3498 Θεὸς
985 3436 1178 3506 κριτής
1204 3436 1372 3488 ἐστιν.

997 3436 1178 3506 κριτής
1204 3436 1372 3488 ἐστιν.
1901 3446 1980 3492 tes
2011 3440 2154 3509 quod
2184 3439 2324 3496 Deus
2346 3442 2506 3511 judex
2545 3455 2645 3500 est.

302 3527 387 3581 M.
424 3527 524 3579 Διὰ
556 3525 616 3578 τὸ
648 3526 738 3579 τὸν
772 3526 902 3576 Θεὸν
934 3524 1146 3593 μέλλειν
1192 3526 1398 3592 κρίνειν
1425 3524 1522 3594 τὴν
1547 3524 1798 3592 οἰκουμέ-

1972 3531 2057 3584 14.
2108 3529 2376 3596 Quoniam
2429 3535 2568 3589 Deus
2617 3538 2959 3605 judicaturus
3026 3554 3109 3598 est
3159 3551 3457 3617 inumlnm,

225 3639 357 3690 νην,
391 3618 636 3689 παραινῶ
666 3634 747 3670 σοι
768 3655 783 3679 ,
834 3617 913 3679 είς
948 3617 1194 3686 ὑπακοὴν
1237 3615 1556 3687 εὐτρέπισόν
1609 3633 1698 3686 μοι
1731 3616 1797 3668 τὰ

1900 3621 2089 3677 hortor
2117 3635 2186 3689 te,
2215 3635 2274 3679 ut
2304 3627 2433 3679 mihi
2463 3644 2730 3698 praeparet;
2763 3648 2924 3690 aures
2964 3644 3084 3692 tuas
3130 3642 3194 3693 ad
3236 3615 3460 3701 audiens

229 3707 349 3764 ὦτά
376 3728 491 3774 σου,
523 3710 617 3762 καὶ
644 3708 840 3773 διδάξω
870 3724 950 3760 σε.

817 3726 840 3759 ι)
870 3724 950 3760 σε.
1900 3712 2047 3779 dum,
2082 3725 2135 3768 et
2161 3717 2366 3771 docebo
2397 3727 2465 3771 te.

299 3802 388 3856 15.
422 3802 531 3856 Καὶ
558 3799 994 3873 διαμαρτύρομαί
1032 3816 1143 3861 σοι,
1173 3798 1208 3853 ἃ
1245 3799 1458 3870 μέλλεις
1487 3816 1797 3867 φυλαττειν,

1974 3807 2062 3862 15.
2110 3808 2172 3862 Et
2221 3810 2546 3866 testiﬁcabor
2591 3816 2725 3880 tibi,
2772 3835 2890 3888 qua:
2931 3837 2961 3876 a
3013 3832 3063 3877 te
3106 3830 3457 3887 custodienda
3538 3836 3540 3839 ’

231 3897 262 3948 0
294 3895 419 3959 λαὸς
451 3898 478 3948 0
504 3894 597 3947 τοῦ
627 3893 782 3949 Θεοῦ.
820 3891 1058 3961 Ἰσραὴλ
1102 3892 1208 3964 γὰρ
1248 3891 1608 3964 ἑρμηνεύεται
1652 3892 1801 3956 λαός

1903 3907 2047 3962 sunt,
2076 3906 2270 3969 popula
2323 3904 2433 3957 Dei.
2463 3904 2633 3961 Israel
2657 3912 2800 3964 cnim
2828 3912 3206 3984 interpretatur
3237 3924 3456 3991 populus

233 3990 508 4058 ισχυρός.
1904 3993 2076 4061 fortis.

314 4080 397 4134 16.
437 4078 576 4161 ’γΕγὼ
607 4079 683 4145 (1)
713 4080 740 4130 ὁ
768 4078 920 4141 Θεὸς,
953 4080 1125 4148 φημὶ,
1154 4078 1184 4130 0
1209 4077 1341 4141 Θεός
1370 4093 1482 4130 σου.

1319 4096 1341 4141 ς
1370 4093 1482 4130 σου.
1975 4084 2057 4140 16.
2091 4087 2201 4157 Ego
2234 4087 2396 4154 Deus,
2433 4091 2626 4161 inquit,
2657 4093 2796 4148 Deus
2825 4106 2967 4150 tuus.

312 4166 397 4221 17.
424 4160 544 4219 ’Ὁτι
585 4167 682 4219 οὐκ
726 4167 810 4219 ἐπ’
856 4165 928 4235 (2)
963 4167 1086 4236 ἐμοὶ
1122 4167 1454 4237 προσφέρεις
1497 4166 1686 4230 θυσίας
1724 4166 1802 4237 τῷ

1975 4174 2058 4229 17.
2090 4175 2355 4242 Quoniam
2390 4198 2494 4236 non
2536 4184 2767 4251 amplius
2809 4189 2938 4240 mibi
2988 4191 3148 4246 offers
3190 4200 3456 4253 sacriﬁcia

234 4255 357 4328 Θεῷ
386 4274 499 4318 σου,
525 4255 659 4308 ἀλλὰ
681 4256 916 4325 δαίμοσι,
945 4255 1039 4307 καὶ
1068 4254 1322 4322 εἰδώλοις,
1357 4256 1450 4308 καὶ
1476 4254 1734 4327 δένδρεσι.

1906 4264 2014 4319 Deo
2050 4275 2163 4333 tuo,
2193 4269 2288 4325 sed
2317 4271 2673 4334 dannonihus,
2707 4284 2760 4327 et
2788 4277 2965 4343 idolis,
2997 4293 3048 4336 et
3080 4285 3383 4347 arboribus.

314 4350 399 4404 18.
429 4351 508 4402 Τὰ
529 4349 584 4401 δὲ
613 4351 814 4420 κρύφια
834 4348 935 4418 τῆς
969 4349 1193 4420 καρδίας
1224 4366 1316 4402 σου
1351 4348 1462 4419 ὁρῶ
1491 4348 1798 4414 διαπαντός.

1628 4351 1798 4414 αντός.
1974 4357 2060 4410 18.
2089 4357 2312 4415 Occulta
2336 4371 2517 4417 autem
2541 4366 2722 4420 cordis
2753 4370 2827 4423 tui
2858 4372 3013 4428 video
3046 4390 3276 4448 semper.

312 4442 400 4498 19.
430 4443 567 4505 Τοὺς
603 4441 981 4510 κερατίξοντας
1024 4443 1117 4495 καὶ
1158 4442 1492 4512 σκιρτῶντας
1534 4441 1688 4511 ὑμῶν
1727 4443 1802 4506 ὼς

1978 4449 2062 4506 19.
2096 4451 2364 4516 Petulcos,
2415 4465 2468 4509 et
2506 4457 2845 4516 lascivientes
2874 4475 3128 4536 tanquam
3159 4441 3354 4530 vitulos
3391 4493 3453 4533 ex

240 4535 514 4607 μοσχάρια
543 4535 604 4586 οὐ
629 4535 872 4603 δέχομαι.

801 4552 872 4587 αι.
1903 4542 2056 4596 vobis
2080 4557 2186 4596 non
2217 4544 2443 4614 accipio.

306 4625 397 4680 20.
423 4626 559 4689 Τοὺς
586 4626 886 4696 τριχώδεις,
916 4628 1158 4679 τουτέστι
1184 4626 1309 4689 τοὺς
1339 4628 1568 4698 πόρνους
1602 4629 1695 4682 καὶ
1713 4625 1800 4696 βε·
1832 4653 1877 4708 D

1832 4653 1877 4708 υ
1973 4633 2063 4689 20.
2090 4633 2319 4699 Pilosos.
2360 4639 2464 4694 hoc
2504 4650 2584 4694 est
2622 4639 3002 4715 fornicatores,
3050 4660 3103 4706 et
3150 4653 3457 4716 immundos

171 4761 174 4763 .
238 4701 458 4790 δήλους,
486 4718 546 4770 οὑ
578 4717 799 4788 δέχομαι
826 4719 924 4788 (5).

627 4719 799 4788 ἱχομαι
826 4719 924 4788 (5).
1832 4701 1868 4708 ﬁ
1901 4742 2009 4782 non
2050 4727 2275 4795 accipio.

309 4812 399 4866 21.
427 4811 510 4865 Τὰ
533 4809 660 4882 ἔθνη
689 4811 856 4879 λέγει.

1969 4819 2058 4873 21.
2086 4817 2286 4876 Gentes
2314 4821 2598 4892 signiﬁcat.

309 4903 401 4960 22.
429 4903 566 4966 Τοὺς
605 4902 792 4971 ἁγίους
833 4905 891 4957 ὲν
927 4905 1046 4966 ταῖς
1089 4901 1332 4974 Γραφαῖς
1378 4905 1469 4957 καὶ
1505 4905 1632 4969 τοὺς
1677 4905 1804 4959 ἀπο-

1507 4905 1632 4969 τοὺς
1677 4905 1804 4959 ἀπο-
1967 4910 2055 4964 22.
2091 4911 2320 4968 Sanctos
2347 4914 2400 4968 in
2428 4915 2743 4988 Scripturis,
2778 4932 2831 4977 et
2860 4928 3155 4991 apostolos.

242 4997 487 5060 στόλους.

317 5087 401 5142 23.
433 5088 544 5151 Τὰς
573 5087 748 5158 ψυχὰς
777 5086 924 5156 λέγει
953 5089 1050 5152 τὰς
1084 5087 1175 5140 ἐπὶ
1215 5087 1282 5140 τὰ
1317 5087 1543 5158 οὐράνια
1572 5089 1802 5143 ἁνιπτα-

1970 5088 2058 5142 25.
2094 5088 2664 5164 Animassigniﬁcat,
2707 5113 2924 5154 sursum
2956 5102 3022 5157 ad
3051 5106 3291 5162 caelestia
3338 5123 3466 5164 evo-

247 5182 436 5254 μένας.
1235 5244 1250 5267 χ
1906 5183 2099 5239 lantes.

311 5273 402 5327 20.
433 5273 494 5327 οι
522 5272 939 5335 πεπιστευκότες
966 5272 1024 5325 ὲν
1045 5271 1120 5342 τῷ
1150 5272 1355 5342 κόσμῳ.

1258 5289 1355 5342 μῳ.
1968 5274 2059 5328 21.
2094 5274 2199 5340 Qui
2227 5278 2573 5336 crediderunt
2601 5283 2654 5335 in
2684 5285 2906 5340 mundo.

313 5364 404 5417 25.
443 5364 529 5416 Ἑν
558 5363 634 5434 τῷ
665 5363 840 5434 καιρῷ
871 5364 968 5434 τῆς
997 5363 1290 5435 παρουσίας
1321 5380 1439 5433 μου.

1155 5363 1290 5425 ισίας
1321 5380 1439 5433 μου.
1977 5364 2066 5418 25.
2098 5366 2362 5437 Tempore
2394 5373 2496 5426 mei
2526 5375 2803 5432 adventus.

308 5455 399 5508 26.
431 5455 638 5519 Πάντες
666 5455 717 5508 οί
750 5454 869 5507 λαοὶ
899 5454 1005 5508 τῶν
1036 5454 1225 5509 ἐθνῶν.

1148 5454 1225 5509 δν.
1980 5456 2070 5510 26.
2101 5457 2301 5516 Omnes
2325 5465 2562 5531 gentium
2593 5469 2796 5536 populi.

1191 5587 1495 5653 Addenda
1524 5597 1584 5654 et
1614 5592 1986 5674 corrigenda
2027 5613 2104 5656 ex
2145 5599 2285 5660 cod.
2324 5602 2524 5666 Vatie.

604 5758 718 5830 ειμι
743 5759 771 5812 0
795 5757 947 5824 Θεὸς,
974 5757 1001 5810 ὁ
1030 5758 1177 5820 θεός.
1987 5771 2056 5843 {3)
2097 5773 2182 5836 Ὠς
2217 5775 2407 5839 Ἠσαῦ,
2443 5779 2750 5834 τουτέστι...
2787 5779 3025 5852 δέξομαι.
