4174 6486
757 404 864 460 847
1570 411 1652 482 ιδ.
1685 410 2048 468 ATIIANASII
2082 413 2231 471 opp.
2272 413 2405 468 mu

2338 413 2452 469 ωδ
2491 413 2576 468 Ill.
2617 445 2683 456 —
2726 414 3138 472 EXEGETICA.
3886 415 3986 472 848

832 519 918 573 27.
953 523 1207 590 Nunquid
1240 521 1578 577 manducabo
1610 537 1804 579 carnes
1839 527 2162 580 taurorum?
2353 539 2394 586 Α

1791 540 1804 579 5
1839 527 2162 580 taurorum?
2353 539 2394 586 Α
2495 528 2581 580 27.
2615 529 2704 598 Μὴ
2737 530 2996 600 φάγωμαι
3025 529 3160 602 κρέα
3193 535 3439 604 ταύρωνς

834 612 920 666 28.
954 612 1060 666 Aut
1080 612 1397 681 sanguinem
1431 614 1706 671 hircorum
1738 618 1977 686 potabo?

1738 618 1977 686 potabo?
2492 619 2581 670 28.
2612 620 2680 670 Ἥ
2715 616 2857 689 αἷμα
2884 621 3099 690 τράγων
3130 623 3340 692 πίωμαι
3367 642 3379 687 ;

833 703 920 759 29.
950 705 1174 758 lmmoia
1202 704 1308 760 Deo
1334 706 1657 762 sacriﬁcium
1694 707 1868 764 laudis
1889 747 1904 774 ,

2489 708 2578 761 29.
2611 709 2782 762 θῦσον
2805 710 2884 780 τῷ
2907 710 3027 782 Θεῷ
3052 712 3242 764 θυσίαν
3271 715 3556 779 αἰνέσεως·

833 795 923 850 50.
959 794 1022 850 Et
1051 796 1211 851 redde
1237 798 1516 854 Altissimo
1547 809 1668 854 vota
1703 808 1813 855 tua.

2491 801 2578 852 50.
2613 802 2719 853 Kal
2743 803 2940 866 ἀπόδος
2965 804 3044 874 τῷ
3081 805 3318 876 Ὑψίστῳ
3339 807 3438 869 τὰς
3458 809 3620 877 εὐχάς
3649 826 3766 865 σου.

831 886 921 941 3i.
948 885 1014 941 Et
1039 886 1227 942 invoca
1255 904 1340 944 me
1371 890 1424 944 in
1459 890 1545 946 die
1576 891 1941 948 tribulationis
1971 901 2075 948 tuae
2106 910 2119 947 :

2490 893 2577 946 5i.
2610 895 2716 946 Kal
2748 894 3065 948 ὲπικάλεσαί
3100 914 3166 966 με
3194 898 3250 950 ὲν
3277 899 3459 970 ἡμέρᾳ
3487 899 3719 969 emata;
3752 918 3875 956 σου⁶

829 978 919 1032 32.
949 976 1147 1032 Eruam
1181 988 1254 1043 te,
1283 985 1337 1034 et
1365 981 1692 1050 glorilicabis
1725 998 1832 1038 me.

2492 983 2578 1035 32.
2612 985 2718 1036 Kal
2747 985 3031 1056 ὲξελοῦμαί
3067 1004 3146 1049 σε,
3188 989 3282 1042 καὶ
3315 989 3555 1055 δοξάσεις
3581 1009 3669 1062 με.

828 1070 917 1124 ⁸55.
949 1067 1225 1125 Peccatori
1255 1081 1436 1126 autem
1464 1073 1598 1127 dixit
1632 1074 1770 1128 Deus
1801 1093 1812 1126 :

2487 1073 2574 1127 55.
2609 1076 2697 1146 Τῷ
2725 1076 2780 1128 δὲ
2809 1077 3114 1148 ἁμαρτωλῷ
3141 1073 3292 1132 εἶπεν
3321 1082 3348 1132 ὁ
3377 1082 3507 1145 Θεός
3525 1099 3538 1113 ·

828 1161 917 1246 54.
945 1161 1123 1228 Quare
1154 1171 1210 1218 tu
1235 1179 1458 1219 enarras
1481 1165 1722 1234 justitias
1749 1166 1935 1222 meas?

2486 1166 2573 1219 5i.
2606 1165 2719 1219 Ἵνα
2748 1168 2798 1220 τί
2828 1168 2891 1220 σὺ
2921 1169 3141 1242 ἐκδιηγῇ
3173 1172 3240 1224 τὰ
3267 1173 3608 1243 δικαιώματά
3639 1193 3773 1246 μους

825 1233 912 1310 δέ).
928 1250 1004 1310 Et
1030 1256 1266 1311 assumis
1286 1233 1689 1312 Testamentum
1710 1273 1889 1313 meum
1921 1274 2016 1329 per
2037 1274 2098 1314 os
2129 1261 2318 1314 tuum?

2489 1257 2579 1312 55.
2613 1258 2720 1310 Kal
2751 1233 3151 1332 ἀναλαμϐάνεις
3180 1264 3278 1335 τὴν
3306 1233 3566 1337 διαθήκην
3601 1233 3702 1337 μου
3736 1233 3826 1322 διὰ
3859 1267 3982 1322 στό-

2423 1348 2589 1416 ματός
2622 1365 2713 1401 σου
2734 1367 2748 1413 ;

825 1430 912 1485 56.
948 1429 1027 1484 Tu
1059 1445 1186 1484 vero
1213 1429 1374 1485 odisti
1399 1429 1740 1499 disciplinam
1772 1447 1786 1460 ·

1719 1447 1740 1485 ri
1772 1447 1786 1460 -
2488 1437 2574 1489 56.
2610 1438 2679 1491 Σὺ
2707 1438 2762 1491 δὲ
2797 1440 3063 1513 ἐμίσησας
3093 1445 3336 1501 παιδείαν
3356 1462 3367 1475 ·

823 1521 909 1576 57.
941 1521 1004 1575 Et
1033 1521 1305 1590 prnjecisti
1333 1536 1613 1576 sermones
1639 1538 1788 1578 meos
1819 1531 2137 1578 retrorsum.

2488 1529 2575 1582 57.
2611 1531 2718 1582 Kal
2749 1532 3001 1598 ἐξέϐαλες
3029 1539 3154 1601 τοὺς
3191 1538 3378 1607 λόγους
3415 1558 3517 1611 μου
3551 1543 3630 1604 εἰς
3676 1543 3744 1596 τὰ
3787 1544 3981 1602 ὀπίσω.

822 1611 910 1665 58.
943 1611 996 1664 Si
1030 1612 1248 1666 videbas
1274 1611 1469 1677 furem,
1497 1614 1758 1667 currebas
1793 1629 1916 1667 cum
1940 1628 2006 1668 eo
2035 1632 2048 1668 :

2484 1620 2569 1674 58.
2605 1623 2666 1675 El
2695 1624 2947 1694 ἐθεώρεις
2973 1628 3232 1701 κλέπτην,
3262 1632 3578 1704 συνέτρεχες
3610 1635 3758 1704 αὐτῷ
3778 1653 3792 1666 ·

822 1703 910 1757 59.
944 1702 1005 1756 Et
1043 1719 1166 1758 cum
1206 1704 1451 1759 adultero
1485 1703 1791 1777 [adulteris]
1824 1707 2128 1777 portionem
2165 1715 2312 1762 tuam

2181 1723 2312 1762 .uatn
2487 1712 2572 1766 59.
2610 1715 2716 1768 Καὶ
2748 1717 2881 1786 μετὰ
2919 1720 3104 1789 μοιχοῦ
3126 1723 3229 1792 ,τὴν
3261 1702 3452 1793 μερίδα
3485 1702 3579 1779 σου
3612 1702 3829 1791 ἐτίθεις.

751 1793 1009 1862 ponebas.

820 1882 909 1936 40.
947 1881 1019 1936 Os
1053 1892 1202 1936 tuum
1229 1883 1524 1937 abundavit
1551 1885 1753 1938 malitia
1785 1901 1797 1936 :
2347 1877 2387 1933 Β

2347 1877 2387 1933 Β
2488 1895 2574 1948 40.
2609 1896 2680 1950 Τὸ
2711 1914 2881 1968 στομα
2915 1917 3005 1954 σου
3037 1903 3328 1959 ἐπλεόνασε
3361 1908 3559 1962 κακίαν
3580 1926 3593 1942 ’

818 1967 906 2026 41'.
938 1970 1001 2026 Et
1036 1972 1214 2042 lingua
1244 1983 1330 2027 tua
1363 1976 1721 2030 concinnabat
1747 1975 1925 2030 dolos.

2478 1985 2564 2040 4i.
2599 1989 2706 2041 Kal
2739 1992 2770 2059 ή
2803 1967 3022 2058 γλῶσσά
3053 2012 3147 2047 σου
3182 1998 3508 2068 περιέπλεκε
3537 2002 3873 2075 δολιότητας.

816 2061 905 2115 42.
937 2060 1140 2117 Sedens
1164 2065 1423 2119 adversus
1459 2065 1678 2119 fratrem
1709 2077 1860 2120 tuum
1889 2067 2198 2135 loquebaris
2223 2088 2236 2123 :

2478 2078 2565 2130 42.
2599 2080 2920 2151 Καοήμενος
2945 2086 3083 2139 κατὰ
3117 2087 3210 2140 τοῦ
3234 2089 3460 2158 ἀδελφοῦ
3502 2110 3593 2145 σου
3625 2097 3940 2161 κατελὰλεις
3963 2116 3975 2129 ·

817 2153 906 2207 45.
938 2153 1001 2208 Et
1026 2154 1282 2210 adversus
1311 2154 1480 2209 ﬁlium
1512 2158 1702 2212 matris
1733 2165 1840 2213 tua:
1889 2159 2127 2228 ponebas
2154 2176 2310 2215 scan-

2477 2167 2560 2220 43.
2613 2171 2719 2223 Kal
2759 2174 2898 2226 κατὰ
2941 2175 3033 2229 τοῦ
3078 2180 3192 2232 υἱοῦ
3244 2182 3344 2252 τῆς
3373 2153 3600 2255 ἰμητρός
3644 2203 3735 2238 σου
3785 2153 3978 2243 ὲτὶοετι·

746 2243 948 2298 dalum.

2410 2256 2721 2312 σκάνδαλον.

815 2334 902 2389 44.
937 2333 1060 2390 llznc
1091 2334 1289 2403 fecisti,
1319 2348 1371 2394 et
1401 2341 1545 2396 tacui
1579 2360 1590 2393 :

2044 2433 2047 2434 ν
2480 2347 2568 2400 44.
2600 2350 2779 2404 Ταῦτα
2813 2354 3103 2425 ἐποίησας,
3139 2360 3232 2412 καὶ
3260 2363 3490 2434 ὲσίγησα
3510 2381 3524 2396 ⁶

815 2427 904 2482 45.
931 2426 1263 2485 Existimasti
1293 2433 1650 2501 iniquitatem,
1671 2432 1812 2502 quod
1849 2447 1942 2486 ero
1977 2433 2052 2486 tui
2088 2434 2302 2492 similis.

2213 2435 2302 2492 lis.
2479 2436 2566 2489 45.
2603 2439 2901 2506 ’Υπέλαϐες
2934 2446 3179 2516 ἀνομίαν,
3211 2451 3291 2503 ὅτι
3322 2426 3512 2524 ἔσομαί
3543 2472 3624 2509 σοι
3654 2459 3861 2529 ὅμοιος.

813 2517 903 2574 46.
935 2522 1170 2586 Arguam
1218 2533 1288 2589 te,
1333 2533 1386 2578 et
1431 2533 1662 2579 statuam
1695 2536 1884 2580 contra
1929 2525 2119 2581 faciem
2155 2537 2302 2584 tuam

2479 2529 2567 2582 46.
2611 2531 2843 2599 Ἐλέγξω
2878 2553 2970 2602 σε,
3009 2541 3101 2593 καὶ
3135 2517 3466 2616 παραστήσω
3508 2549 3648 2601 κατὰ
3687 2517 3975 2616 πρόσωπόν

745 2620 965 2683 peccata
997 2621 1108 2666 tua.

2410 2638 2500 2674 σου
2529 2622 2626 2684 τὰς
2655 2625 2921 2696 ἁμαρτίας
2950 2646 3062 2685 σου.

815 2701 906 2757 47.
940 2703 1222 2775 lntelligite
1249 2704 1380 2772 inec,
1411 2705 1502 2775 qui
1532 2706 1912 2762 obliviscimini
1944 2706 2111 2763 Deum
2143 2729 2158 2765 :

2473 2714 2562 2768 47.
2594 2716 2784 2769 Σύνετε
2815 2718 2878 2790 δὴ
2909 2722 3100 2788 ταῦτα,
3127 2728 3174 2780 οι
3199 2727 3674 2803 ἐπιλανθανόμενοι
3695 2735 3790 2789 τοῦ
3818 2736 3969 2790 Θεοῦ⁶

1853 2861 2221 2920 ATIIANASII
2257 2865 2852 2928 lNTERl’llETATlO.

811 3013 901 3080 27,
923 3014 1012 3067 28.
1034 3013 1151 3068 Non
1181 3014 1439 3084 accipiam
1466 3021 1768 3067 vestrorum
1800 3016 2132 3082 petuleorum
2164 3020 2305 3088 prin-
2332 3027 2372 3083 C

2332 3027 2372 3083 C
2475 3023 2564 3084 27,
2597 3025 2687 3079 28.
2727 3027 2811 3098 Μὴ
2841 3030 3202 3102 καταδέξομαι
3244 3034 3345 3097 τὰς
3370 3036 3478 3089 τῶν
3519 3037 3795 3109 ἀρχόντων
3823 3045 3971 3114 ὑμῶν

741 3108 922 3178 cipum
947 3107 1212 3169 carnales,
1240 3115 1294 3160 et
1321 3105 1762 3174 sanguinolentas
1796 3109 2136 3175 cupiditates.

2407 3114 2512 3167 τῶν
2529 3132 2588 3166 κε
2598 3118 2917 3184 ρατιζόντων
2932 3124 3196 3193 σαρκικὰς
3210 3129 3302 3179 καὶ
3315 3128 3643 3199 αἱματώδεις
3654 3135 3965 3206 ἐπιθυμίας.

809 3195 894 3250 29.
933 3194 1145 3250 llonora
1179 3211 1299 3249 eum
1334 3195 1491 3249 bonis
1517 3197 1790 3264 operibus.

2475 3205 2562 3260 29.
2602 3207 2832 3272 Δόξασον
2863 3213 3023 3266 αὑτὸν
3052 3214 3118 3266 δι’
3148 3216 3323 3286 ἔργων
3352 3194 3591 3287 ἀγαθῶν.

809 3289 895 3342 50.
931 3287 993 3342 Et
1017 3304 1136 3358 qnze
1162 3287 1392 3340 Domino
1427 3288 1748 3355 promisisti,
1775 3288 2025 3356 adimple.

2471 3293 2561 3350 50.
2598 3300 2707 3352 Καὶ
2738 3301 3021 3372 πλήρωσον
3055 3306 3130 3374 τῷ
3160 3308 3347 3378 Κυρίῳ
3375 3309 3410 3362 ἃ.
3443 3312 3776 3383 ἐπήγγειλας
3803 3319 3900 3389 (Ι).

807 3381 895 3436 51.
926 3379 989 3433 Et
1022 3396 1145 3434 cum
1170 3381 1423 3433 inimicus
1458 3379 1795 3448 impugnabit
1841 3382 2078 3435 animam
2124 3390 2296 3450 tuam,

2469 3389 2556 3441 51.
2592 3392 2700 3443 Kal
2720 3393 2880 3462 ἡνίκα
2904 3397 2930 3446 ὁ
2953 3395 3143 3467 ἐχθρὸς
3173 3399 3400 3470 πολεμεῖ
3422 3379 3724 3476 τὴν-ψυχήν
3747 3379 3966 3482 μέν’(ἳ),

740 3472 930 3524 invoca
962 3485 1067 3522 me.

2404 3480 2718 3534 ἑπικάλεσαί
2745 3502 2833 3553 με.

808 3561 894 3615 52.
932 3559 990 3614 Et
1025 3560 1265 3615 liberabo
1303 3569 1373 3626 te,
1402 3570 1453 3614 et
1477 3561 1676 3630 gratias
1709 3560 1839 3614 mihi
1869 3577 2014 3631 ages.

2466 3574 2554 3628 52.
2585 3575 2691 3628 Kal
2721 3576 2952 3649 ρύσομαί
2986 3597 3066 3643 σε,
3106 3585 3196 3636 καὶ
3227 3586 3642 3661 εὐχαριστήσεις
3671 3609 3783 3661 μοι.

806 3653 893 3705 55.
926 3651 1296 3707 Perseveranti
1327 3654 1380 3707 in
1407 3662 1648 3722 peccato,
1684 3654 1797 3708 sive
1819 3654 2053 3710 diabolo.

2472 3665 2559 3722 35.
2597 3668 2685 3738 Τῷ
2715 3671 3020 3740 ἐπιμένοντι
3048 3675 3112 3743 τῇ
3143 3651 3406 3749 ἁμαρτία,
3433 3680 3464 3749 ἢ
3490 3651 3568 3750 τῷ
3598 3651 3848 3756 διαϐόλῳ.

804 3745 893 3798 54.
927 3744 1103 3810 Quare
1136 3753 1192 3798 tu
1224 3759 1329 3798 non
1352 3745 1664 3800 custodiens
1690 3760 1772 3809 ea,
1795 3745 1905 3799 iure
1934 3751 2194 3801 enarras?

2466 3758 2555 3814 54.
2588 3761 2703 3812 Ἷνα
2735 3760 2786 3812 τί
2813 3763 2897 3825 σὺ,
2919 3763 2992 3833 μὴ
3017 3744 3297 3831 φυλάττων
3329 3744 3488 3834 αὐτα,
3510 3744 3737 3844 ἐκδιηγῇ
3761 3744 3964 3845 causa;

800 3837 890 3891 55.
927 3834 990 3889 Et
1035 3835 1114 3888 vis
1144 3849 1264 3888 esse
1307 3835 1439 3904 legis
1483 3835 1741 3903 magister
1775 3851 2050 3905 exponens
2105 3834 2296 3893 Testa-

2462 3850 2551 3905 55.
2586 3852 2694 3904 Kal
2733 3851 2906 3916 θέλεις
2947 3851 3085 3908 εἶναι
3127 3857 3576 3927 νομοδιδάσκαλος
3615 3834 3964 3938 δὶἑλὶξούμενοέ

737 3935 976 3980 mentum
1006 3938 1205 3977 meum.

2397 3941 2494 4012 τὴν
2513 3941 2777 4014 διαθήκην
2804 3962 2926 4014 μου.

803 4017 892 4080 56,
917 4017 1006 4070 57.
1039 4017 1140 4082 Qui
1169 4014 1332 4086 igitur
1363 4014 1531 4068 alium
1558 4014 1742 4081 doces,
1767 4031 1862 4069 cur
1888 4025 1939 4070 te
1973 4017 2150 4087 ipsum
2184 4035 2293 4075 non

2465 4033 2552 4098 56,
2579 4036 2669 4089 57.
2707 4037 2762 4090 '0
2791 4034 2884 4092 οὖν
2909 4038 3173 4094 διδάσκων
3203 4042 3417 4115 ἕτερον,
3457 4045 3545 4100 διὰ
3575 4047 3628 4100 τί
3653 4052 3876 4108 σεαυτὸν
3897 4053 3955 4109 οὐ

734 4105 995 4162 instruis?

2398 4124 2670 4188 παιδεύεις
2684 4145 2698 4189 ;

798 4199 885 4252 58.
921 4197 1110 4250 Dicens
1146 4212 1252 4250 non
1288 4195 1599 4262 furandum,
1633 4193 1866 4261 iuraris;

1877 4286 1888 4291 _
1979 4287 1990 4291 _
2050 4289 2081 4291 η
2463 4215 2549 4269 58.
2586 4217 2642 4269 '0
2666 4218 2836 4287 λέγων
2869 4220 2942 4291 μὴ
2968 4220 3220 4275 κλέπτειν
3244 4224 3518 4289 κλέπτεις.

797 4285 884 4339 59.
922 4284 1113 4339 Dicens
1159 4300 1266 4339 non
1301 4285 1700 4354 mmcbandum,
1734 4286 2110 4345 mmeharis“.
2317 4366 2365 4388 ἢ

1917 4287 2024 4342 πίε
2044 4289 2110 4341 ’⁸ο
2317 4366 2365 4388 ἢ
2462 4307 2551 4362 59.
2587 4308 2643 4362 '0
2669 4284 2842 4380 λέγων
2970 4312 3239 4384 μοιχεύειν
3272 4284 3565 4388 μοιχεύεις.

811 4374 900 4427 40.
928 4371 1228 4428 Mendacio.
2314 4366 2367 4427 D

1161 4375 1228 4428 io-
2314 4366 2367 4427 Ῑ)
2464 4402 2554 4456 40.
2584 4366 2809 4468 Ψεῦδος.

801 4463 888 4517 4|.
921 4461 1062 4518 Nihil
1091 4474 1318 4522 rectum.

1309 4508 1318 4522 -
2464 4490 2524 4545 tt
2541 4530 2552 4544 .
2588 4493 2751 4546 Οὐδὲν
2768 4461 2957 4564 ’ὀρθόηκ

794 4553 878 4607 42.
914 4552 1239 4612 Conviciaba
1249 4556 1339 4611 ris.

1276 4556 1339 4657 is.
2461 4580 2551 4636 42.
2587 4552 2921 4657 Ἐλοιδόρεις.

795 4645 883 4700 43.
918 4645 1371 4702 Calumniabaris.

1698 4749 1706 4753 Δ
1878 4742 1906 4753 Α.
1991 4750 1999 4753 Α
2155 4744 2190 4753 __
2460 4673 2548 4729 4'5.
2584 4645 3087 4752 ‘l’suooxacqydpetc

795 4737 884 4791 44.
913 4735 1183 4793 Hactenus
1206 4740 1371 4802 enim,
1407 4749 1458 4796 te
1487 4749 1764 4810 peccante,
1800 4742 2068 4812 patienter
2096 4744 2213 4798 tuli.

2465 4764 2552 4820 44.
2593 4768 2715 4821 Ἐπὶ
2745 4735 2996 4824 τοσοέτον
3165 4735 3570 4846 αμαρτανοντός
3599 4793 3693 4832 σου
3723 4782 3955 4857 ἒμαιφο-

2392 4858 2634 4914 Marica.

797 4913 886 4967 45.
917 4912 1246 4971 Existimasti
1278 4931 1364 4972 me
1390 4916 1884 4991 hypocritanﬁesse,
1919 4919 1996 4974 uti
2026 4929 2077 4975 et
2103 4929 2159 4975 tu
2194 4935 2274 4975 es.
2392 4877 2445 4912 ω

2392 4877 2457 4912 συ
2547 4877 2634 4914 σα.

2585 4953 2890 5025 Ἐνόμισας,
2926 4957 3007 5009 ὅτι
3031 4958 3332 5031 ὑποκριτής
3356 4962 3494 5031 ειμι.
3524 4962 3601 5028 ὡς
3634 4967 3730 5020 καὶ
3751 4966 3846 5033 σύς
3878 4968 3947 5039 (4)

2393 5041 2480 5115 [σὺ
2507 5041 2633 5117 sic].

794 5112 882 5166 46.
913 5111 972 5167 In
1000 5112 1086 5168 die
1109 5114 1320 5184 judicii.

2453 5137 2541 5190 46.
2587 5139 2672 5191 Ἐν
2700 5143 2764 5210 τῇ
2793 5142 2973 5213 ἡμέρᾳ
3000 5145 3098 5215 τῆς
3126 5145 3381 5216 κρίσεως.

792 5200 881 5254 47.
909 5200 1152 5273 Cogitate
1176 5204 1306 5268 haec,
1322 5205 1415 5274 qui
1444 5221 1552 5263 non
1576 5206 1858 5264 custoditis
1875 5207 1968 5263 Dei
1993 5207 2270 5263 mandata.

2450 5228 2539 5284 4'7.
2575 5231 2820 5302 Νοήσατε
2845 5234 3016 5290 ταῦτα
3036 5275 3050 5301 ,
3091 5239 3140 5291 οἱ
3175 5239 3251 5310 μὴ
3283 5238 3653 5307 φυλάσσοντες
3681 5222 3778 5308 τας
3805 5243 3948 5298 ιντο·

2387 5317 2483 5384 λὰς
2513 5321 2604 5375 τοῦ
2634 5322 2789 5379 Θεοῦ.

827 5403 870 5436 ⁸³
900 5402 1058 5460 Rom.
1091 5421 1150 5471 ll,
1184 5405 1377 5462 20-22.

1660 5568 1965 5637 Addenda
2019 5575 2084 5632 et
2116 5569 2487 5648 corrigenda
2553 5589 2632 5640 ex
2675 5574 2816 5635 cod.
2851 5575 3047 5637 Vatic.

814 5727 864 5817 1)
900 5728 1232 5817 :liﬁnyyeilw
1260 5732 1446 5802 αὑτῷ.ἓ
2457 5748 2462 5790 1

2559 5726 2764 5817 ξξδευδος
2796 5735 3145 5809 κατηγορίας.

785 5731 864 5862 γε)
900 5731 1232 5812 ’βπηγγείλω
1260 5732 1446 5802 atrii»!
2457 5735 2531 5800 (5)
2559 5734 2652 5818 T9

811 5797 863 5859 2i
900 5799 1018 5854 ὶου.
2455 5805 2527 5872 (4)
2562 5806 2652 5857 2”“
