4174 6494
743 405 840 462 851
1356 415 1359 418 ’
1590 425 1644 482 S.
1677 427 2048 486 ATHANASII
2082 433 2227 488 OPP.
2270 435 2448 493 PARS
2485 435 2571 496 ιῖἶ,
2623 475 2681 485 -—-
2718 444 3127 504 EXEGETICA.
3868 458 3977 516 852

806 529 858 580 ὃ.
899 530 969 586 Ut
990 532 1300 603 justiﬁceris
1333 540 1386 594 in
1415 545 1758 601 sermonibus
1789 550 1916 615 tuis,

813 621 867 675 9.
898 621 964 678 Et
990 626 1173 683 vincas
1207 646 1329 684 cum
1359 632 1642 702 iudicaris.

811 712 1063 782 10.1Ecce
1082 720 1225 774 enim
1259 723 1313 776 in
1338 723 1711 794 iniquitatibus
1742 743 2036 801 conceptus
2070 751 2222 791 sum:

804 803 888 856 11.
919 803 983 858 Et
1008 807 1061 860 in
1090 813 1327 878 peccatis
1352 818 1594 885 concepit
1625 835 1711 874 me
1741 830 1916 877 mater
1946 839 2086 879 mea.

807 895 893 948 12.
928 896 1066 954 Ecce
1094 902 1235 955 enim
1260 906 1537 962 veritatem
1566 911 1836 968 dilexisti:

2322 561 2368 615 A
2469 561 2520 615 8.
2553 562 2738 625 Ὅπως
2770 563 2834 616 ἂν
2861 565 3153 637 δικαιωθῇς
3182 569 3238 622 ἐν
3263 571 3373 632 τοῖς
3403 569 3577 638 λόγοις
3608 587 3726 624 σου“

2469 652 2520 706 9.
2554 654 2663 705 Kal
2695 657 2922 728 νικήσῃς
2949 659 3006 710 ὲν
3039 659 3115 730 τῷ
3145 661 3422 731 κρίνεσθαί
3453 679 3532 714 σε.

2469 744 2553 798 10.
2605 747 2732 800 Ἰδοὺ
2762 748 2869 820 γὰρ
2891 752 2947 804 ἐν
2979 752 3229 822 ἀνομίαις
3256 754 3614 827 συνελήφθηνο

2471 838 2552 890 11.
2579 840 2687 892 Kal
2710 843 2764 893 ὲν
2786 843 3081 914 ἁμαρτίαις
3113 846 3367 916 ὲκίσσησέ
3410 864 3475 917 με
3501 850 3533 918 ἡ
3563 849 3744 920 μήτηρ
3774 867 3897 920 μου.

2471 929 2556 982 12.
2600 932 2727 984 Ἰδοὺ
2760 933 2867 1004 γὰρ
2896 935 3153 1005 ἀλήθειαν
3176 939 3485 1009 ἠγάπησας·

2469 1023 2558 1076 15.
2589 1024 2668 1076 Τὰ
2693 1025 2861 1097 ἄδηλα
2884 1030 2975 1080 καὶ
2996 1028 3062 1080 τὰ
3087 1027 3292 1098 κρύφια
3316 1030 3414 1100 τῆς
3436 1029 3627 1098 σοφίας
3651 1048 3743 1084 σου
3767 1032 3964 1104 ἐδήλω-

2397 1115 2495 1178 σάς
2529 1132 2636 1185 μοι.

2466 1209 2550 1261 Μ.
2599 1209 2860 1272 Ῥαντιεῖς
2892 1229 2958 1281 με
2982 1213 3236 1284 ὑσσώπῳ,
3279 1213 3372 1266 καὶ
3401 1213 3895 1288 καθαρισθήσομαιο

2466 1298 2552 1351 15.
2587 1300 2810 1366 Πλυνεῖς
2841 1321 2929 1372 με,
2969 1304 3064 1356 καὶ
3098 1304 3238 1375 ὑπὲρ
3266 1304 3418 1374 χιόνα
3437 1303 3895 1374 λευκανθήσομαι.

2463 1392 2551 1446 16.
2598 1394 2888 1458 Ἀκουτιείς
2920 1414 3009 1465 μοι
3042 1395 3361 1463 ἁγαλλίασιν
3393 1396 3487 1448 καὶ
3511 1395 3868 1468 εὐφροσύνην

2461 1484 2547 1544 17,
2597 1485 3029 1553 Ἀγαλλιάσονται
3058 1486 3217 1539 ὀστέα
3240 1485 3698 1557 τεταπεινωμένα.

2463 1576 2545 1631 18.
2584 1578 2945 1648 Ἀπόστρεψον
2971 1579 3034 1630 τὸ
3065 1579 3352 1650 πρόσωπόν
3382 1595 3473 1632 σου
3503 1578 3611 1632 ἀπὺ
3646 1579 3754 1630 τῶν
3788 1579 3968 1649 ἁμαρ-

2386 1670 2517 1722 τιῶν
2543 1685 2663 1740 μου⁶

2461 1763 2544 1816 19.
2572 1762 2684 1816 Kal
2719 1763 2894 1826 πάσας
2923 1762 3020 1824 τὰς
3041 1762 3266 1832 ἀνομίας
3294 1780 3394 1833 μου
3427 1755 3725 1832 tantum.

2456 1856 2545 1909 20.
2574 1855 2816 1926 Καρδίαν
2847 1853 3092 1926 καθαρὰν
3120 1856 3304 1907 κτίσον
3327 1857 3384 1909 ὲν
3409 1853 3550 1926 ἐμοὶ,
3579 1857 3608 1908 ὁ
3635 1855 3767 1917 Θεός

808 987 892 1040 15.
926 986 1131 1045 Incerta
1164 1003 1215 1047 et
1242 997 1451 1052 occulta
1481 1003 1758 1071 sapientia:
1801 1017 1904 1065 tuae
1937 1003 2295 1073 manifestasti

801 1170 886 1222 11.
919 1172 1181 1246 Asperges
1211 1194 1296 1234 me
1333 1182 1566 1252 byssopo
1591 1196 1644 1240 et
1677 1191 2009 1248 mundabor:

800 1261 884 1314 15.
922 1262 1149 1322 Lavabis
1177 1285 1283 1334 me,
1317 1283 1371 1326 et
1399 1290 1561 1344 super
1591 1279 1766 1335 nivem
1796 1283 2107 1342 dealbabor.

800 1351 882 1405 16.
913 1356 1132 1413 Auditui
1169 1376 1291 1415 meo
1321 1365 1474 1422 dabis
1500 1372 1755 1437 gaudium
1785 1383 1841 1430 et
1867 1377 2104 1432 laetitiam

803 1442 884 1499 17.
916 1444 1276 1506 Exsultabunt
1316 1471 1438 1512 ossa
1471 1461 1772 1520 humiliata.

799 1536 879 1592 18.
916 1539 1109 1596 Averte
1136 1544 1326 1600 faciem
1361 1560 1506 1605 tuam
1541 1570 1569 1608 a
1606 1559 1845 1623 peccatis
1878 1563 2044 1617 meis:

796 1629 882 1683 19.
921 1630 985 1686 Et
1010 1649 1198 1691 omnes
1231 1641 1546 1710 iniquitates
1581 1663 1730 1704 meas
1759 1652 1894 1705 dele.

793 1805 878 1861 20.
910 1807 1015 1864 Cor
1039 1816 1297 1870 mundutn
1324 1835 1445 1875 crea
1476 1823 1526 1876 in
1555 1840 1658 1891 tne,
1691 1826 1864 1884 Deus;

799 1895 885 1950 21.
926 1897 990 1953 Et
1051 1904 1302 1971 spiritum
1365 1920 1568 1968 rectum
1623 1918 1818 1973 innova
1874 1921 1927 1974 in
1988 1923 2286 1980 visceribus
2318 1915 2360 1970 Β

2460 1895 2545 1909 ⁴¹ν⁶
2575 1895 2814 1926 ⁵⁸⁹¹Ὶ¹νδ¹⁶⁵⁷
2849 1895 3090 1926 ηυδνν¹ιθνδ⁷
3124 1895 3302 1907 η”“ν’
3327 1895 3382 1909 *⁷
3410 1895 3550 1926 *πίννη
3580 1895 3608 1908 ν
3639 1895 3764 1917 νννὶ

2318 1915 2360 1970 Β
2455 1946 2545 2000 21.
2579 1947 2687 1998 Kal
2748 1945 2962 2016 πνεῦμα
3010 1945 3163 2009 εὑθὲς
3205 1946 3508 2014 ὲγκαίνισον
3549 1948 3606 2000 ὲν
3653 1948 3766 2010 τοῖς
3799 1945 3963 2014 ὲγκὰ-

725 2001 880 2043 111Ε15.

2389 2055 2498 2092 τοις
2530 2055 2649 2092 μου.

2389 2055 2437 2089 τε

789 2101 878 2157 22.
911 2101 987 2157 Ne
1020 2108 1275 2174 projicias
1310 2126 1396 2166 me
1431 2130 1458 2166 a
1491 2113 1628 2170 facie
1653 2127 1742 2172 tua
1770 2138 1781 2172 :

2397 2055 2666 2200 ﬁgi?
2690 2129 3000 2201 ἁπορῤίψῃς
3034 2145 3101 2200 με
3127 2128 3234 2182 ἀπὸ
3261 2128 3354 2181 τοῦ
3396 2127 3683 2199 προσώπου
3709 2144 3824 2180 σου·

788 2191 878 2247 25.
907 2192 972 2247 Ει
1007 2196 1266 2264 Spiritum
1292 2212 1546 2258 sanctum
1581 2215 1733 2262 tuum
1763 2226 1829 2264 ne
1861 2214 2078 2271 auferas
2117 2233 2148 2273 a
2182 2234 2285 2274 me.

2458 2220 2548 2273 25.
2580 2191 2690 2274 Kal
2715 2221 2775 2274 τὺ
3078 2237 3168 2274 σου
3221 2221 3281 2274 τὸ
3337 2191 3491 2288 ἆγιον
3531 2221 3605 2292 μὴ
3665 2219 3962 2288 ἁντανέλῃς

2427 2315 2483 2363 π’
2507 2311 2661 2365 ἐμοῦ.

786 2379 875 2432 21.
909 2379 1089 2436 Redde
1111 2383 1242 2438 milii
1269 2386 1503 2443 lmtitiam
1534 2393 1788 2451 salutaris
1818 2400 1892 2454 tui
1917 2419 1928 2452 :
2388 2312 2434 2364 ἀγ

2388 2312 2810 2466 ἀπ2ιξξιῗλι1πόδος
2846 2419 2934 2472 μοι
2967 2404 3066 2470 τὴν
3089 2402 3405 2471 ἀγαλλίασιν
3431 2401 3524 2454 τοῦ
3553 2401 3819 2472 σωτηρίου
3845 2415 3958 2453 σου·

787 2475 877 2531 25.
911 2473 976 2530 Et
1007 2475 1210 2546 Spiritu
1237 2481 1521 2552 principali
1554 2486 1812 2544 conﬁrma
1841 2506 1943 2546 me.

2460 2494 2550 2548 25.
2582 2495 2694 2548 Kal
2726 2493 3001 2564 Πνεύματι
3023 2493 3332 2564 ’ἡγεμονικῷ
3364 2493 3611 2565 στήριξόν
3640 2509 3725 2563 με.

1833 2669 2207 2726 ATHANASII
2242 2670 2828 2728 INTEBPRETATIO.

785 2814 837 2876 8,
869 2815 917 2867 9.
958 2814 1224 2881 Quoniam
1271 2822 1566 2889 praedixisti
1611 2823 1786 2886 nobis,
1811 2826 1957 2894 quod
2001 2834 2281 2894 peccatum

2455 2827 2507 2888 8,
2537 2826 2590 2879 9.
2624 2825 2700 2895 (1)
2731 2825 2854 2877 ’Ότι
2883 2826 3141 2895 προεῖπες
3173 2825 3322 2894 ἡμῖν,
3365 2824 3448 2877 ὅτι
3498 2824 3532 2893 ἡ
3588 2823 3834 2894 ἁμαρτία
3867 2824 3957 2880 θά-

716 2922 862 2961 mors
890 2918 991 2971 est,
1029 2918 1082 2962 et
1131 2912 1514 2967 inexcusabilis
1561 2922 1647 2968 est
1672 2916 1851 2971 omnis
1894 2917 2056 2971 homo
2098 2933 2282 2972 coram

2384 2917 2540 2980 νατός
2572 2919 2709 2981 ἐστι,
2753 2915 2847 2969 κα)⁸
2911 2915 3309 2985 ἁναπολόγητός
3358 2917 3474 2969 ἐστι
3517 2914 3627 2977 πᾶς
3675 2914 3957 2984 ἄνθρωπος

716 3009 784 3053 te.

2383 3008 2612 3062 ἐνώπιόν
2650 3026 2762 3064 σου.

789 3091 874 3144 10.
905 3090 1041 3146 Ecce
1071 3093 1215 3146 enim
1243 3093 1297 3145 in
1323 3094 1720 3163 iniquitatibus,
1750 3113 1884 3167 quas
1915 3098 2037 3167 feci,
2063 3101 2282 3155 conclu-

2454 3101 2541 3156 10.
2571 3102 2701 3155 Ἰδοὺ
2727 3102 2833 3172 γὰρ
2860 3103 2918 3155 ἐν
2934 3099 3205 3169 ἀνομίαις,
3225 3099 3290 3163 ἃς
3307 3096 3513 3170 ἔπραξα
3536 3097 3956 3167 συγκεκλεισμές

716 3201 808 3235 SIIS
840 3199 981 3236 δίκη.
2305 3235 2349 3293 C

784 3275 834 3293 ιι
899 3272 956 3293 η.
998 3289 1106 3293 -.-νη
1361 3277 1370 3287 ι
1625 3278 1659 3293 ,ο
1924 3282 1952 3293 ,ν
2134 3282 2146 3293 .

2305 3235 2349 3293 C
2381 3211 2471 3258 νος
2503 3195 2637 3264 είμί.

781 3275 865 3326 11.
899 3272 962 3324 Et
991 3289 1112 3327 cum
1142 3290 1315 3330 essem
1358 3277 1412 3331 in
1457 3278 1692 3347 peccatis
1726 3282 1963 3349 suscepit
2004 3296 2089 3336 me
2133 3282 2280 3336 lava-
2306 3272 2349 3293 ν

2306 3272 2349 3293 υ
2454 3287 2542 3341 11.
2577 3286 2687 3339 Kal
2728 3287 2784 3338 ὲν
2809 3285 3246 3358 ταίςζὰμαρτίαις
3286 3286 3416 3339 ὅντα
3474 3301 3542 3354 με
3593 3281 3852 3337 συνέλαεέ
3889 3298 3953 3353 με

717 3381 887 3417 (⁵1³11111.

2380 3379 2415 3450 ἡ
2436 3377 2808 3450 κολυμϐήθρα.

791 3458 870 3510 12,
900 3458 1036 3511 Ecce
1069 3445 1212 3511 enim
1245 3474 1329 3512 me
1359 3459 1573 3513 Satanae
1597 3462 1994 3518 renuntiantem
2026 3467 2243 3522 amasti.

2403 3445 2414 3450 ν
2452 3467 2539 3521 12.
2572 3445 2855 3540 Ἶδόθγάρ
2886 3464 3296 3538 ἁποταξάμενόν
3350 3482 3417 3536 με
3453 3464 3531 3535 τῷ
3579 3465 3793 3534 Σατανᾷ
3820 3466 3953 3534 ἠγά-

2382 3575 2585 3630 πησας.

791 3639 872 3692 15.
903 3639 964 3692 Et
994 3639 1297 3707 symbolum
1331 3640 1454 3695 [dei
1483 3650 1704 3696 tuae‘me
1733 3643 1986 3699 docuisti.

2452 3650 2537 3704 15.
2571 3651 2680 3704 Kal
2704 3650 2766 3704 τὸ
2800 3649 3063 3721 σύμϐολον
3093 3649 3166 3720 (2)
3221 3650 3320 3720 τῆς
3350 3646 3584 3712 πίστεώς
3636 3664 3732 3700 σου
3781 3646 3951 3700 ἐδίδα-

2382 3741 2476 3807 ξάς
2502 3759 2591 3810 με·

789 3817 871 3869 14.
907 3819 1171 3886 Aspcrges
1200 3832 1286 3871 me
1307 3832 1405 3888 per
1430 3817 1696 3889 Spiritum
1740 3828 1986 3876 sanctum
2020 3821 2282 3890 sanguine

2452 3834 2539 3888 14.
2584 3835 2846 3898 Ῥαντιεῐς
2869 3851 2935 3904 με
2960 3832 3036 3903 τῷ
3059 3833 3195 3904 ἁγίῳ
3211 3834 3486 3904 Πνεὺματι
3510 3833 3572 3886 τὸ
3596 3827 3737 3904 αἷμα
3771 3835 3845 3903 (3)
3862 3833 3950 3886 τοῦ

719 3909 833 3962 1³ἱέἰὶ
866 3909 963 3970 tui,
989 3919 1039 3961 et
1067 3909 1424 3966 emundabor.

2380 3925 2509 3978 Υίοῦ
2546 3943 2660 3991 σου,
2698 3927 2790 3979 καὶ
2823 3925 3316 3997 καθαρισθήσομαι.

793 4003 875 4055 15.
917 4002 981 4054 Et
1010 4017 1147 4070 aqua
1182 4002 1365 4058 lateris
1396 4005 1472 4058 tui
1504 4007 1766 4061 mundum
1800 4020 1888 4060 me
1913 4013 1969 4060 et
2017 4005 2282 4063 immacu-

2450 4017 2535 4071 15.
2562 4017 2672 4071 Kal
2691 4018 2768 4089 τῷ
2792 4017 2944 4072 ὕδατι
2966 4018 3042 4088 τῷ
3079 4020 3142 4070 ἐκ
3168 4018 3266 4088 τῆς
3295 4017 3532 4088 πλευρᾶς
3581 4031 3674 4068 σου
3729 4016 3950 4069 ἄσπιλον

717 4095 881 4146 lutum
913 4092 1122 4144 reddes.

2379 4108 2474 4161 καὶ
2506 4111 2733 4180 ἄμωμον
2765 4110 3058 4175 ἀναδείξεις
3090 4128 3175 4180 με.

788 4185 871 4236 16.
911 4184 971 4237 Et
997 4188 1210 4237 demum
1241 4182 1461 4238 docebis
1487 4198 1571 4239 me
1595 4197 1858 4255 precepta
1884 4192 2001 4243 tua.

2453 4198 2540 4253 16.
2576 4199 2684 4252 Kal
2707 4199 2890 4252 λοιπὸν
2918 4199 3146 4262 διδάξεις
3173 4216 3237 4269 με
3268 4198 3364 4261 τὰς
3384 4197 3600 4262 ἐντολάς
3625 4214 3741 4252 σου.

793 4277 876 4328 17.
911 4276 1210 4330 Exsultabit
1233 4274 1493 4330 fortitudo
1515 4277 1709 4332 anima:
1731 4293 1882 4342 meae,
1910 4279 1979 4334 ob
2003 4293 2279 4350 peccatum

2452 4291 2538 4343 17.
2588 4288 2994 4357 Ἀγαλλιάσεται
3054 4292 3087 4360 ἡ
3154 4290 3304 4358 ίσχὺς
3348 4290 3447 4358 τῆς
3476 4289 3656 4362 ψυχῆς
3683 4289 3951 4360 μου,ήτὸ

718 4380 872 4422 antea
907 4370 1135 4421 infirma.

2383 4384 2642 4455 πρότερον
2662 4383 2765 4436 ὑπὸ
2786 4383 2884 4453 τῆς
2911 4384 3177 4454 ἁμαρτίας
3205 4382 3521 4436 ἀσθενοῦσα.

696 4513 708 4527 η
792 4460 875 4512 18.
911 4459 1174 4528 Deprecor
1207 4476 1274 4529 te,
1305 4481 1372 4520 ne
1402 4465 1632 4535 amplius
1659 4481 1845 4522 eorum
1871 4469 2173 4524 recorderis

1979 4469 2173 4524 )rderis
2454 4475 2538 4529 18.
2570 4474 2768 4544 Δέομαί
2793 4491 2904 4528 σουο
2945 4474 3018 4545 μὴ
3051 4473 3289 4544 μνησθῇς
3311 4475 3490 4528 αὐτῶν
3528 4476 3627 4531 ἔτι.

790 4555 872 4604 10.
911 4553 1013 4608 Eas
1041 4572 1229 4611 omnes
1255 4558 1394 4612 dele.
2312 4579 2357 4634 D

2312 4579 2357 4634 Ι)
2455 4567 2541 4620 19.
2571 4564 2736 4627 Ὅλας
2768 4564 2935 4628 αὐτὰς
2957 4565 3212 4632 ἀφάνισον
3244 4564 3340 4635 (4).

784 4643 869 4695 20.
899 4645 1004 4698 Cor
1035 4662 1209 4700 meum
1239 4649 1291 4703 in
1322 4649 1641 4720 baptismate
1669 4670 1861 4724 purum
1895 4656 2060 4712 ellice.

2447 4655 2535 4710 20.
2586 4654 2781 4727 Ἀγνὴν
2836 4655 3060 4728 ποίησον
3105 4656 3162 4708 ἐν
3217 4656 3398 4728 (5)τῷ
3465 4656 3800 4728 βαπτίσματι
3855 4659 3947 4731 τὴν

2380 4747 2600 4817 καρδίαν
2641 4764 2761 4816 μου.

788 4825 874 4878 21.
903 4824 966 4878 Ει
986 4825 1068 4881 l‘ac
1085 4837 1141 4880 ut
1158 4827 1391 4898 Spiritus
1414 4843 1634 4891 sanctus
1653 4845 1776 4891 tuus
1801 4839 1998 4893 habitet
2022 4841 2072 4895 in
2098 4843 2276 4897 anima

2452 4838 2542 4891 21.
2571 4838 2680 4890 Kal
2709 4838 2770 4889 τὸ
2801 4838 3025 4908 Πνεῦμά
3051 4855 3143 4891 σου
3172 4837 3232 4891 τὸ
3273 4837 3426 4904 ἅγιον
3481 4840 3705 4892 ἐνοικεῖν
3734 4841 3945 4912 ποίησον

720 4936 835 4973 mea
867 4931 917 4974 et
944 4921 993 4973 in
1027 4933 1201 4976 mente
1231 4939 1370 4978 mea.

2387 4930 2442 4981 ὲν
2471 4931 2532 4998 τῇ
2563 4928 2708 4999 ψυχῇ
2734 4945 2832 4998 μου
2861 4929 2955 4980 καὶ
2976 4930 3032 4979 ὲν
3056 4931 3120 4998 τῇ
3152 4928 3356 4999 διανοίᾳ
3384 4947 3503 4996 μου.

789 5011 873 5064 22.
909 5011 984 5065 Ne
1016 5013 1293 5082 indignum
1331 5031 1416 5070 me
1449 5027 1662 5088 reputes
1691 5026 1860 5091 gratia
1884 5031 1996 5076 tua.

2457 5019 2543 5072 22.
2575 5021 2663 5090 Μὴ
2701 5020 2915 5084 ἀνάξιόν
2943 5037 3005 5091 με
3029 5022 3207 5092 ἡγήσῃ
3230 5020 3330 5090 τῆς
3359 5021 3576 5093 χάριτός
3601 5039 3713 5077 σου.

788 5102 872 5152 25.
912 5103 1142 5155 Arrliam
1173 5104 1498 5173 adoptionis.

2457 5112 2544 5165 25.
2576 5113 2677 5164 Τὸν
2708 5113 3001 5183 ἀρῤαὸῶνα
3029 5113 3127 5181 τῆς
3156 5113 3444 5176 υἱοθεσίας.

790 5192 876 5243 21.
909 5193 1179 5265 Consigna
1211 5209 1295 5249 mc
1331 5197 1484 5267 signo
1515 5196 1747 5266 Spiritus
1783 5204 1881 5253 tui.

2454 5200 2542 5253 2-1.
2573 5202 2874 5271 Σφράγισόν
2911 5219 2977 5272 με
3007 5205 3072 5272 τῇ
3096 5203 3344 5273 σφραγῖδι
3373 5203 3467 5256 τοῦ
3496 5205 3808 5275 Πνεῦματός
3837 5223 3939 5258 σου.

789 5280 875 5331 25.
908 5281 968 5331 Et
998 5292 1185 5338 sancto
1219 5285 1422 5355 Spiritu
1454 5290 1522 5343 ob
1554 5291 1888 5346 divinitatem
1923 5296 2277 5365 omnipotenti

2455 5294 2543 5347 25.
2568 5296 2676 5347 Kal
2692 5295 2767 5363 τῷ
2790 5295 2927 5365 ἁγίῳ
2967 5295 3238 5366 Πνεύματι
3271 5296 3349 5348 τῶ
3402 5299 3468 5356 τῆ
3531 5298 3748 5368 θεότητι
3801 5297 3943 5350 αὑτο-

717 5369 960 5424 conforta
989 5389 1088 5426 me.

2385 5386 2690 5459 κρατορικῷ
2719 5390 2794 5456 (li)
2823 5389 3134 5441 δυνάιιωσόν
3169 5406 3253 5459 με.

1660 5539 1968 5604 Addenda
2009 5551 2068 5604 et
2099 5545 2475 5623 corrigenda
2521 5562 2598 5605 ex
2655 5544 2794 5604 cod.
2855 5545 3052 5604 Vatic.

893 5712 953 5787 ἐι.
985 5695 1038 5787 8ἑ
1079 5699 1218 5779 ”ρτι,
1255 5709 1379 5763 etc,
1409 5719 1458 5756 η.
1490 5704 1537 5758 9.
1570 5703 1673 5757 Καὶ
1703 5705 2120 5777 ἀναπολόγητος,
2151 5719 2250 5765 etc.
2567 5709 2812 5787 ςλλφανεῐς
2841 5709 3079 5778 ποίησον.

791 5765 866 5824 ('2)
893 5765 1207 5832 Σύμϐου).ον.
1949 5765 1959 5776 ’
1998 5765 2005 5777 ’
2082 5765 2118 5776 Η

1291 5841 1311 5848 _
1949 5765 1959 5776 '
1998 5765 2005 5777 '
2082 5765 2118 5776 "
2450 5765 2526 5848 (si
2567 5765 2664 5829 ‘I«:£-
2699 5765 2865 5832 deest.

797 5836 866 5903 (ὅ)
899 5837 984 5909 Τῷ
1008 5839 1199 5908 αἱματι
1226 5841 1337 5908 τοῦ,
1369 5853 1466 5897 etc.
2573 5849 2730 5919 Ἀγίῳ
2764 5867 2916 5904 που...
2955 5855 3441 5928 αὐτοκρατορικῶς.
