4174 6490
696 417 799 473 855
1539 427 1596 482 S.
1636 428 2003 484 ATHANASII
2044 430 2193 486 ΟΡΡ.
2237 430 2344 484 PM

2291 430 2416 486 ARS
2455 430 2542 486 111.
2582 461 2652 472 -
2688 432 3094 490 EXEGE’I‘ICA.
3840 437 3939 494 856

697 534 763 590 In
791 539 968 607 ﬁnem,
1002 543 1286 597 intellectus
1321 544 1506 607 David,
1531 563 1648 599 enm
1671 549 1806 601 venit
1829 549 1962 601 Doec
1995 547 2263 603 Idnma'us
2293 554 2340 612 Α

2293 554 2340 612 Α
2371 551 2474 614 Εἰς
2499 549 2564 601 τὸ
2599 550 2790 615 τέλος,
2840 552 3147 616 συνέσεως
3172 549 3250 616 τῷ
3282 554 3477 616 Δαϐὶδ,
3511 554 3580 607 ἐν
3613 555 3693 620 τῷ
3738 558 3937 612 ἐλθεῖν

766 638 814 682 et
846 633 1174 685 annuntiavit
1215 632 1390 698 Sauli,
1432 643 1482 688 et
1508 635 1644 689 dixit
1670 638 1718 690 ei
1745 653 1763 690 :
1807 636 1950 692 Venit
1993 637 2162 692 David
2212 641 2268 691 in

2439 640 2603 708 Δωὴκ
2620 640 2726 694 τὸν
2754 642 3098 710 Ἰδουμαῖον,
3123 645 3220 699 καὶ
3239 645 3580 714 ἀναγγεῖλαι
3605 647 3685 710 τῷ
3713 649 3931 712 Σαοὺλ,

762 721 976 777 domum
999 724 1314 779 Abimeleclt.
1354 724 1549 780 PSAL.
1572 727 1649 780 LI

2442 732 2744 785 καὶεὶπεῖν
2772 733 2964 798 αὐτῷ’
2996 730 3179 790 ἾΙλθε
3225 736 3403 788 Δαϐὶδ
3454 739 3541 802 εἰς
3580 734 3747 792 οἷκον
3788 740 3934 794 Ἀϐι-

2433 823 2640 890 μέλεχ.
2688 827 2833 877 ΨΛΛ
2844 863 2856 877 .
2892 825 3002 878 NA'
3013 867 3024 878 .

767 895 818 954 1.
850 896 992 965 Quid
1023 900 1285 970 gloriatur
1317 903 1370 954 in
1401 902 1633 960 malitia.

1592 919 1633 960 ι.
2436 916 2486 970 1.
2519 914 2595 979 (α)
2627 915 2690 967 Τί
2719 917 2962 987 ἐγκαυχᾷ
2998 917 3054 968 ἐν
3077 917 3240 988 κακίᾳ

761 987 815 1040 2.
854 987 1051 1044 Potens
1087 991 1138 1044 in
1176 993 1462 1060 iniquitate
1489 1002 1600 1048 tota
1633 994 1758 1049 die?

2435 1005 2488 1057 2.
2529 1005 2585 1055 '0
2628 1005 2849 1069 δυνατὸς
2875 1007 3102 1075 ἀνομίαν
3131 987 3258 1078 ὅλην
3285 1010 3383 1079 τὴν
3407 1009 3617 1080 ἡμέραν
3638 1051 3650 1075 ,

761 1078 813 1132 3.
843 1079 1166 1149 lnjustitiam
1199 1086 1456 1153 cogitavit
1480 1086 1662 1156 lingua
1693 1096 1818 1140 tua:

2441 1096 2493 1149 5.
2542 1097 2779 1150 ’Λδικίαν
2816 1098 3093 1166 ἐλογίσατο
3118 1101 3150 1169 ἡ
3180 1078 3399 1167 γλῶσσά
3429 1118 3520 1154 σου

764 1170 818 1220 ι.
849 1169 997 1226 Sicut
1031 1176 1290 1228 novacula
1319 1185 1475 1230 acuta
1502 1176 1676 1232 fecisti
1702 1179 1908 1233 dolum.

2434 1188 2487 1241 4.
2533 1187 2677 1241 Ὠσεὶ
2713 1189 2869 1260 ξυρὸν
2895 1190 3226 1261 ἠκονημένον
3252 1193 3508 1263 ἐποίησας
3538 1194 3702 1248 δόλον.

764 1260 817 1313 ii.
853 1259 1097 1316 Dilexisti
1129 1266 1388 1322 malitiam
1422 1284 1584 1338 super
1609 1270 1996 1340 benignitatem
2033 1290 2046 1325 :

2033 1290 2046 1325 :
2438 1279 2490 1330 ις.
2543 1281 2863 1351 Ἥγάπησας
2902 1281 3098 1336 κακίαν
3130 1284 3266 1355 ὑπὲρ
3294 1286 3681 1356 ἀγαΟωσύνην·

764 1352 815 1406 6.
851 1352 1188 1424 lniquitatem
1216 1362 1409 1430 magis,
1438 1377 1600 1431 quam
1628 1363 1772 1433 loqui
1803 1365 2134 1433 :equitatem.

2027 1379 2134 1416 em.
2443 1365 2492 1418 6,
2541 1368 2776 1422 ’Λδικίαν
2812 1371 2948 1440 ὑπὲρ
2973 1372 3032 1422 τὸ
3057 1371 3279 1443 λαλῆσαι
3311 1375 3675 1447 δικαιοσύνην.

761 1449 806 1504 7.
838 1450 1080 1508 Dilexisti
1108 1457 1290 1510 omnia
1320 1458 1479 1512 verba
1516 1460 1988 1528 praecipitationis,
2021 1459 2260 1527 linguam

2439 1455 2488 1508 7.
2536 1457 2854 1528 ἸΙγάπησας
2884 1461 3057 1513 πάντα
3089 1462 3156 1514 τά
3207 1465 3424 1534 ῥήματα
3470 1469 3926 1540 κατατυοντισμοῦ,

691 1539 964 1597 dolosam.

2365 1545 2612 1613 γλῶσσαν
2640 1548 2835 1604 δολίαν,

763 1625 815 1680 8.
846 1626 1070 1699 Propter
1099 1633 1201 1686 hoc.
1229 1635 1369 1691 Dens
1396 1632 1642 1692 destruet
1665 1647 1716 1693 te
1739 1640 1794 1693 in
1823 1640 1982 1693 linem
2006 1656 2018 1690 :

2006 1656 2018 1690 ε
2436 1638 2489 1691 8.
2528 1641 2625 1693 Διὰ
2651 1641 2806 1694 τοῦτο
2838 1647 2865 1695 ὁ
2889 1644 3020 1709 Θεὸς
3039 1647 3253 1701 καθέλοι
3286 1667 3343 1702 σε
3374 1653 3452 1715 εἰς
3473 1652 3647 1715 τέλος·

765 1716 815 1771 9.
847 1717 1048 1776 Evcllet
1084 1732 1134 1777 te
1165 1733 1218 1778 et
1246 1729 1514 1796 emigrare
1549 1728 1707 1784 faciet
1742 1737 1792 1784 te
1820 1730 1886 1783 de
1913 1730 2264 1784 tabernaculo

2436 1732 2488 1784 9.
2531 1732 2763 1786 Ἐκτίλαι
2797 1751 2853 1787 σε
2895 1738 2987 1789 καὶ
3017 1742 3443 1808 μεταναστεύσαι
3473 1760 3530 1796 σε
3576 1744 3685 1797 ἀπὸ
3721 1741 3925 1816 σκηνῶ-

689 1815 785 1862 tuo
803 1824 817 1861 :

2369 1822 2534 1890 ματὸς
2565 1838 2683 1889 σου·

765 1899 850 1953 10.
880 1897 944 1952 Et
973 1897 1209 1953 radicem
1245 1909 1391 1954 tuam
1426 1903 1492 1956 de
1521 1912 1664 1957 terra
1695 1904 2014 1962 viventium.
2294 1909 2337 1963 Β

1957 1924 2014 1962 n.
2294 1909 2337 1963 B
2437 1917 2520 1969 10.
2551 1916 2660 1968 Καὶ
2691 1916 2751 1966 τὸ
2778 1917 2994 1987 ρίξωμά
3031 1936 3123 1971 σου
3158 1923 3220 1973 ὲκ
3245 1925 3346 1994 γῆς
3373 1924 3605 1988 ζώντων.

765 1991 849 2046 il.
881 1991 1145 2048 Videbunt
1167 1994 1299 2064 justi
1327 2004 1381 2049 et
1415 1997 1681 2051 timebunt
1708 2015 1722 2052 :

2432 2005 2518 2059 11.
2547 2005 2805 2075 Ὄψονται
2827 2008 3044 2071 δίκαιοι,
3073 2011 3163 2064 καὶ
3198 1991 3617 2087 φοϐηθήσονται·

759 2123 835 2190 (a)
869 2121 932 2178 V.
969 2125 1020 2176 1.
1061 2126 1144 2188 Τί,
1167 2135 1294 2189 cic.,
1317 2129 1374 2178 ἐν
1405 2128 1568 2198 κακία
1593 2131 1621 2180 ὁ
1647 2128 1886 2194 δυνατός.
1926 2131 1986 2186 V.
2013 2136 2066 2196 9.,
2104 2135 2155 2187 5.
2190 2135 2335 2206 ’Λνομ

687 2193 1050 2245 δικαιοσύνην.

2278 2137 2458 2206 ομίαν,
2487 2147 2615 2203 em,
2644 2136 2707 2194 ν,
2738 2139 2791 2205 5,
2811 2142 2861 2194 6.
2892 2141 3228 2215 ’Hw'trcrpag,
3259 2156 3388 2211 etc..,
3419 2149 3558 2203 ὑπὲο
3579 2153 3673 2205 τοῦ
3699 2155 3923 2225 λαλῆσαι

721 2209 1050 2266 ικαιοσυνην.

1805 2295 2177 2350 ATIlANASIl
2217 2297 2796 2354 INTERPRETATIO.

770 2400 831 2453 Ἡ
856 2404 1183 2476 προκειμένη
1216 2406 1494 2478 ἐπιγραψὴ
1526 2409 1765 2477 περιέχει
1801 2410 1875 2478 (Ι)
1897 2427 1908 2437 °
1961 2414 2066 2476 Εἰς
2105 2411 2170 2464 τὸ
2202 2413 2376 2476 τέλος
2418 2413 2726 2478 συνέσεως
2772 2414 2851 2477 τῷ
2903 2416 3099 2478 Δαϐὶδ,
3131 2419 3187 2470 ἐν
3215 2419 3291 2489 τῷ
3326 2421 3497 2474 ὲλοεῖν
3533 2424 3609 2492 (2)
3648 2427 3805 2496 Δωῆκ
3836 2432 3924 2483 τὸν

699 2490 1011 2565 Ἰδουμαῖον,
1046 2497 1138 2550 καὶ
1171 2500 1484 2567 ἀναγγεῖλαι
1522 2501 1597 2569 τῷ
1627 2501 1818 2564 Σαοὺλ,
1849 2503 1942 2556 καὶ
1977 2507 2151 2557 εἰπεῖν
2184 2507 2261 2574 l5)
2294 2507 2442 2578 αὖτῷ
2466 2524 2480 2536 ·
2516 2504 2684 2561 Ἷίλοε
2737 2508 2899 2560 Δαϐὶδ
2956 2511 3033 2572 εἰς
3067 2511 3159 2563 τὸν
3213 2507 3357 2565 οἷκον
3403 2515 3703 2588 “(iiut-ilex.
3758 2522 3926 2575 Τοῦτο

686 2587 783 2644 οὖν
817 2590 983 2660 λέγει,
1017 2594 1143 2646 ὅταν
1176 2612 1256 2658 τις
1273 2596 1379 2647 ἀπὸ
1409 2596 1508 2665 τῆς
1537 2598 1807 2667 ἁμαρτίας
1848 2599 1938 2651 ἑπί
1963 2601 2104 2652 τέλει
2129 2601 2203 2671 (ι)
2233 2604 2310 2665 εἰς
2347 2603 2560 2656 σύνεσιν
2587 2603 2716 2675 ἔλθῃ
2747 2603 2840 2656 τοῦ
2867 2604 3094 2671 ἀγαθοῦ,
3132 2606 3250 2658 τότε
3291 2609 3345 2659 αἱ
3395 2609 3468 2676 (5)
3504 2611 3742 2666 ἐναντίαι
3764 2615 3922 2669 δυνά-

691 2703 811 2755 μεις
847 2688 1298 2758 συμΰουλεύονται
1348 2692 1484 2762 μετὰ
1513 2693 1606 2744 τοῦ
1639 2693 1884 2748 διαϐόλου
1913 2697 1972 2747 τὸ
2034 2698 2147 2759 πῶς
2182 2698 2550 2752 ἀποϐλέπουσι
2587 2699 2660 2770 (0)
2699 2699 3112 2771 [ἀποϐάλλωσι]
3157 2702 3245 2753 τὸν
3289 2703 3702 2774 ἐπιστρέφοντα.
3753 2709 3927 2761 Δαόὶδ

688 2783 796 2853 γὰρ
822 2785 1175 2854 ἑρμηνεύεται
1206 2784 1381 2852 οὗτος
1407 2790 1731 2857 ἀγαπητὸς,
1760 2793 2038 2845 τουτέστιν
2069 2796 2100 2846 o’
2128 2794 2521 2862 ἐπιστρέφων.
2557 2796 2715 2866 Δωὴκ
2740 2795 2796 2846 δὲ
2827 2797 2855 2847 ὁ
2897 2795 3190 2863 Ἰδουμαῖος
3216 2796 3574 2866 ἑρμηνεύεται
3599 2803 3926 2867 πειρασμὸς

685 2880 1001 2944 ἐκλείπων,
1031 2883 1165 2953 ὅπερ
1198 2885 1336 2938 εἰσὶν
1373 2888 1432 2938 αἱ
1459 2886 1725 2939 ἐναντίαι
1761 2888 2069 2956 δυνάμεις.
2099 2888 2270 2941 Σαοὺλ
2295 2889 2353 2940 δὲ
2377 2889 2735 2960 ἑρμηνεύεται
2767 2890 3006 2956 αἰτητός
3042 2888 3316 2960 [αἰτητής]
3341 2908 3354 2923 ·
3385 2892 3528 2962 λέγω
3578 2893 3643 2964 δὴ
3677 2897 3709 2947 ό
3731 2894 3924 2947 διάϐο-

688 2980 815 3040 .loc,
850 2978 878 3029 ὁ
905 2979 1110 3041 πάντας
1153 2982 1279 3043 τοὺς
1327 2981 1568 3049 δικαίους
1605 2983 1770 3034 αἰτῶν
1794 2985 2094 3054 πειράζειν.
2139 2983 2434 3054 Ἆϐιμέλεχ
2468 2985 2523 3038 δὲ
2555 2984 2919 3058 ἑρμηνεύεται
2961 2983 3096 3054 πρὸς
3142 2983 3200 3037 ὃν
3236 2984 3528 3054 εἶσῆλθενδ
3573 2988 3924 3058 ἐπιστρέψας,

688 3073 910 3135 πατρός
926 3090 1045 3139 μου
1065 3072 1332 3135 βασιλέα
1363 3073 1682 3149 [βασιλεὺς],
1719 3080 1854 3150 ὅπερ
1887 3081 2033 3132 ἐστὶν
2063 3084 2095 3134 ὀ
2134 3080 2266 3146 Υἱὸς
2292 3081 2398 3135 τοῦ
2431 3081 2600 3144 Θεοῦ,
2631 3082 2659 3132 ὁ
2692 3079 2942 3149 βασιλεὺς
2964 3077 3072 3130 τῶν
3107 3068 3355 3150 πατέρων
3392 3081 3568 3152 ἡμῶν.

761 3162 970 3221 Titulus
996 3166 1288 3238 inscriptus
1318 3172 1597 3228 continet:
1629 3173 1691 3227 In
1723 3178 1880 3244 finem
1915 3179 2209 3233 intellectus
2245 3178 2455 3234 David:
2492 3195 2609 3232 cum
2637 3179 2776 3232 venit
2814 3177 2953 3232 Doec
2984 3176 3273 3243 Idumaeas,
3302 3189 3350 3231 et
3384 3180 3716 3233 annnntiaeit
3750 3179 3926 3243 Sauli,

689 3267 736 3310 et
762 3258 896 3312 dixit
925 3263 972 3314 ei
995 3279 1012 3314 :
1049 3261 1194 3317 Venit
1227 3263 1396 3319 David
1428 3269 1482 3320 in
1513 3270 1726 3322 domum
1761 3272 2079 3328 Abimeleeh.
2108 3274 2224 3330 lloc
2268 3276 2430 3346 igitur
2463 3274 2753 3345 significat,
2786 3289 2908 3328 cum
2939 3274 3062 3342 quis
3100 3288 3130 3325 ε
3157 3281 3378 3341 peccato
3407 3271 3620 3325 tandem
3657 3273 3708 3324 in
3742 3273 3928 3338 cogni-

692 3352 887 3408 tionem
917 3356 1044 3410 boni
1096 3362 1322 3425 venerit,
1353 3371 1480 3416 time
1511 3368 1799 3419 contrarizn
1830 3377 2125 3435 potestates
2163 3373 2476 3426 consultant
2517 3386 2641 3426 cum
2684 3369 2904 3424 diabolo
2924 3409 2937 3432 ,
2966 3368 3241 3438 quomodo
3273 3367 3364 3437 qui
3398 3382 3457 3421 se
3485 3370 3772 3431 convertit,
3808 3385 3927 3438 per-

689 3447 842 3500 dant.
869 3447 1035 3502 David
1057 3452 1202 3505 enim
1239 3455 1619 3521 interpretatur
1650 3455 1734 3507 In'c
1767 3457 2024 3510 dilectus:
2057 3461 2158 3513 hoc
2184 3470 2286 3524 est,
2320 3463 2408 3530 qui
2438 3478 2491 3514 se
2518 3461 2790 3514 convertit.
2831 3441 2973 3513 Doce
3003 3468 3180 3512 autem
3219 3455 3486 3511 Iduum-us
3520 3457 3926 3526 interpretatur,

693 3540 910 3592 tentatio
957 3542 1200 3610 deﬁciens
1225 3560 1242 3595 :
1270 3547 1457 3613 quales
1505 3558 1630 3602 sunt
1665 3553 1947 3606 contraria:
1978 3564 2283 3621 potestates.
2335 3556 2464 3610 Saul
2496 3565 2675 3611 autem
2715 3558 3100 3624 interpretatur
3143 3554 3337 3622 petitus
3389 3550 3666 3624 [petitor]:
3713 3553 3816 3607 hoc
3848 3562 3931 3609 est

689 3635 952 3698 diabolus,
977 3638 1070 3705 qui
1121 3653 1308 3694 omnes
1330 3640 1507 3709 justos
1537 3654 1741 3700 tentare
1773 3651 2030 3717 postulat.
2075 3651 2372 3705 Abintelech
2406 3663 2608 3719 autem,
2635 3653 2700 3707 ad
2735 3669 2896 3723 quem
2941 3652 3088 3705 venit
3137 3666 3196 3704 se
3228 3658 3572 3716 convertens,
3603 3649 3926 3720 interpreta-

691 3735 780 3780 tur
813 3745 900 3780 ναί
928 3734 1094 3796 patris
1124 3735 1241 3800 mei,
1277 3738 1454 3806 qualis
1487 3751 1571 3794 est
1606 3740 1781 3798 Filius
1809 3743 1926 3807 Dei,
1953 3748 2044 3814 qui
2079 3757 2161 3801 est
2188 3763 2277 3802 rex
2305 3759 2518 3819 patrum
2551 3760 2886 3804 nostrorum.

763 3847 815 3898 1.
853 3847 989 3913 Quid
1024 3851 1284 3917 gloriatur
1316 3858 1565 3916 diabolus
1595 3863 1647 3915 in
1679 3867 1884 3919 malitia
1919 3869 2048 3922 sua?
2286 3857 2332 3917 θ

2286 3857 2332 3917 C
2437 3851 2487 3906 1.
2523 3851 2585 3902 Τί
2616 3853 2881 3920 καυχᾶται
2910 3847 3193 3912 ὁδιάϐολος
3222 3847 3314 3900 ἐπὶ
3337 3849 3403 3918 τῇ
3426 3844 3618 3900 ἑαυτοῦ
3647 3843 3928 3916 κακίᾳ(Ἇς

764 3938 813 3990 2.
854 3939 907 3993 In
946 3942 1229 4011 iniquitate
1259 3965 1363 4017 qua
1399 3952 1770 4010 indesinentcr
1793 3957 2048 4027 cingitur.

2429 3942 2482 3994 ‘2.
2532 3943 2618 3994 Ἐν
2643 3944 2708 4012 τῇ
2731 3941 2927 4011 ἀνομία
3012 3939 3389 4011 περιϐάλλεται
3415 3938 3489 4008 (8)
3513 3935 3832 4000 ἀπαύστως.

767 4030 817 4083 5.
861 4031 923 4086 Et
957 4034 1276 4102 injustitiam
1309 4045 1576 4113 suggeris.

2431 4032 2484 4086 5.
2518 4033 2625 4085 Καὶ
2658 4032 2871 4084 ἀδικίαν
2903 4032 3241 4093 ὑποϐάλλεις.

764 4121 817 4173 4.
849 4121 1057 4178 Nudam
1076 4138 1127 4180 ct
1151 4129 1534 4187 inhonoratam
1558 4138 1736 4192 reddis
1760 4154 1976 4194 omnem
1997 4142 2257 4208 animam,

2431 4125 2486 4178 4.
2525 4124 2740 4195 Γυμνὴν
2762 4125 2853 4176 καὶ
2873 4123 3065 4194 άτιμον
3098 4120 3466 4182 ἀποδεικνύεις
3515 4121 3696 4172 πᾶσαν
3729 4119 3923 4190 ψυχὴν,

697 4213 1152 4271 oucmadmodum
1185 4225 1445 4277 novacula
1476 4227 1635 4281 ellicit
1668 4230 1890 4286 barbam
1922 4243 1975 4286 et
2000 4244 2179 4302 caput.

2365 4217 2552 4289 ὥσπερ
2573 4218 2634 4269 τὸ
2666 4216 2822 4288 ξυρὸν
2851 4216 3196 4269 ἀποδείκνυσι
3211 4215 3301 4268 τὸν
3334 4212 3570 4280 πώγωνα
3593 4212 3688 4264 xal.
3717 4210 3816 4281 τὴν
3842 4228 3927 4264 κε-

2363 4311 2554 4382 φαλήν.

765 4392 818 4445 5.
849 4390 1028 4465 Magis
1072 4412 1223 4452 amas
1268 4400 1690 4470 interfectorem,
1722 4423 1883 4477 quam
1928 4409 2102 4465 bonos
2144 4427 2261 4466 ser-

2433 4405 2487 4458 5.
2525 4404 2600 4475 (9)
2637 4403 2838 4465 Ἡδέως
2873 4403 3013 4472 ἔχεις
3060 4413 3148 4454 τον
3203 4398 3462 4468 φονευτῦιν
3513 4397 3714 4466 μᾶλλον
3761 4398 3794 4468 ἦ
3839 4397 3923 4449 τὸν

697 4505 887 4544 mones
924 4491 1260 4558 loquentem.

2366 4494 2468 4550 κᾶν
2496 4496 2599 4559 ἓως
2625 4497 2783 4564 λόγου
2818 4494 3022 4560 ἀγαιοοῦ
3047 4493 3325 4546 λαλοῦντα.

769 4582 822 4642 (ἲ,
852 4579 901 4633 7.
933 4579 1224 4634 Delectaris
1254 4583 1585 4652 blaSpItemia
1620 4596 1672 4640 et
1698 4589 1846 4642 omni
1894 4590 2134 4657 improba
2167 4593 2262 4650 do-

2426 4589 2480 4648 6,
2516 4588 2567 4640 7.
2615 4587 2816 4649 Ἢδέως
2839 4587 2980 4656 ἔχεις
3011 4584 3353 4656 βλασφημίαν
3375 4583 3469 4637 καὶ
3502 4582 3681 4642 πᾶσαν
3710 4582 3921 4652 διδαχὴν

695 4673 891 4733 ctrina.
1605 4734 1608 4737 ,
2367 4680 2622 4751 πονηράν.

772 4764 822 4818 8.
858 4764 1142 4835 Propterea
1195 4769 1246 4821 in
1302 4776 1774 4830 consummatione
1832 4777 2151 4831 san-ulmum
2207 4781 2259 4833 in

2439 4775 2491 4825 8.
2520 4772 2616 4824 Διά
2648 4770 2805 4823 τοῦτο
2838 4769 2927 4823 ἐπὶ
2956 4767 3231 4836 συντελείᾳ
3263 4764 3354 4818 τοῦ
3399 4765 3592 4829 αἰῶνος
3636 4765 3827 4818 ἀπολεῖ
3868 4781 3920 4815 σε

695 4869 954 4913 aeternum
986 4871 1035 4914 te
1060 4863 1266 4929 perdet.

986 4871 1035 4914 te
1060 4863 1266 4929 perdet.
2368 4866 2443 4925 εἰς
2475 4862 2622 4924 τέλος

768 4954 822 5009 9.
851 4954 1273 5022 Exstirpabittc,
1295 4956 1362 5010 ab
1386 4951 1612 5026 imperio
1644 4965 1734 5010 tuo
1761 4967 1809 5012 tc
1838 4960 2156 5017 elimiuabit.

2439 4955 2489 5007 9.
2538 4951 2856 5024 Ἐκριζώσει
2893 4970 2949 5004 σε
2973 4992 2985 5015 ,
3047 4950 3383 5004 κατασπάσει
3422 4967 3478 5001 σε
3523 4949 3630 5002 ἀπὸ
3655 4949 3752 5019 τῆς
3775 4951 3922 5002 δυνα-

2371 5045 2549 5105 στείας
2575 5060 2686 5097 σου.

772 5138 855 5194 10.
884 5138 948 5193 Et
991 5141 1308 5196 memoriam
1343 5150 1489 5193 tuam
1535 5139 1685 5192 tollet
1715 5155 1743 5191 a
1772 5138 2143 5192 recordatione
2179 5138 2228 5191 vi

2441 5136 2523 5188 10.
2558 5135 2663 5187 Καὶ
2695 5134 2754 5185 τὸ
2788 5132 3126 5203 μνημόσυνόν
3160 5149 3249 5182 σου
3278 5131 3398 5201 ἀρεῖ
3417 5129 3526 5198 (10)
3553 5130 3659 5182 ἀπὸ
3679 5129 3774 5198 τῆς
3801 5129 3917 5200 μνήσ

699 5232 956 5287 \'cntiun|.
2291 5221 2335 5276 Ῑ)

2291 5221 2335 5276 Ι)
2369 5246 2472 5298 μης
2505 5228 2610 5279 τῶν
2635 5226 2868 5289 ζώντων.

770 5326 853 5377 11.
883 5325 935 5377 In
965 5327 1049 5379 die
1069 5326 1275 5392 jndicii.

2447 5322 2530 5373 11.
2574 5321 2659 5371 Ἐν
2689 5322 2752 5387 τῇ
2786 5319 2964 5387 ἡμέρα
2994 5318 3088 5386 τῆς
3124 5316 3372 5387 κρίσεως.

1643 5437 1945 5500 Addenda
1975 5445 2031 5500 ct
2064 5438 2435 5516 corrigenda
2469 5453 2544 5495 ex
2578 5435 2717 5495 cod.
2752 5433 2949 5493 Vatic.

767 5565 842 5628 (Ι)
887 5567 944 5616 'll
972 5565 1056 5644 δια
1077 5567 1171 5634 τῆς
1201 5565 1563 5636 κινναϐάρεως
1598 5582 1720 5636 περ.
2556 5558 2931 5644 ςΛπολὲτωσιν.

768 5638 840 5692 (2.."
875 5635 1170 5690 Εἱσελίὶεῖν,
1435 5635 1438 5636 ν
1676 5635 1680 5636 ν
2441 5635 2514 5699 (7)
2544 5635 2808 5707 ᾼιυνὰμειη

766 5708 841 5769 (ὖ)
877 5702 1055 5759 Εἶπεν.
2445 5708 2517 5775 (ὃ)
2788 5700 2983 5775 ἀνομίᾳ
3011 5701 3387 5775 προβάλλεται..
3416 5707 3518 5750 ctc.
3659 5754 3662 5758 η

767 5780 839 5844 (4)
871 5779 1105 5831 Ἰ“ελὲσει.

2442 5771 2618 5844 (ιη’-κ’.
2657 5769 2779 5823 5.6.
2830 5769 2996 5826 'tt'ts’w
3034 5769 3121 5823 .'N
3173 5772 3200 5817 7
3275 5770 3479 5832 Ηδέως.
3512 5779 3605 5823 cte

769 5840 844 5924 (5)
877 5851 1158 5910 ἰὀυτιζστιν
1188 5869 1263 5907 ιιι.
2445 5840 2551 5918 (10)
2586 5844 2739 5921 Ἀρη,
