4174 6474
235 414 342 470 857
1217 428 1303 482 DE
1337 428 1606 489 TITULIS
1647 435 2092 499 PSALMORUM.
2130 474 2200 486 -
2238 445 2428 503 PSAL.
2460 449 2569 506 LII.
3370 459 3472 515 858

311 528 398 587 12.
432 531 541 585 Καὶ
572 530 659 585 ἐπ’
684 534 845 591 αὐτὸν
876 538 1210 607 γελάσονται,
1234 545 1326 597 καὶ
1346 546 1560 617 ἐροῦσιν
1578 566 1593 581 ’
1831 568 1881 623 Α

1484 564 1593 601 τιν’
1831 568 1881 623 Α
1978 560 2066 613 12.
2099 560 2161 615 Et
2190 578 2355 633 super
2386 580 2508 620 eum
2534 565 2808 633 ridebunt,
2832 580 2885 625 et
2915 570 3093 624 dicent
3120 588 3132 621 :

312 622 396 675 ιε.
444 624 574 679 Ἰδοὺ
604 625 905 699 ἄνθρωπος,
945 630 1123 695 ὅςούκ
1150 632 1301 688 ἔθετο
1330 636 1419 690 τδν
1449 639 1581 694 Θεὸν
1611 640 1801 713 βοηθὸν
1836 622 1843 623 ί

1967 651 2053 706 ιτ.
2089 653 2226 710 Ecce
2252 622 2437 724 nomo,
2468 659 2561 728 qui
2596 674 2702 713 non
2734 661 2915 729 posuit
2944 660 3115 716 Deum
3137 663 3463 734 mutuarum

238 729 407 767 αυτου
424 731 437 744 ·
876 784 877 787 η
1901 756 2059 797 suum
2078 762 2091 798 :

315 805 401 859 H.
446 805 583 860 Ἀλλ’
612 807 910 867 ἐπύλπισεν
947 812 1041 868 ἐπὶ
1065 813 1143 868 τῶ
1188 817 1379 888 πλήθει
1430 820 1522 874 τοῦ
1572 822 1799 881 πλούτου

1970 834 2057 888 14.
2094 834 2197 890 Sed
2237 838 2473 906 speravit
2514 839 2567 893 in
2604 840 2948 898 multitudine
2989 844 3295 901 divitiarum
3338 863 3462 903 sua-

236 912 407 949 αυτου
423 912 439 927 ⁸
1897 940 2019 981 rum
2044 944 2059 981 2

316 986 400 1041 15.
433 987 542 1043 Καὶ
572 988 943 1063 ὲνεδυγαμώθη
974 994 1065 1047 ἐπὶ
1079 999 1144 1067 τῇ
1178 1002 1499 1073 ματαιότητι
1522 1006 1706 1061 αὐτοῦ.

1329 1002 1499 1073 ιότητι
1522 1006 1706 1061 αὐτοῦ.
1973 1017 2058 1070 15.
2092 1018 2155 1071 Et
2182 1020 2462 1088 prawaiuit
2497 1022 2550 1076 in
2584 1024 2820 1079 vanitate
2856 1041 2974 1082 sua.

311 1077 395 1133 16.
438 1077 579 1147 Ἐγὼ
608 1079 663 1133 δὲ
690 1079 821 1135 ὡσεὶ
853 1082 1008 1137 ἐλαία
1043 1089 1394 1160 κατάκαρπος
1444 1096 1501 1149 ὲν
1544 1095 1620 1167 τῷ
1666 1098 1799 1168 οἴκῳ

1979 1108 2067 1162 16.
2110 1109 2222 1180 Ego
2272 1120 2455 1166 autem
2504 1113 2645 1169 sicut
2684 1115 2823 1169 oliva
2876 1116 3149 1174 fructifera
3201 1121 3254 1173 iu
3300 1120 3460 1177 domo

236 1170 333 1225 τοῦ
354 1169 489 1223 Θεοῦ
509 1185 523 1198 ·
1898 1198 1989 1254 Dei
2019 1219 2033 1253 :

319 1263 400 1315 17.
431 1262 668 1318 Ἥλπισα
697 1267 785 1320 ἐπὶ
813 1268 873 1321 τὸ
896 1268 1043 1334 ἔλεος
1073 1271 1164 1325 τοῦ
1195 1273 1330 1327 Θεοῦ
1372 1278 1452 1339 εἰς
1486 1277 1577 1331 τὸν
1604 1277 1794 1346 αἰῶνα,

1970 1292 2056 1345 17.
2093 1292 2313 1361 Speravi
2364 1294 2416 1347 in
2460 1294 2830 1351 misericordia
2878 1298 2967 1352 Dei
3016 1300 3069 1353 in
3093 1310 3375 1368 mternum,
3408 1313 3462 1360 et

234 1354 329 1406 καὶ
349 1355 428 1416 εἰς
447 1352 536 1406 τὸν
561 1355 733 1409 αἰῶνα
753 1356 844 1411 τοῦ
872 1359 1085 1425 αἰῶνος.

826 1356 844 1410 3
872 1359 1085 1425 αἰῶνος.
1899 1383 1953 1437 in
1985 1385 2242 1439 sa‘culum
2273 1385 2474 1439 swculi.

309 1443 392 1497 18.
440 1445 928 1520 Ἐξομολογήσομαί
955 1468 1037 1504 σοι
1056 1453 1135 1516 εἰς
1163 1455 1255 1508 τὸν
1283 1456 1451 1510 αἰῶνα
1505 1459 1585 1511 ὅτι
1612 1459 1796 1531 ἐποιη-

1667 1460 1796 1531 ωιη-
1966 1477 2053 1531 18.
2086 1476 2397 1532 Conlitebor
2428 1478 2523 1532 tibi
2559 1478 2611 1532 in
2648 1481 2926 1545 smculum.
2948 1484 3074 1552 quia
3104 1484 3315 1543 fecisti:

233 1548 333 1596 σας
350 1548 364 1562 ο

310 1622 393 1678 19.
425 1625 531 1677 Καὶ
561 1625 813 1696 ὑπομενῶ
843 1629 904 1683 τὸ
923 1629 1095 1702 ὄνομά
1120 1652 1233 1699 σου,
1259 1636 1340 1690 ὃτι
1412 1639 1604 1692 οηστδν
1632 1641 1792 1694 ἐναν-

1961 1644 2047 1699 19.
2081 1644 2504 1718 Et'exspectano
2538 1666 2730 1706 nomen
2762 1663 2935 1719 tuum,
2968 1654 3221 1723 quoniam
3256 1655 3455 1709 bonum

227 1712 345 1765 τίον
380 1713 487 1766 τῶν
514 1715 676 1768 ὁσίων
719 1732 833 1771 σου.

1896 1736 1949 1790 in
1971 1751 2264 1809 conspectu
2295 1754 2609 1797 sanctorum
2645 1753 2880 1799 tuorum.

228 1807 336 1871 Εἰς
362 1804 426 1858 τὸ
459 1806 631 1875 τέλος
653 1809 805 1878 ὑπὲρ
843 1813 1095 1875 Μιιελὲθ,
1128 1819 1434 1885 συνέσεως
1484 1822 1563 1887 τῷ
1593 1825 1789 1881 Δαϐίδ.

1641 1826 1789 1881 αϐίδ.
2058 1804 2123 1880 Iit
2150 1828 2328 1895 ﬁnem,
2358 1846 2453 1898 pro
2491 1830 2737 1897 .Ilaeleth,
2776 1834 3067 1888 intellectus
3108 1834 3289 1891 David.

850 1907 1020 1959 'I"AA.
1048 1909 1178 1961 NB’.
1821 1922 1863 1976 Β
2482 1922 2498 1975 1

1821 1922 1863 1976 Β
2482 1922 2685 1981 PSAL.
2737 1925 2860 1982 LII.

300 1989 353 2045 1.
384 1985 549 2045 Εἶπεν
580 1992 768 2065 ἄφρων
787 1996 844 2049 ἐν
874 1998 1071 2069 καρδία
1095 2000 1259 2054 αὐτοῦ
1279 2019 1292 2033 ο
1327 2005 1438 2057 Οὐκ
1470 2005 1582 2059 ἔστι
1608 2008 1758 2073 Θεός.

1733 2029 1758 2066 r.
1968 2009 2019 2063 1.
2054 2010 2197 2065 Dixit
2230 2013 2489 2083 insipiens
2525 2016 2577 2070 in
2614 2021 2777 2072 corde
2799 2037 2899 2073 sun
2926 2041 2936 2073 :
2969 2019 3083 2073 Non
3118 2032 3197 2072 cst
3229 2020 3381 2075 Deus.

299 2077 352 2133 Ξ.
385 2081 779 2154 Διεφθάρησαν,
804 2088 895 2140 καὶ
911 2088 1302 2161 ἐϐδελύχοησαν
1336 2093 1394 2147 ἐν
1415 2096 1664 2166 ἀνομίαις
1684 2115 1700 2131 ο

1965 2100 2019 2153 2.
2053 2100 2307 2173 Cort'upti
2359 2116 2506 2173 sunt,
2536 2118 2587 2163 et
2639 2109 3025 2165 abominabiles
3066 2111 3190 2165 facti
3232 2120 3355 2165 sunt
3399 2112 3453 2165 in

1896 2192 2309 2261 iniquitatibus:

300 2260 353 2316 3.
390 2262 504 2316 Οὐκ
530 2262 640 2316 ἐστι
673 2266 837 2318 ποιῶν
866 2267 1085 2336 ἀγαθόν.

1964 2286 2017 2339 5.
2055 2285 2170 2339 Non
2201 2298 2282 2341 est
2307 2289 2396 2358 qui
2433 2288 2586 2343 iaciat
2621 2289 2841 2345 bonum.

297 2354 351 2408 4.
402 2355 459 2408 '0
490 2356 619 2421 Θεὸς
643 2360 705 2411 ὲκ
728 2358 821 2413 τοῦ
844 2361 1072 2434 ούρανοῦ
1100 2363 1350 2436 διέκυψεν
1372 2368 1464 2421 ἐπὶ
1488 2370 1615 2433 τοὺς
1635 2372 1786 2438 υἱοὺς

1964 2377 2015 2431 4.
2050 2376 2192 2434 Deus
2229 2380 2295 2434 de
2325 2354 2467 2435 ewlo
2493 2382 2769 2451 prospexit
2795 2397 2956 2453 super
2979 2384 3117 2441 ﬁlios
3152 2386 3452 2455 hominum,

220 2448 331 2501 τῶν
363 2447 678 2519 ἀνθρώπων,

1333 2594 1709 2656 ΑτιιΑΝΑδη
1753 2601 2335 2663 ιΝΤΕΒΡΙὶΕΤΑΉΟ.

292 2763 379 2817 12.
416 2765 706 2838 Χαίροντες
735 2770 957 2825 εἴπωσιν
979 2789 993 2804 ·
1811 2790 1853 2846 C

942 2789 993 2825 ν·
1811 2790 1853 2846 C
1958 2787 2044 2840 12.
2074 2787 2382 2845 Caudentcs
2412 2789 2590 2847 dicent

293 2856 378 2910 13.
416 2853 580 2924 οὗτος
615 2857 683 2933 ἦν
709 2865 739 2917 6
769 2864 1158 2937 ἀνθιστάμενος
1182 2869 1261 2941 τῷ
1293 2871 1432 2945 Θεῷ.

1378 2872 1432 2945 ᾦ.
1962 2880 2049 2934 15.
2081 2880 2177 2936 llic
2206 2893 2341 2947 erat,
2365 2884 2457 2951 qui
2492 2883 2597 2937 Deo
2624 2883 3026 2941 adversabatur.

290 2947 378 3002 14.
424 2950 561 3004 Ἀλλ’
603 2953 784 3024 ἐϐάρει
828 2956 903 3024 (1)
937 2957 1315 3035 [ἐθάρρησεν]
1356 2965 1449 3017 ἐπὶ
1479 2966 1544 3036 τῇ
1595 2965 1788 3031 ἀλαζο-

1412 2965 1449 3017 ιὶ
1479 2966 1544 3036 τῇ
1595 2965 1788 3031 ἀλαζο-
1962 2971 2047 3027 11.
2082 2973 2184 3028 Sed
2215 2947 2454 3030 contis-us
2481 2983 2563 3030 est
2586 2976 2638 3029 in
2668 2976 2926 3045 jactantia
2948 2991 3060 3030 sua.

214 3040 339 3095 νεία
370 3042 583 3096 ἑαυτοῦ.

293 3132 379 3187 15.
417 3136 524 3188 Kal.
554 3135 771 3206 ἴσχυσεν
792 3139 849 3191 ἐν
874 3143 940 3211 τῇ
970 3142 1189 3215 ἀνομίᾳ,
1218 3145 1283 3215 ἦν
1314 3144 1551 3218 ὲφηῦρεν
1576 3148 1673 3219 (2).

1662 3193 1673 3204 ,
1962 3145 2047 3201 15.
2087 3145 2149 3200 Et
2180 3148 2457 3217 praevaluit
2496 3150 2548 3203 in
2579 3150 2861 3219 iniquitate
2890 3167 3053 3220 quant
3084 3151 3305 3208 invenit.

290 3222 375 3277 16.
414 3224 472 3304 Ὅ
499 3226 555 3279 δὲ
593 3228 753 3299 χορὸς
782 3230 889 3283 τῶν
944 3232 1115 3302 ἁγίων
1159 3234 1369 3308 πλήρης
1424 3240 1569 3294 ἐστὶν
1604 3241 1789 3307 ἐλέους

1954 3236 2041 3294 16.
2072 3238 2284 3293 Chorus
2306 3250 2486 3295 autem
2532 3251 2844 3295 sanctorum
2886 3243 3076 3312 plenus
3113 3251 3197 3297 cst
3235 3244 3452 3300 miseri-

216 3316 311 3369 καὶ
346 3317 571 3387 καρπῶν
600 3323 909 3391 εἰρηνικῶν.

1252 3300 1282 3307 Π
1327 3300 1358 3308 ’ί
1767 3300 1785 3307 ⁷
1884 3330 2091 3394 cordia,
2126 3340 2178 3385 et
2213 3331 2483 3387 fructibus
2509 3335 2771 3401 paciiieis.

289 3408 378 3461 17.
416 3410 799 3477 ’Δδιαλείπτως
827 3415 1059 3470 πέποιθα
1090 3420 1181 3472 ἐπὶ
1216 3420 1277 3473 τὸ
1308 3422 1618 3494 ἀμέτρητον
1639 3425 1787 3491 ἔλεος

1956 3423 2041 3477 17.
2073 3422 2446 3480 lndcticienter
2499 3427 2738 3483 conlisus
2786 3444 2906 3484 sum
2959 3430 3013 3484 in
3060 3429 3324 3484 immensa
3357 3426 3448 3481 Dei

213 3500 309 3554 τοῦ
345 3499 502 3556 Θεοῦ.

1885 3513 2268 3568 misericordia.

292 3590 376 3643 18.
417 3588 634 3655 Δοξὰσω
666 3607 725 3644 σε
766 3592 843 3655 εἰς
894 3592 985 3645 τὸν
1010 3594 1201 3664 αἰῶνα,
1230 3600 1310 3653 ὅτι
1363 3598 1441 3671 (5)
1506 3603 1569 3655 σύ
1600 3621 1667 3673 με
1702 3606 1781 3670 εἰς

1952 3602 2039 3659 18.
2068 3602 2397 3659 Gloriﬁcabo
2443 3614 2493 3659 te
2538 3605 2592 3660 itt
2644 3617 2927 3670 aeternum,
2958 3606 3214 3676 quoniam
3260 3613 3318 3659 ttt
3363 3620 3449 3659 me

210 3679 374 3733 τοῦτο
394 3681 616 3749 ἤγαγες.

1883 3692 1991 3749 huc
2019 3709 2194 3763 usque
2228 3695 2525 3750 adduxisti.

284 3771 372 3827 19.
400 3774 509 3827 Καὶ
536 3774 771 3846 διαμενῶ
797 3777 874 3848 (4)
898 3780 984 3833 ἀεὶ
1028 3781 1085 3833 ὲν
1128 3781 1206 3852 τῷ
1261 3783 1485 3856 ὀνόματί
1528 3803 1657 3852 σου,
1698 3787 1783 3843 ὅτι

1954 3786 2041 3840 19.
2070 3784 2136 3840 Ει
2162 3788 2491 3855 permanebo
2536 3804 2749 3858 semper
2790 3791 2845 3842 in
2890 3788 3109 3843 nomine
3150 3798 3263 3853 tuo,
3307 3803 3444 3857 quo-

209 3862 374 3918 τοῦτο
397 3863 602 3933 ἀγαθόν
628 3868 745 3921 ἐστι
776 3870 908 3923 πᾶσι
936 3874 1049 3935 τοῖς
1079 3873 1253 3941 ἁγίοις
1278 3891 1392 3929 σου.

1886 3879 2030 3933 niam
2056 3879 2156 3933 hoc
2177 3879 2380 3934 bonum
2407 3888 2489 3933 est
2522 3881 2784 3934 omnibus
2808 3880 3011 3935 sanctis
3040 3882 3166 3934 tuis.

295 3976 363 4030 'H
388 3978 719 4049 προκειμένη
758 3982 1033 4051 ἐπιγραφὴ
1066 3985 1307 4055 περιέχει
1336 3986 1412 4056 (5)
1438 4004 1453 4019 θ
1482 3989 1585 4054 Εἷς
1633 3989 1698 4043 τὸ
1734 3989 1909 4054 τέλος
1956 3986 2107 4055 ὑπὲρ
2152 3986 2409 4051 Nautio,
2467 3986 2774 4054 συνέσεως
2805 3987 2884 4053 τῷ
2933 3988 3128 4044 Δαϐίδ.
3164 3988 3333 4041 Τοῦτο
3355 3986 3448 4043 οὖν

210 4073 364 4125 ἐστιν
391 4071 456 4144 [ὃ
488 4072 671 4145 λέγει]
701 4075 793 4128 ἐπὶ
814 4076 955 4130 τέλει
983 4078 1091 4132 τῶν
1124 4079 1333 4135 αἰώνων
1364 4085 1503 4153 ὑπὲρ
1528 4084 1620 4137 τοῦ
1648 4086 1852 4156 Κυρίου
1879 4083 2028 4148 λέγει
2057 4085 2085 4137 6
2114 4083 2352 4153 ψαλμὸς,
2374 4084 2490 4162 πῶς
2521 4083 2599 4153 (6)
2623 4084 2938 4155 ἐπιστρέφει
2959 4084 3049 4138 τὸν
3074 4084 3199 4137 λαὸν
3220 4084 3444 4137 λυτοού-

213 4179 380 4231 μενος
404 4165 567 4218 αὑτὸν
598 4166 661 4219 ἐκ
689 4168 789 4238 τῆς
817 4169 911 4222 τοῦ
945 4169 1191 4225 διαϐόλου
1230 4173 1566 4239 δυναστείας.
1613 4176 1847 4232 Μαελὲθ
1876 4177 1986 4247 γὰρ
2019 4176 2380 4248 ἑρμηνεύεται
2433 4175 2672 4243 ἀπαρχὴ
2694 4193 2709 4207 ο
2760 4176 2984 4247 ἀπαρχὴ
3012 4176 3068 4229 δὲ
3119 4181 3152 4229 ὁ
3195 4178 3448 4244 Χριστός

209 4255 379 4307 ἐστιν.
417 4257 520 4322 Εἰς
542 4259 801 4311 σύνεσιν
827 4257 1145 4335 [Συνέσεως]
1172 4262 1229 4315 δὲ
1260 4262 1337 4330 τῷ
1371 4265 1569 4332 Δαϐὶδ,
1599 4267 1880 4322 τουτέστιν
1907 4269 2036 4320 ὅταν
2075 4266 2201 4338 ἔλθῃ
2231 4268 2312 4329 εἰς
2337 4265 2553 4319 σύνεσιν
2586 4267 2614 4318 6
2632 4264 2756 4329 λαὸς
2783 4268 2813 4319 6
2854 4266 3228 4337 πεποοημένος
3250 4283 3261 4294 ’
3289 4266 3447 4319 τοῦτο

210 4350 323 4419 γὰρ
353 4349 707 4421 ἑρμηνεύεται
738 4356 770 4406 ό
792 4353 986 4409 Δαϐίδ.

282 4439 497 4496 Titulus
528 4443 847 4513 praspositus
872 4445 1113 4502 continet
1142 4463 1155 4499 :
1191 4445 1256 4499 In
1300 4446 1455 4511 ﬁnem
1501 4462 1595 4516 pro
1628 4447 1870 4515 llaelcth,
1922 4447 2218 4503 intellectus
2244 4450 2432 4506 David.
2472 4450 2585 4507 lloc
2610 4452 2776 4523 igitur
2802 4464 2885 4509 est
2910 4454 3075 4526 [quod
3117 4452 3441 4526 signiﬁcat]:

209 4529 463 4603 Psalmus
491 4531 731 4602 loquitur
760 4536 826 4590 de
848 4534 1078 4591 Domino
1114 4538 1167 4592 in
1202 4540 1309 4595 fine
1341 4542 1687 4609 smculorum,
1714 4543 1987 4615 quomodo
2018 4546 2282 4599 convertit
2326 4546 2604 4615 populum,
2643 4549 2879 4605 liberans
2911 4565 3034 4604 eum
3070 4566 3133 4604 ex
3183 4558 3446 4617 potestate

208 4623 436 4679 diaboli.
470 4623 697 4679 Maeleth
727 4628 872 4683 enim
899 4630 1287 4700 interpretatur
1312 4636 1562 4702 primitiae
1586 4653 1605 4689 :
1641 4636 1893 4690 primitiae
1925 4646 2105 4691 autem
2141 4636 2385 4691 Christus
2420 4650 2539 4695 est:
2579 4638 2879 4695 Intellectus
2905 4652 3083 4696 autem
3119 4640 3307 4706 David,
3338 4640 3444 4695 hoc

207 4724 316 4779 est,
346 4731 471 4771 cum
507 4717 560 4771 in
590 4719 921 4778 intellectum
952 4726 1159 4779 venerit
1187 4727 1421 4795 populus
1449 4728 1824 4792 desideratus;
1853 4729 1924 4783 ita
1949 4732 2093 4783 cnim
2131 4730 2487 4800 interpetatur
2520 4733 2704 4788 David.

282 4808 337 4863 1.
389 4808 450 4861 '0
471 4808 714 4875 διάϐολος
746 4816 841 4867 καὶ
873 4817 924 4868 οἰ
957 4816 1123 4870 αὐτοῦ
1151 4819 1351 4883 πάντες
1384 4821 1511 4892 περὶ
1553 4820 1647 4874 τοῦ
1687 4840 1776 4876 τε·
1806 4825 1853 4881 D

1806 4825 1853 4881 D
1952 4823 2004 4875 1.
2038 4821 2296 4878 Diabolus
2339 4832 2393 4878 et
2421 4840 2609 4883 omnes
2642 4829 2733 4899 qui
2772 4830 2892 4901 cjus
2921 4837 3049 4886 sunt
3081 4828 3333 4886 dixerunt
3378 4831 3444 4888 de

206 4904 431 4976 χθέντος
453 4903 517 4956 ἐκ
541 4905 640 4976 τῆς
667 4906 965 4978 Παρθένου.

720 4906 965 4978 αρΘένου.
1874 4922 2003 4968 nato
2037 4929 2102 4967 ei
2132 4913 2368 4984 Virgine.

277 4994 333 5049 2.
364 4994 798 5068 Κατειρθάρησαν
823 5000 917 5052 καὶ⁵
941 5000 1290 5073 προσώζεσαν
1318 5004 1375 5055 ἐν
1408 5004 1717 5073 ἁμαρτίαις.

1596 5004 1717 5067 ίαις.
1942 5008 1997 5060 2.
2033 5006 2285 5077 Corrupti
2322 5018 2447 5062 sunt
2475 5017 2524 5062 ct
2555 5018 2873 5078 putruerunt
2901 5012 2954 5063 in
2986 5015 3240 5080 peccatis.

279 5084 337 5139 3.
363 5085 484 5140 Τῶν
511 5087 879 5144 ἀπειθούντων
909 5094 989 5163 τῷ
1018 5093 1139 5166 Θεῷ
1170 5094 1248 5166 τῷ
1285 5096 1493 5165 ἀγαθῷ,
1533 5097 1623 5149 καὶ
1650 5099 1772 5150 κολ-

1944 5099 1997 5151 3.
2033 5099 2230 5154 Eorum
2266 5101 2358 5171 qui
2408 5101 2517 5156 Deo
2548 5102 2753 5171 Optimo
2784 5102 3061 5169 resistunt,
3088 5116 3135 5160 ct
3166 5108 3439 5165 adiuuarent

208 5174 472 5245 λωμένοις
505 5177 580 5247 (7)
614 5178 693 5255 τῷ
717 5181 957 5253 πονηρῷ.
1876 5193 2039 5245 malo.

280 5265 334 5321 4.
367 5268 663 5325 Κατανοεῖν
688 5272 754 5325 τὰ
786 5273 919 5345 ἔργα
951 5275 1057 5329 τῶ)
1083 5275 1401 5350 ἀνθρώπων.
1674 5274 1677 5279 ’

1347 5295 1401 5331 μν.
1674 5274 1677 5279 ’
1965 5282 2012 5334 4.
2043 5278 2107 5334 Ut
2132 5294 2483 5343 cognosceret
2512 5298 2673 5352 opera
2700 5282 2995 5337 hominum.

1172 5439 1471 5502 Addenda
1502 5447 1562 5503 et
1612 5442 2091 5521 corrigenuaex
2128 5444 2266 5506 cod.
2308 5446 2505 5506 Yatic.

795 5669 811 5690 ι
844 5670 918 5690 η,
938 5687 974 5690 Α,
2155 5610 2245 5664 διὰ
2276 5613 2373 5683 τῆς
2397 5617 2757 5687 κινναϐάρεως
2790 5634 2910 5690 περ.

389 5664 641 5747 ⁸λεσχιὶεν..
673 5707 686 5720 .
716 5710 725 5720 .
792 5669 1033 5747 ἐιρεῦρεν.
1948 5664 2021 5747 ἶ(ἰῇ
2058 5684 2172 5746 Ὃς.

395 5727 800 5823 ξεῖὶπαύστως,
830 5727 940 5806 δτιξ
967 5753 1071 5800 etc.
2052 5727 2437 5823 κολλωμενων.

279 5752 336 5798 ι.)
396 5752 460 5787 La
490 5752 659 5790 απαυς

279 5752 358 5873 (ις
389 5808 659 5876 Διαμείνω
