4174 6480
248 450 344 510 861
1194 460 1280 514 DE
1320 459 1592 517 TITULIS
1622 462 2064 521 PSALMORUM.
2096 497 2163 510 —-
2202 467 2398 522 PSAL.
2432 468 2564 524 Llil.
3376 465 3479 521 862

317 570 374 625 2.
409 572 516 624 Kal
542 573 601 624 ἐν
620 576 687 644 τῇ
710 572 935 645 δυνάμει
984 592 1075 627 σου
1115 581 1320 648 κρινεῖς
1350 597 1437 649 με.
1834 594 1884 646 Α

1350 597 1437 649 με.
1834 594 1884 646 Α
1977 584 2032 638 2.
2060 583 2123 638 Et
2149 588 2202 638 in
2240 586 2439 641 virtute
2470 596 2561 641 tua
2583 587 2854 657 judicabis
2882 603 2983 643 me.

318 663 373 715 3.
416 663 474 715 Ὀ
498 662 648 729 Θεὸς,
678 666 995 720 εἰσάκουσον
1020 668 1121 739 τῆς
1156 672 1464 742 προσευχῆς
1495 688 1617 741 μου⁸

1401 672 1464 741 ἧς
1495 688 1617 741 μου·
1981 677 2034 731 5.
2070 677 2226 742 Deus,
2256 680 2455 734 etaudi
2489 683 2791 735 orationem
2820 696 2996 736 meam
3035 696 3049 735 :

313 750 372 803 4.
413 752 694 807 Ἐνώτισαι
716 756 786 809 τὰ
817 759 1036 829 ῥήματα
1064 760 1156 813 τοῦ
1190 762 1454 833 στόματός
1484 780 1606 833 μου.

1404 763 1454 827 ὃς
1484 780 1606 833 μου.
1984 769 2036 821 4.
2074 769 2315 824 Auribus
2346 771 2561 841 percipe
2590 771 2755 825 verba
2788 773 2900 826 oris
2926 770 3052 825 mei.

320 842 375 896 5.
404 843 527 897 Ὅτι
554 845 822 918 ἀλλότριοι
851 850 1224 921 ἐπανέστησαν
1255 855 1340 906 ἐπ’
1376 854 1509 924 ὲμέ⁸

1975 861 2030 916 5.
2065 863 2334 928 Quoniam
2368 864 2530 920 alieni
2556 866 2973 921 insurrexerunt
3011 864 3297 919 adversum
3320 876 3444 917 me:

318 934 378 989 6.
406 936 516 990 Kal
539 940 789 1010 κραταιοὶ
815 942 1083 1013 ἐζήτησαν
1106 945 1205 1015 τὴν
1228 947 1408 1018 ψυχήν
1442 964 1544 1017 μου
1562 963 1579 979 ⁸

1562 963 1579 979 ⁸
1984 954 2037 1007 6.
2064 954 2129 1008 Et
2156 954 2325 1012 fortes
2351 958 2684 1026 quaesierunt
2707 958 2944 1011 animam
2982 973 3158 1011 meam
3188 974 3201 1010 :

318 1024 372 1079 ’1.
399 1028 511 1081 Kal
537 1029 599 1082 οὐ
625 1030 914 1101 προέθεντο
936 1034 1030 1089 τὸν
1058 1035 1191 1089 Θεὸν
1226 1037 1454 1092 ἐνώπιον
1476 1038 1671 1093 αὐτῶν.

1982 1046 2037 1099 '1'.
2064 1045 2130 1101 Et
2159 1063 2268 1101 non
2293 1024 2697 1118 proposuerunt
2741 1047 2909 1104 Deum
2956 1058 3080 1103 ante
3119 1053 3466 1116 conspectum

1910 1152 2090 1192 suum.

318 1203 375 1261 8.
419 1206 551 1261 Ἰδοὺ
574 1207 683 1280 γὰρ
711 1208 740 1261 ό
770 1210 903 1275 Θεὸς
929 1212 1115 1286 βοηθεῖ
1145 1234 1268 1287 μοι⁸

1266 1236 1268 1247 ’
1981 1227 2035 1281 8.
2070 1227 2209 1284 Ecce
2237 1230 2380 1284 enim
2406 1230 2548 1285 Deus
2582 1230 2803 1301 adjuvat
2829 1247 2914 1285 me

316 1295 369 1352 9.
404 1300 513 1352 Kal
540 1300 568 1352 ὁ
593 1302 793 1373 Κύριος
823 1306 1172 1381 ἀντιλήπτωρ
1210 1311 1311 1380 τῆς
1335 1310 1511 1383 ψυχῆς
1548 1330 1669 1384 μου.

1499 1330 1511 1375 ς
1548 1330 1669 1384 μου.
1984 1320 2038 1375 9.
2074 1321 2141 1375 Et
2174 1321 2437 1397 Dominus
2468 1295 2753 1393 susceptor
2777 1323 2970 1376 anima:
2998 1336 3147 1376 mem.

317 1388 403 1444 10.
440 1391 779 1469 Ἀποστρέψῃ
823 1396 1249 1472 [Ἀποστρέψει]
1288 1402 1357 1455 τὰ
1399 1404 1545 1457 κακὰ
1576 1407 1687 1468 τοῖς
1722 1407 1811 1473 ἒχ-

1609 1407 1687 1468 οἶς
1722 1407 1811 1473 ὲχ-
1982 1412 2069 1466 10.
2096 1391 2324 1470 Avertes
2350 1388 2787 1487 [avertet]—mala
2821 1416 3055 1470 inimicis
3084 1414 3255 1471 meiS’

242 1478 393 1547 θροίς
430 1498 531 1549 μου
553 1497 567 1510 ⁸

322 1570 407 1624 11.
447 1572 533 1625 Ἐν
563 1577 630 1645 τῇ
657 1574 883 1647 ἀληθείᾳ
907 1595 1001 1631 σου
1035 1580 1412 1654 ὲξολόθρευσον
1449 1584 1664 1649 αὐτούς.

1449 1584 1664 1649 αὐτούς.
1984 1587 2067 1643 11.
2096 1586 2163 1643 Et
2195 1588 2248 1643 in
2282 1591 2514 1647 veritate
2538 1601 2627 1647 tua
2648 1592 2903 1664 disperde
2938 1594 3079 1648 illos.

316 1660 402 1714 12.
445 1664 736 1729 Ἑκουσίως
771 1666 920 1722 θύσω
954 1688 1061 1735 σοι,

1983 1678 2071 1733 12.
2097 1679 2414 1738 Voluntarie
2448 1660 2769 1740 sacrificabo
2801 1686 2928 1740 tibi:

314 1751 400 1845 13.
446 1756 935 1831 Ἐξομολογήσομαι
980 1764 1058 1835 τῷ
1089 1765 1312 1837 ὀνόματι
1355 1784 1469 1831 σου,
1502 1766 1696 1839 Κύριε,
1726 1768 1808 1825 ὅτι

1982 1769 2069 1822 15.
2095 1769 2408 1827 Conﬁtebor
2459 1776 2668 1831 nomini
2730 1786 2844 1842 tuo,
2895 1775 3159 1841 Domine,
3213 1774 3468 1845 quoniam

240 1843 469 1911 ἀγαθόν.

1907 1859 2136 1917 bonum.

433 1938 556 1992 Ὀτι
576 1941 640 1994 ὲκ
665 1943 846 2016 πάσης
875 1946 1108 2016 θλίψεως
1149 1949 1367 2020 ὲρῤύσω
1398 1966 1465 2019 με
1832 1968 1876 2024 Β

1832 1968 1876 2024 Β
1981 1954 2070 2009 14.
2103 1955 2371 2021 Quoniam
2400 1975 2468 2016 ex
2494 1961 2644 2015 omni
2674 1961 3027 2015 tribulatione
3057 1958 3305 2030 eripuisti
3332 1973 3418 2013 me
3452 1976 3467 2012 :

314 2025 403 2079 15.
435 2028 545 2083 Καὶ
571 2031 631 2087 ἐν
666 2036 781 2099 τοῖς
820 2036 1032 2108 ἐχθροῖς
1075 2054 1175 2108 μου
1206 2037 1415 2090 ἐπεῖδεν
1455 2038 1484 2089 ὁ
1525 2035 1801 2110 ὀφθαλμός

1979 2044 2067 2099 15.
2117 2044 2185 2101 Et
2233 2063 2400 2121 super
2472 2050 2725 2106 inimicos
2779 2064 2932 2105 meos
2982 2025 3228 2119 despexit
3280 2048 3473 2104 oculus

242 2130 372 2185 μου.
1906 2148 2079 2191 meus.

1352 2350 1726 2411 ATHANASII
1763 2355 2351 2419 INTERPRETATIO.

238 2553 438 2639 νῆμα-⁸
456 2542 679 2639 ΑΖιςραξοι
699 2542 755 2595 δὲ
775 2544 1160 2616 ἐρμηνεὺονται
1182 2549 1648 2619 ἀναϐάλλοντες,
1674 2555 1847 2608 Σαοὺλ
1866 2557 1923 2610 δὲ
1952 2558 2313 2629 ἑρμηνεύεται
2342 2566 2604 2633 αἱτητός.
2644 2564 2817 2621 Τοῦτο
2839 2563 2932 2621 οὖν
2966 2568 3113 2637 λέγει
3132 2584 3146 2597 ⁸
3178 2568 3228 2621 οἱ
3278 2566 3470 2639 δαιμο-

243 2631 432 2733 νεςτῷ
452 2631 682 2733 διαϐόλῳ
705 2635 951 2705 λέγουσιν
976 2658 991 2671 ⁸
1033 2642 1161 2697 Ἰδοὺ
1197 2645 1673 2717 συγκεκλασμένοι
1701 2648 1775 2719 (1)
1801 2648 1994 2720 ἔχομεν
2025 2652 2116 2707 τὸν
2144 2631 2572 2726 ὲξουθενημένον⁷
2588 2660 2794 2714 ἐκεῖνον
2819 2675 2834 2689 ⁸
2874 2631 3057 2715 λοιπὸν
3093 2663 3122 2714 ό
3164 2661 3238 2733 (2)
3275 2631 3470 2733 συλλη-

236 2722 395 2794 φθεὶς
429 2724 520 2777 ὑπ’
549 2727 725 2782 αὐτῶν
749 2731 841 2784 ἐπὶ
872 2733 1014 2786 τέλει
1035 2737 1115 2798 εἰς
1148 2736 1363 2795 σύνεσιν
1395 2739 1521 2812 ἔλθῃ
1554 2742 1659 2795 ὑπὸ
1687 2743 1780 2799 τοῦ
1802 2744 1957 2810 Θεοῦ,
1991 2747 2220 2818 ἀνυμνεί
2240 2748 2330 2802 τὸν
2357 2722 2509 2815 Θεὸν,
2541 2752 2636 2806 καὶ
2660 2752 2837 2808 δέεται
2864 2755 3029 2809 αὑτοῦ
3055 2722 3231 2825 λέγων
3244 2772 3259 2787 ⁸

235 2849 347 2941 tem
382 2842 803 2941 intenprelantur
824 2853 1224 2921 repullulantes.
1256 2859 1387 2915 Saul
1416 2878 1543 2918 vero
1571 2863 1955 2934 interpretatur
1981 2871 2193 2938 petitus.
2244 2869 2358 2925 lloc
2400 2870 2565 2941 igitur
2606 2869 2895 2941 signiﬁcat,
2937 2871 3209 2923 daemones
3251 2868 3469 2923 diabolo

234 2933 455 2990 dicunt:
504 2934 642 2992 Ecce
671 2941 991 2997 conclusum
1023 2946 1287 3004 habemus
1334 2933 1729 3022 contemptum,
1764 2956 1935 3011 illum.
1981 2933 2054 3015 .At
2081 2961 2300 3015 demum
2331 2933 2757 3032 comprehensus
2788 2961 2857 3017 ab
2886 2961 3040 3031 ipsis,
3096 2964 3221 3017 cum
3253 2962 3469 3016 tandem

232 3031 417 3087 divina
443 3050 545 3105 ope
568 3038 713 3093 venit
746 3038 801 3093 in
831 3040 1191 3110 intellectum,
1228 3045 1413 3101 laudat
1442 3048 1636 3115 Deum,
1669 3060 1723 3105 et
1749 3066 2004 3123 precatur
2036 3056 2239 3126 ipsum,
2268 3031 2492 3115 dicens:

304 3208 361 3265 2.
387 3213 497 3266 Kal
525 3212 661 3329 κατὰ
680 3215 778 3285 τὴν
803 3216 1031 3290 δύναμιν
1060 3237 1155 3274 σου
1188 3221 1455 3297 βοήθησόν
1495 3244 1561 3299 με
1591 3227 1693 3299 (5).
1831 3235 1873 3293 c

305 3301 338 3329 2
393 3301 487 3329 ιλιι-
528 3319 559 3329 -
664 3298 773 3329 31-1.
840 3324 923 3329 ,μη
994 3312 1097 3329 κοίη
1246 3314 1300 3329 Α.
1445 3320 1458 3329 .
1779 3322 1790 3329 .

1680 3270 1693 3283 .
1831 3235 1873 3293 c
1972 3234 2026 3288 Ξ.
2054 3232 2121 3287 Et
2158 3234 2457 3289 secundum
2487 3243 2636 3289 tuam
2666 3236 2961 3305 potentiam
2996 3236 3190 3306 adjuva
3222 3251 3322 3293 me.

303 3301 360 3354 3.
391 3301 487 3365 El;
528 3301 600 3355 τὰ
661 3298 774 3360 ὦτά
836 3324 929 3362 σου
982 3312 1389 3386 εἰσακουσθήτω
1435 3320 1468 3387 ἡ
1524 3298 1799 3391 προσευχή

1524 3298 1799 3391 πρόσευχή
1975 3329 2028 3384 3.
2061 3327 2119 3381 In
2153 3327 2381 3384 auribus
2402 3328 2513 3383 tuis
2542 3298 2795 3383 audiatur
2828 3329 3004 3384 oratio
3028 3345 3163 3384 mea.

302 3481 358 3536 4.
394 3483 618 3539 Πάντων
642 3488 778 3559 όμοῦ
814 3489 891 3558 (4)
933 3491 1040 3544 τῶν
1084 3495 1348 3563 ῥημάτιον
1382 3498 1611 3553 ἀκοῦσαι
1658 3517 1806 3555 κατ-

1976 3498 2291 3579 4.Dignare
2337 3512 2527 3568 audire
2583 3514 2769 3569 omnia
2824 3513 2986 3568 verba
3059 3527 3212 3581 mea;
3261 3512 3465 3569 nullum

229 3572 461 3640 αξίωσον
479 3594 493 3609 ⁸
525 3577 691 3648 μηδὲν
720 3580 900 3633 αὐτῶν
928 3582 1233 3653 ἀπόϐλητον
1260 3586 1399 3639 ἔστω
1426 3590 1577 3643 παοὰ
1607 3593 1711 3644 σοί.

928 3582 1233 3653 ἀπόϐλητον
1260 3586 1399 3639 ἔστω
1426 3590 1577 3643 ποιοᾶ
1607 3593 1711 3644 σοί.
1901 3616 2088 3656 eorum
2112 3572 2153 3654 εἷ
2175 3610 2226 3656 te
2251 3602 2549 3672 rejiciatur.

304 3667 359 3721 5.
391 3669 456 3721 Ol
481 3669 754 3741 δαίμονες.

712 3688 754 3734 ς·
1973 3692 2027 3745 5.
2053 3690 2360 3749 Daemones.

300 3758 355 3812 6.
394 3760 626 3831 Ὁμοίως
649 3764 705 3815 al
730 3765 968 3819 ἐναντίαι
994 3766 1277 3839 δυνάμεις.

1974 3785 2025 3841 6.
2065 3784 2332 3842 Similiter
2357 3786 2683 3842 adversariae
2713 3795 3046 3858 potestates.

302 3850 355 3905 7.
390 3852 500 3906 Kal
530 3854 629 3908 οὐκ
656 3856 990 3926 ὲλογίσαντο,
1020 3861 1149 3916 ὅτιὸ
1174 3862 1307 3927 Θεὸς
1328 3864 1547 3930 δυνατός
1570 3868 1685 3919 ὲστι
1706 3866 1799 3922 τοῦ

1975 3878 2028 3933 7.
2070 3879 2138 3933 Et
2167 3895 2272 3934 non
2291 3880 2689 3952 cogitaverunt,
2713 3850 2867 3951 λῃιοά
2898 3881 3041 3938 Deus
3064 3892 3257 3954 potens
3284 3894 3370 3943 est
3399 3888 3467 3943 ab

225 3942 497 4014 ῥύσασθαι
529 3962 598 4016 με
629 3948 723 4000 ἀπ’
753 3948 955 4004 αὐτῶν.

796 3948 955 4043 trav.
1900 3971 2038 4043 ipsis
2074 3988 2160 4027 me
2190 3972 2444 4028 liberare.

296 4034 353 4089 8.
394 4035 526 4089 Ἰδοὺ
554 4038 663 4108 γὰρ
687 4040 715 4089 ό
738 4038 870 4104 Θεὸς
894 4040 1181 4113 λυτροῦται
1209 4063 1279 4117 με
1297 4047 1417 4100 καθ’
1439 4049 1674 4120 ἑκάστην
1699 4050 1796 4121 (5).
1922 4034 1937 4043 ’

1532 4066 1674 4120 ιστην
1699 4050 1796 4121 (5)·
1922 4034 1937 4043 ’
1968 4064 2023 4119 8.
2057 4063 2197 4119 Ecce
2224 4063 2371 4119 enim
2407 4062 2552 4120 Deus
2581 4065 2778 4120 liberat
2808 4081 2894 4121 me
2919 4068 3180 4135 quotidie.

295 4128 350 4182 9.
385 4128 495 4181 Kal
518 4129 593 4192 ὡς
618 4132 893 4203 Δεσπότης
924 4152 1023 4205 μου
1053 4137 1409 4193 ἀντιποιεῖται
1436 4141 1528 4194 τοῦ
1550 4141 1797 4213 πλάσμα-

1970 4156 2023 4211 9.
2059 4154 2125 4211 Et
2156 4156 2326 4212 veluti
2360 4154 2627 4212 Dominus
2679 4173 2837 4213 meus
2880 4128 3116 4229 protegit
3145 4159 3462 4231 ﬁgmentum

220 4236 315 4283 τος
342 4220 527 4274 αὑτοῦ.
1896 4263 2081 4303 suum.

301 4312 390 4367 10.
431 4313 786 4388 Ἀποστρέψει
818 4318 894 4391 (6)
928 4318 1429 4395 [Ἃποστρέψεται]
1457 4325 1489 4395 ή
1514 4323 1670 4395 ὀδύνη
1695 4323 1795 4377 αὑ-

1514 4323 1670 4395 ὀδύνη
1695 4323 1795 4377 αὖ-
1968 4336 2055 4393 10.
2080 4336 2441 4393 Convertetur
2472 4336 2634 4394 dolor
2658 4352 2848 4393 eorum
2888 4337 2943 4394 in
2985 4339 3153 4410 ipsos.

220 4404 334 4457 τῶν
356 4408 443 4457 ἐπ’
474 4407 686 4471 αὐτούς.

299 4496 387 4549 11.
440 4495 527 4549 Ἐν
555 4500 621 4569 τῇ
650 4500 832 4570 χάριτι
862 4500 957 4554 τοῦ
984 4502 1140 4572 ἁγίου
1169 4504 1488 4576 Πνεῦμα-ξος
1519 4504 1792 4559 ἀπέλασον

1965 4517 2054 4572 11.
2086 4515 2274 4573 Gratia
2308 4516 2482 4572 sancti
2516 4515 2753 4587 Spiritus
2788 4518 2999 4588 expelle
3048 4533 3141 4574 eos
3174 4518 3245 4574 ab
3277 4518 3459 4574 anima

219 4586 421 4650 αὐτοὺς
452 4588 560 4641 ἀπὸ
588 4591 687 4661 τῆς
719 4591 893 4663 ψυχῆς
926 4612 1049 4665 μου.
1821 4601 1866 4657 D
1895 4623 2037 4663 mea.

285 4680 378 4734 12.
407 4680 526 4736 Ἵνα
573 4682 759 4739 λοιπὸν
824 4689 881 4741 ὲν
935 4688 1127 4760 μηδενὶ
1172 4690 1533 4760 κατεχόμενος
1580 4689 1787 4757 δοξάσω

1959 4696 2048 4751 12.
2080 4696 2151 4752 Ut
2179 4697 2398 4752 demum
2446 4698 2593 4753 nulla
2640 4714 2695 4752 ιιι
2733 4716 2790 4755 re
2847 4698 3099 4755 detentus
3155 4707 3208 4755 te
3251 4697 3459 4769 gloriﬁ-

217 4784 300 4822 σε.
1886 4803 2025 4845 cem.

288 4858 377 4913 15.
417 4860 736 4934 Ἀνυμνήσω
782 4866 843 4918 τὸ
878 4866 1051 4940 ὄνομά
1100 4886 1218 4940 σου,
1275 4874 1356 4926 ὅτι
1389 4872 1591 4940 ἀγαθόν
1644 4874 1788 4927 ἐστιν

1962 4876 2049 4931 15.
2084 4875 2344 4931 Laudabo
2374 4893 2574 4932 nomen
2612 4885 2789 4942 tuum,
2815 4878 3075 4948 quoniam
3116 4879 3320 4935 bonum
3350 4886 3455 4944 est,

214 4952 706 5025 ἐπαναπαυόμενον
735 4958 827 5012 ἐπί
854 4976 994 5017 τινα.

1890 4984 2013 5023 cum
2050 4985 2213 5040 super
2234 4971 2468 5040 aliquem
2494 4956 2800 5040 requiescit.

287 5044 375 5098 M.
410 5046 596 5117 Πάσηε
631 5050 907 5122 ἁμαρτίας
941 5053 1037 5121 (7).

949 5053 1037 5121 [7).
1962 5056 2047 5114 ll.
2084 5062 2161 5115 Ex
2186 5063 2335 5115 omni
2360 5072 2597 5131 peccato.

282 5134 371 5188 15.
411 5138 522 5190 Kal
543 5144 608 5212 τῇ
634 5140 841 5215 διανοίᾳ
863 5145 1159 5217 προσέσχον
1184 5148 1299 5219 μετ’
1322 5147 1489 5219 ὀργῆς
1516 5148 1654 5201 κατὰ
1674 5148 1781 5200 τῶν

1962 5150 2049 5204 15.
2081 5148 2147 5204 Et
2188 5159 2369 5207 mente
2412 5150 2619 5206 attendi
2653 5167 2777 5206 cum
2829 5152 2911 5207 ira
2973 5160 3163 5209 contra
3203 5151 3455 5208 inimicos

194 5226 428 5300 ,ἐχθρῶν
460 5248 583 5302 μου.
1886 5256 2056 5296 meos.

1157 5437 1455 5501 Addenda
1491 5444 1549 5499 et
1589 5429 1962 5518 corrigenda
1994 5458 2072 5501 ex
2124 5440 2265 5500 coal.
2304 5441 2501 5501 \‘atic.

278 5620 357 5686 (Ι)
392 5618 927 5696 Συγκεκλεέσμένον.
1956 5630 2029 5690 (PS)
2070 5629 2335 5696 Ἐκάστην
2359 5630 2452 5680 ἀπ’
2481 5628 2675 5683 αὐτῶν.

283 5690 360 5749 (‘2)
393 5687 591 5766 Λοίπῆν
623 5687 789 5744 οὖν’ό.
1958 5687 2031 5766 (li)
2077 5687 2443 5765 ’[ἐπιστρέψει.

385 5760 678 5839 βοηθήσεις
722 5780 830 5830 μοι.
1959 5760 2033 5839 (7)
2080 5760 2376 5839 ’Λμαρτίας
2406 5769 2572 5837 λέγει.

278 5832 355 5899 (ό)
384 5832 521 5884 Μου.
