4174 6486
234 430 351 488 865

1190 428 1277 485 DE
1307 427 1584 484 TITUIJS
1621 424 2067 483 PSALMORUM.
2101 457 2167 468 —
2208 426 2402 484 PSAL.
2448 428 2581 483 LIV.

3355 425 3459 481 866

315 551 406 606 12.
438 549 846 622 Προσεδεχόμην
876 548 966 602 τὸν
1001 548 1131 601 Θεὸν
1159 545 1251 603 τδν
1290 548 1527 614 σώζοντά
1573 565 1639 619 με
1693 546 1801 601 ἀπὸ
1826 553 1879 609 Α

1826 553 1879 609 Α
1974 546 2059 601 12.
2089 545 2475 616 Exspectabam
2520 547 2710 611 Deum,
2751 547 2845 617 qui
2886 545 3096 601 salvum
3148 559 3232 599 me
3272 543 3397 599 facit
3425 562 3455 600 a

232 641 612 712 ὀλιγοψυχίας,
649 642 742 694 καὶ
764 640 872 693 ἀπὸ
893 638 1221 707 καταιγίδος.

319 733 409 788 15.
458 732 897 798 Καταπόντισον,
949 730 1153 801 Κύριε,
1212 732 1308 785 καὶ
1356 731 1636 785 καταόίελε
1703 732 1803 799 τὰς

235 820 496 894 γλώσσας
535 822 715 876 αὐτῶν
731 840 747 856 ·

316 913 407 971 11.
445 916 568 967 Ὀτι
599 910 734 969 εἶδον
766 913 994 985 ἀνομίαν
1013 950 1028 978 ,
1058 912 1152 967 καὶ
1181 913 1483 982 ἀντιλογίαν
1520 917 1578 969 ὲν
1605 917 1672 988 τῇ
1702 914 1803 971 πό-

238 1007 349 1061 λιι.

316 1097 406 1153 15.
448 1098 691 1169 Ἡμέρας
734 1097 829 1152 καὶ
866 1099 1060 1166 νυκτὸς
1086 1097 1353 1154 κυκλώσει
1396 1097 1566 1169 αὐτὴν
1598 1098 1690 1153 ἐπὶ
1732 1097 1804 1154 τὰ

236 1188 397 1260 τείχη
431 1189 597 1259 αὐτῆς
624 1204 639 1219 ⁶

314 1278 402 1334 16.
438 1280 545 1333 Καὶ
573 1280 771 1351 ἀνομία
800 1282 894 1337 καὶ
917 1282 1083 1347 κόπος
1101 1283 1159 1336 ὲν
1181 1282 1329 1354 μέσῳ
1356 1281 1544 1355 αὐτῆς,
1578 1284 1673 1338 καὶ
1690 1283 1804 1339 ἀδι-

238 1368 359 1423 κία.

314 1462 403 1515 17.
437 1462 548 1517 Καὶ
564 1462 663 1517 οὐκ
691 1462 933 1528 ἐξέλιπεν
953 1465 1017 1519 ὲκ
1036 1464 1142 1519 τῶν
1170 1466 1437 1522 πλατειῶν
1457 1468 1627 1542 αὐτῆς
1646 1470 1803 1537 τόκος

236 1554 337 1609 καὶ
368 1554 537 1619 δόλος.

316 1645 404 1701 18.
437 1648 578 1710 Ὅτι,
605 1648 653 1699 ει
674 1649 702 1700 6
722 1646 913 1711 ὲνθοδς
934 1647 1175 1703 ὠνείδισέ
1210 1667 1298 1720 με,
1331 1651 1611 1722 ὑπήνεγκα
1645 1655 1734 1712 ἄν.

313 1822 402 1877 19.
426 1821 534 1877 Καὶ
557 1824 603 1875 εἰ
627 1824 655 1877 6
685 1824 859 1895 μισῶν
880 1843 947 1896 με
978 1826 1063 1880 ἐπ’
1080 1828 1178 1899 ἐμὲ
1203 1828 1797 1903 ὲμεγαλορῤημονησεν,

236 1912 481 1985 ὲκρύόην
502 1914 567 1969 ἂν
588 1916 684 1968 ἀπ’
713 1916 916 1987 αὑτοῦ.ξ

308 2005 400 2060 20.
425 2004 498 2061 Σὺ
515 2008 590 2073 δὲ,
618 2008 870 2080 ἄνθρωπε
893 2010 1132 2084 ίσόψυχε,
1165 2015 1382 2085 ἡγεμων
1407 2033 1530 2085 μου,
1558 2032 1651 2069 και
1668 2033 1798 2085 γνω-

236 2096 333 2149 στέ
368 2114 467 2167 μου
487 2114 501 2127 ·

308 2187 398 2241 21.
429 2190 522 2253 ⁸ος
550 2188 670 2261 [Ὡς
719 2190 880 2267 mss.]
922 2194 1017 2250 hri.
1061 2194 1123 2249 τὸ
1178 2195 1307 2249 αὐτὸ
1361 2195 1663 2264 ὲγλύκανάς
1701 2214 1793 2269 μοι

234 2277 509 2349 ἐδέσματα
526 2295 543 2313 ·

306 2368 402 2423 22.
433 2369 517 2425 Ἐν
544 2371 619 2443 τῷ
638 2372 771 2445 οἴκῳ
802 2375 895 2430 τοῦ
922 2375 1052 2430 Θεοῦ
1074 2376 1446 2448 ἐπορεύθημεν
1476 2379 1533 2432 ὲν
1553 2379 1795 2453 ὁμονοίᾳ.

307 2460 400 2516 23.
448 2464 674 2517 Ἐλθέτω
706 2466 768 2537 δὴ
789 2466 1013 2531 Θάνατος
1042 2470 1127 2521 ἐπ’
1159 2471 1387 2535 αὐτοὺς,

308 2552 401 2605 21.
435 2554 543 2607 Καὶ
571 2555 965 2628 καταὸήτωσαν
993 2560 1072 2622 είς
1101 2559 1226 2631 ᾅδου
1259 2561 1457 2626 ζῶντες
1475 2579 1491 2594 ο

307 2641 400 2700 25.
425 2644 544 2699 Ὀτι
564 2647 795 2719 πονηρία
819 2650 877 2704 ὲν
905 2651 1026 2714 ταῖς
1050 2653 1363 2722 παροικίαις
1394 2655 1590 2721 αὐτῶν,
1622 2657 1680 2710 ὲν
1708 2655 1796 2727 μὲ-

237 2749 320 2804 σῳ
352 2734 550 2793 αὐτῶν.

306 2827 397 2882 26.
439 2829 579 2899 Ἐγὼ
605 2831 742 2903 πρὸς
774 2832 866 2889 τὸν
896 2834 1027 2889 Θεὸν
1064 2835 1362 2904 ἐκέκραξα.
1398 2834 1489 2888 καὶ
1519 2834 1549 2887 6
1592 2833 1795 2907 Κύριος

232 2920 521 2993 είσήκονσέ
554 2938 675 2993 μου.

1901 639 2345 709 pusillanimitate
2374 639 2595 709 spiritus
2617 650 2671 693 et
2701 647 3036 707 tempestate.

1972 729 2060 783 l3.
2094 728 2396 800 Praecipita,
2430 728 2671 793 Domine,
2694 737 2750 784 et
2774 728 2952 783 divide
2973 729 3187 795 linguas
3215 742 3405 781 eorum
3438 767 3454 782 .

1971 902 2057 958 11.
2083 901 2346 968 Quoniam
2370 903 2479 959 vidi
2512 903 2873 974 iniquitatem,
2898 913 2952 959 et
2968 904 3453 959 contradictionem

1899 993 1958 1051 in
1981 994 2218 1049 civitate.

1970 1083 2057 1138 15.
2094 1083 2188 1137 Die
2223 1096 2288 1137 ae
2324 1088 2483 1135 nocte
2517 1081 2879 1138 circumdabit
2928 1098 3049 1139 eam
3080 1100 3246 1155 super
3272 1101 3456 1143 muros

1900 1188 2021 1230 BIUS
2054 1192 2069 1230 2

1929 1196 1932 1223 ε
1959 1192 2021 1230 us
2054 1192 2069 1230 :

1929 1192 1949 1244 J
1976 1267 2063 1321 lli.
2091 1266 2156 1323 Et
2178 1268 2434 1339 iniquitas
2449 1279 2502 1325 et
2530 1271 2684 1327 labor
2709 1272 2763 1327 in
2786 1272 2963 1328 medio
2991 1274 3131 1343 ejus,
3149 1284 3201 1329 et
3231 1276 3455 1346 injusti-

1903 1358 1997 1413 tia.

1973 1451 2060 1506 17.
2096 1450 2159 1506 Et
2181 1467 2285 1506 non
2309 1451 2585 1510 defecitde
2603 1456 2791 1525 plateis
2821 1458 2941 1528 ejus
2976 1475 3163 1529 usura,
3190 1471 3246 1519 et
3272 1464 3449 1521 dolus.

1974 1655 2059 1707 18.
2094 1654 2357 1721 Quoniam
2386 1656 2428 1710 si
2458 1656 2710 1713 inimicus
2727 1673 2877 1714 meus
2900 1661 3271 1720 maledixisset
3297 1668 3451 1735 mibi,

1900 1746 2281 1800 sustinuissent
2317 1751 2519 1816 utique.

1973 1839 2055 1892 19.
2098 1838 2163 1892 Et
2191 1841 2235 1893 si
2272 1840 2315 1893 is
2340 1842 2432 1908 qui
2455 1842 2642 1896 oderat
2666 1858 2750 1897 me
2772 1859 2935 1915 super
2968 1862 3053 1900 me
3080 1864 3272 1917 magna
3310 1850 3455 1906 locu-

1828 1910 1871 1965 Β
1906 1939 1991 1983 tus
2023 1930 2235 1995 fuisset,
2262 1933 2664 1987 abseondissem
2697 1950 2781 1988 me
2805 1935 3029 1991 forsitan
3063 1940 3132 1992 ab
3158 1956 3241 1995 eo.

1974 2019 2064 2073 20.
2094 2019 2173 2075 Tu
2207 2037 2330 2076 vero
2358 2023 2518 2077 homo
2546 2025 2837 2091 unanimis,
2867 2027 2977 2082 dux
3014 2045 3188 2097 meus,
3211 2042 3263 2085 et
3296 2041 3454 2089 notus

1901 2124 2056 2165 meus
2091 2129 2106 2167 2

1969 2202 2061 2256 21.
2103 2201 2207 2268 Qui
2250 2203 2507 2276 [Quippe]
2538 2208 2698 2264 simul
2723 2226 2933 2267 meeum
2972 2214 3158 2270 dulces
3202 2219 3454 2287 cupiebas

1900 2291 2051 2349 cibos
2082 2311 2096 2347 :

1962 2384 2050 2438 22.
2082 2386 2138 2439 ln
2169 2387 2331 2443 domo
2361 2387 2451 2443 Dei
2486 2391 2883 2451 ambulavimus
2909 2396 2961 2450 in
2984 2413 3273 2457 consensu.

1965 2475 2056 2531 25.
2088 2474 2276 2531 Veniat
2299 2496 2447 2535 mors
2474 2497 2638 2552 super
2662 2483 2803 2548 illos,

1964 2565 2054 2620 24.
2082 2566 2145 2621 Et
2169 2569 2494 2627 descmtdant
2522 2577 2572 2627 in
2598 2574 2867 2631 infernum
2904 2579 3175 2635 viventes:

2087 2657 2355 2723 Quoniam
2392 2665 2634 2734 nequitia
2685 2667 2739 2721 in
2785 2668 3110 2727 habitaculis
3143 2689 3356 2744 eorttm,
3397 2677 3451 2733 in

1899 2747 2078 2803 medio
2106 2766 2313 2806 eorum.

1968 2839 2059 2894 26.
2097 2839 2210 2913 Ego
2239 2844 2305 2899 ad
2337 2844 2505 2902 Deum
2542 2850 2793 2922 clamavi,
2827 2865 2881 2910 et
2920 2856 3184 2915 Dominus
3230 2864 3455 2919 exaudi-

1899 2931 1977 2987 vit
2004 2948 2087 2989 me
2125 2952 2140 2990 :

1352 3103 1722 3163 ATIIANASII
1759 3106 2341 3175 INTERI’RETATIO.

306 3250 399 3307 12.
428 3250 623 3306 Λοιπὸν
648 3254 1043 3327 προσεδεχόμην
1064 3255 1153 3309 τὸν
1168 3255 1297 3310 θεὸν
1320 3257 1409 3312 τὸν
1428 3258 1790 3335 λυτρούμενόν
1813 3272 1859 3332 c

1813 3272 1859 3332 α
1960 3268 2046 3322 12.
2088 3268 2324 3342 Denique
2348 3280 2724 3345 exspectabam
2770 3283 2956 3349 Deum,
3000 3289 3093 3357 qui
3138 3306 3221 3345 tne
3260 3293 3455 3351 liberat

236 3361 307 3419 με
337 3344 448 3401 ἀπὸ
472 3344 581 3399 τῶν
609 3345 861 3399 εἰσϐολῶν
892 3348 985 3401 τοῦ
1028 3349 1243 3420 ἐχθροῦ.

312 3437 398 3492 15.
448 3437 782 3504 Θανάτωσον,
838 3440 1047 3511 Κύριε,
1098 3443 1192 3496 καὶ
1244 3441 1529 3515 σύντριψον
1600 3446 1798 3505 κακίαν

230 3528 436 3581 αὐτῶν.

305 3620 395 3676 14.
426 3621 546 3673 Ὀτι
570 3620 824 3690 αῖσοομαι
853 3622 912 3674 ὲν
941 3624 1006 3693 τῇ
1047 3623 1240 3695 καρδίᾳ
1267 3643 1389 3694 μου,

302 3709 392 3764 15.
439 3708 753 3775 Ἀπαύστως
782 3711 992 3782 ἡμέρας
1027 3714 1121 3768 καὶ
1152 3716 1345 3779 νυκτὸς
1377 3718 1794 3790 περικαθέζεται

233 3816 326 3870 μοι
354 3799 387 3869 ἡ
421 3799 678 3873 ἁμαρτία.

307 3889 397 3944 16.
432 3890 792 3962 Πεπλήρωται
818 3893 857 3962 ἡ
879 3891 1087 3947 ὂιὲνοιά
1121 3911 1220 3965 μου
1243 3894 1557 3967 λογισμῶν.“

306 3980 395 4034 17.
431 3980 541 4035 Καὶ
572 3982 671 4034 οὐκ
712 3982 1003 4051 ἀφίσταται
1051 3984 1162 4039 απὸ
1207 3986 1309 4057 τῆς
1354 3990 1579 4059 καρδίας
1615 4007 1713 4061 μου
1761 3992 1794 4062 ἡ

229 4068 662 4141 πῳῦπάρχουσα
688 4072 947 4144 ἀμαρτία.

303 4162 394 4217 18.
430 4164 540 4217 Καὶ
571 4164 657 4217 ὅτε
682 4166 710 4217 6
735 4165 926 4236 ἐχθρὸς
958 4166 1197 4233 ὼνείδιζέ
1234 4186 1300 4239 με
1320 4209 1334 4234 ,
1369 4170 1654 4245 επέτρερον.

303 4256 393 4311 19.
420 4256 527 4310 Καὶ
547 4256 706 4311 πάλιν
730 4257 816 4309 ὅτε
839 4256 936 4330 τὴν
956 4260 1170 4331 ἀπάτην
1187 4261 1279 4314 τοῦ
1304 4261 1418 4332 βίου
1439 4264 1655 4318 ἐνέϐαλέ
1678 4283 1792 4337 μοι,

227 4346 333 4401 οὐκ
354 4346 623 4417 ὴνεχόμην
656 4347 1006 4421 [ἠνεσχόμην]
1039 4350 1229 4409 αὐτοῦ.

306 4437 396 4493 20.
413 4436 504 4491 Σοὶ
526 4437 582 4491 δὲ
598 4437 740 4506 λέγω
758 4441 824 4510 τῇ
841 4438 1047 4513 διανοίᾳ
1068 4459 1171 4513 μου
1190 4458 1207 4476 ο
1228 4443 1302 4497 Τὸ
1317 4445 1636 4517 ἡγεμονικόν
1656 4464 1756 4518 μου
1771 4462 1790 4482 ο

1898 3361 1965 3415 ab
1998 3363 2308 3420 incursibus
2344 3368 2568 3425 inimici.

1970 3455 2055 3510 15.
2090 3457 2368 3527 Mortiliea,
2411 3462 2657 3533 Domine,
2695 3478 2748 3524 et
2799 3479 3017 3526 contere
3062 3472 3319 3529 malitiam
3362 3490 3457 3531 eo-

1896 3560 2039 3600 rum.

1967 3637 2051 3690 M.
2084 3638 2349 3703 Quoniam
2381 3643 2525 3695 sensi
2555 3644 2606 3696 in
2632 3647 2793 3700 corde
2820 3663 2959 3705 meo.

1970 3731 2054 3785 15.
2083 3730 2422 3789 lncessanter
2458 3736 2545 3792 die
2581 3754 2646 3793 ac
2697 3750 2853 3797 nocte
2879 3743 3291 3806 circumassidet
3320 3753 3455 3810 mihi

1894 3832 2194 3888 peccatum.

1966 3913 2049 3966 lti.
2089 3913 2302 3985 llepleta
2326 3928 2405 3971 est
2430 3935 2581 3974 mens
2605 3938 2721 3976 mea
2745 3926 3183 3995 cogitationibus.
3278 3968 3286 3976 -

1962 4004 2048 4059 17.
2083 4004 2146 4060 Et
2171 4024 2275 4061 non
2294 4010 2546 4066 disceSsit
2569 4030 2597 4065 a
2614 4014 2775 4068 corde
2793 4032 2934 4081 meo,
2959 4019 3102 4087 quod
3129 4031 3288 4079 antea
3309 4040 3455 4083 exat-

1894 4092 2067 4147 stebat
2096 4109 2394 4164 peceatum.

1966 4187 2049 4240 18.
2077 4187 2141 4241 Ει
2172 4205 2295 4243 cum
2326 4190 2579 4248 inimicus
2618 4194 2896 4250 maledixit
2926 4199 3078 4267 mibi,
3102 4202 3345 4262 toleravi.

1968 4278 2055 4332 19.
2085 4278 2148 4334 Et
2185 4298 2372 4338 rursus
2408 4300 2530 4338 cum
2579 4285 2950 4357 deceptionem
2984 4292 3107 4349 vita:
3148 4297 3282 4353 mihi
3315 4300 3451 4371 inje-

1893 4371 1987 4436 cit,
2021 4372 2195 4439 ipsum
2230 4390 2334 4427 non
2367 4375 2621 4431 sustinui.

1962 4455 2050 4512 20.
2090 4456 2209 4513 Tibi
2239 4472 2417 4515 autem
2444 4462 2568 4518 dico
2602 4480 2754 4521 mens
2796 4481 2915 4522 mea
2936 4507 2951 4533 ,
2981 4466 3352 4543 Principatum
3393 4476 3451 4531 in

1893 4558 1981 4599 me
2008 4561 2156 4601 tenes
2186 4566 2198 4600 ε

302 4620 398 4677 21.
423 4619 497 4674 T6
530 4622 645 4693 μετ’
675 4622 808 4695 ἐμοῦ
838 4622 907 4676 τὰ
945 4622 1105 4694 λόγια
1128 4643 1225 4679 του
1257 4627 1391 4681 Θεοῦ
1426 4630 1595 4701 ἡδέως
1634 4630 1784 4702 ἔχον*
1821 4610 1869 4670 Β

1529 4648 1595 4694 ως
1634 4630 1784 4702 ἔχον*
1821 4610 1869 4670 1)
1961 4634 2050 4689 21.
2084 4635 2288 4693 Mecum
2312 4641 2527 4713 eloquia
2552 4644 2641 4699 Dei
2665 4646 2904 4711 suaviter
2926 4648 3133 4708 habens
3162 4671 3177 4709 :

302 4711 396 4769 22.
427 4712 783 4785 Πορευθῶμεν
816 4714 930 4787 ἅμα
961 4717 1041 4779 εἰς
1074 4720 1399 4790 προσευχήν.

300 4804 393 4858 23.
422 4804 532 4858 Καὶ
562 4804 776 4878 ἔρχεται
797 4807 936 4881 ὀργὴ
952 4806 1048 4863 τοῦ
1070 4808 1203 4863 Θεοῦ
1232 4813 1323 4864 ἐπὶ
1350 4813 1471 4878 τοὺς
1498 4813 1787 4885 λογισμοὺς

226 4895 359 4959 τοὺς
384 4895 606 4960 κακούς.

301 4986 392 5042 24.
429 4986 537 5040 Καὶ
572 4987 795 5058 ἀφανεῖς
823 4986 1063 5056 γίνονται
1098 4992 1227 5062 περὶ
1271 4994 1547 5065 χρήματος
1580 4996 1652 5067 (1)
1688 4996 1786 5067 (a).

302 5076 523 5132 25.Ὅτι
539 5077 706 5132 κακία
726 5076 895 5150 πολλὴ
915 5079 971 5133 ἑν
985 5083 1050 5152 τῇ
1072 5080 1286 5155 καρδίᾳ.
1306 5084 1431 5138 ὅταν
1455 5085 1689 5138 οἰκοῦσιν
1708 5085 1787 5160 (2)

222 5171 292 5222 il
328 5167 485 5222 αὐτῆ.

578 5254 925 5330 ἀδικούμενος
946 5258 1036 5312 ὑπ’
1052 5260 1229 5314 αὐτῶν
1251 5264 1519 5336 ἀνεϐόησα
1546 5266 1678 5339 πρὸς
1697 5266 1792 5324 τόν

226 5348 385 5415 Θεὸν,
421 5349 512 5403 καὶ
535 5352 564 5404 6
590 5348 791 5421 Κύριος
819 5350 1080 5423 ιδοήθησέ
1115 5371 1204 5426 μοι
1234 5354 1332 5426 (3).

1962 4727 2049 4779 22.
2083 4729 2280 4785 lvimus
2310 4734 2470 4787 simul
2510 4736 2570 4787 ad
2596 4738 2918 4795 orationem.

1964 4815 2053 4871 25.
2086 4816 2150 4873 Et
2179 4823 2325 4877 venit
2353 4825 2432 4879 ira
2457 4824 2548 4879 Dei
2581 4842 2744 4898 super
2780 4830 3140 4901 cogitationes
3168 4834 3365 4895 malas.

1964 4994 2054 5050 2|.
2089 4994 2155 5050 Et
2194 5009 2521 5054 evanescunt
2553 5001 2605 5055 in
2635 5003 2750 5073 ipso
2775 5019 2957 5060 rerum
2988 5022 3118 5066 usu.

1961 5086 2055 5143 25.
2096 5087 2364 5155 Quoniam
2415 5094 2621 5149 malitia
2671 5097 2839 5153 multa
2878 5098 2933 5155 in
2973 5101 3138 5157 corde
3178 5114 3281 5172 est,
3324 5121 3449 5163 cum

1892 5176 1997 5249 ipsi
2029 5177 2082 5232 in
2114 5193 2179 5233 eo
2213 5180 2476 5237 habitant.

1961 5267 2051 5323 26.
2085 5269 2196 5339 Ego
2224 5272 2385 5327 lmsus
2406 5274 2476 5329 ab
2519 5277 2652 5347 ipsis
2674 5276 2901 5336 clamavi
2931 5281 2997 5337 ad
3037 5283 3227 5348 Deum,
3261 5294 3315 5339 et
3345 5286 3451 5341 Do-

1894 5361 2078 5417 minus
2098 5363 2302 5433 adjuvit
2330 5381 2435 5423 me.

1168 5468 1473 5533 Addenda
1502 5479 1561 5532 et
1592 5472 1964 5555 corrigenda
1998 5495 2082 5540 ex
2112 5480 2251 5543 cod.
2305 5483 2506 5549 Vatic.

327 5612 381 5686 1)
405 5612 648 5686 ῐῗινονται
679 5613 1034 5686 παραχρῆμα·

327 5613 354 5668 1
405 5612 648 5667 Γίνονται
679 5628 753 5666 πα

299 5612 381 5758 isi
411 5685 753 5757 οἰκήσουσιν.

1958 5622 2038 5698 (3)
2066 5627 2366 5702 Είσήκουσέ
2397 5650 2518 5703 μου.

303 5823 382 5898 (α)
406 5825 707 5897 Χρήσεως.
766 5823 825 5882 In
857 5826 973 5884 cod.
1012 5823 1171 5882 Barb.
1206 5827 1307 5887 hoc
1347 5830 1566 5887 verbum
1608 5843 1783 5892 exstat
1822 5837 1877 5894 in
1904 5846 2052 5897 textu
2083 5840 2237 5911 nigra
2264 5840 2457 5900 lineola
2495 5843 2945 5901 subternotatum.
