4174 6546
704 451 808 508 867
1558 449 1613 505 S.
1651 448 2019 503 ATIMNASII
2059 443 2208 501 OPP.
2248 442 2429 498 PARS
2469 443 2552 495 lli.
2603 473 2658 482 »ο
2703 442 3110 496 EXEGETICA.
3838 437 3942 492 868

780 575 867 630 9.7.
905 575 1152 644 Vespere,
1178 584 1228 628 et
1255 587 1430 636 mane,
1459 581 1512 626 et
1535 570 1759 625 meridie
1792 570 2050 634 narrabo,
2292 574 2337 626 Α

2292 574 2337 626 Α
2433 565 2519 618 '27.
2554 567 2627 630 (a)
2669 564 2956 635 Ἐσπὲρας,
2991 565 3082 616 καί
3119 563 3282 632 πρωϊ,
3329 563 3420 616 καὶ
3462 561 3812 632 μεσημϐρίας
3858 561 3939 612 διο

2375 657 2644 726 ηγήσομαι
2667 693 2682 719 .

776 752 865 806 28.
891 751 955 803 Et
990 749 1339 814 annnntiabo,
1363 759 1414 802 et
1443 746 1694 802 exaudiet
1717 761 1907 800 vocem
1941 760 2140 800 meam.

2439 748 2526 802 28.
2546 750 2652 801 Καὶ
2672 748 2983 816 ἀπαγγελῶ,
2999 748 3092 801 καὶ
3107 747 3477 800 εἰσακούσεται
3492 747 3590 817 τῆς
3606 747 3793 814 φωνῆς
3815 762 3936 815 μου.

777 841 867 895 29.
896 840 1141 894 Redimet
1177 840 1227 892 in
1277 852 1406 908 pace
1445 840 1680 892 animam
1721 851 1892 890 meam
1933 835 2000 889 ab
2038 834 2143 898 his,
2176 833 2269 903 qui

2439 841 2526 897 29.
2557 840 2903 912 Λυτρώσεται
2936 844 2992 894 ὲν
3022 843 3208 913 εἰρήνῃ
3231 842 3330 910 τὴν
3359 841 3534 910 ψυχήν
3565 857 3667 910 μου
3691 838 3804 893 ἀπὸ
3831 838 3941 892 τῶν

707 933 1142 1002 appropinquant
1167 931 1295 983 mihi
1325 949 1340 984 :

1201 931 1295 983 iihi
1325 949 1340 984 :
2373 935 2697 1004 ἐγγιζόντων
2729 952 2818 1005 μοι
2837 951 2849 963 ·

779 1023 867 1078 50.
900 1022 1167 1089 Quoniam
1201 1024 1337 1076 inter
1370 1021 1565 1074 multos
1588 1026 1742 1073 erant
1775 1033 2007 1072 mecum.

1835 1033 2007 1072 ἓουῐιιο
2442 1028 2530 1081 50.
2569 1026 2695 1078 Ὅτε
2724 1027 2781 1078 ὲν
2814 1024 3023 1088 πολλοῖς
3049 1019 3186 1095 ἦσαν
3212 1024 3306 1076 σὺν
3341 1023 3483 1093 ἐμοί.

776 1113 863 1167 3|.
899 1105 1157 1166 Exaudiet
1191 1110 1354 1175 Deus,
1406 1119 1460 1164 et
1504 1108 1814 1163 humiliabit
1853 1108 1998 1174 illos,
2043 1107 2137 1176 qui
2187 1115 2272 1162 est

2443 1119 2530 1171 51.
2568 1117 2954 1171 Εἰσακούσεται
2981 1120 3009 1170 6
3055 1116 3213 1180 Θεὸς,
3247 1116 3338 1169 καὶ
3366 1115 3690 1168 ταπεινώσει
3718 1111 3938 1176 αὐτοὺς,

711 1197 840 1256 ante
867 1204 1066 1258 ssecula

2373 1212 2401 1263 6
2432 1209 2689 1282 ὑπάρχων
2718 1209 2824 1280 πρὸ
2854 1209 2962 1262 τῶν
2986 1208 3217 1262 αἰώνων.

1332 1293 1552 1363 Diapsal
1558 1311 1662 1346 ma.
2970 1328 2980 1352 γ

1656 1331 1662 1345 ι
2970 1299 3071 1353 Διά
3083 1303 3200 1368 μοαλ
3200 1316 3304 1368 μα.

776 1385 867 1440 52.
890 1383 1010 1441 Non
1045 1387 1186 1440 enim
1218 1397 1300 1442 est
1323 1388 1428 1442 illis
1460 1384 1837 1448 commulatio,
1863 1379 2122 1452 quoniam
2163 1394 2268 1434 non

2442 1392 2528 1446 52.
2555 1392 2629 1444 Οὐ
2661 1391 2768 1461 γάρ
2799 1393 2943 1443 ἐστιν
2969 1393 3149 1454 αὐτοῖς
3183 1390 3553 1460 ἀντάλλαγμα,
3582 1391 3665 1443 ὅτι
3690 1391 3790 1444 οὐκ
3816 1391 3937 1458 ἐφοο

710 1478 1007 1533 timuerunt
1029 1477 1222 1534 Deum.

2370 1482 2614 1552 δήθησαν
2646 1482 2736 1534 τὸν
2764 1481 2916 1533 Θεόν.

776 1569 863 1624 55.
903 1570 1155 1624 Extendit
1189 1586 1409 1624 manum
1438 1585 1591 1624 suam
1621 1570 1672 1623 in
1705 1567 2055 1621 rctrihuendo
2082 1583 2093 1618 :

2438 1576 2528 1630 33.
2582 1574 2841 1638 Ἐξέτεινε
2876 1572 2974 1645 τὴν
2999 1575 3154 1643 χεῖρα
3189 1572 3351 1625 αὑτοῦ
3393 1575 3448 1624 ὲν
3489 1571 3566 1642 τῷ
3608 1571 3933 1624 ἀποδιδόναι.

775 1659 864 1714 54.
897 1659 1420 1714 Contaminaverunt
1450 1668 1833 1714 testamentum
1857 1658 1975 1727 ejus
2006 1674 2019 1711 :

1958 1673 1975 1710 3
2006 1674 2019 1711 ε
2442 1668 2527 1721 54.
2574 1667 2944 1737 Ἐϐεϐήλωσαν
2977 1667 3074 1735 τὴν
3120 1665 3382 1734 διαθήκην
3414 1663 3606 1716 αὐτοῦ’

776 1752 866 1807 55.
894 1753 1064 1808 Divisi
1098 1761 1222 1809 sunt
1247 1755 1314 1807 ab
1353 1754 1434 1807 ira
1461 1753 1642 1806 vultus
1663 1752 1805 1821 ejus.

2442 1759 2528 1813 55.
2554 1758 2978 1829 Διεμερίσθησαν
3001 1758 3107 1809 ἀπὸ
3127 1757 3294 1827 ὀργῆς
3314 1755 3406 1808 τοῦ
3432 1754 3724 1826 προσώπου
3752 1753 3933 1817 αὐτοῦ,

779 1844 866 1899 36.
905 1844 969 1898 Et
999 1846 1566 1916 appropinquaverunt
1609 1843 1772 1898 corda
1818 1857 2030 1896 eorum.

1853 1857 2030 1895 Ol'llm-
2442 1850 2529 1905 36.
2571 1852 2678 1904 Καὶ
2710 1852 2942 1921 ἤγγισαν
2973 1852 3029 1904 αἰ
3061 1849 3276 1922 καρδίαι
3306 1849 3501 1903 αὐτῶν.

773 1958 861 2012 57.
891 1957 1078 2013 Molliti
1110 1966 1236 2013 sunt
1266 1973 1546 2013 sermones
1575 1972 1765 2012 eorum
1800 1970 1962 2025 super
1984 1952 2188 2016 oleum,
2301 1928 2346 1987 Β

2182 1992 2188 2014 ,
2301 1928 2346 1987 Β
2445 1943 2532 1997 57.
2577 1942 2987 2013 Ἦπαλύνθησαν
3015 1943 3063 1996 οἱ
3090 1943 3234 2010 λόγοι
3264 1941 3444 1995 αὐτῶν
3470 1941 3607 2009 ὑπὲρ
3632 1941 3830 2004 ἔλαιον,

783 2049 869 2104 58.
897 2049 963 2104 Et
992 2051 1092 2120 ipsi
1124 2059 1251 2106 sunt
1277 2050 1484 2120 jacula.

2445 2035 2535 2088 38.
2567 2036 2677 2087 Καὶ
2708 2035 2860 2088 αὑτοί
2893 2035 2999 2086 εἰσι
3031 2033 3248 2104 βολίδες.

781 2140 869 2195 59.
903 2139 1054 2196 Jacta
1091 2158 1254 2213 super
1285 2142 1574 2196 Dominum
1609 2156 1798 2196 curam
1846 2147 2018 2204 tuam,
2059 2146 2113 2192 et
2155 2136 2270 2206 ipse

2445 2129 2532 2183 39.
2583 2128 2894 2199 Ἐπίρῤιψον
2921 2127 3012 2179 ἐπὶ
3043 2126 3243 2198 Κύριον
3271 2127 3369 2196 τὴν
3398 2124 3666 2196 μέριμνάν
3699 2140 3817 2185 σου,
3846 2122 3932 2175 καὶ

711 2243 762 2290 te
791 2233 1026 2288 enutriet
1052 2253 1065 2288 :

2375 2221 2534 2283 αὑτός
2558 2237 2617 2272 τε
2641 2219 2943 2290 διαορὲψεν

783 2323 868 2376 40.
904 2319 1024 2377 Non
1060 2325 1210 2380 dabit
1244 2327 1298 2381 in
1327 2337 1586 2382 αξιοι-ηοω
1621 2323 2022 2380 ﬂuctuationem
2049 2321 2220 2391 justo.

2114 2327 2220 2374 sto.
2447 2312 2532 2367 40.
2561 2314 2634 2366 Οὐ
2660 2313 2817 2365 δώσει
2845 2314 2923 2375 εἰς
2949 2311 3038 2365 τὸν
3066 2310 3235 2364 αἰῶνα
3264 2310 3418 2363 σάλον
3443 2308 3521 2379 τῷ
3547 2307 3757 2378 δικαίῳ.

779 2416 863 2469 Η.
900 2415 979 2472 Τιι
1004 2434 1153 2485 vero,
1185 2419 1347 2485 Deus,
1373 2421 1607 2475 deduecs
1635 2435 1730 2475 eos
1766 2419 1819 2471 in
1869 2425 2091 2486 puteum
2135 2412 2273 2464 inte-

2446 2407 2534 2460 41.
2566 2407 2636 2459 Σὺ
2663 2405 2739 2470 δὲ,
2764 2408 2792 2458 6
2822 2405 2974 2471 Θεὸς,
3010 2403 3259 2467 κατάξεις
3291 2401 3483 2464 αὐτοὺς
3511 2403 3590 2464 εἰς
3623 2400 3802 2471 φρέαρ
3829 2398 3934 2452 δια-

715 2509 871 2562 ritus.
1516 2509 1521 2514 ⁴

1516 2509 1521 2514 ‘
2379 2498 2603 2570 φθορᾶς.
2934 2528 2935 2531 η

780 2601 869 2654 42.
903 2599 1017 2653 Viri
1052 2599 1406 2667 sanguinem,
1435 2605 1489 2651 et
1521 2595 1721 2660 dolosi,

2444 2591 2532 2644 82.
2569 2589 2790 2661 ’Ἄνδρες
2823 2588 3069 2659 αἱμάτων
3107 2588 3199 2640 καὶ
3229 2586 3554 2657 δολιότητος,

781 2692 872 2747 45.
901 2691 1020 2745 Non
1051 2690 1411 2745 dimidiabnnt
1442 2689 1558 2745 dies
1593 2703 1744 2744 suos.

2447 2684 2534 2738 45.
2572 2684 2644 2737 Οὐ
2675 2683 2749 2754 μὴ
2781 2681 3112 2754 ἡμισεύσωσι
3140 2680 3236 2744 τάς
3262 2680 3472 2751 ἡμέρας
3502 2679 3699 2732 αὐτῶν.

786 2805 863 2878 (a)
887 2804 1038 2862 Vers.
1071 2805 1161 2870 27,
1168 2804 1487 2878 ιἘσπέρας,
1517 2816 1619 2862 etc.
1653 2804 1963 2874 ἀπαγγελῶ.
2007 2802 2142 2859 Vers
2171 2802 2262 2868 28,
2304 2802 2413 2856 Καὶ

1095 2804 1487 2878 ΠηἙσπέρας,
1517 2816 1619 2862 etc.
1653 2804 1963 2874 ἀπαγγελῶ.
2007 2802 2142 2859 Vers
2171 2802 2262 2868 28,
2304 2802 2413 2856 Καὶ
2447 2803 2608 2867 εἰσα.,
2637 2813 2743 2856 etc.

1847 3003 2212 3060 ATHANASH
2257 2999 2830 3055 lNTERPllE'l‘ATlO.

783 3163 874 3218 27.
910 3163 1041 3216 Sine
1076 3160 1480 3216 intermissione
1506 3175 1670 3214 orans
1697 3158 1993 3214 confitebor
2019 3158 2134 3212 tibi.
2303 3165 2344 3220 (ς

2303 3165 2344 3220 C
2444 3157 2533 3210 27.
2573 3157 2891 3220 Ἀπαύστως
2939 3141 3192 3227 δεόμενος
3223 3157 3300 3227 (ί)
3331 3156 3792 3229 ὲξομολογήσομαί
3839 3175 3932 3212 σοι.

785 3255 876 3309 28.
905 3253 972 3307 Ει
1006 3254 1220 3324 quoties
1249 3253 1494 3308 clamabo
1524 3254 1589 3307 ad
1629 3269 1774 3318 eum,
1801 3262 1858 3306 ut
1896 3253 2116 3322 impleat
2146 3251 2280 3322 peti-

2451 3251 2539 3305 28.
2571 3251 2677 3303 Καὶ
2707 3251 2897 3312 ὁσάκις
2950 3250 3015 3303 ἂν
3043 3250 3119 3321 (2)
3151 3250 3433 3321 ἀναϐοήσω
3461 3250 3596 3323 πρὸς
3617 3251 3778 3304 αὑτὸν
3809 3252 3939 3322 πλη-

719 3346 920 3400 tionem
949 3361 1148 3406 meam,
1181 3355 1234 3399 et
1268 3359 1453 3399 curam
1485 3343 1590 3398 mei
1619 3353 1812 3399 sumet.

2383 3341 2550 3412 ρῶσαι
2584 3342 2642 3394 τὸ
2671 3342 2878 3412 αἴτημά
2914 3360 3012 3412 μου
3035 3383 3048 3405 ,
3083 3343 3176 3394 καὶ
3218 3343 3469 3413 πρόνοιάν
3503 3363 3602 3414 μου
3636 3348 3934 3416 ποιήσεται.

786 3437 875 3492 29.
908 3436 1178 3492 Liberabit
1228 3437 1396 3505 gratia
1447 3452 1541 3492 sua
1582 3438 1818 3490 animam
1854 3450 2026 3489 meam
2068 3433 2135 3487 ab
2176 3433 2282 3486 im-

2449 3431 2537 3484 29.
2575 3431 2918 3500 Λυτρώσεται
2940 3433 3027 3485 διὰ
3057 3433 3154 3502 τῆς
3184 3433 3400 3502 χάριτος
3430 3435 3592 3488 αὑτοῦ
3626 3437 3723 3507 τὴν
3769 3438 3937 3507 ψυχήν

721 3530 904 3599 probis
935 3527 1380 3596 cogitationibus.

2384 3539 2486 3592 μου
2516 3523 2620 3575 ἀπὸ
2650 3524 2755 3575 τῶν
2785 3525 3033 3596 πονηρῶν
3059 3525 3349 3594 λογισμῶν.

791 3618 879 3672 50.
907 3616 1175 3684 Quoniam
1210 3617 1394 3669 multa:
1422 3623 1576 3669 erant
1608 3614 1661 3667 in
1689 3617 1852 3668 corde
1893 3627 2043 3667 meo.

2031 3653 2043 3667 .
2456 3615 2544 3668 50.
2584 3616 2704 3668 Ὅτι
2732 3616 2914 3669 πολλοὶ
2946 3613 3084 3687 ἦσαν
3117 3618 3174 3669 ὲν
3207 3620 3272 3688 τῇ
3309 3617 3504 3688 καρδίᾳ
3550 3635 3671 3688 μου.

790 3709 877 3763 51.
909 3708 1351 3778 Deprecationem
1396 3722 1570 3762 meam
1619 3706 1674 3759 in
1727 3707 1887 3758 linem
1929 3706 2182 3768 adducet,
2228 3714 2283 3758 et

2455 3708 2541 3762 51.
2573 3708 2663 3770 Εἰς
2692 3707 2859 3779 πέρας
2883 3710 3078 3775 ἀγαγεί
3100 3710 3198 3779 τὴν
3223 3709 3404 3779 δέησίν
3429 3727 3530 3778 μου
3555 3709 3648 3763 καὶ
3674 3710 3941 3781 ὑποστρώ-

722 3801 1032 3858 substernet
1056 3817 1150 3856 eos
1176 3802 1400 3870 pedibus
1438 3801 1573 3854 meis
1606 3798 1767 3864 Deus,
1791 3798 1884 3868 qui
1921 3808 2043 3853 ante
2067 3799 2281 3853 szecula.

2067 3799 2281 3853 smcula.
2385 3817 2464 3851 σει
2495 3799 2687 3860 αὐτοὺς
2715 3802 2827 3861 τοῖς
2854 3800 2977 3850 ποσί
3004 3817 3102 3868 μου
3137 3802 3164 3851 6
3197 3798 3515 3870 προαιώνιος
3541 3800 3691 3862 Θεός.

796 3897 885 3950 52.
919 3893 1034 3948 Non
1068 3895 1214 3949 enim
1245 3894 1379 3962 ipsis
1415 3902 1617 3962 parcet.
2383 3929 2435 3960 γ,

2383 3929 2400 3960 γ
2419 3936 2435 3951 ,
2454 3890 2540 3944 52.
2567 3891 2640 3942 Οὐ
2674 3889 2783 3960 γάρ
2813 3893 3221 3962 συγχωρήσεται
3253 3895 3326 3961 (5)
3361 3893 3562 3954 αὐτοῖς.

791 3989 882 4043 55.
917 3985 1165 4040 Detinuere
1203 4000 1288 4039 me
1326 3983 1498 4038 voluit
1541 3984 1814 4046 inimicus,
1853 3996 1976 4036 cum
2025 3997 2112 4036 me
2143 3978 2284 4035 Deus

2455 3982 2544 4036 33.
2569 3984 2874 4052 Κατασχεῖν
2901 4000 2966 4053 με
2990 3982 3248 4052 ἠθέλησεν
3270 3985 3299 4034 6
3321 3983 3512 4054 ἐχθρὸς
3534 3986 3592 4036 ὲν
3610 3983 3688 4054 τῷ
3710 3985 3802 4039 τὸν
3816 3985 3939 4039 Θεὸν

727 4075 980 4132 liberaret
1008 4092 1037 4130 a
1063 4083 1306 4145 peccato.

2385 4073 2706 4144 λυτροῦσθαί
2742 4074 2936 4142 με’άπὸ
2967 4074 3066 4142 τῆς
3091 4074 3379 4144 ἁμαρτίας.

799 4174 884 4227 34.
912 4172 1426 4227 Contaminaverunt
1458 4170 1704 4225 homines
1745 4168 2050 4238 iniquitate.

2457 4166 2543 4219 54.
2581 4166 2874 4236 Ἐμόλυναν
2921 4167 3042 4230 τοὺς
3075 4166 3387 4238 ἀνθρώπους
3433 4169 3520 4223 διὰ
3563 4171 3663 4239 τῆς
3695 4173 3934 4242 ἀνομίας.

798 4355 887 4412 55.
921 4355 1133 4425 Decepti
1163 4363 1292 4412 sunt
1316 4352 1562 4410 homines
1592 4369 1621 4408 a
1651 4351 1957 4406 daamonum
1989 4351 2214 4405 malitia.

2456 4342 2544 4396 55.
2573 4341 2957 4413 Ἦπατὴθησαν
2986 4344 3033 4395 οἱ
3058 4343 3328 4414 ἄνθρωποι
3360 4345 3466 4398 ἀπὸ
3496 4345 3591 4414 τῆς
3616 4349 3812 4412 κακίας
3838 4347 3936 4401 τῶν

2389 4434 2674 4503 δαιμόνων.

803 4529 889 4586 36.
917 4528 980 4583 Et
1004 4528 1164 4582 corda
1186 4542 1372 4582 eorum
1401 4528 1654 4584 conclusa
1678 4535 1822 4583 sunt.
2313 4529 2363 4588 D

2313 4529 2363 4588 D
2458 4525 2544 4578 36.
2582 4525 2689 4577 Καὶ
2728 4525 3174 4596 συνεκλείσθησαν
3199 4529 3254 4580 αἰ
3288 4529 3504 4599 καρδίαι
3528 4529 3718 4585 αὐτῶν.

806 4623 888 4675 37.
918 4620 1237 4691 Deceptione
1261 4621 1490 4690 peccati.
2453 4619 2454 4662 1

2453 4617 2539 4669 37.
2568 4617 2644 4687 Τῇ
2673 4617 2854 4688 ἀπάτῃ
2879 4619 2974 4687 τῆς
3009 4611 3295 4689 ἁμαρτίας.

804 4715 890 4768 58.
914 4712 1190 4780 Tanquam
1232 4728 1389 4786 argos
1420 4711 1615 4766 sublati
1643 4720 1769 4765 sunt
1796 4711 1865 4764 ab
1889 4711 2024 4779 ipso.

1983 4724 2024 4762 πρ.
2455 4708 2541 4761 58.
2585 4708 2670 4771 Ὠς
2698 4707 2847 4772 τόξον
2877 4709 3189 4780 ὲπάρθησαν
3222 4711 3314 4762 ἀπ’
3345 4710 3508 4764 αὐτοῦ
3542 4711 3631 4781 (4).

804 4802 892 4855 59.
923 4801 1218 4870 Deprecare
1245 4800 1551 4865 Dominum,
1573 4809 1626 4853 ct
1654 4799 1766 4868 ipse
1794 4809 1844 4852 te
1874 4797 2189 4851 vivilicahlt.

2454 4801 2541 4855 39.
2564 4802 2789 4875 Δεήθητι
2816 4802 2908 4855 τοῦ
2938 4803 3142 4874 Κυρίου
3159 4842 3172 4866 ,
3204 4804 3298 4856 καὶ
3325 4803 3486 4868 αὑτός
3511 4822 3569 4858 σε
3598 4807 3931 4880 ζωοποιήσει.

812 4892 892 4948 ω.
918 4890 1035 4944 Non
1061 4892 1292 4961 patietur
1315 4907 1553 4961 unquam
1585 4891 1781 4945 tentari
1802 4891 2010 4959 justum
2045 4889 2092 4920 "

2460 4890 2546 4943 40.
2576 4891 2687 4943 Οὐκ
2716 4891 2862 4944 ἐάσει
2893 4895 3021 4946 ποτὲ
3057 4893 3412 4964 πειρασθῆναι
3432 4896 3523 4951 τὸν
3544 4898 3770 4956 δίκαιον.

809 4985 892 5038 41.
922 4983 978 5037 ln
1007 4982 1189 5038 futuro
1216 4985 1414 5037 seculo
1442 4985 1737 5039 daemones.

2467 4979 2557 5033 M.
2584 4981 2673 5034 Ἐν
2705 4981 2781 5051 τῷ
2814 4982 3054 5052 μέλλοντι
3083 4984 3236 5037 αἰῶνι
3260 4985 3386 5047 τοὺς
3416 4986 3693 5058 δαίμονας.

804 5075 893 5130 42.
927 5074 1132 5130 lnlmici
1158 5083 1468 5144 potestates.

2465 5071 2554 5126 42.
2596 5073 2660 5125 Αἰ
2694 5072 2786 5125 τοῦ
2821 5074 3012 5146 ἐχθροῦ
3045 5076 3318 5145 δυνάμεις.

801 5165 890 5220 45.
917 5164 1085 5219 Erant
1123 5167 1265 5220 enim
1286 5167 1656 5233 immortales;
1693 5168 1970 5222 tradentur
2005 5179 2183 5223 autem
2233 5172 2287 5225 in

2465 5163 2551 5216 45.
2583 5160 2761 5217 Ἷῐσαν
2789 5166 2897 5236 γάρ
2942 5167 3195 5222 ἀθάνατοι
3220 5185 3234 5198 ⁸
3280 5169 3745 5242 παραδοθήσονται
3785 5173 3839 5229 δὲ
3868 5175 3935 5238 εἰς

741 5255 918 5326 ignem
946 5266 1208 5311 aeternum
1231 5257 1362 5328 ipsis
1383 5269 1760 5328 praeparatum.

2396 5260 2454 5314 τὺ
2481 5262 2590 5334 πῦρ
2617 5263 2676 5316 τὸ
2703 5262 2934 5328 αἰώνιον,
2969 5266 3029 5318 τὸ
3056 5267 3450 5338 ἡτοιμασμένον
3492 5269 3695 5332 αὐτοῖς.

810 5411 854 5445 ⁷⁸
891 5411 912 5466 l
943 5411 1069 5466 Cor.
1099 5428 1153 5480 ι,
1186 5413 1272 5468 15.

1678 5532 1981 5594 Addenda
2019 5540 2080 5594 et
2135 5531 2508 5610 corrigenda
2537 5548 2614 5591 ex
2640 5531 2780 5591 cod.
2815 5531 3013 5593 Valle.

815 5693 892 5767 ﬂ)
925 5694 991 5767 Δὶ
1028 5695 1296 5765 ἐσόμενος.
1397 5766 1401 5767 γ
2258 5765 2264 5767 Α
2472 5697 2545 5763 (5)
2575 5695 3080 5767 Συγχωρηθήσεται.

814 5763 890 5833 (2)
929 5766 1038 5846 ’ᾼν
1061 5763 1260 5846 deest:
1283 5766 1444 5834 paulo
1474 5778 1613 5837 post,
1654 5768 1860 5839 αἴτημά
1892 5785 2003 5834 σου,
2038 5769 2130 5821 καὶ
2161 5765 2294 5836 πρό-

1249 5766 1444 5834 :paulo
1474 5778 1613 5837 post,
1654 5768 1860 5839 αἴτημά
1892 5785 2003 5834 σου,
2038 5769 2130 5821 καὶ
2161 5765 2294 5836 πρό·
2472 5767 2547 5836 (4)
2574 5766 2661 5819 Ἐν
2685 5763 2880 5830 αὐτοῖς.

744 5849 891 5887 νοιαν
927 5839 1088 5887 αὑτοῦ
1119 5839 1422 5908 ποιήσηται.
