4174 6504
248 436 368 493 875
1142 441 1228 496 DE
1270 442 1544 502 Tl'l’ULIS
1585 447 2025 509 PSALMORUM.
2068 487 2138 497 —-
2179 458 2376 517 PSAL.
2420 463 2554 519 LVI.
3388 479 3492 536 874

323 554 380 610 3.
421 555 530 609 Kal
556 558 614 609 ὲν
642 557 709 628 τῇ
747 559 876 630 σκιᾷ
906 559 1012 613 τῶν
1045 561 1333 633 πτερύγων
1365 581 1459 618 σου
1493 565 1682 632 ὲλπιῶ,
1854 581 1903 637 Α

330 644 348 662 Ι
394 644 460 662 νυ
593 641 620 662 1'
785 649 859 662 ΛΑ
938 652 952 662 α
999 651 1012 662 ι
1139 653 1152 662 ι

1618 568 1682 632 ὦ,
1854 581 1903 637 Α
2013 575 2066 631 3.
2119 575 2185 630 Et
2209 577 2263 631 in
2298 581 2489 635 umbra
2528 584 2739 639 alarum
2772 594 2987 644 tuarum
3014 592 3263 662 sperabo,

317 644 377 699 ι.
394 644 538 709 Ἕως
563 641 625 701 οὗ
659 649 898 721 παρέλθῃ
927 652 960 722 ἡ
987 651 1211 723 ἀνομία.

1998 668 2050 721 4.
2105 668 2289 726 Donec
2331 678 2570 729 transeat
2609 675 2891 745 iniquitas.

320 734 376 789 5.
418 737 767 811 Κεκράξομαι
799 743 932 813 πρὸς
963 744 1055 798 τὸν
1085 745 1218 799 Θεὸν
1244 745 1334 800 τὸν
1362 746 1606 818 ὕψιστον,

1422 765 1606 813 ριστον,
1997 758 2050 812 5.
2094 759 2355 817 Clamabo
2385 764 2452 818 ad
2481 763 2648 820 Deum
2693 734 3018 827 altissimum
3055 792 3070 830 :

319 825 375 880 6.
417 829 518 881 Τὸν
544 830 676 883 Θεὸν
701 832 791 885 τὸν
817 835 1076 909 εὑεργετή
1086 838 1255 892 σαντά
1289 856 1376 909 με.

1225 838 1255 892 ά
1289 856 1376 909 με.
1997 847 2049 902 6.
2105 848 2272 905 Dcum
2297 853 2392 920 qui
2418 853 2686 911 benel'ecit
2718 859 2873 915 mihi.

322 916 374 969 7.
403 917 804 984 Ἐξαπέστειλεν
835 925 894 989 ἐξ
924 926 1171 997 οὐρανοῦ,
1202 931 1296 984 καὶ
1328 931 1498 985 ἔσωσέ
1526 949 1622 1004 με·

1440 933 1498 985 σέ
1526 949 1622 1004 με·
1999 940 2049 994 7.
2103 939 2248 997 Misit
2275 916 2343 999 de
2374 946 2535 1011 caelo,
2568 955 2622 1002 ct
2659 950 2911 1009 liberavit
2950 969 3035 1010 me
3070 974 3084 1011 :

318 1007 372 1062 8.
392 1011 627 1068 Ἔδωκεν
653 1015 734 1079 εἰς
764 1015 961 1081 ὖνειδος
987 1021 1113 1084 τοὺς
1146 1025 1594 1089 καταπατοῦντάς
1630 1044 1716 1096 με.

1630 1044 1716 1096 με.
1986 1029 2040 1085 8.
2099 1029 2252 1088 Dedit
2276 1034 2329 1088 in
2369 1007 2720 1108 opprobrium
2754 1007 3139 1104 conculca-utea;
3172 1065 3276 1106 me.

317 1101 374 1158 9.
402 1104 806 1169 Ἐξαπέστειλεν
848 1110 877 1161 6
919 1108 1050 1175 Θεὸς
1090 1112 1150 1166 τὸ
1197 1114 1347 1179 ἔλεος
1390 1118 1575 1181 αὑτοῦ,
1601 1120 1694 1172 καὶ
1727 1120 1824 1191 τὴν

1997 1123 2050 1178 9.
2105 1123 2249 1181 Misit
2296 1126 2437 1184 Deus
2483 1131 2916 1193 misericordiam
2968 1154 3145 1206 suam,
3189 1152 3244 1198 et
3288 1143 3485 1200 verita-

238 1195 504 1266 ἁλήθειαν
532 1197 695 1251 αὐτοῦ
718 1217 731 1228 ·

620 1197 695 1251 :06
718 1217 731 1228 ·
1925 1223 2030 1270 tem
2067 1232 2221 1272 suam
2257 1237 2268 1272 ε

315 1289 403 1343 10.
446 1291 556 1344 Kal
597 1292 864 1364 ἐρρύσατο
903 1296 1005 1368 τὴν
1047 1297 1224 1371 ψυχήν
1256 1319 1357 1373 μου
1391 1304 1454 1358 ἐκ
1498 1308 1664 1377 μέσου
1691 1310 1821 1364 σκύ-

1998 1308 2083 1363 10.
2136 1308 2200 1362 Ει
2233 1311 2433 1381 eripuit
2474 1314 2714 1370 animam
2750 1333 2924 1374 meam
2965 1321 3030 1376 de
3071 1322 3248 1378 medio
3282 1325 3487 1381 catulo-

241 1399 398 1451 μνων
417 1400 429 1413 ⁸

1925 1414 2045 1452 rum
2084 1399 2304 1454 leonum
2342 1420 2353 1456 :

318 1476 406 1528 11.
449 1477 774 1549 Ἐκοιμήθην
803 1486 1223 1564 τεταραγμένος.

1117 1504 1223 1550 νος.
1995 1491 2082 1544 11.
2121 1489 2357 1546 Dormivi
2391 1493 2765 1552 conturbatus.

318 1566 407 1619 19..
442 1568 559 1621 Υίοὶ
573 1569 894 1643 ἀνθρώπων.
910 1576 958 1627 οἱ
978 1575 1188 1642 ὀδόντες
1209 1581 1386 1636 αὐτῶν
1401 1583 1538 1637 ὅπλα
1556 1585 1649 1638 καὶ
1668 1585 1812 1658 βέλη·

1995 1583 2078 1636 12.
2111 1583 2230 1639 Filii
2251 1586 2554 1652 hominum,
2579 1589 2765 1646 dentes
2789 1607 2976 1646 eorum
3004 1610 3154 1652 arma
3179 1609 3230 1656 ct
3247 1602 3482 1668 sagittae.

319 1657 406 1710 15.
436 1660 545 1712 Kal
573 1662 606 1730 ἡ
632 1660 850 1729 γλῶσσα
877 1664 1058 1720 αὐτῶν
1090 1670 1332 1743 μάχαιρα
1361 1673 1527 1737 ὀξεῖα.

1415 1674 1527 1737 ista.
1993 1679 2080 1735 15.
2112 1678 2178 1736 Ει
2203 1681 2383 1751 lingua
2416 1699 2606 1738 eorum
2635 1686 2846 1755 gladius
2872 1701 3063 1749 acutus

312 1748 400 1802 H.
446 1751 715 1824 ’Υψώθητι
752 1757 842 1810 ἐπὶ
866 1759 992 1823 τοὺς
1022 1762 1304 1832 οὐρανοὺς,
1329 1764 1358 1816 6
1384 1765 1534 1830 Θεόςο

1334 1764 1358 1816 ὁ
1384 1765 1534 1830 Θεόςο
1992 1770 2078 1825 14.
2109 1748 2357 1829 Exaltare
2385 1789 2544 1844 super
2575 1748 2762 1843 etelos,
2794 1777 2934 1837 Deus
2971 1799 2982 1834 :

318 1841 408 1894 15.
437 1842 546 1895 Kal
568 1843 659 1896 ἐπὶ
685 1848 870 1902 πᾶσαν
889 1849 988 1920 τὴν
1005 1853 1118 1924 ,γῆν
1151 1856 1184 1925 ὴ
1213 1854 1338 1922 δόξα
1369 1873 1481 1910 σου.

1307 1874 1338 1909 α
1369 1873 1481 1910 σου.
1993 1862 2080 1917 15.
2115 1861 2180 1916 Ει
2211 1864 2266 1918 in
2296 1841 2617 1922 omni—terra
2642 1841 2812 1940 gloria
2842 1878 2955 1936 tua,

313 1934 401 1989 16.
434 1935 646 2005 Παγ.δα
667 1940 969 2013 ἡτοίμασαν
996 1947 1112 2010 τοῖς
1143 1949 1269 2002 ποσί
1302 1967 1424 2020 μου’
1843 1954 1891 2014 Β

1843 1954 1891 2014 Β
1990 1954 2077 2009 16.
2109 1954 2387 2027 Laqueum
2415 1934 2742 2028 paraverttnt
2769 1934 2995 2033 pedibus
3023 1969 3160 2026 meis
3193 1988 3205 2025 :

312 2025 400 2078 17.
431 2028 540 2081 Kal
573 2029 928 2103 κατέκαμψαν
954 2034 1050 2106 τὴν
1074 2036 1253 2111 ψυχήν
1285 2059 1410 2112 μου.

1997 2046 2082 2101 17.
2117 2046 2181 2102 Ει
2207 2025 2630 2107 incurvaverunt
2657 2025 2894 2112 animam
2925 2074 3122 2118 meam.

311 2118 400 2172 18.
436 2120 671 2191 Ὠρυξαν
694 2124 799 2192 πρὸ
831 2127 1120 2197 προσώπου
1157 2149 1257 2202 μου
1288 2132 1498 2205 βόθρον

1990 2136 2078 2193 18.
2110 2138 2382 2195 Foderunt
2407 2153 2531 2198 ante
2561 2142 2755 2200 faciem
2778 2162 2954 2204 meam
2987 2149 3196 2210 foveam
3225 2173 3242 2212 ;

311 2209 399 2266 19.
429 2212 535 2264 Kal
561 2212 814 2270 ἐνέπεσον
846 2219 926 2282 είς
950 2221 1132 2276 αὐτόν.

1119 2263 1132 2276 .
1988 2230 2073 2286 19.
2105 2231 2170 2286 Ει
2201 2233 2508 2292 inciderunt
2540 2237 2595 2292 in
2624 2253 2764 2295 eam.

806 2311 1120 2384 Διάψαλμα
1148 2317 1247 2387 (a).

1218 2329 1247 2376 ι.
2537 2331 2866 2402 Diapsalma.

303 2393 395 2447 20.
436 2396 713 2472 Ἐτοίμηή
742 2401 938 2474 καρδία
970 2422 1093 2475 μου,
1127 2409 1155 2460 6
1186 2407 1347 2472 Θεός·

1287 2425 1347 2472 ς·
1984 2414 2074 2470 20.
2103 2414 2357 2474 Paratum
2395 2435 2490 2476 cor
2519 2393 2722 2490 meum,
2754 2425 2896 2483 Deus
2921 2447 2935 2484 :

305 2484 392 2538 21.
435 2487 650 2562 Ἐτοίμη
681 2493 714 2564 ή
749 2493 943 2564 καρδία
994 2514 1118 2567 μου,
1154 2498 1375 2571 ᾄσομαι,
1423 2505 1517 2576 καὶ
1559 2503 1715 2575 ψαλῶ
1748 2505 1804 2559 ὲν

1980 2506 2070 2563 Si.
2102 2507 2357 2566 Paratum
2387 2527 2483 2568 cor
2511 2529 2708 2581 meum,
2740 2521 2990 2588 cantabo,
3023 2531 3076 2578 et
3102 2527 3370 2594 psalmum
3402 2529 3482 2585 di-

226 2576 298 2645 τῇ
324 2575 448 2649 δόξῃ
483 2596 606 2648 μου.
1504 2575 1513 2576 ί

1504 2575 1513 2576 ί
1910 2613 2028 2653 cam
2063 2601 2117 2655 in
2152 2602 2321 2672 gloria
2351 2620 2491 2661 mea.

303 2694 380 2765 (α)
405 2695 538 2752 Cod.
567 2694 733 2752 Palat.

1347 2797 1726 2856 ATHANASII
1764 2799 2355 2858 INTERPRETATIO.

224 2937 311 3004 τῷ
349 2939 534 2994 αὐτόν
559 2942 1026 3015 ἀποδιδράσκειν
1058 2951 1174 3006 ἀπὸ
1210 2954 1534 3022 προσώπου
1568 2955 1767 3012 Σαοὺλ
1795 2959 1882 3024 εις
1915 2958 1980 3012 τὸ
2015 2957 2341 3028 σπήλαιον.
2379 2960 2548 3015 Τοῦτο
2568 2957 2661 3016 οὖν
2697 2963 2866 3036 δηλοῖ,
2896 2967 3024 3022 ὅταν
3057 2984 3141 3034 τις
3168 2970 3343 3044 φεύγῃ
3372 2972 3479 3028 ἀπὸ

227 3034 520 3106 προσώπου
551 3039 721 3092 Σαοὺλ
749 3042 830 3103 είς
861 3043 950 3097 τὸν
985 3049 1194 3120 μονήρη
1231 3051 1364 3122 βίον,
1402 3052 1599 3125 μηκέτι
1623 3055 1926 3127 διαφθείρει
1965 3056 2042 3128 (1)
2072 3058 2152 3120 εἰς
2183 3056 2282 3129 τὴν
2319 3058 2412 3112 τοῦ
2443 3061 2648 3132 Κυρίου
2680 3034 2975 3133 πολιτείαν,
3009 3065 3146 3122 ἀλλὰ
3174 3034 3478 3145 ’ίβοᾷί

225 3133 366 3202 πρὸς
394 3132 552 3185 αὐτὸν
578 3133 668 3188 τὸν
703 3138 1055 3208 προκείμενον
1082 3144 1314 3214 ψαλμόν.
1347 3149 1519 3201 Σαοὺλ
1551 3149 1659 3220 γὰρ
1692 3152 1772 3214 είς
1795 3151 1888 3203 τὸν
1921 3151 2164 3206 διάϐολον
2193 3154 2585 3226 ἑρμηνεύεται,
2622 3157 2804 3223 καθὼς
2835 3132 3090 3227 πολλάκις
3121 3132 3442 3236 εἰρήκαμεν;

226 3226 367 3294 fasie
392 3225 523 3282 Saul
553 3231 606 3284 in
641 3231 959 3302 speluncam.
997 3233 1108 3292 Hoc
1144 3238 1310 3309 igitur
1335 3241 1625 3312 signiﬁcat,
1655 3259 1780 3298 cum
1816 3245 1941 3316 quis
1967 3245 2103 3317 fugit
2133 3263 2162 3302 a
2199 3225 2336 3303 facie
2365 3249 2494 3306 Saul
2531 3252 2586 3307 in
2619 3254 2784 3309 vitam
2835 3225 3154 3323 solitariam,
3176 3225 3187 3236 ’
3208 3225 3334 3317 πίση,
3360 3276 3471 3316 am-

224 3318 370 3387 plius
397 3323 700 3392 corrumpit
721 3327 1190 3383 conversationem
1226 3329 1464 3400 Domini,
1499 3334 1594 3387 sed
1632 3335 1920 3392 clamando
1946 3338 2011 3392 ad
2037 3353 2160 3392 eum
2196 3340 2503 3410 appositum
2534 3345 2802 3412 psalmum
2838 3348 2990 3406 dicit.
3026 3349 3156 3405 Saul
3199 3353 3344 3408 enim
3377 3369 3476 3423 pro

222 3411 448 3470 diabolo
475 3417 760 3489 accipitur,
792 3423 1252 3491 quemadmodum
1291 3443 1436 3502 saepe
1476 3430 1740 3488 diximus.

293 3552 350 3607 '5.
385 3553 497 3608 Kal
543 3555 600 3609 ὲν
637 3559 704 3628 τῇ
756 3557 1058 3613 ἀναπαύσει
1082 3561 1190 3615 τῶν
1219 3563 1359 3619 δύων
1398 3583 1489 3620 σου
1531 3566 1806 3639 διαθηκῶν
1834 3576 1875 3632 c

1834 3576 1875 3632 c
1982 3569 2036 3624 3.
2090 3566 2156 3622 Et
2181 3571 2237 3622 in
2273 3569 2552 3643 refrigerio
2583 3571 2818 3632 duorum
2851 3583 3299 3637 testamentorum
3346 3591 3474 3643 tuo-

221 3646 397 3700 ἐλπιῶ
414 3663 429 3677 ⁸

1901 3673 2025 3712 rum
2062 3659 2292 3727 sperabo
2327 3677 2340 3713 :

288 3737 344 3792 ι.
363 3739 505 3802 Ἕως
535 3732 596 3793 οὗ
627 3741 945 3816 συντελεσθῇ
978 3746 1007 3799 6
1037 3745 1259 3818 κόσμος.

1967 3748 2022 3804 ι.
2076 3747 2259 3806 Donec
2303 3763 2717 3809 consummetur
2751 3757 3011 3814 mundus.

291 3829 346 3884 5.
386 3830 747 3903 Δεηθήσομαι,
777 3833 942 3905 λέγει,
971 3837 1064 3892 τοῦ
1102 3838 1238 3893 Θεοῦ
1271 3839 1364 3894 τοῦ
1394 3840 1618 3910 ὑψίστου
1639 3859 1652 3874 ·

1606 3859 1652 3895 ι·
1969 3843 2023 3898 5.
2068 3842 2430 3914 Deprecabor,
2457 3846 2652 3918 inquit,
2689 3846 2858 3904 Deum
2888 3850 3254 3912 altissimum:

291 3920 344 3976 6.
386 3923 488 3975 Τὸν
513 3923 893 3997 δωρησάμενον
922 3929 997 3998 (Ξ)
1023 3929 1091 3983 τὰ
1123 3931 1316 3984 ἑαυτοῦ
1345 3933 1544 3989 πάντα.

1153 3931 1316 3984 αυτοῦ
1345 3933 1544 3989 πάντα.
1969 3935 2022 3991 6.
2083 3934 2184 4002 Qui
2213 3952 2312 3992 sua
2339 3939 2524 3993 omnia
2559 3939 2801 3997 donavit.

289 4013 343 4066 7.
385 4014 487 4068 Τὸν
513 4013 644 4069 Θεὸν
673 4017 845 4086 Λόγον
874 4018 1252 4086 ἐξαπέστειλεν
1279 4023 1308 4075 6
1334 4024 1525 4096 Πατήρ

1279 4023 1308 4075 6
1334 4024 1525 4096 Πατήρ
1965 4028 2014 4082 7.
2067 4027 2235 4083 Deum
2265 4027 2502 4084 Verbum
2535 4031 2683 4086 misit
2718 4033 2906 4092 Pater.

290 4106 344 4159 8.
385 4105 523 4168 Τοὺς
548 4106 806 4177 δαίμονας
831 4110 1003 4180 λέγει.

1963 4116 2016 4171 8.
2067 4117 2348 4176 Dremones
2380 4121 2672 4191 signiﬁcat.

287 4197 342 4251 9.
383 4196 486 4250 Τόν
514 4197 640 4251 Υἱὸν
667 4200 852 4268 αὐτοῦ,
879 4204 973 4255 καὶ
999 4203 1060 4256 τὸ
1086 4205 1308 4276 Πνεῦμα
1342 4207 1507 4261 αὐτοῦ
1532 4207 1594 4262 τὸ
1617 4208 1789 4278 ἅγιον.

1704 4226 1789 4266 .ον.
1966 4209 2020 4265 9.
2077 4209 2273 4267 Filium
2303 4229 2461 4269 suum
2498 4225 2552 4270 et
2587 4223 2836 4272 sanctum
2867 4229 3027 4272 suum
3067 4215 3352 4290 Spiritum.

289 4291 376 4346 10.
393 4291 490 4345 Ἐκ
516 4292 680 4363 μέσου
706 4293 815 4348 τῶν
839 4295 1129 4367 δαιμόνων.

1106 4318 1129 4352 ν.
1965 4301 2052 4358 10.
2100 4302 2174 4358 De
2213 4306 2392 4362 medio
2428 4307 2754 4364 daemonum.

293 4383 380 4438 11.
426 4385 839 4460 Ἀνεπαυσάμην
878 4389 1016 4461 μετὰ
1056 4391 1331 4461 φροντίδος
1367 4392 1475 4446 τῶν
1511 4395 1791 4468 ἁμαρτιῶν

1542 4395 1791 4468 ,μαρτιῶν
1967 4392 2053 4448 11.
2086 4393 2342 4464 Requievi
2371 4397 2636 4454 sollicitus
2673 4399 2740 4454 de
2773 4401 3010 4470 peccatis
3037 4404 3190 4460 meis.

217 4494 347 4547 μου.

287 4568 502 4624 12.Τῶν
523 4571 618 4625 ἀνθ
629 4571 822 4642 ρώπων
838 4577 890 4628 ai
907 4576 1239 4632 διδασκαλίαι
1253 4578 1614 4652 θανατηφόροι
1631 4579 1784 4634 εἰσίν.

1481 4578 1614 4651 ρόροι
1631 4579 1784 4634 εἰσίν,
1961 4569 2047 4624 12.
2079 4568 2344 4627 Doctrina:
2367 4572 2646 4628 hominum
2673 4573 2966 4631 mortiferae
2984 4587 3129 4633 sunt.

285 4663 374 4717 15.
411 4664 519 4717 Kal
547 4666 580 4735 ἡ
610 4665 770 4720 λαλιὰ
800 4667 978 4720 αὐτῶν
1011 4670 1320 4742 ἡκονημένη
1355 4671 1431 4734 είς
1464 4671 1629 4725 κακά.

1488 4671 1629 4725 εαχά,
1963 4661 2050 4715 13.
2081 4660 2146 4715 Et
2173 4663 2384 4732 loquela
2410 4679 2597 4719 eorum
2626 4677 2783 4720 acuta
2815 4667 2882 4720 ad
2913 4668 3136 4723 malum.

285 4754 372 4808 14.
402 4755 694 4829 Δοξάσθητι
725 4759 782 4812 ὲν
813 4762 924 4822 τοῖς
952 4759 1125 4828 ἁγίοις
1153 4778 1267 4826 σου,
1293 4763 1322 4815 6
1349 4762 1500 4826 Θεός.

1417 4763 1500 4826 νός,
1956 4750 2043 4804 14.
2080 4751 2396 4808 Glorillcare
2428 4754 2482 4808 in
2514 4755 2718 4810 sanctis
2749 4757 2877 4820 tuis,
2902 4755 3065 4812 Deus.

284 4843 372 4898 15.
406 4845 513 4897 Kal
546 4846 604 4900 ὲν
640 4847 801 4902 παντὶ
827 4847 906 4918 τῷ
934 4850 1122 4921 κόσμῳ
1151 4853 1185 4923 ἡ
1221 4853 1401 4916 πίστις
1434 4869 1546 4905 σου.

1276 4853 1401 4916 εστις
1434 4869 1546 4905 σου,
1954 4845 2040 4902 15.
2069 4845 2136 4900 Ει
2159 4847 2210 4902 in
2239 4851 2386 4904 omni
2411 4850 2617 4907 mundo
2643 4852 2775 4909 ﬁdes
2812 4863 2924 4910 tua.

285 4931 372 4989 16.
403 4933 466 4987 Οἱ
490 4932 741 5006 δαίμονες
764 4937 860 5008 τὴν
892 4936 1288 5011 (5)’ἀμαρτίαν.
1812 4959 1857 5013 D

1035 4939 1288 5011 μαρτίαν.
1812 4959 1857 5013 D
1962 4937 2044 4992 16.
2081 4938 2358 4997 Daamones
2383 4955 2683 5010 peccatum.

285 5025 373 5079 17.
403 5026 512 5080 Kal
538 5027 791 5083 εἲλκυσαν
822 5030 921 5101 τὴν
948 5030 1125 5102 ψυχήν
1157 5050 1279 5102 μου.

1955 5029 2040 5085 17.
2072 5029 2139 5084 Ει
2172 5041 2450 5088 traxerunt
2482 5036 2717 5090 animam
2746 5053 2941 5092 meam.

283 5115 370 5170 18.
401 5117 745 5190 Ηὺτρέπισάν
780 5140 872 5193 μοι
901 5123 994 5177 τοῦ
1029 5126 1215 5177 πεσεῖν
1251 5127 1330 5188 είς
1361 5125 1457 5197 τὴν
1487 5124 1779 5196 ἁμαρτιαν,

1951 5124 2038 5178 18.
2072 5123 2409 5181 Paraverunt
2444 5129 2576 5184 mihi
2605 5139 2664 5185 ut
2695 5131 2944 5187 caderem
2979 5133 3033 5186 in
3065 5145 3371 5204 peccatum,
3395 5152 3449 5195 et

206 5209 302 5261 καὶ
337 5208 437 5280 ἐμὲ
469 5210 566 5280 μὲν
599 5213 847 5284 ὲρῤύσω·

1878 5231 1965 5271 me
1990 5218 2206 5286 quidem
2238 5219 2500 5276 liberasti.

281 5299 368 5355 19.
416 5302 643 5356 Ἐκεῖνοι
676 5305 730 5359 δὲ
763 5307 1045 5378 ἐνέμειναν
1077 5309 1133 5362 ὲν
1163 5311 1317 5381 αὐτῇ.

1948 5309 2033 5364 19.
2068 5309 2170 5380 lpsi
2197 5324 2374 5366 autem
2411 5315 2465 5367 in
2493 5329 2557 5369 eo
2589 5327 3023 5384 permanserunt.

277 5391 366 5444 20.
404 5393 497 5456 Εἰς
523 5395 582 5447 τὸ
607 5395 816 5467 θέλημά
849 5416 963 5453 σου.

1951 5399 2040 5452 20.
2072 5399 2130 5454 In
2156 5403 2485 5458 voluntatem
2523 5415 2689 5461 tuam.

275 5485 365 5538 21.
406 5485 680 5558 Ἀνυμνῶν
711 5506 803 5542 σου
845 5492 939 5544 καὶ
977 5491 1152 5561 λέγων
1177 5495 1274 5557 τὰς
1305 5495 1511 5567 δωρεὰς
1548 5494 1612 5558 ἃς
1644 5497 1774 5565 ἐχα-

1949 5491 2037 5544 21.
2076 5492 2328 5548 Laudans
2352 5505 2402 5548 et
2429 5513 2690 5555 cnam-ens
2718 5501 2855 5556 dona
2892 5513 3004 5571 tua,
3035 5519 3155 5574 qua
3186 5504 3442 5576 elargitus

203 5575 344 5647 ρίσω
383 5595 492 5648 μοι.

479 5617 492 5630 .
1881 5597 1940 5637 es
1968 5583 2120 5636 mibi.

1144 5719 1451 5781 Addenda
1482 5728 1542 5782 et
1589 5717 1962 5798 corrigenda
1997 5735 2070 5778 ex
2106 5720 2245 5780 cod.
2300 5722 2494 5783 Valic.

272 5879 349 5950 (ί)
389 5880 737 5952 Διαφθείρῃς-
990 5885 1065 5945 (2)
1101 5889 1494 5961 Δωρησέιμενόν
1530 5909 1641 5962 μοι.
1929 5891 2004 5960 (5)
2040 5892 2132 5953 Εις
2155 5893 2274 5962 τήν.

480 5973 749 6032 Pauor"
791 5973 906 6035 Gn.
943 5976 1202 6036 XXVII.

3110 5992 3190 6056 28
