4174 6500
251 445 363 499 877
1127 446 1213 500 DE
1252 444 1523 500 TlTULlS
1560 443 2009 501 PSALMORUM.
2052 477 2111 486 -
2159 444 2351 502 PSAL.
2388 445 2545 501 LVII.
3380 449 3483 505 878

322 561 379 617 6.
416 561 825 633 Ἐπλανήοησαν
854 562 959 616 ἀπὸ
991 565 1245 637 γαστρὸς,
1270 565 1537 636 ἐλάλησαν
1566 565 1755 635 ψευδῆ.
1847 575 1893 630 Α

1592 565 1755 635 δευδῆ.
1847 575 1893 630 Α
1988 566 2040 619 6.
2074 565 2403 622 Erraverunt
2434 567 2501 621 ab
2529 575 2704 633 utero,
2736 567 2898 623 locuti
2933 576 3060 624 sunt
3086 566 3240 623 falsa.

332 653 383 707 7.
408 653 587 723 Θυμὸς
617 654 794 717 αὐτοῖς
821 652 957 706 κατὰ
981 652 1079 726 τὴν
1107 655 1362 725 ὁμοίωσιν
1394 655 1489 709 τοῦ
1518 655 1713 726 ὄφεως,

1997 659 2047 713 7.
2074 658 2249 714 Furor
2273 660 2379 715 illis
2406 661 2700 716 secundum
2730 661 3139 717 similitudinem
3173 662 3484 733 serpentis:

330 744 384 798 8.
425 745 565 797 Ὠσεὶ
583 746 801 808 ἀσπίδος
821 745 1027 816 κωφῆς,
1049 745 1144 799 καὶ
1165 745 1396 818 βυούσης
1416 748 1483 801 τὰ
1500 740 1613 801 ὦτα
1632 749 1818 819 αὐτῆςο

1995 750 2049 803 8.
2087 747 2240 805 Sicut
2272 752 2475 822 aspidis
2508 745 2700 818 surdze,
2728 761 2782 807 et
2811 753 3116 808 obturantis
3138 768 3299 809 aures
3322 769 3486 811 suas:

331 838 385 891 9.
424 839 577 900 Ἱῐτις
605 839 704 890 οὐκ
735 837 1103 891 εἰσακούσεται
1131 838 1313 908 φωνῆς
1333 839 1657 911 ἐπᾳδόντων,
1683 857 1823 911 φαρ-

1994 842 2047 895 9.
2084 841 2218 907 ρυαξ
2261 858 2370 898 non
2414 844 2667 900 exaudiet
2714 860 2899 900 vocem
2955 845 3386 914 incantantium,
3435 854 3487 902 et

258 926 440 995 μακοῦ
465 945 543 988 τε,

518 969 543 988 ν.
1923 935 2166 999 veneﬁcL

333 1018 419 1071 10.
454 1016 527 1090 (α)
549 1016 1007 1088 Φαρμακευομένη
1037 1017 1185 1089 παρά
1210 1016 1392 1087 σοφοῦ.

1276 1016 1392 1087 φοῦ-
1998 1027 2081 1079 10.
2107 1025 2238 1093 Quae
2267 1027 2573 1084 incantatur
2602 1045 2631 1083 a
2666 1030 2924 1099 sapiente.

333 1109 421 1162 11.
464 1110 520 1161 '0
548 1109 675 1171 θεὸς
704 1107 975 1177 συντρίψει
1022 1108 1146 1172 τοὺς
1176 1108 1394 1173 ὀδόντας
1431 1110 1607 1164 αὐτῶν
1647 1112 1706 1165 ὲν
1746 1112 1824 1184 τῷ

1992 1100 2077 1171 ll.
2110 1117 2254 1173 Deus
2282 1127 2520 1174 conteret
2546 1118 2731 1174 dentes
2758 1135 2947 1174 eorum
2981 1119 3034 1174 in
3067 1135 3163 1175 ore
3191 1119 3430 1190 ipsorum
3466 1135 3478 1171 :

258 1201 491 1271 στόματι
520 1200 696 1251 αὐτῶν
711 1214 724 1229 ·

333 1291 419 1344 12.
444 1291 552 1353 Τὰς
577 1290 748 1361 μύλας
770 1291 876 1343 τῶν
904 1290 1133 1345 λεόντων
1160 1292 1479 1346 συνέΘλασεν
1504 1295 1532 1346 6
1554 1293 1775 1365 Κύριος.

1504 1295 1532 1346 ὁ
1554 1293 1775 1365 Κύριος.
1995 1293 2081 1347 12.
2119 1292 2288 1348 Melas
2315 1294 2531 1349 leonum
2563 1292 2829 1364 confregit
2865 1293 3146 1350 Dominus.

334 1385 419 1438 15.
461 1383 997 1455 Ἐξουδενωθήσονται
1024 1384 1153 1436 ὡσεὶ
1176 1383 1319 1457 ὕδωρ
1342 1384 1787 1456 διαπορευόμενον
1806 1403 1819 1415 ·

2000 1383 2085 1436 15.
2105 1384 2183 1438 Ad
2204 1385 2427 1438 nihilum
2446 1386 2727 1441 devenient
2745 1396 2999 1454 tanquam
3015 1400 3153 1454 aqua
3170 1385 3484 1441 decurrens.

330 1476 419 1529 H.
466 1476 694 1527 Ἐντενεῖ
716 1474 776 1528 τὸ
807 1474 956 1540 τόξον
989 1476 1172 1541 αὑτοῦ,
1202 1476 1304 1539 ἕως
1331 1472 1391 1531 οὗ
1416 1477 1819 1547 ἀσθενήσουσιν.

1696 1496 1819 1533 ηιν.
1996 1473 2081 1529 li.
2109 1473 2349 1529 lntcndet
2374 1490 2560 1531 arcum
2586 1491 2766 1538 suum,
2792 1475 2965 1529 donec
2989 1476 3344 1530 iniirmentur.

327 1566 415 1621 15.
456 1566 596 1619 Ὢσεὶ
619 1566 784 1639 κηρὸς
813 1568 1015 1632 τακεὶς,
1045 1566 1611 1639 ἀνταναιρεθήσονταιο

1459 1586 1611 1622 ινταιο
1994 1567 2079 1621 13.
2112 1566 2265 1622 Sicut
2289 1584 2412 1621 cera
2437 1582 2556 1636 qua:
2583 1565 2718 1630 ﬂuit,
2745 1566 3059 1620 auferentur
3095 1585 3107 1621 :

324 1660 411 1713 16.
450 1660 646 1713 "Etsi:
671 1658 743 1712 πῦ
752 1677 783 1732 ρ
806 1661 891 1711 ἐπ’
914 1661 1127 1724 αὐτοὺς,
1152 1662 1245 1715 καὶ
1263 1662 1362 1713 ούκ
1387 1657 1524 1714 εἶδον
1543 1661 1633 1714 τὸν
1651 1662 1819 1732 ἥλιον.

1997 1658 2080 1712 16.
2109 1659 2312 1714 Cecidit
2330 1658 2468 1729 ignis
2487 1675 2649 1729 super
2672 1676 2789 1727 eos,
2811 1668 2863 1713 et
2891 1676 2994 1714 non
3016 1659 3269 1712 viderunt
3291 1660 3482 1715 solem.

330 1752 417 1803 17.
463 1752 576 1823 Πρὸ
626 1752 717 1804 τοῦ
772 1753 1007 1806 συνιέναι
1074 1754 1173 1816 τάς
1223 1753 1461 1816 ἀκάνθας
1518 1752 1671 1823 ὑμῶν
1725 1754 1822 1825 τὴν

1996 1750 2083 1805 17.
2111 1749 2430 1820 Priusquam
2474 1751 2833 1823 intelligerent
2874 1752 3041 1821 spina:
3074 1763 3264 1807 vestra:
3302 1752 3484 1806 rham-

256 1843 485 1913 ῥάμνον·
1927 1858 2053 1895 num
2087 1861 2099 1896 :

334 1934 418 1987 18.
464 1933 604 1986 Ὠσεὶ
646 1932 871 1997 ζῶντας,
913 1933 1046 1987 ὡσεὶ
1088 1936 1147 1988 ὲν
1182 1936 1318 2007 ὀργῇ
1359 1935 1682 1988 καταπίεται
1728 1936 1822 1988 αύ-
1856 1916 1895 1970 Β

1728 1936 1822 1988 αὑ-
1856 1916 1895 1970 Β
2000 1930 2084 1983 18.
2120 1930 2271 1985 Sient
2304 1931 2563 1996 viventes,
2596 1931 2736 1987 sicut
2763 1932 2813 1984 in
2847 1932 2924 1985 ira
2961 1931 3213 1987 absorbet
3244 1947 3358 1988 eos.

251 2025 383 2090 τούς
412 2026 507 2093 (b).

328 2118 413 2172 19.
452 2116 895 2189 Εύφρανοήσεται
919 2118 1145 2180 δίκαιος,
1179 2118 1306 2170 ὅταν
1335 2116 1417 2187 ἴδῃ
1440 2116 1746 2186 ἐκδίκησιν

1701 2133 1746 2167 μ’
1993 2112 2075 2169 19.
2109 2112 2402 2168 ιευιδιιὶῑυῑ
2428 2113 2609 2184 justus
2646 2130 2769 2167 cum
2802 2113 2996 2167 viderit
3019 2112 3309 2167 vindictam
3338 2131 3349 2166 :

324 2209 416 2263 ‘20.
450 2209 557 2272 Τὰς
588 2213 774 2281 χεῖρας
815 2207 979 2263 αὐτοῦ
1032 2208 1240 2278 νίψεται
1298 2211 1354 2262 ἐν
1386 2208 1464 2279 τῷ
1496 2209 1688 2280 αἵματι
1725 2209 1817 2262 τοῦ

1761 2209 1817 2262 οὗ
1992 2203 2082 2256 2t).
2116 2203 2305 2258 Manus
2334 2222 2461 2259 snas
2492 2204 2692 2259 lavabit
2721 2204 2773 2258 in
2809 2204 3071 2273 sanguine
3094 2204 3409 2272 peccatoris.

254 2302 375 2371 ἁμα
383 2301 583 2371 ρτωλοῦ
594 2344 605 2354 .

328 2370 419 2444 Si.
452 2392 558 2444 Καὶ
584 2388 701 2463 ἐρεῖ
723 2387 1035 2461 ἄνθρωπος·
1069 2392 1132 2444 Εἰ
1158 2391 1265 2461 ἀρα
1314 2389 1431 2443 ἐστὶ
1488 2389 1697 2460 καρπὸς
1745 2389 1820 2459 τῷ

1993 2385 2082 2439 21.
2116 2383 2181 2439 Et
2205 2384 2348 2440 dicet
2374 2385 2536 2440 homo
2571 2404 2585 2441 :
2622 2384 2677 2439 Si
2707 2386 2891 2455 utique
2928 2395 3009 2439 est
3041 2384 3251 2439 fructus
3286 2370 3435 2455 justo
3467 2399 3482 2438 :

407 2501 452 2534 ω
470 2501 483 2513 ⁹

253 2483 452 2536 δικαίω
470 2501 483 2513 ·

326 2535 590 2645 ΞΞίἊρα
620 2574 767 2628 ἐστὶν
797 2576 826 2628 6
861 2572 991 2637 Θεὸς
1017 2573 1216 2643 κρίνων
1241 2573 1434 2635 αὐτοὺς
1468 2574 1524 2625 ἐν
1548 2574 1614 2642 τῇ
1641 2574 1730 2642 γῇ.

1641 2574 1730 2642 γῇ.
2000 2567 2087 2623 29..
2121 2566 2321 2638 Utique
2346 2577 2429 2623 cst
2456 2567 2597 2623 Deus
2619 2567 2873 2638 judicans
2905 2580 3001 2623 cos
3032 2566 3269 2621 interra.

329 2786 407 2859 (ᾳ)
438 2784 589 2859 _Vers.
627 2786 709 2852 li),
730 2786 1025 2859 Φαρμακοῦ
1045 2805 1127 2854 τε,
1154 2800 1283 2856 etc.,
1319 2787 1503 2859 σοφοῦ.

335 2855 408 2924 ψ)
439 2855 491 2909 1η
523 2872 693 2930 marg.
724 2855 1047 2929 ςυι1.’ύμᾶς.

1373 3055 1747 3112 ATIIANASII
1784 3056 2368 3115 INTERPRETATIO.

329 3260 383 3313 6.
413 3257 623 3330 Πλάνην
651 3258 759 3331 γὰρ
791 3259 866 3331 (1)
898 3259 1086 3315 ἔλαϐον
1115 3259 1221 3315 ἀπὸ
1250 3261 1342 3315 τοῦ
1370 3261 1759 3334 βαπτίσματος.
1851 3279 1897 3340 C

1664 3278 1759 3326 τος.
1851 3279 1897 3340 C
1996 3262 2048 3318 6.
2081 3263 2127 3315 Α
2152 3262 2422 3332 baptismo
2451 3262 2596 3317 enim
2628 3274 2869 3316 errorem
2904 3259 3135 3329 amplexi
3165 3270 3312 3316 sunt.

330 3352 381 3405 7.
400 3352 461 3404 Ἥ
476 3351 659 3423 διδαχὴ
677 3352 853 3406 αὐτῶν
870 3353 1334 3427 Θανατηφόρος,ὠς
1350 3357 1378 3407 6
1392 3354 1503 3418 υἱὸς
1519 3354 1611 3408 τοῦ
1627 3355 1821 3425 ὄφεως.

1999 3354 2051 3408 7.
2084 3352 2339 3409 Doctrina
2363 3368 2549 3407 eorum
2595 3350 2896 3416 mortifera,
2934 3360 2994 3405 ut
3024 3351 3165 3406 ﬁlius
3194 3355 3482 3423 serpentis.

329 3443 383 3495 8.
426 3443 556 3496 ’Δπὺ
578 3444 677 3514 τῆς
704 3443 956 3516 ἀληθείας
978 3447 1075 3518 τὴν
1105 3446 1269 3518 ἀκοὴν
1302 3447 1756 3519 ἀποστρέψουσιν.

1302 3447 1756 3519 ἀποστρέφουσιν.
1997 3445 2051 3499 8.
2080 3447 2340 3500 Avertnnt
2362 3445 2603 3499 auditum
2627 3460 2658 3498 a
2683 3444 2925 3498 veritate.

330 3533 386 3587 9.
428 3532 612 3597 Οὕτως
661 3533 778 3586 οὐδὲ
823 3528 969 3588 οὗτοι
1015 3535 1269 3589 ἀκούουσι
1317 3536 1425 3587 τῶν
1471 3536 1826 3589 διδασκόντων

1998 3532 2051 3587 9.
2096 3531 2172 3587 lta
2218 3544 2392 3603 neque
2439 3533 2529 3588 isti
2577 3533 2803 3587 audiunt
2853 3532 3108 3588 docentes
3153 3548 3250 3589 eos
3294 3536 3487 3589 verita-

254 3624 455 3689 αύτοὺς
482 3625 578 3695 τὴν
604 3625 879 3697 ἀλήθειαν.
1930 3635 2059 3678 tem.

334 3715 422 3769 10.
461 3717 522 3769 Οί
570 3715 873 3769 διδάσκαλοι
918 3715 1094 3771 αὐτῶν
1145 3720 1212 3790 τῇ
1270 3716 1431 3789 σοφίᾳ.
1477 3716 1569 3770 τοῦ
1620 3717 1824 3789 κόσμου

1999 3713 2086 3767 10.
2117 3711 2353 3783 Magistri
2382 3728 2572 3767 corum
2602 3713 2863 3784 sapientia
2914 3713 3074 3783 hujus
3108 3714 3295 3768 mundi
3340 3714 3484 3770 deci-

255 3808 452 3861 τούτου
492 3808 772 3862 ἀπατῶσιν
801 3810 1018 3875 αὐτούς.

574 3808 772 3862 ατῶσιν
801 3810 1018 3875 αὐτούς.
1927 3804 2083 3875 piunt
2110 3820 2222 3859 cos.

336 3896 422 3950 11.
457 3898 566 3962 Τὰς
590 3899 937 3964 διδασκαλίας
975 3901 1172 3955 αὐτῶν.

1035 3901 1172 3955 ιτῶν.
2003 3898 2086 3951 11.
2122 3896 2363 3967 Ipsorum
2392 3896 2683 3952 doctrinas.

330 3989 421 4043 ﬂ.
454 3990 590 4053 Τοὺς
620 3992 949 4063 ἡγουμένους
978 3991 1177 4045 αὐτῶν.

888 4008 949 4055 υς
978 3991 1177 4045 αὐτῶν.
2003 3988 2089 4045 12.
2120 3986 2294 4042 Duces
2323 4004 2533 4042 eorum.

333 4083 422 4137 15.
468 4084 532 4136 Ἦ
563 4086 747 4156 ἡμέρα
774 4084 849 4155 (2)
878 4085 975 4155 τῆς
1002 4085 1234 4157 κρίσεως
1263 4086 1557 4158 ἀπορρίζλει
1583 4074 1801 4149 αύτούς.

1226 4103 1234 4147 ;
1263 4086 1557 4158 ἀπορρίψει
1583 4074 1801 4149 αὐτούς.
1999 4081 2085 4135 15.
2119 4079 2243 4135 Dies
2266 4078 2457 4147 judicii
2491 4079 2738 4150 projiciet
2760 4093 2874 4134 eos.

335 4172 423 4225 14.
466 4172 762 4243 Ἐνισχύσει
807 4172 898 4227 τὸν
936 4173 1091 4241 λόγον
1125 4174 1218 4227 τοῦ
1264 4174 1617 4245 κηρύγματος
1661 4177 1825 4229 αὑτοῦ

1999 4174 2085 4227 14.
2131 4172 2516 4227 Corroborabit
2562 4187 2868 4226 sermonem
2921 4170 3319 4240 prmdicationis
3374 4189 3483 4229 sua:

258 4264 365 4326 ἕως
394 4264 491 4333 τῆς
519 4261 845 4328 συντελείας.

1930 4281 2101 4336 usque
2128 4266 2194 4319 ad
2226 4264 2768 4320 consummationem.

334 4355 421 4409 15.
469 4355 553 4418 Ὠς
580 4357 608 4407 6
651 4356 819 4428 κηρὸς
848 4355 925 4428 (5)
966 4359 1022 4411 ὲν
1060 4356 1137 4429 τῷ
1171 4359 1301 4430 πυρὶ
1330 4358 1693 4415 ἀναλίσκεται.
1734 4359 1825 4412 οὖ-

2002 4358 2087 4410 15.
2138 4353 2205 4408 Ut
2237 4370 2358 4409 cera
2406 4355 2527 4424 igne
2571 4355 2932 4422 consumitur,
2978 4354 3058 4410 sic
3107 4354 3209 4409 erit
3255 4355 3481 4425 perditio

260 4464 371 4507 τως
396 4446 545 4499 ἔσται
576 4448 608 4516 ἡ
640 4446 883 4501 ἀπώλεια
909 4447 1114 4503 αὐτῶνθ
1929 4463 2137 4504 eorum.

334 4536 421 4590 16.
474 4537 905 4607 Κατεκυρίευσεν
953 4540 1128 4593 αὐτῶν
1180 4544 1207 4595 6
1251 4543 1525 4610 Σατανᾶς,
1583 4544 1675 4595 καὶ
1731 4543 1829 4595 οὐκ

2001 4540 2087 4594 16.
2121 4539 2440 4595 Dominatus
2476 4548 2559 4594 est
2593 4541 2673 4594 eis
2721 4537 2971 4605 Satanas,
3004 4549 3058 4595 et
3084 4556 3188 4595 non
3217 4556 3482 4611 cognove—

261 4630 503 4697 ἔγνωσαν
531 4628 619 4681 τὸν
644 4629 868 4701 Κύριον.

1927 4644 2056 4689 runt
2090 4634 2398 4688 Dominum.
3458 4694 3462 4698 τ

337 4719 423 4783 17,
457 4718 542 4773 18.
573 4720 685 4791 Πρὸ
713 4721 805 4773 τοῦ
829 4721 926 4784 τὰς
959 4722 1184 4793 ἀνομίας
1205 4721 1355 4793 ὑμῶν
1377 4722 1821 4794 κεκολλῆσθαιτῷ

1998 4726 2200 4792 17,18.
2234 4726 2555 4794 Priusquam
2604 4732 2793 4779 vestra:
2833 4723 3145 4794 iniquitates
3177 4726 3483 4781 adhzereant

262 4811 510 4881 ιαῦόλῳ.
540 4812 613 4875 ὡς
638 4812 715 4865 ἔτι
738 4814 860 4865 ἐστὲ
886 4812 1104 4878 ζῶντες,
1134 4817 1192 4869 ὲν
1215 4818 1278 4887 τῇ
1311 4816 1446 4886 ὀργῇ
1485 4816 1649 4869 αὑτοῦ
1692 4832 1823 4868 κατ-

1928 4818 2161 4882 diaboln,
2204 4826 2263 4872 ut
2309 4817 2484 4871 adhuc
2514 4816 2751 4871 viventes
2777 4816 2929 4882 estis,
2964 4816 3021 4871 in
3058 4816 3137 4872 ira
3181 4832 3278 4873 sua
3322 4822 3483 4873 devo-

263 4906 415 4960 ἐπιεν
448 4904 589 4972 ὑμᾶς
613 4903 702 4956 διὰ
731 4904 828 4973 τὴν
862 4903 1067 4976 πλάνην
1094 4906 1191 4976 τῆς
1223 4906 1484 4979 αἱρέσεως
1507 4907 1679 4977 ὑμῶν.

1557 4907 1679 4959 ιῶν.
1930 4909 2073 4964 rabit
2107 4924 2205 4963 vos
2229 4917 2443 4978 propter
2472 4922 2709 4962 errorem
2740 4906 2960 4962 haeresis
2996 4914 3205 4962 vestra.

336 4993 421 5048 19.
467 4994 553 5046 Ἑν
581 4994 658 5065 τῷ
689 4994 863 5066 καιρῷ
893 4995 991 5066 τῆς
1016 4998 1444 5060 ἀνταποδόσεως.

1205 4998 1444 5060 οδόσεως.
2004 5000 2090 5053 19.
2123 4998 2180 5052 In
2205 5008 2444 5068 tempore
2468 4995 2853 5052 retributionis.

330 5086 423 5141 20.
466 5084 661 5138 Ἀθῶον
686 5087 874 5141 ἑαυτὸν
897 5086 1057 5152 δείξει
1087 5088 1160 5159 (1)
1183 5089 1292 5142 ἀπὸ
1320 5089 1417 5158 τῆς
1445 5086 1735 5158 ἁμαρτίας.

1590 5086 1735 5149 ιτίας.
1993 5091 2083 5144 9.0.
2119 5089 2321 5144 Pnrnm
2353 5105 2412 5144 se
2445 5090 2621 5159 ipsum
2649 5090 2901 5143 ostendet
2934 5103 2962 5141 τι
2996 5098 3238 5158 peccato.

330 5179 423 5233 21.
454 5179 562 5231 Kal.
589 5180 703 5249 ἐρεῖ
728 5178 955 5244 ἕκαστος
975 5196 989 5211 ·
1028 5180 1232 5245 Ὄντως
1248 5180 1393 5234 ἐστὶν
1424 5177 1818 5252 μισθαποδοσία

1993 5182 2083 5236 21.
2117 5181 2183 5235 Et
2216 5181 2360 5235 dicet
2406 5179 2815 5249 unusquisque:
2853 5177 2986 5234 Vere
3023 5188 3109 5235 est
3134 5180 3283 5249 justo
3325 5181 3483 5236 retri-

266 5271 342 5342 τῷ
366 5269 579 5339 δικαίῳ.
1926 5271 2097 5328 butio.

329 5361 421 5419 9.2.
450 5362 657 5425 Ὄντως
690 5362 833 5415 ἐστὶν
859 5364 887 5414 6
924 5364 1089 5417 ποιῶν
1121 5360 1298 5417 αὐτῶν
1320 5361 1418 5432 τὴν
1446 5360 1746 5431 ἐκδίκησιν.

1626 5377 1746 5431 ισιν.
1991 5364 2080 5418 22.
2114 5362 2366 5419 Proiecto
2402 5372 2485 5416 est
2515 5360 2718 5416 faciens
2746 5374 2934 5416 eorum
2965 5360 3274 5417 vindictam.

1202 5566 1500 5631 Addenda
1536 5574 1595 5630 et
1621 5565 1992 5644 corrigenda
2038 5580 2116 5625 ex
2166 5563 2304 5624 cod.
2342 5563 2540 5625 Vatia.

337 5777 409 5846 Il)
438 5775 670 5846 Πλάνην,
704 5774 769 5844 ἦν
800 5773 1122 5845 παρέλαϐον.
2104 5769 2458 5846 ’ςζσεὶ-κῃρός,
2489 5780 2593 5827 etc.

337 5786 409 5843 Il)
441 5786 670 5854 Illdimv,
704 5786 769 5844 ἢν
800 5786 1122 5845 παρελαοον.
1994 5786 2070 5838 (ο)
2106 5786 2337 5856 ίιισειῇκῃ
2378 5786 2432 5833 ος

337 5845 414 5917 (2)
444 5848 520 5916 Τῇ
552 5849 800 5918 ἡμερᾳ...
830 5845 1171 5916 ἀπορρίψας.
2118 5786 2432 5905 umectat.
