4174 6492
735 408 839 468 879
1556 403 1610 457 S.
1655 403 2031 458 ATIIANASll
2069 403 2217 458 Ol’l‘.
2259 405 2383 461 PAli

2315 403 2441 459 HIS
2480 405 2565 460 Ill.
2628 435 2668 446 -
2715 404 3126 462 EXECETICA.
3866 406 3963 462 880

738 523 803 579 In
838 526 991 590 ﬁnem
1014 563 1028 586 ,
1066 539 1126 575 ne
1158 521 1428 589 dispcrdas
1451 564 1464 586 ,
1503 521 1672 574 David
1695 563 1708 588 ,
1749 523 1802 574 in
1833 522 1975 576 tituli
2000 522 2298 590 inscriptio-
2327 529 2374 584 Α

2327 529 2374 584 Α
2403 527 2504 590 Εἰς
2532 525 2593 577 τὸ
2620 522 2812 588 τέλος,
2836 525 2922 594 μὴ
2954 525 3319 594 διαφθείρῃς,
3349 526 3427 591 τῷ
3456 526 3655 589 Δαϐὶὸ,
3701 527 3789 592 είς
3823 543 3961 592 0m-

802 635 939 682 nem,
965 633 1081 670 cum
1108 616 1248 669 misit
1272 615 1423 677 Saul,
1454 625 1501 668 et
1527 616 1804 668 custodit-it
1843 616 2054 669 domum
2081 617 2217 686 ejus,
2243 629 2298 673 ut

2470 620 2820 686 λογριιφίαγ,
2851 621 3028 672 ὁπότε
3067 620 3385 673 ἀπέστειλε
3410 619 3605 672 Σαοὺλ
3631 661 3646 674 .
3703 619 3798 673 καὶ
3829 620 3965 687 ἐρύ-

805 728 922 765 cum
956 710 1300 778 interﬁceret.
1330 707 1534 762 PSAL.
1568 707 1794 762 Ll’lll.

2471 710 2620 774 .taife
2667 713 2771 763 n‘r
2809 707 2977 764 οἷκον
3005 711 3212 776 αὐτοῦ,
3242 711 3347 765 τοῦ
3377 711 3711 765 θανατῶσαι
3757 713 3942 765 αὐτόν

2477 803 2649 854 ΨΑΛ.
2684 802 2817 854 Nll’.

811 911 858 964 1.
891 909 1053 978 Eripe
1081 922 1166 962 me
1197 907 1264 962 de
1293 905 1529 961 inimicis
1559 907 1696 960 meis
1719 948 1732 971 ,
1761 905 1902 960 Deus
1936 925 1948 960 :

2475 894 2522 945 1.
2569 892 2779 958 Ἐξέλου
2819 909 2884 962 με
2923 892 2987 945 ἐκ
3013 891 3119 944 τῶν
3151 892 3359 964 ἐχθρῶν
3393 911 3513 962 μου,
3548 893 3576 946 ὁ
3607 892 3769 956 Θεός·

807 1003 860 1057 9..
886 1002 952 1057 Et
976 1002 1044 1056 ab
1073 999 1479 1070 insurgentibus
1510 1000 1562 1053 in
1599 1015 1684 1054 me
1715 999 1882 1054 libera
1916 1016 2018 1054 me.

2469 986 2522 1039 2.
2557 986 2665 1039 Καὶ
2687 986 2750 1038 ἐκ
2766 986 2870 1039 τῶν
2891 986 3334 1055 ἐπανισταμένων
3359 987 3444 1039 ἐπ’
3463 987 3562 1057 ἐμὲ
3580 987 3855 1059 λύτρωσαί
3880 1005 3960 1058 με.

806 1095 860 1149 3.
894 1094 1055 1164 Eripe
1085 1108 1171 1148 me
1203 1093 1270 1147 de
1296 1093 1648 1162 operantibus
1676 1093 2011 1162 iniquitatem
2040 1111 2052 1146 :

2472 1080 2523 1132 ὅ.
2564 1077 2750 1130 Ῥὗσαί
2779 1096 2844 1149 με
2874 1079 2937 1130 ἐκ
2982 1078 3089 1132 τῶν
3115 1079 3493 1150 ἐργαζομένων
3519 1079 3618 1150 τὴν
3667 1081 3898 1150 ἀνομίαν
3919 1103 3930 1112 -

801 1189 856 1243 4.
886 1186 949 1240 Et
979 1188 1044 1242 de
1066 1187 1198 1241 viris
1228 1188 1552 1256 saaguinum
1589 1186 1734 1239 salva
1758 1201 1864 1240 me.

2472 1171 2524 1224 4.
2559 1172 2668 1224 Καὶ
2698 1171 2755 1235 ἐξ
2786 1170 2994 1240 ἀνδρῶν
3021 1173 3269 1241 αἱμάτων
3298 1171 3467 1223 σῶσόν
3497 1189 3584 1241 με.

804 1279 860 1333 5.
897 1278 1032 1345 Quia
1066 1293 1191 1332 ecce
1214 1287 1471 1347 ceperunt
1504 1279 1742 1330 animam
1773 1292 1945 1331 meam

1932 1293 1945 1328 ι
2466 1265 2520 1318 5.
2551 1266 2670 1317 ’Ότι
2699 1265 2806 1317 ἰδοὺ
2836 1265 3131 1336 ἐθήρευσαν
3157 1266 3252 1335 τὴν
3271 1265 3446 1335 ψυχήν
3479 1283 3580 1336 μου

806 1369 859 1424 6.
892 1370 1168 1426 lrruerunt
1196 1371 1248 1424 in
1281 1386 1366 1425 me
1396 1369 1582 1424 fortes.

2471 1357 2524 1412 6.
2560 1356 2843 1409 Ἑπέοεντο
2871 1359 2952 1408 ἐπ’
2975 1356 3072 1426 ἐμὲ
3099 1357 3364 1426 κραταιοί.

808 1462 858 1513 7.
887 1459 1072 1530 Neque
1102 1461 1360 1530 iniquitas
1397 1474 1512 1514 mea
1532 1500 1546 1524 ,
1577 1472 1750 1527 neque
1780 1463 2059 1525 peccatum
2092 1469 2294 1522 meum,

2467 1450 2520 1504 7.
2553 1449 2688 1502 Οὔτε
2714 1450 2960 1521 ήάνομία
2983 1468 3105 1520 μου,
3138 1449 3259 1502 οὔτε
3290 1453 3322 1520 ἡ
3355 1448 3598 1518 ἁμαρτία
3620 1465 3744 1520 μου,
3770 1447 3960 1517 Κύριε·

739 1553 965 1608 Domine
998 1573 1010 1608 :

805 1646 858 1700 8.
897 1645 1027 1702 Sine
1059 1646 1340 1716 iniquitate
1369 1643 1607 1705 cucurri.
1638 1652 1689 1696 et
1712 1643 1906 1696 direxi.

2467 1630 2518 1685 8.
2553 1632 2712 1682 ’Λνευ
2743 1629 2969 1699 ἀνομίας
3001 1628 3250 1699 ἔδραμον,
3276 1628 3368 1680 καὶ
3399 1626 3717 1680 κατευθυνα.

804 1741 856 1794 9.
891 1739 1134 1810 Exsurge
1161 1741 1216 1794 iu
1243 1754 1529 1794 occursum
1567 1752 1770 1798 meum,
1806 1745 1859 1790 et
1884 1734 2002 1787 vide
2033 1753 2047 1787 :

2466 1721 2517 1776 9.
2567 1720 2909 1792 Ἐξεγέροητι
2938 1722 3013 1783 εἰς
3045 1720 3365 1789 συνάντησίν
3400 1735 3521 1788 μου,
3551 1720 3643 1770 καὶ
3679 1719 3755 1771 ἰδε
3781 1734 3793 1747 ·

806 1832 893 1888 10.
931 1831 996 1886 Et
1021 1809 1112 1897 tui,
1156 1831 1380 1886 Domine
1411 1830 1552 1885 Deus
1581 1829 1839 1882 virtutum
1863 1869 1876 1893 ,
1923 1825 2066 1881 Deus
2092 1823 2254 1880 Israel
2279 1865 2295 1892 ,

2469 1814 2550 1868 10.
2582 1813 2692 1866 Καὶ
2727 1813 2810 1876 συ,
2841 1811 3008 1882 Κύριε
3047 1814 3074 1864 ὀ
3106 1811 3237 1874 Θεὸς
3263 1810 3368 1864 τῶν
3413 1809 3718 1880 δυνάμεων,
3760 1811 3789 1862 ὁ
3835 1809 3965 1873 Θεδς

2397 1907 2489 1961 τοῦ
2532 1905 2764 1976 Ἰσραὴλ,

806 2008 892 2063 Η.
929 2008 1148 2064 Intende
1179 2008 1244 2062 ad
1268 2007 1563 2062 visitandas
1587 2020 1775 2060 omnes
1807 2012 1990 2073 gentes
2021 2020 2033 2056 :
2331 1993 2367 1997 _

2331 1993 2367 1997 _
2470 1997 2552 2050 Η.
2594 1997 2834 2067 Πρόσχες
2861 1994 2955 2048 τοῦ
2989 1995 3386 2064 ἐπισκέψασθαι
3420 1995 3596 2049 πάντα
3630 1993 3698 2048 τὰ
3725 1993 3854 2066 ἔθνη
3877 2013 3889 2026 ·

806 2101 893 2156 12.
927 2098 1046 2156 Νοη
1094 2102 1404 2156 miserearis
1435 2099 1690 2153 omnibus
1745 2096 1837 2166 qui
1868 2102 2160 2165 operantur
2193 2092 2294 2146 ini-

2468 2092 2552 2146 12.
2581 2091 2672 2163 Μὴ
2698 2091 3039 2163 οἱκτειρήσῃς
3066 2091 3271 2154 πάντας
3304 2090 3428 2152 τοὺς
3455 2088 3856 2161 ἐργαζομένους
3871 2088 3965 2159 τὴν

734 2191 1019 2260 quitatem.

991 2211 1019 2245 ι.
2393 2183 2639 2254 ἀνομίαν.

1844 2337 2214 2394 ATIIANASII
2255 2333 2843 2391 INTERPRETATIO.

830 2508 878 2560 Η
903 2504 1233 2576 προκειμένη
1263 2500 1542 2571 ἐπιγραφὴ
1567 2497 1807 2570 περιέχει
1834 2498 1909 2566 (1)
1932 2513 1942 2525 ·
1967 2498 2068 2560 Εἰς
2092 2494 2156 2548 τὸ
2183 2494 2374 2558 τέλος,
2397 2492 2480 2562 μὴ
2512 2491 2877 2561 διαφθείρῃς,
2908 2489 2986 2556 τῷ
3008 2490 3184 2544 Δαϐὶδ
3198 2489 3284 2557 εἰς
3303 2493 3775 2561 στηλογραφίαν,
3797 2493 3968 2546 Τοῦτο

733 2598 825 2655 οὖν
847 2599 1028 2667 λέγει’
1053 2600 1132 2661 είς
1158 2597 1360 2668 ἀρετήν
1379 2612 1497 2648 τινα
1525 2592 1616 2646 τοῦ
1649 2593 1873 2661 Κυρίου,
1903 2592 2022 2660 ἥτις
2056 2590 2172 2642 ἐστὶ
2202 2587 2597 2658 στηλογραφία,
2624 2586 2709 2654 μὴ
2732 2585 3077 2653 διαφθείρῃς
3111 2586 3214 2648 ἕως
3262 2586 3495 2650 τέλους.
3533 2582 3698 2639 Εἶτα·
3764 2587 3966 2639 Ὁπότε

730 2696 1048 2749 ἀπέστειλε
1070 2693 1286 2755 Σαοὺλ,
1318 2691 1414 2744 καὶ
1444 2688 1746 2758 ἐφύλαξεν
1777 2683 1944 2739 οἷκον
1974 2685 2179 2749 αὐτοῦ,
2216 2685 2316 2737 τοῦ
2344 2682 2680 2738 θανατῶσαι
2715 2683 2921 2742 αὑτὸν,
2947 2683 3252 2746 τουτέστιν,
3290 2682 3463 2743 οὕτως
3504 2685 3597 2736 καὶ
3647 2685 3675 2736 ὀ
3722 2684 3965 2747 διάϐολος

727 2785 1047 2841 ἀποστέλλει
1074 2782 1399 2853 ἐπιτηρῆσαι
1426 2781 1516 2833 τὸν
1551 2776 1694 2832 οἷκον
1722 2778 1907 2841 αὑτοῦ,
1932 2776 2022 2829 τοῦ
2052 2776 2376 2830 θανατῶσαι.
2409 2776 2498 2847 Μὴ
2535 2775 2856 2846 διαφθείρῃς
2889 2771 2981 2827 οὖν
2999 2775 3103 2837 ἓως
3136 2774 3322 2837 τέλους
3350 2773 3535 2847 [τινά]
3593 2777 3702 2829 τῶν
3736 2776 3965 2830 ἐντολῶν

729 2878 823 2930 τοῦ
849 2875 1078 2946 Κυρίου,
1105 2873 1241 2926 ἀλλὰ
1263 2872 1387 2940 λέγε
1409 2872 1499 2923 τὸν
1521 2869 1957 2940 ὑποτεταγμένον
1981 2867 2213 2938 ψαλμόν.
2262 2866 2528 2929 Πολλάκις
2553 2865 2662 2938 γὰρ
2696 2868 2928 2934 εἴπαμεν
2968 2865 3066 2934 τὴν
3115 2865 3409 2935 ἑρμηνείαν
3444 2865 3536 2918 τοῦ
3571 2866 3838 2936 ὀνόματος
3874 2871 3967 2920 καὶ

727 2972 835 3028 τοῦ
866 2970 1084 3034 Σαοὺλ,
1118 2967 1211 3022 καὶ
1243 2967 1348 3020 τοῦ
1374 2964 1570 3030 Δαϐὶδ,
1594 2966 1680 3016 ὁτὲ
1707 2965 1804 3034 μὲν
1837 2965 1915 3024 είς
1939 2962 2028 3014 τὸν
2048 2961 2248 3032 Κύριον
2275 2961 2369 3014 καὶ
2390 2963 2467 3023 είς
2488 2961 2615 3024 τοὺς
2640 2957 2805 3012 αὑτοῦ
2845 2957 3225 3030 ἑρμηνεύεται,
3266 2960 3354 3012 ὁτὲ
3387 2959 3443 3012 δὲ
3468 2962 3545 3024 εἰς
3579 2960 3668 3013 τὸν
3695 2960 3960 3014 διάϐολον.

800 3089 1014 3144 Titulus
1042 3085 1364 3157 prapositus
1397 3082 1678 3136 continet:
1712 3078 1776 3132 In
1811 3082 1990 3148 ﬁnem,
2034 3095 2095 3132 ne
2131 3079 2426 3146 disperdas,
2463 3077 2631 3132 Dauid
2683 3078 2737 3131 in
2784 3077 2930 3130 tituli
2974 3077 3388 3144 inscriptionem.
3419 3075 3534 3132 lloc
3575 3077 3740 3148 igitur
3784 3077 3960 3132 dicit:

729 3202 790 3240 ne
817 3183 873 3237 in
905 3181 1148 3251 aliquam
1198 3175 1411 3233 Domini
1463 3177 1741 3237 virtutem,
1770 3189 1888 3244 qua:
1923 3183 2004 3228 est
2030 3172 2170 3227 tituli
2206 3171 2513 3241 inscriptio,
2546 3172 2819 3240 disperdas
2851 3171 2977 3240 (hoc
2998 3178 3099 3235 est,
3148 3185 3215 3224 ne
3246 3169 3458 3235 pecces)
3497 3187 3668 3238 usque
3696 3173 3750 3223 in
3782 3172 3958 3240 ﬁnem.

727 3277 972 3334 Deinde:
999 3275 1131 3331 Cum
1160 3273 1300 3326 misit
1331 3270 1462 3327 Saut
1483 3315 1497 3339 ,
1524 3282 1573 3325 et
1605 3270 1885 3324 custodiuit
1911 3270 2123 3321 domum
2156 3268 2302 3337 ejus,
2335 3279 2389 3321 ut
2423 3267 2736 3336 interﬁceret
2761 3283 2876 3320 eum
2901 3309 2914 3330 ,
2945 3267 3048 3322 hoc
3071 3273 3187 3328 est,
3219 3267 3290 3320 ita
3315 3265 3478 3321 etiam
3513 3265 3768 3319 diabolus
3802 3268 3966 3320 mittit

727 3372 1000 3430 custodire
1032 3371 1254 3426 domum
1281 3369 1401 3438 ejus
1426 3405 1440 3430 ,
1469 3375 1528 3420 ut
1563 3365 1870 3421 interﬁciat.
1902 3361 1980 3419 Ne
2009 3364 2289 3434 disperdas
2328 3363 2490 3434 igitur
2522 3377 2695 3433 usque
2739 3361 2793 3417 in
2844 3361 3005 3415 ﬁnem
3035 3360 3255 3430 aliquod
3291 3361 3676 3415 mandatorum
3721 3359 3960 3420 Domini.

729 3471 822 3526 sed
852 3469 939 3525 dic
971 3467 1274 3536 subjectum
1304 3464 1392 3519 hic
1437 3464 1728 3534 psalmum.
1773 3459 1924 3533 Sape
1949 3461 2095 3516 enim
2130 3461 2371 3516 diximus
2425 3459 2932 3530 interpretationem
2985 3455 3224 3514 nominis
3263 3465 3313 3511 et
3357 3455 3490 3512 Saut
3523 3467 3572 3510 et
3611 3455 3786 3510 David
3816 3470 3963 3510 nunc

728 3562 899 3632 accipi
922 3561 987 3616 de
1017 3560 1264 3624 Domino,
1290 3568 1344 3614 et
1370 3558 1437 3615 de
1465 3560 1532 3615 iis
1558 3559 1651 3631 qui
1677 3557 1891 3614 Domini
1917 3567 2045 3614 sunt
2065 3599 2079 3624 ,
2106 3572 2252 3612 nunc
2274 3572 2403 3613 vero
2432 3557 2500 3612 de
2527 3556 2767 3613 diabolo.

794 3720 816 3772 Ι
841 3759 855 3784 ,
883 3719 938 3772 2.
973 3716 1049 3770 De
1074 3716 1494 3786 cogitationibus
1516 3715 1569 3769 in
1597 3714 1759 3771 corde
1795 3728 1935 3770 meo.
2317 3736 2358 3795 ο

2317 3736 2358 3795 C
2462 3712 2514 3776 1,
2545 3712 2599 3764 2.
2637 3710 2756 3763 Τῶν
2785 3710 2842 3762 ἐν
2875 3709 2951 3781 (2)
2984 3707 3179 3779 καρδίᾳ
3211 3724 3312 3778 μου
3339 3706 3633 3776 λογισμῶν.

789 3811 844 3866 5.
880 3810 924 3863 Α
954 3807 1317 3877 voluptatibus
1346 3807 1702 3861 militantibus
1732 3806 1784 3859 in
1812 3805 2072 3862 membris
2121 3805 2277 3860 meis.

2456 3800 2508 3854 5.
2537 3800 2655 3854 Τῶν
2683 3799 2883 3871 ἡδονῶν
2909 3799 3018 3852 τῶν
3053 3797 3496 3870 στρατευομένων
3529 3800 3588 3851 ἐν
3618 3799 3732 3863 τοῖς
3780 3795 3954 3869 βέλεσί

2393 3907 2493 3960 μου
2526 3888 2623 3962 (3).

795 3984 846 4036 4.
880 3981 956 4036 De
983 3979 1273 4035 contrariis
1304 3979 1684 4049 potestatibus.

1624 3994 1684 4032 ts.
2457 3981 2510 4034 4.
2541 3981 2660 4032 Τῶν
2691 3980 2945 4035 ἐναντίων
2973 3979 3272 4048 δυνάμεων.

795 4077 850 4130 5.
883 4074 1154 4141 Quoniam
1184 4086 1310 4126 ecce
1336 4071 1716 4141 constringunt
1743 4070 1980 4124 animam
2013 4085 2208 4125 meam.

1950 4086 1980 4123 ιι
2013 4085 2208 4125 meam.
2461 4072 2512 4126 5.
2545 4072 2667 4124 ’Ότι
2703 4071 2809 4123 ίδοὺ
2836 4071 3114 4140 συνέχουσι
3139 4070 3236 4142 τὴν
3260 4070 3437 4141 ψυχήν
3474 4088 3598 4142 μου.

795 4164 847 4216 6.
884 4165 1183 4217 Daemones.

2459 4159 2510 4214 6.
2541 4162 2604 4212 Oi
2634 4161 2902 4232 δαίμονες.

798 4255 849 4310 7.
885 4253 1070 4324 Neque
1111 4254 1370 4324 iniquitas
1413 4267 1532 4307 mea
1575 4252 1750 4307 dulcis
1783 4252 1916 4306 mihi
1957 4260 2079 4319 est,
2112 4266 2287 4322 neque

2455 4255 2505 4307 7.
2539 4252 2674 4307 Οὔτε
2700 4256 2732 4324 ἡ
2755 4254 2950 4326 ἀνομία
2983 4273 3081 4326 μου
3111 4254 3241 4326 ἡδέα
3277 4255 3468 4330 [ἡδεῖα]
3501 4260 3593 4327 μοί
3621 4259 3791 4324 ἐστιν,
3831 4256 3948 4312 οὕτε

724 4355 1002 4414 peccatum
1031 4359 1233 4408 meum,
1269 4343 1517 4398 Domine.

1410 4345 1517 4398 ine.
2385 4347 2418 4414 ἡ
2441 4343 2683 4417 ἁμαρτία
2712 4362 2835 4414 μου,
2861 4345 3051 4415 Κύριε.

791 4435 844 4490 8.
881 4435 1018 4491 0dio
1048 4436 1254 4491 habens
1291 4435 1632 4506 iniquitatem
1663 4436 1878 4492 cucurri
1924 4437 1976 4490 in
2017 4436 2284 4491 mandatis

2457 4434 2510 4487 8.
2549 4436 2800 4508 Μισήτας
2831 4435 2906 4506 (4)
2932 4436 3027 4507 τὴν
3054 4435 3300 4507 ἀνομίαν,
3322 4435 3554 4508 ἔδραμον
3578 4440 3636 4493 ἐν
3665 4442 3787 4506 ταῖς
3815 4443 3947 4496 ἐντο-

724 4530 852 4594 tuis,
879 4539 933 4583 et
957 4529 1128 4583 direxi
1159 4531 1209 4584 in
1245 4528 1409 4584 corde
1444 4545 1584 4586 meo.

2382 4526 2498 4590 λαῖς
2527 4543 2643 4590 σου,
2677 4527 2770 4581 καὶ
2796 4525 3100 4580 κατεύθυνα
3127 4528 3182 4580 ἐν
3208 4531 3271 4598 τῇ
3306 4527 3502 4599 καρδίᾳ
3530 4547 3654 4601 μου.

794 4626 845 4680 9.
878 4625 1011 4680 Veni
1039 4627 1092 4680 in
1128 4626 1392 4681 auxilium
1420 4643 1620 4681 meum.

2451 4618 2505 4673 9.
2547 4617 2696 4670 Ἐλθὲ
2727 4621 2805 4682 είς
2831 4617 2926 4689 τὴν
2962 4618 3242 4688 ἀντίληψίν
3266 4636 3387 4689 μου.

797 4717 891 4783 10,
929 4719 1014 4772 Η.
1046 4717 1126 4772 Tu
1157 4719 1290 4787 ipse,
1333 4719 1576 4785 Domine,
1616 4721 1761 4784 veni,
1789 4728 1841 4771 et
1864 4733 1959 4788 per
1991 4717 2278 4772 adventum

2462 4713 2660 4777 10,1Ι.
2697 4715 2769 4767 Σὺ
2814 4714 2991 4777 αὐτὸς,
3030 4714 3222 4786 Κύριε,
3283 4715 3424 4783 ἐλθὲ,
3480 4718 3574 4772 καὶ
3605 4718 3694 4772 διά
3722 4720 3820 4791 τῆς
3852 4718 3946 4790 σῆς

725 4817 873 4863 tuum
905 4823 1035 4864 sana
1070 4822 1261 4864 omnes
1287 4816 1492 4879 gentes.

2387 4808 2686 4875 παρουσίας
2717 4807 2863 4861 ίασαι
2891 4807 3066 4861 πάντα
3085 4809 3157 4861 τὰ
3183 4808 3332 4880 ἔθνη.

791 4899 875 4950 ιε.
906 4897 1207 4953 Contrariis
1237 4900 1619 4968 potestatibus.

2460 4899 2544 4954 12.
2579 4899 2654 4970 (a)
2688 4899 2798 4964 Τὰς
2819 4900 3064 4962 ἐναντίας
3092 4900 3365 4972 δυνάμεις.

1666 5054 1968 5114 Addenda
1998 5061 2057 5114 et
2106 5054 2479 5134 corrigenda
2508 5073 2586 5116 ex
2616 5056 2754 5117 cod.
2789 5057 2989 5119 Vatic.

792 5219 863 5289 (Ι)
995 5221 1209 5296 eam;
1232 5218 1594 5296 κινναβάρεως
1614 5219 1878 5296 ⁸περιέχει
1897 5234 1910 5247 ·
1961 5217 2055 5296 El;
2085 5217 2145 5296 τδ
2189 5217 2275 5296 τέ-
2301 5222 2352 5281 D
2376 5217 2548 5296 οὕτως
2577 5221 2722 5296 καὶλδ
2747 5219 2989 5296 διάξολος
3019 5222 3332 5296 ἀποστέλλει
3360 5223 3694 5296 ἐπιτηρῆσαι
3732 5227 3821 5296 ⁸τὸν
3855 5242 3942 5278 tm-

720 5288 827 5376 λος,
844 5288 920 5359 τῷ
946 5292 1129 5376 ραδὲδ,
1245 5288 1658 5376 magesi—Queen
1676 5288 2271 5376 στηλογραφίανὶὸπδτε
2378 5289 2518 5376 στρν,
2549 5289 2658 5371 τοῦ⁴
2674 5290 2976 5376 θανατῶσαι
3009 5293 3186 5376 αὐτόν,
3227 5292 3318 5363 Μὴ
3356 5288 3679 5370 διαφθείρῃς
3711 5294 3803 5352 οὖν
3841 5298 3941 5358 ἓως

718 5355 1004 5412 ἀπέστειλε
1045 5355 1248 5426 Σαοὺλ,
1285 5355 1374 5413 καί
1401 5355 1629 5427 ἐφ’ύλαξε
1655 5359 1743 5410 τὸν
1762 5355 1910 5410 οἶκον
1938 5355 2124 5419 αὑτοῦ,
2178 5359 2270 5411 τοῦ
2374 5359 2558 5422 τέλους
2590 5360 2697 5412 τῶν
2721 5360 2966 5426 ἐντολῶν,
2995 5374 3098 5417 etc.

719 5429 1020 5484 θανατῶσαι
1060 5425 1240 5484 αὐτόν.
1274 5425 1451 5483 Τοῦτο
1477 5425 1585 5501 οὖνΔ
1606 5429 1750 5501 λέγει
1789 5431 1867 5501 εἰς
1914 5428 2113 5501 ἀρε-τήν
2149 5445 2272 5501 τινα
2441 5429 2517 5498 (‘2)
2555 5430 2641 5481 ‘Ev
2661 5434 2747 5501 τῇ.

717 5501 942 5570 Κυρίου,
968 5503 1086 5570 ἥτις
1108 5502 1224 5554 ἐστὶ
1258 5498 1643 5570 στηλογραερία.
1690 5499 1769 5570 μὴ
1806 5497 2272 5570 διαφθείρῃς-*ἓως
2448 5497 2522 5570 (5)
2549 5497 2750 5553 Μέλεσί
2782 5519 2902 5570 μου.

717 5567 915 5652 τέλους.
953 5567 1103 5652 Εἶτᾳ-
1147 5567 1352 5650 price
1373 5567 1651 5652 άπέστειλε
1686 5567 1875 5652 Σαοὺλ,
1919 5569 2008 5620 καὶ
2039 5567 2268 5652 ἐφυλαξε
2377 5640 2400 5652 ἢ
2446 5569 2523 5639 (4)
2568 5567 2862 5641 Ἐμίσησα.
2895 5611 2942 5626 ..
2965 5611 2978 5626 .
3009 5575 3196 5639 εἰςτὰς
3223 5576 3440 5641 ἐντολάς
3467 5595 3582 5642 σου,
3616 5582 3709 5632 καὶ
3740 5577 3936 5652 κατηύ-

715 5639 805 5690 τὸν
833 5635 978 5693 οἷκον
1016 5641 1202 5703 αὑτοῦ,
1245 5640 1337 5692 τοῦ
1388 5639 1695 5692 θανατῶσαι
1739 5639 1918 5705 αὑτὸν,
1971 5638 2265 5704 τουτέστιν,
2376 5635 2528 5707 θηνα.

785 5798 860 5862 (a)
897 5795 966 5849 Ν.
1013 5797 1075 5851 12
1112 5797 1267 5855 deest.
