4174 6490
233 460 336 516 881
1121 457 1209 510 DE
1251 456 1530 512 TlTULlS
1569 457 2014 513 i’SALMOllUM.
2055 488 2124 497 —
2155 458 2349 512 PSAL.
2393 457 2573 513 LVIII.
3387 461 3490 515 882

795 571 1112 642 Διάψπλμα
1145 578 1241 641 (a).
1834 584 1881 636 Α

1203 578 1241 638 ).
1834 584 1881 636 Α
2519 572 2849 644 Diapxalma.

310 665 397 719 15.
441 662 885 735 Ἑπιστρέψουσιν
913 665 991 726 είς
1039 664 1274 733 ἑσπέραν
1300 702 1314 726 ,
1369 660 1691 733 λιμὼξουσιν
1738 662 1814 724 ὡς

1995 668 2076 721 15.
2111 667 2512 723 Convertentur
2546 668 2612 722 ad
2636 684 2914 737 vesperam
2935 708 2949 730 ,
2984 668 3182 723 famem
3215 680 3487 733 patientur

233 753 387 807 κύων
407 794 422 820 ,
453 754 547 806 καὶ
577 753 912 808 κυκλώσουσι
947 755 1119 808 πόλιν.

1923 771 1973 813 ut
1999 760 2175 823 canis,
2201 769 2252 814 ct
2282 761 2593 818 circuibunt
2625 763 2919 816 civitatem.

315 845 398 899 14.
432 845 562 900 Ἰδοὺ
583 847 737 899 αὐτοὶ
752 846 1181 914 ἀποφθέγξονται
1194 847 1249 898 ὲν
1261 843 1338 916 τῷ
1355 844 1582 915 στόματι
1599 842 1778 897 αὐτῶν

1423 842 1778 915 όματιαύτῶν
1989 851 2074 903 14.
2107 850 2243 906 Ecce
2274 852 2374 922 ipsi
2409 853 2701 922 loquentur
2729 854 2897 906 inore
2931 868 3071 907 suo:

311 939 400 993 15.
437 937 508 1010 (b)
543 939 651 991 Kal
685 937 927 1009 ῥομφαία
959 937 1015 990 ὲν
1037 939 1148 1001 τοῖς
1180 937 1411 1006 χείλεσιν
1434 936 1612 989 αὑτῶν
1635 952 1646 965 ⁸

1299 954 1411 990 εσιν
1434 936 1646 989 αὐτῶν
1984 947 2073 1002 15.
2109 946 2174 1000 Et
2205 946 2417 1016 gladius
2445 944 2497 998 in
2529 945 2690 999 labiis
2713 959 2898 998 eorum
2933 960 2947 997 :

311 1031 396 1084 16.
431 1031 550 1084 Ὅτι
584 1030 666 1093 τίς
689 1031 917 1102 ἧκουσε;
954 1029 1064 1082 Kal
1089 1031 1183 1098 σὺ,
1241 1029 1413 1102 Κύριε
1440 1069 1455 1095 ,
1497 1028 1810 1098 ὲκγελάσεις

1984 1039 2072 1094 16.
2106 1038 2374 1104 Quoniam
2408 1039 2533 1107 quis
2565 1035 2810 1091 audivit?
2842 1034 2908 1089 Et
2933 1043 3020 1097 tu,
3049 1034 3306 1098 Domine,
3338 1033 3483 1088 deri-

233 1123 437 1187 αὑτοὺς
460 1141 474 1154 ο

1909 1132 2060 1187 debis
2092 1147 2186 1186 eos
2221 1148 2233 1183 :

311 1216 394 1268 17.
439 1214 842 1281 Ἑξουδενιοσεις
870 1215 1047 1268 πάντα
1079 1214 1147 1267 τὰ
1177 1215 1322 1286 ἔθνη.

1980 1224 2066 1278 17.
2105 1223 2183 1276 Ad
2210 1222 2440 1276 nihilum
2472 1221 2708 1275 deduces
2735 1235 2927 1274 omnes
2949 1228 3153 1290 gentes.

304 1305 392 1358 18.
423 1306 496 1358 Τὸ
521 1307 719 1377 κράτος
759 1324 860 1376 μου
898 1307 1031 1378 πρὸς
1065 1308 1122 1359 σὲ
1145 1307 1383 1374 φυλάξον

1984 1316 2070 1369 18.
2109 1314 2504 1368 Fortitudinem
2535 1328 2710 1366 meam
2745 1312 2812 1365 ad
2847 1321 2897 1364 te
2924 1310 3227 1366 custodiam
3256 1328 3267 1362 :

309 1395 394 1450 19.
434 1396 553 1448 Ὅτι
580 1397 664 1463 σὺ,
702 1398 729 1450 6
758 1397 908 1460 Θεὸς,
944 1397 1294 1468 άντιλήπτωρ
1321 1416 1424 1469 μου
1454 1393 1525 1452 εἷ.

1481 1393 1525 1452 ἷ-
1976 1410 2058 1464 19.
2095 1407 2231 1474 Quia
2258 1417 2336 1469 tu,
2362 1405 2522 1471 Deus,
2557 1415 2842 1474 susceptor
2868 1420 3021 1458 meus
3048 1418 3127 1458 es.

304 1487 395 1541 20.
439 1488 497 1540 Ὀ
519 1486 649 1552 Θεός
678 1506 798 1559 μου,
828 1489 886 1541 τὸ
909 1489 1054 1552 ἔλεος
1076 1490 1238 1543 αὑτοῦ
1268 1491 1567 1561 προφθάσει
1595 1508 1661 1561 με
1684 1507 1697 1521 ·

1973 1499 2063 1552 20.
2099 1497 2242 1552 Deus
2274 1514 2450 1563 meus,
2492 1496 2868 1551 misericordia
2892 1505 2984 1550 tua
3030 1495 3322 1566 praeveniet
3350 1510 3433 1547 me
3466 1514 3476 1549 :

301 1578 392 1632 21.
440 1578 497 1632 '0
527 1578 658 1642 Θεός
692 1597 792 1650 μου
823 1579 982 1647 δείξει
1015 1599 1104 1652 μοι
1133 1583 1190 1636 ὲν
1229 1586 1339 1645 τοῖς
1361 1585 1570 1655 ἐχθροῖς
1605 1602 1728 1654 μου.

1969 1596 2058 1648 21.
2094 1593 2239 1648 Deus
2263 1609 2414 1647 meus
2431 1592 2679 1647 ostendet
2695 1592 2826 1645 milii
2859 1590 3289 1661 superinimicos
3307 1605 3474 1644 meos.

301 1668 393 1722 22.
425 1670 516 1742 Μὴ
555 1671 881 1745 ἀποκτείνῃς
913 1674 1140 1740 αὑτοὺς,
1189 1677 1396 1747 μήποτε
1439 1675 1800 1731 ἐπιλάθωνται

1967 1685 2057 1738 22.
2095 1684 2172 1740 Ne
2200 1687 2420 1741 occidas
2440 1700 2558 1747 cos,
2587 1699 2654 1738 ne
2679 1683 2898 1753 quando
2919 1683 3317 1739 obliviscantur
3347 1681 3478 1751 legis

222 1757 326 1812 τοῦ
347 1759 511 1830 νόμου
539 1777 652 1814 σου.
1902 1788 2025 1834 tum.

299 1851 389 1906 23.
422 1854 815 1926 Διασκόρπισον
842 1856 1038 1919 αὑτοὺς
1069 1857 1126 1910 ἐν
1160 1862 1225 1929 τῇ
1253 1859 1475 1931 δυνάμει
1513 1879 1604 1916 σου
1624 1879 1639 1894 ⁸

1348 1860 1475 1931 άμει
1513 1879 1639 1916 σου·
1974 1863 2063 1916 25.
2097 1859 2354 1931 Disnerge
2387 1859 2506 1914 illos
2539 1860 2592 1911 in
2621 1860 2819 1912 virtute
2852 1869 2944 1913 tua
2980 1878 2991 1911 :

298 1943 390 1996 24.
423 1945 533 1998 Kal
587 1950 864 2016 κατάγαγε
905 1949 1120 2016 αὑτοὺς,
1166 1952 1194 2004 6
1249 1953 1654 2026 ὑπερασπιστής
1695 1973 1795 2025 μου
1828 1934 1873 1988 Β

1695 1973 1795 2025 μου
1828 1934 1873 1988 Β
1972 1955 2059 2008 21.
2099 1953 2164 2009 Ει
2198 1955 2408 2023 depone
2435 1968 2560 2014 cos,
2595 1960 2872 2022 protector
2896 1967 3052 2006 mens
3085 1949 3332 2005 Domine.

224 2035 429 2108 Κύριε.

297 2131 392 2187 25.
433 2132 700 2206 Ἀμαρτία
740 2135 1002 2206 στόματος
1050 2137 1225 2190 αὑτῶν
1254 2137 1408 2207 λόγος
1442 2140 1662 2210 χειλέων
1699 2144 1796 2195 αὑ.

1969 2135 2058 2190 23.
2097 2134 2364 2190 Delictum
2397 2136 2511 2192 oris
2540 2150 2732 2190 eorum
2756 2173 2770 2197 ,
2806 2147 2988 2187 sermo
3028 2131 3293 2185 labiorum
3329 2130 3474 2200 ipsc-

222 2223 338 2278 τῶν
357 2240 370 2253 ’
1895 2245 2015 2284 rum
2053 2248 2066 2284 :

291 2314 383 2369 26.
421 2318 529 2371 Kal
548 2317 1005 2390 συλληφθήτωσαν
1035 2320 1093 2372 ὲν
1122 2322 1187 2392 τῇ
1212 2321 1559 2392 ὑπερηφανίᾳ
1587 2323 1782 2377 αὑτῶν.

1615 2323 1782 2377 ιὺτῶν.
1967 2322 2056 2376 26.
2091 2321 2156 2377 Et
2182 2319 2716 2392 comprehendantur
2743 2319 2798 2372 in
2832 2317 3084 2387 superbia
3123 2331 3263 2370 sua:

296 2406 389 2462 27.
414 2409 522 2461 Kal
547 2409 603 2476 ἐξ
632 2411 770 2479 ἀρᾶς
814 2409 907 2463 καὶ
949 2411 1177 2482 ψεύδους
1229 2412 1673 2484 διαγγελήσονται
1735 2420 1792 2469 ἐν

1962 2415 2052 2469 27.
2090 2413 2157 2469 Et
2193 2417 2260 2469 de
2297 2414 2708 2474 exsecratione.
2753 2422 2808 2466 et
2847 2409 3135 2465 mendacio
3177 2406 3471 2462 annuntia-

224 2497 532 2568 συντελείᾳ,

1892 2508 2098 2563 buntur
2129 2509 2183 2562 in
2211 2507 2690 2562 consummatione
2710 2547 2723 2570 ,

296 2586 387 2641 28.
430 2588 515 2642 Ἐν
539 2589 672 2661 ὀργῇ
724 2592 1048 2659 συντελείας,
1078 2595 1170 2647 καὶ
1197 2595 1258 2646 οὑ
1289 2594 1363 2667 μὴ
1384 2596 1684 2668 ὑπάρξωσι.

1584 2616 1684 2652 tm.
1963 2597 2053 2653 28.
2086 2597 2145 2651 ln
2180 2597 2260 2652 ira
2297 2596 2807 2662 consummationis,
2839 2602 3022 2649 etnon
3053 2601 3232 2648 erunt.

294 2677 385 2733 29.
422 2680 530 2733 Kal
564 2680 880 2748 γνώσονται,
902 2683 982 2735 ὃτι
1005 2684 1032 2734 6
1074 2683 1205 2747 Θεὸς
1242 2683 1490 2751 δεσπόζει
1531 2687 1624 2741 τοῦ
1690 2689 1794 2742 'la-

1966 2689 2059 2744 29.
2097 2689 2165 2744 Et
2198 2691 2393 2758 scient,
2426 2691 2554 2760 quia
2585 2687 2725 2744 Deus
2753 2686 3067 2743 dominatur
3099 2684 3289 2750 Jacob,
3321 2693 3374 2738 et
3405 2683 3467 2737 li-

218 2767 363 2834 κὼὸ,
392 2770 485 2823 καὶ
521 2771 627 2824 τῶν
652 2772 900 2843 περάτων
934 2774 1030 2844 τῆς
1054 2775 1175 2846 γῆς.

609 2790 627 2823 ν
652 2772 900 2843 περάτων
934 2774 1030 2844 τῆς
1054 2775 1175 2846 γῆς.
1896 2783 2048 2837 nium
2083 2794 2257 2837 terrae.

301 2863 376 2931 (a)
402 2861 532 2919 Cod.
575 2863 747 2918 Palat.

298 2933 374 3003 (ὁ)
406 2931 558 2990 Vers.
592 2934 677 2988 15.
707 2936 817 2988 Kal
836 2939 1097 3008 ῥομφαία,
1122 2950 1250 3005 etc.,
1276 2942 1496 3012 ἢκουσε.
1528 2943 1682 3000 Vers.
1705 2945 1790 3012 16,
1825 2943 1936 2999 Kal

814 2975 817 2985 ν
836 2939 1097 3008 ῥομφαία,
1122 2950 1250 3005 etc.,
1276 2942 1496 3012 ἢκουσε.
1528 2943 1682 3000 Vers.
1705 2945 1790 3012 16,
1825 2943 1936 2999 Kal
1967 2944 2055 3006 σὺ,
2083 2955 2211 3007 etc.,
2244 2939 2462 3003 αὑτούς.

1361 3079 1732 3137 ATHANASII
1772 3079 2350 3139 INTERPRETATIO.

295 3182 383 3237 15.
422 3184 708 3256 Ἔρχονται
739 3189 796 3239 ὲν
852 3189 1031 3242 σκότει
1084 3191 1408 3258 κυκλοῦντες
1449 3197 1546 3268 τὴν
1589 3198 1786 3271 ψυχὴν,
1816 3204 1860 3266 C

1816 3204 1860 3266 (ζ
1970 3200 2055 3252 15.
2085 3196 2325 3250 Veniunt
2373 3195 2426 3248 in
2473 3193 2711 3249 tenebris
2750 3191 3157 3246 circumdantes
3202 3189 3463 3253 animam,

219 3274 318 3329 καὶ
352 3278 653 3330 κατεσθίειν
683 3279 930 3349 ζητοῦσιν
955 3282 1029 3343 ὡς
1056 3283 1235 3346 κύνες.

1164 3302 1235 3346 ες.
1893 3300 1945 3345 ct
1969 3290 2230 3343 devorare
2260 3295 2512 3358 quzerunt
2541 3295 2602 3340 ut
2629 3301 2812 3340 canes.

293 3367 381 3421 14.
401 3369 528 3422 Ἰδοὺ
551 3371 703 3424 αὑτοὶ
727 3367 871 3426 οὗτοι
889 3375 1276 3451 πειθανότητάς
1292 3397 1442 3444 τινας
1459 3381 1707 3452 λαλοῦσι(
1719 3385 1785 3453 l).

1971 3384 2055 3438 H.
2096 3382 2233 3438 Ecce
2267 3382 2322 3436 lti
2367 3382 2470 3452 ipsi
2517 3380 2823 3453 plausibilia
2861 3378 3108 3450 quadam
3141 3377 3454 3448 loquuntur.

295 3457 382 3514 15.
414 3461 520 3514 Kal
539 3463 853 3535 ἀναιροῦσιν
876 3468 933 3519 ὲν
955 3471 1067 3532 τοῖς
1082 3469 1260 3537 λόγοις
1282 3473 1458 3525 αὑτῶν
1477 3476 1602 3538 τοὺς
1627 3474 1790 3529 ἀκού-

1963 3478 2050 3533 15.
2083 3477 2146 3532 Et
2169 3477 2424 3532 occidunt
2447 3476 2498 3529 in
2526 3475 2870 3530 sermonibus
2893 3474 3009 3529 suis
3032 3473 3316 3528 audientes
3339 3487 3456 3528 cos.

216 3567 382 3616 οντας
405 3554 600 3608 αὐτῶν.

296 3643 384 3702 16.
414 3645 523 3698 Καὶ
557 3648 643 3710 σὺ,
673 3646 1171 3719 Κύριε,ἀπελάσεις
1201 3654 1418 3720 αὐτούς.

1280 3655 1418 3720 τοὺς.
1963 3653 2046 3707 16.
2078 3651 2145 3706 Et
2171 3661 2247 3717 tu,
2279 3651 2528 3715 Domine,
2564 3651 2784 3720 dejicies
2817 3666 2928 3706 eos.

294 3735 502 3816 17..Τά
536 3737 661 3808 ἔθνη
696 3739 836 3794 αὐτὰ
867 3741 1062 3796 ταῦτα.

1009 3760 1062 3796 α.
1960 3745 2045 3798 17.
2084 3745 2284 3799 Gentes
2321 3743 2657 3814 lmjusmodi.

293 3826 382 3881 18.
417 3829 528 3900 Τὴν
552 3830 801 3902 βοήθειάν
843 3849 944 3902 μου
969 3836 1120 3904 παρὰ
1150 3834 1241 3888 σοῦ
1273 3839 1501 3909 αἰτήσω.

1385 3839 1501 3909 ῇσω.
1963 3835 2048 3890 18.
2086 3835 2365 3890 Auxilium
2390 3850 2569 3890 meum
2599 3844 2702 3889 ate
2731 3834 3033 3905 postulabo.

289 3921 379 3975 19.
418 3923 538 3976 Ὀτι
579 3926 642 3978 σὺ
675 3927 939 3997 ὑπάρχεις
967 3927 1099 3991 Θεός
1121 3947 1243 3999 μου.

1961 3927 2047 3983 19.
2083 3925 2350 3994 Quoniam
2381 3936 2436 3981 tu
2467 3941 2525 3981 es
2548 3925 2689 3980 Deus
2718 3941 2891 3979 meus.

285 4013 377 4069 20.
427 4015 483 4067 ’0
504 4013 695 4085 ἔφορός
713 4035 812 4086 μου
844 4017 942 4087 (2),
962 4019 1022 4071 τὸ
1040 4019 1186 4083 ἕλεος
1209 4021 1372 4075 αὑτοῦ
1405 4023 1666 4079 σκεπάσει
1695 4043 1782 4085 με.

1955 4017 2046 4072 20.
2066 4017 2388 4088 Prospector
2405 4031 2580 4078 meus,
2594 4015 2961 4070 misericordia
2979 4023 3068 4068 tua
3087 4023 3328 4083 proteget
3351 4030 3454 4070 me.

291 4106 383 4160 21.
419 4108 541 4171 Τοῖς
574 4108 790 4180 δαίμοσι

828 4111 927 4181 (5).
1950 4109 2039 4163 21.
2077 4109 2443 4163 Daunonibus.

285 4199 377 4253 22.
411 4201 499 4272 Μὴ
524 4203 801 4269 παντελῶς
819 4208 1052 4279 ποιήσῃς
1076 4208 1270 4272 αὐτοὺς
1296 4207 1369 4280 μὴ
1394 4203 1554 4273 εἶναι,
1579 4211 1785 4280 μήποτε

1955 4201 2043 4255 22.
2076 4199 2154 4255 Ne
2180 4200 2349 4254 iacias
2375 4214 2470 4254 eos
2493 4215 2721 4270 prorsus
2737 4215 2844 4254 non
2861 4199 3147 4264 exsistere,
3171 4197 3457 4268 nequando

215 4292 296 4350 ὡς
327 4292 403 4364 μὴ
443 4293 776 4366 ὑπάρχοντες
805 4297 902 4350 οὑκ
934 4298 1011 4351 ἔτι
1040 4298 1467 4370 μνημονεύσουσι
1499 4299 1606 4354 τῶν
1630 4301 1786 4354 κολά-

1889 4304 2075 4366 utpote
2131 4309 2238 4347 non
2273 4295 2599 4349 exsistentes
2655 4307 2764 4346 non
2816 4291 3172 4346 recordentur
3227 4289 3458 4362 amplius

215 4401 381 4447 σεων,
413 4378 488 4437 ὧν
511 4386 731 4454 ἐπάγεις
757 4387 956 4451 αὑτοῖς.

1887 4387 2281 4460 suppliciorum
2313 4403 2434 4458 qua:
2460 4386 2592 4456 ipsis
2615 4384 2804 4441 infers.

286 4478 378 4531 23.
424 4477 581 4531 Ἀλλά
606 4477 990 4552 διασκορπισον
1020 4483 1309 4546 αὑτοὺςείς
1334 4483 1394 4536 τὸ
1424 4483 1535 4555 πῦρ
1565 4485 1626 4537 τὸ
1656 4484 1784 4538 αἰώ-

1598 4485 1626 4537 ὸ
1656 4484 1784 4538 αίώ-
1957 4482 2045 4536 25.
2077 4480 2184 4537 Sed
2216 4482 2467 4550 disperge
2505 4478 2628 4532 illos
2661 4478 2715 4533 in
2753 4479 2928 4548 ignem
2961 4485 3244 4532 aeternum.

211 4586 349 4625 νιον.
1811 4562 1858 4618 D
2471 4631 2474 4634 ι

284 4661 376 4716 24.
414 4662 521 4715 Kal
552 4664 630 4725 είς
653 4664 898 4734 τάρταρα
929 4665 1029 4734 τῆς
1061 4665 1162 4736 γῆς
1199 4667 1476 4736 κατάγαγε
1505 4670 1719 4732 αὑτούς.

1357 4685 1476 4736 ταγε
1505 4670 1719 4732 αὐτούς,
1949 4661 2041 4714 24.
2077 4659 2144 4714 Ει
2171 4661 2224 4714 in
2259 4669 2460 4715 tartara
2503 4670 2662 4716 terra:
2689 4659 2863 4715 deduc
2891 4675 3005 4717 eos.

279 4755 372 4810 25.
404 4755 501 4808 Διὰ
538 4755 635 4819 τὰς
663 4757 936 4828 ἁμαρτίας
979 4756 1071 4810 τοῦ
1132 4759 1398 4827 στόματος
1448 4761 1623 4814 αὑτῶν
1645 4802 1661 4820 .
1693 4763 1785 4815 καὶ

1951 4754 2040 4807 25.
2073 4752 2304 4823 Propter
2343 4764 2563 4824 peccata
2602 4755 2716 4808 oris
2772 4755 3041 4824 ipsorum,
3080 4764 3136 4810 et
3174 4768 3453 4811 sermones

206 4848 341 4910 τοὺς
366 4847 556 4914 λόγους
591 4847 664 4920 (4)
694 4847 786 4912 οὓς
818 4849 1082 4919 ἐλάλησαν
1117 4850 1256 4903 κατὰ
1285 4852 1399 4904 σοῦ.

1125 4850 1256 4903 κατὰ
1285 4852 1399 4904 σοῦ.
1882 4861 2020 4909 quos
2045 4845 2210 4899 locuti
2247 4855 2377 4900 sunt
2408 4847 2673 4902 adversus
2702 4854 2773 4900 te.

283 4939 374 4992 26.
417 4939 525 4991 Kal
551 4939 1012 4994 καταδικασθῶσιν
1035 4943 1091 4994 ὲν
1111 4945 1174 5013 τῇ
1212 4943 1707 5015 ἀνταρσία“αὑτῶν.

1501 4945 1707 4998 αὑτῶν.
1950 4938 2038 4992 26.
2075 4939 2139 4994 Et
2160 4940 2592 4994 condemnentur
2623 4939 2678 4993 in
2708 4940 3001 4995 rebellione
3030 4954 3149 4996 sua.

283 5029 377 5082 27.
406 5029 513 5082 Kal
537 5029 638 5098 τῆς
662 5031 904 5100 ὲκκοπῆς
933 5031 1031 5101 (5),
1054 5034 1149 5086 καὶ
1177 5033 1270 5086 τοῦ
1287 5033 1535 5104 ψεύδους,
1566 5031 1626 5090 οὗ
1659 5037 1781 5090 ἐλά-

1948 5031 2040 5085 27.
2072 5031 2138 5086 Et
2183 5031 2251 5086 de
2296 5031 2647 5087 eﬂ‘renatione
2690 5032 2841 5096 oris,
2896 5042 2950 5086 et
2993 5032 3274 5087 mendacio
3309 5032 3453 5102 quod

207 5124 405 5197 λησαν,
440 5123 535 5176 καὶ
556 5122 796 5188 ἐδίδαξαν
829 5125 887 5177 ὲν
923 5124 1000 5196 τῷ
1019 5127 1222 5198 κόσμῳ.

1883 5125 2050 5181 locuti
2079 5135 2224 5189 sunt,
2253 5132 2308 5177 et
2335 5122 2643 5178 docuerunt
2668 5125 2721 5178 in
2748 5125 2967 5178 mundo.

278 5216 369 5271 28.
389 5217 499 5269 Kal
516 5219 573 5269 ὲν
668 5217 801 5287 ὀργῇ
826 5216 922 5288 τῆς
940 5218 1248 5282 συντελείας
1262 5220 1323 5272 οὑ
1349 5220 1423 5292 μὴ
1448 5221 1778 5293 ὑπάρξωσιν.

1712 5239 1778 5277 ιν.
1951 5216 2042 5270 28.
2077 5215 2142 5270 Ει
2170 5216 2221 5269 in
2257 5217 2338 5270 ira
2367 5216 2862 5272 consummationis
2892 5231 2998 5269 non
3039 5215 3356 5271 subsistent.

279 5309 370 5364 29.
415 5309 521 5362 Kal
546 5309 666 5362 τότε
696 5308 1014 5376 γνώσονται,
1053 5311 1134 5364 ὅτι
1169 5311 1248 5381 τῷ
1285 5311 1402 5384 Θεῷ
1444 5313 1780 5367 δουλεύσουσι

1951 5310 2042 5364 29.
2079 5309 2144 5362 Et
2172 5317 2300 5364 tunc
2329 5318 2694 5381 eOgnoscent,
2743 5307 2890 5380 quod
2928 5307 3038 5363 Deo
3072 5309 3310 5363 servient
3337 5323 3455 5362 om-

208 5404 388 5459 πᾶσαι
411 5401 573 5471 φυλαὶ
597 5400 838 5469 γλῶσσαι
875 5403 970 5472 (6).

875 5403 970 5472 (6).
1885 5420 1981 5459 nes
2007 5403 2182 5459 tribus
2201 5413 2254 5459 et
2283 5405 2499 5474 linguam

1167 5517 1468 5580 Addenda
1502 5527 1560 5580 et
1591 5521 1966 5598 corrigenda
1992 5538 2071 5581 ex
2127 5521 2265 5582 cod.
2301 5520 2500 5581 Vatic.

282 5636 358 5718 (ll
389 5637 714 5718 ᾼςιλίισουσξο
809 5709 838 5718 ..
1109 5708 1143 5718 -
1231 5711 1242 5718 .
1628 5715 1640 5718 Α
1674 5716 1679 5718 _

1109 5708 1143 5718 _
1231 5711 1242 5718 _
1628 5715 1640 5718 Α
1674 5716 1679 5718 _
1959 5645 2035 5718 (4)
2066 5646 2271 5718 ᾼόγους
2303 5645 2629 5718 αὑτῷνηοῑο.

285 5706 362 5777 (2)
385 5706 579 5761 Αὑτοῦ.
604 5710 694 5762 sed
718 5709 902 5765 melius
935 5725 1054 5780 μου.
1099 5708 1274 5769 Paulo
1306 5727 1419 5784 post
1470 5715 1774 5788 προσϐάσει

1099 5708 1274 5769 Paulo
1306 5727 1419 5784 post
1470 5715 1774 5788 προσϐάσει
1955 5706 2030 5788 (ὅ)
2064 5706 2344 5788 γἘκκοπῆς
2366 5716 2459 5788 τοῦ
2491 5715 2735 5788 ψευδοῦς.

213 5794 351 5858 μέζω
402 5850 413 5858 ,
473 5847 485 5858 ,
640 5847 654 5858 ,
683 5849 694 5858 _
1518 5783 1528 5788 ’
1593 5783 1601 5786 ⁷
1952 5787 2026 5857 (6)
2060 5787 2179 5841 Ὂτι
2223 5783 2394 5858 Ἰησοῦ
2449 5787 2522 5857 τῷ
2568 5787 2687 5858 Θεῷ
2711 5827 2724 5842 .
2754 5829 2766 5842 .
2798 5825 2846 5842 ..
2884 5789 2940 5839 αἱ
2973 5784 3133 5854 φυλαὶ
3158 5786 3248 5837 καὶ
3279 5783 3452 5854 γλῶσ-

282 5847 357 5919 (5)
388 5847 613 5920 Δαίμοσι
640 5847 802 5916 λέγει.
1890 5847 1993 5912 σαὶ,
