4174 6496
315 570 371 623 ‘2.
408 566 714 638 Ὠργίσθης,
747 565 838 618 καὶ
870 562 1210 636 ᾠκτείρησας
1239 565 1405 634 ἡμᾶς.

311 660 367 712 5.
398 657 718 720 Συνέσεισας
744 655 842 726 τὴν
882 654 1005 725 γῆν,
1035 655 1128 706 καὶ
1156 652 1517 724 συνετάραξας
1558 654 1751 724 αὐτήνθ

316 749 372 803 4.
406 749 585 801 Ἰασαι
608 747 676 801 τά
700 745 1080 816 συντρίμματα
1114 745 1304 814 αὐτῆς,
1330 746 1413 798 ὅτι
1442 744 1726 816 ἐσαλεύθη.

317 842 373 896 5.
405 840 650 907 Ἕδειξας
664 838 742 909 τῷ
771 837 885 908 λαῷ
920 854 1013 890 σου
1036 836 1267 908 σκληρά.

315 932 371 987 6.
410 932 695 994 Ἐπότισας
721 931 867 1001 ἡμᾶς
898 924 1041 982 οἶνον
1061 926 1426 991 κατανύξεως.

324 1023 376 1080 7.
410 1022 655 1086 Ἔδωκας
679 1024 791 1084 τοῖς
824 1020 1177 1091 φοσουμένοις
1205 1036 1264 1073 σε
1295 1019 1614 1091 σημείωσιν,
1634 1023 1708 1093 (α)
1725 1023 1820 1075 τοῦ

240 1120 441 1188 φυγεῖν
477 1116 584 1170 ἀπὸ
611 1113 901 1186 προσώπου
926 1112 1099 1179 τόξου.

318 1210 374 1265 8.
408 1210 596 1273 Ὅπως
613 1207 678 1261 ἂν
706 1205 971 1277 ρυσθῶσιν
1000 1205 1048 1258 οξ
1076 1206 1344 1275 ἀγαπητοί
1366 1222 1480 1260 σου.

317 1300 375 1356 9.
398 1301 578 1354 Σῶσον
604 1303 669 1370 τῇ
700 1298 850 1369 δεξιᾷ.
878 1314 995 1359 σου,
1035 1298 1130 1351 καὶ
1154 1297 1457 1351 ἐπάκουσον
1487 1315 1609 1369 μου.

318 1393 408 1447 10.
452 1394 508 1446 '0
532 1390 663 1455 Θεὸς
688 1389 943 1462 ἐλάλησεν
963 1391 1020 1443 ὲν
1049 1388 1128 1459 τῷ
1158 1389 1297 1459 ἁγίῳ
1326 1389 1512 1442 αὐτοῦ’

322 1484 411 1538 11.
446 1483 883 1553 ’Δγαλλιάσομαι,
914 1484 1007 1536 καὶ
1037 1482 1302 1554 διαμεριῶ
1324 1483 1543 1553 Σίκιμα

321 1578 413 1631 12.
448 1578 559 1630 Kal.
584 1575 681 1647 τὴν
714 1575 934 1629 κοιλάδα
964 1574 1071 1628 τῶν
1101 1573 1319 1645 σκηνῶν
1351 1573 1716 1644 διαμετρήσω.

323 1670 412 1726 15.
446 1669 605 1740 Ἐμός
632 1669 748 1721 ἐστι
775 1666 1007 1729 Γαλαὰδ,
1043 1666 1137 1720 καὶ
1165 1667 1295 1738 ἐμός
1320 1668 1435 1719 ἐστι
1471 1664 1787 1735 Μανασσῆς*

324 1848 406 1920 (α)
433 1846 595 1903 Vera.
621 1847 677 1911 8,
710 1844 885 1900 Τοῦ...
911 1847 977 1899 r.
1013 1842 1066 1909 9,
1100 1843 1307 1906 Ὅπως.

1145 451 1233 506 DE
1276 449 1549 506 TITULIS
1582 449 2026 507 ΡδΑωιοιιωί.
2063 480 2132 492 --
2169 448 2363 504 Ρ5Α1...
2406 449 2541 504 LIX.

1852 577 1898 623 Α
1994 564 2047 619 2.
2076 562 2251 618 Iratus
2275 579 2356 628 es,
2384 574 2439 618 et
2472 563 2728 619 misertus
2751 576 2812 617 es
2846 561 3024 616 nobis.

1994 658 2050 711 5.
2086 653 2443 711 Commovisti
2474 665 2694 720 terram,
2730 664 2785 709 ct
2812 651 3152 709 conturbasti
3182 665 3299 705 eam
3328 689 3343 703 .

1994 748 2047 802 ι.
2080 747 2223 802 Sana
2251 748 2604 803 contritiones
2640 747 2781 817 eius,
2812 745 2940 817 quia
2973 753 3243 800 commota
3276 749 3378 797 est.

1993 842 2047 896 5.
2082 840 2379 897 Ostendisti
2411 840 2609 910 populo
2639 849 2734 895 tuo
2766 840 2938 896 dura:

2000 930 2053 988 6.
2080 931 2287 989 Potasti
2321 947 2423 988 nos
2453 933 2584 987 vino
2610 934 3065 1002 compunctionis.

1995 1025 2050 1081 7.
2081 1024 2283 1081 Dedisti
2317 1025 2684 1080 metuentibus
2718 1034 2769 1079 te
2799 1024 3248 1094 signiﬁcationem
3269 1068 3285 1094 ,
3312 1037 3369 1082 ut
3401 1027 3487 1083 fu-

1923 1116 2072 1187 giant
2103 1132 2135 1170 a
2164 1114 2299 1172 facie
2320 1131 2497 1172 arcus.

1994 1206 2048 1261 8.
2089 1205 2157 1262 Ut
2176 1207 2475 1264 liberentur
2498 1208 2682 1264 dilecti
2717 1210 2792 1263 tui
2822 1228 2836 1264 :

1995 1300 2049 1355 9.
2082 1299 2303 1354 Salvum
2330 1300 2418 1357 fac
2446 1301 2666 1358 dextera
2701 1313 2813 1371 tua,
2843 1314 2899 1361 et
2923 1306 3118 1362 exaudi
3150 1322 3259 1362 me.

2000 1391 2085 1446 10.
2111 1390 2252 1447 Deus
2276 1392 2490 1449 locutus
2513 1404 2598 1450 est
2629 1395 2683 1449 in
2713 1406 2901 1451 saneto
2931 1412 3033 1452 suo
3058 1415 3073 1451 :

1994 1482 2080 1536 ll.
2111 1481 2382 1551 Lmtabor,
2404 1491 2458 1539 et
2487 1486 2731 1555 partibor
2760 1485 3057 1543 Sicltimam
3085 1508 3100 1543 :

1999 1575 2087 1630 l2.
2120 1573 2188 1629 Et
2218 1577 2518 1633 convallem
2548 1579 3024 1635 tabernaculorum
3056 1581 3308 1637 metibor.

2004 1667 2091 1722 15.
2120 1666 2273 1725 Meus
2294 1678 2375 1724 est
2407 1667 2630 1738 Galaad,
2658 1680 2711 1726 et
2742 1687 2897 1729 meus
2928 1682 3010 1728 est
3036 1671 3344 1728 Manasses:

1370 2018 1749 2076 ATHANASII
1800 2018 2376 2077 INTERPRETATIO.

251 2243 366 2295 γει,
391 2226 475 2280 ὅτι
502 2227 595 2281 ἐπὶ
622 2227 765 2282 τέλει
805 2227 854 2280 oi
897 2224 1287 2297 άλλοιούμενοι,
1321 2224 1604 2278 τουτέστιν
1642 2222 1690 2276 οί
1730 2222 2186 2295 μεταϐαλλόμενοι
2211 2222 2321 2278 ἀπὸ
2353 2220 2446 2275 τοῦ
2486 2220 2656 2275 κακοῦ
2713 2222 2792 2285 εἰς
2821 2219 2882 2274 τὸ
2913 2220 3136 2289 ἀγαθὸν,
3185 2222 3263 2286 είς
3303 2220 3490 2297 στηλο-

251 2319 495 2390 γραφίαν
518 2319 786 2391 ἔρχονται,
807 2318 951 2387 λέγω
976 2318 1041 2389 δὴ
1063 2320 1142 2382 είς
1168 2317 1265 2388 τὴν
1290 2318 1540 2387 ἐνάρετον
1560 2315 1855 2370 πολιτείαν·
1886 2311 2023 2369 εἶτα*
2061 2313 2146 2381 Τῷ
2197 2314 2378 2371 Δαόίδ
2401 2316 2489 2381 εις
2533 2313 2811 2383 διδαχὴν,
2863 2330 2935 2383 φη
2946 2314 3007 2383 μὶ
3038 2313 3131 2367 καὶ
3164 2315 3245 2377 είς
3271 2313 3491 2382 διδαχὴν

252 2411 365 2465 τοῦ
386 2411 593 2465 ἱκανοῦ
620 2409 695 2480 τῇ
723 2410 1044 2482 χειρὶ,ὄπερ
1076 2413 1155 2475 είς
1169 2411 1258 2464 τὸν
1277 2410 1480 2481 Κύριον
1512 2409 1842 2481 ἀναφέρεται
1876 2425 1891 2442 ο
1918 2408 2014 2461 καὶ
2040 2408 2223 2463 λοιπὸν
2269 2409 2587 2476 ἐνεπύρισε
2613 2406 2711 2479 τὴν
2740 2406 2968 2478 ἔπαρσιν
2993 2405 3085 2459 τού
3116 2407 3491 2478 μετεωρισμοῦ

253 2500 459 2554 ὡσανεὶ
483 2499 582 2572 τὴν
615 2501 909 2573 ἁμαρτίαν,
934 2504 1027 2555 καὶ
1050 2502 1143 2556 τὸν
1191 2502 1566 2575 μετεωρισμδν
1598 2502 1697 2573 τῆς
1726 2500 2002 2573 ἁμαρτίας
2052 2500 2149 2554 καὶ
2193 2499 2571 2567 παλαιώσεως,
2605 2500 2850 2555 τουτέστι
2880 2500 2973 2555 τὸν
2993 2500 3241 2555 θάνατον·
3266 2499 3494 2553 δώδεκα

254 2592 370 2665 γὰρ
396 2593 658 2662 χιλιάδες
687 2592 970 2669 [χιλιάδας]
993 2591 1111 2649 εἷπε
1140 2594 1230 2649 διὰ
1261 2595 1324 2648 τὸ
1353 2597 1461 2650 πᾶν
1488 2595 1589 2667 τῆς
1615 2594 1889 2668 ἁμαρτίας
1922 2594 2016 2649 τοῦ
2048 2594 2299 2649 θανάτου.

256 2728 511 2785 feruntur
538 2745 570 2783 a
600 2729 747 2783 malo
777 2728 832 2784 in
866 2729 1092 2796 bonum,
1123 2728 1348 2783 veniunt
1380 2727 1436 2782 in
1470 2727 1610 2782 tituli
1647 2726 2079 2797 inscriptionem,
2109 2728 2234 2784 dico
2261 2734 2441 2784 autem
2473 2726 2541 2784 ad
2565 2727 2764 2782 bonam
2788 2725 2912 2782 vitae
2941 2726 3359 2783 institutionem.
3386 2726 3491 2783 De-

256 2826 424 2881 inde:
464 2824 628 2880 David
655 2826 711 2878 in
738 2824 1055 2887 doctrinam,
1080 2832 1135 2878 et
1161 2823 1216 2878 in
1242 2822 1567 2889 doctrinam,
1601 2821 1846 2893 inquam,
1875 2838 2035 2876 manu
2058 2821 2250 2892 fortis;
2274 2821 2422 2892 quod
2454 2821 2520 2877 ad
2546 2820 2838 2876 Dominum
2867 2820 3119 2877 refertur.
3146 2820 3215 2878 Et
3234 2823 3450 2879 demum
3475 2845 3489 2879 :

257 2915 540 2974 Succendit
565 2915 919 2971 elevationem
941 2916 1323 2983 sublimitatis;
1353 2932 1546 2987 nempe
1566 2926 1870 2987 peccatum,
1902 2924 1957 2973 et
1988 2917 2377 2972 sublimitatem
2411 2914 2623 2988 peccati
2649 2924 2705 2970 et
2734 2916 3021 2973 vetustatis
3052 2935 3067 2973 :
3094 2916 3198 2973 hoc
3231 2929 3316 2976 est
3343 2937 3489 2977 mor-

256 3020 368 3069 tem
402 3030 417 3067 :
446 3010 740 3065 Duodecim
765 3011 904 3066 enim
927 3011 1101 3065 millia
1127 3011 1285 3077 dixit,
1315 3021 1537 3082 propter
1562 3026 1725 3068 omne
1749 3028 1922 3084 genus
1951 3015 2159 3086 peccati
2186 3012 2458 3071 mortalis.

327 3212 384 3267 2.
407 3213 519 3267 Οὐκ
541 3214 620 3276 είς
643 3200 797 3276 τελος
817 3211 1193 3286 ἀπεστράφης,
1215 3211 1336 3265 οὐδὲ
1361 3211 1626 3267 ἐπελάθου
1648 3212 1823 3285 ἡμῶν.

1997 3214 2052 3269 2.
2085 3214 2202 3272 Non
2242 3216 2294 3270 in
2330 3216 2491 3273 linem
2538 3226 2818 3273 aversatus
2845 3232 2927 3285 es,
2953 3232 3131 3288 neque
3173 3217 3378 3274 oblitus
3428 3234 3488 3274 es

328 3391 382 3446 3'.
411 3392 475 3444 0i
503 3390 564 3457 ἐξ
583 3391 752 3444 ἐθνῶν
776 3390 852 3462 (1)
876 3389 1204 3455 ἀκούσαντες
1222 3390 1308 3445 διὰ
1329 3392 1423 3446 τού
1452 3390 1824 3464 κηρύγματος,

251 3484 339 3538 ὃτι
370 3484 603 3554 ἐστησας
629 3484 862 3553 ἡμέραν,
879 3477 992 3554 ἑνῇ
1025 3482 1236 3553 μέλλεις
1256 3485 1432 3553 κρῖναι
1458 3484 1556 3554 τὴν
1575 3485 1828 3556 οἰκουμέ-

249 3592 356 3647 νην
385 3575 443 3627 tv
463 3572 799 3647 δικαιοσύνῃ.

322 3667 379 3722 4.
414 3668 590 3721 Ἱασαι
617 3668 685 3721 τὰ
712 3666 1092 3739 συντρίμματα
1113 3667 1298 3738 αὐτῆς,
1317 3668 1397 3721 ὅτι
1423 3668 1699 3741 ὑπήκουσᾶ
1719 3684 1825 3725 σοι.

324 3760 379 3815 5.
414 3762 595 3816 Πάντα
617 3760 688 3814 τὰ
713 3761 1109 3833 προστάγματά
1133 3778 1247 3818 σου.

324 3850 379 3906 6.
411 3852 521 3923 Τὴν
544 3852 702 3923 χάριν
723 3867 817 3903 σου
840 3853 917 3915 είς
947 3851 1276 3921 ἐπιστροφήν

325 3940 379 3995 7.
414 3942 538 4005 Τοῖς
568 3942 645 4013 (2)
676 3943 887 4005 πιστοῖς
932 3940 1151 4010 γνῶσιν,
1198 3938 1292 3993 τοῦ
1344 3943 1535 4010 φυγεῖν
1581 3941 1690 3997 ἀπὸ
1728 3945 1827 4015 τῆς

251 4030 550 4103 ἁμαρτίας.

323 4124 380 4180 8.
424 4125 545 4177 Ἀπ’
570 4124 741 4196 αὐτῆς
762 4124 839 4196 (3)
869 4125 967 4194 τῆς
1002 4125 1293 4196 ἁμαρτίας.

323 4218 377 4273 9.
428 4218 758 4271 Ἐπάκουσόν
796 4235 918 4289 μου,
950 4219 1044 4271 καὶ
1078 4217 1249 4270 σῶσον
1275 4218 1332 4271 ὲν
1363 4217 1439 4289 τῷ
1471 4217 1586 4289 Υίῷ
1614 4234 1727 4272 σου.

320 4308 413 4363 ‘10.
453 4307 510 4362 '0
540 4308 729 4380 Πατὴρ
759 4310 818 4361 ὲν
836 4307 914 4379 τῷ
957 4307 1090 4380 Υἰῴ.

328 4400 419 4455 ii.
461 4400 673 4470 Σίκιμα
700 4399 1059 4473 ἑρμηνεύεται
1113 4400 1544 4455 ἀναϐαίνουσα.
1590 4400 1698 4472 Τὴν
1735 4396 1829 4455 οὖν

250 4490 644 4546 ἀναϐαίνουσαν
674 4491 850 4563 ψυχὴν
892 4492 1027 4562 πρὸς
1049 4491 1136 4562 μὲ,
1185 4492 1219 4562 ἢ
1253 4489 1421 4561 αὐτὴν
1462 4489 1538 4561 (ι)
1566 4488 1664 4561 τὴν
1710 4491 1829 4544 Ἐκ-

250 4585 485 4656 κλησίαν
512 4584 836 4656 ἀποχωρίσω
866 4583 975 4636 ἀπὸ
1000 4584 1091 4636 τοῦ
1115 4585 1318 4654 κόσμου
1348 4581 1588 4654 ἐμαυτῷ.

326 4678 414 4732 12.
446 4678 556 4730 Καί
579 4678 637 4730 ὲν
666 4679 733 4747 τῇ
768 4675 911 4746 ψυχῇ
939 4675 1047 4729 τῶν
1078 4676 1153 4748 (5)
1191 4674 1461 4729 ταπεινῶν
1513 4676 1822 4745 ἐμπεριπα-

248 4771 424 4843 τήσω.

325 4862 418 4918 13.
458 4861 704 4917 Γαλαὰδ
761 4861 1121 4934 ἑρμηνεύεται
1177 4862 1447 4915 κατοικία
1490 4862 1820 4931 μαρτυρίου

251 4955 354 5027 (ϐ).
408 4954 747 5025 Μανασσῆς
825 4954 1185 5027 ἑρμηνεύεται
1254 4955 1818 5023 ἐπιλανθανόμενος.

250 5045 424 5098 Τοῦτο
481 5041 574 5099 οὖν
616 5045 782 5115 λέγει’
831 5046 1002 5115 Ἑμός
1034 5044 1165 5098 ἐστι
1213 5044 1477 5109 Γαλαὰδ,
1504 5043 1532 5095 ὁ
1566 5044 1673 5097 ἀπὸ
1723 5043 1821 5113 τῆς

250 5137 527 5211 ἁμαρτίας
558 5139 805 5211 μέτοικος
832 5138 1115 5209 γινόμενος
1162 5137 1299 5208 πρὸς
1334 5137 1432 5207 ἐμὲ
1460 5136 1518 5187 ὲν
1550 5134 1823 5206 μαρτυρίᾳ

1926 3309 2120 3364 nostri.

1995 3403 2047 3458 ὅ.
2081 3401 2185 3469 Qui
2222 3418 2290 3458 ex
2327 3403 2578 3473 gentibus
2616 3412 2745 3460 sunt
2783 3402 3067 3457 audientes
3099 3416 3195 3471 per
3231 3401 3490 3471 pradica-

1928 3496 2149 3563 tionem,
2176 3497 2321 3567 quod
2366 3497 2601 3553 statuisti
2640 3496 2806 3563 diem,
2835 3494 2890 3549 in
2919 3508 3030 3565 quo
3056 3494 3400 3565 iudicaturus
3429 3508 3490 3548 es

1925 3590 2112 3645 orbem
2143 3592 2196 3645 in
2222 3593 2457 3661 justitia.

1990 3681 2045 3737 4.
2084 3680 2226 3737 Sana
2256 3684 2606 3739 contritiones
2632 3684 2772 3753 ejus,
2799 3683 3058 3754 quoniam
3085 3680 3328 3739 obedivit
3366 3680 3485 3735 tibi.

1998 3774 2052 3829 5.
2085 3772 2279 3830 Omnia
2305 3776 2559 3830 mandata
2594 3784 2704 3830 tua.

1997 3867 2048 3922 6.
2082 3867 2266 3922 Gratia
2292 3878 2383 3922 tua
2414 3869 2481 3923 ad
2515 3872 2949 3927 conversionem.

2002 3959 2053 4015 7.
2078 3957 2354 4014 Fidelibus
2388 3960 2791 4028 cognztionem,
2830 3969 2885 4014 ut
2928 3961 3140 4029 fugiant
3176 3976 3207 4016 a
3249 3971 3487 4031 peccato.

1997 4132 2049 4188 8.
2087 4134 2170 4189 Ab
2198 4134 2316 4205 ipso
2344 4144 2582 4204 peccato.

1992 4224 2047 4279 9.
2083 4224 2292 4279 Exaudi
2320 4240 2425 4291 me,
2454 4234 2508 4279 et
2531 4224 2677 4281 salva
2706 4227 2758 4281 in
2791 4227 2928 4284 Filio
2957 4237 3047 4285 tuo

2001 4316 2087 4371 10.
2120 4314 2279 4371 Pater
2305 4316 2359 4371 in
2386 4316 2547 4372 Filio.

1998 4409 2083 4462 Η.
2113 4405 2345 4462 Sichima
2372 4408 2751 4478 interpretatur
2774 4409 3074 4462 ascendens.
3102 4409 3490 4466 Ascendenlem

1930 4498 2093 4571 igitur
2143 4500 2380 4553 animam
2416 4498 2484 4553 ad
2509 4514 2624 4563 me,
2657 4515 2754 4555 seu
2797 4501 2971 4568 ipsam
3010 4500 3304 4556 Ecclesium
3338 4518 3495 4572 sepa-

1930 4592 2062 4646 rabo
2089 4591 2221 4645 mihi
2246 4606 2277 4644 a
2303 4590 2528 4648 mundo.

2004 4684 2090 4742 12.
2124 4682 2192 4738 Et
2216 4684 2268 4737 in
2300 4684 2481 4738 anima
2514 4682 2798 4738 humilium
2824 4681 3191 4740 inambulabo.

2000 4860 2088 4914 15.
2138 4857 2346 4913 Galaad
2394 4858 2777 4927 interpretatur
2820 4858 3137 4912 inlmbitatio
3183 4863 3487 4917 testimonii.

1930 4954 2202 5008 Manasses
2235 4954 2619 5022 interpretatur
2641 4951 2852 5006 oblitus.
2883 4951 2994 5008 lloc
3017 4955 3180 5023 igitur
3203 4956 3491 5025 signiﬁcat,

1930 5046 2079 5101 Metus
2102 5056 2178 5102 est
2208 5045 2416 5100 Calaad
2440 5061 2460 5099 :
2484 5046 2577 5116 qui
2609 5061 2640 5099 a
2669 5054 2888 5114 peccato
2930 5047 3396 5116 transmigraverit
3426 5052 3492 5103 ad

1928 5157 2014 5194 me
2039 5140 2091 5193 in
2120 5138 2430 5192 testimonio
2458 5153 2471 5188 :
2495 5142 2578 5202 ct,’
2600 5153 2741 5191 meus
2763 5146 2839 5191 est
2867 5136 3157 5201 Manassa,
3183 5138 3491 5209 quioblitus

249 5233 351 5305 ('1)’
379 5234 476 5288 καὶ
502 5233 643 5303 ἐμός
687 5234 817 5287 ἐστι
864 5231 1225 5299 Μανασσῆς,
1267 5232 1295 5284 ὁ
1338 5226 1822 5297 ἐπιλανθανόμενος

1930 5240 2011 5286 est
2042 5230 2391 5301 pristinarum
2416 5244 2639 5284 suarum
2665 5228 2927 5283 malarum
2964 5230 3260 5287 actionum.

246 5324 359 5380 τῶν
390 5324 674 5397 προτέρων
701 5324 862 5379 αὐτοῦ
888 5323 1135 5395 πονηρῶν
1167 5321 1434 5394 πράξεων.

1196 5470 1502 5531 Addenda
1542 5476 1598 5527 et
1633 5466 2014 5544 corrigenda
2048 5483 2126 5527 ex
2158 5466 2298 5526 cod.
2341 5464 2541 5526 Vatic.

316 5654 395 5724 (Ι)
429 5655 491 5708 Οἱ
523 5652 582 5720 ἐξ
604 5654 771 5708 ἐθνῶν
794 5654 998 5709 desunt.

319 5725 396 5792 (9.)
433 5725 677 5788 Ἐδιυκας
699 5730 828 5793 τοῖς,
857 5735 960 5781 clo.

291 5795 398 5877 ,(ξ)
452 5795 559 5848 Τοῦ
606 5798 797 5866 φυγεῖν
842 5797 950 5849 ἀπὸ
1000 5797 1096 5865 τῆς
1153 5796 1441 5869 ἁμαρτίας.
1478 5794 1539 5849 Ν.
1584 5797 1636 5849 9.
1690 5795 1813 5849 Ἀπὸ

244 5881 431 5936 αυτης.

1997 5650 2072 5714 (4)
2103 5650 2244 5721 Πρὸς

2000 5722 2075 5791 (5)
2109 5723 2216 5774 Καὶ
2244 5720 2340 5789 τὴν
2364 5720 2538 5790 ψυχὴν
2566 5720 2697 5781 τῶν,
2726 5729 2829 5775 etc.

1992 5792 2069 5861 (6)
2100 5792 2360 5846 Merenda.
2385 5792 2707 5861 μαρτυρίας.

1994 5863 2068 5936 (7)
2093 5864 2188 5927 Εἰς
2225 5862 2542 5938 μαρτυρίαν.

2320 5649 2495 5731 ὲνιτὴν
2525 5649 2715 5731 αὐῖήν,
2742 5660 2845 5702 etc.
