  <div class='ocr_page' id='page_1' title='image "/cluster/home/n/w/nwhite01/storage/ocr_20150623/27/uva.x030474749/453.png"; bbox 0 0 4174 6484; ppageno 0'>
   <div class='ocr_carea' id='block_1_1' title="bbox 709 427 809 487">
    <p class='ocr_par' dir='ltr' id='par_1_1' title="bbox 709 427 809 487">
     <span class='ocr_line' id='line_1_1' title="bbox 709 427 809 487; baseline -0.05 0"><span class='ocrx_word' id='word_1_1' title='bbox 709 427 809 487; x_wconf 79' lang='grc'><strong>887</strong></span> 
     </span>
    </p>
   </div>
   <div class='ocr_carea' id='block_1_2' title="bbox 783 544 1914 619">
    <p class='ocr_par' dir='ltr' id='par_1_2' title="bbox 783 544 1914 619">
     <span class='ocr_line' id='line_1_2' title="bbox 783 544 1914 619; baseline -0.001 -18"><span class='ocrx_word' id='word_1_2' title='bbox 783 547 865 602; x_wconf 79' lang='grc'><strong>14.</strong></span> <span class='ocrx_word' id='word_1_3' title='bbox 902 547 965 603; x_wconf 83' lang='grc' dir='ltr'><strong>Εῑ</strong></span> <span class='ocrx_word' id='word_1_4' title='bbox 989 547 1239 619; x_wconf 83' lang='lat' dir='ltr'><strong>prraim</strong></span> <span class='ocrx_word' id='word_1_5' title='bbox 1273 547 1534 604; x_wconf 74' lang='lat' dir='ltr'><strong>fortitudo</strong></span> <span class='ocrx_word' id='word_1_6' title='bbox 1561 545 1754 617; x_wconf 89' lang='lat' dir='ltr'><strong>capitis</strong></span> <span class='ocrx_word' id='word_1_7' title='bbox 1785 544 1914 600; x_wconf 89' lang='lat' dir='ltr'><strong>mei.</strong></span> 
     </span>
    </p>
   </div>
   <div class='ocr_carea' id='block_1_3' title="bbox 782 641 1380 697">
    <p class='ocr_par' dir='ltr' id='par_1_3' title="bbox 782 641 1380 697">
     <span class='ocr_line' id='line_1_3' title="bbox 782 641 1380 697; baseline 0.005 -3"><span class='ocrx_word' id='word_1_8' title='bbox 782 641 870 695; x_wconf 87' lang='grc'><strong>15.</strong></span> <span class='ocrx_word' id='word_1_9' title='bbox 906 641 1041 696; x_wconf 83' lang='lat' dir='ltr'><strong>Juda</strong></span> <span class='ocrx_word' id='word_1_10' title='bbox 1066 658 1159 697; x_wconf 81' lang='lat' dir='ltr'><strong>rex</strong></span> <span class='ocrx_word' id='word_1_11' title='bbox 1191 657 1380 697; x_wconf 90' lang='lat' dir='ltr'><strong>meus:</strong></span> 
     </span>
    </p>
   </div>
   <div class='ocr_carea' id='block_1_4' title="bbox 777 731 1510 805">
    <p class='ocr_par' dir='ltr' id='par_1_4' title="bbox 777 731 1510 805">
     <span class='ocr_line' id='line_1_4' title="bbox 777 731 1510 805; baseline 0.003 -19"><span class='ocrx_word' id='word_1_12' title='bbox 777 731 863 787; x_wconf 84' lang='lat' dir='ltr'><strong>l6.</strong></span> <span class='ocrx_word' id='word_1_13' title='bbox 898 735 1056 790; x_wconf 81' lang='lat' dir='ltr'><strong>Moab</strong></span> <span class='ocrx_word' id='word_1_14' title='bbox 1086 735 1190 789; x_wconf 89' lang='lat' dir='ltr'><strong>olla</strong></span> <span class='ocrx_word' id='word_1_15' title='bbox 1215 735 1327 805; x_wconf 83' lang='lat' dir='ltr'><strong>spei</strong></span> <span class='ocrx_word' id='word_1_16' title='bbox 1356 748 1510 788; x_wconf 62' lang='lat' dir='ltr'><strong>mea).</strong></span> 
     </span>
    </p>
   </div>
   <div class='ocr_carea' id='block_1_5' title="bbox 779 820 2260 879">
    <p class='ocr_par' dir='ltr' id='par_1_5' title="bbox 779 820 2260 879">
     <span class='ocr_line' id='line_1_5' title="bbox 779 820 2260 879; baseline -0.007 -2"><span class='ocrx_word' id='word_1_17' title='bbox 779 825 862 878; x_wconf 84' lang='lat' dir='ltr'><strong>l7.</strong></span> <span class='ocrx_word' id='word_1_18' title='bbox 891 826 942 878; x_wconf 91' lang='lat' dir='ltr'><strong>ln</strong></span> <span class='ocrx_word' id='word_1_19' title='bbox 969 826 1256 879; x_wconf 71' lang='lat' dir='ltr'><strong>ldumaaam</strong></span> <span class='ocrx_word' id='word_1_20' title='bbox 1283 823 1567 879; x_wconf 80' lang='lat' dir='ltr'><strong>extendam</strong></span> <span class='ocrx_word' id='word_1_21' title='bbox 1597 820 2026 876; x_wconf 82' lang='lat' dir='ltr'><strong>calceamentum</strong></span> <span class='ocrx_word' id='word_1_22' title='bbox 2050 829 2260 870; x_wconf 88' lang='lat' dir='ltr'><strong>meum:</strong></span> 
     </span>
    </p>
   </div>
   <div class='ocr_carea' id='block_1_6' title="bbox 778 914 1780 986">
    <p class='ocr_par' dir='ltr' id='par_1_6' title="bbox 778 914 1780 986">
     <span class='ocr_line' id='line_1_6' title="bbox 778 914 1780 986; baseline -0.001 -18"><span class='ocrx_word' id='word_1_23' title='bbox 778 917 863 970; x_wconf 77' lang='grc'><strong>18.</strong></span> <span class='ocrx_word' id='word_1_24' title='bbox 900 914 1026 970; x_wconf 83' lang='lat' dir='ltr'><strong>Mihi</strong></span> <span class='ocrx_word' id='word_1_25' title='bbox 1061 916 1373 986; x_wconf 63' lang='lat' dir='ltr'><strong>alienigena:</strong></span> <span class='ocrx_word' id='word_1_26' title='bbox 1397 915 1596 974; x_wconf 82' lang='lat' dir='ltr'><strong>subditi</strong></span> <span class='ocrx_word' id='word_1_27' title='bbox 1627 921 1780 967; x_wconf 87' lang='lat' dir='ltr'><strong>sunt.</strong></span> 
     </span>
    </p>
   </div>
   <div class='ocr_carea' id='block_1_7' title="bbox 775 1003 2110 1075">
    <p class='ocr_par' dir='ltr' id='par_1_7' title="bbox 775 1003 2110 1075">
     <span class='ocr_line' id='line_1_7' title="bbox 775 1003 2110 1075; baseline -0.001 -15"><span class='ocrx_word' id='word_1_28' title='bbox 775 1008 860 1062; x_wconf 75' lang='grc'><strong>19.</strong></span> <span class='ocrx_word' id='word_1_29' title='bbox 895 1009 1028 1075; x_wconf 87' lang='lat' dir='ltr'><strong>Quis</strong></span> <span class='ocrx_word' id='word_1_30' title='bbox 1055 1009 1280 1065; x_wconf 86' lang='lat' dir='ltr'><strong>deducet</strong></span> <span class='ocrx_word' id='word_1_31' title='bbox 1311 1023 1397 1064; x_wconf 90' lang='lat' dir='ltr'><strong>me</strong></span> <span class='ocrx_word' id='word_1_32' title='bbox 1421 1009 1474 1062; x_wconf 89' lang='lat' dir='ltr'><strong>in</strong></span> <span class='ocrx_word' id='word_1_33' title='bbox 1498 1007 1772 1063; x_wconf 84' lang='lat' dir='ltr'><strong>civitatem</strong></span> <span class='ocrx_word' id='word_1_34' title='bbox 1803 1003 2110 1060; x_wconf 76' lang='lat' dir='ltr'><strong>munitam?</strong></span> 
     </span>
    </p>
   </div>
   <div class='ocr_carea' id='block_1_8' title="bbox 769 1096 2162 1172">
    <p class='ocr_par' dir='ltr' id='par_1_8' title="bbox 769 1096 2162 1172">
     <span class='ocr_line' id='line_1_8' title="bbox 769 1096 2162 1172; baseline -0.003 -20"><span class='ocrx_word' id='word_1_35' title='bbox 769 1101 860 1153; x_wconf 83' lang='lat'><strong>20.</strong></span> <span class='ocrx_word' id='word_1_36' title='bbox 895 1101 999 1155; x_wconf 82' lang='lat' dir='ltr'><strong>Aut</strong></span> <span class='ocrx_word' id='word_1_37' title='bbox 1022 1103 1143 1172; x_wconf 89' lang='lat' dir='ltr'><strong>quis</strong></span> <span class='ocrx_word' id='word_1_38' title='bbox 1176 1102 1406 1157; x_wconf 88' lang='lat' dir='ltr'><strong>deducet</strong></span> <span class='ocrx_word' id='word_1_39' title='bbox 1431 1116 1515 1156; x_wconf 91' lang='lat' dir='ltr'><strong>me</strong></span> <span class='ocrx_word' id='word_1_40' title='bbox 1547 1114 1722 1169; x_wconf 90' lang='lat' dir='ltr'><strong>usque</strong></span> <span class='ocrx_word' id='word_1_41' title='bbox 1747 1099 1800 1152; x_wconf 93' lang='lat' dir='ltr'><strong>in</strong></span> <span class='ocrx_word' id='word_1_42' title='bbox 1832 1096 2162 1152; x_wconf 67' lang='lat' dir='ltr'><strong>ldumaaam‘l</strong></span> 
     </span>
    </p>
   </div>
   <div class='ocr_carea' id='block_1_9' title="bbox 772 1189 1954 1264">
    <p class='ocr_par' dir='ltr' id='par_1_9' title="bbox 772 1189 1954 1264">
     <span class='ocr_line' id='line_1_9' title="bbox 772 1189 1954 1264; baseline -0.002 -19"><span class='ocrx_word' id='word_1_43' title='bbox 772 1192 862 1245; x_wconf 84' lang='lat' dir='ltr'><strong>2t.</strong></span> <span class='ocrx_word' id='word_1_44' title='bbox 890 1191 1075 1248; x_wconf 84' lang='lat' dir='ltr'><strong>Nonne</strong></span> <span class='ocrx_word' id='word_1_45' title='bbox 1110 1203 1187 1258; x_wconf 92' lang='lat' dir='ltr'><strong>tu,</strong></span> <span class='ocrx_word' id='word_1_46' title='bbox 1221 1193 1385 1260; x_wconf 88' lang='lat' dir='ltr'><strong>Deus,</strong></span> <span class='ocrx_word' id='word_1_47' title='bbox 1411 1193 1502 1264; x_wconf 91' lang='lat' dir='ltr'><strong>qui</strong></span> <span class='ocrx_word' id='word_1_48' title='bbox 1531 1190 1778 1260; x_wconf 87' lang='lat' dir='ltr'><strong>repulisti</strong></span> <span class='ocrx_word' id='word_1_49' title='bbox 1809 1189 1954 1244; x_wconf 85' lang='lat' dir='ltr'><strong>nos?</strong></span> 
     </span>
    </p>
   </div>
   <div class='ocr_carea' id='block_1_10' title="bbox 771 1281 2265 1358">
    <p class='ocr_par' dir='ltr' id='par_1_10' title="bbox 771 1281 2265 1358">
     <span class='ocr_line' id='line_1_10' title="bbox 771 1281 2265 1358; baseline -0.003 -20"><span class='ocrx_word' id='word_1_50' title='bbox 771 1285 859 1338; x_wconf 76' lang='lat'><strong>22.</strong></span> <span class='ocrx_word' id='word_1_51' title='bbox 893 1285 1110 1345; x_wconf 76' lang='lat' dir='ltr'><strong>Et‘non</strong></span> <span class='ocrx_word' id='word_1_52' title='bbox 1157 1288 1471 1358; x_wconf 82' lang='lat' dir='ltr'><strong>egredieris,</strong></span> <span class='ocrx_word' id='word_1_53' title='bbox 1512 1285 1675 1353; x_wconf 90' lang='lat' dir='ltr'><strong>Deus,</strong></span> <span class='ocrx_word' id='word_1_54' title='bbox 1709 1284 1763 1338; x_wconf 92' lang='lat' dir='ltr'><strong>in</strong></span> <span class='ocrx_word' id='word_1_55' title='bbox 1817 1281 2114 1337; x_wconf 85' lang='lat' dir='ltr'><strong>virtutibus</strong></span> <span class='ocrx_word' id='word_1_56' title='bbox 2167 1293 2265 1333; x_wconf 89' lang='lat' dir='ltr'><strong>no-</strong></span> 
     </span>
    </p>
   </div>
   <div class='ocr_carea' id='block_1_11' title="bbox 704 1377 869 1432">
    <p class='ocr_par' dir='ltr' id='par_1_11' title="bbox 704 1377 869 1432">
     <span class='ocr_line' id='line_1_11' title="bbox 704 1377 869 1432; baseline -0.006 -1"><span class='ocrx_word' id='word_1_57' title='bbox 704 1377 869 1432; x_wconf 78' lang='lat' dir='ltr'><strong>stris?</strong></span> 
     </span>
    </p>
   </div>
   <div class='ocr_carea' id='block_1_12' title="bbox 771 1468 1971 1526">
    <p class='ocr_par' dir='ltr' id='par_1_12' title="bbox 771 1468 1971 1526">
     <span class='ocr_line' id='line_1_12' title="bbox 771 1468 1971 1526; baseline -0.005 -2"><span class='ocrx_word' id='word_1_58' title='bbox 771 1468 858 1524; x_wconf 83' lang='grc'><strong>25.</strong></span> <span class='ocrx_word' id='word_1_59' title='bbox 897 1468 969 1522; x_wconf 87' lang='lat' dir='ltr'><strong>Da</strong></span> <span class='ocrx_word' id='word_1_60' title='bbox 1007 1469 1163 1526; x_wconf 88' lang='lat' dir='ltr'><strong>nobis</strong></span> <span class='ocrx_word' id='word_1_61' title='bbox 1195 1470 1455 1525; x_wconf 76' lang='lat' dir='ltr'><strong>auxilium</strong></span> <span class='ocrx_word' id='word_1_62' title='bbox 1482 1470 1548 1525; x_wconf 90' lang='lat' dir='ltr'><strong>de</strong></span> <span class='ocrx_word' id='word_1_63' title='bbox 1577 1468 1932 1524; x_wconf 79' lang='lat' dir='ltr'><strong>tribulatione</strong></span> <span class='ocrx_word' id='word_1_64' title='bbox 1959 1483 1971 1518; x_wconf 92' lang='lat'>:</span> 
     </span>
    </p>
   </div>
   <div class='ocr_carea' id='block_1_13' title="bbox 769 1563 1594 1621">
    <p class='ocr_par' dir='ltr' id='par_1_13' title="bbox 769 1563 1594 1621">
     <span class='ocr_line' id='line_1_13' title="bbox 769 1563 1594 1621; baseline 0.002 -5"><span class='ocrx_word' id='word_1_65' title='bbox 769 1563 860 1616; x_wconf 71' lang='grc'><strong>21.</strong></span> <span class='ocrx_word' id='word_1_66' title='bbox 892 1563 958 1618; x_wconf 80' lang='lat' dir='ltr'><strong>Et</strong></span> <span class='ocrx_word' id='word_1_67' title='bbox 987 1580 1126 1619; x_wconf 71' lang='lat' dir='ltr'><strong>vana</strong></span> <span class='ocrx_word' id='word_1_68' title='bbox 1155 1565 1304 1621; x_wconf 82' lang='lat' dir='ltr'><strong>salus</strong></span> <span class='ocrx_word' id='word_1_69' title='bbox 1331 1565 1594 1620; x_wconf 82' lang='lat' dir='ltr'><strong>hominis.</strong></span> 
     </span>
    </p>
   </div>
   <div class='ocr_carea' id='block_1_14' title="bbox 765 1653 1703 1714">
    <p class='ocr_par' dir='ltr' id='par_1_14' title="bbox 765 1653 1703 1714">
     <span class='ocr_line' id='line_1_14' title="bbox 765 1653 1703 1714; baseline 0.005 -7"><span class='ocrx_word' id='word_1_70' title='bbox 765 1655 858 1710; x_wconf 85' lang='lat'><strong>25.</strong></span> <span class='ocrx_word' id='word_1_71' title='bbox 895 1653 955 1708; x_wconf 87' lang='lat' dir='ltr'><strong>In</strong></span> <span class='ocrx_word' id='word_1_72' title='bbox 980 1654 1092 1710; x_wconf 92' lang='lat' dir='ltr'><strong>Deo</strong></span> <span class='ocrx_word' id='word_1_73' title='bbox 1114 1654 1378 1714; x_wconf 80' lang='lat' dir='ltr'><strong>faciemus</strong></span> <span class='ocrx_word' id='word_1_74' title='bbox 1406 1657 1660 1712; x_wconf 85' lang='lat' dir='ltr'><strong>virtutem</strong></span> <span class='ocrx_word' id='word_1_75' title='bbox 1691 1677 1703 1712; x_wconf 93' lang='lat'>:</span> 
     </span>
    </p>
   </div>
   <div class='ocr_carea' id='block_1_15' title="bbox 771 1745 2203 1818">
    <p class='ocr_par' dir='ltr' id='par_1_15' title="bbox 771 1745 2203 1818">
     <span class='ocr_line' id='line_1_15' title="bbox 771 1745 2203 1818; baseline -0.001 -19"><span class='ocrx_word' id='word_1_76' title='bbox 771 1746 862 1801; x_wconf 83' lang='lat'><strong>26.</strong></span> <span class='ocrx_word' id='word_1_77' title='bbox 893 1745 959 1800; x_wconf 90' lang='lat' dir='ltr'><strong>Et</strong></span> <span class='ocrx_word' id='word_1_78' title='bbox 989 1747 1101 1818; x_wconf 88' lang='lat' dir='ltr'><strong>ipse</strong></span> <span class='ocrx_word' id='word_1_79' title='bbox 1131 1748 1199 1802; x_wconf 82' lang='lat' dir='ltr'><strong>ad</strong></span> <span class='ocrx_word' id='word_1_80' title='bbox 1224 1749 1450 1804; x_wconf 90' lang='lat' dir='ltr'><strong>nihilum</strong></span> <span class='ocrx_word' id='word_1_81' title='bbox 1479 1748 1708 1804; x_wconf 85' lang='lat' dir='ltr'><strong>deducet</strong></span> <span class='ocrx_word' id='word_1_82' title='bbox 1735 1748 2056 1803; x_wconf 89' lang='lat' dir='ltr'><strong>tribulantcs</strong></span> <span class='ocrx_word' id='word_1_83' title='bbox 2083 1760 2203 1801; x_wconf 92' lang='lat' dir='ltr'><strong>nos.</strong></span> 
     </span>
    </p>
   </div>
   <div class='ocr_carea' id='block_1_16' title="bbox 824 1858 2157 1934">
    <p class='ocr_par' dir='ltr' id='par_1_16' title="bbox 824 1858 2157 1934">
     <span class='ocr_line' id='line_1_16' title="bbox 824 1858 2157 1934; baseline -0.002 -20"><span class='ocrx_word' id='word_1_84' title='bbox 824 1858 892 1914; x_wconf 81' lang='lat' dir='ltr'><strong>In</strong></span> <span class='ocrx_word' id='word_1_85' title='bbox 926 1861 1104 1930; x_wconf 82' lang='lat' dir='ltr'><strong>ﬁnem,</strong></span> <span class='ocrx_word' id='word_1_86' title='bbox 1136 1863 1190 1916; x_wconf 78' lang='lat' dir='ltr'><strong>in</strong></span> <span class='ocrx_word' id='word_1_87' title='bbox 1219 1863 1424 1934; x_wconf 75' lang='lat' dir='ltr'><strong>hymnis</strong></span> <span class='ocrx_word' id='word_1_88' title='bbox 1454 1862 1642 1917; x_wconf 80' lang='lat' dir='ltr'><strong>David.</strong></span> <span class='ocrx_word' id='word_1_89' title='bbox 1678 1861 1914 1918; x_wconf 74' lang='lat' dir='ltr'><strong>PSALM</strong></span> <span class='ocrx_word' id='word_1_90' title='bbox 1929 1860 2015 1916; x_wconf 88' lang='lat' dir='ltr'><strong>US</strong></span> <span class='ocrx_word' id='word_1_91' title='bbox 2041 1859 2157 1913; x_wconf 83' lang='lat' dir='ltr'><strong>LX.</strong></span> 
     </span>
    </p>
   </div>
   <div class='ocr_carea' id='block_1_17' title="bbox 770 1973 1995 2046">
    <p class='ocr_par' dir='ltr' id='par_1_17' title="bbox 770 1973 1995 2046">
     <span class='ocr_line' id='line_1_17' title="bbox 770 1973 1995 2046; baseline 0 -19"><span class='ocrx_word' id='word_1_92' title='bbox 770 1975 821 2027; x_wconf 94' lang='grc'><strong>1.</strong></span> <span class='ocrx_word' id='word_1_93' title='bbox 852 1973 1081 2037; x_wconf 82' lang='lat' dir='ltr'><strong>Exaudi,</strong></span> <span class='ocrx_word' id='word_1_94' title='bbox 1115 1975 1278 2043; x_wconf 87' lang='lat' dir='ltr'><strong>Deus,</strong></span> <span class='ocrx_word' id='word_1_95' title='bbox 1314 1977 1741 2046; x_wconf 87' lang='lat' dir='ltr'><strong>deprecationem</strong></span> <span class='ocrx_word' id='word_1_96' title='bbox 1781 1990 1995 2030; x_wconf 87' lang='lat' dir='ltr'><strong>meam:</strong></span> 
     </span>
    </p>
   </div>
   <div class='ocr_carea' id='block_1_18' title="bbox 1546 420 3117 482">
    <p class='ocr_par' dir='ltr' id='par_1_18' title="bbox 1546 420 3117 482">
     <span class='ocr_line' id='line_1_18' title="bbox 1546 420 3117 482; baseline -0.004 -2"><span class='ocrx_word' id='word_1_97' title='bbox 1546 426 1603 482; x_wconf 93' lang='lat' dir='ltr'><strong>S.</strong></span> <span class='ocrx_word' id='word_1_98' title='bbox 1637 423 2005 480; x_wconf 77' lang='lat' dir='ltr'><strong>ATHANASII</strong></span> <span class='ocrx_word' id='word_1_99' title='bbox 2038 423 2187 479; x_wconf 82' lang='lat' dir='ltr'><strong>OPP.</strong></span> <span class='ocrx_word' id='word_1_100' title='bbox 2225 424 2402 482; x_wconf 74' lang='lat' dir='ltr'><strong>PARS</strong></span> <span class='ocrx_word' id='word_1_101' title='bbox 2434 424 2520 479; x_wconf 85' lang='lat' dir='ltr'><strong>lll.</strong></span> <span class='ocrx_word' id='word_1_102' title='bbox 2572 453 2625 463; x_wconf 93' lang='lat'><strong><em>—</em></strong></span> <span class='ocrx_word' id='word_1_103' title='bbox 2701 420 3117 477; x_wconf 73' lang='lat' dir='ltr'><strong>EXEGETICA.</strong></span> 
     </span>
    </p>
   </div>
   <div class='ocr_carea' id='block_1_19' title="bbox 2293 532 3854 612">
    <p class='ocr_par' dir='ltr' id='par_1_19' title="bbox 2293 532 3854 612">
     <span class='ocr_line' id='line_1_19' title="bbox 2293 532 3854 612; baseline -0.006 -15"><span class='ocrx_word' id='word_1_104' title='bbox 2293 549 2341 606; x_wconf 80' lang='grc' dir='ltr'>Α</span> <span class='ocrx_word' id='word_1_105' title='bbox 2440 543 2524 596; x_wconf 67' lang='grc'><strong>11.</strong></span> <span class='ocrx_word' id='word_1_106' title='bbox 2557 543 2668 596; x_wconf 81' lang='lat' dir='ltr'><strong>Kal</strong></span> <span class='ocrx_word' id='word_1_107' title='bbox 2717 539 2938 612; x_wconf 71' lang='grc' dir='ltr'><strong>Εφραῖμ</strong></span> <span class='ocrx_word' id='word_1_108' title='bbox 2968 537 3297 612; x_wconf 84' lang='grc' dir='ltr'>κραταίωσις</span> <span class='ocrx_word' id='word_1_109' title='bbox 3327 535 3423 606; x_wconf 83' lang='grc' dir='ltr'>τῆς</span> <span class='ocrx_word' id='word_1_110' title='bbox 3450 532 3695 603; x_wconf 60' lang='grc' dir='ltr'>κεφαλῆς</span> <span class='ocrx_word' id='word_1_111' title='bbox 3729 548 3854 602; x_wconf 78' lang='grc' dir='ltr'>μοι).</span> 
     </span>
    </p>
   </div>
   <div class='ocr_carea' id='block_1_20' title="bbox 3840 409 3947 468">
    <p class='ocr_par' dir='ltr' id='par_1_20' title="bbox 3840 409 3947 468">
     <span class='ocr_line' id='line_1_20' title="bbox 3840 409 3947 468; baseline -0.037 0"><span class='ocrx_word' id='word_1_112' title='bbox 3840 409 3947 468; x_wconf 85' lang='grc'><strong>888</strong></span> 
     </span>
    </p>
   </div>
   <div class='ocr_carea' id='block_1_21' title="bbox 2441 635 3199 705">
    <p class='ocr_par' dir='ltr' id='par_1_21' title="bbox 2441 635 3199 705">
     <span class='ocr_line' id='line_1_21' title="bbox 2441 635 3199 705; baseline -0.007 -15"><span class='ocrx_word' id='word_1_113' title='bbox 2441 637 2525 690; x_wconf 81' lang='grc'><strong>15.</strong></span> <span class='ocrx_word' id='word_1_114' title='bbox 2567 636 2765 699; x_wconf 82' lang='grc' dir='ltr'>Ἰούδας</span> <span class='ocrx_word' id='word_1_115' title='bbox 2798 635 3045 705; x_wconf 83' lang='grc' dir='ltr'>βασιλεύς</span> <span class='ocrx_word' id='word_1_116' title='bbox 3076 647 3199 705; x_wconf 80' lang='grc' dir='ltr'>μου⁶</span> 
     </span>
    </p>
   </div>
   <div class='ocr_carea' id='block_1_22' title="bbox 2439 724 3441 798">
    <p class='ocr_par' dir='ltr' id='par_1_22' title="bbox 2439 724 3441 798">
     <span class='ocr_line' id='line_1_22' title="bbox 2439 724 3441 798; baseline -0.005 -16"><span class='ocrx_word' id='word_1_117' title='bbox 2439 728 2522 784; x_wconf 89' lang='grc'><strong>16.</strong></span> <span class='ocrx_word' id='word_1_118' title='bbox 2549 728 2720 782; x_wconf 72' lang='grc' dir='ltr'><strong>Μωάϐ</strong></span> <span class='ocrx_word' id='word_1_119' title='bbox 2752 727 2914 798; x_wconf 79' lang='grc' dir='ltr'>λέϐης</span> <span class='ocrx_word' id='word_1_120' title='bbox 2941 727 3041 797; x_wconf 80' lang='grc' dir='ltr'>τῆς</span> <span class='ocrx_word' id='word_1_121' title='bbox 3074 724 3285 788; x_wconf 83' lang='grc' dir='ltr'>ὲλπίδος</span> <span class='ocrx_word' id='word_1_122' title='bbox 3319 741 3441 795; x_wconf 88' lang='grc' dir='ltr'>μου.</span> 
     </span>
    </p>
   </div>
   <div class='ocr_carea' id='block_1_23' title="bbox 2439 810 3907 894">
    <p class='ocr_par' dir='ltr' id='par_1_23' title="bbox 2439 810 3907 894">
     <span class='ocr_line' id='line_1_23' title="bbox 2439 810 3907 894; baseline -0.009 -17"><span class='ocrx_word' id='word_1_123' title='bbox 2439 824 2523 878; x_wconf 82' lang='grc'><strong>17.</strong></span> <span class='ocrx_word' id='word_1_124' title='bbox 2560 822 2682 877; x_wconf 72' lang='grc' dir='ltr'><strong>Ἐπὶ</strong></span> <span class='ocrx_word' id='word_1_125' title='bbox 2705 822 2804 894; x_wconf 77' lang='grc' dir='ltr'>τὴν</span> <span class='ocrx_word' id='word_1_126' title='bbox 2849 818 3154 889; x_wconf 77' lang='grc' dir='ltr'><strong>Ἰδουμαίαν</strong></span> <span class='ocrx_word' id='word_1_127' title='bbox 3183 815 3385 870; x_wconf 70' lang='grc' dir='ltr'>ἐκτενῶ</span> <span class='ocrx_word' id='word_1_128' title='bbox 3409 814 3470 868; x_wconf 88' lang='grc' dir='ltr'><strong>τὸ</strong></span> <span class='ocrx_word' id='word_1_129' title='bbox 3498 810 3759 883; x_wconf 81' lang='grc' dir='ltr'>ὑπόδημά</span> <span class='ocrx_word' id='word_1_130' title='bbox 3784 824 3907 882; x_wconf 85' lang='grc' dir='ltr'>μου·</span> 
     </span>
    </p>
   </div>
   <div class='ocr_carea' id='block_1_24' title="bbox 2438 909 3423 984">
    <p class='ocr_par' dir='ltr' id='par_1_24' title="bbox 2438 909 3423 984">
     <span class='ocr_line' id='line_1_24' title="bbox 2438 909 3423 984; baseline -0.009 -14"><span class='ocrx_word' id='word_1_131' title='bbox 2438 916 2525 970; x_wconf 86' lang='grc'><strong>18.</strong></span> <span class='ocrx_word' id='word_1_132' title='bbox 2566 915 2721 984; x_wconf 74' lang='grc' dir='ltr'>Ἐμοὶ</span> <span class='ocrx_word' id='word_1_133' title='bbox 2744 912 3029 982; x_wconf 66' lang='grc' dir='ltr'>ἀλλόφυλοι</span> <span class='ocrx_word' id='word_1_134' title='bbox 3058 909 3423 979; x_wconf 81' lang='grc' dir='ltr'><strong>ὑπετάγησαν.</strong></span> 
     </span>
    </p>
   </div>
   <div class='ocr_carea' id='block_1_25' title="bbox 2438 997 3563 1074">
    <p class='ocr_par' dir='ltr' id='par_1_25' title="bbox 2438 997 3563 1074">
     <span class='ocr_line' id='line_1_25' title="bbox 2438 997 3563 1074; baseline -0.009 -13"><span class='ocrx_word' id='word_1_135' title='bbox 2438 1007 2523 1064; x_wconf 88' lang='grc'><strong>19.</strong></span> <span class='ocrx_word' id='word_1_136' title='bbox 2551 1007 2647 1069; x_wconf 91' lang='grc' dir='ltr'><strong>Τίς</strong></span> <span class='ocrx_word' id='word_1_137' title='bbox 2673 1004 2869 1070; x_wconf 82' lang='grc' dir='ltr'><strong>ἀπάξει</strong></span> <span class='ocrx_word' id='word_1_138' title='bbox 2902 1020 2968 1074; x_wconf 87' lang='grc' dir='ltr'><strong>με</strong></span> <span class='ocrx_word' id='word_1_139' title='bbox 2988 1004 3065 1066; x_wconf 91' lang='grc' dir='ltr'><strong>είς</strong></span> <span class='ocrx_word' id='word_1_140' title='bbox 3086 1001 3238 1054; x_wconf 88' lang='grc' dir='ltr'>πόλιν</span> <span class='ocrx_word' id='word_1_141' title='bbox 3270 997 3563 1070; x_wconf 81' lang='grc' dir='ltr'>περιοχῆςς</span> 
     </span>
    </p>
   </div>
   <div class='ocr_carea' id='block_1_26' title="bbox 2435 1088 3744 1166">
    <p class='ocr_par' dir='ltr' id='par_1_26' title="bbox 2435 1088 3744 1166">
     <span class='ocr_line' id='line_1_26' title="bbox 2435 1088 3744 1166; baseline -0.011 -11"><span class='ocrx_word' id='word_1_142' title='bbox 2435 1099 2523 1157; x_wconf 85' lang='lat'><strong>20.</strong></span> <span class='ocrx_word' id='word_1_143' title='bbox 2563 1099 2633 1151; x_wconf 86' lang='grc' dir='ltr'>Ἣ</span> <span class='ocrx_word' id='word_1_144' title='bbox 2658 1098 2742 1161; x_wconf 88' lang='grc' dir='ltr'><strong>τίς</strong></span> <span class='ocrx_word' id='word_1_145' title='bbox 2769 1097 3025 1166; x_wconf 82' lang='grc' dir='ltr'><strong>ὁδηγήσει</strong></span> <span class='ocrx_word' id='word_1_146' title='bbox 3055 1112 3121 1165; x_wconf 84' lang='grc' dir='ltr'><strong>με</strong></span> <span class='ocrx_word' id='word_1_147' title='bbox 3142 1094 3245 1156; x_wconf 74' lang='grc' dir='ltr'><strong>ἕως</strong></span> <span class='ocrx_word' id='word_1_148' title='bbox 3273 1088 3744 1163; x_wconf 75' lang='grc' dir='ltr'>τῆςξἸδουμαίας;</span> 
     </span>
    </p>
   </div>
   <div class='ocr_carea' id='block_1_27' title="bbox 2434 1178 3655 1257">
    <p class='ocr_par' dir='ltr' id='par_1_27' title="bbox 2434 1178 3655 1257">
     <span class='ocr_line' id='line_1_27' title="bbox 2434 1178 3655 1257; baseline -0.002 -14"><span class='ocrx_word' id='word_1_149' title='bbox 2434 1189 2521 1243; x_wconf 85' lang='grc'><strong>21.</strong></span> <span class='ocrx_word' id='word_1_150' title='bbox 2557 1187 2690 1257; x_wconf 71' lang='grc' dir='ltr'>Οὐχὶ</span> <span class='ocrx_word' id='word_1_151' title='bbox 2726 1187 2788 1239; x_wconf 82' lang='grc' dir='ltr'><strong>σὺ</strong></span> <span class='ocrx_word' id='word_1_152' title='bbox 2820 1186 2848 1236; x_wconf 94' lang='lat'><strong>6</strong></span> <span class='ocrx_word' id='word_1_153' title='bbox 2871 1184 3001 1247; x_wconf 88' lang='grc' dir='ltr'>Θεὸς</span> <span class='ocrx_word' id='word_1_154' title='bbox 3028 1183 3056 1236; x_wconf 98' lang='lat'><strong>6</strong></span> <span class='ocrx_word' id='word_1_155' title='bbox 3087 1180 3443 1251; x_wconf 80' lang='grc' dir='ltr'>ἀπωσάμενος</span> <span class='ocrx_word' id='word_1_156' title='bbox 3472 1178 3655 1247; x_wconf 59' lang='lat' dir='ltr'><strong>nitar;</strong></span> 
     </span>
    </p>
   </div>
   <div class='ocr_carea' id='block_1_28' title="bbox 2433 1265 3940 1342">
    <p class='ocr_par' dir='ltr' id='par_1_28' title="bbox 2433 1265 3940 1342">
     <span class='ocr_line' id='line_1_28' title="bbox 2433 1265 3940 1342; baseline -0.011 -10"><span class='ocrx_word' id='word_1_157' title='bbox 2433 1278 2523 1332; x_wconf 91' lang='lat'><strong>22.</strong></span> <span class='ocrx_word' id='word_1_158' title='bbox 2558 1277 2670 1330; x_wconf 98' lang='lat' dir='ltr'><strong>Kal</strong></span> <span class='ocrx_word' id='word_1_159' title='bbox 2711 1277 2811 1328; x_wconf 81' lang='grc' dir='ltr'><strong>οὐκ</strong></span> <span class='ocrx_word' id='word_1_160' title='bbox 2843 1272 3117 1342; x_wconf 79' lang='grc' dir='ltr'>ὲξελεύσῃ.</span> <span class='ocrx_word' id='word_1_161' title='bbox 3167 1273 3194 1324; x_wconf 91' lang='lat'><strong>6</strong></span> <span class='ocrx_word' id='word_1_162' title='bbox 3235 1269 3389 1334; x_wconf 82' lang='grc' dir='ltr'><strong>Θεὸς,</strong></span> <span class='ocrx_word' id='word_1_163' title='bbox 3423 1268 3480 1321; x_wconf 82' lang='grc' dir='ltr'>ὲν</span> <span class='ocrx_word' id='word_1_164' title='bbox 3506 1267 3626 1330; x_wconf 83' lang='grc' dir='ltr'>ταῖς</span> <span class='ocrx_word' id='word_1_165' title='bbox 3647 1265 3940 1334; x_wconf 83' lang='grc' dir='ltr'>δυνάμεσιν</span> 
     </span>
    </p>
   </div>
   <div class='ocr_carea' id='block_1_29' title="bbox 2362 1371 2556 1443">
    <p class='ocr_par' dir='ltr' id='par_1_29' title="bbox 2362 1371 2556 1443">
     <span class='ocr_line' id='line_1_29' title="bbox 2362 1371 2556 1443; baseline -0.005 -18"><span class='ocrx_word' id='word_1_166' title='bbox 2362 1371 2556 1443; x_wconf 83' lang='grc' dir='ltr'><strong>ἡμῶν;</strong></span> 
     </span>
    </p>
   </div>
   <div class='ocr_carea' id='block_1_30' title="bbox 2432 1451 3478 1531">
    <p class='ocr_par' dir='ltr' id='par_1_30' title="bbox 2432 1451 3478 1531">
     <span class='ocr_line' id='line_1_30' title="bbox 2432 1451 3478 1531; baseline -0.012 -16"><span class='ocrx_word' id='word_1_167' title='bbox 2432 1461 2524 1517; x_wconf 80' lang='grc'><strong>25.</strong></span> <span class='ocrx_word' id='word_1_168' title='bbox 2553 1461 2651 1524; x_wconf 86' lang='grc' dir='ltr'>Δὸς</span> <span class='ocrx_word' id='word_1_169' title='bbox 2673 1461 2803 1531; x_wconf 81' lang='grc' dir='ltr'>ἡμῖν</span> <span class='ocrx_word' id='word_1_170' title='bbox 2841 1457 3092 1528; x_wconf 86' lang='grc' dir='ltr'>βοήθειαν</span> <span class='ocrx_word' id='word_1_171' title='bbox 3122 1457 3187 1508; x_wconf 81' lang='grc' dir='ltr'>ὲκ</span> <span class='ocrx_word' id='word_1_172' title='bbox 3217 1451 3478 1522; x_wconf 70' lang='grc' dir='ltr'>θλίψεως·</span> 
     </span>
    </p>
   </div>
   <div class='ocr_carea' id='block_1_31' title="bbox 2432 1545 3521 1620">
    <p class='ocr_par' dir='ltr' id='par_1_31' title="bbox 2432 1545 3521 1620">
     <span class='ocr_line' id='line_1_31' title="bbox 2432 1545 3521 1620; baseline -0.01 -13"><span class='ocrx_word' id='word_1_173' title='bbox 2432 1552 2522 1607; x_wconf 72' lang='grc'><strong>24.</strong></span> <span class='ocrx_word' id='word_1_174' title='bbox 2556 1551 2667 1604; x_wconf 87' lang='lat' dir='ltr'><strong>Kal</strong></span> <span class='ocrx_word' id='word_1_175' title='bbox 2699 1549 2902 1620; x_wconf 84' lang='grc' dir='ltr'>ματαία</span> <span class='ocrx_word' id='word_1_176' title='bbox 2937 1546 3182 1618; x_wconf 86' lang='grc' dir='ltr'>σωτηρία</span> <span class='ocrx_word' id='word_1_177' title='bbox 3213 1545 3521 1617; x_wconf 85' lang='grc' dir='ltr'>ἀνθρώπου.</span> 
     </span>
    </p>
   </div>
   <div class='ocr_carea' id='block_1_32' title="bbox 2431 1637 3525 1712">
    <p class='ocr_par' dir='ltr' id='par_1_32' title="bbox 2431 1637 3525 1712">
     <span class='ocr_line' id='line_1_32' title="bbox 2431 1637 3525 1712; baseline -0.014 -11"><span class='ocrx_word' id='word_1_178' title='bbox 2431 1644 2521 1702; x_wconf 79' lang='lat'><strong>25.</strong></span> <span class='ocrx_word' id='word_1_179' title='bbox 2573 1644 2661 1696; x_wconf 82' lang='lat' dir='ltr'><strong>‘Ev</strong></span> <span class='ocrx_word' id='word_1_180' title='bbox 2691 1639 2911 1712; x_wconf 80' lang='grc' dir='ltr'>τῷΘεῷ</span> <span class='ocrx_word' id='word_1_181' title='bbox 2940 1640 3237 1709; x_wconf 80' lang='grc' dir='ltr'>ποιήσομεν</span> <span class='ocrx_word' id='word_1_182' title='bbox 3269 1637 3525 1706; x_wconf 88' lang='grc' dir='ltr'>δύναμιν·</span> 
     </span>
    </p>
   </div>
   <div class='ocr_carea' id='block_1_33' title="bbox 2432 1721 3916 1796">
    <p class='ocr_par' dir='ltr' id='par_1_33' title="bbox 2432 1721 3916 1796">
     <span class='ocr_line' id='line_1_33' title="bbox 2432 1721 3916 1796; baseline -0.011 -7"><span class='ocrx_word' id='word_1_183' title='bbox 2432 1735 2520 1790; x_wconf 87' lang='lat'><strong>26.</strong></span> <span class='ocrx_word' id='word_1_184' title='bbox 2557 1733 2668 1788; x_wconf 87' lang='lat' dir='ltr'><strong>Kal</strong></span> <span class='ocrx_word' id='word_1_185' title='bbox 2701 1731 2863 1795; x_wconf 81' lang='grc' dir='ltr'>αὐτὸς</span> <span class='ocrx_word' id='word_1_186' title='bbox 2904 1728 3247 1796; x_wconf 79' lang='grc' dir='ltr'>ὲξουδενώσει</span> <span class='ocrx_word' id='word_1_187' title='bbox 3279 1729 3408 1791; x_wconf 76' lang='grc' dir='ltr'>τοὺς</span> <span class='ocrx_word' id='word_1_188' title='bbox 3459 1724 3739 1785; x_wconf 76' lang='grc' dir='ltr'>θλίϐοντας</span> <span class='ocrx_word' id='word_1_189' title='bbox 3767 1721 3916 1793; x_wconf 76' lang='grc' dir='ltr'>ἡμᾶς</span> 
     </span>
    </p>
   </div>
   <div class='ocr_carea' id='block_1_34' title="bbox 2434 1836 3867 1916">
    <p class='ocr_par' dir='ltr' id='par_1_34' title="bbox 2434 1836 3867 1916">
     <span class='ocr_line' id='line_1_34' title="bbox 2434 1836 3867 1916; baseline -0.01 -12"><span class='ocrx_word' id='word_1_190' title='bbox 2434 1852 2537 1916; x_wconf 84' lang='grc' dir='ltr'>Είς</span> <span class='ocrx_word' id='word_1_191' title='bbox 2564 1848 2630 1901; x_wconf 85' lang='grc' dir='ltr'>τὸ</span> <span class='ocrx_word' id='word_1_192' title='bbox 2669 1847 2873 1912; x_wconf 72' lang='grc' dir='ltr'>τέλος,</span> <span class='ocrx_word' id='word_1_193' title='bbox 2904 1845 2974 1898; x_wconf 81' lang='grc' dir='ltr'><strong>ἐν</strong></span> <span class='ocrx_word' id='word_1_194' title='bbox 3005 1845 3215 1914; x_wconf 81' lang='grc' dir='ltr'><strong>ὕμνοις</strong></span> <span class='ocrx_word' id='word_1_195' title='bbox 3247 1843 3325 1909; x_wconf 82' lang='grc' dir='ltr'>τῷ</span> <span class='ocrx_word' id='word_1_196' title='bbox 3343 1841 3536 1896; x_wconf 73' lang='grc' dir='ltr'>Δαϐίδ.</span> <span class='ocrx_word' id='word_1_197' title='bbox 3571 1841 3746 1893; x_wconf 70' lang='grc' dir='ltr'><strong>ΨΑΛ.</strong></span> <span class='ocrx_word' id='word_1_198' title='bbox 3774 1836 3867 1890; x_wconf 88' lang='grc' dir='ltr'><strong>Ξ⁹.</strong></span> 
     </span>
    </p>
   </div>
   <div class='ocr_carea' id='block_1_35' title="bbox 2437 1953 3685 2028">
    <p class='ocr_par' dir='ltr' id='par_1_35' title="bbox 2437 1953 3685 2028">
     <span class='ocr_line' id='line_1_35' title="bbox 2437 1953 3685 2028; baseline -0.012 -9"><span class='ocrx_word' id='word_1_199' title='bbox 2437 1965 2486 2019; x_wconf 90' lang='grc'><strong>1.</strong></span> <span class='ocrx_word' id='word_1_200' title='bbox 2522 1963 2876 2025; x_wconf 82' lang='grc' dir='ltr'>Είσάκουσον,</span> <span class='ocrx_word' id='word_1_201' title='bbox 2909 1961 2938 2012; x_wconf 90' lang='lat'><strong>6</strong></span> <span class='ocrx_word' id='word_1_202' title='bbox 2975 1958 3127 2020; x_wconf 83' lang='grc' dir='ltr'>Θεὸς,</span> <span class='ocrx_word' id='word_1_203' title='bbox 3153 1956 3250 2028; x_wconf 80' lang='grc' dir='ltr'>τῆς</span> <span class='ocrx_word' id='word_1_204' title='bbox 3285 1953 3518 2027; x_wconf 77' lang='grc' dir='ltr'>δεήσεώς</span> <span class='ocrx_word' id='word_1_205' title='bbox 3551 1970 3651 2023; x_wconf 90' lang='grc' dir='ltr'><strong>μου</strong></span> <span class='ocrx_word' id='word_1_206' title='bbox 3671 1969 3685 1982; x_wconf 87' lang='grc'><strong>·</strong></span> 
     </span>
    </p>
   </div>
   <div class='ocr_carea' id='block_1_36' title="bbox 1813 2113 2811 2182">
    <p class='ocr_par' dir='ltr' id='par_1_36' title="bbox 1813 2113 2811 2182">
     <span class='ocr_line' id='line_1_36' title="bbox 1813 2113 2811 2182; baseline -0.015 0"><span class='ocrx_word' id='word_1_207' title='bbox 1813 2122 2188 2182; x_wconf 71' lang='grc' dir='ltr'><strong>ΑΤΗΑΝΑΒΙΙ</strong></span> <span class='ocrx_word' id='word_1_208' title='bbox 2229 2113 2811 2176; x_wconf 72' lang='grc' dir='ltr'>ιΝΤΕιιΡιιΕΤΑΤιο.</span> 
     </span>
    </p>
   </div>
   <div class='ocr_carea' id='block_1_37' title="bbox 767 2279 2261 2358">
    <p class='ocr_par' dir='ltr' id='par_1_37' title="bbox 767 2279 2261 2358">
     <span class='ocr_line' id='line_1_37' title="bbox 767 2279 2261 2358; baseline -0.006 -18"><span class='ocrx_word' id='word_1_209' title='bbox 767 2288 854 2341; x_wconf 75' lang='lat' dir='ltr'><strong>ll.</strong></span> <span class='ocrx_word' id='word_1_210' title='bbox 892 2285 1147 2357; x_wconf 80' lang='lat' dir='ltr'><strong>Ephraim</strong></span> <span class='ocrx_word' id='word_1_211' title='bbox 1182 2287 1562 2358; x_wconf 87' lang='lat' dir='ltr'><strong>interpretatur</strong></span> <span class='ocrx_word' id='word_1_212' title='bbox 1600 2284 1920 2347; x_wconf 84' lang='lat' dir='ltr'><strong>consolator,</strong></span> <span class='ocrx_word' id='word_1_213' title='bbox 1953 2279 2261 2336; x_wconf 82' lang='lat' dir='ltr'><strong>consolator</strong></span> 
     </span>
    </p>
   </div>
   <div class='ocr_carea' id='block_1_38' title="bbox 697 2369 2260 2449">
    <p class='ocr_par' dir='ltr' id='par_1_38' title="bbox 697 2369 2260 2449">
     <span class='ocr_line' id='line_1_38' title="bbox 697 2369 2260 2449; baseline -0.008 -13"><span class='ocrx_word' id='word_1_214' title='bbox 697 2393 879 2436; x_wconf 82' lang='lat' dir='ltr'><strong>autem</strong></span> <span class='ocrx_word' id='word_1_215' title='bbox 915 2387 998 2435; x_wconf 86' lang='lat' dir='ltr'><strong>est</strong></span> <span class='ocrx_word' id='word_1_216' title='bbox 1028 2377 1264 2449; x_wconf 84' lang='lat' dir='ltr'><strong>Spiritus</strong></span> <span class='ocrx_word' id='word_1_217' title='bbox 1290 2389 1532 2434; x_wconf 89' lang='lat' dir='ltr'><strong>sanctus.</strong></span> <span class='ocrx_word' id='word_1_218' title='bbox 1561 2375 1840 2432; x_wconf 85' lang='lat' dir='ltr'><strong>Fortitudo</strong></span> <span class='ocrx_word' id='word_1_219' title='bbox 1871 2374 2031 2444; x_wconf 80' lang='lat' dir='ltr'><strong>igitur</strong></span> <span class='ocrx_word' id='word_1_220' title='bbox 2066 2369 2260 2426; x_wconf 88' lang='lat' dir='ltr'><strong>mentis</strong></span> 
     </span>
    </p>
   </div>
   <div class='ocr_carea' id='block_1_39' title="bbox 697 2461 2260 2538">
    <p class='ocr_par' dir='ltr' id='par_1_39' title="bbox 697 2461 2260 2538">
     <span class='ocr_line' id='line_1_39' title="bbox 697 2461 2260 2538; baseline -0.007 -13"><span class='ocrx_word' id='word_1_221' title='bbox 697 2486 831 2525; x_wconf 79' lang='lat' dir='ltr'><strong>mea:</strong></span> <span class='ocrx_word' id='word_1_222' title='bbox 876 2479 959 2524; x_wconf 87' lang='lat' dir='ltr'><strong>est</strong></span> <span class='ocrx_word' id='word_1_223' title='bbox 1005 2469 1239 2538; x_wconf 89' lang='lat' dir='ltr'><strong>Spiritus</strong></span> <span class='ocrx_word' id='word_1_224' title='bbox 1269 2477 1489 2525; x_wconf 86' lang='lat' dir='ltr'><strong>sanctus</strong></span> <span class='ocrx_word' id='word_1_225' title='bbox 1516 2486 1530 2523; x_wconf 90' lang='lat'><strong>:</strong></span> <span class='ocrx_word' id='word_1_226' title='bbox 1561 2476 1720 2536; x_wconf 87' lang='lat' dir='ltr'><strong>caput</strong></span> <span class='ocrx_word' id='word_1_227' title='bbox 1747 2465 1889 2520; x_wconf 89' lang='lat' dir='ltr'><strong>enim</strong></span> <span class='ocrx_word' id='word_1_228' title='bbox 1919 2477 2060 2533; x_wconf 68' lang='lat' dir='ltr'><strong>smpe</strong></span> <span class='ocrx_word' id='word_1_229' title='bbox 2093 2461 2260 2532; x_wconf 83' lang='lat' dir='ltr'><strong>signi-</strong></span> 
     </span>
    </p>
   </div>
   <div class='ocr_carea' id='block_1_40' title="bbox 694 2560 1652 2631">
    <p class='ocr_par' dir='ltr' id='par_1_40' title="bbox 694 2560 1652 2631">
     <span class='ocr_line' id='line_1_40' title="bbox 694 2560 1652 2631; baseline -0.004 -16"><span class='ocrx_word' id='word_1_230' title='bbox 694 2562 823 2616; x_wconf 81' lang='lat' dir='ltr'><strong>ticat</strong></span> <span class='ocrx_word' id='word_1_231' title='bbox 853 2560 1171 2615; x_wconf 86' lang='lat' dir='ltr'><strong>nobiliorem</strong></span> <span class='ocrx_word' id='word_1_232' title='bbox 1206 2561 1402 2616; x_wconf 90' lang='lat' dir='ltr'><strong>mentis</strong></span> <span class='ocrx_word' id='word_1_233' title='bbox 1424 2569 1652 2631; x_wconf 87' lang='lat' dir='ltr'><strong>partem.</strong></span> 
     </span>
    </p>
   </div>
   <div class='ocr_carea' id='block_1_41' title="bbox 770 2647 2258 2723">
    <p class='ocr_par' dir='ltr' id='par_1_41' title="bbox 770 2647 2258 2723">
     <span class='ocr_line' id='line_1_41' title="bbox 770 2647 2258 2723; baseline -0.005 -17"><span class='ocrx_word' id='word_1_234' title='bbox 770 2653 854 2707; x_wconf 78' lang='grc'><strong>15.</strong></span> <span class='ocrx_word' id='word_1_235' title='bbox 885 2652 1056 2709; x_wconf 75' lang='lat' dir='ltr'><strong>ludas</strong></span> <span class='ocrx_word' id='word_1_236' title='bbox 1081 2671 1099 2709; x_wconf 90' lang='lat'><strong><em>:</em></strong></span> <span class='ocrx_word' id='word_1_237' title='bbox 1126 2666 1315 2711; x_wconf 90' lang='lat' dir='ltr'><strong>notum</strong></span> <span class='ocrx_word' id='word_1_238' title='bbox 1336 2663 1545 2721; x_wconf 88' lang='lat' dir='ltr'><strong>autem,</strong></span> <span class='ocrx_word' id='word_1_239' title='bbox 1566 2652 1708 2723; x_wconf 91' lang='lat' dir='ltr'><strong>quod</strong></span> <span class='ocrx_word' id='word_1_240' title='bbox 1735 2667 1798 2706; x_wconf 78' lang='lat' dir='ltr'><strong>ex</strong></span> <span class='ocrx_word' id='word_1_241' title='bbox 1826 2650 1963 2705; x_wconf 82' lang='lat' dir='ltr'><strong>Juda</strong></span> <span class='ocrx_word' id='word_1_242' title='bbox 1995 2647 2258 2701; x_wconf 90' lang='lat' dir='ltr'><strong>Dominus</strong></span> 
     </span>
    </p>
   </div>
   <div class='ocr_carea' id='block_1_42' title="bbox 695 2752 984 2802">
    <p class='ocr_par' dir='ltr' id='par_1_42' title="bbox 695 2752 984 2802">
     <span class='ocr_line' id='line_1_42' title="bbox 695 2752 984 2802; baseline -0.007 -2"><span class='ocrx_word' id='word_1_243' title='bbox 695 2753 848 2800; x_wconf 90' lang='lat' dir='ltr'><strong>ortus</strong></span> <span class='ocrx_word' id='word_1_244' title='bbox 880 2752 984 2802; x_wconf 81' lang='lat' dir='ltr'><strong>est.</strong></span> 
     </span>
    </p>
   </div>
   <div class='ocr_carea' id='block_1_43' title="bbox 768 2831 2255 2906">
    <p class='ocr_par' dir='ltr' id='par_1_43' title="bbox 768 2831 2255 2906">
     <span class='ocr_line' id='line_1_43' title="bbox 768 2831 2255 2906; baseline -0.003 -14"><span class='ocrx_word' id='word_1_245' title='bbox 768 2837 854 2892; x_wconf 83' lang='lat' dir='ltr'><strong>l6.</strong></span> <span class='ocrx_word' id='word_1_246' title='bbox 887 2836 970 2890; x_wconf 76' lang='lat' dir='ltr'><strong>Ea:</strong></span> <span class='ocrx_word' id='word_1_247' title='bbox 1013 2835 1154 2890; x_wconf 79' lang='lat' dir='ltr'><strong>Ruth</strong></span> <span class='ocrx_word' id='word_1_248' title='bbox 1199 2831 1484 2889; x_wconf 75' lang='lat' dir='ltr'><strong>Moabitide</strong></span> <span class='ocrx_word' id='word_1_249' title='bbox 1529 2848 1698 2906; x_wconf 84' lang='lat' dir='ltr'><strong>genus</strong></span> <span class='ocrx_word' id='word_1_250' title='bbox 1743 2835 1890 2889; x_wconf 85' lang='lat' dir='ltr'><strong>ducit</strong></span> <span class='ocrx_word' id='word_1_251' title='bbox 1923 2845 2110 2890; x_wconf 89' lang='lat' dir='ltr'><strong>sancta</strong></span> <span class='ocrx_word' id='word_1_252' title='bbox 2144 2833 2255 2888; x_wconf 81' lang='lat' dir='ltr'><strong>Ma-</strong></span> 
     </span>
    </p>
   </div>
   <div class='ocr_carea' id='block_1_44' title="bbox 694 2928 2250 3002">
    <p class='ocr_par' dir='ltr' id='par_1_44' title="bbox 694 2928 2250 3002">
     <span class='ocr_line' id='line_1_44' title="bbox 694 2928 2250 3002; baseline -0.007 -14"><span class='ocrx_word' id='word_1_253' title='bbox 694 2933 809 3001; x_wconf 83' lang='lat' dir='ltr'><strong>ria;</strong></span> <span class='ocrx_word' id='word_1_254' title='bbox 840 2933 959 2988; x_wconf 86' lang='lat' dir='ltr'><strong>ideo</strong></span> <span class='ocrx_word' id='word_1_255' title='bbox 989 2940 1205 3002; x_wconf 88' lang='lat' dir='ltr'><strong>propter</strong></span> <span class='ocrx_word' id='word_1_256' title='bbox 1227 2929 1591 3000; x_wconf 75' lang='lat' dir='ltr'><strong>virginitatem</strong></span> <span class='ocrx_word' id='word_1_257' title='bbox 1624 2928 1778 2982; x_wconf 82' lang='lat' dir='ltr'><strong>Moab</strong></span> <span class='ocrx_word' id='word_1_258' title='bbox 1809 2929 1896 2982; x_wconf 83' lang='lat' dir='ltr'><strong>hic</strong></span> <span class='ocrx_word' id='word_1_259' title='bbox 1921 2928 2250 2982; x_wconf 85' lang='lat' dir='ltr'><strong>nominatur.</strong></span> 
     </span>
    </p>
   </div>
   <div class='ocr_carea' id='block_1_45' title="bbox 700 3019 2256 3096">
    <p class='ocr_par' dir='ltr' id='par_1_45' title="bbox 700 3019 2256 3096">
     <span class='ocr_line' id='line_1_45' title="bbox 700 3019 2256 3096; baseline -0.005 -17"><span class='ocrx_word' id='word_1_260' title='bbox 700 3025 857 3095; x_wconf 81' lang='lat' dir='ltr'><strong>Virgo</strong></span> <span class='ocrx_word' id='word_1_261' title='bbox 891 3026 1052 3096; x_wconf 79' lang='lat' dir='ltr'><strong>igitur</strong></span> <span class='ocrx_word' id='word_1_262' title='bbox 1082 3023 1187 3078; x_wconf 81' lang='lat' dir='ltr'><strong>olla</strong></span> <span class='ocrx_word' id='word_1_263' title='bbox 1234 3022 1448 3076; x_wconf 91' lang='lat' dir='ltr'><strong>Domini</strong></span> <span class='ocrx_word' id='word_1_264' title='bbox 1481 3019 1621 3075; x_wconf 84' lang='lat' dir='ltr'><strong>facta</strong></span> <span class='ocrx_word' id='word_1_265' title='bbox 1650 3029 1751 3084; x_wconf 89' lang='lat' dir='ltr'><strong>est,</strong></span> <span class='ocrx_word' id='word_1_266' title='bbox 1780 3020 1906 3090; x_wconf 87' lang='lat' dir='ltr'><strong>quia</strong></span> <span class='ocrx_word' id='word_1_267' title='bbox 1934 3028 1987 3073; x_wconf 90' lang='lat' dir='ltr'><strong>et</strong></span> <span class='ocrx_word' id='word_1_268' title='bbox 2017 3019 2068 3072; x_wconf 93' lang='lat' dir='ltr'><strong>in</strong></span> <span class='ocrx_word' id='word_1_269' title='bbox 2102 3026 2256 3072; x_wconf 85' lang='lat' dir='ltr'><strong>utero</strong></span> 
     </span>
    </p>
   </div>
   <div class='ocr_carea' id='block_1_46' title="bbox 694 3115 2254 3185">
    <p class='ocr_par' dir='ltr' id='par_1_46' title="bbox 694 3115 2254 3185">
     <span class='ocr_line' id='line_1_46' title="bbox 694 3115 2254 3185; baseline -0.008 -9"><span class='ocrx_word' id='word_1_270' title='bbox 694 3134 796 3176; x_wconf 74' lang='lat' dir='ltr'><strong>suo</strong></span> <span class='ocrx_word' id='word_1_271' title='bbox 820 3117 1072 3185; x_wconf 84' lang='lat' dir='ltr'><strong>concepit</strong></span> <span class='ocrx_word' id='word_1_272' title='bbox 1095 3115 1379 3171; x_wconf 87' lang='lat' dir='ltr'><strong>Dominum</strong></span> <span class='ocrx_word' id='word_1_273' title='bbox 1410 3129 1572 3184; x_wconf 87' lang='lat' dir='ltr'><strong>super</strong></span> <span class='ocrx_word' id='word_1_274' title='bbox 1617 3125 1890 3180; x_wconf 87' lang='lat' dir='ltr'><strong>naturam,</strong></span> <span class='ocrx_word' id='word_1_275' title='bbox 1917 3127 2025 3165; x_wconf 88' lang='lat' dir='ltr'><strong>non</strong></span> <span class='ocrx_word' id='word_1_276' title='bbox 2056 3125 2254 3165; x_wconf 88' lang='lat' dir='ltr'><strong>secun-</strong></span> 
     </span>
    </p>
   </div>
   <div class='ocr_carea' id='block_1_47' title="bbox 694 3211 1122 3264">
    <p class='ocr_par' dir='ltr' id='par_1_47' title="bbox 694 3211 1122 3264">
     <span class='ocr_line' id='line_1_47' title="bbox 694 3211 1122 3264; baseline -0.005 0"><span class='ocrx_word' id='word_1_277' title='bbox 694 3211 826 3264; x_wconf 90' lang='lat' dir='ltr'><strong>dum</strong></span> <span class='ocrx_word' id='word_1_278' title='bbox 853 3217 1122 3263; x_wconf 85' lang='lat' dir='ltr'><strong>naturam.</strong></span> 
     </span>
    </p>
   </div>
   <div class='ocr_carea' id='block_1_48' title="bbox 769 3295 2256 3370">
    <p class='ocr_par' dir='ltr' id='par_1_48' title="bbox 769 3295 2256 3370">
     <span class='ocr_line' id='line_1_48' title="bbox 769 3295 2256 3370; baseline -0.005 -17"><span class='ocrx_word' id='word_1_279' title='bbox 769 3300 856 3353; x_wconf 87' lang='grc'><strong>17.</strong></span> <span class='ocrx_word' id='word_1_280' title='bbox 896 3298 1137 3353; x_wconf 74' lang='grc' dir='ltr'>Ιάιιηιωα</span> <span class='ocrx_word' id='word_1_281' title='bbox 1179 3298 1327 3370; x_wconf 85' lang='lat' dir='ltr'><strong>regio</strong></span> <span class='ocrx_word' id='word_1_282' title='bbox 1355 3307 1471 3353; x_wconf 87' lang='lat' dir='ltr'><strong>erat</strong></span> <span class='ocrx_word' id='word_1_283' title='bbox 1501 3296 1664 3352; x_wconf 83' lang='lat' dir='ltr'><strong>Esau.</strong></span> <span class='ocrx_word' id='word_1_284' title='bbox 1699 3295 1844 3350; x_wconf 79' lang='lat' dir='ltr'><strong>Esau</strong></span> <span class='ocrx_word' id='word_1_285' title='bbox 1872 3304 2053 3351; x_wconf 86' lang='lat' dir='ltr'><strong>autem</strong></span> <span class='ocrx_word' id='word_1_286' title='bbox 2090 3295 2256 3347; x_wconf 87' lang='lat' dir='ltr'><strong>inter-</strong></span> 
     </span>
    </p>
   </div>
   <div class='ocr_carea' id='block_1_49' title="bbox 693 3392 2257 3463">
    <p class='ocr_par' dir='ltr' id='par_1_49' title="bbox 693 3392 2257 3463">
     <span class='ocr_line' id='line_1_49' title="bbox 693 3392 2257 3463; baseline -0.006 -15"><span class='ocrx_word' id='word_1_287' title='bbox 693 3403 938 3463; x_wconf 88' lang='lat' dir='ltr'><strong>pretatur</strong></span> <span class='ocrx_word' id='word_1_288' title='bbox 964 3392 1218 3459; x_wconf 72' lang='lat' dir='ltr'><strong>hirsutus,</strong></span> <span class='ocrx_word' id='word_1_289' title='bbox 1244 3392 1431 3462; x_wconf 87' lang='lat' dir='ltr'><strong>quales</strong></span> <span class='ocrx_word' id='word_1_290' title='bbox 1452 3399 1608 3446; x_wconf 89' lang='lat' dir='ltr'><strong>erant</strong></span> <span class='ocrx_word' id='word_1_291' title='bbox 1632 3400 1819 3460; x_wconf 86' lang='lat' dir='ltr'><strong>gentes</strong></span> <span class='ocrx_word' id='word_1_292' title='bbox 1856 3397 2073 3457; x_wconf 85' lang='lat' dir='ltr'><strong>propter</strong></span> <span class='ocrx_word' id='word_1_293' title='bbox 2097 3400 2257 3454; x_wconf 86' lang='lat' dir='ltr'><strong>aspe-</strong></span> 
     </span>
    </p>
   </div>
   <div class='ocr_carea' id='block_1_50' title="bbox 695 3480 2260 3552">
    <p class='ocr_par' dir='ltr' id='par_1_50' title="bbox 695 3480 2260 3552">
     <span class='ocr_line' id='line_1_50' title="bbox 695 3480 2260 3552; baseline -0.004 -14"><span class='ocrx_word' id='word_1_294' title='bbox 695 3487 909 3540; x_wconf 84' lang='lat' dir='ltr'><strong>ritatem</strong></span> <span class='ocrx_word' id='word_1_295' title='bbox 933 3483 1113 3539; x_wconf 83' lang='lat' dir='ltr'><strong>cordis</strong></span> <span class='ocrx_word' id='word_1_296' title='bbox 1137 3497 1360 3539; x_wconf 86' lang='lat' dir='ltr'><strong>eorum:</strong></span> <span class='ocrx_word' id='word_1_297' title='bbox 1390 3482 1458 3537; x_wconf 86' lang='lat' dir='ltr'><strong>ad</strong></span> <span class='ocrx_word' id='word_1_298' title='bbox 1488 3484 1584 3536; x_wconf 91' lang='lat' dir='ltr'><strong>has</strong></span> <span class='ocrx_word' id='word_1_299' title='bbox 1619 3482 1802 3552; x_wconf 77' lang='lat' dir='ltr'><strong>igitur,</strong></span> <span class='ocrx_word' id='word_1_300' title='bbox 1843 3480 2040 3550; x_wconf 89' lang='lat' dir='ltr'><strong>inquit,</strong></span> <span class='ocrx_word' id='word_1_301' title='bbox 2079 3487 2260 3535; x_wconf 82' lang='lat' dir='ltr'><strong>trans-</strong></span> 
     </span>
    </p>
   </div>
   <div class='ocr_carea' id='block_1_51' title="bbox 699 3575 1285 3633">
    <p class='ocr_par' dir='ltr' id='par_1_51' title="bbox 699 3575 1285 3633">
     <span class='ocr_line' id='line_1_51' title="bbox 699 3575 1285 3633; baseline -0.007 0"><span class='ocrx_word' id='word_1_302' title='bbox 699 3579 832 3633; x_wconf 84' lang='lat' dir='ltr'><strong>itum</strong></span> <span class='ocrx_word' id='word_1_303' title='bbox 857 3592 1038 3632; x_wconf 90' lang='lat' dir='ltr'><strong>meum</strong></span> <span class='ocrx_word' id='word_1_304' title='bbox 1066 3575 1285 3631; x_wconf 80' lang='lat' dir='ltr'><strong>faciam.</strong></span> 
     </span>
    </p>
   </div>
   <div class='ocr_carea' id='block_1_52' title="bbox 773 3664 2260 3736">
    <p class='ocr_par' dir='ltr' id='par_1_52' title="bbox 773 3664 2260 3736">
     <span class='ocr_line' id='line_1_52' title="bbox 773 3664 2260 3736; baseline -0.004 -12"><span class='ocrx_word' id='word_1_305' title='bbox 773 3670 859 3724; x_wconf 89' lang='grc'><strong>18.</strong></span> <span class='ocrx_word' id='word_1_306' title='bbox 887 3670 1348 3725; x_wconf 83' lang='lat' dir='ltr'><strong>Auscultaverunt</strong></span> <span class='ocrx_word' id='word_1_307' title='bbox 1363 3678 1546 3726; x_wconf 88' lang='lat' dir='ltr'><strong>autem</strong></span> <span class='ocrx_word' id='word_1_308' title='bbox 1563 3679 1617 3726; x_wconf 91' lang='lat' dir='ltr'><strong>et</strong></span> <span class='ocrx_word' id='word_1_309' title='bbox 1633 3667 1981 3724; x_wconf 86' lang='lat' dir='ltr'><strong>crediderunt</strong></span> <span class='ocrx_word' id='word_1_310' title='bbox 1999 3664 2260 3736; x_wconf 59' lang='lat' dir='ltr'><strong>pradica-</strong></span> 
     </span>
    </p>
   </div>
   <div class='ocr_carea' id='block_1_53' title="bbox 697 3760 1010 3816">
    <p class='ocr_par' dir='ltr' id='par_1_53' title="bbox 697 3760 1010 3816">
     <span class='ocr_line' id='line_1_53' title="bbox 697 3760 1010 3816; baseline -0.01 -1"><span class='ocrx_word' id='word_1_311' title='bbox 697 3760 829 3816; x_wconf 89' lang='lat' dir='ltr'><strong>tioni</strong></span> <span class='ocrx_word' id='word_1_312' title='bbox 857 3775 1010 3815; x_wconf 60' lang='lat' dir='ltr'><strong>meat.</strong></span> 
     </span>
    </p>
   </div>
   <div class='ocr_carea' id='block_1_54' title="bbox 772 3843 2260 3919">
    <p class='ocr_par' dir='ltr' id='par_1_54' title="bbox 772 3843 2260 3919">
     <span class='ocr_line' id='line_1_54' title="bbox 772 3843 2260 3919; baseline -0.004 -16"><span class='ocrx_word' id='word_1_313' title='bbox 772 3853 855 3903; x_wconf 74' lang='lat' dir='ltr'><strong>lt).</strong></span> <span class='ocrx_word' id='word_1_314' title='bbox 883 3848 940 3903; x_wconf 93' lang='lat' dir='ltr'><strong>In</strong></span> <span class='ocrx_word' id='word_1_315' title='bbox 988 3850 1261 3906; x_wconf 77' lang='lat' dir='ltr'><strong>emlcstem</strong></span> <span class='ocrx_word' id='word_1_316' title='bbox 1301 3849 1572 3906; x_wconf 81' lang='lat' dir='ltr'><strong>civitatem</strong></span> <span class='ocrx_word' id='word_1_317' title='bbox 1601 3846 1725 3919; x_wconf 92' lang='lat' dir='ltr'><strong>quis</strong></span> <span class='ocrx_word' id='word_1_318' title='bbox 1766 3861 1851 3901; x_wconf 90' lang='lat' dir='ltr'><strong>me</strong></span> <span class='ocrx_word' id='word_1_319' title='bbox 1884 3845 2130 3909; x_wconf 87' lang='lat' dir='ltr'><strong>deducet,</strong></span> <span class='ocrx_word' id='word_1_320' title='bbox 2157 3843 2260 3900; x_wconf 88' lang='lat' dir='ltr'><strong>nisi</strong></span> 
     </span>
    </p>
   </div>
   <div class='ocr_carea' id='block_1_55' title="bbox 699 3943 1212 4012">
    <p class='ocr_par' dir='ltr' id='par_1_55' title="bbox 699 3943 1212 4012">
     <span class='ocr_line' id='line_1_55' title="bbox 699 3943 1212 4012; baseline 0.004 -17"><span class='ocrx_word' id='word_1_321' title='bbox 699 3949 753 3995; x_wconf 91' lang='lat' dir='ltr'><strong>tn</strong></span> <span class='ocrx_word' id='word_1_322' title='bbox 782 3943 900 4012; x_wconf 84' lang='lat' dir='ltr'><strong>cjus</strong></span> <span class='ocrx_word' id='word_1_323' title='bbox 928 3943 1212 3999; x_wconf 87' lang='lat' dir='ltr'><strong>conditor?</strong></span> 
     </span>
    </p>
   </div>
   <div class='ocr_carea' id='block_1_56' title="bbox 770 4032 2260 4104">
    <p class='ocr_par' dir='ltr' id='par_1_56' title="bbox 770 4032 2260 4104">
     <span class='ocr_line' id='line_1_56' title="bbox 770 4032 2260 4104; baseline -0.003 -16"><span class='ocrx_word' id='word_1_324' title='bbox 770 4036 861 4088; x_wconf 64' lang='lat'><strong>“)0.</strong></span> <span class='ocrx_word' id='word_1_325' title='bbox 891 4035 999 4088; x_wconf 87' lang='lat' dir='ltr'><strong>Aut</strong></span> <span class='ocrx_word' id='word_1_326' title='bbox 1038 4038 1162 4104; x_wconf 90' lang='lat' dir='ltr'><strong>quis</strong></span> <span class='ocrx_word' id='word_1_327' title='bbox 1201 4035 1428 4091; x_wconf 89' lang='lat' dir='ltr'><strong>deducet</strong></span> <span class='ocrx_word' id='word_1_328' title='bbox 1460 4050 1546 4090; x_wconf 89' lang='lat' dir='ltr'><strong>me</strong></span> <span class='ocrx_word' id='word_1_329' title='bbox 1576 4036 1632 4088; x_wconf 91' lang='lat' dir='ltr'><strong>in</strong></span> <span class='ocrx_word' id='word_1_330' title='bbox 1673 4032 2080 4088; x_wconf 83' lang='lat' dir='ltr'><strong>tabernaculum</strong></span> <span class='ocrx_word' id='word_1_331' title='bbox 2108 4039 2260 4085; x_wconf 88' lang='lat' dir='ltr'><strong>tuum</strong></span> 
     </span>
    </p>
   </div>
   <div class='ocr_carea' id='block_1_57' title="bbox 696 4127 994 4184">
    <p class='ocr_par' dir='ltr' id='par_1_57' title="bbox 696 4127 994 4184">
     <span class='ocr_line' id='line_1_57' title="bbox 696 4127 994 4184; baseline -0.013 0"><span class='ocrx_word' id='word_1_332' title='bbox 696 4127 994 4184; x_wconf 69' lang='lat' dir='ltr'><strong>internum?</strong></span> 
     </span>
    </p>
   </div>
   <div class='ocr_carea' id='block_1_58' title="bbox 764 4213 2012 4285">
    <p class='ocr_par' dir='ltr' id='par_1_58' title="bbox 764 4213 2012 4285">
     <span class='ocr_line' id='line_1_58' title="bbox 764 4213 2012 4285; baseline -0.001 -13"><span class='ocrx_word' id='word_1_333' title='bbox 764 4219 855 4283; x_wconf 83' lang='lat' dir='ltr'><strong>2t,</strong></span> <span class='ocrx_word' id='word_1_334' title='bbox 882 4218 972 4272; x_wconf 83' lang='grc'><strong>22.</strong></span> <span class='ocrx_word' id='word_1_335' title='bbox 1002 4217 1113 4273; x_wconf 82' lang='lat' dir='ltr'><strong>Nisi</strong></span> <span class='ocrx_word' id='word_1_336' title='bbox 1147 4227 1228 4282; x_wconf 88' lang='lat' dir='ltr'><strong>tu,</strong></span> <span class='ocrx_word' id='word_1_337' title='bbox 1264 4215 1427 4282; x_wconf 84' lang='lat' dir='ltr'><strong>Deus,</strong></span> <span class='ocrx_word' id='word_1_338' title='bbox 1461 4215 1556 4285; x_wconf 90' lang='lat' dir='ltr'><strong>qui</strong></span> <span class='ocrx_word' id='word_1_339' title='bbox 1583 4213 1860 4284; x_wconf 77' lang='lat' dir='ltr'><strong>proiecisti</strong></span> <span class='ocrx_word' id='word_1_340' title='bbox 1893 4229 2012 4272; x_wconf 88' lang='lat' dir='ltr'><strong>nos.</strong></span> 
     </span>
    </p>
   </div>
   <div class='ocr_carea' id='block_1_59' title="bbox 763 4304 2203 4376">
    <p class='ocr_par' dir='ltr' id='par_1_59' title="bbox 763 4304 2203 4376">
     <span class='ocr_line' id='line_1_59' title="bbox 763 4304 2203 4376; baseline -0.003 -13"><span class='ocrx_word' id='word_1_341' title='bbox 763 4309 854 4363; x_wconf 84' lang='lat'><strong>25.</strong></span> <span class='ocrx_word' id='word_1_342' title='bbox 887 4307 1075 4362; x_wconf 79' lang='lat' dir='ltr'><strong>Reduc</strong></span> <span class='ocrx_word' id='word_1_343' title='bbox 1103 4322 1203 4361; x_wconf 92' lang='lat' dir='ltr'><strong>nos</strong></span> <span class='ocrx_word' id='word_1_344' title='bbox 1234 4322 1263 4358; x_wconf 88' lang='lat' dir='ltr'><strong>a</strong></span> <span class='ocrx_word' id='word_1_345' title='bbox 1298 4315 1518 4376; x_wconf 87' lang='lat' dir='ltr'><strong>peccato</strong></span> <span class='ocrx_word' id='word_1_346' title='bbox 1550 4306 1603 4359; x_wconf 91' lang='lat' dir='ltr'><strong>in</strong></span> <span class='ocrx_word' id='word_1_347' title='bbox 1638 4313 1785 4358; x_wconf 90' lang='lat' dir='ltr'><strong>tuam</strong></span> <span class='ocrx_word' id='word_1_348' title='bbox 1817 4304 2203 4374; x_wconf 83' lang='lat' dir='ltr'><strong>cognitionem.</strong></span> 
     </span>
    </p>
   </div>
   <div class='ocr_carea' id='block_1_60' title="bbox 762 4485 1754 4543">
    <p class='ocr_par' dir='ltr' id='par_1_60' title="bbox 762 4485 1754 4543">
     <span class='ocr_line' id='line_1_60' title="bbox 762 4485 1754 4543; baseline 0.002 -3"><span class='ocrx_word' id='word_1_349' title='bbox 762 4487 855 4540; x_wconf 70' lang='grc'><strong>24.</strong></span> <span class='ocrx_word' id='word_1_350' title='bbox 888 4485 1078 4542; x_wconf 89' lang='lat' dir='ltr'><strong>Omnis</strong></span> <span class='ocrx_word' id='word_1_351' title='bbox 1108 4486 1255 4543; x_wconf 81' lang='lat' dir='ltr'><strong>salus</strong></span> <span class='ocrx_word' id='word_1_352' title='bbox 1285 4487 1522 4542; x_wconf 82' lang='lat' dir='ltr'><strong>humana</strong></span> <span class='ocrx_word' id='word_1_353' title='bbox 1556 4485 1754 4542; x_wconf 88' lang='lat' dir='ltr'><strong>inanis.</strong></span> 
     </span>
    </p>
   </div>
   <div class='ocr_carea' id='block_1_61' title="bbox 762 4578 1550 4636">
    <p class='ocr_par' dir='ltr' id='par_1_61' title="bbox 762 4578 1550 4636">
     <span class='ocr_line' id='line_1_61' title="bbox 762 4578 1550 4636; baseline 0.001 -4"><span class='ocrx_word' id='word_1_354' title='bbox 762 4579 852 4632; x_wconf 74' lang='lat'><strong>25.</strong></span> <span class='ocrx_word' id='word_1_355' title='bbox 882 4578 974 4634; x_wconf 88' lang='lat' dir='ltr'><strong>Dci</strong></span> <span class='ocrx_word' id='word_1_356' title='bbox 1004 4595 1167 4636; x_wconf 91' lang='lat' dir='ltr'><strong>cruce</strong></span> <span class='ocrx_word' id='word_1_357' title='bbox 1195 4580 1550 4636; x_wconf 84' lang='lat' dir='ltr'><strong>armabimur.</strong></span> 
     </span>
    </p>
   </div>
   <div class='ocr_carea' id='block_1_62' title="bbox 763 4672 2148 4744">
    <p class='ocr_par' dir='ltr' id='par_1_62' title="bbox 763 4672 2148 4744">
     <span class='ocr_line' id='line_1_62' title="bbox 763 4672 2148 4744; baseline 0.001 -19"><span class='ocrx_word' id='word_1_358' title='bbox 763 4674 853 4726; x_wconf 71' lang='lat'><strong>&#39;26.</strong></span> <span class='ocrx_word' id='word_1_359' title='bbox 892 4672 956 4726; x_wconf 79' lang='lat' dir='ltr'><strong>Et</strong></span> <span class='ocrx_word' id='word_1_360' title='bbox 987 4674 1102 4744; x_wconf 88' lang='lat' dir='ltr'><strong>ipsa</strong></span> <span class='ocrx_word' id='word_1_361' title='bbox 1136 4689 1269 4728; x_wconf 76' lang='lat' dir='ltr'><strong>crux</strong></span> <span class='ocrx_word' id='word_1_362' title='bbox 1305 4673 1482 4743; x_wconf 87' lang='lat' dir='ltr'><strong>abiget</strong></span> <span class='ocrx_word' id='word_1_363' title='bbox 1517 4673 1827 4729; x_wconf 89' lang='lat' dir='ltr'><strong>immundos</strong></span> <span class='ocrx_word' id='word_1_364' title='bbox 1853 4672 2148 4728; x_wconf 70' lang='lat' dir='ltr'><strong>daemones.</strong></span> 
     </span>
    </p>
   </div>
   <div class='ocr_carea' id='block_1_63' title="bbox 2438 2262 3942 2339">
    <p class='ocr_par' dir='ltr' id='par_1_63' title="bbox 2438 2262 3942 2339">
     <span class='ocr_line' id='line_1_63' title="bbox 2438 2262 3942 2339; baseline -0.007 -13"><span class='ocrx_word' id='word_1_365' title='bbox 2438 2273 2524 2326; x_wconf 68' lang='lat' dir='ltr'><strong>Li.</strong></span> <span class='ocrx_word' id='word_1_366' title='bbox 2566 2270 2807 2339; x_wconf 70' lang='grc' dir='ltr'>Ἐφραῒμ</span> <span class='ocrx_word' id='word_1_367' title='bbox 2843 2265 3205 2339; x_wconf 77' lang='grc' dir='ltr'><strong>ἑρμηνεύεται</strong></span> <span class='ocrx_word' id='word_1_368' title='bbox 3257 2262 3661 2332; x_wconf 67' lang='grc' dir='ltr'><strong>παράκλητος⁸</strong></span> <span class='ocrx_word' id='word_1_369' title='bbox 3689 2265 3718 2316; x_wconf 87' lang='grc' dir='ltr'><strong>ὁ</strong></span> <span class='ocrx_word' id='word_1_370' title='bbox 3746 2263 3803 2315; x_wconf 81' lang='grc' dir='ltr'>δὲ</span> <span class='ocrx_word' id='word_1_371' title='bbox 3836 2280 3942 2316; x_wconf 83' lang='grc' dir='ltr'>πα-</span> 
     </span>
    </p>
   </div>
   <div class='ocr_carea' id='block_1_64' title="bbox 2363 2351 3939 2438">
    <p class='ocr_par' dir='ltr' id='par_1_64' title="bbox 2363 2351 3939 2438">
     <span class='ocr_line' id='line_1_64' title="bbox 2363 2351 3939 2438; baseline -0.008 -18"><span class='ocrx_word' id='word_1_372' title='bbox 2363 2365 2628 2438; x_wconf 84' lang='grc' dir='ltr'>ράκλητος</span> <span class='ocrx_word' id='word_1_373' title='bbox 2656 2364 2716 2416; x_wconf 91' lang='grc' dir='ltr'><strong>τὸ</strong></span> <span class='ocrx_word' id='word_1_374' title='bbox 2744 2359 2970 2431; x_wconf 80' lang='grc' dir='ltr'><strong>Πνεῦμα</strong></span> <span class='ocrx_word' id='word_1_375' title='bbox 2991 2358 3050 2412; x_wconf 89' lang='grc' dir='ltr'><strong>τὸ</strong></span> <span class='ocrx_word' id='word_1_376' title='bbox 3081 2357 3235 2425; x_wconf 77' lang='grc' dir='ltr'>ἅγιόν</span> <span class='ocrx_word' id='word_1_377' title='bbox 3259 2358 3395 2410; x_wconf 78' lang='grc' dir='ltr'>ἐστι.</span> <span class='ocrx_word' id='word_1_378' title='bbox 3466 2354 3822 2427; x_wconf 85' lang='grc' dir='ltr'>Κραταίωσις</span> <span class='ocrx_word' id='word_1_379' title='bbox 3846 2351 3939 2407; x_wconf 74' lang='grc' dir='ltr'>οὖν</span> 
     </span>
    </p>
   </div>
   <div class='ocr_carea' id='block_1_65' title="bbox 2357 2447 3938 2525">
    <p class='ocr_par' dir='ltr' id='par_1_65' title="bbox 2357 2447 3938 2525">
     <span class='ocr_line' id='line_1_65' title="bbox 2357 2447 3938 2525; baseline -0.007 -17"><span class='ocrx_word' id='word_1_380' title='bbox 2357 2459 2418 2509; x_wconf 84' lang='grc' dir='ltr'><strong>τὸ</strong></span> <span class='ocrx_word' id='word_1_381' title='bbox 2433 2454 2656 2525; x_wconf 81' lang='grc' dir='ltr'>Πνεῦμα</span> <span class='ocrx_word' id='word_1_382' title='bbox 2673 2454 2734 2507; x_wconf 85' lang='grc' dir='ltr'><strong>τὸ</strong></span> <span class='ocrx_word' id='word_1_383' title='bbox 2751 2454 2903 2521; x_wconf 79' lang='grc' dir='ltr'>ἀγιον</span> <span class='ocrx_word' id='word_1_384' title='bbox 2929 2451 3003 2522; x_wconf 90' lang='lat' dir='ltr'><strong>(l)</strong></span> <span class='ocrx_word' id='word_1_385' title='bbox 3020 2450 3120 2520; x_wconf 84' lang='grc' dir='ltr'><strong>τῆς</strong></span> <span class='ocrx_word' id='word_1_386' title='bbox 3135 2449 3364 2512; x_wconf 81' lang='grc' dir='ltr'>διανοίας</span> <span class='ocrx_word' id='word_1_387' title='bbox 3385 2465 3506 2518; x_wconf 86' lang='grc' dir='ltr'>μου·</span> <span class='ocrx_word' id='word_1_388' title='bbox 3531 2450 3565 2519; x_wconf 77' lang='grc' dir='ltr'>ἡ</span> <span class='ocrx_word' id='word_1_389' title='bbox 3594 2447 3808 2518; x_wconf 70' lang='grc' dir='ltr'>κεφαλὴ</span> <span class='ocrx_word' id='word_1_390' title='bbox 3830 2448 3938 2520; x_wconf 74' lang='grc' dir='ltr'><strong>γὰρ</strong></span> 
     </span>
    </p>
   </div>
   <div class='ocr_carea' id='block_1_66' title="bbox 2361 2539 3936 2615">
    <p class='ocr_par' dir='ltr' id='par_1_66' title="bbox 2361 2539 3936 2615">
     <span class='ocr_line' id='line_1_66' title="bbox 2361 2539 3936 2615; baseline -0.004 -15"><span class='ocrx_word' id='word_1_391' title='bbox 2361 2546 2616 2610; x_wconf 82' lang='grc' dir='ltr'>πολλάκις</span> <span class='ocrx_word' id='word_1_392' title='bbox 2662 2546 2740 2608; x_wconf 82' lang='grc' dir='ltr'><strong>είς</strong></span> <span class='ocrx_word' id='word_1_393' title='bbox 2770 2545 2831 2597; x_wconf 86' lang='grc' dir='ltr'><strong>τὸ</strong></span> <span class='ocrx_word' id='word_1_394' title='bbox 2870 2541 3194 2615; x_wconf 76' lang='grc' dir='ltr'>ἡγεμονικὸν</span> <span class='ocrx_word' id='word_1_395' title='bbox 3230 2540 3329 2610; x_wconf 77' lang='grc' dir='ltr'>τῆς</span> <span class='ocrx_word' id='word_1_396' title='bbox 3358 2539 3595 2603; x_wconf 76' lang='grc' dir='ltr'>διανοίας</span> <span class='ocrx_word' id='word_1_397' title='bbox 3624 2539 3936 2610; x_wconf 83' lang='grc' dir='ltr'>Θεωρεῖται.</span> 
     </span>
    </p>
   </div>
   <div class='ocr_carea' id='block_1_67' title="bbox 2437 2629 3938 2709">
    <p class='ocr_par' dir='ltr' id='par_1_67' title="bbox 2437 2629 3938 2709">
     <span class='ocr_line' id='line_1_67' title="bbox 2437 2629 3938 2709; baseline -0.005 -16"><span class='ocrx_word' id='word_1_398' title='bbox 2437 2639 2522 2693; x_wconf 85' lang='grc'><strong>15.</strong></span> <span class='ocrx_word' id='word_1_399' title='bbox 2564 2637 2786 2704; x_wconf 82' lang='grc' dir='ltr'>Ἰούδας</span> <span class='ocrx_word' id='word_1_400' title='bbox 2829 2635 2944 2709; x_wconf 86' lang='grc'><strong>(2)·</strong></span> <span class='ocrx_word' id='word_1_401' title='bbox 2979 2635 3136 2706; x_wconf 80' lang='grc' dir='ltr'>δῆλον</span> <span class='ocrx_word' id='word_1_402' title='bbox 3161 2632 3292 2704; x_wconf 89' lang='grc' dir='ltr'><strong>γάρ,</strong></span> <span class='ocrx_word' id='word_1_403' title='bbox 3326 2631 3387 2696; x_wconf 80' lang='grc' dir='ltr'><strong>ἐξ</strong></span> <span class='ocrx_word' id='word_1_404' title='bbox 3436 2629 3603 2684; x_wconf 81' lang='grc' dir='ltr'>’ἰούδα</span> <span class='ocrx_word' id='word_1_405' title='bbox 3641 2631 3938 2686; x_wconf 83' lang='grc' dir='ltr'>ἀνατέταλ-</span> 
     </span>
    </p>
   </div>
   <div class='ocr_carea' id='block_1_68' title="bbox 2363 2731 2767 2803">
    <p class='ocr_par' dir='ltr' id='par_1_68' title="bbox 2363 2731 2767 2803">
     <span class='ocr_line' id='line_1_68' title="bbox 2363 2731 2767 2803; baseline -0.005 -15"><span class='ocrx_word' id='word_1_406' title='bbox 2363 2750 2458 2788; x_wconf 85' lang='grc' dir='ltr'>κεν</span> <span class='ocrx_word' id='word_1_407' title='bbox 2490 2734 2517 2785; x_wconf 92' lang='lat'><strong>6</strong></span> <span class='ocrx_word' id='word_1_408' title='bbox 2543 2731 2767 2803; x_wconf 84' lang='grc' dir='ltr'>Κύριος.</span> 
     </span>
    </p>
   </div>
   <div class='ocr_carea' id='block_1_69' title="bbox 2435 2811 3939 2886">
    <p class='ocr_par' dir='ltr' id='par_1_69' title="bbox 2435 2811 3939 2886">
     <span class='ocr_line' id='line_1_69' title="bbox 2435 2811 3939 2886; baseline -0.007 -12"><span class='ocrx_word' id='word_1_409' title='bbox 2435 2819 2520 2873; x_wconf 84' lang='grc'><strong>16.</strong></span> <span class='ocrx_word' id='word_1_410' title='bbox 2569 2821 2669 2873; x_wconf 82' lang='grc' dir='ltr'>Ἐκ</span> <span class='ocrx_word' id='word_1_411' title='bbox 2698 2817 2806 2886; x_wconf 81' lang='grc' dir='ltr'>τῆς</span> <span class='ocrx_word' id='word_1_412' title='bbox 2841 2814 3016 2870; x_wconf 84' lang='grc' dir='ltr'>Ῥοὺθ</span> <span class='ocrx_word' id='word_1_413' title='bbox 3049 2813 3159 2881; x_wconf 82' lang='grc' dir='ltr'>τῆς</span> <span class='ocrx_word' id='word_1_414' title='bbox 3189 2811 3548 2877; x_wconf 76' lang='grc' dir='ltr'>Μωαϐίτιδος</span> <span class='ocrx_word' id='word_1_415' title='bbox 3569 2812 3871 2880; x_wconf 75' lang='grc' dir='ltr'>κατάγεται</span> <span class='ocrx_word' id='word_1_416' title='bbox 3903 2813 3939 2882; x_wconf 76' lang='grc' dir='ltr'>ἡ</span> 
     </span>
    </p>
   </div>
   <div class='ocr_carea' id='block_1_70' title="bbox 2364 2901 3946 2982">
    <p class='ocr_par' dir='ltr' id='par_1_70' title="bbox 2364 2901 3946 2982">
     <span class='ocr_line' id='line_1_70' title="bbox 2364 2901 3946 2982; baseline -0.006 -16"><span class='ocrx_word' id='word_1_417' title='bbox 2364 2912 2493 2982; x_wconf 84' lang='grc' dir='ltr'>ἁγία</span> <span class='ocrx_word' id='word_1_418' title='bbox 2525 2910 2718 2980; x_wconf 83' lang='grc' dir='ltr'>Μαρία</span> <span class='ocrx_word' id='word_1_419' title='bbox 2759 2909 2838 2979; x_wconf 78' lang='lat'><strong>(3)</strong></span> <span class='ocrx_word' id='word_1_420' title='bbox 2861 2925 2874 2940; x_wconf 79' lang='grc' dir='ltr'><strong><em>ο</em></strong></span> <span class='ocrx_word' id='word_1_421' title='bbox 2931 2907 3008 2971; x_wconf 85' lang='grc' dir='ltr'>ὼς</span> <span class='ocrx_word' id='word_1_422' title='bbox 3042 2901 3134 2961; x_wconf 82' lang='grc' dir='ltr'><strong>οὖν</strong></span> <span class='ocrx_word' id='word_1_423' title='bbox 3168 2904 3258 2959; x_wconf 86' lang='grc' dir='ltr'><strong>διά</strong></span> <span class='ocrx_word' id='word_1_424' title='bbox 3287 2903 3384 2976; x_wconf 80' lang='grc' dir='ltr'>τὴν</span> <span class='ocrx_word' id='word_1_425' title='bbox 3441 2904 3707 2975; x_wconf 79' lang='grc' dir='ltr'>παρθένον</span> <span class='ocrx_word' id='word_1_426' title='bbox 3760 2903 3946 2958; x_wconf 78' lang='grc' dir='ltr'><strong>Μωὰσ</strong></span> 
     </span>
    </p>
   </div>
   <div class='ocr_carea' id='block_1_71' title="bbox 2363 2996 3941 3074">
    <p class='ocr_par' dir='ltr' id='par_1_71' title="bbox 2363 2996 3941 3074">
     <span class='ocr_line' id='line_1_71' title="bbox 2363 2996 3941 3074; baseline -0.008 -13"><span class='ocrx_word' id='word_1_427' title='bbox 2363 3008 2622 3062; x_wconf 85' lang='grc' dir='ltr'>καλεῖται.</span> <span class='ocrx_word' id='word_1_428' title='bbox 2665 3004 2729 3058; x_wconf 85' lang='grc' dir='ltr'><strong>Ἦ</strong></span> <span class='ocrx_word' id='word_1_429' title='bbox 2755 3002 3028 3074; x_wconf 80' lang='grc' dir='ltr'>Παρθένος</span> <span class='ocrx_word' id='word_1_430' title='bbox 3052 2996 3144 3057; x_wconf 80' lang='grc' dir='ltr'>οὖν</span> <span class='ocrx_word' id='word_1_431' title='bbox 3169 3001 3330 3072; x_wconf 77' lang='grc' dir='ltr'>λέϐης</span> <span class='ocrx_word' id='word_1_432' title='bbox 3360 2998 3454 3052; x_wconf 80' lang='grc' dir='ltr'>τοῦ</span> <span class='ocrx_word' id='word_1_433' title='bbox 3478 3000 3683 3069; x_wconf 81' lang='grc' dir='ltr'>Κυρίου</span> <span class='ocrx_word' id='word_1_434' title='bbox 3711 2999 3941 3066; x_wconf 79' lang='grc' dir='ltr'>γεγένηο</span> 
     </span>
    </p>
   </div>
   <div class='ocr_carea' id='block_1_72' title="bbox 2361 3087 3941 3170">
    <p class='ocr_par' dir='ltr' id='par_1_72' title="bbox 2361 3087 3941 3170">
     <span class='ocr_line' id='line_1_72' title="bbox 2361 3087 3941 3170; baseline -0.008 -19"><span class='ocrx_word' id='word_1_435' title='bbox 2361 3117 2470 3160; x_wconf 85' lang='grc' dir='ltr'>ται,</span> <span class='ocrx_word' id='word_1_436' title='bbox 2501 3096 2588 3151; x_wconf 75' lang='grc' dir='ltr'>διὰ</span> <span class='ocrx_word' id='word_1_437' title='bbox 2613 3096 2673 3148; x_wconf 87' lang='grc' dir='ltr'><strong>τὸ</strong></span> <span class='ocrx_word' id='word_1_438' title='bbox 2701 3097 2759 3148; x_wconf 87' lang='grc' dir='ltr'>ὲν</span> <span class='ocrx_word' id='word_1_439' title='bbox 2783 3097 2847 3166; x_wconf 81' lang='grc' dir='ltr'>τῇ</span> <span class='ocrx_word' id='word_1_440' title='bbox 2877 3093 3054 3170; x_wconf 69' lang='grc' dir='ltr'>κοιλία</span> <span class='ocrx_word' id='word_1_441' title='bbox 3076 3092 3246 3162; x_wconf 83' lang='grc' dir='ltr'>αὐτῆς</span> <span class='ocrx_word' id='word_1_442' title='bbox 3298 3088 3694 3161; x_wconf 79' lang='grc' dir='ltr'>συλληφθείσης</span> <span class='ocrx_word' id='word_1_443' title='bbox 3721 3089 3816 3141; x_wconf 75' lang='grc' dir='ltr'><strong>καὶ</strong></span> <span class='ocrx_word' id='word_1_444' title='bbox 3849 3087 3941 3140; x_wconf 86' lang='grc' dir='ltr'><strong>τὸν</strong></span> 
     </span>
    </p>
   </div>
   <div class='ocr_carea' id='block_1_73' title="bbox 2362 3181 3500 3260">
    <p class='ocr_par' dir='ltr' id='par_1_73' title="bbox 2362 3181 3500 3260">
     <span class='ocr_line' id='line_1_73' title="bbox 2362 3181 3500 3260; baseline -0.006 -16"><span class='ocrx_word' id='word_1_445' title='bbox 2362 3191 2565 3260; x_wconf 83' lang='grc' dir='ltr'>Κύριον</span> <span class='ocrx_word' id='word_1_446' title='bbox 2599 3188 2737 3256; x_wconf 77' lang='grc' dir='ltr'>ὑπὲρ</span> <span class='ocrx_word' id='word_1_447' title='bbox 2767 3185 3000 3255; x_wconf 83' lang='grc' dir='ltr'>φύσεως,</span> <span class='ocrx_word' id='word_1_448' title='bbox 3028 3184 3123 3236; x_wconf 77' lang='grc' dir='ltr'>καὶ</span> <span class='ocrx_word' id='word_1_449' title='bbox 3151 3181 3292 3235; x_wconf 88' lang='grc' dir='ltr'><strong>κατά</strong></span> <span class='ocrx_word' id='word_1_450' title='bbox 3319 3181 3500 3249; x_wconf 80' lang='grc' dir='ltr'>φύσιν,</span> 
     </span>
    </p>
   </div>
   <div class='ocr_carea' id='block_1_74' title="bbox 2435 3271 3940 3352">
    <p class='ocr_par' dir='ltr' id='par_1_74' title="bbox 2435 3271 3940 3352">
     <span class='ocr_line' id='line_1_74' title="bbox 2435 3271 3940 3352; baseline -0.007 -16"><span class='ocrx_word' id='word_1_451' title='bbox 2435 3283 2521 3336; x_wconf 84' lang='grc'><strong>17.</strong></span> <span class='ocrx_word' id='word_1_452' title='bbox 2553 3279 2717 3352; x_wconf 84' lang='grc' dir='ltr'>Χώρα</span> <span class='ocrx_word' id='word_1_453' title='bbox 2753 3278 2828 3349; x_wconf 73' lang='grc'><strong>(4)</strong></span> <span class='ocrx_word' id='word_1_454' title='bbox 2865 3273 2933 3349; x_wconf 81' lang='grc' dir='ltr'>ἦν</span> <span class='ocrx_word' id='word_1_455' title='bbox 2976 3275 3071 3330; x_wconf 77' lang='grc' dir='ltr'>τοῦ</span> <span class='ocrx_word' id='word_1_456' title='bbox 3110 3273 3282 3328; x_wconf 82' lang='grc' dir='ltr'><strong>Ἥσαῦ</strong></span> <span class='ocrx_word' id='word_1_457' title='bbox 3315 3275 3353 3342; x_wconf 77' lang='grc' dir='ltr'><strong>ἠ</strong></span> <span class='ocrx_word' id='word_1_458' title='bbox 3378 3274 3691 3342; x_wconf 82' lang='grc' dir='ltr'>Ἰδουμαία.</span> <span class='ocrx_word' id='word_1_459' title='bbox 3746 3271 3940 3327; x_wconf 82' lang='grc' dir='ltr'><strong>Ἦσαῦ</strong></span> 
     </span>
    </p>
   </div>
   <div class='ocr_carea' id='block_1_75' title="bbox 2285 3345 3939 3445">
    <p class='ocr_par' dir='ltr' id='par_1_75' title="bbox 2285 3345 3939 3445">
     <span class='ocr_line' id='line_1_75' title="bbox 2285 3345 3939 3445; baseline -0.006 -19"><span class='ocrx_word' id='word_1_460' title='bbox 2285 3345 2327 3401; x_wconf 72' lang='lat' dir='ltr'><strong>C</strong></span> <span class='ocrx_word' id='word_1_461' title='bbox 2360 3374 2415 3426; x_wconf 82' lang='grc' dir='ltr'><strong>δὲ</strong></span> <span class='ocrx_word' id='word_1_462' title='bbox 2449 3345 3152 3445; x_wconf 28' lang='grc' dir='ltr'>ἑρμηνεύεται-τριχάβης,</span> <span class='ocrx_word' id='word_1_463' title='bbox 3192 3366 3330 3435; x_wconf 83' lang='grc' dir='ltr'>ὅπερ</span> <span class='ocrx_word' id='word_1_464' title='bbox 3381 3359 3522 3434; x_wconf 81' lang='grc' dir='ltr'>ἦσαν</span> <span class='ocrx_word' id='word_1_465' title='bbox 3572 3363 3641 3415; x_wconf 78' lang='grc' dir='ltr'>τὰ</span> <span class='ocrx_word' id='word_1_466' title='bbox 3692 3363 3821 3433; x_wconf 79' lang='grc' dir='ltr'>ἔθνη</span> <span class='ocrx_word' id='word_1_467' title='bbox 3851 3362 3939 3416; x_wconf 61' lang='lat' dir='ltr'><strong>sta</strong></span> 
     </span>
    </p>
   </div>
   <div class='ocr_carea' id='block_1_76' title="bbox 2359 3451 3938 3538">
    <p class='ocr_par' dir='ltr' id='par_1_76' title="bbox 2359 3451 3938 3538">
     <span class='ocr_line' id='line_1_76' title="bbox 2359 3451 3938 3538; baseline -0.008 -18"><span class='ocrx_word' id='word_1_468' title='bbox 2359 3466 2457 3538; x_wconf 83' lang='grc' dir='ltr'>τὴν</span> <span class='ocrx_word' id='word_1_469' title='bbox 2477 3465 2791 3537; x_wconf 79' lang='grc' dir='ltr'>τραχύτητα</span> <span class='ocrx_word' id='word_1_470' title='bbox 2815 3461 2913 3533; x_wconf 81' lang='grc' dir='ltr'>τῆς</span> <span class='ocrx_word' id='word_1_471' title='bbox 2945 3459 3171 3532; x_wconf 76' lang='grc' dir='ltr'>καρδίας</span> <span class='ocrx_word' id='word_1_472' title='bbox 3195 3457 3397 3512; x_wconf 79' lang='grc' dir='ltr'>αὐτῶν.</span> <span class='ocrx_word' id='word_1_473' title='bbox 3430 3455 3553 3510; x_wconf 79' lang='grc' dir='ltr'><strong>Ἐπὶ</strong></span> <span class='ocrx_word' id='word_1_474' title='bbox 3572 3454 3794 3518; x_wconf 84' lang='grc' dir='ltr'>τούτους</span> <span class='ocrx_word' id='word_1_475' title='bbox 3824 3451 3938 3517; x_wconf 76' lang='grc' dir='ltr'>οὖν,</span> 
     </span>
    </p>
   </div>
   <div class='ocr_carea' id='block_1_77' title="bbox 2363 3553 3406 3629">
    <p class='ocr_par' dir='ltr' id='par_1_77' title="bbox 2363 3553 3406 3629">
     <span class='ocr_line' id='line_1_77' title="bbox 2363 3553 3406 3629; baseline -0.01 -16"><span class='ocrx_word' id='word_1_476' title='bbox 2363 3559 2530 3629; x_wconf 84' lang='grc' dir='ltr'><strong>λέγει,</strong></span> <span class='ocrx_word' id='word_1_477' title='bbox 2560 3557 2656 3628; x_wconf 79' lang='grc' dir='ltr'>τὴν</span> <span class='ocrx_word' id='word_1_478' title='bbox 2692 3554 2920 3626; x_wconf 84' lang='grc' dir='ltr'>πορείαν</span> <span class='ocrx_word' id='word_1_479' title='bbox 2953 3570 3054 3624; x_wconf 90' lang='grc' dir='ltr'><strong>μου</strong></span> <span class='ocrx_word' id='word_1_480' title='bbox 3086 3553 3406 3622; x_wconf 80' lang='grc' dir='ltr'>ποιήσομαι.</span> 
     </span>
    </p>
   </div>
   <div class='ocr_carea' id='block_1_78' title="bbox 2433 3637 3939 3720">
    <p class='ocr_par' dir='ltr' id='par_1_78' title="bbox 2433 3637 3939 3720">
     <span class='ocr_line' id='line_1_78' title="bbox 2433 3637 3939 3720; baseline -0.012 -12"><span class='ocrx_word' id='word_1_481' title='bbox 2433 3652 2519 3708; x_wconf 86' lang='grc'><strong>18.</strong></span> <span class='ocrx_word' id='word_1_482' title='bbox 2563 3650 2906 3720; x_wconf 83' lang='grc' dir='ltr'>’Υπήκουσαν</span> <span class='ocrx_word' id='word_1_483' title='bbox 2937 3645 2996 3700; x_wconf 72' lang='grc' dir='ltr'>δὲ</span> <span class='ocrx_word' id='word_1_484' title='bbox 3039 3645 3116 3714; x_wconf 88' lang='grc'><strong>(5)</strong></span> <span class='ocrx_word' id='word_1_485' title='bbox 3156 3643 3481 3697; x_wconf 71' lang='grc' dir='ltr'>ιπίστευσαν</span> <span class='ocrx_word' id='word_1_486' title='bbox 3510 3640 3587 3711; x_wconf 82' lang='grc' dir='ltr'>τῷ</span> <span class='ocrx_word' id='word_1_487' title='bbox 3625 3637 3939 3711; x_wconf 71' lang='grc' dir='ltr'>κηρύγματι</span> 
     </span>
    </p>
   </div>
   <div class='ocr_carea' id='block_1_79' title="bbox 2366 3761 2486 3814">
    <p class='ocr_par' dir='ltr' id='par_1_79' title="bbox 2366 3761 2486 3814">
     <span class='ocr_line' id='line_1_79' title="bbox 2366 3761 2486 3814; baseline 0 -19"><span class='ocrx_word' id='word_1_488' title='bbox 2366 3761 2464 3814; x_wconf 77' lang='grc' dir='ltr'><strong>μου</strong></span> <span class='ocrx_word' id='word_1_489' title='bbox 2474 3785 2486 3796; x_wconf 94' lang='grc'><strong>.</strong></span> 
     </span>
    </p>
   </div>
   <div class='ocr_carea' id='block_1_80' title="bbox 2434 3817 3936 3903">
    <p class='ocr_par' dir='ltr' id='par_1_80' title="bbox 2434 3817 3936 3903">
     <span class='ocr_line' id='line_1_80' title="bbox 2434 3817 3936 3903; baseline -0.011 -16"><span class='ocrx_word' id='word_1_490' title='bbox 2434 3834 2518 3889; x_wconf 86' lang='grc'><strong>19.</strong></span> <span class='ocrx_word' id='word_1_491' title='bbox 2551 3833 2644 3895; x_wconf 86' lang='grc' dir='ltr'>Είς</span> <span class='ocrx_word' id='word_1_492' title='bbox 2663 3829 2763 3903; x_wconf 79' lang='grc' dir='ltr'><strong>τὴν</strong></span> <span class='ocrx_word' id='word_1_493' title='bbox 2796 3827 3114 3900; x_wconf 77' lang='grc' dir='ltr'>ἐπουράνιον</span> <span class='ocrx_word' id='word_1_494' title='bbox 3162 3825 3314 3878; x_wconf 80' lang='grc' dir='ltr'>πόλιν</span> <span class='ocrx_word' id='word_1_495' title='bbox 3356 3822 3441 3887; x_wconf 88' lang='grc' dir='ltr'><strong>τίς</strong></span> <span class='ocrx_word' id='word_1_496' title='bbox 3490 3820 3688 3886; x_wconf 79' lang='grc' dir='ltr'>ἀπάξει</span> <span class='ocrx_word' id='word_1_497' title='bbox 3743 3835 3810 3890; x_wconf 88' lang='grc' dir='ltr'><strong>με</strong></span> <span class='ocrx_word' id='word_1_498' title='bbox 3839 3817 3936 3889; x_wconf 79' lang='lat'><strong>(6),</strong></span> 
     </span>
    </p>
   </div>
   <div class='ocr_carea' id='block_1_81' title="bbox 2363 3920 3239 3996">
    <p class='ocr_par' dir='ltr' id='par_1_81' title="bbox 2363 3920 3239 3996">
     <span class='ocr_line' id='line_1_81' title="bbox 2363 3920 3239 3996; baseline -0.006 -18"><span class='ocrx_word' id='word_1_499' title='bbox 2363 3928 2411 3979; x_wconf 84' lang='grc' dir='ltr'>εἰ</span> <span class='ocrx_word' id='word_1_500' title='bbox 2445 3924 2519 3996; x_wconf 84' lang='grc' dir='ltr'>μὴ</span> <span class='ocrx_word' id='word_1_501' title='bbox 2551 3924 2613 3977; x_wconf 77' lang='grc' dir='ltr'><strong>σὺ</strong></span> <span class='ocrx_word' id='word_1_502' title='bbox 2635 3926 2663 3977; x_wconf 97' lang='lat'><strong>6</strong></span> <span class='ocrx_word' id='word_1_503' title='bbox 2683 3921 3014 3994; x_wconf 84' lang='grc' dir='ltr'>δημιουργὸς</span> <span class='ocrx_word' id='word_1_504' title='bbox 3038 3920 3239 3991; x_wconf 82' lang='grc' dir='ltr'>αὑτῆς;</span> 
     </span>
    </p>
   </div>
   <div class='ocr_carea' id='block_1_82' title="bbox 2437 4005 3940 4084">
    <p class='ocr_par' dir='ltr' id='par_1_82' title="bbox 2437 4005 3940 4084">
     <span class='ocr_line' id='line_1_82' title="bbox 2437 4005 3940 4084; baseline -0.009 -14"><span class='ocrx_word' id='word_1_505' title='bbox 2437 4016 2526 4070; x_wconf 89' lang='lat'><strong>20.</strong></span> <span class='ocrx_word' id='word_1_506' title='bbox 2560 4017 2628 4067; x_wconf 89' lang='grc' dir='ltr'><strong>Ἦ</strong></span> <span class='ocrx_word' id='word_1_507' title='bbox 2661 4014 2742 4076; x_wconf 89' lang='grc' dir='ltr'><strong>τίς</strong></span> <span class='ocrx_word' id='word_1_508' title='bbox 2775 4014 3028 4084; x_wconf 81' lang='grc' dir='ltr'>ὁδηγήσει</span> <span class='ocrx_word' id='word_1_509' title='bbox 3081 4028 3147 4083; x_wconf 90' lang='grc' dir='ltr'><strong>με</strong></span> <span class='ocrx_word' id='word_1_510' title='bbox 3183 4012 3263 4073; x_wconf 86' lang='grc' dir='ltr'><strong>είς</strong></span> <span class='ocrx_word' id='word_1_511' title='bbox 3301 4009 3400 4080; x_wconf 77' lang='grc' dir='ltr'><strong>τὴν</strong></span> <span class='ocrx_word' id='word_1_512' title='bbox 3448 4007 3652 4078; x_wconf 83' lang='grc' dir='ltr'>σκηνήν</span> <span class='ocrx_word' id='word_1_513' title='bbox 3713 4022 3808 4059; x_wconf 88' lang='grc' dir='ltr'><strong>σου</strong></span> <span class='ocrx_word' id='word_1_514' title='bbox 3841 4005 3940 4076; x_wconf 77' lang='grc' dir='ltr'>τὴν</span> 
     </span>
    </p>
   </div>
   <div class='ocr_carea' id='block_1_83' title="bbox 2366 4106 2760 4176">
    <p class='ocr_par' dir='ltr' id='par_1_83' title="bbox 2366 4106 2760 4176">
     <span class='ocr_line' id='line_1_83' title="bbox 2366 4106 2760 4176; baseline -0.013 -15"><span class='ocrx_word' id='word_1_515' title='bbox 2366 4106 2720 4176; x_wconf 84' lang='grc' dir='ltr'>ἀτελεύτητον</span> <span class='ocrx_word' id='word_1_516' title='bbox 2746 4122 2760 4169; x_wconf 87' lang='lat'><strong>;</strong></span> 
     </span>
    </p>
   </div>
   <div class='ocr_carea' id='block_1_84' title="bbox 2440 4185 3913 4264">
    <p class='ocr_par' dir='ltr' id='par_1_84' title="bbox 2440 4185 3913 4264">
     <span class='ocr_line' id='line_1_84' title="bbox 2440 4185 3913 4264; baseline -0.01 -14"><span class='ocrx_word' id='word_1_517' title='bbox 2440 4197 2527 4261; x_wconf 77' lang='lat' dir='ltr'><strong>2i,</strong></span> <span class='ocrx_word' id='word_1_518' title='bbox 2575 4191 2666 4248; x_wconf 85' lang='lat'><strong>22.</strong></span> <span class='ocrx_word' id='word_1_519' title='bbox 2710 4193 2784 4264; x_wconf 90' lang='lat'><strong>(7)</strong></span> <span class='ocrx_word' id='word_1_520' title='bbox 2816 4193 2876 4246; x_wconf 80' lang='lat' dir='ltr'><strong>El</strong></span> <span class='ocrx_word' id='word_1_521' title='bbox 2898 4191 2971 4262; x_wconf 83' lang='grc' dir='ltr'>μὴ</span> <span class='ocrx_word' id='word_1_522' title='bbox 2999 4192 3086 4254; x_wconf 82' lang='grc' dir='ltr'><strong>σὺ,</strong></span> <span class='ocrx_word' id='word_1_523' title='bbox 3117 4191 3145 4243; x_wconf 88' lang='lat'><strong>6</strong></span> <span class='ocrx_word' id='word_1_524' title='bbox 3175 4187 3326 4251; x_wconf 80' lang='grc' dir='ltr'>Θεὸς.</span> <span class='ocrx_word' id='word_1_525' title='bbox 3354 4190 3383 4240; x_wconf 89' lang='lat'><strong>6</strong></span> <span class='ocrx_word' id='word_1_526' title='bbox 3424 4185 3734 4258; x_wconf 67' lang='grc' dir='ltr'>ἀπορρίψας</span> <span class='ocrx_word' id='word_1_527' title='bbox 3767 4186 3913 4255; x_wconf 77' lang='grc' dir='ltr'>ἡμᾶς</span> 
     </span>
    </p>
   </div>
   <div class='ocr_carea' id='block_1_85' title="bbox 2438 4276 3936 4355">
    <p class='ocr_par' dir='ltr' id='par_1_85' title="bbox 2438 4276 3936 4355">
     <span class='ocr_line' id='line_1_85' title="bbox 2438 4276 3936 4355; baseline -0.009 -12"><span class='ocrx_word' id='word_1_528' title='bbox 2438 4289 2526 4342; x_wconf 78' lang='grc'><strong>25.</strong></span> <span class='ocrx_word' id='word_1_529' title='bbox 2576 4287 2838 4355; x_wconf 82' lang='grc' dir='ltr'>Ἀνάγαγε</span> <span class='ocrx_word' id='word_1_530' title='bbox 2883 4285 3031 4355; x_wconf 83' lang='grc' dir='ltr'>ἡμᾶς</span> <span class='ocrx_word' id='word_1_531' title='bbox 3057 4284 3121 4335; x_wconf 84' lang='grc' dir='ltr'>ὲκ</span> <span class='ocrx_word' id='word_1_532' title='bbox 3147 4281 3245 4352; x_wconf 84' lang='grc' dir='ltr'>τῆς</span> <span class='ocrx_word' id='word_1_533' title='bbox 3274 4278 3548 4350; x_wconf 82' lang='grc' dir='ltr'>ἁμαρτίας</span> <span class='ocrx_word' id='word_1_534' title='bbox 3581 4279 3662 4342; x_wconf 90' lang='grc' dir='ltr'><strong>είς</strong></span> <span class='ocrx_word' id='word_1_535' title='bbox 3690 4277 3791 4348; x_wconf 81' lang='grc' dir='ltr'>τὴν</span> <span class='ocrx_word' id='word_1_536' title='bbox 3817 4276 3936 4331; x_wconf 76' lang='grc' dir='ltr'>ἐπί-</span> 
     </span>
    </p>
   </div>
   <div class='ocr_carea' id='block_1_86' title="bbox 2367 4379 2717 4448">
    <p class='ocr_par' dir='ltr' id='par_1_86' title="bbox 2367 4379 2717 4448">
     <span class='ocr_line' id='line_1_86' title="bbox 2367 4379 2717 4448; baseline -0.006 -16"><span class='ocrx_word' id='word_1_537' title='bbox 2367 4379 2567 4448; x_wconf 89' lang='grc' dir='ltr'>γνωσίν</span> <span class='ocrx_word' id='word_1_538' title='bbox 2603 4395 2717 4431; x_wconf 92' lang='grc' dir='ltr'>σου.</span> 
     </span>
    </p>
   </div>
   <div class='ocr_carea' id='block_1_87' title="bbox 2435 4463 3592 4538">
    <p class='ocr_par' dir='ltr' id='par_1_87' title="bbox 2435 4463 3592 4538">
     <span class='ocr_line' id='line_1_87' title="bbox 2435 4463 3592 4538; baseline -0.009 -12"><span class='ocrx_word' id='word_1_539' title='bbox 2435 4472 2524 4526; x_wconf 71' lang='grc'><strong>21.</strong></span> <span class='ocrx_word' id='word_1_540' title='bbox 2558 4471 2713 4524; x_wconf 81' lang='grc' dir='ltr'>Πᾶσα</span> <span class='ocrx_word' id='word_1_541' title='bbox 2750 4467 2992 4538; x_wconf 88' lang='grc' dir='ltr'>σωτηρία</span> <span class='ocrx_word' id='word_1_542' title='bbox 3024 4463 3338 4537; x_wconf 80' lang='grc' dir='ltr'>ἀνθρωπίνη</span> <span class='ocrx_word' id='word_1_543' title='bbox 3371 4463 3592 4534; x_wconf 85' lang='grc' dir='ltr'>ματαία.</span> 
     </span>
    </p>
   </div>
   <div class='ocr_carea' id='block_1_88' title="bbox 2367 4553 3665 4632">
    <p class='ocr_par' dir='ltr' id='par_1_88' title="bbox 2367 4553 3665 4632">
     <span class='ocr_line' id='line_1_88' title="bbox 2367 4553 3665 4632; baseline -0.007 -15"><span class='ocrx_word' id='word_1_544' title='bbox 2367 4568 2372 4574; x_wconf 90' lang='grc'><strong>’</strong></span> <span class='ocrx_word' id='word_1_545' title='bbox 2433 4563 2523 4617; x_wconf 80' lang='grc'><strong>25.</strong></span> <span class='ocrx_word' id='word_1_546' title='bbox 2564 4563 2653 4614; x_wconf 83' lang='grc' dir='ltr'>Ἑν</span> <span class='ocrx_word' id='word_1_547' title='bbox 2681 4560 2759 4630; x_wconf 80' lang='grc' dir='ltr'><strong>τῷ</strong></span> <span class='ocrx_word' id='word_1_548' title='bbox 2789 4558 3007 4632; x_wconf 86' lang='grc' dir='ltr'>σταυρῷ</span> <span class='ocrx_word' id='word_1_549' title='bbox 3031 4557 3124 4612; x_wconf 76' lang='grc' dir='ltr'>τοῦ</span> <span class='ocrx_word' id='word_1_550' title='bbox 3151 4555 3285 4610; x_wconf 82' lang='grc' dir='ltr'>Θεοῦ</span> <span class='ocrx_word' id='word_1_551' title='bbox 3307 4553 3665 4626; x_wconf 83' lang='grc' dir='ltr'>ὁπλισόμεθα.</span> 
     </span>
    </p>
   </div>
   <div class='ocr_carea' id='block_1_89' title="bbox 2289 4645 3940 4746">
    <p class='ocr_par' dir='ltr' id='par_1_89' title="bbox 2289 4645 3940 4746">
     <span class='ocr_line' id='line_1_89' title="bbox 2289 4645 3940 4746; baseline -0.005 -39"><span class='ocrx_word' id='word_1_552' title='bbox 2289 4687 2342 4746; x_wconf 75' lang='lat' dir='ltr'><strong>D</strong></span> <span class='ocrx_word' id='word_1_553' title='bbox 2432 4653 2523 4709; x_wconf 89' lang='lat'><strong>26.</strong></span> <span class='ocrx_word' id='word_1_554' title='bbox 2555 4654 2662 4706; x_wconf 87' lang='lat' dir='ltr'><strong>Kal</strong></span> <span class='ocrx_word' id='word_1_555' title='bbox 2686 4652 2845 4715; x_wconf 77' lang='grc' dir='ltr'>αὐτὸς</span> <span class='ocrx_word' id='word_1_556' title='bbox 2863 4654 2891 4705; x_wconf 94' lang='lat'><strong>6</strong></span> <span class='ocrx_word' id='word_1_557' title='bbox 2913 4651 3142 4724; x_wconf 89' lang='grc' dir='ltr'>σταυρὸς</span> <span class='ocrx_word' id='word_1_558' title='bbox 3164 4650 3426 4704; x_wconf 86' lang='grc' dir='ltr'>ἀπελάσει</span> <span class='ocrx_word' id='word_1_559' title='bbox 3451 4649 3576 4711; x_wconf 80' lang='grc' dir='ltr'>τοὺς</span> <span class='ocrx_word' id='word_1_560' title='bbox 3598 4645 3940 4717; x_wconf 83' lang='grc' dir='ltr'>ἀκαθάρτους</span> 
     </span>
    </p>
   </div>
   <div class='ocr_carea' id='block_1_90' title="bbox 2371 4744 2647 4814">
    <p class='ocr_par' dir='ltr' id='par_1_90' title="bbox 2371 4744 2647 4814">
     <span class='ocr_line' id='line_1_90' title="bbox 2371 4744 2647 4814; baseline -0.011 -16"><span class='ocrx_word' id='word_1_561' title='bbox 2371 4744 2647 4814; x_wconf 83' lang='grc' dir='ltr'>δαίμονας.</span> 
     </span>
    </p>
   </div>
   <div class='ocr_carea' id='block_1_91' title="bbox 776 4849 3936 4929">
    <p class='ocr_par' dir='ltr' id='par_1_91' title="bbox 776 4849 3936 4929">
     <span class='ocr_line' id='line_1_91' title="bbox 776 4849 3936 4929; baseline -0.002 -18"><span class='ocrx_word' id='word_1_562' title='bbox 776 4857 839 4911; x_wconf 82' lang='grc' dir='ltr'><em>Ἡ</em></span> <span class='ocrx_word' id='word_1_563' title='bbox 878 4856 1216 4929; x_wconf 81' lang='grc' dir='ltr'>προκειμένη</span> <span class='ocrx_word' id='word_1_564' title='bbox 1249 4857 1528 4927; x_wconf 77' lang='grc' dir='ltr'>ἐπιγραφὴ</span> <span class='ocrx_word' id='word_1_565' title='bbox 1552 4856 1797 4928; x_wconf 78' lang='grc' dir='ltr'>περιέχει</span> <span class='ocrx_word' id='word_1_566' title='bbox 1832 4855 1940 4925; x_wconf 84' lang='lat'><strong>(8)&#39;</strong></span> <span class='ocrx_word' id='word_1_567' title='bbox 1968 4859 2070 4921; x_wconf 73' lang='grc' dir='ltr'><strong>Εἰς</strong></span> <span class='ocrx_word' id='word_1_568' title='bbox 2096 4857 2163 4910; x_wconf 84' lang='grc' dir='ltr'>τὸ</span> <span class='ocrx_word' id='word_1_569' title='bbox 2188 4857 2385 4924; x_wconf 84' lang='grc' dir='ltr'>τέλος,</span> <span class='ocrx_word' id='word_1_570' title='bbox 2413 4859 2482 4911; x_wconf 84' lang='grc' dir='ltr'><strong>ἐν</strong></span> <span class='ocrx_word' id='word_1_571' title='bbox 2514 4858 2722 4925; x_wconf 78' lang='grc' dir='ltr'>ὕμνοις</span> <span class='ocrx_word' id='word_1_572' title='bbox 2750 4856 2831 4922; x_wconf 82' lang='grc' dir='ltr'>τῷ</span> <span class='ocrx_word' id='word_1_573' title='bbox 2865 4855 3062 4910; x_wconf 77' lang='grc' dir='ltr'>Δαϐίδ.</span> <span class='ocrx_word' id='word_1_574' title='bbox 3116 4853 3286 4908; x_wconf 80' lang='grc' dir='ltr'>Τοῦτο</span> <span class='ocrx_word' id='word_1_575' title='bbox 3326 4849 3420 4906; x_wconf 78' lang='grc' dir='ltr'>οὖν</span> <span class='ocrx_word' id='word_1_576' title='bbox 3447 4855 3596 4906; x_wconf 78' lang='grc' dir='ltr'>ἐστιν</span> <span class='ocrx_word' id='word_1_577' title='bbox 3619 4891 3634 4916; x_wconf 86' lang='grc'><strong>,</strong></span> <span class='ocrx_word' id='word_1_578' title='bbox 3681 4852 3710 4905; x_wconf 81' lang='lat'><strong>6</strong></span> <span class='ocrx_word' id='word_1_579' title='bbox 3761 4851 3936 4920; x_wconf 78' lang='grc' dir='ltr'>λέγει·</span> 
     </span>
    </p>
   </div>
   <div class='ocr_carea' id='block_1_92' title="bbox 760 4945 3940 5021">
    <p class='ocr_par' dir='ltr' id='par_1_92' title="bbox 760 4945 3940 5021">
     <span class='ocr_line' id='line_1_92' title="bbox 760 4945 3940 5021; baseline -0.001 -18"><span class='ocrx_word' id='word_1_580' title='bbox 760 4949 974 5006; x_wconf 87' lang='lat' dir='ltr'><strong>Titulus</strong></span> <span class='ocrx_word' id='word_1_581' title='bbox 999 4952 1323 5020; x_wconf 73' lang='lat' dir='ltr'><strong>praepositus</strong></span> <span class='ocrx_word' id='word_1_582' title='bbox 1353 4951 1632 5006; x_wconf 86' lang='lat' dir='ltr'><strong>continet:</strong></span> <span class='ocrx_word' id='word_1_583' title='bbox 1666 4951 1730 5005; x_wconf 84' lang='lat' dir='ltr'><strong>In</strong></span> <span class='ocrx_word' id='word_1_584' title='bbox 1760 4951 1940 5021; x_wconf 81' lang='lat' dir='ltr'><strong>ﬁnem,</strong></span> <span class='ocrx_word' id='word_1_585' title='bbox 1968 4952 2019 5005; x_wconf 80' lang='lat' dir='ltr'><strong>in</strong></span> <span class='ocrx_word' id='word_1_586' title='bbox 2053 4951 2259 5021; x_wconf 73' lang='lat' dir='ltr'><strong>hymnis</strong></span> <span class='ocrx_word' id='word_1_587' title='bbox 2291 4951 2484 5007; x_wconf 78' lang='lat' dir='ltr'><strong>David.</strong></span> <span class='ocrx_word' id='word_1_588' title='bbox 2518 4950 2630 5006; x_wconf 82' lang='lat' dir='ltr'><strong>Hoc</strong></span> <span class='ocrx_word' id='word_1_589' title='bbox 2661 4951 2825 5018; x_wconf 82' lang='lat' dir='ltr'><strong>igitur</strong></span> <span class='ocrx_word' id='word_1_590' title='bbox 2857 4961 2940 5005; x_wconf 85' lang='lat' dir='ltr'><strong>est</strong></span> <span class='ocrx_word' id='word_1_591' title='bbox 2971 4949 3115 5021; x_wconf 91' lang='lat' dir='ltr'><strong>quod</strong></span> <span class='ocrx_word' id='word_1_592' title='bbox 3148 4949 3417 5019; x_wconf 78' lang='lat' dir='ltr'><strong>signiﬁcat</strong></span> <span class='ocrx_word' id='word_1_593' title='bbox 3443 4965 3457 5002; x_wconf 91' lang='lat'><strong><em>:</em></strong></span> <span class='ocrx_word' id='word_1_594' title='bbox 3485 4948 3539 5000; x_wconf 93' lang='lat' dir='ltr'><strong>in</strong></span> <span class='ocrx_word' id='word_1_595' title='bbox 3575 4945 3680 5001; x_wconf 87' lang='lat' dir='ltr'><strong>line</strong></span> <span class='ocrx_word' id='word_1_596' title='bbox 3704 4945 3759 4998; x_wconf 92' lang='lat' dir='ltr'><strong>in</strong></span> <span class='ocrx_word' id='word_1_597' title='bbox 3789 4947 3940 5018; x_wconf 81' lang='lat' dir='ltr'><strong>bym-</strong></span> 
     </span>
    </p>
   </div>
   <div class='ocr_carea' id='block_1_93' title="bbox 763 5045 2013 5118">
    <p class='ocr_par' dir='ltr' id='par_1_93' title="bbox 763 5045 2013 5118">
     <span class='ocr_line' id='line_1_93' title="bbox 763 5045 2013 5118; baseline -0.001 -16"><span class='ocrx_word' id='word_1_598' title='bbox 763 5049 815 5102; x_wconf 87' lang='grc'><strong>1.</strong></span> <span class='ocrx_word' id='word_1_599' title='bbox 844 5047 1075 5117; x_wconf 83' lang='lat' dir='ltr'><strong>Accepta</strong></span> <span class='ocrx_word' id='word_1_600' title='bbox 1099 5045 1193 5104; x_wconf 80' lang='lat' dir='ltr'><strong>liat</strong></span> <span class='ocrx_word' id='word_1_601' title='bbox 1219 5062 1403 5102; x_wconf 87' lang='lat' dir='ltr'><strong>coram</strong></span> <span class='ocrx_word' id='word_1_602' title='bbox 1441 5056 1491 5103; x_wconf 90' lang='lat' dir='ltr'><strong>te</strong></span> <span class='ocrx_word' id='word_1_603' title='bbox 1526 5048 1834 5118; x_wconf 77' lang='lat' dir='ltr'><strong>deprecatio</strong></span> <span class='ocrx_word' id='word_1_604' title='bbox 1872 5064 2013 5103; x_wconf 82' lang='lat' dir='ltr'><strong>mea.</strong></span> 
     </span>
    </p>
   </div>
   <div class='ocr_carea' id='block_1_94' title="bbox 2447 5040 3775 5118">
    <p class='ocr_par' dir='ltr' id='par_1_94' title="bbox 2447 5040 3775 5118">
     <span class='ocr_line' id='line_1_94' title="bbox 2447 5040 3775 5118; baseline -0.008 -16"><span class='ocrx_word' id='word_1_605' title='bbox 2447 5049 2495 5104; x_wconf 82' lang='lat' dir='ltr'><strong>l.</strong></span> <span class='ocrx_word' id='word_1_606' title='bbox 2537 5049 2711 5118; x_wconf 78' lang='grc' dir='ltr'>Δεκτὴ</span> <span class='ocrx_word' id='word_1_607' title='bbox 2742 5049 2968 5117; x_wconf 77' lang='grc' dir='ltr'>γένηται</span> <span class='ocrx_word' id='word_1_608' title='bbox 2996 5044 3222 5099; x_wconf 76' lang='grc' dir='ltr'>ἐνώπιόν</span> <span class='ocrx_word' id='word_1_609' title='bbox 3249 5060 3342 5096; x_wconf 89' lang='grc' dir='ltr'><strong>σου</strong></span> <span class='ocrx_word' id='word_1_610' title='bbox 3370 5044 3404 5114; x_wconf 83' lang='grc' dir='ltr'>ἡ</span> <span class='ocrx_word' id='word_1_611' title='bbox 3436 5040 3618 5112; x_wconf 76' lang='grc' dir='ltr'>δέησίς</span> <span class='ocrx_word' id='word_1_612' title='bbox 3651 5057 3775 5112; x_wconf 86' lang='grc' dir='ltr'>μου.</span> 
     </span>
    </p>
   </div>
   <div class='ocr_carea' id='block_1_95' title="bbox 1637 5201 2993 5284">
    <p class='ocr_par' dir='ltr' id='par_1_95' title="bbox 1637 5201 2993 5284">
     <span class='ocr_line' id='line_1_95' title="bbox 1637 5201 2993 5284; baseline 0.001 -20"><span class='ocrx_word' id='word_1_613' title='bbox 1637 5203 1946 5266; x_wconf 83' lang='lat' dir='ltr'><strong>Addenda</strong></span> <span class='ocrx_word' id='word_1_614' title='bbox 1979 5212 2042 5264; x_wconf 87' lang='lat' dir='ltr'><strong>et</strong></span> <span class='ocrx_word' id='word_1_615' title='bbox 2089 5203 2463 5284; x_wconf 82' lang='lat' dir='ltr'><strong>corrigenda</strong></span> <span class='ocrx_word' id='word_1_616' title='bbox 2497 5222 2572 5266; x_wconf 77' lang='lat' dir='ltr'><strong>ex</strong></span> <span class='ocrx_word' id='word_1_617' title='bbox 2607 5204 2746 5265; x_wconf 91' lang='lat' dir='ltr'><strong>cod.</strong></span> <span class='ocrx_word' id='word_1_618' title='bbox 2790 5201 2993 5266; x_wconf 87' lang='lat' dir='ltr'><strong>Vatic.</strong></span> 
     </span>
    </p>
   </div>
   <div class='ocr_carea' id='block_1_96' title="bbox 760 5393 1698 5466">
    <p class='ocr_par' dir='ltr' id='par_1_96' title="bbox 760 5393 1698 5466">
     <span class='ocr_line' id='line_1_96' title="bbox 760 5393 1698 5466; baseline -0.002 -18"><span class='ocrx_word' id='word_1_619' title='bbox 760 5397 832 5464; x_wconf 90' lang='lat' dir='ltr'><strong>(l)</strong></span> <span class='ocrx_word' id='word_1_620' title='bbox 862 5396 936 5447; x_wconf 88' lang='grc' dir='ltr'><strong>Τὸ</strong></span> <span class='ocrx_word' id='word_1_621' title='bbox 956 5394 1180 5466; x_wconf 77' lang='grc' dir='ltr'>Πνεῦμα</span> <span class='ocrx_word' id='word_1_622' title='bbox 1203 5393 1262 5448; x_wconf 85' lang='grc' dir='ltr'><strong>τὸ</strong></span> <span class='ocrx_word' id='word_1_623' title='bbox 1290 5395 1459 5466; x_wconf 71' lang='grc' dir='ltr'>ἀγιον,</span> <span class='ocrx_word' id='word_1_624' title='bbox 1494 5396 1698 5448; x_wconf 83' lang='lat' dir='ltr'><strong>desunt.</strong></span> 
     </span>
    </p>
   </div>
   <div class='ocr_carea' id='block_1_97' title="bbox 760 5463 2259 5537">
    <p class='ocr_par' dir='ltr' id='par_1_97' title="bbox 760 5463 2259 5537">
     <span class='ocr_line' id='line_1_97' title="bbox 760 5463 2259 5537; baseline -0.001 -18"><span class='ocrx_word' id='word_1_625' title='bbox 760 5467 837 5528; x_wconf 77' lang='lat'><strong>(2)</strong></span> <span class='ocrx_word' id='word_1_626' title='bbox 873 5466 1070 5537; x_wconf 87' lang='grc' dir='ltr'>Ἰούδας</span> <span class='ocrx_word' id='word_1_627' title='bbox 1099 5463 1260 5537; x_wconf 73' lang='lat' dir='ltr'><strong>deest,</strong></span> <span class='ocrx_word' id='word_1_628' title='bbox 1300 5464 1548 5537; x_wconf 48' lang='grc' dir='ltr'><strong>δῆλοι...</strong></span> <span class='ocrx_word' id='word_1_629' title='bbox 1591 5466 1792 5537; x_wconf 82' lang='grc' dir='ltr'>Κύριος</span> <span class='ocrx_word' id='word_1_630' title='bbox 1833 5463 1988 5534; x_wconf 77' lang='grc' dir='ltr'>ἡμῶν</span> <span class='ocrx_word' id='word_1_631' title='bbox 2032 5465 2259 5536; x_wconf 77' lang='grc' dir='ltr'>Ἰησοῦς,</span> 
     </span>
    </p>
   </div>
   <div class='ocr_carea' id='block_1_98' title="bbox 687 5534 1366 5608">
    <p class='ocr_par' dir='ltr' id='par_1_98' title="bbox 687 5534 1366 5608">
     <span class='ocr_line' id='line_1_98' title="bbox 687 5534 1366 5608; baseline -0.004 -17"><span class='ocrx_word' id='word_1_632' title='bbox 687 5541 716 5591; x_wconf 93' lang='lat'><strong>6</strong></span> <span class='ocrx_word' id='word_1_633' title='bbox 739 5537 840 5608; x_wconf 81' lang='grc' dir='ltr'><strong>πρὸ</strong></span> <span class='ocrx_word' id='word_1_634' title='bbox 859 5536 1068 5588; x_wconf 80' lang='grc' dir='ltr'>αἰώνων</span> <span class='ocrx_word' id='word_1_635' title='bbox 1098 5534 1366 5608; x_wconf 72' lang='grc' dir='ltr'>βασιλεύς.</span> 
     </span>
    </p>
   </div>
   <div class='ocr_carea' id='block_1_99' title="bbox 764 5602 2265 5676">
    <p class='ocr_par' dir='ltr' id='par_1_99' title="bbox 764 5602 2265 5676">
     <span class='ocr_line' id='line_1_99' title="bbox 764 5602 2265 5676; baseline -0.003 -15"><span class='ocrx_word' id='word_1_636' title='bbox 764 5602 838 5675; x_wconf 71' lang='lat'><strong>(3)</strong></span> <span class='ocrx_word' id='word_1_637' title='bbox 879 5602 1108 5671; x_wconf 52' lang='lat' dir='ltr'><strong>Mupm.</strong></span> <span class='ocrx_word' id='word_1_638' title='bbox 1130 5608 1217 5669; x_wconf 82' lang='grc' dir='ltr'>Ὠς</span> <span class='ocrx_word' id='word_1_639' title='bbox 1255 5602 1346 5658; x_wconf 71' lang='grc' dir='ltr'><strong>οὖν</strong></span> <span class='ocrx_word' id='word_1_640' title='bbox 1379 5606 1465 5659; x_wconf 81' lang='grc' dir='ltr'>διὰ</span> <span class='ocrx_word' id='word_1_641' title='bbox 1485 5606 1582 5676; x_wconf 83' lang='grc' dir='ltr'><strong>τὴν</strong></span> <span class='ocrx_word' id='word_1_642' title='bbox 1620 5606 1772 5659; x_wconf 76' lang='grc' dir='ltr'><strong>Ῥοὺο</strong></span> <span class='ocrx_word' id='word_1_643' title='bbox 1805 5606 1907 5676; x_wconf 82' lang='grc' dir='ltr'>τὴν</span> <span class='ocrx_word' id='word_1_644' title='bbox 1931 5605 2265 5669; x_wconf 71' lang='grc' dir='ltr'>Μωαϐίτιόα,</span> 
     </span>
    </p>
   </div>
   <div class='ocr_carea' id='block_1_100' title="bbox 690 5675 2272 5748">
    <p class='ocr_par' dir='ltr' id='par_1_100' title="bbox 690 5675 2272 5748">
     <span class='ocr_line' id='line_1_100' title="bbox 690 5675 2272 5748; baseline -0.004 -15"><span class='ocrx_word' id='word_1_645' title='bbox 690 5682 781 5733; x_wconf 72' lang='grc' dir='ltr'><strong>καὶ</strong></span> <span class='ocrx_word' id='word_1_646' title='bbox 813 5681 929 5748; x_wconf 53' lang='grc' dir='ltr'>τὴν-</span> <span class='ocrx_word' id='word_1_647' title='bbox 944 5678 1159 5748; x_wconf 75' lang='grc' dir='ltr'>Μαρίαν</span> <span class='ocrx_word' id='word_1_648' title='bbox 1202 5676 1300 5748; x_wconf 79' lang='grc' dir='ltr'><strong>τὴν</strong></span> <span class='ocrx_word' id='word_1_649' title='bbox 1330 5675 1594 5748; x_wconf 75' lang='grc' dir='ltr'>παρθένον</span> <span class='ocrx_word' id='word_1_650' title='bbox 1629 5677 1800 5748; x_wconf 72' lang='grc' dir='ltr'><strong>Μωά6</strong></span> <span class='ocrx_word' id='word_1_651' title='bbox 1828 5675 2000 5748; x_wconf 77' lang='grc' dir='ltr'>καλεῖ.</span> <span class='ocrx_word' id='word_1_652' title='bbox 2046 5677 2106 5728; x_wconf 79' lang='lat' dir='ltr'><strong>&#39;ll</strong></span> <span class='ocrx_word' id='word_1_653' title='bbox 2138 5694 2272 5748; x_wconf 77' lang='grc' dir='ltr'>παρ-</span> 
     </span>
    </p>
   </div>
   <div class='ocr_carea' id='block_1_101' title="bbox 692 5745 2272 5820">
    <p class='ocr_par' dir='ltr' id='par_1_101' title="bbox 692 5745 2272 5820">
     <span class='ocr_line' id='line_1_101' title="bbox 692 5745 2272 5820; baseline -0.001 -19"><span class='ocrx_word' id='word_1_654' title='bbox 692 5750 840 5813; x_wconf 79' lang='grc' dir='ltr'>θένος</span> <span class='ocrx_word' id='word_1_655' title='bbox 868 5745 966 5801; x_wconf 70' lang='grc' dir='ltr'><strong>ὀὖν</strong></span> <span class='ocrx_word' id='word_1_656' title='bbox 993 5745 1175 5818; x_wconf 73' lang='grc' dir='ltr'>λέϐης,</span> <span class='ocrx_word' id='word_1_657' title='bbox 1199 5745 1328 5814; x_wconf 83' lang='lat' dir='ltr'><strong>etc.,</strong></span> <span class='ocrx_word' id='word_1_658' title='bbox 1363 5745 1723 5820; x_wconf 67' lang='grc' dir='ltr'>σύλληφθῆναι</span> <span class='ocrx_word' id='word_1_659' title='bbox 1748 5747 1835 5800; x_wconf 85' lang='grc' dir='ltr'><strong>τὸν</strong></span> <span class='ocrx_word' id='word_1_660' title='bbox 1883 5746 2084 5818; x_wconf 77' lang='grc' dir='ltr'>Κύριον</span> <span class='ocrx_word' id='word_1_661' title='bbox 2133 5745 2272 5820; x_wconf 74' lang='grc' dir='ltr'>ὑπὲρ</span> 
     </span>
    </p>
   </div>
   <div class='ocr_carea' id='block_1_102' title="bbox 693 5821 1009 5898">
    <p class='ocr_par' dir='ltr' id='par_1_102' title="bbox 693 5821 1009 5898">
     <span class='ocr_line' id='line_1_102' title="bbox 693 5821 1009 5898; baseline -0.006 -24"><span class='ocrx_word' id='word_1_662' title='bbox 693 5821 875 5898; x_wconf 82' lang='grc' dir='ltr'>φύσιν,</span> <span class='ocrx_word' id='word_1_663' title='bbox 907 5828 1009 5874; x_wconf 85' lang='lat' dir='ltr'><strong>etc.</strong></span> 
     </span>
    </p>
   </div>
   <div class='ocr_carea' id='block_1_103' title="bbox 2435 5388 3940 5502">
    <p class='ocr_par' dir='ltr' id='par_1_103' title="bbox 2435 5388 3940 5502">
     <span class='ocr_line' id='line_1_103' title="bbox 2435 5388 3940 5502; baseline -0.003 -54"><span class='ocrx_word' id='word_1_664' title='bbox 2531 5395 2695 5502; x_wconf 44' lang='grc' dir='ltr'><strong>ξιιὲὶρα</strong></span> <span class='ocrx_word' id='word_1_665' title='bbox 2711 5396 2807 5465; x_wconf 83' lang='grc' dir='ltr'><strong>μὲν</strong></span> <span class='ocrx_word' id='word_1_666' title='bbox 2819 5389 2907 5466; x_wconf 80' lang='grc' dir='ltr'>ἦν,</span> <span class='ocrx_word' id='word_1_667' title='bbox 2930 5404 3058 5456; x_wconf 82' lang='lat' dir='ltr'><strong>etc.,</strong></span> <span class='ocrx_word' id='word_1_668' title='bbox 3077 5390 3354 5465; x_wconf 85' lang='grc' dir='ltr'>τριχῶδες,</span> <span class='ocrx_word' id='word_1_669' title='bbox 3373 5398 3502 5453; x_wconf 89' lang='lat' dir='ltr'><strong>etc.,</strong></span> <span class='ocrx_word' id='word_1_670' title='bbox 3520 5390 3612 5442; x_wconf 76' lang='grc' dir='ltr'>ἐπὶ</span> <span class='ocrx_word' id='word_1_671' title='bbox 3629 5388 3824 5455; x_wconf 79' lang='grc' dir='ltr'>ταῦτα,</span> <span class='ocrx_word' id='word_1_672' title='bbox 3839 5400 3940 5444; x_wconf 83' lang='lat' dir='ltr'><strong>ctc.</strong></span> 
     </span>
    </p>
   </div>
   <div class='ocr_carea' id='block_1_104' title="bbox 2436 5470 3271 5605">
    <p class='ocr_par' dir='ltr' id='par_1_104' title="bbox 2436 5470 3271 5605">
     <span class='ocr_line' id='line_1_104' title="bbox 2436 5470 2672 5536; baseline -0.004 -17"><span class='ocrx_word' id='word_1_673' title='bbox 2436 5470 2511 5536; x_wconf 58' lang='grc' dir='ltr'><strong>(ὅ)</strong></span> <span class='ocrx_word' id='word_1_674' title='bbox 2546 5470 2672 5520; x_wconf 86' lang='grc' dir='ltr'>Καί.</span> 
     </span>
     <span class='ocr_line' id='line_1_105' title="bbox 2437 5535 3271 5605; baseline -0.006 -14"><span class='ocrx_word' id='word_1_675' title='bbox 2437 5541 2512 5605; x_wconf 79' lang='grc'><strong>(6)</strong></span> <span class='ocrx_word' id='word_1_676' title='bbox 2544 5536 2820 5589; x_wconf 82' lang='grc' dir='ltr'>Πολιτείαν</span> <span class='ocrx_word' id='word_1_677' title='bbox 2841 5536 2923 5597; x_wconf 85' lang='grc' dir='ltr'><strong>τίς</strong></span> <span class='ocrx_word' id='word_1_678' title='bbox 2953 5535 3158 5605; x_wconf 74' lang='grc' dir='ltr'>ἀπάξει</span> <span class='ocrx_word' id='word_1_679' title='bbox 3175 5550 3271 5605; x_wconf 78' lang='grc' dir='ltr'>με.</span> 
     </span>
    </p>
   </div>
   <div class='ocr_carea' id='block_1_105' title="bbox 2438 5598 3942 5677">
    <p class='ocr_par' dir='ltr' id='par_1_105' title="bbox 2438 5598 3942 5677">
     <span class='ocr_line' id='line_1_106' title="bbox 2438 5598 3942 5677; baseline -0.005 -17"><span class='ocrx_word' id='word_1_680' title='bbox 2438 5598 2513 5677; x_wconf 63' lang='lat'><strong>(7)</strong></span> <span class='ocrx_word' id='word_1_681' title='bbox 2549 5606 2610 5659; x_wconf 87' lang='lat' dir='ltr'><strong>N.</strong></span> <span class='ocrx_word' id='word_1_682' title='bbox 2649 5608 2739 5677; x_wconf 69' lang='lat' dir='ltr'><strong>2i.</strong></span> <span class='ocrx_word' id='word_1_683' title='bbox 2773 5608 2835 5659; x_wconf 88' lang='grc' dir='ltr'><strong>Εἰ</strong></span> <span class='ocrx_word' id='word_1_684' title='bbox 2873 5608 2969 5675; x_wconf 83' lang='grc' dir='ltr'>μή,</span> <span class='ocrx_word' id='word_1_685' title='bbox 3001 5598 3105 5677; x_wconf 64' lang='lat' dir='ltr'><strong>etc.</strong></span> <span class='ocrx_word' id='word_1_686' title='bbox 3144 5598 3208 5657; x_wconf 80' lang='grc' dir='ltr'><strong>Ν.</strong></span> <span class='ocrx_word' id='word_1_687' title='bbox 3235 5603 3325 5677; x_wconf 74' lang='lat'><strong>22.</strong></span> <span class='ocrx_word' id='word_1_688' title='bbox 3347 5600 3884 5677; x_wconf 42' lang='lat' dir='ltr'><strong>Kac-3265515639</strong></span> <span class='ocrx_word' id='word_1_689' title='bbox 3913 5598 3942 5652; x_wconf 83' lang='lat'><strong>6</strong></span> 
     </span>
    </p>
   </div>
   <div class='ocr_carea' id='block_1_106' title="bbox 2372 5672 3938 5746">
    <p class='ocr_par' dir='ltr' id='par_1_106' title="bbox 2372 5672 3938 5746">
     <span class='ocr_line' id='line_1_107' title="bbox 2372 5672 3938 5746; baseline -0.007 -13"><span class='ocrx_word' id='word_1_690' title='bbox 2372 5672 2523 5742; x_wconf 75' lang='grc' dir='ltr'>Θεὸς,</span> <span class='ocrx_word' id='word_1_691' title='bbox 2557 5680 2631 5741; x_wconf 77' lang='grc' dir='ltr'>ὡς</span> <span class='ocrx_word' id='word_1_692' title='bbox 2667 5673 2746 5740; x_wconf 76' lang='grc' dir='ltr'>εἷς</span> <span class='ocrx_word' id='word_1_693' title='bbox 2775 5672 2882 5729; x_wconf 80' lang='grc' dir='ltr'>τῶν</span> <span class='ocrx_word' id='word_1_694' title='bbox 2909 5672 3200 5745; x_wconf 75' lang='grc' dir='ltr'>βασιλέων,</span> <span class='ocrx_word' id='word_1_695' title='bbox 3238 5672 3270 5743; x_wconf 84' lang='grc' dir='ltr'>ἢ</span> <span class='ocrx_word' id='word_1_696' title='bbox 3305 5672 3412 5725; x_wconf 84' lang='grc' dir='ltr'>τῶν</span> <span class='ocrx_word' id='word_1_697' title='bbox 3445 5674 3726 5746; x_wconf 83' lang='grc' dir='ltr'>ἀρχόντων</span> <span class='ocrx_word' id='word_1_698' title='bbox 3767 5673 3938 5744; x_wconf 77' lang='grc' dir='ltr'>ἡμῶν.</span> 
     </span>
    </p>
   </div>
   <div class='ocr_carea' id='block_1_107' title="bbox 2449 5746 3423 5824">
    <p class='ocr_par' dir='ltr' id='par_1_107' title="bbox 2449 5746 3423 5824">
     <span class='ocr_line' id='line_1_108' title="bbox 2449 5746 3423 5824; baseline -0.006 -19"><span class='ocrx_word' id='word_1_699' title='bbox 2449 5751 2524 5821; x_wconf 77' lang='lat'><strong>(8)</strong></span> <span class='ocrx_word' id='word_1_700' title='bbox 2565 5752 2627 5802; x_wconf 89' lang='lat' dir='ltr'><strong>&#39;ll</strong></span> <span class='ocrx_word' id='word_1_701' title='bbox 2655 5749 2740 5803; x_wconf 82' lang='grc' dir='ltr'><strong>διὰ</strong></span> <span class='ocrx_word' id='word_1_702' title='bbox 2773 5748 2869 5820; x_wconf 78' lang='grc' dir='ltr'>τῆς</span> <span class='ocrx_word' id='word_1_703' title='bbox 2901 5746 3268 5824; x_wconf 72' lang='grc' dir='ltr'>κινναϐάρεως</span> <span class='ocrx_word' id='word_1_704' title='bbox 3300 5760 3423 5816; x_wconf 81' lang='grc' dir='ltr'>περ.</span> 
     </span>
    </p>
   </div>
  </div>
