4174 6518
247 439 359 500 889
1110 446 1222 517 ,ΒΕ
1262 446 1540 505 TITULIS
1577 451 2021 509 PSALMORUM.
2062 486 2130 496 ——
2164 455 2360 511 PSAL.
2399 457 2510 515 LX.
3384 458 3490 515 890

321 558 379 615 2.
415 560 656 635 Πρόσχες
680 565 747 635 τῇ
784 568 1056 637 προσευχῇ
1088 584 1211 638 μου.
1845 577 1893 635 Α

1102 584 1211 620 sou.
1845 577 1893 635 Α
1988 575 2041 628 2.
2074 576 2294 631 Intende
2322 576 2556 631 orationi
2584 591 2750 633 meae:

317 652 372 709 ὅ.
421 653 555 707 Ἀπὸ
584 653 692 709 τῶν
725 656 980 728 περάτων
1000 658 1100 729 τῆς
1128 659 1232 730 γῆς
1262 658 1398 731 πρὸς
1437 660 1499 715 σὲ
1524 662 1814 736 ἐκέκραξα,

1995 668 2047 721 5.
2082 669 2126 721 Α
2154 668 2353 725 tlnibus
2382 678 2541 725 terra:
2566 668 2633 724 ad
2664 678 2715 726 te
2743 668 2994 735 clamavi,
3022 667 3150 724 dum
3175 669 3489 724 ansiaretur

245 740 312 797 ἐν
348 743 427 814 τῷ
448 745 523 815 (α)
558 745 847 817 ἀκηδιάσαι
872 747 970 818 τὴν
998 748 1225 820 καρδίαν
1260 764 1391 819 μου·
1924 776 2019 815 cor
2053 776 2230 815 meum
2258 780 2273 817 :

323 835 379 889 4.
419 836 508 898 Ἐν
538 838 715 911 πέτρᾳ
745 837 967 909 ῦψωσάς
999 858 1088 911 με.

1086 884 1088 893 ι
1991 855 2044 909 4.
2075 853 2134 908 In
2164 865 2310 925 petra
2345 857 2595 913 exaltasti
2630 873 2734 913 me.

323 927 377 1020 5.
423 928 723 1002 Ὠδήγησάς
754 948 843 1001 με,
866 932 946 985 ὅτι
980 933 1244 1006 ὲγενήθης
1270 936 1425 1001 ἐλπίς
1461 953 1592 1007 μου,

1998 948 2049 1003 5.
2077 945 2357 1004 Deduxisti
2390 963 2496 1016 me,
2535 950 2660 1020 quia
2694 948 2870 1006 factus
2894 964 2954 1006 es
2978 964 3103 1019 spes
3135 963 3275 1012 mea,

324 1019 377 1075 6.
410 1022 625 1094 Πύργος
657 1023 839 1095 ἰσχύος
874 1024 983 1077 ἀπὸ
1009 1025 1298 1098 προσώπου
1330 1029 1543 1101 ἐχθροῦ.

1481 1029 1543 1083 νῦ.
1997 1038 2050 1092 6.
2086 1036 2276 1095 Turris
2302 1019 2636 1096 fortitudinis
2666 1057 2696 1095 a
2728 1040 2870 1096 facie
2900 1039 3129 1094 inimici.

815 1118 1131 1189 Διάψαλμα
1155 1122 1252 1192 (ὁ).

1215 1122 1252 1189 ).
2524 1129 2863 1199 Diapsalma.

324 1205 378 1259 7.
401 1206 724 1279 Παροικήσω
738 1207 795 1261 ὲν
810 1209 888 1279 τῷ
910 1210 1224 1283 σκηνώματί
1243 1229 1335 1267 σου
1356 1215 1435 1277 είς
1448 1216 1574 1277 τοὺς
1594 1211 1817 1276 αἰῶνας.

1688 1230 1817 1276 was.
2000 1219 2051 1274 7.
2083 1220 2401 1276 Inbabitabo
2427 1220 2480 1275 in
2506 1221 2861 1277 tabernaculo
2898 1230 2993 1276 tuo
3021 1220 3076 1275 in
3105 1221 3336 1276 saecula-

322 1298 378 1353 8.
413 1300 869 1371 Σκεπασθήσομαι
896 1303 954 1355 ἐν
979 1306 1044 1375 τῇ
1071 1305 1245 1377 σκέπῃ
1266 1305 1374 1360 τῶν
1400 1307 1683 1378 πτερύγων
1704 1323 1817 1359 σου.

1601 1323 1683 1361 ’ων
1704 1323 1817 1359 σου.
1993 1313 2047 1368 8.
2078 1310 2336 1383 Protegar
2364 1313 2419 1367 in
2444 1313 2747 1369 velamento
2782 1314 2987 1369 alarum
3011 1323 3249 1369 tuarum.

322 1392 378 1447 9.
414 1392 537 1445 Ὅτι
571 1392 658 1455 σὺ,
686 1393 716 1446 ὁ
752 1392 908 1460 Θεὸς,
940 1397 1261 1465 εἰσήκουσας
1292 1396 1398 1449 τῶν
1429 1396 1603 1468 εὐχῶν
1633 1415 1731 1468 μου
1753 1413 1767 1427 ⁸

2000 1405 2052 1459 9.
2075 1404 2344 1471 Quoniam
2375 1413 2454 1471 tu,
2478 1404 2642 1472 Deus,
2660 1407 2928 1462 exaudisti
2952 1407 3253 1461 orationem
3278 1421 3486 1460 meam:

324 1483 412 1538 10.
447 1483 692 1548 Ἐδωκας
720 1484 1081 1558 κληρονομίαν
1107 1490 1218 1551 τοῖς
1250 1488 1599 1560 φοϐουμένοις
1628 1490 1687 1543 τὸ
1707 1489 1821 1543 ὅνο-

1995 1498 2081 1553 10.
2112 1496 2316 1553 Dedisti
2346 1496 2713 1553 baereditatem
2738 1499 3056 1554 timentibus
3083 1512 3279 1554 nomen
3316 1508 3488 1552 tuum.

250 1575 336 1647 μά
371 1592 487 1632 σου.

324 1668 412 1722 11.
442 1668 686 1741 Ἡμέρας
718 1670 803 1741 ἐφ’
833 1670 1044 1743 ἡμέρας
1070 1672 1163 1726 τοῦ
1191 1671 1452 1743 βασιλέως
1476 1671 1822 1743 προσθήσεις,

1369 1674 1452 1737 ἕως
1476 1671 1822 1743 προσθήσειςν
2002 1679 2085 1735 ll.
2124 1679 2245 1735 Dies
2268 1695 2429 1750 super
2455 1679 2574 1735 dies
2595 1680 2741 1752 regis
2771 1680 3017 1751 adjicies,

325 1760 414 1816 12.
455 1760 537 1815 Τά
574 1762 673 1834 ἔτη
705 1764 869 1818 αὐτοῦ
900 1765 1004 1829 ἔως
1032 1765 1247 1838 ἡμέρας
1273 1768 1467 1835 γενεᾶς
1486 1766 1582 1820 καὶ
1608 1767 1819 1835 γενεᾶς.

1998 1771 2085 1827 12.
2120 1772 2303 1827 Annos
2345 1772 2465 1843 ejus
2512 1788 2688 1844 usque
2734 1772 2790 1827 in
2832 1772 2975 1827 diem
3025 1770 3391 1843 generationis
3441 1779 3494 1826 et

1930 1864 2316 1936 generationis.

323 1938 411 1993 15.
441 1940 697 2010 Διαμενεῖ
726 1943 806 2004 είς
835 1941 927 1995 τὸν
962 1941 1131 1997 αἰῶνα
1158 1942 1384 1996 ἐνώπιον
1409 1941 1501 1995 τοῦ
1526 1942 1682 1996 Θεοῦ.
1858 1940 1901 2000 Β

1858 1940 1901 2000 Β
2004 1958 2088 2012 15.
2127 1956 2477 2012 Permanebit
2508 1958 2561 2011 in
2596 1966 2863 2012 aeternum
2897 1957 2953 2012 in
2984 1967 3284 2030 conspectu
3315 1957 3430 2012 Dei.

323 2028 414 2082 14.
445 2030 632 2096 Ἔλεος
666 2032 761 2085 κα).
787 2032 1047 2103 ἀλήθειαν
1073 2032 1236 2086 αὐτοῦ
1270 2033 1358 2097 τίς
1390 2031 1716 2106 ὲκζητήσει;

2004 2051 2090 2105 11.
2109 2049 2533 2107 Misericordiam
2560 2050 2910 2106 etveritatem
2937 2049 3057 2121 ejus
3080 2028 3206 2122 quis
3222 2046 3496 2121 requiret?

325 2121 414 2178 15.
443 2121 600 2178 υῦτω
623 2122 780 2195 ψαλῶ
815 2124 893 2196 τῷ
928 2124 1151 2197 ὀνόματί
1207 2141 1300 2178 σου
1342 2126 1423 2189 είς
1453 2126 1580 2189 τοὺς
1626 2124 1826 2189 αίῶνας

2003 2142 2090 2197 15.
2128 2142 2219 2196 Sic
2260 2142 2532 2213 psalmum
2581 2143 2759 2199 dicam
2808 2142 3019 2200 nomini
3063 2121 3160 2199 tuo
3202 2142 3259 2199 in
3299 2144 3495 2201 sacula

249 2212 373 2286 [τὸν
396 2214 610 2288 αἰῶνα).

784 2306 787 2307 ,
1938 2234 2242 2307 [saeculum]
2265 2212 2277 2291 ε

328 2308 419 2363 16.
463 2306 569 2363 Τοῦ
601 2306 895 2364 ἀποδοῦναί
932 2325 1001 2380 με
1046 2306 1147 2373 τὰς
1176 2310 1340 2381 εὐχάς
1385 2326 1485 2381 μου
1516 2308 1731 2382 ἡμέραν
1768 2308 1829 2374 ἐξ

249 2400 488 2470 ἡμέρας.

1586 2308 1731 2382 ιέραν
1768 2308 1829 2374 ἒξ
1940 2306 1956 2307 7
2003 2330 2092 2385 16.
2120 2329 2191 2386 Ut
2223 2331 2446 2389 reddam
2470 2339 2597 2389 vota
2628 2346 2749 2388 mea
2778 2329 2846 2387 de
2871 2329 2960 2387 die
2984 2332 3039 2387 in
3069 2329 3234 2387 diem.

294 2418 488 2472 μερας.

324 2513 402 2586 (ο)
436 2512 588 2586 Yers.
602 2514 690 2586 λι.»
714 2514 804 2567 Ἐν
836 2512 940 2583 τῷ,
967 2522 1097 2586 etc.,
1125 2512 1347 2585 ῦψωσάς
1380 2531 1468 2586 με.

327 2582 404 2654 (ὸ)
435 2584 568 2639 Cod.
598 2581 776 2640 Palat.
820 2581 1072 2642 utrinfra.

1372 2718 1747 2776 ATHANASII
1787 2718 2378 2779 INTERPRETATIO.

256 2862 422 2935 μέχρι
452 2861 635 2926 τέλους
662 2864 744 2926 είς
771 2861 941 2933 ὕμνον
963 2864 1174 2935 εἴρηται
1206 2860 1286 2928 τῷ
1310 2860 1493 2928 ἱκανῷ
1520 2860 1593 2932 τῇ
1614 2861 1787 2933 χειρὶ,
1813 2863 2062 2919 τουτέστι
2096 2864 2174 2938 τῷ
2199 2863 2316 2936 Υἱῷ
2342 2862 2435 2919 τοῦ
2456 2861 2615 2918 Θεοῦ.
2645 2861 2822 2917 Δασὶδ
2848 2858 2956 2937 γὰρ
2993 2855 3348 2930 ἑρμηνεύεται
3376 2858 3504 2911 ικα-

251 2959 367 3025 νὸς
397 2957 564 3027 χειρὶ,
606 2957 682 3022 ὡς
714 2958 911 3031 εἴρηκα
937 2961 1013 3030 (1)
1042 2957 1317 3022 πολλάκις.

257 3064 390 3102 num
416 3048 594 3104 dictus
608 3058 691 3103 est
713 3046 966 3105 Psalmus
989 3068 1147 3107 manu
1174 3054 1322 3120 forti,
1345 3053 1449 3109 hoc
1477 3053 1713 3110 estFilio
1746 3052 1860 3108 Dei.
1882 3051 2051 3108 David
2070 3054 2215 3108 enim
2235 3055 2628 3123 interpretatur
2660 3067 2819 3104 manu
2872 3050 3046 3119 fortis,
3075 3056 3134 3102 ut
3154 3047 3349 3118 saepius
3365 3047 3498 3103 dixi.

331 3144 386 3197 2.
422 3143 513 3215 Μὴ
549 3144 907 3217 ἀποστραφῇς
937 3148 1034 3217 τὴν
1067 3150 1371 3220 προσευχήν
1404 3167 1522 3220 μου.
1855 3153 1899 3212 C

1404 3167 1522 3220 μου.
1855 3153 1899 3212 C
2002 3148 2058 3202 2.
2089 3146 2168 3204 Ne
2199 3148 2468 3203 averseris
2497 3146 2801 3203 orationem
2836 3160 3031 3201 meam.

330 3235 386 3288 5.
416 3234 588 3288 Ὅλων
611 3236 718 3287 τῶν
748 3236 954 3307 γηίνων
983 3237 1090 3290 τῶν
1122 3240 1180 3292 ὲν
1204 3238 1279 3309 τῷ
1310 3239 1501 3311 κόσμῳ
1529 3238 1830 3311 καθαρίσας

2001 3242 2055 3297 5.
2086 3242 2221 3298 Cum
2245 3242 2313 3297 ab
2337 3241 2590 3296 omnibus
2616 3240 2779 3296 rebus
2802 3238 3054 3302 terrenis,
3078 3253 3199 3308 qua:
3223 3236 3502 3291 inmundo

257 3326 360 3396 τὴν
392 3325 629 3381 διάνοιάν
662 3345 764 3398 μου
784 3368 799 3392 ,
828 3328 1002 3394 οὕτως
1035 3330 1260 3403 ἐδεήθην
1291 3349 1406 3387 σου.

1935 3342 2083 3397 sunt,
2115 3335 2438 3390 mundasscs
2481 3341 2720 3387 mentem
2749 3345 2945 3395 meam,
2986 3329 3060 3382 ita
3107 3335 3158 3382 te
3183 3328 3502 3397 deprecatus

337 3500 391 3555 4.
435 3501 522 3557 Ἐν
546 3501 625 3572 τῷ
656 3502 914 3569 νυστάξαι
946 3506 1026 3566 εἰς
1056 3504 1157 3576 τὴν
1182 3505 1456 3575 ἁμαρτίαν
1486 3506 1587 3575 τὴν
1608 3504 1834 3577 καρδίαν
1935 3442 1985 3483 ει

1935 3441 2079 3483 sum.

2004 3516 2059 3571 Δ.
2086 3515 2223 3570 Cum
2255 3513 2577 3569 dormitaret
2615 3512 2669 3566 in
2692 3517 2913 3581 peccato
2943 3524 3039 3566 cor
3060 3524 3241 3564 meum
3277 3508 3333 3564 in
3367 3522 3505 3579 prae-

270 3608 399 3665 μου,
429 3592 486 3645 ἐν
508 3595 629 3655 ταῖς
653 3592 893 3655 ἐντολαῖς
924 3609 1017 3645 σου
1051 3592 1415 3664 ἐθεμελίωσάς
1452 3611 1538 3665 με.

999 3612 1017 3645 δ
1051 3592 1415 3664 ἐθεμελίωσάς
1452 3611 1538 3665 με.
1936 3606 2106 3675 ceptis
2134 3605 2243 3659 tuis
2270 3604 2509 3658 fundasti
2542 3620 2647 3657 me.

337 3684 391 3739 5.
434 3684 522 3737 ’Ev
546 3682 623 3754 τῷ
657 3685 795 3753 φωτὶ
826 3684 924 3756 τῆς
950 3684 1168 3757 χάριτός
1198 3701 1290 3737 σου
1323 3684 1609 3755 eamme;
1640 3701 1727 3754 με.

1442 3684 1609 3755 mod:
1640 3701 1727 3754 με·
2005 3696 2060 3751 5.
2084 3695 2143 3750 ln
2171 3694 2293 3749 luce
2323 3694 2512 3764 gratiae
2545 3704 2650 3749 tua:
2684 3694 2956 3749 deduxisti
2984 3710 3090 3748 me.

342 3776 395 3831 6.
430 3776 616 3847 Τεῖχος
659 3778 875 3851 ἰσχυρόν
910 3795 998 3850 μοι
1033 3778 1109 3849 (2)
1145 3778 1410 3849 ὑπάρχεις
1444 3778 1694 3847 φεύγοντι
1730 3777 1836 3831 ἀπὸ

295 3870 364 3921 ’ἦε
399 3868 694 3921 ἁμαρτίας.

1817 3778 1836 3831 5
2006 3786 2061 3841 6.
2087 3783 2275 3841 Murus
2304 3784 2639 3841 fortissimus
2667 3784 2803 3840 mihi
2828 3800 2889 3841 es
2911 3782 3138 3856 fugienti
3165 3799 3196 3838 a
3224 3792 3465 3854 peccato.

258 3871 364 3934 τῆς
399 3871 694 3934 ἁμαρτίας.

320 3889 364 3934 ις
399 3886 435 3924 α
480 3887 513 3922 α
554 3886 646 3924 τια
682 3912 694 3925 .

320 3912 394 4014 ⁵’1.
432 3886 675 4023 ’ἒνρτοῖὲ
693 3960 1025 4033 δικαιώμασί
1046 3979 1141 4015 σου
1166 3961 1410 4034 διαμένω
1433 3960 1509 4031 (5)
1550 3958 1838 4031 [διαμενῶ]

1773 3958 1838 4029 ὦ]
2012 3966 2064 4020 7.
2096 3966 2152 4020 ln
2175 3964 2662 4036 justiﬁcalionibus
2684 3963 2796 4020 tuis
2820 3962 3155 4034 permanebo
3184 3975 3421 4031 semper.

261 4052 574 4115 διαπαντός.

337 4143 390 4199 8.
417 4142 835 4215 Φυλαχθήσομαι
866 4140 971 4193 ὑπὸ
1016 4138 1125 4193 τῶν
1156 4140 1250 4194 δύο
1281 4138 1567 4210 Διαοηκῶν
1601 4156 1696 4193 σου
1740 4139 1837 4210 (4).

1671 4157 1696 4193 υ
1740 4139 1837 4210 (4).
2011 4142 2065 4197 8.
2099 4140 2389 4196 Custodiar
2421 4140 2523 4195 sub
2551 4140 2765 4196 duobus
2793 4136 3158 4196 Testamentis
3190 4134 3319 4191 tuis.

340 4236 394 4292 9.
421 4233 720 4307 Πληρώσας
751 4251 817 4306 με
845 4232 937 4287 τοῦ
968 4233 1246 4305 φωτισμοῦ
1280 4251 1394 4291 σου.

1370 4262 1394 4291 ›.
2013 4234 2067 4289 9.
2100 4232 2333 4302 Replens
2359 4248 2445 4288 me
2480 4231 2878 4287 illuminatione
2905 4237 3018 4284 tua.

338 4328 427 4386 10.
447 4329 557 4398 Τὴν
583 4326 858 4398 βασιλείαν
882 4325 989 4379 τῶν
1008 4326 1251 4398 οὐρανῶν
1271 4326 1477 4394 ἔδωκας
1490 4330 1603 4391 τοῖς
1631 4323 1841 4384 ποιοῦσι

2016 4326 2101 4381 10.
2137 4324 2383 4398 Regnum
2428 4325 2691 4381 caelorum
2724 4322 2921 4381 dedisti
2953 4318 3284 4377 facientibus
3320 4317 3512 4373 volun-

264 4422 329 4477 τὸ
363 4420 576 4491 Θέλημά
608 4436 723 4473 σου.

657 4436 723 4473 ιυ.
1944 4427 2108 4475 talem
2139 4428 2305 4473 luam.

342 4513 431 4567 11.
461 4514 571 4566 Καὶ
616 4512 695 4583 τῷ
740 4510 1021 4576 ἀξιωθέντι
1050 4509 1226 4583 πιστῷ
1258 4528 1352 4567 σου
1384 4511 1498 4583 λαῷ
1545 4513 1602 4565 ὲν
1631 4510 1710 4581 τῷ
1747 4508 1841 4563 νῦν
1872 4497 1917 4553 Ῑ)

1872 4497 1917 4553 Ι)
2018 4511 2105 4565 11.
2142 4509 2209 4564 Et
2238 4507 2432 4580 populo
2456 4516 2547 4561 tuo
2568 4504 2734 4567 ﬁdeli,
2760 4503 2855 4575 qui
2886 4502 2941 4559 in
2971 4502 3076 4558 hoc
3097 4501 3296 4557 saeculo
3315 4500 3514 4571 dignus

271 4606 433 4663 αἰῶνι
456 4604 551 4659 τοῦ
580 4604 755 4675 φωτὸς
793 4604 890 4675 τῆς
927 4604 1148 4677 χαριτός
1184 4622 1277 4658 σου
1326 4604 1653 4676 προσθήσεις
1697 4601 1847 4673 αὐτῷ

1950 4604 2126 4661 factus
2149 4612 2233 4659 est
2263 4603 2384 4657 luce
2412 4599 2599 4670 gratiae
2632 4607 2761 4664 tum,
2793 4594 3017 4666 adjicies
3047 4594 3148 4665 ipsi
3178 4592 3343 4648 etiam
3380 4591 3516 4647 frui-

268 4696 483 4754 καὶτοῦ
505 4696 674 4751 ἀϊδίου
699 4696 876 4766 φωτὸς
903 4694 1207 4750 ἀπολαῦσαι
1228 4695 1286 4749 ἐν
1305 4694 1383 4766 τῷ
1409 4694 1649 4765 μέλλοντι
1669 4692 1845 4748 αίῶνι.

1513 4694 1649 4747 λοντι
1669 4692 1845 4748 αίῶνι.
1950 4696 2155 4751 tionem
2183 4703 2397 4749 aeternae
2428 4691 2566 4746 lucis
2597 4690 2652 4744 in
2684 4697 2916 4744 venturo
2939 4686 3161 4743 saeculo.

346 4791 435 4847 l2.
469 4790 579 4844 Kal
607 4791 642 4862 ἡ
671 4788 783 4860 ζωὴ
804 4787 967 4842 αὑτοῦ
995 4787 1344 4862 ἀτελεύτητός
1370 4789 1514 4843 ἐστιν
1538 4786 1634 4857 (5).

1336 4806 1344 4849 ;
1370 4789 1514 4843 ἐστιν
1538 4786 1634 4857 (5).
2024 4787 2112 4840 19..
2144 4785 2211 4838 Ει
2244 4785 2351 4837 vita
2382 4783 2500 4851 ejus
2530 4780 2859 4850 sempiterna
2883 4786 2984 4833 est.

348 4885 434 4939 15.
450 4883 558 4936 Καὶ
574 4880 875 4954 ἀχώριστός
904 4882 1021 4943 ἐστι
1037 4879 1130 4934 τοῦ
1146 4881 1281 4953 ὀρᾷν
1298 4880 1393 4950 τὴν
1414 4877 1565 4943 δόξαν
1581 4876 1673 4932 τοῦ
1690 4874 1847 4932 Θεοῦ.

1726 4874 1847 4932 ιεοῦ.
2026 4880 2109 4933 15.
2142 4876 2206 4931 Et
2239 4872 2613 4945 inseparabilis
2640 4878 2725 4928 est
2756 4886 2787 4925 a
2811 4870 3022 4926 visione
3050 4866 3236 4940 gloria:
3259 4865 3374 4920 Dei.

346 4977 435 5031 N.
465 4973 578 5045 Τὴν
610 4971 1019 5043 εύσητλαγχνίαν
1033 4970 1199 5027 αὐτοῦ
1224 4970 1318 5025 καὶ
1343 4970 1442 5043 τὴν
1458 4969 1849 5042 δικαιοκρισίαν

2024 4973 2113 5025 14.
2147 4968 2544 5025 Miserationem
2590 4964 2712 5036 ejus
2755 4970 2814 5021 et
2847 4961 3055 5034 justum
3099 4958 3363 5029 judicium
3395 4954 3520 5025 quis

270 5071 357 5135 τίς
386 5069 463 5138 (6)
492 5065 775 5139 καταλάϐῃ
793 5082 808 5132 ;

764 5082 808 5139 ιῖ
1953 5061 2412 5135 comprehendet?

347 5160 435 5216 15.
460 5156 648 5223 Οῦτως
673 5156 829 5229 ψαλῶ
862 5174 943 5211 σοι
974 5156 1050 5230 (7)
1075 5156 1388 5219 ἀπαύστως,
1418 5153 1492 5219 ὡς
1517 5154 1766 5224 όςρείλων,
1792 5156 1848 5208 ἐν

2025 5158 2112 5212 lii.
2147 5157 2237 5211 Sic
2263 5153 2531 5225 psalmum
2553 5151 2729 5207 dicam
2748 5148 2844 5206 tibi
2866 5148 3219 5210 incessanter,
3246 5150 3305 5196 ut
3328 5140 3518 5203 debeo,

272 5252 673 5325 εύχαριστίαις.

1958 5252 2011 5303 in
2043 5248 2334 5319 gratiarum
2359 5245 2686 5301 actionibus.
3142 5279 3151 5289 .

346 5324 434 5400 16.
480 5345 762 5416 ’Δνυμνεῖν
793 5359 856 5397 σε
884 5342 979 5396 καὶ
1023 5343 1081 5396 ὲν
1105 5341 1182 5414 τῷ
1231 5341 1325 5395 νῦν
1357 5339 1510 5395 αἰῶνι
1550 5340 1644 5394 καὶ
1682 5340 1741 5393 ὲν
1777 5337 1853 5409 τῷ

2030 5342 2116 5398 16.
2147 5340 2216 5397 Ut
2242 5341 2456 5396 laudem
2492 5349 2544 5393 te
2580 5350 2633 5393 et
2663 5337 2719 5392 in
2748 5332 3001 5409 praesenti
3034 5329 3234 5387 smculo
3260 5339 3313 5385 et
3355 5343 3408 5383 m
3439 5324 3523 5382 lu-

280 5442 554 5515 μέλλοντι.
1958 5444 2014 5489 tu
2024 5449 2104 5488 ro.

1229 5549 1544 5615 Addenda
1572 5557 1634 5614 et
1658 5550 2038 5629 corrigenda
2083 5565 2161 5609 ex
2195 5545 2333 5608 cod.
2374 5546 2572 5607 Vatic.

345 5679 424 5748 (1)
461 5678 725 5745 Πολλάκις
760 5680 1079 5753 εἰρήκαμεν.
2017 5676 2097 5818 (5)
2124 5676 2335 5753 Ἔσται.

347 5747 423 5812 (2)
453 5751 589 5803 Μου.
2041 5748 2095 5817 6)
2133 5748 2305 5818 Αὑτοῦ
2332 5765 2335 5773 ⁴

347 5747 423 5812 (2)
453 5751 589 5803 Μου.
813 5747 825 5751 ’
869 5747 880 5752 ⁷
961 5747 974 5753 ⁷
2017 5747 2095 5817 (6)
2133 5747 2305 5817 Αὑτοῦ
2332 5748 2430 5808 τίς.

346 5809 425 5960 (ὅ)
445 5822 737 5891 Διαμείνω.

373 5890 428 5960 4)
464 5893 561 5946 Σου
596 5891 766 5946 deest.

2024 5809 2102 5889 (Τ)
2125 5818 2213 5870 Σοι
2240 5815 2410 5881 deest,
2442 5812 2735 5876 ἀπαύστως
2761 5809 2949 5882 ὄφελον
2979 5810 3060 5875 ἐν,
3095 5814 3203 5864 etc.

373 5890 428 5961 4)
464 5890 561 5946 Σου
596 5891 766 5946 deest.
