4174 6486
692 396 789 454 891
1534 408 1591 464 S.
1635 410 1999 466 ATHANASII
2048 413 2196 471 OI’P.
2241 418 2416 472 PARS
2456 418 2538 475 Ill.
2576 446 2642 459 -—
2680 420 3087 476 EXEGETICA.
3813 423 3924 482 892

898 511 962 568 In
992 516 1167 584 ﬁnem,
1196 535 1288 587 pro
1325 518 1554 574 [dit/mm
1602 525 1835 589 psalmus
1872 525 2055 580 David.
2283 539 2325 588 Α
2352 535 2452 600 Εἰς
2484 538 2546 588 τὸ

2283 539 2325 588 Α
2352 535 2452 600 Εἰς
2484 538 2546 588 τὸ
2579 535 2780 601 τέλος,
2813 535 2966 604 ὑπὲρ
3012 533 3264 603 Ἰδιθοὺμ
3304 536 3544 604 ψαλμὸς
3590 536 3671 603 τῷ
3715 542 3917 596 Δαὸἰό.

1277 613 1473 668 PSJL.
1517 615 1672 671 LXI.

1661 657 1672 671 .
2937 632 3110 685 ΨΑΛ.
3169 629 3309 682 ΞΑ¹.

764 699 815 754 1.
845 697 1032 754 Nonne
1053 701 1160 755 Deo
1191 704 1430 774 subjecta
1458 709 1559 760 erit
1588 709 1766 762 anima
1795 711 1953 762 mea?

2426 722 2472 773 l.
2510 722 2642 790 Οὑχί
2673 720 2749 790 τῷ
2782 720 2899 792 Θεῷ
2933 723 3332 792 ὑποταγήσεται
3365 724 3398 794 ἡ
3427 723 3568 796 ψυχή
3606 741 3747 794 μου;

760 792 814 844 2.
852 793 928 846 Al)
957 793 1072 861 ipso
1107 795 1249 848 enim
1284 798 1528 853 Salutare
1561 816 1760 853 meum.

2419 812 2472 865 Ξ).
2510 811 2646 881 Παρ’
2680 811 2827 882 αὐτῷ
2857 811 2965 883 γὰρ
2995 812 3053 864 τὸ
3088 813 3362 883 Σωτήριόν
3389 792 3511 884 μου.

761 884 814 938 5.
843 882 975 938 Nam
1004 897 1054 939 et
1081 887 1193 956 ipse
1225 887 1366 943 Deus
1397 904 1547 943 meus
1574 901 1624 942 et
1653 889 1918 945 Salutat-is
1951 907 2124 957 meus,

2078 907 2124 957 εν
2421 904 2472 956 '5.
2509 904 2616 956 Καὶ
2645 904 2752 974 γὰρ
2785 882 2944 966 αὐτὸς
2973 904 3103 967 Θεός
3133 922 3230 974 μου
3261 908 3352 958 καὶ
3382 882 3572 978 Σωτήρ
3601 926 3725 978 μου,

761 977 812 1029 4.
846 978 1138 1045 Susreptor
1168 996 1344 1043 meus,
1379 996 1485 1032 non
1518 981 1774 1034 movebar
1804 981 2057 1050 amplius.

2424 996 2476 1049 4.
2518 996 2888 1067 Ἀντιλήπτωρ
2919 1014 3018 1066 μου
3039 1036 3053 1059 ,
3081 998 3139 1048 οὑ
3185 997 3259 1067 μὴ
3306 977 3548 1051 σαλευθῶ
3580 977 3672 1053 ἐπὶ
3708 1001 3913 1055 πλεῖον.

764 1069 817 1122 5.
854 1067 1152 1138 Quousque
1185 1071 1390 1127 iri-uitis
1423 1073 1473 1125 in
1505 1073 1819 1126 hominem?

2420 1088 2470 1140 5.
2496 1089 2635 1152 Ἕως
2661 1090 2789 1142 πότε
2823 1089 3124 1141 ἐπιτίθεσθε
3160 1091 3244 1141 ἐπ’
3276 1090 3593 1159 ἇνΟρωπονς

763 1158 815 1211 6.
850 1161 1154 1215 luterlicitis
1188 1163 1423 1218 universi
1456 1180 1584 1218 vos:

2425 1180 2475 1233 6.
2502 1181 2755 1233 Φονεὺετε
2782 1181 2980 1244 πάντες
3013 1183 3189 1251 ὑμεῖς.

762 1251 816 1305 7.
853 1248 1129 1320 Tanquam
1178 1255 1368 1322 parieti
1422 1256 1678 1309 inclinato
1760 1263 1812 1310 et
1865 1255 2115 1310 maceria:
2161 1255 2252 1309 de-

2427 1273 2476 1324 7.
2524 1273 2609 1336 Ὠς
2641 1275 2799 1344 τοίχῳ
2833 1274 3171 1347 κεκλισμένῳ
3195 1274 3287 1326 καὶ
3320 1273 3557 1345 φραγμῷ
3583 1274 3847 1345 ὠσμένῳς

689 1343 894 1413 puisse?

764 1433 815 1486 8.
856 1430 1240 1486 Verumtamen
1276 1434 1506 1503 pretium
1541 1451 1717 1492 meum
1754 1439 2124 1509 cogitaverunt
2172 1453 2255 1491 re-

2425 1447 2478 1502 8.
2515 1447 2660 1520 Πλὴν
2697 1450 2794 1519 τὴν
2822 1453 2983 1520 τιμήν
3017 1468 3116 1522 μου
3148 1450 3531 1505 ἐϐουλεύσαντο
3572 1452 3917 1506 ἀπώσασθαι.

693 1524 908 1592 pollere.

758 1615 811 1669 9.
839 1614 1068 1670 Cucurri
1099 1617 1149 1670 in
1188 1618 1274 1672 siti
1300 1661 1312 1671 .

2424 1624 2476 1678 9.
2509 1625 2777 1694 Ἔδραμον
2805 1627 2863 1678 ὲν
2889 1625 3035 1697 δίψῃ.

765 1707 850 1760 10.
884 1706 987 1762 Ore
1033 1725 1130 1763 suo
1177 1711 1584 1777 lienetlicebant,
1610 1713 1770 1767 corde
1793 1710 1868 1784 [et
1901 1710 2086 1777 corde,
2120 1711 2251 1782 etc.]

2427 1713 2512 1768 10.
2540 1714 2630 1784 Τῷ
2655 1715 2880 1785 στόματι
2900 1716 3074 1770 αὑτῶν
3100 1717 3374 1788 εὑλόγουν,
3400 1722 3466 1790 τῇ
3504 1720 3703 1792 καρδίᾳ
3741 1719 3922 1773 αὐτῶν

691 1816 789 1855 suo
815 1802 1222 1856 maledicebant.

1044 1803 1222 1856 ebant.
2357 1807 2688 1879 κατηρῶντο.

1316 1894 1642 1964 Diapsalma.
2281 1901 2320 1954 Β
2902 1900 2964 1951 Δι

2281 1901 2320 1954 B
2902 1897 3216 1970 Δυάνὴιιμα
3250 1902 3345 1970 μη.

762 1985 846 2037 11.
882 1984 1264 2041 Verumtamen
1298 1987 1404 2041 Deo
1428 1987 1669 2055 subjecta
1695 1993 1834 2048 esto,
1868 1985 2048 2040 anima
2097 2002 2248 2041 mea:

2097 2002 2248 2041 mea:
2425 1990 2510 2044 11.
2542 1991 2686 2059 Πλὴν
2719 1990 2798 2061 τῷ
2830 1991 2946 2062 Θεῷ
2977 1992 3298 2063 ὑποτάγηθι,
3330 1995 3362 2065 ἡ
3390 1993 3533 2065 ψυχή
3569 2012 3673 2065 μου
3693 2011 3707 2027 ·

762 2077 844 2129 12.
882 2076 1148 2142 Quoniam
1183 2079 1250 2131 ab
1281 2080 1398 2147 ipso
1429 2079 1678 2147 patientia
1715 2093 1853 2133 mea.

2423 2082 2508 2135 12.
2548 2084 2669 2136 ’Ότι
2699 2086 2826 2152 παρ’
2858 2084 3004 2155 αὑτῷ
3034 2087 3065 2156 ἡ
3106 2087 3349 2157 ὑπομονὴ
3385 2104 3506 2157 μου.

760 2166 845 2218 15.
874 2166 1016 2231 Quin
1045 2169 1156 2235 ipse
1189 2167 1329 2222 Deus
1362 2184 1513 2221 meus
1542 2177 1595 2221 et
1625 2168 1871 2223 Salvator
1897 2185 2084 2224 meus:

2011 2185 2084 2224 Is:
2427 2175 2511 2228 l3.
2554 2177 2674 2228 Ὂτι
2700 2177 2860 2239 αὑτὸς
2893 2178 3022 2240 Θεός
3054 2196 3152 2248 μου
3179 2179 3271 2230 καὶ
3303 2180 3492 2250 Σωτήρ
3519 2196 3619 2249 μου
3643 2195 3659 2211 ⁶

759 2259 846 2313 14.
875 2261 1100 2330 Adjutor
1123 2277 1299 2329 meus,
1331 2277 1435 2316 non
1464 2261 1764 2331 emigrabo.

2426 2265 2511 2317 H.
2551 2265 2920 2340 Ἀντιλήπτωρ
2951 2285 3074 2338 μου,
3108 2269 3168 2320 οὑ
3204 2270 3277 2339 μὴ
3306 2268 3725 2339 μεταναστεύσω

761 2392 836 2464 (a)
863 2392 1046 2448 Codex
1074 2392 1246 2447 Palat.

1807 2551 2178 2606 ATHANASII
2214 2548 2799 2606 INTERPRETATIO.

765 2704 829 2758 Ἡ
857 2705 1190 2776 προκειμένη
1223 2705 1500 2778 ἐπιγραφὴ
1545 2706 1787 2777 περιέχει
1833 2704 1944 2777 (1)’
1975 2708 2074 2772 Εἰς
2106 2705 2171 2759 τὸ
2201 2706 2372 2772 τέλος
2397 2747 2411 2769 ,
2449 2704 2600 2773 ὑπὲρ
2645 2704 2891 2773 ἰδιθοὺμ
2950 2703 3192 2774 ψαλμὸς
3257 2701 3338 2769 τῷ
3362 2703 3539 2758 Δαϐίδ
3559 2719 3575 2735 ο
3627 2702 3787 2757 τοῦτο
3834 2700 3926 2758 οὖν

687 2796 835 2864 ὶέγει
853 2813 869 2829 ο
893 2799 985 2848 ἐπὶ
1002 2797 1145 2849 τέλει
1183 2796 1288 2848 τῶν
1319 2797 1528 2852 αἰώνων
1549 2800 1686 2871 ὑπὲρ
1714 2799 1821 2852 τοῦ
1847 2799 1985 2864 ἐνὸς
2007 2798 2209 2867 κριτοῦ
2233 2796 2338 2853 τοῦ
2363 2795 2689 2865 ἐρχομένου
2711 2814 2725 2828 ·
2755 2796 2913 2848 τοῦτο
2944 2796 3050 2866 γὰρ
3084 2796 3443 2867 ἑρμηνεύεται
3475 2796 3712 2867 Ἰδιθοὺμ
3733 2812 3746 2825 ·
3779 2794 3922 2850 εἷται

699 2889 941 2958 Ψαλμὸς
968 2889 1045 2954 τῷ
1071 2889 1265 2953 Δαϐὶδ,
1285 2890 1528 2943 τουτέστι
1552 2889 1785 2959 enim,
1815 2886 1892 2952 τῷ
1916 2886 2102 2950 ἱκανῷ
2127 2885 2200 2953 τῇ
2225 2889 2377 2955 χειρί
2396 2902 2409 2913 ⁸
2437 2885 2594 2937 τοῦτο
2622 2884 2729 2955 γὰρ
2761 2885 3119 2956 ἑρμηνεύεται
3141 2886 3320 2940 Δαϐίδ.
3341 2886 3546 2940 Οὑκοῦν
3571 2884 3755 2956 σαφῶς
3776 2887 3924 2954 λέγει

689 2985 816 3055 περὶ
838 2985 927 3037 τοῦ
958 2984 1086 3037 Υἰοῦ
1121 2983 1211 3037 τοῦ
1246 2985 1401 3051 Θεοῦ,
1437 2985 1530 3038 τοῦ
1563 2985 1680 3048 ἑνὸς
1710 2983 1898 3055 κριτοῦ
1925 2983 2222 3055 ἐρχομένου
2252 2981 2460 3036 ἱκανοῦ
2491 2982 2639 3052 χειρὶ
2669 2981 2843 3046 ὄντος
2871 2981 2968 3051 (2).

761 3075 974 3130 Titulus
1005 3078 1328 3146 praepositus
1362 3079 1606 3132 continet
1632 3096 1643 3131 :
1670 3077 1736 3130 1η
1765 3079 1943 3147 ﬁnem,
1980 3093 2073 3146 pro
2105 3076 2345 3129 Idilhum
2375 3075 2611 3142 psalmus
2634 3073 2824 3128 David.
2858 3071 2971 3128 Hoc
3004 3073 3168 3144 igitur
3196 3073 3506 3146 signiﬁcat:
3537 3075 3588 3128 in
3623 3073 3731 3128 ﬁne
3753 3088 3926 3128 sacu-

689 3169 866 3222 lorum
895 3183 991 3238 pro
1015 3187 1118 3224 uno
1140 3170 1317 3239 judice
1343 3183 1591 3231 venturo;
1621 3170 1695 3223 ita
1735 3171 1879 3224 enim
1915 3170 2304 3237 interpretatur
2344 3165 2604 3220 Idithum.
2638 3167 2841 3221 Deinde
2869 3184 2881 3220 :
2915 3165 3162 3220 Psalmus
3210 3165 3401 3229 David,
3439 3167 3540 3221 ltoc
3566 3175 3651 3221 est
3679 3164 3925 3235 psalmus

690 3280 852 3317 ntauu
875 3264 1021 3333 forti,
1050 3266 1122 3319 ita
1147 3267 1290 3320 enim
1322 3269 1710 3334 interpretatur
1739 3263 1926 3317 David.
1960 3265 2148 3334 Itaque
2176 3261 2464 3317 manifeste
2493 3262 2730 3331 loquitur
2769 3263 2835 3316 de
2866 3261 3001 3315 Filio
3031 3260 3145 3328 Dei,
3178 3262 3270 3332 qui
3299 3262 3497 3316 unicus
3534 3260 3707 3316 Iudex
3733 3269 3928 3318 ventu-

691 3371 788 3412 rus
819 3368 923 3425 est,
956 3368 1009 3414 et
1031 3376 1189 3412 manu
1213 3360 1365 3428 furtis
1387 3370 1486 3412 est.

765 3469 816 3525 1.
845 3468 1029 3540 Neque
1057 3471 1265 3540 justum
1311 3488 1487 3542 neque
1523 3472 1653 3527 utile
1674 3482 1756 3527 est
1778 3473 1972 3526 animae
1995 3487 2125 3526 mea:
2146 3471 2252 3525 ulla
2282 3479 2322 3535 ο

2282 3479 2322 3535 C
2430 3469 2481 3522 1.
2525 3470 2596 3520 Οὑ
2643 3467 2846 3521 δίκαιον
2875 3469 2968 3522 καὶ
2998 3468 3271 3540 συμφέρον
3305 3469 3419 3521 ἐστὶ
3454 3470 3517 3540 τῇ
3736 3485 3839 3540 μου
3870 3468 3925 3521 ὲν

688 3560 747 3616 in
779 3578 836 3616 re
858 3563 1131 3618 adversari
1165 3564 1294 3619 Deo.

2364 3560 2547 3631 μηδενὶ
2578 3560 2925 3614 ἀνθίστασθαι
2958 3561 3035 3631 τῷ
3065 3561 3201 3630 Θεῷ.

753 3656 809 3711 2.
837 3654 970 3709 Nam
995 3655 1135 3726 apud
1163 3671 1287 3710 eum
1315 3655 1423 3709 vita
1455 3670 1571 3710 mea
1594 3663 1647 3709 et
1674 3655 1727 3709 in
1756 3658 2005 3725 praesenti
2038 3659 2256 3712 saeculo.

2431 3653 2484 3703 ‘2.
2507 3652 2640 3719 Παρ’
2664 3649 2809 3720 αὑτῷ
2831 3651 2937 3721 γὰρ
2961 3652 2992 3720 ἡ
3019 3650 3128 3721 ζωή
3156 3667 3254 3721 μου
3283 3651 3376 3704 καὶ
3398 3651 3456 3702 ἐν
3480 3649 3557 3721 τῷ
3580 3650 3672 3703 νῦν
3694 3651 3774 3720 (ὅ)
3791 3652 3921 3704 ὄντι.

758 3749 812 3804 5.
844 3747 976 3802 Nam
1031 3759 1083 3804 et
1130 3749 1245 3818 ipse
1297 3759 1380 3804 est
1434 3759 1647 3804 creator
1707 3763 1860 3803 meus
1907 3759 1959 3803 et
2012 3749 2258 3803 Salvator

2429 3745 2482 3796 5.
2520 3745 2628 3795 Καὶ
2651 3742 2758 3813 γὰρ
2780 3742 2939 3807 αὑτός
2963 3745 3076 3796 ἐστι
3104 3742 3432 3814 δημιουργός
3486 3760 3584 3814 μου
3620 3745 3714 3796 καὶ
3737 3745 3924 3814 Σωτήρ

699 3857 873 3896 meus.
2364 3854 2485 3906 pou.

765 3934 816 3985 4.
857 3931 970 3986 Non
999 3933 1272 3988 discedam
1303 3934 1370 3988 ab
1406 3949 1472 3987 eo
1504 3948 1674 4002 usque
1710 3931 1762 3986 in
1793 3932 1976 3987 finem.

2429 3929 2480 3984 4.
2511 3928 2584 3982 Οὑ
2621 3928 2694 3999 μὴ
2733 3927 2951 3981 ἀποστῶ
2988 3926 3082 3980 ἀπ’
3113 3925 3276 3978 αὑτοῦ
3311 3927 3415 3990 ἕως
3437 3928 3641 3990 τέλους.

762 4027 815 4082 5.
846 4027 1141 4096 Quousque
1173 4028 1409 4081 humana
1431 4027 1669 4096 potentia
1694 4035 1748 4079 et
1772 4026 1979 4080 auxilio
2008 4026 2261 4081 utimini?

2433 4020 2484 4076 5.
2518 4020 2657 4080 Ἕως
2681 4018 2810 4070 πότε
2837 4021 2902 4088 τῇ
2936 4015 3252 4090 ἀνθρωπίνῃ
3278 4016 3560 4088 δυναστείᾳ
3587 4019 3680 4071 καὶ
3706 4017 3926 4088 βοηθείᾳ

2361 4109 2700 4182 χρῆσθε(4);

759 4201 815 4258 ϐ.
845 4201 911 4255 Ει
937 4202 1184 4258 occiditis
1208 4203 1495 4260 inferiores
1521 4204 1676 4259 vobis
1702 4221 1715 4256 :

2431 4201 2481 4254 6.
2513 4203 2621 4254 Καί¹
2652 4200 2900 4270 φονεύετε
2921 4204 3046 4267 τοὺς
3069 4203 3488 4276 ὑποδεεστέρους
3521 4201 3678 4273 ὑμῶν
3703 4220 3715 4233 ·

765 4292 820 4348 7.
847 4294 1020 4348 Veluti
1053 4309 1208 4349 muro
1235 4296 1464 4361 cadenti,
1497 4303 1550 4349 ct
1578 4293 1824 4348 maceriae
1844 4293 2121 4365 disiectae?

2099 4296 2121 4349 ?
2439 4295 2488 4348 7.
2533 4295 2619 4358 Ὣς
2643 4294 2805 4364 τοίχῳ
2832 4295 3082 4349 πίπτοντι
3111 4299 3203 4350 καὶ
3235 4297 3469 4368 φραγμῷ
3498 4297 3745 4367 ῥιφέντι;

764 4385 818 4442 8.
847 4387 921 4442 Ita
948 4387 1204 4441 mandata
1233 4402 1352 4441 mea
1376 4387 1732 4456 repelluntur.

2435 4386 2488 4441 8.
2525 4387 2708 4449 Οὕτως
2742 4389 2810 4441 τὰ
2841 4391 3234 4460 προστάγματα
3266 4408 3363 4460 μου
3390 4389 3753 4443 ἀπωθοῦνται.

766 4479 820 4542 9,
855 4477 942 4534 10.
969 4476 1145 4530 Veluti
1181 4493 1409 4532 currens
1450 4479 1502 4532 in
1542 4478 1654 4540 siti,
1689 4475 1783 4547 qui
1813 4492 1906 4532 ore
1932 4479 2152 4549 quidem
2183 4481 2263 4535 ui-

2433 4482 2486 4545 9,
2524 4481 2610 4534 10.
2653 4479 2743 4543 Ὠς
2774 4484 2802 4534 ὁ
2826 4482 3031 4553 τρέχων
3062 4485 3117 4535 ὲν
3151 4487 3214 4554 τῇ
3248 4484 3323 4553 (5)
3352 4483 3478 4555 δίψῃ
3502 4484 3579 4553 τῷ
3609 4485 3707 4554 μὲν
3742 4485 3931 4555 στόμα-

695 4571 793 4632 bit,
819 4586 915 4625 cor
955 4579 1137 4625 autem
1184 4575 1302 4639 ejus
1337 4571 1469 4624 nihil
1510 4579 1667 4639 potus
1710 4570 1914 4639 excipit
1945 4589 1957 4624 :
1990 4572 2063 4626 ita
2097 4573 2260 4627 etiam

2364 4589 2417 4625 τι
2456 4573 2620 4637 πίνει,
2646 4576 2677 4645 ἡ
2712 4576 2767 4629 δὲ
2794 4575 2987 4644 καρδία
3012 4575 3176 4627 αὑτοῦ
3210 4575 3357 4628 οὐδὲν
3399 4576 3610 4646 δέχεται
3638 4577 3730 4629 τοῦ
3762 4579 3929 4648 πόμα-

696 4663 784 4717 isti
833 4679 925 4719 ore
970 4680 1158 4718 eorum
1186 4664 1400 4734 eloquia
1448 4679 1566 4718 mea
1611 4662 1904 4732 accipiunt,
1948 4680 2043 4720 cor
2082 4677 2260 4722 autem

2365 4681 2455 4727 τος
2475 4682 2488 4695 ·
2512 4664 2653 4718 οὑτω
2687 4668 2780 4718 καὶ
2810 4662 2951 4721 οὗτοι
2981 4666 3057 4738 τῷ
3080 4667 3304 4737 στόματι
3338 4669 3516 4722 αὑτῶν
3545 4671 3614 4723 τὰ
3649 4671 3807 4740 λόγια
3834 4689 3927 4742 μου

695 4771 880 4810 eorum
919 4756 1073 4826 longe
1104 4756 1272 4809 abest.

2365 4755 2607 4826 δέχονται
2631 4797 2646 4819 ,
2700 4760 2731 4828 ἠ
2761 4757 2815 4810 δὲ
2848 4758 3041 4829 καρδία
3086 4759 3263 4812 αὑτῶν
3298 4760 3579 4831 πόρρωθεν
3611 4762 3686 4831 (6)
3721 4763 3927 4834 ἀπέχει.

771 4849 854 4901 11.
893 4848 972 4902 Tu
1010 4858 1211 4911 autem,
1240 4849 1418 4902 anima
1446 4865 1586 4916 mea,
1613 4851 1720 4906 Deo
1745 4853 1987 4922 subjecta
2015 4862 2153 4907 esto.
2294 4869 2335 4924 ι)

2042 4862 2153 4907 εειο,
2294 4869 2335 4924 D
2436 4847 2520 4899 11.
2560 4850 2630 4902 Σὺ
2657 4849 2733 4912 δὲ,
2762 4849 2903 4919 ψυχή
2941 4867 3040 4919 μου
3062 4892 3075 4915 ,
3109 4850 3185 4920 τῷ
3218 4851 3334 4920 Θεῷ
3357 4853 3690 4922 ὑποτάγηοι.

767 4939 850 4993 12.
886 4940 1152 5005 Quoniam
1188 4942 1327 5010 apud
1358 4943 1535 5011 ipsum
1568 4946 1852 4999 retributio
1884 4961 2022 5000 mea.

2011 4989 2022 5000 ,
2439 4941 2523 4995 12.
2563 4943 2683 4994 Ὅτι
2713 4945 2840 5014 παρ’
2868 4944 3014 5015 αὑτῷ
3048 4947 3080 5014 ἡ
3113 4945 3499 5016 μισθαποδοσία
3535 4964 3657 5016 μου.

766 5033 853 5086 15.
890 5031 1021 5086 Nam
1052 5042 1104 5086 et
1134 5033 1246 5101 ipse
1274 5033 1413 5088 Deus
1439 5051 1591 5089 meus
1619 5045 1672 5090 et
1699 5037 1948 5091 Salvator
1978 5053 2152 5093 meus.

2440 5034 2528 5089 15.
2566 5036 2674 5088 Καὶ
2707 5037 2814 5106 γὰρ
2852 5037 2927 5104 (7)
2963 5037 3123 5099 αὐτὸς
3161 5037 3288 5101 Θεός
3324 5056 3423 5108 μου
3459 5040 3552 5092 καὶ
3591 5041 3784 5113 Σωτήρ
3816 5057 3931 5111 μου.

770 5122 855 5176 11.
891 5122 1184 5193 Susceptor
1215 5139 1365 5179 meus
1391 5135 1471 5180 est
1498 5143 1511 5191 ;
1541 5128 1671 5180 nulli
1702 5129 1856 5182 alteri
1884 5129 2188 5185 adluerebo.

2438 5125 2522 5178 14.
2567 5127 2932 5199 Ἀντιλήπτωρ
2967 5127 3067 5198 μού
3104 5130 3274 5182 ἐστιν·
3307 5129 3368 5181 οὑ
3412 5129 3486 5201 μὴ
3515 5129 3660 5203 ἄλλῳ
3691 5132 3798 5186 τινὶ
3821 5130 3934 5186 κολ-

2367 5218 2532 5290 ληΘῶ.

1647 5392 1952 5457 Addenda
1985 5401 2046 5456 et
2091 5395 2465 5474 corrigenda
2503 5415 2576 5458 ex
2613 5400 2750 5461 cod.
2786 5401 2986 5462 Vatic.

977 5580 1063 5633 διὰ
1091 5581 1189 5652 τῆς
1216 5583 1581 5656 κινναϐάρεως
1617 5603 1738 5657 περ.
2445 5590 2520 5656 (ες)
2552 5591 2628 5658 Τῇ
2661 5590 2827 5644 deest.

775 5650 1153 5730 (ἓὶῖεὓπαε;”
1282 5725 1350 5730 -_
1446 5650 1486 5730 ’μ
1584 5650 1700 5730 ,,,’

1113 5650 1153 5730 τῇ
1282 5725 1350 5730 ,,
1446 5650 1486 5730 '_
2444 5650 2761 5730 (ιηῐιὸῤῥω.

891 5721 1003 5808 ξδῦν
1028 5723 1179 5808 quifit
1213 5725 1303 5778 καὶ
1334 5727 1392 5779 ὲν
1420 5726 1496 5796 τῷ
1530 5726 1791 5796 μέλλοντι.

1715 5745 1791 5779 ιτι.
2556 5721 2825 5808 καῖ’γάρ,
2863 5742 2946 5787 etc
2976 5770 2991 5798 ,
3023 5732 3118 5801 τῷ,
3147 5732 3363 5790 desunt.

782 5792 859 5856 (1)
892 5794 1199 5862 Κεχρῆσοαι
1223 5813 1234 5852 ;
