4174 6492
308 439 419 501 893
1188 447 1275 502 DE
1316 447 1591 505 'l'lTULlS
1626 451 2072 510 PSALMORUMZ
2115 485 2180 494 —
2210 455 2405 511 PSAL.
2442 457 2599 511 LXll.
3429 471 3536 528 894

386 552 471 608 15.
504 552 637 644 νἘπὶ
657 553 735 625 τῷ
754 555 871 628 Θεῷ
900 558 961 610 τὸ
985 560 1249 631 σωτήριόν
1278 579 1377 633 μου
1410 564 1504 615 καὶ
1528 566 1559 634 ἡ
1592 564 1717 629 δόξα
1748 582 1870 636 μου.
1901 570 1949 622 Α

1640 564 1717 629 ἱξα
1748 582 1870 636 μου.
1901 570 1949 622 Α
2047 568 2134 624 15.
2174 571 2229 623 In
2264 570 2372 625 Deo
2395 573 2633 626 salutare
2660 588 2838 627 meum
2867 583 2919 629 et
2952 574 3120 644 gloria
3148 594 3288 634 mea.

389 644 469 696 16.
501 643 559 697 Ὀ
580 645 712 710 Θεὸς
744 647 843 718 τῆς
876 650 1124 721 βοηθείας
1159 671 1279 724 μου,
1310 656 1403 708 καὶ
1429 657 1629 727 ὴὲλπίς
1657 675 1757 728 μου
1782 659 1872 711 ἐπὶ

1684 676 1757 711 ιου
1782 659 1872 711 ἐπὶ
2048 663 2133 718 16.
2170 665 2312 722 Deus
2341 669 2528 722 auxilii
2560 669 2702 736 mei,
2735 679 2789 724 et
2817 686 2939 740 spes
2972 688 3089 726 mea
3118 674 3171 727 in
3206 676 3332 733 Deo.

302 733 388 803 τῷ
422 735 559 806 Θεῷ.

379 827 469 882 17.
517 830 800 884 Ἐλπίσατε
817 832 915 884 ἐπ’
929 834 1110 899 αὑτὸν,
1133 836 1280 888 πᾶσα
1298 835 1584 908 συναγωγὴ
1604 836 1747 891 λαῶν
1773 839 1865 910 (η).

2032 850 2117 903 17.
2158 850 2377 919 Sperate
2405 851 2456 905 in
2485 866 2570 919 eo,
2595 854 2772 909 omnis
2800 857 3147 927 congregatio
3180 862 3518 930 populorum.

383 919 472 975 18.
512 920 764 989 Ἐκχέατε
786 920 1015 976 ἐνώπιον
1055 923 1217 976 αὑτοῦ
1248 925 1345 988 τὰς
1380 926 1606 995 καρδίας
1637 928 1789 999 ὑμῶν
1822 946 1837 960 ·

1560 944 1606 990 ις
1637 928 1789 999 ὑμῶν
1822 946 1837 960 ⁶
2041 940 2127 994 18.
2166 939 2437 997 Ellundite
2463 958 2644 997 coram
2677 945 2766 999 illo
2795 947 2959 1002 corda
2986 959 3163 1004 vestra
3196 971 3208 1006 :

386 1013 472 1067 19.
508 1015 627 1067 Ὅτι
652 1016 680 1067 6
709 1014 841 1078 Θεὸς
864 1015 1055 1085 βοηθὸς
1087 1016 1263 1087 ἡμῶν.

2038 1030 2124 1085 19.
2158 1030 2297 1086 ﬂuia
2325 1031 2466 1089 Deus
2489 1032 2705 1101 adjutor
2733 1044 2933 1091 noster.

900 1107 1234 1177 Διάψαλμα.

2578 1124 2798 1193 Diapsal
2805 1144 2908 1183 ma.

381 1194 474 1251 20.
504 1196 650 1266 Πλὴν
680 1196 894 1266 μάταιοι
924 1198 972 1248 οἱ
1005 1198 1110 1249 υἱοὶ
1129 1198 1236 1249 τῶν
1267 1197 1564 1269 ἀνθρώπων
1592 1212 1606 1227 ’

1537 1216 1564 1250 ν
1592 1212 1606 1227 ’
2034 1212 2125 1265 20.
2164 1211 2548 1269 Verumtamen
2578 1216 2701 1269 vani
2730 1216 2824 1270 lilii
2868 1218 3185 1273 hominum-

379 1286 470 1339 21.
495 1288 721 1351 Ψευδεῖς
746 1288 795 1340 ot
826 1288 930 1342 υἱοὶ
955 1289 1063 1342 τῶν
1091 1288 1388 1360 ἀνθρώπων
1435 1291 1490 1342 ὲν
1535 1289 1739 1357 ζυγοῖς,
1773 1288 1865 1341 τοῦ

2033 1305 2123 1358 21.
2154 1304 2439 1362 Mendaces
2464 1308 2560 1361 lilii
2594 1309 2873 1364 hominum
2927 1312 2982 1366 in
3023 1313 3257 1378 stateris,
3292 1324 3349 1370 ut
3380 1315 3526 1370 deci-

303 1373 564 1445 ἀδικῆσαι
584 1393 599 1407 ο
1965 1395 2134 1465 piant.

379 1465 470 1519 22.
501 1467 663 1519 Αὐτοὶ
690 1470 753 1521 ὲκ
780 1468 1141 1539 ματαιότητος
1168 1471 1258 1522 ἐπὶ
1281 1468 1340 1521 τὸ
1366 1469 1514 1521 αὑτό.

1337 1496 1340 1514 .
1366 1469 1514 1521 αὑτό.
2036 1488 2125 1543 22.
2160 1487 2265 1557 Ipsi
2292 1490 2359 1544 de
2382 1490 2619 1544 vanitate
2650 1492 2701 1544 in
2732 1492 2985 1562 idipsum.

376 1559 466 1612 23.
503 1560 592 1631 Μὴ
617 1560 862 1623 ἐλπίζετε
900 1562 984 1615 ἐπ’
1017 1562 1227 1615 ἀδικίαν
1250 1579 1262 1591 ’

2033 1578 2123 1633 23.
2157 1577 2334 1633 Nolite
2360 1596 2578 1650 sperare
2603 1581 2657 1635 in
2683 1559 2966 1653 iniquitate
2996 1603 3008 1638 :

379 1650 473 1705 21.
502 1653 610 1704 Kal
633 1653 723 1705 ἐπὶ
758 1652 1023 1724 ἅρπαγμα
1051 1658 1124 1726 μὴ
1154 1654 1459 1708 ἐπι-ποθεῖτε
1482 1672 1495 1685 .

1456 1672 1495 1704 ε’
1624 1743 1627 1744 ν
1657 1743 1661 1744 ί
2034 1672 2124 1726 21.
2162 1670 2227 1725 Ει
2255 1673 2477 1740 rapinas
2512 1674 2679 1728 nolite
2701 1650 3104 1744 concupiscere.

366 1740 457 1793 25.
488 1741 720 1806 Πλοῦτος
749 1744 843 1796 ἐὰν
873 1745 990 1817 ῥέῃ,
1024 1746 1095 1815 μὴ
1123 1745 1473 1816 προστίθεσϐε
1508 1743 1750 1815 καρδίαν.

1699 1761 1750 1795 νν.
2032 1763 2122 1818 25.
2159 1761 2369 1817 Divitize
2400 1763 2444 1817 si
2473 1764 2715 1829 atlluant,
2747 1764 2914 1817 nolite
2937 1780 3029 1818 cor
3059 1780 3347 1834 apponere.

380 1832 473 1885 26.
513 1834 693 1899 "Arta:
719 1836 975 1906 ἐλάλησεν
1006 1841 1033 1890 ὁ
1062 1838 1211 1900 Θεὸς,
1233 1837 1324 1889 δύο
1344 1836 1516 1890 ταῦτα
1541 1836 1746 1906 ἤκουσα
1892 1912 1932 1921 _

1892 1912 1932 1921 _
2032 1852 2123 1907 26.
2158 1852 2334 1908 Semel
2358 1853 2574 1908 locutus
2607 1864 2691 1907 est
2724 1852 2887 1921 Deus,
2913 1854 3020 1910 duo
3046 1832 3158 1911 haec
3182 1858 3363 1913 audiri
3397 1876 3412 1914 :

377 1924 470 1977 27.
504 1926 578 1996 (b)
613 1928 733 1981 Ὅτι
764 1928 824 1981 τὸ
853 1930 1052 2000 κράτος
1083 1930 1177 1982 τοῦ
1208 1929 1364 1995 Θεοῦ,
1889 1912 1938 1972 Β

1083 1930 1177 1982 τοῦ
1208 1929 1364 1995 Θεοῦ,
1889 1912 1938 1972 Β
2034 1945 2122 1998 27.
2151 1944 2287 2012 Quia
2318 1955 2560 2015 poteSIas
2592 1946 2719 2011 Dei,

372 2014 465 2069 28.
492 2017 602 2069 Kal
632 2018 725 2070 σοῦ
758 2018 849 2086 (c),
881 2019 1071 2089 Κύριε,
1094 2019 1154 2072 τὸ
1172 2019 1335 2083 ἕλεος.

2033 2036 2122 2090 28.
2168 2036 2232 2090 Ει
2266 2047 2378 2100 tua,
2404 2036 2652 2099 Domine,
2680 2037 3069 2092 misericordia.

372 2109 463 2163 29.
494 2110 612 2164 Ὀτι
643 2114 706 2166 σὺ
742 2112 1044 2178 ἀποδώσεις
1077 2115 1292 2185 ἑκάστῳ
1333 2111 1471 2166 κατὰ
1501 2111 1570 2163 τὰ
1599 2110 1734 2181 ἔργα
1766 2124 1862 2163 au-

1766 2124 1862 2163 (ω’
2030 2128 2121 2183 29.
2158 2127 2295 2195 Quia
2330 2137 2383 2182 tu
2412 2128 2605 2183 reddes
2634 2129 2924 2200 unicuique
2944 2129 3093 2199 juxta
3116 2145 3277 2187 onera
3300 2146 3414 2185 sua.

295 2213 420 2253 του.

372 2289 617 2359 Ψωμός
651 2289 732 2357 τῷ
763 2290 939 2344 Δαὸίδ
959 2309 971 2322 ·
1001 2291 1070 2343 ἐν
1103 2290 1180 2355 τῷ
1211 2287 1361 2344 εἶναι
1398 2293 1581 2345 αὐτὸν
1608 2294 1677 2346 ἐν
1712 2291 1785 2361 τῇ
1962 2288 2020 2343 ΡΑ

1962 2288 2209 2343 Psalmus
2239 2287 2407 2342 David
2430 2304 2446 2341 :
2472 2304 2589 2340 cum
2617 2299 2747 2341 esset
2780 2289 2892 2356 ipse
2922 2289 2978 2341 in
3020 2288 3222 2342 deserto
3248 2287 3515 2347 ldumwa‘.

531 2380 728 2453 ἐρήμῳ
757 2382 868 2450 τῆς
912 2382 1263 2450 Ἰδουμαίας.
1305 2384 1462 2434 ¹1’ἉΛ.
1488 2379 1616 2435 ΞΗ.

1335 2384 1462 2434 ῖἋΛ.
1488 2379 1616 2435 ΞΗ.
2490 2377 2754 2434 ΡεΑωΙ.
2801 2378 2983 2433 LXII.

375 2473 426 2527 1.
463 2474 522 2527 Ὃ
549 2473 681 2536 Θεὸς
707 2476 735 2527 6
765 2473 895 2535 Θεός
921 2490 1044 2543 μου,
1081 2474 1215 2544 προς
1246 2474 1304 2527 σὲ
1329 2475 1581 2546 ὁρθρίξω.

2033 2474 2084 2527 1.
2122 2470 2265 2526 Deus
2290 2469 2431 2526 Deus
2461 2486 2636 2536 meus,
2660 2470 2727 2526 ad
2754 2480 2807 2527 te
2827 2472 2893 2527 de
2921 2473 3038 2529 luce
3065 2472 3239 2543 vigilo.

372 2586 450 2653 (α)
481 2584 535 2637 In
570 2601 739 2653 marg.
767 2587 887 2641 cod.
918 2586 1068 2640 λαοῦ.

373 2655 449 2727 (1))
485 2654 635 2710 Vers.
671 2657 761 2719 27,
792 2657 881 2721 28,
912 2658 1013 2711 sub
1034 2659 1192 2713 unico
1227 2674 1374 2713 num.

371 2738 443 2797 te)
476 2728 563 2779 Σοι
587 2727 641 2779 in
672 2742 843 2798 marg.
872 2729 992 2783 cod.

1401 2818 1770 2876 ATHANASII
1808 2810 2384 2873 INTERPRETATIO.

369 2931 457 2986 15.
496 2930 619 2983 Ἐπὶ
646 2928 725 2999 τῷ
750 2929 867 2999 Θεῷ
896 2932 930 3000 ἡ
957 2930 1066 3001 ζωή
1102 2948 1201 3001 μου
1231 2934 1324 2986 καὶ
1356 2933 1415 2986 τὸ
1447 2933 1710 3004 καύχημά
1728 2950 1850 3005 μου.

1530 2933 1710 3004 ύχημά
1728 2950 1850 3005 μου.
2028 2926 2114 2982 15.
2146 2923 2205 2978 ln
2228 2923 2338 2979 Deo
2364 2922 2469 2978 vita
2494 2936 2633 2989 mea,
2672 2932 2725 2977 et
2760 2924 3008 2995 gloriatio
3041 2941 3178 2980 mea.

369 3022 459 3078 16.
496 3024 553 3074 '0
581 3021 711 3083 Θεὸς
745 3037 844 3091 μου
875 3019 1066 3092 βοηθός
1096 3039 1196 3093 μου
1222 3024 1428 3093 γίνεται
1462 3024 1569 3092 ἀεὶ,
1624 3025 1716 3078 καὶ
1766 3024 1855 3077 διὰ

2030 3016 2117 3071 16.
2146 3015 2288 3071 Deus
2332 3030 2487 3070 meus
2516 3013 2731 3083 adiutor
2759 3030 2913 3071 meus
2944 3026 3023 3072 est
3053 3032 3287 3087 semper,
3316 3028 3367 3074 et
3397 3019 3516 3075 ideo

291 3116 505 3184 τοῦτοὴ
530 3113 682 3177 ἐλπίς
714 3131 814 3184 μου
843 3113 929 3166 ἐπ’
958 3114 1103 3185 αὐτῷ
1132 3117 1267 3169 ἐστι.

958 3114 1103 3185 αὐτῷ
1132 3117 1267 3169 ἐστι.
1960 3122 2083 3177 spes
2114 3121 2234 3161 mea
2263 3106 2316 3160 in
2339 3106 2458 3175 ipso
2480 3112 2580 3161 est.

372 3202 457 3257 17.
489 3202 597 3255 Kal
629 3202 785 3272 ὑμεῖς
818 3197 929 3265 οὖν,
954 3204 1038 3255 ἐπ’
1072 3203 1317 3274 αὑτὺνῌ)
1355 3203 1604 3257 ἐλπίσατε
1634 3203 1851 3269 πάντες.
1883 3248 1927 3310 c

1634 3203 1851 3269 πάντες.
1883 3248 1927 3310 c
2031 3199 2119 3255 17.
2151 3196 2217 3254 Et
2239 3213 2337 3253 vos
2362 3198 2525 3267 igitur
2544 3214 2754 3265 omnes,
2788 3209 2999 3269 sperate
3031 3200 3083 3253 in
3111 3214 3256 3254 eum.

368 3295 456 3350 18.
485 3292 574 3366 Τῷ
600 3294 831 3365 ἑτοίμως
866 3294 1143 3365 βοηθοῦντι
1174 3299 1283 3360 τοῖς
1315 3297 1621 3363 ἐλπίζουσιν
1648 3300 1732 3353 ἐπ’
1758 3299 1853 3352 αὐ·-
1884 3292 1927 3310 ν

1884 3292 1927 3310 “
2035 3294 2123 3349 18.
2153 3293 2413 3362 Prompte
2448 3292 2731 3361 opitulanti
2766 3292 3113 3363 sperantibus
3155 3293 3210 3346 in
3242 3308 3307 3348 eo
3335 3293 3517 3348 all‘crtc

289 3389 385 3444 τὸν
414 3389 814 3461 προσενέγκατε
845 3390 991 3460 αὐτῷ
1019 3390 1116 3454 τὰς
1137 3391 1358 3461 καρδίας
1388 3392 1560 3447 ὑμῶν.

845 3390 991 3460 αὐτῷ
1019 3390 1116 3454 τὰς
1137 3391 1358 3461 καρδίας
1388 3392 1560 3447 ὑμῶν.
1955 3388 2058 3459 ipsi
2088 3388 2250 3444 corda
2287 3393 2482 3439 vestra.

364 3483 452 3537 19.
498 3481 818 3534 Ἀντίκειται
844 3484 955 3543 τοῖς
980 3481 1193 3551 ἐχθροῖς
1222 3482 1397 3553 ἡμῶν.

1335 3484 1397 3536 ‘w.
2022 3479 2109 3533 19.
2138 3476 2470 3531 Adversatur
2500 3473 2734 3529 inimicis
2763 3473 2983 3530 nostris.

362 3573 454 3628 20.
488 3572 551 3625 Ol
576 3571 643 3625 τὰ
675 3569 991 3641 ἀνθρώπινα
1014 3572 1355 3644 φρονοῦντες.

1081 3572 1355 3636 δονοῦντες.
2027 3568 2118 3623 2ο.
2151 3566 2395 3621 Humana
2430 3566 2729 3636 cogitantes

366 3664 457 3717 21.
486 3663 657 3716 Δόλιοι
691 3662 1245 3730 καταδυναστεύοντες
1270 3666 1365 3720 καὶ
1408 3666 1742 3732 ἀδικοῦντες.

2028 3659 2120 3713 21.
2152 3657 2337 3713 Dolosi
2389 3659 2708 3727 impotenter
2766 3657 3150 3720 dominantes,
3210 3666 3265 3711 et
3320 3658 3517 3729 injuste

1957 3758 2177 3818 agentes
3256 3808 3263 3818 .

362 3817 455 3873 22.
492 3820 587 3872 Ἐκ
617 3818 927 3887 πλεονεξίας
959 3825 1281 3891 συναγαγεῖν
1309 3824 1522 3888 ἑαυτοῖς
1557 3826 1590 3896 ἠ
1636 3826 1854 3897 φροντὶς
1957 3766 2010 3821 ag

1957 3766 1985 3807 a
2026 3766 2177 3807 entes
3256 3808 3263 3818 ι

1992 3766 2112 3897 322.
2150 3837 2221 3896 Ut
2249 3840 2353 3897 sibi
2382 3855 2411 3895 e
2445 3840 2585 3911 turpi
2618 3839 2769 3894 lucro
2794 3848 3140 3909 congregem,
3174 3854 3304 3893 cura
3328 3853 3514 3894 eorum

293 3910 476 3964 αὐτῶν
504 3913 671 3965 ἐστιν.
1952 3939 2055 3987 εει,

363 4001 556 4055 25-25.
590 4004 654 4056 Οἱ
679 4001 789 4070 γὰρ
820 4001 1106 4055 πλουτεῖν
1133 4002 1412 4070 θέλοντες
1455 4005 1855 4074 ἐμπίπτουσιν

2025 4020 2213 4076 23-25.
2250 4020 2390 4074 Nam
2423 4021 2513 4090 qui
2560 4018 2738 4073 volunt
2783 4020 2971 4073 divites
3001 4021 3145 4089 ﬁeri,
3194 4022 3431 4076 incidunt
3462 4023 3514 4076 in

293 4096 385 4159 εἰς
412 4092 742 4162 πειρασμὸν
764 4093 860 4147 καὶ
893 4093 1111 4163 παγίδα
1135 4095 1239 4149 τοῦ
1270 4095 1569 4151 διαϐόλου.

1374 4097 1569 4151 δόλου·
1955 4113 2293 4182 tentatiqnem
2324 4121 2373 4165 et
2402 4114 2453 4165 in
2479 4114 2721 4182 laqueum
2748 4113 3022 4166 diaboli".

366 4185 457 4241 26.
492 4184 572 4237 Τὰ
598 4184 738 4238 αὐτὰ
769 4185 1028 4255 ἐλάλησεν
1052 4186 1079 4238 ὁ
1110 4184 1242 4249 Θεὸς
1263 4189 1355 4240 καὶ
1376 4190 1432 4240 ὲν
1465 4188 1542 4259 τῷ
1574 4190 1742 4261 νόμῳ,
1761 4192 1852 4245 xal

2020 4201 2108 4257 26.
2140 4178 2342 4258 ἐδόθη]
2400 4178 2615 4259 locutus
2657 4212 2741 4257 est
2797 4203 2935 4257 Deus
2976 4213 3028 4258 ct
3076 4204 3131 4258 in
3179 4204 3313 4275 lege,
3355 4216 3407 4260 et
3461 4205 3515 4261 in

288 4278 351 4330 ὲν
374 4278 484 4339 τοῖς
507 4277 810 4346 προφήταις
841 4275 909 4328 τὰ
940 4274 1031 4328 δύο
1053 4276 1224 4329 ταῦτα
1251 4294 1264 4307 ’

899 4293 909 4328 ι
940 4274 1031 4328 δύο
1053 4276 1224 4329 ταῦτα
1251 4294 1264 4307 ’
1952 4295 2232 4365 prophetis
2258 4294 2373 4350 haec
2403 4297 2509 4349 duo
2536 4314 2547 4348 :

360 4368 451 4421 27.
492 4367 836 4437 Ἀγαπήσεις
870 4370 1090 4437 Κύριον
1123 4368 1230 4421 τὸν
1259 4371 1407 4422 Θεόν
1434 4385 1570 4424 σου.

1488 4389 1570 4424 ου.
2017 4380 2107 4441 27.
2141 4385 2338 4457 Diliges
2376 4385 2660 4440 Dominum
2699 4386 2863 4441 Deum
2896 4397 3042 4441 tuum
3071 4387 3136 4441 ⁷³.

360 4461 452 4515 28.
484 4462 595 4515 Kal
623 4465 866 4533 ποιήσεις
891 4461 1036 4515 ἔλεον
1072 4461 1150 4533 τῷ
1173 4462 1398 4532 πλησίον
1433 4480 1524 4516 σου
1550 4464 1623 4529 ὡς
1652 4465 1847 4535 ἐαυτῷ.

2020 4476 2111 4530 28.
2146 4477 2211 4531 Ει
2255 4477 2422 4532 facies
2473 4479 2903 4535 misericordiam
2955 4479 3205 4548 proximo
3241 4487 3334 4532 tuo
3377 4477 3517 4534 sicut

1955 4569 2049 4623 tibi
2087 4568 2187 4639 ipsi
2211 4570 2275 4622 ⁷⁸.

362 4643 449 4697 ι9.
470 4643 638 4706 Αὐτὸς
648 4642 753 4713 γὰρ
770 4642 1038 4697 ἀποδώσει
1052 4644 1266 4732 ἐκάστιρ
1280 4646 1499 4701 κατὰτὰ
1514 4648 1649 4719 ἔργα
1668 4652 1848 4712 αὐτοῦ.
1882 4586 1927 4643 D
1955 4586 2010 4623 ω

1955 4586 2049 4623 ιιυι
2087 4586 2100 4622 ι
2142 4586 2187 4623 ει
2217 4586 2275 4622 σν.

1882 4586 1927 4643 D
2028 4586 2271 4731 29.plpse
2299 4662 2441 4717 enim
2462 4662 2752 4732 unicuique
2772 4663 2957 4718 reddet
2976 4662 3128 4731 juxta
3156 4679 3312 4732 opera
3341 4664 3508 4717 sua".

373 4734 436 4786 Ἦ
461 4734 791 4805 προκειμένη
824 4733 1102 4806 ἐπιγραφὴ
1125 4726 1368 4806 περιέχει
1394 4736 1471 4807 (2)
1498 4753 1511 4766 ·
1552 4740 1795 4809 Ψαλμος
1822 4743 1902 4817 τῷ
1930 4749 2107 4803 Δαόίδ
2128 4766 2144 4781 ο
2175 4726 2246 4803 ἓν
2269 4743 2351 4817 τῷ
2375 4746 2525 4805 εῖναι
2559 4726 2744 4803 αὐτον
2768 4751 2837 4803 ἐν
2860 4749 2935 4818 τῇ
2966 4726 3162 4821 ἐρήμῳ
3191 4726 3298 4817 τῆς
3338 4752 3518 4806 Ἰδου-

282 4826 486 4897 μαίας.
513 4826 680 4880 Τοῦτο
694 4823 784 4880 οὖν
807 4828 953 4880 ἐστιν
976 4827 1005 4879 6
1026 4827 1191 4895 λέγει.
1212 4829 1389 4883 Δαόὶδ
1422 4832 1778 4901 ἑρμηνεύεται
1800 4839 2191 4912 ἐξουθένημα,
2218 4843 2437 4913 ἕρημος
2464 4844 2555 4895 καὶ
2580 4844 2654 4913 (5)
2687 4846 2719 4895 ό
2740 4844 2966 4911 κόσμος
2990 4844 3294 4913 θεωρεῖται.
3335 4842 3516 4897 Ἰδου-

280 4918 433 4986 μαία
454 4916 510 4970 δὲ
543 4916 899 4988 ἑρμηνεύεται
930 4917 1299 4970 ἐκλείπουσα
1318 4937 1333 4950 ·
1364 4921 1637 4973 τουτέστιν
1663 4925 1692 4976 6
1717 4925 2039 5001 ἁμαρτωλὸς
2067 4933 2096 4985 6
2122 4932 2539 5005 ἐξουθενημένος
2569 4933 2641 4987 ὧν
2672 4934 2749 5004 (4)
2783 4936 2899 4985 ἐστι
2923 4933 3000 5003 τῷ
3026 4934 3214 5003 κόσμῳ
3238 4932 3315 5005 τῷ
3347 4934 3515 4987 ἐκλεί-

363 5006 581 5062 Titulus
616 5010 945 5079 praepositus
970 5012 1211 5065 continet
1242 5029 1255 5064 :
1288 5010 1535 5068 I’salmus
1562 5016 1732 5074 David
1771 5040 1789 5076 :
1821 5041 1939 5078 cum
1973 5036 2105 5081 esset
2138 5028 2247 5096 ipse
2284 5028 2339 5079 in
2375 5028 2578 5079 deserta
2612 5025 2884 5081 Iduma'w.
2924 5024 3037 5080 Hoc
3062 5027 3225 5095 igitur
3246 5036 3348 5091 est,
3372 5029 3512 5097 quod

285 5104 580 5174 signiﬁcat.
627 5104 797 5158 David
831 5106 1213 5173 interpretatur
1257 5107 1503 5176 abjectio,
1537 5120 1590 5166 et
1619 5115 1813 5173 deserti
1842 5137 1933 5175 nor

1865 5122 2062 5176 nomine
2099 5123 2325 5176 mundus
2358 5122 2641 5193 allegorice
2670 5122 2987 5192 intelligitur
3020 5140 3033 5176 :
3065 5120 3305 5174 Idumwa
3336 5132 3513 5175 autem

286 5195 681 5265 ίιηετρτειθῑυτ
725 5196 971 5267 άεῇείεηδ
1008 5212 1026 5249 -'
1058 5213 1249 5267 "ClllDe
1277 5209 1548 5266 P0003105
1594 5210 1687 5274 qui
1735 5224 1917 5265 coram
1950 5210 2059 5267 Deo
2090 5221 2435 5282 contemptus
2467 5222 2521 5267 et
2560 5212 2802 5282 ahjectus
2826 5221 2928 5278 est,
2968 5228 3194 5265 manens
3222 5211 3275 5265 in
3312 5214 3515 5267 mundo

358 5309 409 5362 1.
451 5311 507 5361 ὐ
537 5310 665 5375 Θεὸς
691 5314 719 5363 6
747 5311 877 5376 Θεός
905 5330 1027 5383 μου,
1045 5313 1137 5366 ἐπὶ
1161 5314 1220 5367 τὸ
1244 5314 1358 5385 φῶς
1376 5334 1468 5369 σου
1492 5318 1628 5373 θέλω
1651 5321 1840 5378 ἐλθεῖν.

2030 5328 2076 5383 1.
2111 5328 2253 5385 Deus
2279 5326 2422 5383 Deus
2449 5344 2601 5382 meus
2622 5369 2637 5394 ,
2668 5328 2733 5382 ad
2766 5327 2942 5381 lucem
2978 5336 3127 5381 tuam
3150 5326 3274 5381 volo
3308 5329 3508 5383 venire.

357 5424 403 5454 ’²
434 5420 453 5475 1
482 5417 620 5481 Tum.
646 5442 721 5491 vr,
752 5425 805 5481 9.
880 5425 1098 5481 “Deut.
1120 5443 1195 5491 VI,
1223 5430 1286 5495 5;
1322 5430 1514 5488 Matth.
1543 5436 1777 5499 xxu,57.
1855 5437 1899 5470 ⁷⁸
1932 5438 2004 5495 Le

1722 5436 1777 5492 r7.
1855 5437 1899 5470 ⁷⁸
1932 5438 2104 5497 Levit.
2142 5458 2255 5506 τις,
2286 5441 2387 5504 18;
2414 5439 2604 5493 Matth.
2633 5454 2769 5506 χχιι,
2801 5438 2893 5494 59.
2974 5439 3022 5470 ’⁵
3052 5437 3211 5493 Rom.
3236 5454 3297 5506 ιι,
3319 5438 3370 5493 6.

1232 5547 1537 5611 Addenda
1574 5557 1633 5611 et
1674 5553 2047 5634 corrigenda
2080 5576 2156 5619 ex
2189 5556 2326 5619 cod.
2366 5555 2563 5616 Vatie.

354 5666 399 5747 μ
415 5678 457 5747 j.
483 5665 593 5747 ’ξπν
613 5664 775 5747 got-(3").
795 5666 1061 5747 ἐλπίσατε.
1086 5669 1283 5732 πάντες
1316 5668 1391 5741 τῷ
1422 5671 1670 5743 ἑτοίμως,
1713 5686 1839 5743 elc.,
2025 5682 2099 5747 (ὅ)
2125 5681 2209 5733 Αέ·

354 5685 431 5733 ιι)
494 5685 590 5737 βπ
624 5685 771 5735 αυτῳ
795 5685 1045 5720 eamea-:5
1086 5686 1283 5732 παντες
1316 5687 1391 5741 τῳ
1422 5685 1670 5743 ετοιμως,
1713 5686 1839 5743 etc.,
2049 5685 2099 5747 ὅ)
2125 5685 2209 5733 Δέ.

282 5736 585 5819 ὲπξήαιῖυτθξνζ
702 5736 798 5816 18.
831 5738 1257 5819 Προξεςιέγκατε.
2020 5685 2096 5819 ἕω
2138 5753 2196 5806 '0
2224 5751 2299 5806 ὢν
2325 5750 2408 5803 ἔτι
2427 5750 2484 5801 ἐν
2506 5745 2607 5809 τῶ,
2639 5754 2746 5802 etc.

357 5804 433 5876 (2)
483 5808 526 5859 ll
558 5806 643 5860 διὰ
668 5806 765 5877 τῆς
794 5804 1160 5879 κινναϐάρεως
1184 5826 1301 5880 περ.
