4174 6486
691 392 796 453 895
1528 403 1586 460 S.
1622 405 1998 466 ATIIANASII
2029 413 2178 469 OPP.
2222 415 2400 471 PARS
2441 417 2526 474 ΙΙΙ.
2565 450 2635 461 -
2675 422 3083 481 EXEGETICA.
3825 434 3928 490 896

760 514 815 568 2.
849 512 1026 570 Sitivit
1053 526 1102 572 te
1130 520 1308 576 anima
1337 538 1454 578 mea
1486 543 1499 579 :
2276 542 2322 597 Α

2276 542 2322 597 Α
2419 538 2474 590 2.
2522 540 2770 611 Ἐδεψησέ
2806 559 2862 594 σε
2897 545 2930 614 ἡ
2961 543 3104 616 ψυχή
3139 562 3271 616 μου·

760 606 811 659 5.
848 605 1020 673 Quam
1056 611 1424 681 multipliciter
1452 617 1547 672 tibi
1574 635 1703 675 caro
1734 637 1872 678 mea.

1656 635 1703 675 Ὃ
1734 637 1872 678 mea.
2429 631 2480 684 5.
2511 605 2811 698 Ποσαιτλῶς
2849 605 2930 688 σοι
3185 655 3304 710 μου.

756 697 810 753 4.
845 697 899 752 lu
932 710 1071 756 terra
1098 703 1333 772 deserta,
1358 717 1410 761 et
1439 709 1603 776 invia,
1623 723 1675 767 ct
1698 715 1961 785 inaquosa
1991 737 2002 772 :

2428 724 2480 777 4.
2520 725 2605 776 Ἐν
2643 729 2711 795 γῇ
2740 728 2952 798 ἐρήμῳ,
2978 697 3073 782 ita!
3097 697 3304 799 αέέιτῳ,
3336 731 3430 785 καὶ
3461 730 3675 803 ἀνύδρῳ

760 790 814 845 5.
847 791 938 848 Sic
959 793 1012 848 in
1035 805 1225 852 sancto
1250 803 1475 869 apparui
1514 805 1607 858 tibi
1642 823 1656 859 :

2428 819 2480 872 5.
2514 790 2711 882 omni;
2732 790 2789 871 ἐν
2820 790 3061 892 τῷαγίῳ
3100 790 3384 894 δφϐηνσοι
3411 840 3424 856 ·

758 882 811 938 6.
858 883 923 939 Ut
967 886 1206 943 viderem
1242 890 1496 949 virtutem
1541 909 1708 962 tuam,
1744 910 1796 954 et
1821 902 2048 971 gloriam
2079 913 2248 960 tuam.

2217 923 2248 960 ι.
2429 912 2482 964 6.
2516 912 2620 964 Τοῦ
2647 911 2772 965 ἰδεῖν
2925 882 3168 986 διδμαμίν
3192 882 3283 967 σου
3315 915 3408 968 καὶ
3433 915 3533 987 τὴν
3558 913 3718 978 δόξαν
3749 930 3865 968 σου.

762 976 812 1031 7.
851 976 1118 1045 Quoniam
1165 984 1355 1040 melior
1404 997 1489 1042 est
1536 991 1910 1051 misericordia
1958 1007 2045 1052 tua
2092 1015 2252 1070 super

2092 1015 2252 1070 super
2431 1003 2481 1059 7.
2520 1004 2641 1057 Ὅτι
2674 976 2925 1075 κρεῖσσον
2954 976 3014 1057 τὸ
3046 976 3191 1070 ἔλεός
3221 1023 3314 1059 σου
3348 976 3501 1078 ὑπὲρ.
3522 1005 3698 1070 ζωᾶς·

689 1066 828 1124 vitas
856 1083 872 1122 :

760 1157 814 1213 8.
849 1157 1016 1216 Labia
1042 1178 1160 1219 mea
1187 1165 1486 1223 laudabunt
1519 1179 1589 1239 te,

2424 1183 2479 1238 8.
2512 1183 2590 1237 Τὰ
2617 1184 2764 1254 χείλη
2801 1201 2900 1254 μου
2927 1184 3271 1237 ἐπαινέσουσι
3307 1201 3385 1238 σε.

759 1252 810 1308 9.
851 1251 939 1309 Sic
965 1255 1277 1314 benedicam
1314 1271 1363 1316 te
1389 1263 1441 1316 in
1468 1265 1574 1319 vita
1600 1282 1715 1322 mea
1743 1288 1756 1323 :

2423 1279 2475 1333 9.
2511 1251 2697 1341 ora—.8);
2722 1251 2998 1349 εὖλογήσω
3023 1294 3079 1330 σε
3108 1280 3166 1330 ὲν
3200 1280 3263 1347 τῇ
3298 1277 3407 1347 ζωῇ
3446 1295 3546 1347 μου
3567 1293 3580 1306 ⁸

759 1343 847 1398 to.
883 1344 948 1399 Et
976 1347 1028 1400 in
1053 1349 1274 1405 nomine
1299 1361 1390 1407 tuo
1419 1354 1608 1410 levabo
1637 1375 1829 1417 manus
1859 1379 2026 1420 meas.

2425 1369 2511 1423 10.
2548 1369 2658 1422 Καὶ
2681 1370 2738 1421 ἐν
2761 1367 2836 1438 τῷ
2859 1343 3093 1437 ήόνόματί
3125 1385 3218 1420 σου
3239 1343 3499 1438 ἀρῶ
3531 1368 3723 1438 χεῖράς
3758 1385 3885 1439 μου.

762 1433 850 1487 11.
884 1434 1039 1491 Sicut
1079 1439 1234 1509 adipe
1279 1451 1332 1497 et
1375 1444 1702 1514 pinguedine
1750 1451 2019 1520 repleatur
2068 1454 2244 1509 anima

2426 1462 2514 1516 11.
2552 1461 2639 1524 Ὠς
2687 1463 2750 1513 ἐκ
2798 1433 3017 1524 στέατος
3061 1462 3154 1514 καὶ
3203 1433 3458 1531 πιότητος
3508 1433 3920 1533 ὲ-μπλησθείηή

685 1540 805 1581 mea
833 1546 845 1581 ε

2350 1553 2492 1624 ψυχή
2527 1569 2647 1624 μου·

750 1619 835 1674 12.
865 1618 931 1675 Et
955 1621 1115 1679 labiis
1148 1628 1532 1688 exsultationis
1567 1633 1811 1692 laudabit
1839 1653 1903 1694 os
1933 1656 2139 1698 meum.
2365 1618 2374 1622 γ

2365 1618 2374 1622 γ
2528 1618 2649 1697 ⁷Καὶ
2684 1645 2835 1714 χείλη
2871 1643 3244 1713 ἀγαλλιάσεως
3267 1644 3470 1698 αἰνέσει
3499 1644 3558 1698 τὸ
3584 1645 3759 1716 στόμα
3795 1664 3919 1716 μου.

753 1713 838 1768 13.
873 1712 929 1768 Si
966 1732 1175 1773 memor
1219 1719 1298 1776 {ui
1334 1724 1409 1777 tui
1453 1741 1618 1797 super
1664 1739 1893 1788 stratum
1929 1751 2106 1790 meum
2129 1777 2144 1802 ,
2190 1737 2243 1793 iu

2419 1739 2501 1792 15.
2538 1738 2600 1789 El
2634 1712 3036 1808 ἐμνημονευσόν
3071 1755 3164 1789 σου
3205 1737 3297 1789 ἐπὶ
3338 1740 3436 1809 τῆς
3473 1712 3763 1810 στρωμνῆς
3796 1712 3920 1809 μου,

681 1806 961 1863 matutinis
989 1810 1292 1868 meditabar
1313 1817 1366 1869 in
1392 1827 1462 1871 te.

2350 1833 2406 1885 ἐν
2427 1833 2540 1894 τοῖς
2575 1806 2790 1903 δρΘἽροις
2819 1830 3088 1901 ἐμελέτων
3115 1832 3195 1894 εἰς
3224 1831 3283 1883 σέ
3303 1847 3315 1861 ·

749 1897 834 1950 1-1.
867 1899 1004 1966 Quia
1034 1902 1183 1959 fuisti
1209 1907 1427 1977 adjutor
1455 1928 1606 1970 meus
1636 1938 1649 1972 :
2279 1905 2323 1960 Β

2279 1905 2323 1960 Β
2425 1923 2511 1976 14.
2552 1897 2964 1994 ’ότι-ἐγενήθης
2999 1923 3191 1994 βοηθός
3227 1940 3357 1994 μου·

749 1987 836 2042 15.
869 1989 934 2045 Ει
962 1993 1013 2047 in
1041 1997 1344 2055 velamento
1372 2004 1584 2060 alarum
1615 2017 1831 2066 tuarum
1869 2017 2174 2074 exsultabo.

2420 2017 2507 2070 15.
2535 2016 2645 2069 Καὶ
2670 1987 3049 2088 ὲν-τῇυσδιέττῃ
3075 1987 3181 2068 τῶν
3220 1987 3508 2088 τττερύγων
3537 2033 3632 2070 σου
3661 2015 3929 2086 ἀγαλλιά-

2347 2127 2531 2182 σομαι.

749 2171 831 2226 16.
869 2173 1106 2234 Adhaesit
1139 2183 1320 2238 anima
1361 2202 1480 2243 mea
1527 2202 1648 2261 post
1678 2203 1728 2250 te
1758 2215 1772 2250 :

2415 2171 2507 2260 16.
2551 2202 2842 2274 Ἐκολλήθη
2867 2205 2900 2273 ἡ
2934 2203 3077 2272 ψυχή
3109 2219 3209 2272 μου
3228 2200 3400 2254 ὀπίσω
3435 2217 3528 2254 σου
3551 2218 3563 2232 ·

747 2263 837 2317 17.
871 2264 954 2322 Me
977 2279 1159 2326 autem
1189 2281 1430 2349 suscepit
1455 2281 1646 2340 dextra
1674 2297 1789 2342 tua.

2423 2297 2512 2351 17.
2559 2294 2722 2366 Ἐμοῦ
2755 2263 2812 2346 δὲ
2832 2263 3165 2347 'eézéxéis'aéo
3194 2294 3226 2361 ὴ
3269 2291 3418 2356 δεξιά
3446 2309 3559 2346 σου.

749 2355 980 2430 18.1ρεί
1042 2379 1170 2421 vero
1231 2368 1289 2423 in
1345 2386 1547 2428 vanum
1614 2379 1948 2447 quaesierunt
2010 2383 2248 2444 animam

2240 2407 2248 2444 ι
2417 2391 2501 2446 18.
2528 2355 2694 2443 Αὐτοὶ
2718 2389 2774 2442 δὲ
2802 2391 2881 2451 εἰς
2916 2389 3090 2457 μάτην
3113 2355 3386 2457 ἐζήτησαν
3415 2383 3514 2457 τὴν
3540 2384 3722 2456 ψυχήν
3753 2403 3856 2455 μου
3874 2402 3888 2417 ·

676 2460 852 2501 meam
882 2466 894 2480 °

1785 2611 2160 2669 ATHANASII
2199 2613 2785 2672 INTERPRETATIO.

674 2757 847 2808 ποντι,
885 2741 1051 2798 Θέλων
1082 2747 1405 2821 ἐπιστρέψαι
1432 2753 1527 2808 καὶ
1554 2754 1727 2810 ἐλθεῖν
1749 2761 1841 2814 ἐπὶ
1863 2762 1924 2816 τὸ
1954 2763 2234 2837 βάπτισμα
2260 2809 2275 2834 ,
2311 2766 2474 2823 πάλιν
2499 2768 2639 2838 μετὰ
2671 2767 2752 2839 (1)
2783 2767 3064 2841 βάπτισμα
3090 2762 3446 2837 ἡμαρτηκὼς,
3474 2764 3568 2820 καὶ
3597 2764 3767 2819 θέλων
3825 2782 3924 2838 με·

672 2834 928 2905 τανοῆσαι
953 2836 1096 2906 λέγει
1131 2841 1220 2894 τὸν
1243 2843 1456 2916 ψαλμὸν
1482 2849 1690 2905 τοῦτον.

673 2926 978 2999 deﬁciente,
1012 2947 1134 2988 cum
1163 2935 1275 2990 vult
1302 2942 1569 3007 converti,
1598 2952 1652 2997 et
1677 2945 1861 3001 venire
1889 2947 1954 3001 ad
1980 2949 2271 3019 baptisma,
2299 2959 2354 3006 et
2383 2966 2576 3008 rursus
2611 2959 2732 3022 post
2762 2950 3030 3022 baptisma
3067 2967 3190 3006 cum
3227 2950 3551 3022 peccaverit,
3580 2959 3636 3005 et
3655 2951 3773 3004 vult
3801 2966 3918 3022 pce—

673 3023 953 3082 nitentiam
987 3045 1167 3100 agere,
1191 3033 1324 3088 dicit
1346 3035 1492 3091 hunc
1521 3038 1817 3106 psalmum.

738 3121 792 3174 2.
830 3122 1166 3180 Desideravit
1191 3134 1240 3183 te
1274 3129 1452 3186 anima
1481 3148 1620 3188 mea.
2259 3147 2305 3209 C

2259 3147 2305 3209 C
2404 3145 2459 3198 2.
2494 3142 2838 3214 Ἐπεθύμησὲ
2869 3159 2926 3194 σε
2959 3144 2991 3213 ἡ
3019 3140 3162 3211 ψυχή
3198 3155 3320 3209 μου.

746 3210 802 3264 5.
844 3211 1205 3284 Multiplicitcr
1237 3219 1734 3282 innumerabiliter.

1544 3226 1734 3282 uiliter.
2406 3237 2459 3291 5.
2493 3210 2770 3306 Ποσαχῶς⁷
2784 3210 3192 3305 ἀναριῦνμήτωξ.

741 3300 796 3356 4.
832 3303 1097 3370 Quoniam
1132 3325 1388 3380 tanquam
1434 3317 1568 3372 nihil
1617 3335 1738 3375 sum
1785 3338 1970 3378 coram
2004 3335 2056 3380 te
2097 3343 2111 3380 ε
2158 3327 2234 3381 si-

2409 3329 2461 3382 ι.
2506 3300 2745 3391 Ὄτινιῦς
2773 3300 2925 3380 οὐδέν
2980 3300 3091 3396 εἰμι
3127 3323 3354 3378 ἐνώπιόν
3389 3341 3517 3377 σου·
3564 3324 3753 3395 ἐπειδὴ
3793 3323 3913 3380 οὒτε

671 3392 891 3461 quidem
925 3412 1103 3468 neque
1135 3402 1311 3469 radix,
1341 3420 1518 3474 neque
1546 3407 1668 3476 ﬂos,
1711 3427 1886 3482 neque
1919 3412 2126 3470 fructus
2157 3425 2238 3471 est

2041 3424 2126 3470 tus
2157 3425 2238 3471 est
2344 3421 2489 3492 ῥίζα,
2518 3421 2639 3475 οὔτε
2675 3420 2856 3484 ἄνθος,
2889 3417 3010 3473 οὒτε
3036 3416 3246 3488 καρπός
3273 3418 3420 3469 ἐστιν
3452 3418 3509 3469 ὲν
3541 3415 3683 3487 ἐμοί.

673 3500 726 3536 ιη
763 3501 868 3541 me.

742 3577 796 3632 5.
833 3576 923 3635 Sic
943 3581 995 3635 in
1025 3582 1186 3639 domo
1212 3598 1397 3644 sancta
1423 3599 1513 3646 tua
1546 3597 1750 3653 accessi
1774 3599 1839 3654 ad
1880 3609 1954 3655 te.

2411 3596 2462 3651 5.
2499 3596 2683 3662 Οὖτως
2711 3601 2768 3652 ὲν
2794 3597 2872 3670 τῷ
2901 3598 3034 3669 οἴκῳ
3068 3597 3146 3668 (2)
3181 3595 3259 3666 τῷ
3288 3594 3428 3665 ἁγίῳ
3462 3611 3556 3646 σου
3603 3593 3908 3666 προσῆλθόν

2340 3706 2421 3743 σοι

744 3752 796 3806 6.
836 3752 901 3808 Ut
930 3757 1198 3815 discerem
1231 3767 1685 3824 resurrectionem
1745 3785 1894 3826 tuam
1944 3784 1999 3830 et
2029 3777 2239 3846 passio-

2412 3779 2466 3835 6.
2504 3779 2609 3832 Τοῦ
2642 3779 2830 3850 μαθεῖν
2857 3779 2954 3852 τὴν
2999 3779 3292 3836 ἀνάστασιν
3323 3780 3399 3849 (5i
3443 3796 3537 3833 σου
3580 3782 3675 3834 καὶ
3714 3781 3777 3834 τὸ
3807 3781 3906 3833 πά-

675 3858 798 3898 nem
823 3856 993 3903 tuam.

931 3866 993 3903 Ἦ.
2341 3873 2431 3935 θος
2465 3890 2579 3928 σου.

747 3937 797 3993 7.
831 3939 1101 4006 Quoniam
1141 3947 1312 4003 multo
1356 3951 1546 4006 melior
1602 3964 1684 4009 est
1721 3955 2088 4013 misericordis.
2150 3970 2240 4016 tua

2415 3965 2462 4019 7.
2491 3967 2612 4019 Ὅτι
2645 3965 2778 4019 πολὺ
2806 3964 3011 4034 βέλτιον
3040 3966 3099 4018 τὸ
3131 3965 3276 4028 ἔλεός
3321 3982 3412 4017 σου
3457 3965 3600 4037 ὑπὲρ
3634 3965 3734 4037 τὴν
3778 3967 3908 4022 ἀπό-

673 4047 834 4100 quam
866 4035 1168 4105 voluptates
1191 4048 1241 4095 et
1266 4041 1471 4100 divitire
1501 4047 1664 4117 hujus
1683 4051 1890 4106 smculi.

2339 4051 2547 4114 λαυσιν,
2576 4051 2668 4104 καὶ
2696 4051 2785 4104 τὸν
2811 4050 3037 4103 πλοῦτον
3065 4051 3158 4105 τοῦ
3194 4051 3387 4114 αἰῶνος
3421 4051 3629 4106 τούτου.

743 4123 795 4176 8.
829 4123 994 4182 Labia
1013 4130 1196 4187 cordis
1220 4135 1323 4190 mei
1356 4135 1657 4194 laudabunt
1691 4149 1761 4194 te.

2411 4146 2464 4199 8.
2501 4143 2580 4197 Τὰ
2605 4144 2756 4216 χείλη
2783 4146 2882 4215 τῆς
2905 4145 3130 4216 καρδίας
3159 4162 3258 4216 μου
3282 4146 3657 4216 ἀνυμνήσουσί
3688 4165 3766 4200 σε.

747 4212 800 4268 9.
833 4214 1080 4288 Semper.

2409 4237 2464 4291 9.
2497 4212 2813 4300 Διατταντδς.

747 4307 834 4361 10.
870 4308 1096 4364 [utendo
1131 4314 1199 4367 ad
1232 4323 1281 4368 te
1316 4331 1410 4370 cor
1437 4333 1639 4374 meum.

2416 4327 2501 4380 10.
2545 4329 2835 4382 Ἀνατείνω
2865 4329 3000 4400 πρὸς
3028 4330 3087 4383 σὲ
3119 4329 3215 4400 τὴν
3245 4330 3468 4400 καρδίαν
3504 4347 3626 4401 μου.

744 4399 830 4452 11.
863 4399 1046 4457 Gratia
1085 4413 1196 4459 tua.
2271 4489 2297 4492 _

2271 4489 2297 4492 _
2415 4421 2501 4474 ιι.
2532 4421 2610 4491 Τῇ
2638 4420 2819 4492 χάριτί
2849 4399 2938 4476 σον
2965 4422 3061 4492 (4).

743 4491 827 4546 12.
862 4493 1038 4551 Corde
1059 4500 1365 4557 exsultante
1401 4502 1644 4559 laudabit
1683 4515 1732 4561 te
1759 4524 1820 4563 os
1849 4526 2051 4570 meum.
2270 4489 2313 4542 Β

2270 4489 2313 4542 D
2412 4513 2497 4566 12.
2531 4489 2893 4584 Τῆςίῗκαρδίας
2927 4489 3360 4584 ἀγαλλιωμένης,
3389 4513 3593 4565 αἰνέσει
3636 4514 3695 4566 τὸ
3733 4515 3907 4587 στόμα

2381 4622 2462 4659 Ου.

2341 4623 2390 4676 μι

742 4667 828 4722 13.
861 4668 920 4724 Si
955 4674 1256 4729 meminero
1301 4679 1377 4732 tui
1421 4680 1473 4732 in
1513 4683 1694 4751 quiete
1737 4685 1935 4742 anima:
1986 4707 2141 4760 meas,
2185 4695 2237 4749 in

2341 4623 2496 4752 “0:55.
2535 4695 2658 4750 Ἐὰν
2706 4694 3060 4768 μνημονεύσω
3093 4711 3184 4747 σου
3231 4694 3286 4747 ὲν
3316 4697 3381 4765 τῇ
3422 4696 3626 4766 ἡσυχίᾳ
3671 4697 3772 4767 τῆς
3807 4700 3905 4769 ψυ-

672 4763 944 4818 mandatis
971 4766 1080 4820 tuis
1110 4767 1433 4828 meditabor.

2339 4791 2440 4859 χῆς
2467 4805 2590 4860 μου,
2628 4789 2684 4842 ἐν
2707 4763 2829 4850 τοῖξ
2853 4785 3236 4857 προστάγμασι
3270 4763 3693 4860 σοοήμελετῆσω.

745 4857 829 4910 11.
860 4858 995 4924 Quia
1032 4878 1248 4933 semper
1303 4864 1356 4919 in
1415 4869 1685 4926 mandatis
1732 4873 1840 4926 tuis
1890 4878 2238 4936 corroboravi

2341 4857 2371 4859 Si
2533 4883 2651 4936 Ὅτι
2682 4883 2768 4935 ἀεὶ
2801 4883 2858 4934 ὲν
2885 4883 2996 4945 τοῖς
3025 4879 3404 4951 προστάγμασί
3436 4899 3528 4934 σου
3565 4857 3903 4954 ἐνεδυνάμω-

670 4961 776 5003 me.

2343 4974 2411 5028 σά
2434 4991 2500 5046 με
2527 4974 2625 5044 (5).

744 5041 829 5096 15.
860 5042 925 5097 Et
954 5045 1005 5098 in
1033 5046 1245 5103 duobus
1267 5049 1373 5106 tuis
1397 5050 1759 5112 Testamentis
1786 5059 2091 5117 exsultabo.

2411 5041 2494 5122 {-5.
2528 5041 2637 5120 Καὶ
2670 5067 2728 5118 ἐν
2749 5067 2868 5130 ταῖς
2895 5064 3012 5119 δυσί
3045 5081 3134 5117 σου
3160 5063 3456 5135 Διαθήκαις
3481 5064 3901 5142 ἀγαλλιάσομαι..

740 5135 826 5190 16.
861 5136 1098 5210 Vestigia
1125 5151 1214 5197 tua
1239 5155 1512 5214 sequetur.

2412 5161 2497 5214 16.
2528 5161 2653 5222 Τοῖς
2682 5160 2851 5230 ῐχνεσί
2882 5175 2973 5211 σου
3000 5156 3418 5229 ὲξακολουθήσει
3442 5157 3542 5228 (6).

743 5230 829 5286 17.
860 5231 939 5285 Tu
966 5246 1146 5289 autem
1175 5238 1288 5306 ipse
1318 5240 1593 5298 deduxisti
1627 5259 1712 5300 me
1734 5246 1956 5303 dextera
1987 5258 2096 5304 tua.

1987 5258 2096 5304 tua.
2415 5251 2498 5303 17.
2532 5249 2704 5313 Αὐτὸς
2733 5249 2788 5302 δὲ
2817 5248 3102 5319 ὼδήγησάς
3126 5264 3193 5318 με
3225 5249 3290 5318 τῇ
3314 5246 3467 5320 δεξιᾷ
3493 5264 3610 5306 σου.

739 5323 827 5380 18.
854 5322 1158 5384 υωῐηοηοε.

2413 5342 2498 5396 18.
2533 5343 2594 5395 Οἱ
2617 5341 2885 5412 δαίμονες.

1612 5543 1918 5609 Addenda
1948 5554 2007 5609 et
2038 5547 2412 5626 corrigenda
2458 5562 2535 5605 ex
2565 5545 2707 5605 cod.
2743 5543 2942 5603 Vatic.

840 5690 992 5782 gaza.
1022 5691 1105 5782 Eb,
1137 5702 1250 5782 ιρις.
1325 5773 1335 5782 ι
1391 5766 1404 5782 1
1507 5777 1517 5782 ι

2651 5697 2876 5782 χάριτός
2900 5713 3013 5782 σου.

844 5761 990 5851 ἱδρῷ..
1021 5763 1187 5851 Ρουῐό
1220 5773 1336 5834 post
1375 5766 1522 5824 deest
1555 5785 1668 5822 σου.

1443 5777 1522 5824 ρει
1555 5785 1668 5822 σου,
2528 5761 2964 5851 ςξνεδὺνάμξυσάς
3001 5785 3088 5839 με.

744 5831 817 5900 (5)
864 5831 1342 5903 Ἀνάπαυσίηέῑα

1337 5882 1342 5891 .
2412 5831 2487 5911 (6)
2528 5831 2985 5914 Ἑξακολοίδθήοω.
