4174 6480
722 412 825 473 899
1564 412 1622 469 8.
1664 414 2032 470 ATIIANASII
2073 416 2221 469 OPP.
2268 416 2451 472 PARS
2489 417 2578 471 ΙΙΙ.
2623 449 2686 457 -
2730 418 3143 475 EXEGETICA.
3862 418 3962 472 900

797 530 879 587 12.
913 530 1150 587 Scrutati
1187 541 1312 588 sunt
1344 530 1679 599 iniquitatem
1708 551 1721 587 :
2308 542 2354 598 Α

1618 548 1679 586 rm
1708 551 1721 587 :
2308 542 2354 598 Α
2453 536 2541 591 12.
2571 535 2966 607 Ἑξηρεύνηταν
2996 536 3224 608 ἀνομίαν
3254 553 3266 566 ·

794 625 877 677 13.
918 624 1238 679 Defecerunt
1273 633 1578 680 scrutantes
1608 626 1892 681 scrutinio.

2458 629 2542 683 15.
2570 628 2842 693 Ἐξέλιπον
2869 630 3254 700 ἐξερευνῶντες
3286 629 3677 701 ὲξερευνήσεις.

792 715 877 769 14.
915 717 1146 771 Accedet
1172 717 1332 771 homo
1355 756 1368 777 ,
1398 727 1449 770 et
1480 732 1574 771 eor
1608 718 1932 785 profundum
1960 738 1973 773 :

2458 722 2545 778 14.
2587 722 3010 791 Προσελεύσεται
3044 723 3347 795 ἄνθρωπος,
3378 724 3473 776 καὶ
3498 722 3696 793 καρδία
3734 721 3956 792 βαθεῖα·

792 807 877 861 15.
916 806 980 861 Et
1012 808 1335 862 exaltabitur
1368 807 1525 862 Deus.

2457 819 2543 872 15.
2586 819 2695 871 Kal
2723 818 3065 889 ὑψωθήσεται
3093 821 3122 872 6
3152 819 3302 881 Θεὸς.

799 896 885 950 16.
921 894 1511 967 Sagittmparvulorum
1544 897 1696 953 facta:
1721 907 1849 953 sunt
1870 899 2037 969 plagae
2058 915 2245 955 eorum
2271 921 2281 955 :

2232 918 2245 953 |
2271 921 2281 955 τ
2460 909 2544 964 16.
2589 910 2748 974 Βέλος
2775 911 2982 981 νηπίων
3017 911 3352 982 ἐγενήθησαν
3372 913 3428 965 αἱ
3460 910 3668 981 πληγαὶ
3694 910 3876 963 αὐτῶν

791 984 878 1040 17.
919 985 983 1039 Et
1011 988 1292 1042 inﬁrmata:
1331 998 1457 1043 sunt
1487 999 1676 1043 contra
1716 1005 1809 1044 eos
1845 989 2040 1060 lingua:
2072 1006 2284 1046 eorum.

2458 1005 2540 1058 17.
2582 1006 2689 1057 Kal
2714 1005 3073 1077 ὲξησθένησαν
3098 1006 3185 1059 ἐπ’
3202 1006 3396 1069 αὐτοὺς
3422 1008 3476 1058 αἱ
3497 1005 3740 1073 γλῶσσαι
3759 1004 3960 1060 αὐτῶν.

788 1076 872 1129 18.
906 1077 1224 1132 Conturbati
1278 1090 1405 1134 sunt
1451 1096 1676 1145 omnes,
1722 1082 1814 1151 qui
1854 1083 2106 1137 videbant
2139 1099 2233 1139 eos
2270 1102 2282 1137 :

2270 1102 2282 1137 ε
2458 1095 2544 1149 18.
2571 1096 2981 1167 Ἐταράχοησαν
3016 1097 3214 1161 πάντες
3238 1097 3289 1149 οἱ
3317 1095 3648 1167 Θεωροῦντες
3680 1095 3878 1161 αὐτούς
3899 1113 3912 1126 ·

792 1168 877 1221 19.
922 1167 985 1223 Et
1015 1170 1191 1223 timuit
1224 1172 1403 1225 omnis
1437 1173 1623 1227 homo.

2458 1188 2543 1243 19.
2586 1163 2660 1260 (ιι)
2831 1163 3070 1261 ἐιροϐήθη
3104 1192 3211 1255 πᾶς
3236 1163 3541 1261 ἄνθρωπος.

789 1258 879 1312 20·
916 1259 980 1354 ξι
1006 1261 1465 1354 ίξηηυηίίίινοτυηί
1487 1279 1649 1334 Opem
1675 1264 1793 1330 θεῖε
2456 1282 2547 1338 20.
2588 1258 2696 1337 Kal
2729 1258 3068 1354 ἀνήγγειλιιν⁷
3086 1284 3155 1338 τὰ
3184 1284 3318 1353 ἔργα
3340 1258 3439 1338 τοῦ
3473 1283 3632 1346 Θεοῦ,

788 1353 877 1406 21.
916 1351 979 1405 Et
1012 1352 1149 1407 facta
1178 1356 1295 1424 ejus
1327 1356 1724 1411 intellexerunt.

2456 1377 2547 1431 21.
2586 1378 2696 1431 Kal
2725 1377 2792 1430 τὰ
2818 1351 3098 1449 ποιήματα
3129 1351 3292 1430 αὐτοῦ
3324 1377 3585 1447 συνῆκαν.

789 1445 879 1499 22.
914 1445 1208 1501 Laetabitur
1224 1448 1405 1517 justus
1423 1449 1475 1502 in
1501 1450 1750 1517 Domino,
1775 1459 1828 1506 et
1856 1452 2094 1522 sperabit
2116 1453 2169 1509 in
2186 1468 2249 1509 eo
2271 1473 2284 1507 :

2456 1468 2546 1522 22.
2586 1445 3033 1540 Εὐφρανθήσεται
3065 1467 3269 1530 δίκαιος
3299 1469 3355 1519 ἐν
3388 1445 3464 1537 τῷ
3496 1467 3707 1538 Κυρίῳ,
3739 1466 3837 1520 καί
3877 1466 3965 1519 ἐλ-

2388 1565 2502 1615 πιεί
2532 1563 2618 1615 ἐπ’
2645 1562 2804 1615 αὐτόν
2824 1578 2837 1591 ·

786 1623 875 1678 23.
914 1624 980 1679 Et
1009 1627 1372 1681 laudabuntur
1401 1643 1593 1684 omnes
1626 1632 1758 1685 recti
1796 1630 1983 1687 corde.

2456 1654 2544 1709 25.
2586 1656 2693 1709 Kal
2711 1653 3156 1723 ἐπαινεθήσονται
3179 1653 3378 1715 πάντες
3392 1653 3442 1704 οἱ
3459 1651 3635 1714 εὐθεῖς
3659 1653 3727 1721 τῇ
3744 1651 3964 1723 καρδία.

718 1776 783 1832 1η
823 1780 1001 1847 ﬁnem,
1040 1782 1272 1850 psalmus
1306 1783 1500 1835 cantici
1532 1782 1698 1837 David
1737 1802 1753 1838 :
1800 1786 2085 1853 (canticum
2135 1785 2286 1839 lere-

2389 1772 2492 1835 Εἰς
2512 1771 2577 1823 τὸ
2611 1769 2801 1836 τέλος,
2824 1766 3067 1837 ψαλμὸς
3090 1764 3247 1834 ᾠδῆς
3279 1765 3359 1831 τῷ
3387 1764 3563 1819 Δαϐίδ
3580 1782 3594 1795 ·
3632 1763 3776 1835 (ᾠδὴ
3804 1765 3966 1833 Ἰερε-

787 1868 907 1921 mite
936 1878 983 1921 et
1025 1868 1335 1933 Ezechielis,
1360 1872 1423 1922 de
1444 1872 1622 1939 populi
1647 1874 2103 1943 transmigratione
2121 1888 2290 1943 quan-

2451 1866 2593 1935 μίου
2639 1865 2735 1919 καὶ
2785 1861 3053 1929 Ἰεζεκιὴλ
3098 1859 3204 1915 τοῦ
3258 1859 3409 1914 λαοῦ
3460 1858 3570 1927 τῆς
3612 1858 3965 1927 παροικίας,

787 1956 854 2008 do
883 1958 1167 2026 profecturi
1194 1958 1391 2028 erant.)
1438 1956 1637 2012 I’SAL.
1677 1958 1885 2017 LXIV.
2317 1952 2360 2008 Β

2317 1952 2360 2008 Β
2458 1960 2556 2014 ὅτε
2584 1958 2843 2028 ἔμελλον
2871 1954 3345 2023 ἐκπορεύεσθαι.)
3382 1955 3558 2007 ΨΑΛ.
3586 1951 3706 2009 ΞΝ.

786 2068 836 2123 1.
875 2069 950 2126 Te
977 2071 1131 2129 decet
1156 2074 1409 2145 hymnus.
1440 2072 1598 2135 Deus,
1638 2074 1690 2126 in
1731 2072 1861 2129 Sion
1890 2093 1901 2128 :

2458 2074 2509 2128 1.
2549 2072 2640 2127 Σοὶ
2666 2072 2863 2145 πρέπει
2895 2069 3083 2141 ὕμνος,
3115 2070 3144 2124 6
3168 2066 3319 2135 Θεὸς,
3349 2068 3407 2123 ὲν
3434 2066 3591 2123 Σιὼνθ

791 2252 863 2325 (a)
904 2251 1056 2309 Vers.
1090 2256 1175 2317 19,
1204 2255 1294 2323 20,
1323 2256 1426 2309 sub
1461 2258 1620 2311 unico
1647 2270 1798 2310 num.

1832 2406 2206 2464 ATHANASII
2245 2406 2831 2464 INTERPRETATIO.

788 2584 876 2638 12.
911 2584 967 2639 In
1008 2584 1344 2654 philosophia
1394 2582 1642 2653 quaedam
1685 2598 1937 2654 perversa
1979 2585 2279 2658 loquuntur

2460 2585 2641 2640 12.‘Ev
2664 2585 2949 2658 φιλοσοφίᾳ
2971 2587 3078 2640 τινὶ
3097 2586 3504 2659 διεστραμμένα
3524 2586 3745 2643 λαλοῦσι
3773 2588 3851 2660 (1)
3877 2607 3969 2644 κα-

719 2680 905 2727 contra
938 2672 1137 2727 Deum.

2386 2677 2457 2731 τὰ
2488 2677 2581 2731 τοῦ
2612 2678 2842 2750 Κυρίου.

788 2763 875 2820 13.
910 2765 1192 2822 Perierunt
1222 2767 1424 2821 nullam
1453 2777 1757 2834 quaerentes
1780 2768 2085 2823 veritatem.

1976 2784 2085 2823 em.
2464 2772 2551 2826 13.
2571 2770 2877 2825 Ἀπώλοντο
2909 2770 3197 2843 ζητοῦντες
3226 2772 3379 2827 οὐδὲν
3407 2772 3624 2845 ἀληθές.

789 2858 876 2913 14.
905 2857 1093 2914 Veniet
1120 2860 1185 2914 ad
1220 2858 1466 2913 homines
1498 2858 1755 2915 habentes
1783 2860 2012 2930 gratiam
2045 2860 2101 2916 in
2126 2858 2278 2917 Scri-

2253 2891 2278 2902 -
2459 2867 2545 2920 11.
2565 2864 2880 2918 Ἑλεύσεται
2906 2864 3041 2935 πρὸς
3067 2865 3193 2928 τοὺς
3225 2864 3543 2935 ἀνθρώπους
3578 2868 3705 2931 τοὺς
3745 2866 3901 2938 ἔχοντ

727 2949 944 3050 pulli“;
1032 3040 1163 3050 .
1238 3040 1287 3050 ..
1409 3040 1443 3050 -
1579 3042 1678 3050 ..
1758 3044 1767 3050 .
2310 2993 2353 3050 ο

1579 3042 1591 3050 .
1758 3044 1767 3050 ,
2310 2993 2353 3050 C
2386 2960 2546 3030 Χάριν
2574 2957 2650 3028 (ὶ)
2676 2958 2736 3009 ὲν
2766 2957 3186 3050 ταῖςῗιέραφαίς.

787 3041 875 3095 15.
906 3039 967 3094 Et
995 3040 1384 3110 glorilicabitur
1408 3040 1549 3097 Deus
1579 3042 1633 3096 in
1668 3044 1823 3113 ipsis.
2315 3039 2353 3050 “

2315 3039 2353 3050 “
2466 3050 2549 3105 15.
2589 3050 2700 3103 Kal
2731 3048 3121 3119 δοξασθήσεται
3155 3051 3183 3102 6
3211 3049 3341 3112 Θεὸς
3367 3050 3423 3103 ἐν
3454 3050 3636 3113 αὐτοῖς
3667 3050 3768 3122 (5).

789 3130 873 3186 16.
911 3130 1079 3186 Verba
1107 3132 1251 3187 enim
1282 3149 1471 3187 eorum
1501 3134 1814 3188 existimata
1838 3145 1996 3189 acuta
2031 3150 2172 3201 esse,
2202 3136 2285 3190 in-

2459 3141 2548 3197 16.
2591 3138 2672 3192 Τὰ
2707 3141 2925 3211 ῥήματα
2966 3140 3071 3209 γὰρ
3111 3138 3289 3192 αὐτῶν
3315 3139 3384 3192 τὰ
3410 3141 3737 3211 νομιζόμενα
3769 3143 3968 3213 ἠκονη-

720 3224 872 3278 lirma
904 3224 1253 3278 inveniuntur
1279 3234 1467 3279 contra
1499 3225 1774 3281 hominem
1809 3226 1924 3283 Dei.

2394 3233 2531 3304 μένα
2585 3227 2722 3285 εἷναι
2771 3231 2846 3301 (4)
2890 3231 3155 3300 ἀνίσχυρα
3202 3230 3544 3302 εὑρίσκονται
3571 3233 3707 3303 πρὸς
3750 3233 3843 3286 τὸν
3874 3232 3967 3287 τοῦ

2390 3324 2524 3379 Θεοῦ
2555 3323 2861 3395 ἄνθρωπον.

790 3402 879 3458 17.
912 3401 978 3457 Et
1009 3403 1217 3459 confusi
1242 3416 1370 3461 sunt
1401 3408 1454 3461 in
1486 3409 1733 3463 doctrina
1760 3424 1972 3464 eorum.

2462 3418 2550 3470 17.
2591 3416 2701 3470 Kal
2734 3412 3182 3485 κατῃσχύνθησαν
3207 3416 3264 3467 ἐν
3288 3417 3355 3485 τῇ
3380 3415 3697 3488 διδασκαλίᾳ
3729 3416 3928 3471 αὐτῶν.

799 3493 879 3548 18.
899 3493 1307 3564 Obstupuerunt
1335 3511 1523 3552 omnes
1558 3499 1651 3567 qui
1690 3513 1785 3553 ens
1818 3498 1990 3552 vietos
2018 3497 2282 3553 viderunt.

2465 3510 2552 3563 18.
2571 3508 2953 3573 Ἐξενὶσθησαν
2987 3506 3184 3571 πάντες
3225 3508 3275 3559 οἱ
3321 3507 3556 3579 ὁρῶντες
3583 3509 3780 3573 αὐτοὺς
3808 3512 3968 3582 ἡττη-

2394 3599 2601 3653 θέντας.

2394 3618 2443 3653 σε

795 3671 882 3736 19,
902 3671 993 3728 20.
1028 3671 1095 3727 Et
1122 3673 1349 3728 miratus
1370 3683 1455 3729 est
1482 3690 1662 3730 omms
1690 3691 1873 3740 nomo,
1898 3686 1952 3731 et
1993 3676 2065 3731 ita
2109 3676 2244 3731 dixit
2270 3696 2282 3730 :

2394 3618 2550 3653 υεντα
2588 3640 2601 3653 .

2464 3618 2667 3758 19,ςὲ0.
2711 3694 2818 3745 Καὶ
2860 3692 3138 3764 ἐθαύμασε
3180 3694 3289 3756 πᾶς
3330 3692 3638 3765 ἅνθρωπος,
3672 3695 3768 3749 καὶ
3818 3691 3965 3748 εἶπεν

723 3764 905 3821 Gratia
936 3765 1029 3821 Dei
1056 3776 1139 3822 est
1169 3769 1222 3821 in
1257 3768 1477 3824 homine
1517 3770 1609 3823 oui
1637 3771 1926 3826 confundit
1974 3772 2281 3828 haereticos.

2393 3787 2585 3851 οὕτως·
2616 3789 2787 3859 Χάρις
2806 3788 2898 3840 τοῦ
2926 3788 3062 3841 Θεοῦ
3086 3791 3234 3841 ἐστιν
3270 3790 3417 3860 ἐντῷ
3444 3788 3717 3861 ἀνθρώπῳ
3737 3791 3813 3856 τῷ
3838 3809 3964 3845 κατ-

2394 3878 2700 3948 αισχύνοντι
2730 3879 2854 3942 τοὺς
2886 3878 3213 3949 αἱρετικούς.

906 3942 973 4044 Et
1002 3944 1277 4044 veritatem
1314 3945 1404 4000 Dei
1437 3958 1828 4044 cognoverunt.
2594 3974 2701 4025 Kal
2732 3974 2830 4044 τὴν
2860 3942 3114 4043 ἀλήθειαν
3142 3971 3235 4024 τοῦ
3264 3970 3400 4024 Θεοῦ
3434 3972 3774 4042 ἐπέγνωσαν.

788 4034 875 4088 22.
910 4034 1211 4092 Exsultabit
1236 4040 1397 4093 homo
1423 4040 1514 4109 qui
1549 4040 1828 4097 hwreticos
1858 4044 2155 4113 superavit.

2463 4066 2553 4120 22.
2573 4034 2990 4135 ’Λγαλλιάσεται
3029 4068 3057 4120 6
3097 4064 3383 4137 ἄνθρωπος
3415 4066 3517 4137 (5),
3606 4071 3735 4132 τοὺς
3764 4070 3961 4142 αἱρετι-

2396 4158 2523 4220 κοὺς
2555 4161 2797 4229 νικήσας.

795 4234 881 4287 23.
916 4232 977 4287 Et
1014 4236 1373 4291 laudabuntur
1404 4253 1593 4293 omnes
1640 4241 1733 4310 qni
1766 4252 1909 4298 recte
1945 4246 2188 4315 cogitant
2220 4248 2287 4302 de

2462 4250 2550 4302 23.
2592 4252 2698 4303 Καὶ
2720 4250 3164 4321 ἐπαινεθήσονται
3198 4252 3397 4316 πάντες
3424 4254 3473 4306 οἱ
3503 4253 3683 4324 ὀρθῶς
3710 4252 3964 4325 φρονοῦν-

726 4325 974 4381 Domino.
2321 4357 2362 4409 υ

2321 4357 2362 4409 υ
2393 4357 2481 4402 τες
2511 4341 2638 4392 περὶ
2671 4341 2762 4393 τοῦ
2794 4342 3018 4395 Κυρίου.

804 4482 867 4536 '11
898 4488 1226 4559 προκειμένη
1255 4489 1532 4562 ὲπιφραφὴ
1560 4493 1800 4563 περιέχει
1829 4493 1926 4565 (6)·
1960 4500 2064 4563 Εἰς
2102 4498 2167 4551 τὸ
2200 4500 2392 4567 τέλος,
2417 4505 2452 4570 15

2314 4505 2656 4573 9c,1$'a1p6q
2691 4504 2849 4573 ᾠδῆς
2894 4505 2975 4571 τῷ
3022 4507 3216 4560 Δαϐίδ.
3252 4506 3423 4561 Τοῦτο
3467 4503 3564 4563 οὖν
3618 4509 3799 4579 λέγει·
3830 4511 3962 4581 ὑπὲρ

724 4573 830 4627 τῶν
863 4576 1156 4644 μελλόντων
1295 4582 1535 4650 ἐσχάτων
1560 4584 1666 4637 τῶν
1707 4586 1931 4657 ἡμερῶν
1953 4589 2161 4655 γίνεται
2190 4591 2268 4659 (7)
2299 4592 2401 4644 ὑπὸ
2436 4593 2529 4645 τοῦ
2568 4596 2772 4665 Κυρίου
2807 4600 2834 4650 6
2870 4596 3077 4669 ψαλμὸς
3113 4598 3213 4669 τῆς
3239 4599 3379 4670 ᾠδῆς
3412 4601 3619 4674 ταύτης
3646 4602 3862 4673 εἴρηται
3888 4601 3964 4668 τῷ

724 4666 918 4731 Δαϐὶδ,
945 4671 1216 4724 τουτέστιν
1246 4672 1324 4737 τῷ
1356 4674 1539 4739 ἱκανῷ
1568 4675 1639 4744 τῇ
1674 4678 1843 4746 χείρ),
1873 4680 1930 4741 ὃς
1956 4680 2072 4732 ἐστι
2102 4681 2305 4752 Κύριος
2331 4684 2359 4733 6
2385 4683 2516 4746 Θεὸς
2538 4686 2715 4755 ἡμῶν.

802 4780 1013 4837 Titulus
1041 4785 1359 4852 przeposilus
1387 4790 1627 4842 continet
1655 4808 1668 4843 :
1701 4790 1769 4842 In
1796 4791 1973 4859 ﬁnem,
2000 4792 2233 4861 psalmus
2262 4796 2456 4848 cantici
2492 4795 2678 4851 David.
2710 4797 2821 4853 Hoc
2851 4799 3012 4869 igitur
3041 4800 3306 4870 signiﬁcat
3339 4822 3353 4859 :
3380 4820 3480 4873 pro
3524 4806 3591 4861 iis
3632 4820 3755 4877 qua:
3780 4806 3960 4861 futura

728 4888 852 4932 sunt
896 4879 947 4931 in
994 4880 1303 4937 novissimis
1328 4884 1517 4940 diebus
1551 4896 1609 4941 ut
1632 4887 1761 4942 ﬁant
1793 4905 1821 4942 a
1856 4888 2107 4957 Domino,
2135 4894 2377 4961 psalmus
2422 4895 2617 4949 cantici
2655 4896 2819 4965 hujus
2864 4896 3062 4951 dicitur
3109 4896 3301 4961 David,
3336 4898 3439 4952 hoc
3474 4905 3558 4953 est
3604 4916 3762 4953 manu
3812 4901 3962 4971 forti,

728 4978 903 5045 qualis
933 4984 1014 5031 est
1040 4975 1303 5034 Dominus
1334 4977 1476 5036 Deus
1506 4994 1707 5039 noster.

806 5129 849 5182 l.
881 5129 956 5187 Te
1005 5134 1156 5190 decet
1209 5138 1461 5208 hymnus,
1505 5140 1674 5206 Deus,
1720 5142 1775 5196 in
1826 5143 1990 5200 corde
2036 5146 2278 5203 sitienti:

2464 5152 2516 5203 1.
2557 5152 2646 5203 Σοὶ
2674 5152 2871 5223 πρέπει
2903 5153 3089 5224 ὕμνος,
3115 5157 3141 5208 ὀ
3163 5155 3314 5219 Θεὸς,
3341 5160 3399 5211 ἐν
3428 5159 3954 5233 καρδξᾳδιψώσῃβγ

730 5216 855 5273 Sion
880 5224 1023 5278 enim
1058 5226 1437 5299 interpretatur
1467 5233 1671 5286 sitiens.

2391 5241 2546 5296 Σιὼν
2571 5244 2680 5316 γὰρ
2706 5245 3065 5316 ἑρμηνεύεται
3088 5246 3344 5316 διψῶσα.

1680 5420 1987 5487 Addenda
2016 5430 2077 5487 et
2108 5426 2484 5508 corrigenda
2516 5446 2594 5489 ex
2628 5431 2770 5492 cod.
2807 5430 3011 5493 Valle.

802 5574 879 5672 ἐξ)
916 5578 1273 5672 Mite???-
1320 5659 1334 5672 .
1379 5659 1400 5672 .
1439 5658 1463 5672 .
1685 5659 1706 5672 .
1903 5666 1914 5672 _
2466 5600 2541 5672 (δ)
2563 5602 2878 5672 ’Ἀνθρωπος
2906 5607 3128 5667 ἐκεῖνος.

1088 5653 1281 5719 αὐτοὺς
1311 5659 1339 5711 6
1371 5658 1653 5731 ἄνθρωπος
1682 5659 1820 5731 ἔχων
1853 5666 2034 5739 χάριν,
2070 5678 2177 5724 etc.
3298 5691 3427 5749 mp.

833 5786 869 5799 ..
917 5784 980 5799 ...
1002 5749 1087 5790 '1‘
1155 5794 1166 5799 ,
2629 5761 2749 5794 ινεσ.
2774 5762 2848 5797 αι.

801 5744 875 5781 ψ)
913 5744 1087 5790 nutu).

801 5786 875 5856 (4)
908 5784 1095 5855 Εἶναι,
1137 5794 1303 5852 deest,

2464 5744 2543 5806 (7)
2583 5744 2848 5797 Γίνεσθαι.

1252 5804 1303 5852 :t.
2465 5809 2543 5882 (8)
2584 5813 2798 5883 Διψώοῃ
2824 5831 2900 5868 σε.
