4174 6494
255 433 356 488 901
1121 428 1209 483 DE
1251 426 1521 483 TlTULIS
1555 425 1996 482 PSALMORRM.
2029 457 2097 465 —
2135 425 2298 481 PSAI
2357 424 2538 482 LXIV.

329 545 385 598 2.
425 542 534 596 Καὶ
561 542 642 595 σοὶ
665 540 1053 614 ἀποδοθήσεται
1086 541 1217 613 εὐχὴ
1251 543 1308 595 ἐν
1341 542 1707 614 Ἰερουσαλήμ.

329 633 386 689 5.
423 633 752 688 Είσάκουσον
779 632 1084 706 προσευχῆς
1113 650 1232 704 μου,
1261 634 1394 706 πρὸς
1424 635 1482 688 σὲ
1512 635 1662 688 πᾶσα
1685 633 1819 706 σὰρξ

251 726 398 796 ἥξει·

326 819 380 872 4.
420 819 580 887 Λόγοι
608 819 819 890 ἀνόμων
853 818 1338 890 ὑπερεδυνάμωσαν
1365 820 1531 890 ἡμᾶς.

327 910 381 963 5.
422 910 530 963 Καὶ
556 913 671 973 ταῖς
699 909 971 972 ἀσεϐείαις
1000 910 1155 980 ἡμῶν
1191 911 1254 964 σὺ
1289 911 1467 983 ἱλάσῃ.

326 1001 380 1054 6.
422 1003 725 1072 Μακάριος,
757 1000 814 1054 ὃν
840 1001 1083 1066 ἐξελέξω,
1115 1003 1208 1055 καὶ
1240 1003 1571 1074 προσέλαϐου
1590 1017 1605 1034 '

327 1089 379 1142 7.
417 1091 840 1160 Κατασκηνώσει
871 1093 926 1143 ἐν
958 1095 1076 1154 ταῖς
1109 1092 1298 1154 αὐλαῖς
1331 1109 1444 1145 σου.

326 1180 382 1235 8.
423 1181 852 1254 Πλησθησόμεθα
878 1184 934 1234 ἐν
958 1186 1069 1247 τοῖς
1095 1183 1316 1252 ἀγαθοῖς
1344 1185 1436 1238 τοῦ
1463 1185 1608 1238 οῖκου
1637 1201 1726 1238 σου
1748 1203 1760 1215 ο

323 1271 378 1327 9.
399 1273 582 1338 ’Λγιος
616 1276 643 1326 6
669 1275 792 1336 ναός
815 1290 930 1340 σου,
963 1274 1267 1346 Θαυμαστὸς
1301 1280 1358 1329 ἐν
1381 1276 1708 1347 δικαιοσύνῃ.

325 1364 412 1418 1ο.
441 1367 770 1420 Ἐπάκουσον
792 1367 969 1437 ἡμῶν,
999 1368 1027 1420 6
1054 1367 1185 1432 Θεὸς
1211 1370 1238 1421 6
1264 1369 1451 1440 Σωτὴρ
1477 1368 1655 1439 ἡμῶν,

326 1455 411 1509 11.
439 1457 501 1509 Ἡ
533 1457 685 1519 ἐλπὶς
714 1457 928 1511 πάντων
948 1458 1053 1511 τῶν
1076 1459 1326 1531 περάτων
1345 1460 1440 1531 τῆς
1461 1463 1561 1530 γῆς
1593 1459 1686 1513 καὶ
1709 1461 1813 1512 τῶν

245 1549 308 1599 ἐν
343 1548 579 1620 θαλάσσῃ
610 1551 843 1621 μακράν.

323 1638 411 1694 12.
438 1639 765 1711 Ἐτοιμάζων
797 1641 896 1712 ὅρη
925 1643 982 1694 ἐν
1013 1645 1080 1713 τῇ
1111 1641 1251 1712 ἰσχύϊ
1278 1643 1463 1709 αὐτοῦ,

320 1729 408 1784 15.
449 1730 889 1801 Περιεζωσμένος
922 1733 977 1785 ἐν
1003 1732 1308 1806 δυναστείᾳ.

320 1818 407 1873 14.
435 1819 492 1872 '0
521 1820 904 1892 συνταράσσων
929 1822 989 1875 τὸ
1020 1822 1179 1886 κύτος
1211 1825 1310 1894 τῆς
1343 1824 1635 1895 θαλάσσης,

317 1913 408 1967 15.
425 1913 626 1981 Ἤχους
648 1915 905 1985 κυμάτων
933 1915 1102 1988 αὐτῆς
1127 1917 1208 1980 τίς
1248 1918 1641 1986 ὑποστήσεταις

319 2000 404 2053 16.
442 2002 883 2075 Ταραχθήσονται
919 2007 987 2060 τὰ
1022 2007 1169 2078 ἔθνη,
1221 2009 1312 2062 καὶ
1344 2008 1735 2079 φοϐηθήσονται
1763 2012 1810 2064 oi

240 2091 623 2157 κατοικοῦντες
650 2095 716 2149 τὰ
743 2096 951 2168 πέρατα
983 2097 1089 2150 ἀπὸ
1115 2096 1222 2150 τῶν
1249 2099 1490 2170 σημείων
1519 2117 1611 2153 σου
1631 2116 1644 2129 ⁸

316 2183 404 2238 17.
451 2185 690 2251 Ἐξόδους
723 2188 954 2259 πρωῖας,
985 2190 1080 2243 καὶ
1114 2190 1349 2260 ἑσπέρας
1377 2189 1612 2262 τέρψεις.

315 2275 404 2329 18.
437 2277 742 2350 Ἐπισκέψω
766 2279 862 2351 τὴν
892 2284 1014 2350 γῆν,
1050 2282 1142 2334 καὶ
1179 2282 1446 2352 ἐμέθυσας
1474 2283 1640 2354 αὑτήν
1660 2299 1672 2312 °

321 2365 407 2420 19.
437 2365 772 2440 Ἐπλήθυνας
803 2369 896 2424 τοῦ
925 2370 1204 2424 πλουτίσαι
1233 2373 1421 2446 αὑτήν.

3369 427 3473 483 902

1847 550 1891 605 Α
1985 541 2038 595 2.
2075 541 2138 595 Et
2167 543 2261 596 tibi
2288 542 2536 597 reddetur
2561 548 2743 594 votum
2780 539 2835 595 in
2871 540 3232 598 Hierusalem.

1987 635 2040 690 5.
2080 634 2283 691 Exaudi
2333 635 2633 690 orationem
2685 649 2897 700 meam,
2941 635 3010 690 ad
3051 645 3102 690 te
3139 634 3317 690 omnis
3345 650 3468 690 caro

1916 728 2112 783 veniet.

1983 815 2038 870 4.
2077 815 2248 871 Verba
2281 816 2588 886 iniquorum
2622 818 3015 888 przevaluerunt
3040 832 3203 885 super
3231 831 3330 872 nos
3357 835 3370 871 :

1985 907 2035 961 5.
2072 907 2136 960 Et
2166 909 2526 977 impietatibus
2554 910 2754 964 nostris
2780 919 2834 963 tu
2859 907 3259 978 propitiaberis.

1985 998 2036 1053 6.
2073 998 2288 1066 Beatus,
2319 1017 2481 1070 quem
2513 1002 2720 1072 elegisti
2747 1012 2796 1056 ct
2819 1001 3161 1072 assumpsisti
3189 1019 3202 1054 :

1985 1093 2034 1146 7.
2068 1095 2391 1149 lnhabitabit
2422 1096 2474 1149 in
2507 1097 2658 1150 atriis
2687 1099 2814 1151 tuis.

1981 1184 2032 1238 8.
2069 1184 2420 1256 Replebimnr
2449 1191 2503 1241 in
2535 1188 2692 1242 bonis
2721 1189 2915 1242 domus
2941 1196 3085 1242 tum:

1983 1277 2034 1331 9.
2077 1277 2335 1332 Sanctum
2372 1280 2628 1348 templum
2653 1289 2824 1344 tuum,
2853 1278 3098 1332 mirabile
3121 1277 3173 1330 in
3198 1276 3466 1346 aequitate.

1987 1370 2070 1425 10.
2111 1371 2312 1425 Exaudi
2341 1388 2472 1440 nos,
2512 1373 2648 1427 Deus
2680 1372 2924 1426 Salvator
2951 1380 3152 1437 noster,

1981 1462 2065 1514 11.
2101 1461 2234 1532 Spes
2259 1465 2500 1518 omnium
2531 1465 2718 1518 [inium
2760 1474 2944 1527 tet-rte,
2982 1472 3034 1517 et
3071 1479 3258 1518 eorum
3293 1461 3383 1532 qui
3411 1459 3467 1513 in

1913 1550 2048 1603 mari
2089 1551 2265 1617 longe.

1981 1640 2067 1694 12.
2107 1639 2422 1711 Prmparans
2450 1653 2658 1698 montes
2692 1645 2743 1697 in
2777 1645 2972 1698 virtute
3000 1658 3098 1698 sua

1983 1731 2067 1786 15.
2101 1732 2390 1789 Accinctus
2421 1736 2654 1805 potentia
2687 1754 2700 1789 :

1977 1821 2062 1875 14.
2104 1821 2206 1888 Qui
2242 1825 2536 1878 conturbas
2567 1824 2891 1894 profundum
2933 1839 3133 1887 maris,

1842 1889 1882 1944 Β
1983 1915 2066 1968 15.
2102 1913 2300 1969 Sonum
2331 1889 2589 1970 ﬂuctuum
2619 1916 2736 1984 ejus
2766 1916 2888 1984 quis
2910 1913 3232 1968 sustinebit?

1983 2007 2070 2061 16.
2103 2007 2488 2062 Turbabuntur
2520 2017 2736 2076 gentes,
2778 2018 2830 2062 et
2870 2007 3138 2063 timebunt
3176 2005 3270 2076 qui
3313 2004 3464 2060 babi-

1910 2108 2025 2154 tant
2055 2101 2314 2155 terminos
2337 2116 2365 2154 a
2392 2100 2561 2170 signis
2594 2100 2700 2154 tuis
2730 2116 2742 2153 :

1985 2189 2066 2243 17.
2099 2189 2287 2245 Exitus
2314 2191 2581 2254 matutini,
2606 2201 2660 2245 et
2688 2205 2911 2260 vespere
2940 2188 3254 2245 delectabis.

1987 2280 2071 2335 18.
2111 2280 2355 2336 Visitasti
2382 2291 2605 2347 terram,
2629 2292 2682 2336 et
2709 2282 2987 2336 inebriasti
3012 2296 3130 2337 eam
3158 2298 3174 2334 :

1983 2373 2067 2428 19.
2101 2373 2465 2445 Multiplicasti
2496 2374 2818 2445 locupletare
2841 2388 2984 2429 eam.

1365 2549 1735 2605 ATHANASII
1777 2549 2350 2608 lNTERPRETATIO.

311 2708 366 2760 2.
409 2708 518 2761 Καὶ
558 2710 616 2760 ἐν
647 2710 712 2779 τῇ
745 2707 888 2780 ψυχῇ
911 2711 977 2779 τῇ
1007 2709 1188 2783 ὁρώσῃ
1219 2726 1276 2762 σε
1305 2709 1691 2782 ἀποδοθήσεταί
1725 2727 1805 2764 σοι

1979 2711 2032 2764 2.
2070 2709 2135 2765 Et
2161 2710 2342 2764 anima
2379 2708 2594 2766 vidente
2637 2719 2688 2766 te
2729 2711 2979 2765 reddetur
3006 2708 3098 2762 tibi
3133 2710 3343 2766 oratio:
3371 2709 3460 2766 Je-

239 2799 393 2870 εύχή·
421 2798 803 2870 Ἰερουσαλὴμ
819 2800 926 2871 γὰρ
945 2801 1300 2872 ἑρμηνεύεται
1321 2801 1526 2871 ὅρασις
1540 2801 1801 2870 εἰρήνης.

1425 2816 1526 2867 ῖσις
1540 2801 1801 2870 εἰρήνης.
1911 2805 2137 2857 rusalem
2166 2804 2308 2858 enim
2346 2803 2729 2874 interpretatur
2753 2804 2882 2857 visio
2908 2804 3073 2872 pacis.

316 2892 368 2946 5.
411 2891 742 2948 Εῑσάκουσον
772 2895 869 2967 τῆς
903 2895 1207 2966 προσευχῆς
1238 2912 1360 2966 μου,
1394 2896 1474 2950 ὅτι
1514 2894 1803 2965 πάντεςτῷ

1981 2894 2034 2948 3.
2058 2893 2263 2948 Exaudi
2290 2895 2590 2949 orationem
2621 2910 2822 2958 meam,
2849 2897 3103 2965 quoniam
3125 2909 3313 2951 omnes
3338 2903 3462 2951 ante

241 2983 449 3054 βήματι
482 3002 574 3038 σου
601 2986 1058 3057 παραστησόμεθα
1097 2985 1194 3057 (1).

1049 3004 1058 3039 ι
1097 2985 1194 3057 (1).
1907 2983 2173 3040 tribunale
2203 2995 2354 3038 tuum
2379 2991 2697 3040 statuemur.

313 3078 366 3131 ξ.
396 3076 460 3130 ’11
487 3077 673 3149 διδαχὴ
703 3078 796 3131 τοῦ
825 3078 1067 3132 διαϐόλου
1087 3079 1306 3131 καὶτῶν
1335 3080 1620 3150 ὑπουργῶν
1640 3078 1803 3132 αὑτοῦ

1975 3078 2028 3131 4.
2058 3076 2312 3131 Doctrina
2361 3075 2560 3131 diaboli
2596 3086 2650 3132 et
2688 3076 3060 3132 ministrorum
3106 3077 3224 3146 ejus
3256 3093 3458 3148 praeva-

239 3166 526 3236 κατίσχυεν
553 3166 629 3236 (2)
669 3166 842 3236 ήμῶν.

723 3166 842 3218 ιῶν.
1911 3172 2010 3226 luit
2037 3180 2222 3226 eontra
2254 3186 2371 3225 nos.

313 3255 442 3309 5.Ὀ
472 3255 668 3326 ’Δμνὸς
711 3254 804 3308 τοῦ
842 3255 975 3309 Θεοῦ
1010 3257 1039 3310 6
1066 3254 1235 3326 αἴρων
1266 3255 1364 3328 τὴν
1399 3254 1668 3327 ἁμαρτίαν
1712 3255 1806 3308 τοῦ

1574 3254 1668 3308 τίαν
1712 3255 1806 3308 τοῦ
1983 3259 2036 3315 5.
2066 3261 2251 3330 Agnus
2283 3259 2374 3313 Dei
2400 3260 2492 3328 qui
2529 3259 2664 3314 tollit
2694 3267 2975 3329 peccatum
3011 3258 3222 3315 mundi.

236 3349 468 3418 κόσμου.
1828 3337 1875 3402 C

307 3439 362 3494 6.
403 3438 684 3510 Μακάριος
727 3438 786 3492 ὃν
832 3439 1046 3511 ἐρῤύσω
1073 3441 1136 3494 ἐκ
1163 3439 1238 3512 (5)
1267 3440 1374 3494 τῶν
1401 3439 1684 3511 ἁμαρτιῶν
1713 3440 1808 3494 αὑ-

238 3529 355 3595 τοῦ,
388 3532 482 3584 καὶ
504 3531 773 3600 ἐφύλαξας
799 3533 981 3585 αὐτόν.

313 3622 366 3677 7.
386 3621 477 3675 Ἐν
504 3625 625 3684 ταῖς
650 3623 892 3685 αἰωνίαις
924 3622 1309 3678 ἀναπαύσεσιν.

310 3713 364 3768 8.
382 3713 818 3783 Ἐμπλησθῶμεν
846 3714 956 3768 τῶν
987 3713 1369 3784 δικαιωμάτων
1401 3713 1495 3767 τοῦ
1532 3715 1658 3767 λαοῦ
1688 3731 1802 3770 σου.

315 3804 368 3858 9.
388 3803 448 3858 '0
473 3804 601 3866 λαὸς
615 3805 640 3855 6
675 3803 944 3857 πιστεύων
964 3805 1043 3867 εἰς
1060 3804 1137 3868 σὲ,
1158 3806 1212 3856 ἐν
1229 3798 1308 3866 οἷς
1329 3805 1491 3867 αὐτὸς
1516 3807 1802 3868 κατοικεῖς.

317 3895 401 3950 10.
445 3893 884 3968 Πρόσδεξαιτοὺς
914 3896 1114 3966 ὕμνους
1134 3898 1165 3966 ἡ
1177 3895 1311 3966 μῶν,
1345 3893 1440 3959 οὓς
1471 3912 1551 3948 σοι
1575 3896 1807 3966 προσφέ-

238 4007 428 4064 ρομεν.

315 4083 401 4136 11.
443 4082 563 4135 Τῶν
593 4081 862 4134 Ἰουδαίων
896 4079 1121 4133 καὶτῶν
1157 4078 1325 4132 ἐθνῶν
1359 4077 1594 4135 πάντων.

314 4171 402 4225 19.
443 4169 727 4224 Ταπεινῶν
753 4168 851 4232 τάς
884 4167 1130 4230 ἐναντίας
1163 4167 1436 4237 δυνάμεις.

312 4263 398 4317 15.
420 4261 745 4333 Ἐρχόμενος
774 4261 830 4314 ἐν
860 4259 1164 4330 δυναστείᾳ.

310 4357 398 4411 ﬂ.
426 4357 484 4410 Ὀ
503 4355 799 4428 συπρίὸων
821 4355 881 4408 τὺ
905 4353 1070 4426 κέρας
1099 4351 1190 4406 τοῦ
1217 4352 1474 4423 ἄρχοντος
1493 4349 1584 4404 τοῦ
1602 4351 1802 4420 κόσμου

230 4448 449 4504 1τούτου.

312 4540 400 4594 15.
442 4539 551 4603 Τάς
569 4537 830 4599 ὑποϐολὰς
845 4535 950 4589 τῶν
967 4534 1222 4600 ἐξουσιῶν
1239 4534 1328 4588 τοῦ
1355 4533 1545 4605 ἐχθροῦ
1571 4533 1651 4596 τίς
1671 4534 1801 4587 ὐπο-

281 4634 432 4699 έρει;

235 4651 400 4779 φεῖ
419 4675 675 4794 ἶἘμφοὸα
705 4722 940 4794 ἐντρομα
966 4718 1042 4789 (4)
1091 4719 1407 4789 γενήσονται
1449 4716 1514 4769 τά
1549 4715 1674 4787 ἔθνη
1696 4717 1803 4770 ἀπὸ
1832 4683 1874 4736 D

1800 4743 1803 4763 ι
1832 4683 1874 4736 Ῐ)
1975 4712 2059 4768 16.
2090 4711 2313 4766 Timidze
2352 4725 2416 4766 ac
2455 4711 2674 4781 trepidae
2700 4711 2827 4767 ﬂent
2856 4720 3044 4783 gentes
3082 4711 3151 4766 ob
3184 4710 3448 4765 mirabilia

233 4818 348 4871 τῶν
381 4816 672 4886 θαυμάτων
707 4829 821 4878 σου,
849 4806 924 4866 ὦν
952 4811 1271 4881 ἀκηκόασιν.

857 4806 924 4866 ὧν
952 4811 1271 4881 ἀκηκόασιν.
1903 4815 1994 4860 tua
2017 4821 2137 4876 quae
2164 4805 2505 4860 audiverunt.

314 4909 398 4964 17.
419 4907 508 4960 Ἐν
539 4906 614 4978 τῷ
645 4905 783 4976 φωτί
816 4921 908 4958 σου
936 4903 1221 4971 ἐξαγάγεις
1242 4900 1308 4953 τά
1336 4901 1484 4972 ἔθνη,
1529 4900 1622 4952 καὶ
1650 4900 1707 4952 ἐν
1739 4901 1803 4968 τῇ

1800 4923 1803 4967 ι
1977 4898 2062 4952 17.
2090 4896 2146 4950 ln
2176 4897 2296 4952 luce
2336 4907 2426 4951 tua
2454 4894 2642 4950 edums
2678 4904 2881 4963 gentes,
2911 4895 3068 4955 etin
3106 4907 3448 4950 consumma-

239 4999 520 5071 συντελείᾳ
550 4997 642 5052 τοῦ
673 4997 862 5060 αἰῶνος
902 4994 1206 5066 πληρώσεις
1239 4993 1377 5046 αύτά
1404 4991 1804 5061 ἀγαλλιάσεται.

1416 4991 1804 5061 ὶγαλλιάσεται.
1909 4990 2054 5045 tione
2092 4988 2272 5043 saeculi
2305 4987 2550 5056 implebis
2578 5001 2669 5042 eas
2691 4988 3064 5042 exsultatione.

313 5091 547 5148 18.Ἐπὶ
598 5091 697 5161 τῆς
742 5088 848 5160 γῆς
882 5085 1086 5157 ὤφθης,
1119 5085 1212 5138 καὶ
1258 5083 1435 5154 πάσης
1475 5082 1808 5153 εὐφροσύνης

1798 5098 1808 5143 ς
1979 5079 2146 5133 18.1η
2180 5088 2318 5133 terra
2361 5078 2510 5134 visus
2558 5094 2636 5144 es,
2673 5087 2727 5133 et
2753 5079 2900 5133 omni
2951 5079 3133 5134 laetitia
3179 5075 3446 5148 replevisti

238 5185 378 5255 ἐπλή
389 5200 564 5256 ρωσας
587 5183 712 5244 τοὺς
735 5179 830 5233 ἀνθ
841 5177 1071 5251 ρώπους.

515 5200 564 5246 ις
587 5183 712 5244 τοὺς
735 5177 1071 5251 ἀνθρώπους.
1903 5171 2163 5228 homines.

317 5277 401 5332 19.
421 5272 757 5346 Ἐπλήθυνας
771 5271 838 5324 τά
854 5267 1166 5340 χαρίσματά
1191 5285 1284 5320 σου
1310 5268 1367 5320 ἐν
1391 5267 1457 5336 τῇ
1481 5262 1800 5334 Ἐκκλησία.

1481 5262 1800 5334 Ἐκκλησία.
1977 5262 2063 5316 19.
2099 5263 2462 5333 Multiplicasti
2498 5263 2640 5316 dona
2673 5269 2762 5316 tua
2789 5261 2840 5314 in
2874 5261 3128 5319 Ecclesia.

1978 3450 2028 3504 ὁ.
2060 3448 2256 3504 Beatus
2301 3462 2461 3518 quem
2497 3446 2734 3502 liberasti
2779 3463 2808 3502 a
2836 3447 3068 3518 peccatis
3099 3447 3234 3515 suis,
3273 3457 3325 3503 et
3356 3463 3458 3503 cu-

1908 3542 2118 3602 stodisti
2150 3558 2294 3597 eum.

1981 3637 2031 3690 7.
2067 3635 2120 3687 In
2141 3634 2357 3688 aeternis
2383 3632 2697 3703 refrigeriis.

1974 3724 2026 3778 8.
2056 3715 2890 3794 Replebimurjustilicationibus
2920 3721 3104 3790 populi
3147 3723 3244 3775 tui.

1976 3813 2028 3868 9.
2061 3812 2296 3882 Populus
2321 3811 2547 3867 credens
2573 3812 2625 3865 in
2658 3821 2729 3877 te,
2758 3811 2809 3863 in
2849 3810 2964 3879 ipso
2995 3818 3049 3862 tu
3083 3809 3315 3864 habitas.

1977 3903 2062 3958 10.
2095 3901 2294 3974 Excipe
2317 3903 2546 3974 hymnos
2569 3911 2804 3968 nostros,
2832 3917 2972 3972 quos
3015 3902 3112 3956 tibi
3157 3901 3451 3958 oﬂ’crimus.

1977 4080 2060 4134 11.
2097 4078 2406 4134 Iudaeorum
2430 4088 2483 4132 et
2513 4078 2752 4132 omnium
2784 4078 3048 4148 gentium.

1977 4171 2062 4226 12.
2095 4169 2396 4225 Humilians
2421 4170 2721 4224 contrarias
2750 4176 3068 4239 potestates.

1977 4261 2064 4314 15.
2092 4258 2326 4315 Veniens
2353 4259 2406 4312 in
2431 4259 2688 4328 potentia.

1970 4350 2058 4406 14.
2085 4350 2378 4407 Conterens
2410 4364 2579 4405 cornu
2603 4349 2860 4420 principis
2883 4349 3070 4404 mundi
3095 4349 3280 4420 hujus.

1974 4534 2060 4589 15.
2086 4531 2316 4589 Insidias
2337 4541 2660 4604 potestatum
2684 4531 2887 4587 inimici
2914 4531 3038 4601 quis
3062 4530 3384 4586 sustinebit?

1191 5443 1497 5505 Addenda
1529 5448 1588 5500 et
1626 5439 1996 5518 corrigenda
2031 5458 2103 5498 ex
2139 5441 2276 5501 cod.
2313 5439 2508 5500 Vatic.

314 5577 392 5646 (1)
411 5574 842 5646 Παριστάμεθα.
859 5571 1119 5646 11131131⁵8.
1147 5569 1270 5625 cod.
1285 5567 1399 5622 haec
1429 5567 1686 5646 leguntur
1695 5579 1794 5646 Iro-

787 5591 842 5646 ρ.
859 5571 1119 5646 11131131⁵8.
1147 5569 1270 5625 cod.
1285 5567 1399 5622 haec
1429 5567 1794 5646 leguntur'eo-
1969 5567 2043 5646 (ἓ)
2065 5567 2320 5646 Ἰῇατίσχυ
2330 5583 2433 5619 σεν.

236 5632 386 5705 deus,
410 5632 741 5708 charactere,
769 5643 859 5696 Ἐν
905 5632 1100 5716 ἄλλοιςξ
1139 5632 1632 5716 παραστησόμεθα..
1672 5632 1793 5716 Hice

567 5632 741 5708 icter'c,
769 5643 859 5696 Ἐν
905 5632 1100 5716 ἄλλοιςξ
1139 5632 1632 5716 παραστησόμεθα..
1672 5632 1793 5716 Hice

237 5698 740 5778 autemhadnotatio'
779 5711 1013 5767 ostendit
1041 5698 1571 5778 v'e'tustatem'bujus
1623 5707 1790 5778 inter-

1969 5698 2188 5778 (ἀλκαὶ
2240 5707 2472 5778 ἔντρομα
2517 5706 2827 5778 γενήσονται
2869 5702 2934 5778 τά
2974 5698 3257 5778 ἐθ-νηηκα)
3295 5699 3353 5751 ὲν
3384 5700 3447 5757 τῆ

239 5770 566 5860 pretationis
613 5801 729 5860 seu_
761 5781 1151 5860 commentarii,
1190 5779 1343 5850 cujus
1377 5770 1555 5845 plures
1580 5776 1790 5829 codices

1767 5789 1790 5825 s
1900 5770 2174 5846 συντελείᾳ
2204 5777 2294 5828 τοῦ
2323 5770 2837 5844 αἰῶνοςπληρώσῃς
2863 5773 2996 5826 αὐτὰ
3027 5770 3412 5838 ἀγαλλιάσεως.

243 5852 372 5915 mss.
408 5856 606 5914 seculo
635 5872 684 5908 ix
712 5855 821 5922 jam
848 5852 1146 5908 exstabant.
