4174 6494
218 427 334 484 905
1107 421 1194 477 DE
1231 422 1505 479 TITULIS
1545 421 1995 478 PSALMORUM.
2031 452 2096 460 —
2137 419 2330 475 PSAL.
2374 418 2534 476 LXV.
3365 422 3470 479 906

307 542 357 596 5.
402 542 490 594 Ἐν
517 541 592 613 τῷ
616 540 808 613 πλήθει
837 540 936 610 τῆς
960 539 1240 610 δυνάμεώς
1271 555 1364 592 σου
1401 538 1689 608 ψεύσονται
1739 555 1797 591 σε
1829 545 1872 600 Α

1829 545 1872 600 Α
1971 538 2024 594 5.
2075 535 2130 591 In
2183 536 2528 591 multitudine
2573 534 2788 590 virtutis
2843 543 2950 590 tua:
2996 536 3323 591 mentientur
3367 538 3461 590 tilii

221 637 274 686 οί
306 633 487 705 ἐχθροί
520 651 630 686 σου.

590 651 630 686 α.
1907 627 2108 681 inimici
2141 627 2238 681 tui.

298 722 350 776 6.
381 725 588 796 Πᾶσα-1]
623 725 696 795 γῆ
728 723 1260 795 προσκυνησάτωσδω
1293 737 1398 785 σοι,
1429 721 1524 776 καὶ
1548 721 1801 791 oetam-

1548 721 1801 791 ψαλάτω-
1974 718 2028 773 6.
2063 718 2252 774 Omnis
2278 725 2419 772 terra
2447 719 2634 772 adoret
2683 726 2734 774 te
2757 725 2811 772 et
2836 717 3028 787 psallat
3057 719 3150 772 tibi
3178 737 3187 770 :

229 813 333 866 σάν
357 832 437 868 σοι
463 832 476 847 ’

303 905 356 958 7.
382 905 718 991 Ἰζαλάτωσαν
749 908 814 978 δὴ
844 907 920 978 τῷ
943 907 1166 977 ὀνόματί
1195 923 1310 970 σου,
1341 906 1588 975 ’Υψιστι

1576 946 1588 959 ,
1978 901 2027 953 7'.
2063 900 2334 954 Psalmum
2368 899 2511 953 dicat
2541 899 2747 952 nomini
2778 910 2897 966 tuo,
2930 899 3223 953 Altissime.

301 993 358 1048 8.
389 993 572 1059 Δεῦτε,
603 997 698 1049 καὶ
739 997 873 1048 ἴδετε
911 997 981 1048 τὰ
1015 995 1151 1066 ἔργα
1183 991 1277 1045 τοῦ
1301 991 1438 1046 Θεοῦ

1301 991 1438 1046 Θεοῦ
1975 994 2029 1048 8.
2064 994 2270 1056 Venite,
2305 992 2562 1059 ct‘ﬁ'idete
2591 1007 2750 1062 Opera
2783 991 2876 1046 Dei
2923 1010 2936 1046 :

795 1088 1114 1157 Διὰψαλμα

1219 1088 1252 1152 l-
2537 1088 2867 1159 Diapsalma.

301 1176 359 1232 9.
393 1175 481 1240 Ὠς
503 1177 732 1250 φοϐερὸς
749 1181 805 1232 ἐν
837 1179 1050 1250 βουλαῖς
1080 1176 1220 1247 ὑπὲρ
1251 1175 1375 1239 τοὺς
1407 1177 1554 1241 υἱοὺς
1584 1177 1691 1230 τῶν
1712 1178 1803 1231 ἁν-

1975 1182 2026 1237 9.
2072 1181 2247 1250 Qnam
2299 1181 2553 1236 terribilis
2609 1182 2662 1235 in
2694 1181 2939 1236 consiliis
2988 1195 3152 1250 super
3185 1179 3322 1234 ﬁlios
3375 1191 3470 1233 no-

229 1263 261 1316 θ
271 1264 488 1335 ρώπων.

1907 1276 2137 1329 minum.

309 1356 395 1410 10.
434 1357 490 1410 Ὀ
527 1355 913 1426 μεταστρέτων
942 1355 1038 1426 τὴν
1072 1356 1344 1410 Θάλασσαν
1371 1359 1448 1421 εἰς
1471 1359 1660 1430 ξηράν

1403 1359 1448 1421 ῖς
1471 1359 1660 1430 ξηράν·
1979 1367 2064 1423 10.
2095 1367 2198 1434 Qui
2234 1366 2503 1421 convertit
2536 1382 2686 1420 mare
2719 1366 2772 1420 in
2804 1367 3009 1420 aridam
3041 1387 3051 1421 :

309 1449 392 1501 11.
442 1449 529 1501 Ἑν
565 1446 791 1518 ποταμῷ
824 1446 1186 1503 διελεύσονται
1222 1448 1362 1501 ποδί.

1983 1457 2068 1510 11.
2099 1456 2152 1510 In
2190 1455 2412 1510 ﬂumine
2439 1455 2848 1525 pertransibunt
2874 1457 3026 1525 pede.

309 1542 395 1595 1‘2.
439 1542 582 1593 Ἐκεῖ
611 1539 1097 1611 εὐφρανθησόμεθα
1125 1542 1209 1594 ἐπ’
1249 1542 1419 1612 αὐτῷ,

1064 1557 1097 1592 α
1125 1542 1209 1594 ἐπ’
1249 1542 1419 1612 αὐτῷ,
1977 1549 2062 1604 12.
2089 1546 2161 1602 11ιί
2180 1548 2548 1603 laztabimurin
2571 1549 2710 1618 ipso,

311 1634 399 1688 15.
432 1633 520 1703 Τῷ
546 1631 858 1696 δεσπόζοντι
883 1635 940 1686 ὲν
959 1635 1023 1704 τῇ
1054 1633 1343 1706 δυναστείᾳ
1367 1635 1529 1688 αὑτοῦ
1559 1634 1652 1689 τοῦ
1679 1635 1806 1689 αίῶ-

1768 1636 1806 1687 i—
1980 1641 2064 1694 l3.
2096 1641 2198 1707 Qui
2226 1640 2536 1694 dominatur
2577 1639 2629 1692 in
2661 1639 2858 1693 virtute
2887 1654 2984 1693 sua
3024 1639 3076 1692 in
3113 1649 3376 1693 teternnm
3403 1657 3416 1694 :

232 1743 328 1778 νος

301 1764 399 1873 ’11η
431 1817 492 1869 Ol
520 1813 790 1886 ὀφθαλμοὶ
823 1815 985 1870 αὐτοῦ
1011 1818 1102 1870 ἐπὶ
1137 1817 1205 1871 τὰ
1228 1818 1356 1889 ἔθνη
1380 1818 1768 1873 ἐπιϐλέπουσιν
1788 1837 1801 1850 ·

1545 1820 1768 1873 ἕπουσιν
1788 1837 1801 1850 ·
1983 1817 2068 1871 14.
2095 1815 2246 1870 Oculi
2280 1818 2399 1884 eius
2436 1833 2601 1886 super
2630 1827 2816 1887 gentes
2853 1819 3149 1886 respiciunt
3177 1835 3188 1870 :

313 1911 398 1967 15.
418 1912 478 1963 Οἱ
497 1909 1023 1980 παραπικραίνοντες
1040 1910 1114 1980 μὴ
1131 1910 1484 1980 ὑψοῦσθωσαν
1504 1914 1560 1964 ἐν
1573 1914 1803 1974 ἑαυτοῖς.
1839 1893 1880 1947 Β

1839 1893 1880 1947 Β
1983 1909 2067 1963 15.
2095 1907 2197 1974 Qni
2229 1921 2554 1978 exasperant
2585 1925 2691 1962 non
2725 1911 3031 1964 exaltentur
3061 1910 3113 1962 in
3145 1910 3470 1977 semetipsis.

313 2001 395 2055 16.
427 2001 729 2068 Εὐλογεῖτε,
761 1998 908 2069 ἔθνη,
933 1999 1024 2052 τὸν
1057 1999 1188 2053 Θεὸν
1214 2001 1370 2070 ἡμῶν
1389 2019 1402 2031 ·

1981 1998 2066 2052 16.
2110 1997 2436 2064 Benedicite,
2463 2010 2669 2068 gentes,
2702 1998 2869 2054 Deum
2903 2009 3146 2054 nostrum
3178 2020 3187 2052 :

311 2095 398 2149 17.
428 2094 535 2148 Καὶ
560 2093 879 2148 ἀκουτίσατε
894 2093 992 2163 τὴν
1016 2091 1196 2162 φωνὴν
1216 2093 1314 2162 τῆς
1329 2093 1590 2156 αίνέσεως
1619 2091 1801 2146 αὐτοῦ.

1570 2110 1590 2156 ;
1619 2091 1801 2146 αὐτοῦ.
1982 2091 2067 2145 17.
2101 2090 2166 2145 Et
2199 2091 2437 2146 auditam
2476 2090 2636 2147 facite
2658 2106 2846 2146 vocem
2879 2092 3053 2147 laudis
3081 2093 3218 2160 ejus.

306 2187 395 2242 18.
431 2185 536 2238 Τοῦ
571 2184 798 2256 θεμένου
822 2185 921 2254 τὴν
949 2183 1125 2252 ψυχήν
1154 2199 1253 2252 μου
1279 2183 1357 2245 είς
1390 2180 1558 2252 ζωήν.

1982 2182 2067 2236 18.
2096 2181 2198 2248 Qui
2229 2185 2411 2252 posuit
2437 2184 2674 2237 animam
2708 2199 2884 2238 meam
2914 2183 2981 2238 ad
3006 2183 3171 2238 vitam
3199 2203 3210 2237 :

309 2279 395 2334 19.
424 2278 532 2331 Καὶ
567 2277 639 2347 μὴ
669 2275 848 2336 δόντος
870 2276 946 2338 είς
974 2273 1130 2328 σάλον
1154 2274 1279 2336 τοὺς
1313 2271 1478 2336 ¹ιοόδας
1512 2291 1632 2343 μου.

1984 2273 2068 2327 19.
2103 2272 2167 2326 Et
2197 2290 2303 2327 non
2333 2276 2479 2329 dedit
2512 2277 2563 2329 in
2596 2277 3014 2330 commotionem
3049 2277 3211 2346 pedes
3237 2291 3403 2330 meos.

309 2369 399 2424 eo.
424 2370 545 2421 Ὅτι
572 2368 894 2438 ἐδοκίμασας
915 2367 1081 2436 ἡμᾶς.
1098 2367 1126 2418 ὸ
1149 2365 1299 2431 Θεδςν
1325 2366 1612 2437 ὲ’ττίορωσσις
1635 2366 1805 2436 ἡμᾶς’

1985 2362 2073 2418 20.
2098 2362 2366 2430 Quoniam
2397 2365 2636 2435 probasti
2663 2379 2783 2427 nos,
2814 2364 2977 2430 Deus,
3005 2366 3127 2438 igne
3153 2368 3472 2420 examinasti

231 2459 313 2524 ὡς
344 2460 606 2530 πυροῦται
637 2459 698 2511 τὸ
732 2458 1016 2530 ἀργύριον.

1915 2469 2036 2522 nos,
2071 2456 2214 2512 sicut
2239 2458 2580 2511 examinator
2608 2466 2908 2526 argentum.

315 2620 392 2691 (α)
426 2620 604 2674 Codex
637 2615 808 2673 Palat.

1376 2706 1747 2763 ATHANASII
1783 2708 2356 2765 INTERPRETATIO.

317 2865 370 2922 5.
401 2867 510 2920 Kal.
532 2867 590 2920 ὲν
609 2866 686 2938 τῷ
711 2865 875 2920 πάθει
903 2866 997 2918 καὶ
1037 2863 1112 2934 (1)
1143 2865 1210 2933 τῇ
1235 2862 1524 2916 ἀναστάσει
1568 2880 1661 2916 σου
1705 2865 1804 2933 ἁρ-

1979 2862 2031 2916 5.
2060 2861 2125 2914 Et
2154 2863 2207 2916 in
2240 2867 2510 2934 passione,
2537 2875 2589 2921 et
2625 2866 2677 2920 in
2731 2869 3127 2924 resurrectione
3172 2881 3260 2924 tua
3311 2885 3470 2943 nega-

239 2959 496 3030 νήσονταί
528 2976 586 3012 σε
617 2959 747 3012 Θεὸν
767 2961 816 3011 οἱ
848 2958 1105 3011 Ἰουδαῖοι.

902 2958 1105 3011 ›υδαῖοι.
1911 2955 2046 3009 bunt
2078 2964 2128 3010 te
2165 2956 2330 3012 Deum
2359 2957 2550 3013 Judzei.

312 3050 365 3104 6.
400 3051 478 3103 Τά
507 3050 632 3121 ἔθνη
669 3051 844 3104 πάντα
877 3046 1247 3107 πιστεύσουσι,
1281 3042 1374 3094 καὶ
1418 3042 1697 3108 δοξασουσί
1724 3059 1804 3098 σε.

1684 3042 1697 3093 ί
1724 3059 1804 3098 σε.
1981 3047 2033 3100 6.
2063 3047 2262 3105 Gentes
2287 3066 2476 3107 omnes
2503 3052 2745 3118 credent,
2782 3062 2835 3106 ct
2863 3053 3242 3122 gloriticahnnt
3267 3066 3332 3109 te.

317 3143 368 3197 7.
417 3145 804 3214 ’Δνυμνήσουσι
838 3141 897 3194 τὸ
926 3137 1333 3212 μεγαλοπρεπὲς
1355 3135 1525 3206 ὄνομα
1552 3153 1643 3188 σου
1672 3137 1770 3205 (2).

1552 3153 1643 3188 σου
1672 3137 1770 3205 (2).
1986 3139 2035 3194 7.
2069 3139 2392 3196 Laudabunt
2415 3145 2759 3213 magniﬁcum
2795 3160 2989 3198 nomen
3015 3154 3187 3199 tuum.

312 3235 367 3290 8.
395 3237 472 3306 Τῇ
494 3235 687 3306 καρδίᾳ
710 3233 865 3306 ἡμῶν
883 3231 1176 3304 προσέχετε
1200 3228 1276 3299 (3)
1312 3231 1421 3291 τοῖς
1450 3226 1808 3299 δικαιώμασιν
1836 3279 1876 3335 C

1836 3279 1876 3335 C
1983 3230 2033 3283 8.
2099 3230 2368 3287 Cor-dibus
2428 3234 2622 3286 vestris
2689 3235 2946 3288 attendite
2993 3234 3472 3304 jnstiﬁcationibus

239 3326 430 3382 αὑτοῦ.
1839 3321 1876 3335 ν
1909 3321 2048 3391 ejus.

315 3420 368 3473 9.
403 3419 523 3472 Ὀτι
549 3417 584 3489 ἡ
604 3416 789 3487 διδαχὴ
811 3416 906 3486 τῆς
920 3414 1140 3486 χάριτος
1172 3412 1337 3467 αὐτοῦ
1365 3411 1678 3483 ἐνδοξοτέρα
1693 3411 1808 3464 ἐστὶ

1979 3412 2031 3467 9.
2078 3411 2344 3479 Quoniam
2389 3413 2634 3469 doctrina
2675 3417 2860 3485 gratia:
2909 3417 3026 3487 ejus
3069 3418 3352 3488 gloriosior
3391 3432 3472 3475 est

237 3510 340 3582 τῆς
376 3510 567 3580 σοφίας
594 3510 701 3562 τῶν
727 3507 1048 3578 ἀνθρώπων.

816 3507 1048 3578 Ιρώπων.
1913 3505 2148 3560 humana
2180 3506 2464 3576 sapientia.

316 3601 404 3655 10.
441 3602 498 3654 'O
531 3601 627 3670 τὴν
655 3599 927 3669 ἁμαρτίαν
966 3597 1063 3650 τοῦ
1095 3597 1302 3666 κόσμου
1330 3595 1573 3648 Θανατῶν

1423 3595 1573 3648 ἀτῶν
1984 3598 2069 3652 10.
2096 3597 2198 3664 Qui
2230 3600 2522 3653 mortiﬁcat
2551 3608 2829 3668 peccatum
2867 3599 3071 3652 mundi.

316 3691 402 3743 11.
445 3691 530 3742 Ἐν
559 3692 626 3759 τῇ
659 3688 841 3758 χάριτι
871 3686 961 3740 τοῦ
998 3687 1152 3755 ἁγίου
1200 3683 1511 3754 Πνεῦματος
1556 3681 1810 3753 ζησουσιν

1630 3699 1810 3735 σουσιν
1986 3687 2071 3740 11.
2101 3686 2156 3742 1η
2183 3689 2354 3758 gratia
2388 3689 2560 3743 sancti
2591 3688 2822 3758 Spiritus
2855 3706 3044 3744 secure
3077 3690 3273 3746 vivent.

239 3781 482 3846 ἀφόϐως.

317 3872 404 3927 12.
445 3873 532 3924 Ἐν
553 3873 616 3941 τῇ
635 3858 813 3942 χάριτί
835 3869 906 3940 (ι)
925 3869 1017 3922 τοῦ
1047 3868 1330 3939 μέλλοντος
1360 3867 1552 3932 αίῶνος
1579 3866 1812 3938 εὐφραν-

1983 3867 2150 3924 12.Ιιι
2197 3870 2369 3941 gratia
2412 3871 2623 3926 venturi
2669 3871 2850 3927 sarculi
2883 3871 3183 3926 laetabimur
3230 3873 3468 3928 videntes

240 3965 519 4036 θησόμεθα
540 3964 772 4034 ὁρῶντες
802 3962 896 4033 τὴν
927 3961 1082 4026 δόξαν
1105 3961 1200 4014 τοῦ
1227 3960 1382 4014 Θεοῦ.

629 3964 772 4025 ὺντες
802 3962 896 4033 τὴν
927 3961 1082 4026 δόξαν
1105 3961 1200 4014 τοῦ
1227 3960 1382 4014 Θεοῦ.
1914 3963 2137 4034 gloriam
2170 3964 2277 4018 Dei.

317 4057 402 4110 15.
438 4055 627 4126 Πατὴρ
648 4054 754 4126 γάρ
776 4056 890 4106 ἔστι
923 4051 1016 4106 τοῦ
1054 4052 1337 4123 μέλλοντος
1362 4052 1575 4115 αίῶνος.

1375 4052 1575 4115 ιίῶνος.
1986 4058 2074 4112 13.
2111 4057 2268 4112 Pater
2293 4059 2435 4112 enim
2467 4069 2550 4113 est
2580 4059 2791 4114 venturi
2821 4060 3023 4114 saeculi.

315 4147 403 4200 N.
428 4149 490 4201 Οί
532 4147 817 4199 ἀπόστολοι
840 4145 932 4198 ἐπὶ
953 4144 1014 4197 τὸ
1051 4145 1308 4215 κήρυγμα
1355 4143 1464 4196 τῶν
1528 4141 1697 4194 ἐθνῶν
1729 4158 1816 4196 ποι

1988 4149 2072 4203 14.
2118 4149 2361 4218 Apostoli
2411 4154 2477 4204 ad
2527 4151 2962 4219 pradicationem
3015 4151 3252 4224 gentium
3305 4153 3467 4222 proli-

245 4238 517 4313 ρεύονται.

1914 4239 2205 4294 ciscuntur.

318 4331 407 4386 15.
447 4331 504 4384 '0
532 4330 658 4393 λαὸς
684 4329 792 4382 τῶν
829 4327 1115 4392 Ἰουδαίων,
1147 4325 1222 4396 μὴ
1250 4326 1520 4397 καυχᾶσθε
1543 4325 1806 4394 λέγοντες·

1986 4331 2071 4384 15.
2122 4329 2310 4400 Populi
2358 4329 2668 4385 Iudaeorum
2721 4349 2787 4388 ne
2841 4335 3139 4404 gloriemini
3194 4337 3466 4392 dicentes°

240 4429 290 4480 Σ
291 4423 483 4493 κέρμα
526 4419 769 4491 Ἁϐραάμ
796 4421 1000 4489 ἐσμεν.

973 4437 1000 4472 ι.
1916 4422 2099 4477 Semen
2123 4423 2346 4477 Abrahae
2359 4441 2538 4478 sumus
2557 4426 2621 4480 ⁷⁸.

319 4515 404 4569 16.
430 4508 542 4566 Οὐκ
565 4512 644 4565 ἔτι
670 4513 778 4582 γὰρ
808 4511 982 4582 μόνων
1016 4509 1281 4563 Ἰουδαίων
1315 4510 1343 4562 ὁ
1370 4507 1520 4571 Θεὸς,
1549 4507 1686 4561 ἀλλὰ
1717 4507 1812 4560 καὶ

1987 4513 2074 4566 16.
2099 4512 2214 4568 Non
2249 4516 2479 4584 amplius
2499 4515 2642 4570 enim
2670 4517 2846 4571 solum
2871 4515 3179 4572 Iudaeorum
3208 4528 3289 4573 est
3307 4518 3465 4583 Deus,

240 4607 433 4663 ἐθνῶν.
1847 4617 1888 4672 ο

1847 4617 1890 4672 ο
1915 4606 2006 4660 sed
2035 4606 2198 4661 etiam
2233 4608 2467 4676 gentium
2495 4607 2558 4659 ".

319 4700 405 4752 17.
427 4698 536 4752 Καὶ
551 4694 890 4749 ὑπακούσατε
915 4693 992 4763 τῷ
1009 4693 1322 4764 κηρύγματι
1339 4693 1435 4763 τῆς
1452 4691 1608 4760 δόξης
1626 4689 1812 4744 αὐτοῦ.

1636 4689 1812 4744 αὑτοῦ.
1989 4697 2078 4753 17.
2115 4697 2180 4750 Et
2204 4699 2504 4753 auscultate
2529 4697 2895 4770 praedicationi
2925 4698 3110 4767 gloriae
3148 4701 3284 4770 ejus.

315 4790 402 4845 18.
424 4788 530 4843 Τοῦ
557 4788 951 4859 μεταγαγόντος
975 4788 1037 4839 ὲκ
1055 4786 1149 4839 τοῦ
1172 4784 1402 4838 Θανάτου
1429 4786 1508 4847 είς
1526 4783 1623 4854 τὴν
1646 4782 1811 4853 ζωήν.

1429 4786 1508 4847 είς
1526 4783 1623 4854 τὴν
1646 4782 1811 4853 ζωήν.
1989 4785 2073 4839 18.
2108 4784 2209 4851 Qui
2239 4786 2501 4842 transfert
2522 4803 2548 4839 a
2583 4796 2754 4841 mOrte
2783 4785 2836 4838 in
2869 4786 3055 4837 vitam.

314 4881 398 4936 19.
429 4883 538 4934 Καὶ
567 4879 640 4951 μὴ
669 4878 926 4942 ὲάσαντός
958 4896 1024 4950 με
1061 4878 1168 4942 ἓως
1209 4877 1394 4939 τέλους
1458 4878 1522 4947 τῇ
1572 4875 1815 4948 ἁμαρτίᾳ

1988 4877 2072 4932 19.
2106 4876 2171 4933 Et
2206 4895 2312 4934 non
2343 4895 2538 4949 passus
2565 4889 2647 4932 est
2693 4893 2780 4932 me
2823 4892 2994 4946 usque
3042 4879 3094 4929 in
3143 4877 3302 4931 ﬁnem
3351 4895 3471 4933 cum

243 4970 658 5026 συναπολέσθαι.

1916 4978 2138 5039 peccato
2169 4972 2359 5039 perire.

312 5064 402 5119 20.
443 5063 561 5115 Ὅτι
586 5061 728 5132 εῐδης
754 5057 958 5132 [εἴδες],
987 5059 1067 5110 ὅτι
1113 5057 1458 5127 ὑπακούομεν
1497 5057 1573 5121 (5)
1600 5055 1678 5126 τῷ
1711 5073 1809 5126 κη-

1984 5060 2074 5114 20.
2102 5059 2366 5128 Quoniam
2400 5063 2602 5129 vidisti,
2631 5062 2777 5133 quod
2813 5063 3250 5132 obtemperamns
3283 5062 3473 5132 prmdi-

243 5153 487 5228 ρύγματί
524 5170 616 5208 σου
637 5169 651 5182 θ
681 5153 756 5224 (6)
784 5151 962 5203 πᾶσαν
1000 5146 1340 5221 ἀκαθαρσίαν
1366 5144 1532 5201 οὖσαν
1571 5149 1628 5200 ἐν
1678 5147 1809 5215 ἡμῖν

1917 5151 2115 5204 Cationi
2172 5161 2316 5208 tum:
2365 5168 2578 5208 omnem
2626 5152 3044 5218 immunditiam,
3091 5169 3210 5222 quae
3254 5163 3368 5207 erat
3421 5155 3471 5206 in

241 5251 504 5319 ἐποίησας
536 5245 678 5318 ἡμᾶς
703 5241 1018 5297 ἀποθέσθαι.

1918 5242 2095 5300 nobis.
2125 5243 2296 5302 fecisti
2328 5256 2384 5300 ut
2413 5261 2512 5300 nos
2542 5245 2953 5314 deponeremus.

314 5360 362 5392 "
387 5358 544 5414 Joan.
577 5373 694 5420 vut,
725 5357 810 5410 35.
887 5355 932 5387 "
969 5351 1126 5408 Rom.
1159 5368 1241 5419 ιιι,
1265 5353 1354 5408 29.

1193 5489 1494 5553 Addenda
1528 5496 1590 5553 et
1627 5486 2001 5565 corrigenda
2037 5502 2116 5546 ex
2151 5487 2293 5546 cod.
2327 5478 2529 5542 Vatic.

317 5625 394 5694 (1)
435 5621 620 5694 Ἑντῷ
641 5621 854 5694 πλήθει,
885 5619 1015 5694 καί.-
1223 5686 1247 5694 _
2085 5614 2214 5694 ξῼτι
2228 5612 2382 5694 lani:
2402 5612 2482 5663 ὅτι
2516 5609 2916 5694 ὑπακοέσομξν.

425 5672 1302 5772 ῙῙι-ῥνομᾶἡσουμεγαλοπρεπῶς.
2182 5682 2270 5772 21⁸.
2293 5672 2511 5772 iidem:
2692 5672 3168 5772 ῌὰἒξὲ-ᾝγαγες
3207 5678 3352 5748 ἡμᾶς
3397 5675 3476 5738 sl;

412 5749 719 5905 posset...
1111 5749 1123 5760 ’
1913 5755 1963 5808 τὶ

1913 5749 2007 5825 τὴν
2039 5749 2292 5818 ’σύνταξίν
2319 5767 2431 5804 σου.
2471 5750 2534 5805 Ν.
2566 5750 2653 5804 25.
2700 5749 2989 5815 Ἤλιγεας,
3011 5760 3114 5802 etc.

562 5925 832 5984 Ρλτιιοι..
880 5915 1000 5975 (in.
1054 5913 1317 5974 XXVII.

3108 5900 3179 5963 29
