4174 6482
719 408 821 463 907

785 522 874 578 21.
902 520 1161 577 lnduxistl
1193 536 1292 577 nos
1327 522 1381 575 in
1407 521 1660 591 laqueum
1688 540 1700 576 :

784 616 872 670 22.
904 616 1141 671 Posuisti
1167 616 1546 671 tribulationes
1580 617 1635 670 in
1663 617 1824 671 dorso
1852 625 2078 670 nostro:

784 710 874 761 25.
905 707 1212 777 lmposuisti
1247 710 1497 764 homines
1525 725 1686 778 super
1719 709 1894 778 capita
1930 717 2134 762 nostra.

788 800 877 852 2-1.
917 799 1291 855 Transivimus
1318 817 1414 870 per
1445 803 1648 870 ignem.
1678 810 1733 854 et
1760 817 1956 871 aquam
1983 818 1995 853 :

787 891 873 944 25.
913 891 975 944 Et
998 893 1229 946 eduxisti
1253 910 1353 948 nos
1384 895 1436 948 iu
1465 893 1822 965 refrigerium.

789 982 878 1037 26.
905 982 1144 1037 lntroibo
1172 986 1223 1038 in
1257 985 1478 1040 domum
1507 997 1656 1041 tuam
1684 989 1736 1041 in
1765 987 2095 1041 holocaustis
2123 1003 2136 1039 :

782 1155 870 1209 27.
906 1155 1146 1211 Reddam
1174 1158 1268 1212 tibi
1301 1170 1424 1214 vota
1456 1176 1595 1227 mea,
1626 1177 1747 1231 qua:
1790 1161 2156 1216 distinxerunt
2204 1160 2281 1214 la-

714 1246 799 1306 bia
829 1263 973 1301 mea:

783 1338 872 1391 28.
928 1338 992 1393 Et
1043 1340 1284 1393 locutum
1336 1349 1418 1394 est
1477 1355 1538 1394 os
1586 1355 1764 1393 meum
1814 1339 1866 1392 in
1925 1338 2277 1394 tribulatione

714 1448 856 1487 rnea.

781 1523 869 1577 29.
917 1520 1241 1576 Holocausta
1278 1520 1568 1576 medullata
1619 1521 1839 1578 oﬂeram
1894 1524 1986 1577 tibi
2024 1541 2146 1580 cum
2194 1526 2279 1578 in-

712 1631 878 1671 censo
910 1625 961 1668 et
993 1615 1252 1672 arietibus
1279 1632 1290 1666 :

780 1700 869 1753 50.
903 1698 1135 1753 Oﬂ‘eram
1171 1700 1265 1752 tibi
1301 1699 1464 1755 boves
1491 1714 1614 1754 cum
1655 1699 1842 1755 hircis.

786 1794 874 1847 54.
909 1792 1115 1855 Venite,
1152 1794 1357 1857 audite,
1385 1802 1439 1848 et
1469 1795 1702 1848 narrabo
1731 1795 1905 1860 vobis,
1942 1807 2136 1850 omnes
2181 1796 2273 1854 nui

714 1886 914 1940 timetis
943 1887 1131 1939 Deum.

1332 2001 1667 2070 Dtapsa.ma.

779 2111 867 2165 52.
898 2110 1112 2177 Quanta
1139 2109 1267 2165 fecit
1290 2111 1483 2165 anima:
1506 2129 1657 2167 meae.

778 2195 868 2248 55.
898 2196 975 2248 Ad
1009 2197 1184 2265 ipsum
1217 2211 1311 2249 ore
1345 2211 1467 2250 meo
1491 2199 1717 2253 clamavn
1746 2221 1760 2256 :

780 2286 870 2342 54.
900 2286 963 2342 Et
996 2288 1225 2342 exaltavi
1258 2288 1359 2342 sub
1393 2289 1575 2360 lingua
1612 2307 1732 2346 mea
1761 2312 1772 2345 :

783 2378 872 2433 55.
910 2379 1251 2449 lniquitatem
1285 2381 1333 2434 si
1366 2382 1551 2451 aspexi
1581 2383 1636 2435 iu
1681 2384 1843 2439 corde
1871 2402 2011 2450 meo,
2045 2404 2150 2443 non
2183 2404 2276 2442 ex-

712 2473 893 2526 audiat
928 2487 1014 2527 me
1046 2469 1327 2527 Dominus.

1558 403 1614 458 S.
1658 399 2028 457 ATHANASII
2066 400 2216 456 OPP.
2254 397 2434 454 PARS
2469 396 2557 451 |||.
2590 428 2658 438 -—
2697 396 3107 453 EXEGETICA.

2309 529 2354 579 Α
2451 516 2536 570 21.
2576 515 2650 586 (ιι)
2681 517 2985 587 Εῑσήγαγες
3015 515 3164 586 ἡμᾶς
3194 514 3274 576 εἰς
3308 513 3405 584 τὴν
3439 509 3640 578 παγίδα

2452 607 2540 660 22.
2582 605 2744 659 Ἔθου
2774 606 2977 676 θλίψεις
3005 607 3095 659 ἐπὶ
3116 607 3206 659 τὸν
3228 605 3394 657 νῶτον
3422 603 3577 674 ἡμῶν
3598 621 3611 632 ’

2452 699 2541 752 25.
2580 699 2941 761 Ἐπεόίϐασας
2966 698 3281 770 ἀνθρώπους
3295 698 3387 750 ἐπὶ
3406 695 3503 758 τὰς
3521 693 3763 763 κεφαλὰς
3783 694 3818 763 ἡ
3828 692 3968 762 μῶν.

2450 789 2538 842 24.
2575 791 2868 861 Διήλθομεν
2899 791 2986 843 διὰ
3020 791 3188 862 πυρὸς
3216 791 3309 844 καὶ
3339 790 3527 852 ὓδατος
3553 807 3567 818 ·

2450 883 2540 935 25.
2574 885 2678 935 Καὶ
2708 883 2974 954 ἐξήγαγες
2995 885 3142 955 ἡμᾶς
3164 885 3242 948 εἰς
3267 883 3567 953 ἀναψυχήν.

2448 973 2535 1026 26.
2579 975 2968 1046 Εἰσελεύσομαι
2995 978 3074 1040 εἰς
3109 975 3199 1030 τὸν
3233 972 3378 1028 οἶκόν
3411 994 3501 1028 σου
3543 976 3602 1026 ὲν
3648 975 3967 1028 ὁλοκαυτώ-

2385 1083 2548 1136 μασιν
2566 1082 2583 1100 ο

2451 1161 2539 1213 27.
2583 1158 2868 1214 Ἀποδὼσω
2901 1178 2982 1214 σοι
3005 1161 3102 1225 τὰς
3136 1162 3297 1231 εὐχάς
3328 1178 3449 1231 μου,
3473 1164 3538 1224 ἃς
3573 1161 3836 1215 διέστειλε
3897 1163 3966 1212 τὰ

2383 1252 2531 1323 χείλη
2561 1271 2658 1323 μου
2679 1269 2693 1282 ·

2453 1344 2542 1397 28.
2575 1344 2683 1396 Καὶ
2716 1343 2941 1413 ὲλάλησε
2968 1341 3028 1393 τὸ
3058 1341 3230 1411 στόμα
3262 1359 3362 1411 μου
3398 1343 3453 1395 ἐν
3479 1347 3548 1414 τῆ
3581 1345 3760 1414 θλίψει
3795 1362 3923 1414 μου.

2447 1521 2534 1574 29.
2578 1521 3031 1592 Ὀλοκαυτὼματα
3061 1525 3452 1596 μεμυελωμένα
3483 1528 3682 1580 ἁνοίσω
3707 1545 3788 1580 σοι
3817 1528 3963 1598 μετά

2383 1614 2457 1684 (ὁ)
2484 1615 2822 1685 θυμιάματος
2853 1618 2944 1668 καὶ
2979 1617 3182 1688 κριῶν·

2443 1705 2531 1758 50.
2567 1706 2788 1758 Ἀνοίσω
2819 1724 2898 1760 σοι
2929 1707 3056 1777 βόας
3092 1709 3228 1778 μετά
3261 1710 3527 1780 χιμάρων.

2447 1798 2532 1850 51.
2567 1799 2750 1863 Δεῦτε,
2779 1799 3070 1866 ἀκούσατε,
3100 1803 3190 1855 καὶ
3212 1802 3540 1875 διηγήσομαι
3569 1805 3721 1874 ὑμῖν,
3753 1822 3960 1868 παντες

2311 1885 2354 1944 Β
2383 1893 2431 1944 οἱ
2461 1894 2780 1962 φοϐούμενοι
2813 1896 2904 1949 τὸν
2937 1898 3088 1953 Θεόν.

2979 2015 3083 2068 Διά
3092 2018 3317 2086 ψαλμα.

2448 2123 2535 2177 52.
2570 2124 2706 2176 Ὅσα
2741 2127 2961 2197 ἐποίησε
2991 2133 3054 2200 τῇ
3083 2129 3224 2204 ψυχῇ
3264 2150 3384 2202 μου.

2445 2215 2531 2267 55.
2568 2215 2712 2286 Πρὸς
2735 2217 2895 2280 αὐτὸν
2924 2219 2999 2290 τῷ
3029 2223 3256 2292 στόματί
3292 2243 3391 2294 μου
3419 2223 3719 2297 ἐκέκραξαο

2446 2304 2534 2357 54.
2561 2307 2669 2358 Καὶ
2700 2306 2887 2376 ὕψωσα
2920 2310 3024 2363 ὑπὸ
3049 2313 3147 2383 τὴν
3173 2314 3420 2381 γλῶσσάν
3457 2334 3578 2386 μου.

2451 2395 2540 2450 55.
2575 2398 2812 2454 ’Λδικίαν
2863 2403 2911 2453 εἰ
2942 2402 3206 2460 ὲθεὼοουν
3242 2406 3300 2461 ὲν
3339 2408 3538 2480 καρδίᾳ
3569 2426 3695 2478 μου,
3733 2409 3811 2480 μὴ
3843 2411 3955 2464 εισι

2382 2492 2665 2542 ακουσάτω
2696 2509 2798 2562 μου
2821 2493 3041 2566 Κύριος.

800 2675 856 2754 _a)
884 2674 1035 2754 ἵετε.
1181 2676 1538 2754 -ᾚπυρωσας,
1573 2686 1677 2754 etc.
1707 2681 1745 2754 ᾗ·
1902 2680 2221 2750 Εἱσήγαγες,
2263 2694 2367 2741 etc.
2393 2687 2422 2754 ᾗ

1247 2678 1538 2754 Ζπυρωσας,
1573 2686 1677 2754 etc.
1707 2681 1745 2754 ᾗ·
1902 2680 2221 2750 Εὲσήγαγες,
2263 2694 2367 2741 etc.
2393 2687 2422 2754 ᾖ
2450 2687 2537 2740 25.
2570 2690 2755 2754 Ἐθου,
2795 2701 2895 2750 etC.

800 2749 853 2815 b)
889 2745 1037 2801 Vers.
1064 2747 1152 2803 50.
1180 2745 1355 2812 Μετὰ,
1380 2758 1483 2803 etc.
1518 2751 1545 2808 ἲ
1580 2749 1667 2801 5|.
1706 2750 1946 2815 Ἀνοίσω,
1979 2745 2079 2805 ctc.

1824 2938 2199 2997 ATHANASII
2244 2947 2808 3014 INTERPRETATIO

780 3132 867 3186 2|.
891 3130 1151 3189 lnduxisti
1176 3150 1274 3191 nos
1309 3137 1361 3191 in
1392 3138 1753 3208 cognitionem
1788 3151 1957 3201 tuam.

777 3225 867 3279 22.
895 3224 1236 3297 Redarguisti
1265 3229 1576 3300 iniquitates
1603 3244 1840 3302 nostras,
1871 3247 1925 3292 et
1971 3239 2270 3296 humiliasti

708 3331 828 3372 nos.

774 3408 866 3462 25.
895 3407 1232 3463 Constituisti
1261 3410 1417 3465 nobis
1445 3411 1612 3468 duces
1640 3424 1857 3470 sanctos
1885 3426 2027 3474 tuos.

774 3499 867 3552 2t.
897 3498 998 3552 Per
1030 3499 1358 3567 baptismum
1393 3509 1569 3556 tuum.

776 3589 866 3643 25.
896 3589 960 3642 Et
989 3588 1188 3644 duxisti
1219 3606 1316 3646 nos
1340 3592 1595 3650 liberatos
1623 3611 1654 3650 a
1689 3600 1924 3655 neccatis
1965 3605 2170 3660 nostris
2215 3607 2270 3661 in

709 3680 1072 3754 refrigerium.

777 3773 865 3826 26.
908 3774 1278 3844 lngredicmur
1303 3794 1356 3831 tn
1385 3794 1672 3848 supernam
1705 3781 2006 3839 Jerusalem
2036 3787 2270 3856 perfecte

707 3863 1005 3917 cmundati.

779 3955 866 4008 27.
891 3954 1125 4025 lmplebo
1154 3971 1273 4025 qua:
1295 3958 1518 4025 promisi
1553 3961 1647 4016 tibi
1682 3962 1734 4017 in
1763 3964 2051 4036 baptismo.

778 4136 866 4191 28.
899 4137 963 4192 Et
987 4139 1040 4193 in
1068 4156 1188 4211 qua:
1208 4145 1436 4199 conveni
1460 4145 1636 4202 adhuc
1665 4148 1932 4204 exsisteus
1951 4150 2001 4203 in
2027 4159 2266 4218 peccato.

777 4229 867 4284 29.
911 4230 1102 4286 Totum
1154 4236 1416 4304 meipsum
1482 4238 1745 4293 adducam
1813 4241 1903 4294 tibi
1961 4256 2085 4294 cum
2144 4256 2267 4295 ora-

711 4320 874 4388 tione,
903 4330 955 4376 et
992 4325 1243 4392 operibus
1265 4326 1491 4396 justitia:
1529 4331 1998 4398 progredientibus
2040 4341 2166 4386 ante
2194 4341 2265 4387 te.

779 4509 868 4563 50.
915 4509 1152 4567 Membra
1199 4530 1340 4581 mea,
1383 4526 1436 4570 et
1484 4519 1719 4572 animam
1775 4534 1948 4572 meam
2009 4518 2269 4574 dedicabo

710 4599 828 4654 tibi.

777 4691 866 4748 51.
893 4689 1104 4757 Venite,
1132 4694 1313 4749 audite
1350 4696 1620 4763 quomodo
1651 4699 1875 4752 salvavit
1903 4714 2006 4753 me.

777 4784 865 4840 52.
909 4783 1027 4840 Non
1080 4787 1255 4840 solum
1312 4789 1637 4845 condonavit
1690 4791 1822 4845 mihi
1876 4801 2117 4857 peccata,
2175 4795 2266 4851 sed

707 4876 869 4931 etiam
894 4877 1062 4930 ﬁlium
1091 4893 1249 4933 suum
1283 4895 1369 4935 me
1401 4879 1550 4936 fecit.

773 4967 858 5022 55.
891 4967 1076 5022 Solum
1103 4969 1345 5025 invocavi
1377 4989 1522 5028 eum.

775 5061 863 5114 54.
897 5059 964 5114 Ει
993 5061 1276 5117 confessus
1306 5079 1422 5119 sum
1453 5066 1629 5136 ipsum
1659 5069 1839 5139 lingua
1868 5086 2006 5125 mea.

775 5154 862 5207 55.
901 5152 959 5206 Si
1003 5154 1215 5209 sincero
1252 5157 1414 5212 corde
1445 5174 1553 5215 non
1595 5162 1797 5217 credidi
1836 5162 1969 5232 ipsi,
2020 5176 2127 5216 non
2176 5178 2262 5216 me

706 5243 961 5299 exaudiat
985 5244 1267 5302 Dominus.

2449 3135 2535 3190 2|.
2573 3138 2880 3211 Εξσήγαγες
2901 3144 3046 3214 ἡμᾶς
3074 3163 3153 3212 εις
3177 3162 3276 3222 την
3302 3170 3514 3210 συνεσιν
3544 3175 3650 3213 σου.

2449 3225 2535 3325 22.
2570 3229 2838 3300 Ἧλεγξας
2865 3236 3021 3305 ἡμῶν
3043 3239 3141 3303 τὰς
3162 3241 3412 3313 ἀνομίας,
3450 3251 3542 3302 καὶ
3572 3252 3950 3325 ἐταπείνωσας

2376 3318 2546 3388 ἡμᾶςο

2445 3411 2535 3510 25.
2559 3415 2913 3510 Katécr‘r'qoa;
2934 3422 3056 3485 τοὺς
3083 3423 3270 3492 ἁγίους
3309 3445 3402 3482 σου
3442 3432 3694 3501 ἡγεῖσθαι
3728 3441 3909 3510 ἡμῶν.

2444 3501 2531 3558 24.
2563 3506 2663 3559 Διά
2680 3508 2772 3561 τοῦ
2799 3509 3168 3585 βαπτίσματος
3205 3536 3318 3577 σου.

2443 3595 2534 3650 25.
2566 3599 2675 3651 Καὶ
2714 3601 2792 3672 (1)
2831 3605 2911 3667 εἰς
2956 3607 3258 3664 ἀνάπαυσιν
3293 3615 3499 3686 ἦγαγες
3545 3622 3691 3691 ἡμᾶς
3737 3623 3944 3698 λυτρω-

2373 3683 2560 3751 θὲντας
2590 3690 2696 3742 τῶν
2730 3693 3009 3764 ἁμαρτιῶν
3037 3699 3214 3769 ἡμῶν.

2435 3779 2524 3835 26.
2551 3782 2983 3850 Εἰσελευσόμεθα
3013 3790 3090 3853 εἰς
3120 3792 3217 3861 τὴν
3245 3794 3355 3849 ἄνω
3391 3798 3748 3875 Ἰερουσαλὴμ
3776 3825 3940 3862 κεκα-

2372 3872 2687 3944 θαρισμένοι
2715 3876 2973 3944 ὁλοτελῶς
2999 3881 3097 3951 (2).

2441 3965 2530 4019 27.
2563 3968 2845 4041 Πληρώσω
2868 3971 2905 4025 ἀ
2931 3975 3342 4051 ἐπηγγειλάμην
3379 3999 3460 4036 σοι
3488 3986 3576 4039 διὰ
3609 3990 3704 4043 τοῦ
3749 3992 3940 4061 βαπτί-

2373 4072 2595 4127 σματος.

2439 4150 2525 4204 28.
2565 4153 2672 4205 Καὶ
2705 4153 2740 4208 ἃ
2762 4157 3062 4231 συνεθέμην
3092 4161 3172 4214 ἔτι
3193 4162 3267 4216 ὢν
3298 4167 3354 4218 ἐν
3379 4170 3443 4238 τῇ
3477 4170 3742 4241 ἁμαρτίᾳ.

2439 4241 2527 4296 29.
2567 4245 2726 4299 Ὄλον
2756 4249 2992 4319 ἐμαυτὸν
3026 4257 3359 4324 προσαγάγω
3389 4276 3469 4312 σοι
3516 4263 3654 4330 μετά
3683 4266 3756 4333 (5)
3786 4285 3938 4336 προσ-

2370 4336 2536 4406 ευχῆς
2551 4338 2768 4392 καὶτῶν
2795 4341 2970 4412 ἔργων
2999 4345 3095 4416 τῆς
3115 4346 3457 4422 δικαιοσύνης
3478 4353 3584 4405 τῶν
3607 4373 3936 4429 προπορευο-

2373 4428 2546 4498 μένων
2579 4431 2885 4502 ἔμπροσθέν
2915 4453 3027 4488 σου.

2439 4520 2526 4574 50.
2565 4523 2644 4574 Τὰ
2677 4524 2810 4595 μέλη
2843 4545 2964 4595 μου,
2985 4530 3077 4582 καὶ
3102 4531 3198 4596 τὴν
3221 4533 3394 4605 ψυχήν
3425 4555 3526 4607 μου
3544 4539 3832 4613 ἀνάθωμαί
3858 4561 3932 4598 σοι

2371 4611 2735 4684 [ἀναθήσομαέ
2762 4617 2888 4689 σοι].

2436 4707 2522 4762 5|.
2548 4708 2732 4772 Δεῦτε,
2764 4711 3031 4767 ἀκούσατε
3059 4716 3175 4781 πῶς
3203 4719 3372 4774 ἔσωσέ
3409 4741 3496 4793 με.

2439 4800 2525 4853 52.
2563 4802 2636 4853 Οὐ
2666 4801 2823 4870 μόνον
2848 4807 3190 4880 συνεχώρησέ
3220 4829 3310 4881 μοι
3344 4817 3440 4878 τὰς
3467 4818 3736 4889 ἁμαρτίας
3757 4861 3771 4885 ,
3802 4821 3932 4875 ἀλλά

2372 4893 2465 4946 καὶ
2493 4892 2606 4945 υἱὸν
2633 4894 2824 4947 ἑαυτοῦ
2852 4897 3073 4970 ἐποίησέ
3111 4919 3197 4972 με.

2440 4981 2528 5034 55.
2557 4981 2729 5033 Μόνον
2761 4985 3175 5060 ἑπεκαλεσάμην
3207 4993 3388 5051 αὐτόν.

2439 5071 2528 5127 54.
2556 5072 2664 5166 Kal.
2694 5073 3018 5149 ὡμολόγησα
3047 5083 3207 5137 αὑτὸν
3233 5090 3297 5158 τῇ
3328 5089 3402 5160 (4)
3437 5091 3654 5166 γλώσσῃ
3683 5114 3806 5166 μου.

2435 5163 2522 5216 55.
2552 5165 2612 5216 Et
2644 5166 2724 5262 μὴ
2757 5169 2812 5220 ὲν
2835 5169 3058 5244 ἀληθινῇ
3088 5178 3280 5249 καρδίᾳ
3315 5163 3820 5260 ἐπίστευσα-αὑτῷ,
3857 5206 3927 5262 μη

2370 5255 2741 5309 εἰσακουσάτω
2771 5275 2871 5329 μου
2903 5263 2931 5314 ὁ
2955 5264 3175 5336 Κύριος.

1658 5460 1956 5521 Adoenoa
1980 5471 2038 5521 et
2074 5463 2447 5544 corrigenda
2483 5483 2559 5527 ex
2586 5471 2726 5530 cod.
2762 5473 2962 5534 Vatic.

777 5667 854 5736 (ι)
879 5667 946 5720 Ν.
979 5669 1065 5722 25.
1105 5668 1212 5722 Και
1242 5673 1410 5725 (leest.

779 5737 851 5804 (2)
901 5739 1209 5803 Ὀλοτελεῖς.

780 5807 857 5871 (5)
883 5811 1034 5863 Μετὰ
1077 5814 1405 5882 προσευχῶν,
1464 5816 1575 5884 καί,
1617 5825 1742 5878 etc.,
1788 5816 2090 5888 ἔμπροσθέν
2139 5833 2256 5888 μου.

2372 5680 2441 5767 si".
2477 5683 2565 5767 5'1.
2597 5685 2674 5767 Τρι
2712 5687 2869 5767 μέλη,
2893 5699 3018 5754 etc.,
3048 5691 3330 5765 ἀνάθωμαί
3367 5713 3469 5754 σοι.
3498 5700 3563 5757 Ν.
3592 5703 3685 5767 52,
3714 5704 3767 5760 in
3805 5709 3924 5767 cod.

2369 5753 2459 5812 53,
2497 5754 2604 5817 Τὰς
2633 5753 2900 5828 ἁμαρτίας
2920 5753 3053 5830 αμου,
3082 5773 3185 5818 etc.

2442 5821 2519 5891 (4)
2561 5826 2647 5878 Ἐν
2675 5829 2759 5894 τῇ.
