4174 6508
210 472 281 526 9|
296 472 339 529 3
1117 470 1205 527 οε
1244 470 1519 528 TITULIS
1557 470 1858 529 ΡεΑωιοι

1819 471 2014 533 »ιιυιμ
2052 502 2123 515 -
2159 468 2354 526 PSAL.
2378 466 2586 525 LXVII.
3363 468 3467 529 914

293 590 378 643 15.
444 589 667 657 Εξάγων
705 590 1103 662 πεπεδημένους
1126 594 1185 647 ὲν
1214 592 1459 664 ἀνδρεία,
1819 612 1866 669 Α

1819 612 1866 669 Α
1966 593 2057 648 15.
2097 591 2201 661 Qui
2236 591 2419 648 educit
2453 591 2665 647 vinctos
2686 588 2743 645 in
2766 588 3115 653 fortitudine,

292 681 376 734 10.
420 681 812 752 Ὀμοίωςοτοὺς
852 686 1414 757 παραπικραινοντας,
1454 685 1579 749 τοὺς
1614 702 1792 739 κατοι-

1969 685 2057 741 16.
2100 685 2361 741 Similiter
2392 699 2486 740 eos
2509 684 2604 754 qui
2634 691 2978 753 exasperant,
3013 680 3108 751 qui
3142 678 3384 734 habitant
3413 680 3464 734 in

208 773 453 836 κοῦντας
489 776 546 827 ὲν
582 774 795 843 τάφοις.

535 792 546 825 ν
582 774 795 843 τάφοις.
1894 778 2183 849 sepulcris.

295 865 385 919 17.
432 866 489 919 '0
519 866 671 931 Θεὸς,
709 869 767 922 ὲν
800 865 877 938 τῷ
902 865 1297 941 ἐκπορεύεσθαι
1341 886 1400 923 σε
1434 870 1663 925 ἐνώπιον
1700 871 1792 925 τοῦ

1970 870 2056 923 17.
2099 868 2262 935 Deus,
2297 881 2419 922 cum
2450 863 2787 935 egredereris
2836 864 2891 918 in
2946 870 3236 932 conspectu
3282 859 3461 932 populi

210 956 357 1014 λαοῦ
394 976 509 1025 σου,
1898 962 1973 1018 tui
2010 980 2023 1017 :

295 1053 385 1108 18.
430 1052 517 1106 Ἐν
540 1052 619 1124 τῷ
639 1052 935 1107 διαϐαινειν
961 1069 1020 1105 σε
1048 1053 1106 1107 ὸν
1120 1055 1186 1124 τῇ
1209 1054 1424 1125 ἐρήμῳ,
1454 1055 1523 1125 γῆ
1552 1053 1791 1125 ἐσείσθη·

1971 1054 2057 1109 18.
2094 1051 2232 1108 Cum
2262 1048 2624 1122 pcrtransires
2652 1048 2707 1103 in
2738 1048 2974 1115 deserto,
2992 1056 3140 1103 terra
3173 1059 3317 1103 mou
3349 1056 3461 1101 est:

296 1144 383 1198 19.
410 1144 487 1216 (a)
516 1146 624 1199 Kal.
656 1145 765 1217 γὰρ
795 1146 844 1199 οι
868 1145 1084 1217 οὐρανοὶ
1112 1144 1342 1212 ἔσταξαν
1364 1146 1473 1201 ἀπὸ
1500 1146 1794 1219 προσώπου

1974 1144 2060 1199 19.
2099 1141 2315 1199 Etenim
2356 1140 2482 1198 cmli
2509 1137 2911 1197 distillaverunt
2940 1152 2969 1191 a
3002 1136 3142 1194 facie
3169 1133 3263 1190 Dei
3292 1132 3464 1197 Sinai,

217 1234 321 1290 τοῦ
341 1235 476 1291 Θεοῦ
510 1237 604 1291 τοῦ
632 1238 783 1305 Σινᾶ,

293 1328 385 1384 20.
432 1329 562 1383 Ἀπὸ
594 1328 886 1400 προσώπου
912 1329 1006 1385 τοῦ
1039 1328 1171 1384 Θεοῦ
1211 1331 1448 1403 Ἰσραήλ.

1039 1328 1171 1384 Θεοῦ
1211 1331 1448 1403 Ἰσραήλ.
1966 1329 2057 1385 20.
2092 1329 2138 1384 Δ
2172 1328 2310 1386 facie
2342 1326 2435 1384 Dei
2477 1325 2662 1385 Israel.

293 1420 385 1476 21.
420 1422 626 1493 Βροχὴν
653 1422 899 1478 ἐκούσιον
920 1424 1189 1496 ἁφοριεϊς,
1217 1424 1247 1478 ό
1270 1423 1424 1489 Θεὸς,
1451 1425 1519 1496 τῇ
1542 1427 1798 1498 κληρονο-

1968 1424 2058 1478 21.
2092 1421 2337 1477 Pluviam
2367 1420 2729 1478 voluntariam
2751 1418 3085 1491 segregabis,
3116 1416 3278 1485 Deus,
3296 1414 3468 1471 haere-

273 1511 331 1569 ια
361 1530 455 1567 σου
476 1528 491 1543 ’
1897 1516 2053 1569 dilati
2087 1524 2231 1569 tuae:

273 1516 291 1565 ι
361 1530 455 1567 σου
476 1528 491 1543 ’

224 1529 269 1583 μ
420 1605 529 1659 Καὶ
566 1606 833 1677 ἠσθένησε
854 1624 867 1636 ·
904 1607 970 1663 σὺ
997 1607 1055 1662 δὲ
1082 1608 1400 1681 κατηρτίσω
1432 1608 1619 1682 αὐτήν.

1897 1516 2053 1573 dilati
2087 1524 2231 1574 tuae:

1968 1610 2061 1665 22.
2097 1608 2165 1663 Et
2199 1610 2475 1665 inﬁrmata
2521 1614 2639 1671 est;
2674 1615 2729 1662 tu
2766 1620 2896 1661 vero
2919 1603 3191 1676 perfecisti
3215 1618 3359 1660 eam.

297 1694 387 1749 25.
416 1697 495 1749 Τὰ
529 1697 643 1761 ζῶά
676 1715 769 1752 σου
794 1699 1141 1756 κατοικοῦσιν
1166 1702 1225 1754 ιν
1253 1702 1391 1774 αὐτῇ
1414 1718 1429 1735 ·

1968 1703 2061 1759 25.
2098 1702 2368 1757 Animalia
2398 1709 2491 1758 tua
2517 1700 2843 1756 babitabunt
2872 1699 2926 1753 in
2962 1713 3025 1754 ea
3052 1716 3064 1751 :

275 1787 384 1933 ἐι.
424 1786 749 1862 Ἤτοιμασας
775 1793 833 1846 ἐν
853 1795 918 1864 τῇ
950 1794 1280 1866 χρηστότητι
1311 1811 1405 1848 σου
1457 1793 1537 1866 τῷ
1570 1792 1797 1867 πτωχῷ,

324 1880 431 1933 εός.

1673 1792 1797 1867 οχῷ.
1970 1794 2059 1851 24.
2095 1793 2305 1851 Parasti
2335 1794 2391 1850 in
2424 1793 2713 1851 dulcedine
2743 1801 2834 1849 tua
2866 1789 3125 1863 pauperi,
3156 1786 3321 1843 Deus.

222 1882 251 1933 ὁ
275 1880 431 1946 Θεός.

298 1972 390 2026 25.
426 1972 627 2045 Κύριος
657 1973 818 2031 δώσει
849 1975 1003 2048 ῥῆμα
1028 1978 1142 2041 τοῖς
1174 1976 1683 2049 εὐαγγελιζομένοις
1705 1976 1799 2030 δυ·
1831 1964 1875 2019 Β

1831 1964 1875 2019 Β
1973 1980 2064 2037 25.
2104 1978 2365 2035 Dominus
2394 1976 2545 2034 dabit
2572 1976 2803 2033 verbum
2838 1972 3337 2047 evangelizantibus
3360 1971 3468 2026 vir-

222 2064 393 2135 νάμει
426 2066 615 2138 πολλῇ.

585 2070 615 2138 ἱ·
1898 2081 2013 2129 tute
2041 2069 2233 2125 multa.

299 2160 390 2215 26.
430 2162 487 2216 '0
510 2162 761 2232 βασιλεὺς
782 2162 890 2217 τῶν
915 2163 1197 2235 δυνάμεων
1215 2163 1310 2218 τοῦ
1344 2162 1626 2233 ἀγαπητοῦ
1647 2180 1661 2193 ο

1096 2181 1197 2218 εων
1215 2163 1310 2218 τοῦ
1344 2162 1626 2233 ἀγαπητοῦ
1647 2180 1661 2193 ο
1966 2159 2055 2215 20.
2088 2158 2203 2215 Rex
2233 2158 2491 2213 virtutum
2516 2155 2697 2212 dilecti
2733 2173 2744 2209 :

298 2254 391 2307 27.
423 2255 501 2325 Τῇ
526 2255 817 2328 ὡραιότητι
837 2256 931 2309 τοῦ
956 2256 1106 2310 οἴκου
1137 2255 1407 2310 διελέσθαι
1442 2255 1631 2311 σκῦλα.

1380 2275 1407 2310 ιι
1442 2255 1631 2311 σκῦλα.
1968 2253 2058 2308 27.
2094 2250 2304 2322 Speciei
2335 2250 2534 2305 domus
2564 2248 2804 2304 dividere
2836 2244 3028 2317 spolia.

298 2343 389 2398 28.
437 2346 559 2399 Ἐὰν
582 2347 881 2418 κοιμηθῆτε
915 2346 1187 2419 ἀναμέσον
1212 2348 1321 2402 τῶν
1355 2348 1573 2421 κλήρων
1594 2365 1608 2379 ’

1488 2367 1573 2403 »ων
1594 2365 1608 2379 ο
1971 2346 2062 2400 28.
2106 2343 2164 2398 Si
2202 2342 2487 2399 dormiatis
2513 2341 2654 2396 inter
2684 2337 2889 2396 medios
2914 2337 3091 2393 cleros
3122 2353 3136 2389 :

304 2435 391 2493 29.
421 2437 694 2510 Πτέρυγες
722 2440 1049 2511 περιστερᾶς
1081 2439 1619 2511 περιηργυρωμέναι,

1369 2439 1619 2510 οωμέναι,
1970 2437 2063 2493 29.
2097 2436 2296 2492 Pennas
2326 2434 2593 2491 columine
2623 2433 3017 2503 dcargentatre,

305 2598 383 2670 (α)
409 2599 560 2659 Vers.
590 2601 676 2659 19.
700 2602 779 2672 Γῆ
803 2639 821 2669 ,
856 2611 960 2659 etc.
1016 2614 1187 2657 usoue
1234 2600 1300 2656 ad
1330 2598 1584 2667 ἐσταξαν.
1634 2602 1666 2669 ᾗ
1698 2599 1788 2654 20.
1844 2600 1953 2655 Ἀπί

1234 2600 1300 2656 ad
1330 2598 1584 2667 ἐσταξαν.
1634 2602 1666 2669 ᾗ
1698 2599 1788 2654 20.
1844 2599 1977 2655 Ἀπὸ
2014 2598 2306 2653 προσώπου
2335 2612 2509 2669 usque
2540 2605 2609 2653 ad
2648 2595 2882 2668 Ἰσραήλ.

1354 2758 1729 2817 ATHANASII
1769 2735 2356 2817 INTEBPRETATIO.

306 2907 394 2963 15.
424 2908 562 2971 Τοῦς
583 2910 780 2975 αὐτοὺς
819 2912 1148 2982 μονάζοντας
1192 2914 1256 2968 ἐκ
1301 2913 1410 2967 τῶν
1452 2913 1669 2985 δεσμῶν
1697 2913 1806 2967 τῶν

1976 2913 2063 2969 l5.
2097 2910 2326 2969 Eosdem
2356 2913 2706 2969 monaclios'e
2739 2914 2973 2970 vinculis
3011 2921 3354 2984 peccatorqu
3385 2929 3469 2969 re-

230 2998 515 3071 ἁμαρτιῶν
547 3000 905 3073 λυτρούμενος
927 3004 984 3055 ὲν
1019 3002 1163 3072 ισχύῖ
1191 3003 1269 3074 (1)
1299 3004 1438 3057 κατὰ
1478 3004 1575 3073 τῆς
1622 3004 1806 3075 ἀμαρ-

1430 3021 1438 3056 ι
1478 3004 1575 3073 τῆς
1622 3004 1806 3075 ἀμαρ-
1902 3004 2117 3060 dimens
2142 3006 2197 3058 in
2220 3001 2539 3059 fortitudine
2560 3011 2751 3060 contra
2774 3011 3078 3073 peccatum.

228 3093 377 3154 τιας.

309 3183 393 3238 16.
425 3183 559 3247 Τοὺς
580 3183 667 3237 διὰ
694 3183 801 3237 τῶν
832 3185 1114 3258 ἁμαρτιῶν
1151 3187 1226 3258 (2)
1258 3187 1807 3260 παραπικραινοντας

1971 3188 2059 3243 16.
2093 3187 2197 3255 Qui
2259 3187 2409 3259 prius
2470 3187 2931 3243 exacerbaverant
2995 3200 3122 3241 eum
3199 3184 3471 3255 peccatis,

232 3274 395 3331 αὑτὸν
418 3274 695 3347 πρότερον,
724 3276 947 3349 ὕστερον
975 3278 1031 3332 δὲ
1061 3281 1519 3352 μετανοήσαντας,
1551 3280 1647 3335 καὶ
1670 3298 1805 3334 κατ-
1831 3315 1874 3374 c

1831 3315 1874 3374 ρ
1905 3282 2099 3338 deinde
2140 3282 2464 3351 ptenitentes
2485 3320 2500 3345 ,
2534 3290 2587 3335 et
2620 3279 2930 3335 habitantes
2961 3279 3014 3333 in
3044 3277 3341 3349 sepulcris,
3369 3276 3471 3331 hoc

232 3364 517 3427 οικοῦντας
547 3366 603 3417 ὲν
623 3366 832 3435 τάφοις,
856 3367 1132 3443 τουτέστιν
1160 3370 1215 3423 ὲν
1242 3372 1362 3435 ταῖς
1382 3372 1590 3442 μοναϊς,
1620 3370 1805 3439 ἐξάγει
1837 3364 1874 3374 '-

1837 3364 1874 3374 ’
1905 3386 1989 3431 est
2015 3377 2069 3429 in
2114 3374 2483 3437 monasteriis,
2510 3372 2694 3428 educit
2720 3370 2777 3427 in
2809 3371 3125 3426 fortitudine
3149 3379 3338 3426 contra
3358 3368 3472 3423 dia-

234 3456 296 3508 ὲν
321 3454 539 3528 ἀνδρεία
562 3458 701 3511 κατὰ
722 3458 815 3512 τοῦ
843 3460 1109 3514 διαϐόλου.
1906 3466 2110 3524 bolum.

312 3547 394 3600 17.
432 3549 488 3600 'O
513 3546 664 3613 Θεὸς,
683 3552 738 3603 ὲν
764 3549 841 3620 τῷ
873 3550 1265 3622 ἐκπορεύεσθαι
1294 3568 1352 3604 σε
1381 3554 1445 3605 ὲκ
1468 3552 1586 3605 τῶν
1611 3568 1808 3623 πατρι-

1980 3558 2067 3612 l7.
2102 3557 2266 3621 Deus,
2300 3570 2425 3611 cum
2466 3564 2521 3608 tu
2549 3552 2868 3623 procederes
2912 3566 2979 3607 ex
3034 3549 3157 3607 sinu
3190 3546 3384 3614 Patris,
3416 3557 3474 3602 ut

238 3637 351 3692 κῶν
383 3638 613 3702 κόλπων,
642 3640 870 3711 ὀφθῆναι
904 3643 995 3695 ἐπὶ
1024 3645 1123 3713 τῆς
1156 3644 1259 3713 γῆς
1289 3645 1399 3707 τοῖς
1426 3641 1751 3713 ἀνθρώποις.

1171 3644 1259 3713 τῆς
1289 3645 1399 3707 τοῖς
1426 3641 1751 3713 ἀνθρώποις.
1907 3662 2200 3717 appareres
2228 3647 2279 3699 in
2308 3654 2452 3699 terra
2481 3643 2819 3699 hominibus.

312 3730 394 3784 18.
436 3731 521 3783 Ἑν
565 3731 644 3803 τῷ
670 3733 968 3806 ὁδοιπορεῖν
997 3751 1055 3787 σε
1098 3736 1156 3787 ὲν
1200 3734 1276 3807 τῷ
1310 3735 1521 3807 κόσμῳ,
1572 3734 1639 3787 τὰ
1679 3734 1807 3805 ἔθνη

1980 3738 2066 3792 18.
2097 3738 2235 3791 Cum
2296 3745 2352 3790 ιιι
2406 3736 2510 3790 iter
2574 3734 2783 3789 faceres
2862 3732 2918 3787 in
2989 3731 3227 3798 mundo,
3286 3738 3474 3802 gentes

240 3822 316 3891 (5)
353 3820 713 3894 μετετέθησαν
741 3823 848 3878 ἀπὸ
873 3824 971 3895 τῆς
990 3823 1429 3896 εἰδωλολατρειας
1459 3825 1539 3889 εις
1563 3825 1662 3896 τὴν
1684 3825 1805 3877 ἐπι-

1910 3829 2185 3884 translata!
2209 3837 2337 3883 sunt
2370 3826 2439 3881 ab
2468 3825 2779 3882 idololatria
2815 3824 2871 3879 in
2902 3823 3269 3895 cognitionem
3300 3828 3471 3876 tuam.

240 3912 440 3982 γνωσιν
471 3929 586 3968 σου.

312 4004 397 4059 19.
430 4004 539 4059 Καὶ
565 4003 672 4077 γὰρ
697 4004 745 4057 οι
770 4003 1055 4059 ἀπόστολοι
1086 4020 1178 4058 σου
1199 4005 1291 4059 τὸν
1317 4005 1475 4075 λόγον
1500 4023 1594 4060 σου
1617 4006 1810 4077 ἔταξαν

1979 4016 2066 4071 19.
2104 4012 2315 4071 Etenim
2339 4012 2572 4083 apostoli
2602 4014 2679 4069 tui
2717 4024 3022 4068 sermonem
3064 4016 3218 4063 tuum
3246 4004 3474 4063 distilla-

240 4100 319 4163 εις
347 4098 445 4162 τὰς
467 4099 691 4168 καρδίας
725 4099 925 4154 αὐτῶν.

1911 4115 2106 4163 verunt
2131 4107 2186 4161 in
2213 4121 2402 4161 eorum
2431 4105 2618 4161 corda.

312 4193 400 4249 20.
443 4192 573 4245 Ἀπὸ
602 4192 697 4245 τοῦ
729 4193 858 4246 Υιοῦ
894 4210 1008 4248 σου.

804 4193 858 4246 οῦ
894 4210 1008 4248 σου.
1978 4199 2068 4254 20.
2100 4198 2143 4253 Δ
2177 4198 2314 4253 Filio
2341 4207 2452 4252 tuo.

312 4284 402 4339 21.
432 4285 505 4337 Τὸ
530 4286 790 4357 κήρυγμα
822 4289 935 4350 τοῖς
954 4286 1184 4342 ἔθνεσιν.

1980 4290 2073 4347 2|.
2106 4288 2554 4344 Przedieationem
2588 4285 2862 4357 gentibus.

312 4374 401 4430 22.
438 4378 548 4431 Καὶ
575 4378 879 4449 ἡσθένησαν
904 4380 973 4433 τὰ
998 4380 1148 4451 ἔθνη,
1174 4381 1267 4435 καὶ
1292 4381 1321 4434 ό
1350 4380 1552 4454 Κύριος
1583 4380 1808 4454 ιασάμε-

1982 4380 2072 4435 22.
2107 4379 2172 4436 Et
2200 4388 2387 4449 gentes
2420 4376 2708 4433 inﬁrmata:
2739 4386 2901 4442 sunt,
2946 4386 3001 4432 et
3049 4375 3311 4433 Dominus
3352 4392 3476 4433 cum

240 4486 331 4534 νος
355 4470 681 4539 κατήρτισεν
714 4472 854 4525 αὐτὰ
883 4474 963 4535 εις
982 4472 1043 4525 τὸ
1066 4472 1279 4545 θέλημα
1309 4472 1493 4527 αὐτοῦ.

1912 4473 2236 4536 sanavisset,
2272 4470 2611 4541 perfeciteas
2640 4470 2693 4524 in
2730 4470 3060 4524 voluntatem
3096 4483 3271 4523 suam.

312 4562 401 4616 25.
437 4562 500 4614 Ol
524 4562 702 4615 πιστοὶ
738 4564 796 4617 ἐν
820 4566 884 4637 τῇ
929 4564 1241 4636 Ἐκκλησία.

1039 4565 1241 4636 ιλησιᾳ.
1979 4562 2069 4617 25.
2104 4560 2317 4618 Fideles
2344 4562 2397 4617 in
2430 4560 2687 4617 Ecclesia.

314 4653 407 4708 24.
438 4652 525 4725 Τῷ
556 4654 666 4726 λαῷ
686 4655 765 4727 τῷ
788 4656 1028 4729 ταπεινῷ
1044 4660 1109 4730 τῇ
1132 4657 1328 4730 καρδιᾳ
1346 4657 1445 4730 τὴν
1461 4656 1575 4713 ἄνω
1613 4658 1807 4730 Ἰερου-
1843 4658 1885 4713 D

1843 4658 1885 4713 D
1984 4656 2075 4711 24.
2104 4654 2312 4726 Populo
2348 4655 2539 4709 humili
2588 4653 2751 4709 corde
2785 4666 3075 4725 supernam
3116 4650 3472 4709 Hierusalem.

244 4746 384 4819 σαλή
392 4765 451 4817 μ.

313 4838 405 4893 25.
436 4839 559 4902 Τοῖς
593 4839 927 4906 ἀποστόλοις.

740 4840 927 4906 τόλοις.
1980 4835 2070 4891 25.
2099 4834 2388 4906 Apostolis.

315 4929 405 4986 26.
440 4930 514 4983 Τὸ
545 4930 697 5001 ἅγιον
733 4933 957 5005 Πνεῦμα
982 4932 1078 4989 τοῦ
1106 4934 1257 4991 Υιοῦ.

1120 4934 1257 4991 Γὶοῦ,
1979 4925 2071 4980 26.
2106 4926 2339 4983 Sanctus
2362 4924 2599 4997 Spiritus
2626 4923 2768 4979 Filii.

317 5020 409 5075 27.
442 5022 567 5086 Τοῖς
612 5024 884 5088 ἐκλεκτοῖς
920 5025 1015 5080 τοῦ
1046 5026 1174 5081 λαοῦ
1195 5027 1375 5083 διδωσι
1396 5026 1627 5099 διάφορα
1654 5043 1814 5103 χαρι-

1982 5017 2073 5073 27.
2104 5018 2303 5075 Electis
2346 5016 2533 5090 populi
2580 5016 2675 5072 dat
2720 5016 2958 5088 Spiritus
2998 5026 3221 5074 sanctus
3266 5016 3478 5072 diversa

250 5127 434 5182 σματα
459 5112 519 5165 τὸ
546 5114 766 5185 Πνεῦμα
794 5115 853 5169 τὸ
874 5116 1045 5183 ἅγιον.
1914 5110 2078 5166 dona.

319 5199 409 5255 28.
450 5202 575 5256 Ἐὰν
604 5203 988 5277 ἁναπαύσησθε
1021 5209 1081 5261 ὲν
1106 5210 1229 5274 ταῖς
1254 5208 1492 5275 ἐντολαῖς
1534 5209 1629 5265 τοῦ
1654 5208 1815 5267 Θεοῦ.

1476 5226 1492 5275 ;
1534 5209 1629 5265 τοῦ
1654 5208 1815 5267 Θεοῦ.
1986 5204 2078 5259 28.
2114 5203 2172 5258 Si
2202 5202 2581 5275 requieveritis
2611 5204 2663 5258 in
2708 5202 2977 5258 mandatis
3010 5200 3124 5259 Dei.

320 5291 410 5347 29.
447 5294 510 5346 Αι
539 5293 633 5349 δύο
668 5292 952 5368 διαθῆκαιξ
972 5300 1026 5352 αι
1060 5298 1141 5371 τῷ
1172 5300 1310 5373 ἁγιῳ
1344 5300 1625 5375 Πνεύματι
1654 5302 1820 5377 λαλη-

1988 5299 2079 5355 29.
2117 5298 2236 5355 Duo
2266 5306 2610 5362 testamenta,
2638 5312 2759 5368 qua:
2790 5311 2819 5351 a
2851 5293 3059 5365 Spiritu
3090 5302 3281 5351 sancto
3305 5308 3479 5350 enun-

252 5382 429 5437 θεῖσαι
486 5388 663 5440 πᾶσαν
693 5388 1036 5463 καθαρότητα
1070 5391 1311 5464 ἔχουσαι.

1924 5392 2055 5447 tiata
2092 5402 2244 5459 sunt,
2268 5404 2485 5446 omnem
2518 5391 2721 5445 habent
2751 5388 3062 5459 puritatem.

1199 5569 1506 5632 Addenda
1536 5580 1599 5633 et
1640 5570 2009 5652 corrigenda
2042 5588 2120 5632 ex
2153 5570 2293 5635 cod.
2331 5570 2531 5635 Vatic.

325 5733 403 5809 (1)
441 5731 614 5809 ςισχύῖ
636 5729 928 5809 δὲ-αΰτοὺς,
954 5740 1059 5785 etc.
1192 5803 1203 5809 λ
1331 5804 1341 5809 _
1918 5735 2087 5809 δρειᾳ,
2106 5745 2200 5809 etc

329 5793 405 5880 l2)
441 5793 748 5872 ’Λμαρτιῶν
781 5800 980 5880 αὐτῶν,
1008 5803 1216 5880 εις..τρ
1240 5804 1680 5880 πρότερονεριε..
1718 5822 1812 5880 με-
1891 5850 1901 5861 ,
1952 5793 1962 5809 ’

1891 5850 1901 5861 .
1952 5793 2161 5873 ’(ἏὙΝ.
2199 5806 2281 5861 19.
2320 5804 2507 5876 Ἕονη,
2539 5815 2667 5869 etc..
2707 5806 2958 5873 ἔσταξαν,
2982 5815 3109 5874 ctc.,
3146 5821 3242 5876 pro
3268 5800 3480 5869 ἔταξαν.

258 5876 656 5943 τανοήσαντας·
708 5872 1089 5937 κατοικοῦντας
1140 5872 1235 5938 δέ,
1284 5872 1419 5943 om,
1467 5873 1678 5943 ἐξάγειν
1722 5872 1786 5929 διν
