4174 6494
693 418 795 473 919
1546 425 1601 478 S.
1648 424 2023 481 ATllANASll
2064 426 2214 484 OPP.
2255 429 2438 484 PARS
2476 428 2563 483 ΙΙΙ.
2605 458 2675 467 -
2710 425 3121 482 EXEGETICA.
3855 422 3965 479 920

764 534 851 593 62.
886 537 1165 610 Principes
1198 539 1438 596 Zabulon
1457 586 1471 607 ,
2301 556 2348 611 Α

2301 556 2348 611 Α
2447 549 2536 603 62.
2564 550 2858 621 ’Ἄρχοντες
2888 542 3192 607 Ζαὸουλὼν,

764 629 857 686 65.
899 630 1180 704 Principes
1214 634 1521 703 Nephtliali.

2446 641 2534 696 65.
2576 642 2867 711 ’Ἄρχοντες
2896 634 3236 705 Νεφθαλείμ.

765 724 854 779 64.
890 723 1107 793 Manda,
1140 726 1301 789 Deus,
1326 728 1512 783 virtuti
1547 739 1652 783 tuae
1679 748 1691 783 :

2443 731 2532 784 65.
2568 728 2862 790 Ἐντειλαι,
2890 728 2920 779 ό
2947 725 3100 789 Θεὸς,
3130 726 3198 795 τῇ
3227 722 3452 794 δυνάμει
3489 738 3579 774 σου

763 815 851 871 65.
884 817 1160 873 Conﬁrma
1214 820 1351 883 hoc,
1406 819 1583 887 Deus,
1635 824 1781 892 quod
1833 833 2092 894 operatus
2122 839 2182 880 es
2214 827 2269 880 in

2444 822 2533 878 65.
2567 820 2915 891 Δυνάμωσον,
2949 819 2977 870 ὁ
3003 818 3155 881 Θεὸς,
3188 814 3381 879 τοῦτο,
3429 814 3457 868 ὃ
3513 817 3853 886 κατηργάσω
3901 814 3962 869 ὲν

696 908 877 963 nobis.
2373 918 2523 988 ἡμῖν.

763 1000 851 1057 66.
878 1002 922 1054 A
952 1003 1152 1073 templo
1176 1013 1270 1059 tuo
1301 1006 1354 1059 in
1391 1003 1729 1061 Hierusalem
1752 1047 1766 1071 ,

2442 1007 2533 1061 66.
2584 1007 2716 1060 Ἀπὸ
2746 1007 2839 1060 τοῦ
2866 1006 2994 1058 ναοῦ
3027 1019 3121 1056 σου
3147 1001 3241 1053 ἐπὶ
3279 997 3651 1070 Ἰερουσαλὴμ,

765 1094 850 1149 67.
890 1096 1009 1150 Tibi
1042 1095 1272 1152 oll‘erent
1296 1113 1454 1168 reges
1484 1115 1734 1153 munera.

1700 1118 1734 1153 ιο
2449 1099 2539 1153 67.
2565 1100 2655 1151 Σοὶ
2684 1098 2891 1152 οἴσουσι
2923 1094 3159 1166 βασιλεῖς
3182 1091 3348 1162 δῶρα.

767 1189 855 1245 68.
892 1191 1112 1261 lncrepa
1148 1190 1293 1248 feras
1328 1193 1659 1248 arundinis:

2443 1194 2531 1249 68.
2568 1194 2918 1264 Ἐπιτίμησον
2943 1192 3052 1253 τοῖς
3091 1188 3299 1259 Θηρίοις
3327 1186 3421 1239 τοῦ
3452 1185 3736 1257 καλάμουο

768 1283 857 1339 69.
888 1284 1253 1356 Congregatio
1282 1295 1568 1342 taurorum
1600 1289 1654 1341 in
1687 1288 1869 1344 vaccis
1898 1288 2225 1359 populorum
2254 1310 2266 1345 :

2449 1288 2541 1342 69.
2581 1286 2645 1338 Ἡ
2679 1282 2971 1355 συναγωγὴ
3011 1280 3120 1335 τῶν
3160 1278 3376 1349 ταύρων
3422 1280 3480 1331 ὲν
3524 1280 3643 1343 ταῖς
3683 1278 3955 1350 δαμαλεσι

2376 1378 2484 1431 τῶν
2510 1376 2655 1432 λαῶν
2683 1395 2697 1408 ·

772 1467 860 1523 70.
896 1466 965 1524 Ut
992 1469 1350 1525 excludantur
1377 1470 1451 1536 ii,
1486 1472 1577 1541 qui
1610 1472 1822 1542 probati
1867 1482 1997 1529 sunt
2022 1483 2266 1544 argento.

2448 1469 2537 1525 70.
2576 1467 2682 1522 T06
2732 1467 3111 1538 ἐγκλεισθῆναι
3151 1462 3278 1527 τοὺς
3330 1462 3825 1533 δεδοκιμασμένους
3878 1464 3956 1534 τῷ

2374 1562 2642 1635 ἀργυρίῳ.

774 1652 859 1708 71.
894 1652 1105 1724 Dissipa
1136 1664 1323 1725 gentes
1351 1671 1473 1725 quae
1504 1654 1644 1710 bella
1685 1658 1873 1712 volunt
1902 1676 1913 1710 :

2450 1656 2535 1709 7i.
2570 1653 2968 1726 Διασκόρπισον
3001 1649 3128 1722 ἔθνη
3153 1650 3223 1704 τά
3249 1653 3375 1711 τοὺς
3404 1650 3671 1721 πολέμους
3704 1649 3950 1704 θέλοντα.

769 1744 856 1799 72.
895 1745 1126 1801 Venient
1154 1748 1316 1817 legati
1340 1764 1405 1802 ex
1434 1746 1671 1819 Egypto
1697 1766 1709 1802 :

2444 1747 2533 1802 72.
2565 1745 2792 1812 Ἥξουσι
2818 1743 3075 1817 πρέσϐεις
3106 1741 3165 1809 ἐξ
3193 1742 3468 1813 Αἰγύπτου
3490 1760 3503 1772 ο

769 1838 855 1891 ’3.
892 1837 1171 1909 A-Jtliiopia
1206 1840 1500 1909 praeveniet
1520 1856 1717 1895 manus
1750 1841 1870 1910 ejus
1899 1838 2033 1895 Deo.
2306 1898 2345 1910 _

2306 1898 2345 1910 _
2450 1839 2539 1893 75.
2578 1837 2830 1891 Αἰθιοπία
2863 1836 3166 1909 προφθάσει
3198 1838 3357 1907 χεῖρα
3382 1834 3554 1903 αὐτῆς
3586 1834 3663 1904 τῷ
3688 1834 3832 1904 Θεῷ.

773 1927 857 1981 74.
892 1898 1263 1997 Regna-terra:
1290 1938 1504 1985 cantate
1538 1927 1667 1995 Deo,
1702 1898 1918 2001 psallite
1949 1928 2199 1984 Domino.
2306 1898 2348 1956 Β

2306 1898 2348 1956 Β
2445 1931 2533 1985 74.
2570 1931 2636 1985 Al.
2662 1898 2930 2000 βασιλεῖαι
2955 1898 3054 1999 τῆς
3250 1898 3416 1999 ᾅσατε
3447 1898 3526 1997 τῷ
3564 1898 3707 1995 Θεῷ,

2374 2022 2453 2093 τῷ
2480 2020 2690 2093 Κυρίῳ,
3847 2030 3850 2031 ⁷

773 2112 860 2165 75.
889 2111 994 2179 Qui
1023 2114 1269 2169 ascendit
1293 2128 1458 2183 super
1488 2114 1689 2169 caelum
1725 2114 1848 2169 οωιί
1886 2114 1953 2168 ad
1984 2113 2270 2169 orientem.

2445 2113 2535 2167 75.
2561 2112 2651 2184 Τῷ
2681 2111 3033 2183 ὲπιόεδηκότι
3074 2111 3168 2165 ἐπὶ
3200 2111 3291 2165 τὸν
3323 2110 3549 2181 οὐρανὸν
3581 2110 3674 2164 τοῦ
3720 2110 3954 2182 οὐρανοῦ

2376 2206 2517 2261 κατὰ
2542 2206 2823 2269 ἀνατολάς.

772 2295 859 2349 76.
892 2294 1029 2351 Ecce
1060 2296 1213 2351 dabit
1242 2297 1361 2353 voci
1394 2314 1507 2354 sua:
1542 2313 1725 2353 vocem
1753 2299 1989 2354 virtutis.

2448 2299 2534 2351 76.
2583 2298 2715 2351 Ἰδοὺ
2741 2296 2898 2351 δώσει
2926 2300 2991 2369 τῇ
3022 2299 3173 2369 φωνῇ
3202 2296 3369 2351 αὑτοῦ
3394 2296 3575 2369 φωνὴν
3601 2296 3908 2367 δυνάμεως.

768 2388 857 2442 77.
887 2389 1019 2445 Date
1047 2391 1271 2461 gloriam
1306 2391 1417 2446 Deo
1448 2407 1464 2446 :

2449 2388 2537 2442 77.
2569 2389 2697 2441 Δότε
2725 2386 2879 2453 δόξαν
2906 2386 2985 2456 τῷ
3006 2386 3142 2457 Θεῷ·

773 2481 858 2535 78.
898 2481 1071 2552 Super
1096 2482 1261 2538 Israel
1288 2485 1689 2555 magnificentia
1720 2484 1839 2553 ejus
1871 2503 1883 2537 :

2453 2480 2537 2534 78.
2584 2481 2705 2533 Ἐπὶ
2731 2480 2824 2533 τὸν
2864 2477 3133 2549 Ἰσραὴλὴ
3167 2478 3609 2550 μεγαλοπρέπεια
3641 2476 3845 2532 αὑτοῦ·

769 2572 854 2627 79.
888 2570 953 2626 Et
978 2573 1149 2628 virtus
1167 2571 1294 2642 ‘ejus
1321 2574 1373 2626 in
1407 2573 1665 2628 nubibus.

2452 2572 2537 2627 79.
2571 2574 2679 2625 Kal
2707 2575 2739 2642 ἡ
2764 2571 2990 2642 δύναμις
3023 2570 3187 2623 αὑτοῦ
3216 2570 3272 2621 ὲν
3296 2575 3415 2633 ταῖς
3445 2571 3717 2640 νεφέλαις.

772 2665 859 2719 80.
895 2664 1160 2722 Mirabilis
1196 2665 1339 2723 Deus
1372 2666 1427 2721 in
1456 2668 1660 2722 sanctis
1685 2667 1802 2723 suis
1832 2686 1844 2719 :

2450 2664 2536 2718 80.
2559 2662 2879 2734 Θαυμαστὸς
2905 2664 2933 2716 ό
2958 2661 3089 2725 Θεὸς
3123 2663 3179 2715 ὲν
3212 2664 3325 2725 τοῖς
3349 2662 3524 2730 ἁγίοις
3556 2661 3741 2715 αὑτοῦ.

1830 2778 2204 2835 ATHANASII
2242 2773 2821 2833 INTERPRETATIO.

772 2874 860 2943 62,
894 2877 982 2932 63.
1006 2874 1110 2946 Ipsi
1134 2877 1387 2947 apostoli,
1414 2877 1675 2948 quoniam
1703 2888 1861 2933 erant
1889 2893 1959 2935 ex
1994 2879 2138 2934 tribu
2174 2879 2274 2932 Zav

2448 2871 2538 2935 62,
2574 2871 2661 2925 65.
2687 2872 2750 2924 Οἱ
2784 2871 2937 2923 αὐτοὶ
2962 2870 3268 2931 ἀπόστολοι,
3304 2867 3490 2939 ἐπειδὴ
3536 2869 3599 2919 ἐκ
3632 2866 3733 2935 τῆς
3781 2864 3954 2936 φυλῆς

703 2962 888 3028 bnlun,
920 2974 972 3017 et
1004 2960 1372 3031 Neplithalim.

2380 2961 2665 3017 Ζαϐουλὼν
2692 2963 2786 3016 καὶ
2806 2960 3122 3032 Νεφθαλείμ
3152 2955 3310 3031 ἦσαν.

776 3054 862 3149 64.
895 3054 1095 3149 gratiae
1121 3064 1249 3110 tua.
2300 3092 2341 3149 ο

2300 3092 2341 3149 C
2447 3056 2533 3110 64.
2563 3056 2641 3127 Τῇ
2672 3055 2853 3126 χάριτί
2880 3072 2994 3107 σου.

773 3148 861 3203 65.
899 3147 1085 3202 Fidem
1115 3158 1285 3203 tuam.
2310 3146 2331 3149 ⁷

2310 3146 2331 3149 ⁷
2444 3146 2533 3201 65.
2574 3146 2684 3217 Τὴν
2710 3146 2890 3199 πίστιν
2916 3164 3028 3199 σου.

774 3242 873 3304 66.
906 3240 993 3295 67.
1023 3239 1097 3296 Ex
1132 3241 1312 3297 anima
1343 3250 1397 3297 et
1428 3255 1658 3311 corpore
1706 3240 1933 3296 afferent
1970 3242 2065 3295 tibi
2106 3255 2271 3310 opera

2445 3242 2533 3307 66,
2570 3243 2656 3298 67.
2675 3244 2770 3296 Ἐκ
2796 3244 2896 3312 τῆς
2926 3242 3104 3314 ψυχῆς
3132 3243 3225 3296 καὶ
3250 3243 3342 3297 τοῦ
3383 3240 3632 3314 σώματος
3661 3241 3745 3293 σοὶ
3788 3256 3954 3310 προσ-

705 3336 887 3391 lidelcs
910 3335 1043 3405 justi
1078 3336 1131 3390 in
1165 3351 1402 3406 superna
1431 3335 1793 3391 Hierusalem.

2375 3336 2658 3404 αγάγωσιν
2693 3335 2829 3407 ἔργα
2862 3335 3062 3389 δίκαιοι
3121 3336 3300 3388 πιστοὶ
3332 3338 3390 3388 ὲν
3412 3337 3480 3405 τῇ
3518 3334 3631 3388 ἄνω
3677 3335 3949 3405 Ἰερουσα-

2377 3427 2508 3500 λήμ.

766 3523 857 3576 68.
887 3522 1189 3588 Daemones,
1214 3530 1268 3577 et
1298 3520 1535 3577 Judaeos.

2446 3520 2535 3579 68.
2567 3522 2692 3585 Τοῖς
2717 3521 2934 3593 δαίμοσι
2962 3522 3056 3575 καὶ
3080 3524 3192 3585 τοῖς
3226 3520 3517 3584 Ἰουδαίοις.

778 3614 869 3667 69.
902 3612 1182 3683 Principes
1202 3653 1218 3679 ,
1257 3622 1310 3667 et
1338 3613 1530 3668 scribae
1562 3610 1893 3666 Judreorum.

2448 3612 2536 3666 69.
2563 3614 2627 3665 Ol.
2654 3613 2915 3684 ἄρχοντες
2944 3613 3037 3666 καὶ
3058 3614 3108 3665 οί
3127 3614 3475 3684 γραμματεῖς
3504 3610 3612 3665 τῶν
3660 3609 3947 3664 Ἰουδαίων.

782 3704 865 3756 70.
899 3704 1131 3771 Quando
1160 3704 1513 3774 conjecerunt
1541 3704 1593 3758 in
1628 3718 1902 3758 carcerem
1940 3703 2042 3773 ipsi
2080 3701 2274 3769 Judaei,

2443 3707 2530 3761 70.
2570 3706 2696 3759 Ὅτε
2754 3707 3065 3760 ὲνέκλεισαν
3114 3709 3193 3770 είς
3248 3704 3494 3777 φυλακὴν
3549 3706 3598 3757 οἱ
3637 3697 3791 3757 αἶτοὶ
3822 3706 3950 3757 Ἰου-

707 3809 756 3850 et
818 3797 1075 3852 Pharisaei
1130 3798 1452 3876 apostolos)
1509 3794 1971 3867 quemadmodum
2021 3794 2075 3848 in
2128 3794 2277 3849 Actis

2377 3800 2515 3852 δαῖοι
2549 3800 2642 3853 καὶ
2691 3802 2981 3871 Φαρισαῖοι
3025 3802 3152 3862 τοὺς
3195 3798 3524 3860 ἀποστόλους
3568 3797 3709 3868 [ὡς]
3747 3799 3806 3850 ὲν
3832 3799 3950 3859 ταῖς

708 3900 964 3945 narratur
991 3891 1036 3922 ⁸¹
1064 3910 1076 3944 ;
1102 3891 1228 3961 quia
1258 3890 1622 3961 loquebantur
1650 3890 1878 3944 verbum
1916 3886 2033 3942 Dei.

2380 3890 2621 3961 Πράξεσι
2642 3908 2657 3922 ·
2686 3890 2777 3945 διὰ
2803 3891 2855 3944 τί
2892 3888 3103 3963 [διότι]
3137 3889 3359 3944 ἐλάλουν
3390 3889 3482 3943 τόν
3510 3889 3667 3958 λόγον
3716 3888 3795 3960 τῷ
3834 3890 3951 3960 Θεῷ

2420 3981 2513 4035 τοῦ
2534 3981 2704 4036 Θεοῦ]
2744 3982 2845 4036 (ll.

788 4070 1133 4141 7I.Populos
1188 4068 1499 4123 Judaeorum
1554 4068 1799 4125 volentes
1840 4066 2166 4135 voluptates,
2225 4073 2281 4120 et
2383 3980 2436 4054 [Ἰ

2383 3980 2513 4054 [τοῦ
2534 3980 2704 4055 Θεοῦ]
2744 3982 2845 4053 (l).

2450 4072 2538 4125 7l.
2573 4072 2711 4135 Τοὺς
2755 4071 2959 4144 δήμους
2986 4090 3094 4126 των
3138 4073 3407 4126 Ἰουδαίων
3442 4075 3568 4135 τοὺς
3615 4072 3715 4135 τὰς
3762 4074 3948 4144 ἡδονὰς

710 4163 1177 4235 concupiscentias
1208 4164 1349 4217 vitae.

2382 4165 2475 4217 καὶ
2492 4163 2591 4225 τάς
2621 4164 2917 4236 ἐπιθυμίας
2942 4165 3035 4218 τοῦ
3062 4164 3177 4235 βίου
3205 4165 3475 4227 θέλοντας.

788 4258 873 4311 72.
906 4256 1139 4311 Venient
1167 4257 1396 4312 aoostoli
1432 4272 1461 4310 e
1501 4270 1721 4310 carcere
1746 4255 2031 4323 loquentes
2055 4253 2281 4305 verbum

2452 4257 2543 4310 7‘2.
2579 4258 2640 4311 Οί
2678 4258 2966 4310 ἀπόστολοι
3005 4258 3314 4311 ἐλεύσονται
3342 4261 3405 4312 ὲκ
3426 4258 3527 4328 τῆς
3559 4258 3829 4331 φυλακῆς,
3856 4260 3944 4313 λα-

711 4353 765 4408 in
801 4350 1019 4420 templo.

2382 4348 2601 4412 λοῦντες
2634 4349 2724 4401 τὸν
2749 4349 2906 4417 λόγον
2932 4353 2989 4403 ὲν
3014 4349 3091 4420 τῷ
3112 4349 3260 4421 ἱερῷ.

814 4442 867 4497 5.
899 4439 1069 4495 Judaei
1093 4478 1108 4504 ,
1148 4440 1241 4510 qui
1274 4437 1619 4494 crediderunt
1651 4436 1705 4492 in
1745 4436 1837 4491 illa
1862 4435 1947 4490 die
1971 4435 2277 4490 animarum
2311 4432 2354 4486 D
2450 4442 2462 4494 π

2311 4432 2354 4486 Ι)
2450 4442 2542 4495 75.
2569 4442 2631 4493 Οί
2666 4443 3089 4505 πεπιστευκότες
3125 4443 3361 4497 Ἰουδαῖοι
3388 4445 3444 4497 ἐν
3461 4446 3526 4515 τῇ
3563 4443 3746 4515 ἡμέρᾳ
3770 4443 3948 4515 ἐκείνῃ

711 4536 865 4603 quasi
893 4535 1131 4605 quinque
1164 4532 1331 4587 millia
1365 4530 1431 4587 ⁸³.

2383 4532 2552 4604 ψυχαὶ
2580 4534 2712 4587 ὡσεὶ
2746 4534 3195 4605 πεντακισχίλιαι.

784 4628 871 4681 74.
903 4626 1149 4696 Apostoli
1180 4633 1387 4680 stantes
1416 4624 1473 4679 in
1514 4624 1719 4696 templo
1750 4620 2040 4694 loquimini
2078 4619 2283 4693 populo

2454 4624 2539 4681 74.
2566 4626 2631 4679 Oi
2654 4626 2941 4679 ἀπόστολοι
2978 4626 3264 4691 σταθέντες
3286 4626 3344 4681 ἐν
3370 4626 3447 4698 τῷ
3465 4626 3616 4698 ἱερῷ,
3644 4626 3850 4681 λαλεῖτε
3874 4628 3947 4700 τῷ

711 4722 872 4778 Verba
900 4719 1022 4775 vita:
1048 4717 1233 4788 hujus.

2382 4718 2495 4789 λαῷ
2522 4718 2590 4772 τά
2615 4720 2837 4789 ῥήματα
2860 4720 2961 4790 τῆς
2994 4720 3139 4790 ζωῆς
3170 4719 3396 4791 ταύτης.

780 4815 864 4869 75.
902 4813 1005 4880 Qui
1033 4820 1350 4882 assumptus
1371 4819 1454 4867 est
1482 4826 1649 4882 super
1680 4808 1868 4864 cmlos.

2453 4810 2543 4864 75.
2575 4810 2666 4881 Τῷ
2698 4805 3057 4884 ἀναληφθέντι
3091 4812 3341 4888 ὑπεράνω
3362 4812 3471 4866 τῶν
3490 4813 3752 4885 οὐρανῶν.

786 4906 871 4960 76.
908 4906 1181 4974 Apostolis
1209 4904 1652 4973 praedicationem
1682 4903 1822 4961 eius.

2446 4902 2537 4957 76.
2574 4903 2699 4967 Τοῖς
2725 4905 3042 4969 ἀποστόλοις
3064 4904 3124 4959 τδ
3157 4902 3415 4977 κήρυγμα
3444 4906 3630 4961 αὐτοῦ.

783 4999 867 5053 77.
904 4996 1197 5068 Unigenito
1222 4997 1313 5052 Dei
1339 4994 1498 5051 Filio.

2457 4997 2541 5049 77.
2576 4997 2667 5067 Τῴ
2701 5002 2981 5068 μονογενεῖ
3008 4998 3121 5068 Υἱῷ
3149 4998 3242 5052 τοῦ
3268 4996 3424 5057 Θεοῦ.

779 5088 871 5147 78.
901 5088 1091 5145 Gratia
1122 5103 1220 5145 sua
1248 5103 1411 5159 super
1436 5102 1532 5143 eos
1550 5126 1565 5152 ,
1595 5088 1685 5157 qui
1722 5093 1902 5141 mente
1926 5102 2054 5141 eum
2078 5085 2282 5139 vident.

2452 5090 2542 5145 78.
2591 5090 2655 5142 'H
2687 5090 2845 5161 χάρις
2890 5090 3054 5151 αὑτοῦ
3103 5093 3197 5146 ἐπὶ
3241 5093 3369 5155 τοὺς
3410 5091 3653 5161 ὁρῶντας
3697 5092 3861 5147 αὐτὸν
3886 5096 3943 5167 τῇ

2385 5180 2611 5235 διανοία.

781 5268 871 5325 79.
906 5268 974 5324 Et
998 5278 1220 5325 sanctus
1246 5268 1366 5339 ejus
1396 5267 1636 5340 Spiritus
1670 5268 1726 5321 in
1758 5266 2043 5338 apostolis.

2462 5271 2546 5325 79.
2577 5274 2686 5325 Καὶ
2731 5273 2791 5327 τὸ
2829 5272 3051 5342 Πνεῦμα
3094 5273 3157 5331 τὸ
3198 5273 3350 5341 ἅγιον
3382 5272 3547 5327 αὑτοῦ
3582 5276 3641 5327 ὲν
3672 5276 3777 5339 τοῖς
3824 5276 3941 5329 ἀτο-

2391 5362 2615 5425 στόλοις.

782 5450 872 5505 80.
901 5449 1249 5505 Glorilicatur
1279 5448 1425 5503 Deus
1466 5452 1524 5500 in
1557 5446 1762 5501 sanctis
1792 5463 1927 5503 suis.

2467 5454 2556 5508 80.
2596 5453 2885 5518 Δοξάζεται
2908 5460 2935 5510 ὁ
2960 5456 3183 5528 Θεδςξὲν
3209 5458 3323 5522 τοῖς
3344 5456 3523 5526 ἁγίοις
3542 5455 3728 5511 αὐτοῦ.

782 5566 825 5604 υ
850 5566 968 5620 Act.
1002 5579 1076 5629 tv,
1108 5564 1162 5619 5.
1238 5562 1283 5595 ⁸³
1312 5563 1433 5618 Act.
1470 5576 1530 5627 ll,
1558 5561 1621 5615 Al
1652 5580 1666 5625 ;
1696 5577 1769 5627 iv,
1796 5562 1849 5615 ιι.

1661 5677 1969 5741 Addenda
2006 5686 2066 5739 et
2093 5679 2473 5758 corrigenda
2503 5698 2580 5743 ex
2625 5684 2767 5746 cod.
2802 5684 3004 5746 Vatic.

744 5802 861 5946 (fil)
897 5805 957 5886 9|
1006 5806 1159 5861 αὐτοὶ
1205 5805 1487 5878 Φαρισαῖοι
1535 5806 1658 5868 τοὺς
1692 5804 2022 5867 ἀποστόλους
2065 5806 2119 5857 ἐν
2166 5806 2284 5866 ταῖς
2326 5804 2597 5876 Πράξεσιν
2628 5809 2714 5865 διὰ
2748 5811 2801 5863 τί
2847 5810 3068 5865 ἐλάλουν
3106 5808 3184 5885 τῷ
3222 5809 3365 5881 λόγῳ
3401 5810 3533 5884 (leg.
3571 5810 3662 5866 τὸν
3696 5809 3881 5883 λόγον)

776 5898 789 5923 ι
823 5892 950 5934 λαω.

710 5890 789 5946 τῳ
823 5892 950 5946 λαῳ,
