4174 6490
242 452 344 509 921
1122 453 1210 508 DE
1247 452 1523 510 TITULIS
1562 456 2010 520 PSALMORUM.
2051 497 2120 509 —
2153 465 2349 521 PSAL.
2400 466 2631 525 ιχνιιι.
3391 474 3495 529 922

320 572 407 627 8L
442 573 503 625 ὐ
519 571 652 635 Θεὸς
686 571 899 646 Ἰσραήλ
919 586 933 601 ⁸
950 569 1112 634 αὐτὸς
1134 567 1293 622 δώσει
1322 566 1550 641 δύναμιν
1576 576 1669 628 καὶ
1692 592 1820 649 κρα-
1850 588 1895 640 Α

1850 588 1895 640 Α
1993 579 2082 635 81.
2121 579 2267 637 Deus
2299 580 2500 650 Israel;
2536 584 2652 654 ipse
2678 583 2831 640 dabit
2860 584 3137 655 virtutem,
3184 598 3239 643 et
3282 589 3468 649 l’ortitu

148 729 159 734 _
244 664 473 718 ταίωσιν
498 663 577 734 τῷ
605 661 719 733 λαῷ
748 662 934 717 αὐτοῦ.

800 662 934 716 ito-3.
1924 669 2104 724 dinem
2134 671 2276 739 plebi
2304 687 2416 728 suae
2437 691 2448 726 :

322 755 413 809 89..
449 752 755 824 Εὐλογητὸς
780 754 807 804 ὀ
838 752 990 817 Θεός.

1997 761 2087 817 82.
2118 760 2448 819 Benedictus
2479 763 2638 821 Deus.

249 851 359 917 Εις
387 851 450 904 τὸ
484 849 678 916 τέλος,
701 849 855 916 ὑπὲρ
883 846 1001 902 τῶν
1034 847 1635 918 ἀλλοιωθησομένων,
1670 851 1827 918 ψαλ-

1804 877 1827 888 -
1980 850 2047 906 1η
2078 853 2238 923 ﬁnem
2264 895 2279 920 ,
2320 873 2418 925 pro
2456 858 2525 911 iis
2558 858 2648 920 qui
2691 858 3178 927 commutabantur,
3220 865 3452 933 psalmus

619 941 736 1011 μύς
771 939 851 1007 τῷ
890 940 1086 997 saeta.
1126 944 1299 995 ΨΑΑ.
1333 940 1457 995 EH'.

1449 979 1457 995 .
2345 946 2544 1004 David.
2576 945 2779 1006 PSAL.
2820 947 2919 1004 LX
2934 948 3097 1006 VIII.

327 1034 381 1091 1.
411 1033 593 1089 Σῶσόν
622 1048 713 1104 με,
739 1033 768 1086 ὁ
787 1032 938 1099 Θεὸς,
961 1033 1043 1087 ὅτι
1071 1031 1387 1104 εἰσήλθοσαν
1413 1033 1578 1087 ὕδατα
1598 1031 1703 1096 ἓως
1724 1032 1823 1102 ψυ-

2001 1036 2055 1091 1.
2096 1034 2317 1092 Salvum
2354 1055 2442 1094 me
2490 1039 2609 1104 fac,
2655 1040 2829 1109 Deus,
2879 1045 3135 1113 quoniam
3168 1048 3498 1104 intraverunt

245 1124 357 1197 χῆς
393 1140 515 1196 μου.

1928 1141 2083 1195 aqua:
2110 1144 2287 1199 usque
2316 1132 2382 1185 ad
2412 1132 2648 1188 animam
2685 1149 2882 1190 meam.

322 1217 381 1272 Ξ.
427 1215 730 1288 Ἐνεπάγην
762 1217 844 1281 είς
874 1215 989 1270 ἰλὺν
1026 1214 1213 1286 βυθοῦ,
1246 1215 1342 1269 καὶ
1368 1215 1468 1268 οὐκ
1506 1214 1655 1267 ἔστιν
1699 1214 1829 1268 6:6-

1996 1218 2051 1274 2.
2086 1220 2296 1277 lniixus
2333 1238 2454 1278 sum
2487 1225 2541 1278 in
2582 1224 2716 1280 limo
2740 1226 3019 1297 profundi,
3047 1237 3099 1283 et
3122 1244 3231 1283 non
3260 1240 3342 1285 est
3373 1231 3500 1286 sub-

252 1324 467 1372 στασις.

1928 1312 2148 1365 stantia.

328 1404 383 1459 5.
420 1400 621 1457 Ἦλθον
644 1403 726 1465 είς
754 1402 827 1458 τὰ
864 1402 1005 1475 βάθη
1032 1402 1133 1474 τῆς
1166 1401 1466 1475 θαλάσσης,
1503 1403 1597 1457 καὶ
1642 1418 1829 1456 καται-

2002 1404 2055 1458 ‘5.
2096 1402 2230 1460 Veni
2266 1406 2320 1460 in
2358 1407 2702 1463 altitudinem
2760 1410 2949 1475 maris,
2988 1424 3040 1467 et
3088 1423 3381 1486 tempestas
3409 1415 3502 1471 de-

250 1497 344 1565 τὶς
372 1494 727 1549 κατεπόντισέ
759 1513 848 1567 με.

607 1494 727 1549 τισέ
759 1513 848 1567 με.
1932 1497 2121 1551 mersit
2152 1513 2255 1553 me.

322 1586 378 1641 4.
418 1588 714 1642 Ἐκοπίασα
745 1587 984 1659 κράζων,
1016 1586 1380 1659 ἑὸραγχίασεν
1409 1591 1439 1643 ό
1468 1588 1674 1659 λάρυγξ
1703 1604 1827 1658 μου.

2002 1590 2057 1643 4.
2099 1589 2367 1646 Laboravi
2404 1592 2669 1661 clamans,
2725 1610 2905 1651 rauca:
2952 1595 3107 1652 factae
3149 1606 3277 1653 sunt
3320 1597 3503 1656 fauces

1931 1694 2082 1734 mete.

326 1767 381 1823 5.
425 1767 705 1834 Ἐξέλιπον
730 1770 781 1821 oi
806 1766 1073 1839 ὀφθαλμοί
1110 1783 1213 1839 μου
1238 1766 1346 1821 ἀπὸ
1367 1765 1463 1819 τοῦ
1489 1765 1727 1832 ἐλπίζειν
1761 1785 1827 1839 με

2006 1772 2061 1827 5.
2094 1764 2420 1827 Defeccrunt
2472 1772 2616 1828 oculi
2675 1773 2805 1838 mei,
2857 1775 2986 1829 dum
3029 1792 3187 1845 spero
3232 1778 3286 1831 in
3333 1778 3500 1835 Deum

251 1861 349 1914 ιπὶ
366 1860 459 1913 τὸν
480 1860 612 1914 Θεόν
637 1878 759 1932 μου.
1861 1924 1893 1932 __

1861 1924 1893 1932 __
1930 1870 2137 1911 meum.
3209 1925 3214 1931 ‘

328 1953 382 2008 6.
422 1924 865 2026 Ἐπληθῦνθησαν
897 1953 1043 2025 ὑπὲρ
1072 1952 1172 2019 τὰς
1210 1953 1404 2025 τρίχας
1450 1952 1550 2025 τῆς
1589 1951 1830 2022 κεφαλῆς
1861 1924 1901 1981 Β

1861 1924 1901 1981 Β
2008 1950 2064 2003 6.
2096 1948 2464 2019 Multiplicata:
2498 1959 2627 2005 sunt
2657 1965 2825 2021 super
2853 1953 3076 2022 capillos
3124 1925 3314 2024 capitis
3370 1970 3497 2021 met,

256 2060 365 2115 μου
394 2046 442 2098 oi
478 2045 761 2117 μισοῦντές
795 2062 862 2116 με
892 2045 1123 2117 δωρεάν.

982 2046 1123 2117 ρεάν.
1934 2040 2027 2109 qui
2062 2041 2295 2095 oderunt
2330 2058 2415 2095 me
2445 2041 2630 2111 gratis.

330 2135 383 2192 7.
428 2135 903 2210 Ἐκραταιὼθησαν
936 2138 987 2191 oi
1030 2136 1215 2208 ἐχθροί
1240 2153 1365 2208 μου,
1396 2136 1446 2188 oi
1479 2133 1830 2200 ὲκδιώκοντὲς

2008 2130 2059 2185 7.
2098 2131 2403 2187 Conl‘urtati
2452 2142 2602 2200 sunt,
2661 2134 2755 2204 qui
2804 2135 3076 2205 persecuti
3103 2144 3231 2190 sunt
3261 2151 3368 2203 me,
3402 2135 3504 2191 ini-

257 2228 587 2301 μεάδὶκως.

1935 2223 2061 2277 rnici
2094 2223 2200 2277 mei
2230 2224 2430 2293 injuste
2460 2242 2476 2280 :

328 2321 383 2377 8.
414 2323 480 2374 Ἀ
502 2323 600 2392 οὐχ
626 2322 891 2393 ἥρπαζον,
918 2318 1041 2373 τότε
1066 2318 1408 2373 άπετίννυον.

2005 2316 2059 2369 8.
2093 2314 2224 2381 Quae
2245 2330 2352 2369 non
2380 2317 2558 2385 rapui,
2594 2328 2725 2372 tunc
2752 2317 3102 2372 exsolvebam

329 2412 383 2467 9.
420 2415 478 2467 ⁸0
502 2414 653 2477 Θεὸς,
679 2414 743 2466 σὺ
777 2412 947 2481 ἔγνως
975 2411 1071 2484 τὴν
1093 2411 1405 2483 ἀφροσύνην
1441 2426 1563 2481 μου,

1466 2426 1563 2473 ιου,
2006 2408 2061 2462 9.
2102 2407 2262 2474 Deus,
2295 2419 2349 2463 tu
2380 2411 2487 2465 scis
2519 2410 2884 2480 insipientiam
2915 2426 3114 2475 meam,

330 2506 418 2561 10.
450 2506 560 2558 Καὶ
580 2507 634 2560 αἱ
665 2504 1038 2577 πλημμέλειαι
1069 2521 1170 2575 μου
1200 2504 1308 2557 άπὸ
1332 2502 1426 2556 σοῦ
1457 2503 1557 2555 οὐκ
1586 2502 1829 2573 ἀπεκρύ-

1712 2502 1829 2573 ιρύ-
2006 2499 2092 2553 10.
2126 2498 2190 2554 Et
2212 2501 2409 2556 delicta
2437 2517 2554 2557 mea
2581 2518 2611 2557 a
2638 2513 2691 2557 te
2722 2519 2831 2557 non
2862 2512 2990 2558 sunt
3021 2502 3360 2558 abscondita.

255 2596 455 2651 ϐησαν.

336 2612 455 2651 σαν.

293 2612 418 2745 nil.
450 2690 539 2760 Μὴ
570 2688 986 2760 αἰσχυνθείησαν
1011 2688 1099 2739 ἐπ’
1125 2686 1223 2757 ἐμὲ
1266 2688 1313 2739 οἱ
1342 2685 1705 2756 ὑπομένοντες
1744 2700 1825 2749 σε,

2008 2686 2092 2739 ll.
2127 2683 2245 2737 Non
2277 2682 2601 2737 erubescant
2630 2684 2683 2736 in
2716 2699 2800 2738 me
2838 2700 2931 2753 qui
2956 2691 3273 2753 exspectant
3299 2691 3372 2743 te.
3397 2680 3504 2739 Do-

255 2782 451 2853 Κῦριε,
486 2782 655 2853 Κύριε
676 2780 783 2834 τῶν
811 2780 1090 2849 δυνάμεων
1108 2796 1121 2809 ·

1046 2796 1121 2831 ,ν-
1932 2774 2097 2834 mine.
2136 2772 2362 2828 Domine
2393 2772 2653 2828 virtutum
2683 2794 2694 2829 :

1373 2870 1745 2928 ATHANASII
1788 2865 2356 2924 INTERPRETATID

328 2966 417 3032 8|,
448 2965 537 3020 82.
580 2967 637 3019 Ὀ
662 2966 794 3029 Θεὸς
831 2965 939 3019 τῶν
1008 2966 1264 3039 καθαρῶν
1295 2969 1359 3037 τῇ
1402 2966 1616 3037 καρδίᾳ,
1655 2965 1815 3027 αὐτὸς

2011 2960 2100 3026 8|,
2136 2958 2224 3015 82.
2262 2959 2405 3014 Deus
2441 2975 2629 3015 eorum
2659 2962 2751 3031 qui
2787 2962 2953 3016 corde
2984 2960 3169 3017 mundi
3202 2968 3353 3023 sunt,
3391 2957 3505 3027 ipse

253 3055 415 3111 δώσει
441 3060 502 3112 τὸ
535 3058 759 3129 Πνεῦμα
788 3060 848 3111 τὸ
881 3059 1034 3127 ἆγιον
1078 3062 1189 3122 τοῖς
1233 3058 1622 3131 πειθαρχοῦσιν
1655 3056 1823 3127 αὐτῷ·

1933 3052 2084 3107 dabit
2120 3051 2383 3122 Spiritum
2410 3063 2661 3108 sanctum
2694 3054 2795 3116 eis,
2826 3053 2917 3122 qui
2945 3052 3044 3121 ipsi
3072 3052 3351 3115 obedinnt,
3374 3065 3496 3119 nam

252 3145 638 3221 δεδοξασμένος
660 3132 772 3219 γάρ
798 3149 945 3201 ἐστιν
976 3150 1033 3201 ἐν
1064 3148 1263 3209 αὐτοῖς.

1013 3165 1033 3201 ν
1064 3148 1263 3209 αὐτοῖς.
1931 3146 2267 3223 gloriﬁcatus
2300 3156 2384 3201 est
2417 3147 2470 3201 in
2507 3148 2661 3217 ipsis.

338 3242 404 3296 Ἥ
429 3242 759 3315 προκειμένη
793 3241 1073 3313 ἐπιγραφὴ
1100 3242 1345 3314 περιέχει
1375 3242 1451 3313 (1)
1473 3259 1486 3273 ·
1513 3245 1617 3307 Εἰς
1648 3241 1714 3295 τὸ
1740 3238 1937 3306 τέλος,
1956 3240 2109 3308 ὑπὲρ
2139 3230 2258 3293 τῶν
2292 3241 2889 3311 ἀλλοιωοησομένων,
2916 3240 3159 3310 ψα.1μὸς
3193 3234 3270 3308 τῷ
3304 3237 3481 3293 Δασίδ
3495 3278 3503 3286 .

259 3332 433 3387 Τοῦτο
455 3329 549 3388 οῦν
578 3332 749 3402 λέγει,
791 3334 885 3386 ἐπὶ
910 3331 1053 3386 τέλει
1087 3332 1197 3386 τῶν
1222 3330 1432 3385 αἰώνων
1467 3332 1607 3403 ὑπὲρ
1643 3330 1750 3385 τῶν
1780 3329 2227 3402 μεταδληθέντων
2271 3331 2439 3384 ἐθνῶν
2480 3333 2586 3385 ἀπὸ
2618 3333 2719 3403 τῆς
2754 3332 3027 3403 ἁμαρτίας
3053 3333 3131 3393 εἰς
3156 3330 3245 3382 τὸν
3274 3329 3496 3399 Κύριον,

256 3423 351 3475 καὶ
381 3421 489 3475 τῶν
526 3422 797 3475 Ἰουδαίων
818 3421 927 3474 τῶν
958 3420 1401 3492 μεταθληθέντων
1425 3421 1534 3474 ἀπὸ
1553 3422 1660 3474 τῶν
1694 3419 1923 3474 ἐντολῶν
1954 3420 2046 3473 τοῦ
2070 3420 2204 3473 Θεοῦ
2235 3425 2315 3485 εἰς
2342 3422 2440 3493 τὴν
2474 3423 2777 3495 ἁμαρτίαν.
2812 3422 3056 3492 Ψαλμὸς
3090 3418 3169 3485 τῷ
3193 3418 3267 3489 (Ξ)
3294 3418 3469 3475 Δασίδ
3490 3434 3506 3452 ⁶

252 3514 458 3567 ὡσανεὶ
484 3513 697 3585 ψαλμδς
719 3511 800 3579 τῷ
829 3511 1015 3577 ἱκανῷ
1048 3510 1123 3580 τῇ
1154 3514 1325 3581 χειρὶ,
1350 3512 1597 3565 τουτέστι
1627 3512 1705 3583 τῷ
1732 3511 1845 3583 Υίῷ
1878 3512 1971 3565 τοῦ
1998 3513 2154 3565 Θεοῦ.

327 3608 543 3664 Titulus
576 3606 904 3676 praepositus
935 3605 1179 3660 continet
1208 3623 1220 3658 :
1258 3602 1323 3657 In
1351 3605 1507 3673 finem
1528 3645 1542 3669 ,
1570 3620 1666 3672 pro
1693 3606 1782 3667 iis,
1819 3605 1909 3673 qui
1939 3602 2432 3662 commutabunmr,
2474 3603 2709 3671 psalmus
2751 3602 2937 3654 David.
2966 3601 3081 3654 Hoc
3106 3603 3269 3672 igitur
3298 3604 3506 3674 signiﬁ-

254 3714 368 3768 cat,
398 3703 451 3756 in
480 3701 587 3756 tine
616 3700 943 3756 saeculorum
977 3714 1077 3770 pro
1105 3700 1357 3771 gentibus
1382 3741 1397 3766 ,
1441 3715 1563 3770 qua:
1605 3699 1881 3754 translata:
1913 3707 2040 3753 sunt
2071 3715 2101 3752 a
2133 3709 2356 3768 peccato
2403 3698 2454 3751 in
2497 3698 2784 3750 Dominum
2811 3739 2823 3759 ,
2852 3706 2905 3749 el
2947 3714 3043 3765 pro
3076 3695 3311 3763 lucta-is,
3349 3702 3441 3769 qui
3474 3717 3505 3757 ο

256 3795 537 3852 mandatis
565 3793 661 3850 Dei
697 3809 756 3851 se
794 3794 1194 3850 transtulerunt
1226 3795 1280 3849 in
1312 3804 1618 3865 peccatum.
1668 3792 1915 3849 Psalmus
1957 3792 2125 3846 David
2148 3808 2167 3845 :
2195 3792 2447 3847 videlicet
2491 3792 2735 3861 psalmus
2783 3808 2939 3844 manu
2971 3791 3097 3861 forti
3120 3834 3133 3857 ,
3171 3794 3271 3847 hoc
3298 3804 3379 3849 cst
3411 3793 3505 3851 Dei

252 3886 300 3944 ιη’
305 3888 399 3944 ilio

332 3979 387 4033 1.
428 3959 599 4041 Ἐλδὲ,
626 3980 654 4031 ὁ
675 3976 825 4043 Θεὸς,
853 3978 931 4040 είς
962 3977 1208 4049 βοήθειάν
1245 3995 1367 4049 μου,
1419 3978 1499 4031 ὃτι
1539 3981 1594 4032 αἱ
1636 3981 1821 4034 ἐπιθυ·
1850 3986 1893 4042 C

1850 3986 1893 4042 C
2002 3980 2051 4034 1.
2090 3978 2240 4044 Veni,
2277 3980 2435 4043 Deus,
2494 3981 2547 4034 in
2604 3980 2935 4050 adjutorium
2986 3997 3189 4043 meum,
3237 3962 3498 4053 quoniam

261 4073 384 4145 μίαι
408 4070 502 4125 τοῦ
535 4070 741 4140 κόσμου
771 4070 1053 4139 κατέχουσί
1080 4087 1167 4140 με.

1930 4072 2257 4140 cupiditates
2288 4073 2473 4125 mundi
2508 4072 2749 4126 detinent
2782 4090 2884 4125 me.

328 4167 384 4220 2.
426 4162 767 4235 Δεδοῦλωμαι
796 4164 862 4234 τῇ
895 4163 1160 4234 ἁμαρτία,
1200 4164 1293 4216 καὶ
1334 4163 1437 4216 οὐκ
1476 4164 1642 4234 ἰσχύω
1688 4164 1823 4219 ἀπο-

1997 4166 2051 4217 2.
2088 4163 2144 4216 in
2180 4164 2492 4218 servitutem
2526 4166 2775 4220 redactus
2803 4181 2923 4220 sum
2961 4183 2989 4219 a
3032 4178 3254 4237 peccato
3276 4207 3291 4230 ,
3322 4175 3376 4222 et
3401 4184 3500 4222 ne-

258 4257 473 4327 στῆναι.

1925 4270 2067 4325 queo
2089 4256 2369 4309 absistere.

326 4348 382 4402 5.
408 4342 611 4401 Ἦλθον
637 4349 716 4411 είς
745 4345 843 4410 τὰς
891 4344 1085 4419 ἡδονάς
1134 4346 1229 4399 καὶ
1260 4344 1357 4411 τὰς
1404 4344 1694 4415 ἐπιθυμίας
1730 4345 1824 4399 τοῦ

1998 4348 2047 4402 5.
2090 4346 2223 4402 Veni
2263 4347 2314 4400 in
2347 4351 2691 4415 voluptates,
2737 4352 2790 4397 ct
2833 4344 3309 4413 concnpiscentias
3348 4366 3502 4407 mun-

254 4441 488 4511 κόσμου,
524 4439 616 4491 καὶ
654 4441 687 4509 ἡ
724 4438 965 4508 ἁμαρτία
994 4438 1381 4510 κατεκυρίευσὲ
1417 4455 1483 4508 με
1517 4438 1613 4507 (5).

1464 4455 1483 4490 ε
1517 4438 1613 4507 (5).
1926 4440 2012 4505 di,
2048 4454 2102 4495 et
2125 4450 2406 4510 peccatum
2438 4438 2778 4491 dominatum
2811 4446 2893 4490 est
2924 4438 2976 4489 in
3008 4453 3112 4492 me.

327 4533 382 4587 ι.
412 4532 506 4593 Εἰς
536 4530 841 4597 ἀπόγνωσιν
860 4527 1042 4582 λοιπὸν
1078 4528 1155 4601 (ι)
1182 4528 1289 4581 άπὸ
1313 4528 1405 4581 τοῦ
1436 4528 1510 4600 μὴ
1543 4525 1822 4581 εἰσακούε-

2002 4532 2057 4589 4.
2096 4531 2322 4585 Demnm
2364 4531 2416 4582 in
2448 4527 2883 4597 desperationem
2921 4528 3039 4580 veni
3064 4570 3077 4595 ,
3111 4544 3176 4583 eo
3210 4532 3356 4601 quod
3380 4549 3500 4590 ora.

258 4623 388 4678 σθαι
419 4621 517 4692 τὴν
541 4620 723 4693 δέησίν
759 4638 879 4693 μου.

1927 4626 2002 4679 tio
2038 4639 2155 4677 mea
2184 4638 2290 4675 non
2318 4620 2687 4674 exaudiretur.

330 4716 386 4773 5.
427 4714 559 4768 Ἀπὸ
584 4714 679 4768 τοῦ
727 4712 973 4768 δακεύειν
1014 4712 1089 4784 (5)
1123 4731 1212 4786 με,
1259 4714 1354 4769 καὶ
1400 4714 1713 4786 περιμένειν
1766 4711 1826 4766 τὸ

1993 4715 2044 4768 5.
2083 4711 2218 4766 Dum
2266 4712 2490 4778 ﬂerent,
2533 4722 2590 4767 et
2639 4720 3011 4781 exspectarem
3071 4713 3498 4771 misericordiam

254 4805 405 4869 ἕλεος
432 4804 525 4859 τοῦ
557 4803 693 4859 Θεοῦ
720 4821 841 4875 μου.

557 4803 693 4859 Θεοῦ
720 4821 841 4875 μου.
1926 4805 2017 4860 Dei
2050 4806 2174 4859 mei.

327 4898 381 4955 6.
409 4897 600 4953 Πολλοί
625 4900 762 4953 εἰσιν
782 4898 829 4950 oi
860 4896 1115 4969 δαίμονες
1136 4898 1183 4950 οἱ
1212 4898 1573 4969 άντικείμενοί
1603 4916 1689 4968 μοι
1724 4902 1819 4971 (ϐ).

1784 4902 1819 4969 ).
1992 4897 2044 4951 6.
2082 4897 2231 4951 Multi
2272 4906 2399 4951 sunt
2426 4897 2725 4962 daamones,
2756 4897 2845 4967 qui
2881 4898 3014 4953 mihi
3051 4900 3426 4957 adversantur.

330 4990 387 5045 7.
420 4991 556 5063 Περὶ
579 4990 685 5045 τῶν
708 4988 887 5044 αὐτῶν
915 4989 1174 5044 ἐναντίων
1197 4989 1478 5061 δυνάμεων
1512 4992 1679 5060 λέγει.

1996 4990 2045 5044 7.
2085 4989 2160 5043 De
2196 4991 2327 5058 ipsis
2358 4989 2689 5045 adversariis
2714 4992 3074 5060 potestatibus
3098 4994 3354 5051 loauitnr.

328 5081 387 5138 8.
424 5084 491 5135 Ἀ
524 5082 766 5153 ἑμίσουν,
793 5080 967 5135 ταῦτα
1005 5080 1292 5153 ἔπραττον.

1992 5082 2045 5136 8.
2076 5082 2208 5147 Quae
2235 5082 2481 5145 oderam,
2518 5081 2634 5136 haec
2662 5080 2949 5136 faciebam.

327 5174 387 5233 9.
427 5175 488 5229 '0
514 5174 667 5239 Θεὸς,
702 5175 766 5227 σὺ
789 5168 937 5238 οἶδας
954 5173 1053 5245 τὴν
1076 5174 1347 5246 ἁμαρτίαν
1380 5193 1501 5247 μου.

1382 5193 1501 5247 μου.
1993 5173 2047 5227 9.
2085 5172 2248 5236 Deus,
2273 5181 2329 5226 tu
2354 5173 2493 5227 nosti
2520 5180 2802 5242 peccatum
2830 5188 3030 5226 meum.

329 5266 419 5321 {0.
445 5268 553 5321 Καὶ
572 5270 628 5322 at
661 5266 877 5337 ἀνομίαι
904 5281 1004 5337 μου
1027 5266 1256 5337 φανεραί
1276 5269 1413 5319 εἰσιν
1442 5267 1542 5337 (7).

1996 5262 2084 5318 10.
2119 5260 2183 5315 Ει
2213 5262 2529 5330 iniquitates
2566 5275 2698 5315 mea:
2734 5259 3037 5315 manifesta:
3063 5268 3210 5314 sunt.

329 5356 416 5410 Η.
442 5357 555 5427 Μὴ,
576 5357 663 5410 διά
695 5356 755 5410 τὸ
780 5354 1111 5426 ἁμαρτάνειν
1161 5372 1248 5425 με,
1281 5355 1356 5427 (8)
1410 5357 1572 5427 ἔχωσι
1603 5361 1817 5431 παρρη-
1849 5359 1893 5413 D

1849 5359 1893 5413 ι)
1994 5356 2078 5413 Η.
2118 5352 2195 5407 Ne
2242 5354 2468 5409 timeant
2511 5353 2687 5409 sancti
2734 5353 2809 5409 tui
2856 5364 3073 5425 propter
3113 5361 3332 5425 peccata
3379 5368 3494 5410 mea

257 5447 380 5504 σίαν
407 5448 460 5501 oi
488 5447 632 5516 άγιοί
654 5463 748 5501 σου
775 5446 868 5499 τοῦ
898 5446 1219 5518 πρεσϐεύειν
1248 5448 1389 5521 ὑπὲρ
1405 5449 1561 5519 ἐμοῦ.

853 5446 868 5499 i
898 5446 1219 5518 πρεσϐεύειν
1248 5448 1389 5521 ὑπὲρ
1405 5449 1561 5519 ἐμοῦ.
1923 5462 2019 5517 pro
2043 5462 2127 5501 me
2152 5448 2501 5502 intercedere.

1213 5560 1521 5626 Addenda
1552 5570 1614 5625 et
1649 5560 2025 5643 corrigenda
2059 5577 2135 5620 ex
2163 5558 2305 5621 cod.
2339 5558 2540 5622 Vntic.

326 5663 403 5735 (ί)
444 5664 510 5735 _'_H
536 5662 626 5735 διά
656 5663 752 5735 τῆς
775 5663 1141 5735 κινναϐάρεως
1168 5680 1291 5735 περ.
2000 5665 2077 5733 (5)
2106 5661 2391 5735 Δακρύειν.

348 5733 406 5805 2)
432 5733 665 5805 vam;
689 5732 747 5787 δὲ
764 5733 863 5805 τῷ,
900 5732 1014 5792 etc.
1242 5732 1253 5735 ’

589 5734 665 5799 Lb;
689 5732 747 5787 δὲ
764 5733 863 5805 τῷ,
900 5732 1014 5792 εις.
1242 5732 1253 5735 ’
2001 5732 2076 5800 (6)
2101 5732 2237 5787 Μονξ

352 5804 407 5873 5)
428 5804 569 5873 Mod.
818 5804 821 5805 ⁷
1998 5828 2000 5856 l

818 5804 821 5805 ⁷
1998 5804 2074 5873 (7)
2110 5805 2197 5857 Σοί
2220 5806 2376 5863 εἰσιν.

300 5868 402 5946 ιμ)
428 5868 648 5931 Ἦλθον.
1998 5868 2071 5945 (8)
2106 5876 2217 5951 Μή.
