4174 6482
748 403 853 457 923
1562 415 1618 469 S.
1656 415 2028 472 ATHANASII
2069 418 2218 475 OPP.
2254 420 2434 477 PARS
2475 424 2560 478 lll.
2610 456 2670 467 -—
2709 425 3120 486 EXEGETICA.
3870 438 3975 494 924

813 523 898 574 12.
928 524 1112 593 Neque
1146 526 1548 587 confundantur
1581 551 1744 605 super
1774 553 1879 603 me,
1930 540 2023 608 qui
2052 554 2301 610 quaerunt
2330 549 2373 604 Α

2330 549 2373 604 Α
2480 546 2558 597 12.
2593 547 2740 616 Μηδὲ
2770 550 3168 622 ἐντραπείησαν
3188 552 3276 605 ἐπ’
3303 553 3404 622 ἐμὲ
3430 554 3478 606 οἱ
3503 555 3797 625 ζητοῦντές
3831 575 3916 624 σε,
3948 558 3970 610 ἑ

744 621 812 675 te,
850 613 988 669 Deus
1017 617 1200 673 Israel.

2406 636 2535 698 Θεὸς
2563 638 2655 690 τοῦ
2689 641 2923 711 Ἰσραήλ.

808 709 893 762 15.
936 710 1202 774 Quoniam
1234 723 1453 782 propter
1488 727 1538 770 te
1566 721 1799 773 sustinui
1837 723 2186 792 opprobrium
2217 747 2227 779 :

2017 724 2186 778 brium
2217 747 2227 779 :
2475 731 2557 784 13.
2589 732 2708 784 Ὅτι
2737 709 2898 787 ἕνεκα
2924 752 3014 787 σου
3035 735 3317 804 ὑπήνεγκα
3347 739 3665 810 ὀνειδισμόν.

809 801 894 855 14.
928 800 1149 870 Operuit
1175 805 1423 862 confusio
1458 808 1648 864 faciem
1681 827 1878 868 meam.

2476 823 2560 876 1.1.
2600 825 2897 894 Ἐκὰλυψεν
2920 827 3152 899 ἐντροπὴ
3185 830 3246 881 τὸ
3275 832 3562 900 πρόσωπόν
3598 851 3722 902 μου.

809 893 894 945 15.
933 892 1231 949 Extraneus
1265 897 1438 953 factus
1472 919 1589 955 sum
1621 902 1881 960 fratribus
1912 907 2042 962 meis
2071 926 2085 962 :

2470 913 2556 966 15.
2580 915 3112 988 ’Δπηλλοτριωμένος
3138 921 3395 992 ἐγενήθην
3419 928 3526 987 τοῖς
3549 925 3802 995 ἀδελφοῖς
3833 944 3969 998 μου·

808 983 893 1035 10.
934 984 995 1037 Ει
1021 990 1335 1058 peregrinus
1369 993 1491 1047 filiis
1522 997 1710 1049 matris
1739 1013 1889 1051 meae.

2474 1004 2558 1058 16.
2588 983 2871 1072 KalEévoi;
2907 983 3020 1072 τοῖς
3053 983 3187 1075 υἱοῖς
3219 983 3318 1082 τῆς
3351 983 3549 1085 ρητρδς
3579 983 3704 1087 μου.

806 1075 888 1128 17.
922 1076 1186 1142 Quoniam
1219 1084 1365 1139 zelus
1398 1087 1592 1142 domus
1620 1100 1724 1142 tua:
1755 1092 1988 1145 comedit
2024 1107 2147 1147 me:

2469 1095 2550 1147 17.
2586 1098 2706 1149 Ὅτι
2741 1102 2768 1151 ὀ
2790 1097 2948 1170 ζῆλος
2969 1099 3062 1153 τοῦ
3084 1102 3231 1155 οἴκου
3261 1121 3353 1156 σου
3381 1107 3657 1175 κατέφαγε
3693 1126 3761 1179 με
3785 1125 3798 1139 ·

808 1170 892 1220 18.
926 1169 989 1223 Et
1033 1177 1320 1241 Oppi-obria
1359 1182 1804 1238 cxnrobrantium
1857 1187 1950 1239 tibi
1983 1187 2295 1242 ceciderunt

2293 1228 2295 1237 .
2476 1187 2558 1240 18.
2591 1190 2699 1242 Kal
2725 1192 2771 1243 οἱ
2800 1169 3094 1263 ὀνειδισμοὶ
3135 1194 3242 1247 τῶν
3273 1169 3635 1262 ὀνειδιζόντων
3667 1169 3726 1252 σε
3767 1201 3941 1254 ἑπέπε

734 1271 894 1327 Super
923 1279 1027 1319 me.

2406 1295 2494 1331 σον
2524 1281 2609 1331 ἐπ’
2638 1282 2756 1350 ἐμέ.

811 1356 888 1407 :9.
925 1355 989 1409 Et
1023 1361 1210 1426 operui
1243 1362 1296 1414 in
1320 1363 1526 1432 jejunio
1558 1367 1794 1421 animam
1831 1385 2048 1425 meam:

2479 1370 2561 1425 19.
2595 1373 2703 1425 Kal
2734 1375 3075 1445 συνεκάλυψα
3109 1386 3168 1431 εν
3194 1381 3416 1451 νηστείᾳ
3447 1381 3544 1451 τὴν
3577 1381 3756 1454 ψυχήν
3791 1401 3915 1455 μου.

802 1447 891 1500 20.
922 1449 983 1503 Et
1024 1450 1222 1506 factum
1249 1466 1329 1509 est
1354 1456 1552 1527 [factus
1574 1460 1720 1531 sum]
1746 1463 1800 1516 in
1824 1464 2112 1533 opprobria
2139 1465 2289 1520 milii.

2465 1460 2555 1517 ρο.
2590 1461 2697 1514 Kal
2725 1463 2955 1536 ἐγενήθη
2997 1447 3305 1540 [ἐγενήθην]
3339 1447 3417 1533 ei;
3444 1447 3804 1542 evétaiap'obg'
3824 1475 3964 1545 ἐμοί.

802 1541 891 1594 21.
928 1541 993 1597 Et
1022 1547 1177 1612 posui
1218 1549 1599 1605 vestimentum
1626 1569 1807 1608 meum
1838 1556 2074 1610 cilicium
2105 1576 2117 1610 :

1994 1573 2074 1610 um
2105 1576 2117 1610 ε
2470 1552 2555 1606 21.
2585 1553 2694 1606 Kal
2731 1554 2935 1626 ἐθέμην
2961 1558 3022 1612 τὸ
3050 1560 3250 1632 ἐνδυμά
3280 1580 3378 1632 μου
3411 1563 3642 1617 σάκκον*

801 1632 888 1685 22.
929 1633 995 1688 Et
1031 1636 1202 1692 factus
1226 1656 1346 1694 sum
1380 1642 1489 1698 illis
1525 1647 1574 1698 in
1609 1648 1945 1714 parabolam.

2470 1644 2560 1697 22.
2595 1647 2704 1699 Kal
2734 1649 2998 1721 ἐγενόμην
3027 1651 3210 1716 αὐτοῖς
3241 1656 3322 1716 είς
3355 1655 3686 1726 παραϐολήν.

792 1723 876 1778 25.
922 1726 1220 1785 Adversum
1271 1748 1357 1788 me
1408 1736 1767 1795 loquebantur
1807 1741 1899 1808 qui
1946 1740 2203 1795 sedebant
2240 1743 2290 1796 in

2464 1736 2553 1790 25.
2582 1738 2716 1790 Κατ’
2738 1740 2871 1809 ἐμοῦ
2902 1741 3219 1812 ἠδολέσχουν
3239 1746 3288 1797 οἱ
3316 1723 3702 1816 καθήμενοι-ὲν
3733 1747 3931 1812 πύλαις
3949 1765 3963 1779 ⁸

730 1816 922 1883 portis,

799 1907 887 1958 24.
922 1904 987 1958 Et
1015 1906 1067 1959 in
1096 1923 1182 1961 me
1218 1909 1520 1978 psallebant
1547 1914 1639 1981 qui
1671 1915 1928 1971 bibebant
1960 1918 2165 1976 vinum.
2325 1906 2363 1958 Β

2101 1937 2165 1976 m,
2325 1906 2363 1958 Β
2465 1916 2554 1970 2-1.
2587 1917 2696 1971 Kal
2722 1921 2800 1983 είς
2830 1922 2930 1992 ἐμὲ
2962 1922 3190 1992 ἔψαλλον
3223 1928 3272 1978 οἱ
3307 1927 3551 1992 πίνοντες
3589 1924 3749 1984 οἶνον.

768 2036 774 2040 .
799 1997 888 2051 25.
927 1996 1035 2067 Ego
1063 2014 1190 2054 vero
1217 2005 1459 2058 oratione
1489 2021 1607 2060 mea
1645 2009 1710 2063 ad
1735 2021 1806 2073 te,
1838 2010 2099 2067 Domine:

2465 2008 2554 2063 25.
2587 2009 2730 2077 Ἐγὼ
2757 2011 2812 2064 δὲ
2846 2014 2919 2082 (α)
2951 2017 3014 2084 τῇ
3049 2021 3319 2089 προσευχῇ
3350 2037 3450 2089 μου
3481 2023 3616 2092 πρὸς
3647 2025 3727 2088 σὲ,
3756 2025 3961 2097 Κύριε·

796 2088 886 2143 26.
922 2089 1158 2160 Tempus
1182 2094 1523 2164 beneplaciti.

2468 2102 2557 2153 26.
2593 2101 2667 2173 (ὁ)
2699 2103 2902 2174 Καιρὸς
2926 2107 3189 2172 εὐδοκίας.

795 2179 884 2235 27.
938 2179 1103 2246 Deus,
1153 2184 1208 2238 in
1256 2188 1601 2243 multitudine
1645 2189 2032 2247 misericordia:
2056 2199 2166 2246 tua:
2199 2208 2290 2244 ex-

2465 2193 2553 2246 27.
2599 2195 2654 2247 'O
2685 2194 2834 2259 Θεὸς,
2870 2201 2927 2251 ὲν
2962 2199 3035 2269 τῷ
3058 2199 3250 2272 πλήθει
3277 2204 3369 2256 τοῦ
3394 2204 3572 2269 ἐλέους
3603 2224 3695 2262 σου
3727 2210 3962 2264 ἐπάκου-

725 2271 847 2324 audi
883 2287 985 2326 me.

2402 2284 2487 2334 σόν
2535 2300 2653 2353 μου.

792 2362 879 2416 28.
909 2363 964 2415 ln
997 2365 1220 2418 veritate
1247 2365 1438 2420 salutis
1463 2377 1584 2421 ture.

2459 2374 2545 2427 28.
2582 2376 2670 2429 ’Ev
2699 2377 2924 2450 ἀληθεέᾳ
2953 2381 3050 2449 τῆς
3075 2386 3346 2454 σωτηρίας
3377 2403 3487 2439 σου.

790 2452 880 2503 29.
909 2451 1068 2520 Eripe
1098 2469 1184 2507 me
1208 2453 1274 2508 de
1308 2455 1440 2517 luto,
1481 2467 1538 2510 ut
1573 2473 1677 2511 non
1708 2459 1932 2530 inﬁgar:

2462 2465 2548 2518 29.
2589 2467 2768 2520 Σῶσὸν
2802 2487 2868 2540 με
2898 2472 3005 2524 ἀπὺ
3031 2451 3238 2543 πηλοῦ.-
3260 2478 3342 2529 ἵνα
3377 2479 3450 2550 μὴ
3483 2481 3716 2550 ἐμπαγῶ
3737 2500 3750 2513 ·

790 2541 877 2596 30.
915 2541 1200 2597 Liberatus
1232 2561 1353 2599 sum
1383 2548 1450 2600 ab
1481 2548 1569 2616 iis,
1601 2551 1690 2618 qui
1719 2551 1948 2604 oderunt
1983 2568 2090 2616 me,
2123 2565 2170 2606 et
2222 2560 2286 2606 de

2465 2559 2551 2611 50.
2597 2559 2876 2632 Ῥυσθείην
2915 2566 2978 2617 ὲκ
3023 2565 3132 2618 τῶν
3178 2569 3474 2626 ιιισούντων
3521 2591 3587 2642 με
3621 2578 3714 2629 καὶ
3756 2578 3823 2631 ὲκ
3854 2580 3961 2631 τῶν

721 2632 1004 2702 profundis
1032 2650 1315 2703 aquarum.

2396 2646 2602 2714 βαθέων
2632 2649 2738 2703 τῶν
2765 2651 2987 2708 ὑδάτων.

789 2763 866 2833 (α)
900 2763 958 2816 In
1002 2781 1173 2830 marg.
1219 2765 1342 2819 cod.
1377 2765 1568 2833 Κάγώ.

791 2764 842 2828 (α
900 2763 958 2816 In
1002 2781 1173 2830 marg.
1219 2765 1342 2819 cod.
1377 2765 1568 2833 Κάγώ.

791 2763 866 2904 (ὺέ
897 2833 1050 2889 Vers.
1094 2835 1178 2890 26.
1232 2837 1434 2907 Καιρὸς
1463 2835 1705 2900 εὐδοκίας
1732 2839 1758 2890 ὀ
1787 2838 1934 2902 Θεός.
1994 2839 2148 2896 Vers.
2179 2842 2268 2896 27.
2310 2845 2398 2896 Ἐν
2434 2846 2532 2916 τῷ,
2560 2858 2666 2905 etc,

1842 2960 2216 3018 ATllANASll
2260 2965 2836 3031 INTERPRETATIO.

792 3072 877 3126 12.
909 3071 974 3125 Ει
998 3073 1302 3143 deprecatio
1351 3087 1662 3133 sanctorum
1694 3087 1934 3149 tuorum,
1969 3098 2134 3153 quam
2184 3102 2282 3156 pro
2311 3092 2349 3146 C

2311 3092 2349 3146 C
2458 3091 2541 3146 12.
2579 3093 2688 3146 Kal
2722 3096 2827 3150 τῶν
2861 3097 3029 3166 ἁγίων
3057 3117 3149 3154 σου
3177 3101 3210 3169 ἡ
3244 3100 3427 3172 δέησις
3473 3110 3505 3171 η
3532 3108 3672 3158 unca
3703 3108 3840 3163 ὲαοῦ
3881 3113 3955 3180 μὴ

722 3178 806 3217 me
839 3164 1092 3228 fundunt,
1124 3166 1336 3222 inﬁrma
1374 3185 1479 3224 non
1517 3172 1629 3226 fiat.

1307 3185 1336 3222 α
1374 3185 1479 3224 non
1517 3172 1629 3226 fiat.
2392 3182 2681 3253 ἀνίσχυρος
2708 3164 2949 3257 γένηται.

792 3256 877 3310 15.
909 3255 1174 3321 Quoniam
1223 3272 1442 3330 propter
1470 3278 1642 3333 spem,
1695 3280 1859 3336 quam
1892 3266 2064 3323 habeo
2109 3268 2164 3323 in
2214 3279 2287 3336 te,

2255 3285 2287 3336 ξ,
2461 3272 2546 3329 15.
2581 3273 2700 3328 Ὀτι
2727 3255 2944 3348 διὰ-τὴν
2969 3279 3061 3331 ἐπὶ
3092 3281 3150 3333 σὲ
3179 3281 3366 3355 ἐλπίδα
3395 3284 3648 3356 ὑπερορῶ
3677 3287 3903 3358 θλίψεις.

719 3346 960 3416 despicio
989 3350 1395 3408 tribulationes.

793 3440 879 3492 14.
914 3440 1141 3495 Infamia
1177 3449 1378 3512 peccati
1413 3453 1536 3505 mei.

2464 3450 2549 3506 14.
2591 3453 2654 3506 Ἦ
2681 3456 2908 3528 αἰσχύνη
2951 3461 3046 3530 τῆς
3085 3461 3356 3532 ἁμαρτίας
3391 3482 3511 3535 μου.

788 3529 876 3583 1ὃ.
907 3527 1222 3599 Baptizatis.

2461 3546 2545 3599 15.
2576 3547 2701 3611 Τοῖς
2725 3550 2782 3604 ἐν
2809 3527 3257 3623 τῷβαπτίσρατι.

793 3621 874 3675 16.
909 3623 1123 3679 Ablutis
1154 3625 1206 3678 in
1239 3626 1475 3681 lavacro.

2461 3636 2544 3689 16.
2580 3639 2702 3701 Τοῖς
2738 3641 2796 3692 ὲν
2823 3645 2888 3711 τῇ
2928 3621 3299 3715 κολυμϐήθρᾳ.

793 3714 873 3767 17.
915 3713 1015 3780 Qui
1045 3717 1176 3769 mihi
1207 3729 1290 3772 est
1311 3730 1498 3774 contra
1535 3734 1829 3792 peccatum.

2461 3728 2547 3781 17.
2577 3731 2638 3782 Οἱ
2675 3728 2800 3800 [Ὃς
2833 3733 2923 3802 μοί
2953 3734 3115 3806 κατὰ]
3285 3737 3558 3810 ἁμαρτίας
3584 3740 3818 3815 ὑπάρχοι
3857 3749 3950 3818 (1).

787 3806 870 3858 18.
908 3806 1364 3866 Ratiocinationes
1399 3813 1730 3871 daemonum.

1719 3856 1730 3871 ,
2461 3816 2542 3870 18.
2576 3820 2635 3871 Oi
2670 3817 2918 3890 λογισμοὶ
2947 3822 3054 3876 τῶν
3084 3806 3367 3895 δαιμόνων.

789 3896 872 3948 19.
906 3895 972 3949 Et
1005 3898 1241 3951 abstinui
1272 3901 1340 3952 ab
1380 3903 1525 3955 omni
1561 3904 1724 3957 malo.

2458 3908 2542 3961 19.
2579 3911 2686 3962 Kal
2716 3911 2953 3982 ἀπέσχον
2980 3914 3054 3982 (2)
3089 3915 3194 3967 ἀπὸ
3225 3919 3424 3981 παντὸς
3456 3922 3645 3977 κακοῦ.

782 3987 869 4038 20.
922 3986 1149 4057 PrOpter
1204 4007 1521 4060 sermones,
1564 3996 1764 4067 quibus
1824 3998 2286 4069 exprobraverunt

2453 3997 2542 4052 20.
2566 3999 2663 4052 Διὰ
2688 4001 2761 4067 (3)
2786 4002 2893 4056 τῶν
2915 4003 3208 4075 λογισμῶν,
3240 3999 3313 4061 ὧν
3354 4008 3627 4074 ὠνείδιζόν
3667 4031 3736 4083 με
3767 4016 3815 4068 οἱ
3842 4014 3951 4073 δαί·

720 4078 852 4130 mihi
889 4077 1184 4134 dannones.
2388 4103 2565 4157 μονες.

789 4169 848 4220 21
864 4211 876 4223 .
907 4168 1116 4223 Fletum
1154 4173 1444 4242 signiﬁcat.

1431 4215 1444 4228 ,
2454 4179 2541 4232 21.
2581 4181 2737 4248 Λέγω
2766 4181 2828 4251 δὴ
2864 4182 3074 4245 πένθος.

785 4261 875 4315 22.
918 4261 974 4314 ln
1015 4263 1278 4317 derisum.

2452 4270 2541 4322 22.
2574 4271 2667 4334 Εἰς
2695 4273 3065 4341 καταγέλωτα.

784 4353 873 4406 25.
934 4353 1236 4410 Contraria:
1281 4365 1576 4426 potestates
1626 4370 1818 4414 contra
1867 4376 1955 4417 me
2004 4365 2279 4420 consulta-
2317 4438 2356 4489 υ

788 4455 861 4489 nt-

2317 4438 2356 4489 υ
2452 4360 2543 4413 25.
2578 4363 2645 4414 At
2691 4365 2922 4417 ἐναντίαι
2955 4365 3211 4438 δυνάμεις
3246 4373 3365 4424 κατ’
3408 4374 3541 4446 ἐμοῦ
3591 4376 3945 4435 ὲῦουλεύοντο.

715 4443 861 4499 bant.

791 4536 875 4592 24.
909 4535 974 4591 Ει
1006 4537 1060 4592 in
1091 4553 1175 4592 me
1198 4549 1526 4608 aspexerunt
1555 4544 1850 4612 gaudentes
1879 4545 1932 4599 iu
1961 4548 2137 4605 malis.

2451 4538 2540 4593 2-1.
2567 4540 2677 4594 Kal
2702 4541 2782 4604 είς
2808 4544 2908 4612 ἐμὲ
2932 4541 3070 4601 εῖδον
3094 4549 3143 4601 ot
3170 4547 3582 4624 εὐφραινόμενοι
3608 4555 3701 4610 ἐπὶ
3720 4559 3832 4622 τοῖς
3856 4576 3947 4612 κα-

2383 4650 2516 4696 κοις.

785 4712 872 4768 25.
911 4713 1024 4785 Ego
1053 4725 1230 4771 autem
1265 4734 1363 4774 oro
1390 4720 1456 4774 ad
1493 4729 1563 4786 te,
1600 4721 1843 4778 Domine.

2449 4725 2537 4778 25.
2574 4725 2715 4794 Ἐγὼ
2743 4729 2800 4781 δὲ
2825 4728 3015 4802 δέομαι
3037 4731 3263 4804 πρδς’σὲ
3285 4774 3298 4800 ,
3329 4735 3521 4809 Κύριε.

782 4803 874 4859 26.
908 4803 1046 4862 Ecce
1075 4817 1287 4878 tempus
1323 4813 1654 4881 aceeptabile
1687 4814 2085 4883 deprecationis
2123 4835 2274 4876 mea.

2260 4861 2274 4876 ,
2447 4815 2537 4869 26.
2561 4817 2691 4870 Ἰδοὺ
2713 4819 2786 4890 (ι)
2804 4821 2991 4892 καιρὸς
3010 4803 3401 4896 εὐπρόσδεκτος
3415 4803 3513 4898 τῆς
3528 4829 3765 4900 δεήσεως
3785 4849 3905 4900 μου.

781 4894 870 4949 27.
901 4895 1038 4952 Ecce
1077 4915 1220 4954 nunc
1252 4901 1366 4955 dies
1398 4905 1590 4961 salutis
1618 4925 1750 4963 mea:
1779 4920 1999 4982 propter
2031 4916 2276 4969 multitu-

2451 4911 2540 4964 27.
2582 4910 2713 4965 Ἰδοὺ
2745 4913 2836 4966 νῦν
2863 4917 3045 4988 ἡμέρα
3075 4894 3344 4992 σωτηρίας
3375 4894 3478 4992 μου⁷
3504 4894 3700 4977 διὰ-τὸ

709 4987 889 5044 dinem
923 4993 1306 5049 misericordiae
1339 5004 1461 5050 tuae.

1181 4996 1306 5049 rdiae
1339 5004 1461 5050 tuze.
2383 5000 2470 5053 τοῦ
2501 5000 2682 5066 ὲλέους
2712 5021 2823 5060 σου.

783 5079 868 5134 28.
903 5081 959 5136 ln
989 5094 1135 5138 certa
1168 5088 1360 5150 salute,
1389 5105 1510 5158 qua:
1545 5089 1675 5142 mihi
1711 5106 1740 5144 a
1782 5102 1832 5145 le
1865 5103 1965 5148 est.

2452 5094 2538 5148 28.
2566 5095 2655 5147 Ἐν
2678 5100 2742 5168 τῇ
2772 5099 3000 5154 ἀπλανεῖ
3025 5104 3267 5176 σωτηρίᾳ
3295 5121 3392 5175 μου
3422 5108 3486 5176 τῇ
3523 5107 3673 5178 παρὰ
3704 5107 3786 5162 σοι
3814 5109 3907 5177 (5).

780 5172 866 5226 29.
896 5172 1082 5230 Reduc
1111 5192 1194 5231 me
1224 5194 1251 5232 a
1284 5190 1526 5250 peccato,
1560 5199 1628 5238 ne
1657 5198 2022 5253 permaneam.

2448 5186 2535 5240 29.
2563 5188 2696 5240 Ἀπὸ
2723 5189 2820 5259 τῆς
2842 5191 3114 5264 ἁμαρτίας
3148 5172 3386 5264 ἆῠνὸιγαγέ
3413 5172 3485 5267 με
3502 5236 3518 5263 ,
3564 5172 3652 5251 ἵνα
3694 5197 3768 5269 μὴ
3811 5172 3938 5251 ἀπ’).

2383 5297 2569 5348 μεινω.

779 5350 864 5404 50.
902 5351 1187 5411 Liberatus
1216 5373 1334 5412 sum
1360 5359 1428 5415 ab
1460 5360 1758 5416 immundis
1787 5364 2092 5433 spiritibus,
2125 5380 2175 5422 et
2205 5371 2272 5424 ab

2448 5370 2534 5424 30.
2567 5373 2845 5447 Ῥυσθείην
2866 5379 2929 5431 ὲκ
2950 5379 3056 5434 τῶν
3075 5381 3394 5446 ἀκαθάρτων
3416 5383 3739 5455 πνευμάτων
3761 5385 3851 5438 καὶ
3878 5386 3933 5437 ὲκ

711 5456 897 5498 eorum
929 5450 1330 5519 cupiditatibus.

2377 5460 2482 5512 τῶν
2509 5464 2811 5534 ἐπιθυμιῶν
2845 5470 3042 5526 αὐτῶν.

1655 5567 1962 5630 Addenda
1992 5576 2050 5629 et
2100 5569 2474 5644 corrigenda
2511 5589 2594 5633 ex
2617 5575 2756 5634 eod.
2786 5577 2987 5643 Vatic.

784 5683 858 5747 (1)
905 5684 1214 5756 Ὑπουργοὶ.
2449 5703 2523 5843 έέζ
2559 5706 2686 5760 Ἰδοὺ
2718 5705 2832 5760 νῦν.

784 5753 856 5843 s22
891 5755 1228 5843 essem
2470 5774 2500 5826 δ
2553 5775 2671 5830 2°6-

2449 5753 2523 5830 1

782 5825 859 5892 (δ)
891 5827 995 5877 Kal
1027 5821 1131 5881 δξάζ
