4174 6488
674 420 678 424 ’
714 444 819 497 927
1554 448 1609 503 s.
1654 446 2019 504 ATHANASll
2057 447 2210 506 ore.
2252 446 2430 502 rans
2471 447 2554 501 ιιι.
2592 477 2662 489 -
2697 443 3105 501 exessum.
3849 439 3952 498 928

785 559 873 617 48.
905 560 969 615 Et
999 562 1051 616 in
1079 564 1514 632 retributionem,
1547 577 1600 622 et
1623 569 1677 622 in
1712 571 2052 627 scandalum.
2308 574 2354 630 Λ

2308 574 2354 630 Α
2453 568 2521 621 48
2576 569 2683 622 Καὶ
2715 569 2794 632 είς
2834 567 3208 625 ἀνταπόδοσιν,
3241 561 3334 616 καὶ
3362 563 3442 626 είς
3470 559 3798 666 σκάνδαλον..

785 653 872 708 49.
906 653 1279 712 Obscurentur
1306 659 1450 713 oculi
1478 676 1690 729 eorum,
1715 678 1783 718 ne
1811 663 2068 720 videant:

2454 657 2541 711 49.
2567 657 3008 729 Σκοτισθήτωσαν
3039 657 3088 708 οἱ
3120 654 3385 724 ὀφθαλμοὶ
3417 652 3596 705 αὐτῶν
3618 649 3712 705 τοῦ
3740 649 3817 721 μὴ
3841 647 3953 720 βλέ-

2385 766 2505 801 πειν
2527 767 2540 779 ⁸

786 827 876 882 50.
914 827 979 882 Ει
1009 829 1232 887 dorsum
1268 847 1457 888 eorum
1488 851 1702 908 semper
1733 839 1979 897 incurva.

2456 841 2543 895 50.
2575 840 2682 893 Kal.
2731 840 2821 893 τὸν
2880 837 3047 891 νῶτον
3083 836 3260 890 αὐτῶν
3289 835 3575 899 διαπαντὸς
3610 831 3949 904 σύγκαμψον.

787 919 874 973 51.
906 919 1131 978 ΕΙΪιιιιάο
1159 941 1322 994 super
1353 942 1447 982 eos
1475 929 1610 982 iram
1637 938 1784 984 tuam
1811 946 1827 985 :

2453 933 2540 988 5|.
2576 935 2801 1003 Ἔκχεον
2823 933 2908 985 ἐπ’
2939 932 3131 994 αὐτοὺς
3163 930 3261 1002 τὴν
3293 931 3463 1001 ὀργήν
3496 948 3587 983 σου
3607 946 3619 959 ·

788 1012 875 1064 59..
910 1011 976 1066 Ει
1009 1013 1162 1069 furor
1192 1018 1285 1072 irae
1313 1027 1416 1073 tuae
1442 1023 1865 1091 comprehendat
1890 1039 2005 1079 eos.

2466 1024 2553 1079 52.
2590 1026 2700 1078 Καὶ
2725 1026 2753 1078 ὁ
2777 1023 2948 1094 Θυμὸς
2973 1021 3070 1092 τῆς
3094 1021 3263 1092 ὀργῆς
3293 1037 3384 1073 σου
3420 1018 3713 1073 καταλάϐοι
3736 1017 3949 1080 αὐτούς.

787 1101 873 1156 55.
902 1103 1021 1158 Fiat
1053 1106 1316 1163 habitatio
1342 1126 1532 1166 eorum
1557 1115 1768 1168 deserta
1796 1134 1808 1170 :

2456 1117 2542 1170 55.
2577 1115 2863 1186 Γενηθήτω
2897 1117 2930 1186 ἡ
2972 1113 3194 1177 ἔπαυλις
3227 1113 3403 1166 αὐτῶν
3439 1110 3777 1182 ἠρημωμένη

791 1196 880 1251 51.
911 1196 976 1252 Et
1018 1198 1071 1252 in
1121 1201 1484 1260 tabernaculis
1519 1220 1710 1261 eorum
1739 1221 1845 1261 non
1875 1207 1966 1276 sit,
1999 1207 2092 1278 qui
2125 1207 2283 1264 inha~

2452 1208 2540 1263 54.
2574 1210 2685 1262 Καὶ
2721 1211 2778 1262 ὲν
2800 1209 2910 1271 τοῖς
2946 1205 3295 1278 σκηνώμασιν
3327 1205 3505 1260 αὐτῶν
3533 1203 3607 1274 μὴ
3643 1203 3787 1258 ἔστω
3807 1204 3836 1254 ὁ
3861 1219 3950 1254 κα-

719 1288 873 1342 bitet.

2383 1301 2604 1354 τοικῶν.

786 1379 872 1432 55.
898 1379 1164 1446 Quoniam
1188 1399 1347 1453 quem
1373 1392 1429 1439 tu
1458 1387 1799 1455 percussisti,
1820 1389 2089 1458 persecuti
2115 1400 2280 1446 sunt:

2138 1400 2280 1446 unt:
2457 1395 2546 1450 55.
2576 1395 2695 1447 Ὅτι
2728 1394 2786 1446 ὃν
2821 1393 2884 1446 σὺ
2917 1392 3210 1455 ὲπάταξας,
3245 1388 3397 1442 αὐτοὶ
3425 1387 3786 1452 κατεδίωξαν.

789 1469 878 1524 56.
927 1471 990 1526 Et
1034 1488 1195 1543 super
1222 1475 1465 1531 dolorem
1512 1476 1795 1532 vulnerum
1841 1494 2085 1535 meorum
2122 1482 2275 1536 addi-

2459 1485 2548 1541 56.
2585 1485 2696 1538 Καὶ
2733 1483 2824 1538 ἐπὶ
2855 1481 2918 1537 τὸ
2955 1482 3118 1551 ἄλγος
3145 1481 3254 1535 τῶν
3280 1478 3610 1551 τραυμάτων
3638 1496 3740 1549 μου
3793 1493 3952 1548 προσο

720 1559 934 1616 derunt.

2384 1576 2599 1648 ἔθηκαν.

791 1654 875 1710 57.
899 1655 1123 1726 Appone
1146 1657 1484 1728 iniquitatem
1507 1675 1668 1730 super
1685 1661 2026 1732 iniquitatem
2051 1679 2241 1720 eorum
2268 1682 2279 1718 :

2153 1679 2241 1718 um
2268 1682 2279 1718 :
2457 1666 2546 1718 57.
2591 1665 2836 1736 Πρόσθες
2863 1663 3095 1733 ἀνομίαν
3129 1662 3220 1715 ἐπὶ
3247 1665 3310 1732 τῇ
3344 1659 3542 1730 ἀνομία
3580 1657 3761 1712 αὐτῶν
3780 1675 3794 1689 ο

793 1749 882 1803 58.
917 1748 979 1802 Et
1013 1764 1118 1802 non
1150 1750 1349 1804 intrent
1379 1751 1432 1803 in
1455 1752 1720 1820 justitiam
1750 1763 1919 1808 tuam.

2453 1756 2541 1811 58.
2581 1756 2689 1809 Kal
2721 1756 2794 1827 μὴ
2827 1754 3215 1808 είσελθέτωσαν
3242 1756 3298 1805 ὲν
3331 1749 3646 1820 δικαιοσύνῃ
3681 1766 3796 1802 σου.

792 1839 880 1893 59.
915 1839 1201 1894 Delcantur
1230 1843 1297 1894 de
1320 1841 1458 1896 libro
1490 1843 1783 1898 viventium
1812 1861 1825 1898 :
2316 1914 2347 1918 _

2316 1914 2347 1918 _
2459 1850 2545 1904 59.
2569 1848 3076 1918 Ἐξαλειφοήτωσαν
3107 1848 3170 1900 ἐκ
3197 1845 3376 1916 βίϐλου
3409 1844 3653 1908 ζώντων·

793 1929 882 1981 60.
915 1928 1120 1984 Etcum
1149 1931 1312 2000 justis
1340 1948 1445 1986 non
1475 1934 1803 1989 scribantur.
2316 1914 2356 1970 Β

2316 1914 2356 1970 Β
2459 1941 2546 1995 60.
2588 1914 2696 1994 καὶ
2727 1914 2863 2011 μετὰ
2883 1914 3109 1992 δικαίων
3138 1914 3211 2010 μὴ
3236 1939 3620 2009 γραφήτωσαν.

791 2018 876 2072 61.
909 2016 1120 2089 Pauper
1151 2030 1204 2074 et
1234 2021 1423 2076 dolens
1455 2038 1573 2077 sum
1606 2039 1744 2091 ego:

2455 2034 2541 2088 6|.
2585 2033 2804 2103 Πτωχὸς
2830 2033 2922 2086 καὶ
2953 2031 3130 2100 ἀλγῶν
3165 2034 3278 2102 εἰμι
3308 2030 3441 2098 ἐγώ·

791 2110 880 2166 62.
915 2111 1074 2167 Salus
1107 2122 1220 2179 tua,
1254 2114 1417 2179 Deus,
1450 2118 1689 2186 suscepit
1722 2133 1827 2173 me.

2454 2125 2542 2179 ϐε.
2569 2126 2632 2178 Ὶῐ
2662 2125 2902 2196 σωτηρία
2931 2142 3020 2177 σου
3053 2125 3081 2176 ὀ
3109 2123 3240 2187 Θεὸς
3265 2121 3599 2177 ἀντιλάϐοιτό
3625 2120 3701 2187 (α)
3744 2138 3867 2189 μου.

787 2203 875 2258 65.
914 2203 1173 2259 Laudabo
1209 2222 1402 2261 nomen
1434 2208 1523 2262 Dei
1557 2208 1674 2281 [Dei
1706 2210 1833 2282 mei]
1882 2226 2005 2268 cum
2033 2213 2281 2268 cantico:

2459 2217 2545 2272 63.
2588 2218 2795 2269 Λίνέσω
2811 2215 2870 2267 τὸ
2886 2215 3057 2284 ὄνομα
3071 2214 3164 2267 τοῦ
3181 2213 3312 2266 Θεοῦ
3333 2211 3487 2283 [Θεοῦ
3510 2210 3634 2281 μου]
3656 2212 3775 2280 μετ’
3792 2210 3948 2280 ᾠδῆς·

790 2295 874 2349 6l.
905 2295 1262 2366 Magnilicabo
1291 2316 1412 2354 eum
1438 2301 1492 2356 in
1524 2301 1700 2358 laude.

2465 2309 2550 2362 64.
2593 2307 2889 2375 Μεγαλυνῶ
2915 2308 3073 2360 αὐτὸν
3101 2309 3156 2359 ἐν
3188 2305 3409 2359 αἰνέσει.

793 2388 880 2440 65.
915 2387 978 2442 Et
1000 2391 1229 2458 placebit
1255 2393 1364 2448 Deo
1396 2409 1560 2463 super
1586 2395 1816 2450 vitulum
1842 2395 2134 2463 novellum,
2165 2410 2286 2452 cor-

2458 2402 2546 2455 65.
2588 2401 2694 2453 Καὶ
2720 2399 2908 2472 ἀρέσει
2939 2397 3014 2467 τῷ
3042 2397 3159 2468 Θεῷ
3185 2398 3324 2464 ὑπὲρ
3357 2396 3551 2466 μόσχον
3577 2395 3717 2456 νέον,
3751 2393 3951 2464 κέρατα

723 2496 828 2532 nua
860 2482 1247 2548 producentem
1282 2496 1334 2539 et
1363 2487 1613 2556 ungulas.

1377 2487 1613 2556 mgulas.
2388 2495 2688 2566 ἐκφέροντα
2718 2495 2810 2546 καὶ
2836 2491 3025 2556 ὁπλάς.

786 2570 870 2623 66.
909 2569 1134 2626 Videant
1158 2591 1422 2644 pauperes
1445 2588 1498 2631 et
1528 2577 1791 2634 lmtentur.

2456 2586 2545 2641 66.
2589 2585 2663 2656 (ὁ)
2691 2584 2971 2638 Ἱδέτωσαν
3001 2581 3226 2653 πτωχοὶ,
3260 2582 3352 2635 καὶ
3387 2578 3867 2650 εὐφρανθήτωσαν.

804 2684 854 2743 ιι)
880 2683 1224 2737 ’Λντελάϐετο
1259 2702 1362 2740 ms.
1395 2697 1449 2741 et
1478 2689 1600 2745 cod.
1641 2688 1754 2744 Pal.

804 2684 854 2743 ιι)
880 2683 1224 2737 ’Λντελάϐετο
1259 2702 1362 2740 ms.
1395 2697 1449 2741 et
1478 2689 1600 2745 cod.
1641 2688 1754 2744 Pal.

780 2682 857 2822 Eb)
903 2754 959 2805 ν.
997 2755 1082 2808 66.
1113 2756 1356 2826 Κέρατα,
1389 2768 1490 2812 ctc.
1525 2758 1587 2812 V.
1625 2759 1710 2812 67.
1737 2759 2034 2826 Ἰδὲτωσαν,
2069 2770 2173 2817 etc.
2202 2761 2270 2818 ν.
2311 2762 2428 2819 68.“

1687 2692 2034 2826 ῗιίιδὲτωσαν,
2069 2770 2173 2817 etc.
2202 2761 2270 2818 ν.
2311 2762 2398 2819 68.
2425 2764 2812 2837 Ἐκζητήσατε,
2843 2773 2971 2828 etc.,
3003 2780 3124 2834 usq.
3164 2762 3335 2834 ὑμῶν.

1830 2915 2208 2973 ATHANASII
2251 2913 2834 2973 INTERPRETATIO.

784 3023 870 3075 48.
910 3025 969 3077 Et
1003 3025 1054 3078 in
1085 3028 1335 3094 prmscnti
1373 3031 1572 3083 saeculo
1621 3033 2095 3099 (retributionem)
2130 3033 2273 3088 acci-
2301 3036 2343 3093 C

2302 3036 2343 3093 C
2445 3031 2531 3084 48.
2565 3030 2674 3082 Καὶ
2721 3031 2779 3082 ὲν
2811 3029 2889 3099 τῷ
2943 3027 3037 3082 νῦν
3070 3029 3226 3082 αίῶνι
3269 3027 3617 3092 ἀπολάϐωσι,
3656 3029 3750 3082 καὶ
3788 3032 3848 3084 ἐν
3879 3031 3950 3103 τῷ

713 3115 880 3182 piant,
904 3117 1020 3169 etin
1044 3117 1226 3172 futuro
1242 3121 1693 3188 condemnentur,
1709 3124 1837 3194 quia
1857 3123 2116 3179 seandalo
2132 3135 2279 3180 sunt.

2067 3123 2116 3178 lo
2132 3135 2279 3180 sunt.
2387 3123 2630 3194 μέλλοντι
2656 3121 3078 3193 κατακριθῶσιν,
3115 3121 3190 3184 ὼς
3221 3119 3510 3174 σκάνδαλον
3544 3119 3715 3184 ὄντες.

785 3204 870 3256 49.
904 3204 1055 3258 Oculi
1089 3209 1284 3262 mentis
1317 3224 1530 3263 eorum.

2454 3214 2541 3268 49.
2567 3215 2629 3265 0t
2656 3213 2920 3283 ὀφθαλμοὶ
2949 3213 3045 3284 τῆς
3079 3213 3312 3276 διανοίας
3346 3212 3543 3266 αὐτῶν.

783 3286 871 3341 50.
907 3288 968 3340 Et
1002 3305 1108 3343 non
1157 3293 1478 3362 resipiscant
1508 3314 1538 3351 a
1569 3300 1804 3368 peccatis
1838 3315 2052 3368 eorum,
2085 3301 2179 3357 sed
2225 3300 2283 3357 in

2455 3306 2542 3362 50.
2575 3308 2683 3359 Καὶ
2713 3308 2787 3378 μὴ
2823 3306 3187 3361 ἀνανεύσωσιν
3211 3305 3317 3359 ἀπὸ
3337 3307 3434 3376 τῆς
3459 3306 3732 3377 ἁμαρτίας
3754 3308 3948 3372 αὐτῶν,

715 3376 845 3446 ipsis
878 3382 1201 3436 moriantur.

2383 3398 2494 3453 ἀλλ’
2528 3400 2584 3451 ὲν
2613 3376 2750 3469 αὑτῇ
2777 3376 3191 3454 ἀποθανοῦνται.

777 3471 867 3528 51.
905 3472 1029 3543 Igne
1065 3478 1309 3532 comburi
1340 3478 1423 3534 l‘ac
1454 3497 1548 3535 eos
1583 3499 1612 3536 e
1634 3484 1790 3538 οωιο.

2456 3491 2542 3544 51.
2563 3490 2966 3560 Πυρικαύστους
2997 3491 3190 3553 αὐτοὺς
3213 3489 3289 3559 (1)
3313 3489 3536 3559 ποίησον
3570 3489 3634 3542 ἐκ
3665 3487 3761 3541 τοῦ
3793 3491 3945 3561 οὐρα-

2393 3602 2497 3639 θου.

786 3648 872 3701 59..
912 3646 972 3700 Et
1007 3664 1170 3702 nemo
1199 3665 1386 3705 eorum
1413 3655 1669 3710 salvetur.

2457 3677 2545 3731 52.
2583 3677 2690 3729 Καὶ
2731 3675 2917 3746 μηδεὶς
2947 3675 3125 3729 αὐτῶν
3153 3674 3403 3744 διασωθῇ,

782 3739 872 3792 55.
911 3739 1140 3794 Mentem
1177 3758 1362 3797 eorum
1402 3747 1690 3817 signiﬁcat.

2453 3768 2539 3822 53.
2572 3767 2680 3836 Τὴν
2705 3739 2938 3820 διάνοιαν
2964 3767 3038 3836 (2)
3066 3765 3244 3819 αὐτῶν
3275 3739 3439 3833 λέέὲι.

783 3831 871 3884 54.
905 3831 1032 3886 Sine
1069 3835 1273 3888 auxilio
1301 3839 1430 3890 sint.

1424 3877 1430 3890 '
2453 3860 2539 3912 54.
2573 3858 2887 3929 ’Δῦοήθητοι
2920 3851 3072 3910 ὦσιν.

785 3921 875 3975 55.
907 3921 1199 3987 Quoniam,
1229 3941 1388 3995 quem
1422 3937 1478 3982 tu
1529 3930 1726 3983 misisti
1760 3931 1814 3984 in
1860 3931 2144 3998 mundum,
2175 3934 2277 4006 ipsi

2455 3951 2541 4004 55.
2575 3952 2696 4005 Ὀτι
2721 3921 2802 4004 ’δέ
2831 3951 2894 4003 σὺ
2923 3949 3241 4011 ἀπέστειλας
3272 3951 3351 4013 είς
3400 3949 3489 4003 τὸν
3532 3950 3735 4004 κόσαον
3759 3989 3774 4004 .
3802 3949 3944 4004 αὐτοὶ

713 4013 1046 4069 occiderunt.

781 4103 865 4155 56.
899 4102 1110 4159 Lancea
1143 4111 1546 4166 transﬁxorum.

784 4193 872 4246 57.
905 4193 1377 4259 Quemadmodum
1415 4203 1515 4271 ipsi
1546 4207 1782 4261 contenti
1817 4222 1925 4261 non
1951 4205 2169 4260 fuerunt
2193 4220 2277 4260 me

712 4285 1069 4353 crucifixisse,
1117 4293 1212 4345 sed
1264 4294 1430 4348 aliam
1487 4298 1650 4352 etiam
1698 4300 1909 4369 plagam
1961 4300 2091 4353 mihi
2137 4299 2280 4353 intu-

713 4374 825 4428 leru
837 4384 911 4431 nt.

2384 4047 2697 4114 ἐφόνευσαν.

2452 4137 2537 4190 56.
2572 4138 2751 4207 Λόγχῃ
2785 4136 2859 4206 (5)
2896 4135 3266 4206 ἐξεκέντησαν.

2452 4229 2537 4283 57.
2567 4231 2775 4300 Ὥσπερ
2805 4228 2958 4281 αὐτοὶ
2999 4230 3097 4282 οὐκ
3143 4229 3489 4300 ἠρκέσθησαν
3539 4228 3944 4300 σταυρώσαντες

2311 4374 2353 4428 D
2387 4339 2474 4391 με,
2507 4322 2642 4375 ἀλλά
2675 4322 2768 4374 καὶ
2800 4322 2991 4394 ἑτέραν
3016 4321 3225 4394 πληγὴν
3255 4322 3530 4392 ἐπήγαγον
3552 4340 3663 4391 μοι.

782 4469 870 4524 58.
903 4473 960 4524 ln
989 4487 1211 4541 regnum
1245 4483 1418 4529 tuum.

782 4563 871 4616 59.
901 4562 940 4613 Ε
964 4565 1136 4617 cmlis.

785 4653 868 4706 60.
908 4655 963 4708 Ιιι
997 4658 1170 4712 cazlis.

2455 4497 2540 4553 58.
2565 4497 2656 4550 Ἐν
2679 4500 2742 4569 τῇ
2773 4498 3013 4570 βασιλεία
3042 4517 3155 4553 σου.

2455 4592 2541 4646 59.
2569 4591 2666 4644 Ἐκ
2691 4591 2798 4644 τῶν
2825 4593 3087 4664 οὐρανῶν.

2457 4683 2542 4737 60.
2570 4683 2659 4735 Ἐν
2691 4686 2802 4746 τοῖς
2829 4685 3092 4755 οὐρανοῖς.

781 4746 867 4799 61.
922 4747 1248 4804 lllendicavit
1297 4751 1349 4804 in
1404 4753 1714 4808 servitutem
1768 4754 2043 4810 redactum
2106 4771 2274 4827 genus

2024 4773 2043 4810 ³
2106 4771 2274 4827 genus
2451 4775 2538 4828 6|.
2564 4746 2909 4845 Ἐπτὼχευσέ
2935 4746 3194 4829 δουλωθὲν
3227 4776 3289 4828 τὸ
3319 4775 3472 4844 γένος
3497 4775 3672 4848 ἡμῶν.

713 4844 977 4892 nostrum.

781 4927 867 4980 6:2.
906 4929 971 4982 Et
1005 4932 1282 5001 sepultura
1325 4943 1378 4988 et
1425 4938 1751 4992 resurrectio
1791 4946 1904 5002 tua,
1946 4938 2109 5006 Deus,
2152 4959 2274 4998 sus-

2447 4949 2534 5003 62.
2576 4949 2684 5001 Καὶ
2718 4950 2750 5019 ἡ
2775 4949 2917 5020 ταφὴ
2951 4948 3044 5002 καὶ
3072 4950 3104 5020 ἡ
3135 4949 3424 5014 ἀνάστασίς
3455 4965 3570 5012 σου.
3599 4951 3628 5002 ὁ
3667 4949 3818 5014 Θεὸς,
3849 4951 3934 5004 ἀν-

709 5019 849 5087 cepit
881 5037 986 5075 me.

2376 5040 2628 5094 τελάϐετό
2663 5057 2784 5110 μου.

779 5109 864 5163 65.
906 5109 1132 5180 Hymnis
1167 5112 1453 5169 celebrabo
1487 5128 1610 5168 eum
1645 5116 1697 5170 in
1723 5118 2106 5176 exsultatione.

1869 5118 2106 5176 ltatione.
2447 5132 2537 5186 63.
2565 5134 2885 5204 Ἀνυμνὴσω
2915 5135 3073 5189 αὐτὸν
3103 5136 3160 5188 ἐν
3185 5134 3517 5203 ἀγαλλιάσει.

779 5201 866 5253 64.
901 5201 1228 5258 Glorilicabo
1254 5220 1376 5259 eum
1410 5208 1462 5260 in
1495 5208 1672 5263 laude.

1669 5253 1672 5262 ›
2450 5224 2538 5278 64.
2581 5201 2800 5288 Δοξάςω
2825 5227 2984 5280 αὑτὸν
3014 5229 3069 5279 ὲν
3099 5201 3317 5281 αἰνέσει.

779 5292 865 5345 65.
907 5293 1081 5362 Super
1114 5297 1372 5364 populum
1406 5295 1717 5354 Judteorum
1771 5304 2066 5372 petulcum,
2097 5313 2152 5360 et
2195 5305 2272 5359 la-

2449 5315 2538 5369 65.
2576 5316 2743 5389 ’Υπὲρ
2769 5318 2858 5370 τὸν
2886 5319 3011 5372 λαὸν
3036 5319 3142 5372 τῶν
3175 5320 3440 5373 Ἰουδαίων
3463 5320 3591 5384 τοὺς
3620 5321 3695 5391 (4)
3729 5318 3929 5389 κερατί-

707 5385 1023 5441 scivicntem
1055 5389 1107 5441 in
1140 5391 1394 5458 peccatis.

2377 5407 2586 5473 ζοντας,
2625 5413 2715 5465 καὶ
2744 5414 3073 5484 σκιρτῶντας
3106 5415 3162 5467 ὲν
3192 5416 3310 5478 ταῖς
3331 5414 3642 5486 ἁμαρτίαις.

776 5481 861 5535 66.
901 5482 1172 5553 Pnuperes
1203 5487 1385 5551 corde,

2444 5503 2532 5556 66.
2573 5504 2634 5555 Οξ
2669 5509 2733 5576 τῇ
2765 5481 2956 5577 καρδία
2986 5510 3210 5578 πτωχοὶ.

1655 5602 1958 5665 Addenda
1988 5612 2045 5665 et
2071 5606 2446 5685 corrigenda
2479 5633 2552 5676 ex
2586 5617 2725 5677 cod.
2753 5620 2954 5682 Vatie.

783 5700 858 5760 (l)
895 5699 1099 5762 Λύτούς
1131 5700 1300 5755 deest.

783 5773 853 5792 λιιι
896 5771 956 5792 ἸΙ
1001 5772 1036 5792 Ω.
1059 5772 1198 5792 Δ..-..-

2459 5717 2530 5783 (4)
2571 5718 2641 5792 ΝιΔ
2677 5718 2776 5792 ﬁli.
2831 5721 2966 5784 Τοὺς
3014 5738 3153 5792 κερ.,
3195 5721 3314 5778 etc.‘
3345 5722 3412 5778 N.
3444 5723 3532 5778 67.
3567 5725 3625 5775 οξ
3672 5724 3756 5792 τῇ,
3803 5733 3923 5784 etc.,

781 5773 855 5837 (ἓ)
896 5771 956 5821 ἸΙ
996 5772 1223 5824 διάνοια.
2379 5798 2429 5838 ns

784 5842 854 5860 ιἿι
884 5842 956 5860 ’τις
993 5841 1064 5860 ἏΙ-
1139 5858 1149 5860 _
1191 5844 1240 5860 ει-
1315 5844 1334 5860 .σ
1490 5846 1499 5858 ο

1171 5789 1240 5860 α..
1326 5844 1334 5856 ι
1490 5846 1499 5858 ο
2379 5771 2547 5855 ιιεᾴυέ
2579 5789 2643 5841 ad
2673 5789 2819 5860 ἔθνη.

782 5842 856 5907 (3i
884 5842 959 5908 Τῇ
993 5841 1158 5911 λόγχῃ
1186 5844 1537 5912 ἐξεκέντησαν
1570 5861 1656 5915 με.
