4174 6494
236 436 345 492 955
1154 434 1242 490 DE
1284 433 1557 493 TITULIS
1594 432 2037 491 PSALMOBUM.
2078 460 2136 473 —
2179 431 2375 487 PSAL.
2418 430 2582 487 LXX.
3370 436 3469 495 951

316 550 361 606 7.
398 548 458 606 '0
485 551 612 615 Θεός
645 568 766 622 μου,
801 550 957 624 ῥῦσαί
988 569 1054 624 με
1077 552 1141 606 ἐκ
1168 552 1350 623 χειρὸς
1379 551 1721 623 ἀμαρτωλοῦο
1820 559 1870 611 Δ

1698 569 1721 591 κ·
1820 559 1870 611 Α
1966 549 2015 602 7.
2052 546 2194 603 Deus
2225 563 2400 614 meus,
2429 548 2573 616 eripe
2610 561 2695 602 me
2719 548 2787 603 de
2815 564 2975 603 manu
3007 552 3307 616 peccatoris
3334 572 3346 606 :

306 642 364 701 .8.
398 643 491 696 Ἐκ
517 643 696 714 lupo;
718 642 1152 714 παρανομοῦντος
1182 644 1277 698 καὶ
1305 643 1635 707 ἀδικοῦντος.

1629 684 1635 698 .
1976 641 2027 695 8.
2062 640 2137 693 De
2164 655 2325 694 manu
2353 648 2541 696 contra
2572 641 2742 710 legem
2775 643 2982 712 agentis
3007 654 3059 697 et
3090 645 3277 713 iniqui.

310 735 361 790 9.
385 736 507 788 Ὅτι
529 737 592 788 σὺ
621 733 671 787 εἷ
694 737 727 805 ή
766 736 1007 806 ὑπομονὴ
1044 753 1167 805 μου,
1202 737 1395 806 Κύριε

1977 732 2030 788 9.
2060 731 2328 798 Quoniam
2356 742 2413 785 tu
2444 747 2503 786 es
2542 732 2798 800 patientia
2837 748 2977 796 mea,
3007 733 3262 789 Domine:

314 827 392 882 10.
424 828 616 897 Κύριε,
646 828 677 899 ἡ
706 829 984 902 ἐλπίςθμου
1018 830 1081 881 ἐκ
1112 829 1357 899 νεότητός
1383 844 1503 897 μου.

1980 824 2066 877 10.
2104 824 2351 891 Domine,
2378 838 2504 890 spes
2533 840 2650 877 mea
2678 839 2708 877 a
2728 824 3014 893 juventute
3040 841 3180 880 mea.

309 919 396 972 1|.
440 919 561 971 Ἐπὶ
596 919 656 972 σὲ
696 920 1093 990 ἐπεστηρίχθην
1121 920 1227 973 ἀπὸ
1252 922 1507 992 γαστρός

1442 922 1507 985 5;-
1979 914 2067 968 11.
2103 910 2159 966 In
2188 922 2238 968 te
2264 914 2619 969 conlirmatus
2649 929 2770 969 sum
2803 929 2869 969 ex
2898 924 3051 969 utero
3078 933 3090 968 :

308 1008 395 1063 12.
443 1010 536 1063 Ἐκ
566 1011 772 1075 κοιλίας
794 1012 999 1083 μητρός
1027 1029 1128 1083 μου
1160 1011 1222 1065 σὺ
1257 1030 1359 1083 μου
1391 1010 1441 1066 εἷ
1471 1014 1805 1079 σκεπαστής·

1981 1006 2069 1060 12.
2113 1004 2186 1060 De
2233 1014 2419 1060 ventre
2455 1005 2643 1060 matris
2691 1021 2825 1061 mea;
2871 1017 2928 1061 tu
2971 1022 3125 1061 meus
3182 1023 3241 1062 es
3292 1018 3461 1077 prote-

1907 1109 2042 1154 0101⁸.

310 1189 395 1243 15.
434 1190 520 1242 Ἐν
552 1191 632 1244 σοὶ
663 1193 695 1262 ὴ
721 1192 953 1263 ὑμνησίς
986 1209 1085 1262 μου
1114 1193 1427 1258 διαπαντός.

1273 1195 1427 1258 ιντός.
1981 1194 2066 1247 15.
2104 1194 2162 1246 In
2185 1203 2239 1247 te
2266 1194 2507 1249 cantatio
2536 1208 2655 1248 mea
2686 1207 2921 1263 semper.

306 1281 396 1335 14.
438 1281 583 1335 Ὠσεὶ
610 1283 772 1353 τέρας
802 1286 1063 1355 ἐγενήθην
1090 1289 1204 1346 τοῖς
1236 1272 1469 1352 πολλοῖς.

1980 1285 2065 1338 14.
2102 1283 2380 1355 Tanquam
2402 1287 2720 1356 prodigium
2753 1285 2928 1341 factus
2953 1300 3073 1341 sum
3105 1287 3291 1341 multis
3320 1303 3329 1339 :

307 1371 394 1425 15.
428 1372 537 1424 Kal
566 1374 631 1425 σὺ
664 1372 854 1442 βοηθός
885 1390 985 1444 μου
1017 1376 1290 1446 κραταιός.

1057 1376 1290 1446 ραταιός.
1977 1377 2063 1431 15.
2098 1376 2165 1431 Et
2195 1387 2248 1431 tu
2280 1378 2497 1447 adjutor
2521 1378 2704 1455 fortis.

302 1461 389 1519 16.
417 1463 761 1535 Πληρωθήτω
793 1466 854 1519 τὸ
892 1467 1062 1537 στόμα
1097 1484 1197 1536 μου
1224 1466 1501 1533 αἰνέσεως,

1265 1466 1501 1533 ἱνέσεως,
1983 1469 2069 1523 16.
2108 1470 2397 1539 Repleatur
2430 1486 2493 1525 os
2523 1487 2701 1526 meum
2731 1472 2910 1537 laude,

302 1554 389 1608 17.
428 1556 613 1619 Ὅπως
642 1558 865 1628 ὑμνήσω
898 1558 995 1629 τὴν
1026 1558 1180 1623 δόξαν
1203 1575 1317 1635 σου·

1256 1578 1317 1611 m-
1980 1562 2067 1615 17.
2102 1560 2172 1616 Ut
2202 1572 2417 1617 cantem
2453 1564 2680 1634 gloriam
2719 1574 2904 1619 tuam:

306 1645 393 1699 18.
425 1646 591 1717 Ὅλην
616 1648 711 1717 τὴν
738 1647 949 1720 ἡμέραν
982 1650 1078 1721 τὴν
1109 1651 1578 1722 μεγαλοπρέπειαν
1619 1669 1731 1707 σου.

1377 1651 1578 1706 λέπειαν
1619 1669 1731 1707 σου.
1980 1656 2067 1709 18.
2105 1654 2238 1712 Tota
2274 1656 2361 1712 die
2394 1656 2823 1728 magnitudinem
2856 1666 3025 1710 tuam.

307 1739 395 1794 19.
426 1738 516 1809 Μὴ
548 1739 855 1811 exceptum;
886 1759 952 1812 με
977 1744 1055 1808 εἰς
1078 1742 1267 1815 καιρὸν
1286 1745 1489 1815 γήρως’

1978 1750 2067 1805 19.
2098 1750 2176 1804 Ne
2206 1752 2463 1821 projicias
2494 1766 2580 1806 me
2603 1753 2657 1805 in
2690 1760 2931 1821 tempore
2958 1752 3251 1805 senectutis
3278 1771 3290 1804 :

302 1828 393 1883 20.
438 1830 525 1882 Ἐν
549 1829 625 1899 τῷ
657 1832 927 1886 ἐκλείπειν
953 1835 1051 1905 τὴν
1088 1836 1242 1905 ἰσχύν
1279 1854 1403 1906 μου,
1461 1856 1536 1910 μη
1570 1855 1805 1908 εγκατα-
1836 1899 1880 1913 _

1836 1899 1880 1913 _
1979 1842 2068 1895 20.
2100 1842 2235 1897 Cum
2289 1843 2548 1899 defecerit
2592 1846 2765 1899 virtus
2809 1860 2952 1907 mea,
3007 1860 3072 1899 ne
3122 1844 3462 1913 derelinquas

229 1923 523 1992 λῐπηςμε.
1007 1899 1019 1905 Ψ
1143 1899 1177 1905 Π
1279 1899 1291 1906 ’
1608 1899 1624 1908 1
1836 1899 2016 1987 Bme.

297 2017 391 2070 21.
426 2017 547 2070 Ὀτι
580 2013 730 2071 εἷπον
750 2019 797 2071 oi
820 2018 1001 2090 ἐχθροί
1048 2037 1148 2087 μου
1171 2022 1310 2091 ἐμοι·

1976 2022 2064 2076 21.
2101 2021 2235 2089 Quia
2273 2023 2528 2079 dixerunt
2556 2024 2759 2080 inimici
2784 2027 2887 2081 mei
2916 2027 3082 2080 mihi:

296 2106 387 2161 22.
420 2108 528 2161 Kal
551 2109 597 2161 οἱ
623 2108 984 2177 φυλάσσοντες
1006 2109 1104 2181 τὴν
1135 2110 1310 2183 ψυχήν
1337 2129 1460 2183 μου,

1978 2114 2065 2170 22.
2100 2114 2167 2169 Ει
2188 2115 2279 2186 qui
2311 2117 2692 2171 custodiebant
2724 2117 2959 2171 animam
2994 2134 3189 2184 meam,

297 2197 387 2252 25.
433 2197 852 2252 Ἐὃουλεύσαντο
882 2198 979 2253 ἐπὶ
1007 2200 1067 2252 τὸ
1095 2200 1243 2264 αὑτὸ,

1975 2206 2065 2263 2'5.
2098 2208 2399 2264 Consilium
2430 2209 2676 2265 fecerunt
2702 2210 2756 2265 in
2792 2227 2986 2277 unum,

299 2290 391 2346 24.
423 2291 704 2359 Λέγοντες·
750 2291 808 2345 '0
822 2291 955 2355 Θεὸς
982 2291 1337 2360 ἐγκατέλιπεν
1362 2292 1545 2349 αὐτόν’

1363 2292 1545 2349 αὑτονο
1969 2297 2059 2353 24.
2088 2297 2338 2355 Dicentes
2364 2318 2379 2354 :
2412 2301 2552 2355 Deus
2572 2301 2861 2370 dereliquit
2892 2318 3011 2357 enm

301 2381 393 2437 25.
419 2382 823 2450 Καταδιώξατε,
850 2384 943 2437 καὶ
977 2385 1309 2441 καταλάϐετε
1344 2389 1523 2443 αὐτόν·

1977 2390 2068 2446 25.
2101 2390 2518 2462 Persequimini,
2544 2404 2599 2449 et
2620 2395 3056 2464 comprehendite
3081 2411 3203 2450 eum

298 2472 388 2528 26.
418 2475 538 2528 Ὅτι
559 2475 659 2529 οὑκ
680 2475 823 2530 ἔστιν
841 2479 869 2530 ό
898 2476 1178 2548 ῥυόμενος.

1972 2480 2061 2534 26.
2095 2481 2231 2548 Quia
2263 2499 2370 2537 non
2397 2492 2480 2538 est
2513 2484 2605 2554 qui
2633 2484 2844 2555 eripiat.

300 2564 391 2622 27.
437 2567 495 2621 '0
525 2567 655 2631 Θεός
687 2585 809 2638 μου,
843 2568 916 2641 μὴ
942 2569 1225 2643 μακρὺνῃς
1251 2571 1346 2625 ἀπ’
1372 2570 1525 2641 ἐμοῦ.

1403 2570 1525 2641 μοὺ.
1977 2573 2067 2625 27.
2105 2572 2246 2627 Deus
2274 2590 2448 2640 meus,
2482 2589 2549 2630 ne
2577 2574 2845 2644 elongeris
2870 2592 2900 2631 a
2930 2591 3047 2630 me:

304 2657 395 2715 28.
444 2658 501 2714 '0
522 2658 653 2723 Θεός
688 2678 811 2732 μου,
840 2663 920 2726 εἰς
943 2661 1041 2734 τὴν
1071 2662 1324 2734 βοήθειάν
1381 2680 1481 2734 μου
1514 2669 1768 2735 πρόσχες.

1637 2681 1768 2735 τχες.
1977 2660 2067 2715 28.
2102 2660 2242 2717 Deus
2272 2678 2447 2732 meus,
2474 2664 2526 2717 in
2556 2663 2821 2719 auxilium
2855 2677 3029 2720 meum
3066 2668 3285 2736 respice.

1350 2862 1725 2921 ATHANASII
1762 2864 2345 2924 INTERPRETATIO.

304 3033 356 3086 7.
388 3032 493 3086 Τοῦ
528 3033 771 3086 διαϐόλου
799 3033 877 3105 (1)
905 3035 1073 3090 λέγει.

875 3053 877 3083 ι
905 3035 1073 3090 λέγει.
1984 3044 2034 3099 7.
2066 3043 2297 3109 Diaboli,
2332 3046 2523 3116 inquit.

301 3125 355 3179 8.
389 3124 493 3177 Τοῦ
520 3125 702 3181 αὑτοῦ.

699 3170 702 3179 .
1983 3137 2036 3193 8.
2073 3137 2347 3206 Ejusdem.

304 3213 356 3269 9.
386 3215 508 3269 Ὅτι
530 3218 594 3270 σὺ
624 3215 676 3272 εἷ
700 3221 733 3291 ἡ
756 3222 1098 3297 παράκλησίς
1123 3240 1245 3294 μου.
1267 3221 1463 3295 Κύριε.
1828 3209 1871 3265 C

1828 3209 1871 3265 ε
1972 3226 2025 3281 9.
2053 3225 2322 3293 Quoniam
2357 3235 2413 3283 tu
2448 3244 2508 3285 es
2530 3229 2829 3286 consolatio
2856 3245 2998 3295 mea,
3033 3230 3277 3289 Domine.

302 3304 387 3359 10.
424 3306 496 3357 Σὺ
526 3302 576 3359 εἶ
598 3307 752 3373 ἐλπίς
784 3330 886 3380 μου
919 3313 1011 3383 ἀφ’
1036 3306 1097 3367 οὗ
1119 3314 1441 3387 ἐνεποιήθην
1470 3312 1570 3390 (Ξ).

1971 3317 2057 3373 10.
2089 3318 2167 3373 Tu
2198 3335 2257 3374 es
2292 3336 2417 3390 spes
2449 3338 2594 3389 mea,
2617 3340 2683 3381 ex
2709 3341 2820 3396 quo
2850 3327 3121 3400 ingenitus
3148 3346 3286 3387 sum.

297 3396 386 3450 11.
429 3397 562 3452 Ἀπὸ
589 3401 684 3455 τοῦ
708 3402 1107 3477 βαπτίσματος.

792 3406 1107 3477 πτὶσματος.
1968 3408 2057 3464 11.
2084 3409 2129 3464 Α
2152 3411 2440 3481 baptismo.

295 3485 384 3542 12.
420 3487 513 3542 Ἐκ
544 3491 641 3561 τῆς
671 3491 1071 3565 κολυμϐήθρας.

796 3494 1071 3565 ιμὸήθρας.
1974 3501 2062 3559 12.
2100 3501 2174 3557 Ex
2208 3504 2444 3561 lavacro.

295 3577 385 3632 15.
425 3578 489 3631 Ἦ
520 3581 814 3651 προσδοκία
849 3599 973 3652 μου.

932 3602 973 3636 ›.
1973 3594 2060 3649 15.
2091 3595 2436 3665 Exspectatio
2463 3611 2580 3650 mea

294 3671 383 3727 14.
431 3671 573 3724 Ὢσεὶ
608 3672 855 3741 παίγνιον
880 3675 955 3742 (5)
989 3675 1101 3738 τοῖς
1128 3674 1367 3747 δαίμοσι.

1971 3684 2055 3739 11.
2094 3684 2373 3754 Tanquam
2402 3686 2694 3741 ludibrium
2720 3686 3077 3745 daemonibus.

296 3763 384 3817 15.
422 3764 530 3818 Kal
564 3766 627 3817 σὺ
654 3764 844 3834 βοηθός
872 3783 971 3836 μου
998 3768 1244 3839 ἰσχυρός»

1970 3777 2059 3831 15.
2090 3776 2153 3831 Et
2180 3787 2235 3833 tu
2262 3778 2479 3848 adjutor
2500 3794 2655 3835 meus
2683 3780 2913 3836 validus.

298 3858 385 3911 16.
420 3857 530 3927 Τῆς
550 3859 770 3930 χάριτός
793 3877 906 3914 σου.

752 3877 770 3922 ς
793 3877 906 3914 σου.
1982 3865 2069 3919 16.
2101 3865 2283 3922 Gratia
2311 3878 2400 3923 tua

300 3950 388 4003 17.
422 3951 531 4022 Τὴν
558 3951 862 4024 ὡραιότητα
893 3954 968 4025 (ι1)
996 3959 1095 4027 τῆς
1116 3956 1396 4029 δυνάμεώς
1415 3975 1532 4016 σου.

1345 3957 1396 4024 bc
1415 3975 1532 4016 σου.
1970 3959 2058 4016 17.
2087 3958 2555 4017 Pulcliritudinem
2587 3964 2839 4032 potentia?
2867 3972 2993 4021 tum.

296 4042 384 4096 18.
404 4042 815 4114 Κοιταζόμενος,
831 4048 924 4100 xal
939 4047 1366 4121 διανιστάμενος,
1388 4053 1483 4109 καὶ
1506 4054 1801 4127 πορευόμε-

1974 4050 2059 4104 18.
2091 4049 2376 4106 Dormiens
2418 4061 2472 4107 et
2512 4068 2767 4122 surgens,
2798 4063 2853 4108 et
2898 4056 3184 4111 ambulans
3234 4057 3466 4115 laudabo

218 4150 313 4198 νος
344 4134 569 4205 ὑμνήσω
592 4135 652 4186 τὸ
682 4136 910 4207 μέγεθος
941 4138 1017 4207 ,τὸ
1049 4140 1428 4213 ἀκατάληπτον
1457 4143 1557 4215 τῆς
1602 4147 1799 4218 εὐπρε-

1689 4164 1799 4218 ιρε-
1902 4145 2329 4217 magnitudinem
2368 4146 2968 4217 incompreliensibilem
2996 4150 3209 4205 decoris
3242 4157 3337 4207 tni.

222 4240 385 4279 πειας
408 4243 500 4279 σου

302 4243 353 4278 ια
408 4243 500 4279 σου

295 4242 385 4375 19‘.
416 4322 532 4391 Μὴ.
558 4322 867 4396 amputem;
917 4342 1006 4397 με,
1061 4326 1189 4381 ὅταν
1248 4328 1411 4398 ἐγγὺς
1462 4329 1682 4401 γίνομαι
1721 4329 1797 4400 (5)

1974 4321 2061 4376 19.
2088 4320 2167 4376 Ne
2196 4322 2421 4392 abjicias
2458 4338 2545 4379 me
2571 4340 2694 4381 cum
2736 4340 2902 4396 prope
2934 4342 3012 4391 es,
3054 4338 3111 4381 ut
3140 4329 3459 4398 dispeream.

217 4412 554 4483 ἀφανισμοῦ,

534 4506 612 4607 τιξ»
634 4506 879 4607 dolia—lein
906 4508 1203 4607 τὴν*
1231 4526 1329 4607 μου
1367 4511 1441 4583 μὴ
1469 4511 1634 4583 ἐάσῃς
1668 4526 1759 4579 με.
1827 4551 1865 4607 n

1758 4556 1759 4561 η
1827 4551 1873 4607 D
1974 4502 2064 4556 20.
2090 4501 2175 4607 life
2195 4502 2433 4557 dimittas
2459 4518 2545 4559 me
2568 4519 2691 4558 cum
2727 4504 2910 4559 anima
2937 4520 3056 4559 mea
3084 4507 3406 4561 inﬁrmatur.

294 4598 385 4653 2|.
424 4600 543 4653 Ὅτι.
575 4601 856 4656 ἀπειλοῦσι
888 4620 955 4673 με
992 4602 1065 4672 (6)
1098 4603 1146 4655 οἱ
1171 4602 1441 4673 δαίμονες.
1827 4592 1871 4607 υ

1827 4592 1871 4607 ⁸⁷
1966 4597 2054 4653 21.
2087 4592 2353 4661 Quoniam
2384 4597 2514 4651 mihi
2552 4598 2825 4653 minantur
2855 4599 3149 4655 daemones.

291 4690 365 4744 22
424 4691 533 4746 Kal
557 4692 606 4746 οἱ
630 4692 975 4762 ἐκδεχόμενοι
1009 4693 1334 4762 παγιδεῦσαι
1357 4711 1443 4764 με.

1966 4687 2055 4741 22.
2082 4686 2148 4741 Et
2180 4688 2272 4757 qui
2306 4698 2621 4759 ex5pectant
2653 4691 2865 4760 laqueis
2896 4708 2981 4747 me
3015 4692 3248 4746 irretire.

286 4782 383 4839 25.
408 4782 684 4852 Συνταγὰς
708 4783 888 4854 ἔχουσι.
922 4784 1039 4837 κατ’
1070 4783 1228 4854 ἐμοῦ,

1966 4778 2057 4833 25.
2083 4778 2283 4835 Foedus
2314 4780 2587 4838 iniverunt
2613 4791 2802 4837 contra
2834 4798 2942 4847 me,

286 4875 381 4932 24.
412 4876 695 4945 Δέγοντες*
743 4876 803 4929 '0
822 4875 954 4940 Θεὸς
979 4874 1159 4929 εἴασεν
1190 4876 1373 4931 αὑτόν.

1326 4894 1373 4930 ν,
1968 4869 2057 4925 24.
2090 4869 2343 4928 Dicentes
2370 4891 2384 4927 :
2416 4872 2558 4929 Deus
2586 4874 2795 4930 dimisit
2831 4891 2974 4931 eum.

289 4969 385 5024 25.
409 4970 733 5040 Κρατήσατε
768 4968 949 5033 αὑτὸν,
982 4969 1075 5022 καὶ
1096 4967 1561 5041 κατακυριεύσατε
1597 4970 1789 5027 αὐτου.

1597 4970 1789 5027 αὐτου,
1970 4963 2061 5017 25.
2099 4962 2299 5020 Tenete
2322 4980 2468 5030 eum,
2495 4976 2550 5022 et
2578 4966 2932 5022 dominamini
2968 4968 3021 5021 in
3053 4967 3227 5036 ipsum

291 5061 384 5116 26.
414 5060 535 5113 ὀτι
555 5061 730 5122 οὐδεὶς
750 5058 972 5113 δύναται
1003 5061 1164 5114 αὑτὸν
1218 5060 1479 5131 ῥύσασθαι
1517 5061 1577 5125 ἐξ
1608 5060 1787 5132 ἡμῶν.

1972 5054 2062 5110 26.
2093 5055 2360 5121 Quoniam
2389 5073 2549 5113 nemo
2577 5067 2750 5128 potest
2780 5058 2930 5112 illum
2963 5073 2993 5112 a
3027 5058 3180 5114 nobis
3217 5057 3461 5113 liberare.

290 5149 386 5204 27.
429 5148 486 5201 Ὀ
508 5148 640 5212 Θεός
665 5166 785 5219 μου,
820 5148 893 5219 μὴ
920 5150 1088 5222 ἐάσῃς
1121 5167 1215 5220 με.

1967 5146 2055 5199 27.
2088 5146 2230 5202 Deus
2256 5163 2431 5216 meus,
2460 5166 2529 5204 ne
2560 5148 2801 5205 dimittas
2835 5163 2940 5203 me.

287 5241 382 5297 28.
452 5240 509 5301 '0
558 5240 751 5313 ἐφορός
799 5258 927 5312 μου,
991 5244 1296 5317 προνοητής
1349 5262 1449 5315 μου
1500 5243 1791 5314 εὑδόκησον

1969 5237 2060 5292 28.
2091 5237 2368 5309 lnspector
2411 5256 2568 5298 meus
2606 5242 2939 5313 complaceat
2985 5238 3079 5295 tibi
3128 5248 3188 5293 ut
3220 5240 3466 5308 provisor

219 5332 382 5390 εἶναι.

1905 5342 2058 5383 meus
2081 5328 2175 5384 sis.

1176 5510 1481 5573 Addenda
1513 5517 1573 5573 et
1608 5509 1983 5588 corrigenda
2014 5526 2092 5571 ex
2137 5507 2278 5569 cod.
2319 5506 2516 5569 Vatic.

322 5707 377 5779 1)
414 5707 509 5760 Ἐκ
536 5673 830 5776 χειρδςποῦ
852 5702 1117 5761 διαϐόλου.
1147 5702 1308 5760 Deest
1335 5700 1498 5771 λέγει.
1963 5692 2040 5833 (ᾗ)
2063 5691 2303 5777 Θεότητα

322 5782 376 5833 2)
417 5774 833 5833 Ἐνεωποιήθην.
1966 5766 2019 5833 (ο
2070 5762 2303 5833 Γενωμαι

317 5762 376 5844 2)
417 5762 853 5844 Ἐνεῶπὸιῆθηνε
1407 5762 1419 5771 ’
2070 5762 2330 5844 ξένωμαι·

297 5784 355 5851 (2
417 5784 833 5844 Ἐνεωποιηυην.

297 5784 376 5922 (5)
396 5847 647 5917 Παίγνιον
672 5843 934 5917 ἐγενήθην

535 5784 833 5844 ωποιηυην.
1966 5784 2039 5833 ιο)
2072 5784 2093 5813 ι
2112 5784 2180 5815 ενι

532 5862 647 5899 νιον
672 5843 934 5917 ἐγενήθην
1970 5835 2043 5904 (ϐ)
2074 5834 2180 5886 Mat
