4174 6486
717 423 817 478 939
1584 421 1639 475 S.
1685 415 2049 472 ATHANASII
2087 414 2233 470 OPP.
2278 407 2459 465 PARS
2496 409 2582 464 lll.
2627 441 2695 450 -—-
2734 409 3149 466 EXECETICA.
3863 410 3966 465 940

2306 527 2353 582 Α
2450 523 2502 575 4.
2544 523 2650 576 Kal
2681 524 2805 585 τοὺς
2830 522 3077 592 πτωχούς
3120 539 3212 575 σου
3238 523 3295 575 ὲν
3336 521 3533 590 κρίσει.

2450 612 2500 665 5.
2545 612 2883 666 Ἀναλαϐἐτω
2910 613 2977 665 τά
3013 614 3112 684 ὄρη
3150 614 3372 684 εἰρήνην
3415 613 3490 683 τῷ
3526 612 3682 682 λαῷ·

2450 706 2504 759 6.
2533 707 2641 758 Kal
2669 708 2717 758 οἱ
2749 706 2925 776 βουνοὶ
2976 705 3342 776 δικαιοσύνην.

2452 797 2503 849 7.
2533 799 2725 868 Κρινεῖ
2753 799 2878 859 τοὺς
2918 798 3165 865 πτωχοὺς
3184 797 3277 849 τοῦ
3299 797 3429 850 λαοῦ
3451 811 3464 825 ⁸

2451 891 2502 945 8.
2530 891 2640 944 Kal
2668 890 2830 942 σώσει
2851 891 2976 953 τοὺς
3012 892 3162 952 υἱοὺς
3192 891 3300 943 τῶν
3331 908 3578 963 πενητων
3600 909 3614 922 ·

2451 982 2502 1036 9.
2531 983 2641 1035 Kal
2662 982 2987 1036 ταπεινώσει
3023 983 3385 1054 συκοφάντην.

2456 1073 2541 1126 10.
2575 1075 2685 1129 Kal
2715 1079 3134 1146 σνμπαραμενεῖ
3164 1076 3241 1146 τῷ
3269 1076 3422 1147 ἡλίῳ,

2453 1163 2538 1217 11.
2566 1165 2675 1218 Kal
2697 1165 2802 1235 πρὸ
2830 1167 2925 1229 τῆς
2951 1152 3174 1230 σελήνης
3195 1169 3387 1235 γενεᾶς
3420 1169 3514 1221 καὶ
3535 1169 3612 1239 (α)
3645 1171 3876 1238 γενεῶν.

780 538 831 592 4.
863 537 928 592 Et
955 556 1214 610 pauperes
1246 551 1368 596 tuos
1393 539 1446 593 in
1467 535 1698 607 judicio.

773 628 824 683 5.
859 627 1165 700 Suscipiant
1197 643 1408 686 montes
1445 641 1628 698 pacem
1653 623 1850 695 populo
1890 640 1900 674 :

779 720 828 774 6.
872 719 934 776 Et
964 725 1127 779 colles
1157 725 1446 794 justitiam.

779 810 829 863 7.
858 810 1130 869 Judicabit
1157 829 1420 884 pauperes
1455 809 1639 881 populi
1670 827 1683 863 ε

778 901 828 956 8.
863 901 925 956 Ει
956 909 1135 960 salvos
1161 904 1321 959 faciet
1357 904 1494 957 ﬁlios
1524 911 1824 970 pauperum
1859 915 1870 949 :

775 992 825 1046 9.
864 993 928 1047 Et
956 996 1258 1049 liumiliabit
1283 993 1754 1050 calumniatorem.

780 1082 867 1137 10.
897 1083 962 1138 Et
991 1086 1326 1155 permanebit
1352 1101 1476 1140 cum
1510 1083 1644 1144 sole,

783 1181 863 1230 11.
903 1178 966 1230 Et
999 1187 1121 1232 ante
1153 1179 1331 1233 lunam
1385 1179 1437 1231 in
1483 1173 1828 1245 generatione
1873 1178 1926 1224 et
1969 1167 2276 1239 generatio-

710 1284 824 1323 nes.

780 1361 865 1414 12.
905 1360 1200 1414 Descendet
1229 1361 1371 1414 sicut
1394 1360 1572 1429 pluvia
1607 1359 1658 1412 in
1689 1357 1860 1412 vellus
1889 1377 1900 1410 :

777 1450 862 1503 15.
899 1449 962 1503 Ει
996 1451 1136 1504 sicut
1166 1460 1313 1520 gutta
1346 1450 1558 1504 stillans
1587 1464 1751 1518 super
1770 1458 1987 1504 terram.

775 1539 863 1595 14.
890 1538 1109 1595 Orietur
1138 1543 1189 1594 in
1224 1543 1414 1596 diebus
1441 1541 1558 1610 ejus
1579 1539 1816 1609 justitia,

777 1630 863 1686 15.
893 1629 959 1684 Et
1003 1631 1329 1685 abundantia
1377 1632 1544 1701 pacis,
1589 1631 1763 1684 donec
1802 1628 2080 1685 auferatur
2129 1631 2272 1686 luna.

2454 1363 2537 1416 12.
2572 1364 2953 1436 Καταὸήσεται
2984 1365 3056 1428 ὡς
3086 1367 3238 1429 ὑετὸς
3271 1368 3362 1419 ἐπὶ
3398 1369 3562 1421 πόκον
3589 1387 3602 1400 ·

2454 1452 2538 1506 15.
2572 1455 2680 1506 Kal
2699 1455 2830 1506 ὡσεὶ
2867 1455 3077 1523 σταγὼν
3108 1459 3138 1527 ή
3168 1458 3435 1521 στάζουσα
3476 1461 3567 1511 ἐπὶ
3599 1461 3701 1530 τὴν
3732 1463 3864 1532 γῆν.

2455 1543 2541 1597 14.
2589 1546 2857 1599 Ἀνατελεῖ
2895 1549 2952 1600 ἐν
2981 1550 3097 1612 ταῖς
3126 1549 3361 1621 ἡμέραις
3401 1551 3563 1605 αὑτοῦ
3589 1552 3937 1628 δικαιοσύνη,

2453 1640 2539 1693 15.
2568 1641 2675 1693 Καὶ
2704 1641 2906 1711 πλῆθος
2946 1644 3184 1714 εἰρήνης,
3217 1645 3321 1710 ἕως
3381 1640 3440 1698 οὗ
3501 1649 3873 1720 ἀνταναιρεΘῇ
3930 1655 3960 1720 ἡ

2386 1732 2608 1804 σελήνη.

2312 1884 2354 1939 Β
2454 1816 2541 1876 16.
2575 1824 2685 1876 Kal
2714 1824 3137 1896 κατακυριεύσει
3165 1825 3272 1879 ἀπὸ
3312 1827 3587 1901 Θαλάσσης
3623 1833 3732 1895 ἕως
3764 1832 3964 1886 Θαλάσ-

2462 1951 2509 1979 ⁸54

780 1993 864 2048 17.
893 1994 956 2048 Et
978 2010 1006 2048 a
1043 1994 1356 2050 ﬂuminibus
1393 2012 1565 2068 usque
1599 1998 1665 2052 ad
1701 1997 1966 2053 terminos
1994 1998 2145 2052 orbis
2169 2005 2276 2052 ter-

2462 1934 2509 1979 ς.

2391 1934 2541 2062 cm17.
2573 2009 2682 2062 Kal
2718 2009 2825 2062 ἀπὸ
2851 2008 3109 2081 ποταμῶν
3138 2011 3243 2075 ’ἐως
3281 2013 3533 2085 περάτων
3569 2016 3674 2085 τῆς
3707 2017 3961 2088 οἰκουμέ-

707 2101 915 2141 rarum.
2381 2117 2500 2172 νης.

779 1811 862 1865 16.
888 1811 952 1866 Et
974 1812 1342 1868 dominabitur
1370 1830 1400 1868 a
1435 1815 1572 1869 mari
1595 1829 1768 1886 usque
1793 1815 1860 1871 ad
1895 1832 2065 1881 mare,

781 2176 865 2232 18.
899 2176 1090 2232 Coram
1118 2178 1208 2232 illo
1235 2178 1518 2248 procident
1540 2178 1827 2250 [Ethiopes
1864 2198 1878 2234 :

781 2267 864 2320 19.
896 2266 961 2321 Et
995 2269 1200 2322 inimici
1230 2270 1349 2338 ejus
1384 2278 1585 2324 terram
1615 2271 1843 2340 lingent.

774 2359 863 2414 20.
903 2359 1072 2434 Reges
1107 2361 1352 2425 Tharsis,
1402 2369 1455 2417 et
1496 2364 1687 2418 insula:
1727 2379 1950 2419 munera
2000 2363 2228 2421 oll‘erent
2265 2383 2276 2418 :

776 2449 865 2505 21.
903 2450 1072 2522 Reges
1098 2453 1334 2509 Arabum
1363 2461 1416 2509 et
1441 2453 1582 2509 Saba
1611 2455 1751 2510 dona
1786 2457 2076 2510 adducent.

781 2584 854 2657 (α)
888 2587 994 2640 Καί
1028 2590 1197 2644 deest.

2452 2189 2539 2245 18.
2581 2189 2839 2244 Ἐνώπιον
2871 2192 3034 2244 αὐτου
3068 2194 3466 2264 προπεσοῦνται
3504 2198 3790 2262 Αἰθίοπες*

2454 2280 2540 2335 19.
2568 2283 2674 2336 Καὶ
2706 2285 2754 2335 οἱ
2783 2284 2967 2354 ἐχθροὶ
2996 2285 3162 2338 αὐτοῦ
3204 2286 3332 2356 χοῦν
3364 2287 3617 2353 λείξουσι.

2451 2373 2536 2426 20.
2578 2375 2822 2439 Βασιλεῖς
2854 2376 3085 2448 Θαρσεῖς
3117 2381 3211 2432 καὶ
3235 2380 3386 2450 νῆσοι
3409 2382 3556 2454 δῶρα
3587 2387 3959 2456 προσοῖσουσιο

2455 2463 2542 2520 21.
2574 2466 2817 2530 Βασιλεῖς
2858 2469 3101 2540 Ἀράϐων
3126 2474 3217 2524 καὶ
3251 2473 3398 2528 Σαδᾶ
3427 2475 3575 2547 δῶρα
3602 2479 3956 2550 προσάξουσι.

1817 2686 2183 2741 ATllANASll
2226 2687 2820 2746 INTERPRETATIO.

777 2845 831 2898 4.
861 2842 924 2897 Et
947 2858 1208 2913 pauperes
1241 2843 1434 2912 spiritu
1466 2843 1519 2896 in
1543 2842 1787 2897 veritate.

778 2935 830 2988 5.
869 2931 1146 3001 Propheta:
1176 2932 1546 3002 prredicabunt
1577 2931 1786 2986 Domini
1813 2933 2127 2987 adventum.

777 3024 830 3079 6.
861 3023 929 3079 Et
958 3024 1184 3094 apostoli
1209 3025 1383 3094 ipsum
1417 3024 1705 3079 Dominum
1729 3027 2154 3080 annuntiabunt.

778 3118 828 3172 7.
865 3117 1108 3170 Adducet
1136 3131 1402 3186 pauperes
1429 3116 1640 3186 spiritu.

778 3207 830 3260 8.
862 3205 928 3260 Et
952 3207 1132 3260 salvos
1159 3206 1316 3260 faciet
1351 3207 1725 3276 apostolorum
1754 3209 2075 3279 discipulos.

776 3296 828 3350 9.
863 3293 1168 3349 Diabolum.

781 3387 865 3442 10.
895 3387 961 3442 Et
991 3388 1326 3458 permanebit
1354 3403 1478 3441 cum
1515 3394 1742 3443 sanctis.

773 3483 858 3536 11.
892 3480 957 3534 Et
985 3491 1111 3534 ante
1146 3481 1406 3533 tnundum
1445 3481 1606 3550 elegit
1635 3497 1752 3536 eos.

781 3576 862 3627 12.
899 3574 1197 3628 Descendet
1230 3589 1258 3628 e
1296 3575 1450 3629 uelis
1491 3575 1796 3630 emundans
1830 3591 2047 3630 omnem
2078 3576 2277 3646 iniqui-

704 3675 893 3720 tatem.

780 3759 862 3812 15.
894 3757 1042 3812 Dona
1083 3775 1179 3814 sua
1211 3760 1264 3813 in
1302 3760 1580 3830 apostolis.

779 3850 862 3904 14.
896 3847 1104 3904 Sancti.

778 3941 860 3999 15.
896 3940 1005 3995 Pax
1039 3940 1206 3993 mnlta
1232 3940 1332 3994 erit
1362 3941 1414 3993 in
1448 3938 1526 3994 eis
1549 3953 1720 4010 usque
1753 3939 1818 3994 ad
1847 3941 2250 3995 consummatio

704 4053 827 4094 nem
865 4035 1068 4092 saeculi.

778 4130 863 4184 16.
898 4131 941 4182 Α
964 4126 1229 4200 principio
1263 4124 1447 4180 mundi
1486 4139 1656 4194 usque
1677 4123 1742 4178 ad
1774 4123 1955 4178 linem.

778 4224 862 4279 17.
897 4221 960 4277 Et
1003 4237 1034 4276 a
1078 4220 1329 4291 gentibus
1356 4231 1530 4287 usque
1583 4216 1648 4270 ad
1688 4216 1928 4286 reliquos
1952 4230 2142 4271 omnes
2173 4231 2272 4286 po-

699 4316 881 4388 pulos.

778 4408 861 4464 18.
894 4405 1177 4462 Procident
1201 4418 1381 4459 coram
1408 4417 1472 4457 eo
1499 4401 1763 4472 denigrati
1791 4418 1818 4454 a
1859 4404 2114 4471 peccatis.

777 4585 863 4640 19.
899 4584 1201 4640 Daemones.

770 4673 863 4727 διο.
899 4673 1160 4743 Apostoli,
1195 4683 1248 4726 et
1278 4671 1511 4741 populus
1551 4669 1792 4724 ﬁdelium
1845 4670 2116 4726 adducent
2155 4676 2277 4728 ani-

704 4781 823 4821 mas
874 4780 1021 4819 suas.
1061 4761 1316 4818 Dicemus
1361 4775 1540 4816 autem
1581 4772 1634 4815 et
1663 4762 1825 4815 aliam
1873 4765 2276 4832 interpretatio-

2449 2846 2501 2900 4.
2536 2847 2645 2900 Kal
2673 2847 2801 2912 τοὺς
2841 2851 3087 2920 πτωχοὺς
3117 2851 3192 2922 τῷ
3223 2853 3490 2924 πνεύματι
3527 2856 3585 2909 ἐν
3606 2857 3858 2931 ἀληθείᾳ.

2449 2940 2500 2994 5.
2528 2942 2589 2992 Οἱ
2615 2941 2886 3010 προφῆται
2918 2942 3211 3011 κηρύξουσι
3249 2945 3341 2997 τὸν
3369 2947 3569 3017 Κύριον
3595 2949 3914 3021 ἐρχόμενον.

2449 3030 2500 3084 6.
2531 3031 2639 3084 Kal
2663 3033 2709 3082 οἱ
2734 3032 3020 3086 ἀπόστολοι
3053 3034 3144 3087 τὸν
3170 3037 3332 3090 αὐτὸν
3362 3041 3714 3114 κηρύξουσιν.

2452 3123 2506 3177 7.
2542 3122 2762 3193 Ἀγάγει
2791 3126 2916 3187 τοὺς
2939 3128 3190 3196 πτωχοὺς
3227 3129 3304 3199 τῷ
3333 3131 3624 3201 πνεύματι.

2448 3215 2501 3270 8.
2533 3216 2640 3268 Kal
2668 3216 2831 3269 σώσει
2865 3219 2990 3282 τοὺς
3017 3219 3266 3291 μαθητὰς
3289 3223 3394 3275 τῶν
3423 3226 3756 3284 ἀποστόλων.

2449 3309 2501 3364 9.
2536 3309 2636 3361 Τὸν
2668 3309 2934 3364 διάϐολον.

2453 3400 2535 3454 10.
2571 3399 2643 3470 (a)
2669 3402 2775 3453 Kal
2799 3407 3220 3471 συμπαραμενεῖ
3247 3409 3357 3467 τοῖς
3391 3407 3590 3474 ἁγίοις.

2452 3493 2536 3545 11.
2572 3494 2680 3545 Kal
2723 3493 2825 3564 πρὸ
2858 3492 2950 3546 τοῦ
2981 3496 3184 3565 κόσμου
3220 3496 3500 3564 ἐξελέξατο
3528 3500 3748 3565 αὐτούς.

2451 3583 2535 3636 12.
2570 3585 2948 3656 Καταὸήσεται
2984 3587 3088 3638 ἀπὸ
3117 3588 3224 3641 τῶν
3252 3590 3497 3660 οὐρανῶν
3539 3593 3822 3666 καθαίρων
3855 3598 3959 3650 πᾶ-

2381 3693 2479 3730 σαν
2506 3677 2753 3747 ἀνομίαν.

2451 3769 2536 3822 15.
2574 3769 2654 3822 Τὰ
2681 3769 2992 3840 χαρίσματα
3014 3773 3179 3825 αὐτοῦ
3211 3775 3269 3828 ἐν
3309 3779 3418 3840 τοῖς
3444 3779 3784 3844 ἀποστόλοις.

2451 3859 2536 3914 14.
2577 3862 2638 3912 Οἱ
2672 3860 2837 3927 ἅγιοι.

2451 3951 2535 4005 15.
2575 3952 2636 4003 Ἠ
2667 3953 2738 4022 (1)
2765 3953 2953 4022 εἰρήνη
2985 3955 3152 4026 πολλὴ
3182 3955 3332 4012 ἔσται
3380 3960 3439 4011 ἐν
3472 3962 3656 4026 αὐτοῖς
3705 3965 3812 4028 ἕως
3862 3966 3957 4036 τῆς

2383 4044 2687 4106 συντελείας
2721 4045 2814 4096 τοῦ
2850 4045 3063 4111 αἰῶνος.

2450 4137 2533 4191 16.
2584 4137 2714 4190 Ἀπὸ
2740 4138 2912 4209 ἀρχῆς
2935 4140 3028 4192 τοῦ
3057 4140 3260 4211 κόσμου
3291 4143 3394 4206 ἓως
3434 4145 3723 4220 (ὲσχάτης]
3759 4149 3951 4220 ἀρχῆς.

2448 4229 2532 4283 17.
2564 4229 2672 4283 Kal
2697 4229 2772 4298 (2)
2797 4230 2904 4282 ἀπὸ
2923 4229 3032 4282 τῶν
3051 4230 3217 4284 ἐθνῶν
3236 4233 3339 4297 ἕως
3360 4234 3469 4286 τῶν
3485 4236 3689 4290 λοιπῶν
3718 4239 3951 4293 πάντων.

2310 4419 2354 4472 D
2452 4399 2536 4454 18.
2569 4401 2978 4472 Προσπέσουσιν
3021 4403 3096 4476 (5)
3129 4407 3278 4477 αὐτῷ
3308 4409 3358 4462 οἱ
3403 4410 3809 4481 μελανωθὲντες
3853 4415 3953 4468 ἀπὸ

2381 4491 2490 4546 τῶν
2512 4493 2811 4566 ἁμαρτιῶν.

2453 4585 2535 4641 19.
2567 4590 2628 4640 Ol
2657 4589 2927 4660 δαίμονες.

2450 4676 2538 4732 20.
2572 4681 2633 4732 Οἱ
2664 4681 2948 4738 ἀπόστολοι
2978 4689 3071 4741 καὶ
3099 4689 3126 4742 ὀ
3156 4686 3285 4750 λαὸς
3314 4685 3424 4740 τῶν
3453 4688 3666 4742 πιστῶν
3696 4691 3797 4754 τὰς
3833 4693 3952 4745 ἑαυ-

2376 4769 2484 4821 τῶν
2513 4769 2690 4841 ψυχάς
2714 4779 3157 4846 προσαγάγωσιν.
3186 4779 3440 4849 Λέξωμεν
3468 4779 3523 4833 δὲ
3546 4781 3641 4835 καὶ
3663 4781 3838 4847 άλλως
3859 4785 3952 4854 τὴν

704 4872 850 4912 nem.
898 4855 1113 4910 Tharsis
1157 4857 1541 4924 interpretatur
1576 4853 1828 4922 inspectio
1868 4855 2074 4923 gaudii,
2124 4857 2268 4926 quod

2378 4861 2671 4932 ἑρμηνείαν
2698 4878 2710 4891 ’
2747 4867 2994 4935 Θαρσεῖς
3033 4869 3393 4942 ἑρμηνεύεται
3442 4873 3802 4940 κατασκοπὴ
3852 4853 3951 4944 χά-

703 4951 957 5004 eonvenit
982 4947 1260 5017 apostolis,
1281 4962 1345 5000 eo
1366 4946 1509 5017 quod
1539 4947 1824 5000 visitarent
1847 4945 1964 5015 ejus
1990 4949 2265 5016 populum.

2369 4948 2504 5017 ρᾶς,
2534 4952 2670 5024 ὅπερ
2688 4949 2831 5024 ’ἦσαν
2863 4958 2910 5009 οἱ
2939 4959 3244 5022 ἀπόστολοι,
3294 4959 3383 5012 διὰ
3416 4962 3478 5014 τὸ
3524 4963 3947 5019 ὲπισκέπτεσθα;

707 5037 905 5092 Insula:
953 5052 1082 5091 vero
1130 5035 1378 5090 Ecclesia:
1425 5036 1581 5091 dicta:
1622 5044 1770 5100 sunt,
1807 5036 1933 5106 quia
1981 5053 2172 5093 omnes
2216 5040 2271 5092 in

2377 5042 2542 5095 αὑτοῦ
2573 5043 2649 5113 (4)
2680 5045 2770 5099 τὸν
2798 5047 2946 5103 λαόν.
2985 5050 3179 5119 Νῆσοι
3205 5051 3261 5104 δὲ
3289 5054 3713 5121 αιἘκκλησίαι
3747 5059 3947 5129 εἰρηνε-

704 5131 835 5201 ipsis
860 5129 1163 5184 salvantur.

771 5221 1022 5276 21.1ιο[ιι
1073 5222 1323 5277 similiter
1371 5222 1624 5287 apostoli,
1689 5231 1743 5276 et
1797 5235 1854 5275 se
1896 5233 2274 5278 convertentcs

2376 5152 2484 5197 ται,
2517 5135 2602 5189 διὰ
2633 5137 2693 5188 τὸ
2721 5139 2924 5205 πάντας
2954 5145 3010 5196 ὲν
3045 5144 3236 5207 αὑταῖς
3265 5143 3551 5207 σώζεσθαι.

2448 5225 2536 5278 21.
2587 5228 2814 5298 Ὁμοίως
2875 5233 3037 5286 πάλιν
3073 5235 3121 5287 οἱ
3169 5234 3453 5291 ἀπόστολοι
3487 5238 3580 5290 xal
3613 5239 3663 5290 οἱ
3703 5239 3942 5309 ἐπιστρέ-

699 5314 968 5369 adducent
1012 5328 1071 5368 se
1139 5311 1284 5381 ipsos
1345 5313 1396 5368 in
1453 5313 1657 5369 donum
1713 5311 1960 5367 Domino.
2014 5311 2272 5370 Dicamus

2378 5333 2566 5384 φοντες
2592 5322 3011 5391 προσαγάγωσιν
3040 5326 3266 5390 ἑαυτοὺς
3310 5327 3459 5400 δῶρα
3490 5328 3568 5399 τῷ
3610 5330 3818 5402 Κυρίῳ.
3859 5330 3940 5384 Εἶ-

1619 5471 1924 5535 Addenda
1969 5479 2030 5534 et
2079 5476 2455 5554 corrigenda
2489 5494 2564 5537 ex
2602 5495 2742 5542 con.
2777 5482 2970 5544 Vattc.

765 5597 844 5738 (1(
880 5597 986 5651 Kal
1024 5599 1196 5668 pro

787 5668 823 5722 2
869 5669 976 5722 Καὶ
1009 5669 1180 5721 deest.

787 5668 843 5722 2)
869 5669 976 5722 Καὶ
1009 5669 1180 5721 deest.

763 5811 840 5882 (α)
876 5809 937 5863 Ν.
976 5810 1056 5867 10.
1091 5809 1268 5866 Deest.

2555 5598 3146 5686 (ἶροτιεεσουνται,..ιιιεἼ
3177 5607 3275 5676 τῆς
3297 5605 3600 5686 άμαρτεας.

2446 5666 2520 5739 (4)
2545 5666 2773 5738 Αὖτούς,
2814 5681 2944 5738 etc.,
2967 5666 3242 5745 εῐρηνέαιξ
3258 5666 3362 5730 ειοξ
