  <div class='ocr_page' id='page_1' title='image "/cluster/home/n/w/nwhite01/storage/ocr_20150623/27/uva.x030474749/480.png"; bbox 0 0 4174 6496; ppageno 0'>
   <div class='ocr_carea' id='block_1_1' title="bbox 243 439 3442 510">
    <p class='ocr_par' dir='ltr' id='par_1_1' title="bbox 243 439 3442 510">
     <span class='ocr_line' id='line_1_1' title="bbox 243 439 3442 510; baseline -0.004 -4"><span class='ocrx_word' id='word_1_1' title='bbox 243 452 341 510; x_wconf 69' lang='grc'><strong>941</strong></span> <span class='ocrx_word' id='word_1_2' title='bbox 1155 446 1241 501; x_wconf 82' lang='lat' dir='ltr'><strong>DE</strong></span> <span class='ocrx_word' id='word_1_3' title='bbox 1278 444 1549 501; x_wconf 83' lang='lat' dir='ltr'><strong>TITULIS</strong></span> <span class='ocrx_word' id='word_1_4' title='bbox 1587 439 2030 498; x_wconf 76' lang='lat' dir='ltr'><strong>PSALMORUM.</strong></span> <span class='ocrx_word' id='word_1_5' title='bbox 2074 442 2352 497; x_wconf 83' lang='lat' dir='ltr'><strong>—PSAL.</strong></span> <span class='ocrx_word' id='word_1_6' title='bbox 2396 442 2578 497; x_wconf 82' lang='lat' dir='ltr'><strong>LXXI.</strong></span> <span class='ocrx_word' id='word_1_7' title='bbox 3337 441 3442 498; x_wconf 80' lang='lat'><strong>942</strong></span> 
     </span>
    </p>
   </div>
   <div class='ocr_carea' id='block_1_2' title="bbox 314 565 1962 643">
    <p class='ocr_par' dir='ltr' id='par_1_2' title="bbox 314 565 1874 643">
     <span class='ocr_line' id='line_1_2' title="bbox 314 565 1874 643; baseline -0.006 -16"><span class='ocrx_word' id='word_1_8' title='bbox 314 573 406 627; x_wconf 82' lang='lat'><strong>22.</strong></span> <span class='ocrx_word' id='word_1_9' title='bbox 439 572 548 626; x_wconf 78' lang='lat' dir='ltr'><strong>Kal</strong></span> <span class='ocrx_word' id='word_1_10' title='bbox 577 571 1035 643; x_wconf 72' lang='grc' dir='ltr'><strong>προσκυνήσουσιν</strong></span> <span class='ocrx_word' id='word_1_11' title='bbox 1063 567 1207 638; x_wconf 83' lang='grc' dir='ltr'>αὐτῷ</span> <span class='ocrx_word' id='word_1_12' title='bbox 1244 569 1440 632; x_wconf 82' lang='grc' dir='ltr'>πάντες</span> <span class='ocrx_word' id='word_1_13' title='bbox 1465 568 1514 621; x_wconf 80' lang='grc' dir='ltr'>οἱ</span> <span class='ocrx_word' id='word_1_14' title='bbox 1556 565 1794 636; x_wconf 81' lang='grc' dir='ltr'><strong>βασιλεῖς</strong></span> <span class='ocrx_word' id='word_1_15' title='bbox 1828 570 1874 626; x_wconf 77' lang='grc' dir='ltr'><strong>Α</strong></span> 
     </span>
    </p>
   </div>
   <div class='ocr_carea' id='block_1_3' title="bbox 1585 565 3233 643">
    <p class='ocr_par' dir='ltr' id='par_1_3' title="bbox 1585 565 3233 630">
     <span class='ocr_line' id='line_1_3' title="bbox 1585 565 3233 630; baseline -0.001 -12"><span class='ocrx_word' id='word_1_16' title='bbox 1585 565 1794 628; x_wconf 67' lang='grc' dir='ltr'>ιασιλεῖς</span> <span class='ocrx_word' id='word_1_17' title='bbox 1828 570 1874 626; x_wconf 77' lang='grc' dir='ltr'><strong>Α</strong></span> <span class='ocrx_word' id='word_1_18' title='bbox 1967 565 2054 620; x_wconf 84' lang='grc'><strong>22.</strong></span> <span class='ocrx_word' id='word_1_19' title='bbox 2091 565 2152 620; x_wconf 86' lang='grc' dir='ltr'>Ει</span> <span class='ocrx_word' id='word_1_20' title='bbox 2185 565 2482 620; x_wconf 89' lang='lat' dir='ltr'><strong>adorabunt</strong></span> <span class='ocrx_word' id='word_1_21' title='bbox 2505 580 2626 621; x_wconf 89' lang='lat' dir='ltr'><strong>eum</strong></span> <span class='ocrx_word' id='word_1_22' title='bbox 2652 579 2838 620; x_wconf 86' lang='lat' dir='ltr'><strong>omnes</strong></span> <span class='ocrx_word' id='word_1_23' title='bbox 2864 572 3233 630; x_wconf 68' lang='lat' dir='ltr'><strong>regesterrze:</strong></span> 
     </span>
    </p>
   </div>
   <div class='ocr_carea' id='block_1_4' title="bbox 246 678 502 733">
    <p class='ocr_par' dir='ltr' id='par_1_4' title="bbox 246 678 502 733">
     <span class='ocr_line' id='line_1_4' title="bbox 246 678 502 733; baseline -0.027 0"><span class='ocrx_word' id='word_1_24' title='bbox 246 681 344 733; x_wconf 74' lang='grc' dir='ltr'>της</span> <span class='ocrx_word' id='word_1_25' title='bbox 369 678 502 731; x_wconf 77' lang='grc' dir='ltr'><strong>γης’</strong></span> 
     </span>
    </p>
   </div>
   <div class='ocr_carea' id='block_1_5' title="bbox 317 739 1965 822">
    <p class='ocr_par' dir='ltr' id='par_1_5' title="bbox 317 739 1965 822">
     <span class='ocr_line' id='line_1_5' title="bbox 317 739 1965 822; baseline 0.001 -13"><span class='ocrx_word' id='word_1_26' title='bbox 317 756 404 809; x_wconf 81' lang='grc'><strong>25.</strong></span> <span class='ocrx_word' id='word_1_27' title='bbox 431 754 611 807; x_wconf 84' lang='grc' dir='ltr'><strong>Πάντα</strong></span> <span class='ocrx_word' id='word_1_28' title='bbox 643 751 710 804; x_wconf 85' lang='grc' dir='ltr'>τὰ</span> <span class='ocrx_word' id='word_1_29' title='bbox 738 749 861 822; x_wconf 71' lang='grc' dir='ltr'>ἔθνη</span> <span class='ocrx_word' id='word_1_30' title='bbox 886 749 1254 804; x_wconf 81' lang='grc' dir='ltr'>δουλεύσουσιν</span> <span class='ocrx_word' id='word_1_31' title='bbox 1281 739 1446 819; x_wconf 83' lang='grc' dir='ltr'>αὐτῷ.</span> <span class='ocrx_word' id='word_1_32' title='bbox 1963 752 1965 767; x_wconf 79' lang='grc'>¹</span> 
     </span>
    </p>
   </div>
   <div class='ocr_carea' id='block_1_6' title="bbox 1198 739 2846 822">
    <p class='ocr_par' dir='ltr' id='par_1_6' title="bbox 1198 739 2846 820">
     <span class='ocr_line' id='line_1_6' title="bbox 1198 739 2846 820; baseline -0.003 -21"><span class='ocrx_word' id='word_1_33' title='bbox 1198 767 1254 802; x_wconf 71' lang='grc' dir='ltr'>τιν</span> <span class='ocrx_word' id='word_1_34' title='bbox 1281 739 1446 819; x_wconf 79' lang='grc' dir='ltr'>αὐτῷ.</span> <span class='ocrx_word' id='word_1_35' title='bbox 1963 743 2054 797; x_wconf 83' lang='grc'><strong>25.</strong></span> <span class='ocrx_word' id='word_1_36' title='bbox 2085 740 2282 797; x_wconf 85' lang='lat' dir='ltr'><strong>Omnes</strong></span> <span class='ocrx_word' id='word_1_37' title='bbox 2309 751 2494 820; x_wconf 82' lang='lat' dir='ltr'><strong>gentes</strong></span> <span class='ocrx_word' id='word_1_38' title='bbox 2521 741 2756 796; x_wconf 87' lang='lat' dir='ltr'><strong>servient</strong></span> <span class='ocrx_word' id='word_1_39' title='bbox 2779 743 2846 794; x_wconf 88' lang='lat' dir='ltr'><strong>ei.</strong></span> 
     </span>
    </p>
   </div>
   <div class='ocr_carea' id='block_1_7' title="bbox 316 815 1964 915">
    <p class='ocr_par' dir='ltr' id='par_1_7' title="bbox 316 841 1491 915">
     <span class='ocr_line' id='line_1_7' title="bbox 316 841 1491 915; baseline -0.004 -17"><span class='ocrx_word' id='word_1_40' title='bbox 316 844 405 898; x_wconf 82' lang='lat'><strong>24&#39;.</strong></span> <span class='ocrx_word' id='word_1_41' title='bbox 437 846 558 897; x_wconf 82' lang='grc' dir='ltr'><strong>Ὅτι</strong></span> <span class='ocrx_word' id='word_1_42' title='bbox 592 843 854 915; x_wconf 72' lang='grc' dir='ltr'>ἐρρύσατο</span> <span class='ocrx_word' id='word_1_43' title='bbox 875 843 1085 912; x_wconf 83' lang='grc' dir='ltr'>πτωχὸν</span> <span class='ocrx_word' id='word_1_44' title='bbox 1112 844 1174 895; x_wconf 82' lang='grc' dir='ltr'>ἐκ</span> <span class='ocrx_word' id='word_1_45' title='bbox 1211 841 1491 903; x_wconf 84' lang='grc' dir='ltr'>δυνάστου,</span> 
     </span>
    </p>
   </div>
   <div class='ocr_carea' id='block_1_8' title="bbox 1481 815 3129 915">
    <p class='ocr_par' dir='ltr' id='par_1_8' title="bbox 1481 815 3129 903">
     <span class='ocr_line' id='line_1_8' title="bbox 1481 815 3129 903; baseline -0.004 -15"><span class='ocrx_word' id='word_1_46' title='bbox 1481 879 1491 903; x_wconf 87' lang='grc'><strong>,</strong></span> <span class='ocrx_word' id='word_1_47' title='bbox 1967 832 2057 886; x_wconf 79' lang='lat'><strong>24.</strong></span> <span class='ocrx_word' id='word_1_48' title='bbox 2086 831 2222 899; x_wconf 86' lang='lat' dir='ltr'><strong>Quia</strong></span> <span class='ocrx_word' id='word_1_49' title='bbox 2243 815 2489 886; x_wconf 76' lang='lat' dir='ltr'><strong>liberabit</strong></span> <span class='ocrx_word' id='word_1_50' title='bbox 2513 846 2798 900; x_wconf 84' lang='lat' dir='ltr'><strong>pauperem</strong></span> <span class='ocrx_word' id='word_1_51' title='bbox 2827 846 2857 883; x_wconf 92' lang='lat' dir='ltr'><strong>a</strong></span> <span class='ocrx_word' id='word_1_52' title='bbox 2890 835 3129 898; x_wconf 88' lang='lat' dir='ltr'><strong>potente,</strong></span> 
     </span>
    </p>
   </div>
   <div class='ocr_carea' id='block_1_9' title="bbox 317 918 1965 1006">
    <p class='ocr_par' dir='ltr' id='par_1_9' title="bbox 317 928 1965 1006">
     <span class='ocr_line' id='line_1_9' title="bbox 317 928 1965 1006; baseline -0.002 -18"><span class='ocrx_word' id='word_1_53' title='bbox 317 935 408 988; x_wconf 82' lang='grc'><strong>25.</strong></span> <span class='ocrx_word' id='word_1_54' title='bbox 439 935 545 987; x_wconf 81' lang='grc' dir='ltr'><strong>Καὶ</strong></span> <span class='ocrx_word' id='word_1_55' title='bbox 571 935 793 1006; x_wconf 84' lang='grc' dir='ltr'>πένητα,</span> <span class='ocrx_word' id='word_1_56' title='bbox 821 928 864 1001; x_wconf 81' lang='grc' dir='ltr'>ᾧ</span> <span class='ocrx_word' id='word_1_57' title='bbox 892 936 989 1004; x_wconf 74' lang='grc' dir='ltr'><strong>οὐχ</strong></span> <span class='ocrx_word' id='word_1_58' title='bbox 1013 935 1221 1005; x_wconf 78' lang='grc' dir='ltr'>ὑπῆρχε</span> <span class='ocrx_word' id='word_1_59' title='bbox 1249 933 1465 1004; x_wconf 80' lang='grc' dir='ltr'>βοηθός.</span> <span class='ocrx_word' id='word_1_60' title='bbox 1964 935 1965 942; x_wconf 67' lang='grc'><em>“</em></span> 
     </span>
    </p>
   </div>
   <div class='ocr_carea' id='block_1_10' title="bbox 1490 918 3138 1006">
    <p class='ocr_par' dir='ltr' id='par_1_10' title="bbox 1964 918 3138 991">
     <span class='ocr_line' id='line_1_10' title="bbox 1964 918 3138 991; baseline -0.006 -15"><span class='ocrx_word' id='word_1_61' title='bbox 1964 923 2054 977; x_wconf 83' lang='grc'><strong>25.</strong></span> <span class='ocrx_word' id='word_1_62' title='bbox 2085 922 2151 976; x_wconf 84' lang='grc' dir='ltr'>Ει</span> <span class='ocrx_word' id='word_1_63' title='bbox 2177 936 2482 991; x_wconf 86' lang='lat' dir='ltr'><strong>pauperem,</strong></span> <span class='ocrx_word' id='word_1_64' title='bbox 2509 922 2595 975; x_wconf 91' lang='lat' dir='ltr'><strong>cui</strong></span> <span class='ocrx_word' id='word_1_65' title='bbox 2629 935 2734 975; x_wconf 87' lang='lat' dir='ltr'><strong>non</strong></span> <span class='ocrx_word' id='word_1_66' title='bbox 2771 928 2887 974; x_wconf 89' lang='lat' dir='ltr'><strong>erat</strong></span> <span class='ocrx_word' id='word_1_67' title='bbox 2908 918 3138 987; x_wconf 92' lang='lat' dir='ltr'><strong>adjutor.</strong></span> 
     </span>
    </p>
   </div>
   <div class='ocr_carea' id='block_1_11' title="bbox 315 1009 1963 1096">
    <p class='ocr_par' dir='ltr' id='par_1_11' title="bbox 315 1023 1963 1096">
     <span class='ocr_line' id='line_1_11' title="bbox 315 1023 1963 1096; baseline 0.005 -17"><span class='ocrx_word' id='word_1_68' title='bbox 315 1026 406 1080; x_wconf 87' lang='lat'><strong>26.</strong></span> <span class='ocrx_word' id='word_1_69' title='bbox 434 1028 676 1078; x_wconf 79' lang='grc' dir='ltr'>Φείσεται</span> <span class='ocrx_word' id='word_1_70' title='bbox 705 1025 916 1096; x_wconf 87' lang='grc' dir='ltr'><strong>πτωχοῦ</strong></span> <span class='ocrx_word' id='word_1_71' title='bbox 942 1026 1035 1079; x_wconf 75' lang='grc' dir='ltr'>καὶ</span> <span class='ocrx_word' id='word_1_72' title='bbox 1068 1025 1329 1094; x_wconf 77' lang='grc' dir='ltr'>πένητος·</span> <span class='ocrx_word' id='word_1_73' title='bbox 1432 1089 1438 1092; x_wconf 26' lang='grc' dir='ltr'><strong><em>η</em></strong></span> <span class='ocrx_word' id='word_1_74' title='bbox 1962 1023 1963 1032; x_wconf 33' lang='grc'><em>“</em></span> 
     </span>
    </p>
   </div>
   <div class='ocr_carea' id='block_1_12' title="bbox 1132 1009 2780 1096">
    <p class='ocr_par' dir='ltr' id='par_1_12' title="bbox 1132 1009 2780 1094">
     <span class='ocr_line' id='line_1_12' title="bbox 1132 1009 2780 1094; baseline -0.007 -20"><span class='ocrx_word' id='word_1_75' title='bbox 1132 1041 1295 1094; x_wconf 77' lang='grc' dir='ltr'>,νητος</span> <span class='ocrx_word' id='word_1_76' title='bbox 1311 1037 1329 1055; x_wconf 78' lang='grc' dir='ltr'><strong>ο</strong></span> <span class='ocrx_word' id='word_1_77' title='bbox 1432 1089 1438 1092; x_wconf 24' lang='grc' dir='ltr'>η</span> <span class='ocrx_word' id='word_1_78' title='bbox 1962 1010 2050 1066; x_wconf 86' lang='grc'><strong>26.</strong></span> <span class='ocrx_word' id='word_1_79' title='bbox 2076 1009 2263 1064; x_wconf 86' lang='lat' dir='ltr'><strong>Parcet</strong></span> <span class='ocrx_word' id='word_1_80' title='bbox 2283 1011 2501 1080; x_wconf 78' lang='lat' dir='ltr'><strong>pauperi</strong></span> <span class='ocrx_word' id='word_1_81' title='bbox 2521 1018 2574 1063; x_wconf 91' lang='lat' dir='ltr'><strong>et</strong></span> <span class='ocrx_word' id='word_1_82' title='bbox 2594 1009 2737 1078; x_wconf 85' lang='lat' dir='ltr'><strong>inopi</strong></span> <span class='ocrx_word' id='word_1_83' title='bbox 2765 1027 2780 1063; x_wconf 88' lang='lat'><strong>:</strong></span> 
     </span>
    </p>
   </div>
   <div class='ocr_carea' id='block_1_13' title="bbox 317 1097 1965 1188">
    <p class='ocr_par' dir='ltr' id='par_1_13' title="bbox 317 1116 1219 1188">
     <span class='ocr_line' id='line_1_13' title="bbox 317 1116 1219 1188; baseline 0.001 -18"><span class='ocrx_word' id='word_1_84' title='bbox 317 1117 409 1170; x_wconf 97' lang='lat'><strong>27.</strong></span> <span class='ocrx_word' id='word_1_85' title='bbox 438 1118 544 1170; x_wconf 80' lang='lat' dir='ltr'><strong>Kal</strong></span> <span class='ocrx_word' id='word_1_86' title='bbox 574 1117 749 1187; x_wconf 76' lang='grc' dir='ltr'>ψυχὰς</span> <span class='ocrx_word' id='word_1_87' title='bbox 773 1120 1014 1188; x_wconf 80' lang='grc' dir='ltr'><strong>πενήτων</strong></span> <span class='ocrx_word' id='word_1_88' title='bbox 1039 1116 1219 1172; x_wconf 84' lang='grc' dir='ltr'>σώσει.</span> 
     </span>
    </p>
   </div>
   <div class='ocr_carea' id='block_1_14' title="bbox 1452 1097 3100 1188">
    <p class='ocr_par' dir='ltr' id='par_1_14' title="bbox 1967 1097 3100 1172">
     <span class='ocr_line' id='line_1_14' title="bbox 1967 1097 3100 1172; baseline -0.003 -16"><span class='ocrx_word' id='word_1_89' title='bbox 1967 1102 2055 1156; x_wconf 81' lang='lat'><strong>27.</strong></span> <span class='ocrx_word' id='word_1_90' title='bbox 2086 1101 2151 1155; x_wconf 86' lang='lat' dir='ltr'><strong>Et</strong></span> <span class='ocrx_word' id='word_1_91' title='bbox 2177 1102 2385 1157; x_wconf 88' lang='lat' dir='ltr'><strong>animas</strong></span> <span class='ocrx_word' id='word_1_92' title='bbox 2409 1116 2702 1172; x_wconf 79' lang='lat' dir='ltr'><strong>pauperum</strong></span> <span class='ocrx_word' id='word_1_93' title='bbox 2731 1101 2903 1156; x_wconf 83' lang='lat' dir='ltr'><strong>salvas</strong></span> <span class='ocrx_word' id='word_1_94' title='bbox 2925 1097 3100 1153; x_wconf 82' lang='lat' dir='ltr'><strong>laciet.</strong></span> 
     </span>
    </p>
   </div>
   <div class='ocr_carea' id='block_1_15' title="bbox 316 1185 1964 1278">
    <p class='ocr_par' dir='ltr' id='par_1_15' title="bbox 316 1185 1964 1278">
     <span class='ocr_line' id='line_1_15' title="bbox 316 1185 1964 1278; baseline -0.002 -17"><span class='ocrx_word' id='word_1_95' title='bbox 316 1207 406 1261; x_wconf 89' lang='lat'><strong>28.</strong></span> <span class='ocrx_word' id='word_1_96' title='bbox 446 1208 539 1260; x_wconf 80' lang='grc' dir='ltr'>Ἐκ</span> <span class='ocrx_word' id='word_1_97' title='bbox 560 1185 739 1274; x_wconf 78' lang='grc' dir='ltr'>τόκου,</span> <span class='ocrx_word' id='word_1_98' title='bbox 756 1210 846 1262; x_wconf 68' lang='grc' dir='ltr'>καὶ</span> <span class='ocrx_word' id='word_1_99' title='bbox 867 1185 925 1272; x_wconf 70' lang='grc' dir='ltr'><strong>ἐξ</strong></span> <span class='ocrx_word' id='word_1_100' title='bbox 946 1207 1155 1270; x_wconf 75' lang='grc' dir='ltr'>ἀδικίας</span> <span class='ocrx_word' id='word_1_101' title='bbox 1191 1206 1524 1278; x_wconf 82' lang='grc' dir='ltr'>λυτρώσεται</span> <span class='ocrx_word' id='word_1_102' title='bbox 1568 1204 1668 1269; x_wconf 84' lang='grc' dir='ltr'>τὰς</span> <span class='ocrx_word' id='word_1_103' title='bbox 1693 1204 1799 1275; x_wconf 76' lang='grc' dir='ltr'>ψυ-</span> <span class='ocrx_word' id='word_1_104' title='bbox 1962 1202 1964 1215; x_wconf 75' lang='grc'><strong>¹</strong></span> 
     </span>
    </p>
   </div>
   <div class='ocr_carea' id='block_1_16' title="bbox 1789 1185 3437 1278">
    <p class='ocr_par' dir='ltr' id='par_1_16' title="bbox 1789 1185 3437 1260">
     <span class='ocr_line' id='line_1_16' title="bbox 1789 1185 3437 1260; baseline -0.006 -14"><span class='ocrx_word' id='word_1_105' title='bbox 1789 1233 1799 1246; x_wconf 93' lang='grc'>.</span> <span class='ocrx_word' id='word_1_106' title='bbox 1962 1191 2051 1248; x_wconf 88' lang='lat'><strong>28.</strong></span> <span class='ocrx_word' id='word_1_107' title='bbox 2081 1191 2157 1245; x_wconf 81' lang='lat' dir='ltr'><strong>Ex</strong></span> <span class='ocrx_word' id='word_1_108' title='bbox 2203 1192 2402 1257; x_wconf 90' lang='lat' dir='ltr'><strong>usuris,</strong></span> <span class='ocrx_word' id='word_1_109' title='bbox 2445 1202 2497 1246; x_wconf 87' lang='lat' dir='ltr'><strong>et</strong></span> <span class='ocrx_word' id='word_1_110' title='bbox 2539 1192 2816 1260; x_wconf 88' lang='lat' dir='ltr'><strong>iniquitate</strong></span> <span class='ocrx_word' id='word_1_111' title='bbox 2855 1189 3079 1244; x_wconf 90' lang='lat' dir='ltr'><strong>redimet</strong></span> <span class='ocrx_word' id='word_1_112' title='bbox 3109 1185 3316 1241; x_wconf 85' lang='lat' dir='ltr'><strong>animas</strong></span> <span class='ocrx_word' id='word_1_113' title='bbox 3343 1197 3437 1238; x_wconf 88' lang='lat' dir='ltr'><strong>eo-</strong></span> 
     </span>
    </p>
   </div>
   <div class='ocr_carea' id='block_1_17' title="bbox 242 1299 2038 1368">
    <p class='ocr_par' dir='ltr' id='par_1_17' title="bbox 242 1299 2038 1368">
     <span class='ocr_line' id='line_1_17' title="bbox 242 1299 2038 1368; baseline -0.015 -2"><span class='ocrx_word' id='word_1_114' title='bbox 242 1300 348 1368; x_wconf 64' lang='grc' dir='ltr'>χάς</span> <span class='ocrx_word' id='word_1_115' title='bbox 376 1299 555 1353; x_wconf 72' lang='grc' dir='ltr'>αὐτῶν</span> <span class='ocrx_word' id='word_1_116' title='bbox 579 1316 592 1331; x_wconf 66' lang='grc' dir='ltr'><strong>ι</strong></span> <span class='ocrx_word' id='word_1_117' title='bbox 1900 1300 2038 1340; x_wconf 90' lang='lat' dir='ltr'><strong>rum.</strong></span> 
     </span>
    </p>
   </div>
   <div class='ocr_carea' id='block_1_18' title="bbox 318 1367 1966 1460">
    <p class='ocr_par' dir='ltr' id='par_1_18' title="bbox 318 1385 1727 1460">
     <span class='ocr_line' id='line_1_18' title="bbox 318 1385 1727 1460; baseline -0.001 -16"><span class='ocrx_word' id='word_1_118' title='bbox 318 1391 407 1445; x_wconf 87' lang='lat'><strong>29.</strong></span> <span class='ocrx_word' id='word_1_119' title='bbox 440 1391 548 1443; x_wconf 78' lang='grc' dir='ltr'><strong>Καὶ</strong></span> <span class='ocrx_word' id='word_1_120' title='bbox 577 1390 786 1460; x_wconf 82' lang='grc' dir='ltr'>ἔντιμον</span> <span class='ocrx_word' id='word_1_121' title='bbox 811 1389 870 1442; x_wconf 82' lang='grc' dir='ltr'>τὸ</span> <span class='ocrx_word' id='word_1_122' title='bbox 890 1391 1057 1460; x_wconf 73' lang='grc' dir='ltr'>ὄνομα</span> <span class='ocrx_word' id='word_1_123' title='bbox 1083 1388 1244 1442; x_wconf 75' lang='grc' dir='ltr'>αὐτοῦ</span> <span class='ocrx_word' id='word_1_124' title='bbox 1278 1386 1504 1447; x_wconf 80' lang='grc' dir='ltr'>ἐνώπιον</span> <span class='ocrx_word' id='word_1_125' title='bbox 1528 1385 1727 1442; x_wconf 82' lang='grc' dir='ltr'>αὐτῶν.</span> 
     </span>
    </p>
   </div>
   <div class='ocr_carea' id='block_1_19' title="bbox 1569 1367 3217 1460">
    <p class='ocr_par' dir='ltr' id='par_1_19' title="bbox 1569 1367 3217 1442">
     <span class='ocr_line' id='line_1_19' title="bbox 1569 1367 3217 1442; baseline -0.01 -7"><span class='ocrx_word' id='word_1_126' title='bbox 1569 1385 1727 1442; x_wconf 78' lang='grc' dir='ltr'>ὑτῶν,</span> <span class='ocrx_word' id='word_1_127' title='bbox 1967 1376 2056 1430; x_wconf 89' lang='lat'><strong>29.</strong></span> <span class='ocrx_word' id='word_1_128' title='bbox 2085 1373 2150 1429; x_wconf 84' lang='lat' dir='ltr'><strong>Et</strong></span> <span class='ocrx_word' id='word_1_129' title='bbox 2175 1373 2489 1428; x_wconf 80' lang='lat' dir='ltr'><strong>lionorabile</strong></span> <span class='ocrx_word' id='word_1_130' title='bbox 2515 1386 2705 1426; x_wconf 89' lang='lat' dir='ltr'><strong>nomen</strong></span> <span class='ocrx_word' id='word_1_131' title='bbox 2735 1370 2852 1439; x_wconf 85' lang='lat' dir='ltr'><strong>ejus</strong></span> <span class='ocrx_word' id='word_1_132' title='bbox 2883 1382 3063 1422; x_wconf 88' lang='lat' dir='ltr'><strong>coram</strong></span> <span class='ocrx_word' id='word_1_133' title='bbox 3094 1367 3217 1420; x_wconf 89' lang='lat' dir='ltr'><strong>illis.</strong></span> 
     </span>
    </p>
   </div>
   <div class='ocr_carea' id='block_1_20' title="bbox 315 1459 1963 1552">
    <p class='ocr_par' dir='ltr' id='par_1_20' title="bbox 315 1476 1800 1552">
     <span class='ocr_line' id='line_1_20' title="bbox 315 1476 1800 1552; baseline -0.004 -17"><span class='ocrx_word' id='word_1_134' title='bbox 315 1481 404 1535; x_wconf 87' lang='lat'><strong>50.</strong></span> <span class='ocrx_word' id='word_1_135' title='bbox 439 1483 546 1534; x_wconf 81' lang='lat' dir='ltr'><strong>Kal</strong></span> <span class='ocrx_word' id='word_1_136' title='bbox 575 1481 815 1552; x_wconf 78' lang='grc' dir='ltr'><strong>ζήσεται,</strong></span> <span class='ocrx_word' id='word_1_137' title='bbox 843 1482 936 1533; x_wconf 81' lang='grc' dir='ltr'>καὶ</span> <span class='ocrx_word' id='word_1_138' title='bbox 964 1481 1246 1551; x_wconf 79' lang='grc' dir='ltr'>δοθήσεται</span> <span class='ocrx_word' id='word_1_139' title='bbox 1271 1478 1418 1549; x_wconf 84' lang='grc' dir='ltr'><strong>αὑτῷ</strong></span> <span class='ocrx_word' id='word_1_140' title='bbox 1448 1479 1512 1531; x_wconf 84' lang='grc' dir='ltr'>ἐκ</span> <span class='ocrx_word' id='word_1_141' title='bbox 1540 1476 1634 1531; x_wconf 80' lang='grc' dir='ltr'>τοῦ</span> <span class='ocrx_word' id='word_1_142' title='bbox 1667 1494 1800 1549; x_wconf 88' lang='grc' dir='ltr'>χρυ-</span> 
     </span>
    </p>
   </div>
   <div class='ocr_carea' id='block_1_21' title="bbox 1639 1459 3287 1552">
    <p class='ocr_par' dir='ltr' id='par_1_21' title="bbox 1667 1459 3287 1549">
     <span class='ocr_line' id='line_1_21' title="bbox 1667 1459 3287 1549; baseline -0.012 -18"><span class='ocrx_word' id='word_1_143' title='bbox 1667 1494 1800 1549; x_wconf 87' lang='grc' dir='ltr'>χρυ-</span> <span class='ocrx_word' id='word_1_144' title='bbox 1969 1469 2055 1522; x_wconf 87' lang='grc'><strong>50.</strong></span> <span class='ocrx_word' id='word_1_145' title='bbox 2096 1467 2160 1522; x_wconf 87' lang='grc' dir='ltr'>Ει</span> <span class='ocrx_word' id='word_1_146' title='bbox 2193 1468 2351 1534; x_wconf 75' lang='lat' dir='ltr'><strong>vivet,</strong></span> <span class='ocrx_word' id='word_1_147' title='bbox 2379 1477 2432 1521; x_wconf 91' lang='lat' dir='ltr'><strong>et</strong></span> <span class='ocrx_word' id='word_1_148' title='bbox 2461 1466 2677 1520; x_wconf 87' lang='lat' dir='ltr'><strong>dabitur</strong></span> <span class='ocrx_word' id='word_1_149' title='bbox 2705 1465 2753 1517; x_wconf 88' lang='lat' dir='ltr'><strong>ei</strong></span> <span class='ocrx_word' id='word_1_150' title='bbox 2783 1463 2848 1516; x_wconf 88' lang='lat' dir='ltr'><strong>de</strong></span> <span class='ocrx_word' id='word_1_151' title='bbox 2881 1476 3015 1515; x_wconf 89' lang='lat' dir='ltr'><strong>auro</strong></span> <span class='ocrx_word' id='word_1_152' title='bbox 3049 1459 3287 1514; x_wconf 43' lang='lat' dir='ltr'><strong>Arabian</strong></span> 
     </span>
    </p>
   </div>
   <div class='ocr_carea' id='block_1_22' title="bbox 244 1569 829 1640">
    <p class='ocr_par' dir='ltr' id='par_1_22' title="bbox 244 1569 829 1640">
     <span class='ocr_line' id='line_1_22' title="bbox 244 1569 829 1640; baseline 0.005 -19"><span class='ocrx_word' id='word_1_153' title='bbox 244 1569 361 1622; x_wconf 91' lang='grc' dir='ltr'>σίου</span> <span class='ocrx_word' id='word_1_154' title='bbox 394 1570 492 1640; x_wconf 83' lang='grc' dir='ltr'>τῆς</span> <span class='ocrx_word' id='word_1_155' title='bbox 527 1570 778 1640; x_wconf 80' lang='grc' dir='ltr'>Ἀραϐίας</span> <span class='ocrx_word' id='word_1_156' title='bbox 813 1586 829 1602; x_wconf 73' lang='grc' dir='ltr'><strong>ο</strong></span> 
     </span>
    </p>
   </div>
   <div class='ocr_carea' id='block_1_23' title="bbox 316 1641 1964 1732">
    <p class='ocr_par' dir='ltr' id='par_1_23' title="bbox 316 1659 1653 1732">
     <span class='ocr_line' id='line_1_23' title="bbox 316 1659 1653 1732; baseline -0.001 -18"><span class='ocrx_word' id='word_1_157' title='bbox 316 1661 405 1714; x_wconf 80' lang='grc'>51.</span> <span class='ocrx_word' id='word_1_158' title='bbox 435 1662 542 1714; x_wconf 71' lang='grc' dir='ltr'><strong>Καὶ</strong></span> <span class='ocrx_word' id='word_1_159' title='bbox 576 1662 956 1732; x_wconf 78' lang='grc' dir='ltr'>προσεύξονται</span> <span class='ocrx_word' id='word_1_160' title='bbox 987 1663 1112 1731; x_wconf 73' lang='grc' dir='ltr'><strong>πεδοί</strong></span> <span class='ocrx_word' id='word_1_161' title='bbox 1137 1659 1298 1714; x_wconf 74' lang='grc' dir='ltr'>αὑτοῦ</span> <span class='ocrx_word' id='word_1_162' title='bbox 1323 1659 1614 1726; x_wconf 73' lang='grc' dir='ltr'>διαπαντός</span> <span class='ocrx_word' id='word_1_163' title='bbox 1639 1677 1653 1691; x_wconf 88' lang='grc'><strong>·</strong></span> 
     </span>
    </p>
   </div>
   <div class='ocr_carea' id='block_1_24' title="bbox 1356 1641 3004 1732">
    <p class='ocr_par' dir='ltr' id='par_1_24' title="bbox 1358 1641 3004 1726">
     <span class='ocr_line' id='line_1_24' title="bbox 1358 1641 3004 1726; baseline -0.013 -13"><span class='ocrx_word' id='word_1_164' title='bbox 1358 1659 1614 1726; x_wconf 75' lang='grc' dir='ltr'>ιαπαντός</span> <span class='ocrx_word' id='word_1_165' title='bbox 1639 1677 1653 1691; x_wconf 88' lang='grc'><strong>·</strong></span> <span class='ocrx_word' id='word_1_166' title='bbox 1968 1648 2055 1702; x_wconf 84' lang='lat'><strong>5|.</strong></span> <span class='ocrx_word' id='word_1_167' title='bbox 2084 1645 2148 1700; x_wconf 86' lang='lat' dir='ltr'><strong>Et</strong></span> <span class='ocrx_word' id='word_1_168' title='bbox 2173 1644 2474 1699; x_wconf 88' lang='lat' dir='ltr'><strong>adorabunt</strong></span> <span class='ocrx_word' id='word_1_169' title='bbox 2497 1642 2563 1697; x_wconf 93' lang='lat' dir='ltr'><strong>de</strong></span> <span class='ocrx_word' id='word_1_170' title='bbox 2597 1641 2712 1710; x_wconf 84' lang='lat' dir='ltr'><strong>ipso</strong></span> <span class='ocrx_word' id='word_1_171' title='bbox 2750 1654 2961 1709; x_wconf 85' lang='lat' dir='ltr'><strong>semper</strong></span> <span class='ocrx_word' id='word_1_172' title='bbox 2992 1657 3004 1692; x_wconf 93' lang='lat'><strong>:</strong></span> 
     </span>
    </p>
   </div>
   <div class='ocr_carea' id='block_1_25' title="bbox 310 1731 2785 1825">
    <p class='ocr_par' dir='ltr' id='par_1_25' title="bbox 310 1731 2785 1825">
     <span class='ocr_line' id='line_1_25' title="bbox 310 1731 2785 1825; baseline -0.01 -18"><span class='ocrx_word' id='word_1_173' title='bbox 310 1753 401 1808; x_wconf 73' lang='grc'>52.</span> <span class='ocrx_word' id='word_1_174' title='bbox 427 1753 591 1822; x_wconf 83' lang='grc' dir='ltr'>Ὅλην</span> <span class='ocrx_word' id='word_1_175' title='bbox 611 1731 705 1824; x_wconf 74' lang='grc' dir='ltr'>τὴν</span> <span class='ocrx_word' id='word_1_176' title='bbox 730 1755 939 1825; x_wconf 82' lang='grc' dir='ltr'><strong>ἡμέραν</strong></span> <span class='ocrx_word' id='word_1_177' title='bbox 974 1754 1358 1823; x_wconf 75' lang='grc' dir='ltr'>εὐλογήσουσιν</span> <span class='ocrx_word' id='word_1_178' title='bbox 1391 1751 1568 1804; x_wconf 80' lang='grc' dir='ltr'>αὐτόν,</span> <span class='ocrx_word' id='word_1_179' title='bbox 1968 1739 2055 1793; x_wconf 71' lang='lat'><strong>52.</strong></span> <span class='ocrx_word' id='word_1_180' title='bbox 2083 1735 2216 1790; x_wconf 90' lang='lat' dir='ltr'><strong>Tota</strong></span> <span class='ocrx_word' id='word_1_181' title='bbox 2250 1736 2335 1790; x_wconf 88' lang='lat' dir='ltr'><strong>die</strong></span> <span class='ocrx_word' id='word_1_182' title='bbox 2371 1734 2682 1788; x_wconf 90' lang='lat' dir='ltr'><strong>benedicent</strong></span> <span class='ocrx_word' id='word_1_183' title='bbox 2717 1731 2785 1786; x_wconf 90' lang='lat' dir='ltr'><strong>ei.</strong></span> 
     </span>
    </p>
   </div>
   <div class='ocr_carea' id='block_1_26' title="bbox 315 1813 1963 1913">
    <p class='ocr_par' dir='ltr' id='par_1_26' title="bbox 315 1813 1871 1913">
     <span class='ocr_line' id='line_1_26' title="bbox 315 1813 1871 1913; baseline -0.004 -17"><span class='ocrx_word' id='word_1_184' title='bbox 315 1842 402 1896; x_wconf 83' lang='lat'><strong>55.</strong></span> <span class='ocrx_word' id='word_1_185' title='bbox 433 1813 620 1894; x_wconf 74' lang='grc' dir='ltr'>Ἔσται</span> <span class='ocrx_word' id='word_1_186' title='bbox 659 1813 930 1913; x_wconf 39' lang='lat' dir='ltr'><strong>Enim.”</strong></span> <span class='ocrx_word' id='word_1_187' title='bbox 982 1845 1037 1896; x_wconf 77' lang='grc' dir='ltr'>ἐν</span> <span class='ocrx_word' id='word_1_188' title='bbox 1205 1843 1273 1911; x_wconf 82' lang='grc' dir='ltr'>γῇ</span> <span class='ocrx_word' id='word_1_189' title='bbox 1336 1840 1421 1894; x_wconf 77' lang='grc' dir='ltr'><strong>ἐπ’</strong></span> <span class='ocrx_word' id='word_1_190' title='bbox 1463 1840 1644 1909; x_wconf 82' lang='grc' dir='ltr'>ἄκρων</span> <span class='ocrx_word' id='word_1_191' title='bbox 1693 1837 1797 1890; x_wconf 87' lang='grc' dir='ltr'><strong>τῶν</strong></span> <span class='ocrx_word' id='word_1_192' title='bbox 1832 1898 1871 1913; x_wconf 50' lang='lat' dir='ltr'><strong>ﬂ</strong></span> 
     </span>
    </p>
   </div>
   <div class='ocr_carea' id='block_1_27' title="bbox 1799 1813 3447 1913">
    <p class='ocr_par' dir='ltr' id='par_1_27' title="bbox 1832 1813 3447 1913">
     <span class='ocr_line' id='line_1_27' title="bbox 1832 1813 3447 1913; baseline -0.015 -26"><span class='ocrx_word' id='word_1_193' title='bbox 1832 1898 1871 1913; x_wconf 53' lang='lat' dir='ltr'><strong>n</strong></span> <span class='ocrx_word' id='word_1_194' title='bbox 1968 1831 2055 1884; x_wconf 83' lang='lat'><strong>55.</strong></span> <span class='ocrx_word' id='word_1_195' title='bbox 2095 1828 2159 1882; x_wconf 85' lang='lat' dir='ltr'><strong>Et</strong></span> <span class='ocrx_word' id='word_1_196' title='bbox 2206 1826 2309 1880; x_wconf 90' lang='lat' dir='ltr'><strong>erit</strong></span> <span class='ocrx_word' id='word_1_197' title='bbox 2367 1825 2758 1878; x_wconf 89' lang='lat' dir='ltr'><strong>ﬁrmamentum</strong></span> <span class='ocrx_word' id='word_1_198' title='bbox 2807 1821 2860 1874; x_wconf 91' lang='lat' dir='ltr'><strong>in</strong></span> <span class='ocrx_word' id='word_1_199' title='bbox 2913 1828 3052 1872; x_wconf 84' lang='lat' dir='ltr'><strong>terra</strong></span> <span class='ocrx_word' id='word_1_200' title='bbox 3111 1815 3165 1868; x_wconf 93' lang='lat' dir='ltr'><strong>in</strong></span> <span class='ocrx_word' id='word_1_201' title='bbox 3217 1813 3447 1868; x_wconf 88' lang='lat' dir='ltr'><strong>summis</strong></span> 
     </span>
    </p>
   </div>
   <div class='ocr_carea' id='block_1_28' title="bbox 235 1898 1883 2003">
    <p class='ocr_par' dir='ltr' id='par_1_28' title="bbox 235 1898 1872 2003">
     <span class='ocr_line' id='line_1_28' title="bbox 235 1898 1872 2003; baseline -0.004 -90"><span class='ocrx_word' id='word_1_202' title='bbox 235 1931 450 2003; x_wconf 39' lang='grc' dir='ltr'><strong>ὀρέων,</strong></span> <span class='ocrx_word' id='word_1_203' title='bbox 743 1898 772 1913; x_wconf 93' lang='grc'><strong>..</strong></span> <span class='ocrx_word' id='word_1_204' title='bbox 829 1898 869 1913; x_wconf 93' lang='grc'><strong>..</strong></span> <span class='ocrx_word' id='word_1_205' title='bbox 1133 1898 1158 1911; x_wconf 94' lang='grc'><strong>..</strong></span> <span class='ocrx_word' id='word_1_206' title='bbox 1539 1898 1550 1909; x_wconf 93' lang='grc'>.</span> <span class='ocrx_word' id='word_1_207' title='bbox 1830 1898 1872 1952; x_wconf 69' lang='grc' dir='ltr'><strong>Β</strong></span> 
     </span>
    </p>
   </div>
   <div class='ocr_carea' id='block_1_29' title="bbox 557 1898 2205 2003">
    <p class='ocr_par' dir='ltr' id='par_1_29' title="bbox 1830 1898 2205 1978">
     <span class='ocr_line' id='line_1_29' title="bbox 1830 1898 2205 1978; baseline -0.019 1"><span class='ocrx_word' id='word_1_208' title='bbox 1830 1898 1872 1952; x_wconf 75' lang='grc' dir='ltr'><strong>Β</strong></span> <span class='ocrx_word' id='word_1_209' title='bbox 1903 1922 2165 1978; x_wconf 85' lang='lat' dir='ltr'><strong>montium</strong></span> <span class='ocrx_word' id='word_1_210' title='bbox 2194 1937 2205 1972; x_wconf 93' lang='lat'>:</span> 
     </span>
    </p>
   </div>
   <div class='ocr_carea' id='block_1_30' title="bbox 313 1995 1961 2093">
    <p class='ocr_par' dir='ltr' id='par_1_30' title="bbox 313 2017 1792 2093">
     <span class='ocr_line' id='line_1_30' title="bbox 313 2017 1792 2093; baseline -0.002 -20"><span class='ocrx_word' id='word_1_211' title='bbox 313 2019 402 2073; x_wconf 80' lang='lat'><strong>54.</strong></span> <span class='ocrx_word' id='word_1_212' title='bbox 451 2020 914 2093; x_wconf 79' lang='grc' dir='ltr'>’Υπεραρθήσεται</span> <span class='ocrx_word' id='word_1_213' title='bbox 959 2022 1098 2092; x_wconf 72' lang='grc' dir='ltr'>ὑπὲρ</span> <span class='ocrx_word' id='word_1_214' title='bbox 1130 2021 1220 2073; x_wconf 75' lang='grc' dir='ltr'><strong>τὸν</strong></span> <span class='ocrx_word' id='word_1_215' title='bbox 1248 2020 1476 2075; x_wconf 79' lang='grc' dir='ltr'>Λίϐανον</span> <span class='ocrx_word' id='word_1_216' title='bbox 1520 2021 1547 2071; x_wconf 90' lang='grc' dir='ltr'><strong>ό</strong></span> <span class='ocrx_word' id='word_1_217' title='bbox 1585 2017 1792 2089; x_wconf 76' lang='grc' dir='ltr'>καρπὸς</span> 
     </span>
    </p>
   </div>
   <div class='ocr_carea' id='block_1_31' title="bbox 1796 1995 3444 2093">
    <p class='ocr_par' dir='ltr' id='par_1_31' title="bbox 1976 1995 3444 2084">
     <span class='ocr_line' id='line_1_31' title="bbox 1976 1995 3444 2084; baseline -0.018 -13"><span class='ocrx_word' id='word_1_218' title='bbox 1976 2016 2063 2071; x_wconf 87' lang='grc'><strong>54.</strong></span> <span class='ocrx_word' id='word_1_219' title='bbox 2099 2011 2555 2084; x_wconf 77' lang='lat' dir='ltr'><strong>Superextolletur</strong></span> <span class='ocrx_word' id='word_1_220' title='bbox 2576 2022 2734 2077; x_wconf 86' lang='lat' dir='ltr'><strong>super</strong></span> <span class='ocrx_word' id='word_1_221' title='bbox 2768 2004 3030 2060; x_wconf 85' lang='lat' dir='ltr'><strong>Libanum</strong></span> <span class='ocrx_word' id='word_1_222' title='bbox 3055 1999 3264 2054; x_wconf 83' lang='lat' dir='ltr'><strong>fructus</strong></span> <span class='ocrx_word' id='word_1_223' title='bbox 3287 1995 3404 2066; x_wconf 86' lang='lat' dir='ltr'><strong>ejus</strong></span> <span class='ocrx_word' id='word_1_224' title='bbox 3435 2014 3444 2045; x_wconf 89' lang='lat'><strong>:</strong></span> 
     </span>
    </p>
   </div>
   <div class='ocr_carea' id='block_1_32' title="bbox 238 2126 430 2161">
    <p class='ocr_par' dir='ltr' id='par_1_32' title="bbox 238 2126 430 2161">
     <span class='ocr_line' id='line_1_32' title="bbox 238 2126 430 2161; baseline 0.005 -1"><span class='ocrx_word' id='word_1_225' title='bbox 238 2126 407 2161; x_wconf 85' lang='grc' dir='ltr'>αυτου</span> <span class='ocrx_word' id='word_1_226' title='bbox 417 2127 430 2140; x_wconf 83' lang='grc'><em>’</em></span> 
     </span>
    </p>
   </div>
   <div class='ocr_carea' id='block_1_33' title="bbox 311 2181 1959 2275">
    <p class='ocr_par' dir='ltr' id='par_1_33' title="bbox 311 2199 1798 2275">
     <span class='ocr_line' id='line_1_33' title="bbox 311 2199 1798 2275; baseline 0.001 -21"><span class='ocrx_word' id='word_1_227' title='bbox 311 2200 400 2254; x_wconf 79' lang='grc'><strong>55.</strong></span> <span class='ocrx_word' id='word_1_228' title='bbox 430 2202 539 2254; x_wconf 77' lang='grc' dir='ltr'><strong>Καὶ</strong></span> <span class='ocrx_word' id='word_1_229' title='bbox 562 2203 942 2275; x_wconf 78' lang='grc' dir='ltr'>ὲξανθήσουσιν</span> <span class='ocrx_word' id='word_1_230' title='bbox 967 2205 1030 2256; x_wconf 79' lang='grc' dir='ltr'>ἐκ</span> <span class='ocrx_word' id='word_1_231' title='bbox 1060 2203 1263 2265; x_wconf 83' lang='grc' dir='ltr'>πόλεως</span> <span class='ocrx_word' id='word_1_232' title='bbox 1296 2202 1426 2256; x_wconf 75' lang='grc' dir='ltr'>ὡσεὶ</span> <span class='ocrx_word' id='word_1_233' title='bbox 1468 2201 1656 2273; x_wconf 85' lang='grc' dir='ltr'>χόρτος</span> <span class='ocrx_word' id='word_1_234' title='bbox 1698 2199 1798 2269; x_wconf 81' lang='grc' dir='ltr'>τῆς</span> 
     </span>
    </p>
   </div>
   <div class='ocr_carea' id='block_1_34' title="bbox 1740 2181 3388 2275">
    <p class='ocr_par' dir='ltr' id='par_1_34' title="bbox 1740 2181 3388 2269">
     <span class='ocr_line' id='line_1_34' title="bbox 1740 2181 3388 2269; baseline -0.015 -14"><span class='ocrx_word' id='word_1_235' title='bbox 1740 2199 1798 2269; x_wconf 73' lang='grc' dir='ltr'>ἧς</span> <span class='ocrx_word' id='word_1_236' title='bbox 1970 2197 2056 2251; x_wconf 87' lang='grc'><strong>55.</strong></span> <span class='ocrx_word' id='word_1_237' title='bbox 2091 2193 2153 2248; x_wconf 85' lang='grc' dir='ltr'><strong>Ει</strong></span> <span class='ocrx_word' id='word_1_238' title='bbox 2186 2192 2447 2248; x_wconf 82' lang='lat' dir='ltr'><strong>ﬂorebunt</strong></span> <span class='ocrx_word' id='word_1_239' title='bbox 2474 2190 2538 2244; x_wconf 91' lang='lat' dir='ltr'><strong>de</strong></span> <span class='ocrx_word' id='word_1_240' title='bbox 2561 2187 2775 2244; x_wconf 84' lang='lat' dir='ltr'><strong>civitate</strong></span> <span class='ocrx_word' id='word_1_241' title='bbox 2809 2186 2950 2239; x_wconf 90' lang='lat' dir='ltr'><strong>sicut</strong></span> <span class='ocrx_word' id='word_1_242' title='bbox 2979 2181 3160 2237; x_wconf 77' lang='lat' dir='ltr'><strong>fenum</strong></span> <span class='ocrx_word' id='word_1_243' title='bbox 3192 2189 3345 2234; x_wconf 67' lang='lat' dir='ltr'><strong>terrae</strong></span> <span class='ocrx_word' id='word_1_244' title='bbox 3375 2194 3388 2230; x_wconf 91' lang='lat'><strong>:</strong></span> 
     </span>
    </p>
   </div>
   <div class='ocr_carea' id='block_1_35' title="bbox 237 2307 365 2361">
    <p class='ocr_par' dir='ltr' id='par_1_35' title="bbox 237 2307 365 2361">
     <span class='ocr_line' id='line_1_35' title="bbox 237 2307 365 2361; baseline -0.047 0"><span class='ocrx_word' id='word_1_245' title='bbox 237 2307 365 2361; x_wconf 78' lang='grc' dir='ltr'>γης.</span> 
     </span>
    </p>
   </div>
   <div class='ocr_carea' id='block_1_36' title="bbox 314 2360 1962 2458">
    <p class='ocr_par' dir='ltr' id='par_1_36' title="bbox 314 2383 1797 2458">
     <span class='ocr_line' id='line_1_36' title="bbox 314 2383 1797 2458; baseline 0 -20"><span class='ocrx_word' id='word_1_246' title='bbox 314 2383 402 2438; x_wconf 87' lang='grc'><strong>56.</strong></span> <span class='ocrx_word' id='word_1_247' title='bbox 437 2385 624 2438; x_wconf 87' lang='grc' dir='ltr'>Ἔσται</span> <span class='ocrx_word' id='word_1_248' title='bbox 659 2384 718 2437; x_wconf 80' lang='grc' dir='ltr'>τὸ</span> <span class='ocrx_word' id='word_1_249' title='bbox 751 2384 920 2457; x_wconf 75' lang='grc' dir='ltr'>ὄνομα</span> <span class='ocrx_word' id='word_1_250' title='bbox 952 2385 1117 2440; x_wconf 74' lang='grc' dir='ltr'>αὐτοῦ</span> <span class='ocrx_word' id='word_1_251' title='bbox 1164 2386 1520 2458; x_wconf 74' lang='grc' dir='ltr'>εύλογημένον</span> <span class='ocrx_word' id='word_1_252' title='bbox 1565 2387 1643 2448; x_wconf 76' lang='grc' dir='ltr'>εἰς</span> <span class='ocrx_word' id='word_1_253' title='bbox 1674 2386 1797 2447; x_wconf 80' lang='grc' dir='ltr'>τοὺς</span> 
     </span>
    </p>
   </div>
   <div class='ocr_carea' id='block_1_37' title="bbox 1621 2360 3269 2458">
    <p class='ocr_par' dir='ltr' id='par_1_37' title="bbox 1621 2360 3269 2448">
     <span class='ocr_line' id='line_1_37' title="bbox 1621 2360 3269 2448; baseline -0.016 -9"><span class='ocrx_word' id='word_1_254' title='bbox 1621 2403 1643 2448; x_wconf 85' lang='grc' dir='ltr'><strong>ς</strong></span> <span class='ocrx_word' id='word_1_255' title='bbox 1674 2386 1797 2447; x_wconf 80' lang='grc' dir='ltr'>τοὺς</span> <span class='ocrx_word' id='word_1_256' title='bbox 1975 2374 2061 2428; x_wconf 87' lang='grc'><strong>56.</strong></span> <span class='ocrx_word' id='word_1_257' title='bbox 2095 2373 2208 2427; x_wconf 85' lang='lat' dir='ltr'><strong>Erit</strong></span> <span class='ocrx_word' id='word_1_258' title='bbox 2230 2386 2421 2426; x_wconf 89' lang='lat' dir='ltr'><strong>nomen</strong></span> <span class='ocrx_word' id='word_1_259' title='bbox 2451 2369 2569 2438; x_wconf 83' lang='lat' dir='ltr'><strong>ejus</strong></span> <span class='ocrx_word' id='word_1_260' title='bbox 2594 2366 2930 2422; x_wconf 85' lang='lat' dir='ltr'><strong>benedictum</strong></span> <span class='ocrx_word' id='word_1_261' title='bbox 2955 2363 3007 2417; x_wconf 92' lang='lat' dir='ltr'><strong>in</strong></span> <span class='ocrx_word' id='word_1_262' title='bbox 3029 2360 3223 2417; x_wconf 63' lang='lat' dir='ltr'><strong>sarcula</strong></span> <span class='ocrx_word' id='word_1_263' title='bbox 3256 2378 3269 2413; x_wconf 91' lang='lat'>:</span> 
     </span>
    </p>
   </div>
   <div class='ocr_carea' id='block_1_38' title="bbox 238 2475 463 2539">
    <p class='ocr_par' dir='ltr' id='par_1_38' title="bbox 238 2475 463 2539">
     <span class='ocr_line' id='line_1_38' title="bbox 238 2475 463 2539; baseline 0.004 -12"><span class='ocrx_word' id='word_1_264' title='bbox 238 2475 463 2539; x_wconf 83' lang='grc' dir='ltr'>αἰῶνας·</span> 
     </span>
    </p>
   </div>
   <div class='ocr_carea' id='block_1_39' title="bbox 313 2541 1961 2638">
    <p class='ocr_par' dir='ltr' id='par_1_39' title="bbox 313 2564 1614 2638">
     <span class='ocr_line' id='line_1_39' title="bbox 313 2564 1614 2638; baseline -0.001 -21"><span class='ocrx_word' id='word_1_265' title='bbox 313 2565 402 2618; x_wconf 88' lang='lat'><strong>57.</strong></span> <span class='ocrx_word' id='word_1_266' title='bbox 438 2567 549 2636; x_wconf 86' lang='grc' dir='ltr'><strong>Πρὸ</strong></span> <span class='ocrx_word' id='word_1_267' title='bbox 573 2566 665 2619; x_wconf 76' lang='grc' dir='ltr'>τοῦ</span> <span class='ocrx_word' id='word_1_268' title='bbox 699 2567 849 2638; x_wconf 76' lang='grc' dir='ltr'>ἡλίου</span> <span class='ocrx_word' id='word_1_269' title='bbox 876 2568 1117 2638; x_wconf 81' lang='grc' dir='ltr'>διαμένει</span> <span class='ocrx_word' id='word_1_270' title='bbox 1141 2569 1200 2621; x_wconf 82' lang='grc' dir='ltr'>τὸ</span> <span class='ocrx_word' id='word_1_271' title='bbox 1232 2569 1399 2637; x_wconf 69' lang='grc' dir='ltr'>ὄνομα</span> <span class='ocrx_word' id='word_1_272' title='bbox 1429 2564 1614 2619; x_wconf 77' lang='grc' dir='ltr'>αὐτοῦ.</span> 
     </span>
    </p>
   </div>
   <div class='ocr_carea' id='block_1_40' title="bbox 1463 2541 3111 2638">
    <p class='ocr_par' dir='ltr' id='par_1_40' title="bbox 1468 2541 3111 2618">
     <span class='ocr_line' id='line_1_40' title="bbox 1468 2541 3111 2618; baseline -0.013 -1"><span class='ocrx_word' id='word_1_273' title='bbox 1468 2564 1614 2617; x_wconf 77' lang='grc' dir='ltr'>ὐτοῦ.</span> <span class='ocrx_word' id='word_1_274' title='bbox 1973 2555 2061 2609; x_wconf 87' lang='lat'><strong>57.</strong></span> <span class='ocrx_word' id='word_1_275' title='bbox 2095 2553 2232 2606; x_wconf 79' lang='lat' dir='ltr'><strong>Ante</strong></span> <span class='ocrx_word' id='word_1_276' title='bbox 2254 2551 2419 2605; x_wconf 87' lang='lat' dir='ltr'><strong>solem</strong></span> <span class='ocrx_word' id='word_1_277' title='bbox 2448 2555 2725 2618; x_wconf 86' lang='lat' dir='ltr'><strong>permanet</strong></span> <span class='ocrx_word' id='word_1_278' title='bbox 2758 2558 2950 2598; x_wconf 90' lang='lat' dir='ltr'><strong>nomen</strong></span> <span class='ocrx_word' id='word_1_279' title='bbox 2975 2541 3111 2612; x_wconf 83' lang='lat' dir='ltr'><strong>ejus.</strong></span> 
     </span>
    </p>
   </div>
   <div class='ocr_carea' id='block_1_41' title="bbox 314 2631 1962 2729">
    <p class='ocr_par' dir='ltr' id='par_1_41' title="bbox 314 2631 1795 2729">
     <span class='ocr_line' id='line_1_41' title="bbox 314 2631 1795 2729; baseline -0.002 -20"><span class='ocrx_word' id='word_1_280' title='bbox 314 2656 402 2709; x_wconf 83' lang='grc'><strong>58.</strong></span> <span class='ocrx_word' id='word_1_281' title='bbox 435 2631 543 2710; x_wconf 74' lang='grc' dir='ltr'><strong>καὶ</strong></span> <span class='ocrx_word' id='word_1_282' title='bbox 564 2631 1070 2729; x_wconf 73' lang='grc' dir='ltr'>ινευλογηθήσονται</span> <span class='ocrx_word' id='word_1_283' title='bbox 1094 2661 1150 2710; x_wconf 82' lang='grc' dir='ltr'>ὲν</span> <span class='ocrx_word' id='word_1_284' title='bbox 1183 2631 1521 2728; x_wconf 24' lang='grc' dir='ltr'>αύτῷνπᾶσαι</span> <span class='ocrx_word' id='word_1_285' title='bbox 1545 2657 1599 2708; x_wconf 78' lang='grc' dir='ltr'>αἱ</span> <span class='ocrx_word' id='word_1_286' title='bbox 1633 2651 1795 2722; x_wconf 77' lang='grc' dir='ltr'>φυλαὶ</span> 
     </span>
    </p>
   </div>
   <div class='ocr_carea' id='block_1_42' title="bbox 1795 2631 3443 2729">
    <p class='ocr_par' dir='ltr' id='par_1_42' title="bbox 1973 2631 3443 2703">
     <span class='ocr_line' id='line_1_42' title="bbox 1973 2631 3443 2703; baseline -0.013 -3"><span class='ocrx_word' id='word_1_287' title='bbox 1973 2645 2059 2700; x_wconf 90' lang='grc'><strong>58.</strong></span> <span class='ocrx_word' id='word_1_288' title='bbox 2090 2643 2153 2697; x_wconf 86' lang='grc' dir='ltr'><strong>Ει</strong></span> <span class='ocrx_word' id='word_1_289' title='bbox 2179 2641 2560 2697; x_wconf 85' lang='lat' dir='ltr'><strong>benedicentur</strong></span> <span class='ocrx_word' id='word_1_290' title='bbox 2589 2637 2640 2689; x_wconf 93' lang='lat' dir='ltr'><strong>in</strong></span> <span class='ocrx_word' id='word_1_291' title='bbox 2679 2636 2795 2703; x_wconf 88' lang='lat' dir='ltr'><strong>ipso</strong></span> <span class='ocrx_word' id='word_1_292' title='bbox 2822 2648 3011 2687; x_wconf 89' lang='lat' dir='ltr'><strong>omnes</strong></span> <span class='ocrx_word' id='word_1_293' title='bbox 3039 2631 3217 2686; x_wconf 88' lang='lat' dir='ltr'><strong>tribus</strong></span> <span class='ocrx_word' id='word_1_294' title='bbox 3239 2643 3390 2684; x_wconf 71' lang='lat' dir='ltr'><strong>terra:</strong></span> <span class='ocrx_word' id='word_1_295' title='bbox 3431 2644 3443 2681; x_wconf 92' lang='lat'>:</span> 
     </span>
    </p>
   </div>
   <div class='ocr_carea' id='block_1_43' title="bbox 236 2760 498 2819">
    <p class='ocr_par' dir='ltr' id='par_1_43' title="bbox 236 2760 498 2819">
     <span class='ocr_line' id='line_1_43' title="bbox 236 2760 498 2819; baseline 0 -6"><span class='ocrx_word' id='word_1_296' title='bbox 236 2764 341 2818; x_wconf 83' lang='grc' dir='ltr'><strong>της</strong></span> <span class='ocrx_word' id='word_1_297' title='bbox 359 2764 461 2819; x_wconf 83' lang='grc' dir='ltr'><strong>γης</strong></span> <span class='ocrx_word' id='word_1_298' title='bbox 483 2760 498 2775; x_wconf 79' lang='grc'><strong><em>⁸</em></strong></span> 
     </span>
    </p>
   </div>
   <div class='ocr_carea' id='block_1_44' title="bbox 1351 2864 2340 2934">
    <p class='ocr_par' dir='ltr' id='par_1_44' title="bbox 1351 2864 2340 2934">
     <span class='ocr_line' id='line_1_44' title="bbox 1351 2864 2340 2934; baseline -0.019 2"><span class='ocrx_word' id='word_1_299' title='bbox 1351 2877 1718 2934; x_wconf 66' lang='grc' dir='ltr'><strong>ΑΤΙΙᾹΝΑΞΙΙ</strong></span> <span class='ocrx_word' id='word_1_300' title='bbox 1758 2864 2340 2928; x_wconf 72' lang='grc' dir='ltr'><strong>ΙΝΤΕΒΡΒΕΤΑΤΙΟ.</strong></span> 
     </span>
    </p>
   </div>
   <div class='ocr_carea' id='block_1_45' title="bbox 240 2970 1888 3068">
    <p class='ocr_par' dir='ltr' id='par_1_45' title="bbox 240 2992 1804 3068">
     <span class='ocr_line' id='line_1_45' title="bbox 240 2992 1804 3068; baseline -0.003 -20"><span class='ocrx_word' id='word_1_301' title='bbox 240 3010 437 3066; x_wconf 78' lang='grc' dir='ltr'>πωμεν</span> <span class='ocrx_word' id='word_1_302' title='bbox 460 2995 516 3049; x_wconf 74' lang='grc' dir='ltr'>δὲ</span> <span class='ocrx_word' id='word_1_303' title='bbox 540 2997 629 3048; x_wconf 81' lang='grc' dir='ltr'>καὶ</span> <span class='ocrx_word' id='word_1_304' title='bbox 651 2997 823 3060; x_wconf 76' lang='grc' dir='ltr'>ἄλλως</span> <span class='ocrx_word' id='word_1_305' title='bbox 849 2998 947 3066; x_wconf 84' lang='grc' dir='ltr'><strong>τὴν</strong></span> <span class='ocrx_word' id='word_1_306' title='bbox 975 2997 1290 3068; x_wconf 81' lang='grc' dir='ltr'>ἑρμηνείαν.</span> <span class='ocrx_word' id='word_1_307' title='bbox 1313 2995 1470 3050; x_wconf 79' lang='grc' dir='ltr'>Σαϐἆ</span> <span class='ocrx_word' id='word_1_308' title='bbox 1510 2992 1804 3065; x_wconf 77' lang='grc' dir='ltr'>ἑρμηνεύε-</span> 
     </span>
    </p>
   </div>
   <div class='ocr_carea' id='block_1_46' title="bbox 1801 2970 3449 3068">
    <p class='ocr_par' dir='ltr' id='par_1_46' title="bbox 1801 2970 3449 3044">
     <span class='ocr_line' id='line_1_46' title="bbox 1801 2970 3449 3044; baseline -0.01 -5"><span class='ocrx_word' id='word_1_309' title='bbox 1801 3022 1804 3030; x_wconf 66' lang='grc' dir='ltr'><strong>ι</strong></span> <span class='ocrx_word' id='word_1_310' title='bbox 1907 2993 2083 3038; x_wconf 86' lang='lat' dir='ltr'><strong>autem</strong></span> <span class='ocrx_word' id='word_1_311' title='bbox 2111 2990 2164 3034; x_wconf 89' lang='lat' dir='ltr'><strong>et</strong></span> <span class='ocrx_word' id='word_1_312' title='bbox 2195 2980 2353 3033; x_wconf 82' lang='lat' dir='ltr'><strong>aliam</strong></span> <span class='ocrx_word' id='word_1_313' title='bbox 2399 2974 2916 3044; x_wconf 85' lang='lat' dir='ltr'><strong>interpretationem.</strong></span> <span class='ocrx_word' id='word_1_314' title='bbox 2951 2970 3092 3025; x_wconf 87' lang='lat' dir='ltr'><strong>Saba</strong></span> <span class='ocrx_word' id='word_1_315' title='bbox 3134 2972 3449 3040; x_wconf 77' lang='lat' dir='ltr'><strong>interpreta-</strong></span> 
     </span>
    </p>
   </div>
   <div class='ocr_carea' id='block_1_47' title="bbox 241 3061 1889 3159">
    <p class='ocr_par' dir='ltr' id='par_1_47' title="bbox 241 3061 1806 3159">
     <span class='ocr_line' id='line_1_47' title="bbox 241 3061 1806 3159; baseline -0.001 -20"><span class='ocrx_word' id='word_1_316' title='bbox 241 3061 703 3156; x_wconf 31' lang='grc' dir='ltr'>ται-ἐπιστροφή</span> <span class='ocrx_word' id='word_1_317' title='bbox 723 3061 979 3157; x_wconf 74' lang='grc' dir='ltr'>Ἀράϐων</span> <span class='ocrx_word' id='word_1_318' title='bbox 1069 3061 1424 3159; x_wconf 75' lang='grc' dir='ltr'>ἑρμηνεύεται</span> <span class='ocrx_word' id='word_1_319' title='bbox 1446 3086 1510 3139; x_wconf 86' lang='grc' dir='ltr'>τὸ</span> <span class='ocrx_word' id='word_1_320' title='bbox 1668 3085 1806 3137; x_wconf 83' lang='grc' dir='ltr'>Ἰου-</span> 
     </span>
    </p>
   </div>
   <div class='ocr_carea' id='block_1_48' title="bbox 1801 3061 3449 3159">
    <p class='ocr_par' dir='ltr' id='par_1_48' title="bbox 1801 3061 3449 3135">
     <span class='ocr_line' id='line_1_48' title="bbox 1801 3061 3449 3135; baseline -0.011 -4"><span class='ocrx_word' id='word_1_321' title='bbox 1801 3113 1806 3122; x_wconf 79' lang='grc'><strong>»</strong></span> <span class='ocrx_word' id='word_1_322' title='bbox 1905 3086 1992 3130; x_wconf 92' lang='lat' dir='ltr'><strong>tur</strong></span> <span class='ocrx_word' id='word_1_323' title='bbox 2018 3074 2277 3126; x_wconf 79' lang='lat' dir='ltr'><strong>conversio</strong></span> <span class='ocrx_word' id='word_1_324' title='bbox 2309 3087 2325 3123; x_wconf 93' lang='lat'><strong><em>:</em></strong></span> <span class='ocrx_word' id='word_1_325' title='bbox 2359 3067 2553 3122; x_wconf 80' lang='lat' dir='ltr'><strong>Arabes</strong></span> <span class='ocrx_word' id='word_1_326' title='bbox 2594 3075 2770 3120; x_wconf 83' lang='lat' dir='ltr'><strong>autem</strong></span> <span class='ocrx_word' id='word_1_327' title='bbox 2807 3080 2926 3135; x_wconf 80' lang='lat' dir='ltr'><strong>gens</strong></span> <span class='ocrx_word' id='word_1_328' title='bbox 2957 3061 3282 3124; x_wconf 71' lang='lat' dir='ltr'><strong>Iudaeorum,</strong></span> <span class='ocrx_word' id='word_1_329' title='bbox 3315 3076 3449 3130; x_wconf 87' lang='lat' dir='ltr'><strong>quo-</strong></span> 
     </span>
    </p>
   </div>
   <div class='ocr_carea' id='block_1_49' title="bbox 236 3151 1884 3251">
    <p class='ocr_par' dir='ltr' id='par_1_49' title="bbox 236 3151 1800 3251">
     <span class='ocr_line' id='line_1_49' title="bbox 236 3151 1800 3251; baseline -0.003 -19"><span class='ocrx_word' id='word_1_330' title='bbox 236 3178 422 3232; x_wconf 79' lang='grc' dir='ltr'>δαίων</span> <span class='ocrx_word' id='word_1_331' title='bbox 448 3151 639 3244; x_wconf 56' lang='grc' dir='ltr'>ἕθκοξ,</span> <span class='ocrx_word' id='word_1_332' title='bbox 671 3151 855 3250; x_wconf 57' lang='grc' dir='ltr'>ἐπείδὴ</span> <span class='ocrx_word' id='word_1_333' title='bbox 881 3183 938 3233; x_wconf 85' lang='grc' dir='ltr'>ὲν</span> <span class='ocrx_word' id='word_1_334' title='bbox 969 3180 1045 3250; x_wconf 79' lang='grc' dir='ltr'><strong>τῷ</strong></span> <span class='ocrx_word' id='word_1_335' title='bbox 1233 3180 1346 3248; x_wconf 76' lang='grc' dir='ltr'>ὄρει</span> <span class='ocrx_word' id='word_1_336' title='bbox 1370 3180 1461 3231; x_wconf 70' lang='grc' dir='ltr'><strong>τὸν</strong></span> <span class='ocrx_word' id='word_1_337' title='bbox 1487 3179 1646 3247; x_wconf 79' lang='grc' dir='ltr'>νόμον</span> <span class='ocrx_word' id='word_1_338' title='bbox 1684 3176 1800 3228; x_wconf 76' lang='grc' dir='ltr'><strong>ἐδέ-</strong></span> 
     </span>
    </p>
   </div>
   <div class='ocr_carea' id='block_1_50' title="bbox 1799 3151 3447 3251">
    <p class='ocr_par' dir='ltr' id='par_1_50' title="bbox 1799 3151 3447 3227">
     <span class='ocr_line' id='line_1_50' title="bbox 1799 3151 3447 3227; baseline -0.013 -3"><span class='ocrx_word' id='word_1_339' title='bbox 1799 3208 1800 3212; x_wconf 60' lang='grc' dir='ltr'><strong>η</strong></span> <span class='ocrx_word' id='word_1_340' title='bbox 1903 3169 2048 3223; x_wconf 90' lang='lat' dir='ltr'><strong>niam</strong></span> <span class='ocrx_word' id='word_1_341' title='bbox 2081 3167 2133 3218; x_wconf 91' lang='lat' dir='ltr'><strong>in</strong></span> <span class='ocrx_word' id='word_1_342' title='bbox 2161 3173 2341 3217; x_wconf 88' lang='lat' dir='ltr'><strong>monte</strong></span> <span class='ocrx_word' id='word_1_343' title='bbox 2371 3160 2499 3214; x_wconf 87' lang='lat' dir='ltr'><strong>Sina</strong></span> <span class='ocrx_word' id='word_1_344' title='bbox 2522 3160 2688 3227; x_wconf 79' lang='lat' dir='ltr'><strong>legem</strong></span> <span class='ocrx_word' id='word_1_345' title='bbox 2714 3164 3039 3225; x_wconf 81' lang='lat' dir='ltr'><strong>acceperunt</strong></span> <span class='ocrx_word' id='word_1_346' title='bbox 3070 3151 3235 3219; x_wconf 88' lang='lat' dir='ltr'><strong>;Sina</strong></span> <span class='ocrx_word' id='word_1_347' title='bbox 3270 3161 3447 3205; x_wconf 89' lang='lat' dir='ltr'><strong>autem</strong></span> 
     </span>
    </p>
   </div>
   <div class='ocr_carea' id='block_1_51' title="bbox 238 3244 1886 3353">
    <p class='ocr_par' dir='ltr' id='par_1_51' title="bbox 238 3244 1864 3353">
     <span class='ocr_line' id='line_1_51' title="bbox 238 3244 1864 3353; baseline -0.004 -29"><span class='ocrx_word' id='word_1_348' title='bbox 238 3270 418 3335; x_wconf 80' lang='grc' dir='ltr'>ξαντο.</span> <span class='ocrx_word' id='word_1_349' title='bbox 451 3271 522 3322; x_wconf 87' lang='grc' dir='ltr'><strong>Τὸ</strong></span> <span class='ocrx_word' id='word_1_350' title='bbox 553 3271 606 3322; x_wconf 85' lang='grc' dir='ltr'>δὲ</span> <span class='ocrx_word' id='word_1_351' title='bbox 631 3271 758 3324; x_wconf 85' lang='grc' dir='ltr'><strong>Σινᾶ</strong></span> <span class='ocrx_word' id='word_1_352' title='bbox 790 3244 912 3342; x_wconf 77' lang='grc' dir='ltr'>ὅρος</span> <span class='ocrx_word' id='word_1_353' title='bbox 933 3274 988 3324; x_wconf 85' lang='grc' dir='ltr'>ὲν</span> <span class='ocrx_word' id='word_1_354' title='bbox 1005 3244 1069 3343; x_wconf 78' lang='grc' dir='ltr'>τῇ</span> <span class='ocrx_word' id='word_1_355' title='bbox 1106 3244 1332 3343; x_wconf 70' lang='grc' dir='ltr'>Ἀραϐίᾳ</span> <span class='ocrx_word' id='word_1_356' title='bbox 1356 3272 1489 3324; x_wconf 80' lang='grc' dir='ltr'>ἐστί.</span> <span class='ocrx_word' id='word_1_357' title='bbox 1527 3244 1622 3322; x_wconf 52' lang='lat' dir='ltr'><strong>Atti</strong></span> <span class='ocrx_word' id='word_1_358' title='bbox 1642 3269 1795 3321; x_wconf 77' lang='grc' dir='ltr'>τοῦτο</span> <span class='ocrx_word' id='word_1_359' title='bbox 1824 3298 1864 3353; x_wconf 77' lang='lat' dir='ltr'><strong>C</strong></span> 
     </span>
    </p>
   </div>
   <div class='ocr_carea' id='block_1_52' title="bbox 1801 3244 3449 3353">
    <p class='ocr_par' dir='ltr' id='par_1_52' title="bbox 1824 3244 3449 3353">
     <span class='ocr_line' id='line_1_52' title="bbox 1824 3244 3449 3353; baseline -0.012 -39"><span class='ocrx_word' id='word_1_360' title='bbox 1824 3298 1864 3353; x_wconf 65' lang='grc' dir='ltr'><strong>ϐ</strong></span> <span class='ocrx_word' id='word_1_361' title='bbox 1901 3274 2055 3312; x_wconf 91' lang='lat' dir='ltr'><strong>mons</strong></span> <span class='ocrx_word' id='word_1_362' title='bbox 2081 3257 2132 3308; x_wconf 91' lang='lat' dir='ltr'><strong>in</strong></span> <span class='ocrx_word' id='word_1_363' title='bbox 2156 3253 2350 3306; x_wconf 83' lang='lat' dir='ltr'><strong>Arabia</strong></span> <span class='ocrx_word' id='word_1_364' title='bbox 2383 3260 2481 3305; x_wconf 90' lang='lat' dir='ltr'><strong>est.</strong></span> <span class='ocrx_word' id='word_1_365' title='bbox 2520 3251 2640 3303; x_wconf 89' lang='lat' dir='ltr'><strong>Ideo</strong></span> <span class='ocrx_word' id='word_1_366' title='bbox 2668 3248 2829 3317; x_wconf 80' lang='lat' dir='ltr'><strong>igitur</strong></span> <span class='ocrx_word' id='word_1_367' title='bbox 2855 3245 3159 3299; x_wconf 60' lang='lat' dir='ltr'><strong>Iudaeorum</strong></span> <span class='ocrx_word' id='word_1_368' title='bbox 3198 3244 3449 3313; x_wconf 75' lang='lat' dir='ltr'><strong>populum</strong></span> 
     </span>
    </p>
   </div>
   <div class='ocr_carea' id='block_1_53' title="bbox 233 3341 1881 3431">
    <p class='ocr_par' dir='ltr' id='par_1_53' title="bbox 233 3341 1864 3431">
     <span class='ocr_line' id='line_1_53' title="bbox 233 3341 1864 3431; baseline -0.004 -17"><span class='ocrx_word' id='word_1_369' title='bbox 233 3356 329 3415; x_wconf 77' lang='grc' dir='ltr'>οὖν</span> <span class='ocrx_word' id='word_1_370' title='bbox 378 3363 503 3425; x_wconf 84' lang='grc' dir='ltr'>τοὺς</span> <span class='ocrx_word' id='word_1_371' title='bbox 562 3361 668 3414; x_wconf 85' lang='grc' dir='ltr'><strong>ἀπὸ</strong></span> <span class='ocrx_word' id='word_1_372' title='bbox 719 3362 827 3414; x_wconf 90' lang='grc' dir='ltr'><strong>τῶν</strong></span> <span class='ocrx_word' id='word_1_373' title='bbox 863 3363 1128 3415; x_wconf 78' lang='grc' dir='ltr'>Ἰουδαίων</span> <span class='ocrx_word' id='word_1_374' title='bbox 1201 3361 1370 3431; x_wconf 86' lang='grc' dir='ltr'>στόμα</span> <span class='ocrx_word' id='word_1_375' title='bbox 1419 3356 1610 3431; x_wconf 80' lang='grc' dir='ltr'><strong>[Σαϐίῖ</strong></span> <span class='ocrx_word' id='word_1_376' title='bbox 1667 3355 1791 3426; x_wconf 64' lang='grc' dir='ltr'>καὶ]</span> <span class='ocrx_word' id='word_1_377' title='bbox 1827 3341 1864 3353; x_wconf 60' lang='grc' dir='ltr'>ν</span> 
     </span>
    </p>
   </div>
   <div class='ocr_carea' id='block_1_54' title="bbox 941 3341 2589 3431">
    <p class='ocr_par' dir='ltr' id='par_1_54' title="bbox 941 3341 2589 3431">
     <span class='ocr_line' id='line_1_54' title="bbox 941 3341 2589 3431; baseline -0.014 -15"><span class='ocrx_word' id='word_1_378' title='bbox 941 3341 1128 3415; x_wconf 56' lang='grc' dir='ltr'>»δαίων</span> <span class='ocrx_word' id='word_1_379' title='bbox 1175 3341 1370 3431; x_wconf 3' lang='grc' dir='ltr'>(στόμα</span> <span class='ocrx_word' id='word_1_380' title='bbox 1419 3356 1610 3431; x_wconf 79' lang='grc' dir='ltr'>[Σαϐίῖ</span> <span class='ocrx_word' id='word_1_381' title='bbox 1667 3355 1791 3426; x_wconf 65' lang='grc' dir='ltr'>καὶ]</span> <span class='ocrx_word' id='word_1_382' title='bbox 1827 3341 1864 3353; x_wconf 63' lang='grc' dir='ltr'>ν</span> <span class='ocrx_word' id='word_1_383' title='bbox 1898 3349 2039 3404; x_wconf 87' lang='lat' dir='ltr'><strong>Saba</strong></span> <span class='ocrx_word' id='word_1_384' title='bbox 2067 3357 2120 3402; x_wconf 91' lang='lat' dir='ltr'><strong>et</strong></span> <span class='ocrx_word' id='word_1_385' title='bbox 2141 3345 2337 3398; x_wconf 80' lang='lat' dir='ltr'><strong>Arabes</strong></span> <span class='ocrx_word' id='word_1_386' title='bbox 2359 3341 2589 3396; x_wconf 82' lang='lat' dir='ltr'><strong>vocavit.</strong></span> 
     </span>
    </p>
   </div>
   <div class='ocr_carea' id='block_1_55' title="bbox 240 3453 869 3523">
    <p class='ocr_par' dir='ltr' id='par_1_55' title="bbox 240 3453 869 3523">
     <span class='ocr_line' id='line_1_55' title="bbox 240 3453 869 3523; baseline -0.002 -16"><span class='ocrx_word' id='word_1_387' title='bbox 240 3454 489 3521; x_wconf 80' lang='grc' dir='ltr'>Ἄραϐας</span> <span class='ocrx_word' id='word_1_388' title='bbox 518 3453 592 3523; x_wconf 76' lang='grc'>(1)</span> <span class='ocrx_word' id='word_1_389' title='bbox 626 3454 869 3507; x_wconf 81' lang='grc' dir='ltr'>ἐκάλεσε.</span> 
     </span>
    </p>
   </div>
   <div class='ocr_carea' id='block_1_56' title="bbox 304 3524 1952 3616">
    <p class='ocr_par' dir='ltr' id='par_1_56' title="bbox 304 3545 1515 3616">
     <span class='ocr_line' id='line_1_56' title="bbox 304 3545 1515 3616; baseline 0 -16"><span class='ocrx_word' id='word_1_390' title='bbox 304 3546 394 3600; x_wconf 89' lang='grc'><strong>22.</strong></span> <span class='ocrx_word' id='word_1_391' title='bbox 431 3545 495 3600; x_wconf 82' lang='grc' dir='ltr'><strong>Οἱ</strong></span> <span class='ocrx_word' id='word_1_392' title='bbox 529 3546 894 3616; x_wconf 75' lang='grc' dir='ltr'>βασιλεύοντες</span> <span class='ocrx_word' id='word_1_393' title='bbox 926 3546 1062 3598; x_wconf 82' lang='grc' dir='ltr'>κατὰ</span> <span class='ocrx_word' id='word_1_394' title='bbox 1095 3547 1194 3616; x_wconf 81' lang='grc' dir='ltr'>τῆς</span> <span class='ocrx_word' id='word_1_395' title='bbox 1224 3545 1515 3616; x_wconf 82' lang='grc' dir='ltr'>ἁμαρτίας.</span> 
     </span>
    </p>
   </div>
   <div class='ocr_carea' id='block_1_57' title="bbox 1289 3524 2937 3616">
    <p class='ocr_par' dir='ltr' id='par_1_57' title="bbox 1289 3524 2937 3616">
     <span class='ocr_line' id='line_1_57' title="bbox 1289 3524 2937 3616; baseline -0.017 -18"><span class='ocrx_word' id='word_1_396' title='bbox 1289 3545 1515 3616; x_wconf 79' lang='grc' dir='ltr'>ιαρτίας.</span> <span class='ocrx_word' id='word_1_397' title='bbox 1975 3526 2063 3580; x_wconf 84' lang='grc'><strong>22.</strong></span> <span class='ocrx_word' id='word_1_398' title='bbox 2091 3524 2391 3593; x_wconf 81' lang='lat' dir='ltr'><strong>Regnantes</strong></span> <span class='ocrx_word' id='word_1_399' title='bbox 2417 3529 2602 3575; x_wconf 87' lang='lat' dir='ltr'><strong>contra</strong></span> <span class='ocrx_word' id='word_1_400' title='bbox 2637 3526 2937 3589; x_wconf 84' lang='lat' dir='ltr'><strong>peccatum.</strong></span> 
     </span>
    </p>
   </div>
   <div class='ocr_carea' id='block_1_58' title="bbox 305 3611 1953 3705">
    <p class='ocr_par' dir='ltr' id='par_1_58' title="bbox 305 3611 1431 3705">
     <span class='ocr_line' id='line_1_58' title="bbox 305 3611 1431 3705; baseline -0.004 -17"><span class='ocrx_word' id='word_1_401' title='bbox 305 3635 395 3689; x_wconf 87' lang='lat'><strong>25.</strong></span> <span class='ocrx_word' id='word_1_402' title='bbox 445 3611 997 3705; x_wconf 64' lang='grc' dir='ltr'>Ἐέαγορασθήσονται</span> <span class='ocrx_word' id='word_1_403' title='bbox 1032 3634 1122 3685; x_wconf 76' lang='grc' dir='ltr'><strong>ὑπ’</strong></span> <span class='ocrx_word' id='word_1_404' title='bbox 1146 3611 1223 3702; x_wconf 87' lang='grc'><strong>(2)</strong></span> <span class='ocrx_word' id='word_1_405' title='bbox 1249 3611 1431 3684; x_wconf 75' lang='grc' dir='ltr'>αὑτοῦ.</span> 
     </span>
    </p>
   </div>
   <div class='ocr_carea' id='block_1_59' title="bbox 1064 3611 2712 3705">
    <p class='ocr_par' dir='ltr' id='par_1_59' title="bbox 1070 3611 2712 3702">
     <span class='ocr_line' id='line_1_59' title="bbox 1070 3611 2712 3702; baseline -0.013 -18"><span class='ocrx_word' id='word_1_406' title='bbox 1070 3635 1122 3685; x_wconf 79' lang='grc' dir='ltr'>π’</span> <span class='ocrx_word' id='word_1_407' title='bbox 1146 3611 1223 3702; x_wconf 80' lang='grc'><strong>(2)</strong></span> <span class='ocrx_word' id='word_1_408' title='bbox 1249 3611 1431 3684; x_wconf 58' lang='grc' dir='ltr'>αὑτοῦ.</span> <span class='ocrx_word' id='word_1_409' title='bbox 1969 3619 2060 3670; x_wconf 84' lang='grc'><strong>25.</strong></span> <span class='ocrx_word' id='word_1_410' title='bbox 2099 3614 2452 3667; x_wconf 85' lang='lat' dir='ltr'><strong>Redimcntur</strong></span> <span class='ocrx_word' id='word_1_411' title='bbox 2481 3611 2547 3663; x_wconf 89' lang='lat' dir='ltr'><strong>ab</strong></span> <span class='ocrx_word' id='word_1_412' title='bbox 2581 3611 2712 3678; x_wconf 91' lang='lat' dir='ltr'><strong>ipso.</strong></span> 
     </span>
    </p>
   </div>
   <div class='ocr_carea' id='block_1_60' title="bbox 301 3702 1949 3797">
    <p class='ocr_par' dir='ltr' id='par_1_60' title="bbox 301 3702 1457 3797">
     <span class='ocr_line' id='line_1_60' title="bbox 301 3702 1457 3797; baseline 0.001 -20"><span class='ocrx_word' id='word_1_413' title='bbox 301 3723 394 3778; x_wconf 86' lang='grc'><strong>24.</strong></span> <span class='ocrx_word' id='word_1_414' title='bbox 429 3723 565 3789; x_wconf 74' lang='grc' dir='ltr'>Τοὺς</span> <span class='ocrx_word' id='word_1_415' title='bbox 596 3702 843 3797; x_wconf 61' lang='grc' dir='ltr'>πτωχούς</span> <span class='ocrx_word' id='word_1_416' title='bbox 866 3725 940 3797; x_wconf 89' lang='lat'>(5)</span> <span class='ocrx_word' id='word_1_417' title='bbox 973 3725 1036 3778; x_wconf 83' lang='grc' dir='ltr'>ὲκ</span> <span class='ocrx_word' id='word_1_418' title='bbox 1068 3722 1162 3778; x_wconf 80' lang='grc' dir='ltr'>τοῦ</span> <span class='ocrx_word' id='word_1_419' title='bbox 1190 3724 1457 3778; x_wconf 79' lang='grc' dir='ltr'>διαϐόλου.</span> 
     </span>
    </p>
   </div>
   <div class='ocr_carea' id='block_1_61' title="bbox 1022 3702 2670 3797">
    <p class='ocr_par' dir='ltr' id='par_1_61' title="bbox 1022 3702 2670 3778">
     <span class='ocr_line' id='line_1_61' title="bbox 1022 3702 2670 3778; baseline -0.015 -2"><span class='ocrx_word' id='word_1_420' title='bbox 1022 3742 1036 3778; x_wconf 87' lang='grc' dir='ltr'><strong>ι</strong></span> <span class='ocrx_word' id='word_1_421' title='bbox 1068 3722 1162 3778; x_wconf 80' lang='grc' dir='ltr'>τοῦ</span> <span class='ocrx_word' id='word_1_422' title='bbox 1190 3724 1457 3778; x_wconf 78' lang='grc' dir='ltr'>διαϐόλου,</span> <span class='ocrx_word' id='word_1_423' title='bbox 1968 3707 2057 3760; x_wconf 87' lang='grc'><strong>24.</strong></span> <span class='ocrx_word' id='word_1_424' title='bbox 2087 3705 2356 3775; x_wconf 84' lang='lat' dir='ltr'><strong>Pauperes</strong></span> <span class='ocrx_word' id='word_1_425' title='bbox 2385 3719 2412 3757; x_wconf 81' lang='lat' dir='ltr'><strong>a</strong></span> <span class='ocrx_word' id='word_1_426' title='bbox 2443 3702 2670 3757; x_wconf 83' lang='lat' dir='ltr'><strong>diabolo.</strong></span> 
     </span>
    </p>
   </div>
   <div class='ocr_carea' id='block_1_62' title="bbox 299 3797 1947 3888">
    <p class='ocr_par' dir='ltr' id='par_1_62' title="bbox 299 3815 1310 3888">
     <span class='ocr_line' id='line_1_62' title="bbox 299 3815 1310 3888; baseline 0.001 -18"><span class='ocrx_word' id='word_1_427' title='bbox 299 3815 392 3871; x_wconf 78' lang='lat'><strong>25.</strong></span> <span class='ocrx_word' id='word_1_428' title='bbox 425 3817 527 3870; x_wconf 82' lang='grc' dir='ltr'><strong>Τὸν</strong></span> <span class='ocrx_word' id='word_1_429' title='bbox 553 3819 870 3872; x_wconf 84' lang='grc' dir='ltr'>πιστεύοντα</span> <span class='ocrx_word' id='word_1_430' title='bbox 901 3818 1124 3872; x_wconf 87' lang='grc' dir='ltr'>παλαιόν</span> <span class='ocrx_word' id='word_1_431' title='bbox 1150 3817 1245 3888; x_wconf 79' lang='grc'>(4).</span> <span class='ocrx_word' id='word_1_432' title='bbox 1307 3862 1310 3865; x_wconf 95' lang='grc'>.</span> 
     </span>
    </p>
   </div>
   <div class='ocr_carea' id='block_1_63' title="bbox 965 3797 2613 3888">
    <p class='ocr_par' dir='ltr' id='par_1_63' title="bbox 965 3797 2613 3888">
     <span class='ocr_line' id='line_1_63' title="bbox 965 3797 2613 3888; baseline -0.015 -17"><span class='ocrx_word' id='word_1_433' title='bbox 965 3818 1124 3872; x_wconf 85' lang='grc' dir='ltr'>ιλαιόν</span> <span class='ocrx_word' id='word_1_434' title='bbox 1150 3817 1245 3888; x_wconf 76' lang='lat'>(4).</span> <span class='ocrx_word' id='word_1_435' title='bbox 1307 3862 1310 3865; x_wconf 96' lang='lat'><strong>.</strong></span> <span class='ocrx_word' id='word_1_436' title='bbox 1971 3799 2063 3854; x_wconf 86' lang='lat'><strong>25.</strong></span> <span class='ocrx_word' id='word_1_437' title='bbox 2096 3797 2334 3852; x_wconf 88' lang='lat' dir='ltr'><strong>Fidelem</strong></span> <span class='ocrx_word' id='word_1_438' title='bbox 2361 3805 2613 3850; x_wconf 77' lang='lat' dir='ltr'><strong>veterem.</strong></span> 
     </span>
    </p>
   </div>
   <div class='ocr_carea' id='block_1_64' title="bbox 299 3891 1947 3978">
    <p class='ocr_par' dir='ltr' id='par_1_64' title="bbox 299 3907 762 3978">
     <span class='ocr_line' id='line_1_64' title="bbox 299 3907 762 3978; baseline 0 -15"><span class='ocrx_word' id='word_1_439' title='bbox 299 3908 391 3964; x_wconf 89' lang='grc'><strong>26.</strong></span> <span class='ocrx_word' id='word_1_440' title='bbox 422 3907 540 3961; x_wconf 87' lang='grc' dir='ltr'>Τῶν</span> <span class='ocrx_word' id='word_1_441' title='bbox 572 3909 762 3978; x_wconf 82' lang='grc' dir='ltr'>ἁγίων.</span> 
     </span>
    </p>
   </div>
   <div class='ocr_carea' id='block_1_65' title="bbox 684 3891 2332 3978">
    <p class='ocr_par' dir='ltr' id='par_1_65' title="bbox 684 3891 2332 3964">
     <span class='ocr_line' id='line_1_65' title="bbox 684 3891 2332 3964; baseline -0.012 -2"><span class='ocrx_word' id='word_1_442' title='bbox 684 3928 762 3964; x_wconf 83' lang='grc' dir='ltr'><strong>υν.</strong></span> <span class='ocrx_word' id='word_1_443' title='bbox 1971 3893 2059 3948; x_wconf 86' lang='grc'><strong>26.</strong></span> <span class='ocrx_word' id='word_1_444' title='bbox 2096 3891 2332 3946; x_wconf 90' lang='lat' dir='ltr'><strong>Sanctis.</strong></span> 
     </span>
    </p>
   </div>
   <div class='ocr_carea' id='block_1_66' title="bbox 299 3970 1947 4068">
    <p class='ocr_par' dir='ltr' id='par_1_66' title="bbox 299 3970 1595 4068">
     <span class='ocr_line' id='line_1_66' title="bbox 299 3970 1595 4068; baseline -0.002 -17"><span class='ocrx_word' id='word_1_445' title='bbox 299 3998 390 4051; x_wconf 87' lang='lat'><strong>27.</strong></span> <span class='ocrx_word' id='word_1_446' title='bbox 418 3998 536 4050; x_wconf 85' lang='grc' dir='ltr'>Τῶν</span> <span class='ocrx_word' id='word_1_447' title='bbox 566 3970 1014 4068; x_wconf 81' lang='grc' dir='ltr'>προσφευγόντων</span> <span class='ocrx_word' id='word_1_448' title='bbox 1042 3999 1134 4052; x_wconf 74' lang='grc' dir='ltr'><strong>ἐπὶ</strong></span> <span class='ocrx_word' id='word_1_449' title='bbox 1161 3999 1218 4051; x_wconf 72' lang='grc' dir='ltr'>τὸ</span> <span class='ocrx_word' id='word_1_450' title='bbox 1241 3998 1383 4061; x_wconf 75' lang='grc' dir='ltr'>ἔλεος</span> <span class='ocrx_word' id='word_1_451' title='bbox 1411 3995 1595 4050; x_wconf 73' lang='grc' dir='ltr'>αὑτοῦ.</span> 
     </span>
    </p>
   </div>
   <div class='ocr_carea' id='block_1_67' title="bbox 1779 3970 3427 4068">
    <p class='ocr_par' dir='ltr' id='par_1_67' title="bbox 1965 3970 3427 4052">
     <span class='ocr_line' id='line_1_67' title="bbox 1965 3970 3427 4052; baseline -0.011 -12"><span class='ocrx_word' id='word_1_452' title='bbox 1965 3986 2052 4040; x_wconf 85' lang='grc'>27.</span> <span class='ocrx_word' id='word_1_453' title='bbox 2081 3983 2281 4040; x_wconf 88' lang='lat' dir='ltr'><strong>Eorum</strong></span> <span class='ocrx_word' id='word_1_454' title='bbox 2306 3980 2398 4052; x_wconf 91' lang='lat' dir='ltr'><strong>qui</strong></span> <span class='ocrx_word' id='word_1_455' title='bbox 2423 3978 2488 4034; x_wconf 89' lang='lat' dir='ltr'><strong>ad</strong></span> <span class='ocrx_word' id='word_1_456' title='bbox 2512 3976 2630 4048; x_wconf 89' lang='lat' dir='ltr'><strong>ejus</strong></span> <span class='ocrx_word' id='word_1_457' title='bbox 2659 3971 3078 4030; x_wconf 88' lang='lat' dir='ltr'><strong>misericordiam</strong></span> <span class='ocrx_word' id='word_1_458' title='bbox 3109 3970 3427 4042; x_wconf 78' lang='lat' dir='ltr'><strong>confugiunt</strong></span> 
     </span>
    </p>
   </div>
   <div class='ocr_carea' id='block_1_68' title="bbox 299 4066 1947 4159">
    <p class='ocr_par' dir='ltr' id='par_1_68' title="bbox 299 4066 1655 4159">
     <span class='ocr_line' id='line_1_68' title="bbox 299 4066 1655 4159; baseline -0.001 -20"><span class='ocrx_word' id='word_1_459' title='bbox 299 4087 391 4140; x_wconf 86' lang='lat'><strong>28.</strong></span> <span class='ocrx_word' id='word_1_460' title='bbox 429 4087 522 4138; x_wconf 83' lang='grc' dir='ltr'>Ἐκ</span> <span class='ocrx_word' id='word_1_461' title='bbox 676 4066 1126 4159; x_wconf 80' lang='grc' dir='ltr'>προϋπαρχούσης</span> <span class='ocrx_word' id='word_1_462' title='bbox 1158 4087 1334 4141; x_wconf 73' lang='grc' dir='ltr'>αὐτῶν</span> <span class='ocrx_word' id='word_1_463' title='bbox 1366 4085 1655 4156; x_wconf 83' lang='grc' dir='ltr'>ἁμαρτίας.</span> 
     </span>
    </p>
   </div>
   <div class='ocr_carea' id='block_1_69' title="bbox 1453 4066 3101 4159">
    <p class='ocr_par' dir='ltr' id='par_1_69' title="bbox 1453 4066 3101 4156">
     <span class='ocr_line' id='line_1_69' title="bbox 1453 4066 3101 4156; baseline -0.013 -17"><span class='ocrx_word' id='word_1_464' title='bbox 1453 4085 1655 4156; x_wconf 77' lang='grc' dir='ltr'>ιρτίας.</span> <span class='ocrx_word' id='word_1_465' title='bbox 1960 4077 2049 4132; x_wconf 84' lang='lat'><strong>28.</strong></span> <span class='ocrx_word' id='word_1_466' title='bbox 2075 4075 2151 4130; x_wconf 84' lang='lat' dir='ltr'><strong>Ex</strong></span> <span class='ocrx_word' id='word_1_467' title='bbox 2175 4071 2600 4147; x_wconf 67' lang='lat' dir='ltr'><strong>prmcedentibus</strong></span> <span class='ocrx_word' id='word_1_468' title='bbox 2629 4083 2815 4122; x_wconf 88' lang='lat' dir='ltr'><strong>eorum</strong></span> <span class='ocrx_word' id='word_1_469' title='bbox 2851 4066 3101 4135; x_wconf 88' lang='lat' dir='ltr'><strong>peccatis.</strong></span> 
     </span>
    </p>
   </div>
   <div class='ocr_carea' id='block_1_70' title="bbox 299 4151 1947 4249">
    <p class='ocr_par' dir='ltr' id='par_1_70' title="bbox 299 4151 1786 4249">
     <span class='ocr_line' id='line_1_70' title="bbox 299 4151 1786 4249; baseline -0.003 -18"><span class='ocrx_word' id='word_1_470' title='bbox 299 4176 390 4231; x_wconf 87' lang='lat'><strong>29.</strong></span> <span class='ocrx_word' id='word_1_471' title='bbox 426 4151 815 4248; x_wconf 73' lang='grc' dir='ltr'>Δεδοξασμένον</span> <span class='ocrx_word' id='word_1_472' title='bbox 1019 4151 1191 4249; x_wconf 66' lang='grc' dir='ltr'>ὄνομα</span> <span class='ocrx_word' id='word_1_473' title='bbox 1247 4151 1416 4230; x_wconf 38' lang='grc' dir='ltr'>αὐτοῦ’</span> <span class='ocrx_word' id='word_1_474' title='bbox 1485 4151 1542 4228; x_wconf 61' lang='grc' dir='ltr'>ἐν</span> <span class='ocrx_word' id='word_1_475' title='bbox 1604 4175 1786 4238; x_wconf 81' lang='grc' dir='ltr'>αὐτοῖς</span> 
     </span>
    </p>
   </div>
   <div class='ocr_carea' id='block_1_71' title="bbox 1566 4151 3214 4249">
    <p class='ocr_par' dir='ltr' id='par_1_71' title="bbox 1604 4151 3214 4238">
     <span class='ocr_line' id='line_1_71' title="bbox 1604 4151 3214 4238; baseline -0.011 -10"><span class='ocrx_word' id='word_1_476' title='bbox 1604 4175 1786 4238; x_wconf 79' lang='grc' dir='ltr'>αὐτοῖς</span> <span class='ocrx_word' id='word_1_477' title='bbox 1967 4167 2056 4221; x_wconf 88' lang='grc'><strong>29.</strong></span> <span class='ocrx_word' id='word_1_478' title='bbox 2089 4165 2456 4222; x_wconf 87' lang='lat' dir='ltr'><strong>Gloriﬁcatum</strong></span> <span class='ocrx_word' id='word_1_479' title='bbox 2489 4169 2573 4215; x_wconf 90' lang='lat' dir='ltr'><strong>est</strong></span> <span class='ocrx_word' id='word_1_480' title='bbox 2600 4173 2794 4213; x_wconf 90' lang='lat' dir='ltr'><strong>nomen</strong></span> <span class='ocrx_word' id='word_1_481' title='bbox 2820 4156 2937 4224; x_wconf 90' lang='lat' dir='ltr'><strong>ejus</strong></span> <span class='ocrx_word' id='word_1_482' title='bbox 2974 4155 3026 4208; x_wconf 91' lang='lat' dir='ltr'><strong>in</strong></span> <span class='ocrx_word' id='word_1_483' title='bbox 3063 4151 3214 4224; x_wconf 88' lang='lat' dir='ltr'><strong>ipsis.</strong></span> 
     </span>
    </p>
   </div>
   <div class='ocr_carea' id='block_1_72' title="bbox 234 4267 506 4336">
    <p class='ocr_par' dir='ltr' id='par_1_72' title="bbox 234 4267 506 4336">
     <span class='ocr_line' id='line_1_72' title="bbox 234 4267 506 4336; baseline -0.007 -14"><span class='ocrx_word' id='word_1_484' title='bbox 234 4269 384 4322; x_wconf 71' lang='grc' dir='ltr'>ἐστιν</span> <span class='ocrx_word' id='word_1_485' title='bbox 410 4267 506 4336; x_wconf 81' lang='lat'>(5).</span> 
     </span>
    </p>
   </div>
   <div class='ocr_carea' id='block_1_73' title="bbox 301 4327 1949 4428">
    <p class='ocr_par' dir='ltr' id='par_1_73' title="bbox 301 4327 1790 4428">
     <span class='ocr_line' id='line_1_73' title="bbox 301 4327 1790 4428; baseline -0.007 -12"><span class='ocrx_word' id='word_1_486' title='bbox 301 4363 392 4417; x_wconf 88' lang='lat'><strong>50.</strong></span> <span class='ocrx_word' id='word_1_487' title='bbox 417 4327 486 4415; x_wconf 42' lang='lat' dir='ltr'><strong>‘Ol</strong></span> <span class='ocrx_word' id='word_1_488' title='bbox 509 4359 786 4414; x_wconf 78' lang='grc' dir='ltr'>ἀπόστολοι</span> <span class='ocrx_word' id='word_1_489' title='bbox 813 4357 1035 4413; x_wconf 82' lang='grc' dir='ltr'>δοθῶσιν</span> <span class='ocrx_word' id='word_1_490' title='bbox 1060 4357 1210 4428; x_wconf 84' lang='grc' dir='ltr'>αύτῷ</span> <span class='ocrx_word' id='word_1_491' title='bbox 1245 4359 1308 4410; x_wconf 80' lang='grc' dir='ltr'>ὲκ</span> <span class='ocrx_word' id='word_1_492' title='bbox 1336 4354 1430 4409; x_wconf 80' lang='grc' dir='ltr'><strong>τοῦ</strong></span> <span class='ocrx_word' id='word_1_493' title='bbox 1463 4353 1646 4416; x_wconf 74' lang='grc' dir='ltr'>ἔθνους</span> <span class='ocrx_word' id='word_1_494' title='bbox 1683 4352 1790 4406; x_wconf 89' lang='grc' dir='ltr'><strong>τῶν</strong></span> 
     </span>
    </p>
   </div>
   <div class='ocr_carea' id='block_1_74' title="bbox 1799 4327 3447 4428">
    <p class='ocr_par' dir='ltr' id='par_1_74' title="bbox 1969 4327 3447 4416">
     <span class='ocr_line' id='line_1_74' title="bbox 1969 4327 3447 4416; baseline -0.014 -15"><span class='ocrx_word' id='word_1_495' title='bbox 1969 4347 2057 4401; x_wconf 80' lang='lat'><strong>50.</strong></span> <span class='ocrx_word' id='word_1_496' title='bbox 2091 4345 2335 4416; x_wconf 84' lang='lat' dir='ltr'><strong>Apostoli</strong></span> <span class='ocrx_word' id='word_1_497' title='bbox 2371 4342 2576 4397; x_wconf 81' lang='lat' dir='ltr'><strong>dabunt</strong></span> <span class='ocrx_word' id='word_1_498' title='bbox 2625 4332 2945 4410; x_wconf 78' lang='lat' dir='ltr'><strong>[dabuntur]</strong></span> <span class='ocrx_word' id='word_1_499' title='bbox 2985 4332 3035 4387; x_wconf 87' lang='lat' dir='ltr'><strong>ei</strong></span> <span class='ocrx_word' id='word_1_500' title='bbox 3069 4347 3132 4387; x_wconf 83' lang='lat' dir='ltr'><strong>ex</strong></span> <span class='ocrx_word' id='word_1_501' title='bbox 3173 4339 3328 4402; x_wconf 75' lang='lat' dir='ltr'><strong>gente</strong></span> <span class='ocrx_word' id='word_1_502' title='bbox 3355 4327 3447 4383; x_wconf 79' lang='lat' dir='ltr'><strong>Ju-</strong></span> 
     </span>
    </p>
   </div>
   <div class='ocr_carea' id='block_1_75' title="bbox 241 4440 1889 4509">
    <p class='ocr_par' dir='ltr' id='par_1_75' title="bbox 241 4452 530 4509">
     <span class='ocr_line' id='line_1_75' title="bbox 241 4452 530 4509; baseline -0.014 1"><span class='ocrx_word' id='word_1_503' title='bbox 241 4452 530 4509; x_wconf 82' lang='grc' dir='ltr'>Ἰουδαίων.</span> 
     </span>
    </p>
   </div>
   <div class='ocr_carea' id='block_1_76' title="bbox 507 4440 2155 4509">
    <p class='ocr_par' dir='ltr' id='par_1_76' title="bbox 507 4440 2155 4506">
     <span class='ocr_line' id='line_1_76' title="bbox 507 4440 2155 4506; baseline -0.009 0"><span class='ocrx_word' id='word_1_504' title='bbox 507 4472 530 4506; x_wconf 71' lang='grc' dir='ltr'><strong>ν.</strong></span> <span class='ocrx_word' id='word_1_505' title='bbox 1896 4440 2155 4496; x_wconf 57' lang='lat' dir='ltr'><strong>datorum.</strong></span> 
     </span>
    </p>
   </div>
   <div class='ocr_carea' id='block_1_77' title="bbox 299 4519 1947 4614">
    <p class='ocr_par' dir='ltr' id='par_1_77' title="bbox 299 4539 1426 4614">
     <span class='ocr_line' id='line_1_77' title="bbox 299 4539 1426 4614; baseline -0.007 -14"><span class='ocrx_word' id='word_1_506' title='bbox 299 4545 389 4600; x_wconf 74' lang='lat' dir='ltr'><strong>5i.</strong></span> <span class='ocrx_word' id='word_1_507' title='bbox 418 4541 732 4606; x_wconf 76' lang='grc' dir='ltr'>’Λπαύστως</span> <span class='ocrx_word' id='word_1_508' title='bbox 766 4540 1056 4614; x_wconf 84' lang='grc' dir='ltr'>κηρύξουσι</span> <span class='ocrx_word' id='word_1_509' title='bbox 1081 4542 1208 4612; x_wconf 75' lang='grc' dir='ltr'>περὶ</span> <span class='ocrx_word' id='word_1_510' title='bbox 1230 4539 1392 4593; x_wconf 78' lang='grc' dir='ltr'>αὑτοῦ</span> <span class='ocrx_word' id='word_1_511' title='bbox 1413 4575 1426 4591; x_wconf 93' lang='grc'>.</span> 
     </span>
    </p>
   </div>
   <div class='ocr_carea' id='block_1_78' title="bbox 1381 4519 3029 4614">
    <p class='ocr_par' dir='ltr' id='par_1_78' title="bbox 1381 4519 3029 4592">
     <span class='ocr_line' id='line_1_78' title="bbox 1381 4519 3029 4592; baseline -0.012 -1"><span class='ocrx_word' id='word_1_512' title='bbox 1381 4539 1426 4591; x_wconf 80' lang='lat' dir='ltr'><strong>i.</strong></span> <span class='ocrx_word' id='word_1_513' title='bbox 1968 4531 2055 4585; x_wconf 78' lang='grc'><strong>51.</strong></span> <span class='ocrx_word' id='word_1_514' title='bbox 2093 4532 2433 4584; x_wconf 83' lang='lat' dir='ltr'><strong>lncessanter</strong></span> <span class='ocrx_word' id='word_1_515' title='bbox 2461 4526 2528 4580; x_wconf 86' lang='lat' dir='ltr'><strong>de</strong></span> <span class='ocrx_word' id='word_1_516' title='bbox 2548 4538 2612 4578; x_wconf 86' lang='lat' dir='ltr'><strong>eo</strong></span> <span class='ocrx_word' id='word_1_517' title='bbox 2642 4519 3029 4592; x_wconf 67' lang='lat' dir='ltr'><strong>prmdicabunt.</strong></span> 
     </span>
    </p>
   </div>
   <div class='ocr_carea' id='block_1_79' title="bbox 301 4612 1949 4696">
    <p class='ocr_par' dir='ltr' id='par_1_79' title="bbox 301 4612 1866 4696">
     <span class='ocr_line' id='line_1_79' title="bbox 301 4612 1866 4696; baseline -0.004 -7"><span class='ocrx_word' id='word_1_518' title='bbox 301 4634 393 4689; x_wconf 88' lang='lat'><strong>52.</strong></span> <span class='ocrx_word' id='word_1_519' title='bbox 427 4633 806 4695; x_wconf 82' lang='grc' dir='ltr'>Ἀδιαλείπτως</span> <span class='ocrx_word' id='word_1_520' title='bbox 824 4612 1146 4696; x_wconf 79' lang='grc' dir='ltr'>δοξάσουσιν</span> <span class='ocrx_word' id='word_1_521' title='bbox 1176 4629 1361 4685; x_wconf 67' lang='grc' dir='ltr'>αὐτόν.</span> <span class='ocrx_word' id='word_1_522' title='bbox 1822 4627 1866 4682; x_wconf 87' lang='lat' dir='ltr'><strong><em>D</em></strong></span> 
     </span>
    </p>
   </div>
   <div class='ocr_carea' id='block_1_80' title="bbox 1436 4612 3084 4696">
    <p class='ocr_par' dir='ltr' id='par_1_80' title="bbox 1822 4612 3084 4688">
     <span class='ocr_line' id='line_1_80' title="bbox 1822 4612 3084 4688; baseline -0.015 -6"><span class='ocrx_word' id='word_1_523' title='bbox 1822 4627 1866 4682; x_wconf 84' lang='grc' dir='ltr'><strong>Ι)</strong></span> <span class='ocrx_word' id='word_1_524' title='bbox 1967 4623 2052 4678; x_wconf 89' lang='grc'><strong>52.</strong></span> <span class='ocrx_word' id='word_1_525' title='bbox 2090 4621 2464 4676; x_wconf 86' lang='lat' dir='ltr'><strong>lndesinenter</strong></span> <span class='ocrx_word' id='word_1_526' title='bbox 2486 4621 2656 4688; x_wconf 88' lang='lat' dir='ltr'><strong>ipsum</strong></span> <span class='ocrx_word' id='word_1_527' title='bbox 2689 4612 3084 4685; x_wconf 77' lang='lat' dir='ltr'><strong>gloriﬁcabunt.</strong></span> 
     </span>
    </p>
   </div>
   <div class='ocr_carea' id='block_1_81' title="bbox 297 4704 1945 4794">
    <p class='ocr_par' dir='ltr' id='par_1_81' title="bbox 297 4716 1783 4794">
     <span class='ocr_line' id='line_1_81' title="bbox 297 4716 1783 4794; baseline -0.007 -13"><span class='ocrx_word' id='word_1_528' title='bbox 297 4727 389 4781; x_wconf 87' lang='lat'><strong>55.</strong></span> <span class='ocrx_word' id='word_1_529' title='bbox 422 4725 611 4778; x_wconf 87' lang='grc' dir='ltr'>Ἔσται</span> <span class='ocrx_word' id='word_1_530' title='bbox 652 4723 939 4794; x_wconf 78' lang='grc' dir='ltr'>βεϐαίωσις</span> <span class='ocrx_word' id='word_1_531' title='bbox 965 4722 1070 4775; x_wconf 90' lang='grc' dir='ltr'><strong>τῶν</strong></span> <span class='ocrx_word' id='word_1_532' title='bbox 1103 4720 1454 4793; x_wconf 78' lang='grc' dir='ltr'>προφητικῶν</span> <span class='ocrx_word' id='word_1_533' title='bbox 1485 4719 1658 4787; x_wconf 78' lang='grc' dir='ltr'>λόγων</span> <span class='ocrx_word' id='word_1_534' title='bbox 1704 4716 1783 4790; x_wconf 90' lang='grc'>(6)</span> 
     </span>
    </p>
   </div>
   <div class='ocr_carea' id='block_1_82' title="bbox 1793 4704 3441 4794">
    <p class='ocr_par' dir='ltr' id='par_1_82' title="bbox 1967 4704 3441 4775">
     <span class='ocr_line' id='line_1_82' title="bbox 1967 4704 3441 4775; baseline -0.013 -7"><span class='ocrx_word' id='word_1_535' title='bbox 1967 4717 2054 4770; x_wconf 83' lang='lat'><strong>55.</strong></span> <span class='ocrx_word' id='word_1_536' title='bbox 2087 4711 2202 4765; x_wconf 84' lang='lat' dir='ltr'><strong>Erit</strong></span> <span class='ocrx_word' id='word_1_537' title='bbox 2248 4708 2585 4764; x_wconf 87' lang='lat' dir='ltr'><strong>conﬁrmatio</strong></span> <span class='ocrx_word' id='word_1_538' title='bbox 2633 4704 3068 4775; x_wconf 79' lang='lat' dir='ltr'><strong>prepheticornm</strong></span> <span class='ocrx_word' id='word_1_539' title='bbox 3132 4711 3441 4753; x_wconf 87' lang='lat' dir='ltr'><strong>sermonum</strong></span> 
     </span>
    </p>
   </div>
   <div class='ocr_carea' id='block_1_83' title="bbox 223 4801 1871 4886">
    <p class='ocr_par' dir='ltr' id='par_1_83' title="bbox 223 4811 1056 4886">
     <span class='ocr_line' id='line_1_83' title="bbox 223 4811 1056 4886; baseline -0.006 -16"><span class='ocrx_word' id='word_1_540' title='bbox 223 4816 291 4870; x_wconf 77' lang='grc' dir='ltr'>τὸ</span> <span class='ocrx_word' id='word_1_541' title='bbox 314 4815 576 4886; x_wconf 81' lang='grc' dir='ltr'>κήρυγμα</span> <span class='ocrx_word' id='word_1_542' title='bbox 595 4813 702 4867; x_wconf 85' lang='grc' dir='ltr'><strong>τῶν</strong></span> <span class='ocrx_word' id='word_1_543' title='bbox 722 4811 1056 4866; x_wconf 83' lang='grc' dir='ltr'>ἀποστόλων.</span> 
     </span>
    </p>
   </div>
   <div class='ocr_carea' id='block_1_84' title="bbox 971 4801 2619 4886">
    <p class='ocr_par' dir='ltr' id='par_1_84' title="bbox 971 4801 2619 4878">
     <span class='ocr_line' id='line_1_84' title="bbox 971 4801 2619 4878; baseline -0.007 -15"><span class='ocrx_word' id='word_1_544' title='bbox 971 4829 1056 4865; x_wconf 79' lang='grc' dir='ltr'><strong>υν.</strong></span> <span class='ocrx_word' id='word_1_545' title='bbox 1895 4804 2204 4878; x_wconf 61' lang='lat' dir='ltr'><strong>praedicatio</strong></span> <span class='ocrx_word' id='word_1_546' title='bbox 2232 4801 2619 4872; x_wconf 85' lang='lat' dir='ltr'><strong>apostolorum.</strong></span> 
     </span>
    </p>
   </div>
   <div class='ocr_carea' id='block_1_85' title="bbox 292 4882 1940 4974">
    <p class='ocr_par' dir='ltr' id='par_1_85' title="bbox 292 4882 1786 4974">
     <span class='ocr_line' id='line_1_85' title="bbox 292 4882 1786 4974; baseline -0.009 -12"><span class='ocrx_word' id='word_1_547' title='bbox 292 4882 404 4963; x_wconf 26' lang='grc' dir='ltr'>ν</span> <span class='ocrx_word' id='word_1_548' title='bbox 421 4907 479 4958; x_wconf 89' lang='lat'><strong>&#39;0</strong></span> <span class='ocrx_word' id='word_1_549' title='bbox 505 4882 629 4968; x_wconf 77' lang='grc' dir='ltr'>λαὸς</span> <span class='ocrx_word' id='word_1_550' title='bbox 649 4905 677 4956; x_wconf 85' lang='grc' dir='ltr'>ὁ</span> <span class='ocrx_word' id='word_1_551' title='bbox 705 4903 893 4966; x_wconf 78' lang='grc' dir='ltr'>πιστὸς</span> <span class='ocrx_word' id='word_1_552' title='bbox 925 4903 1062 4974; x_wconf 78' lang='grc' dir='ltr'>ὑπὲρ</span> <span class='ocrx_word' id='word_1_553' title='bbox 1089 4901 1177 4956; x_wconf 81' lang='grc' dir='ltr'>τὸν</span> <span class='ocrx_word' id='word_1_554' title='bbox 1201 4899 1329 4953; x_wconf 82' lang='grc' dir='ltr'>λαὸν</span> <span class='ocrx_word' id='word_1_555' title='bbox 1348 4899 1455 4954; x_wconf 87' lang='grc' dir='ltr'><strong>τῶν</strong></span> <span class='ocrx_word' id='word_1_556' title='bbox 1489 4894 1786 4950; x_wconf 87' lang='grc' dir='ltr'>Ἰουδαίων.</span> 
     </span>
    </p>
   </div>
   <div class='ocr_carea' id='block_1_86' title="bbox 1702 4882 3350 4974">
    <p class='ocr_par' dir='ltr' id='par_1_86' title="bbox 1702 4882 3350 4964">
     <span class='ocr_line' id='line_1_86' title="bbox 1702 4882 3350 4964; baseline -0.01 -15"><span class='ocrx_word' id='word_1_557' title='bbox 1702 4912 1786 4948; x_wconf 85' lang='grc' dir='ltr'><strong>υν.</strong></span> <span class='ocrx_word' id='word_1_558' title='bbox 1964 4897 2052 4951; x_wconf 89' lang='lat'><strong>54.</strong></span> <span class='ocrx_word' id='word_1_559' title='bbox 2085 4893 2322 4964; x_wconf 88' lang='lat' dir='ltr'><strong>Populus</strong></span> <span class='ocrx_word' id='word_1_560' title='bbox 2347 4891 2516 4946; x_wconf 88' lang='lat' dir='ltr'><strong>ﬁdelis</strong></span> <span class='ocrx_word' id='word_1_561' title='bbox 2549 4904 2712 4958; x_wconf 87' lang='lat' dir='ltr'><strong>super</strong></span> <span class='ocrx_word' id='word_1_562' title='bbox 2745 4900 3000 4956; x_wconf 78' lang='lat' dir='ltr'><strong>populum</strong></span> <span class='ocrx_word' id='word_1_563' title='bbox 3022 4882 3350 4937; x_wconf 66' lang='lat' dir='ltr'><strong>Judaaorum.</strong></span> 
     </span>
    </p>
   </div>
   <div class='ocr_carea' id='block_1_87' title="bbox 295 4973 1943 5068">
    <p class='ocr_par' dir='ltr' id='par_1_87' title="bbox 295 4973 1782 5068">
     <span class='ocr_line' id='line_1_87' title="bbox 295 4973 1782 5068; baseline -0.007 -15"><span class='ocrx_word' id='word_1_564' title='bbox 295 4999 386 5054; x_wconf 88' lang='lat'><strong>55.</strong></span> <span class='ocrx_word' id='word_1_565' title='bbox 419 4995 522 5050; x_wconf 79' lang='grc' dir='ltr'><strong>Καὶ</strong></span> <span class='ocrx_word' id='word_1_566' title='bbox 551 4996 626 5068; x_wconf 83' lang='grc'>(7)</span> <span class='ocrx_word' id='word_1_567' title='bbox 659 4973 1043 5064; x_wconf 70' lang='grc' dir='ltr'>ἐκλάμψουσιν</span> <span class='ocrx_word' id='word_1_568' title='bbox 1072 4995 1127 5047; x_wconf 80' lang='grc' dir='ltr'>ὲν</span> <span class='ocrx_word' id='word_1_569' title='bbox 1161 4995 1226 5064; x_wconf 81' lang='grc' dir='ltr'>τῇ</span> <span class='ocrx_word' id='word_1_570' title='bbox 1256 4992 1367 5047; x_wconf 75' lang='grc' dir='ltr'>ἄνω</span> <span class='ocrx_word' id='word_1_571' title='bbox 1405 4987 1782 5060; x_wconf 81' lang='grc' dir='ltr'>Ἰερουσαλήμ.</span> 
     </span>
    </p>
   </div>
   <div class='ocr_carea' id='block_1_88' title="bbox 1559 4973 3207 5068">
    <p class='ocr_par' dir='ltr' id='par_1_88' title="bbox 1559 4973 3207 5057">
     <span class='ocr_line' id='line_1_88' title="bbox 1559 4973 3207 5057; baseline -0.008 -18"><span class='ocrx_word' id='word_1_572' title='bbox 1559 4987 1782 5057; x_wconf 78' lang='grc' dir='ltr'>ισαλήμ.</span> <span class='ocrx_word' id='word_1_573' title='bbox 1962 4990 2051 5043; x_wconf 85' lang='grc'><strong>55.</strong></span> <span class='ocrx_word' id='word_1_574' title='bbox 2086 4987 2152 5040; x_wconf 86' lang='grc' dir='ltr'>Ει</span> <span class='ocrx_word' id='word_1_575' title='bbox 2183 4984 2513 5055; x_wconf 77' lang='lat' dir='ltr'><strong>aﬁ‘ulgebunt</strong></span> <span class='ocrx_word' id='word_1_576' title='bbox 2545 4983 2599 5035; x_wconf 94' lang='lat' dir='ltr'><strong>in</strong></span> <span class='ocrx_word' id='word_1_577' title='bbox 2633 4993 2863 5049; x_wconf 87' lang='lat' dir='ltr'><strong>superna</strong></span> <span class='ocrx_word' id='word_1_578' title='bbox 2889 4973 3207 5030; x_wconf 88' lang='lat' dir='ltr'><strong>Jerusalem.</strong></span> 
     </span>
    </p>
   </div>
   <div class='ocr_carea' id='block_1_89' title="bbox 297 5073 1945 5156">
    <p class='ocr_par' dir='ltr' id='par_1_89' title="bbox 297 5085 1312 5156">
     <span class='ocr_line' id='line_1_89' title="bbox 297 5085 1312 5156; baseline -0.007 -12"><span class='ocrx_word' id='word_1_579' title='bbox 297 5088 387 5146; x_wconf 84' lang='lat'><strong>56.</strong></span> <span class='ocrx_word' id='word_1_580' title='bbox 409 5089 502 5152; x_wconf 76' lang='grc' dir='ltr'><strong>Εἰς</strong></span> <span class='ocrx_word' id='word_1_581' title='bbox 521 5089 646 5151; x_wconf 78' lang='grc' dir='ltr'>τοὺς</span> <span class='ocrx_word' id='word_1_582' title='bbox 673 5087 1057 5156; x_wconf 76' lang='grc' dir='ltr'>ἀτελευτήτους</span> <span class='ocrx_word' id='word_1_583' title='bbox 1087 5085 1312 5148; x_wconf 73' lang='grc' dir='ltr'>αἰῶνας.</span> 
     </span>
    </p>
   </div>
   <div class='ocr_carea' id='block_1_90' title="bbox 979 5073 2627 5156">
    <p class='ocr_par' dir='ltr' id='par_1_90' title="bbox 979 5073 2627 5150">
     <span class='ocr_line' id='line_1_90' title="bbox 979 5073 2627 5150; baseline -0.009 -11"><span class='ocrx_word' id='word_1_584' title='bbox 979 5103 1057 5150; x_wconf 67' lang='lat' dir='ltr'><strong>iu;</strong></span> <span class='ocrx_word' id='word_1_585' title='bbox 1087 5085 1312 5148; x_wconf 73' lang='grc' dir='ltr'>αἰῶνας.</span> <span class='ocrx_word' id='word_1_586' title='bbox 1964 5077 2052 5131; x_wconf 84' lang='grc'><strong>56.</strong></span> <span class='ocrx_word' id='word_1_587' title='bbox 2088 5075 2140 5130; x_wconf 85' lang='lat' dir='ltr'><strong>in</strong></span> <span class='ocrx_word' id='word_1_588' title='bbox 2174 5075 2380 5130; x_wconf 87' lang='lat' dir='ltr'><strong>inﬁnita</strong></span> <span class='ocrx_word' id='word_1_589' title='bbox 2414 5073 2627 5129; x_wconf 72' lang='lat' dir='ltr'><strong>saecula.</strong></span> 
     </span>
    </p>
   </div>
   <div class='ocr_carea' id='block_1_91' title="bbox 294 5161 1942 5249">
    <p class='ocr_par' dir='ltr' id='par_1_91' title="bbox 294 5177 1221 5249">
     <span class='ocr_line' id='line_1_91' title="bbox 294 5177 1221 5249; baseline -0.002 -15"><span class='ocrx_word' id='word_1_590' title='bbox 294 5179 384 5234; x_wconf 90' lang='lat'><strong>57.</strong></span> <span class='ocrx_word' id='word_1_591' title='bbox 411 5178 684 5249; x_wconf 79' lang='grc' dir='ltr'>Ἀνάρχως</span> <span class='ocrx_word' id='word_1_592' title='bbox 706 5178 799 5231; x_wconf 80' lang='grc' dir='ltr'>καὶ</span> <span class='ocrx_word' id='word_1_593' title='bbox 827 5177 1221 5247; x_wconf 72' lang='grc' dir='ltr'>ἀπερινοήτως.</span> 
     </span>
    </p>
   </div>
   <div class='ocr_carea' id='block_1_92' title="bbox 1618 5161 3266 5249">
    <p class='ocr_par' dir='ltr' id='par_1_92' title="bbox 1959 5161 3266 5238">
     <span class='ocr_line' id='line_1_92' title="bbox 1959 5161 3266 5238; baseline -0.008 -14"><span class='ocrx_word' id='word_1_594' title='bbox 1959 5170 2046 5224; x_wconf 82' lang='lat'><strong>57.</strong></span> <span class='ocrx_word' id='word_1_595' title='bbox 2082 5167 2209 5223; x_wconf 90' lang='lat' dir='ltr'><strong>Sine</strong></span> <span class='ocrx_word' id='word_1_596' title='bbox 2238 5166 2521 5238; x_wconf 83' lang='lat' dir='ltr'><strong>principio,</strong></span> <span class='ocrx_word' id='word_1_597' title='bbox 2552 5176 2605 5220; x_wconf 90' lang='lat' dir='ltr'><strong>et</strong></span> <span class='ocrx_word' id='word_1_598' title='bbox 2635 5161 3266 5234; x_wconf 75' lang='lat' dir='ltr'><strong>incompreliensiliiliter.</strong></span> 
     </span>
    </p>
   </div>
   <div class='ocr_carea' id='block_1_93' title="bbox 298 5250 1946 5341">
    <p class='ocr_par' dir='ltr' id='par_1_93' title="bbox 298 5263 1788 5341">
     <span class='ocr_line' id='line_1_93' title="bbox 298 5263 1788 5341; baseline -0.007 -17"><span class='ocrx_word' id='word_1_599' title='bbox 298 5269 388 5327; x_wconf 85' lang='lat'><strong>58.</strong></span> <span class='ocrx_word' id='word_1_600' title='bbox 419 5271 509 5323; x_wconf 83' lang='grc' dir='ltr'><strong>Ἐν</strong></span> <span class='ocrx_word' id='word_1_601' title='bbox 543 5271 623 5341; x_wconf 84' lang='grc' dir='ltr'>τῷ</span> <span class='ocrx_word' id='word_1_602' title='bbox 655 5269 875 5339; x_wconf 84' lang='grc' dir='ltr'>ὀνόματι</span> <span class='ocrx_word' id='word_1_603' title='bbox 915 5267 1076 5322; x_wconf 86' lang='grc' dir='ltr'><strong>αὐτοῦ</strong></span> <span class='ocrx_word' id='word_1_604' title='bbox 1111 5265 1546 5338; x_wconf 72' lang='grc' dir='ltr'>’ἁγιασθήσονται</span> <span class='ocrx_word' id='word_1_605' title='bbox 1606 5263 1655 5314; x_wconf 87' lang='grc' dir='ltr'>οῑ</span> <span class='ocrx_word' id='word_1_606' title='bbox 1701 5277 1788 5313; x_wconf 81' lang='grc' dir='ltr'>πιο</span> 
     </span>
    </p>
   </div>
   <div class='ocr_carea' id='block_1_94' title="bbox 1794 5250 3442 5341">
    <p class='ocr_par' dir='ltr' id='par_1_94' title="bbox 1966 5250 3442 5327">
     <span class='ocr_line' id='line_1_94' title="bbox 1966 5250 3442 5327; baseline -0.005 -14"><span class='ocrx_word' id='word_1_607' title='bbox 1966 5258 2055 5313; x_wconf 82' lang='grc'><strong>58.</strong></span> <span class='ocrx_word' id='word_1_608' title='bbox 2087 5258 2141 5313; x_wconf 85' lang='grc' dir='ltr'><strong>1η</strong></span> <span class='ocrx_word' id='word_1_609' title='bbox 2176 5258 2393 5313; x_wconf 89' lang='lat' dir='ltr'><strong>nomine</strong></span> <span class='ocrx_word' id='word_1_610' title='bbox 2413 5257 2532 5327; x_wconf 87' lang='lat' dir='ltr'><strong>ejus</strong></span> <span class='ocrx_word' id='word_1_611' title='bbox 2551 5258 2828 5312; x_wconf 82' lang='lat' dir='ltr'><strong>credentes</strong></span> <span class='ocrx_word' id='word_1_612' title='bbox 2857 5257 2909 5310; x_wconf 91' lang='lat' dir='ltr'><strong>in</strong></span> <span class='ocrx_word' id='word_1_613' title='bbox 2937 5254 3113 5325; x_wconf 88' lang='lat' dir='ltr'><strong>ipsum</strong></span> <span class='ocrx_word' id='word_1_614' title='bbox 3140 5250 3442 5306; x_wconf 82' lang='lat' dir='ltr'><strong>sanctiﬁca-</strong></span> 
     </span>
    </p>
   </div>
   <div class='ocr_carea' id='block_1_95' title="bbox 223 5351 1871 5429">
    <p class='ocr_par' dir='ltr' id='par_1_95' title="bbox 223 5358 801 5429">
     <span class='ocr_line' id='line_1_95' title="bbox 223 5358 801 5429; baseline -0.007 -13"><span class='ocrx_word' id='word_1_615' title='bbox 223 5361 505 5423; x_wconf 81' lang='grc' dir='ltr'>στεύοντες</span> <span class='ocrx_word' id='word_1_616' title='bbox 525 5359 600 5429; x_wconf 88' lang='grc'>(8)</span> <span class='ocrx_word' id='word_1_617' title='bbox 631 5358 801 5428; x_wconf 79' lang='grc' dir='ltr'>αὐτῷ.</span> 
     </span>
    </p>
   </div>
   <div class='ocr_carea' id='block_1_96' title="bbox 457 5351 2105 5429">
    <p class='ocr_par' dir='ltr' id='par_1_96' title="bbox 457 5351 2105 5429">
     <span class='ocr_line' id='line_1_96' title="bbox 457 5351 2105 5429; baseline -0.007 -15"><span class='ocrx_word' id='word_1_618' title='bbox 457 5376 505 5423; x_wconf 81' lang='grc' dir='ltr'><strong>ες</strong></span> <span class='ocrx_word' id='word_1_619' title='bbox 525 5359 600 5429; x_wconf 88' lang='grc'><strong>(8)</strong></span> <span class='ocrx_word' id='word_1_620' title='bbox 631 5358 801 5428; x_wconf 79' lang='grc' dir='ltr'>αὐτῷ.</span> <span class='ocrx_word' id='word_1_621' title='bbox 1891 5351 2105 5404; x_wconf 87' lang='lat' dir='ltr'><strong>buntur.</strong></span> 
     </span>
    </p>
   </div>
   <div class='ocr_carea' id='block_1_97' title="bbox 1133 5501 2537 5585">
    <p class='ocr_par' dir='ltr' id='par_1_97' title="bbox 1133 5501 2537 5585">
     <span class='ocr_line' id='line_1_97' title="bbox 1133 5501 2537 5585; baseline -0.006 -15"><span class='ocrx_word' id='word_1_622' title='bbox 1133 5507 1435 5570; x_wconf 79' lang='lat' dir='ltr'><strong>Addenda</strong></span> <span class='ocrx_word' id='word_1_623' title='bbox 1482 5516 1543 5569; x_wconf 91' lang='lat' dir='ltr'><strong>et</strong></span> <span class='ocrx_word' id='word_1_624' title='bbox 1583 5504 1958 5585; x_wconf 85' lang='lat' dir='ltr'><strong>corrigenda</strong></span> <span class='ocrx_word' id='word_1_625' title='bbox 2015 5522 2090 5566; x_wconf 77' lang='lat' dir='ltr'><strong>ex</strong></span> <span class='ocrx_word' id='word_1_626' title='bbox 2151 5503 2290 5564; x_wconf 90' lang='lat' dir='ltr'><strong>cod.</strong></span> <span class='ocrx_word' id='word_1_627' title='bbox 2337 5501 2537 5563; x_wconf 75' lang='lat' dir='ltr'><strong>Vatic.</strong></span> 
     </span>
    </p>
   </div>
   <div class='ocr_carea' id='block_1_98' title="bbox 321 5624 1969 5702">
    <p class='ocr_par' dir='ltr' id='par_1_98' title="bbox 321 5624 1969 5702">
     <span class='ocr_line' id='line_1_98' title="bbox 321 5624 1969 5702; baseline -0.004 -15"><span class='ocrx_word' id='word_1_628' title='bbox 321 5633 378 5702; x_wconf 73' lang='grc'>1)</span> <span class='ocrx_word' id='word_1_629' title='bbox 415 5631 679 5685; x_wconf 85' lang='grc' dir='ltr'>Ἰουδαίων</span> <span class='ocrx_word' id='word_1_630' title='bbox 715 5627 1040 5692; x_wconf 80' lang='grc' dir='ltr'>ἀποστόλους</span> <span class='ocrx_word' id='word_1_631' title='bbox 1069 5624 1329 5694; x_wconf 68' lang='grc' dir='ltr'>Ἀρπῇσς,</span> <span class='ocrx_word' id='word_1_632' title='bbox 1373 5635 1478 5682; x_wconf 88' lang='lat' dir='ltr'><strong>etc.</strong></span> 
     </span>
    </p>
   </div>
   <div class='ocr_carea' id='block_1_99' title="bbox 802 5624 2450 5702">
    <p class='ocr_par' dir='ltr' id='par_1_99' title="bbox 802 5624 2450 5702">
     <span class='ocr_line' id='line_1_99' title="bbox 802 5624 2450 5702; baseline -0.004 -20"><span class='ocrx_word' id='word_1_633' title='bbox 802 5627 1040 5692; x_wconf 73' lang='grc' dir='ltr'>οπόλους</span> <span class='ocrx_word' id='word_1_634' title='bbox 1069 5624 1329 5694; x_wconf 75' lang='grc' dir='ltr'>Ἀοαῇσς,</span> <span class='ocrx_word' id='word_1_635' title='bbox 1373 5635 1478 5682; x_wconf 87' lang='lat' dir='ltr'><strong>etc.</strong></span> <span class='ocrx_word' id='word_1_636' title='bbox 2053 5626 2261 5702; x_wconf 55' lang='lat' dir='ltr'><strong>_&#39;_E_O&#39;ttif</strong></span> <span class='ocrx_word' id='word_1_637' title='bbox 2282 5624 2450 5678; x_wconf 90' lang='lat' dir='ltr'><strong>deest.</strong></span> 
     </span>
    </p>
   </div>
   <div class='ocr_carea' id='block_1_100' title="bbox 321 5692 2855 5773">
    <p class='ocr_par' dir='ltr' id='par_1_100' title="bbox 321 5692 2855 5773">
     <span class='ocr_line' id='line_1_100' title="bbox 321 5692 2855 5773; baseline -0.005 -15"><span class='ocrx_word' id='word_1_638' title='bbox 321 5692 375 5773; x_wconf 79' lang='grc'><strong>2)</strong></span> <span class='ocrx_word' id='word_1_639' title='bbox 405 5703 442 5755; x_wconf 86' lang='grc' dir='ltr'><strong><em>Γ</em></strong></span> <span class='ocrx_word' id='word_1_640' title='bbox 445 5703 513 5770; x_wconf 85' lang='grc' dir='ltr'>ὰρ</span> <span class='ocrx_word' id='word_1_641' title='bbox 551 5701 662 5773; x_wconf 75' lang='grc' dir='ltr'>ὑπ’.</span> <span class='ocrx_word' id='word_1_642' title='bbox 1228 5692 1234 5694; x_wconf 46' lang='grc'>⁷</span> <span class='ocrx_word' id='word_1_643' title='bbox 2053 5695 2172 5773; x_wconf 47' lang='grc' dir='ltr'>’ξ’-ῶν</span> <span class='ocrx_word' id='word_1_644' title='bbox 2205 5695 2375 5773; x_wconf 73' lang='grc' dir='ltr'>λόγων</span> <span class='ocrx_word' id='word_1_645' title='bbox 2410 5692 2515 5746; x_wconf 87' lang='grc' dir='ltr'><strong>τῶν</strong></span> <span class='ocrx_word' id='word_1_646' title='bbox 2546 5693 2855 5764; x_wconf 82' lang='grc' dir='ltr'>προφητῶν.</span> 
     </span>
    </p>
   </div>
   <div class='ocr_carea' id='block_1_101' title="bbox 319 5764 1967 5844">
    <p class='ocr_par' dir='ltr' id='par_1_101' title="bbox 319 5764 1967 5844">
     <span class='ocr_line' id='line_1_101' title="bbox 319 5764 1967 5844; baseline -0.007 -15"><span class='ocrx_word' id='word_1_647' title='bbox 319 5764 374 5844; x_wconf 71' lang='grc' dir='ltr'>ὅ)</span> <span class='ocrx_word' id='word_1_648' title='bbox 412 5764 657 5844; x_wconf 69' lang='grc' dir='ltr'>Πιστούς.</span> <span class='ocrx_word' id='word_1_649' title='bbox 1956 5771 1967 5830; x_wconf 87' lang='grc'><strong>(</strong></span> 
     </span>
    </p>
   </div>
   <div class='ocr_carea' id='block_1_102' title="bbox 706 5764 2354 5844">
    <p class='ocr_par' dir='ltr' id='par_1_102' title="bbox 1956 5764 2354 5844">
     <span class='ocr_line' id='line_1_102' title="bbox 1956 5764 2354 5844; baseline 0.003 -28"><span class='ocrx_word' id='word_1_650' title='bbox 1956 5765 2031 5844; x_wconf 61' lang='lat'>(1)</span> <span class='ocrx_word' id='word_1_651' title='bbox 2054 5766 2162 5844; x_wconf 51' lang='grc' dir='ltr'>ις-αί</span> <span class='ocrx_word' id='word_1_652' title='bbox 2190 5764 2354 5844; x_wconf 78' lang='lat' dir='ltr'><strong>deest.</strong></span> 
     </span>
    </p>
   </div>
   <div class='ocr_carea' id='block_1_103' title="bbox 299 5832 2481 5926">
    <p class='ocr_par' dir='ltr' id='par_1_103' title="bbox 299 5832 2481 5926">
     <span class='ocr_line' id='line_1_103' title="bbox 299 5832 2481 5926; baseline -0.004 -30"><span class='ocrx_word' id='word_1_653' title='bbox 402 5841 558 5896; x_wconf 84' lang='grc' dir='ltr'>Ααόν.</span> <span class='ocrx_word' id='word_1_654' title='bbox 621 5832 629 5834; x_wconf 33' lang='grc'><strong><em>⁷</em></strong></span> <span class='ocrx_word' id='word_1_655' title='bbox 1963 5832 2037 5904; x_wconf 87' lang='grc'><strong>(8)</strong></span> <span class='ocrx_word' id='word_1_656' title='bbox 2073 5832 2481 5896; x_wconf 82' lang='grc' dir='ltr'>Πιστεύσαντες.</span> 
     </span>
    </p>
   </div>
  </div>
