4174 6494
230 457 338 515 949
1084 451 1176 506 DE
1224 452 1500 510 Tl'IULlS
1540 449 1986 506 PSALMORUM.
2043 483 2111 492 —
2149 449 2343 504 PSAL.
2385 446 2590 502 LXXII.
3367 441 3469 496 950

297 574 388 630 40.
420 573 587 643 Κάγὼ
615 573 1054 642 ὲξουδενωμένος,
1087 573 1180 626 κα)⁸
1207 573 1308 625 οὐκ
1330 571 1498 640 ἔγνων
1518 588 1530 601 ·
1826 585 1870 639 Α

1826 585 1870 639 Α
1979 568 2067 623 40.
2127 567 2196 622 Ει
2229 584 2328 638 ego
2360 567 2424 621 ad
2453 565 2682 620 nihilum
2712 561 2960 618 redactus
2987 576 3129 626 sum,
3153 569 3206 614 et
3234 559 3467 616 nescivi:

303 663 392 718 41.
421 661 714 735 Κτηνὼδης
742 661 1003 732 ἐγενήθην
1041 660 1191 731 παρὰ
1225 660 1324 714 σοί.
1828 687 1834 696 -

1828 687 1834 696 ·
1986 662 2074 715 41.
2137 660 2449 715 Jumenlum
2483 658 2656 712 factus
2685 671 2803 711 sum
2833 655 2970 724 apud
2999 663 3067 708 te.

299 751 392 807 42.
429 752 598 822 Κάγὼ
622 752 912 814 διαπαντὸς
942 751 1079 821 μετὰ
1109 750 1201 802 006
1222 765 1234 778 ·

1172 750 1234 802 ὖ·
1983 753 2072 808 42.
2128 754 2192 807 Et
2229 768 2328 823 ego
2366 766 2579 820 semper
2603 759 2776 803 tecum
2808 766 2819 801 :

302 843 392 897 45.
440 844 775 914 Ἐκράτησας
804 843 901 913 τῆς
929 843 1107 912 χειρὸς
1129 843 1226 910 τῆς
1249 841 1426 906 δεξιᾶς
1459 859 1558 912 μου
1578 859 1592 872 ·

1520 860 1558 895 ιο
1578 859 1592 872 ·
1987 844 2077 897 45.
2134 841 2376 897 Tenuisli
2408 855 2627 893 manum
2658 839 2927 892 dexteram
2954 850 3127 889 meam
3156 853 3168 866 ·

303 933 394 987 44.
421 935 531 988 Kal
565 937 622 988 ὲν
645 937 709 1005 τῇ
744 934 903 1004 βουλῇ
935 951 1027 986 σου
1057 933 1342 1004 ὡδήγησάς
1372 950 1470 1004 μετ⁸

1468 957 1470 966 ι
1980 936 2071 990 44.
2127 933 2192 988 Et
2223 934 2280 986 in
2311 931 2539 987 consilio
2570 940 2661 984 luo
2685 928 2952 984 deduxisti
2994 942 3116 982 me:

305 1024 396 1078 45.
426 1026 536 1078 Kal
566 1024 702 1093 μετὰ
727 1023 881 1094 δόξης
913 1021 1244 1090 προσελάὸου
1279 1039 1364 1092 με.

1353 1065 1364 1075 -
1984 1025 2072 1080 45.
2130 1023 2196 1079 Ει
2223 1039 2344 1078 cum
2376 1021 2545 1092 gloria
2576 1018 2860 1089 suscepisti
2895 1033 2998 1072 ine.

307 1117 398 1170 46.
433 1117 496 1170 Τί
521 1116 630 1188 γάρ
665 1134 753 1186 μοι
776 1116 1012 1185 ὑπάρχει
1044 1117 1108 1168 ἐν,
1131 1114 1206 1185 τῷ
1236 1114 1475 1186 οὐρανῷ;

1356 1114 1475 1185 ινῷ;
1985 1117 2079 1171 46.
2137 1115 2276 1182 Quid
2303 1115 2444 1169 enim
2479 1112 2612 1166 mihi
2643 1121 2720 1167 est
2755 1112 2806 1165 in
2834 1109 3004 1166 εαξιοῖ

309 1209 401 1262 47.
435 1209 542 1262 Kal
565 1208 714 1279 παρὰ
741 1207 834 1260 006
863 1207 915 1259 τί
944 1207 1181 1276 ἠθέλησα
1211 1208 1302 1259 ἐπὶ
1332 1207 1428 1278 τῆς
1455 1207 1589 1277 γῆς;

1511 1207 1589 1277 is;
1997 1209 2086 1264 47.
2148 1207 2209 1262 Et
2241 1223 2271 1261 a
2312 1216 2365 1261 te
2393 1207 2523 1275 quid
2553 1206 2697 1260 volui
2730 1218 2892 1272 super
2924 1202 3159 1256 terram?

309 1300 397 1355 48.
442 1301 714 1366 Ἐξέλιπεν
764 1302 796 1370 ἡ
831 1299 1025 1371 καρδία
1060 1316 1160 1370 μου
1195 1300 1288 1352 καὶ
1333 1300 1365 1370 ἡ
1413 1299 1547 1370 σάρξ
1590 1316 1728 1370 μου,
1776 1300 1805 1352 ὀ

1995 1300 2087 1356 48.
2140 1297 2344 1354 Defecit
2369 1313 2497 1354 caro
2543 1312 2662 1352 mea
2692 1306 2744 1350 et
2776 1309 2869 1349 cor
2901 1309 3101 1352 meum.
3129 1291 3268 1348 Deus
3300 1293 3474 1347 cordis

232 1390 370 1455 Θεὸς
400 1392 475 1462 (α)
504 1393 600 1461 τῆς
627 1390 852 1462 καρδίας
886 1407 986 1461 μου
1009 1407 1023 1421 ⁸
1913 1395 2015 1449 mei
2052 1409 2067 1448 :

307 1483 397 1536 49.
423 1483 532 1535 Καὶ
557 1485 590 1553 ἡ
625 1483 781 1553 μερίς
810 1499 908 1553 μου
936 1484 964 1534 ὁ
988 1480 1119 1544 Θεὸς
1151 1483 1229 1545 είς
1255 1482 1346 1534 τὸν
1371 1484 1559 1536 αίῶνα.

1443 1484 1559 1536 Ilva.
1993 1485 2084 1538 49.
2143 1482 2208 1538 Et
2239 1499 2363 1554 pars
2389 1499 2508 1537 mea
2544 1482 2684 1536 Deus
2729 1482 2781 1535 in
2813 1489 3091 1536 aeternum.

308 1573 396 1627 50.
443 1575 564 1626 Ὀτι
617 1575 725 1626 ἰδοὺ
781 1575 830 1626 οἱ
883 1573 1246 1644 μακρύνοντες
1288 1576 1514 1640 ἑαυτοὺς
1554 1576 1661 1630 ἀπὸ
1710 1576 1804 1630 σοῦ

2000 1575 2089 1630 50.
2146 1572 2282 1639 Quia
2329 1589 2452 1628 ecce
2484 1573 2575 1642 qui
2620 1571 2869 1643 clongant
2910 1585 2966 1624 se
2995 1585 3023 1622 a
3070 1577 3143 1629 te.
3183 1566 3471 1637 peribunt:

232 1662 561 1720 ἀπολοῦνται
577 1680 591 1693 '

312 1754 400 1808 5|.
445 1753 670 1820 Ἐξωλόθ
680 1755 1076 1824 ρευσας,πάντα
1095 1756 1185 1809 τὸν
1215 1754 1540 1828 πορνεύοντα
1562 1756 1668 1809 ἀπὸ
1691 1756 1804 1813 σοῦ.

1725 1756 1804 1813 06.
1993 1754 2082 1808 5L
2135 1751 2419 1808 Perdidisti
2457 1768 2644 1808 omnes
2677 1751 2768 1819 qui
2805 1751 3137 1805 fornicantur
3180 1749 3275 1803 abs
3304 1757 3373 1802 le.

305 1845 396 1901 52.
430 1847 583 1915 Ἐμοὶ
609 1845 664 1898 δὲ
690 1846 750 1899 τὺ
775 1846 1205 1918 προσκολλᾶσθαι
1222 1847 1298 1917 τῷ
1315 1847 1432 1917 Θεῷ
1453 1847 1656 1915 ἀγαθόν
1672 1850 1804 1900 ἐστι*

1678 1850 1804 1900 ἐστι*
2001 1845 2098 1901 52.
2147 1844 2274 1899 Mihi
2306 1855 2484 1900 autem
2519 1845 2793 1901 adhzerere
2818 1843 2947 1911 Deo,
2978 1843 3178 1898 bonum
3211 1849 3326 1896 est:

307 1936 396 1991 55.
423 1937 680 1991 Τίθεσθαι
705 1939 760 1990 ὲν
786 1938 863 2009 τῷ
891 1939 1077 2009 Κυρίῳ
1104 1939 1201 2011 τὴν
1235 1940 1421 1992 ἐλπίδα
1454 1957 1576 2010 μου.
1839 1958 1882 2012 Β

1839 1958 1882 2012 Β
1995 1937 2084 1992 55.
2132 1937 2352 1993 Ponere
2383 1939 2436 1991 in
2469 1936 2697 1992 Domino
2727 1937 2834 1993 Deo
2861 1953 3008 2008 spem
3045 1951 3241 1991 meam.

310 2025 400 2080 54.
427 2027 533 2080 Τοῦ
556 2027 863 2096 ἐξαγγεῖλαι
897 2045 964 2098 με
994 2029 1172 2093 πάσας
1200 2028 1296 2091 τὰς
1328 2030 1560 2093 αἰνέσεις
1586 2047 1700 2093 σου,

1517 2047 1560 2093 ις
1586 2047 1700 2093 σου,
1991 2030 2082 2085 54.
2137 2029 2209 2086 Ut
2235 2033 2548 2087 annuntiem
2584 2046 2772 2086 omnes
2800 2031 2984 2086 laudes
3025 2038 3165 2094 tuas,

310 2116 402 2171 55.
444 2118 530 2171 Ἐν
551 2121 669 2181 ταῖς
694 2119 886 2183 πύλαις
912 2119 1012 2191 τῆς
1043 2118 1310 2188 θυγατρὸς
1336 2117 1493 2172 Σιών.

1096 2118 1310 2188 ιγατρδς
1336 2117 1493 2172 Σιών.
1994 2122 2082 2178 55.
2135 2124 2194 2179 In
2235 2125 2407 2194 portis
2438 2124 2560 2180 ﬁliae
2593 2125 2744 2180 Sion.

314 2291 393 2365 (α)
425 2290 581 2348 Vers.
605 2291 692 2358 49,
733 2295 791 2347 '0
815 2293 965 2359 Θεὸς,
1000 2306 1128 2359 etc.,
1157 2295 1247 2348 τὸν
1271 2295 1461 2352 αίῶνα.

1367 2450 1745 2506 ATHANASII
1790 2451 2367 2509 INTERPRETATIO.

315 2600 404 2655 40.
440 2603 548 2655 Kal
571 2600 990 2674 ἐξουδενωμένος
1017 2604 1162 2674 ήμην
1197 2603 1323 2674 παρ’
1353 2605 1536 2670 αὐτοῖς
1554 2646 1568 2670 ,
1597 2606 1690 2659 καὶ
1720 2605 1818 2659 οὐκ

1663 2606 1690 2659 .l
1720 2605 1818 2659 οὐκ
2006 2606 2096 2662 40.
2147 2606 2214 2662 Ει
2241 2614 2588 2678 contemptus
2619 2606 2694 2662 lui
2729 2607 2795 2663 ab
2825 2606 2979 2680 ipsis,
3005 2615 3059 2664 et
3082 2607 3311 2680 neglexi.

244 2693 408 2764 ἔμιλέ
439 2710 547 2764 μοι.

323 2786 412 2841 41.
440 2787 549 2840 Kal
573 2787 648 2850 ὡς
675 2786 871 2857 κτῆνος
895 2787 1044 2858 ήμην
1103 2785 1254 2858 παρὰ
1289 2787 1371 2839 00l
1409 2787 1486 2857 τῷ
1518 2787 1814 2862 βουλήματι

1992 2781 2082 2835 41.
2141 2779 2208 2836 Et
2235 2783 2400 2838 veluti
2429 2784 2738 2853 jumentum
2766 2785 2842 2839 fui
2868 2785 3011 2854 apud
3042 2793 3112 2852 te,
3137 2784 3284 2840 omni
3299 2784 3486 2841 volun-

248 2877 567 2949 ἐπιθέμενος
592 2879 769 2951 πάντῃ
798 2879 896 2950 (1).

798 2879 896 2950 (1).
1925 2872 2023 2926 tati
2054 2881 2159 2928 tuae
2191 2873 2429 2930 deditus.

324 2967 414 3022 42.
442 2970 499 3022 Ὀ
530 2969 730 3042 Κύριος
754 2969 899 3037 λέγει
921 2970 1056 3040 πρὸς
1080 2969 1242 3022 αὐτόν
1263 2987 1276 2999 ο
1298 2971 1406 3023 Kal
1432 2970 1541 3039 ἐγὼ
1563 2971 1648 3024 διὰ
1669 2972 1827 3026 τοῦτο

1991 2963 2081 3020 42.
2129 2967 2196 3022 Ει
2228 2966 2493 3025 Dominus
2523 2971 2656 3027 dicit
2692 2973 2758 3027 ad
2790 2987 2936 3036 eum,
2982 2981 3036 3026 et
3069 2986 3169 3042 ego
3202 2977 3487 3040 propterea

254 3064 401 3136 ήμην
432 3061 718 3126 διαπαντὸς
753 3061 890 3133 μετὰ
915 3061 1029 3116 σοῦ.

831 3061 890 3114 τὰ
915 3061 1029 3116 σοῦ.
1925 3061 2002 3115 fui
2030 3076 2245 3130 semper
2280 3071 2479 3117 tecum.

323 3155 412 3218 45,
441 3155 529 3208 44.
557 3155 664 3208 Kal
694 3155 768 3218 ὡς
814 3155 1044 3226 κτῆνος,
1088 3154 1222 3207 ὅπου
1256 3154 1348 3207 ἐὰν
1376 3153 1624 3226 ὡδήγησέ
1653 3155 1729 3227 (2)
1759 3174 1824 3227 με

1993 3155 2085 3222 45,
2124 3154 2212 3208 44.
2258 3153 2326 3209 Ει
2356 3155 2522 3210 veluti
2546 3151 2874 3226 iumentum,
2907 3170 3234 3226 quocunque
3266 3153 3489 3211 deduxit

321 3245 440 3316 χείρ
471 3261 562 3297 σου
594 3245 687 3297 καὶ
710 3245 769 3296 τὸ
794 3243 1006 3314 θέλημά
1037 3261 1150 3308 σου,
1181 3245 1539 3316 ἐπορευόμην.
1849 3231 1892 3290 C

1849 3231 1892 3290 C
1926 3259 2013 3299 me
2042 3260 2240 3301 manus
2268 3252 2383 3311 tua,
2419 3255 2472 3302 et
2495 3247 2748 3302 voluntas
2771 3255 2883 3311 tua,
2916 3247 3291 3318 procedebam.

323 3336 413 3391 45.
448 3337 555 3389 Kal
585 3335 678 3390 νῦν
705 3339 763 3390 ὲν
801 3340 866 3409 τῇ
897 3336 1140 3408 βασιλείᾳ
1176 3354 1268 3389 σου
1311 3338 1447 3409 μετὰ
1474 3338 1630 3410 δόξης
1657 3355 1825 3410 προσ-

1993 3332 2083 3388 45.
2126 3333 2193 3389 Et
2237 3351 2382 3391 nunc
2407 3337 2463 3390 in
2509 3351 2673 3407 regno
2707 3346 2800 3391 tuo
2841 3352 2963 3390 cum
2994 3335 3165 3406 gloria
3208 3331 3493 3402 suscepisti

250 3427 446 3481 ιλάόου
472 3446 559 3498 με.
1925 3441 2030 3480 me.

325 3517 414 3572 46.
452 3518 516 3570 Τί
536 3518 642 3590 γάρ
677 3519 766 3588 μοί
787 3519 934 3571 ἐστιν
967 3517 1092 3571 ἄλλο
1121 3519 1178 3570 ὲν
1201 3518 1279 3588 τῷ
1307 3519 1538 3589 οὐρανῷ,
1567 3521 1612 3571 εἰ
1645 3519 1723 3590 μὴ
1736 3517 1822 3571 διὰ

1994 3517 2082 3570 46.
2135 3515 2274 3582 Quid
2306 3516 2450 3570 enim
2485 3515 2615 3570 milii
2657 3525 2741 3572 est
2778 3519 2924 3573 aliud
2968 3519 3020 3573 in
3069 3520 3228 3586 coelo,
3283 3520 3388 3576 nisi
3435 3529 3494 3576 ut

251 3608 352 3680 τῆς
375 3608 592 3680 χάριτός
613 3627 704 3662 σου
726 3608 1120 3680 δοξασθήσομαι
1151 3609 1227 3680 (5)
1256 3609 1360 3661 ὑπὸ
1393 3609 1484 3663 σοῦ
1506 3627 1520 3677 ;

1293 3609 1360 3661 πὸ
1393 3609 1520 3677 σοῦ;
1924 3625 2020 3679 per
2051 3609 2281 3680 gratiam
2316 3617 2463 3664 tuam
2499 3618 2604 3664 ate
2638 3610 2941 3680 glorificer?

323 3701 416 3756 47.
445 3702 555 3756 Kal
580 3702 658 3756 ἔτι
686 3701 761 3755 ὢν
785 3705 841 3756 ὲν
871 3705 938 3774 τῇ
971 3705 1040 3772 γῇ
1071 3701 1228 3755 τοῦτο
1254 3702 1492 3774 ἠθέλησα
1523 3702 1674 3774 παρὰ
1704 3702 1819 3758 006.

1717 3702 1819 3758 τοῦ.
1995 3698 2088 3754 47.
2137 3697 2202 3753 Ει
2231 3699 2409 3754 adhuc
2439 3699 2624 3754 vivens
2657 3700 2711 3755 in
2749 3709 2887 3755 terra
2927 3701 3031 3756 hoc
3067 3702 3207 3758 volui
3245 3717 3274 3756 a
3297 3711 3365 3758 te.

322 3791 413 3847 48.
450 3794 612 3847 Οὐδὲν
651 3794 862 3865 θέλημα
892 3795 990 3865 τῆς
1016 3795 1240 3866 καρδίας
1271 3812 1393 3865 μου,
1431 3795 1463 3866 ἢ
1500 3795 1596 3867 τῆς
1626 3796 1825 3867 σαρκός

1998 3791 2090 3850 48.
2139 3789 2352 3846 Nullam
2406 3795 2738 3849 voluntatem
2795 3795 2976 3850 cordis
3033 3795 3149 3863 mei
3214 3803 3264 3850 et
3315 3795 3493 3852 carnis

253 3899 361 3953 μου
387 3883 704 3956 ἐποιούμην.

618 3901 704 3956 ηνο
1926 3900 2060 3940 mea:
2091 3884 2265 3939 eﬂ‘eci.

327 3976 418 4032 49.
470 3976 606 4030 Ἀλλ’
639 3979 697 4031 ὲν
728 3977 804 4050 (4)
840 3977 1001 4031 παντὶ
1049 3979 1140 4032 καὶ
1181 3979 1239 4032 ἐν
1291 3978 1456 4030 πᾶσιν
1487 3979 1518 4030 ὁ
1557 3978 1686 4041 Θεός
1723 3995 1824 4049 μου

2007 3977 2098 4033 49.
2149 3976 2255 4032 Sed
2282 3978 2427 4032 omni
2473 3978 2526 4032 in
2562 3994 2640 4044 re,
2687 3987 2739 4032 et
2784 3978 2840 4033 in
2870 3976 3124 4032 omnibus
3171 3975 3313 4033 Deus
3343 3994 3495 4035 meus

249 4066 514 4138 (πάρχει.
1926 4081 2028 4126 est.

327 4158 418 4223 50,
450 4157 539 4212 Si.
574 4159 636 4212 Οἱ
681 4159 1147 4230 ἀποσχοινίζοντες
1193 4159 1416 4223 ἑαυτοὺς
1455 4158 1564 4212 ἀπὸ
1613 4159 1706 4212 006
1749 4159 1825 4230 (5)

1652 4159 1706 4212 οὗ
1749 4159 1825 4230 (5)
2019 4167 2108 4235 50,
2161 4167 2247 4223 51.
2281 4167 2637 4240 Sejungenles
2661 4169 2869 4238 seipsos
2899 4185 2928 4223 a
2953 4179 3002 4225 te
3029 4169 3300 4240 peribunt.

252 4249 603 4305 ἀπολοῦνται.

323 4341 412 4395 52.
449 4343 599 4414 Ἐμοὶ
626 4343 682 4397 δὲ
709 4344 769 4397 τὸ
796 4344 1095 4418 ἀχώριστον
1122 4340 1259 4398 εἶναι
1286 4342 1380 4397 τοῦ
1403 4343 1536 4396 Θεοῦ
1561 4343 1827 4416 ἐπιθυμη-

2011 4347 2098 4402 52.
2153 4345 2283 4401 Mihi
2316 4355 2494 4401 autem
2530 4361 2636 4402 non
2668 4346 2911 4417 separari
2945 4362 2974 4400 a
3001 4346 3110 4401 Deo
3141 4345 3195 4400 in
3232 4346 3370 4403 votis
3393 4353 3475 4402 est

254 4433 381 4487 σέον
415 4432 492 4505 (6)
523 4433 658 4487 ὲστί.

332 4524 425 4579 55.
470 4526 658 4581 Πᾶσαν
693 4526 792 4599 τὴν
844 4525 1112 4598 μέριμνάν
1159 4541 1251 4578 σου
1295 4526 1372 4596 (7)
1412 4523 1696 4596 ὲπίρῤιψον
1738 4525 1825 4576 ἐπ’

258 4616 449 4669 αὐτόν.

1856 4574 1901 4629 D
2016 4527 2105 4583 55.
2149 4525 2376 4583 Omnem
2407 4543 2594 4582 curam
2635 4535 2781 4581 tuam
2809 4526 2953 4597 jacta
2979 4541 3140 4596 super
3175 4541 3298 4581 eum
3328 4527 3373 4557 ⁸⁸

335 4707 424 4761 54.
458 4709 563 4762 T06
592 4709 891 4781 διηγεῖσθαι
916 4708 991 4783 (8)
1025 4725 1092 4780 με
1115 4709 1215 4772 τὰς
1243 4707 1557 4778 εὐεργεσίας
1588 4723 1701 4759 σου.

1438 4707 1557 4770 σίας
1588 4723 1701 4759 σου.
2011 4706 2099 4763 54.
2155 4705 2226 4762 Ut
2253 4721 2498 4762 enarrem
2523 4706 2922 4762 beneﬁcientias
2944 4711 3082 4760 tuas.

334 4800 427 4856 55.
470 4803 783 4868 ’Λπαύστως
813 4801 1150 4874 ἀωμνοῦντά
1189 4817 1249 4854 σε
1280 4804 1337 4854 ὲν
1377 4804 1442 4872 τῇ
1478 4801 1588 4855 ἄνω
1635 4799 1828 4871 Ἰερου-

1826 4831 1828 4838 ι
2012 4799 2100 4854 55.
2152 4797 2522 4855 lndesinenter
2572 4808 2623 4853 te
2668 4799 2896 4854 laudans
2926 4797 2980 4851 in
3014 4809 3248 4868 superna
3285 4792 3474 4851 Jerusa

260 4891 468 4965 σαλήμ.
1941 4891 2067 4946 lem.

355 5077 403 5108 ⁸³
455 5073 659 5130 Psalm.
692 5091 800 5141 LIV,
825 5075 916 5131 25.

1217 5235 1527 5297 Addenda
1560 5242 1620 5297 et
1644 5229 2016 5310 corrigenda
2063 5247 2140 5292 ex
2182 5228 2322 5291 cod.
2358 5226 2558 5287 Vatic.

366 5401 418 5475 i7)
449 5401 545 5475 Τῷ
570 5402 865 5475 βουλήματι
895 5420 987 5458 σου
1047 5401 1309 5474 ἐπιθόμην
1344 5397 1537 5451 πάντα.
1944 5397 2191 5475 ὲαοςςούςλ
2226 5403 2328 5475 etc.
2357 5391 2424 5446 Ν.
2449 5389 2552 5475 '51.
2590 5389 2722 5462 Περὶ
2753 5386 2982 5444 εἰδώλων
3013 5386 3182 5458 λέγει.

368 5462 424 5544 2)
467 5462 779 5544 ’όᾷήγὴσέὶ.
1204 5462 1217 5474 ’
1265 5462 1278 5472 ’
2125 5462 2515 5544 ξξὶπιθυμητόν.

367 5538 422 5614 5)
455 5538 784 5614 Δοξασθῆναί
805 5559 897 5614 με.
2013 5538 2088 5614 (ξι)
2125 5538 2264 5614 M06.

368 5601 422 5678 4)
464 5601 622 5667 Ἀλλά
647 5601 716 5668 τὰ
741 5601 918 5666 πάντα
944 5614 1022 5673 ὲν.
1051 5621 1154 5667 etc.
1383 5677 1391 5678 7
1670 5677 1679 5678 7
2012 5624 2016 5659 l

864 5629 918 5665 ια
944 5614 1022 5673 ὲν.
1051 5621 1154 5667 etc.
1383 5677 1391 5678 7
1670 5677 1679 5678 7
2012 5601 2089 5678 (8)
2120 5601 2512 5678 Διηγήσασθαί.

403 5473 424 5684 ξ

344 5677 424 5756 (5)
455 5681 519 5737 Ν.
553 5683 642 5740 50.
683 5684 803 5738 Ὀτι
846 5682 953 5736 ἰδοὺ
990 5684 1037 5736 οἱ
1089 5677 1556 5751 ἀποσχοινίζοντες
1590 5677 1696 5731 ἀπὸ
1741 5692 1831 5729 σου
