4174 6508
696 434 799 489 955
1508 427 1567 483 S.
1612 425 1982 482 ATHANASII
2027 425 2177 480 OPP.
2219 424 2398 481 PARS
2436 426 2523 480 Ill.
2567 456 2633 465 —-
2672 425 3081 482 EXEGETlCA.
3844 426 3956 484 956

765 548 853 600 ⁵54.
886 542 1155 599 Ᾰίειειριη
1189 552 1243 597 et
1272 558 1364 597 ver
1392 553 1448 596 tu
1485 543 1762 613 plasmasti
1789 557 1875 600 ea.
2291 547 2337 602 Α

2291 547 2337 602 Α
2434 541 2523 595 54.
2560 541 2727 613 Θέρος
2760 545 2854 597 καὶ
2880 543 2982 614 ἔαρ
3015 544 3079 596 σὺ
3112 542 3351 607 ἔπλασας
3377 543 3547 607 αὐτὰ,

762 638 851 693 35.
887 636 1094 692 Memor
1126 646 1242 692 esto
1276 636 1458 704 hujus.

1454 678 1458 688 .
2439 634 2530 687 55.
2566 634 2850 705 Μνήσθητι
2881 635 3102 705 ταύτης.

764 730 855 785 56.
890 731 1152 785 Inimicus
1192 726 1583 797 impr0peravit
1624 724 1894 779 Domino:

1787 740 1853 778 no
1879 742 1894 778 :
2441 724 2531 779 56.
2573 726 2793 797 Ἐχθρὸς
2816 726 3056 779 ὠνείδισε
3082 726 3174 779 τὸν
3202 727 3403 798 Κύριον
3420 743 3435 759 ’

764 823 853 877 57.
886 821 951 877 Et
982 822 1213 892 populus
1246 819 1507 887 insipiens
1555 817 1796 872 incitavit
1824 832 2019 870 nomen
2054 826 2227 872 tuum.

2153 834 2227 872 In.
2436 818 2525 871 57.
2560 819 2671 870 Καὶ
2704 818 2831 883 λαὸς
2860 820 3049 890 ἄφρων
3080 817 3364 890 παρώξυνε
3394 819 3455 871 τὸ
3479 817 3650 889 ὄνομά
3677 832 3798 873 σου.

764 912 853 968 58.
886 910 965 968 Ne
993 913 1177 967 tradas
1208 911 1392 966 bestiis
1418 911 1655 964 animam
1686 908 2032 964 conﬁtentem
2063 910 2157 964 tibi
2188 929 2198 963 :

2437 909 2526 964 38.
2552 912 2642 981 Μὴ
2666 911 2925 982 παραδῷς
2950 914 3063 977 τοῖς
3089 910 3298 984 Θηρίοις
3324 910 3500 981 ψυχὴν
3524 908 3956 980 ἐξομολογούμε-

2368 1019 2465 1073 νην
2507 1019 2607 1055 σοι.

767 1094 856 1148 59.
884 1093 1105 1147 Animas
1145 1107 1439 1162 pauperum
1479 1101 1696 1146 tuorum
1733 1107 1801 1147 ne
1829 1092 2174 1148 obliviscaris
2212 1094 2264 1148 in

2438 1091 2529 1147 39.
2566 1092 2686 1147 Τῶν
2716 1093 2902 1165 ψυχῶν
2940 1092 3049 1147 τῶν
3084 1093 3330 1163 πενήτων
3365 1107 3459 1144 σου
3495 1089 3569 1162 μὴ
3601 1089 3841 1163 ὲπιλὰθῃ
3876 1091 3956 1151 είς

699 1190 880 1241 linem.
2370 1189 2542 1252 τέλος.

767 1278 855 1333 40.
886 1279 1113 1349 Respice
1149 1280 1200 1332 in
1236 1289 1617 1333 testamentum
1646 1288 1797 1333 tuum
1827 1299 1839 1334 :

2440 1280 2526 1335 40.
2572 1278 2887 1348 Ἐπίδλεψον
2916 1280 2997 1342 εἰς
3029 1278 3127 1350 τὴν
3157 1278 3420 1348 διαθήκην
3448 1292 3572 1329 σου·

766 1373 855 1429 41.
898 1372 1034 1439 Quia
1084 1373 1269 1442 repleti
1317 1382 1445 1427 sunt
1486 1372 1578 1443 qui
1627 1373 1904 1429 obscurati
1953 1380 2081 1427 sunt
2109 1383 2266 1426 terra:

2439 1374 2525 1428 41.
2562 1376 2683 1427 ’Ότι
2733 1374 3127 1447 ἐπληρώθησαν
3180 1376 3228 1426 οί
3270 1372 3646 1443 ἐσκοτωμένοι
3700 1368 3806 1440 τῆς
3852 1366 3958 1439 γῆς

695 1465 952 1522 domibus
999 1465 1373 1533 iniquitatum.

1178 1473 1373 1519 latum.
2368 1467 2531 1520 οῐκων
2565 1466 2821 1536 ἀνομιῶν.

768 1557 858 1612 42.
894 1556 971 1612 Ne
995 1566 1270 1610 avertatur
1305 1554 1528 1610 humilis
1558 1552 1758 1618 factus,
1792 1562 1844 1607 et
1871 1552 2137 1609 confusus
2167 1572 2182 1609 :

2438 1558 2527 1612 42.
2556 1558 2647 1629 Μὴ
2679 1559 3081 1631 ἀποστραφήτω
3108 1555 3592 1627 τεταπεινωμένος,
3610 1554 3706 1606 καὶ
3736 1552 3815 1623 (α)
3833 1567 3959 1604 κατ-

2368 1651 2717 1722 ῃσχυμμένος
2739 1668 2750 1679 ·

763 1738 855 1793 45.
886 1736 1121 1808 Pauper,
1159 1748 1215 1793 et
1244 1738 1402 1807 inops
1425 1737 1725 1792 laudabunt
1760 1751 1955 1791 nomen
1984 1748 2158 1792 tuum.

2440 1745 2529 1799 45.
2572 1745 2795 1814 Πτωχὸς
2823 1744 2918 1797 καὶ
2956 1745 3127 1813 πένης
3152 1744 3424 1797 αίνέσουσι
3457 1743 3519 1796 τὸ
3544 1740 3717 1811 δνομὰ
3746 1755 3862 1791 σου.

768 1832 858 1888 44.
890 1833 1154 1903 Exsurge,
1182 1832 1345 1894 Deus,
1381 1832 1567 1902 judica
1593 1846 1816 1886 causam
1844 1840 1991 1886 tuam
2020 1832 2263 1904 [meam]:
2302 1892 2339 1905 η

2305 1892 2339 1905 _
2444 1837 2532 1891 44.
2574 1838 2829 1899 Ἀνάστα,
2861 1839 2890 1890 ὁ
2911 1837 3063 1901 Θεὸς,
3095 1838 3314 1890 δίκασον
3342 1836 3441 1905 τὴν
3458 1834 3613 1903 δίκην
3646 1849 3744 1884 σου
3776 1827 3953 1900 [μουῖ’

767 1926 860 1979 45.
893 1892 1098 1978 Memor
1119 1934 1237 1979 esto
1269 1926 1725 1995 imprOperiorum
1762 1892 2155 1995 tuorum,'qua:
2200 1892 2268 1980 alb
2302 1892 2342 1946 Β

2308 1892 2342 1946 Β
2441 1929 2530 1983 45.
2566 1892 2851 2000 Μνήσθητι
2887 1930 2983 1983 τοῦ
3010 1892 3314 2000 δνειδισμοῦ
3346 1892 3436 1981 σου
3458 1970 3472 1993 ,
3508 1892 3601 1979 toi?
3638 1926 3744 1978 ὑπὸ
3778 1892 3956 1994 ’ἁφρο-

697 2014 986 2085 insipiente
1022 2024 1151 2069 sunt
1182 2025 1294 2069 tota
1327 2016 1434 2070 die.

1373 2017 1434 2070 ie.
2371 2039 2460 2087 νος
2492 2022 2622 2092 ὃλην
2653 2020 2752 2093 τὴν
2785 2022 3021 2093 ἡμέραν.

765 2104 856 2160 46.
888 2105 965 2160 Ne
987 2106 1330 2160 obliviscaris
1355 2122 1541 2160 vocem
1572 2121 1856 2161 servorum
1887 2114 2104 2161 tuorum
2134 2126 2148 2163 :

2444 2112 2530 2167 46.
2560 2112 2650 2183 Μὴ
2687 2112 2918 2186 ἐπιλάϐῃ
2949 2113 3047 2183 τῆς
3071 2112 3251 2182 φωνῆς
3279 2110 3387 2163 τῶν
3420 2107 3645 2162 οἰκετῶν
3671 2124 3766 2160 σου
3786 2122 3798 2135 ·

763 2198 853 2252 47.
911 2198 1171 2269 Superbia
1219 2214 1434 2262 eorum,
1487 2200 1580 2269 qui
1636 2202 1871 2254 oderunt
1925 2209 1997 2265 te,
2029 2202 2275 2256 ascendit

2441 2201 2533 2255 47.
2581 2203 2645 2255 Ἠ
2678 2202 3025 2272 ὑπερηφανία
3059 2199 3169 2253 τῶν
3204 2199 3505 2270 μισούντων
3541 2213 3599 2249 σε
3638 2196 3807 2265 ἁνέὸη
3841 2194 3956 2246 δια-

695 2304 908 2361 semper
939 2290 1214 2362 [ascendit
1238 2291 1304 2345 ad
1339 2301 1390 2346 te
1412 2292 1669 2364 semper].

1631 2292 1669 2364 1.
2375 2296 2575 2358 παντός
2602 2292 2792 2365 [ἁνέση
2824 2294 2960 2363 πρὸς
2986 2293 3046 2345 σὲ
3083 2290 3277 2362 διαπ.].

853 2380 923 2437 In
951 2382 1146 2451 ﬁnem:
1182 2400 1244 2438 ne
1267 2399 1589 2447 corrumpas.
1628 2384 1878 2438 l’salmm
1909 2383 2102 2437 cantici
2375 2386 2479 2451 Είς

2375 2386 2479 2451 Ely
2506 2384 2571 2437 τὸ
2602 2384 2810 2451 τέλοςο
2849 2383 2935 2453 μὴ
2962 2383 3329 2453 διαφθείρῃς.
3398 2379 3646 2451 Ψαλμὸς
3688 2375 3853 2446 ᾠδῆς
3882 2369 3957 2441 τῷ

1090 2474 1286 2543 Αεαριι.
1324 2473 1579 2528 esum.
1614 2473 1800 2527 LXXI
1818 2473 1877 2527 γ.

1843 2474 1877 2527 '.
2843 2473 3055 2544 Ἀσάφ.
3104 2471 3336 2527 ΨΑΛΜ.
3365 2475 3491 2525 ω’.

768 2562 819 2615 1.
851 2561 1246 2619 Conﬁtebimur
1271 2564 1391 2628 tibi,
1422 2563 1600 2619 Deus:

2448 2569 2500 2624 l.
2544 2568 3083 2641 Ἐξομολογησόμεθὰ
3115 2585 3216 2633 σοι,
3246 2570 3273 2621 ὁ
3298 2567 3427 2629 Θεὸς
3450 2583 3462 2597 ·

769 2681 843 2751 (α)
876 2681 984 2735 Καί
1010 2683 1179 2737 deest.

1836 2842 2213 2900 ATHANASII
2256 2842 2841 2917 INTERPBETATIO.

770 3003 859 3061 54.
893 3002 1122 3057 Sanctos
1160 3008 1285 3054 tuos
1319 2999 1373 3053 in
1426 3000 1625 3068 quibus
1671 3003 1869 3055 crescit
1915 3003 2009 3058 lux
2057 3013 2173 3071 tua,
2214 3012 2267 3059 et
2293 3008 2336 3066 (ἶ

2314 3008 2336 3066 2
2439 3005 2529 3060 54.
2566 3005 2693 3068 Τοῖς
2724 3003 2901 3073 ἁγίοις
2927 3000 3089 3073 [Τοὺς
3121 2996 3331 3069 ἁγίους]
3378 3015 3467 3051 σου
3488 3037 3503 3058 ,
3530 2998 3587 3052 ὲν
3615 2992 3699 3060 οἷς
3723 2995 3878 3065 αὕξει
3905 2995 3962 3048 τὸ

704 3096 1009 3169 germinant
1030 3092 1190 3146 ﬂores
1220 3091 1493 3145 donorum
1526 3097 1770 3157 tuorum,
1804 3104 1857 3148 tu
1890 3093 2089 3151 fecisti.

2381 3096 2498 3166 φῶς
2532 3112 2626 3149 σου
2652 3135 2667 3160 ,
2704 3093 2800 3148 καὶ
2844 3090 3131 3163 βλαστάνει
3162 3088 3233 3141 τὰ
3269 3088 3405 3157 ἄνθη
3452 3087 3559 3139 τῶν
3608 3089 3962 3160 χαρισμάτων

2384 3204 2500 3251 σου,
2532 3188 2595 3240 σὺ
2630 3185 2910 3255 ἐποίησας.

773 3276 863 3330 55.
898 3273 1100 3329 Memor
1126 3283 1245 3329 esto
1283 3272 1449 3344 igitur
1482 3275 1788 3328 testamenti
1824 3274 2006 3344 hujus.

2453 3277 2542 3331 35.
2586 3275 2867 3346 Μνήσθητι
2893 3269 2985 3326 οὖν
3015 3273 3114 3341 τῆς
3137 3271 3391 3341 τοιαύτης
3422 3271 3704 3342 διαθήκης.

772 3368 861 3423 56.
896 3366 1176 3421 Diabolus.

2455 3368 2545 3422 36.
2594 3368 2650 3421 Ὀ
2681 3365 2942 3428 διάϐολος.

771 3460 859 3514 57.
897 3457 1208 3512 Iudaeorum
1239 3447 1493 3522 populus.

2453 3459 2541 3514 37.
2586 3459 2644 3512 '0
2673 3458 2800 3521 λαὸς
2831 3456 2937 3509 τῶν
2966 3456 3254 3509 Ἰουδαίων.

772 3551 861 3605 5κ.
894 3547 971 3603 Ne
1005 3546 1187 3603 tradas
1217 3544 1555 3600 daemonibus
1597 3545 1867 3615 supplices
1918 3561 1977 3600 se
2011 3546 2104 3601 tibi
2148 3564 2246 3618 pro

2456 3551 2545 3606 38.
2579 3551 2672 3621 Μὴ
2704 3547 2959 3622 παραδῷς
2987 3550 3099 3611 τοῖς
3120 3547 3336 3619 δαίμοσι
3366 3546 3494 3610 τοῦς
3528 3546 3963 3617 προσπίπτοντας

703 3649 1027 3696 ειρτιιοιιιεε.
2387 3663 2489 3700 σοι.

775 3729 861 3785 39.
898 3727 1223 3783 Sanctorum
1258 3736 1496 3780 tuorum.

1398 3739 1496 3777 1m-
2453 3738 2543 3793 39.
2577 3735 2698 3788 Τῶν
2732 3734 2902 3801 ἁγίων
2932 3749 3046 3785 σου.

775 3821 865 3876 40.
900 3820 956 3874 In
996 3819 1214 3873 eosdem
1240 3828 1457 3872 sanctos
1493 3827 1635 3870 tuos.

2454 3826 2541 3881 40.
2572 3827 2667 3889 Εἰς
2700 3826 2826 3888 τοὺς
2854 3825 3051 3887 αὐτοὺς
3082 3822 3266 3891 ἁγίους
3308 3839 3419 3875 σου.

776 3911 865 3965 41.
902 3907 1186 3962 Daemones
1220 3907 1325 3961 sibi
1359 3904 1782 3960 adhzerentibus.

2454 3917 2545 3975 41.
2573 3919 2635 3970 OE
2673 3916 2925 3987 δαίμονες
2950 3914 3055 3968 τῶν
3082 3913 3436 3985 κολλωμένων
3469 3912 3652 3966 αὐτῶν
3682 3913 3780 3983 (1).

774 3998 864 4052 42.
894 3995 971 4052 Ne
999 3997 1225 4067 abjieias
1252 3995 1650 4065 confugientcm
1675 3994 1742 4047 ad
1770 4005 1842 4048 te.

2456 4009 2544 4063 42.
2580 4010 2671 4081 Μὴ
2700 4007 2982 4081 ἀποϐάλλῃ
3011 4007 3102 4060 τὸν
3136 4005 3549 4077 προσφεύγοπὰ
3582 4022 3664 4058 σοι

776 4091 864 4147 45.
897 4090 1171 4161 Pauperes
1196 4090 1379 4145 corde.

2457 4103 2546 4157 45.
2572 4104 2632 4155 Οἱ
2668 4103 2876 4173 πτωχοὶ
2904 4106 2969 4173 τῇ
2997 4101 3209 4173 καρδίᾳ.

777 4183 868 4248 44,
914 4183 1002 4237 45.
1061 4181 1325 4251 Exsurge,
1361 4191 1414 4236 et
1467 4194 1677 4236 memor
1730 4186 1847 4232 esto
1899 4195 2111 4247 eorum,
2160 4197 2281 4251 qua:

2458 4193 2545 4256 44,
2583 4192 2670 4247 45.
2704 4192 2778 4262 (‘2)
2810 4192 3099 4263 Ἀνάστηθι
3125 4232 3139 4255 ,
3172 4192 3263 4243 καὶ
3290 4188 3557 4259 μνήσθητι
3585 4178 3662 4238 ὧν
3714 4182 3962 4254 Hminem

706 4274 832 4331 fecit
861 4276 1092 4330 Satanas
1121 4276 1173 4328 in
1211 4274 1315 4327 hoc
1349 4274 1568 4328 saeculo.

2386 4286 2417 4336 ὁ
2450 4285 2693 4347 Σατανᾶς
2719 4285 2776 4335 ἐν
2814 4283 2894 4354 τῷ
2930 4282 3083 4336 αἰῶνι
3108 4281 3299 4349 τούτῳ.

782 4364 869 4419 46.
909 4370 1233 4421 Sanctorum
1266 4376 1505 4418 tuorum.
2315 4370 2360 4426 D

1406 4379 1505 4418 1m.
2315 4370 2360 4426 D
2460 4374 2549 4430 46.
2584 4375 2704 4428 Τῶν
2739 4376 2908 4444 ἁγίων
2944 4392 3054 4429 σου.

784 4459 872 4513 47.
904 4458 1171 4529 Superbia
1203 4458 1538 4524 daemonum,
1568 4468 1622 4511 et
1654 4454 2034 4511 haereticorum
2065 4457 2282 4528 cegnita

2462 4466 2553 4521 47.
2599 4467 2663 4519 Ἦ
2697 4468 3044 4539 ὑπερηφανία
3071 4468 3180 4519 τῶν
3212 4464 3477 4536 δαιμόνων
3507 4462 3601 4516 καὶ
3625 4460 3736 4515 τῶν
3770 4460 3962 4532 αἱρετιο

711 4551 808 4605 tibi
845 4560 946 4607 est.

2393 4555 2504 4610 κῶν
2532 4558 2849 4629 ὲγνωσμένη
2887 4560 2969 4611 σοί
2992 4560 3160 4613 ἐστιν.

790 4663 855 4715 'H
892 4661 1224 4733 προκειμένη
1264 4658 1547 4731 ἐπιγραφὴ
1578 4658 1822 4730 περιέχει
1844 4656 1920 4727 (5)
1940 4672 1953 4687 ·
1987 4658 2092 4722 Εἰς
2113 4658 2179 4711 τὸ
2212 4660 2420 4730 τέλος,
2446 4666 2534 4736 μὴ
2572 4666 2953 4737 διαφθεφῃςα
2991 4666 3152 4735 ᾠδῆς
3172 4664 3250 4731 τῷ
3291 4664 3480 4732 Ἀσὰφ
3502 4663 3768 4732 ψαλμός.
3801 4661 3964 4715 Τοῦτο

712 4752 804 4811 οὖν
850 4758 1101 4819 παραινεί
1139 4756 1167 4807 ὁ
1199 4751 1445 4824 ψαλμός·
1471 4751 1678 4823 Μηδεὶς
1725 4748 2016 4821 διαφθείρῃ
2058 4749 2132 4820 (4)
2160 4751 2267 4818 ἕως
2301 4756 2487 4823 τέλους
2526 4760 2636 4813 τῶν
2680 4760 2909 4814 ἐντολῶν
2949 4761 3039 4814 τοῦ
3081 4761 3237 4815 Θεοῦ.
3280 4761 3507 4830 Ψαλμὸς
3543 4761 3601 4813 δὲ
3642 4758 3720 4824 τῷ
3765 4760 3961 4829 Ἀσάφ,

714 4853 850 4923 ὅπερ
884 4848 1240 4921 ἑρμηνεύεται
1261 4845 1605 4916 συναγωγὴ,
1635 4846 1731 4899 καὶ
1755 4842 2091 4924 συλλέγων.
2110 4845 2298 4904 Ταῦτα
2332 4851 2389 4906 δὲ
2416 4856 2495 4918 είς
2516 4856 2609 4909 τὸν
2634 4855 2840 4926 Κύριον
2882 4858 3274 4929 ὲρμηνεύονται
3300 4856 3483 4928 (5),,τὸ
3510 4853 3850 4926 συλλέγων,
3880 4859 3963 4910 καὶ

710 4944 791 5007 είς
829 4948 919 4997 τὸν
960 4940 1195 5011 κόσμον,
1240 4938 1317 5010 τῷ
1335 4938 1677 5010 συναγωγή.

782 5032 999 5088 Titulus
1028 5032 1351 5103 praepositus
1373 5031 1655 5086 continet:
1696 5027 1763 5083 In
1789 5030 1971 5098 ﬁnem,
2001 5044 2064 5082 ne
2099 5045 2427 5099 corrumpas,
2456 5032 2706 5088 Pealmus
2739 5038 2934 5091 cantici
2965 5038 3161 5105 Amph.
3200 5038 3315 5095 Hoc
3350 5040 3512 5109 igitur
3559 5041 3808 5110 psalmus
3845 5060 3963 5101 sua-

712 5134 821 5195 det,
852 5140 913 5185 ut
941 5143 1100 5184 nemo
1133 5135 1449 5197 corrumpat
1471 5141 1643 5197 usque
1673 5126 1726 5180 in
1756 5127 1917 5179 linem
1951 5125 2171 5195 aliquod
2205 5125 2300 5180 Dei
2330 5142 2685 5199 praeceptum.
2723 5128 2973 5188 Psalmus
3018 5142 3200 5188 autem
3238 5134 3435 5203 Αεαριι,
3471 5135 3617 5204 quod
3654 5138 3962 5209 interpreta-

714 5222 802 5285 tur
830 5226 1190 5297 congregatio,
1221 5234 1276 5281 et
1310 5240 1649 5296 congregans.
1686 5220 1812 5277 Hec
1860 5232 2042 5277 autem
2087 5237 2408 5294 congregans
2443 5224 2833 5298 interpretatur
2879 5230 2947 5285 de
2999 5230 3240 5296 Domino,
3302 5232 3634 5301 congregatio
3681 5243 3860 5289 autem
3903 5231 3960 5285 de

710 5320 933 5376 mundo.

784 5413 835 5467 i.
864 5410 1276 5481 Contitebimur,
1318 5408 1484 5479 Deus,
1507 5424 1609 5465 nos
1644 5406 1866 5464 servitio
1900 5412 1995 5460 tuo
2036 5402 2285 5460 addictos

2465 5408 2516 5461 1.
2535 5407 2973 5481 ὐμολογήσομεν
2998 5410 3224 5474 ἑαυτοὺς
3247 5409 3605 5468 δεδουλῶσθαι
3634 5429 3741 5479 σοι,
3772 5416 3801 5469 ὁ
3820 5412 3956 5481 θεός.

713 5519 857 5564 0888.

1658 5595 1965 5658 Addenda
2014 5602 2078 5656 et
2108 5594 2484 5675 corrigenda
2533 5613 2613 5658 ex
2645 5596 2786 5658 eod.
2819 5596 3019 5657 Vatic.

808 5700 863 5771 1)
894 5701 1117 5771 ᾼύτοζς.
1860 5769 1867 5771 _
1979 5770 1983 5771 ν
2152 5767 2163 5771 _
2390 5699 2566 5771 Ἀσὰφ
2605 5699 2767 5771 ᾠδῆς.

847 5767 956 5843 )“N.
987 5770 1077 5824 44.
1110 5770 1265 5825 Ἐλθὲ
1289 5814 1302 5835 ,
1337 5771 1545 5843 Κύριε-
1579 5773 1764 5842 κρῖνον
1822 5769 1921 5840 τὴν
1942 5767 2268 5840 οἰκουμένην
2462 5770 2539 5843 (4)
2566 5767 2657 5843 Mj
2684 5767 3020 5843 διαφθείρῃς.

722 5836 910 5913 ΝΣ
942 5843 1223 5913 Μνήσθητι
1261 5844 1368 5896 τῶν
1409 5836 1658 5911 ἐποίησέν
1686 5836 1889 5913 ete.‘_'
1984 5911 1991 5913 Α
2044 5910 2052 5913 Α
2100 5836 2131 5913 '_
2224 5836 2235 5840 ⁷
2463 5836 2539 5912 (ὅ)
2581 5836 2993 5911 Ἐρμηνεύετα’ἑ.
3043 5837 3160 5892 Mox
3188 5836 3247 5890 τὸ
3281 5836 3596 5909 συναγωγῆ.

803 5912 876 5984 (5)
925 5914 989 5967 Ἢ
1021 5908 1107 5969 διὰ
1129 5908 1225 5985 τῆς
1256 5908 1620 5984 κινναϐάρεως
1644 5929 1767 5983 ⁴ι.ερ.
1810 5910 1930 5968 Mox
1965 5908 2176 5983 ψαλμὸς
2218 5925 2295 5978 τῳ
