4174 6506
277 451 386 510 957
1146 444 1236 499 DE
1284 443 1557 500 TITL‘LIS
1593 441 2035 500 PSALMORUM.
2071 471 2139 482 -—
2163 440 2356 496 PSAL.
2390 441 2618 498 LXXIV.
3387 445 3491 498 958

349 563 405 617 2.
443 557 970 632 Ἐξομολογησόμεθα
986 560 1199 624 σοι,καὶ
1224 557 1654 629 ὶπικαλεσόμεθα
1684 557 1759 628 (α)
1780 554 1841 608 τὺ
1868 559 1913 614 Δ

1840 559 1913 614 ηΔ
2008 552 2064 608 2.
2115 553 2513 610 Contltebimur
2574 554 2709 621 libi,
2757 564 2811 611 et
2873 556 3242 611 invocabimus
3296 568 3488 609 nomen

275 655 453 726 ὄνομα
486 672 598 708 σου.
1940 657 2113 704 tuum.

352 746 407 801 5.
448 744 782 814 Διηγήσομαι
806 743 873 796 τὰ
895 740 1172 812 θαυμάσιά
1194 757 1285 794 σου
1308 756 1322 770 ·

1194 757 1285 794 σου
1308 756 1322 770 ·
2005 740 2066 795 5.
2128 738 2370 794 Narrabo
2411 747 2680 794 mirabma
2707 747 2798 793 tua
2827 757 2841 794 :

356 836 594 892 ι1ι.⁶’οταν
624 835 768 889 λάϐω
797 834 1006 904 καιρὸν,
1033 831 1141 901 ὲγὼ
1167 830 1463 901 εὑθύτητας
1494 827 1683 900 κρινῶ.

2014 834 2069 888 ι.
2118 832 2255 886 Cum
2282 847 2538 902 accepero
2565 841 2799 902 tempus,
2831 848 2934 904 ego
2955 833 3196 904 justitias
3215 833 3491 904 judicabo.

355 929 409 983 5.
433 928 630 999 Ἑτάκη
663 930 696 999 ἡ
721 927 812 997 γῆ,
848 933 940 980 καὶ
970 926 1166 988 πάντες
1199 926 1245 976 οί
1279 921 1650 986 κατοικοῦντες
1668 923 1724 975 ὲν
1745 923 1842 975 αὑ-

2013 923 2066 978 5.
2117 921 2431 994 Liquel‘acta
2468 934 2551 978 est
2583 931 2745 991 terra,
2800 933 2854 978 et
2895 938 3083 980 omnes
3119 927 3213 996 qui
3254 925 3496 980 habitant

282 1019 384 1088 τῇ·
1942 1014 2129 1074 lnea'.

893 1103 1224 1175 Διάψαλμα.

2559 1107 2886 1178 Diopsalma.

357 1195 410 1252 ϐ.
435 1196 578 1266 Ἐγὼ
604 1197 904 1270 ἔστερέωσα
933 1199 1055 1261 τοὺς
1089 1197 1306 1260 στύλους
1331 1196 1530 1266 αὗτῆςέ

1403 1196 1530 1266 τῆς)
2012 1199 2065 1253 6.
2119 1198 2232 1271 Ego
2255 1200 2572 1255 conﬁrmavi
2601 1202 2880 1256 columnas
2915 1201 3051 1270 ejus.

358 1292 412 1345 7.
456 1289 597 1344 Εἷπα
625 1294 734 1354 τοῖς
768 1291 1170 1363 ’παρανομοῦσι⁸
1197 1292 1289 1361 Μὴ
1324 1293 1716 1362 παρανομεῖτεο

1495 1293 1716 1360 νομεῖτεο
2012 1290 2064 1347 7.
2118 1290 2240 1346 Dixi
2270 1293 2504 1362 iniquis:
2531 1291 2706 1348 Nolite
2742 1293 2924 1363 inique
2950 1307 3143 1362 agere:

357 1381 410 1436 8.
452 1383 561 1434 Kal
592 1385 703 1444 τοῖς
735 1383 1134 1455 ἁμαρτάνουσιο
1163 1383 1252 1453 Μὴ
1287 1381 1478 1450 ὑψοῧτε
1508 1381 1690 1451 κέρας.

2016 1384 2069 1437 8.
2126 1382 2191 1437 Et
2212 1385 2646 1454 delinquentibus
2675 1401 2688 1438 :
2735 1382 2908 1438 Nolite
2931 1384 3169 1438 exaltare
3201 1397 3389 1437 cornu.

361 1472 414 1526 9.
457 1471 546 1541 Μὴ
582 1471 834 1542 ὲπαίρετε
865 1475 941 1534 εἰς
967 1471 1096 1540 ὕψος
1119 1472 1178 1524 τὸ
1207 1471 1369 1542 κέρας
1399 1470 1550 1539 ὑμῶν
1571 1487 1582 1498 ·

2015 1472 2070 1526 9.
2118 1470 2292 1526 Nolite
2329 1473 2586 1527 extollere
2625 1473 2680 1526 in
2709 1475 2876 1527 altum
2914 1488 3084 1529 cornu
3117 1481 3352 1526 vestrum
3383 1489 3397 1537 ε

359 1564 447 1618 10.
486 1563 593 1616 Καὶ
624 1564 698 1634 μὴ
731 1564 938 1617 λαλεῖτε
964 1564 1103 1618 κατὰ
1126 1563 1218 1616 τοῦ
1245 1563 1376 1616 Θεοῦ
1404 1564 1632 1616 ἀδικίαν.

2021 1561 2112 1616 10.
2161 1561 2226 1616 Et
2250 1562 2413 1616 nolite
2459 1562 2606 1632 loqui
2637 1564 2895 1618 adversus
2931 1562 3094 1617 Deum
3137 1562 3491 1631 iniquitatem.

361 1654 585 1709 11.Ὅτι
611 1652 730 1706 οὔτε
762 1653 820 1721 ἐξ
847 1653 1056 1720 ἐξόδων,
1083 1654 1203 1707 οὔτε
1234 1655 1338 1707 ἀπὸ
1365 1655 1600 1723 δυσμῶν,

2023 1653 2109 1707 11.
2158 1652 2296 1719 Quia
2321 1668 2494 1724 neque
2521 1654 2590 1708 ab
2625 1655 2859 1719 oriente,
2899 1669 3072 1723 neque
3099 1654 3166 1707 ab
3194 1654 3495 1716 occidente,

361 1745 448 1800 i2.
489 1746 621 1800 Οΰτε
669 1746 775 1799 ἀπὸ
827 1748 1045 1818 ἐρήμων
1090 1747 1277 1818 ὀρέων,
1307 1748 1388 1800 ὅτι
1431 1745 1458 1797 6
1498 1745 1627 1809 Θεὸς
1655 1747 1843 1817 κριτής

2017 1747 2104 1800 η.
2152 1744 2334 1816 Neque
2361 1761 2393 1801 a
2439 1747 2672 1803 desertis
2716 1747 3011 1810 montibus,
3055 1746 3309 1816 quoniam
3356 1744 3498 1799 Deus

287 1840 428 1891 ἐστι.
1875 1887 1915 1908 π

1875 1887 1915 1908 η
1943 1838 2108 1908 judex
2135 1847 2236 1892 est.

1943 1887 2002 1908 ,-

362 1930 446 1983 15.
489 1929 685 1983 Τοῦτον
712 1931 974 1993 ταπεινοῖ,
1011 1929 1104 1980 καὶ
1126 1926 1311 1980 τοῦτον
1337 1926 1478 1996 eoat.
1875 1887 1918 1943 Β

1875 1887 1918 1943 Β
1943 1887 1962 1908 ⁸
2018 1929 2101 1984 15.
2165 1927 2322 1984 Hunc
2357 1929 2628 1993 humiliat,
2656 1938 2710 1984 et
2732 1929 2875 1984 hunc
2904 1929 3103 1984 eaaltat
3134 1946 3149 1983 :

363 2021 448 2074 11,.
468 2023 586 2073 ’Ὁτι
620 2022 873 2091 ποτήριον
899 2022 954 2072 ὲν
983 2020 1124 2090 χειρὶ
1153 2019 1377 2089 Κυρίου,
1405 2017 1548 2070 οἴνου
1578 2017 1651 2088 (b)
1682 2017 1848 2086 ἀκρά-

1847 2048 1848 2053 η
2019 2021 2104 2074 14.
2152 2017 2290 2087 Quia
2356 2022 2497 2076 calix
2543 2022 2598 2075 in
2650 2036 2813 2074 manu
2888 2019 3129 2085 Domini,
3191 2020 3302 2075 vini
3361 2018 3495 2073 meri

288 2129 385 2164 του
429 2112 630 2184 πλῆρες
656 2113 1014 2183 κεράσιιατος.
1176 2114 1179 2117 ’

727 2113 1014 2183 ράσματος.
1176 2114 1179 2117 ’
1946 2109 2139 2179 plenus
2186 2111 2369 2166 misto.

364 2202 449 2256 15.
496 2204 604 2255 Kal
651 2203 854 2256 ἔκλινεν
879 2204 941 2255 ὲκ
982 2201 1167 2255 τούτου
1191 2203 1272 2265 είς
1294 2199 1468 2264 τοῦτο,
1505 2199 1642 2270 πλὴν
1673 2202 1701 2253 6
1727 2215 1849 2270 τρυ-

2019 2200 2106 2255 15.
2148 2200 2214 2255 Et
2260 2202 2542 2256 inclinavit
2583 2217 2648 2256 ex
2703 2201 2808 2256 hoc
2856 2201 2908 2255 in
2961 2197 3082 2267 hoc,
3135 2210 3498 2256 verumtamen

289 2294 426 2361 γξας
454 2294 614 2348 αὑτοῦ
645 2295 743 2346 οὐκ
769 2291 1065 2361 ὲξεκενώθη
1085 2307 1099 2322 ο
1125 2325 1133 2333 ο

1948 2290 2051 2346 faex
2085 2293 2203 2362 ejus
2236 2307 2344 2346 non
2381 2299 2465 2347 est
2490 2293 2765 2347 exinanita
2793 2311 2805 2346 :

368 2385 450 2440 16.
490 2387 724 2439 Πίωνται
754 2385 948 2448 πάντες
970 2387 1016 2436 οὶ
1043 2383 1474 2454 ἁμαρτωλοὶ’τῆς
1499 2383 1620 2454 γῆς.

1502 2383 1620 2454 γῆς.
2022 2382 2108 2438 16.
2163 2383 2354 2438 Bibcnt
2385 2398 2576 2438 omnes
2622 2393 2929 2452 peccatores
2979 2392 3150 2438 terrae.

365 2476 431 2532 17
473 2477 614 2546 Ἐγὼ
639 2477 694 2530 δὲ
730 2477 1120 2547 ἀγαλλιάσομαι
1149 2480 1227 2541 είς
1253 2477 1342 2531 τὸν
1371 2477 1573 2531 αίῶναο

1559 2493 1573 2506 °
2015 2478 2102 2532 17.
2156 2477 2269 2547 Ego
2303 2490 2481 2532 autem
2515 2479 2758 2549 gaudebo
2790 2477 2844 2532 in
2897 2477 3149 2532 saeculum
3183 2497 3195 2532 :

366 2567 451 2623 is.
491 2568 657 2623 Ψαλῶ
679 2567 757 2639 τῷ
781 2567 898 2639 Θεῷ
919 2566 1132 2621 Ἰακώϐ.

1105 2567 1132 2621 ἱ.
2021 2569 2108 2623 18.
2160 2569 2404 2623 Cantabo
2436 2567 2545 2624 Deo
2567 2567 2753 2624 Jacob.

360 2710 438 2784 (α)
464 2708 616 2765 Vers.
640 2711 694 2764 2.
722 2711 832 2764 Kal
858 2709 1146 2763 ὲπικαλεσό
1193 2708 1309 2775 εθα,
1339 2717 1442 2764 etc.
1488 2707 1640 2765 νει-ε.
1666 2710 1718 2764 5.
1747 2712 1882 2783 Διηγ
1923 2729 1983 2766 σο

364 2781 439 2838 (ὁ)
484 2782 631 2834 Vera.
663 2780 749 2838 l5.
784 2781 956 2838 Οῐνου,
984 2793 1086 2836 etc.
1122 2727 1271 2834 νίῘιθ
1329 2778 1437 2834 Καὶ
1472 2779 1698 2838 ἔκλινεν.
1727 2792 1833 2838 etc.
1988 2730 2008 2835 1

1104 2708 1309 2833 πῗμεθα,
1339 2717 1442 2764 etc.
1488 2707 1640 2765 Vcrs.
1666 2710 1718 2764 5.
1747 2712 2084 2838 Atﬂfgd’olilat
2110 2712 2287 2765 πάντα
2329 2710 2417 2773 τά,
2462 2719 2567 2764 etc.
2742 2779 2752 2794 Ι

1165 2819 1179 2833 .
1206 2780 1271 2834 16
1329 2778 1437 2834 Καὶ
1472 2779 1698 2838 ἔκλινεν.
1727 2792 1833 2838 etc.
1936 2824 1950 2838 .
2022 2783 2075 2838 7.
2104 2781 2247 2838 Πλὴν
2274 2782 2322 2838 6.
2345 2790 2447 2836 etc.
2479 2779 2543 2834 ν.
2575 2777 2659 2838 18,
2688 2779 2752 2831 Πι

364 2777 439 2851 (ὁ)
484 2782 631 2834 Vera.
663 2780 749 2843 15,
784 2781 956 2843 Οῐνου,
984 2793 1086 2836 etc.
1122 2777 1179 2833 ν.
1206 2780 1271 2834 16
1329 2778 1437 2834 Καὶ
1472 2779 1698 2847 ἔκλινεν,
1727 2777 1950 2838 ειεΪἾ.
1988 2777 2012 2835 1

1422 2779 1437 2831 l
1472 2779 1698 2847 ἔκλινεν,
1727 2777 1950 2838 etc."V.
1988 2777 2075 2849 17,
2104 2781 2247 2863 Πλὴν
2274 2782 2322 2846 ὁ,
2345 2790 2447 2836 etc.
2479 2779 2543 2834 ν.
2575 2777 2659 2844 18,
2688 2779 2940 2842 Πίωνται,
2969 2786 3070 2832 etc.

1415 2934 1784 2995 ATHANASII
1821 2933 2380 2994 lNTERPRETATIO

362 3055 418 3111 2.
452 3053 736 3125 Δεηθῶμεν
763 3050 1146 3120 ἐπικεκλῆσθαι
1173 3051 1232 3104 τὸ
1253 3051 1422 3120 ὄνομά
1450 3069 1543 3107 σου
1567 3054 1649 3124 ἐφ’
1675 3056 1841 3127 ἡμᾶς.
1870 3056 1918 3120 c

1870 3056 1918 3120 ο
2014 3053 2071 3108 2.
2116 3050 2424 3115 Orabimus,
2461 3059 2522 3104 ut
2570 3047 2848 3102 invocetur
2897 3059 3092 3099 nomen
3143 3053 3293 3098 tuum
3343 3059 3501 3115 super

365 3231 422 3287 3.
461 3228 697 3301 Κηρύξω
727 3227 794 3281 τὰ
818 3225 1347 3296 θαυματουργήματά
1371 3241 1484 3277 σου.
1951 3155 2013 3195 no

1442 3241 1484 3277 υ.
1951 3155 2075 3285 “0;:
2125 3227 2439 3283 Pratdicabo
2467 3227 2734 3281 mirabilia
2762 3240 2940 3295 .opera
2979 3235 3090 3280 tua.

368 3324 423 3377 4.
445 3321 534 3375 Ἐν
565 3325 630 3392 τῇ
663 3317 932 3390 παρουσίᾳ
969 3334 1066 3387 μου
1091 3316 1234 3384 λέγει
1261 3317 1290 3369 6
1321 3315 1539 3387 Κύριος.

1445 3331 1539 3378 ιος.
2022 3321 2076 3374 4.
2118 3320 2176 3375 ln
2209 3322 2442 3377 adventu
2480 3336 2601 3375 meo
2633 3319 2766 3374 dicit
2810 3317 3091 3374 Dominus.

367 3415 420 3470 5.
446 3415 579 3468 Ὑπὸ
609 3414 686 3484 (1)
716 3412 816 3482 τῆς
840 3409 1126 3480 ἁμαρτίας.

792 3428 816 3475 ς
840 3409 1126 3480 ἁμαρτίας.
2017 3411 2070 3467 δ.
2121 3413 2166 3465 Α
2201 3421 2440 3482 peccato.

370 3506 423 3563 6.
463 3508 600 3569 Τοὺς
626 3503 970 3564 ἀποστόλους.

786 3503 970 3564 πόλους.
2021 3503 2076 3558 6.
2126 3503 2434 3572 Apostolos.

365 3597 420 3652 7.
462 3595 550 3665 Τῷ
571 3593 683 3664 λαῷ
710 3592 817 3645 τῶν
837 3590 1125 3644 Ἰουδαίων.

1032 3608 1125 3643 ων.
2024 3595 2075 3649 7.
2117 3593 2322 3664 Pupulo
2351 3592 2680 3648 Judaaorum.

367 3687 422 3742 8.
461 3687 586 3748 Τοῖς
611 3685 793 3746 αὐτοῖς
819 3681 964 3750 λέγει
997 3678 1286 3742 Ἰουδαίοις.

1203 3696 1286 3742 κς·
2025 3683 2079 3739 8.
2129 3683 2320 3739 Iisdem
2353 3682 2554 3738 Iudaeis
2593 3681 2851 3752 loquitur.

371 3779 424 3834 9.
465 3779 556 3849 Μὴ
580 3777 784 3846 λέγετε,
818 3776 899 3829 ὅτι
935 3774 1118 3827 Τέκνα
1147 3769 1389 3840 Ἀϐραάμ
1413 3770 1615 3840 ἐσμεν.

1578 3787 1615 3826 ὀ
2022 3776 2075 3830 9.
2118 3773 2292 3830 Nolite
2325 3775 2523 3838 dicere,
2553 3773 2683 3826 Filii
2709 3771 2934 3825 Abram:
2954 3785 3131 3823 clanius
3161 3769 3226 3822 ⁸⁸.

369 3871 455 3926 10.
495 3871 602 3923 Kal
639 3868 711 3939 μὴ
739 3867 922 3934 λέγετε
953 3863 1029 3935 τῷ
1057 3863 1189 3933 Υἱῷ,
1216 3863 1298 3914 ὅτι
1333 3863 1657 3929 Ἀνθρωπος
1689 3857 1746 3914 εἷ
1775 3860 1852 3932 (2)

2020 3865 2104 3920 10.
2139 3865 2207 3920 Et
2259 3866 2424 3920 nolite
2466 3866 2647 3921 dicere
2681 3862 2840 3930 Filio,
2875 3860 3043 3914 Homo
3091 3874 3148 3912 tu
3188 3876 3262 3923 es,
3311 3871 3360 3913 et
3407 3876 3504 3912 non

298 3962 402 4028 σὺ,
422 3962 520 4016 καὶ
548 3959 680 4027 οὐχι
717 3959 859 4023 Θεός
889 3974 901 3986 ·
1957 3954 2096 4011 Deus
2138 3957 2205 4011 ⁸⁷.

372 4053 461 4116 11,
491 4050 575 4105 i2.
616 4048 750 4102 Οὔτε
781 4047 888 4100 τῶν
915 4045 1020 4100 ἀπὸ
1047 4041 1313 4098 ἀνατολῶν
1344 4040 1642 4113 ἀνθρώπων
1659 4041 1734 4112 (5)
1764 4041 1857 4094 καὶ

2027 4049 2114 4115 11,
2154 4049 2239 4103 l2.
2283 4047 2465 4118 Neque
2496 4047 2774 4102 hominum
2813 4047 2882 4100 ab
2907 4053 3030 4100 ortu
3061 4060 3234 4115 usque
3257 4045 3320 4099 ad
3351 4060 3508 4100 occa.

303 4145 464 4218 μέχρι
500 4141 734 4212 δυσμῶν,
763 4140 796 4208 ἢ
834 4138 939 4192 τῶν
971 4135 1224 4190 ἐναντίων
1252 4131 1531 4203 δυνάμεών
1560 4149 1640 4196 τις
1667 4132 1858 4202 κριτής

1957 4154 2098 4206 sum,
2131 4150 2223 4194 aut
2251 4139 2687 4194 adversariarum
2734 4145 3060 4207 potestatum
3110 4135 3306 4205 aliquis
3342 4135 3506 4204 judex

299 4239 447 4291 ἔστιν
481 4235 514 4306 ἢ
550 4235 708 4304 μόνος
739 4234 767 4284 6
793 4231 942 4292 Θεός.

1956 4237 2058 4296 est,
2088 4239 2446 4299 praeterquam
2476 4228 2626 4282 solus
2651 4225 2810 4282 Deus.

371 4327 460 4380 15.
494 4324 597 4378 Τὸν
631 4323 729 4392 μὲν
760 4321 833 4391 (4)
855 4322 933 4384 εἰς
963 4320 1136 4391 γῆρας
1168 4317 1312 4384 ἄγει,
1336 4316 1424 4370 τὸν
1452 4315 1507 4369 δὲ
1533 4317 1857 4389 προκόπτειν
1891 4373 1929 4392 η

1891 4373 1929 4392 η
2030 4320 2122 4374 15.
2172 4319 2328 4374 Hunc
2373 4319 2588 4389 quidem
2620 4318 2686 4372 ad
2713 4327 3042 4373 senectutem
3085 4317 3323 4384 adducit,
3357 4317 3506 4370 illum

295 4422 366 4492 τῇ
400 4417 581 4488 ἡλικίᾳ
610 4414 717 4486 [οὐ]
747 4416 905 4467 ποιεῖ.
1887 4409 1930 4428 ν

1887 4409 1930 4428 ⁵¹
1957 4420 2136 4467 autem
2165 4419 2322 4466 aetate
2347 4411 2592 4482 progredi
2635 4426 2742 4465 non
2773 4409 2916 4464 facit.

375 4511 604 4566 14.Ὅτι
652 4509 680 4560 6
723 4506 946 4567 θάνατος
981 4503 1194 4557 πάντων
1238 4501 1296 4553 ὲν
1333 4502 1397 4570 τῇ
1435 4499 1649 4570 ἐξουσίᾳ
1692 4496 1854 4551 αὐτοῦ

2029 4500 2116 4554 ﬂ.
2158 4497 2424 4566 Quoniam
2449 4516 2595 4554 mors
2627 4500 2868 4554 omnium
2893 4500 2945 4552 in
2974 4499 3093 4569 ejus
3119 4507 3379 4570 potestate
3405 4508 3508 4565 est,

305 4607 445 4667 ἐστι,
494 4601 586 4654 καὶ
627 4596 720 4652 τοῦ
753 4597 827 4668 (5)
875 4594 1124 4666 βρέφους,
1181 4590 1401 4647 καὶτοῦ
1448 4590 1589 4655 νέου,
1634 4587 1853 4643 καὶτοῦ

1511 4607 1589 4655 ου,
1634 4588 1728 4643 καὶ
1761 4587 1853 4641 τοῦ
1956 4599 2011 4647 et
2042 4590 2285 4654 infantis,
2325 4600 2378 4646 et
2405 4590 2640 4661 juvenis,
2673 4599 2728 4646 et
2750 4591 2872 4658 viri,
2909 4599 2963 4646 et
2993 4591 3159 4647 senis.

300 4693 529 4755 τελείου,
553 4691 647 4743 καὶ
675 4688 766 4742 τοῦ
796 4689 874 4750 είς
899 4686 1073 4758 γῆρας
1104 4685 1268 4746 ὄντος.

373 4785 463 4839 15.
484 4782 594 4836 Kal
620 4781 821 4851 ἤγαγεν
850 4777 1009 4831 αὑτὸν
1029 4777 1093 4828 ὲκ
1113 4774 1205 4828 τοῦ
1234 4773 1534 4844 πρεσϐύτου
1559 4773 1638 4835 είς
1655 4771 1717 4824 τὸ
1736 4769 1859 4841 βρέ-

2036 4781 2123 4836 15.
2167 4781 2231 4836 Ει
2258 4783 2628 4838 adduxiteum
2659 4798 2688 4838 a
2716 4800 2844 4840 sene
2883 4800 3056 4855 usque
3099 4785 3164 4840 ad
3203 4785 3459 4841 infantem
3493 4805 3507 4842 :

299 4892 402 4949 φος
420 4891 434 4905 ο
454 4875 600 4944 ὅμως
629 4871 789 4932 αὐτὸς
816 4871 844 4921 6
877 4868 1100 4929 Θάνατος
1131 4865 1311 4937 ἀκμὴν
1343 4866 1512 4935 πέρας
1536 4863 1634 4916 οὐκ
1652 4861 1858 4916 ἐλαϐεν.

1961 4883 2337 4928 verutamen
2371 4875 2487 4943 ipsa
2529 4889 2676 4929 mors
2709 4876 2885 4930 adhuc
2928 4875 3087 4929 ﬁnem
3132 4891 3239 4931 non
3284 4877 3507 4947 accepit.

374 4965 619 5028 16,”ἐ;ως
647 4980 738 5016 σου
768 4959 895 5032 ἔλθῃ
921 4962 999 5024 εἰς
1019 4959 1223 5022 πάντας
1246 4958 1370 5020 τοὺς
1395 4955 1743 5028 ἁμαρτωλοὺς
1762 4957 1857 5026 τῆς

2038 4959 2122 5015 16.
2186 4957 2481 5032 Usquequo
2509 4963 2688 5016 veniat
2708 4964 2762 5016 in
2794 4977 2982 5018 omnes
3007 4973 3316 5032 peccatores
3338 4973 3510 5020 terrae.

503 5150 595 5214 Είς
627 5147 716 5202 τὸν
746 5146 1002 5218 μέλλοντα
1030 5141 1199 5199 αίῶνα
1221 5139 1386 5210 λέγει.

1299 5157 1386 5210 rei.
2035 5138 2122 5192 17.
2175 5138 2231 5193 ln
2264 5140 2507 5196 futurum
2537 5143 2792 5198 saeculum
2817 5143 2947 5198 dicit

377 5241 681 5313 18.”Υμ.νον
708 5236 1010 5307 ἀναπέμψω
1039 5235 1114 5307 τῷ
1138 5231 1255 5303 Θεῷ
1283 5228 1498 5286 Ἰακώϐ.

1404 5228 1498 5285 ὠσ.
2046 5226 2133 5283 18.
2189 5226 2456 5300 Hymnum
2492 5232 2708 5287 reddam
2736 5230 2846 5287 Deo
2869 5230 3052 5289 Iacob.

373 5385 421 5415 "
469 5377 624 5436 Joan.
677 5391 795 5440 VIII,
846 5375 916 5430 55
949 5374 1037 5429 57.
1127 5372 1170 5404 ⁵⁷
1212 5368 1371 5425 Joan.
1403 5384 1458 5433 ι,
1491 5368 1579 5423 55.

1245 5483 1553 5547 Addenda
1584 5490 1646 5545 et
1677 5477 2051 5560 corrigenda
2079 5495 2156 5540 ex
2188 5479 2326 5542 cod.
2361 5481 2540 5543 Vatic

375 5621 454 5690 (1)
476 5619 781 5691 meum
810 5618 932 5691 ὑπο,
952 5626 1064 5691 etc.
1217 5680 1240 5691 _
2143 5607 2564 5691 Μὶν-γαρ..εῆ
2600 5607 2923 5691 προκόπτειν
2935 5607 3040 5688 τὴν
3067 5605 3298 5691 διάνοιαν
3319 5605 3477 5691 ποιεῖ.

398 5675 454 5748 2i
492 5689 581 5772 Τῷ
611 5675 784 5759 ἰἠσοῦ
805 5705 818 5717 ·
847 5675 1161 5756 Ἀνθρωπος
1191 5680 1257 5746 εἴ,
1298 5692 1402 5737 etc.
1453 5751 1478 5764 _
2032 5675 2109 5746 (5)
2141 5677 2207 5730 Ν.
2229 5675 2314 5733 15.
2336 5675 2444 5731 Kal
2466 5677 2581 5740 τοῦ,
2604 5675 2851 5758 είε.,.κσὶ
2872 5677 2962 5731 τοῦ
2989 5675 3336 5800 γηςάσαντος.
3355 5675 3512 5734 Ν.16.

401 5762 456 5800 3i
493 5759 612 5800 των
643 5757 938 5800 meum...»
965 5755 1072 5800 τῶν
1106 5752 1212 5800 ἀπὸ
1250 5751 1540 5800 ἀνατολων.
1578 5761 1680 5800 etc.
1734 5747 1851 5800 Mox
1959 5745 2070 5799 Kal
2095 5747 2355 5800 διήγαιιεν
2391 5747 2520 5800 αὐτὸ
2568 5749 2632 5800 εκ
2676 5765 2790 5800 του.
2820 5759 2924 5800 etc.
2957 5748 3022 5800 N.
3095 5746 3145 5799 7.
3169 5748 3375 5800 Ὅμως.
3406 5756 3509 5800 etc.

400 5743 456 5835 5)
493 5743 612 5835 Τῷν
643 5743 938 5828 ἀνθρώπων
965 5743 1072 5809 τῶν
1106 5752 1212 5808 ἀπὸ
1248 5743 1540 5815 ανατολῶν,
1578 5761 1680 5807 etc.
1734 5747 1851 5804 Mox
1959 5745 2048 5835 5a

1959 5743 2530 5835 Eabitn‘aaev'agao
2568 5749 2638 5835 ἐκ
2659 5748 2790 5835 τοῦ,
2820 5759 2924 5804 etc.
2957 5743 3022 5802 N.
3042 5743 3145 5800 ’17.
3169 5748 3375 5818 Ὅμως,
3406 5756 3508 5805 etc.

307 5834 358 5887 εἰ
497 5830 671 5900 μόνος,
698 5814 798 5882 etc.
1528 5814 1532 5815 ν

1528 5814 1532 5815 ⁷
1959 5816 2027 5870 Ν.
2067 5814 2304 5880 18.Ἒώς
2330 5814 2389 5873 οὗ
2416 5816 2563 5889 ἔλθῃ,
2592 5827 2694 5873 etc.
