4174 6516
702 384 796 439 971
1536 386 1591 440 S.
1635 383 2005 440 ATHANASII
2044 384 2195 440 OPP.
2237 385 2417 442 PARS
2472 384 2561 442 Ill.
2599 417 2668 428 —
2705 386 3114 444 EXEGETICA.

2309 519 2353 574 Α
2450 511 2535 566 26.
2565 512 2678 566 Οὐκ
2716 512 2992 582 ἐφύλαξαν
3020 513 3120 584 τὴν
3151 511 3417 584 διαθήκην
3445 509 3538 564 τοῦ
3563 506 3726 565 Θεοῦ.

777 509 865 564 26.
902 510 1022 563 Non
1047 507 1424 565 custodierunt
1455 518 1840 564 testamentum
1871 510 1982 564 Dei.

774 601 864 655 27.
891 600 957 656 Et
982 601 1038 655 in
1068 601 1183 672 lege
1210 600 1328 671 ejus
1359 601 1654 657 noluerunt
1682 602 1983 658 ambulare.

775 783 866 838 28.
901 782 968 838 Et
992 783 1142 838 obliti
1169 794 1298 839 sunt
1324 783 1734 840 benefactorum
1765 783 1905 852 ejus,

774 875 866 931 29.
898 874 965 929 Ει
998 876 1328 930 mirabilium
1359 875 1498 945 ejus,
1534 891 1656 946 qua:
1683 875 1923 929 ostendit
1946 874 2045 928 eis.

773 1054 860 1108 30.
891 1053 1086 1109 Coram
1113 1051 1359 1124 patribus
1381 1069 1592 1119 eorum,
1619 1068 1738 1122 quae
1768 1051 1892 1106 fecit
1919 1052 2210 1115 mirabilia,

775 1229 864 1284 3|.
895 1227 953 1283 ln
980 1240 1121 1284 terra
1155 1228 1394 1300 Egypti,
1424 1230 1476 1283 in
1508 1244 1702 1298 eampo
1724 1229 1940 1283 Taneos

773 1320 861 1375 32.
888 1321 1185 1390 Interrupit
1211 1337 1380 1384 mare.
1410 1332 1462 1376 et
1496 1321 1747 1392 perduxit
1774 1336 1868 1376 eos
1895 1339 1907 1375 :

777 1416 866 1468 55.
893 1414 960 1468 Ει
983 1416 1175 1469 statuit
1197 1430 1366 1485 aquas
1395 1414 1552 1483 quasi
1579 1424 1776 1470 utrem.

773 1509 863 1562 34.
896 1509 961 1563 Et
993 1509 1216 1563 deduxit
1245 1525 1340 1564 eos
1372 1509 1424 1563 in
1456 1512 1599 1563 nube
1627 1508 1771 1562 diei:

776 1599 867 1653 35.
901 1597 967 1652 Et
990 1607 1100 1652 tota
1135 1609 1294 1653 nocte
1323 1600 1377 1653 in
1408 1597 1806 1652 illuminatione
1835 1596 1998 1667 ignis.

773 1690 862 1746 36.
896 1691 1191 1760 Interrupit
1221 1700 1429 1760 petram
1455 1690 1507 1744 in
1531 1704 1714 1744 eremo
1742 1707 1755 1745 :

771 1782 862 1836 37.
894 1780 959 1835 Et
986 1782 1280 1852 adaquavit
1306 1797 1403 1835 eos
1431 1782 1577 1836 velut
1604 1782 1659 1836 in
1687 1781 1889 1853 abysso
1921 1783 2090 1837 multa
2120 1799 2131 1835 :

773 1875 863 1931 38.
896 1875 962 1928 Et
988 1876 1177 1930 eduxit
1199 1891 1398 1946 aquam
1431 1875 1497 1930 de
1523 1885 1714 1945 petra:

774 1969 866 2022 59.
906 1967 972 2022 Et
992 1967 1179 2023 eduxit
1214 1976 1472 2038 tanquam
1505 1966 1732 2022 ﬂumina
1761 1981 1956 2037 aquas.

771 2059 861 2113 40.
889 2059 951 2114 Et
978 2069 1350 2128 apposuerunt
1378 2060 1555 2114 adhuc
1581 2074 1806 2129 peccare
1838 2060 1886 2113 ei
1909 2078 1922 2112 :

770 2150 859 2202 41.
895 2148 950 2201 In
987 2149 1122 2202 iram
1158 2149 1541 2204 excitaverunt
1569 2147 1862 2202 Excelsum
1890 2147 1945 2202 in
1986 2146 2278 2216 inaquoso.

775 2239 866 2293 42.
898 2239 962 2294 Et
988 2249 1331 2298 tentaverunt
1354 2241 1522 2296 Deum
1558 2240 1613 2295 in
1640 2241 1899 2296 cordibus
1932 2239 2072 2302 suis.

777 2436 855 2508 la)
885 2438 1138 2508 Ἤθελον.
1157 2437 1226 2508 At
1255 2437 1308 2491 in
1340 2451 1513 2508 marg.
1538 2435 1940 2508 ἠϐουλήθησαν.

780 2510 853 2575 (ό)
883 2509 990 2560 Τοῦ
1017 2507 1174 2562 Θεοῦ.
1210 2507 1264 2561 In
1302 2507 1481 2578 marg.
1512 2507 1701 2561 αὑτοῦ.

776 2581 848 2649 (ε)
889 2579 1149 2632 Ἔδωκεν.
1178 2578 1235 2633 Ιιι
1272 2594 1447 2650 marg.
1480 2578 1702 2645 ἔδειξεν.

3861 385 3972 442 972

2453 605 2541 658 27.
2571 606 2680 657 Καὶ
2735 607 2793 658 tv
2841 605 2920 676 τῷ
2974 592 3123 675 νόμῳ
3151 604 3315 658 αὐτοῦ
3343 605 3442 657 ούκ
3475 602 3861 675 ἠϐουλήθησαν
3899 601 3977 672 (a)

2384 695 2731 766 πορεύεσθαι.

2456 789 2544 844 28.
2573 790 2682 841 Καὶ
2711 788 3036 843 ἐπελάθοντο
3054 789 3161 841 τῶν
3185 790 3512 862 εὐεργεσιῶν
3531 788 3701 843 αὐτοῦ
3729 785 3831 859 (b),

2454 881 2542 935 29.
2609 881 2715 934 Καὶ
2768 882 2878 936 τῶν
2926 882 3242 953 θαυμασίων
3296 883 3482 945 αὑτοῦ,
3535 876 3610 936 ὧν
3649 880 3856 946 ἔδειξεν
3905 882 3978 951 (c)

2386 973 2588 1036 αὐτοῖς.

2455 1066 2542 1120 50.
2616 1065 2886 1120 Ἐναντίον
2941 1067 3049 1121 τῶν
3084 1068 3335 1139 πατέρων
3387 1069 3587 1136 αὐτῶν,
3650 1069 3690 1123 ἃ
3746 1067 3975 1138 ἐποίησε

2386 1155 2684 1225 θαυμάσια,

2456 1247 2543 1301 3|.
2592 1249 2678 1300 Ἐν
2702 1250 2771 1318 γῇ
2803 1249 3088 1321 Αἰγύπτῳ,
3123 1253 3179 1304 tv
3213 1251 3383 1322 πεδίῳ
3414 1251 3656 1314 Τάνεως.

2456 1339 2542 1392 52.
2576 1338 2839 1410 Διέῤῥηξε
2874 1340 3172 1407 Θάλασσαν,
3203 1343 3298 1396 καὶ
3330 1343 3590 1414 διήγαγεν
3627 1341 3832 1404 αὐτούς
3853 1354 3868 1370 ⁶

2456 1431 2542 1484 55.
2578 1433 2926 1502 Παρέστησεν
2963 1433 3132 1488 ὕδατα
3165 1435 3297 1488 ὡσεὶ
3331 1436 3518 1489 ἀσκόν.

2457 1522 2525 1576 54
2579 1524 2686 1574 Kal
2706 1523 2984 1594 ὡδήγησεν
3008 1527 3204 1590 αὐτοὺς
3229 1527 3286 1579 ὲν
3314 1527 3511 1598 νεφέλῃ
3545 1526 3765 1595 ἡμέρας
3785 1541 3799 1555 ⁸

2456 1613 2545 1667 55.
2570 1614 2679 1666 Kal
2700 1615 2828 1686 ὅλην
2851 1617 2948 1686 τὴν
2979 1617 3150 1671 νύκτα
3173 1619 3232 1671 tv
3267 1617 3531 1688 φωτισμῷ
3559 1617 3759 1687 πυρός.

2457 1708 2546 1765 36.
2583 1708 2845 1781 Διέρῤηξε
2877 1711 3082 1783 πέτραν
3119 1714 3178 1765 tv
3214 1716 3440 1785 ἐρήμῳο

2461 1801 2550 1854 57.
2589 1801 2700 1854 Kal
2727 1801 2977 1855 ἐπότισεν
2999 1804 3196 1868 αὐτοὺς
3218 1805 3292 1868 ὡς
3318 1806 3376 1858 tv
3406 1803 3632 1872 ἁδύσσῳ
3669 1799 3866 1870 πολλῇ.

2459 1890 2547 1944 58.
2581 1893 2692 1945 Kal
2721 1892 2990 1964 ἐξήγαγεν
3029 1892 3174 1965 ὓδωρ
3197 1896 3262 1948 ὲκ
3291 1895 3497 1967 πέτρας
3517 1910 3531 1924 ·

2460 1981 2547 2036 59.
2577 1984 2688 2036 Kal
2716 1986 3031 2056 κατήγαγεν
3051 1984 3125 2049 ὼς
3152 1989 3427 2057 ποταμοὺς
3455 1985 3642 2040 ὕδατα.

2462 2074 2552 2130 40.
2589 2077 2700 2130 Kal
2740 2078 3066 2149 προσέθεντο
3093 2078 3172 2132 ἔτι
3205 2077 3301 2131 τοῦ
3341 2077 3680 2149 ἁμαρτάνειν
3715 2071 3869 2142 αύτῷ

2461 2166 2552 2221 41.
2589 2169 3017 2242 Παρεπίκραναν
3047 2173 3136 2226 τὸν
3160 2170 3423 2240 ’Ὕψιστον
3449 2171 3507 2222 tv
3536 2167 3778 2239 ἀνύδρῳ.

2466 2257 2555 2312 42.
2593 2261 2701 2315 Kal
2726 2261 3088 2334 ἐξεπείρασαν
3112 2265 3204 2318 τὸν
3226 2264 3359 2317 Θεὸν
3385 2267 3442 2318 ὲν
3466 2264 3586 2324 ταῖς
3608 2259 3869 2331 καρδίαις
3889 2256 3978 2310 a6-

2395 2346 2525 2412 τῶν,

1835 2690 2214 2748 ATHANASII
2254 2687 2838 2746 INTERPRETATIO.

778 2855 867 2912 26.
891 2855 947 2911 ln
972 2856 1039 2910 iis
1064 2871 1185 2926 quae
1204 2855 1270 2910 de
1291 2853 1524 2910 Domino
1541 2854 1686 2909 dicta
1713 2862 1842 2910 sunt
1861 2868 1956 2925 per
1973 2852 2286 2924 prophetas.

777 3027 868 3082 27.
907 3026 970 3082 Et
997 3042 1059 3081 ea
1095 3041 1214 3097 qua:
1241 3026 1374 3096 legis
1407 3035 1582 3091 erant,
1614 3028 1906 3082 noluerunt
1941 3025 2140 3082 facere.

778 3118 873 3179 28.
903 3117 993 3172 29.
1049 3116 1213 3171 Obliti
1260 3126 1386 3172 sunt
1440 3118 1718 3187 quomodo
1768 3118 2117 3188 pertransivit
2152 3115 2286 3186 ipsis

711 3209 966 3264 omnibus
1003 3206 1374 3272 benefacieus.
1409 3217 1462 3262 et
1496 3226 1699 3266 sanans
1736 3226 1926 3265 omnes
1973 3209 2067 3278 qui
2106 3206 2286 3277 possi-

711 3302 979 3358 debantur
1007 3317 1036 3355 a
1069 3301 1306 3356 diabolo.

786 3393 876 3450 30.
907 3392 1107 3449 Coram
1139 3391 1481 3463 principibus
1510 3387 1845 3454 Judazorum,
1875 3406 1996 3460 quae
2026 3389 2152 3445 fecit
2183 3389 2290 3443 mi-

713 3487 929 3540 rabilia.

783 3578 876 3631 31.
908 3578 963 3629 In
1003 3583 1147 3628 terra
1186 3575 1538 3630 obtenebrata
1581 3592 1636 3629 in
1672 3585 1848 3646 gente,
1874 3592 1996 3647 qua:
2031 3575 2164 3630 nihil
2195 3591 2290 3628 su-

718 3669 881 3722 blime
905 3669 1034 3739 agit.
1077 3666 1266 3720 Tuneis
1305 3668 1448 3721 enim
1491 3669 1879 3738 interpretatur
1913 3669 2141 3722 humilia
2173 3668 2290 3736 jus-

717 3779 829 3826 sus,
861 3764 964 3816 hoc
988 3770 1073 3815 est
1095 3759 1289 3814 Judaei.

788 3855 879 3908 52.
913 3853 1139 3923 Aperuit
1168 3851 1332 3906 corda
1365 3866 1578 3917 eorum,
1607 3861 1668 3906 ut
1700 3862 1980 3906 cessarent
2010 3868 2036 3905 ν
2069 3851 2293 3920 pristina

720 3961 908 4006 eorum
950 3945 1386 3999 conversatione.

789 4039 875 4092 33.
909 4037 974 4090 Et
1003 4037 1288 4092 advocavit
1314 4044 1503 4108 gentes
1527 4045 1772 4092 mortuas
1800 4036 1869 4092 ob
1896 4045 2200 4108 peccatum.

792 4219 882 4273 54.
909 4217 966 4271 1η
999 4217 1118 4273 luce
1148 4232 1268 4272 sua.

788 4309 876 4363 35.
909 4307 974 4361 Et
998 4322 1215 4362 omnem
1253 4307 1599 4362 tenebrosam
1630 4306 1867 4376 priorem
1896 4307 2141 4376 ipsorum
2177 4323 2302 4362 con-

723 4401 1086 4456 versationem
1134 4407 1518 4464 commutans,
1563 4398 1618 4453 in
1666 4399 2066 4455 illuminatione
2113 4400 2300 4471 gratiae

723 4508 836 4548 sum
863 4492 1085 4547 deduxit
1113 4507 1229 4547 eos.

792 4583 882 4644 36.
914 4583 1081 4640 Latus
1113 4599 1274 4640 suum
1307 4583 1361 4638 iu
1392 4583 1597 4638 mundo
1632 4583 1866 4652 aperuit.

793 4675 883 4730 37.
914 4672 1190 4745 Sanguine
1219 4688 1321 4730 suo
1362 4672 1658 4742 adaquavit
1687 4671 2112 4742 iustificationes
2149 4686 2298 4727 suas.

795 4851 883 4907 38.
915 4851 993 4906 Ex
1023 4851 1195 4906 latere
1227 4865 1346 4906 suo.

792 4944 883 5001 39.
919 4944 985 5000 Et
1011 4944 1129 5014 ipsa
1173 4959 1336 5015 aqua,
1367 4959 1490 5016 qua
1526 4943 1685 4999 ﬂuxit
1723 4958 1790 4998 ex
1825 4941 1993 4996 latere
2023 4954 2142 5010 ejus
2170 4938 2298 4994 illu-

729 5037 950 5093 minavit
977 5048 1181 5108 gentes.

795 5132 886 5187 40.
919 5131 1186 5187 lncreduli
1213 5127 1406 5186 Judaei.

794 5225 883 5279 tl.
912 5221 1387 5280 Contristavernnt
1432 5217 1696 5290 Spiritum
1727 5227 1976 5275 sanctum
2003 5219 2059 5275 in
2091 5217 2299 5274 sterili-

726 5326 833 5372 late
865 5316 1063 5370 animae.
1095 5330 1306 5370 eorum.

795 5406 882 5460 42.
922 5403 1120 5459 Filium
1149 5404 1243 5460 Dei
1267 5405 1324 5460 in
1350 5404 1582 5459 adventu
1617 5417 1739 5457 suo.

2465 2849 2555 2903 26.
2583 2847 2693 2901 Kal
2715 2849 2826 2910 τοῖς
2858 2846 3166 2918 εἰρημένοις
3198 2849 3324 2920 περὶ
3357 2847 3452 2901 τοῦ
3513 2849 3722 2921 Κυρίου
3752 2848 3844 2904 διὰ
3876 2851 3984 2904 τῶν

2397 2936 2708 3011 προφητῶν.

2316 3021 2357 3076 C
2459 3029 2549 3082 27.
2583 3027 2693 3081 Kal
2719 3024 2789 3079 τά
2815 3025 2908 3079 τοῦ
2939 3027 3104 3097 νόμου
3133 3028 3234 3080 οὐκ
3258 3028 3530 3100 ἠθέλησαν
3554 3030 3805 3101 ποιῆσαι.

2458 3120 2550 3186 28,
2584 3120 2673 3175 29.
2721 3118 3075 3173 Ἑπελάθοντο
3115 3120 3233 3183 πῶς
3289 3121 3501 3193 διῆλθεν
3550 3124 3860 3196 εὐεργετῶν
3889 3126 3983 3178 αὖ.

2388 3211 2514 3272 τοὺς
2536 3210 2763 3272 πάντας,
2799 3209 2892 3261 καὶ
2951 3207 3178 3278 ἰώμενος
3231 3211 3440 3275 πάντας
3487 3214 3613 3276 τοὺς
3676 3214 3981 3268 καταδυνα-

2394 3299 2746 3370 στευομένους
2779 3299 2884 3350 ὑπὸ
2911 3298 3004 3351 τοῦ
3032 3299 3297 3354 διαὸόλου.

2462 3391 2553 3445 50.
2584 3381 2932 3462 Ἐμπροσθεν
2979 3389 3088 3445 τῶν
3117 3393 3394 3463 ἀρχόντων
3424 3393 3533 3448 τῶν
3585 3395 3862 3451 Ἰουδαίων
3883 3438 3896 3460 ,
3950 3399 3982 3453 ἃ.

2393 3483 2617 3554 ἐποίησε
2649 3482 2944 3552 θαυμάσια.

2461 3574 2552 3629 δι.
2596 3574 2683 3627 Ἐν
2715 3576 2781 3646 τῇ
2805 3578 2874 3646 γῇ
2906 3558 2982 3646 (ι)
3018 3577 3380 3650 ἐσκοτισμένῃ
3403 3580 3459 3633 ὲν
3484 3579 3563 3652 τῷ
3591 3581 3738 3636 εθνει
3768 3583 3849 3655 τῷ
3883 3603 3981 3655 μη.

2393 3667 2481 3720 δὲν
2513 3665 2715 3719 τέλειον
2746 3667 3008 3721 ποιοῦντι.
3035 3668 3207 3735 Τὰνις
3241 3672 3349 3741 γὰρ
3370 3673 3742 3742 ἑρμηνεύεται
3777 3677 3977 3730 ἐντελ-

2395 3754 2650 3826 λόμενος
2690 3758 2959 3820 ταπεινὰ,
2996 3758 3272 3811 τουτέστιν
3304 3762 3352 3811 οἱ
3397 3762 3659 3815 Ἰουδαῖοι.

2472 3847 2562 3902 52.
2595 3847 2835 3917 Διήνοιξε
2887 3847 2986 3910 τὰς
3029 3848 3265 3920 καρδίας
3306 3850 3517 3916 αὐτῶν,
3548 3853 3642 3906 τοῦ
3670 3853 3975 3910 παύσασθαι

2409 3935 2486 4006 (2)
2518 3937 2618 4007 τῆς
2665 3937 2936 4008 προτέρας
2965 3937 3144 3992 αὐτῶν
3173 3941 3540 4013 ἀναστροφῆς.

2470 4030 2557 4084 55.
2592 4031 2698 4082 Kal
2733 4029 3170 4101 προσεκαλέσατο
3211 4033 3282 4086 τὰ
3307 4034 3435 4107 ἔθνη
3472 4037 3862 4110 νενεκρωμένα
3906 4038 3975 4109 (5)

2403 4119 2507 4173 ὑπὸ
2534 4119 2632 4191 τῆς
2659 4121 2953 4192 ἁμαρτίας.

2473 4211 2562 4267 54.
2611 4213 2698 4265 Ἐν
2735 4212 2814 4283 τῷ
2841 4213 2979 4282 φωτὶ
3012 4212 3199 4269 αὑτοῦ.

2477 4302 2565 4356 55.
2601 4304 2712 4356 Kal
2775 4302 2904 4372 ὃλην
2954 4301 3052 4372 τὴν
3094 4301 3374 4374 σκοτεινὴν
3431 4301 3505 4374 (ὃ)
3555 4303 3656 4375 τὴν
3717 4309 3977 4382 προτέραν

2403 4393 2583 4447 αὐτῶν
2613 4393 2957 4464 ἀναστροφὴν
2993 4392 3313 4464 μεταϐαλὼν
3333 4433 3347 4458 ,
3385 4397 3442 4448 tv
3480 4394 3558 4466 τῷ
3588 4400 3860 4471 φωτισμῷ
3888 4401 3979 4470 τῆς

2404 4485 2624 4556 χάριτος
2650 4484 2816 4537 αὑτοῦ
2841 4485 3123 4556 ὡδήγησεν
3156 4484 3356 4548 αὐτούς

2477 4576 2563 4630 56.
2593 4576 2702 4648 Τὴν
2725 4576 2962 4648 πλευρὰν
2989 4575 3151 4630 αὑτοῦ
3175 4578 3233 4628 tv
3257 4576 3336 4646 τῷ
3367 4576 3557 4649 κόσμῳ
3589 4577 3848 4649 διήνοιξε.

2475 4675 2562 4729 57.
2592 4672 2691 4727 Διά
2717 4671 2812 4725 τοῦ
2849 4661 3094 4744 αἵματος
3117 4673 3283 4727 αὑτοῦ
3309 4673 3529 4728 ὲπότισε
3560 4675 3637 4746 (5)
3669 4677 3740 4730 τὰ
3764 4677 3979 4732 δικαιὼ-

2411 4783 2554 4837 ματα
2580 4763 2767 4819 αὑτοῦ.

2477 4857 2563 4910 58.
2614 4857 2708 4908 Ἐκ
2754 4857 2855 4927 τῆς
2884 4856 3126 4928 πλευρᾶς
3160 4855 3349 4912 αὑτοῦ.

2481 4949 2568 5004 39.
2597 4949 2705 5000 Kal
2731 4949 2788 5002 tv
2821 4949 2969 5020 αύτῷ
2997 4948 3075 5020 τῷ
3101 4948 3254 5004 ὕδατι
3287 4951 3364 5022 τῷ
3390 4952 3456 5004 ἐκ
3485 4951 3587 5022 τῆς
3617 4951 3862 5025 πλευρᾶς
3891 4954 3980 5008 αύ-

2407 5040 2502 5094 τοῢ
2538 5040 2767 5110 ἐφώτισε
2790 5042 2859 5096 τὰ
2881 5043 3029 5114 ἔθνη.

2482 5131 2570 5184 40.
2603 5129 2666 5184 Ol
2691 5131 3044 5197 ἀπειθοῦντες
3087 5132 3349 5187 Ἰουδαῖοι.

2480 5222 2569 5276 «Η.
2617 5223 2922 5294 Ἐλύπησαν
2953 5226 3010 5279 τὸ
3040 5225 3340 5295 Πνεῦματδ
3370 5224 3525 5294 ἅγιον
3551 5243 3609 5279 εν
3641 5229 3711 5298 τῇ
3745 5228 3946 5301 ἀκαρπί

2412 5313 2511 5384 τῆς
2536 5315 2711 5387 ψυχῆς
2739 5316 2937 5371 αὐτῶν.

2486 5407 2568 5463 ιε.
2600 5409 2706 5462 Τὸν
2734 5408 2858 5463 Υἱὸν
2886 5410 2981 5463 τοῦ
3011 5409 3144 5465 Θεοῦ
3179 5412 3237 5467 ἐν
3258 5414 3324 5483 τῇ
3357 5411 3633 5484 παρουσίᾳ
3662 5412 3853 5471 αυτοῦ.

1679 5535 1990 5598 Addenda
2022 5543 2083 5599 et
2111 5540 2485 5621 corrigenda
2521 5563 2598 5608 ex
2631 5547 2770 5608 cod.
2806 5547 3008 5610 Vatic.

800 5663 874 5739 (ί)
903 5665 980 5739 Τῇ
1009 5670 1078 5739 γῇ
1101 5668 1189 5739 τῇ,
1221 5672 1350 5739 ete.,
1385 5681 1505 5719 mox
1541 5664 1930 5737 ἐντελλόμενοι.

797 5734 882 5858 ἐξ)
907 5732 1286 5808 ιιιὶέῷιδὸἰειίο
1334 5738 1495 5805 hujus
1534 5738 1672 5791 vers.
1703 5732 1888 5808 incipit
1921 5755 1948 5790 a
1979 5739 2144 5794 verbo
2166 5738 2302 5793 παύ-

733 5821 790 5858 σε
862 5822 938 5861 αι.

2488 5673 2541 5742 (5
2599 5674 2916 5746 Νικὼμενα.

2591 5746 2976 5821 Ἱξῂνμσκοτίαν,
2995 5746 3063 5821 ἥν
3087 5747 3186 5821 τὴν
3213 5747 3510 5820 προτέραν,
3542 5743 3675 5810 etc.|

2483 5815 2559 5883 (ὃ)
2617 5815 2878 5870 Επὸτισεν
2907 5815 3121 5884 αὐτούς,
3141 5815 3253 5873 ἐιιε.

2599 5674 2916 5746 Νικὼμενα.
