4174 6486
218 439 325 497 981
1100 439 1192 493 DE
1232 439 1507 496 TITULIS
1539 441 1985 500 PSALMORUH.
2024 474 2094 486 —
2132 443 2325 498 PSAL.
2365 443 2617 503 LXXVII.
3375 451 3478 510 982

303 559 425 614 118.
471 559 747 631 ἶΑπαρχην
780 561 978 624 παντὸς
1001 561 1162 614 πόνου
1192 563 1391 628 αὐτῶν,
1432 564 1491 615 ὲν
1529 567 1641 630 τοῖς
1669 582 1802 637 σκη-
1831 576 1877 630 Α

1831 576 1877 630 Α
1977 567 2097 622 118.
2133 566 2409 624 Primitias
2451 569 2633 624 omnis
2665 569 2870 627 laboris
2898 584 3088 624 eorum
3131 572 3183 624 in
3229 572 3479 630 taberna-

222 653 446 722 γὼμασι
479 653 626 723 Χάμ.

617 693 626 708 .
1907 660 2044 716 culis
2071 660 2265 714 Citam.

301 745 426 798 119.
463 745 572 798 Kal
605 744 819 816 ἀπῆρεν
838 744 911 809 ὡς
941 744 1189 820 πρόϐατα
1219 747 1311 800 τὸν
1338 747 1466 801 λαόν
1489 749 1671 805 αὑτοῦ.

1657 791 1671 805 .
1979 750 2102 804 119.
2135 749 2200 804 Ει
2229 749 2452 804 abstulit
2484 749 2631 803 sicut
2652 764 2784 802 oves
2818 750 3257 818 populum'suum
3287 770 3301 807 :

302 836 428 892 120.
454 839 564 892 Kal
585 838 862 911 ἀνήγαγεν
882 841 1078 904 αὐτοὺς
1098 840 1230 894 ὡσεὶ
1253 841 1499 912 ποίμνιον
1515 845 1570 895 ὲν
1592 843 1799 915 ἐρήμῳ.

1982 841 2104 897 120.
2139 841 2204 895 Et
2253 843 2508 912 perduxit
2557 857 2654 899 eos
2697 854 2957 913 tauquam
3011 860 3224 916 gregem
3277 844 3330 899 in
3385 845 3481 902 de-

1949 951 2054 988 ΞΙΊΟ
2085 953 2096 988 Σ

303 1015 567 1072 12Ι.Καὶ
597 1015 876 1090 ὡδήγησεν
937 1018 1134 1084 αὐτοὺς
1190 1019 1276 1072 ἐπ’
1316 1018 1514 1083 ἑλπίδι,
1555 1019 1647 1073 καὶ
1707 1022 1806 1075 οὐκ
1907 951 1951 990 8‘

1907 944 2054 990 serto
2085 953 2096 988 :

1759 1039 1806 1074 ιλ
1981 1026 2105 1081 121.
2143 1026 2210 1082 Et
2227 1025 2456 1082 deduxit
2485 1041 2584 1083 eos
2612 1027 2667 1081 in
2696 1042 2812 1097 spe,
2837 1037 2888 1082 et
2925 1011 3034 1081 non
3061 1033 3364 1085 timuerunt
3393 1047 3407 1082 :

225 1107 553 1164 ἐδειλίασαν.

302 1202 426 1256 122.
466 1203 578 1255 Kal
600 1203 726 1267 τοὺς
755 1202 981 1275 ἐχθροὺς
1011 1203 1190 1258 αὐτῶν
1220 1205 1455 1276 ἐκάλυψε
1487 1206 1749 1262 Θάλασσα.

1501 1206 1749 1262 ὶάλασσα.
1986 1207 2109 1261 122.
2145 1207 2209 1262 Et
2236 1206 2485 1263 inimicos
2511 1223 2698 1263 eorum
2733 1207 2948 1277 operuit
2982 1222 3149 1263 mare.

306 1294 427 1350 125.
467 1294 576 1348 Kal
600 1296 888 1367 εἰσήγαγεν
937 1296 1132 1360 αὐτοὺς
1181 1298 1260 1361 είς
1304 1297 1428 1369 ὅρος
1474 1300 1806 1370 άγιάσματος

1988 1301 2110 1355 125.
2151 1300 2214 1354 Et
2262 1300 2474 1356 induxit
2511 1316 2607 1356 eos
2647 1300 2701 1353 in
2750 1309 2988 1354 montem
3033 1299 3482 1355 sanctiﬁcationis

227 1384 422 1447 αὑτοῦ,
1908 1407 2020 1446 sua:
2037 1433 2050 1454 ,

303 1478 430 1533 124.
449 1480 614 1551 Ὅρος
641 1479 818 1545 τοῦτο,
849 1478 878 1532 δ
899 1479 1172 1551 ἐκτήσατο
1198 1483 1231 1553 ή
1256 1480 1406 1550 δεξιά
1431 1483 1616 1538 αὑτοῦ.

1991 1484 2112 1537 124.
2152 1481 2386 1537 Montem
2448 1483 2632 1548 hunc,
2691 1496 2852 1552 quem
2913 1481 3201 1553 acquisivit
3261 1481 3481 1536 dextera

1906 1593 2047 1648 etus.

304 1656 432 1711 125.
472 1657 584 1712 Kal
605 1657 857 1725 ἐξέϐαλεν
890 1658 1000 1712 ἀπὸ
1026 1659 1320 1731 προσώπου
1346 1663 1524 1716 αὐτῶν
1555 1663 1679 1735 ἔθνη
1701 1681 1714 1694 ·

1482 1666 1524 1716 ‘w
1555 1663 1679 1735 ἔθνη
1701 1681 1714 1694 ·
1984 1670 2104 1723 125.
2150 1669 2216 1723 Et
2248 1669 2409 1738 eiecit
2435 1683 2463 1721 a
2495 1667 2632 1722 faeie
2674 1683 2863 1723 eorum
2897 1676 3082 1736 gentes
3117 1685 3130 1720 :

300 1746 428 1802 126.
469 1743 580 1801 Kal
615 1747 1039 1819 ἑκληροδότησεν
1066 1751 1260 1816 αὐτοὺς
1286 1754 1344 1805 ὲν
1369 1753 1583 1824 σχοινίῳ
1611 1754 1809 1826 κληρο-

1985 1763 2108 1815 1215.
2146 1761 2210 1815 Et
2243 1772 2391 1816 sorte
2411 1760 2596 1815 divisit
2616 1760 2766 1814 eisin
2791 1758 3034 1814 funiculo
3059 1756 3481 1814 distributionis.

227 1836 434 1902 δοσίας.
3129 1855 3131 1857 ,

305 1930 429 1985 127.
469 1932 580 1984 Kal
612 1934 1022 2005 κατεσκήνωσεν
1047 1935 1102 1988 ὲν
1123 1938 1234 1999 τοῖς
1255 1935 1608 2008 σκηνώμασιν
1633 1938 1808 1994 αὐτῶν
1841 1927 1882 1986 Β

1841 1927 1882 1986 Β
1979 1939 2099 1991 127.
2136 1938 2196 1992 Iit
2232 1939 2476 1993 habitare
2507 1937 2634 1992 fecit
2667 1939 2719 1992 in
2767 1937 3129 1993 tabernaculis
3160 1951 3349 1991 eorum
3385 1935 3482 1989 tri-

228 2023 332 2087 τὲις
343 2052 350 2058 -
361 2022 531 2092 φυλὰς
559 2023 653 2078 τοῦ
691 2025 924 2098 Ἰσραήλ.
1267 2065 1271 2069 -

568 2023 653 2078 τοῦ
691 2025 924 2098 Ἰσραήλ.
1267 2065 1271 2069 -
1905 2031 2007 2085 bus
2036 2029 2216 2084 Israel.

305 2114 430 2168 128.
471 2117 580 2169 Kal
623 2117 939 2189 ἐπείρασαν,
987 2121 1080 2173 καὶ
1108 2120 1520 2193 παρεπίκραναν
1549 2123 1640 2176 τὸν
1677 2121 1810 2177 Θεὸν

1983 2119 2101 2173 123.
2152 2117 2222 2174 Et
2254 2127 2629 2183 tenlaverunt,
2688 2128 2741 2173 et
2794 2128 3259 2174 exaceroaverunt
3314 2113 3481 2170 Deum

228 2207 324 2260 τὸν
354 2208 575 2278 ὕψιστον
593 2226 608 2240 ο

593 2226 608 2240 ⁸
1905 2213 2180 2268 excelsum
2219 2231 2231 2266 :

309 2299 432 2355 129.
473 2301 585 2354 Kal
616 2300 685 2356 τά
721 2301 995 2374 μαρτύρια
1021 2302 1187 2356 αὐτοῦ
1211 2306 1310 2358 οὐκ
1340 2304 1688 2374 ἐφυλάξαντο.
1849 2321 1858 2331 ·

1625 2322 1688 2359 το.
1849 2321 1858 2331 ·
1978 2303 2099 2359 129.
2137 2303 2200 2358 Et
2234 2305 2544 2358 testimonia
2575 2304 2695 2373 ejus
2738 2319 2846 2357 non
2877 2303 3273 2359 custodierunt.

308 2391 431 2446 150.
471 2393 579 2446 Kal
611 2393 978 2464 ἀπέστρεψαν,
1013 2396 1106 2448 καὶ
1138 2395 1430 2467 ἠθέτησαν,
1483 2397 1663 2462 καθὼς
1715 2398 1808 2451 καὶ

1984 2397 2105 2462 150.
2141 2394 2208 2450 Et
2233 2402 2545 2450 averterunt
2563 2409 2642 2457 se,
2661 2402 2714 2449 et
2737 2410 2844 2449 non
2869 2401 3223 2449 servaverunt
3243 2401 3485 2462 pactum,

231 2479 284 2533 οί
311 2477 544 2550 πατέρες
575 2479 752 2533 αὐτῶν
771 2498 785 2510 ·

1915 2488 2374 2557 quemadmodum
2401 2497 2453 2542 et
2485 2497 2666 2556 patres
2698 2502 2886 2541 eorum
2916 2505 2927 2540 :

312 2569 435 2622 151.
475 2571 942 2646 Μετεστράφησαν
970 2579 1048 2641 εἰς
1074 2577 1225 2644 τόξον
1257 2578 1528 2650 στρεϐλόν.

1507 2598 1528 2631 ’.
1985 2577 2110 2630 151.
2147 2577 2407 2631 Conversi
2436 2587 2563 2631 sunt
2595 2578 2647 2630 in
2685 2592 2871 2632 arcum
2906 2590 3155 2645 pravum.

308 2661 431 2722 I32.
471 2663 582 2718 Kal
607 2665 964 2739 παρὼργισαν
984 2669 1144 2723 αὑτὸν
1167 2673 1224 2723 ὲν
1245 2674 1354 2735 τοῖς
1381 2671 1588 2742 βουνοῖς
1609 2669 1804 2724 αὑτῶψ

1989 2669 2108 2723 152.
2145 2665 2210 2722 Et
2243 2669 2295 2723 in
2345 2669 2479 2723 iram
2519 2673 2930 2724 concitaverunt
2977 2682 3100 2724 eum
3153 2669 3205 2721 in
3257 2665 3488 2722 collibus

1914 2778 2030 2818 suis
2065 2782 2078 2817 ζ

1361 2932 1739 2990 ATIIANASII
1776 2932 2364 2993 INTERPRETATIO.

308 3132 432 3188 118.
471 3134 602 3194 Ἀπὸ
647 3135 741 3190 τοῦ
774 3137 1018 3208 ἀρχηγοῦ
1047 3138 1226 3199 αὐτῶν
1259 3138 1354 3192 τοῦ
1401 3139 1648 3193 διαϐόλου
1674 3181 1689 3206 ,
1722 3143 1816 3195 καὶ

1991 3141 2109 3196 118.
2144 3141 2192 3200 Α
2219 3141 2462 3211 principe
2492 3156 2679 3195 eorum
2708 3138 2944 3206 diabolo,
2978 3147 3032 3192 et
3061 3139 3216 3193 omni
3243 3138 3363 3208 ejus
3384 3154 3487 3209 pec

233 3224 422 3298 πάσης
474 3226 641 3280 αὑτοῦ
677 3228 777 3299 τῆς
831 3227 1137 3300 δυνάμεως.
1182 3229 1312 3301 Χὰμ
1356 3233 1464 3302 γὰρ
1518 3233 1817 3302 τολμηρὸς

1518 3233 1817 3302 τολμηρὸς
1917 3241 2127 3287 testate.
2154 3232 2321 3287 Citam
2347 3233 2491 3287 enim
2523 3233 2908 3302 interpretatur
2944 3229 3146 3284 audax.

234 3315 617 3388 ἑρμηνεύεται.

311 3407 434 3463 119.
465 3410 574 3463 Kal
604 3409 960 3482 ὲρρύσατοὼς
989 3412 1083 3466 ἀπ’
1113 3412 1263 3466 ἐλέου
1299 3413 1374 3486 (1)
1395 3413 1520 3478 τοὺς
1541 3414 1819 3470 πιστεύον-

1985 3413 2108 3470 119.
2149 3412 2214 3468 Et
2234 3412 2399 3468 veluti
2429 3427 2540 3483 prae
2565 3408 3183 3466 miscrationeliberavit
3203 3409 3488 3464 credentes

233 3486 346 3562 τας
366 3501 533 3571 αὐτῷ.
1461 3523 1464 3526 ’
1839 3543 1881 3606 C

981 3596 1082 3606 ..
1188 3596 1272 3606 ..
1748 3504 2196 3606 ,ϐίηῗὲἱπέξ

313 3592 434 3648 120.
463 3595 572 3648 Kal
617 3595 893 3666 ἀνήγαγεν
935 3596 1132 3660 αὐτοὺς
1177 3596 1284 3651 ἀπὸ
1332 3598 1430 3670 τῆς
1466 3599 1670 3670 φθορας
1713 3598 1814 3669 τῆς
1842 3591 1887 3606 ”

1842 3591 1887 3606 ’⁸
1989 3596 2113 3650 120.
2148 3595 2213 3650 Et
2243 3595 2458 3650 reduxit
2511 3611 2606 3650 eos
2659 3609 2690 3666 a
2738 3593 3088 3664 corruptione
3137 3591 3346 3662 peccati
3397 3607 3490 3662 per

235 3683 514 3756 ἁμαρτίας
541 3684 635 3738 τοῦ
671 3686 746 3758 (2)
772 3686 1162 3758 βαπτίσματος.

617 3684 635 3738 3
671 3686 746 3758 (2)
772 3686 1162 3758 βαπτίσματος.
1915 3687 2265 3757 baptismum.

314 3775 436 3831 121.
465 3777 575 3831 Kal
595 3777 880 3849 ὼδήγησαν
912 3779 986 3846 (5)
1008 3779 1202 3843 αὐτοὺς
1252 3781 1309 3833 ὲν
1352 3780 1555 3848 πίστει,
1595 3780 1689 3834 καὶ
1714 3781 1814 3834 οὐκ

1991 3780 2114 3834 121.
2152 3779 2217 3834 Et
2243 3778 2468 3835 deduxit
2509 3795 2606 3835 eos
2647 3779 2701 3834 in
2749 3778 2887 3842 ﬁde,
2927 3790 2983 3834 et
3033 3793 3143 3834 non
3191 3778 3490 3833 timuerunt

237 3870 588 3943 ἐφοϐήθησαν
615 3872 712 3941 τὴν
741 3872 1036 3942 ἁμαρτίαν.

1916 3881 2217 3942 peccatum.
2961 3900 2963 3902 -

310 3962 435 4017 122.
452 3962 562 4027 Τὰς
577 3963 824 4027 ἐναντίας
839 3963 1093 4036 δυνάμεις
1110 3963 1417 4019 ἐθανάτωσε
1435 3965 1494 4018 τὸ
1511 3965 1808 4039 βάπτισμα.

1988 3961 2110 4016 122.
2145 3960 2502 4016 Adversarias
2559 3969 2853 4032 potestates
2904 3960 3255 4016 mortiﬁcavit
3311 3959 3491 4030 bapti-

1916 4068 2089 4108 smus.

309 4143 434 4197 125.
454 4143 550 4206 El;
572 4142 670 4208 τὴν
699 4143 1024 4214 Ἐκκλησίαν

905 4144 1024 4198 σίαν
1053 4143 1151 4216 (4).
1987 4143 2106 4197 125.
2143 4141 2199 4197 In
2226 4140 2548 4199 Ecclesiam.

314 4237 437 4292 124.
479 4237 543 4290 Ἥ
577 4237 873 4309 Ἐκκλησία
913 4242 980 4308 ὴν
1021 4238 1096 4308 (5)
1153 4241 1547 4312 περιποιήσατο
1588 4241 1676 4295 διὰ
1720 4241 1813 4295 τοῦ

1987 4232 2110 4288 121.
2145 4231 2466 4299 Ecclesiam,
2515 4249 2678 4303 quam
2725 4232 3061 4302 comparavit
3107 4232 3326 4304 proprio
3361 4246 3491 4288 san-

237 4327 372 4381 ιδίου
398 4328 628 4398 αἵματος
655 4331 684 4381 ὁ
719 4329 1010 4399 μονογενὴς
1040 4329 1166 4394 Υἱὸς
1191 4331 1284 4383 τοῦ
1311 4331 1463 4387 Θεοῦ.

1119 4332 1166 4394 ὃς
1191 4331 1284 4383 τοῦ
1311 4331 1463 4387 Θεοῦ,
1916 4325 2078 4394 guine
2105 4325 2417 4394 unigenitus
2449 4323 2621 4380 Filius
2653 4324 2767 4379 Dei.

311 4420 436 4475 125.
479 4420 617 4483 Τοὺς
642 4420 900 4490 δαίμονας
924 4422 987 4473 ἐκ
1017 4421 1126 4473 τῶν
1150 4423 1384 4492 καρδιῶν
1406 4424 1603 4478 αὐτῶν.

1406 4424 1603 4478 αὐτῶν,
1989 4415 2113 4470 125.
2152 4414 2432 4471 Daemones
2453 4433 2516 4470 ex
2549 4418 2803 4472 cordibus
2824 4434 3037 4473 eorum.

316 4509 746 4582 126.Ἐμὲρισεν
778 4512 960 4574 αὐτοῖς
998 4511 1065 4564 τὰ
1099 4511 1412 4582 χαρίσματα
1464 4513 1560 4584 τῆς
1595 4513 1814 4586 χάριτος

1332 4530 1412 4566 ιτα
1464 4513 1560 4584 τῆς
1595 4513 1814 4586 χάριτος
1992 4507 2116 4564 126.
2148 4506 2340 4563 Divisit
2370 4507 2451 4562 eis
2469 4508 2609 4562 dona
2632 4512 2816 4580 gratio:
2848 4528 2980 4564 suae.

234 4620 426 4659 αυτου.

317 4692 441 4748 127.
481 4693 592 4746 Kal
602 4692 852 4763 ἡγεῖσθαι
870 4695 1122 4766 ἐποίησεν
1138 4695 1315 4749 αὐτῶν
1331 4697 1454 4760 τοὺς
1465 4696 1812 4760 ἀποστόλους.

1601 4696 1812 4760 πόλους,
1987 4685 2112 4741 127.
2142 4684 2206 4738 Et
2236 4686 2520 4740 constituit
2546 4686 2714 4741 duces
2737 4703 2923 4741 eorum
2952 4684 3249 4756 apostolos.

311 4785 439 4841 128.
481 4786 546 4838 Ol
579 4787 653 4858 μὴ
684 4787 1072 4850 πιστεύσαντες
1107 4789 1256 4860 αὐτῷ
1286 4789 1550 4843 Ἰουδαῖοι.

1485 4807 1550 4843 οι,
1989 4773 2114 4828 128.
2150 4772 2347 4840 Judzei,
2369 4775 2463 4844 qui
2495 4775 2593 4851 ipsi
2626 4791 2735 4829 non
2767 4777 3133 4831 crediderunt.

305 4874 435 4929 129.
477 4875 587 4939 Τάς
612 4878 915 4950 μαρτυρίας
940 4877 1036 4942 τὰς
1065 4880 1361 4952 είρημένας
1388 4882 1516 4953 περὶ
1541 4880 1707 4936 αὑτοῦ
1729 4881 1816 4936 διὰ
1849 4881 1892 4937 D

1697 4881 1816 4936 εδιά
1849 4881 1892 4937 ι)
1988 4865 2114 4921 129.
2148 4864 2482 4922 'I‘estimonia
2510 4867 2651 4922 dicta
2684 4867 2753 4922 de
2774 4867 2891 4937 ipso
2915 4883 3010 4922 uer
3035 4865 3345 4936 prophetas.

228 4987 344 5024 των
381 4984 697 5040 προφητων.

311 5061 337 5115 1
346 5059 434 5115 50.
477 5061 586 5114 Καὶ
597 5063 902 5134 ἠρνήσαντο
913 5064 1094 5130 αὐτὸν,
1109 5063 1288 5131 καθὼς
1297 5067 1344 5120 οἱ
1360 5065 1590 5140 πατέρες
1610 5066 1808 5131 αὐτῶν.

1992 5041 2116 5097 150.
2150 5040 2215 5096 Ει
2242 5054 2576 5114 negaverunt
2605 5059 2728 5099 eum
2749 5083 2767 5108 ,
2806 5044 3261 5118 quemadmodum
3307 5046 3489 5116 patres

310 5217 437 5272 151.
478 5217 573 5281 El;
600 5217 942 5274 διδασκαλίαν
967 5220 1067 5274 οὐκ
1097 5220 1284 5294 ὀρθήν.
1916 5152 1958 5192 ω

1916 5151 2127 5192 eorum.

1251 5240 1284 5276 ν.
1991 5225 2117 5282 151.
2150 5225 2206 5280 In
2235 5226 2536 5281 doctrinam
2569 5240 2899 5295 perversam.

311 5308 440 5374 152,
480 5309 601 5365 155.
620 5309 711 5364 Ἐν
738 5313 860 5376 ταῖς
885 5310 1134 5384 καρδίαις
1160 5312 1357 5369 αὐτῶν.

1223 5312 1357 5369 ιτῶν.
1992 5319 2118 5384 152,
2156 5319 2279 5375 155.
2301 5317 2357 5380 ιιι
2379 5317 2637 5373 cordibus
2659 5333 2871 5376 eorum.

1199 5487 1509 5564 Addenda
1541 5509 1603 5568 et
1625 5503 2010 5583 corrigenda
2041 5522 2122 5567 ex
2154 5511 2295 5567 cod.
2336 5505 2539 5568 Vatic.

308 5703 386 5788 (I‘)
431 5705 561 5788 ςΔςπὸ
584 5704 794 5786 ζέοντος
1999 5715 2075 5784 (1)
2120 5716 2229 5786 Τὴν
2267 5715 2592 5788 Ἐκκλησίαν
2622 5717 2787 5786 λέγει.

419 5775 648 5859 ξιξτοῦ.
2113 5775 2222 5859 Τίίν
2262 5775 2611 5858 Ἐκκλησίαν,
2637 5775 2723 5859 ἦν,
2752 5799 2862 5846 etc.

311 5845 390 5919 (5)
426 5846 732 5916 Ὠδήγηςεν.
