4174 6518
281 438 388 495 997
1172 440 1258 495 DE
1294 440 1571 496 TlTULlS
1613 441 2067 499 PSALMORUM.
2108 471 2179 484 -—
2217 441 2415 498 PSAL.
2461 443 2672 500 LXXX.
3433 453 3537 508 998

352 560 408 616 9.
444 562 760 635 Μαρτύριον
791 580 849 618 εν
877 564 954 635 τῷ
999 563 1193 635 Ἰωσὴφ
1220 564 1370 618 ἔθετο
1395 565 1554 618 αὐτόν
1572 583 1585 596 ⁸
1887 576 1933 629 Α

1887 576 1933 629 Α
2030 567 2082 622 9.
2120 566 2517 623 Testimonium
2552 569 2606 622 in
2635 568 2835 641 .loseph
2862 571 3044 641 posuit
3075 572 3209 628 illud
3241 588 3255 627 :

353 652 441 707 10.
478 654 566 706 Ἐν
595 653 674 726 τῷ
701 654 936 722 ἐξελθεῖν
968 656 1127 708 αὑτὸν
1161 659 1224 709 ἐκ
1257 657 1358 726 γῆς
1383 657 1677 724 Αἰγύπτου.

1566 675 1677 712 του.
2029 655 2114 710 10.
2145 657 2279 712 Cum
2313 660 2488 714 exiret
2517 659 2632 729 ipse
2663 660 2730 715 de
2769 670 2913 716 terra
2947 662 3168 734 ΛΕεγριί
3201 679 3214 715 :

353 744 414 797 11
432 787 444 798 .
473 746 730 799 Γλῶσσαν
754 747 819 818 ῆν
849 748 947 800 οὑκ
972 748 1130 816 ἔγνω,
1169 750 1419 818 1ἤκουσεν.

2029 746 2114 800 11.
2147 745 2409 818 Linguam
2442 765 2603 818 quam
2639 765 2749 804 non
2785 762 3032 817 noverat,
3067 753 3296 809 audivit.

353 833 442 888 12.
473 837 808 906 ’Δπὲστησεν
834 837 939 889 ἀπὸ
968 836 1179 907 ἀρσεων
1209 838 1298 890 τὸν
1329 839 1508 890 νῶτον.
1532 839 1695 892 αὑτοῦ
1715 857 1727 869 ο

1570 839 1727 891 ὑτοῦο
2030 839 2115 892 12.
2150 838 2378 894 Divertit
2411 843 2479 895 ab
2506 843 2764 897 oneribus
2797 845 3022 898 dorsum
3049 845 3169 914 ejus
3202 860 3217 899 :

353 924 443 980 13.
476 927 542 978 At
573 929 751 996 χεῖρες
781 926 943 981 αὐτοῦ
967 929 1023 978 ἐν
1057 926 1133 995 τῷ
1165 927 1365 997 κοφίνῳ
1401 926 1746 980 ἐδούλευσανο

1570 944 1746 980 ευσαν⁶
2029 932 2116 986 15.
2149 930 2341 986 Manus
2374 934 2494 1002 ejus
2530 935 2583 988 in
2619 935 2858 1004 cophino
2892 938 3218 992 servierunt.

357 1016 446 1071 14.
481 1019 570 1071 Ἐν
598 1018 772 1087 θλίψει
801 1019 1112 1072 ἐπεκαλέσω
1149 1037 1235 1088 με,
1270 1021 1360 1072 καὶ
1392 1020 1708 1090 ἐρρυσάμην
1736 1037 1827 1072 σε·

2029 1023 2117 1076 14.
2151 1021 2207 1076 In
2247 1024 2597 1079 tribulatione
2628 1026 2892 1081 invocasti
2923 1044 3032 1092 me,
3060 1036 3113 1083 et
3144 1030 3366 1084 liberavi
3400 1039 3448 1085 te
3482 1049 3494 1086 :

354 1106 440 1160 15.
475 1107 790 1178 Ἐπήκουσά
817 1125 908 1170 σου
941 1111 998 1161 ἐν
1030 1110 1332 1179 ἀποκρύφῳ
1363 1109 1697 1172 καταιγίδος’

2030 1115 2115 1168 15.
2151 1113 2414 1168 Exaudivi
2447 1123 2496 1168 te
2528 1118 2578 1168 in
2608 1117 2928 1172 abscondito
2962 1122 3304 1189 tempestatis
3341 1140 3353 1176 :

353 1196 439 1252 16.
473 1197 802 1271 Ἐδοκίμασά
833 1188 905 1254 σε’
925 1203 1016 1254 ἐπὶ
1050 1202 1237 1266 ὓδατος
1264 1203 1587 1271 ἀντιλογίας.

2031 1207 2116 1260 16.
2152 1206 2384 1263 Probavi
2421 1216 2472 1263 te
2500 1210 2639 1278 apud
2679 1225 2874 1279 aquam
2907 1188 3378 1269 contradictionis.

960 1297 995 1347 Δ
1004 1296 1273 1364 ιιὶψαλμα
1285 1334 1299 1348 .
2584 1299 2608 1351 l

1269 1311 1299 1348 ί.
2584 1299 2917 1371 Diapsalnta.

354 1384 442 1438 1'7.
473 1386 758 1453 Ἄκουσον,
784 1386 913 1450 λαός
957 1405 1089 1459 μου,
1138 1389 1230 1440 καί
1272 1385 1712 1457 διαμαρτύρομαι
1755 1404 1853 1449 σοι,

2034 1390 2114 1443 17.
2149 1389 2308 1454 Audi,
2345 1393 2573 1462 populus
2605 1411 2778 1461 meus,
2814 1408 2867 1450 et
2914 1405 3190 1452 contestor
3227 1408 3276 1452 te
3312 1398 3482 1454 Israel
3514 1416 3528 1454 :

289 1473 513 1546 Ἰσραήλ
537 1475 610 1544 (a)

354 1569 442 1623 18.
493 1569 616 1623 Ἐὰν
663 1569 901 1641 ἀκούσῃς
956 1587 1088 1640 μου,
1131 1571 1230 1623 οὐκ
1276 1569 1428 1622 ἔσται
1479 1571 1536 1622 ἐν
1588 1571 1670 1622 σοὶ
1727 1570 1856 1632 Θεὸς

2037 1568 2117 1621 18.
2163 1567 2217 1622 Si
2267 1570 2502 1625 audieris
2551 1586 2674 1636 me,
2725 1587 2832 1626 non
2890 1575 2993 1628 erit
3046 1575 3101 1630 in
3151 1585 3202 1631 te
3251 1575 3393 1634 Deus
3443 1593 3529 1634 re—

277 1659 596 1730 πρόσφατος
613 1676 627 1691 ·
1959 1678 2087 1716 cvns
2129 1681 2139 1714 :

352 1750 438 1805 19.
469 1751 540 1821 (b)
570 1752 705 1806 Οὐδὲ
734 1755 1130 1826 προσκυνήσεις
1159 1753 1265 1824 θεῷ
1295 1753 1578 1824 ἀλλοτρίῳ.

1471 1755 1578 1823 atq).
2031 1757 2112 1809 19.
2151 1754 2335 1825 Neque
2368 1757 2623 1812 adorabis
2661 1760 2825 1812 deum
2861 1759 3119 1815 alienum.

349 1841 440 1894 20.
481 1841 619 1910 Ἐγὼ
651 1843 758 1914 γάρ
788 1847 900 1916 εἰμι
932 1846 1131 1917 Κύριος
1160 1849 1188 1899 ὁ
1209 1846 1338 1909 Θεός
1374 1863 1463 1898 σου
1485 1863 1497 1876 ·

2027 1848 2114 1902 20.
2148 1847 2258 1919 Ego
2289 1851 2431 1903 enim
2466 1866 2586 1904 sum
2623 1851 2887 1908 Dominus
2919 1853 3060 1911 Deus
3089 1864 3218 1912 tuus
3247 1874 3263 1912 :

353 1935 444 1988 21.
485 1935 544 1988 ’0
578 1937 867 2006 ἀναγαγών
901 1956 959 1991 σε
984 1943 1047 1993 ὲκ
1081 1940 1181 2008 γῆς
1205 1939 1477 2007 Αἰγύπτου
1499 1955 1512 1968 ·
1889 1950 1931 2005 Β

1455 1958 1477 1991 υ
1499 1955 1512 1968 ο
1889 1950 1931 2005 Β
2026 1938 2115 1992 21.
2152 1939 2254 2006 Qui
2288 1941 2448 1995 eduxi
2484 1951 2532 1995 te
2564 1943 2629 1996 de
2660 1953 2804 1997 terra
2839 1945 3059 2015 {Egypti
3093 1963 3103 1996 :

347 2029 439 2082 22.
470 2029 742 2084 Πλάτυνον
769 2032 828 2085 τὸ
862 2033 1032 2103 στόμα
1065 2049 1176 2097 σου,
1213 2033 1307 2084 καὶ
1341 2031 1613 2102 πληρώσω
1645 2031 1794 2085 αὐτό.

1489 2031 1613 2084 ώσω
1645 2031 1794 2085 αὐτό.
2019 2030 2109 2084 22.
2147 2031 2320 2086 Dilata
2348 2049 2410 2087 os
2435 2042 2608 2094 tuum,
2639 2046 2691 2088 et
2727 2035 2960 2105 implebo
2985 2037 3137 2090 illud.

351 2121 442 2176 25.
471 2123 580 2175 Καὶ
613 2124 712 2176 οὐκ
741 2125 970 2194 ἤκουσεν
1011 2127 1037 2176 ὁ
1075 2124 1200 2188 λαός
1235 2141 1335 2194 μου
1371 2125 1468 2194 τῆς
1497 2125 1680 2194 φωνῆς
1717 2136 1848 2194 μου⁶

1832 2136 1848 2154 ·
2020 2121 2110 2176 25.
2142 2123 2206 2177 Ει
2232 2140 2338 2178 non
2375 2127 2584 2181 audivit
2617 2128 2850 2197 p0pnlus
2894 2145 3046 2184 meus
3077 2145 3267 2184 vocem
3303 2145 3475 2185 meam

345 2209 437 2264 24.
467 2213 576 2266 Καὶ
610 2213 824 2285 Ἰσραὴλ
853 2215 913 2266 οὐ
944 2215 1210 2284 προσέσχε
1247 2232 1358 2285 μοι.

1351 2254 1358 2267 .
2019 2214 2112 2268 24.
2146 2213 2212 2268 Et
2246 2215 2410 2271 lsrael
2446 2233 2552 2271 non
2587 2219 2818 2274 intendit
2846 2220 2999 2274 mihi.

350 2305 441 2359 25.
477 2307 588 2377 Kai.
613 2307 963 2373 ὲξαπέστειλα
980 2309 1138 2372 αὐτὸς
1159 2307 1400 2381 [αὐτοὺς]
1420 2310 1559 2363 κατά
1577 2307 1644 2360 τά
1668 2310 1854 2378 ἐπιτη-

2022 2307 2111 2361 25.
2175 2307 2240 2362 Et
2290 2309 2471 2364 dimisi
2516 2325 2610 2366 eos
2669 2313 2970 2367 secundum
3032 2313 3302 2370 desideria
3349 2317 3530 2371 cordis

272 2395 524 2468 δεύματα
553 2398 661 2451 τῶν
694 2397 928 2470 καρδιῶν
953 2400 1159 2453 αὐτῶν·

553 2398 661 2451 τῶν
694 2397 928 2470 καρδιῶν
953 2400 1159 2453 αὐτῶν·
1953 2414 2144 2455 eorum
2178 2417 2189 2453 :

349 2513 426 2655 Ea;
469 2489 622 2568 vers.
672 2514 759 2569 18.
817 2517 1064 2587 Ἰσραήλ·
1129 2518 1293 2580 Ἐάν,
1343 2529 1444 2574 etc.
1485 2518 1546 2573 v.
1594 2519 1679 2574 ις).
1726 2519 1839 2570 Οὐκ
1881 2516 2066 2576 ἔσται,
2109 2526 2214 2572 etc.

374 2584 402 2636 ι»
463 2583 611 2640 Vens.
656 2585 746 2638 eo.
792 2587 962 2654 Οὐδὲ,
996 2599 1099 2642 etc.
1147 2589 1205 2643 ν.
1244 2589 1331 2642 et.
1374 2588 1512 2655 Ἐγὼ
1557 2590 1701 2655 γάρ,
1759 2597 1863 2642 etc.
1903 2585 1967 2641 v.
2007 2587 2098 2642 ~22.
2136 2589 2194 2641 'o

374 2583 426 2655 ι»)
463 2583 611 2640 Vens.
656 2585 746 2638 eo.
792 2583 1099 2654 066§,'etc.
1147 2589 1205 2643 ν.
1244 2589 1331 2642 et.
1374 2588 1512 2658 Ἐγὼ
1557 2590 1701 2660 γάρ,
1759 2597 1863 2642 etc.
1903 2585 1967 2641 v.
2007 2588 2022 2640 ε

1147 2589 1205 2643 ν.
1244 2589 1331 2642 21.
1374 2588 1512 2658 Ἐγὼ
1557 2590 1701 2660 γάρ,
1759 2597 1863 2642 etc.
1903 2585 1967 2641 Υ.
2007 2587 2098 2642 22.
2136 2589 2194 2641 '0
2225 2587 2518 2659 ἀναγαγών
2547 2609 2628 2658 σε,
2659 2601 2764 2647 etc.

1407 2701 1780 2758 ATHANASII
1820 2699 2401 2760 INTERPRETATIO.

352 2795 404 2851 9.
433 2795 506 2849 Tb
545 2795 715 2860 πάθος
756 2795 922 2850 αὑτοῦ
967 2798 1312 2868 μνημόσυνον
1350 2798 1501 2852 ἔθετο
1535 2802 1592 2852 ὲν
1635 2797 1711 2868 τῷ
1738 2795 1852 2866 λαῷ

2025 2799 2078 2852 9.
2111 2799 2433 2856 Passionem
2477 2818 2630 2857 suam
2675 2805 2999 2858 memoriam
3034 2815 3217 2874 posmt
3249 2810 3300 2859 in
3337 2796 3532 2876 popdto

273 2885 356 2958 τῷ
398 2886 810 2960 καθαριζομένῳ
860 2889 968 2942 ἀπὸ
1009 2889 1118 2942 τῶν
1165 2890 1448 2962 ἁμαρτιῶν
1491 2890 1588 2960 (1).
1641 2887 1851 2957 Ἰωσὴφ

1951 2893 2244 2947 emuntlato
2299 2907 2329 2946 a
2382 2895 2640 2963 peccatis.
2689 2893 2882 2964 Joseplt
2936 2897 3079 2950 enim
3150 2899 3532 2967 interpretatur

274 2979 388 3051 γάρ
420 2979 778 3050 ἑρμηνεύεται
812 2979 1048 3032 ὀνείδου
1076 2980 1411 3048 ἀφαίρεσις,
1442 2980 1598 3049 οἵπερ
1632 2979 1768 3030 εἰσὶν
1802 2978 1849 3029 οἱ

1669 2979 1768 3030 ἰσὶν
1802 2978 1849 3029 οἱ
1951 2983 2147 3037 oblatio
2180 2985 2468 3055 opprobrii,
2504 2987 2648 3057 quod
2689 2989 2943 3042 convenit
2975 2989 3317 3043 illuminatis.

271 3071 479 3144 ’φωτιζό
487 3089 657 3140 μενοι.

349 3163 436 3219 10.
463 3164 551 3216 Ἐν
577 3162 752 3236 (2)τῷ
780 3162 871 3218 τὸν
904 3164 1033 3218 λαὸν
1067 3162 1392 3237 λυτροῦσθαι
1424 3162 1530 3216 τῶν
1566 3162 1847 3234 ἁμαρτιῶν
1876 3195 1917 3252 C

1807 3180 1847 3215 iV
1876 3195 1917 3252 Ο
2025 3161 2110 3214 10.
2145 3161 2278 3215 Cum
2315 3163 2570 3220 liberaret
2603 3166 2864 3235 populum
2900 3182 2928 3220 a
2962 3168 3203 3236 peccatis
3242 3183 3455 3222 eorum.

273 3253 478 3309 αὐτῶν.

350 3345 436 3402 11.
477 3345 549 3400 Τὸ
586 3347 846 3420 κήρυγμα
887 3345 978 3403 τοῦ
1020 3347 1227 3420 Κυρίου
1251 3387 1264 3412 ,
1301 3349 1436 3420 ὅπερ
1468 3348 1567 3401 οὐκ
1611 3347 1850 3418 ᾔδεισαν,

2031 3342 2119 3396 11.
2152 3341 2489 3400 Dominicam
2539 3342 2980 3412 praedicationem
3021 3361 3033 3396 :
3077 3361 3241 3415 quam
3283 3365 3390 3403 non
3430 3365 3529 3405 no-

273 3433 410 3503 ἧκον
419 3451 516 3487 σαν
549 3435 618 3488 τά
640 3435 788 3508 ἔθνη.

1954 3443 2163 3496 verant,
2190 3434 2513 3487 audiverunt
2543 3444 2749 3502 gentes.

346 3523 433 3578 12.
475 3524 794 3598 ’Δπέστησε,
848 3529 942 3580 καὶ
998 3527 1322 3598 ἀπεστράφη
1386 3528 1524 3598 μετά
1579 3527 1752 3580 ταῦτα
1783 3528 1847 3580 τὸ

2025 3523 2112 3577 12.
2151 3523 2446 3587 Discessit,
2499 3534 2553 3579 et
2606 3536 2751 3582 retro
2803 3543 3067 3582 conversa
3119 3537 3201 3584 est
3246 3540 3364 3600 post
3417 3532 3529 3588 hac

271 3614 699 3690 σκληροτραχεῖν
732 3621 806 3689 (ὅ)
832 3618 941 3673 τῶν
977 3619 1265 3674 Ἰουδαίων.

977 3619 1265 3674 ⁹ἰουδαίων.
1953 3616 2256 3684 pervicacia
2291 3614 2623 3670 Judteorum.

346 3707 433 3764 15.
462 3709 524 3763 Οἱ
555 3692 840 3764 ἀπόστολοι
868 3711 925 3763 ὲν
963 3708 1041 3780 τῷ
1068 3710 1257 3782 κόσμῳ
1294 3708 1371 3781 τῷ
1401 3708 1771 3781 πεπληγμένῳ
1793 3708 1853 3761 τὸ

2026 3707 2112 3762 15.
2147 3707 2390 3775 Apostoli
2423 3707 2476 3760 in
2526 3708 2732 3761 mundo
2781 3719 3002 3779 stupore
3050 3713 3300 3779 perculso
3331 3715 3522 3782 pragdi-

270 3799 537 3873 κήρυγμα
569 3802 869 3872 διηκόνουν.

1952 3798 2222 3853 cationem
2257 3798 2736 3852 administrabant.

348 3893 432 3950 14.
463 3894 606 3966 Πρὸς
654 3895 744 3948 τὸν
775 3894 903 3949 λαὸν
945 3893 1127 3962 λέγει’
1173 3895 1260 3947 ’Ev
1292 3894 1587 3966 ἁμαρτίαις
1619 3893 1694 3947 ὢν
1752 3893 1850 3948 ὲπ-

2031 3892 2113 3945 14.
2144 3891 2221 3945 Ad
2255 3891 2516 3961 populum
2556 3892 2809 3961 loquitur
2836 3910 2850 3946 :
2880 3892 3164 3948 Exsistens
3193 3894 3244 3947 in
3291 3897 3526 3962 peccatis

267 3985 515 4039 εκαλέσω
547 4003 636 4056 με,
667 3988 761 4040 καὶ
794 3986 1112 4058 ἐρρυσάμην
1147 4001 1227 4041 σε.

1170 4001 1227 4041 τε.
1955 3983 2218 4038 invocasti
2257 3996 2364 4044 me,
2403 3991 2455 4036 et
2485 3981 2710 4036 liberavi
2750 3991 2818 4036 te.

343 4077 432 4132 15.
466 4078 778 4150 Ἐπήκουσά
803 4094 897 4131 σου
924 4079 980 4130 ἐν
1007 4077 1084 4148 τῷ
1121 4076 1300 4130 σκότει
1324 4078 1421 4147 τῆς
1440 4078 1516 4148 (1)
1555 4079 1848 4150 ἁμαρτίας.

1440 4078 1516 4148 (1)
1555 4079 1848 4150 ἁμαρτίας.
2028 4075 2112 4128 15.
2143 4073 2404 4128 Exaudivi
2438 4083 2488 4129 te
2513 4074 2568 4128 in
2593 4073 2830 4129 tenebris
2855 4073 3084 4144 peccati.

341 4167 430 4222 16.
475 4169 597 4221 Ἐπὶ
623 4168 717 4221 τοῦ
755 4166 1143 4239 βαπτίσματος.

877 4166 1143 4239 τίσματος.
2026 4167 2112 4221 16.
2143 4168 2196 4219 In
2235 4167 2525 4237 baptismo.

339 4259 428 4326 1'7,
463 4259 546 4315 18.
567 4260 642 4332 (5)
660 4261 781 4314 Ἐπὶ
795 4259 890 4313 τοῦ
906 4259 1277 4331 βαπτίσματος
1292 4258 1722 4331 διαμαρτύρεται
1745 4261 1810 4314 αὖ
1821 4291 1847 4301 -

2027 4259 2116 4324 17,
2150 4257 2238 4313 18.
2283 4257 2341 4312 1η
2384 4257 2656 4327 baptismo
2693 4264 3031 4312 contestatus
3059 4265 3145 4312 est
3186 4257 3276 4322 ei;
3325 4257 3406 4311 vir
3448 4258 3525 4310 vi-

265 4351 374 4422 τῷ·
410 4353 548 4423 ἀνὴρ
572 4352 709 4405 δ’τὸν
738 4351 868 4405 Θεὸν
889 4351 1052 4423 ὁρῶν,
1077 4351 1170 4404 ὲάν
1194 4349 1433 4421 ἀκούσῃς
1464 4368 1585 4421 μου,
1615 4351 1849 4406 οὐκέστι

1951 4348 2087 4404 dens
2121 4350 2309 4414 Deum,
2344 4348 2388 4404 si
2420 4347 2658 4403 audieris
2691 4363 2798 4411 me,
2831 4362 2939 4402 non
2973 4347 3078 4402 erit
3123 4347 3178 4401 in
3222 4357 3292 4414 te,
3335 4365 3523 4419 quent-

265 4443 328 4497 ιν
362 4442 467 4507 σοὶ,
500 4442 576 4506 ὼς
605 4441 710 4514 πρὸ
732 4440 920 4495 τούτου
959 4443 1056 4513 μὲν
1087 4439 1160 4512 μὴ
1187 4439 1282 4503 ὢν,
1305 4440 1441 4512 μετὰ
1459 4441 1630 4493 ταῦτα
1651 4442 1839 4509 λέγων.

1563 4459 1630 4493 τα
1651 4442 1839 4509 λέγων.
1953 4442 2245 4495 admodum
2284 4456 2384 4495 nec
2420 4450 2576 4494 antea
2603 4438 2725 4502 fuit,
2754 4448 2812 4494 ut
2839 4448 3028 4509 postea
3062 4438 3211 4493 dicit.

343 4535 426 4590 19.
476 4533 609 4587 οὐδὲ
669 4531 874 4604 κτίσμα
917 4531 1236 4605 προσθήκην
1284 4531 1406 4586 τι.νά
1449 4535 1842 4604 προσκυνήσεις
1876 4547 1916 4602 ι)

1876 4547 1916 4602 ι)
2026 4531 2112 4587 19.
2153 4529 2338 4601 Neque
2378 4546 2490 4586 rem
2535 4540 2776 4585 creatam
2825 4529 3255 4583 additamentum
3303 4530 3521 4600 aliquod

265 4627 410 4699 πλὴν
443 4628 542 4698 τῆς
569 4625 820 4699 Τριάδος.

1943 4625 2218 4686 adorabis,
2257 4625 2348 4677 sed
2383 4625 2554 4677 solam
2597 4621 2939 4676 Trinitatem.

335 4718 425 4782 20,
457 4718 547 4772 21.
586 4717 726 4787 Ἐγὼ
765 4716 873 4790 γάρ
907 4718 1021 4787 είμι
1061 4719 1088 4770 ὁ
1118 4717 1413 4788 Δεσπότης,
1451 4718 1545 4770 καὶ
1573 4717 1846 4789 Δημιουρ-

2019 4715 2110 4776 20,
2145 4715 2234 4767 21.
2263 4713 2374 4785 Ego
2408 4715 2552 4768 enim
2590 4729 2709 4768 sum
2737 4711 3021 4778 Dominus,
3050 4721 3104 4768 et
3124 4712 3348 4768 Creator
3373 4723 3517 4780 tuus,

264 4810 362 4879 γός
404 4827 527 4874 σου,
567 4811 594 4863 ὁ
633 4808 722 4862 διὰ
747 4809 841 4862 τοῦ
873 4808 1077 4874 πάθους
1111 4826 1211 4880 μου
1237 4807 1528 4878 ἀναγαγών
1560 4823 1617 4858 σε
1655 4810 1716 4860 ὲκ
1746 4810 1844 4878 τῆς

1946 4807 2038 4876 qni
2076 4823 2168 4876 per
2202 4807 2511 4878 passionem
2548 4820 2721 4860 meam
2748 4804 2910 4860 eduxi
2953 4813 3004 4860 te
3039 4820 3069 4858 e
3109 4805 3366 4859 servitute
3399 4821 3521 4874 pec-

259 4901 509 4965 δουλείας
534 4901 630 4972 τῆς
657 4901 950 4972 ἁμαρτίας.
1947 4901 2072 4954 cati.

336 4991 427 5048 22.
457 4991 698 5056 Ἀνοιξον
723 4990 784 5045 τὸ
816 4991 991 5062 στόμα
1019 5008 1131 5054 σου,
1157 4991 1250 5043 καὶ
1272 4988 1402 5042 λαϐὲ
1430 4987 1651 5058 Πνεῦμα
1674 4989 1846 5055 ἅγιον.

1835 5030 1846 5043 .
2023 4992 2114 5046 22.
2149 4990 2309 5060 Aperi
2343 5004 2407 5043 os
2433 4998 2608 5050 tuum,
2639 4996 2693 5043 et
2721 4987 2905 5056 accipe
2932 4985 3190 5056 Spiritum
3215 4996 3483 5044 sancttttn.

337 5083 431 5139 23.
473 5083 641 5137 Καὶοί
677 5079 1086 5153 ἀπιθοῦντες(α)
1125 5080 1365 5136 Ἰουδαῖοι
1399 5079 1500 5132 οὐκ
1526 5078 1854 5132 ἐπίστευσάν

1729 5079 1854 5132 δσάν
2019 5086 2108 5143 25.
2150 5084 2213 5139 Et
2244 5083 2504 5139 increduli
2531 5081 2699 5138 Judaei
2725 5080 2858 5136 milii
2884 5096 2991 5136 non
3014 5081 3377 5138 crediderunt.

265 5193 425 5323 p.02".
454 5267 518 5322 Οἱ
541 5265 692 5320 αὐτοὶ
731 5263 973 5319 Ἰουδαῖοι
999 5261 1306 5334 ἠρνήσαντό
1339 5278 1440 5332 με.

1348 5278 1413 5331 με
1427 5303 1440 5317 ο
2015 5263 2105 5318 21.
2141 5262 2307 5318 Iidem
2333 5261 2506 5317 Judaei
2534 5268 2866 5332 negaverunt
2890 5273 2996 5313 me.

333 5359 422 5418 25.
449 5358 560 5412 Καὶ
584 5357 741 5412 εῐασα
766 5356 961 5418 αὐτοὺς
982 5355 1039 5410 ὲν
1061 5355 1179 5417 ταῖς
1207 5352 1522 5424 ἐπιθυμίαις
1557 5351 1665 5406 τῶν
1701 5371 1832 5427 καρ-

2020 5353 2182 5410 25.Ει
2196 5355 2485 5410 dimisieos
2500 5355 2550 5407 in
2570 5351 3028 5422 concupiscentiis
3043 5349 3289 5405 cordium
3306 5362 3517 5403 eorum.

258 5449 392 5504 διῶν
424 5446 625 5503 αὐτῶν.

1211 5509 1516 5574 Addenda
1567 5518 1627 5572 et
1674 5517 2049 5599 corrigenda
2080 5535 2157 5578 ex
2191 5517 2332 5578 cod.
2365 5515 2562 5577 Vatic.

360 5619 412 5691 1)
439 5617 761 5691 Α’ᾼμαρτῷν
782 5613 981 5691 αὐτῶν,
1012 5620 1144 5691 11ᾳά
1177 5612 1347 5682 ὅσπερ
1384 5625 1483 5680 pro
1510 5609 1688 5681 οἵπερ.
1998 5689 2005 5691 _

1998 5617 2108 5691 (ὃ)Δ
2141 5615 2204 5671 N.
2242 5618 2326 5670 17.
2385 5615 2529 5691 Ἐπί,
2576 5625 2679 5670 etc.
2702 5613 2785 5691 ΔΝ.
2963 5615 3146 5691 Ἀνῄρ,
3184 5621 3295 5691 _etc_.
3327 5611 3392 5667 N.
3430 5613 3514 5691 19_.

355 5682 410 5757 Ξ)
437 5682 619 5745 No“):
653 5688 776 5741 Ἐπὶ
801 5687 894 5741 τοῦ
927 5683 1319 5757 βαπτίσματος
1502 5751 1512 5757 _
1599 5751 1611 5757 _
1949 5682 2055 5741 υὺκ
2077 5682 2237 5745 ’ἔσται
2266 5691 2321 5740 ὲν
2352 5688 2455 5757 σοὶ,
2494 5691 2597 5756 πρὸ
2627 5684 2814 5757 τούτου
2849 5684 2979 5747 Θεὸς
3016 5682 3111 5755 μὲν
3139 5684 3210 5754 μὴ
3236 5682 3346 5757 Αῶν,
3381 5683 3522 5754 μετὰ

360 5621 383 5673 1
453 5621 759 5691 ’Λμαρτιῶν
782 5621 981 5678 αὐτῶν,
1012 5621 1144 5675 τιοοξ
1177 5621 1347 5682 ὀσπερ
1384 5625 1483 5680 PI‘O
1510 5621 1688 5681 οἱπερ.
2017 5621 2092 5688 (5)
2141 5621 2204 5671 Ν.
2242 5621 2326 5670 t7.
2385 5621 2529 5677 Ἐπί,
2576 5625 2679 5670 etc.
2721 5621 2785 5668 Ν.
2830 5621 2916 5669 18.
2963 5621 3146 5686 Ἀνήρ,
3189 5621 3295 5667 etc.
3327 5621 3392 5667 Ν.
3430 5621 3513 5668 19.

355 5690 390 5743 2
437 5689 502 5745 Ν.
533 5689 619 5744 10.
653 5688 776 5741 Ἐπὶ
801 5687 894 5741 τοῦ
927 5683 1319 5757 βαπτίσματος-
1949 5689 2055 5741 υὺκ
2085 5687 2237 5745 ἔσται
2266 5691 2321 5740 ὲν
2352 5688 2455 5746 σοὶ,
2494 5691 2597 5756 πρὸ
2627 5684 2814 5738 τούτου
2849 5684 2979 5747 Θεὸς
3016 5687 3111 5755 μὲν
3139 5684 3210 5754 μὴ
3250 5682 3346 5747 ὢν,
3381 5683 3513 5754 μετὰ

513 5759 597 5832 12.
617 5758 965 5832 ’Λμπεστράφη
987 5772 1044 5825 μ.
1065 5770 1112 5805 τ.
1141 5768 1193 5804 τ.
1213 5749 1346 5820 σκλη
1357 5751 1706 5822 ροτράχηλον,
1729 5765 1831 5811 etc.
1940 5762 2109 5832 ταῦτα
2130 5758 2303 5832 δὲ-ὤν.
2340 5756 2402 5832 Ν.
2426 5759 2513 5810 211.
2547 5757 2680 5832 Οὺοςξ
2707 5756 2912 5832 κτίσμα
2931 5798 2951 5832 1
3046 5754 3384 5832 προσθήκην,
3410 5764 3513 5807 etc.

336 5823 410 5902 (4)
446 5829 631 5885 Σκότει
663 5823 963 5902 δντοςσῆξς.
990 5823 998 5825 ⁷
1943 5828 2003 5886 Ν.
2038 5829 2126 5883 21.
2163 5828 2301 5882 ἐυὼ
2333 5828 2440 5880 "aio
2494 5837 2595 5880 ctc.
2626 5825 2687 5878 Ν.
2715 5823 2804 5878 22.
2840 5823 2901 5878 Ὃ
2928 5823 3013 5878 διᾶ
3041 5823 3131 5876 σοῦ
3163 5823 3364 5887 πάθους
3393 5839 3514 5893 μου.

392 5619 412 5902 l

333 5921 408 5976 (al
451 5921 835 5995 Ἄπιθοᾷντες.
869 5918 1027 5974 Forte
1062 5913 1432 5976 ἀπιστοῦντες.
1463 5915 1620 5971 Εοιτ.
