4174 6508
234 437 391 496 1005
1101 434 1187 489 DE
1227 429 1504 488 TITULIS
1533 424 1991 486 PSALMORUM.
2034 456 2097 464 —
2138 420 2337 479 PSAL.
2368 418 2654 477 LXXXIII.
3382 412 3515 469 I006

315 554 409 609 25.
440 553 649 617 Οἴτινες
696 546 851 606 εἷπον
887 568 900 581 ·
954 551 1471 623 Κληρονομήσωμεν
1514 550 1730 613 ἑαυτοῖς
1773 546 1833 600 τὸ
1863 553 1910 608 Α

1866 553 1910 608 Α
2008 541 2102 598 25.
2135 541 2239 606 Qui
2271 540 2568 596 dixerunt:
2602 536 2925 594 Hereditate
2953 533 3333 608 possideamus
3358 530 3514 590 nobis

237 647 606 721 ἁγιασ-τήριον
627 649 720 704 τοῦ
753 647 910 701 Θεοῦ.

803 647 910 701 εοῦ.
1930 635 2305 692 sanctuarium
2336 634 2451 689 Dei.

314 742 407 795 24.
452 743 508 795 '0
536 742 671 806 Θεός
699 760 823 812 μου,
850 740 945 794 θοῦ
969 740 1167 803 αὐτοὺς
1191 738 1267 803 ὡς
1295 737 1520 811 τροχόν·

1469 753 1520 788 ν·
2000 728 2091 783 24.
2128 727 2275 782 Deus
2307 741 2487 792 meus,
2508 740 2647 796 pone
2673 724 2794 779 illos
2818 732 2880 778 ut
2905 731 3117 776 rotam;

312 834 408 889 25.
456 836 544 898 Ὠς
575 835 831 906 καλάμην
855 834 995 889 κατὰ
1030 835 1320 906 πρόσωπον
1350 833 1578 902 ἀνέμου.

2000 818 2091 873 25.
2130 816 2197 872 Ει
2228 818 2371 873 sicut
2402 817 2653 885 stipulam
2693 824 2819 870 ante
2844 812 3035 868 faciem
3071 812 3235 866 venti.

313 926 407 981 26.
446 928 588 981 Ὠσεὶ
619 905 753 998 πῦρ,
782 927 810 980 ὃ
833 905 1107 996 διαφλέξει
1140 925 1346 998 δρυμόν
1372 940 1389 958 σ

2007 907 2100 963 26.
2138 907 2293 964 Sicut
2323 908 2486 979 ignis,
2515 908 2608 977 qui
2641 907 2927 962 comburet
2959 905 3154 960 silvam
3183 921 3196 959 :

312 1016 405 1070 27.
446 1017 588 1071 Ὠσεὶ
610 1015 760 1087 φλὸξ,
790 1017 825 1087 ἢ
858 1016 932 1087 (a)
960 1016 1296 1070 κατακαύσει
1326 1015 1453 1087 ὅρη.

2004 1001 2097 1057 27.
2130 1001 2195 1057 Et
2229 1003 2372 1057 sicut
2397 1000 2639 1066 ﬂamma,
2662 1015 2786 1071 qua:
2821 1000 3106 1054 comburet
3143 1007 3375 1052 montes.

310 1106 406 1163 28.
428 1106 583 1160 Οὕτω
609 1106 959 1170 καταδιώξεις
985 1106 1183 1168 αὐτοὺς
1219 1108 1278 1158 ὲν
1315 1108 1382 1177 τῇ
1413 1102 1681 1172 καταιγίδι
1713 1119 1827 1156 σοιν

1726 1119 1827 1156 τουο
2004 1094 2094 1151 28.
2132 1092 2209 1149 Ita
2252 1094 2595 1163 persequeris
2624 1093 2745 1148 illos
2779 1092 2831 1145 in
2866 1098 3190 1162 tempestate
3231 1097 3325 1144 tua
3360 1106 3374 1143 :

310 1197 403 1252 29.
434 1199 546 1252 Καὶ
576 1200 635 1251 ὲν
663 1201 728 1269 τῇ
753 1199 889 1270 ὀργῇ
925 1214 1019 1250 σου
1053 1195 1409 1267 συνταράξεις
1440 1193 1658 1258 αύτούς.

1406 1214 1409 1222 >
1440 1193 1658 1258 αὐτούς.
2004 1186 2095 1241 29.
2132 1185 2199 1240 Et
2224 1187 2277 1240 in
2310 1186 2389 1240 ira
2419 1195 2510 1241 tua
2548 1184 2906 1240 conturbabis
2940 1198 3054 1238 eos.

311 1288 403 1345 50.
438 1289 730 1361 Πλήρωσον
755 1288 825 1342 τὰ
852 1288 1120 1360 πρόσωπα
1149 1285 1329 1340 αὐτῶν
1355 1285 1597 1358 ἀτιμίας⁶

1438 1285 1597 1358 ,μίας⁸
2008 1279 2098 1335 50.
2130 1280 2301 1350 Imple
2336 1277 2505 1333 facies
2534 1294 2723 1333 eorum
2755 1274 3086 1347 ignominia:

309 1380 400 1435 3L
432 1382 542 1435 Καὶ
570 1381 865 1453 ζητήσουσι
898 1381 959 1434 τὸ
979 1381 1151 1451 δνομά
1186 1398 1303 1443 σου,
1339 1379 1534 1451 Κύριε.

2004 1376 2094 1431 3i.
2130 1373 2199 1429 Et
2229 1383 2479 1445 quaerent
2514 1388 2711 1429 nomen
2749 1380 2927 1437 tuum,
2956 1369 3204 1425 Domine.

310 1470 403 1525 52.
461 1472 937 1545 Αίσχυνθήτωσαν,
996 1472 1089 1526 καὶ
1142 1470 1574 1545 ταραχθήτωσαν
1622 1472 1701 1534 εἰς
1742 1471 1832 1523 τὸν

2006 1468 2095 1523 52.
2130 1467 2492 1535 Erubescant,
2518 1475 2572 1522 et
2601 1465 2994 1521 conturbentur
3028 1464 3083 1518 in
3112 1461 3369 1518 smculum
3407 1476 3511 1517 εξε-

235 1561 413 1617 αίῶνα
442 1564 536 1618 τοῦ
565 1564 785 1629 αἰῶνος·
1934 1562 2044 1619 culi
2072 1581 2084 1616 :

308 1656 400 1711 55.
435 1657 546 1710 Καὶ
574 1658 1020 1730 ἐντραπήτωσαν,
1049 1655 1143 1711 καὶ
1174 1655 1582 1711 ἀπολέσθωσαν.

1313 1655 1582 1710 έσθωσαν.
2004 1653 2095 1711 55.
2132 1651 2199 1707 Et
2224 1650 2631 1707 confundantur
2656 1658 2711 1706 et
2739 1660 2961 1720 pereant

307 1746 398 1800 55.
430 1748 540 1799 Καὶ
567 1746 884 1816 γνώτωσαν,
909 1748 992 1801 ὅτι
1023 1747 1195 1818 ὄνομά
1230 1765 1312 1801 σοι
1342 1746 1567 1818 Κύριος

2006 1747 2097 1801 54.
2134 1744 2199 1799 Ει
2233 1751 2590 1813 cognoscant,
2616 1743 2745 1813 quia
2769 1758 2966 1798 nomen
3002 1742 3097 1797 tibi
3136 1739 3397 1796 Dominus
3426 1779 3438 1793 .

306 1836 398 1896 55.
424 1838 496 1891 Σὺ
534 1837 696 1909 μόνος
717 1839 939 1911 ὕψιστος
968 1841 1062 1895 ἐπὶ
1084 1842 1261 1895 πᾶσαν
1289 1838 1389 1911 τὴν
1421 1838 1547 1911 γῆν.

2008 1835 2099 1892 55.
2133 1834 2216 1890 Tu
2254 1833 2407 1891 solus
2434 1830 2742 1887 altissimus
2775 1831 2831 1887 in
2860 1833 3007 1887 omni
3035 1842 3198 1887 terra.

233 1950 343 2015 Εἰς
362 1949 430 2004 τὸ
452 1950 644 2019 τέλος,
694 1952 848 2022 ὑπὲρ
896 1950 1245 2020 raram-(Br
1298 1949 1425 2019 τοῖς
1471 1948 1625 2017 υίοῖς
1675 1949 1825 2019 Κορὲ
1864 1917 1881 1971 1

1786 1949 1825 2003 ul
1864 1917 1903 1971 Β
2040 1948 2107 2004 In
2130 1950 2307 2021 ﬁnem,
2337 1963 2434 2018 pro
2460 1946 2817 2003 torcularibus
2841 1948 2970 2017 ﬁliis
2997 1946 3132 2002 Core
3178 1944 3434 2014 psalmus.

676 2044 937 2115 ψαλμός.
974 2046 1207 2099 manu.
1230 2045 1370 2098 ur.

2389 2039 2656 2097 PSALM.
2701 2040 3033 2096 LXXXIII.

310 2134 363 2190 1.
402 2134 491 2202 Ὦς
521 2135 783 2207 ἀγαπητά
827 2136 896 2192 τὰ
950 2134 1288 2209 σκηνώματά
1339 2154 1453 2202 σου,
1513 2135 1685 2207 Κύριε
1714 2136 1824 2191 τῶν

2000 2139 2051 2192 1.
2087 2135 2260 2203 Quam
2293 2134 2489 2193 dilecta
2516 2136 2865 2192 tabernacula
2896 2146 2985 2190 tua
3006 2176 3021 2201 ,
3071 2135 3299 2190 Domine
3332 2132 3479 2189 virtu

231 2224 519 2299 δυνάμεων
538 2228 552 2282 ι
1932 2238 2047 2285 tum
2080 2231 2094 2284 ί

308 2343 387 2414 (a)
417 2342 493 2397 Ἥ
520 2344 671 2401 deest
700 2344 755 2400 in
794 2352 966 2411 textu,
1002 2343 1201 2417 legitur
1241 2344 1295 2400 in
1326 2358 1500 2414 marg.
1535 2344 1905 2400 κατακαῦσαι.

1334 2504 1715 2563 ΑΤΗΑΝΑειι
1768 2502 2357 2565 INTERPRETATIO.

304 2658 396 2715 25.
426 2659 927 2734 Αίχμαλωτίσωμεν
958 2665 1051 2721 τὸν
1075 2664 1204 2719 λαὸν
1226 2662 1414 2728 αὐτοῦ,
1451 2663 1546 2716 καὶ⁵
1574 2662 1665 2716 τὸν
1694 2663 1821 2716 ναὸν

1991 2661 2084 2718 25.
2121 2661 2178 2718 In
2210 2663 2576 2735 captivitatem
2611 2667 2950 2725 abducamus
2984 2668 3242 2739 populum
3276 2670 3417 2742 ejus,
3450 2664 3508 2728 ει

229 2749 403 2805 αὐτοῦ
427 2750 505 2822 (1)
525 2752 937 2826 διαρπάσωμεν.

1922 2756 2183 2826 templum
2213 2755 2337 2827 ejus
2362 2757 2710 2830 diripiamus.

302 2842 398 2898 26.
442 2842 837 2917 Κιλιουμένους
886 2847 964 2919 (2)
1021 2848 1126 2901 ὑπὸ
1165 2847 1273 2901 τῶν
1314 2847 1580 2902 ἑλκόντων
1623 2847 1820 2913 αὐτοὺς

1989 2847 2078 2902 24.
2111 2849 2172 2903 In
2209 2850 2395 2907 orbem
2424 2862 2676 2908 versatos
2706 2868 2737 2909 a
2773 2854 3117 2909 trahentibus
3156 2869 3253 2912 eos
3291 2857 3347 2911 in
3375 2872 3506 2928 pec-

231 2934 318 2999 είς
341 2936 638 3007 ἁμαρτίαν.

474 2936 638 3007 ρτίαν.
1919 2950 2122 2996 catum.

300 3026 393 3084 25.
426 3023 553 3082 Ὧδε
586 3030 747 3084 κάκεῖ
780 3033 1245 3105 περιφερομένους
1288 3033 1394 3088 ὑπὸ
1420 3032 1533 3086 τῶν
1576 3035 1812 3090 καταδυ-

1712 3035 1812 3089 ιδυ-
1985 3034 2076 3091 25.
2107 3032 2227 3091 IIuc
2258 3035 2383 3091 illos
2419 3036 2841 3095 circumdelatos
2866 3055 2898 3094 a
2928 3038 3360 3098 dominantibus.

224 3121 646 3192 ναστευομένων
669 3122 770 3192 (5).

303 3211 398 3268 26.
441 3212 529 3277 Ὠς
561 3211 695 3278 ξύλα
722 3213 951 3288 ἄκαρπα
988 3216 1269 3272 ἀνάλωσον
1302 3216 1526 3283 αὐτούς.

1512 3260 1526 3274 ,
1985 3212 2076 3267 26.
2112 3211 2183 3269 Ut
2210 3214 2355 3285 ligna
2384 3216 2729 3276 infructilera
2758 3236 3022 3278 consume
3046 3238 3158 3280 eos.

301 3303 390 3359 27.
429 3306 517 3370 ὀς
546 3307 581 3377 ἡ
610 3306 824 3380 θειότης
852 3324 947 3363 σου
980 3312 1272 3366 κατακαίει
1309 3313 1408 3385 τὴν
1451 3313 1699 3368 ἐναντίαν
1726 3312 1817 3367 δύ-

1987 3303 2078 3359 27.
2114 3303 2270 3362 Sicut
2299 3307 2561 3366 divinitas
2610 3318 2701 3366 tua
2745 3312 3019 3369 comburit
3048 3315 3377 3372 contrariam
3405 3332 3498 3389 po-

226 3414 397 3469 ναμιν
430 3397 530 3471 (4).

1884 3470 1889 3471 ί
1918 3402 2190 3453 testatem.

299 3486 391 3543 28.
432 3490 520 3543 Ἐν
540 3491 619 3562 τῷ
642 3492 799 3565 θυμῷ
827 3512 941 3550 σου.
1848 3470 1893 3528 C

1848 3470 1893 3528 ϐ
1994 3489 2084 3545 28.
2126 3489 2183 3546 In
2211 3490 2581 3564 indignatione
2611 3501 2724 3550 tua.

300 3580 392 3637 29.
412 3582 545 3647 Ταῖς
568 3585 819 3655 ἀνομίαις
849 3586 1031 3641 αὐτῶν
1084 3588 1469 3654 συναπολέσεις
1501 3590 1579 3662 (5)
1601 3592 1819 3657 αὐτούς.

1607 3592 1819 3657 αὐτούς,
1991 3583 2080 3638 29.
2114 3582 2252 3640 Cum
2284 3600 2476 3641 eorum
2516 3586 2894 3657 iniquitatibus
2922 3589 3116 3661 perdes
3141 3607 3255 3649 eos.

303 3674 393 3731 50.
424 3676 535 3741 Τὰς
572 3678 802 3752 καρδίας
827 3679 1027 3735 αὐτῶν.

876 3679 1027 3735 ὒτῶν.
1989 3677 2077 3733 50.
2108 3677 2286 3733 Corda
2311 3693 2524 3734 eorum.

300 3766 391 3821 3|.
418 3769 529 3823 Καὶ
556 3770 696 3842 μετά
745 3771 922 3829 ταῦτα
967 3773 1362 3844 ὲπιγνώσονται
1418 3773 1491 3847 (6)
1544 3776 1644 3849 τὴν
1687 3775 1815 3850 βοή-

1988 3768 2077 3825 51.
2113 3767 2181 3823 Et
2207 3777 2330 3839 post
2361 3784 2425 3825 ea
2455 3782 2786 3843 cognoscent
2816 3774 3080 3830 auxilium
3109 3784 3286 3844 tuum,
3315 3787 3370 3833 et
3400 3777 3497 3835 be-

226 3856 384 3914 θειάν
414 3878 506 3914 σου
532 3864 625 3916 καὶ⁵
656 3864 755 3930 τὰς
784 3866 1106 3938 εὐεργεσίας
1136 3885 1251 3923 σου.

607 3864 625 3915 l.
656 3864 755 3930 τὰς
784 3866 1106 3938 εὐεργεσίας
1136 3885 1251 3923 σου.
1916 3861 2109 3917 neﬁCia
2146 3870 2255 3917 tua.

301 3954 392 4009 52.
422 3957 724 4021 Διαπαντὸς
751 3960 801 4013 οἱ
838 3960 912 4032 μὴ
941 3960 1250 4034 πειθόμενοι
1284 3980 1378 4017 σου
1407 3964 1508 4035 (7).

1418 3964 1508 4035 ῃ),
1992 3955 2082 4010 52.
2119 3952 2365 4025 Semper,
2396 3956 2489 4027 qui
2516 3956 2613 4012 tibi
2646 3971 2756 4012 non
2788 3958 3066 4015 obediunt.

300 4045 389 4100 55.
432 4046 519 4099 Ἐν
538 4050 605 4119 τῇ
638 4048 823 4122 ἡμέρᾳ
841 4051 941 4123 τῆς
964 4052 1219 4125 κρίσεως.

882 4051 941 4123 ἧς
964 4052 1219 4125 κρίσεως.
1991 4050 2081 4105 55.
2115 4049 2173 4105 In
2205 4050 2293 4106 die
2317 4049 2530 4121 judicii.

301 4137 393 4202 54,
424 4138 514 4195 55.
544 4140 633 4194 Ἑν
654 4144 719 4213 τῇ
740 4141 865 4214 δόξῃ
909 4144 1009 4215 τῆς
1047 4146 1350 4217 παρουσίας
1372 4163 1465 4200 σου
1495 4147 1570 4219 (8)
1594 4148 1824 4217 ἐπιγνῶο

1991 4144 2085 4209 54,
2111 4143 2200 4199 55.
2235 4143 2288 4198 1η
2320 4144 2491 4215 gloria
2531 4144 2795 4201 adventus
2838 4147 2916 4202 tui
2963 4156 3318 4217 cognoscant,
3347 4147 3497 4219 quod

232 4245 339 4294 σιν,
368 4229 450 4283 ὅτι
478 4230 537 4284 ὃν
557 4231 874 4299 ὲξουθένουν
919 4236 1047 4289 Υἱὸν
1073 4236 1387 4307 ἀνθρώπου,
1413 4232 1568 4303 οὗτος
1618 4240 1822 4313 Κύριος

1921 4250 2083 4308 quem
2115 4243 2564 4307 contempserunt
2590 4236 2787 4293 Filium
2814 4239 3052 4297 hominis
3072 4281 3088 4306 ,
3116 4241 3205 4297 hic
3231 4240 3498 4296 Dominus

231 4321 452 4376 πάντων
484 4324 622 4389 ἐστὶ,
657 4328 752 4379 καὶ
774 4327 923 4398 αὐτῷ
973 4330 1123 4385 πᾶσα
1155 4329 1378 4399 γλῶσσα
1426 4331 1815 4405 ἐξομολογήσε-

1921 4329 2170 4387 omnium
2196 4338 2300 4393 est,
2333 4337 2389 4385 et
2415 4328 2518 4400 ipsi
2545 4331 2726 4388 omnis
2746 4332 2928 4403 lingua
2956 4332 3325 4399 conﬁtebitur,
3361 4349 3501 4404 quo-

227 4429 345 4481 ται,
376 4414 458 4468 ὅτι
482 4417 546 4471 σὺ
566 4413 619 4472 εἴ
645 4418 849 4490 Κύριος
872 4421 1095 4493 ὕψιστος
1116 4424 1198 4489 είς
1225 4423 1385 4491 δόξαν
1407 4425 1544 4480 Θεοῦ
1574 4426 1810 4499 Πατρός.

1924 4426 2070 4482 niam
2103 4439 2161 4482 tu
2184 4440 2245 4482 es
2270 4424 2536 4482 Dominus
2567 4426 2869 4483 altissimus
2899 4428 2953 4481 in
2978 4428 3148 4498 gloria
3178 4428 3271 4483 Dei
3296 4426 3495 4484 Patris.

246 4506 442 4581 Ἀμήν.
1840 4518 1895 4575 Ι)
1919 4520 2112 4576 Amen.

318 4644 384 4699 Ἡ
418 4650 753 4722 προκειμένη
786 4652 1067 4726 ἐπιγραφὴ
1091 4655 1337 4729 περιέχει
1366 4656 1465 4729 (9)’
1489 4658 1594 4723 Εἰς
1631 4656 1696 4711 τὸ
1725 4658 1919 4725 τέλος,
1947 4657 2100 4726 ὑπὲρ
2128 4656 2247 4712 τῶν
2275 4655 2482 4727 ληνῶν
2511 4656 2633 4723 τοῖς
2658 4656 2807 4723 υἱοῖς
2860 4655 3014 4725 Κορὲ
3072 4655 3333 4726 ψωμὸς,
3366 4656 3486 4711 ὅπερ

228 4737 618 4810 ἑρμηνεύεταιο
657 4746 737 4807 είς
765 4745 825 4798 τὸ
850 4746 1001 4811 τέλος
1034 4747 1142 4801 τῶν
1164 4748 1377 4804 αἰώνων
1402 4748 1544 4821 ὑπὲρ
1567 4749 1677 4803 τῶν
1706 4750 1938 4821 ἐχόντων
1958 4751 2016 4802 ὲν
2044 4752 2162 4814 ταῖς
2186 4750 2435 4821 καρδίαις
2455 4750 2566 4821 (I0)
2612 4750 2705 4803 τὸν
2751 4746 2891 4804 οἶνον
2918 4748 3019 4819 τῆς
3047 4748 3389 4822 εὐφροσύνης
3406 4747 3468 4802 τὺ

227 4833 439 4907 Κύριον
470 4838 627 4910 ἡμῶν
663 4839 888 4911 Ἰησοῦν.
925 4838 1059 4897 Εἶτα
1090 4843 1213 4912 τοῖς
1232 4845 1385 4913 υίοῖς
1406 4844 1558 4915 Κορὲ
1585 4848 1846 4917 ψαλμός.
1870 4847 2015 4918 Κορὲ
2048 4846 2159 4919 γὰρ
2188 4846 2546 4919 ἑρμηνεύεται
2574 4845 2902 4917 φαλακρός·
2924 4848 2953 4901 ὀ
2975 4846 3033 4901 δὲ
3056 4845 3330 4920 φαλακρὸς
3351 4848 3491 4923 παρό

220 4926 313 4999 τῷ
341 4930 489 5002 νόμῳ
518 4936 774 5004 καθαρός
790 4937 959 4994 ἐστιν.

305 5020 520 5081 Titulus
548 5031 873 5100 praepositus
908 5031 1154 5089 continet
1183 5049 1200 5089 :
1237 5030 1305 5087 In
1336 5034 1529 5103 ﬁuem',
1560 5052 1655 5107 pro
1680 5038 2037 5093 torcularibus
2065 5037 2196 5110 ﬁliis
2223 5037 2358 5093 Core
2383 5036 2652 5109 psalmus,
2698 5040 2844 5112 quod
2890 5039 3280 5111 interpretatur
3307 5042 3362 5097 in
3393 5042 3493 5099 tim

225 5118 556 5175 saeculorum
597 5138 697 5193 pro
740 5125 1064 5182 habentibus
1106 5125 1162 5181 in
1204 5129 1464 5187 cordibus
1488 5131 1676 5186 vinum
1710 5130 1909 5189 lzetitim
1936 5132 2224 5189 Dominum
2273 5140 2524 5191 nostrum
2557 5132 2767 5191 Jesum.
2796 5133 2998 5190 Deinde
3029 5133 3159 5203 ﬁliis
3204 5133 3337 5190 Core
3358 5135 3478 5205 psal

228 5226 372 5265 mus.
402 5212 534 5269 Core
562 5218 708 5273 enim
735 5219 1121 5292 interpretatur
1142 5224 1344 5280 calvus.
1371 5223 1573 5283 Calvus
1595 5238 1778 5286 autem
1809 5231 2114 5287 secundum
2144 5233 2316 5305 legem
2352 5231 2581 5286 mundus
2625 5241 2727 5287 est.

306 5306 357 5360 I.
384 5307 449 5360 Αἱ
477 5307 689 5365 αίὼνιαί
731 5330 824 5367 σου
857 5313 1213 5382 ἀναπαύσεις.

1117 5334 1213 5382 εις.
1996 5326 2047 5380 1.
2086 5326 2310 5381 Ᾱιζιετηα
2345 5337 2434 5382 tua
2464 5326 2765 5398 refrigeria.

1185 5430 1494 5495 Addenda
1519 5440 1580 5495 et
1628 5436 2006 5518 corrigenda
2037 5459 2117 5503 ex
2164 5442 2308 5504 cod.
2348 5442 2545 5505 Vatic.

330 5521 383 5576 Ii
407 5523 616 5576 Αὐτῶν.
1985 5543 2063 5576 [τι
2098 5542 2183 5576 τ’...

456 5542 616 5581 υτων.

306 5521 383 5592 (I)
407 5523 616 5581 Αὐτῶν.
1985 5543 2063 5607 (7)
2098 5542 2205 5595 Σοι.

307 5593 383 5733 ἐξ
413 5596 998 5722 meum...
1024 5671 1214 5725 αὖ-..
1988 5612 2063 5694 (θ)
2273 5616 2338 5687 τῇ
2388 5614 2579 5687 me
2779 5617 3075 5690 meum»
3128 5627 3232 5675 ειε-
3288 5622 3504 5696 "ne

348 5728 352 5733 ἡ
746 5706 761 5721 .
900 5702 917 5720 ι.
1104 5704 1118 5723 ι
1190 5710 1236 5733 ς.
1915 5685 2091 5733 ήιιων.

466 5666 998 5754 αταδυναστευὸντων
1024 5671 1236 5754 αὐτούς.
1254 5742 1277 5754 _
1360 5744 1370 5754 .
1915 5666 2091 5754 ήμῗύν.

306 5728 383 5802 (4)
416 5734 640 5807 Θεότης,
675 5748 804 5823 οἱα,
838 5739 934 5802 τὰς
968 5728 1213 5807 ἐναντίας
1250 5742 1524 5814 δυνάμεις.
1922 5728 2170 5819 ἸΓῶῩἮ
2198 5754 2285 5807 διὰ
2319 5757 2418 5826 τῆς
2447 5758 2816 5823 κινναϐἆοεως
2845 5776 2971 5830 περ.

309 5803 383 5857 (Si
418 5806 763 5857 Συναπολεις.
1997 5824 2041 5857 (4
2055 5825 2106 5857 m
2137 5827 2399 5857 πυρί...»
2428 5828 2605 5857 mam-3..

309 5806 361 5867 (5
418 5806 763 5871 Συναπολεῖς.
1198 5806 1201 5807 ⁷
1386 5806 1398 5814 ⁷
1486 5806 1497 5808 ⁷

307 5807 383 5947 (6;
434 5877 778 5948 Ἐπιγνῶσιν.

1990 5806 2106 5894 ’(1ὀ)
2136 5806 2621 5890 Καοδίαιςάύτῶν.
