4174 6534
187 464 337 521 1009
1045 468 1132 522 DE
1170 469 1330 529 TITU
1343 472 1449 527 LIS
1489 474 1835 532 PSALMORI

1785 475 1938 533 11111.
1982 508 2049 517 -
2085 474 2284 531 PSAL.
2320 474 2599 533 LXXXIV.
3300 484 3433 540 1010

270 582 358 639 18.
391 582 502 637 Καὶ
530 582 603 655 (α)
631 583 916 655 ἑπίδλεψον
962 586 1041 649 είς
1083 587 1143 640 τὸ
1199 589 1486 661 πρόσωπον
1516 590 1607 645 τοῦ
1635 594 1768 663 Χρι-
1798 601 1845 655 Α

1377 607 1486 644 ’πον
1516 590 1607 645 τοῦ
1635 594 1768 663 Χρι-
1798 601 1845 655 Α
1943 593 2027 647 18.
2067 593 2133 648 Ει
2161 595 2371 665 respice
2396 595 2450 649 in
2482 595 2675 652 faciem
2698 595 2899 651 Christi
2928 596 3025 650 tui.

194 691 331 730 στου
366 693 480 731 σου.

274 767 360 823 19.
386 768 506 821 ὐτι
548 769 815 840 κρείσσων
843 770 1026 843 ἡμέρα
1080 772 1175 843 μία
1209 774 1267 827 ὲν
1290 776 1409 839 ταῖς
1459 776 1647 840 αὐλαῖς
1682 794 1773 830 σου

1949 771 2036 827 19.
2073 772 2212 841 Quia
2241 774 2436 830 melior
2457 784 2542 830 est
2562 774 2678 831 dies
2703 791 2811 830 una
2838 774 2891 829 in
2934 774 3087 829 atriis
3121 776 3250 840 tuis,
3280 791 3443 849 super

194 856 307 913 ὖπὲ
315 876 345 931 ρ
366 859 627 930 χιλιάδας.

438 860 627 925 ίιάδας.
1846 918 1851 921 ,
1877 864 2045 918 millia
2075 885 2086 919 :

272 950 363 1006 20.
397 952 752 1024 Ἐξελεξάμην
790 957 1283 1027 παραρῤιπτείσθαι
1311 960 1368 1013 ὲν
1390 958 1468 1031 τῷ
1499 962 1632 1031 οἴκῳ
1684 960 1777 1014 τοῦ

1952 955 2043 1011 20.
2078 955 2225 1026 Elegi
2265 958 2511 1028 abjectus
2551 973 2673 1016 esse
2706 959 2759 1013 in
2788 958 2952 1015 domo
2984 960 3078 1017 Dei
3113 962 3217 1018 mei
3251 961 3441 1033 magis,

199 1042 341 1095 Θεοῦ
372 1059 474 1113 μου
522 1043 810 1116 μᾶλλον,ἢ
871 1046 945 1117 (b)
995 1050 1162 1101 οἰκεῖν
1210 1067 1275 1120 με
1323 1053 1380 1104 ὲν
1430 1051 1781 1125 σκηνώμασιν

1550 1051 1781 1125 θὼμασιν
1884 1064 2047 1104 quam
2081 1048 2326 1106 habitare
2357 1051 2410 1104 in
2443 1050 2809 1106 tabernaculis
2828 1062 3198 1118 peccatorum.

205 1135 567 1192 ἁμαρτωλῶν.

247 1152 567 1206 μαρτωλων.

277 1227 366 1281 21.
400 1229 519 1282 Ὅτι
542 1228 689 1294 ἔλεος
713 1232 805 1285 καὶ
830 1232 1086 1304 ἀλήθειαν
1116 1235 1309 1308 ἀγαπᾷ
1334 1236 1537 1307 Κύριος
1566 1238 1595 1290 ὁ
1623 1237 1778 1301 θεὸς,

1954 1227 2044 1281 21.
2080 1227 2217 1293 Quia
2249 1228 2682 1285 miscricordiam
2721 1240 2777 1285 et
2822 1231 3104 1285 veritatem
3136 1230 3312 1300 diligit
3348 1229 3449 1284 Do-

1885 1319 2067 1374 minus
2099 1317 2240 1373 Deus

278 1408 369 1462 22.
393 1411 565 1482 Χάριν
595 1410 863 1477 καὶδόξαν
893 1413 1076 1469 δώσει.

1954 1408 2045 1464 22.
2078 1406 2316 1464 Gratiam
2351 1418 2403 1464 et
2429 1410 2653 1483 gloriam
2687 1410 2855 1465 dabit.

282 1499 375 1556 25.
393 1501 593 1576 Κύριος
617 1505 675 1557 οὐ
699 1508 947 1575 στεοήσει
976 1505 1043 1560 τὰ
1070 1506 1247 1576 ἀγαθά
1271 1510 1381 1572 τοῖς
1406 1508 1787 1580 πορευομένοις

1956 1499 2049 1555 23.
2084 1501 2348 1558 Dominus
2384 1519 2492 1557 non
2524 1503 2758 1575 privabit
2792 1503 2955 1558 bonis
2990 1518 3107 1567 eos,
3136 1505 3228 1575 qui
3257 1504 3452 1559 ambu-

206 1592 269 1642 ὲν
300 1590 522 1663 ἀκακία.

1889 1588 2003 1643 lant
2027 1590 2079 1643 in
2111 1590 2442 1648 innocentia.

286 1682 378 1737 9.1.
408 1684 577 1755 Κύριε
605 1686 634 1737 ὀ
658 1685 788 1751 Θεὸς
811 1687 919 1740 τῶν
957 1688 1257 1759 δυνάμεων,
1291 1689 1557 1760 μακάριος
1578 1688 1787 1761 ἅνθρω-

1958 1678 2049 1733 24.
2072 1680 2313 1737 Domine
2372 1681 2516 1737 Deus
2536 1680 2794 1736 virtutum
2826 1722 2839 1744 ,
2888 1683 3079 1739 beatus
3125 1682 3322 1747 homo,
3360 1682 3451 1751 qui

210 1790 318 1838 στος
338 1776 367 1829 ὁ
392 1774 623 1840 ἐλπίζων
655 1779 748 1831 ἐπὶ
780 1779 858 1832 σέ.

611 1797 623 1829 ν
655 1779 748 1831 ἐπὶ
780 1779 858 1832 σέ.
1891 1780 2075 1843 sperat
2100 1773 2153 1825 in
2188 1781 2259 1828 te.

314 1888 421 1954 Εἰς
440 1884 508 1940 τὸ
536 1887 732 1959 τέλος.
763 1888 887 1956 τοῖς
911 1888 1063 1957 υἱοῖς
1087 1890 1258 1959 Κορέ.
1293 1893 1524 1947 ΨΑΛΜ.
1560 1894 1650 1946 ΠΛ
1675 1934 1688 1948 .

1648 1934 1688 1948 ν,
2054 1882 2116 1938 In
2149 1885 2326 1955 ﬁnem,
2358 1886 2488 1956 [iliis
2510 1885 2660 1942 Core.
2696 1885 2955 1943 PSALM.
2987 1886 3296 1943 LXXXIV.

290 1978 343 2031 1.
374 1977 707 2050 Εύδόκησας,
745 1980 939 2052 Κύριε,
972 1981 1072 2053 τὴν
1105 1982 1209 2053 γῆν
1238 1998 1364 2036 σου’
1820 1961 1863 2017 Β

1820 1961 1863 2017 Β
1962 1976 2015 2030 1.
2047 1975 2401 2041 Benedixisti,
2430 1975 2678 2043 Domine,
2705 1987 2902 2032 terram
2928 1988 3075 2033 tuam
3108 1996 3120 2032 :

287 2069 343 2122 2.
392 2070 762 2143 Ἀπέστρεψας
788 2074 887 2144 τὴν
913 2073 1284 2144 αἰχμαλωσίαν
1323 2074 1538 2129 Ἰακώϐ.

1250 2091 1284 2127 ,ν
1323 2074 1538 2129 Ἰακώϐ.
1956 2068 2010 2121 2.
2044 2068 2300 2123 Avertisti
2328 2069 2691 2138 captivitatem
2713 2067 2898 2124 Jacob.

288 2161 343 2215 5.
389 2160 631 2232 ’Δφῆκας
658 2163 758 2227 τὰς
786 2164 1012 2235 ἀνομίας
1034 2164 1114 2236 τῷ
1136 2165 1251 2236 λαῷ
1282 2182 1375 2219 σου
1394 2182 1408 2199 ⁸

1357 2182 1408 2218 ν
1964 2161 2017 2215 5.
2048 2159 2325 2217 Remisisti
2349 2161 2665 2231 iniquitates
2686 2161 2825 2230 plebi
2861 2172 2965 2217 tua:
2991 2180 3005 2216 :

299 2253 355 2306 4.
397 2254 702 2325 Ἐκάλυψας
723 2256 903 2319 πάσας
930 2256 1028 2319 τὰς
1053 2257 1327 2328 ἁμαρτίας
1348 2257 1547 2312 αὐτῶν.

1392 2257 1547 2312 ὐτῶν.
1966 2255 2018 2307 4.
2051 2253 2323 2323 Operuisti
2357 2254 2540 2309 omnia
2575 2263 2796 2324 peccata
2829 2270 3040 2310 eorum.

292 2343 349 2398 5.
381 2345 748 2411 Κατέπαυσας
770 2348 950 2400 πᾶσαν
981 2345 1077 2415 τὴν
1110 2346 1278 2419 ὀργήν
1300 2363 1392 2399 σου
1411 2363 1424 2376 ·

1318 2363 1424 2399 που·
2068 2344 2323 2417 Mitigasti
2357 2361 2576 2401 omnem
2609 2346 2744 2401 iram
2782 2354 2926 2401 tuam
2955 2364 2966 2379 -

295 2457 373 2529 (α)
396 2460 513 2529 Καὶ
538 2475 645 2514 non
678 2460 889 2527 legitur.

298 2527 375 2600 (ὁ)
396 2527 547 2584 Vers.
566 2530 655 2585 21.
677 2531 748 2584 Ἦ
760 2534 947 2599 οἰκεῖν,
964 2541 1068 2588 etc.
1085 2529 1239 2587 Vers.
1255 2530 1475 2585 22.”Οτι
1496 2529 1663 2596 ελεος,
1688 2539 1793 2587 etc.

1348 2633 1726 2691 ATHANASII
1764 2630 2347 2690 INTERPRETATIO.

304 2723 390 2779 18.
439 2726 748 2781 Ἀντιλαϐοὖ
784 2730 861 2799 (1)
886 2731 995 2785 τῶν
1023 2731 1191 2799 ἁγίων
1226 2749 1340 2787 σου.

1088 2732 1191 2785 ’ίων
1226 2749 1340 2787 σου.
1968 2730 2055 2787 18.
2094 2730 2323 2802 Suspice
2352 2741 2570 2787 sanctos
2596 2740 2736 2787 tuos.

299 2816 387 2869 19.
428 2816 549 2870 Ὅτι
573 2816 754 2888 μεῖζον
782 2820 842 2873 τὸ
870 2821 1036 2875 ἀΐδιον
1093 2821 1209 2892 φῶς
1260 2825 1359 2895 τῆς
1394 2824 1667 2896 βασιλείας
1708 2842 1801 2878 σου

1975 2824 2059 2879 19.
2095 2823 2232 2891 Quia
2263 2824 2452 2879 melior
2479 2834 2566 2879 est
2594 2833 2795 2879 aeterna
2844 2824 2936 2879 lux
2986 2826 3136 2897 regni
3180 2826 3257 2880 tui
3305 2841 3466 2896 super

227 2906 372 2977 ὑπὲρ
402 2906 502 2971 ea;
542 2908 602 2973 ἒξ
628 2910 873 2979 χιλιάδας
918 2913 1026 2967 τῶν
1054 2915 1312 2971 ἐνιαυτῶν
1344 2916 1436 2970 τοῦ
1467 2917 1559 2971 νῦν
1586 2917 1800 2979 αἰῶνος.

1518 2919 1559 2971 ἰν
1586 2917 1800 2979 αἰῶνος.
1902 2934 1997 2975 sex
2027 2918 2193 2972 millia
2226 2932 2496 2973 annorum
2530 2918 2816 2989 prasentis
2856 2918 3037 2973 saeculi
3068 2919 3166 2989 (α).

303 2998 394 3054 20.
437 3001 930 3074 Συγκακουχεῖσθαι
962 3006 1042 3077 τῷ
1070 3007 1182 3079 λαῷ
1229 3008 1324 3062 τοῦ
1357 3008 1431 3081 (2)
1474 3009 1631 3073 Θεοῦ,
1670 3010 1745 3081 (3)
1773 3010 1807 3081 ἢ

1971 3010 2061 3067 20.
2098 3010 2289 3066 Potius
2318 3010 2504 3065 vexari
2534 3026 2657 3066 cum
2693 3011 2894 3082 popqu
2924 3009 3037 3075 liei,
3067 3025 3230 3081 quam
3259 3019 3468 3080 tempo-

228 3093 567 3191 πρόσκαιρον
583 3094 726 3164 ἔχειν
740 3097 1011 3169 ἁμαρτίας
1027 3099 1323 3153 ἀπόλαυσιν
1339 3101 1396 3155 ὲν
1410 3104 1520 3164 τοῖς
1532 3101 1805 3164 πλουσίοις
1830 3132 1876 3191 c

1830 3132 1876 3191 ρ
1907 3104 2050 3158 raria
2078 3104 2357 3172 voluptate
2398 3104 2605 3172 peccati
2651 3102 2759 3157 frui
2800 3103 2940 3156 inter
2960 3101 3154 3157 divites
3189 3104 3468 3173 presenti:

227 3182 325 3236 τοῦ
351 3184 443 3236 νῦν
462 3184 655 3248 αἰῶνος
670 3188 782 3249 τοῖς
799 3189 872 3259 μὴ
890 3189 1101 3243 ποιοῦσι
1117 3191 1184 3244 τά
1202 3190 1480 3263 θελήματα
1500 3191 1593 3245 τοῦ
1615 3191 1772 3248 Θεοῦ.
1836 3182 1875 3191 ‘-

1446 3210 1480 3247 α
1500 3191 1593 3245 τοῦ
1615 3191 1772 3248 Θεοῦ.
1836 3182 1876 3191 “
1906 3193 2112 3253 sarculi.
2141 3192 2236 3262 qui
2268 3206 2377 3245 non
2408 3191 2613 3247 faciunt
2647 3192 2737 3246 Dei
2767 3192 3093 3246 voluntates.

302 3272 395 3327 21.
417 3274 541 3328 Ὅτι
571 3278 635 3347 τῇ
672 3276 1008 3353 ἐλεημοσύνη
1047 3282 1141 3335 καὶ
1173 3284 1350 3338 πίστει
1387 3286 1757 3356 εὐαρεστεῖται
1782 3288 1809 3339 ὁ

1975 3284 2066 3339 21.
2101 3282 2373 3347 Quoniam
2426 3282 2841 3348 misericordia,
2899 3291 2952 3337 et
3014 3282 3119 3338 tide
3175 3283 3475 3340 delectatur

230 3365 385 3428 Θεός.
1906 3374 2067 3429 Deus.

308 3455 395 3510 22.
433 3458 521 3513 Ἐν
578 3460 654 3532 τῷ
686 3460 779 3517 νῦν
821 3464 977 3518 αίῶνι
1009 3469 1120 3529 τοῖς
1170 3468 1381 3521 ποιοῦσι
1440 3469 1606 3522 ταῦτα
1649 3468 1806 3523 δώσει

1974 3464 2064 3518 22.
2097 3462 2223 3520 Παιο
2250 3462 2585 3520 facientibus
2615 3463 2666 3515 in
2695 3463 2796 3517 hoc
2821 3465 3022 3519 saeculo
3050 3463 3199 3519 dabit
3221 3463 3470 3533 gratiam,

231 3550 416 3621 χάριν,
439 3552 530 3604 καὶ
552 3553 609 3603 ὲν
630 3552 705 3623 τῷ
732 3554 974 3624 μέλλοντι
997 3556 1207 3620 δοξάσει
1239 3558 1450 3621 αὐτούς.

1086 3557 1207 3615 άσει
1239 3558 1450 3621 αὐτούς.
1909 3568 1962 3614 et
1990 3559 2042 3610 in
2073 3557 2254 3615 futuro
2279 3556 2602 3627 gioriﬁeabit
2620 3571 2734 3609 eos.

305 3641 396 3694 25.
424 3643 498 3694 Οὐ
528 3640 635 3713 γὰρ
660 3645 911 3715 στερήσει
945 3646 1014 3700 τά
1039 3647 1297 3717 μέλλοντα
1326 3649 1507 3718 ἁγαθά
1537 3652 1660 3715 τοὺς
1702 3667 1804 3719 μη-

1981 3650 2070 3702 23.
2102 3646 2220 3702 Non
2247 3648 2391 3703 enim
2416 3647 2650 3717 privabit
2676 3646 2872 3702 futuris
2898 3646 3066 3714 bonis,
3081 3660 3198 3713 eos,
3226 3647 3317 3715 qui
3343 3644 3477 3699 nihil

231 3732 325 3784 δὲν
354 3733 583 3804 πονηρὸν
614 3734 915 3802 ποιοῦντας.

828 3754 915 3802 ας.
1914 3741 2218 3809 improbum
2250 3740 2476 3796 faciunt.

304 3823 396 3880 24.
434 3826 493 3879 '0
522 3827 789 3882 πιστεύων
821 3831 899 3895 εἰς
924 3830 1001 3884 σέ.

935 3830 1001 3884 τέ.
1982 3832 2070 3887 24.
2107 3832 2210 3900 Qui
2245 3834 2299 3888 in
2324 3843 2374 3888 te
2394 3834 2583 3888 credit.

326 3942 390 3996 ’11
416 3943 748 4014 προκειμένη
775 3944 1054 4016 ἐπιγραφὴ
1082 3944 1322 4014 περιέχει
1364 3944 1440 4014 (4)
1467 3960 1482 3975 ·
1511 3946 1614 4011 Εἰς
1639 3946 1704 3999 τὸ
1734 3947 1927 4015 τέλος,
1955 3946 2079 4014 τοῖς
2100 3948 2252 4015 υἱοῖς
2286 3948 2437 4016 Κορὲ
2474 3945 2717 4015 ψαλμὸς
2735 3984 2750 4009 ,
2794 3945 2930 4015 ὅπερ
2968 3942 3331 4015 ἑρμηνεύεται
3358 3942 3479 4009 τοῖς

236 4034 391 4101 υἱοῖς
418 4034 527 4103 τῆς
548 4034 853 4103 ἁμαρτίας.
879 4034 1021 4106 Κορὲ
1055 4034 1161 4106 γὰρ
1183 4034 1458 4106 ἀντιλογίᾳ
1479 4036 1742 4105 σχεήσατο
1779 4036 2075 4110 [ἐσχίσατο]
2112 4038 2187 4109 (5)
2221 4038 2357 4109 πρὸς
2386 4038 2478 4090 τὸν
2508 4036 2660 4090 Θεόν.
2693 4035 2902 4089 Οὐκοῦν
2940 4038 3051 4099 τοῖς
3083 4036 3218 4098 υἱοῖς
3245 4034 3344 4104 τῆς
3382 4035 3477 4086 ἀνι

240 4126 504 4195 τιλογίας,
544 4126 788 4187 τουτέστι
843 4125 944 4195 τῆς
979 4127 1271 4197 ἁμαρτίας,
1321 4127 1398 4197 τῷ
1424 4126 1537 4197 λαῷ
1575 4128 1682 4182 τῶν
1718 4130 1981 4185 Ἰουδαίων
2015 4130 2234 4185 καὶτῶν
2264 4130 2432 4184 ὲθνῶν
2467 4133 2495 4184 ὀ
2516 4130 2731 4202 ψαλμδς
2753 4131 2965 4199 εἴρηται
3001 4126 3263 4200 περὶτῶν
3290 4129 3370 4191 εἰς
3405 4126 3477 4179 τά

240 4219 371 4291 τέλη
410 4217 517 4270 τῶν
540 4216 750 4271 αἰώνων
780 4217 1229 4289 παρασχεθέντων
1258 4217 1441 4283 αὐτοῖς
1470 4220 1622 4290 παρά
1660 4220 1753 4273 τοῦ
1794 4222 1950 4277 Θεοῦ.

314 4310 531 4366 Titulus
558 4310 881 4381 praepositus
914 4310 1156 4365 continet
1188 4308 1291 4364 ειη
1322 4311 1499 4380 ﬁnem,
1532 4312 1661 4381 [iliis
1692 4311 1825 4367 Core
1850 4314 2110 4383 psalmus,
2139 4313 2287 4384 quod
2313 4313 2703 4384 interpretatur
2737 4313 2867 4383 [iliis
2911 4312 3129 4383 peccati.
3158 4312 3295 4367 Core
3334 4311 3479 4365 enim

243 4406 677 4464 contradictione
705 4414 987 4476 separatus
1016 4414 1099 4461 est
1125 4409 1386 4461 adversus
1417 4406 1605 4461 Deum.
1646 4406 1815 4479 igitur
1844 4410 1970 4465 ﬁliis
1993 4408 2463 4473 contradictionis,
2496 4410 2600 4464 hoc
2642 4418 2725 4463 est
2769 4409 2999 4478 peccati,
3036 4406 3236 4476 popqu
3262 4403 3482 4459 δυοπο-

245 4516 368 4555 rum
390 4508 446 4555 et
473 4498 709 4569 gentium
747 4497 990 4568 psalmus
1025 4498 1201 4554 dictus
1232 4508 1314 4553 est
1340 4498 1406 4553 de
1429 4499 1516 4565 iis,
1547 4516 1668 4570 quae
1702 4500 1753 4553 in
1788 4502 1894 4558 line
1927 4504 2251 4561 saeculorum
2273 4503 2498 4573 pmbita
2520 4510 2645 4557 sunt
2682 4500 2814 4571 ipsis
2836 4516 2866 4554 a
2894 4498 3026 4555 Deo.

321 4594 372 4647 1.
421 4590 713 4662 Ἐπιθυμίᾳ
748 4589 1097 4662 ἐπεθύμησας
1145 4589 1313 4642 σῶσον
1348 4590 1421 4661 (6)
1460 4592 1550 4645 τὸν
1586 4591 1804 4663 κόσμον.
1840 4598 1884 4653 ι)

1599 4591 1804 4663 κόσμον.
1840 4598 1884 4653 D
1985 4598 2036 4653 1.
2069 4596 2343 4651 Desiderio
2374 4592 2693 4650 desiderasti
2726 4592 2936 4648 salvare
2963 4589 3247 4645 mundum.

317 4686 370 4740 2.
419 4682 663 4757 Ἐρῤύσω
692 4683 817 4747 τοὺς
857 4681 934 4753 (7)
980 4681 1261 4746 Ἰουδαίους
1305 4685 1428 4746 τοὺς
1456 4683 1805 4749 πιστεύοντάς

1986 4689 2043 4742 2.
2089 4685 2355 4743 Liberasti
2406 4684 2621 4755 Judaeos
2667 4685 2947 4741 credentes
2991 4682 3088 4737 tibi
3140 4696 3173 4736 e
3228 4680 3482 4736 servitute

248 4796 334 4832 σοι
369 4779 431 4830 ὲκ
459 4777 557 4847 τῆς
587 4773 831 4839 δουλείας
858 4774 956 4845 τῆς
981 4774 1273 4846 ἁμαρτίας.

493 4777 557 4847 ἧς
587 4773 831 4839 δουλείας
858 4774 956 4845 τῆς
981 4774 1273 4846 ἁμαρτίας.
1916 4779 2141 4852 peccati.

322 4869 375 4922 3.
404 4867 790 4938 Συνεχώρησας
843 4866 1047 4928 πάντας
1094 4864 1168 4936 (8)
1202 4865 1295 4918 τὸν
1337 4864 1538 4937 κόσμον
1605 4866 1819 4939 [πάσας

1605 4866 1819 4939 [πάσας
1986 4870 2040 4923 ’5.
2073 4868 2407 4923 Condonasti
2441 4880 2632 4922 omnes
2664 4866 2978 4936 iniquitates
3010 4863 3231 4917 mundo.

248 4959 479 5031 ἀνομίας
508 4958 585 5032 τῷ
625 4958 811 5029 κόσμῳ
825 4956 865 5028 ].

325 5053 381 5110 4.
409 5053 591 5124 Λήθην
622 5052 925 5121 πεποίηκας
950 5049 1140 5105 πασῶν
1161 5050 1267 5104 τῶν
1300 5050 1585 5123 ἁμαρτιῶν
1616 5068 1709 5105 του
1736 5051 1820 5105 κὸ-

1986 5048 2038 5100 4.
2071 5045 2129 5102 in
2173 5045 2500 5115 oblivionem
2534 5043 2805 5113 tradidisti
2850 5044 3032 5099 omnia
3076 5049 3298 5113 peccata
3337 5038 3482 5110 cius-

253 5164 394 5217 σμου
435 5142 548 5217 [τοῦ
582 5142 771 5215 αὑτοῦ]
812 5160 927 5198 σου.

632 5142 771 5215 ὅτοῦ]
812 5160 927 5198 σου.
1923 5138 2044 5194 dem
2074 5138 2280 5193 mundi.

326 5242 381 5297 5.
410 5237 761 5298 Μετεσλήθυς
783 5236 919 5301 ὅλως
953 5236 1030 5306 (9)
1060 5237 1138 5299 είς
1175 5236 1341 5300 ἔλεος.

1995 5230 2047 5285 5.
2086 5228 2256 5285 Totus
2282 5243 2581 5285 conversus
2611 5243 2671 5282 es
2704 5227 2759 5281 in
2789 5224 3236 5282 misericordium.

1198 5342 1505 5407 Addenda
1536 5350 1596 5405 et
1634 5343 2008 5423 corrigenda
2044 5360 2121 5403 ex
2167 5344 2308 5404 cod.
2338 5341 2539 5404 Vatic.

355 5461 403 5530 1)
422 5457 531 5530 Καὶ
560 5455 871 5530 ἀντιλαὸοὖ.
2112 5447 2430 5530 Ἐχρήσατο.

355 5461 403 5530 1)
422 5460 531 5511 Καὶ
560 5460 864 5512 ἀντιλαὸοῦ.
2000 5460 2073 5516 (5)
2118 5460 2430 5529 Ἐχρήσατο.

328 5460 408 5601 (2)
434 5528 766 5601 Toigﬁyiotq
782 5526 897 5587 τοῦ,
919 5533 1025 5601 etc.
1248 5598 1256 5601 _
1423 5589 1437 5601 .
1504 5590 1526 5601 _
1547 5588 1576 5601 ﬂ
1794 5590 1819 5601 -
2112 5517 2287 5601 ξῳσαι
2323 5516 2413 5601 τὸν
2444 5516 2642 5601 κόσμον
2670 5534 2783 5572 σου.

323 5587 403 5681 σύ
444 5587 767 5681 213.1"
801 5595 1175 5681 .3ιρ⁶σκαερονν
1210 5589 1449 5681 Sic-0?"
1502 5588 1821 5681 θέὶὶμξτοδ
2001 5587 2612 5681 ςὲὶὲῦτοὶκὲοῗῐιθίο·

253 5657 410 5725 οὼῦ.
443 5670 510 5723 Ν.
533 5670 621 5725 22.
655 5668 774 5721 ’Ὁτι
796 5657 1149 5737 ἐλεημοσύνῃ.
1178 5668 1305 5726 etc.,
1335 5660 1531 5731 Κύριος
1553 5663 1580 5714 ὀ
1602 5657 1748 5723 Θεός.
2104 5657 2275 5737 gave).
2395 5657 2581 5737 κρσμῳ
2606 5674 2716 5712 σου.

328 5742 404 5819 (ι)
448 5740 628 5797 Ἡδιά
648 5739 746 5808 τῆς
776 5727 1143 5808 κιννᾶϐάριώζ
1169 5748 1292 5803 περ.
1424 5727 1432 5731 ⁷
1999 5727 2075 5803 (9)
2104 5727 2261 5791 Ὀλος
2290 5729 2367 5790 εις
2392 5727 2560 5792 ἕλεος.

330 5847 403 5925 (α)
447 5852 576 5909 Vide
596 5848 741 5908 Psal.
768 5866 816 5904 νι
853 5852 904 5904 et
927 5864 978 5903 ιι
1003 5858 1054 5901 et
1072 5828 1474 5900 Préfationem.
