4174 6508
257 449 414 506 1013
1130 452 1220 507 DE
1261 453 1540 512 TlTULlS
1571 456 1905 513 PSALMORl

1878 459 2020 517 lUM.
2066 493 2135 500 —
2168 460 2362 517 PSAL.
2400 463 2651 521 LXXXV.
3392 471 3526 529 1014

331 564 422 619 21.
458 565 567 618 Καὶ
600 565 706 637 γὰρ
732 568 760 620 ὁ
784 566 984 638 Κύριος
1007 567 1166 621 δώσει
1191 570 1536 642 χρηστότητα
1555 590 1569 604 -
1803 580 1813 591 ·
1870 576 1915 632 Α

1803 580 1813 591 ·
1870 576 1915 632 Α
2013 573 2104 627 21.
2141 573 2353 630 Etenim
2388 575 2654 632 Dominus
2674 578 2826 633 dabit
2848 580 3232 651 benignitatem
3266 602 3279 639 :

332 658 425 714 25.
457 658 615 729 Καὶή
646 658 719 728 γῆ
743 659 896 731 ὑμῶν
914 659 968 731 [ἡ
978 660 1117 733 μῶν]
1132 660 1294 716 δώσει
1311 664 1403 717 τὸν
1418 665 1627 737 καρπὸν
1646 667 1838 738 αὐτῆς.

1589 684 1627 719 ιν
1646 667 1838 738 αὐτῆς.
2016 665 2108 727 25.
2138 664 2204 721 Et
2236 677 2382 723 terra
2404 677 2586 724 nostra
2616 669 2768 724 dabit
2791 670 3025 729 fructum
3055 690 3237 732 suum.

328 748 422 804 26.
454 749 775 822 Δικαιοσύνη
804 751 1031 805 ἐνώπιον
1060 754 1224 807 αὐτοῦ
1257 758 1693 829 προπορεύσεται
1720 780 1731 790 ⁸

1386 758 1693 829 τορεύσεται
1720 780 1731 790 ο
2016 758 2108 813 ‘26.
2135 756 2355 814 Justitia
2387 770 2511 815 ante
2532 776 2656 816 eum
2689 762 2993 818 ambulabit
3019 784 3034 821 :

327 840 421 895 27.
450 842 559 895 Καὶ
586 841 742 914 θήσει
769 845 850 907 εις
872 843 991 897 ὁδὸν
1018 846 1089 899 τὰ
1121 846 1442 920 διαδήματα
1471 851 1659 908 αὐτοῦ.

1366 867 1442 904 ,τα
1471 851 1659 908 αὐτοῦ,
2018 849 2109 903 27.
2148 848 2211 905 Et
2243 861 2407 922 ponet
2436 852 2491 907 in
2517 852 2603 906 via
2628 868 2849 924 gressus
2875 870 3014 916 suos,

497 957 815 1026 Προσευχὴ
838 956 920 1023 τῷ
950 959 1148 1013 Δαϐίδ.
1192 964 1423 1018 ΨΑΛΜ.
1465 967 1595 1023 ΠΕ¹.

1585 1008 1595 1023 ,
2233 961 2422 1017 Oratio
2445 963 2641 1019 David.
2668 963 2933 1021 PSALM.
2960 967 3165 1024 LXXX
3180 970 3233 1025 V.

331 1046 384 1103 1.
416 1047 632 1116 Κλῖνον,
667 1048 862 1119 Κύριε,
894 1051 954 1103 τὸ
977 1046 1071 1115 οὖς
1100 1069 1214 1118 σου,
1245 1056 1338 1109 καὶ
1381 1057 1686 1112 ὲπάκουσόν
1713 1079 1835 1131 μου.

2024 1055 2074 1109 l.
2117 1052 2356 1123 lnclina,
2425 1054 2692 1123 Domine,
2744 1074 2931 1115 aurem
2984 1070 3167 1130 tuam,
3221 1072 3278 1119 et
3326 1065 3521 1121 exaudi

1940 1164 2026 1203 me
2055 1167 2071 1203 2

324 1224 381 1278 2.
413 1225 537 1279 ’Ότι
566 1229 780 1299 πτωχὸς
813 1231 910 1282 καὶ
942 1232 1110 1303 πένης
1132 1234 1250 1304 εἰμὶ
1275 1236 1406 1306 ἐγώ.

2013 1242 2072 1296 ‘2.
2100 1241 2373 1309 Quoniam
2404 1244 2562 1314 inops
2589 1258 2643 1301 et
2669 1262 2875 1319 pauper
2908 1266 3028 1305 sum
3049 1266 3165 1323 ego.

322 1319 379 1371 5.
411 1318 648 1387 Φύλαξον
682 1322 781 1391 τὴν
805 1322 984 1395 ψυχήν
1008 1342 1131 1394 μου,
1156 1328 1237 1380 ὅτι
1276 1329 1420 1394 ὅσιός
1448 1334 1599 1403 εἰμι·

2012 1335 2067 1389 5.
2094 1334 2322 1391 Custodi
2339 1338 2579 1392 animam
2606 1355 2806 1404 meam,
2826 1343 3087 1411 quoniam
3113 1351 3338 1399 sanctus
3362 1360 3482 1400 sum
3507 1364 3519 1401 :

323 1409 377 1463 4.
411 1412 591 1465 Σῶσον
641 1414 732 1469 τὸν
771 1415 956 1469 δοῦλόν
992 1434 1107 1482 σου,
1140 1420 1171 1471 ὁ
1217 1420 1349 1486 Θεός
1390 1442 1513 1495 μου,
1563 1429 1652 1482 τὸν
1686 1430 1835 1483 ἐ).πί-

2022 1429 2079 1483 4.
2109 1427 2332 1483 Salvum
2361 1427 2447 1484 fac
2476 1444 2694 1485 servum
2715 1442 2891 1498 tuum,
2914 1432 3059 1491 Deus
3086 1451 3264 1502 meus,
3294 1451 3521 1507 speran-

246 1500 415 1566 ζοντα
449 1504 542 1557 ἐπὶ
571 1506 629 1558 σέ
669 1501 821 1580 [eoi].

571 1506 629 1558 σέ
669 1501 821 1580 [eoi].
1936 1528 2042 1573 tem
2073 1520 2127 1572 in
2166 1529 2216 1574 te

324 1594 377 1648 5.
427 1596 677 1691 Ἐλέησον
707 1616 797 1670 με,
847 1601 1041 1673 Κύριε,
1088 1604 1171 1657 ὅτι
1202 1610 1340 1678 πρὸς
1388 1611 1447 1665 σὲ
1492 1617 1832 1691 κεκράξομαι

2010 1611 2067 1667 5.
2099 1612 2359 1669 Miserere
2385 1614 2517 1678 mei,
2545 1613 2796 1682 Domine,
2826 1618 3085 1687 quoniam
3117 1618 3183 1674 ad
3208 1628 3258 1675 te
3288 1619 3519 1677 clamavi

241 1683 379 1755 δλην
406 1685 505 1757 τὴν
532 1688 767 1759 ἡμέραν.
1597 1683 1607 1687 “
1733 1683 1744 1691 '

541 1689 563 1757 ἡ
574 1688 767 1759 μέραν.
1597 1683 1607 1687 -
1733 1683 1744 1691 ⁷
1934 1712 2045 1758 tota
2079 1704 2189 1761 die.

320 1778 375 1832 6.
404 1778 689 1852 Εῠφρανον
709 1784 808 1854 τὴν
829 1785 1009 1858 ψυχὴν
1041 1788 1136 1842 τοῦ
1156 1790 1342 1846 δούλου
1377 1811 1470 1847 σου
1497 1812 1509 1826 ·

1284 1810 1342 1846 ου
1377 1811 1470 1847 σου
1497 1812 1509 1826 ·
2008 1798 2062 1852 6.
2102 1798 2337 1855 Laetitia
2366 1800 2605 1854 animam
2637 1803 2779 1856 servi
2813 1804 2888 1858 tui
2918 1824 2932 1857 :

316 1868 369 1921 7.
400 1870 523 1923 Ὅτι
559 1873 696 1945 πρὸς
724 1876 782 1928 σὲ
806 1872 916 1948 ἦρα
946 1878 1045 1950 τὴν
1069 1880 1400 1953 ψυχήν.μου.
1861 1932 1905 1989 Β

1861 1932 1905 1989 Β
2010 1888 2062 1943 7.
2093 1888 2365 1955 Quoniam
2402 1892 2470 1945 ad
2501 1901 2553 1946 te
2586 1893 2824 1945 animam
2857 1908 3033 1946 meam
3072 1893 3265 1949 levavi.

315 1966 373 2017 8.
407 1964 530 2018 Ὀτι
555 1966 641 2030 σὺ,
670 1968 865 2039 Κύριε,
898 1973 1135 2043 χρηστὸς
1158 1978 1251 2029 καὶ
1269 1979 1541 2050 ἐπιεικὴς,
1861 1964 1905 1989 υ

1861 1964 1905 1989 ⁸³
2004 1982 2059 2038 8.
2093 1982 2365 2047 Quoniam
2395 1993 2473 2049 tu,
2499 1982 2751 2045 Domine.
2777 1986 2963 2039 suavis
2996 1993 3052 2039 ct
3079 1987 3248 2051 mitis,

313 2056 370 2109 9.
399 2056 507 2111 Καὶ
539 2057 820 2123 πολυέλεος
863 2064 995 2117 πᾶσι
1028 2067 1142 2130 τοῖς
1170 2069 1619 2143 ἐπικαλουμένοις
1654 2092 1731 2130 σε.

1999 2075 2053 2128 9.
2080 2075 2146 2129 Et
2199 2075 2385 2131 multa:
2433 2077 2821 2133 misericordiae
2883 2078 3140 2134 omnibus
3211 2079 3511 2135 invocantio

1934 2166 2035 2222 bus
2060 2177 2129 2221 te.

320 2231 408 2284 10.
458 2233 762 2301 Ἐνώτισαι,
800 2238 995 2311 Κύριε,
1030 2244 1128 2313 τὴν
1172 2250 1479 2320 προσευχήν
1513 2269 1614 2321 μου
1636 2268 1653 2285 ’

2003 2263 2091 2316 10.
2123 2260 2365 2316 Auribus
2396 2262 2634 2331 percipe,
2662 2261 2913 2330 Domine,
2946 2264 3255 2320 orationem
3292 2278 3510 2319 meam:

319 2322 344 2423 1
438 2325 548 2379 Καὶ
578 2329 816 2399 πρόσχες
847 2335 912 2403 τῇ
939 2338 1090 2405 φωνῇ
1118 2336 1218 2406 τῆς
1244 2339 1335 2411 δεή
1350 2342 1481 2406 sat-3.;
1508 2360 1633 2414 μου.

1552 2361 1633 2399 ου.
2003 2356 2092 2411 ll.
2126 2354 2194 2409 Et
2226 2322 2443 2410 intende
2474 2356 2593 2409 voci
2619 2355 3021 2423 deprecationis
3044 2371 3200 2411 mem.

313 2414 403 2469 12.
447 2418 534 2471 Ἐν
565 2422 747 2493 ἡμέρᾳ
782 2424 1014 2494 θλίψεώς
1043 2446 1145 2498 μου
1179 2432 1452 2503 ἐκέκραξα
1480 2437 1617 2506 πρὸς
1643 2439 1720 2501 σὲ,
1746 2441 1828 2495 ὅτι

2001 2448 2088 2502 12.
2118 2445 2176 2501 1η
2212 2447 2300 2502 die
2328 2446 2700 2505 tribulationis
2726 2462 2859 2503 meae
2885 2447 3117 2503 clamavi
3158 2447 3225 2502 ad
3271 2459 3343 2511 te,
3380 2447 3512 2516 quia

238 2506 554 2578 ἕπήκουσάς
594 2529 719 2581 μου.

686 2532 719 2567 ³·
1928 2539 2198 2595 exaudisti
2228 2554 2334 2593 me.

1362 2728 1736 2788 ATHANASII
1772 2734 2361 2795 lNTERPllETATIO.

304 2889 395 2944 24.
428 2890 501 2943 Τὸ
533 2892 755 2964 Πνεῦμα
794 2897 958 2952 αὐτοῦ
987 2900 1047 2952 τὸ
1072 2900 1225 2968 ἅγιον
1267 2905 1361 2957 καὶ
1402 2906 1606 2973 ἀγαθὸν
1649 2909 1823 2981 δωρὴ-

1990 2913 2080 2968 94.
2112 2912 2376 2984 Spiritum
2429 2932 2590 2971 suum
2629 2928 2905 2985 sanctum,
2936 2923 2991 2973 et
3037 2917 3241 2973 bonum
3279 2918 3505 2976 donabit

233 2998 389 3035 σεται
421 2984 575 3052 ἡμῖν·
1922 3006 2109 3064 nobis.

302 3074 395 3130 25.
427 3076 500 3128 Τὸ
532 3078 689 3145 γένος
715 3080 823 3135 τῶν
850 3081 1155 3154 ἀνθρώπων
1186 3085 1256 3141 τὰ
1289 3086 1430 3158 ἔργα
1477 3092 1578 3162 τῆς
1610 3092 1819 3147 δικαιο-

1477 3092 1578 3162 τῆς
1610 3092 1819 3147 δικαιο-
1989 3102 2078 3156 25.
2107 3103 2292 3159 Genus
2323 3104 2627 3160 humanum
2654 3120 2819 3175 opera
2844 3103 3090 3175 justitire.

232 3182 422 3230 συνης.

303 3184 332 3218 ν
375 3183 422 3230 ς.

301 3183 393 3313 ἳὲ.
439 3261 689 3335 Ἰωάννης
725 3266 754 3318 ὁ
789 3265 1099 3341 Βαπτιστὴς
1125 3310 1143 3338 ,
1192 3273 1287 3326 καὶ
1338 3274 1400 3328 τὸ
1447 3277 1649 3349 πλῆθος
1702 3277 1811 3331 τῶν

1987 3283 2077 3337 26.
2116 3288 2365 3341 Joannes
2389 3282 2654 3355 Baptista,
2688 3294 2742 3340 et
2773 3284 3067 3341 multitudo
3092 3285 3502 3357 prophetarum.

228 3367 415 3408 προερη
421 3371 527 3407 των
534 3394 550 3408 ο

275 3369 550 3424 ροςρητων.

301 3445 392 3501 '27.
426 3447 536 3502 Καὶ
568 3450 859 3505 ἐντελεῖται
880 3453 937 3506 ὲν
963 3453 1143 3509 πίστει
1160 3457 1231 3511 τὰ
1253 3459 1599 3533 δικαιώματα
1623 3462 1807 3517 αὐτοῦ.

1668 3462 1807 3516 ὑτοῦ.
1991 3463 2080 3517 27.
2113 3462 2179 3519 Et
2208 3463 2488 3534 ρι’ωοίρίοι
2512 3463 2566 3519 in
2598 3463 2701 3519 ﬁde
2728 3462 3149 3534 justilicationes
3177 3463 3316 3536 ejus.

312 3566 741 3641 Ἡοπροκειμὲνη
772 3572 1053 3643 ἐπιγραφὴ
1089 3576 1333 3647 περιέχει
1370 3579 1482 3647 (η’
1518 3579 1843 3649 Προσευχὴ
1883 3578 1961 3644 τῷ
1985 3577 2186 3641 Δαόὶδ,
2208 3578 2459 3630 τουτέστι
2506 3578 2587 3643 τῷ
2625 3577 2813 3644 ἱκανῷ
2851 3579 2926 3650 τῇ
2958 3579 3148 3650 χωρί’
3204 3578 3363 3633 τοῦτο
3391 3577 3499 3650 γὰρ

224 3657 591 3728 ἑρμηνεύεται
614 3660 795 3724 Δαὸὶδ,
836 3662 975 3735 ὅπερ
1008 3666 1158 3719 ἐστὶν
1197 3669 1227 3720 ὁ
1256 3668 1382 3733 Υἱὸς
1404 3670 1498 3726 τοῦ
1529 3671 1686 3725 Θεοῦ.

296 3746 516 3807 Titulus
571 3752 899 3823 praepositus
947 3758 1191 3815 continet
1220 3777 1233 3813 :
1266 3759 1456 3817 Oratio
1492 3761 1687 3831 David,
1754 3764 1861 3818 hoc
1918 3770 2022 3825 est,
2052 3777 2212 3814 manu
2235 3760 2385 3830 forti,
2422 3762 2496 3817 ita
2527 3762 2673 3818 enim
2705 3762 3095 3835 interpretatur
3131 3763 3324 3832 David,
3357 3781 3497 3838 qua-

220 3846 295 3900 lis
320 3856 405 3902 est
430 3845 604 3904 Filius
639 3849 753 3905 Dei.
3223 3935 3226 3938 .

296 3939 351 3993 1.
387 3940 627 4012 Εὐμενές
659 3962 749 4014 μοι
797 3947 1022 4019 ποίησον
1053 3951 1115 4005 τὸ
1144 3950 1239 4019 οὖς
1287 3974 1404 4020 σου,
1449 3959 1543 4011 καὶ
1566 3958 1801 4015 ὲπὰκου-
1829 3962 1871 4021 C

1840 3962 1871 4021 [ι
1982 3954 2028 4007 ι.
2063 3952 2361 4024 Benignam
2414 3952 2548 4007 mibi
2596 3952 2684 4008 fac
2736 3967 2924 4009 aurem
2975 3961 3146 4020 tuam,
3180 3962 3235 4010 et
3288 3954 3488 4010 exaudi

219 4051 319 4087 σον
348 4034 449 4103 τῆς
481 4039 787 4109 προσευχῆς
815 4056 916 4110 μου
958 4041 1056 4113 (2).

815 4056 916 4110 μου
958 4041 1056 4113 (9)-
1912 4047 2220 4102 orationem
2247 4058 2443 4099 meam.

291 4118 349 4174 2.
388 4120 465 4192 Τῇ
498 4122 715 4195 καρδίᾳ.

614 4122 715 4195 δίᾳ.
1978 4138 2033 4191 2.
2067 4136 2262 4193 Corde.

293 4212 350 4302 5.
395 4214 709 4280 Ἀσφάλισαι
735 4218 833 4291 τὴν
867 4220 1045 4295 ψυχήν
1070 4244 1192 4296 μου,
1219 4230 1301 4284 ὄτι
1327 4246 1385 4284 σε
1408 4231 1519 4300 ἐγὼ
1555 4231 1800 4302 σέϐομαι.

1766 4252 1800 4286 ι,
1980 4227 2035 4281 ’5.
2069 4226 2217 4281 Muni
2246 4227 2485 4281 animam
2517 4241 2718 4291 meam,
2758 4225 3019 4296 quoniam
3048 4242 3151 4297 ego
3187 4236 3239 4282 te
3271 4242 3410 4286 coio.

293 4301 348 4356 4.
386 4302 568 4358 Σῶσόν
602 4323 669 4375 με
707 4307 799 4361 τὸν
828 4309 1016 4367 δοῦλόν
1050 4332 1166 4386 σου,
1204 4321 1234 4372 ὁ
1260 4319 1395 4384 Θεὸς
1418 4362 1432 4385 ,
1462 4322 1543 4375 ὅτι
1579 4301 1799 4387 ἐλπίζω,

1977 4320 2029 4374 4.
2068 4319 2228 4374 Salva
2272 4335 2360 4375 me
2401 4335 2621 4374 servum
2661 4331 2839 4387 tuum,
2868 4318 3033 4386 Deus,
3066 4319 3325 4390 quoniam
3359 4334 3488 4392 spe-

213 4394 305 4448 ὅτι
329 4395 522 4461 σώζεις
556 4416 643 4469 με.

1908 4430 1969 4469 ro
2017 4412 2165 4484 quod
2199 4426 2288 4467 me
2320 4414 2581 4469 salvabis.

290 4488 343 4542 5.
390 4488 773 4561 Ἀδιαλείπτως
805 4500 1180 4573 προσεύχομαι
1227 4503 1285 4557 ὲν
1335 4505 1530 4577 καρδίᾳ
1565 4524 1801 4576 πεφωτι-

1454 4505 1530 4577 Βεᾳ
1565 4524 1801 4576 πεφωτι-
1975 4507 2028 4561 5.
2060 4504 2437 4562 lndesinenter
2460 4522 2558 4561 oro
2579 4507 2744 4563 corde
2774 4507 3102 4565 illuminato.

215 4596 250 4632 σ
259 4581 421 4654 μένῃ.

291 4670 342 4725 6.
372 4673 470 4727 Διά
507 4675 605 4747 τῆς
628 4678 848 4749 χάριτός
878 4698 993 4736 σου.

980 4725 993 4736 .
1973 4688 2024 4742 6.
2056 4685 2161 4742 Per
2194 4686 2424 4759 gratiam
2453 4695 2624 4743 tuam.

289 4761 341 4814 7.
378 4763 468 4835 Τῷ
507 4764 770 4839 Θελήματι
806 4772 881 4842 (5)
910 4774 1078 4846 αὐτὴν
1112 4776 1402 4850 ἀνεθέμην.

1332 4797 1402 4850 ην.
1973 4778 2023 4831 7.
2061 4777 2119 4832 ln
2152 4779 2434 4834 voluntate
2468 4788 2560 4835 tua
2592 4794 2713 4834 eam
2743 4792 2980 4848 reposui.

291 4854 346 4909 8.
395 4856 622 4926 Ἀγαθὸς
647 4861 741 4914 καὶ
761 4866 960 4933 πραΰς.

891 4866 960 4929 ὅς.
1969 4868 2021 4922 8.
2054 4868 2259 4936 Bonus,
2289 4880 2344 4925 et
2371 4870 2539 4927 mitis.

288 4944 342 5000 9.
372 4947 482 5001 Καὶ
505 4951 810 5025 ἀμέτρητος
853 4956 918 5009 σὺ
954 4959 1013 5011 ὲν
1049 4958 1127 5030 τῷ
1154 4960 1323 5014 ἐλεεῖν
1355 4964 1479 5028 τοὺς
1518 4966 1790 5036 καταφεύ-

1966 4963 2018 5015 ε).
2054 4960 2120 5018 Ει
2142 4964 2412 5019 immensa
2443 4973 2537 5027 est
2552 4965 2926 5021 misericordia
2962 4973 3054 5021 tua
3080 4979 3215 5036 erga
3234 4980 3351 5033 eos,
3374 4963 3469 5037 qui

206 5054 412 5107 γοντας
440 5038 534 5090 ἐπὶ
562 5042 643 5095 σέ.

1896 5054 2221 5126 confugiunt
2255 5057 2324 5111 ad
2355 5066 2425 5113 te.

287 5134 373 5190 10.
409 5136 694 5193 Ἄκουσον.

595 5154 694 5193 τον.
1968 5147 2053 5202 10.
2081 5148 2243 5205 Audi.

290 5224 375 5280 11.
407 5225 511 5282 Καὶ
549 5228 711 5301 ἔργον
738 5232 1061 5291 ἁποτέλεσον
1085 5240 1181 5311 τὴν
1205 5246 1509 5315 προσευχήν
1555 5263 1654 5316 μου
1688 5248 1783 5316 (4).

1388 5246 1509 5315 δχήν
1555 5263 1654 5316 μου
1688 5248 1783 5316 (4),
1966 5239 2052 5295 ll.
2084 5241 2150 5297 Et
2176 5257 2316 5313 opus
2344 5244 2494 5300 eﬂice
2517 5246 2817 5303 oralionem
2842 5261 3036 5299 meam.

280 5316 367 5371 12.
414 5319 502 5372 Ἐν
531 5321 612 5393 τῷ
640 5324 925 5396 καιρῷτοῦ
948 5328 1241 5384 ἀπολέσθαι
1268 5350 1333 5401 με
1369 5334 1586 5405 ὑπὸτῆς
1602 5339 1781 5409 ἁμαρ-
1820 5317 1861 5371 θ

1820 5317 1861 5371 Ῑδ
1966 5330 2050 5387 12.
2084 5332 2141 5387 ln
2172 5345 2436 5405 tempore,
2478 5352 2590 5407 quo
2630 5337 2765 5408 perii
2809 5353 2837 5391 a
2886 5345 3109 5407 peccato
3140 5335 3461 5406 deprecatus

203 5408 327 5474 τίας
352 5410 579 5486 ἐδεήθην
605 5433 720 5484 σου,
754 5419 939 5490 ἐπειδὴ
970 5424 1063 5476 καὶ
1091 5422 1279 5477 ἄλλοτε
1313 5426 1621 5497 ὲπήκουσάς
1654 5447 1777 5500 μου.

1447 5427 1621 5493 ιουςάς
1654 5447 1777 5500 μου.
1890 5446 2011 5485 sum
2045 5441 2117 5498 te,
2148 5432 2407 5502 quoniam
2444 5443 2499 5489 et
2519 5434 2655 5491 alias
2685 5449 2772 5490 me
2804 5432 3095 5490 exaudisti.

1172 5611 1479 5673 Addenda
1507 5619 1567 5673 ct
1595 5615 1971 5694 corrigenda
2020 5634 2098 5679 ex
2130 5620 2270 5683 cod.
2310 5620 2514 5683 Vatic.

274 5761 352 5832 (l)
395 5762 579 5853 Ἦβιέ
605 5765 706 5837 τῆς
741 5770 1106 5853 κινναϐάρεως
1142 5790 1288 5845 περη
1314 5781 1418 5829 etc.
1457 5775 1618 5830 Δαϐὶδ
1661 5780 1785 5832 ἱκαα
2066 5781 2342 5853 Θελήματί
2379 5801 2489 5837 σου.

203 5838 515 5967 νὸῑῖχειρὶ,
545 5838 705 5909 ὅπερ,
743 5850 847 5895 etc.
970 5838 980 5843 ’
1021 5915 1032 5930 ν
1215 5838 1225 5845 ’
1965 5838 2040 5921 (ιδ
2070 5853 2146 5928 Τῇ
2182 5838 2453 5931 ἕροσενχῇ
2490 5872 2608 5930 μου.

335 5907 350 5967 )
408 5907 732 5967 Επιθυμητή
760 5927 852 5965 σου
879 5915 988 5967 ﬁte)
1014 5930 1043 5967 η
1076 5915 1343 5967 ποοσευνή
1378 5932 1496 5967 uou.

335 5907 350 5971 )
394 5907 732 5977 Ἐπιθυμήτὴ
760 5927 852 5965 σου
879 5915 988 5982 ﬁte)
1014 5915 1043 5985 ἡ
1076 5915 1343 5986 προσευχὴ
1378 5932 1496 5971 uou.
