4174 6480
703 434 841 489 1015
1561 427 1621 483 S.
1661 423 2035 481 ATHANASll
2076 424 2226 479 01³1).
2269 419 2450 475 PARS
2491 419 2575 474 111.
2618 449 2687 459 —
2722 418 3133 474 EXEGETICA.
3836 412 3988 470 1.016

774 556 858 609 15.
899 553 1016 607 Non
1042 562 1124 606 est
1153 552 1351 608 similis
1377 552 1455 606 tui
1482 552 1535 604 in
1565 551 1692 614 diis.
1721 551 1952 605 Domine
1986 569 1997 603 :
2309 553 2357 610 Α

2309 553 2357 610 Α
2457 547 2544 600 15.
2574 545 2686 597 Οὐκ
2717 545 2862 596 ἐστιν
2891 543 3074 614 ὅμοιός
3111 559 3191 594 σοι
3219 543 3276 594 ἐν
3313 541 3472 604 Θεοῖς,
3501 539 3676 594 Κύοιε
3699 555 3714 570 ⁸

768 647 852 700 14.
883 645 950 700 Ει
983 661 1092 699 non
1115 654 1199 700 est
1225 644 1526 699 secundum
1557 658 1724 712 Opera
1757 653 1869 697 tua.

2460 638 2546 693 1-1.
2582 638 2691 690 Καὶ
2716 638 2815 689 οὐκ
2837 635 2951 688 ἔστι
2983 633 3126 687 κατὰ
3145 633 3215 686 τά
3243 634 3380 704 ἔργα
3418 650 3529 685 σου.

772 740 854 794 15.
893 737 1096 794 Omnes
1137 747 1347 808 gentes,
1395 752 1752 806 quascunque
1797 733 1994 798 iecisti,
2039 732 2278 798 venient,

2079 732 2278 798 enieut,
2454 732 2542 786 15.
2574 730 2759 783 Πάντα
2791 731 2859 782 τὰ
2888 729 3037 799 ἔθνη,
3072 731 3172 781 ὅσα
3201 727 3482 798 ἐποίησας,
3512 724 3727 796 ἥξουσι,

773 833 858 888 16.
894 832 959 887 Ει
985 832 1292 886 adorabunt
1321 846 1507 886 coram
1535 840 1608 895 te,
1644 830 1892 886 Domine.

2459 824 2548 878 16.
2585 823 2695 876 Kal.
2719 822 3192 894 προσκυνήσουσιν
3223 819 3452 874 ἐνώπιόν
3474 835 3590 881 σου,
3627 815 3830 887 Κύριε,

773 926 858 980 17.
894 926 962 980 Ει
984 925 1366 996 gloriiicabunt
1396 938 1596 978 nomen
1623 932 1796 976 tuum.

1793 962 1796 973 .
2460 915 2548 968 17.
2587 914 2696 970 Καὶ
2728 912 3012 979 δοξάσουσι
3040 912 3102 966 τὸ
3133 913 3304 983 ὄνομά
3328 930 3441 965 σου.

775 1019 858 1072 18.
897 1019 1167 1084 Quoniam
1210 1032 1442 1087 magnus
1480 1031 1540 1072 es
1593 1025 1674 1080 tu,
1725 1026 1778 1070 et
1817 1012 2022 1067 faciens
2061 1009 2284 1066 mirabi-

2218 1009 2284 1062 .ll-
2455 1007 2542 1061 18.
2576 1007 2654 1079 (a)
2685 1008 2806 1060 Ὀτι
2831 1005 3004 1077 μέγας
3026 999 3076 1057 εἷ
3103 1007 3188 1071 σὺ,
3219 1005 3314 1058 καὶ
3343 1005 3510 1058 ποιῶν
3543 1002 3866 1056 θαυμάσιαο

701 1113 770 1167 lia
810 1131 825 1168 :

772 1208 860 1262 19.
891 1206 970 1261 Tu
995 1223 1054 1262 es
1084 1207 1227 1262 Deus
1252 1207 1425 1261 solus.

2456 1187 2542 1241 19.
2581 1187 2653 1239 Σὺ
2684 1181 2733 1238 εἶ
2763 1184 2896 1248 Θεὸς
2927 1183 2990 1256 [ὁ
3018 1181 3186 1254 Θεὸς]
3235 1183 3412 1253 μόνος.

767 1299 858 1354 20.
890 1299 1074 1354 Deduc
1109 1315 1216 1365 me,
1251 1300 1503 1361 Domine.
1539 1302 1593 1352 in
1627 1297 1712 1352 via
1737 1305 1868 1351 tua:

2453 1279 2544 1334 20.
2588 1278 2882 1350 Ὀδήγησόν
2921 1295 3010 1348 με,
3045 1276 3240 1348 Κύριε,
3274 1277 3330 1329 ὲν
3351 1279 3418 1346 τῇ
3440 1275 3542 1346 ὁδῷ
3576 1291 3701 1327 cou-

769 1393 854 1446 21.
891 1391 959 1446 Ει
985 1393 1260 1462 ingrediar
1283 1391 1334 1446 in
1365 1401 1592 1446 veritate
1617 1400 1727 1444 tua.

2455 1373 2545 1425 2-1.
2577 1373 2686 1425 Καὶ
2722 1371 3062 1442 πορεύσομαι
3090 1371 3148 1422 ὲν
3183 1372 3250 1439 τῇ
3286 1367 3512 1439 ἀληθείᾳ
3542 1385 3661 1420 σου.

769 1485 858 1539 22.
896 1484 1133 1541 Laetetur
1156 1502 1255 1541 cor
1284 1501 1494 1552 meum,
1520 1497 1580 1540 ut
1603 1486 1791 1540 timeat
1815 1497 2011 1537 nomen
2051 1490 2224 1536 tuum.

2455 1464 2545 1518 22.
2585 1463 2955 1535 Εὑφρανθήτω
2983 1465 3015 1532 ἡ
3044 1461 3239 1533 καρδία
3277 1478 3378 1531 μου
3407 1501 3421 1525 ,
3455 1458 3549 1512 τοῦ
3589 1458 3886 1528 φοδεῖσθαι
3918 1457 3976 1509 τὸ

2387 1559 2561 1628 ὄνομά
2593 1574 2708 1612 σου.

771 1663 861 1721 25.
891 1664 1200 1720 Conﬁtebor
1230 1667 1348 1732 tibi,
1381 1666 1605 1720 Domine
1650 1663 1796 1720 Deus
1843 1678 2019 1728 meus,
2066 1662 2121 1716 in
2172 1669 2286 1716 toto

2457 1648 2546 1704 25.
2587 1646 3082 1718 Ἑξομολογήσομαί
3121 1662 3223 1709 σοι,
3262 1645 3434 1714 Κύριε
3481 1645 3508 1695 ὁ
3556 1643 3689 1706 Θεὸς
3747 1660 3875 1714 μου,
3919 1642 3974 1694 ἐν

701 1758 863 1811 corde
897 1773 1019 1812 meo
1053 1777 1066 1812 :

2387 1742 2484 1814 ὅλῃ
2508 1741 2703 1812 καρδίᾳ
2741 1757 2840 1811 μου
2861 1755 2872 1768 ⁸

764 1851 854 1905 24.
887 1850 952 1904 Ει
974 1852 1289 1922 gloriﬁcabo
1321 1867 1516 1907 nomen
1555 1863 1710 1909 tuum
1741 1853 1795 1907 in
1818 1861 2103 1907 aeternum.
2314 1915 2352 1922 __

2458 1835 2547 1888 21.
2578 1835 2686 1887 Καὶ
2711 1833 2920 1899 δοξάσω
2950 1833 3011 1884 τὸ
3033 1831 3207 1901 ὄνομά
3231 1847 3324 1883 σου
3354 1832 3432 1894 εἰς
3452 1830 3541 1882 τὸν
3561 1827 3755 1882 αἰῶνα.

768 1942 856 1995 25.
893 1941 1032 2007 Quia
1061 1941 1439 1997 misericordia
1471 1952 1561 1997 tua
1598 1959 1795 2013 magna
1835 1952 1917 1995 est
1951 1956 2113 2009 super
2149 1954 2277 1992 me:
2314 1915 2359 1970 Β

1900 1952 1917 1995 ι
1951 1956 2113 2009 super
2149 1954 2235 1992 me
2264 1955 2277 1992 ε
2314 1915 2359 1970 Β
2457 1927 2546 1979 23.
2581 1927 2704 1978 ’Ότι
2725 1925 2786 1977 τὸ
2811 1923 2960 1987 ἔλεός
2990 1941 3082 1976 σου
3118 1923 3260 1994 μέγα
3294 1924 3380 1974 ἐπ’
3412 1921 3543 1991 ἐμέ·

768 2034 856 2088 26.
884 2033 951 2092 Et
973 2035 1163 2090 eruisti
1188 2035 1430 2089 animam
1469 2049 1646 2088 meam
1675 2051 1740 2089 ex
1768 2033 1984 2088 inferno
2014 2030 2285 2086 inferiori.

2457 2018 2548 2072 26.
2579 2018 2689 2070 Καὶ
2710 2014 2929 2089 ἐρῤύσω
2949 2015 3046 2086 τὴν
3068 2014 3246 2085 ψυχήν
3271 2030 3373 2083 μου
3399 2011 3458 2076 ἐξ
3474 2010 3600 2082 ᾅδου
3627 2010 3969 2063 κατωτάτω.

761 2129 850 2183 27.
877 2128 1040 2193 Deus,
1079 2129 1252 2197 iniqui
1284 2130 1703 2183 insurrexerunt
1727 2145 1890 2197 super
1920 2144 2003 2181 me
2035 2146 2047 2180 :

2461 2116 2555 2170 27.
2599 2115 2656 2168 '0
2685 2114 2839 2178 Θεὸς,
2878 2117 3186 2185 παράνομοι
3217 2113 3592 2181 ἐπανέστησαν
3631 2108 3720 2160 ἐπ’
3754 2107 3859 2175 ὲμέ
3881 2123 3895 2136 ο

766 2218 857 2273 28.
887 2217 952 2272 Ει
990 2196 1263 2290 synagoga
1309 2221 1610 2288 potentium
1656 2196 1994 2290 quaesierunt
2045 2218 2288 2272 animam

2461 2207 2552 2260 28.
2585 2207 2697 2260 Καὶ
2744 2205 3034 2277 συναγωγὴ
3064 2203 3341 2278 κραταιῶν
3368 2203 3642 2274 ἐζήτησαν
3668 2197 3767 2269 τὴν
3794 2196 3971 2266 ψυχήν

700 2324 872 2362 meam
907 2328 918 2362 :
2395 2316 2496 2371 μου
2517 2341 2532 2367 ν

766 2400 854 2455 29.
883 2399 948 2455 Et
977 2416 1082 2455 non
1108 2411 1510 2470 proposuerunt
1535 2409 1585 2453 te
1609 2401 1660 2454 in
1691 2407 1984 2467 conspectu
2016 2414 2136 2451 suo.

2025 2414 2136 2451 suo.
2460 2392 2554 2448 29.
2587 2393 2698 2446 Καὶ
2718 2394 2778 2445 οὐ
2808 2391 3101 2464 προέθεντο
3133 2408 3191 2444 σε
3224 2389 3451 2444 ἐνώπιον
3475 2388 3673 2442 αὐτῶν.

767 2492 854 2545 50.
886 2492 951 2546 Et
976 2503 1054 2558 tu,
1081 2493 1310 2548 Domine
1338 2493 1481 2547 Deus
1505 2508 1677 2558 meus,
1700 2493 2008 2558 miserator,
2037 2501 2089 2547 et
2115 2492 2278 2550 mise-

2455 2485 2542 2540 30.
2577 2486 2686 2540 Kal.
2715 2487 2798 2550 ab,
2825 2487 2996 2539 Κύοιε
3018 2488 3046 2537 ὁ
3071 2485 3202 2548 Θεός
3226 2501 3351 2555 μου,
3369 2480 3670 2553 οἰκτίρμων
3699 2477 3797 2532 καὶ
3824 2474 3965 2546 ἐλεή-

699 2600 894 2648 ΗΟΟΓΞ,
2394 2595 2512 2637 μων
2527 2613 2545 2632 ο

765 2725 840 2796 (α)
868 2721 1019 2779 Vers.
1048 2723 1135 2791 18,
1164 2720 1250 2787 19,
1270 2720 1373 2777 sub
1403 2721 1564 2777 unico
1589 2734 1727 2774 vers.

1826 2898 2198 2957 ATHANASII
2255 2894 2816 2954 INTERPRETATIO

773 3094 856 3148 15.
890 3091 1186 3159 Benignus.
2307 3093 2350 3152 C

2307 3093 2350 3152 C
2458 3087 2545 3140 15.
2569 3083 2763 3137 Φιλάνθ
2775 3099 2973 3152 ρωπος.

773 3186 859 3239 14.
889 3185 964 3239 Ita
992 3185 1251 3250 liberans,
1288 3192 1342 3239 et
1376 3185 1613 3239 salvans.

2454 3175 2538 3228 11.
2569 3174 2756 3237 Οὕτως
2782 3171 3168 3242 λυτρούμενος,
3203 3169 3298 3224 καὶ
3330 3169 3536 3235 σώζων.

766 3279 854 3333 15.
891 3278 971 3332 Ad
1005 3279 1344 3333 tremendum
1379 3287 1531 3332 tuum
1565 3277 1851 3348 baptisma.

2459 3268 2542 3321 15.
2576 3268 2668 3330 Είς
2697 3266 2757 3318 τὸ
2787 3265 3066 3336 βάπτισμά
3099 3280 3193 3316 σου
3223 3262 3301 3333 (1)
3329 3263 3389 3315 τὸ
3420 3261 3670 3333 φοϐερόν.

774 3371 860 3427 16.
899 3371 1102 3427 Flectet
1132 3386 1294 3427 omne
1320 3385 1482 3441 genu.

1454 3387 1482 3422 I.
2458 3359 2540 3413 16.
2572 3359 2794 3428 Κάμψει
2823 3360 2931 3409 πᾶν
2955 3357 3102 3424 γόνυ.

769 3468 855 3520 17.
893 3467 960 3520 Ει
990 3467 1173 3521 omnis
1201 3467 1385 3535 lingua
1415 3463 1769 3519 conﬁtebitur
1795 3463 1913 3529 tibi,
1933 3461 2070 3527 Quia
2100 3462 2280 3516 Domi-

2457 3454 2544 3506 17.
2585 3453 2694 3504 Ka‘t
2733 3453 2882 3502 πᾶσα
2916 3448 3134 3517 γλῶσσα
3160 3446 3567 3518 ἐξομολογεῖταί
3619 3463 3701 3498 σοι
3732 3447 3835 3514 (2),
3882 3445 3966 3498 ὁτι

700 3579 797 3618 nus
826 3560 981 3614 Jesus
1012 3562 1064 3613 in
1089 3561 1257 3630 gloria
1289 3559 1386 3612 Dei
1420 3558 1599 3610 Patris
1629 3556 1670 3610 ⁸.
1698 3557 1892 3610 Amen.

2383 3546 2597 3619 Κύριος
2619 3543 2850 3612 Ἰησοῦς
2877 3545 2962 3608 εὶς
2988 3541 3176 3605 δόξαν
3197 3538 3347 3593 Θεοῦ
3378 3542 3631 3606 Πατρός.
3660 3538 3861 3608 ’Λμήν.

774 3657 859 3719 18,
892 3657 976 3710 19.
1008 3655 1413 3710 inenarrabilis.

2457 3637 2542 3699 18,
2578 3637 2663 3692 19.
2697 3635 3108 3705 Ἀνεκδιήγησις
3142 3632 3606 3704 [ἀνεκδιήγητος]
3637 3631 3738 3701 (5).

771 3749 860 3814 20,
893 3748 981 3804 21.
1030 3748 1144 3804 Duc
1195 3765 1303 3814 me,
1353 3748 1602 3816 Domine,
1635 3749 1686 3802 in
1734 3748 1839 3802 ﬁde
1885 3758 1974 3801 tua
2019 3745 2072 3799 in
2119 3759 2279 3800 omne

2451 3731 2540 3791 20,
2572 3730 2660 3782 21.
2692 3729 2769 3798 (4)
2801 3726 3010 3794 Ἀγαγέ
3049 3742 3139 3795 με,
3187 3724 3380 3796 Κύριε,
3429 3725 3486 3776 ἐν
3529 3727 3597 3792 τῇ
3654 3724 3837 3776 πίστει
3874 3739 3965 3776 σου

702 3857 840 3910 opus
874 3841 1098 3893 bonum.

2384 3821 2463 3882 εἰς
2493 3822 2597 3873 πᾶν
2629 3819 2789 3890 ἔργον
2815 3818 3035 3888 ἀγαθόν.

769 3931 860 3986 22.
888 3931 1072 3986 Gratia
1092 3930 1268 3985 sancti
1289 3929 1524 4002 Spiritus
1545 3930 1621 3983 tui
1647 3928 1933 3999 impleatur
1950 3943 2045 3983 cor
2077 3944 2278 3991 meum,

2451 3911 2542 3966 22.
2571 3912 2682 3982 Τῆς
2702 3912 2923 3982 χάριτος
2950 3909 3046 3963 τοῦ
3080 3910 3239 3977 ἁγίου
3280 3907 3600 3978 mecum;
3630 3924 3725 3960 σου
3753 3907 3968 3978 πληρω-

704 4035 759 4079 υι
792 4026 1011 4078 timeam
1043 4039 1239 4077 nomen
1280 4031 1456 4076 tuum.

2384 4006 2531 4076 Οήτω
2558 4008 2590 4074 ἠ
2625 4005 2818 4074 καρδία
2844 4021 2964 4073 μου,
2995 4004 3082 4056 ἵνα
3111 4002 3365 4072 φοὸὦμαι
3399 4002 3481 4071 (5)
3518 4001 3576 4054 τὸ
3600 4002 3774 4072 ὄνομά
3799 4019 3910 4055 σου.

773 4117 860 4172 25.
892 4116 1373 4171 lnterminabiliter
1401 4115 1636 4169 laudabo
1677 4124 1748 4170 te.

2453 4097 2542 4150 25.
2570 4096 2892 4166 Ἀνυμνήσω
2923 4095 3457 4166 σεμάμετεωρίστως.

772 4211 859 4266 24.
887 4209 942 4263 1η
967 4209 1117 4264 omni
1149 4218 1408 4278 tempore.

1261 4224 1408 4278 pore.
2455 4188 2546 4242 24.
2585 4189 2907 4251 Διαπαντός.

774 4305 862 4360 25.
900 4305 1170 4371 Quoniam
1198 4305 1515 4361 condonasti
1557 4304 1693 4359 mihi
1722 4305 2123 4360 multitudinem
2160 4321 2281 4374 pec—

2457 4283 2547 4336 25.
2583 4284 2707 4335 Ὅτι
2744 4282 2947 4352 πλῆθος
2982 4281 3264 4354 ἁμαρτιῶν
3305 4299 3406 4351 μου
3443 4280 3830 4353 συνεχώρησας
3871 4278 3960 4349 (6).

701 4410 945 4453 calorum
997 4413 1264 4452 meorum.
2318 4444 2359 4496 Ι)

770 4492 857 4544 26.
887 4490 926 4543 Ε
958 4490 1197 4544 diabolo.
2318 4490 2350 4496 “’

2318 4490 2350 4496 Γ
2458 4499 2545 4549 26.
2581 4497 2685 4549 Τοῦ
2716 4496 2980 4553 διαϐόλου.

778 4586 868 4638 27.
905 4582 1248 4638 Adversaria:
1287 4584 1606 4650 potestates.

1541 4590 1606 4629 δε·
2451 4591 2542 4643 27.
2578 4593 2644 4642 Ai
2670 4591 2911 4644 ἐναντίαι
2934 4590 3189 4660 δυνάμεις

772 4681 861 4734 28.
893 4678 1180 4733 Exercitus
1211 4674 1437 4728 diaboli-
2456 4682 2544 4736 28.
2589 4682 2652 4733 ’11
2683 4683 2759 4751 (7)
2793 4683 3022 4754 στρατιά
3044 4683 3135 4735 τοῦ
3161 4682 3433 4737 διαϐόλου.

771 4774 859 4827 29.
893 4772 959 4827 Ει
989 4788 1096 4827 non
1138 4771 1536 4842 cogitaverunt,
1570 4773 1716 4843 quod
1748 4773 1821 4842 tul
1848 4773 1961 4843 ipse
2014 4775 2284 4845 inspectas

2456 4773 2546 4825 '30.
2583 4773 2691 4825 Καὶ
2722 4774 2821 4826 οὐκ
2872 4773 3204 4842 ὲλογίσαντο,
3260 4775 3342 4827 ὅτι
3393 4777 3600 4846 ἐφορᾷς
3663 4776 3823 4837 αὐτὸς
3869 4775 3957 4841 (8.1,

701 4882 822 4935 quae
847 4865 946 4934 ipsi
977 4864 1202 4920 faciunt.

1087 4878 1202 4920 unt.
2390 4865 2423 4917 ἃ
2466 4864 2726 4918 ποιοῦσιν.

770 4957 857 5011 50.
895 4955 962 5012 Ει
993 4957 1141 5021 novi,
1174 4958 1402 5017 Domine
1434 4959 1577 5015 Deus
1606 4977 1782 5028 meus,
1815 4960 2078 5030 quoniam
2118 4959 2280 5014 mise-

2461 4959 2549 5012 50.
2579 4957 2690 5010 Καὶ
2714 4954 2852 5024 οἶδα,
2881 4959 3054 5032 Κύριε
3089 4961 3119 5015 δ
3148 4959 3282 5025 Θεός
3314 4978 3440 5032 μου,
3471 4965 3554 5015 ὅτι
3587 4963 3880 5034 οἰκτίρμων
3914 4959 3961 5012 εἰ

703 5061 849 5106 ratur
872 5059 924 5106 et
951 5051 1263 5107 misericors
1289 5069 1368 5107 es.

1108 5051 1263 5106 'icors
1289 5069 1368 5107 es.
2392 5052 2482 5102 καὶ
2509 5051 2756 5120 ἐλεήμων

773 5239 792 5270 ⁸
827 5238 1059 5310 Philipp.
1088 5254 1148 5305 ιι,
1193 5237 1279 5302 10,
1324 5238 1410 5294 11.

1656 5411 1965 5478 Addenda
1997 5420 2058 5474 et
2094 5417 2468 5496 corrigenda
2513 5435 2588 5478 ex
2625 5417 2764 5478 cod.
2804 5417 3003 5480 Yatic.

772 5601 848 5678 (
874 5602 1034 5678 ἓῆμᾷ
1061 5620 1172 5655 σου-
2457 5605 2533 5678 (5)
2563 5608 2699 5672 Μου,
2731 5608 2816 5678 ἵνα
2851 5608 3139 5678 φοϐοῦμαι.

876 5672 966 5759 ξιοι
988 5675 1136 5759 deest
1151 5715 1161 5726 .

2561 5672 2975 5759 ξυνεχώρησαν,
3003 5672 3157 5733 male.

772 5743 845 5823 (ξ)
876 5743 1310 5823 levissim“:
1558 5816 1567 5823 .
1845 5814 1887 5823 --
1938 5817 1990 5823 _.
2046 5817 2084 5823 _-
2129 5817 2138 5823 .

1558 5816 1567 5823 .
1845 5814 1887 5823 _,
1938 5817 1990 5823 μ
2046 5817 2084 5823 __
2129 5817 2138 5823 _
2460 5743 2536 5823 (ἵ)
2570 5743 3004 5823 ιιᾷιιῖεξὶιυτ.

771 5813 844 5896 (.4)
881 5813 942 5866 N.
974 5815 1064 5898 20.
1105 5813 1334 5900 "arari.
1354 5828 1480 5884 etc.,
1513 5816 1685 5870 πίστει
1711 5831 1823 5870 σου.
1845 5814 1909 5871 Ν.
1932 5817 2020 5871 21.
2046 5817 2151 5870 Καὶ
2180 5832 2274 5868 πο-

1139 5813 1334 5900 Mari.
1354 5828 1480 5884 etc.,
1513 5816 1685 5870 πίστει
1711 5831 1823 5870 σου.
1845 5814 1909 5871 Ν.
1932 5817 2020 5871 21.
2046 5817 2151 5870 Καὶ
2180 5832 2274 5868 πο-
2567 5820 2787 5884 Auro-ig.

703 5902 963 5959 ρευσομαι
986 5896 1062 5949 εις
1086 5896 1212 5951 πᾶν,
1236 5896 1338 5944 etc.
