4174 6486
683 436 820 493 1019
1461 429 1515 485 S.
1557 430 1927 485 ATHANASII
1966 428 2119 486 OPP.
2162 430 2342 485 PARS
2386 428 2475 485 Ill.
2502 458 2573 470 —
2612 426 3023 484 EXEGETICA.
3806 418 3954 474 1020

748 550 798 606 6.
831 549 1002 604 Mater
1031 550 1183 612 Sion,
1212 549 1354 605 dicet
1381 549 1544 603 homo
1580 569 1594 603 :
2268 553 2313 605 A

2268 553 2313 605 Λ
2411 548 2462 599 li.
2497 547 2693 615 Μήτηρ
2721 543 2879 607 Σιὼν,
2911 545 3023 614 ἐρεῖ
3046 541 3356 611 ἄνθρωπος’

748 645 798 700 7.
828 643 896 699 Et
924 644 1089 699 homo
1117 653 1280 697 natus
1308 652 1393 697 est
1421 644 1474 696 in
1505 660 1569 697 ea

2434 639 2483 691 7.
2520 637 2623 691 Καὶ
2656 636 2941 707 ἄνθρωπος
2972 633 3205 705 ἐγενήθη
3234 634 3289 684 ὲν
3313 631 3481 701 αὐτῇ⁶

745 737 797 792 8.
832 736 900 790 Et
933 737 1049 806 ipse
1075 733 1325 790 fundavit
1345 750 1464 790 eam
1492 734 1829 791 Altissimus.

2429 730 2481 784 8.
2518 730 2629 783 Καὶ
2661 728 2824 791 αὐτὸς
2848 726 3209 796 ἐθεμελίωσεν
3244 723 3413 794 αὐτὴν
3446 723 3475 775 6
3500 721 3796 791 ’λ’ψιστος.

744 829 799 885 9.
829 828 1094 884 Dominus
1126 828 1367 883 narrabit
1396 827 1451 882 in
1486 827 1771 897 scripturis
1804 828 2155 897 populorum,
2198 833 2251 879 ct

2425 823 2478 877 9.
2515 821 2717 893 Κύριος
2745 820 3066 891 διηγήσεται
3093 820 3150 871 ἐν
3174 820 3360 888 γραφῇ
3399 816 3567 881 λαῶν,
3606 815 3704 868 καὶ
3746 813 3953 884 ἀρχόν-

674 922 980 992 principum
1008 921 1224 985 horum,
1256 921 1350 990 qui
1376 919 1593 976 luerunt
1624 922 1679 973 in
1708 935 1793 973 ea.

2354 933 2462 969 των
2494 913 2722 978 τούτων,
2755 912 2863 966 τῶν
2890 910 3275 983 γεγενημένων
3307 911 3365 962 ἐν
3389 909 3551 980 αὐτῇ.

748 1010 833 1067 10.
869 1011 1025 1067 Sicut
1055 1012 1353 1067 laetantium
1388 1013 1632 1066 omnium
1674 1011 1937 1065 habitatio
1966 1018 2050 1064 est
2084 1009 2137 1062 in
2175 1016 2244 1062 te.

2428 1012 2519 1067 10.
2565 1012 2653 1075 Ὧς
2684 1010 3126 1082 εὐφραινομένων
3160 1008 3375 1063 πάντων
3402 1008 3435 1077 ἡ
3464 1004 3718 1059 κατοικία
3746 1005 3806 1055 ἐν
3837 1001 3946 1058 σοί.

675 1125 955 1181 Canticum
992 1125 1185 1194 psalmi
1212 1126 1340 1195 ﬁliis
1377 1125 1530 1190 Core,
1558 1128 1611 1178 in
1642 1127 1796 1194 ﬁnem
1836 1142 1929 1195 pro
1964 1124 2244 1186 .ilahelet/t,

2368 1124 2504 1195 ’ῼδὴ
2529 1123 2774 1193 ψαλμοῦ
2810 1122 2933 1189 τοῖς
2967 1120 3121 1187 υἱοῖς
3161 1118 3345 1188 Κορὲ,
3375 1120 3463 1183 εὶς
3488 1116 3554 1170 τὸ
3582 1116 3765 1181 τέλος
3796 1118 3950 1185 ὑπὲρ

745 1219 815 1273 ad
875 1219 1291 1289 respondendum
1349 1234 1636 1274 sermonem
1680 1220 1976 1272 intellectus
2025 1216 2245 1270 Ait/lam

2424 1216 2694 1279 Μαελὲθ,
2760 1215 2867 1269 τοῦ
2931 1212 3329 1283 ἀποκριθῆναι
3378 1212 3567 1278 λόγον
3628 1208 3950 1274 σινέσεως

744 1309 1031 1366 Israelita.
1068 1310 1333 1365 PSALM.
1367 1310 1567 1364 LXXX
1591 1310 1717 1365 VH.

2423 1312 2610 1377 Αὶθὰμ
2646 1308 2725 1374 τῷ
2772 1307 3133 1376 Ἰσραηλίτῃ.
3172 1308 3342 1359 ΨΑΛ.
3377 1308 3475 1359 ΠΖ
3483 1310 3518 1360 ’.

747 1404 799 1459 1.
831 1404 1062 1459 Domine
1094 1403 1239 1460 Deus
1262 1405 1456 1459 salutis
1490 1420 1645 1467 mete.

2425 1402 2478 1458 1.
2508 1401 2678 1473 Κύριε
2707 1403 2736 1454 6
2764 1400 2896 1465 Θεὸς
2927 1401 3028 1471 τῆς
3054 1398 3330 1471 σωτηρίας
3358 1414 3459 1467 μου
3481 1438 3496 1462 ,

743 1495 802 1550 2.
828 1494 925 1551 Die
956 1496 1191 1550 clamavi
1219 1504 1275 1549 et
1300 1506 1457 1551 nocte
1487 1512 1673 1551 coram
1706 1506 1780 1550 te.

2421 1493 2476 1548 2.
2526 1493 2768 1566 Ἡμέρας
2793 1492 3070 1564 ἐκέκραξα
3102 1492 3198 1546 καὶ
3226 1493 3282 1543 ἑν
3312 1490 3469 1544 νυκτὶ
3495 1490 3743 1543 ἐναντίον
3773 1505 3886 1542 σου.

744 1586 799 1642 3.
832 1586 1005 1642 Intret
1039 1586 1095 1640 in
1124 1596 1420 1656 conspectu
1449 1597 1545 1642 tuo
1572 1586 1747 1641 oratio
1778 1599 1894 1640 mea
1923 1603 1936 1638 :

2426 1586 2480 1641 ‘5.
2510 1585 2814 1640 Εἰσελϐέτω
2843 1584 3073 1639 ἐνώπιόν
3096 1602 3187 1638 σου
3215 1586 3249 1655 ἠ
3276 1582 3549 1654 προσευχή
3587 1597 3691 1650 μου
3712 1595 3727 1609 ο

744 1679 799 1734 4.
831 1676 1038 1732 lnclina
1074 1693 1259 1732 aurem
1294 1688 1441 1732 tuam
1476 1678 1541 1731 ad
1570 1692 1784 1747 precem
1817 1692 2015 1730 meam.

1976 1692 2015 1729 ι.
2420 1676 2475 1729 4.
2508 1676 2703 1729 κλῖνον
2723 1676 2785 1729 τὸ
2807 1670 2899 1739 οὖς
2935 1691 3027 1727 σου
3063 1676 3142 1737 εἰς
3163 1674 3260 1744 τὴν
3284 1672 3465 1743 δέησίν
3499 1688 3623 1741 μου.

746 1771 798 1826 5.
826 1768 964 1837 Quia
990 1771 1192 1841 repleta
1217 1780 1301 1824 est
1330 1770 1488 1825 malis
1515 1771 1694 1824 anima
1726 1786 1843 1823 mea
1874 1788 1887 1823 :
2275 1839 2287 1841 ῃ

1878 1788 1887 1823 :
2275 1839 2287 1841 ῃ
2422 1767 2475 1821 5.
2512 1768 2634 1821 Ὅτι
2661 1766 2905 1839 ἐπλήσθη
2929 1766 3115 1819 κακῶν
3148 1766 3181 1835 ἡ
3209 1764 3354 1834 ψυχή
3393 1781 3494 1833 μου
3512 1779 3526 1793 ·

748 1861 799 1919 6.
832 1861 899 1917 Et
931 1839 1193 1918 vita'mea
1222 1861 1438 1918 inferno
1468 1864 1942 1935 appropinquavit.
2270 1839 2319 1899 Β

1767 1864 1942 1933 ιιανίι.
2270 1839 2319 1899 Β
2415 1858 2467 1912 6.
2492 1860 2657 1931 Καὶή
2684 1859 2795 1932 ζωή
2834 1876 2935 1931 μου
2967 1857 3043 1929 τῷ
3078 1857 3180 1931 ᾄδῃ
3222 1857 3415 1927 ἧγγισε

1807 2011 2181 2071 ATHANASII
2213 2014 2809 2075 INTERPRETATIO.

677 2160 932 2234 [populus
958 2160 1300 2231 Ethiopum]
1335 2160 1557 2214 humilis
1589 2159 1903 2230 denigratus
1941 2176 1971 2215 a
2001 2167 2245 2231 peccato,

2353 2161 2489 2229 οχὴ,
2518 2160 2611 2214 καὶ
2646 2158 2773 2221 λαὸς
2807 2156 2964 2229 [λαὸς
2994 2154 3101 2210 τῶν
3126 2152 3426 2224 Αἰθιόπων)
3450 2155 3479 2207 ό
3512 2154 3769 2217 ταπεινὸς
3788 2156 3817 2207 ὁ
3841 2169 3938 2224 με-

676 2253 731 2307 hi
760 2268 950 2309 omnes
982 2252 1037 2306 in
1067 2252 1283 2307 lavacro
1316 2253 1557 2307 renovati
1588 2262 1735 2308 sunt.

2357 2253 2735 2323 μελανωμένος
2774 2251 2879 2303 ὑπὸ
2915 2252 3015 2321 τῆς
3048 2248 3342 2321 ἁμαρτίας,
3375 2242 3517 2302 οὗτοι
3549 2247 3749 2310 πάντες
3780 2249 3838 2300 ἐν
3869 2251 3936 2317 τῇ

2355 2344 2481 2397 κολυ
2491 2344 2634 2415 μϐήϐ
2647 2360 2714 2413 ρᾳ
2737 2340 3007 2411 ἀνενεώθη
3015 2356 3134 2394 σαν.

713 2427 765 2481 6.
829 2430 1050 2486 Matrem
1095 2441 1287 2487 vocant
1318 2431 1637 2495 Ecclesium,
1682 2430 1771 2485 ubi
1818 2429 2091 2486 confessio
2129 2431 2245 2487 sin-

2421 2436 2474 2489 6.
2505 2435 2735 2507 Μητέρα
2769 2432 2994 2486 καλοῦσι
3028 2430 3127 2503 τὴν
3162 2431 3515 2501 Ἐκκλησίαν,
3551 2432 3685 2484 ὅπου
3726 2431 3759 2499 ἡ
3805 2432 3936 2499 ὁμο-

675 2522 925 2592 Βυίοτυῐη
947 2522 1207 2577 ίίάθιίυηὶ-
2352 2528 2509 2597 λογία
2530 2530 2761 2581 ἑκάστου
2794 2526 2903 2579 τῶν
2930 2524 3159 2578 πιστῶν.

746 2614 797 2682 7,
830 2614 881 2669 8.
907 2613 971 2669 Et
998 2614 1309 2670 Altissimus
1340 2616 1503 2670 homo
1537 2616 1753 2670 advenit
1785 2616 1836 2670 in
1870 2631 2013 2680 eam,
2049 2624 2103 2669 et
2130 2616 2245 2685 ipse

2424 2619 2478 2684 7,
2502 2619 2555 2672 8.
2594 2619 2669 2689 (1)
2702 2619 2811 2671 Καὶ
2848 2619 2876 2669 6
2927 2618 3188 2687 ’Υψιστος
3238 2614 3522 2686 ἄνθρωπος
3561 2613 3937 2683 παραγέγονεν

675 2704 920 2762 fundavit
947 2724 1089 2763 eam.

2350 2713 2407 2765 ἐν
2441 2711 2601 2781 αὐτῇ,
2636 2710 2730 2763 καὶ
2762 2711 2923 2774 αὐτὸς
2948 2709 3308 2779 ἐθεμελίωσεν
3332 2708 3524 2777 αὑτήν.

746 2799 799 2854 9.
826 2799 1091 2856 Dominus
1120 2801 1233 2855 haec
1274 2801 1388 2872 ipsa
1438 2802 1681 2856 narrabit
1715 2802 1766 2854 in
1803 2800 2100 2870 Scriptnris
2142 2798 2243 2853 Ju-

2420 2802 2469 2854 9.
2514 2800 2574 2852 ὐ
2596 2799 2800 2871 Κύριος
2830 2800 2967 2853 αὐτὰ
2992 2798 3165 2850 ταῦτα
3196 2798 3513 2867 διηγήσεται
3545 2798 3602 2849 ἐν
3632 2799 3701 2866 τῇ
3732 2794 3772 2846 Γ
3778 2811 3847 2864 ρα
3861 2794 3934 2861 φῇ

674 2891 936 2959 dzeorum,
976 2901 1031 2947 et
1078 2894 1470 2963 apostolorum,
1523 2904 1577 2949 et
1619 2895 2099 2963 evangelistarum,
2150 2894 2245 2962 qui

2348 2891 2455 2942 τῶν
2490 2890 2783 2953 Ἰουδαίων,
2815 2891 2907 2943 καὶ
2933 2889 3039 2942 τῶν
3069 2887 3399 2951 ἀποστόλων,
3422 2889 3517 2939 καὶ
3536 2887 3937 2955 εὑαγγελιστῶν

674 2994 804 3039 sunt
832 2986 885 3038 in
918 2984 1161 3041 Ecclesia
1203 2987 1464 3040 ﬁdelium.

2348 2982 2457 3037 τῶν
2494 2983 2663 3037 ὄντων
2688 2985 2747 3037 ἐν
2769 2986 2835 3055 τῇ
2885 2982 3180 3055 Ἐκκλησία
3210 2981 3319 3035 τῶν
3346 2980 3574 3034 πιστῶν.

746 3075 832 3129 l0.
864 3076 1020 3131 Sicut
1046 3078 1319 3132 exercitus
1350 3087 1665 3132 sanctorum
1696 3077 2009 3148 angelorum
2032 3092 2247 3133 semper

2423 3076 2512 3131 10.
2561 3078 2648 3142 Ὦς
2688 3077 2883 3133 αἰτῶν
2923 3078 3095 3146 ἁγίων
3137 3076 3388 3145 ἀγγέλων
3434 3074 3685 3146 στρατιαὶ
3713 3072 3823 3126 τῶν
3854 3074 3937 3125 ἀεὶ

674 3166 993 3236 laetantium,
1024 3169 1097 3225 ita
1123 3181 1205 3225 est
1240 3170 1506 3225 habitatio
1533 3173 1584 3225 in
1618 3182 1691 3227 te.
2278 3166 2321 3226 C

2278 3166 2321 3226 C
2355 3171 2677 3243 χαιρόντων,
2711 3170 2886 3233 οὕτως
2916 3171 3065 3222 ἐστὶν
3095 3171 3129 3239 ἡ
3161 3169 3407 3222 κατοικία
3442 3170 3497 3221 ἑν
3529 3168 3632 3222 σοί.

757 3260 820 3313 Ἦ
850 3263 1184 3333 προκειμένη
1215 3263 1493 3333 ἐπιγραφὴ
1527 3265 1771 3334 περιέχει
1805 3264 1879 3336 (Ξ)
1902 3280 1915 3294 ’
1959 3264 2099 3333 ’ῼδὴ
2130 3264 2372 3333 ψαλμοῦ
2400 3262 2523 3328 τοῖς
2552 3262 2704 3328 υἱοῖς
2739 3261 2910 3330 Κορὲ,
2936 3263 3024 3329 είς
3052 3261 3120 3316 τὸ
3167 3260 3343 3325 τέλος
3366 3258 3519 3327 ὑπὲρ
3543 3262 3804 3321 Μαελέθ,
3832 3260 3937 3313 τοῦ

672 3353 1063 3422 ἀποκριθῆναι
1096 3356 1280 3422 λόγον
1308 3354 1616 3420 συνέσεως
1650 3356 1835 3424 Aldina
1863 3354 1941 3418 τῷ
1983 3357 2349 3423 Ἰσραηλίτῃ.
2387 3355 2533 3425 Αὕτη
2563 3350 2655 3406 οὖν
2692 3350 2960 3424 ἑρμηνεία
2992 3350 3087 3406 τοῦ
3114 3350 3556 3422 ἐπιγράμματος.
3590 3350 3746 3417 Κορὲ
3771 3353 3937 3405 ἀντι-

673 3448 922 3517 λογικός
954 3449 1245 3520 γεγένηται
1294 3451 1430 3521 πρὸς
1464 3450 1554 3502 τὸν
1604 3450 1757 3503 Θεόν.
1816 3449 2055 3504 Μαελὲθ
2102 3450 2160 3503 δὲ
2208 3450 2573 3522 ἑρμηνεύεται
2608 3448 2874 3516 ἀπαρχὴ.
2934 3448 3124 3519 away
3165 3446 3222 3500 δὲ
3267 3445 3627 3517 ἑρμηνεύεται
3671 3449 3935 3515 ὑψηλός.

688 3540 1070 3609 Ἰσραηλιτης
1096 3540 1151 3593 δὲ
1177 3542 1535 3613 ἑρμηνεύεται
1587 3542 1743 3610 ἀνὴρ
1773 3541 1928 3610 ὀρῶν
1961 3542 2067 3595 τὸν
2103 3543 2270 3596 Θεόν.
2319 3543 2381 3594 Ἢ
2408 3539 2518 3612 ᾠδὴ
2542 3537 2635 3594 οὖν
2665 3539 2759 3593 τοῦ
2788 3539 3004 3612 ψαλμοῦ
3036 3542 3148 3605 τοῖς
3178 3540 3536 3609 ἀπιλογικοίς
3558 3541 3659 3607 ἔτι,
3690 3540 3939 3595 τουτέστι

673 3629 753 3699 τῷ
787 3628 903 3682 λαῶ
930 3629 1039 3682 τῶν
1070 3630 1339 3689 Ἰουδαίων
1368 3631 1509 3702 ὑπὲρ
1536 3631 1634 3701 τῆς
1661 3631 1939 3701 ἀπαρχῆς,
1980 3631 2181 3683 ὡσανεὶ
2204 3630 2297 3684 τοῦ
2320 3629 2558 3702 Χριστοῦ
2594 3631 2985 3702 ἁποκρίνοντος
3012 3633 3095 3695 είς
3118 3629 3332 3684 σύνεσιν
3366 3632 3515 3702 αὐτῷ
3538 3632 3616 3703 τῷ
3641 3634 3836 3705 ὑψηλῷ
3862 3633 3939 3703 τῷ

674 3718 791 3789 Υίῷ
817 3717 912 3772 τοῦ
934 3718 1068 3773 Θεοῦ
1099 3718 1176 3791 τῷ
1204 3721 1398 3793 ὁρῶντι
1426 3722 1517 3775 τὸν
1557 3721 1800 3792 Πατέρα.
1838 3720 2048 3785 οὐδεὶς
2079 3717 2299 3787 ἑώρακε
2327 3719 2436 3773 τὸν
2469 3720 2703 3789 Πατέρα
2726 3722 2780 3775 el
2798 3719 2885 3790 μὴ
2918 3724 2953 3774 d
2984 3720 3090 3775 τοῦ
3126 3720 3357 3788 Πατρός
3379 3721 3482 3785 ὢν,
3510 3722 3693 3787 καθὼς
3720 3725 3941 3797 εἴρηκεν

674 3817 733 3867 ὲν
764 3810 1098 3882 Εὐαγγελίῳ.
1127 3812 1225 3865 Ἐκ
1249 3811 1543 3883 προσώπου
1570 3808 1663 3865 οὖν
1692 3811 1799 3865 τῶν
1829 3812 2104 3865 Ἰουδαίων
2133 3812 2241 3865 τῶν
2271 3812 2710 3884 ἐπιστρεφόντων
2748 3814 2829 3876 είς
2854 3812 2946 3867 τὸν
2974 3812 3177 3884 Κύριόν
3218 3814 3363 3866 ἐστιν
3390 3815 3418 3866 6
3452 3814 3667 3885 ψαλμός

745 3901 958 3959 Titulus
980 3906 1304 3975 praepositus
1338 3906 1583 3962 continet
1607 3924 1622 3962 :
1646 3906 1926 3961 Canticum
1962 3908 2157 3977 psalmi
2181 3908 2310 3977 ﬁliis
2358 3909 2513 3968 Core.
2540 3909 2594 3961 in
2625 3909 2783 3978 ﬁnem
2818 3925 2914 3979 pro
2948 3908 3235 3976 Malteletlt,
3275 3910 3345 3963 ad
3376 3912 3796 3981 respondendum
3826 3931 3935 3968 sero

678 4013 881 4051 nionem
913 3999 1210 4054 intellectus
1245 4000 1471 4055 Ai'tham
1497 4001 1781 4059 Israelilw.
1815 4003 1937 4058 Haec
1965 4006 2130 4074 igitur
2158 4014 2237 4059 est
2266 4005 2647 4075 interpretatio
2678 4004 3069 4074 inscriptionis.
3096 4004 3229 4060 Core
3260 4008 3625 4062 contradictor
3651 4009 3831 4067 factus
3856 4023 3939 4065 est

678 4100 868 4146 contra
909 4089 1099 4147 Deum.
1139 4092 1402 4149 Mahelelh
1432 4106 1614 4152 autem
1662 4100 2047 4167 interpretatur
2090 4099 2363 4166 primititc.
2396 4098 2622 4155 ίΕιΙιαηι
2664 4108 2846 4154 autem
2882 4100 3276 4169 interpretatur
3320 4101 3640 4159 altissimus.
3682 4104 3938 4160 Israelita

680 4192 861 4237 autem
890 4185 1282 4256 interpretatur
1331 4189 1420 4243 Vir
1446 4193 1624 4247 videns
1651 4193 1835 4247 Deum.
1871 4192 2155 4248 Canticum
2188 4194 2353 4263 igitur
2380 4195 2572 4265 psalmi
2600 4205 2685 4249 est
2713 4195 3012 4251 etiamnum
3038 4198 3561 4263 contradicentibus,
3600 4200 3707 4257 hoc
3738 4213 3823 4257 est
3843 4218 3937 4272 po-

680 4274 807 4339 pulo
830 4272 1140 4331 Iudaeorum
1177 4296 1276 4349 pro
1303 4283 1581 4350 primitiis,
1605 4300 1798 4353 nempe
1829 4284 2049 4340 Christo
2080 4284 2442 4355 respondente
2483 4285 2537 4339 in
2576 4284 2936 4351 intellectum,
2967 4286 3071 4355 ipsi
3102 4286 3386 4343 Altissimo
3427 4287 3524 4344 Dei
3553 4289 3694 4345 Filio
3734 4292 3933 4346 videnti

680 4366 918 4424 Patrem.
960 4368 1127 4425 Nemo
1161 4373 1288 4425 vidit
1325 4374 1559 4439 Patrem,
1587 4378 1692 4430 nisi
1718 4380 1805 4448 qui
1836 4378 2015 4433 Patris
2042 4389 2119 4432 est
2152 4378 2657 4449 :qucmadmodum
2686 4378 2825 4433 dixit
2874 4379 2930 4433 in
2976 4378 3275 4451 Evangelio
3302 4383 3345 4436 ⁸.
3381 4380 3459 4437 Ex
3497 4398 3736 4454 persona
3776 4384 3937 4457 igitur

680 4461 994 4518 Judzeorum
1028 4468 1466 4523 convertentium
1494 4484 1553 4524 se
1587 4469 1656 4524 ad
1685 4469 1977 4525 Dominum
2010 4478 2097 4526 est
2132 4470 2399 4540 psalmus.

756 4564 805 4613 l.
841 4557 1069 4615 Domine
1102 4560 1244 4617 Deus
1265 4563 1391 4618 vita:
1428 4580 1581 4620 mere.
2280 4567 2329 4624 D

2280 4567 2329 4624 Ι)
2427 4564 2479 4619 1.
2516 4565 2689 4637 Κύριε
2718 4564 2901 4631 ὁΘεδς
2936 4568 3035 4638 τῆς
3074 4568 3219 4638 ζωῆς
3255 4586 3377 4639 μου.

754 4649 805 4702 2.
843 4650 1198 4707 lncessanter.

2426 4658 2482 4712 2.
2511 4657 2684 4711 Ἀπαύ
2693 4676 2854 4723 στως.

752 4742 808 4799 5.
834 4740 955 4797 Non
999 4745 1368 4815 prohibebunt
1416 4760 1632 4818 peccata
1676 4764 1792 4807 mea
1825 4764 1895 4806 ne
1926 4748 1994 4805 ad
2022 4756 2074 4805 te
2099 4765 2253 4807 acce-

2425 4750 2479 4803 ὅ.
2510 4749 2601 4822 Μὴ
2620 4749 2955 4805 κωλύσουσιν
2976 4752 3032 4806 al
3052 4754 3318 4825 ἁμαρτίαι
3341 4772 3443 4825 μου
3463 4756 3558 4808 τοῦ
3580 4755 3930 4827 προσεγγίσαι

682 4832 773 4887 dat
800 4833 1109 4905 deprecatio
1148 4854 1288 4894 mea.

1282 4880 1288 4893 .
2359 4860 2442 4898 σοι
2473 4841 2572 4915 τὴν
2598 4843 2781 4914 δέησίν
2811 4861 2930 4914 μου.

753 4927 806 4982 4.
836 4925 1090 4983 Libenter
1120 4932 1309 5001 excipe
1333 4930 1783 5001 supplicationem
1818 4948 2018 4988 meam.

1879 4948 2018 4988 eam.
2427 4935 2481 4988 4.
2527 4934 2730 4998 Ἡδέως
2758 4952 2861 5005 μου
2884 4936 3033 5001 δέξαι
3061 4936 3159 5009 τὴν
3191 4936 3399 4992 ἱκεσίαν
3428 4938 3527 5009 (ὅ).

756 5018 809 5072 5.
844 5018 983 5086 Quia
1014 5022 1216 5092 repleta
1243 5034 1324 5079 est
1352 5024 1585 5094 peccatis
1610 5025 1791 5079 anima
1817 5041 1957 5081 mea.

2431 5023 2485 5079 5.
2521 5025 2643 5078 Ὀτι
2672 5025 2919 5097 ἐπλήσθη
2948 5027 3229 5098 ἁμαρτιῶν
3263 5030 3297 5100 η
3325 5028 3471 5099 ψυχή
3506 5046 3627 5097 μου.

756 5110 808 5163 6.
842 5109 907 5164 Ει
935 5121 1219 5183 propterea
1256 5115 1362 5169 vita
1390 5131 1507 5170 mea
1535 5115 1793 5173 Christus
1817 5116 2031 5173 inferno
2059 5132 2254 5189 appro—

2434 5117 2487 5170 6.
2529 5117 2637 5171 Καὶ
2664 5116 2753 5169 διὰ
2783 5117 2943 5171 τοῦτο
2968 5121 3001 5189 ἡ
3030 5117 3140 5183 ,ζ’ωί1
3170 5136 3269 5172 αου
3294 5121 3323 5172 6
3345 5120 3580 5191 Χριστὸς
3605 5119 3684 5191 τῷ
3712 5120 3813 5192 ᾅδῃ
3841 5121 3930 5192 ἦγ-

685 5202 986 5273 pinquavit,
1017 5214 1077 5260 ut
1110 5205 1366 5262 liberaret
1393 5223 1500 5262 me.

1393 5223 1500 5262 mc.
2362 5226 2531 5277 γισεν,
2559 5210 2647 5262 ἵνα
2674 5208 2902 5280 ρύσηταί
2934 5228 3018 5281 με.

796 5364 819 5395 ⁸
851 5360 987 5417 Joan
1025 5378 1063 5427 ι,
1102 5362 1200 5431 18;
1234 5380 1307 5431 vi,
1345 5363 1433 5419 46.

1633 5438 1939 5501 Addenda
1970 5444 2031 5501 et
2077 5443 2453 5521 corrigenda
2485 5461 2561 5505 ex
2593 5446 2732 5507 cod.
2776 5442 2977 5505 Vatic.

723 5600 890 5679 liii“.
939 5601 991 5655 6.
1020 5602 1143 5679 ξςαι
1173 5604 1233 5679 ὁ,
1259 5601 1475 5679 c_tc._N.
1508 5604 1559 5656 8.
1710 5605 2111 5679 detog,_cte.,
2143 5608 2251 5660 τῶν
2364 5626 2371 5657 τ

2364 5607 2617 5679 κριθῆναι
2641 5610 2926 5676 συνέσεως,
2959 5618 3084 5673 clo,
3110 5613 3219 5672 τοῖς
3238 5608 3596 5678 ἀντιλογικοίς
3619 5612 3788 5671 ἐστιν,
3812 5623 3928 5675 etc...

700 5670 986 5753 Ἰουδαίων.
1020 5671 1301 5753 N._9._K_a‘t
1322 5675 1430 5753 τῶν
1456 5670 2013 5753 ἁποστόλωνίριοζΝ.
2048 5678 2130 5731 10.
2168 5679 2257 5741 Ὠς

2364 5670 2456 5753 τοῦ
2474 5670 2728 5753 Χριστοιξ.
2750 5670 3153 5753 ’Λποκρίνονται
3184 5670 3282 5743 εἰς,
3310 5670 3589 5753 ctua-663'
3610 5679 3706 5753 τοῦ
3735 5670 3933 5752 Πατρὸζ

687 5743 931 5827 altilem
949 5745 1005 5827 ἐξ)
1025 5745 1196 5827 σοὶατῇ
1230 5745 1339 5797 ἄνω
1357 5746 1743 5827 ξιερουσαλήμ.
2079 5818 2105 5827 _

2079 5818 2105 5827 _
2136 5822 2147 5827 _
2365 5743 2618 5827 thLetcr...
2648 5751 2751 5801 τῶν
2785 5743 3220 5827 ἐπιστρεφόντων
3240 5753 3388 5806 ἐστὶν
3418 5754 3449 5804 ὁ
3472 5750 3709 5821 ψαλμὸς.

764 5812 840 5883 (2)
872 5815 931 5868 Ἠ
962 5816 1047 5869 διὰ
1074 5812 1566 5888 τῆξκινναϐἀρεως
1593 5812 1853 5891 περιἐχιι,
1875 5818 2105 5883 ειε.,τοῦ
2125 5822 2256 5874 ἀπο-
2438 5819 2515 5888 (5)
2557 5821 2765 5893 Δέησιν.
