4174 6498
259 466 396 523 1021
1110 453 1200 509 DE
1236 452 1507 510 TITULIS
1546 449 1996 507 PSALMORUM.
2039 482 2108 492 —
2138 449 2337 505 PSAL.
2380 451 2685 510 LXXXVII.
3375 456 3513 514 1022

327 585 383 639 7.
406 576 845 655 Προσελογίσθην
864 572 1003 646 μετὰ
1028 571 1134 626 τῶν
1160 570 1592 624 καταϐαινόντων
1617 568 1697 629 εἰς
1718 566 1841 619 λάκ·
1866 582 1914 639 Α

1866 582 1914 639 Α
2015 564 2068 618 7.
2098 563 2424 622 Estimatus
2471 581 2595 621 sum
2642 581 2766 623 cum
2821 570 3276 627 descendentibus
3325 572 3376 626 in
3431 574 3513 628 la-

250 694 356 732 κον
375 693 390 708 ⁸
1940 672 2062 712 cum
2085 675 2099 712 ἶ

330 768 384 823 8.
414 762 712 841 Ἐγενήθην
733 755 869 812 ὡσεὶ
886 754 1171 826 ἅνθρωπος
1189 749 1509 823 ἀϐοήθητος,
1542 749 1599 802 ὲν
1627 748 1842 819 νεκροῖς

2007 748 2059 804 8.
2090 747 2291 805 Factus
2335 766 2459 806 sum
2508 751 2651 807 sicut
2683 753 2850 809 homo
2885 754 3002 811 sine
3043 755 3338 828 adjutorio,
3373 756 3512 811 inter

254 862 571 933 ἐλεύθερος.
615 838 621 841 ’
1772 931 1792 933 Α

1938 849 2184 897 mortuos
2210 840 2366 897 liber.

327 959 381 1011 9.
430 931 572 1007 Ὥσεὶ
596 944 927 1022 τραυματίαι
962 940 1316 1002 καθεύδοντες
1356 939 1415 993 ὲν
1448 936 1601 1008 τάφῳ
1633 936 1732 1007 (α),
1757 931 1832 995 ὧν

2011 934 2063 989 9.
2102 932 2259 990 Sicut
2306 934 2579 989 vulnerati
2626 934 2957 993 dormientes
2991 939 3046 993 in
3078 940 3345 1011 sepulcro,
3375 957 3512 1013 quo-

250 1051 355 1103 οῦκ
387 1045 664 1119 ἐμνήσθης
693 1042 775 1096 ἔτι
793 1057 807 1072 ·

1938 1041 2058 1080 rum
2084 1042 2191 1080 non
2217 1041 2276 1082 es
2300 1042 2511 1082 memor
2535 1029 2766 1099 amplius
2793 1047 2806 1085 :

330 1117 557 1193 10._Kal
589 1133 742 1189 αὐτοὶ
776 1133 840 1185 ὲκ
869 1130 968 1201 τῆς
995 1127 1175 1201 χειρός
1206 1143 1300 1179 σου
1330 1122 1683 1194 ἀπὼσθησαν.

1504 1122 1683 1194 ὶησαν.
2014 1117 2104 1172 10.
2136 1117 2203 1173 Et
2227 1120 2330 1190 ipsi
2362 1121 2429 1175 de
2455 1135 2622 1176 manu
2655 1130 2745 1176 tua
2772 1123 2976 1193 repulsi
3008 1135 3152 1181 sunt.

328 1225 415 1280 11.
453 1222 675 1278 Ἐθεντό
712 1237 778 1291 με
809 1221 867 1273 ἐν
899 1218 1090 1287 λάκκῳ
1123 1216 1440 1286 κατωτὰτῳ,

2008 1210 2094 1265 11.
2127 1209 2435 1267 Posuerunt
2472 1228 2561 1267 me
2590 1215 2643 1268 in
2682 1215 2801 1269 lacu
2830 1215 3096 1281 inferiori,

331 1315 411 1369 12.
443 1314 531 1367 Ἐν
563 1311 857 1372 σκοτεινοῖς
892 1308 987 1361 καὶ
1010 1309 1068 1360 ὲν
1094 1308 1220 1377 σκιᾷ
1249 1306 1501 1360 Θανάτου.

2007 1301 2095 1355 12.
2134 1299 2193 1355 ln
2227 1302 2531 1359 tenebrosis
2565 1314 2618 1359 et
2651 1306 2705 1359 in
2740 1308 2931 1362 umbra
2963 1310 3171 1364 mortis.

326 1409 415 1463 15.
450 1407 567 1459 Ἐπ’
600 1404 701 1475 ἐμὲ
729 1401 1094 1472 ὲπεστηρίχθη
1128 1402 1156 1452 ὁ
1186 1397 1355 1468 θυμός
1382 1415 1474 1452 σου
1495 1414 1509 1427 ο

2011 1393 2100 1449 15.
2139 1392 2315 1464 Super
2350 1410 2438 1449 me
2471 1396 2827 1452 conﬁrmatus
2862 1408 2943 1453 est
2976 1398 3132 1455 furor
3154 1410 3321 1456 tuus:

325 1500 415 1552 14.
444 1495 555 1549 Καὶ
584 1494 789 1556 πάντας
818 1491 944 1554 τοὺς
983 1486 1395 1560 μετεωρισμούς
1432 1504 1525 1540 σου
1556 1486 1830 1557 ἐπήγαγες

329 1592 341 1607 ⁸
374 1587 496 1640 ἐμὲ.

2007 1485 2097 1540 14.
2128 1484 2195 1541 Et
2213 1500 2406 1543 omnes
2423 1487 2755 1544 elevationes
2778 1499 2903 1543 tuas
2926 1489 3188 1547 induxisti
3217 1506 3380 1563 super
3402 1507 3506 1547 me.

246 1592 341 1644 ἐπ’
374 1589 496 1659 ἐμὲ.

324 1683 411 1736 15.
447 1680 792 1751 Ἐμάκρυνας
814 1692 939 1738 τους
973 1671 1247 1742 γνωστούς
1279 1688 1379 1742 μου
1416 1669 1510 1722 ἀπ’
1545 1668 1681 1740 ἐμοῦ
1704 1689 1717 1701 ·

1459 1669 1510 1721 π’
1545 1668 1681 1740 ἐμοῦ
1704 1689 1717 1701 -
2008 1665 2093 1720 l5.
2134 1664 2323 1737 Longe
2356 1664 2534 1722 fecisti
2558 1676 2718 1725 notos
2745 1684 2898 1726 meos
2924 1684 2953 1725 a
2989 1686 3107 1725 me:

322 1774 409 1828 16.
445 1770 669 1826 ’Ἐθεντό
698 1785 766 1839 με
794 1765 1070 1837 βδέλυγμα
1098 1764 1332 1825 ἑαυτοῖς.

2002 1756 2087 1810 16.
2122 1756 2430 1813 Posuerunt
2453 1774 2539 1815 me
2568 1759 3035 1818 abominationem
3065 1761 3192 1820 sibi.

323 1865 412 1919 17.
440 1860 772 1934 Παρεδόθην,
800 1859 896 1912 καὶ
928 1858 1027 1911 οὐκ
1051 1853 1454 1925 ὲξεπορευόμην
1473 1870 1488 1883 ·

1999 1849 2086 1903 17.
2119 1848 2377 1907 Traditus
2411 1867 2532 1906 sum
2565 1863 2621 1907 et
2649 1867 2762 1908 non
2788 1854 3143 1923 egrediebar:

326 1957 409 2013 18.
435 1957 496 2010 Ol
518 1952 788 2024 ὀφθαλμοί
820 1967 921 2022 μου
956 1949 1261 2020 ὴσθένησαν
1284 1948 1392 2000 ἀπὸ
1425 1947 1715 2018 πτωχείας.
1856 1938 1899 1993 Β

1488 1947 1715 2018 τωχείας.
1856 1938 1899 1993 Β
1999 1942 2087 1996 18.
2113 1940 2268 1997 Oculi
2293 1944 2401 1999 mei
2431 1944 2759 2015 languerunt
2784 1960 2896 2015 prae
2929 1945 3136 2015 inopia.

324 2052 410 2108 19.
437 2046 743 2119 Ἐκέκραξα
776 2043 912 2117 πρὸς
946 2043 1037 2111 σὲ,
1063 2040 1236 2114 Κύριε
1256 2079 1273 2107 ,
1298 2040 1424 2111 ὃλην
1462 2041 1532 2111 (b)
1556 2040 1655 2110 τὴν
1684 2037 1823 2109 ἡμέ-

1514 2040 1655 2111 )τὴν
1684 2037 1823 2109 ἡμέ-
2006 2031 2091 2088 19.
2128 2033 2369 2090 Clamavi
2396 2034 2463 2090 ad
2499 2046 2570 2102 te,
2606 2036 2858 2101 Domine,
2885 2044 2999 2092 tota
3031 2037 3157 2093 die:

322 2161 382 2196 ν.

244 2163 405 2291 ραέο.
440 2233 745 2289 Διεπέτασα
780 2228 917 2301 πρὸς
944 2226 1005 2281 σὲ
1034 2224 1132 2289 τὰς
1162 2223 1348 2295 χεῖράς
1382 2240 1503 2293 μου.

1327 2241 1348 2287 ς
1382 2240 1503 2293 μου,
2001 2211 2091 2267 20.
2122 2210 2367 2282 Expandi
2395 2214 2460 2268 ad
2496 2223 2548 2268 te
2578 2231 2775 2271 manus
2804 2231 2975 2272 meas.

315 2330 407 2384 21.
439 2329 533 2400 Μὴ
560 2330 673 2389 τοῖς
696 2326 909 2397 νεκροῖς
939 2321 1184 2391 ποιήσεις
1212 2316 1522 2386 θαυμάσια;

2001 2302 2091 2357 21.
2126 2301 2383 2374 Nunquid
2419 2304 2653 2359 mortuis
2680 2303 2852 2360 facies
2889 2305 3204 2361 mirabilia?

858 2413 1197 2481 Διάψαλμα.

2540 2417 2880 2489 Diapsalma.

316 2513 407 2567 22.
431 2513 502 2566 Ἦ
528 2510 701 2581 ἰατροὶ
712 2509 1097 2578 ἀναστήσουσι,
1113 2504 1206 2557 καὶ
1224 2497 1706 2572 ἐξομολογήσονταί
1720 2514 1821 2562 σοι;

2002 2504 2092 2558 22.
2120 2506 2226 2562 Aut
2252 2509 2448 2563 medici
2480 2512 2828 2566 suscitabunt
2860 2519 2914 2565 et
2945 2509 3347 2566 conﬁtebuntur
3382 2511 3512 2565 tibi?

316 2608 410 2663 25.
444 2604 535 2677 Μὴ
566 2602 886 2674 διηγήσεταί
922 2618 1005 2664 τις
1037 2601 1094 2651 ὲν
1127 2596 1205 2669 τῷ
1235 2596 1413 2649 σκότει
1450 2593 1517 2645 τὰ
1548 2590 1826 2645 θαυμάσιὰ

2000 2595 2089 2651 25.
2126 2596 2380 2670 Nunquid
2415 2601 2663 2657 narrabit
2690 2602 2890 2673 aliquis
2916 2601 2970 2656 in
3021 2602 3261 2659 tenebris
3287 2603 3510 2659 mirabi-

243 2718 340 2753 σου
367 2716 381 2765 ;

1929 2688 2000 2743 lia
2026 2691 2152 2746 tua?

323 2814 398 2882 (α)
432 2814 520 2866 Ἐν
548 2811 758 2882 τάφοις.
806 2807 866 2882 _In
903 2821 1077 2875 marg.
1126 2804 1197 2882 ἐν
1219 2802 1395 2882 ταφῳ.

321 2874 393 2955 (υ)
433 2883 585 2939 Vers.
616 2874 707 2937 20.
735 2880 928 2948 Ὅλην,
958 2874 1085 2940 διὰ,
1111 2874 1299 2943 χεῖράς
1331 2888 1452 2943 μου.

1371 3007 1748 3063 ATHANASII
1785 3006 2374 3064 INTERPRETATIO.

314 3166 366 3219 7.
398 3162 504 3216 Καὶ
539 3154 936 3232 προσελογίσθη
962 3155 989 3208 ὁ
1017 3152 1219 3226 Κύριος
1254 3151 1509 3224 μετὰτῶν
1533 3148 1826 3204 ἀσθενούν-

1999 3149 2052 3202 'l.
2088 3148 2150 3201 Et
2186 3158 2465 3217 reputatus
2489 3158 2571 3205 est
2595 3148 2860 3204 Dominus
2888 3162 3013 3203 cum
3052 3146 3284 3203 inﬁrmis
3316 3157 3374 3204 et
3396 3165 3506 3205 mo-

241 3278 354 3313 των
385 3258 475 3311 καί
503 3256 579 3326 (1)
611 3250 1085 3321 ἀποθνησκόντων.

568 3256 579 3320 >
611 3250 1085 3321 ἀποθνησκόντων.
1925 3240 2216 3295 rientibus.

318 3350 369 3403 8.
408 3347 514 3401 Καὶ
543 3345 758 3414 ἐγένετο
785 3343 813 3394 ὁ
839 3340 1042 3412 Κύριος
1070 3337 1145 3401 ὡς
1169 3336 1454 3408 ἄνθρωπος
1480 3335 1557 3406 (2)
1592 3333 1829 3404 ἀῦοήθη-

1994 3329 2047 3382 8.
2079 3328 2144 3382 Ει
2195 3327 2373 3383 factus
2419 3336 2499 3384 est
2552 3327 2818 3383 Dominus
2867 3336 3130 3398 tanquam
3184 3330 3349 3383 homo
3395 3334 3512 3386 sine

242 3458 337 3504 τος
374 3440 431 3491 ἐν
462 3437 674 3507 νεκροῖς
701 3430 1006 3501 ἐλεύθερος,
1035 3426 1282 3482 τουτέστι
1315 3425 1391 3498 μὴ
1423 3423 1713 3497 χρεωστῶν
1743 3423 1830 3477 θά-

1926 3419 2199 3489 adjutorio
2245 3421 2388 3474 inter
2434 3428 2683 3473 mortuos
2727 3419 2885 3483 liber,
2914 3418 3018 3473 hoc
3056 3426 3140 3474 est
3165 3434 3272 3473 non
3309 3420 3513 3477 debens

244 3550 426 3589 νατον.
1406 3606 1427 3608 μ
1855 3545 1892 3608 ε

1855 3545 1900 3608 C
1933 3521 2188 3567 mortem.

319 3628 372 3681 9.
392 3627 478 3688 Ὡς
497 3624 546 3677 οἱ
570 3618 881 3695 ἁμαρτωλοὶ
910 3618 957 3670 οἱ
985 3613 1364 3679 ἀποθανόντες,
1392 3606 1466 3667 ὧν
1488 3612 1586 3664 οὐκ
1611 3610 1727 3665 ἔστι
1748 3609 1826 3681 (5)
1871 3605 1899 3608 —

1871 3605 1899 3608 “
1998 3605 2050 3660 9.
2090 3605 2243 3659 Sicut
2273 3613 2589 3676 peccatores
2623 3606 2944 3673 morientes,
2976 3621 3217 3677 quorum
3249 3606 3397 3661 nulla
3429 3616 3512 3663 est

244 3738 356 3796 μνη
366 3720 638 3791 μόνευσις.

570 3735 638 3781 ις.
1933 3697 2217 3752 memoria.

443 3810 804 3880 Ἀπώσθησαν
830 3807 937 3880 γὰρ
964 3805 1164 3872 ζῶντες
1192 3806 1257 3858 ὲκ
1298 3805 1396 3874 τῆς
1433 3800 1682 3874 βοηθείας
1712 3816 1825 3851 σου.

1790 3816 1825 3850 ι,
2005 3788 2090 3842 10.
2128 3784 2381 3840 Viventes
2414 3783 2559 3837 enim
2582 3782 2795 3853 depulsi
2826 3793 2955 3840 sunt
2984 3786 3051 3843 de
3083 3789 3286 3844 auxilio
3323 3798 3438 3846 tuo.

318 3909 409 3964 11.
441 3906 505 3960 Ol.
536 3875 789 3973 δαίμονες
820 3875 879 3954 ἓν
906 3875 973 3971 τῇ
1008 3897 1272 3970 ἁμαρτία.

1106 3897 1272 3970 ipsa},
2001 3879 2086 3932 11.
2115 3876 2397 3932 Daemones
2426 3875 2479 3929 in
2506 3882 2754 3945 peccato.

320 4000 409 4055 12.
432 3998 522 4053 Ἐν
538 3965 657 4059 ταῖς
680 3965 996 4065 ἐπιθυμίαι-ς
1013 3965 1107 4045 τοῦ
1125 3965 1329 4061 κόσμου
1352 3988 1444 4042 καὶ
1465 3986 1558 4039 τοῦ
1578 3983 1824 4039 θανάτου.

1578 3983 1824 4039 θανάτου,
2004 3971 2091 4025 12.
2120 3969 2176 4023 In
2208 3968 2662 4037 concupiscentiis
2695 3965 2885 4021 mundi
2915 3974 2970 4022 et
2999 3965 3214 4025 mortis.

324 4090 411 4144 15.
440 4085 733 4159 Ὠργίσθης
770 4060 881 4155 μοι.
1236 4060 1241 4061 ν

1236 4060 1241 4061 ⁷
2002 4063 2088 4117 15.
2122 4060 2295 4115 Iratus
2322 4077 2381 4115 es
2410 4060 2563 4114 mihi.

320 4182 411 4238 14.
438 4155 555 4243 Τᾶς
576 4176 803 4241 ἀπειλάς
834 4194 951 4233 σου.

834 4194 951 4233 σου.
2005 4156 2093 4208 14.
2128 4155 2306 4208 Minas
2333 4164 2472 4207 tuas.

320 4274 409 4329 15.
436 4273 577 4337 Τοὺς
601 4272 906 4345 προφήτας.

794 4286 906 4333 τας.
2007 4247 2094 4303 15.
2126 4244 2442 4315 Prophetas.

320 4368 407 4424 16.
440 4338 852 4438 Μεμισημένον.

759 4338 852 4417 ρον.
2006 4340 2094 4393 16.
2122 4338 2407 4393 Odiosum.

321 4459 409 4514 17.
437 4432 821 4529 Ἐκ-ρατουμην
850 4453 958 4507 ἀπὸ
981 4450 1082 4522 τῆς
1113 4445 1385 4519 ἁμαρτίας
1406 4483 1422 4509 ,
1448 4446 1544 4498 καὶ
1571 4443 1670 4497 οὒκ
1703 4443 1827 4512 ἠδυ-

2004 4436 2093 4488 17.
2121 4434 2378 4487 Detentus
2427 4446 2547 4485 sum
2591 4446 2620 4485 a
2664 4439 2910 4501 peccato,
2948 4438 3004 4485 et
3045 4446 3152 4485 non
3181 4432 3330 4502 potui
3364 4432 3508 4486 absi-

245 4556 430 4626 νάμην
455 4550 775 4621 ἀποστῆναι.
1938 4537 2100 4626 stere.

324 4615 410 4701 is.
460 4646 525 4699 οι
557 4615 826 4713 ὀφθαλμοὶ
860 4640 959 4709 τῆς
992 4636 1226 4697 διανοίας
1268 4650 1368 4704 μου
1410 4630 1719 4702 ἠσθένησαν
1754 4627 1831 4699 (ιι)

2007 4620 2090 4673 18.
2128 4616 2283 4673 Oculi
2322 4619 2521 4673 mentis
2568 4632 2698 4671 mea:
2746 4615 3007 4671 inﬁrmati
3042 4624 3191 4681 sunt,
3220 4615 3365 4686 quod
3397 4615 3512 4671 sine

245 4742 360 4798 ἀπὸ
391 4738 486 4793 τοῦ
511 4734 812 4807 ἀϐοήθητόν
846 4748 913 4803 με
944 4725 1102 4783 εἶναι.

786 4751 812 4787 ν
846 4748 913 4803 με
944 4725 1102 4783 εἶναι.
1937 4715 2211 4785 adjutorio
2237 4730 2434 4768 essem.

322 4831 410 4886 19.
443 4826 642 4900 Δέομαί
677 4843 791 4891 σου,

2008 4808 2096 4863 19.
2134 4807 2407 4878 Deprecor
2438 4815 2510 4872 te,

320 4922 411 4978 20.
442 4895 560 4993 Τὴν
587 4918 814 4990 καρδίαν
852 4934 952 4987 μου
982 4916 1228 4969 ἀνέτεινα
1262 4909 1398 4982 πρὸς
1434 4908 1513 4961 σέ.
1859 4938 1910 4991 D

1262 4909 1398 4982 πρὸς
1434 4908 1513 4961 σέ.
1859 4938 1910 4991 ι)
2006 4902 2096 4958 20.
2127 4900 2234 4955 Cor
2269 4915 2449 4954 meum
2476 4897 2539 4951 ad
2569 4908 2619 4951 te
2658 4895 2883 4949 intendi.

319 5015 408 5070 21,
434 4983 527 5083 Mi]
562 4983 700 5083 μετα
727 5009 786 5063 τὸ
824 4983 1113 5063 ἀποθανεῖν
1143 5022 1210 5077 με
1243 5003 1488 5072 ποιήσεις
1520 5000 1608 5051 ἐπ’
1630 4997 1728 5068 ἐμὲ
1755 4994 1830 5065 (5)
1865 4983 1903 4991 u

1865 4983 1903 4991 ”
2008 4995 2095 5048 21.
2135 4990 2389 5061 Nunquid
2427 5001 2716 5060 postquam
2745 4996 2998 5042 mortuus
3030 4984 3185 5040 fuero
3224 4983 3392 5038 facies
3415 5000 3508 5038 su-

245 5107 320 5161 τὰ
347 5082 641 5177 ’θαυμασιά
685 5122 777 5157 σου
800 5120 813 5168 ;

1938 5103 2034 5157 per
2070 5103 2157 5141 me
2187 5084 2456 5139 mirabilia
2487 5091 2577 5135 tua
2605 5082 2626 5135 ?

322 5198 412 5251 22.
442 5166 513 5251 “ii
538 5198 711 5269 ἰατροὶ
736 5166 988 5249 δύνανται
1018 5189 1317 5263 ἀναστῆσαί
1360 5204 1444 5259 με,
1475 5187 1559 5238 ἵνα
1584 5181 1831 5253 ἐξομολο-

2006 5178 2099 5231 22.
2127 5178 2235 5232 Aut
2261 5174 2456 5230 medici
2482 5180 2712 5243 possunt
2739 5186 2825 5226 me
2849 5169 3118 5227 suscitare
3162 5175 3219 5220 ut
3253 5166 3513 5221 conﬁtear

249 5291 512 5363 γήσωμαι
547 5306 630 5344 σοι
651 5305 668 5355 ;
1939 5270 2032 5324 tibi
2055 5269 2079 5322 Ῡ

323 5350 536 5455 25.’Μὴ
566 5385 623 5436 ὲν
763 5381 920 5452 τάφῳ
950 5378 1184 5451 δωρήσει
1217 5392 1307 5448 μοι
1343 5369 1690 5442 συγχώρησιν
1725 5367 1832 5421 τῶν

2009 5363 2102 5417 2⁸5.
2130 5360 2385 5431 Nunquid
2421 5360 2475 5413 in
2512 5357 2763 5429 sepulcro
2795 5354 2948 5413 dabit
2980 5353 3113 5409 mihi
3152 5350 3362 5406 veniam
3393 5364 3514 5419 pec-

252 5450 668 5548 ἀμαρτημόιτων
697 5450 801 5544 μου
829 5450 940 5544 (0);
1032 5450 1037 5451 ί
1089 5450 1092 5451 ν

861 5450 940 5543 3);
1032 5450 1037 5451 ί
1089 5450 1092 5451 ν
1941 5463 2186 5510 calorum
2218 5450 2509 5507 meorum?

1207 5606 1515 5672 Addenda
1549 5610 1608 5667 et
1642 5598 2019 5679 corrigenda
2076 5612 2154 5657 ex
2188 5600 2327 5657 cod.
2364 5593 2565 5656 Vatic.

328 5760 403 5828 (ι)
433 5726 555 5813 τῶν
588 5758 974 5822 ἀσθενούντων,
1006 5758 1099 5812 καιι
1120 5758 1335 5816 desum,
2014 5740 2090 5881 μζ
2126 5741 2186 5824 0i
2222 5737 2490 5825 deﬁnitio!
2527 5755 2628 5821 μου
2664 5739 2759 5810 τῆς
2786 5738 3018 5803 διανοίας
3049 5734 3371 5810 ὴσθένησαν,
3406 5744 3511 5794 etc.

331 5830 406 5881 (2i
446 5830 502 5881 Ὀ
525 5832 726 5881 κόσμος
755 5829 1056 5881 ἄνθρωπος.
2038 5812 2069 5866 5
2120 5811 2212 5878 Εις
2240 5826 2361 5881 εμεη
2392 5807 2543 5864 dce“
2573 5827 2659 5863 τα·
2710 5880 2727 5881 η

331 5807 406 5898 ξεί
444 5807 1098 5901 τᾷέάςρδξῑςιιολοτιλιέοξῑπ
2014 5807 2089 5901 ςξ)
2240 5807 2558 5901 spatiata

759 5880 869 5901 *ψ’
2113 5881 2220 5951 Τὴν
2254 5880 2405 5948 συγχ.
2437 5897 2485 5940 τ,
2525 5882 2578 5938 ἁ,
2618 5880 2807 5949 humi);
