4174 6492
1420 10 1916 18 im

244 410 387 467 1025
1054 411 1142 467 DE
1180 411 1454 469 TITULIS
1490 411 1941 469 PSALMORUM.
1976 443 2047 452 —
2073 412 2270 469 PSAL.
2316 408 2645 465 LXXXVI".
3351 409 3487 466 1026

312 527 372 582 2.
410 527 502 591 Εἰς
522 527 713 597 γενεὰν
753 528 846 581 καὶ
884 529 1074 598 γενεὰν
1105 531 1399 601 ἀπαγγελῶ
1426 531 1525 604 τὴν
1556 532 1817 605 ἀλήθειάν
1848 539 1895 593 Α.

1848 539 1895 593 Δ.
1988 533 2043 588 2.
2086 532 2143 587 1η
2172 532 2576 603 generationem
2628 538 2673 584 et
2713 526 3113 599 generationem
3153 528 3488 583 annuntiabo

246 636 343 671 σου
376 620 435 673 ἐν
457 620 533 691 τῷ
564 620 790 691 στόματί
822 639 942 691 μου.

1920 625 2199 679 veritatem
2222 633 2370 679 tuam
2399 623 2451 677 in
2478 636 2572 676 ore
2598 636 2737 675 meo.

314 711 508 765 5.”οτι
542 709 734 779 ε’ίπεις⁸
781 715 875 779 Είς
902 714 994 769 τὸν
1025 715 1196 770 αίῶνα
1220 715 1365 781 ἕλεος
1399 717 1820 789 οἰκοδομηθήσε-

1996 718 2048 772 3.
2070 716 2339 782 Quoniam
2362 716 2582 771 dixisti:
2604 712 2942 769 liiaaternum
2966 714 3340 770 misericordia
3362 716 3489 771 auli-

242 820 337 856 ται
355 820 369 834 ’
1922 808 2176 865 ῦοαὺίιυτ
2202 825 2216 863 :

314 895 370 949 4.
399 897 486 950 Ἑν
512 899 626 962 τοῖς
645 897 891 970 οὐρανοῖς
917 897 1369 971 ἑτοιμασθήσεται
1400 900 1434 971 ὴ
1457 899 1683 971 ἀλήθειά
1704 916 1820 954 σου.

1470 899 1683 971 tmesis
1704 916 1820 954 σου.
1991 902 2045 957 4.
2075 900 2135 956 1η
2161 900 2316 956 ecelis
2349 899 2745 971 praeparabitur
2777 906 2978 954 veritas
3004 909 3118 956 tua.

315 991 370 1044 5.
410 990 674 1062 Διεθέμην
710 991 974 1065 διαθήκην
1007 996 1117 1058 τοῖς
1149 993 1421 1057 ἐκλεκτοῖς
1455 1010 1557 1065 μου
1578 1009 1593 1023 ο

1529 1011 1557 1045 υ
1578 1009 1593 1023 ο
1993 993 2047 1049 5.
2080 992 2336 1064 Disposui
2364 1001 2753 1048 testamentum
2788 989 2975 1045 electis
3001 991 3138 1046 meis
3165 1010 3177 1044 :

316 1080 372 1137 6.
390 1083 601 1153 Ὠμοσα
624 1083 788 1137 Δαϐὶδ
814 1084 894 1157 τῷ
920 1085 1091 1156 δούλῳ
1120 1103 1244 1157 μου.

1180 1105 1244 1139 νυ.
1992 1085 2046 1140 6.
2073 1084 2260 1140 Juravi
2292 1084 2459 1139 David
2493 1098 2652 1139 servo
2686 1097 2828 1137 meo.

319 1171 371 1225 7.
387 1172 531 1235 Ἕως
560 1172 652 1226 τοῦ
677 1173 871 1238 αίῶνος
899 1174 1174 1246 ἑτοιμάσω
1194 1175 1256 1229 τὸ
1290 1175 1509 1247 σπέρμα
1550 1192 1642 1228 σου
1666 1191 1679 1207 ο

1997 1178 2049 1233 7.
2081 1176 2264 1246 Usque
2310 1178 2363 1232 in
2405 1186 2668 1231 aeternum
2715 1177 3033 1247 praeparabo
3068 1191 3253 1231 semen
3289 1183 3444 1231 tuum
3479 1197 3488 1230 :

313 1262 370 1317 8.
411 1263 518 1316 Καὶ
543 1264 879 1336 οἰκοδομήσω
914 1266 994 1330 είς
1022 1267 1216 1335 γενεὰν
1250 1268 1340 1320 καὶ
1367 1266 1557 1335 γενεὰν
1586 1266 1675 1319 τὸν
1702 1265 1826 1340 θρό-

1995 1270 2048 1325 8.
2077 1267 2143 1322 Et
2170 1268 2446 1324 aediﬁcabo
2472 1268 2524 1322 in
2566 1270 2969 1336 generationem
2999 1278 3052 1324 et
3083 1269 3486 1339 generationem

242 1373 337 1411 νον
361 1374 475 1414 σου.

1926 1361 2110 1416 sedem
2142 1370 2312 1417 tuam.

850 1451 1186 1521 Διάψαλμα.
2547 1450 2882 1524 Diaptalma.

319 1540 373 1595 9.
410 1539 924 1613 Ἐξομολογήσονται
960 1544 1008 1596 ot
1042 1541 1260 1615 οὐρανοὶ
1292 1541 1361 1595 τὰ
1396 1541 1676 1614 θαυμάσιά
1713 1559 1826 1608 σου,

1770 1560 1826 1608 ω,
1999 1543 2051 1598 9.
2084 1543 2504 1599 Conlitebuntnr
2534 1545 2656 1599 ειηιί
2691 1544 2958 1599 mirabilia
2994 1552 3117 1609 tua,
3149 1543 3376 1599 Domine
3408 1563 3418 1597 :

242 1631 422 1703 Κύριε
438 1649 452 1663 ·

317 1721 406 1777 10.
450 1723 557 1779 Καὶ
587 1724 697 1795 γὰρ
728 1722 827 1795 τὴν
857 1723 1111 1797 ἀλήθειάν
1134 1740 1228 1778 σου
1251 1725 1309 1777 ἐν
1327 1722 1621 1795 Ἐκκλησία
1638 1722 1825 1792 άγίων.

2000 1716 2089 1770 10.
2121 1714 2326 1772 Etenim
2352 1716 2633 1772 veritatem
2656 1728 2802 1771 tuam
2829 1719 2881 1772 in
2898 1716 3139 1774 Ecclesia
3161 1727 3495 1774 sanctorum.

319 1812 408 1867 11.
429 1813 550 1868 Ὀτι
576 1812 660 1878 τίς
696 1815 755 1866 ὲν
786 1814 1035 1883 νεφέλαις
1064 1813 1389 1885 ίσωθήσεται
1419 1813 1495 1884 τῷ
1533 1812 1759 1885 Κυρίῳ;

2002 1809 2090 1864 11.
2115 1806 2380 1874 Quoniam
2411 1810 2535 1880 quis
2565 1810 2617 1864 in
2642 1811 2878 1865 nubibus
2908 1810 3210 1881 aequabitur
3235 1809 3503 1867 Domino?

318 1904 407 1958 12.
434 1904 863 1977 Ὀμοιωθήσεται
888 1906 966 1977 τῷ
992 1906 1183 1977 Κυρίῳ
1215 1907 1273 1959 ὲν
1294 1907 1429 1969 υἱοῖς
1462 1904 1631 1970 Θεοῦ;
1858 1906 1900 1962 Β

1471 1904 1631 1970 Βεοῦ;
1858 1906 1900 1962 Β
1998 1902 2087 1957 12.
2117 1902 2324 1957 Similis
2352 1903 2456 1958 erit
2486 1901 2717 1958 Domino
2751 1906 2805 1958 in
2831 1904 2956 1959 liliis
2989 1902 3119 1958 Dei?

318 1994 407 2049 13.
435 1995 493 2049 '0
529 1995 682 2064 Θεὸς,
722 1998 750 2050 ὀ
779 1995 1190 2067 ὲνδοξαζόμενος
1219 1999 1276 2050 ἐν
1307 1996 1467 2069 βουλῇ
1496 1996 1686 2066 ἁγίων,

2000 1994 2087 2049 15.
2115 1995 2279 2059 Deus,
2306 1994 2396 2065 qui
2440 1995 2775 2065 glorificatur
2814 1996 2868 2050 in
2910 1996 3140 2051 consilio
3165 2005 3501 2061 sanctorum,

311 2087 409 2142 14.
450 2087 638 2157 Μέγας
662 2088 755 2142 καὶ
779 2087 1009 2161 φοϐερός
1028 2091 1177 2143 ἔστιν
1206 2090 1297 2143 ἐπὶ
1317 2090 1524 2152 πάντας
1553 2088 1680 2152 τοὺς
1701 2088 1829 2161 περὶ

2004 2086 2092 2141 ll.
2124 2086 2354 2156 Magnus
2376 2094 2429 2140 et
2464 2087 2721 2141 terribilis
2769 2102 2934 2157 super
2963 2101 3157 2142 omnes
3188 2087 3282 2157 qui
3313 2086 3367 2140 in
3398 2088 3504 2141 cir-

244 2176 434 2251 κύκλῳ
467 2179 650 2233 αὐτοῦ.

1932 2179 2081 2235 cultu
2109 2180 2228 2249 ejus
2248 2187 2393 2232 sunt.

323 2268 413 2323 15.
452 2269 623 2340 Κύριε
647 2270 675 2323 ὁ
706 2269 839 2335 Θεὸς
868 2270 975 2326 τῶν
1008 2271 1309 2343 δυνάμεων,
1336 2270 1419 2334 τίς
1454 2271 1639 2341 ὅμοιος
1674 2287 1793 2338 σοις

1783 2289 1793 2338 ;
2006 2271 2093 2325 15.
2124 2268 2370 2333 Domine,
2405 2268 2547 2323 Deus
2579 2267 2867 2335 virtutum,
2901 2270 3024 2337 quis
3060 2269 3256 2325 similis
3288 2270 3431 2326 tibi?

320 2359 408 2415 16.
428 2363 660 2426 Δυνατὺς
678 2358 748 2433 εί,
770 2362 962 2434 Κύριε,
980 2365 1078 2420 καὶ
1096 2366 1129 2437 ή
1144 2363 1373 2436 ἀλήθειά
1387 2380 1479 2417 σου
1496 2361 1694 2417 κύκλου
1715 2380 1828 2419 σου.

2010 2363 2097 2419 16.
2130 2361 2331 2418 Potens
2354 2377 2435 2431 es,
2465 2360 2714 2427 Domine,
2745 2370 2798 2417 et
2835 2364 3033 2418 veritas
3067 2374 3160 2418 tua
3188 2365 3242 2419 in
3275 2364 3506 2421 circuitu

1942 2467 2053 2511 tuo.

321 2539 410 2594 17.
450 2540 522 2594 Σὺ
545 2539 826 2605 δεσπόζεις
856 2538 950 2594 τοῦ
981 2540 1213 2612 κράτους
1250 2538 1351 2611 τῆς
1382 2536 1653 2607 Θαλάσσης
1674 2552 1687 2565 ⁵

1422 2536 1653 2607 ιλάσσης
1674 2552 1687 2565 ⁸
2008 2545 2093 2601 17.
2135 2544 2216 2600 Tu
2249 2545 2550 2601 dominaris
2579 2545 2831 2616 potestati
2866 2546 3070 2601 maris:

323 2633 413 2688 18.
453 2632 555 2688 Τὸν
580 2632 635 2687 δὲ
662 2634 821 2687 σάλον
840 2634 949 2689 τῶν
970 2633 1230 2705 κυμάτων
1250 2631 1420 2701 αὐτῆς
1439 2630 1502 2684 σὺ
1521 2626 1839 2700 καταπραΰ-

1702 2626 1839 2700 ξραΰ-
2018 2638 2104 2693 18.
2143 2637 2348 2693 Motum
2383 2648 2563 2693 autem
2595 2636 2857 2692 ﬂuctuum
2884 2638 3003 2708 ejus
3027 2645 3082 2690 tu
3112 2637 3350 2709 mitigas.

246 2740 386 2788 νεις.

1385 2889 1757 2950 ATHANASII
1795 2886 2389 2947 INTERPRETATIO.

321 3097 377 3151 2.
420 3096 502 3151 Τὰ
525 3097 923 3169 προστάγματά
952 3114 1044 3151 σου
1074 3095 1314 3169 κηρύξω.

1190 3095 1314 3164 ὑξω.
2011 3089 2065 3144 2.
2092 3088 2370 3159 Prmcepta
2399 3098 2490 3144 tua
2514 3088 2838 3159 praedicabo.

322 3190 377 3243 3.
393 3189 515 3243 Ὅτι
554 3191 867 3263 ἑπηγγείλω
897 3190 1255 3255 ἀδιαλείπτως
1276 3188 1367 3244 τὸν
1388 3187 1686 3261 ὴλεημὲνον
1706 3186 1835 3242 λαὸν

2011 3184 2063 3238 5.
2099 3182 2237 3248 Quia
2269 3182 2637 3235 indesinenter
2686 3178 3016 3236 denuntiasti
3060 3176 3319 3249 populum
3344 3177 3509 3232 mise-

248 3282 610 3355 περιποιῆσαι
636 3283 714 3355 (1)
747 3285 826 3347 εἰς
852 3284 1163 3356 οἰκοδομήν.

1942 3274 2233 3331 ricordiam
2261 3273 2513 3343 adeptum
2548 3274 2824 3343 possidere
2855 3273 2909 3327 in
2936 3269 3367 3327 adiﬁcationem.

323 3373 379 3428 4.
406 3372 495 3426 ’Ev
516 3376 630 3439 τοῖς
656 3376 832 3444 ἁγίοις
858 3376 892 3447 ἡ
919 3374 1099 3440 πίστις
1129 3376 1226 3448 (2).

926 3374 1099 3440 πίστις
1129 3376 1226 3448 (2).
2012 3368 2067 3423 4.
2098 3367 2158 3421 ln
2183 3364 2390 3421 sanctis
2423 3363 2574 3420 ﬁdes.

324 3467 379 3520 5.
408 3465 854 3539 Ἐπηγγειλάμην
871 3470 982 3531 τοῖς
997 3468 1171 3537 ἁγίοις
1198 3468 1297 3541 τὴν
1324 3467 1598 3538 βασιλείαν
1618 3483 1717 3537 μου
1736 3464 1834 3534 (5).
1865 3484 1909 3543 ρ

1515 3467 1598 3520 ίαν
1618 3483 1717 3537 μου
1736 3464 1834 3534 (5).
1865 3484 1909 3543 c
2012 3465 2064 3519 5.
2097 3462 2431 3518 Annnntiavi
2455 3459 2659 3516 sanctis
2691 3474 2916 3530 regnum
2954 3473 3157 3514 meum.

323 3556 378 3611 ϐ.
420 3556 545 3620 Τοῖς
569 3556 711 3609 κατὰ
745 3558 838 3610 τὸν
872 3558 1034 3611 Δασὶδ
1062 3560 1254 3629 πραεῖς
1296 3556 1541 3630 [πραέσι]
1586 3560 1652 3627 τῇ
1709 3572 1842 3627 καρ-

1296 3556 1541 3630 [πραέσι]
1586 3560 1652 3627 τῇ
1709 3572 1842 3627 καρ-
2014 3553 2065 3609 6.
2098 3553 2258 3608 Juxta
2288 3552 2455 3607 David
2486 3553 2708 3607 mitibus
2734 3552 2916 3607 corde.

250 3654 345 3724 δία
365 3652 464 3725 (ιι).

329 3744 379 3799 7.
422 3743 731 3817 Προαγάγω
765 3746 823 3799 ὲν
855 3743 935 3816 τῷ
962 3744 1172 3815 κόσμῳ.

1111 3762 1172 3815 ῳ.
2020 3730 2071 3787 7.
2102 3729 2409 3785 Producam
2443 3730 2497 3784 in
2532 3728 2759 3784 mundo.

327 3837 384 3896 8.
424 3835 545 3910 Τὴν’
564 3838 839 3909 βασιλείαν
864 3855 978 3893 σου.

899 3855 978 3893 ου.
2014 3831 2067 3887 8.
2102 3831 2347 3904 Regnum
2376 3841 2547 3887 tuum.

325 3928 380 3985 9.
421 3931 777 4003 Διηγήσονται
821 3932 870 3984 οί
917 3928 1201 3984 ἀπόστολοι
1232 3928 1325 3981 καὶ
1364 3927 1443 3998 (5)
1490 3926 1541 3979 οἱ
1587 3925 1731 3995 ἅγιοι
1774 3924 1840 3981 τὰ

1774 3924 1840 3981 τὰ
2016 3927 2068 3983 9.
2099 3924 2408 3980 Narrabunt
2435 3922 2669 3994 apostoli
2701 3930 2755 3978 et
2788 3922 2963 3978 sancti
2989 3921 3262 3978 mirabilia
3293 3931 3407 3979 tua.

251 4022 543 4093 θαυμάσιά
577 4038 692 4078 σου.

328 4112 419 4168 10.
457 4113 569 4168 Καὶ
587 4113 697 4187 γάρ
719 4114 819 4184 τὴν
837 4114 1017 4168 πίστιν
1035 4130 1129 4167 σου
1147 4115 1206 4166 ἐν
1221 4112 1299 4184 τῷ
1314 4112 1506 4183 πλήθει
1520 4111 1629 4164 τῶν
1648 4110 1839 4178 ἁγίων.

2016 4106 2102 4162 10.
2128 4106 2339 4163 Etenim
2362 4104 2520 4161 ﬁdem
2542 4114 2692 4159 tuam
2721 4104 2776 4158 in
2804 4104 3147 4161 multitudine
3177 4112 3512 4159 sanctorum.

331 4206 421 4271 11,
450 4206 537 4261 12.
570 4206 647 4279 (6)
681 4206 777 4271 Τίς
803 4206 911 4262 τῶν
939 4204 1233 4279 προφητῶν
1258 4204 1291 4277 ἢ
1316 4203 1426 4258 τῶν
1464 4204 1634 4274 ἁγίων
1669 4202 1841 4257 ίσοδύ-

2017 4200 2105 4268 11,
2136 4200 2222 4255 12.
2259 4198 2394 4266 Quis
2438 4197 2824 4268 prophetarum
2853 4207 2948 4251 aut
2986 4206 3299 4251 sanctorum
3328 4210 3514 4266 aequa-

252 4314 417 4352 ναται
460 4293 598 4350 εἶναι
637 4296 732 4351 τοῦ
778 4297 984 4369 Κυρίου
1013 4296 1128 4369 [τῷ
1160 4294 1422 4368 Κυρίῳ];
1472 4295 1699 4348 Ἐκεῖνοι
1733 4292 1843 4365 γὰρ

1945 4294 2013 4350 lis
2041 4309 2164 4350 esse
2210 4301 2387 4364 potest
2434 4290 2706 4345 Domino?
2733 4288 2813 4345 Illi
2859 4289 3007 4346 enim
3048 4288 3223 4361 gratia
3268 4288 3511 4359 ejusdem

254 4386 402 4441 κατά
434 4385 594 4459 χάριν
626 4386 791 4441 αὐτοῦ
820 4387 916 4441 τοῦ
961 4386 1135 4459 Ἰησοῦ
1168 4389 1273 4441 εισι
1301 4387 1407 4440 uio).
1432 4384 1526 4440 τοῦ
1556 4384 1715 4452 Θεοῦ,
1740 4384 1839 4437 αὺ-

1458 4384 1526 4440 ῖοῦ
1556 4384 1715 4452 Θεοῦ,
1740 4384 1839 4437 αὑ·
1942 4386 2070 4443 Jesu
2098 4396 2225 4443 sunt
2249 4384 2340 4441 Dei
2372 4384 2489 4449 lilii,
2525 4384 2643 4455 ipse
2674 4391 2855 4439 autem
2892 4393 3106 4439 natura.

255 4478 352 4541 τὸς
374 4478 435 4532 δὲ
462 4476 604 4532 κατά
630 4478 811 4549 φύσιν.

333 4570 423 4626 15.
443 4572 533 4625 Ἐν
563 4574 682 4638 ταῖς
712 4572 960 4646 καρδίαις
994 4573 1191 4628 αὐτῶν.

1069 4573 1191 4628 τῶν.
2012 4566 2100 4620 15.
2126 4562 2183 4618 In
2211 4562 2472 4618 cordibus
2504 4574 2717 4615 eorum.

332 4664 421 4720 14.
440 4666 849 4739 ’Δκατάληπτος
869 4668 962 4720 καὶ
987 4666 1394 4738 παντοδύναμός
1416 4666 1561 4719 ἔστιν
1584 4663 1679 4717 ἐπὶ
1699 4662 1834 4715 πάγη

2015 4657 2101 4712 ll.
2139 4651 2705 4723 lncomprehensibilis
2752 4657 2805 4705 et
2840 4648 3186 4720 omnipotens
3235 4655 3318 4703 est
3355 4660 3520 4719 super

256 4773 358 4823 τας
384 4760 510 4823 τοὺς
538 4759 727 4830 ἁγίους
756 4760 942 4815 αὑτοῦ.

928 4800 942 4815 υ
1945 4766 2140 4809 omnes
2163 4757 2385 4806 sanctos
2416 4760 2570 4802 SUOS.

333 4851 422 4907 15.
460 4851 842 4926 Φιλάνθρωπος
867 4854 961 4908 καὶ
986 4852 1254 4925 ἐλεήμων.
1876 4850 1921 4904 1)

1201 4872 1254 4908 ›ν.
1876 4850 1921 4904 ι)
2020 4844 2110 4901 15.
2144 4841 2419 4913 Benignus
2439 4848 2493 4895 et
2517 4835 2849 4894 misericors.

334 4942 423 4998 16.
465 4945 528 4997 υί
561 4944 705 5014 ἃγιοί
740 4961 857 5000 σου.

790 4962 857 5000 iu.
2019 4934 2104 4991 16.
2133 4932 2318 4989 Sancti
2342 4933 2438 4987 tui.

333 5034 421 5091 17.
461 5036 649 5107 Πάσης
682 5035 816 5107 ὁμοῦ
850 5035 950 5107 τῆς
974 5036 1295 5108 οἰκουμένης
1319 5033 1563 5099 ἐξουσίαν
1594 5031 1672 5103 (7)
1697 5030 1845 5102 ἔχεις

2014 5029 2102 5082 17.
2140 5025 2333 5081 Totius
2382 5021 2547 5079 simul
2593 5020 2836 5077 universi
2882 5026 3205 5091 potestatem
3254 5017 3419 5073 habes
3458 5021 3518 5074 ut

260 5127 339 5192 ὡς
363 5127 695 5199 δημιουργὸς
721 5128 913 5199 αὐτῆς.

885 5145 913 5189 .'-
1946 5118 2190 5191 ejusdem
2227 5122 2469 5172 creator.
2522 5174 2533 5192 ,

333 5220 421 5276 18.
461 5221 600 5284 Τοὺς
625 5223 963 5292 πειρασμοὺς
986 5221 1154 5292 αὐτῆς
1184 5219 1507 5291 ἀνωχύρους
1531 5217 1727 5279 ποιεῖς.

1439 5234 1507 5281 ,υς
1531 5217 1727 5279 ποιεῖς.
2018 5212 2106 5266 18.
2140 5209 2493 5266 Tentationes
2519 5205 2639 5277 ejus
2664 5204 2911 5260 inﬁrmas
2938 5202 3087 5258 facis.

1221 5444 1525 5508 Addenda
1556 5450 1618 5507 et
1664 5438 2045 5521 corrigenda
2075 5456 2153 5501 ex
2189 5436 2332 5501 cod.
2365 5434 2567 5497 Vatic.

335 5641 413 5714 (1)
434 5637 871 5714 ῌεριποιεῖσθαι.

2010 5626 2087 5714 e2
2126 5626 2188 5714 9}
2215 5621 2524 5714 δετξάσξτξξσιο
2548 5620 2957 5714 eisesse.-.

1941 5769 1987 5781 η
2128 5696 2207 5781 1‘};
2234 5695 2315 5781 11,
2348 5694 2462 5756 Τίς.
2488 5733 2500 5747 .
2526 5732 2573 5774 ..
2593 5691 3131 5781 [coioonga-t-fwa:
3166 5688 3259 5742 τοῦ
3289 5686 3522 5760 Κυρίου,

354 5714 410 5781 2)
448 5714 636 5776 ﬂint;
670 5727 785 5763 σου.
2012 5714 2089 5770 (It)
2128 5714 2195 5748 Η.
2234 5714 2315 5757 ιι,
2360 5714 2462 5756 ιις.
2488 5733 2500 5747 .
2526 5714 2962 5774 ..ισος-ουνίιται
2993 5714 3042 5770 ξι

315 5714 409 5853 .(5)
449 5782 570 5834 Σου.
712 5846 735 5853 _
943 5847 951 5853 _
1034 5846 1044 5853 _
1235 5848 1278 5853 Η
1941 5767 2446 5853 Νκξξὲκξξῖκεξνοιγη..
2485 5782 2576 5818 του
2600 5764 2730 5819 Υίου
2759 5778 2854 5815 του
2883 5761 3042 5815 θεου.

336 5836 413 5927 (ll)
453 5854 651 5924 Ιιραεῖς
676 5846 795 5904 οὖσι
826 5847 966 5905 κατὰ
996 5846 1092 5919 τὴν
1123 5848 1345 5919 καρδίαν
1373 5861 1493 5919 μου.
1518 5920 1522 5925 ἢ
2013 5839 2088 5914 (7)
2130 5839 2199 5890 Σὺ
2230 5836 2501 5902 ἐξουσίαν.
