  <div class='ocr_page' id='page_1' title='image "/cluster/home/n/w/nwhite01/storage/ocr_20150623/27/uva.x030474749/523.png"; bbox 0 0 4174 6476; ppageno 0'>
   <div class='ocr_carea' id='block_1_1' title="bbox 719 398 854 453">
    <p class='ocr_par' dir='ltr' id='par_1_1' title="bbox 719 398 854 453">
     <span class='ocr_line' id='line_1_1' title="bbox 719 398 854 453; baseline -0.022 -1"><span class='ocrx_word' id='word_1_1' title='bbox 719 398 854 453; x_wconf 83' lang='grc'>1027</span> 
     </span>
    </p>
   </div>
   <div class='ocr_carea' id='block_1_2' title="bbox 789 507 2204 577">
    <p class='ocr_par' dir='ltr' id='par_1_2' title="bbox 789 507 2204 577">
     <span class='ocr_line' id='line_1_2' title="bbox 789 507 2204 577; baseline -0.006 -9"><span class='ocrx_word' id='word_1_2' title='bbox 789 513 876 568; x_wconf 90' lang='grc'><strong>19.</strong></span> <span class='ocrx_word' id='word_1_3' title='bbox 909 510 988 565; x_wconf 89' lang='lat' dir='ltr'><strong>Tu</strong></span> <span class='ocrx_word' id='word_1_4' title='bbox 1013 510 1310 565; x_wconf 78' lang='lat' dir='ltr'><strong>liumiliasti</strong></span> <span class='ocrx_word' id='word_1_5' title='bbox 1339 510 1479 566; x_wconf 92' lang='lat' dir='ltr'><strong>sicut</strong></span> <span class='ocrx_word' id='word_1_6' title='bbox 1508 509 1851 564; x_wconf 80' lang='lat' dir='ltr'><strong>vulneratum</strong></span> <span class='ocrx_word' id='word_1_7' title='bbox 1881 507 2204 577; x_wconf 88' lang='lat' dir='ltr'><strong>superbum:</strong></span> 
     </span>
    </p>
   </div>
   <div class='ocr_carea' id='block_1_3' title="bbox 786 599 2282 671">
    <p class='ocr_par' dir='ltr' id='par_1_3' title="bbox 786 599 2282 671">
     <span class='ocr_line' id='line_1_3' title="bbox 786 599 2282 671; baseline -0.003 -14"><span class='ocrx_word' id='word_1_8' title='bbox 786 604 876 658; x_wconf 87' lang='grc'>20.</span> <span class='ocrx_word' id='word_1_9' title='bbox 923 604 981 657; x_wconf 91' lang='lat' dir='ltr'><strong>ln</strong></span> <span class='ocrx_word' id='word_1_10' title='bbox 1029 604 1251 659; x_wconf 91' lang='lat' dir='ltr'><strong>brachio</strong></span> <span class='ocrx_word' id='word_1_11' title='bbox 1286 603 1500 657; x_wconf 78' lang='lat' dir='ltr'><strong>virtutis</strong></span> <span class='ocrx_word' id='word_1_12' title='bbox 1547 612 1653 658; x_wconf 66' lang='lat' dir='ltr'><strong>tuae</strong></span> <span class='ocrx_word' id='word_1_13' title='bbox 1698 599 2002 671; x_wconf 87' lang='lat' dir='ltr'><strong>dispersisti</strong></span> <span class='ocrx_word' id='word_1_14' title='bbox 2032 599 2282 654; x_wconf 85' lang='lat' dir='ltr'><strong>inimicos</strong></span> 
     </span>
    </p>
   </div>
   <div class='ocr_carea' id='block_1_4' title="bbox 718 706 862 752">
    <p class='ocr_par' dir='ltr' id='par_1_4' title="bbox 718 706 862 752">
     <span class='ocr_line' id='line_1_4' title="bbox 718 706 862 752; baseline -0.021 -1"><span class='ocrx_word' id='word_1_15' title='bbox 718 706 862 752; x_wconf 91' lang='lat' dir='ltr'><strong>tuos.</strong></span> 
     </span>
    </p>
   </div>
   <div class='ocr_carea' id='block_1_5' title="bbox 787 786 1850 845">
    <p class='ocr_par' dir='ltr' id='par_1_5' title="bbox 787 786 1850 845">
     <span class='ocr_line' id='line_1_5' title="bbox 787 786 1850 845; baseline -0.007 -2"><span class='ocrx_word' id='word_1_16' title='bbox 787 791 875 845; x_wconf 90' lang='grc'><strong>21.</strong></span> <span class='ocrx_word' id='word_1_17' title='bbox 906 787 1008 842; x_wconf 88' lang='lat' dir='ltr'><strong>Tui</strong></span> <span class='ocrx_word' id='word_1_18' title='bbox 1043 798 1172 843; x_wconf 89' lang='lat' dir='ltr'><strong>sunt</strong></span> <span class='ocrx_word' id='word_1_19' title='bbox 1197 786 1322 842; x_wconf 73' lang='lat' dir='ltr'><strong>cmli</strong></span> <span class='ocrx_word' id='word_1_20' title='bbox 1357 795 1409 841; x_wconf 90' lang='lat' dir='ltr'><strong>et</strong></span> <span class='ocrx_word' id='word_1_21' title='bbox 1434 796 1523 841; x_wconf 88' lang='lat' dir='ltr'><strong>tua</strong></span> <span class='ocrx_word' id='word_1_22' title='bbox 1552 797 1632 842; x_wconf 90' lang='lat' dir='ltr'><strong>est</strong></span> <span class='ocrx_word' id='word_1_23' title='bbox 1659 797 1804 841; x_wconf 87' lang='lat' dir='ltr'><strong>terra</strong></span> <span class='ocrx_word' id='word_1_24' title='bbox 1837 801 1850 836; x_wconf 89' lang='lat'><strong>:</strong></span> 
     </span>
    </p>
   </div>
   <div class='ocr_carea' id='block_1_6' title="bbox 786 874 2284 950">
    <p class='ocr_par' dir='ltr' id='par_1_6' title="bbox 786 874 2284 950">
     <span class='ocr_line' id='line_1_6' title="bbox 786 874 2284 950; baseline -0.007 -12"><span class='ocrx_word' id='word_1_25' title='bbox 786 883 874 938; x_wconf 90' lang='grc'><strong>22.</strong></span> <span class='ocrx_word' id='word_1_26' title='bbox 902 881 1102 936; x_wconf 86' lang='lat' dir='ltr'><strong>Orbem</strong></span> <span class='ocrx_word' id='word_1_27' title='bbox 1157 889 1311 935; x_wconf 69' lang='lat' dir='ltr'><strong>terra:</strong></span> <span class='ocrx_word' id='word_1_28' title='bbox 1358 889 1410 935; x_wconf 90' lang='lat' dir='ltr'><strong>et</strong></span> <span class='ocrx_word' id='word_1_29' title='bbox 1454 880 1846 950; x_wconf 89' lang='lat' dir='ltr'><strong>plenitudinem</strong></span> <span class='ocrx_word' id='word_1_30' title='bbox 1891 875 2010 946; x_wconf 84' lang='lat' dir='ltr'><strong>ejus</strong></span> <span class='ocrx_word' id='word_1_31' title='bbox 2060 884 2117 929; x_wconf 91' lang='lat' dir='ltr'><strong>tu</strong></span> <span class='ocrx_word' id='word_1_32' title='bbox 2160 874 2284 930; x_wconf 81' lang='lat' dir='ltr'><strong>luu-</strong></span> 
     </span>
    </p>
   </div>
   <div class='ocr_carea' id='block_1_7' title="bbox 717 974 876 1030">
    <p class='ocr_par' dir='ltr' id='par_1_7' title="bbox 717 974 876 1030">
     <span class='ocr_line' id='line_1_7' title="bbox 717 974 876 1030; baseline -0.013 -1"><span class='ocrx_word' id='word_1_33' title='bbox 717 974 876 1030; x_wconf 90' lang='lat' dir='ltr'><strong>dasli.</strong></span> 
     </span>
    </p>
   </div>
   <div class='ocr_carea' id='block_1_8' title="bbox 785 1061 1850 1135">
    <p class='ocr_par' dir='ltr' id='par_1_8' title="bbox 785 1061 1850 1135">
     <span class='ocr_line' id='line_1_8' title="bbox 785 1061 1850 1135; baseline -0.007 -13"><span class='ocrx_word' id='word_1_34' title='bbox 785 1069 878 1122; x_wconf 77' lang='grc'><strong>25.</strong></span> <span class='ocrx_word' id='word_1_35' title='bbox 907 1064 1228 1135; x_wconf 84' lang='lat' dir='ltr'><strong>Aquilonem</strong></span> <span class='ocrx_word' id='word_1_36' title='bbox 1260 1071 1315 1118; x_wconf 88' lang='lat' dir='ltr'><strong>et</strong></span> <span class='ocrx_word' id='word_1_37' title='bbox 1342 1076 1495 1116; x_wconf 91' lang='lat' dir='ltr'><strong>mare</strong></span> <span class='ocrx_word' id='word_1_38' title='bbox 1521 1071 1578 1116; x_wconf 94' lang='lat' dir='ltr'><strong>tu</strong></span> <span class='ocrx_word' id='word_1_39' title='bbox 1611 1061 1805 1116; x_wconf 90' lang='lat' dir='ltr'><strong>creasti</strong></span> <span class='ocrx_word' id='word_1_40' title='bbox 1835 1078 1850 1115; x_wconf 90' lang='lat'><strong>:</strong></span> 
     </span>
    </p>
   </div>
   <div class='ocr_carea' id='block_1_9' title="bbox 785 1149 2283 1211">
    <p class='ocr_par' dir='ltr' id='par_1_9' title="bbox 785 1149 2283 1211">
     <span class='ocr_line' id='line_1_9' title="bbox 785 1149 2283 1211; baseline -0.005 0"><span class='ocrx_word' id='word_1_41' title='bbox 785 1157 875 1211; x_wconf 70' lang='grc'><strong>21.</strong></span> <span class='ocrx_word' id='word_1_42' title='bbox 911 1155 1129 1210; x_wconf 80' lang='lat' dir='ltr'><strong>Tliabor</strong></span> <span class='ocrx_word' id='word_1_43' title='bbox 1173 1165 1226 1209; x_wconf 85' lang='lat' dir='ltr'><strong>et</strong></span> <span class='ocrx_word' id='word_1_44' title='bbox 1273 1153 1511 1209; x_wconf 85' lang='lat' dir='ltr'><strong>llcrmon</strong></span> <span class='ocrx_word' id='word_1_45' title='bbox 1556 1153 1611 1206; x_wconf 91' lang='lat' dir='ltr'><strong>in</strong></span> <span class='ocrx_word' id='word_1_46' title='bbox 1642 1152 1859 1207; x_wconf 89' lang='lat' dir='ltr'><strong>nomine</strong></span> <span class='ocrx_word' id='word_1_47' title='bbox 1902 1159 1998 1205; x_wconf 92' lang='lat' dir='ltr'><strong>tuo</strong></span> <span class='ocrx_word' id='word_1_48' title='bbox 2039 1149 2283 1204; x_wconf 80' lang='lat' dir='ltr'><strong>exsulta-</strong></span> 
     </span>
    </p>
   </div>
   <div class='ocr_carea' id='block_1_10' title="bbox 715 1252 889 1305">
    <p class='ocr_par' dir='ltr' id='par_1_10' title="bbox 715 1252 889 1305">
     <span class='ocr_line' id='line_1_10' title="bbox 715 1252 889 1305; baseline -0.017 0"><span class='ocrx_word' id='word_1_49' title='bbox 715 1252 889 1305; x_wconf 85' lang='lat' dir='ltr'><strong>bunt:</strong></span> 
     </span>
    </p>
   </div>
   <div class='ocr_carea' id='block_1_11' title="bbox 784 1315 1856 1402">
    <p class='ocr_par' dir='ltr' id='par_1_11' title="bbox 784 1315 1856 1402">
     <span class='ocr_line' id='line_1_11' title="bbox 784 1315 1856 1402; baseline -0.006 -10"><span class='ocrx_word' id='word_1_50' title='bbox 784 1315 873 1393; x_wconf 72' lang='grc'><strong>25.</strong></span> <span class='ocrx_word' id='word_1_51' title='bbox 910 1336 1087 1391; x_wconf 91' lang='lat' dir='ltr'><strong>Tuum</strong></span> <span class='ocrx_word' id='word_1_52' title='bbox 1116 1334 1403 1389; x_wconf 82' lang='lat' dir='ltr'><strong>brachium</strong></span> <span class='ocrx_word' id='word_1_53' title='bbox 1435 1349 1556 1388; x_wconf 91' lang='lat' dir='ltr'><strong>cum</strong></span> <span class='ocrx_word' id='word_1_54' title='bbox 1590 1333 1856 1402; x_wconf 75' lang='lat' dir='ltr'><strong>polentia.</strong></span> 
     </span>
    </p>
   </div>
   <div class='ocr_carea' id='block_1_12' title="bbox 787 1424 2285 1493">
    <p class='ocr_par' dir='ltr' id='par_1_12' title="bbox 787 1424 2285 1493">
     <span class='ocr_line' id='line_1_12' title="bbox 787 1424 2285 1493; baseline -0.001 -10"><span class='ocrx_word' id='word_1_55' title='bbox 787 1430 875 1485; x_wconf 82' lang='grc'><strong>26.</strong></span> <span class='ocrx_word' id='word_1_56' title='bbox 913 1429 1185 1482; x_wconf 85' lang='lat' dir='ltr'><strong>Firmetur</strong></span> <span class='ocrx_word' id='word_1_57' title='bbox 1231 1442 1423 1480; x_wconf 91' lang='lat' dir='ltr'><strong>manus</strong></span> <span class='ocrx_word' id='word_1_58' title='bbox 1466 1435 1596 1493; x_wconf 85' lang='lat' dir='ltr'><strong>tua,</strong></span> <span class='ocrx_word' id='word_1_59' title='bbox 1647 1434 1700 1480; x_wconf 91' lang='lat' dir='ltr'><strong>et</strong></span> <span class='ocrx_word' id='word_1_60' title='bbox 1751 1424 2020 1480; x_wconf 79' lang='lat' dir='ltr'><strong>exaltetur</strong></span> <span class='ocrx_word' id='word_1_61' title='bbox 2064 1425 2285 1482; x_wconf 83' lang='lat' dir='ltr'><strong>dextera</strong></span> 
     </span>
    </p>
   </div>
   <div class='ocr_carea' id='block_1_13' title="bbox 715 1533 828 1580">
    <p class='ocr_par' dir='ltr' id='par_1_13' title="bbox 715 1533 828 1580">
     <span class='ocr_line' id='line_1_13' title="bbox 715 1533 828 1580; baseline -0.027 0"><span class='ocrx_word' id='word_1_62' title='bbox 715 1533 828 1580; x_wconf 75' lang='lat' dir='ltr'><strong>tua.</strong></span> 
     </span>
    </p>
   </div>
   <div class='ocr_carea' id='block_1_14' title="bbox 783 1612 2212 1683">
    <p class='ocr_par' dir='ltr' id='par_1_14' title="bbox 783 1612 2212 1683">
     <span class='ocr_line' id='line_1_14' title="bbox 783 1612 2212 1683; baseline -0.003 -12"><span class='ocrx_word' id='word_1_63' title='bbox 783 1618 874 1674; x_wconf 88' lang='grc'>27.</span> <span class='ocrx_word' id='word_1_64' title='bbox 904 1614 1122 1670; x_wconf 87' lang='lat' dir='ltr'><strong>Justitia</strong></span> <span class='ocrx_word' id='word_1_65' title='bbox 1155 1623 1205 1668; x_wconf 91' lang='lat' dir='ltr'><strong>et</strong></span> <span class='ocrx_word' id='word_1_66' title='bbox 1229 1612 1519 1683; x_wconf 85' lang='lat' dir='ltr'><strong>judicium,</strong></span> <span class='ocrx_word' id='word_1_67' title='bbox 1552 1612 1882 1680; x_wconf 61' lang='lat' dir='ltr'><strong>praeparatio</strong></span> <span class='ocrx_word' id='word_1_68' title='bbox 1913 1612 2056 1667; x_wconf 92' lang='lat' dir='ltr'><strong>sedis</strong></span> <span class='ocrx_word' id='word_1_69' title='bbox 2087 1621 2212 1667; x_wconf 61' lang='lat' dir='ltr'><strong>tuae.</strong></span> 
     </span>
    </p>
   </div>
   <div class='ocr_carea' id='block_1_15' title="bbox 783 1703 2282 1773">
    <p class='ocr_par' dir='ltr' id='par_1_15' title="bbox 783 1703 2282 1773">
     <span class='ocr_line' id='line_1_15' title="bbox 783 1703 2282 1773; baseline -0.003 -11"><span class='ocrx_word' id='word_1_70' title='bbox 783 1709 874 1763; x_wconf 90' lang='grc'><strong>28.</strong></span> <span class='ocrx_word' id='word_1_71' title='bbox 923 1706 1290 1762; x_wconf 84' lang='lat' dir='ltr'><strong>Misericordia</strong></span> <span class='ocrx_word' id='word_1_72' title='bbox 1352 1712 1405 1759; x_wconf 85' lang='lat' dir='ltr'><strong>et</strong></span> <span class='ocrx_word' id='word_1_73' title='bbox 1451 1704 1652 1758; x_wconf 81' lang='lat' dir='ltr'><strong>veritas</strong></span> <span class='ocrx_word' id='word_1_74' title='bbox 1715 1703 2021 1773; x_wconf 64' lang='lat' dir='ltr'><strong>praecedent</strong></span> <span class='ocrx_word' id='word_1_75' title='bbox 2081 1703 2282 1759; x_wconf 74' lang='lat' dir='ltr'><strong>faciem</strong></span> 
     </span>
    </p>
   </div>
   <div class='ocr_carea' id='block_1_16' title="bbox 716 1809 909 1856">
    <p class='ocr_par' dir='ltr' id='par_1_16' title="bbox 716 1809 909 1856">
     <span class='ocr_line' id='line_1_16' title="bbox 716 1809 909 1856; baseline -0.01 0"><span class='ocrx_word' id='word_1_76' title='bbox 716 1809 864 1856; x_wconf 84' lang='lat' dir='ltr'><strong>tuam</strong></span> <span class='ocrx_word' id='word_1_77' title='bbox 894 1816 909 1854; x_wconf 72' lang='grc' dir='ltr'><em>τ</em></span> 
     </span>
    </p>
   </div>
   <div class='ocr_carea' id='block_1_17' title="bbox 784 1887 2059 1960">
    <p class='ocr_par' dir='ltr' id='par_1_17' title="bbox 784 1887 2059 1960">
     <span class='ocr_line' id='line_1_17' title="bbox 784 1887 2059 1960; baseline -0.004 -14"><span class='ocrx_word' id='word_1_78' title='bbox 784 1894 874 1946; x_wconf 90' lang='grc'><strong>29.</strong></span> <span class='ocrx_word' id='word_1_79' title='bbox 904 1892 1100 1945; x_wconf 82' lang='lat' dir='ltr'><strong>Beatus</strong></span> <span class='ocrx_word' id='word_1_80' title='bbox 1136 1889 1368 1960; x_wconf 91' lang='lat' dir='ltr'><strong>p0pulus</strong></span> <span class='ocrx_word' id='word_1_81' title='bbox 1398 1889 1488 1958; x_wconf 91' lang='lat' dir='ltr'><strong>qui</strong></span> <span class='ocrx_word' id='word_1_82' title='bbox 1527 1887 1631 1943; x_wconf 89' lang='lat' dir='ltr'><strong>scit</strong></span> <span class='ocrx_word' id='word_1_83' title='bbox 1654 1887 2059 1958; x_wconf 87' lang='lat' dir='ltr'><strong>jubilationem.</strong></span> 
     </span>
    </p>
   </div>
   <div class='ocr_carea' id='block_1_18' title="bbox 783 1978 2214 2048">
    <p class='ocr_par' dir='ltr' id='par_1_18' title="bbox 783 1978 2214 2048">
     <span class='ocr_line' id='line_1_18' title="bbox 783 1978 2214 2048; baseline -0.004 -11"><span class='ocrx_word' id='word_1_84' title='bbox 783 1984 874 2037; x_wconf 90' lang='grc'>50.</span> <span class='ocrx_word' id='word_1_85' title='bbox 908 1982 1156 2048; x_wconf 88' lang='lat' dir='ltr'><strong>Domine,</strong></span> <span class='ocrx_word' id='word_1_86' title='bbox 1180 1981 1233 2035; x_wconf 90' lang='lat' dir='ltr'><strong>in</strong></span> <span class='ocrx_word' id='word_1_87' title='bbox 1266 1981 1471 2034; x_wconf 90' lang='lat' dir='ltr'><strong>lumine</strong></span> <span class='ocrx_word' id='word_1_88' title='bbox 1495 1979 1678 2033; x_wconf 87' lang='lat' dir='ltr'><strong>vultus</strong></span> <span class='ocrx_word' id='word_1_89' title='bbox 1717 1978 1793 2032; x_wconf 91' lang='lat' dir='ltr'><strong>tui</strong></span> <span class='ocrx_word' id='word_1_90' title='bbox 1820 1978 2214 2032; x_wconf 86' lang='lat' dir='ltr'><strong>ambulabunt:</strong></span> 
     </span>
    </p>
   </div>
   <div class='ocr_carea' id='block_1_19' title="bbox 782 2183 2108 2241">
    <p class='ocr_par' dir='ltr' id='par_1_19' title="bbox 782 2183 2108 2241">
     <span class='ocr_line' id='line_1_19' title="bbox 782 2183 2108 2241; baseline -0.002 0"><span class='ocrx_word' id='word_1_91' title='bbox 782 2187 869 2241; x_wconf 84' lang='grc'><strong>51.</strong></span> <span class='ocrx_word' id='word_1_92' title='bbox 903 2184 968 2240; x_wconf 85' lang='lat' dir='ltr'><strong>Et</strong></span> <span class='ocrx_word' id='word_1_93' title='bbox 998 2187 1051 2239; x_wconf 93' lang='lat' dir='ltr'><strong>in</strong></span> <span class='ocrx_word' id='word_1_94' title='bbox 1083 2184 1304 2239; x_wconf 89' lang='lat' dir='ltr'><strong>nomine</strong></span> <span class='ocrx_word' id='word_1_95' title='bbox 1334 2192 1425 2238; x_wconf 91' lang='lat' dir='ltr'><strong>tuo</strong></span> <span class='ocrx_word' id='word_1_96' title='bbox 1460 2183 1810 2238; x_wconf 79' lang='lat' dir='ltr'><strong>exsultabunt</strong></span> <span class='ocrx_word' id='word_1_97' title='bbox 1833 2191 1944 2239; x_wconf 81' lang='lat' dir='ltr'><strong>tota</strong></span> <span class='ocrx_word' id='word_1_98' title='bbox 1975 2183 2062 2239; x_wconf 87' lang='lat' dir='ltr'><strong>die</strong></span> <span class='ocrx_word' id='word_1_99' title='bbox 2093 2202 2108 2240; x_wconf 90' lang='lat'><strong>:</strong></span> 
     </span>
    </p>
   </div>
   <div class='ocr_carea' id='block_1_20' title="bbox 783 2344 1847 2416">
    <p class='ocr_par' dir='ltr' id='par_1_20' title="bbox 783 2344 1847 2416">
     <span class='ocr_line' id='line_1_20' title="bbox 783 2344 1847 2416; baseline -0.003 -16"><span class='ocrx_word' id='word_1_100' title='bbox 783 2344 872 2400; x_wconf 80' lang='grc'><strong>52.</strong></span> <span class='ocrx_word' id='word_1_101' title='bbox 910 2344 976 2400; x_wconf 84' lang='grc' dir='ltr'><strong>Ει</strong></span> <span class='ocrx_word' id='word_1_102' title='bbox 1006 2346 1058 2399; x_wconf 83' lang='grc' dir='ltr'><strong>ἱη</strong></span> <span class='ocrx_word' id='word_1_103' title='bbox 1089 2345 1297 2416; x_wconf 85' lang='lat' dir='ltr'><strong>justitia</strong></span> <span class='ocrx_word' id='word_1_104' title='bbox 1323 2353 1413 2400; x_wconf 88' lang='lat' dir='ltr'><strong>tua</strong></span> <span class='ocrx_word' id='word_1_105' title='bbox 1435 2347 1847 2401; x_wconf 81' lang='lat' dir='ltr'><strong>exaltabuntur.</strong></span> 
     </span>
    </p>
   </div>
   <div class='ocr_carea' id='block_1_21' title="bbox 783 2434 2051 2506">
    <p class='ocr_par' dir='ltr' id='par_1_21' title="bbox 783 2434 2051 2506">
     <span class='ocr_line' id='line_1_21' title="bbox 783 2434 2051 2506; baseline 0 -18"><span class='ocrx_word' id='word_1_106' title='bbox 783 2436 872 2488; x_wconf 89' lang='grc'><strong>55.</strong></span> <span class='ocrx_word' id='word_1_107' title='bbox 905 2434 1170 2502; x_wconf 88' lang='lat' dir='ltr'><strong>Quoniam</strong></span> <span class='ocrx_word' id='word_1_108' title='bbox 1203 2437 1368 2506; x_wconf 78' lang='lat' dir='ltr'><strong>gloria</strong></span> <span class='ocrx_word' id='word_1_109' title='bbox 1401 2436 1616 2489; x_wconf 82' lang='lat' dir='ltr'><strong>virtutis</strong></span> <span class='ocrx_word' id='word_1_110' title='bbox 1645 2450 1834 2489; x_wconf 88' lang='lat' dir='ltr'><strong>eorum</strong></span> <span class='ocrx_word' id='word_1_111' title='bbox 1864 2440 1922 2488; x_wconf 83' lang='lat' dir='ltr'><strong>lu</strong></span> <span class='ocrx_word' id='word_1_112' title='bbox 1951 2447 2010 2489; x_wconf 88' lang='lat' dir='ltr'><strong>es</strong></span> <span class='ocrx_word' id='word_1_113' title='bbox 2037 2450 2051 2488; x_wconf 90' lang='lat'><strong>:</strong></span> 
     </span>
    </p>
   </div>
   <div class='ocr_carea' id='block_1_22' title="bbox 786 2527 2282 2598">
    <p class='ocr_par' dir='ltr' id='par_1_22' title="bbox 786 2527 2282 2598">
     <span class='ocr_line' id='line_1_22' title="bbox 786 2527 2282 2598; baseline -0.002 -16"><span class='ocrx_word' id='word_1_114' title='bbox 786 2529 876 2583; x_wconf 70' lang='grc'>54.</span> <span class='ocrx_word' id='word_1_115' title='bbox 913 2527 979 2582; x_wconf 84' lang='lat' dir='ltr'><strong>Et</strong></span> <span class='ocrx_word' id='word_1_116' title='bbox 1009 2529 1061 2581; x_wconf 88' lang='lat' dir='ltr'><strong>in</strong></span> <span class='ocrx_word' id='word_1_117' title='bbox 1107 2527 1448 2598; x_wconf 84' lang='lat' dir='ltr'><strong>beneplacito</strong></span> <span class='ocrx_word' id='word_1_118' title='bbox 1493 2538 1590 2583; x_wconf 86' lang='lat' dir='ltr'><strong>tuo</strong></span> <span class='ocrx_word' id='word_1_119' title='bbox 1629 2527 1954 2583; x_wconf 83' lang='lat' dir='ltr'><strong>exaltabitur</strong></span> <span class='ocrx_word' id='word_1_120' title='bbox 1982 2541 2149 2582; x_wconf 89' lang='lat' dir='ltr'><strong>cornu</strong></span> <span class='ocrx_word' id='word_1_121' title='bbox 2182 2539 2282 2580; x_wconf 87' lang='lat' dir='ltr'><strong>no-</strong></span> 
     </span>
    </p>
   </div>
   <div class='ocr_carea' id='block_1_23' title="bbox 718 2630 912 2675">
    <p class='ocr_par' dir='ltr' id='par_1_23' title="bbox 718 2630 912 2675">
     <span class='ocr_line' id='line_1_23' title="bbox 718 2630 912 2675; baseline -0.01 0"><span class='ocrx_word' id='word_1_122' title='bbox 718 2630 912 2675; x_wconf 87' lang='lat' dir='ltr'><strong>strum.</strong></span> 
     </span>
    </p>
   </div>
   <div class='ocr_carea' id='block_1_24' title="bbox 1553 395 3108 455">
    <p class='ocr_par' dir='ltr' id='par_1_24' title="bbox 1553 395 3108 455">
     <span class='ocr_line' id='line_1_24' title="bbox 1553 395 3108 455; baseline 0.005 -7"><span class='ocrx_word' id='word_1_123' title='bbox 1553 396 1610 450; x_wconf 91' lang='lat' dir='ltr'><strong>S.</strong></span> <span class='ocrx_word' id='word_1_124' title='bbox 1651 395 2021 450; x_wconf 83' lang='lat' dir='ltr'><strong>ATHANASII</strong></span> <span class='ocrx_word' id='word_1_125' title='bbox 2060 395 2210 452; x_wconf 85' lang='lat' dir='ltr'><strong>OPP.</strong></span> <span class='ocrx_word' id='word_1_126' title='bbox 2246 395 2428 451; x_wconf 77' lang='lat' dir='ltr'><strong>PARS</strong></span> <span class='ocrx_word' id='word_1_127' title='bbox 2465 395 2554 454; x_wconf 79' lang='lat' dir='ltr'><strong>lli.</strong></span> <span class='ocrx_word' id='word_1_128' title='bbox 2588 427 2659 438; x_wconf 93' lang='lat'><strong>—</strong></span> <span class='ocrx_word' id='word_1_129' title='bbox 2697 395 3108 455; x_wconf 78' lang='lat' dir='ltr'><strong>EXEGETICA.</strong></span> 
     </span>
    </p>
   </div>
   <div class='ocr_carea' id='block_1_25' title="bbox 3823 393 3985 450">
    <p class='ocr_par' dir='ltr' id='par_1_25' title="bbox 3823 393 3985 450">
     <span class='ocr_line' id='line_1_25' title="bbox 3823 393 3985 450; baseline 0 -1"><span class='ocrx_word' id='word_1_130' title='bbox 3823 393 3985 450; x_wconf 78' lang='grc'>1028</span> 
     </span>
    </p>
   </div>
   <div class='ocr_carea' id='block_1_26' title="bbox 2310 503 3942 578">
    <p class='ocr_par' dir='ltr' id='par_1_26' title="bbox 2310 503 3942 578">
     <span class='ocr_line' id='line_1_26' title="bbox 2310 503 3942 578; baseline 0.001 -18"><span class='ocrx_word' id='word_1_131' title='bbox 2310 512 2357 568; x_wconf 76' lang='grc' dir='ltr'><strong>Α</strong></span> <span class='ocrx_word' id='word_1_132' title='bbox 2454 507 2540 561; x_wconf 87' lang='grc'><strong>19.</strong></span> <span class='ocrx_word' id='word_1_133' title='bbox 2582 506 2653 559; x_wconf 76' lang='grc' dir='ltr'><strong>Σὺ</strong></span> <span class='ocrx_word' id='word_1_134' title='bbox 2683 505 3051 569; x_wconf 85' lang='grc' dir='ltr'>ὲταπείνωσας</span> <span class='ocrx_word' id='word_1_135' title='bbox 3074 503 3149 567; x_wconf 84' lang='grc' dir='ltr'><strong>ὡς</strong></span> <span class='ocrx_word' id='word_1_136' title='bbox 3174 503 3509 574; x_wconf 82' lang='grc' dir='ltr'><strong>τραυματίαν</strong></span> <span class='ocrx_word' id='word_1_137' title='bbox 3533 505 3898 578; x_wconf 72' lang='grc' dir='ltr'>ὑπερήφανον</span> <span class='ocrx_word' id='word_1_138' title='bbox 3926 527 3942 540; x_wconf 81' lang='lat'><strong><em>&#39;</em></strong></span> 
     </span>
    </p>
   </div>
   <div class='ocr_carea' id='block_1_27' title="bbox 2453 597 3982 672">
    <p class='ocr_par' dir='ltr' id='par_1_27' title="bbox 2453 597 3982 672">
     <span class='ocr_line' id='line_1_27' title="bbox 2453 597 3982 672; baseline 0.002 -21"><span class='ocrx_word' id='word_1_139' title='bbox 2453 598 2543 653; x_wconf 89' lang='grc'>20.</span> <span class='ocrx_word' id='word_1_140' title='bbox 2571 599 2659 650; x_wconf 86' lang='grc' dir='ltr'>Ἐν</span> <span class='ocrx_word' id='word_1_141' title='bbox 2695 598 2773 668; x_wconf 82' lang='grc' dir='ltr'>τῷ</span> <span class='ocrx_word' id='word_1_142' title='bbox 2816 598 3057 670; x_wconf 77' lang='grc' dir='ltr'><strong>βραχίονι</strong></span> <span class='ocrx_word' id='word_1_143' title='bbox 3087 597 3187 667; x_wconf 80' lang='grc' dir='ltr'><strong>τῆς</strong></span> <span class='ocrx_word' id='word_1_144' title='bbox 3211 597 3492 668; x_wconf 82' lang='grc' dir='ltr'>δυνάμεώς</span> <span class='ocrx_word' id='word_1_145' title='bbox 3524 616 3618 652; x_wconf 87' lang='grc' dir='ltr'><strong>σου</strong></span> <span class='ocrx_word' id='word_1_146' title='bbox 3647 601 3982 672; x_wconf 83' lang='grc' dir='ltr'>διεσκόρπι-</span> 
     </span>
    </p>
   </div>
   <div class='ocr_carea' id='block_1_28' title="bbox 2387 688 3040 759">
    <p class='ocr_par' dir='ltr' id='par_1_28' title="bbox 2387 688 3040 759">
     <span class='ocr_line' id='line_1_28' title="bbox 2387 688 3040 759; baseline -0.005 -16"><span class='ocrx_word' id='word_1_147' title='bbox 2387 707 2484 753; x_wconf 86' lang='grc' dir='ltr'><strong>σας</strong></span> <span class='ocrx_word' id='word_1_148' title='bbox 2512 689 2639 752; x_wconf 80' lang='grc' dir='ltr'>τοὺς</span> <span class='ocrx_word' id='word_1_149' title='bbox 2667 688 2892 759; x_wconf 72' lang='grc' dir='ltr'>ἐχθρούς</span> <span class='ocrx_word' id='word_1_150' title='bbox 2926 706 3040 741; x_wconf 91' lang='grc' dir='ltr'>σου.</span> 
     </span>
    </p>
   </div>
   <div class='ocr_carea' id='block_1_29' title="bbox 2453 778 3789 852">
    <p class='ocr_par' dir='ltr' id='par_1_29' title="bbox 2453 778 3789 852">
     <span class='ocr_line' id='line_1_29' title="bbox 2453 778 3789 852; baseline -0.001 -19"><span class='ocrx_word' id='word_1_151' title='bbox 2453 779 2542 833; x_wconf 83' lang='grc'><strong>21.</strong></span> <span class='ocrx_word' id='word_1_152' title='bbox 2583 778 2674 830; x_wconf 91' lang='grc' dir='ltr'>Σοί</span> <span class='ocrx_word' id='word_1_153' title='bbox 2712 780 2848 830; x_wconf 77' lang='grc' dir='ltr'>εἰσιν</span> <span class='ocrx_word' id='word_1_154' title='bbox 2875 779 2925 830; x_wconf 78' lang='grc' dir='ltr'>οἱ</span> <span class='ocrx_word' id='word_1_155' title='bbox 2951 779 3187 850; x_wconf 75' lang='grc' dir='ltr'>οὐρανοὶ,</span> <span class='ocrx_word' id='word_1_156' title='bbox 3221 779 3313 832; x_wconf 73' lang='grc' dir='ltr'>καὶ</span> <span class='ocrx_word' id='word_1_157' title='bbox 3343 778 3407 849; x_wconf 84' lang='grc' dir='ltr'><strong>σή</strong></span> <span class='ocrx_word' id='word_1_158' title='bbox 3444 779 3592 833; x_wconf 87' lang='grc' dir='ltr'>ὲστιν</span> <span class='ocrx_word' id='word_1_159' title='bbox 3624 783 3656 852; x_wconf 80' lang='grc' dir='ltr'>ἡ</span> <span class='ocrx_word' id='word_1_160' title='bbox 3684 781 3756 852; x_wconf 82' lang='grc' dir='ltr'><strong>γῆ</strong></span> <span class='ocrx_word' id='word_1_161' title='bbox 3776 799 3789 812; x_wconf 88' lang='grc'><strong>·</strong></span> 
     </span>
    </p>
   </div>
   <div class='ocr_carea' id='block_1_30' title="bbox 2451 870 3980 944">
    <p class='ocr_par' dir='ltr' id='par_1_30' title="bbox 2451 870 3980 944">
     <span class='ocr_line' id='line_1_30' title="bbox 2451 870 3980 944; baseline 0.002 -20"><span class='ocrx_word' id='word_1_162' title='bbox 2451 871 2542 926; x_wconf 91' lang='grc'><strong>22.</strong></span> <span class='ocrx_word' id='word_1_163' title='bbox 2584 872 2696 942; x_wconf 73' lang='grc' dir='ltr'><strong>Τὴν</strong></span> <span class='ocrx_word' id='word_1_164' title='bbox 2719 872 3042 942; x_wconf 71' lang='grc' dir='ltr'><strong>οἰκουμένην</strong></span> <span class='ocrx_word' id='word_1_165' title='bbox 3072 871 3163 925; x_wconf 75' lang='grc' dir='ltr'>καὶ</span> <span class='ocrx_word' id='word_1_166' title='bbox 3186 870 3245 925; x_wconf 84' lang='grc' dir='ltr'>τὸ</span> <span class='ocrx_word' id='word_1_167' title='bbox 3268 871 3539 943; x_wconf 85' lang='grc' dir='ltr'>πλήρωμα</span> <span class='ocrx_word' id='word_1_168' title='bbox 3564 873 3737 944; x_wconf 82' lang='grc' dir='ltr'>αὐτῆς</span> <span class='ocrx_word' id='word_1_169' title='bbox 3766 875 3832 928; x_wconf 70' lang='grc' dir='ltr'><strong>σὺ</strong></span> <span class='ocrx_word' id='word_1_170' title='bbox 3861 874 3980 927; x_wconf 75' lang='grc' dir='ltr'><strong>ἐθε-</strong></span> 
     </span>
    </p>
   </div>
   <div class='ocr_carea' id='block_1_31' title="bbox 2389 959 2683 1030">
    <p class='ocr_par' dir='ltr' id='par_1_31' title="bbox 2389 959 2683 1030">
     <span class='ocr_line' id='line_1_31' title="bbox 2389 959 2683 1030; baseline 0.01 -18"><span class='ocrx_word' id='word_1_171' title='bbox 2389 959 2683 1030; x_wconf 82' lang='grc' dir='ltr'>μελίωσας.</span> 
     </span>
    </p>
   </div>
   <div class='ocr_carea' id='block_1_32' title="bbox 2452 1052 3837 1125">
    <p class='ocr_par' dir='ltr' id='par_1_32' title="bbox 2452 1052 3837 1125">
     <span class='ocr_line' id='line_1_32' title="bbox 2452 1052 3837 1125; baseline 0.001 -19"><span class='ocrx_word' id='word_1_172' title='bbox 2452 1052 2541 1107; x_wconf 85' lang='grc'><strong>25.</strong></span> <span class='ocrx_word' id='word_1_173' title='bbox 2583 1054 2686 1105; x_wconf 78' lang='grc' dir='ltr'><strong>Τὸν</strong></span> <span class='ocrx_word' id='word_1_174' title='bbox 2715 1055 2913 1125; x_wconf 73' lang='grc' dir='ltr'>βορρᾶν</span> <span class='ocrx_word' id='word_1_175' title='bbox 2938 1052 3032 1107; x_wconf 74' lang='grc' dir='ltr'><strong>καὶ</strong></span> <span class='ocrx_word' id='word_1_176' title='bbox 3059 1052 3156 1124; x_wconf 80' lang='grc' dir='ltr'><strong>τὴν</strong></span> <span class='ocrx_word' id='word_1_177' title='bbox 3186 1052 3459 1107; x_wconf 77' lang='grc' dir='ltr'><strong>Θάλασσαν</strong></span> <span class='ocrx_word' id='word_1_178' title='bbox 3485 1055 3549 1108; x_wconf 63' lang='grc' dir='ltr'>σὺ</span> <span class='ocrx_word' id='word_1_179' title='bbox 3581 1055 3803 1120; x_wconf 80' lang='grc' dir='ltr'>ἔκτισας</span> <span class='ocrx_word' id='word_1_180' title='bbox 3823 1075 3837 1086; x_wconf 89' lang='grc'><strong>·</strong></span> 
     </span>
    </p>
   </div>
   <div class='ocr_carea' id='block_1_33' title="bbox 2453 1144 3979 1217">
    <p class='ocr_par' dir='ltr' id='par_1_33' title="bbox 2453 1144 3979 1217">
     <span class='ocr_line' id='line_1_33' title="bbox 2453 1144 3979 1217; baseline 0.002 -19"><span class='ocrx_word' id='word_1_181' title='bbox 2453 1144 2543 1198; x_wconf 69' lang='grc'>24.</span> <span class='ocrx_word' id='word_1_182' title='bbox 2586 1145 2782 1216; x_wconf 75' lang='grc' dir='ltr'>Θαϐὼρ</span> <span class='ocrx_word' id='word_1_183' title='bbox 2807 1146 2899 1198; x_wconf 69' lang='grc' dir='ltr'>καὶ</span> <span class='ocrx_word' id='word_1_184' title='bbox 2931 1145 3143 1217; x_wconf 84' lang='grc' dir='ltr'>Ἐρμὼν</span> <span class='ocrx_word' id='word_1_185' title='bbox 3168 1146 3225 1199; x_wconf 80' lang='grc' dir='ltr'>ὲν</span> <span class='ocrx_word' id='word_1_186' title='bbox 3250 1145 3327 1216; x_wconf 83' lang='grc' dir='ltr'>τῷ</span> <span class='ocrx_word' id='word_1_187' title='bbox 3353 1144 3578 1217; x_wconf 73' lang='grc' dir='ltr'>ὀνόματί</span> <span class='ocrx_word' id='word_1_188' title='bbox 3600 1165 3692 1201; x_wconf 87' lang='grc' dir='ltr'><strong>σου</strong></span> <span class='ocrx_word' id='word_1_189' title='bbox 3710 1148 3979 1217; x_wconf 54' lang='lat' dir='ltr'><strong>rixanti-</strong></span> 
     </span>
    </p>
   </div>
   <div class='ocr_carea' id='block_1_34' title="bbox 2389 1253 2602 1290">
    <p class='ocr_par' dir='ltr' id='par_1_34' title="bbox 2389 1253 2602 1290">
     <span class='ocr_line' id='line_1_34' title="bbox 2389 1253 2602 1290; baseline -0.005 0"><span class='ocrx_word' id='word_1_190' title='bbox 2389 1254 2569 1290; x_wconf 84' lang='grc' dir='ltr'>σονται</span> <span class='ocrx_word' id='word_1_191' title='bbox 2590 1253 2602 1267; x_wconf 83' lang='grc'><strong>⁰</strong></span> 
     </span>
    </p>
   </div>
   <div class='ocr_carea' id='block_1_35' title="bbox 2451 1328 3535 1401">
    <p class='ocr_par' dir='ltr' id='par_1_35' title="bbox 2451 1328 3535 1401">
     <span class='ocr_line' id='line_1_35' title="bbox 2451 1328 3535 1401; baseline 0.002 -20"><span class='ocrx_word' id='word_1_192' title='bbox 2451 1329 2544 1383; x_wconf 77' lang='grc'><strong>25.</strong></span> <span class='ocrx_word' id='word_1_193' title='bbox 2584 1328 2682 1392; x_wconf 83' lang='grc' dir='ltr'>Σὺς</span> <span class='ocrx_word' id='word_1_194' title='bbox 2714 1331 2741 1382; x_wconf 86' lang='grc' dir='ltr'><strong>ὁ</strong></span> <span class='ocrx_word' id='word_1_195' title='bbox 2776 1329 3011 1400; x_wconf 82' lang='grc' dir='ltr'>βραχίων</span> <span class='ocrx_word' id='word_1_196' title='bbox 3045 1332 3180 1401; x_wconf 87' lang='grc' dir='ltr'>μετὰ</span> <span class='ocrx_word' id='word_1_197' title='bbox 3203 1331 3535 1396; x_wconf 78' lang='grc' dir='ltr'><strong>δυναστείας.</strong></span> 
     </span>
    </p>
   </div>
   <div class='ocr_carea' id='block_1_36' title="bbox 2453 1419 3973 1495">
    <p class='ocr_par' dir='ltr' id='par_1_36' title="bbox 2453 1419 3973 1495">
     <span class='ocr_line' id='line_1_36' title="bbox 2453 1419 3973 1495; baseline 0.002 -20"><span class='ocrx_word' id='word_1_198' title='bbox 2453 1419 2544 1476; x_wconf 87' lang='grc'>26.</span> <span class='ocrx_word' id='word_1_199' title='bbox 2585 1421 2994 1493; x_wconf 80' lang='grc' dir='ltr'><strong>Κραταιωθήτω</strong></span> <span class='ocrx_word' id='word_1_200' title='bbox 3019 1423 3051 1493; x_wconf 88' lang='grc' dir='ltr'><strong>ἡ</strong></span> <span class='ocrx_word' id='word_1_201' title='bbox 3074 1422 3190 1493; x_wconf 89' lang='grc' dir='ltr'>χείρ</span> <span class='ocrx_word' id='word_1_202' title='bbox 3209 1439 3322 1488; x_wconf 80' lang='grc' dir='ltr'>σου,</span> <span class='ocrx_word' id='word_1_203' title='bbox 3344 1423 3658 1495; x_wconf 75' lang='grc' dir='ltr'><strong>ὑψωθήτωὴ</strong></span> <span class='ocrx_word' id='word_1_204' title='bbox 3678 1423 3832 1490; x_wconf 77' lang='grc' dir='ltr'>δεξιά</span> <span class='ocrx_word' id='word_1_205' title='bbox 3852 1443 3973 1479; x_wconf 79' lang='grc' dir='ltr'>σου.</span> 
     </span>
    </p>
   </div>
   <div class='ocr_carea' id='block_1_37' title="bbox 2452 1601 3976 1676">
    <p class='ocr_par' dir='ltr' id='par_1_37' title="bbox 2452 1601 3976 1676">
     <span class='ocr_line' id='line_1_37' title="bbox 2452 1601 3976 1676; baseline 0.003 -20"><span class='ocrx_word' id='word_1_206' title='bbox 2452 1602 2542 1656; x_wconf 84' lang='grc'><strong>27.</strong></span> <span class='ocrx_word' id='word_1_207' title='bbox 2584 1602 2903 1674; x_wconf 75' lang='grc' dir='ltr'><strong>Δικαιοσύνη</strong></span> <span class='ocrx_word' id='word_1_208' title='bbox 2921 1601 3014 1655; x_wconf 74' lang='grc' dir='ltr'>καὶ</span> <span class='ocrx_word' id='word_1_209' title='bbox 3035 1603 3206 1674; x_wconf 81' lang='grc' dir='ltr'>κρῖμα</span> <span class='ocrx_word' id='word_1_210' title='bbox 3223 1603 3504 1673; x_wconf 80' lang='grc' dir='ltr'>ἑτοιμασία</span> <span class='ocrx_word' id='word_1_211' title='bbox 3519 1603 3612 1656; x_wconf 82' lang='grc' dir='ltr'><strong>τοῦ</strong></span> <span class='ocrx_word' id='word_1_212' title='bbox 3633 1604 3827 1676; x_wconf 82' lang='grc' dir='ltr'>Θρόνου</span> <span class='ocrx_word' id='word_1_213' title='bbox 3851 1624 3976 1660; x_wconf 83' lang='grc' dir='ltr'>σου.</span> 
     </span>
    </p>
   </div>
   <div class='ocr_carea' id='block_1_38' title="bbox 2453 1687 3979 1771">
    <p class='ocr_par' dir='ltr' id='par_1_38' title="bbox 2453 1687 3979 1771">
     <span class='ocr_line' id='line_1_38' title="bbox 2453 1687 3979 1771; baseline 0.003 -23"><span class='ocrx_word' id='word_1_214' title='bbox 2453 1695 2544 1750; x_wconf 87' lang='grc'>28.</span> <span class='ocrx_word' id='word_1_215' title='bbox 2563 1694 2749 1758; x_wconf 84' lang='grc' dir='ltr'>Ἔλεος</span> <span class='ocrx_word' id='word_1_216' title='bbox 2788 1695 2881 1747; x_wconf 71' lang='grc' dir='ltr'>καὶ</span> <span class='ocrx_word' id='word_1_217' title='bbox 2913 1693 3138 1765; x_wconf 83' lang='grc' dir='ltr'><strong>ἀλήθεια</strong></span> <span class='ocrx_word' id='word_1_218' title='bbox 3180 1687 3639 1768; x_wconf 76' lang='grc' dir='ltr'>προπορέύσονται</span> <span class='ocrx_word' id='word_1_219' title='bbox 3663 1698 3774 1769; x_wconf 80' lang='grc' dir='ltr'><strong>πρὸ</strong></span> <span class='ocrx_word' id='word_1_220' title='bbox 3800 1717 3979 1771; x_wconf 79' lang='grc' dir='ltr'>προσ-</span> 
     </span>
    </p>
   </div>
   <div class='ocr_carea' id='block_1_39' title="bbox 2384 1786 2690 1840">
    <p class='ocr_par' dir='ltr' id='par_1_39' title="bbox 2384 1786 2690 1840">
     <span class='ocr_line' id='line_1_39' title="bbox 2384 1786 2690 1840; baseline -0.007 0"><span class='ocrx_word' id='word_1_221' title='bbox 2384 1786 2533 1840; x_wconf 90' lang='grc' dir='ltr'>ώπου</span> <span class='ocrx_word' id='word_1_222' title='bbox 2565 1804 2656 1839; x_wconf 91' lang='grc' dir='ltr'><strong>σου</strong></span> <span class='ocrx_word' id='word_1_223' title='bbox 2678 1802 2690 1816; x_wconf 88' lang='grc'><strong>·</strong></span> 
     </span>
    </p>
   </div>
   <div class='ocr_carea' id='block_1_40' title="bbox 2315 1878 3824 1954">
    <p class='ocr_par' dir='ltr' id='par_1_40' title="bbox 2315 1878 3824 1954">
     <span class='ocr_line' id='line_1_40' title="bbox 2315 1878 3824 1954; baseline 0.001 -19"><span class='ocrx_word' id='word_1_224' title='bbox 2315 1880 2356 1935; x_wconf 88' lang='grc' dir='ltr'><strong>Β</strong></span> <span class='ocrx_word' id='word_1_225' title='bbox 2456 1882 2543 1935; x_wconf 86' lang='grc'><strong>29.</strong></span> <span class='ocrx_word' id='word_1_226' title='bbox 2586 1878 2871 1950; x_wconf 75' lang='grc' dir='ltr'>Μακάριος</span> <span class='ocrx_word' id='word_1_227' title='bbox 2895 1881 2922 1931; x_wconf 82' lang='grc' dir='ltr'>ὁ</span> <span class='ocrx_word' id='word_1_228' title='bbox 2955 1878 3081 1944; x_wconf 81' lang='grc' dir='ltr'>λαὸς</span> <span class='ocrx_word' id='word_1_229' title='bbox 3108 1881 3138 1934; x_wconf 79' lang='grc' dir='ltr'><strong>ὁ</strong></span> <span class='ocrx_word' id='word_1_230' title='bbox 3166 1880 3448 1950; x_wconf 79' lang='grc' dir='ltr'><strong>γινώσκων</strong></span> <span class='ocrx_word' id='word_1_231' title='bbox 3479 1883 3824 1954; x_wconf 80' lang='grc' dir='ltr'>ἀλαλαγμόν.</span> 
     </span>
    </p>
   </div>
   <div class='ocr_carea' id='block_1_41' title="bbox 2458 1970 3978 2048">
    <p class='ocr_par' dir='ltr' id='par_1_41' title="bbox 2458 1970 3978 2048">
     <span class='ocr_line' id='line_1_41' title="bbox 2458 1970 3978 2048; baseline 0.002 -21"><span class='ocrx_word' id='word_1_232' title='bbox 2458 1972 2546 2027; x_wconf 81' lang='grc'>50.</span> <span class='ocrx_word' id='word_1_233' title='bbox 2587 1972 2779 2042; x_wconf 82' lang='grc' dir='ltr'><strong>Κύριε,</strong></span> <span class='ocrx_word' id='word_1_234' title='bbox 2799 1973 2854 2024; x_wconf 80' lang='grc' dir='ltr'>ὲν</span> <span class='ocrx_word' id='word_1_235' title='bbox 2873 1970 2949 2041; x_wconf 77' lang='grc' dir='ltr'>τῷ</span> <span class='ocrx_word' id='word_1_236' title='bbox 2977 1975 3115 2041; x_wconf 78' lang='grc' dir='ltr'>φωτὶ</span> <span class='ocrx_word' id='word_1_237' title='bbox 3133 1975 3226 2029; x_wconf 83' lang='grc' dir='ltr'><strong>τοῦ</strong></span> <span class='ocrx_word' id='word_1_238' title='bbox 3243 1974 3536 2047; x_wconf 84' lang='grc' dir='ltr'>προσώπου</span> <span class='ocrx_word' id='word_1_239' title='bbox 3560 1994 3653 2029; x_wconf 85' lang='grc' dir='ltr'><strong>σου</strong></span> <span class='ocrx_word' id='word_1_240' title='bbox 3672 1975 3978 2048; x_wconf 79' lang='grc' dir='ltr'>πορεύσον-</span> 
     </span>
    </p>
   </div>
   <div class='ocr_carea' id='block_1_42' title="bbox 2385 2082 2499 2120">
    <p class='ocr_par' dir='ltr' id='par_1_42' title="bbox 2385 2082 2499 2120">
     <span class='ocr_line' id='line_1_42' title="bbox 2385 2082 2499 2120; baseline 0 -1"><span class='ocrx_word' id='word_1_241' title='bbox 2385 2082 2499 2120; x_wconf 74' lang='grc' dir='ltr'>ταιο</span> 
     </span>
    </p>
   </div>
   <div class='ocr_carea' id='block_1_43' title="bbox 2456 2160 3977 2234">
    <p class='ocr_par' dir='ltr' id='par_1_43' title="bbox 2456 2160 3977 2234">
     <span class='ocr_line' id='line_1_43' title="bbox 2456 2160 3977 2234; baseline 0 -20"><span class='ocrx_word' id='word_1_242' title='bbox 2456 2160 2548 2215; x_wconf 84' lang='grc'><strong>51.</strong></span> <span class='ocrx_word' id='word_1_243' title='bbox 2588 2162 2696 2215; x_wconf 70' lang='grc' dir='ltr'><strong>Καὶ</strong></span> <span class='ocrx_word' id='word_1_244' title='bbox 2726 2163 2782 2214; x_wconf 80' lang='grc' dir='ltr'>ἐν</span> <span class='ocrx_word' id='word_1_245' title='bbox 2806 2161 2882 2233; x_wconf 83' lang='grc' dir='ltr'>τῷ</span> <span class='ocrx_word' id='word_1_246' title='bbox 2911 2160 3132 2233; x_wconf 82' lang='grc' dir='ltr'>ὀνόματί</span> <span class='ocrx_word' id='word_1_247' title='bbox 3154 2177 3245 2214; x_wconf 90' lang='grc' dir='ltr'><strong>σου</strong></span> <span class='ocrx_word' id='word_1_248' title='bbox 3281 2161 3702 2230; x_wconf 80' lang='grc' dir='ltr'>ὰγαλλιάσονται</span> <span class='ocrx_word' id='word_1_249' title='bbox 3720 2163 3854 2234; x_wconf 82' lang='grc' dir='ltr'>ὅλην</span> <span class='ocrx_word' id='word_1_250' title='bbox 3872 2162 3977 2234; x_wconf 83' lang='grc' dir='ltr'><strong>τὴν</strong></span> 
     </span>
    </p>
   </div>
   <div class='ocr_carea' id='block_1_44' title="bbox 2387 2252 2632 2323">
    <p class='ocr_par' dir='ltr' id='par_1_44' title="bbox 2387 2252 2632 2323">
     <span class='ocr_line' id='line_1_44' title="bbox 2387 2252 2632 2323; baseline 0.004 -1"><span class='ocrx_word' id='word_1_251' title='bbox 2387 2252 2632 2323; x_wconf 74' lang='grc' dir='ltr'><strong>ἡμέραν·</strong></span> 
     </span>
    </p>
   </div>
   <div class='ocr_carea' id='block_1_45' title="bbox 2457 2344 3783 2418">
    <p class='ocr_par' dir='ltr' id='par_1_45' title="bbox 2457 2344 3783 2418">
     <span class='ocr_line' id='line_1_45' title="bbox 2457 2344 3783 2418; baseline 0.002 -19"><span class='ocrx_word' id='word_1_252' title='bbox 2457 2344 2547 2399; x_wconf 82' lang='grc'><strong>52.</strong></span> <span class='ocrx_word' id='word_1_253' title='bbox 2588 2345 2698 2398; x_wconf 76' lang='grc' dir='ltr'><strong>Καὶ</strong></span> <span class='ocrx_word' id='word_1_254' title='bbox 2732 2346 2790 2398; x_wconf 82' lang='grc' dir='ltr'>ὲν</span> <span class='ocrx_word' id='word_1_255' title='bbox 2818 2348 2882 2416; x_wconf 79' lang='grc' dir='ltr'>τῇ</span> <span class='ocrx_word' id='word_1_256' title='bbox 2909 2344 3220 2417; x_wconf 79' lang='grc' dir='ltr'>δικαιοσύνῃ</span> <span class='ocrx_word' id='word_1_257' title='bbox 3255 2363 3348 2399; x_wconf 89' lang='grc' dir='ltr'><strong>σου</strong></span> <span class='ocrx_word' id='word_1_258' title='bbox 3378 2345 3783 2418; x_wconf 75' lang='grc' dir='ltr'>ὑψωθήσονται.</span> 
     </span>
    </p>
   </div>
   <div class='ocr_carea' id='block_1_46' title="bbox 2458 2432 3802 2508">
    <p class='ocr_par' dir='ltr' id='par_1_46' title="bbox 2458 2432 3802 2508">
     <span class='ocr_line' id='line_1_46' title="bbox 2458 2432 3802 2508; baseline 0 -18"><span class='ocrx_word' id='word_1_259' title='bbox 2458 2436 2683 2491; x_wconf 77' lang='grc' dir='ltr'>55.’οτι</span> <span class='ocrx_word' id='word_1_260' title='bbox 2709 2437 2969 2508; x_wconf 83' lang='grc' dir='ltr'>καύχημα</span> <span class='ocrx_word' id='word_1_261' title='bbox 2993 2439 3090 2508; x_wconf 82' lang='grc' dir='ltr'><strong>τῆς</strong></span> <span class='ocrx_word' id='word_1_262' title='bbox 3119 2436 3395 2507; x_wconf 84' lang='grc' dir='ltr'>δυνάμεως</span> <span class='ocrx_word' id='word_1_263' title='bbox 3419 2439 3597 2492; x_wconf 83' lang='grc' dir='ltr'>αὐτῶν</span> <span class='ocrx_word' id='word_1_264' title='bbox 3631 2439 3697 2491; x_wconf 76' lang='grc' dir='ltr'>σὺ</span> <span class='ocrx_word' id='word_1_265' title='bbox 3728 2432 3802 2491; x_wconf 73' lang='grc' dir='ltr'><strong>εἴ.</strong></span> 
     </span>
    </p>
   </div>
   <div class='ocr_carea' id='block_1_47' title="bbox 2458 2527 3973 2599">
    <p class='ocr_par' dir='ltr' id='par_1_47' title="bbox 2458 2527 3973 2599">
     <span class='ocr_line' id='line_1_47' title="bbox 2458 2527 3973 2599; baseline 0.001 -18"><span class='ocrx_word' id='word_1_266' title='bbox 2458 2529 2546 2581; x_wconf 70' lang='grc'>54.</span> <span class='ocrx_word' id='word_1_267' title='bbox 2590 2529 2698 2582; x_wconf 71' lang='grc' dir='ltr'><strong>Καὶ</strong></span> <span class='ocrx_word' id='word_1_268' title='bbox 2740 2530 2798 2581; x_wconf 82' lang='grc' dir='ltr'>ὲν</span> <span class='ocrx_word' id='word_1_269' title='bbox 2838 2531 2903 2598; x_wconf 77' lang='grc' dir='ltr'><strong>τῇ</strong></span> <span class='ocrx_word' id='word_1_270' title='bbox 2951 2528 3166 2598; x_wconf 74' lang='grc' dir='ltr'>εὐδοκία</span> <span class='ocrx_word' id='word_1_271' title='bbox 3206 2545 3298 2580; x_wconf 88' lang='grc' dir='ltr'><strong>σου</strong></span> <span class='ocrx_word' id='word_1_272' title='bbox 3329 2527 3676 2598; x_wconf 74' lang='grc' dir='ltr'><strong>ὑψωθήσεται</strong></span> <span class='ocrx_word' id='word_1_273' title='bbox 3709 2528 3774 2582; x_wconf 78' lang='grc' dir='ltr'>τὸ</span> <span class='ocrx_word' id='word_1_274' title='bbox 3799 2527 3973 2599; x_wconf 79' lang='grc' dir='ltr'>κέρας</span> 
     </span>
    </p>
   </div>
   <div class='ocr_carea' id='block_1_48' title="bbox 2389 2618 2567 2688">
    <p class='ocr_par' dir='ltr' id='par_1_48' title="bbox 2389 2618 2567 2688">
     <span class='ocr_line' id='line_1_48' title="bbox 2389 2618 2567 2688; baseline 0.011 -18"><span class='ocrx_word' id='word_1_275' title='bbox 2389 2618 2567 2688; x_wconf 78' lang='grc' dir='ltr'>ἡμῶν.</span> 
     </span>
    </p>
   </div>
   <div class='ocr_carea' id='block_1_49' title="bbox 1829 2770 2820 2828">
    <p class='ocr_par' dir='ltr' id='par_1_49' title="bbox 1829 2770 2820 2828">
     <span class='ocr_line' id='line_1_49' title="bbox 1829 2770 2820 2828; baseline 0 -2"><span class='ocrx_word' id='word_1_276' title='bbox 1829 2770 2207 2828; x_wconf 80' lang='lat' dir='ltr'><strong>ATHANASII</strong></span> <span class='ocrx_word' id='word_1_277' title='bbox 2241 2770 2820 2828; x_wconf 79' lang='lat' dir='ltr'><strong>INTEBPRETATIO.</strong></span> 
     </span>
    </p>
   </div>
   <div class='ocr_carea' id='block_1_50' title="bbox 784 2883 1211 2943">
    <p class='ocr_par' dir='ltr' id='par_1_50' title="bbox 784 2883 1211 2943">
     <span class='ocr_line' id='line_1_50' title="bbox 784 2883 1211 2943; baseline 0.002 -2"><span class='ocrx_word' id='word_1_278' title='bbox 784 2887 869 2942; x_wconf 89' lang='grc'><strong>19.</strong></span> <span class='ocrx_word' id='word_1_279' title='bbox 905 2883 1211 2943; x_wconf 79' lang='lat' dir='ltr'><strong>Diabolum.</strong></span> 
     </span>
    </p>
   </div>
   <div class='ocr_carea' id='block_1_51' title="bbox 775 2979 2284 3051">
    <p class='ocr_par' dir='ltr' id='par_1_51' title="bbox 775 2979 2284 3051">
     <span class='ocr_line' id='line_1_51' title="bbox 775 2979 2284 3051; baseline 0.004 -19"><span class='ocrx_word' id='word_1_280' title='bbox 775 2979 952 3035; x_wconf 86' lang='grc' dir='ltr'>20.1η</span> <span class='ocrx_word' id='word_1_281' title='bbox 1011 2980 1328 3036; x_wconf 80' lang='lat' dir='ltr'><strong>fortitudine</strong></span> <span class='ocrx_word' id='word_1_282' title='bbox 1361 2980 1483 3035; x_wconf 85' lang='lat' dir='ltr'><strong>Filii</strong></span> <span class='ocrx_word' id='word_1_283' title='bbox 1527 2982 1600 3035; x_wconf 83' lang='lat' dir='ltr'><strong>tui</strong></span> <span class='ocrx_word' id='word_1_284' title='bbox 1653 2981 1937 3051; x_wconf 89' lang='lat' dir='ltr'><strong>perdidisti</strong></span> <span class='ocrx_word' id='word_1_285' title='bbox 1983 2981 2284 3038; x_wconf 86' lang='lat' dir='ltr'><strong>contrarias</strong></span> 
     </span>
    </p>
   </div>
   <div class='ocr_carea' id='block_1_52' title="bbox 716 3079 1031 3139">
    <p class='ocr_par' dir='ltr' id='par_1_52' title="bbox 716 3079 1031 3139">
     <span class='ocr_line' id='line_1_52' title="bbox 716 3079 1031 3139; baseline 0.01 -19"><span class='ocrx_word' id='word_1_286' title='bbox 716 3079 1031 3139; x_wconf 73' lang='lat' dir='ltr'><strong>potestates.</strong></span> 
     </span>
    </p>
   </div>
   <div class='ocr_carea' id='block_1_53' title="bbox 2452 2886 2972 2944">
    <p class='ocr_par' dir='ltr' id='par_1_53' title="bbox 2452 2886 2972 2944">
     <span class='ocr_line' id='line_1_53' title="bbox 2452 2886 2972 2944; baseline -0.008 -2"><span class='ocrx_word' id='word_1_287' title='bbox 2452 2889 2538 2944; x_wconf 84' lang='grc'><strong>19.</strong></span> <span class='ocrx_word' id='word_1_288' title='bbox 2581 2890 2684 2941; x_wconf 86' lang='grc' dir='ltr'><strong>Τὸν</strong></span> <span class='ocrx_word' id='word_1_289' title='bbox 2713 2886 2972 2941; x_wconf 73' lang='grc' dir='ltr'>διάϐολον.</span> 
     </span>
    </p>
   </div>
   <div class='ocr_carea' id='block_1_54' title="bbox 2454 2975 3969 3051">
    <p class='ocr_par' dir='ltr' id='par_1_54' title="bbox 2454 2975 3969 3051">
     <span class='ocr_line' id='line_1_54' title="bbox 2454 2975 3969 3051; baseline -0.001 -17"><span class='ocrx_word' id='word_1_290' title='bbox 2454 2981 2544 3034; x_wconf 88' lang='grc'><strong>20.</strong></span> <span class='ocrx_word' id='word_1_291' title='bbox 2563 2979 2655 3034; x_wconf 84' lang='grc' dir='ltr'>Ἐν</span> <span class='ocrx_word' id='word_1_292' title='bbox 2679 2983 2748 3051; x_wconf 78' lang='grc' dir='ltr'><strong>τῇ</strong></span> <span class='ocrx_word' id='word_1_293' title='bbox 2777 2978 2921 3051; x_wconf 77' lang='grc' dir='ltr'>ἰσχύϊ</span> <span class='ocrx_word' id='word_1_294' title='bbox 2948 2977 3041 3032; x_wconf 80' lang='grc' dir='ltr'><strong>τοῦ</strong></span> <span class='ocrx_word' id='word_1_295' title='bbox 3074 2975 3202 3032; x_wconf 85' lang='grc' dir='ltr'>Υἱοῦ</span> <span class='ocrx_word' id='word_1_296' title='bbox 3233 2993 3328 3031; x_wconf 90' lang='grc' dir='ltr'><strong>σου</strong></span> <span class='ocrx_word' id='word_1_297' title='bbox 3352 2975 3642 3042; x_wconf 83' lang='grc' dir='ltr'>ἀπώλεσας</span> <span class='ocrx_word' id='word_1_298' title='bbox 3671 2975 3773 3041; x_wconf 84' lang='grc' dir='ltr'>τὰς</span> <span class='ocrx_word' id='word_1_299' title='bbox 3809 2979 3969 3033; x_wconf 74' lang='grc' dir='ltr'>ἐναν-</span> 
     </span>
    </p>
   </div>
   <div class='ocr_carea' id='block_1_55' title="bbox 2384 3073 2805 3144">
    <p class='ocr_par' dir='ltr' id='par_1_55' title="bbox 2384 3073 2805 3144">
     <span class='ocr_line' id='line_1_55' title="bbox 2384 3073 2805 3144; baseline -0.005 -17"><span class='ocrx_word' id='word_1_300' title='bbox 2384 3073 2503 3138; x_wconf 88' lang='grc' dir='ltr'>τίας</span> <span class='ocrx_word' id='word_1_301' title='bbox 2527 3073 2805 3144; x_wconf 82' lang='grc' dir='ltr'>δυνάμεις.</span> 
     </span>
    </p>
   </div>
   <div class='ocr_carea' id='block_1_56' title="bbox 785 3138 2282 3236">
    <p class='ocr_par' dir='ltr' id='par_1_56' title="bbox 785 3159 2282 3233">
     <span class='ocr_line' id='line_1_56' title="bbox 785 3159 2282 3233; baseline 0.003 -20"><span class='ocrx_word' id='word_1_302' title='bbox 785 3161 872 3216; x_wconf 83' lang='grc'><strong>21.</strong></span> <span class='ocrx_word' id='word_1_303' title='bbox 910 3159 1010 3213; x_wconf 86' lang='lat' dir='ltr'><strong>Tui</strong></span> <span class='ocrx_word' id='word_1_304' title='bbox 1059 3168 1186 3215; x_wconf 89' lang='lat' dir='ltr'><strong>sunt</strong></span> <span class='ocrx_word' id='word_1_305' title='bbox 1216 3159 1390 3214; x_wconf 86' lang='lat' dir='ltr'><strong>sancti</strong></span> <span class='ocrx_word' id='word_1_306' title='bbox 1423 3159 1499 3214; x_wconf 91' lang='lat' dir='ltr'><strong>tui</strong></span> <span class='ocrx_word' id='word_1_307' title='bbox 1544 3160 1598 3214; x_wconf 91' lang='lat' dir='ltr'><strong>in</strong></span> <span class='ocrx_word' id='word_1_308' title='bbox 1644 3161 1802 3227; x_wconf 73' lang='lat' dir='ltr'><strong>cmlo,</strong></span> <span class='ocrx_word' id='word_1_309' title='bbox 1836 3169 1890 3216; x_wconf 89' lang='lat' dir='ltr'><strong>et</strong></span> <span class='ocrx_word' id='word_1_310' title='bbox 1934 3171 2120 3233; x_wconf 81' lang='lat' dir='ltr'><strong>gentes</strong></span> <span class='ocrx_word' id='word_1_311' title='bbox 2163 3176 2282 3217; x_wconf 88' lang='lat' dir='ltr'><strong>ere-</strong></span> 
     </span>
    </p>
   </div>
   <div class='ocr_carea' id='block_1_57' title="bbox 2359 3138 3970 3236">
    <p class='ocr_par' dir='ltr' id='par_1_57' title="bbox 2455 3138 3970 3236">
     <span class='ocr_line' id='line_1_57' title="bbox 2455 3138 3970 3236; baseline -0.003 -16"><span class='ocrx_word' id='word_1_312' title='bbox 2455 3167 2546 3223; x_wconf 84' lang='grc'><strong>21.</strong></span> <span class='ocrx_word' id='word_1_313' title='bbox 2705 3167 2841 3219; x_wconf 82' lang='grc' dir='ltr'>εἰσιν</span> <span class='ocrx_word' id='word_1_314' title='bbox 2865 3165 2940 3236; x_wconf 91' lang='grc'><strong>(1)</strong></span> <span class='ocrx_word' id='word_1_315' title='bbox 2965 3164 3014 3218; x_wconf 84' lang='grc' dir='ltr'>οἱ</span> <span class='ocrx_word' id='word_1_316' title='bbox 3046 3165 3103 3218; x_wconf 82' lang='grc' dir='ltr'>ὲν</span> <span class='ocrx_word' id='word_1_317' title='bbox 3124 3163 3203 3235; x_wconf 81' lang='grc' dir='ltr'>τῷ</span> <span class='ocrx_word' id='word_1_318' title='bbox 3228 3161 3439 3234; x_wconf 76' lang='grc' dir='ltr'>οὖρανῷ</span> <span class='ocrx_word' id='word_1_319' title='bbox 3465 3162 3610 3232; x_wconf 81' lang='grc' dir='ltr'>ἇγιοί</span> <span class='ocrx_word' id='word_1_320' title='bbox 3635 3178 3751 3228; x_wconf 81' lang='grc' dir='ltr'>σου,</span> <span class='ocrx_word' id='word_1_321' title='bbox 3778 3164 3873 3215; x_wconf 70' lang='grc' dir='ltr'>καὶ</span> <span class='ocrx_word' id='word_1_322' title='bbox 3897 3163 3970 3216; x_wconf 79' lang='grc' dir='ltr'><strong>τὰ</strong></span> 
     </span>
    </p>
   </div>
   <div class='ocr_carea' id='block_1_58' title="bbox 715 3252 2282 3320">
    <p class='ocr_par' dir='ltr' id='par_1_58' title="bbox 715 3252 2282 3320">
     <span class='ocr_line' id='line_1_58' title="bbox 715 3252 2282 3320; baseline 0.001 -12"><span class='ocrx_word' id='word_1_323' title='bbox 715 3254 903 3308; x_wconf 84' lang='lat' dir='ltr'><strong>dentes</strong></span> <span class='ocrx_word' id='word_1_324' title='bbox 936 3252 989 3304; x_wconf 86' lang='lat' dir='ltr'><strong>in</strong></span> <span class='ocrx_word' id='word_1_325' title='bbox 1018 3260 1070 3306; x_wconf 91' lang='lat' dir='ltr'><strong>te</strong></span> <span class='ocrx_word' id='word_1_326' title='bbox 1096 3270 1109 3306; x_wconf 88' lang='lat'><strong>:</strong></span> <span class='ocrx_word' id='word_1_327' title='bbox 1141 3252 1392 3307; x_wconf 87' lang='lat' dir='ltr'><strong>similiter</strong></span> <span class='ocrx_word' id='word_1_328' title='bbox 1434 3262 1488 3307; x_wconf 88' lang='lat' dir='ltr'><strong>et</strong></span> <span class='ocrx_word' id='word_1_329' title='bbox 1519 3253 1719 3309; x_wconf 74' lang='lat' dir='ltr'><strong>cadum</strong></span> <span class='ocrx_word' id='word_1_330' title='bbox 1748 3261 1804 3308; x_wconf 84' lang='lat' dir='ltr'><strong>et</strong></span> <span class='ocrx_word' id='word_1_331' title='bbox 1836 3261 1982 3309; x_wconf 88' lang='lat' dir='ltr'><strong>terra</strong></span> <span class='ocrx_word' id='word_1_332' title='bbox 2016 3263 2107 3308; x_wconf 89' lang='lat' dir='ltr'><strong>tua</strong></span> <span class='ocrx_word' id='word_1_333' title='bbox 2135 3262 2282 3320; x_wconf 85' lang='lat' dir='ltr'><strong>sunt.</strong></span> 
     </span>
    </p>
   </div>
   <div class='ocr_carea' id='block_1_59' title="bbox 715 3344 1188 3416">
    <p class='ocr_par' dir='ltr' id='par_1_59' title="bbox 715 3344 1188 3416">
     <span class='ocr_line' id='line_1_59' title="bbox 715 3344 1188 3416; baseline 0.002 -19"><span class='ocrx_word' id='word_1_334' title='bbox 715 3345 843 3416; x_wconf 85' lang='lat' dir='ltr'><strong>quia</strong></span> <span class='ocrx_word' id='word_1_335' title='bbox 872 3360 934 3399; x_wconf 86' lang='lat' dir='ltr'><strong>ea</strong></span> <span class='ocrx_word' id='word_1_336' title='bbox 966 3344 1188 3399; x_wconf 91' lang='lat' dir='ltr'><strong>creasti.</strong></span> 
     </span>
    </p>
   </div>
   <div class='ocr_carea' id='block_1_60' title="bbox 784 3432 2212 3492">
    <p class='ocr_par' dir='ltr' id='par_1_60' title="bbox 784 3432 2212 3492">
     <span class='ocr_line' id='line_1_60' title="bbox 784 3432 2212 3492; baseline 0.004 -5"><span class='ocrx_word' id='word_1_337' title='bbox 784 3435 874 3488; x_wconf 80' lang='grc'><strong>22.</strong></span> <span class='ocrx_word' id='word_1_338' title='bbox 903 3434 1106 3491; x_wconf 89' lang='lat' dir='ltr'><strong>Omnes</strong></span> <span class='ocrx_word' id='word_1_339' title='bbox 1135 3434 1298 3489; x_wconf 84' lang='lat' dir='ltr'><strong>simul</strong></span> <span class='ocrx_word' id='word_1_340' title='bbox 1329 3432 1579 3488; x_wconf 86' lang='lat' dir='ltr'><strong>homines</strong></span> <span class='ocrx_word' id='word_1_341' title='bbox 1610 3433 1852 3490; x_wconf 82' lang='lat' dir='ltr'><strong>fundasti</strong></span> <span class='ocrx_word' id='word_1_342' title='bbox 1884 3436 1939 3490; x_wconf 88' lang='lat' dir='ltr'><strong>in</strong></span> <span class='ocrx_word' id='word_1_343' title='bbox 1964 3436 2068 3492; x_wconf 85' lang='lat' dir='ltr'><strong>ﬁde</strong></span> <span class='ocrx_word' id='word_1_344' title='bbox 2101 3446 2212 3492; x_wconf 87' lang='lat' dir='ltr'><strong>tua.</strong></span> 
     </span>
    </p>
   </div>
   <div class='ocr_carea' id='block_1_61' title="bbox 784 3607 2283 3678">
    <p class='ocr_par' dir='ltr' id='par_1_61' title="bbox 784 3607 2283 3678">
     <span class='ocr_line' id='line_1_61' title="bbox 784 3607 2283 3678; baseline 0 -10"><span class='ocrx_word' id='word_1_345' title='bbox 784 3615 875 3668; x_wconf 89' lang='grc'><strong>25.</strong></span> <span class='ocrx_word' id='word_1_346' title='bbox 907 3613 1270 3668; x_wconf 81' lang='lat' dir='ltr'><strong>Adversantes</strong></span> <span class='ocrx_word' id='word_1_347' title='bbox 1298 3609 1394 3666; x_wconf 88' lang='lat' dir='ltr'><strong>tibi</strong></span> <span class='ocrx_word' id='word_1_348' title='bbox 1418 3607 1656 3678; x_wconf 66' lang='lat' dir='ltr'><strong>Judazos,</strong></span> <span class='ocrx_word' id='word_1_349' title='bbox 1688 3619 1743 3666; x_wconf 85' lang='lat' dir='ltr'><strong>et</strong></span> <span class='ocrx_word' id='word_1_350' title='bbox 1772 3612 2035 3669; x_wconf 90' lang='lat' dir='ltr'><strong>mundum</strong></span> <span class='ocrx_word' id='word_1_351' title='bbox 2075 3623 2133 3668; x_wconf 92' lang='lat' dir='ltr'><strong>tu</strong></span> <span class='ocrx_word' id='word_1_352' title='bbox 2159 3630 2283 3668; x_wconf 87' lang='lat' dir='ltr'><strong>rur-</strong></span> 
     </span>
    </p>
   </div>
   <div class='ocr_carea' id='block_1_62' title="bbox 715 3707 1132 3764">
    <p class='ocr_par' dir='ltr' id='par_1_62' title="bbox 715 3707 1132 3764">
     <span class='ocr_line' id='line_1_62' title="bbox 715 3707 1132 3764; baseline -0.01 -2"><span class='ocrx_word' id='word_1_353' title='bbox 715 3723 810 3764; x_wconf 87' lang='lat' dir='ltr'><strong>sus</strong></span> <span class='ocrx_word' id='word_1_354' title='bbox 835 3707 1132 3762; x_wconf 80' lang='lat' dir='ltr'><strong>renovasti.</strong></span> 
     </span>
    </p>
   </div>
   <div class='ocr_carea' id='block_1_63' title="bbox 784 3797 2284 3872">
    <p class='ocr_par' dir='ltr' id='par_1_63' title="bbox 784 3797 2284 3872">
     <span class='ocr_line' id='line_1_63' title="bbox 784 3797 2284 3872; baseline -0.001 -16"><span class='ocrx_word' id='word_1_355' title='bbox 784 3803 873 3857; x_wconf 74' lang='grc'>24.</span> <span class='ocrx_word' id='word_1_356' title='bbox 909 3800 1076 3856; x_wconf 85' lang='lat' dir='ltr'><strong>Electi</strong></span> <span class='ocrx_word' id='word_1_357' title='bbox 1107 3798 1186 3852; x_wconf 90' lang='lat' dir='ltr'><strong>tui</strong></span> <span class='ocrx_word' id='word_1_358' title='bbox 1216 3806 1270 3853; x_wconf 86' lang='lat' dir='ltr'><strong>et</strong></span> <span class='ocrx_word' id='word_1_359' title='bbox 1298 3804 1610 3867; x_wconf 87' lang='lat' dir='ltr'><strong>peceatores</strong></span> <span class='ocrx_word' id='word_1_360' title='bbox 1638 3797 1692 3850; x_wconf 87' lang='lat' dir='ltr'><strong>in</strong></span> <span class='ocrx_word' id='word_1_361' title='bbox 1725 3799 1944 3853; x_wconf 89' lang='lat' dir='ltr'><strong>nomine</strong></span> <span class='ocrx_word' id='word_1_362' title='bbox 1967 3807 2059 3855; x_wconf 91' lang='lat' dir='ltr'><strong>tuo</strong></span> <span class='ocrx_word' id='word_1_363' title='bbox 2084 3801 2284 3872; x_wconf 76' lang='lat' dir='ltr'><strong>gaude-</strong></span> 
     </span>
    </p>
   </div>
   <div class='ocr_carea' id='block_1_64' title="bbox 755 3903 871 3948">
    <p class='ocr_par' dir='ltr' id='par_1_64' title="bbox 755 3903 871 3948">
     <span class='ocr_line' id='line_1_64' title="bbox 755 3903 871 3948; baseline -0.009 0"><span class='ocrx_word' id='word_1_364' title='bbox 755 3903 871 3948; x_wconf 88' lang='lat' dir='ltr'><strong>unt.</strong></span> 
     </span>
    </p>
   </div>
   <div class='ocr_carea' id='block_1_65' title="bbox 717 3900 1707 4050">
    <p class='ocr_par' dir='ltr' id='par_1_65' title="bbox 717 3900 1707 4050">
     <span class='ocr_line' id='line_1_65' title="bbox 755 3903 871 3948; baseline -0.009 0"><span class='ocrx_word' id='word_1_365' title='bbox 755 3903 871 3948; x_wconf 88' lang='lat' dir='ltr'><strong>unt.</strong></span> 
     </span>
     <span class='ocr_line' id='line_1_66' title="bbox 717 3900 1707 4050; baseline -0.004 -14"><span class='ocrx_word' id='word_1_366' title='bbox 717 3900 749 3950; x_wconf 45' lang='grc' dir='ltr'><strong>ὃ</strong></span> <span class='ocrx_word' id='word_1_367' title='bbox 783 3982 873 4038; x_wconf 80' lang='grc'><strong>25.</strong></span> <span class='ocrx_word' id='word_1_368' title='bbox 908 3979 1079 4036; x_wconf 81' lang='lat' dir='ltr'><strong>Filius</strong></span> <span class='ocrx_word' id='word_1_369' title='bbox 1111 3988 1237 4035; x_wconf 90' lang='lat' dir='ltr'><strong>tuus</strong></span> <span class='ocrx_word' id='word_1_370' title='bbox 1261 3979 1353 4050; x_wconf 88' lang='lat' dir='ltr'><strong>qui</strong></span> <span class='ocrx_word' id='word_1_371' title='bbox 1381 3987 1575 4049; x_wconf 90' lang='lat' dir='ltr'><strong>potens</strong></span> <span class='ocrx_word' id='word_1_372' title='bbox 1603 3990 1707 4033; x_wconf 88' lang='lat' dir='ltr'><strong>est.</strong></span> 
     </span>
    </p>
   </div>
   <div class='ocr_carea' id='block_1_66' title="bbox 782 4071 2283 4144">
    <p class='ocr_par' dir='ltr' id='par_1_66' title="bbox 782 4071 2283 4144">
     <span class='ocr_line' id='line_1_67' title="bbox 782 4071 2283 4144; baseline -0.001 -14"><span class='ocrx_word' id='word_1_373' title='bbox 782 4077 874 4133; x_wconf 83' lang='grc'><strong>26.</strong></span> <span class='ocrx_word' id='word_1_374' title='bbox 910 4075 1118 4144; x_wconf 79' lang='lat' dir='ltr'><strong>Regnet</strong></span> <span class='ocrx_word' id='word_1_375' title='bbox 1159 4071 1331 4127; x_wconf 87' lang='lat' dir='ltr'><strong>Filius</strong></span> <span class='ocrx_word' id='word_1_376' title='bbox 1357 4081 1505 4138; x_wconf 86' lang='lat' dir='ltr'><strong>tuus,</strong></span> <span class='ocrx_word' id='word_1_377' title='bbox 1536 4080 1590 4126; x_wconf 90' lang='lat' dir='ltr'><strong>et</strong></span> <span class='ocrx_word' id='word_1_378' title='bbox 1629 4071 1961 4140; x_wconf 72' lang='lat' dir='ltr'><strong>glm&#39;ificctur</strong></span> <span class='ocrx_word' id='word_1_379' title='bbox 1991 4082 2117 4129; x_wconf 89' lang='lat' dir='ltr'><strong>tuus</strong></span> <span class='ocrx_word' id='word_1_380' title='bbox 2147 4073 2283 4128; x_wconf 87' lang='lat' dir='ltr'><strong>Uni-</strong></span> 
     </span>
    </p>
   </div>
   <div class='ocr_carea' id='block_1_67' title="bbox 749 4173 945 4226">
    <p class='ocr_par' dir='ltr' id='par_1_67' title="bbox 749 4173 945 4226">
     <span class='ocr_line' id='line_1_68' title="bbox 749 4173 945 4226; baseline -0.01 0"><span class='ocrx_word' id='word_1_381' title='bbox 749 4173 945 4226; x_wconf 92' lang='lat' dir='ltr'><strong>enitus.</strong></span> 
     </span>
    </p>
   </div>
   <div class='ocr_carea' id='block_1_68' title="bbox 715 4189 2032 4332">
    <p class='ocr_par' dir='ltr' id='par_1_68' title="bbox 715 4189 2032 4332">
     <span class='ocr_line' id='line_1_69' title="bbox 749 4189 945 4226; baseline -0.01 0"><span class='ocrx_word' id='word_1_382' title='bbox 749 4189 945 4226; x_wconf 84' lang='lat' dir='ltr'><strong>emtus.</strong></span> 
     </span>
     <span class='ocr_line' id='line_1_70' title="bbox 715 4189 2032 4332; baseline -0.003 -15"><span class='ocrx_word' id='word_1_383' title='bbox 715 4189 746 4243; x_wconf 56' lang='grc' dir='ltr'><strong>Β</strong></span> <span class='ocrx_word' id='word_1_384' title='bbox 779 4265 870 4317; x_wconf 91' lang='grc'><strong>27.</strong></span> <span class='ocrx_word' id='word_1_385' title='bbox 899 4263 1171 4319; x_wconf 86' lang='lat' dir='ltr'><strong>Severitas</strong></span> <span class='ocrx_word' id='word_1_386' title='bbox 1203 4269 1258 4318; x_wconf 88' lang='lat' dir='ltr'><strong>et</strong></span> <span class='ocrx_word' id='word_1_387' title='bbox 1283 4262 1512 4332; x_wconf 69' lang='lat' dir='ltr'><strong>aequitas</strong></span> <span class='ocrx_word' id='word_1_388' title='bbox 1544 4261 1597 4314; x_wconf 87' lang='lat' dir='ltr'><strong>in</strong></span> <span class='ocrx_word' id='word_1_389' title='bbox 1625 4270 1719 4314; x_wconf 91' lang='lat' dir='ltr'><strong>tuo</strong></span> <span class='ocrx_word' id='word_1_390' title='bbox 1752 4260 2032 4314; x_wconf 76' lang='lat' dir='ltr'><strong>tribunali.</strong></span> 
     </span>
    </p>
   </div>
   <div class='ocr_carea' id='block_1_69' title="bbox 782 4443 2277 4514">
    <p class='ocr_par' dir='ltr' id='par_1_69' title="bbox 782 4443 2277 4514">
     <span class='ocr_line' id='line_1_71' title="bbox 782 4443 2277 4514; baseline 0.001 -16"><span class='ocrx_word' id='word_1_391' title='bbox 782 4445 874 4500; x_wconf 88' lang='grc'><strong>28.</strong></span> <span class='ocrx_word' id='word_1_392' title='bbox 897 4443 955 4498; x_wconf 83' lang='lat' dir='ltr'><strong>In</strong></span> <span class='ocrx_word' id='word_1_393' title='bbox 990 4443 1243 4514; x_wconf 66' lang='lat' dir='ltr'><strong>prmsenti</strong></span> <span class='ocrx_word' id='word_1_394' title='bbox 1273 4452 1451 4497; x_wconf 75' lang='lat' dir='ltr'><strong>autem</strong></span> <span class='ocrx_word' id='word_1_395' title='bbox 1488 4444 1686 4498; x_wconf 84' lang='lat' dir='ltr'><strong>saeculo</strong></span> <span class='ocrx_word' id='word_1_396' title='bbox 1715 4443 1846 4499; x_wconf 80' lang='lat' dir='ltr'><strong>ﬁdes</strong></span> <span class='ocrx_word' id='word_1_397' title='bbox 1878 4453 1929 4500; x_wconf 90' lang='lat' dir='ltr'><strong>et</strong></span> <span class='ocrx_word' id='word_1_398' title='bbox 1964 4445 2277 4501; x_wconf 90' lang='lat' dir='ltr'><strong>miscricor-</strong></span> 
     </span>
    </p>
   </div>
   <div class='ocr_carea' id='block_1_70' title="bbox 714 4536 1337 4605">
    <p class='ocr_par' dir='ltr' id='par_1_70' title="bbox 714 4536 1337 4605">
     <span class='ocr_line' id='line_1_72' title="bbox 714 4536 1337 4605; baseline 0 -17"><span class='ocrx_word' id='word_1_399' title='bbox 714 4537 800 4590; x_wconf 84' lang='lat' dir='ltr'><strong>dia</strong></span> <span class='ocrx_word' id='word_1_400' title='bbox 831 4546 1063 4605; x_wconf 68' lang='lat' dir='ltr'><strong>accepta:</strong></span> <span class='ocrx_word' id='word_1_401' title='bbox 1088 4536 1229 4605; x_wconf 88' lang='lat' dir='ltr'><strong>apud</strong></span> <span class='ocrx_word' id='word_1_402' title='bbox 1267 4547 1337 4590; x_wconf 88' lang='lat' dir='ltr'><strong>tc.</strong></span> 
     </span>
    </p>
   </div>
   <div class='ocr_carea' id='block_1_71' title="bbox 782 4625 1636 4696">
    <p class='ocr_par' dir='ltr' id='par_1_71' title="bbox 782 4625 1636 4696">
     <span class='ocr_line' id='line_1_73' title="bbox 782 4625 1636 4696; baseline 0.002 -16"><span class='ocrx_word' id='word_1_403' title='bbox 782 4625 874 4681; x_wconf 86' lang='grc'><strong>29.</strong></span> <span class='ocrx_word' id='word_1_404' title='bbox 904 4626 1007 4691; x_wconf 89' lang='lat' dir='ltr'><strong>Qui</strong></span> <span class='ocrx_word' id='word_1_405' title='bbox 1041 4642 1105 4679; x_wconf 83' lang='lat' dir='ltr'><strong>ex</strong></span> <span class='ocrx_word' id='word_1_406' title='bbox 1131 4627 1295 4680; x_wconf 90' lang='lat' dir='ltr'><strong>corde</strong></span> <span class='ocrx_word' id='word_1_407' title='bbox 1329 4642 1428 4682; x_wconf 92' lang='lat' dir='ltr'><strong>suo</strong></span> <span class='ocrx_word' id='word_1_408' title='bbox 1451 4627 1636 4696; x_wconf 81' lang='lat' dir='ltr'><strong>gemit.</strong></span> 
     </span>
    </p>
   </div>
   <div class='ocr_carea' id='block_1_72' title="bbox 781 4719 1437 4788">
    <p class='ocr_par' dir='ltr' id='par_1_72' title="bbox 781 4719 1437 4788">
     <span class='ocr_line' id='line_1_74' title="bbox 781 4719 1437 4788; baseline -0.003 -14"><span class='ocrx_word' id='word_1_409' title='bbox 781 4719 871 4774; x_wconf 80' lang='lat'><strong>30.</strong></span> <span class='ocrx_word' id='word_1_410' title='bbox 904 4721 962 4773; x_wconf 86' lang='lat' dir='ltr'><strong>In</strong></span> <span class='ocrx_word' id='word_1_411' title='bbox 999 4720 1169 4788; x_wconf 80' lang='lat' dir='ltr'><strong>gratia</strong></span> <span class='ocrx_word' id='word_1_412' title='bbox 1191 4719 1311 4772; x_wconf 85' lang='lat' dir='ltr'><strong>Filii</strong></span> <span class='ocrx_word' id='word_1_413' title='bbox 1341 4721 1437 4772; x_wconf 88' lang='lat' dir='ltr'><strong>tui.</strong></span> 
     </span>
    </p>
   </div>
   <div class='ocr_carea' id='block_1_73' title="bbox 781 4810 2277 4882">
    <p class='ocr_par' dir='ltr' id='par_1_73' title="bbox 781 4810 2277 4882">
     <span class='ocr_line' id='line_1_75' title="bbox 781 4810 2277 4882; baseline 0.002 -16"><span class='ocrx_word' id='word_1_414' title='bbox 781 4812 868 4866; x_wconf 86' lang='grc'><strong>51.</strong></span> <span class='ocrx_word' id='word_1_415' title='bbox 901 4811 1272 4868; x_wconf 85' lang='lat' dir='ltr'><strong>lndesinenter</strong></span> <span class='ocrx_word' id='word_1_416' title='bbox 1294 4812 1347 4866; x_wconf 91' lang='lat' dir='ltr'><strong>in</strong></span> <span class='ocrx_word' id='word_1_417' title='bbox 1367 4821 1570 4868; x_wconf 81' lang='lat' dir='ltr'><strong>:etcrna</strong></span> <span class='ocrx_word' id='word_1_418' title='bbox 1593 4810 1775 4867; x_wconf 80' lang='lat' dir='ltr'><strong>futura</strong></span> <span class='ocrx_word' id='word_1_419' title='bbox 1801 4812 1922 4868; x_wconf 91' lang='lat' dir='ltr'><strong>luce</strong></span> <span class='ocrx_word' id='word_1_420' title='bbox 1945 4813 2277 4882; x_wconf 80' lang='lat' dir='ltr'><strong>gaudebunt.</strong></span> 
     </span>
    </p>
   </div>
   <div class='ocr_carea' id='block_1_74' title="bbox 778 4994 1848 5065">
    <p class='ocr_par' dir='ltr' id='par_1_74' title="bbox 778 4994 1848 5065">
     <span class='ocr_line' id='line_1_76' title="bbox 778 4994 1848 5065; baseline -0.003 -13"><span class='ocrx_word' id='word_1_421' title='bbox 778 4997 868 5052; x_wconf 88' lang='grc'><strong>52.</strong></span> <span class='ocrx_word' id='word_1_422' title='bbox 902 4997 968 5050; x_wconf 82' lang='lat' dir='ltr'><strong>Et</strong></span> <span class='ocrx_word' id='word_1_423' title='bbox 998 4996 1051 5049; x_wconf 89' lang='lat' dir='ltr'><strong>in</strong></span> <span class='ocrx_word' id='word_1_424' title='bbox 1083 4994 1221 5049; x_wconf 84' lang='lat' dir='ltr'><strong>Filio</strong></span> <span class='ocrx_word' id='word_1_425' title='bbox 1254 5004 1346 5050; x_wconf 93' lang='lat' dir='ltr'><strong>tuo</strong></span> <span class='ocrx_word' id='word_1_426' title='bbox 1379 4994 1848 5065; x_wconf 79' lang='lat' dir='ltr'><strong>glorificabuntur.</strong></span> 
     </span>
    </p>
   </div>
   <div class='ocr_carea' id='block_1_75' title="bbox 777 5086 2199 5156">
    <p class='ocr_par' dir='ltr' id='par_1_75' title="bbox 777 5086 2199 5156">
     <span class='ocr_line' id='line_1_77' title="bbox 777 5086 2199 5156; baseline 0.001 -14"><span class='ocrx_word' id='word_1_427' title='bbox 777 5090 865 5142; x_wconf 80' lang='grc'><strong>55.</strong></span> <span class='ocrx_word' id='word_1_428' title='bbox 891 5089 1155 5153; x_wconf 79' lang='lat' dir='ltr'><strong>Quoniam</strong></span> <span class='ocrx_word' id='word_1_429' title='bbox 1188 5089 1239 5141; x_wconf 88' lang='lat' dir='ltr'><strong>in</strong></span> <span class='ocrx_word' id='word_1_430' title='bbox 1269 5098 1320 5141; x_wconf 88' lang='lat' dir='ltr'><strong>te</strong></span> <span class='ocrx_word' id='word_1_431' title='bbox 1343 5087 1643 5156; x_wconf 82' lang='lat' dir='ltr'><strong>gloriantur</strong></span> <span class='ocrx_word' id='word_1_432' title='bbox 1673 5097 1725 5140; x_wconf 89' lang='lat' dir='ltr'><strong>ct</strong></span> <span class='ocrx_word' id='word_1_433' title='bbox 1750 5086 2199 5144; x_wconf 88' lang='lat' dir='ltr'><strong>corroborantur.</strong></span> 
     </span>
    </p>
   </div>
   <div class='ocr_carea' id='block_1_76' title="bbox 779 5179 2270 5252">
    <p class='ocr_par' dir='ltr' id='par_1_76' title="bbox 779 5179 2270 5252">
     <span class='ocr_line' id='line_1_78' title="bbox 779 5179 2270 5252; baseline 0.003 -19"><span class='ocrx_word' id='word_1_434' title='bbox 779 5180 866 5233; x_wconf 71' lang='grc'>54.</span> <span class='ocrx_word' id='word_1_435' title='bbox 897 5179 960 5232; x_wconf 82' lang='lat' dir='ltr'><strong>Et</strong></span> <span class='ocrx_word' id='word_1_436' title='bbox 991 5181 1042 5232; x_wconf 88' lang='lat' dir='ltr'><strong>in</strong></span> <span class='ocrx_word' id='word_1_437' title='bbox 1074 5180 1346 5234; x_wconf 86' lang='lat' dir='ltr'><strong>voluntate</strong></span> <span class='ocrx_word' id='word_1_438' title='bbox 1379 5191 1468 5234; x_wconf 86' lang='lat' dir='ltr'><strong>tua</strong></span> <span class='ocrx_word' id='word_1_439' title='bbox 1496 5190 1548 5236; x_wconf 92' lang='lat' dir='ltr'><strong>et</strong></span> <span class='ocrx_word' id='word_1_440' title='bbox 1581 5180 1699 5234; x_wconf 84' lang='lat' dir='ltr'><strong>Filii</strong></span> <span class='ocrx_word' id='word_1_441' title='bbox 1747 5182 1820 5235; x_wconf 92' lang='lat' dir='ltr'><strong>tui</strong></span> <span class='ocrx_word' id='word_1_442' title='bbox 1870 5182 2130 5252; x_wconf 82' lang='lat' dir='ltr'><strong>dirigetur</strong></span> <span class='ocrx_word' id='word_1_443' title='bbox 2170 5197 2270 5252; x_wconf 91' lang='lat' dir='ltr'><strong>po-</strong></span> 
     </span>
    </p>
   </div>
   <div class='ocr_carea' id='block_1_77' title="bbox 711 5274 2020 5344">
    <p class='ocr_par' dir='ltr' id='par_1_77' title="bbox 711 5274 2020 5344">
     <span class='ocr_line' id='line_1_79' title="bbox 711 5274 2020 5344; baseline 0.003 -19"><span class='ocrx_word' id='word_1_444' title='bbox 711 5282 877 5329; x_wconf 79' lang='lat' dir='ltr'><strong>testas</strong></span> <span class='ocrx_word' id='word_1_445' title='bbox 909 5283 1115 5338; x_wconf 90' lang='lat' dir='ltr'><strong>nostra,</strong></span> <span class='ocrx_word' id='word_1_446' title='bbox 1147 5291 1308 5344; x_wconf 85' lang='lat' dir='ltr'><strong>quam</strong></span> <span class='ocrx_word' id='word_1_447' title='bbox 1344 5274 1501 5328; x_wconf 89' lang='lat' dir='ltr'><strong>nobis</strong></span> <span class='ocrx_word' id='word_1_448' title='bbox 1533 5275 1598 5328; x_wconf 88' lang='lat' dir='ltr'><strong>ab</strong></span> <span class='ocrx_word' id='word_1_449' title='bbox 1625 5275 1779 5329; x_wconf 88' lang='lat' dir='ltr'><strong>initio</strong></span> <span class='ocrx_word' id='word_1_450' title='bbox 1804 5275 2020 5335; x_wconf 84' lang='lat' dir='ltr'><strong>dedisti.</strong></span> 
     </span>
    </p>
   </div>
   <div class='ocr_carea' id='block_1_78' title="bbox 2387 3252 3971 3326">
    <p class='ocr_par' dir='ltr' id='par_1_78' title="bbox 2387 3252 3971 3326">
     <span class='ocr_line' id='line_1_80' title="bbox 2387 3252 3971 3326; baseline -0.003 -18"><span class='ocrx_word' id='word_1_451' title='bbox 2387 3255 2511 3326; x_wconf 74' lang='grc' dir='ltr'><strong>ἔθνη</strong></span> <span class='ocrx_word' id='word_1_452' title='bbox 2551 3254 2620 3308; x_wconf 72' lang='grc' dir='ltr'><strong>τὰ</strong></span> <span class='ocrx_word' id='word_1_453' title='bbox 2654 3253 2974 3307; x_wconf 85' lang='grc' dir='ltr'><strong>πιστεύοντα</strong></span> <span class='ocrx_word' id='word_1_454' title='bbox 3011 3255 3090 3315; x_wconf 85' lang='grc' dir='ltr'>είς</span> <span class='ocrx_word' id='word_1_455' title='bbox 3125 3254 3217 3306; x_wconf 85' lang='grc' dir='ltr'><strong>σέ·</strong></span> <span class='ocrx_word' id='word_1_456' title='bbox 3252 3252 3453 3323; x_wconf 84' lang='grc' dir='ltr'>ὁμοίως</span> <span class='ocrx_word' id='word_1_457' title='bbox 3483 3252 3579 3304; x_wconf 70' lang='grc' dir='ltr'>καὶ</span> <span class='ocrx_word' id='word_1_458' title='bbox 3607 3253 3750 3306; x_wconf 83' lang='grc' dir='ltr'>κατὰ</span> <span class='ocrx_word' id='word_1_459' title='bbox 3783 3252 3847 3305; x_wconf 82' lang='grc' dir='ltr'>τὺ</span> <span class='ocrx_word' id='word_1_460' title='bbox 3874 3252 3971 3324; x_wconf 68' lang='lat'><strong>51;-</strong></span> 
     </span>
    </p>
   </div>
   <div class='ocr_carea' id='block_1_79' title="bbox 2390 3345 3786 3422">
    <p class='ocr_par' dir='ltr' id='par_1_79' title="bbox 2390 3345 3786 3422">
     <span class='ocr_line' id='line_1_81' title="bbox 2390 3345 3786 3422; baseline -0.003 -20"><span class='ocrx_word' id='word_1_461' title='bbox 2390 3348 2776 3422; x_wconf 82' lang='grc' dir='ltr'>μιουργητικὸν</span> <span class='ocrx_word' id='word_1_462' title='bbox 2814 3345 2978 3400; x_wconf 82' lang='grc' dir='ltr'>αὑτοῦ</span> <span class='ocrx_word' id='word_1_463' title='bbox 3013 3348 3149 3398; x_wconf 77' lang='grc' dir='ltr'>εἰσιν</span> <span class='ocrx_word' id='word_1_464' title='bbox 3178 3345 3226 3397; x_wconf 91' lang='grc' dir='ltr'>οἱ</span> <span class='ocrx_word' id='word_1_465' title='bbox 3256 3345 3474 3416; x_wconf 76' lang='grc' dir='ltr'>οὐρανοὶ</span> <span class='ocrx_word' id='word_1_466' title='bbox 3506 3346 3600 3396; x_wconf 75' lang='grc' dir='ltr'>καὶ</span> <span class='ocrx_word' id='word_1_467' title='bbox 3628 3347 3661 3414; x_wconf 78' lang='grc' dir='ltr'>ἡ</span> <span class='ocrx_word' id='word_1_468' title='bbox 3691 3345 3786 3414; x_wconf 82' lang='grc' dir='ltr'><strong>γῆ.</strong></span> 
     </span>
    </p>
   </div>
   <div class='ocr_carea' id='block_1_80' title="bbox 2455 3435 3968 3509">
    <p class='ocr_par' dir='ltr' id='par_1_80' title="bbox 2455 3435 3968 3509">
     <span class='ocr_line' id='line_1_82' title="bbox 2455 3435 3968 3509; baseline -0.003 -15"><span class='ocrx_word' id='word_1_469' title='bbox 2455 3441 2544 3495; x_wconf 87' lang='grc'><strong>22.</strong></span> <span class='ocrx_word' id='word_1_470' title='bbox 2587 3441 2801 3501; x_wconf 75' lang='grc' dir='ltr'>Πάντας</span> <span class='ocrx_word' id='word_1_471' title='bbox 2830 3437 2964 3509; x_wconf 78' lang='grc' dir='ltr'>ὁμοῦ</span> <span class='ocrx_word' id='word_1_472' title='bbox 2999 3438 3121 3500; x_wconf 74' lang='grc' dir='ltr'>τοὺς</span> <span class='ocrx_word' id='word_1_473' title='bbox 3159 3435 3475 3508; x_wconf 82' lang='grc' dir='ltr'>ἀνθρώπους</span> <span class='ocrx_word' id='word_1_474' title='bbox 3511 3435 3878 3506; x_wconf 78' lang='grc' dir='ltr'><strong>ἐθεμελίωσας</strong></span> <span class='ocrx_word' id='word_1_475' title='bbox 3908 3439 3968 3490; x_wconf 81' lang='grc' dir='ltr'>ἐν</span> 
     </span>
    </p>
   </div>
   <div class='ocr_carea' id='block_1_81' title="bbox 2384 3533 2811 3604">
    <p class='ocr_par' dir='ltr' id='par_1_81' title="bbox 2384 3533 2811 3604">
     <span class='ocr_line' id='line_1_83' title="bbox 2384 3533 2811 3604; baseline 0 -19"><span class='ocrx_word' id='word_1_476' title='bbox 2384 3535 2449 3604; x_wconf 77' lang='grc' dir='ltr'>τῇ</span> <span class='ocrx_word' id='word_1_477' title='bbox 2487 3533 2664 3585; x_wconf 84' lang='grc' dir='ltr'>πίστει</span> <span class='ocrx_word' id='word_1_478' title='bbox 2698 3549 2811 3585; x_wconf 92' lang='grc' dir='ltr'>σου.</span> 
     </span>
    </p>
   </div>
   <div class='ocr_carea' id='block_1_82' title="bbox 2452 3620 3969 3693">
    <p class='ocr_par' dir='ltr' id='par_1_82' title="bbox 2452 3620 3969 3693">
     <span class='ocr_line' id='line_1_84' title="bbox 2452 3620 3969 3693; baseline -0.001 -16"><span class='ocrx_word' id='word_1_479' title='bbox 2452 3625 2540 3678; x_wconf 80' lang='grc'><strong>25.</strong></span> <span class='ocrx_word' id='word_1_480' title='bbox 2583 3625 2719 3686; x_wconf 71' lang='grc' dir='ltr'>Τοὺς</span> <span class='ocrx_word' id='word_1_481' title='bbox 2745 3622 3183 3693; x_wconf 81' lang='grc' dir='ltr'>ἐναντιουμένους</span> <span class='ocrx_word' id='word_1_482' title='bbox 3208 3639 3288 3675; x_wconf 88' lang='grc' dir='ltr'><strong>σοι</strong></span> <span class='ocrx_word' id='word_1_483' title='bbox 3323 3620 3607 3685; x_wconf 82' lang='grc' dir='ltr'>Ἰουδαίους</span> <span class='ocrx_word' id='word_1_484' title='bbox 3640 3621 3848 3675; x_wconf 78' lang='grc' dir='ltr'>καὶτὸν</span> <span class='ocrx_word' id='word_1_485' title='bbox 3877 3623 3969 3675; x_wconf 85' lang='grc' dir='ltr'><strong>κό-</strong></span> 
     </span>
    </p>
   </div>
   <div class='ocr_carea' id='block_1_83' title="bbox 2394 3715 3211 3789">
    <p class='ocr_par' dir='ltr' id='par_1_83' title="bbox 2394 3715 3211 3789">
     <span class='ocr_line' id='line_1_85' title="bbox 2394 3715 3211 3789; baseline -0.004 -18"><span class='ocrx_word' id='word_1_486' title='bbox 2394 3736 2526 3789; x_wconf 83' lang='grc' dir='ltr'>σμον</span> <span class='ocrx_word' id='word_1_487' title='bbox 2562 3718 2626 3769; x_wconf 71' lang='grc' dir='ltr'>σὺ</span> <span class='ocrx_word' id='word_1_488' title='bbox 2657 3715 2817 3768; x_wconf 81' lang='grc' dir='ltr'>πάλιν</span> <span class='ocrx_word' id='word_1_489' title='bbox 2847 3716 3211 3777; x_wconf 82' lang='grc' dir='ltr'>ἁνεκαίνισας.</span> 
     </span>
    </p>
   </div>
   <div class='ocr_carea' id='block_1_84' title="bbox 2452 3804 3966 3877">
    <p class='ocr_par' dir='ltr' id='par_1_84' title="bbox 2452 3804 3966 3877">
     <span class='ocr_line' id='line_1_86' title="bbox 2452 3804 3966 3877; baseline -0.001 -14"><span class='ocrx_word' id='word_1_490' title='bbox 2452 3810 2541 3863; x_wconf 69' lang='grc'>24.</span> <span class='ocrx_word' id='word_1_491' title='bbox 2584 3809 2646 3861; x_wconf 86' lang='grc' dir='ltr'><strong>υἱ</strong></span> <span class='ocrx_word' id='word_1_492' title='bbox 2678 3808 2920 3861; x_wconf 75' lang='grc' dir='ltr'>ἐκλεκτοί</span> <span class='ocrx_word' id='word_1_493' title='bbox 2955 3824 3044 3860; x_wconf 91' lang='grc' dir='ltr'><strong>σου</strong></span> <span class='ocrx_word' id='word_1_494' title='bbox 3079 3807 3171 3860; x_wconf 75' lang='grc' dir='ltr'>καὶ</span> <span class='ocrx_word' id='word_1_495' title='bbox 3202 3807 3250 3858; x_wconf 83' lang='grc' dir='ltr'>οἱ</span> <span class='ocrx_word' id='word_1_496' title='bbox 3285 3804 3599 3876; x_wconf 78' lang='grc' dir='ltr'>ἁμαρτωλοὶ</span> <span class='ocrx_word' id='word_1_497' title='bbox 3647 3807 3707 3858; x_wconf 83' lang='grc' dir='ltr'>ὲν</span> <span class='ocrx_word' id='word_1_498' title='bbox 3740 3807 3818 3877; x_wconf 80' lang='grc' dir='ltr'>τῷ</span> <span class='ocrx_word' id='word_1_499' title='bbox 3847 3808 3966 3862; x_wconf 74' lang='grc' dir='ltr'><strong>ὄνό-</strong></span> 
     </span>
    </p>
   </div>
   <div class='ocr_carea' id='block_1_85' title="bbox 2389 3901 2990 3974">
    <p class='ocr_par' dir='ltr' id='par_1_85' title="bbox 2389 3901 2990 3974">
     <span class='ocr_line' id='line_1_87' title="bbox 2389 3901 2990 3974; baseline -0.003 -19"><span class='ocrx_word' id='word_1_500' title='bbox 2389 3903 2516 3974; x_wconf 81' lang='grc' dir='ltr'>ματί</span> <span class='ocrx_word' id='word_1_501' title='bbox 2543 3919 2634 3954; x_wconf 89' lang='grc' dir='ltr'><strong>σου</strong></span> <span class='ocrx_word' id='word_1_502' title='bbox 2661 3901 2990 3972; x_wconf 72' lang='grc' dir='ltr'>χαρίσονταε.</span> 
     </span>
    </p>
   </div>
   <div class='ocr_carea' id='block_1_86' title="bbox 2450 3991 3334 4062">
    <p class='ocr_par' dir='ltr' id='par_1_86' title="bbox 2450 3991 3334 4062">
     <span class='ocr_line' id='line_1_88' title="bbox 2450 3991 3334 4062; baseline -0.002 -13"><span class='ocrx_word' id='word_1_503' title='bbox 2450 3997 2540 4049; x_wconf 71' lang='grc'><strong>25.</strong></span> <span class='ocrx_word' id='word_1_504' title='bbox 2586 3996 2682 4058; x_wconf 82' lang='grc' dir='ltr'><strong>Σδς</strong></span> <span class='ocrx_word' id='word_1_505' title='bbox 2710 3996 2736 4046; x_wconf 86' lang='grc' dir='ltr'>ὁ</span> <span class='ocrx_word' id='word_1_506' title='bbox 2772 3994 2897 4057; x_wconf 84' lang='grc' dir='ltr'>Υἱὸς</span> <span class='ocrx_word' id='word_1_507' title='bbox 2925 3996 2952 4045; x_wconf 72' lang='grc' dir='ltr'>ὁ</span> <span class='ocrx_word' id='word_1_508' title='bbox 2978 3992 3201 4055; x_wconf 75' lang='grc' dir='ltr'>δυνατός</span> <span class='ocrx_word' id='word_1_509' title='bbox 3235 3991 3334 4062; x_wconf 90' lang='grc'>(2).</span> 
     </span>
    </p>
   </div>
   <div class='ocr_carea' id='block_1_87' title="bbox 2451 4083 3967 4157">
    <p class='ocr_par' dir='ltr' id='par_1_87' title="bbox 2451 4083 3967 4157">
     <span class='ocr_line' id='line_1_89' title="bbox 2451 4083 3967 4157; baseline -0.001 -17"><span class='ocrx_word' id='word_1_510' title='bbox 2451 4086 2540 4140; x_wconf 90' lang='grc'><strong>26.</strong></span> <span class='ocrx_word' id='word_1_511' title='bbox 2579 4084 2918 4140; x_wconf 82' lang='grc' dir='ltr'><strong>Βασιλευὲτω</strong></span> <span class='ocrx_word' id='word_1_512' title='bbox 2948 4084 3023 4156; x_wconf 85' lang='grc'><strong>(5)</strong></span> <span class='ocrx_word' id='word_1_513' title='bbox 3071 4086 3100 4137; x_wconf 82' lang='grc' dir='ltr'>ὁ</span> <span class='ocrx_word' id='word_1_514' title='bbox 3132 4085 3258 4148; x_wconf 75' lang='grc' dir='ltr'><strong>Υἱός</strong></span> <span class='ocrx_word' id='word_1_515' title='bbox 3306 4101 3422 4148; x_wconf 83' lang='grc' dir='ltr'>σου,</span> <span class='ocrx_word' id='word_1_516' title='bbox 3457 4085 3552 4138; x_wconf 76' lang='grc' dir='ltr'>καὶ</span> <span class='ocrx_word' id='word_1_517' title='bbox 3594 4083 3906 4157; x_wconf 81' lang='grc' dir='ltr'><strong>δοξασθήτω</strong></span> <span class='ocrx_word' id='word_1_518' title='bbox 3937 4085 3967 4138; x_wconf 72' lang='lat'><strong>5</strong></span> 
     </span>
    </p>
   </div>
   <div class='ocr_carea' id='block_1_88' title="bbox 2383 4181 2836 4249">
    <p class='ocr_par' dir='ltr' id='par_1_88' title="bbox 2383 4181 2836 4249">
     <span class='ocr_line' id='line_1_90' title="bbox 2383 4181 2836 4249; baseline -0.004 -17"><span class='ocrx_word' id='word_1_519' title='bbox 2383 4181 2693 4249; x_wconf 79' lang='grc' dir='ltr'>Μονογενής</span> <span class='ocrx_word' id='word_1_520' title='bbox 2724 4196 2836 4232; x_wconf 81' lang='grc' dir='ltr'>σου.</span> 
     </span>
    </p>
   </div>
   <div class='ocr_carea' id='block_1_89' title="bbox 2454 4269 3964 4342">
    <p class='ocr_par' dir='ltr' id='par_1_89' title="bbox 2454 4269 3964 4342">
     <span class='ocr_line' id='line_1_91' title="bbox 2454 4269 3964 4342; baseline -0.001 -18"><span class='ocrx_word' id='word_1_521' title='bbox 2454 4272 2540 4326; x_wconf 81' lang='grc'>27.</span> <span class='ocrx_word' id='word_1_522' title='bbox 2582 4271 2884 4342; x_wconf 77' lang='grc' dir='ltr'>Λίσηρότης</span> <span class='ocrx_word' id='word_1_523' title='bbox 2915 4269 2990 4339; x_wconf 72' lang='grc' dir='ltr'><strong>(ι)</strong></span> <span class='ocrx_word' id='word_1_524' title='bbox 3017 4270 3110 4323; x_wconf 84' lang='grc' dir='ltr'>καὶ</span> <span class='ocrx_word' id='word_1_525' title='bbox 3138 4269 3602 4340; x_wconf 70' lang='grc' dir='ltr'>απροσωποληψία</span> <span class='ocrx_word' id='word_1_526' title='bbox 3641 4271 3704 4325; x_wconf 69' lang='grc' dir='ltr'>ἐν</span> <span class='ocrx_word' id='word_1_527' title='bbox 3750 4269 3830 4342; x_wconf 81' lang='grc' dir='ltr'><strong>τῷ</strong></span> <span class='ocrx_word' id='word_1_528' title='bbox 3869 4269 3964 4342; x_wconf 69' lang='grc' dir='ltr'><strong>βή-</strong></span> 
     </span>
    </p>
   </div>
   <div class='ocr_carea' id='block_1_90' title="bbox 2388 4363 2667 4433">
    <p class='ocr_par' dir='ltr' id='par_1_90' title="bbox 2388 4363 2667 4433">
     <span class='ocr_line' id='line_1_92' title="bbox 2388 4363 2667 4433; baseline 0 -18"><span class='ocrx_word' id='word_1_529' title='bbox 2388 4363 2516 4433; x_wconf 82' lang='grc' dir='ltr'>ματί</span> <span class='ocrx_word' id='word_1_530' title='bbox 2552 4380 2667 4416; x_wconf 90' lang='grc' dir='ltr'>σου.</span> 
     </span>
    </p>
   </div>
   <div class='ocr_carea' id='block_1_91' title="bbox 2451 4453 3960 4525">
    <p class='ocr_par' dir='ltr' id='par_1_91' title="bbox 2451 4453 3960 4525">
     <span class='ocr_line' id='line_1_93' title="bbox 2451 4453 3960 4525; baseline -0.001 -16"><span class='ocrx_word' id='word_1_531' title='bbox 2451 4457 2538 4510; x_wconf 85' lang='grc'><strong>28.</strong></span> <span class='ocrx_word' id='word_1_532' title='bbox 2570 4455 2658 4508; x_wconf 84' lang='grc' dir='ltr'>Ἐν</span> <span class='ocrx_word' id='word_1_533' title='bbox 2694 4456 2749 4508; x_wconf 76' lang='grc' dir='ltr'><strong>δὲ</strong></span> <span class='ocrx_word' id='word_1_534' title='bbox 2777 4454 2853 4525; x_wconf 80' lang='grc' dir='ltr'><strong>τῷ</strong></span> <span class='ocrx_word' id='word_1_535' title='bbox 2891 4453 2983 4507; x_wconf 79' lang='grc' dir='ltr'><strong>νῦν</strong></span> <span class='ocrx_word' id='word_1_536' title='bbox 3008 4453 3162 4508; x_wconf 84' lang='grc' dir='ltr'>αἰῶνι</span> <span class='ocrx_word' id='word_1_537' title='bbox 3193 4453 3369 4517; x_wconf 85' lang='grc' dir='ltr'>πίστις</span> <span class='ocrx_word' id='word_1_538' title='bbox 3394 4453 3490 4508; x_wconf 71' lang='grc' dir='ltr'>καὶ</span> <span class='ocrx_word' id='word_1_539' title='bbox 3515 4454 3855 4524; x_wconf 79' lang='grc' dir='ltr'><strong>ἐλεημοσύνη</strong></span> <span class='ocrx_word' id='word_1_540' title='bbox 3875 4454 3960 4508; x_wconf 78' lang='grc' dir='ltr'><strong>ὄε-</strong></span> 
     </span>
    </p>
   </div>
   <div class='ocr_carea' id='block_1_92' title="bbox 2383 4544 2812 4616">
    <p class='ocr_par' dir='ltr' id='par_1_92' title="bbox 2383 4544 2812 4616">
     <span class='ocr_line' id='line_1_94' title="bbox 2383 4544 2812 4616; baseline 0 -18"><span class='ocrx_word' id='word_1_541' title='bbox 2383 4547 2505 4599; x_wconf 72' lang='grc' dir='ltr'>κταὶ</span> <span class='ocrx_word' id='word_1_542' title='bbox 2531 4544 2681 4616; x_wconf 80' lang='grc' dir='ltr'>παρὰ</span> <span class='ocrx_word' id='word_1_543' title='bbox 2713 4545 2812 4598; x_wconf 90' lang='grc' dir='ltr'>σοί.</span> 
     </span>
    </p>
   </div>
   <div class='ocr_carea' id='block_1_93' title="bbox 2451 4634 3615 4707">
    <p class='ocr_par' dir='ltr' id='par_1_93' title="bbox 2451 4634 3615 4707">
     <span class='ocr_line' id='line_1_95' title="bbox 2451 4634 3615 4707; baseline -0.001 -16"><span class='ocrx_word' id='word_1_544' title='bbox 2451 4636 2541 4691; x_wconf 87' lang='grc'><strong>29.</strong></span> <span class='ocrx_word' id='word_1_545' title='bbox 2568 4637 2625 4689; x_wconf 85' lang='grc' dir='ltr'>Ὀ</span> <span class='ocrx_word' id='word_1_546' title='bbox 2649 4637 2713 4689; x_wconf 82' lang='grc' dir='ltr'>ἐκ</span> <span class='ocrx_word' id='word_1_547' title='bbox 2735 4636 2831 4707; x_wconf 80' lang='grc' dir='ltr'><strong>τῆς</strong></span> <span class='ocrx_word' id='word_1_548' title='bbox 2855 4634 3079 4705; x_wconf 85' lang='grc' dir='ltr'>καρδίας</span> <span class='ocrx_word' id='word_1_549' title='bbox 3104 4634 3267 4688; x_wconf 78' lang='grc' dir='ltr'>αὑτοῦ</span> <span class='ocrx_word' id='word_1_550' title='bbox 3299 4634 3489 4688; x_wconf 82' lang='grc' dir='ltr'>πενθεῖ</span> <span class='ocrx_word' id='word_1_551' title='bbox 3516 4635 3615 4706; x_wconf 77' lang='grc'>(5).</span> 
     </span>
    </p>
   </div>
   <div class='ocr_carea' id='block_1_94' title="bbox 2452 4727 3390 4800">
    <p class='ocr_par' dir='ltr' id='par_1_94' title="bbox 2452 4727 3390 4800">
     <span class='ocr_line' id='line_1_96' title="bbox 2452 4727 3390 4800; baseline -0.002 -16"><span class='ocrx_word' id='word_1_552' title='bbox 2452 4728 2541 4784; x_wconf 83' lang='grc'>50.</span> <span class='ocrx_word' id='word_1_553' title='bbox 2572 4729 2658 4784; x_wconf 80' lang='grc' dir='ltr'>Ἑν</span> <span class='ocrx_word' id='word_1_554' title='bbox 2687 4731 2750 4800; x_wconf 78' lang='grc' dir='ltr'>τῇ</span> <span class='ocrx_word' id='word_1_555' title='bbox 2784 4730 2964 4799; x_wconf 79' lang='grc' dir='ltr'>χάριτι</span> <span class='ocrx_word' id='word_1_556' title='bbox 2991 4728 3084 4781; x_wconf 80' lang='grc' dir='ltr'><strong>τοῦ</strong></span> <span class='ocrx_word' id='word_1_557' title='bbox 3116 4727 3245 4780; x_wconf 84' lang='grc' dir='ltr'>Υἱοῦ</span> <span class='ocrx_word' id='word_1_558' title='bbox 3274 4745 3390 4782; x_wconf 89' lang='grc' dir='ltr'>σου.</span> 
     </span>
    </p>
   </div>
   <div class='ocr_carea' id='block_1_95' title="bbox 2453 4818 3961 4890">
    <p class='ocr_par' dir='ltr' id='par_1_95' title="bbox 2453 4818 3961 4890">
     <span class='ocr_line' id='line_1_97' title="bbox 2453 4818 3961 4890; baseline 0.003 -17"><span class='ocrx_word' id='word_1_559' title='bbox 2453 4820 2539 4873; x_wconf 82' lang='grc'><strong>51.</strong></span> <span class='ocrx_word' id='word_1_560' title='bbox 2566 4819 2947 4882; x_wconf 72' lang='grc' dir='ltr'>Ἀδιαλείπτως</span> <span class='ocrx_word' id='word_1_561' title='bbox 2990 4820 3048 4871; x_wconf 85' lang='grc' dir='ltr'>ἐν</span> <span class='ocrx_word' id='word_1_562' title='bbox 3097 4818 3174 4888; x_wconf 84' lang='grc' dir='ltr'><strong>τῷ</strong></span> <span class='ocrx_word' id='word_1_563' title='bbox 3221 4819 3378 4888; x_wconf 84' lang='grc' dir='ltr'>ἀῐδίῳ</span> <span class='ocrx_word' id='word_1_564' title='bbox 3414 4819 3554 4887; x_wconf 74' lang='grc' dir='ltr'><strong>φωτὶ</strong></span> <span class='ocrx_word' id='word_1_565' title='bbox 3591 4819 3672 4890; x_wconf 79' lang='grc' dir='ltr'>τῷ</span> <span class='ocrx_word' id='word_1_566' title='bbox 3715 4820 3961 4890; x_wconf 82' lang='grc' dir='ltr'>μέλλοντι</span> 
     </span>
    </p>
   </div>
   <div class='ocr_carea' id='block_1_96' title="bbox 2384 4912 2711 4982">
    <p class='ocr_par' dir='ltr' id='par_1_96' title="bbox 2384 4912 2711 4982">
     <span class='ocr_line' id='line_1_98' title="bbox 2384 4912 2711 4982; baseline 0.003 -19"><span class='ocrx_word' id='word_1_567' title='bbox 2384 4912 2711 4982; x_wconf 75' lang='grc' dir='ltr'>χαρίσονται.</span> 
     </span>
    </p>
   </div>
   <div class='ocr_carea' id='block_1_97' title="bbox 2452 5000 3640 5074">
    <p class='ocr_par' dir='ltr' id='par_1_97' title="bbox 2452 5000 3640 5074">
     <span class='ocr_line' id='line_1_99' title="bbox 2452 5000 3640 5074; baseline 0.003 -20"><span class='ocrx_word' id='word_1_568' title='bbox 2452 5001 2537 5054; x_wconf 84' lang='grc'><strong>52.</strong></span> <span class='ocrx_word' id='word_1_569' title='bbox 2584 5002 2690 5053; x_wconf 71' lang='grc' dir='ltr'><strong>Καὶ</strong></span> <span class='ocrx_word' id='word_1_570' title='bbox 2727 5003 2784 5053; x_wconf 84' lang='grc' dir='ltr'>ἐν</span> <span class='ocrx_word' id='word_1_571' title='bbox 2821 5002 2898 5072; x_wconf 79' lang='grc' dir='ltr'>τῷ</span> <span class='ocrx_word' id='word_1_572' title='bbox 2931 5001 3042 5072; x_wconf 83' lang='grc' dir='ltr'><strong>Υἱῷ</strong></span> <span class='ocrx_word' id='word_1_573' title='bbox 3072 5018 3162 5054; x_wconf 79' lang='grc' dir='ltr'><strong>σου</strong></span> <span class='ocrx_word' id='word_1_574' title='bbox 3196 5000 3640 5074; x_wconf 76' lang='grc' dir='ltr'>δοξασθήσονται.</span> 
     </span>
    </p>
   </div>
   <div class='ocr_carea' id='block_1_98' title="bbox 2455 5091 3758 5166">
    <p class='ocr_par' dir='ltr' id='par_1_98' title="bbox 2455 5091 3758 5166">
     <span class='ocr_line' id='line_1_100' title="bbox 2455 5091 3758 5166; baseline 0.007 -23"><span class='ocrx_word' id='word_1_575' title='bbox 2455 5091 2540 5144; x_wconf 81' lang='grc'><strong>55.</strong></span> <span class='ocrx_word' id='word_1_576' title='bbox 2564 5092 2682 5143; x_wconf 85' lang='grc' dir='ltr'><strong>’Ὁτι</strong></span> <span class='ocrx_word' id='word_1_577' title='bbox 2720 5091 2777 5144; x_wconf 80' lang='grc' dir='ltr'>ἐν</span> <span class='ocrx_word' id='word_1_578' title='bbox 2818 5095 2899 5145; x_wconf 77' lang='grc' dir='ltr'>σοὶ</span> <span class='ocrx_word' id='word_1_579' title='bbox 2926 5093 3230 5162; x_wconf 81' lang='grc' dir='ltr'>καυχῶνται</span> <span class='ocrx_word' id='word_1_580' title='bbox 3256 5095 3352 5148; x_wconf 74' lang='grc' dir='ltr'>καὶ</span> <span class='ocrx_word' id='word_1_581' title='bbox 3373 5093 3758 5166; x_wconf 81' lang='grc' dir='ltr'>δυναμοῦνται.</span> 
     </span>
    </p>
   </div>
   <div class='ocr_carea' id='block_1_99' title="bbox 2453 5180 3953 5256">
    <p class='ocr_par' dir='ltr' id='par_1_99' title="bbox 2453 5180 3953 5256">
     <span class='ocr_line' id='line_1_101' title="bbox 2453 5180 3953 5256; baseline 0.002 -21"><span class='ocrx_word' id='word_1_582' title='bbox 2453 5180 2540 5236; x_wconf 71' lang='grc'>54.</span> <span class='ocrx_word' id='word_1_583' title='bbox 2582 5184 2693 5236; x_wconf 79' lang='grc' dir='ltr'><strong>Καὶ</strong></span> <span class='ocrx_word' id='word_1_584' title='bbox 2732 5186 2788 5237; x_wconf 83' lang='grc' dir='ltr'>ὲν</span> <span class='ocrx_word' id='word_1_585' title='bbox 2824 5184 2902 5254; x_wconf 80' lang='grc' dir='ltr'><strong>τῷ</strong></span> <span class='ocrx_word' id='word_1_586' title='bbox 2949 5184 3209 5256; x_wconf 82' lang='grc' dir='ltr'><strong>Θελήματί</strong></span> <span class='ocrx_word' id='word_1_587' title='bbox 3260 5203 3372 5252; x_wconf 83' lang='grc' dir='ltr'>σου,</span> <span class='ocrx_word' id='word_1_588' title='bbox 3411 5188 3507 5240; x_wconf 71' lang='grc' dir='ltr'>καὶ</span> <span class='ocrx_word' id='word_1_589' title='bbox 3545 5186 3641 5241; x_wconf 81' lang='grc' dir='ltr'><strong>τοῦ</strong></span> <span class='ocrx_word' id='word_1_590' title='bbox 3685 5186 3819 5242; x_wconf 77' lang='grc' dir='ltr'>Υίοῧ</span> <span class='ocrx_word' id='word_1_591' title='bbox 3865 5203 3953 5240; x_wconf 81' lang='grc' dir='ltr'><strong>σου</strong></span> 
     </span>
    </p>
   </div>
   <div class='ocr_carea' id='block_1_100' title="bbox 2381 5274 3951 5352">
    <p class='ocr_par' dir='ltr' id='par_1_100' title="bbox 2381 5274 3951 5352">
     <span class='ocr_line' id='line_1_102' title="bbox 2381 5274 3951 5352; baseline 0.007 -26"><span class='ocrx_word' id='word_1_592' title='bbox 2381 5274 2815 5346; x_wconf 70' lang='grc' dir='ltr'><strong>ἀνοροωϐήσεται</strong></span> <span class='ocrx_word' id='word_1_593' title='bbox 2847 5278 2919 5348; x_wconf 87' lang='grc'><strong>(6)</strong></span> <span class='ocrx_word' id='word_1_594' title='bbox 2950 5279 2981 5347; x_wconf 81' lang='grc' dir='ltr'>ἡ</span> <span class='ocrx_word' id='word_1_595' title='bbox 3029 5277 3243 5344; x_wconf 75' lang='grc' dir='ltr'>ἐξουσία</span> <span class='ocrx_word' id='word_1_596' title='bbox 3278 5279 3456 5351; x_wconf 81' lang='grc' dir='ltr'>ἡμῶν,</span> <span class='ocrx_word' id='word_1_597' title='bbox 3497 5281 3567 5352; x_wconf 81' lang='grc' dir='ltr'>ἢν</span> <span class='ocrx_word' id='word_1_598' title='bbox 3609 5283 3746 5352; x_wconf 76' lang='grc' dir='ltr'>ἡμῖν</span> <span class='ocrx_word' id='word_1_599' title='bbox 3775 5281 3834 5349; x_wconf 77' lang='grc' dir='ltr'><strong>ἐξ</strong></span> <span class='ocrx_word' id='word_1_600' title='bbox 3857 5285 3951 5351; x_wconf 73' lang='grc' dir='ltr'><strong>ἀρ-</strong></span> 
     </span>
    </p>
   </div>
   <div class='ocr_carea' id='block_1_101' title="bbox 2385 5368 2768 5438">
    <p class='ocr_par' dir='ltr' id='par_1_101' title="bbox 2385 5368 2768 5438">
     <span class='ocr_line' id='line_1_103' title="bbox 2385 5368 2768 5438; baseline 0.016 -18"><span class='ocrx_word' id='word_1_601' title='bbox 2385 5368 2484 5438; x_wconf 83' lang='grc' dir='ltr'>χῆς</span> <span class='ocrx_word' id='word_1_602' title='bbox 2511 5369 2768 5434; x_wconf 79' lang='grc' dir='ltr'>δέδωκας.</span> 
     </span>
    </p>
   </div>
   <div class='ocr_carea' id='block_1_102' title="bbox 1654 5477 2999 5561">
    <p class='ocr_par' dir='ltr' id='par_1_102' title="bbox 1654 5477 2999 5561">
     <span class='ocr_line' id='line_1_104' title="bbox 1654 5477 2999 5561; baseline 0.012 -24"><span class='ocrx_word' id='word_1_603' title='bbox 1654 5477 1960 5538; x_wconf 80' lang='lat' dir='ltr'><strong>Addenda</strong></span> <span class='ocrx_word' id='word_1_604' title='bbox 2011 5490 2069 5540; x_wconf 85' lang='lat' dir='ltr'><strong>et</strong></span> <span class='ocrx_word' id='word_1_605' title='bbox 2106 5482 2481 5561; x_wconf 84' lang='lat' dir='ltr'><strong>corrigenda</strong></span> <span class='ocrx_word' id='word_1_606' title='bbox 2520 5502 2597 5546; x_wconf 80' lang='lat' dir='ltr'><strong>ex</strong></span> <span class='ocrx_word' id='word_1_607' title='bbox 2621 5488 2761 5548; x_wconf 89' lang='lat' dir='ltr'><strong>cod.</strong></span> <span class='ocrx_word' id='word_1_608' title='bbox 2800 5489 2999 5553; x_wconf 70' lang='lat' dir='ltr'><strong>Yatic.</strong></span> 
     </span>
    </p>
   </div>
   <div class='ocr_carea' id='block_1_103' title="bbox 781 5603 2274 5677">
    <p class='ocr_par' dir='ltr' id='par_1_103' title="bbox 781 5603 2274 5677">
     <span class='ocr_line' id='line_1_105' title="bbox 781 5603 2274 5677; baseline 0.003 -19"><span class='ocrx_word' id='word_1_609' title='bbox 781 5605 852 5672; x_wconf 85' lang='grc'><strong>(1)</strong></span> <span class='ocrx_word' id='word_1_610' title='bbox 893 5607 981 5659; x_wconf 87' lang='grc' dir='ltr'>Σοί</span> <span class='ocrx_word' id='word_1_611' title='bbox 1013 5608 1115 5660; x_wconf 85' lang='grc' dir='ltr'>είσι</span> <span class='ocrx_word' id='word_1_612' title='bbox 1147 5608 1240 5660; x_wconf 69' lang='grc' dir='ltr'>καὶ</span> <span class='ocrx_word' id='word_1_613' title='bbox 1269 5607 1339 5672; x_wconf 76' lang='grc' dir='ltr'><strong>οἱ,</strong></span> <span class='ocrx_word' id='word_1_614' title='bbox 1372 5607 1668 5676; x_wconf 75' lang='grc' dir='ltr'>ρῑε.”ομιυς</span> <span class='ocrx_word' id='word_1_615' title='bbox 1697 5603 1809 5667; x_wconf 73' lang='grc' dir='ltr'>καί,</span> <span class='ocrx_word' id='word_1_616' title='bbox 1847 5618 1948 5661; x_wconf 85' lang='lat' dir='ltr'><strong>etc.</strong></span> <span class='ocrx_word' id='word_1_617' title='bbox 1989 5605 2113 5677; x_wconf 81' lang='lat' dir='ltr'><strong>Leg.</strong></span> <span class='ocrx_word' id='word_1_618' title='bbox 2141 5608 2274 5674; x_wconf 80' lang='lat' dir='ltr'><strong>vid.,</strong></span> 
     </span>
    </p>
   </div>
   <div class='ocr_carea' id='block_1_104' title="bbox 705 5677 1472 5815">
    <p class='ocr_par' dir='ltr' id='par_1_104' title="bbox 705 5677 1472 5815">
     <span class='ocr_line' id='line_1_106' title="bbox 705 5677 924 5749; baseline -0.005 -18"><span class='ocrx_word' id='word_1_619' title='bbox 705 5677 924 5749; x_wconf 81' lang='grc' dir='ltr'>ὁμοίως.</span> 
     </span>
     <span class='ocr_line' id='line_1_107' title="bbox 779 5749 1472 5815; baseline 0.004 -15"><span class='ocrx_word' id='word_1_620' title='bbox 779 5751 796 5810; x_wconf 71' lang='grc' dir='ltr'><strong>ί</strong></span> <span class='ocrx_word' id='word_1_621' title='bbox 803 5750 854 5815; x_wconf 84' lang='grc'><strong>2)</strong></span> <span class='ocrx_word' id='word_1_622' title='bbox 882 5750 938 5800; x_wconf 85' lang='lat' dir='ltr'><strong>&#39;U</strong></span> <span class='ocrx_word' id='word_1_623' title='bbox 969 5750 1056 5813; x_wconf 76' lang='grc' dir='ltr'><strong>σὸς</strong></span> <span class='ocrx_word' id='word_1_624' title='bbox 1086 5751 1206 5812; x_wconf 71' lang='grc' dir='ltr'>Υἱὸς</span> <span class='ocrx_word' id='word_1_625' title='bbox 1236 5749 1472 5813; x_wconf 80' lang='grc' dir='ltr'>δυνατός,</span> 
     </span>
    </p>
   </div>
   <div class='ocr_carea' id='block_1_105' title="bbox 779 5821 1278 5888">
    <p class='ocr_par' dir='ltr' id='par_1_105' title="bbox 779 5821 1278 5888">
     <span class='ocr_line' id='line_1_108' title="bbox 779 5821 1278 5888; baseline -0.002 -16"><span class='ocrx_word' id='word_1_626' title='bbox 779 5821 849 5888; x_wconf 82' lang='grc'>(3)</span> <span class='ocrx_word' id='word_1_627' title='bbox 884 5821 1278 5874; x_wconf 75' lang='grc' dir='ltr'><strong>Βασιλευσάτω.</strong></span> 
     </span>
    </p>
   </div>
   <div class='ocr_carea' id='block_1_106' title="bbox 2456 5611 2932 5684">
    <p class='ocr_par' dir='ltr' id='par_1_106' title="bbox 2456 5611 2932 5684">
     <span class='ocr_line' id='line_1_109' title="bbox 2456 5611 2932 5684; baseline 0 -5"><span class='ocrx_word' id='word_1_628' title='bbox 2456 5611 2532 5681; x_wconf 71' lang='grc'>(4)</span> <span class='ocrx_word' id='word_1_629' title='bbox 2573 5613 2932 5684; x_wconf 45' lang='lat' dir='ltr'><strong>Mane/mc.</strong></span> 
     </span>
    </p>
   </div>
   <div class='ocr_carea' id='block_1_107' title="bbox 2453 5685 2805 5749">
    <p class='ocr_par' dir='ltr' id='par_1_107' title="bbox 2453 5685 2805 5749">
     <span class='ocr_line' id='line_1_110' title="bbox 2453 5685 2805 5749; baseline 0.009 -14"><span class='ocrx_word' id='word_1_630' title='bbox 2453 5685 2530 5749; x_wconf 83' lang='lat'><strong>(5)</strong></span> <span class='ocrx_word' id='word_1_631' title='bbox 2573 5685 2805 5738; x_wconf 77' lang='grc' dir='ltr'>ΠενΟὼν.</span> 
     </span>
    </p>
   </div>
   <div class='ocr_carea' id='block_1_108' title="bbox 2456 5753 2952 5826">
    <p class='ocr_par' dir='ltr' id='par_1_108' title="bbox 2456 5753 2952 5826">
     <span class='ocr_line' id='line_1_111' title="bbox 2456 5753 2952 5826; baseline 0.008 -23"><span class='ocrx_word' id='word_1_632' title='bbox 2456 5754 2531 5824; x_wconf 85' lang='grc'>(6)</span> <span class='ocrx_word' id='word_1_633' title='bbox 2552 5753 2952 5826; x_wconf 78' lang='grc' dir='ltr'><strong>Ἀνορθωθήτω.</strong></span> 
     </span>
    </p>
   </div>
  </div>
