4174 6480
684 389 814 446 1051
1533 382 1589 436 S.
1636 379 2008 436 ATHANASII
2052 379 2202 434 OPP.
2246 379 2330 432 PA

2348 378 2428 434 RS
2467 377 2557 434 lll.
2597 408 2668 418 —-
2708 378 3122 434 EXEGETICA.
3831 383 3996 437 1052

750 503 838 558 56.
877 504 932 556 In
951 510 1211 556 aeternum
1235 497 1553 553 servaboilli
1583 497 2009 551 misericordiam
2032 511 2245 549 meam:
2281 504 2327 557 Α

2179 511 2245 549 n:
2281 504 2327 557 Α
2425 495 2512 548 56.
2543 495 2633 557 Εἰς
2671 495 2757 548 τὸν
2792 497 2961 549 αἰῶνα
2994 494 3211 564 φυλάξω
3241 494 3387 565 αὖτῷ
3420 496 3481 549 τὸ
3516 496 3663 562 ἔλεός
3699 515 3827 569 μου·

751 597 838 651 57.
870 595 934 648 Et
963 601 1343 649 testamentum
1373 606 1552 644 meum
1587 589 1742 643 ﬁdele
1769 590 1892 657 ipsi.

1880 629 1892 642 .
2431 587 2519 639 57.
2559 588 2724 658 Kal'q
2759 586 2990 656 διαθήκη
3027 605 3126 657 μου
3165 587 3330 655 πιστὴ
3358 586 3524 657 αὐτῷ.

750 688 841 743 58.
881 686 944 740 Et
973 701 1168 755 ponam
1202 686 1252 738 in
1284 683 1542 740 saeculum
1571 683 1756 736 surculi
1787 697 1970 736 semen
1997 681 2115 750 ejus
2141 699 2155 736 :

2429 680 2516 734 58.
2572 681 2680 732 Kal
2732 680 2967 751 θήσομαι
3025 683 3114 744 εἰς’
3155 682 3243 734 τὸν
3275 684 3446 738 αἰῶνα
3492 683 3588 737 τοῦ
3647 683 3857 747 αἰῶνος
3921 699 3991 738 το

2359 776 2581 846 σπέρμα
2606 776 2790 829 αὑτοῦ·

755 870 842 927 59.
873 868 939 924 Et
965 869 1221 924 thronum
1253 868 1372 938 ejus
1395 867 1536 922 sicut
1561 867 1678 921 dies
1712 865 1835 920 cmli
1865 882 1877 918 :

2441 865 2527 920 59.
2566 867 2673 919 Kal
2701 865 2790 919 τὸν
2814 865 3000 936 θρόνον
3029 867 3192 920 αὑτοῦ
3250 868 3324 932 ὡς
3355 867 3456 932 τὰς
3487 869 3704 939 ἡμέρας
3739 867 3841 920 τοῦ
3878 867 3979 918 οὐ-

2363 979 2544 1032 ρανου.

759 1049 845 1104 60.
877 1049 933 1103 Si
967 1056 1144 1103 autem
1167 1045 1560 1116 dereliquerint
1592 1044 1685 1098 ﬁlii
1723 1042 1842 1114 ejus
1863 1043 2034 1112 legem
2055 1059 2254 1111 meam,

2427 1053 2514 1108 60.
2587 1052 2712 1106 Ἐἀν
2772 1051 3208 1122 ἐγκαταλίπωσιν
3264 1055 3312 1106 οἱ
3367 1054 3473 1106 υἱοί
3535 1054 3704 1107 αὐτοῦ
3755 1054 3854 1106 τὸν
3886 1054 3977 1105 νό-

2363 1163 2461 1216 μον
2498 1163 2600 1216 μου
2619 1188 2634 1212 ,

750 1234 838 1289 61.
874 1233 939 1286 Ει
975 1233 1027 1287 in
1052 1231 1273 1301 judiciis
1303 1230 1441 1285 meis
1476 1244 1583 1282 non
1618 1226 2022 1282 ambulaverint

2428 1238 2514 1292 61.
2548 1239 2656 1292 Kal
2678 1240 2790 1302 τοῖς
2818 1240 3048 1311 κρίμασί
3085 1257 3184 1310 μου
3222 1239 3295 1310 μὴ
3325 1237 3688 1310 πορευθῶσιν·

751 1329 840 1383 62.
879 1329 934 1382 Si
960 1329 1198 1398 justitias
1219 1341 1367 1379 meas
1392 1323 1834 1396 profanaverint:

2431 1331 2518 1385 62.
2568 1332 2693 1386 Ἐἀν
2717 1331 2787 1386 τά
2808 1332 3154 1402 δικαιώματά
3185 1350 3284 1402 μου
3317 1331 3689 1402 βεϐηλὼσωσι·

752 1422 839 1476 65.
875 1421 940 1474 Ει
973 1421 1226 1474 mandata
1255 1433 1373 1473 mea
1405 1432 1514 1471 non
1543 1413 1926 1479 custodierint,

2427 1422 2516 1476 65.
2554 1425 2664 1477 Kal
2687 1424 2786 1488 τάς
2818 1424 3034 1487 ὲντολάς
3065 1440 3168 1493 μου
3200 1422 3274 1493 μὴ
3299 1421 3627 1490 φυλάξωσιψ

748 1515 838 1568 64.
876 1514 1120 1568 Visilabo
1158 1513 1211 1564 in
1247 1511 1397 1579 virga
1428 1509 1743 1578 iniquitates
1775 1519 1966 1560 eorum
1996 1543 2010 1557 .

2431 1515 2955 1589 6ιίηἘπισκέψομαι
2982 1517 3038 1568 ἐν
3071 1515 3250 1587 ρἀδῳ
3282 1515 3381 1578 τάς
3414 1513 3646 1585 ἀνομίας
3678 1516 3890 1581 αὐτῶν,

752 1606 838 1662 65.
869 1606 931 1658 Et
960 1606 1014 1658 in
1047 1603 1364 1658 verberibus
1396 1611 1618 1671 peccata
1648 1614 1863 1654 eorum.

2432 1610 2517 1662 65.
2555 1611 2662 1662 Kal
2683 1610 2739 1661 ἐν
2766 1609 2981 1679 μάστιξι
3011 1608 3110 1670 τὰς
3139 1607 3354 1670 ἀδικίας
3385 1607 3562 1660 αὐτῶν

750 1698 837 1751 66.
875 1697 1304 1753 Misericordinm
1356 1705 1540 1750 autem
1583 1708 1761 1748 meam
1813 1709 1920 1750 non
1951 1692 2258 1764 dispergam

2432 1704 2520 1758 66.
2553 1704 2626 1756 Τὸ
2646 1703 2701 1756 δὲ
2731 1703 2878 1766 ἔλεός
2911 1720 3013 1774 μου
3041 1703 3101 1754 o6
3129 1702 3203 1772 μὴ
3241 1700 3582 1754 διασκεδάσω
3617 1700 3713 1754 ἀπ’
3751 1701 3967 1755 αὐτῶν

678 1793 748 1848 ab
780 1792 880 1846 eis.

750 1883 836 1937 67.
863 1880 1048 1952 Neque
1078 1879 1282 1934 nocebo
1317 1878 1367 1932 in
1399 1877 1628 1932 veritate
1654 1891 1793 1930 mea.
2285 1881 2329 1938 Β

2285 1881 2329 1938 Β
2427 1882 2514 1936 67.
2544 1882 2664 1935 Οὐδ’
2688 1883 2750 1936 οὐ
2789 1881 2863 1954 μὴ
2898 1882 3139 1953 ἀδικήσω
3164 1882 3222 1935 ὲν
3250 1885 3316 1954 τῇ
3340 1881 3569 1953 ἀληθείᾳ
3601 1900 3722 1953 μου.

752 1973 838 2027 68.
876 1971 1058 2042 Neque
1086 1970 1381 2041 profanabo
1405 1976 1788 2022 testamentum
1815 1981 2032 2021 meum:

2424 1975 2511 2030 68.
2537 1977 2656 2030 Οὐδ’
2691 1977 2750 2029 οὐ
2786 1978 2860 2047 μὴ
2893 1976 3185 2048 βεϐηλώσω
3205 1978 3303 2047 τὴν
3342 1977 3610 2049 διαθήκην
3649 1991 3771 2046 μου·

749 2065 836 2121 69.
875 2065 937 2119 Et
964 2080 1084 2135 qua:
1114 2062 1418 2133 procedunt
1441 2061 1507 2116 de
1535 2060 1698 2116 labiis
1724 2059 1884 2125 meis,
1916 2073 2024 2112 non
2059 2056 2255 2114 faciam

2424 2069 2509 2124 69.
2542 2069 2650 2123 Kal
2674 2069 2741 2122 τά
2774 2068 3186 2139 ἐκπορευόμενα
3213 2067 3300 2120 διὰ
3344 2067 3454 2120 τῶν
3486 2068 3713 2136 χειλέων
3764 2084 3870 2137 μου
3899 2067 3964 2120 οὐ

680 2159 854 2213 irrita.

2358 2163 2432 2233 μὴ
2468 2161 2740 2233 ἀθετήσω.

750 2253 836 2305 70.
874 2248 1051 2304 Semel
1093 2247 1272 2318 juravi
1299 2246 1354 2302 in
1388 2254 1578 2302 sancto
1623 2259 1770 2312 meo,
1813 2245 1858 2302 si
1895 2243 2060 2300 David
2107 2259 2260 2299 men-

2427 2253 2512 2306 70.
2546 2251 2730 2318 Ἀπαξ
2789 2251 2978 2324 ὤμοσα
3023 2253 3082 2305 ὲν
3128 2250 3207 2323 τῷ
3235 2251 3376 2323 ἁγίῳ
3407 2268 3533 2323 μου,
3584 2251 3633 2304 εἰ
3679 2250 3760 2321 τῷ
3787 2251 3964 2305 Δαὸὶδ

678 2346 823 2400 tiar?
1516 2327 1521 2333 6

2357 2343 2627 2415 ψεύσομαι
2653 2362 2666 2410 ;

751 2438 836 2491 71.
870 2437 1065 2491 Semen
1092 2435 1212 2504 ejus
1239 2434 1296 2488 in
1321 2441 1584 2488 aeternum
1622 2430 1863 2486 manebit
1892 2430 2120 2503 [manet]
2148 2449 2159 2485 :

2433 2439 2521 2491 7l.
2550 2438 2623 2490 T6
2647 2437 2866 2509 σπέρμα
2890 2437 3054 2492 αὑτοῦ
3086 2440 3164 2501 εἰς
3197 2438 3287 2491 τὸν
3318 2438 3489 2493 αἰῶνα
3521 2441 3676 2511 μενεῖ
3707 2437 3924 2510 [μένει]
3946 2457 3961 2470 ο

751 2532 840 2583 72.
880 2531 944 2584 Ει
974 2529 1204 2583 thronus
1227 2526 1344 2595 ejus
1383 2526 1526 2581 sicut
1561 2526 1642 2581 sol
1678 2527 1730 2580 in
1772 2533 2068 2595 conspectu
2106 2541 2247 2581 meo.

2435 2531 2521 2584 72.
2548 2531 2656 2584 Kal
2679 2532 2707 2582 6
2731 2531 2918 2603 θρόνος
2959 2530 3118 2585 αὑτοῦ
3147 2531 3222 2593 ὡς
3261 2532 3290 2583 6
3321 2532 3470 2601 ἥλιος
3509 2533 3756 2586 ἐναντίον
3792 2550 3916 2601 μου.

753 2624 839 2676 75.
875 2621 938 2677 Et
970 2621 1108 2676 sicut
1139 2620 1264 2673 luna
1290 2618 1527 2689 perfecta
1561 2617 1614 2670 in
1649 2627 1954 2671 aeternum:

2430 2623 2518 2676 75.
2546 2625 2654 2677 Kal
2684 2625 2758 2687 ὡς
2787 2625 3034 2696 ἡσελήνη
3066 2628 3474 2699 κατηρτισμένη
3509 2629 3589 2690 εἰς
3629 2627 3721 2680 τὸν
3757 2627 3956 2680 αἰῶνα·

1271 2710 1612 2780 Diapsalma.

2967 2713 3283 2785 Διὰψαλμα

753 2809 839 2863 'H.
871 2807 937 2862 Et
968 2807 1121 2861 testis
1147 2806 1200 2858 in
1237 2804 1375 2857 coelo
1407 2801 1602 2857 ﬁdelis.

2429 2803 2515 2860 74.
2544 2808 2653 2860 Kal
2685 2807 2712 2861 6
2744 2807 2949 2879 μάρτυς
2975 2809 3031 2860 ὲν
3056 2809 3269 2879 οὐρανῷ
3295 2811 3497 2874 πιστός.

1808 2933 2181 3000 ATHANASJI
2222 2936 2804 2996 INTERPRETATIO.

750 3053 839 3107 56.
869 3052 1260 3108 lndesinenter.

2429 3057 2516 3112 56.
2565 3058 2953 3114 Ἀδιάλειπτον.

750 3148 841 3202 57.
871 3147 935 3202 Et
967 3149 1250 3216 passiones
1288 3143 1472 3199 ﬁdeles
1499 3140 1625 3211 ipsi.

2431 3150 2518 3204 57.
2548 3151 2657 3203 Kal
2690 3151 2759 3203 τὰ
2793 3151 3092 3222 παθήματα
3119 3153 3194 3222 (1)
3224 3153 3390 3206 πιστά
3427 3154 3597 3223 αὐτῷ.

751 3241 841 3296 58.
874 3239 1050 3310 Opera
1072 3240 1298 3309 justitiac
1326 3239 1466 3310 ejus.

2428 3239 2514 3294 58.
2547 3241 2626 3293 Τὰ
2648 3240 2781 3312 ἔργα
2805 3242 2903 3312 τῆς
2929 3242 3270 3312 δικαιοσύνης
3303 3245 3487 3299 αὑτοῦ.

752 3335 841 3389 59.
880 3334 945 3389 Ει
977 3349 1203 3406 regnum
1239 3334 1410 3404 ipsius
1442 3333 1863 3388 interminabile.

2425 3332 2516 3386 59.
2551 3333 2660 3385 Kal
2684 3333 2781 3405 τὴν
2817 3333 3095 3403 βασιλείαν
3117 3336 3282 3389 αὐτοῦ
3313 3336 3695 3408 ἀτελεύτητον.

752 3425 838 3482 60.
869 3425 926 3480 1η
953 3427 1414 3498 concupiscentiis
1444 3426 1693 3481 cordium
1719 3440 1908 3481 eorum
1937 3435 2254 3496 sequentur.

2425 3425 2511 3480 60.
2561 3428 2647 3478 Ἐν
2675 3431 2796 3492 ταῖς
2842 3428 3159 3500 ἐπιθυμίαις
3196 3430 3304 3483 τῶν
3359 3432 3598 3501 καρδιῶν
3644 3434 3832 3487 αὐτῶν
3874 3436 3959 3503 ἐξ·

2280 3507 2322 3565 C
2355 3518 2790 3590 ακολουθήσουσι.

757 3607 843 3661 61.
873 3606 938 3659 Ει
966 3605 1256 3661 declinabit
1284 3621 1380 3662 cor
1409 3620 1598 3661 eorum
1637 3622 1689 3660 m
1720 3606 2036 3661 vanitatem.

2429 3610 2518 3665 61.
2554 3612 2662 3664 Καὶ
2685 3613 2908 3685 ὲκκλίνῃ
2931 3615 2963 3685 ἡ
2990 3613 3189 3685 καρδία
3217 3613 3396 3669 αὐτῶν
3437 3617 3517 3679 εἰς
3553 3618 3916 3688 ματαιότητα.

755 3699 843 3754 62.
873 3700 928 3754 1η
957 3701 1401 3770 intemperantias
1424 3710 1832 3756 convertentur.

1759 3717 1832 3756 π.
2432 3701 2519 3755 62.
2568 3702 2654 3754 Ἐν
2677 3703 2985 3770 ἀσελγείαις
3013 3705 3407 3776 τραπήσονται.

759 3794 846 3847 65.
876 3793 940 3846 Ει
963 3794 1186 3847 omnino
1217 3809 1244 3845 a
1272 3807 1358 3846 me
1389 3792 1692 3846 discedent.

2429 3798 2516 3852 63.
2550 3798 2657 3852 Kal
2691 3799 3388 3872 wawelt'bgﬁrtoctﬁsouctv
3424 3801 3500 3873 (2)
3525 3801 3620 3854 ἀπ’
3649 3803 3810 3872 ἐμοῦ.

756 3884 843 3937 64.
875 3883 1049 3948 Quem
1073 3883 1218 3936 enim
1242 3883 1428 3952 diligo,
1463 3883 1679 3952 corrigo
1705 3892 1758 3936 et
1789 3885 2018 3954 castigo.

2431 3891 2518 3945 64.
2555 3895 2649 3945 Ὃν
2679 3891 2786 3964 γάρ
2806 3893 3029 3960 ἀγαπῶ,
3072 3894 3280 3964 ἐλέγχω
3307 3896 3398 3947 καί
3435 3894 3699 3950 παιδεύω.

756 3977 844 4031 65.
880 3977 1118 4048 Flagello
1152 3988 1332 4033 autem
1383 3978 1435 4031 in
1478 3977 1791 4032 inﬁrmitate
1817 3988 1870 4032 et
1897 3978 2261 4044 tribulatione,

2435 3985 2521 4038 65.
2556 3985 2817 4047 Ματτίζω
2860 3986 2916 4037 δὲ
2976 3987 3032 4037 ὲν
3086 3985 3370 4057 ἀρρωστίᾳ
3406 3989 3499 4041 καὶ
3547 3987 3750 4057 θλίψει,
3781 3989 3957 4043 πάντα

691 4083 904 4122 omnem
942 4069 1115 4122 lilium
1149 4079 1476 4138 exspectans
1507 4071 1572 4125 ad
1609 4073 2012 4140 poznitentiam.

1729 4073 2012 4126 nitentiam.
2365 4077 2476 4128 υἱὸν
2507 4079 2585 4138 εἰς
2614 4076 2897 4146 μετάνοιαν
2927 4075 3377 4154 ἀπεκδεχόμενος.

767 4161 847 4217 66.
883 4163 1167 4234 Castigans
1197 4173 1378 4219 autem
1406 4179 1500 4219 eos
1526 4180 1632 4219 non
1665 4167 1826 4219 morti
1854 4168 2086 4222 tradam.

2037 4183 2086 4222 η.
2438 4170 2524 4223 66.
2567 4169 2842 4224 Παιδεύων
2875 4171 2931 4223 δὲ
2961 4171 3155 4234 αὐτοὺς
3175 4171 3234 4224 οὐ
3262 4171 3337 4242 μὴ
3371 4170 3685 4226 θανατώσω.

764 4256 849 4309 67.
881 4254 1066 4326 Neque
1109 4259 1396 4328 projiciam
1432 4273 1526 4313 eos
1549 4268 1925 4315 convertentes
1963 4276 2020 4315 se
2046 4261 2097 4314 in
2130 4275 2266 4331 prae-

2438 4259 2524 4315 67.
2571 4258 2703 4312 Οὐδὲ
2747 4260 2820 4330 μὴ
2863 4260 2939 4329 ('5)
2971 4259 3259 4331 ἀπορρίψω
3288 4259 3486 4323 αὐτοὺς
3525 4263 3956 4333 ὲπιστρέςροντας

697 4348 871 4417 ceptis
899 4350 1057 4404 meis.

2367 4354 2424 4406 ἐν
2446 4355 2554 4415 τοῖς
2577 4351 2958 4424 προστάγμασί
2991 4369 3111 4423 μου.

763 4441 852 4496 68.
889 4441 1075 4512 Neque
1101 4442 1326 4498 omnino
1359 4445 1889 4502 exterminabuntur.

2437 4445 2524 4498 68.
2554 4444 2687 4498 Οὐδὲ
2730 4445 2805 4516 μὴ
2837 4445 3054 4508 τελείως
3089 4446 3168 4507 εἰς
3206 4445 3514 4517 ἀφανισμον
3536 4451 3755 4503 ἔσονται
3786 4451 3877 4522 (4).

763 4534 848 4588 69.
882 4534 950 4588 Ει
983 4550 1103 4606 qua:
1130 4537 1391 4605 promitto
1412 4552 1520 4590 non
1552 4537 1810 4595 destituo.

2437 4538 2522 4593 69.
2583 4538 2692 4589 Kal
2750 4537 2892 4608 ἆπερ
2944 4537 3364 4608 ἐπαγγείλομαι,
3416 4540 3477 4592 οὐ
3535 4541 3611 4612 μὴ
3664 4543 3953 4595 παοεκλεί-

2372 4649 2456 4684 πω
2483 4630 2579 4700 (δ).

766 4714 850 4770 70.
916 4715 1096 4772 Semel
1145 4718 1400 4773 constitui
1451 4719 1504 4772 in
1536 4719 1645 4773 ﬁlio
1709 4735 1831 4774 meo
1889 4720 2098 4787 David,
2157 4738 2263 4777 non

2441 4723 2527 4776 70.
2553 4722 2735 4785 Ἀπαξ
2785 4721 2958 4792 ὥρισα
3003 4722 3063 4775 ἐν
3103 4719 3182 4795 τῷ
3234 4723 3338 4796 υἱῷ
3374 4741 3474 4794 μου
3509 4725 3586 4794 τῷ
3647 4727 3836 4792 Δαδὶδ,
3896 4729 3955 4782 οὐ

693 4810 945 4865 mentiar.
2291 4871 2339 4888 η

2291 4871 2339 4888 η
2369 4817 2654 4888 ψεύσομαι.

768 4904 852 4959 7L
889 4903 1095 4959 Sancti.
2291 4871 2342 4925 1’
2384 4871 2394 4888 ’

2291 4871 2342 4925 Β
2384 4871 2394 4888 ’
2439 4871 2616 4965 71..οἰ
2645 4910 2787 4979 amt
2825 4909 2919 4979 (6).

765 4997 854 5052 72.
889 4997 1135 5068 Regnum
1167 4997 1409 5068 ipsorum
1437 4996 1731 5068 ellulgebit.

2443 5003 2530 5055 72.
2576 5003 2639 5054 'll
2673 5003 2914 5072 βασιλεία
2937 5001 3115 5057 αὐτῶν
3140 5002 3214 5074 (7)
3238 5004 3521 5076 ἐκλάμψει.

762 5092 851 5145 75.
889 5089 1151 5145 Similiter
1182 5107 1407 5160 regnum
1435 5091 1603 5160 ipsius
1633 5089 1918 5143 fundatum
1947 5100 2050 5143 est.

2448 5093 2534 5149 75.
2569 5093 3015 5165 Τεθεμελιωμένη
3049 5093 3248 5165 ὁμοίως
3282 5097 3313 5167 ἡ
3346 5096 3589 5167 βασιλεία
3612 5098 3798 5158 αὑτοῦ.

765 5182 852 5237 74.
885 5181 999 5237 lloc
1033 5183 1230 5238 dicitur
1270 5185 1336 5238 dc
1362 5182 1541 5248 Patre,
1580 5193 1634 5237 et
1673 5183 1739 5237 de
1772 5182 1931 5248 Filio,
1965 5191 2016 5236 et
2049 5183 2112 5236 de
2145 5181 2268 5250 Spi-

2445 5185 2531 5238 74.
2561 5187 2787 5252 Λέγεται
2847 5185 3003 5239 τοῦτο
3053 5187 3144 5238 ἐπὶ
3185 5188 3262 5258 (8)
3309 5189 3403 5242 τοῦ
3437 5191 3672 5260 ﬂat-96;,
3723 5193 3816 5245 καὶ
3865 5194 3952 5246 τοῦ

695 5277 801 5330 ritu
851 5285 1078 5330 sancto:
1115 5277 1180 5330 de
1233 5276 1392 5331 Patre
1448 5277 1706 5347 quidem,
1755 5278 2010 5348 quoniam
2060 5292 2089 5331 e
2128 5277 2266 5330 cmlo

2377 5276 2531 5338 Υίοῦ,
2557 5279 2649 5330 καὶ
2675 5277 2768 5329 τοῦ
2802 5279 2954 5344 ἁγίου
2987 5279 3322 5348 Πνεύματος⁶
3348 5280 3440 5332 ἐπὶ
3472 5280 3572 5351 μὲν
3601 5283 3696 5337 τοῦ
3723 5286 3950 5356 Πατρὸς,

697 5368 866 5422 dixit:
899 5367 999 5421 Hic
1035 5379 1111 5422 est
1142 5369 1313 5423 Filius
1340 5387 1482 5425 meus
1512 5371 1802 5427 dilectus":
1830 5373 1894 5425 de
1927 5371 2063 5426 Filio
2087 5380 2266 5424 autem

2376 5369 2562 5438 ἐπειδὴ
2622 5368 2731 5421 ἀπὸ
2778 5369 2886 5420 τῶν
2938 5369 3183 5440 οὐρανῶν
3226 5364 3398 5425 εἶπεν·
3463 5369 3656 5442 Οὗτός
3709 5378 3876 5431 ἐστιν
3921 5379 3952 5428 ό

778 5464 801 5497 τ
826 5463 1018 5520 Matth.
1043 5483 1198 5536 ,xvn,
1230 5468 1283 5521 5.

1650 5538 1960 5601 Addenda
2003 5543 2064 5600 et
2098 5537 2476 5614 corrigenda
2508 5554 2587 5597 ex
2621 5534 2759 5596 cod.
2797 5535 2998 5597 Vatic.

877 5637 1182 5712 EaOﬁpata
1211 5659 1329 5711 μοι).
2559 5636 3017 5712 Ἐπαγγέλλομαι,
3062 5641 3121 5693 οὐ
3151 5659 3223 5711 μη
3251 5643 3593 5712 παραλείπω,

881 5707 1046 5786 [Ιαν-τὶ
1067 5707 1400 5786 ἀπελῶσιν,
2558 5709 2839 5786 Tosne-31w
2868 5710 2914 5758 οἱ
2945 5709 3104 5775 ἅγιοι,

770 5778 847 5853 (ξι)
879 5778 998 5853 φέιδ
1027 5782 1085 5831 οὐ
1111 5785 1183 5853 μή
2458 5781 2534 5846 (τ)
2570 5778 2758 5853 553°5-

771 5848 845 5919 (4)
883 5848 1182 5907 Ἔστωσαν.
2450 5852 2526 5922 (8)
2569 5849 2736 5903 Τοῦτο
2762 5852 2854 5903 καὶ
2883 5850 2996 5919 ἐπὶ,
3034 5860 3133 5904 etc.
