4174 6500
229 433 379 489 1033
1040 431 1131 489 DE
1173 432 1446 488 TITULIS
1484 431 1935 488 PSALMORUM.
1974 462 2040 472 —
2080 432 2279 488 PSAL.
2318 432 2650 489 LXXXVIII.
3336 440 3474 499 1084

302 552 394 605 75.
420 552 490 605 Σὺ
522 551 577 603 δὲ
608 549 810 604 ἀπώσω
838 552 932 604 καὶ
953 550 1343 618 ’ἑξουδένωσας,
1829 558 1877 612 Α

1829 558 1877 612 Α
1975 551 2062 607 75.
2097 550 2178 606 Tu
2205 564 2337 605 vero
2365 550 2610 620 repulisti
2640 560 2694 607 et
2725 550 3043 622 despexisti,

303 641 395 694 76.
440 639 720 693 Ἀνεὸάλου
749 640 841 693 τὸν
876 641 1111 711 Χριστόν
1150 658 1243 693 σου
1265 680 1279 704 ,

1239 662 1279 704 ι,
1985 640 2070 695 76.
2101 638 2371 695 Distulisti
2401 638 2681 695 Christum
2712 648 2887 703 tuum.

296 731 391 786 77.
426 730 808 802 Κατέστρεψας
826 731 925 803 τὴν
953 731 1215 803 διαθήκην
1240 730 1332 784 τοῦ
1362 730 1548 784 δούλου
1584 744 1698 783 σου*

1443 730 1548 783 ὅλου
1584 744 1698 783 σου·
1985 732 2070 785 77.
2104 730 2356 787 Evertisti
2392 740 2774 787 testamentum
2802 734 2943 787 servi
2976 734 3051 787 tui
3080 752 3091 786 :

302 826 393 880 78.
437 825 808 893 Ἐὁεὸήλωσας
836 828 914 888 είς
957 826 1055 896 τὴν
1084 826 1188 896 γῆν
1219 825 1280 878 τὸ
1312 825 1557 895 ἁγίασμα
1582 823 1767 877 αὑτοῦ.

1590 823 1767 877 αὑτοῦ.
1985 821 2072 877 78.
2107 822 2415 879 Profanasti
2450 825 2503 878 in
2535 833 2679 879 terra
2708 824 3077 880 sanctuarium
3102 827 3238 894 ejus.

301 917 392 973 79.
422 917 683 979 Καθείλες
712 916 917 981 πάντας
946 918 1071 981 τοὺς
1096 918 1381 989 φραγμοὺς
1410 917 1595 971 αὑτοῦ·

1360 935 1381 980 ς
1410 917 1595 971 αὑτοῦ·
1985 914 2072 970 79.
2102 914 2426 971 Destruxisti
2462 930 2655 972 omnes
2676 932 2831 987 sepcs
2857 918 3008 987 ejus:

297 1010 391 1065 80.
423 1010 581 1063 Ἕθου
604 1011 669 1062 τὰ
700 1008 1030 1081 ὀχυρώματα
1070 1009 1233 1063 αὑτοῦ
1266 1010 1490 1065 δειλίαν.

1980 1007 2069 1064 80.
2103 1007 2341 1065 Posuisti
2365 1009 2768 1065 ﬁrmamentum
2800 1010 2921 1081 ejus
2952 1010 3314 1065 formidinem.

301 1101 392 1155 81.
416 1102 718 1173 Διήρπαζον
740 1102 898 1154 αὑτὸν
926 1102 1123 1166 πάντες
1147 1103 1195 1155 οἱ
1217 1102 1545 1165 διοδεύοντες
1573 1101 1690 1154 ὀδόν
1708 1100 1805 1169 (η)-

1754 1100 1805 1167 ι)·
1983 1098 2071 1153 81.
2102 1098 2450 1170 Diripuerunt
2476 1116 2600 1156 eum
2633 1115 2825 1157 omnes
2857 1109 3200 1157 transeuntes
3232 1102 3402 1155 viam:

302 1193 394 1248 82.
438 1192 695 1263 Ἐγενήθη
724 1192 921 1255 ὄνειδος
945 1195 1056 1256 τοῖς
1084 1194 1316 1261 γείτοσιν
1341 1193 1526 1248 αὑτοῦ.

1982 1192 2072 1247 82.
2100 1191 2303 1248 Factus
2330 1202 2413 1248 est
2442 1193 2791 1264 opprobrium
2823 1193 3019 1250 vicinis
3044 1196 3177 1250 suis.

303 1283 394 1338 85.
429 1283 687 1353 ’Υψωσας
716 1284 814 1354 τὴν
844 1282 1019 1348 δεξιὰν
1039 1285 1146 1339 τῶν
1170 1286 1459 1340 θλιϐόντων
1486 1285 1666 1339 αὐτόν·

1654 1301 1666 1314 ·
1982 1284 2071 1340 8'5.
2106 1282 2368 1340 Exaltasti
2402 1284 2677 1341 dexteram
2702 1286 3120 1355 deprimentium
3139 1302 3298 1342 eum:

308 1372 398 1426 84.
425 1372 715 1444 Εὖφρανας
738 1372 946 1436 πάντας
973 1375 1098 1436 τοὺς
1127 1374 1352 1445 ἐχθροὺς
1381 1373 1568 1427 αὐτοῦ.

1437 1373 1568 1427 βτοῦ.
1984 1374 2073 1429 84.
2106 1373 2416 1431 Laetiﬁcasti
2448 1391 2641 1431 omnes
2662 1376 2914 1432 inimicos
2945 1376 3085 1446 ejus.

306 1464 395 1519 85.
460 1464 830 1535 Ἀπέστρεψας
895 1463 995 1535 τὴν
1055 1463 1306 1536 βοήθειαν
1370 1465 1470 1536 τῆς
1537 1464 1811 1536 ῥομφαίας

1452 1482 1470 1528 ;
1537 1464 1811 1536 ῥομφαίας
1981 1467 2071 1523 85.
2108 1468 2365 1523 Avertisti
2397 1468 2721 1538 adiutor-ium
2750 1468 2911 1539 gladii
2938 1468 3057 1538 ejus
3085 1485 3100 1523 :

226 1573 400 1609 αυτου
421 1574 435 1587 ⁸

304 1647 393 1701 86.
419 1649 526 1702 Καὶ
553 1649 651 1702 οὐκ
673 1648 966 1703 ἀντελάὸου
993 1649 1159 1704 αὐτοῦ
1203 1652 1260 1703 ἐν
1292 1649 1370 1720 τῷ
1404 1649 1643 1719 πολέμῳ.

1404 1649 1643 1719 πολέμῳ.
1983 1646 2070 1700 86.
2105 1646 2171 1701 Ει
2196 1663 2303 1702 non
2325 1662 2384 1702 es
2406 1647 2699 1703 auxiliatos
2729 1647 2778 1701 ei
2810 1647 2863 1701 in
2890 1646 3052 1703 bello.

303 1739 395 1794 87.
428 1741 744 1804 Κατέλυσας
794 1742 902 1796 ἀπὸ
947 1742 1289 1814 καθαρισμοῦ
1322 1740 1487 1795 αὐτοῦ
1516 1758 1527 1771 ·

1446 1740 1487 1793 μῦ
1516 1758 1527 1771 ·
1981 1740 2070 1796 87.
2104 1739 2428 1795 Destruxisti
2461 1740 2528 1793 ab
2554 1740 2937 1795 emttndatione
2962 1756 3057 1795 sua
3082 1760 3094 1795 :

304 1830 395 1886 88.
426 1832 527 1885 Τὸν
558 1832 745 1904 θρόνον
778 1835 940 1888 αὐτοῦ
968 1837 1047 1899 είς
1069 1835 1167 1906 τὴν
1198 1835 1303 1906 γῆν
1333 1834 1699 1905 κατέρῤαξας.

1430 1834 1699 1905 ῖέρῤαξας.
1982 1832 2071 1887 88.
2106 1833 2171 1887 Et
2200 1834 2379 1888 sedem
2412 1832 2531 1902 ejus
2564 1834 2616 1887 in
2644 1841 2784 1887 terra
2813 1833 3078 1889 collisisti.

302 1929 392 1983 89.
437 1929 799 2001 Ἐσμίκρυνας
826 1930 926 1994 τὰς
955 1932 1167 2004 ἡμέρας
1208 1930 1298 1983 τοῦ
1334 1930 1525 2001 χρόνου
1570 1928 1731 1981 αὑτοῦ
1754 1945 1765 1955 ·
1841 1908 1881 1962 Β

1344 1930 1525 2001 χρόνου
1570 1928 1765 1981 αὑτοῦ·
1841 1908 1881 1962 Β
1980 1926 2070 1981 89.
2096 1923 2377 1982 lliuorasti
2406 1928 2522 1981 dies
2551 1927 2811 1995 temporis
2835 1927 2955 1995 ejus
2982 1946 2992 1980 :

304 2020 394 2075 90.
426 2020 706 2091 Κατέχεας
736 2021 901 2077 αὑτοῦ
933 2021 1125 2094 [αὐτῷ]
1166 2023 1451 2095 αἰσχύνην.

1257 2023 1451 2095 ’χύνην.
1977 2018 2065 2073 90.
2091 2017 2385 2074 Perfutlisti
2410 2034 2534 2072 eum
2566 2019 2905 2073 confusione.

867 2114 1200 2183 Διάψαλμα.

2544 2108 2871 2179 Diapsalnm.

303 2201 395 2257 9I.
425 2203 569 2269 Ἕως
593 2205 742 2267 πότε,
776 2206 967 2278 Κύριε,
1005 2206 1322 2279 ἀποστρέφῃ
1354 2208 1434 2268 εἰς
1462 2206 1647 2268 τέλος;

1598 2221 1647 2268 :3
1981 2203 2069 2259 9|.
2107 2201 2421 2274 Usqueqoo,
2449 2202 2697 2266 Domine,
2726 2204 2925 2259 avertis
2961 2205 3012 2258 in
3048 2202 3246 2258 tinem?

307 2295 399 2351 92.
441 2298 870 2369 Ἐκκαυθήσεται
906 2298 981 2360 ὡς
1014 2297 1124 2369 πῦρ
1152 2299 1185 2368 ή
1209 2299 1345 2369 ὀργή
1378 2316 1509 2364 σου;

1408 2316 1509 2364 ou;
1980 2298 2069 2352 92.
2100 2295 2430 2351 Exardescet
2460 2295 2600 2350 sicut
2632 2295 2773 2365 ignis
2806 2296 2884 2351 ira
2920 2298 3056 2351 tua?

303 2389 394 2443 93.
420 2389 704 2461 Μνήσθητι
737 2392 821 2453 τίς
857 2406 958 2461 μου
994 2392 1027 2461 ἡ
1052 2392 1348 2455 ὑπόστασις
1371 2408 1384 2422 ⁸

1991 2387 2081 2443 93.
2118 2386 2418 2443 Memorare
2446 2401 2567 2454 qua:
2602 2400 2718 2439 mea
2752 2387 3091 2441 substantia:

307 2527 381 2597 (α)
413 2528 475 2581 Ol
506 2529 1006 2600 παραπορευόμενοι
1041 2530 1138 2601 τὴν
1177 2530 1314 2584 ὁδόν.
1350 2528 1420 2581 At
1448 2527 1501 2582 in
1526 2542 1722 2595 marg.,
1752 2526 1802 2580 οἱ
1837 2524 2161 2588 διοδεύοντες
2187 2524 2327 2577 ὀδόν.

1384 2644 1755 2699 ATHANASII
1794 2640 2370 2699 INTEBPRETATIO.

238 2760 375 2827 Υιός
395 2778 515 2831 μου
567 2764 871 2832 ἀγαπητός
896 2766 995 2836 (1)·
1039 2769 1167 2837 περὶ
1212 2768 1268 2821 δὲ
1297 2768 1391 2821 τοῦ
1428 2768 1580 2832 Υἱοῦ,
1630 2767 1815 2838 ἐπειδὴ

1916 2766 2041 2837 quia
2116 2780 2311 2836 passus
2374 2774 2459 2819 est
2529 2764 2581 2819 in
2645 2771 2823 2829 terra;
2898 2762 2969 2817 de
3038 2774 3227 2819 sancto
3299 2775 3476 2819 autem

228 2852 498 2905 πέπονθεν
525 2854 617 2906 ἐπὶ
657 2855 751 2925 τῆς
784 2857 905 2927 γῆς’
936 2856 1063 2929 περὶ
1092 2858 1147 2910 δὲ
1182 2859 1274 2910 τοῦ
1294 2858 1447 2927 ἁγίου
1480 2858 1815 2928 Πνεῦματος,

1918 2857 2157 2928 Spiritu,
2213 2856 2340 2927 quia
2404 2856 2773 2911 testimonium
2842 2854 3116 2926 perhibuit
3186 2856 3252 2912 de
3319 2855 3476 2915 Filio.

228 2943 421 3015 ἐπειδὴ
443 2944 790 3017 ἐμαρτύρησε
818 2947 946 3019 περὶ
1008 2946 1102 3001 τοῦ
1147 2947 1299 3011 Υἱοῦ,
1328 2947 1507 3011 καθὼς
1554 2950 1582 3001 ὁ
1615 2947 1820 3019 Κύριος

1916 2946 2371 3018 quemadmodum
2422 2944 2687 3001 Dominus
2715 2946 2852 2999 dixit
2879 2964 2891 2999 :
2920 2946 3049 3000 Cum
3089 2958 3261 3001 autem
3290 2962 3478 3002 cenem

228 3029 417 3088 εἶπεν·
450 3036 635 3090 ’Ὅταν
674 3037 742 3091 δὲ
765 3038 913 3107 ἔλθῃ
971 3041 1003 3092 ό
1036 3038 1425 3107 Παρίὶκλητος
1460 3040 1525 3093 τὸ
1575 3039 1819 3109 Πνεῦμα

1917 3039 2232 3094 Paracletus
2258 3036 2490 3110 Spiritus
2521 3039 2780 3103 veritatis,
2810 3038 2896 3093 ille
2928 3040 3281 3093 testimonium
3306 3042 3480 3109 perhi-

231 3124 343 3194 τῆς
367 3127 669 3195 ἀληθείας,
698 3130 926 3197 ἐκεῖνος
950 3131 1313 3201 μαρτυρήσει
1350 3133 1480 3198 περὶ
1506 3131 1671 3201 ἐμοῦ.
1843 3169 1885 3226 c
1917 3134 2053 3187 bebit
2083 3134 2147 3187 de
2180 3149 2259 3187 me
2282 3134 2325 3192 l|.

303 3215 391 3269 75.
443 3218 514 3270 Συ
548 3217 623 3279 δὲ,
672 3219 699 3271 ὁ
751 3218 879 3282 λαὸς
938 3219 1044 3273 τῶν
1114 3220 1400 3283 Ἰουδαίων,
1454 3220 1681 3283 ἀπώσω,
1721 3221 1812 3274 καὶ
1847 3215 1885 3226 ‘-

1847 3215 1885 3226 ’”
1988 3224 2075 3280 75.
2110 3224 2189 3280 Tu
2235 3234 2437 3290 autem,
2488 3226 2689 3296 popule
2743 3225 3075 3292 Judteorum,
3108 3227 3374 3299 repulisli,
3424 3237 3480 3284 et

229 3307 590 3374 ἑξουόἐνωσας
610 3311 701 3363 τὸν
730 3311 856 3364 Υίὸν
878 3313 971 3365 τοῦ
1006 3312 1138 3365 Θεοῦ
1174 3314 1263 3367 τὸν
1293 3313 1517 3384 βασιλέα
1556 3330 1667 3366 σου.

1315 3314 1517 3367 ιασιλέα
1556 3330 1667 3366 σου.
1914 3315 2204 3386 despcxisti
2233 3316 2427 3371 Filium
2454 3317 2545 3372 Dei
2579 3333 2759 3388 regem
2786 3327 2963 3373 tuum.

300 3396 388 3450 76.
414 3399 516 3451 Τὸν
540 3399 769 3471 Χριστὸν
801 3401 885 3453 ἒτε
896 3419 987 3469 ρον
1023 3405 1149 3473 παρ’
1168 3403 1329 3456 αὑτὸν
1356 3403 1808 3473 ἁπεκδεχόμενος.

1686 3421 1808 3466 ινος.
1988 3406 2073 3461 76.
2103 3407 2280 3461 Alium
2305 3407 2583 3464 Christum
2617 3418 2812 3479 praeter
2836 3423 2960 3463 eum
2995 3419 3334 3479 exspectans.

304 3488 391 3545 77.
424 3490 529 3544 Τοῦ
560 3491 688 3545 λαοῦ
715 3495 823 3545 τῶν
871 3494 1157 3547 Ἰουδαίων.

1006 3494 1157 3547 αίων.
1982 3499 2067 3554 77.
2102 3498 2291 3572 Populi
2319 3501 2648 3557 Iudaeorum.

302 3579 390 3632 78.
440 3581 679 3649 ’Λφείλου
714 3583 789 3652 (2)
844 3584 942 3654 τὴν
971 3584 1127 3655 χάριν
1160 3602 1253 3638 σου
1278 3586 1385 3638 ἀπὸ
1411 3584 1502 3638 τοῦ
1530 3587 1806 3655 ἁγιάσμα-

1988 3592 2074 3646 78.
2104 3593 2389 3649 Abstulisti
2420 3597 2648 3662 gratiam
2682 3604 2827 3650 tuam
2860 3614 2888 3651 a
2920 3599 3232 3652 sanctuario
3265 3612 3475 3654 eorum.

223 3686 321 3733 τος
347 3672 545 3724 αὐτῶν.

300 3762 391 3817 79.
429 3764 655 3829 Ἐλαϐες
684 3766 778 3837 τὴν
814 3766 1062 3839 βοήθειάν
1091 3786 1180 3822 σου
1214 3771 1307 3823 ἀπ’
1334 3770 1539 3824 αὐτῶν.

1984 3770 2072 3826 79.
2106 3772 2388 3827 Abstulisti
2416 3773 2745 3843 adjutorium
2770 3784 2921 3830 tuum
2947 3777 3015 3831 ab
3042 3777 3190 3849 ipsis.

300 3854 389 3909 80.
415 3855 487 3907 Τὸ
511 3855 707 3927 θράσος
739 3860 915 3912 αὐτῶν
938 3859 1015 3931 (5)
1042 3862 1334 3932 μετέϐαλες
1367 3866 1446 3927 εἰς
1476 3862 1697 3918 δειλίαν.

1985 3864 2074 3919 80.
2103 3865 2397 3921 Audaciam
2441 3881 2629 3921 eorum
2671 3871 2983 3926 convertisti
3031 3872 3085 3926 in
3113 3870 3473 3931 formidinem.

301 3945 387 4000 8i.
437 3948 892 4018 ᾘχμαλώτευσαν
925 3955 1122 4019 αὐτοὺς
1144 3956 1212 4008 τὰ
1237 3958 1385 4028 ἔθνη.

2016 3956 2069 4012 1.
2101 3957 2155 4010 ln
2195 3956 2563 4027 captivitatem
2590 3957 2933 4015 abduxerunt
2960 3977 3056 4017 eos
3092 3971 3298 4034 gentes.

299 4035 387 4089 82.
422 4037 515 4100 Εἰς
552 4038 793 4092 δουλείαν
820 4043 1075 4111 γεγόνασι
1104 4048 1217 4108 τοῖς
1252 4046 1427 4100 ἔθνεσι
1464 4049 1563 4119 (4).

1465 4049 1563 4119 (4).
1982 4047 2069 4103 8‘2.
2104 4046 2162 4101 In
2184 4048 2496 4103 servitutem
2525 4048 2651 4104 facti
2678 4060 2806 4105 sunt
2841 4053 3113 4123 gentibus.

300 4128 389 4183 83.
415 4131 917 4204 Κατακυριευεσθαι
950 4136 1144 4201 αὐτοὺς
1171 4138 1554 4211 συνεχώρησας
1577 4141 1681 4194 ὑπὸ
1702 4143 1811 4194 τῶν

1980 4139 2067 4195 85.
2102 4139 2402 4195 Permisisti
2442 4148 2501 4194 ut
2539 4141 2789 4199 homines
2818 4144 2874 4199 in
2917 4159 3013 4202 eos
3041 4145 3472 4205 dominarentur.

223 4220 326 4276 ἀνθ
336 4220 535 4295 ρώπων
545 4264 560 4276 .

299 4313 386 4369 84.
421 4317 622 4381 Εἷασας
649 4320 845 4385 αὐτοὺς
880 4321 1200 4393 σαλευθῆναι
1232 4323 1309 4392 (5)
1343 4324 1434 4378 ὑπ’
1457 4324 1660 4379 αὐτῶν.

1232 4323 1309 4392 (ὅ)
1343 4324 1434 4378 ὑπ’
1457 4324 1660 4379 αὐτῶν.
1980 4318 2068 4375 84.
2101 4318 2287 4375 Sivisti
2315 4335 2409 4377 eos
2439 4322 2507 4376 ab
2537 4322 2667 4393 ipsis
2688 4323 2878 4395 jactari

297 4406 387 4461 85.
428 4409 730 4482 ’Λνίσχυροι
753 4414 1058 4481 γεγόνασιν.

974 4432 1058 4469 τιν,
1980 4408 2071 4464 85.
2095 4408 2299 4464 Inﬁrmi
2326 4409 2453 4466 facti
2476 4422 2622 4467 sunt.

298 4496 387 4552 86.
417 4498 679 4570 Πρόνοιαν
712 4502 888 4556 αὐτῶν
922 4505 1019 4557 οὐκ
1050 4504 1128 4557 ἔτι
1153 4506 1394 4577 ἐποιήσω
1426 4506 1520 4576 (6).
1835 4516 1882 4570 ι)

1835 4516 1882 4570 ι)
1979 4499 2069 4554 86.
2105 4498 2223 4555 Non
2254 4502 2487 4573 amplius
2520 4519 2705 4560 curam
2730 4506 2795 4562 de
2818 4507 2924 4563 illis
2949 4511 3182 4579 gessisti.

298 4589 387 4644 87.
414 4592 525 4662 Τὴν
562 4596 859 4666 περιτομὴν
898 4596 1105 4650 ἑαυτῶν
1132 4598 1423 4667 κατέλεγεν
1455 4600 1554 4669 (7).

1506 4601 1554 4668 ι),
1982 4588 2072 4643 87.
2104 4588 2307 4644 Eorum
2336 4592 2805 4652 circumcisionem
2832 4599 3154 4668 reprobasti.

297 4682 383 4739 88.
413 4684 523 4755 Τὴν
547 4684 702 4750 δόξαν
724 4686 901 4742 αὐτῶν
927 4689 1019 4742 καὶ
1039 4691 1137 4761 τὴν
1162 4691 1543 4762 ὑπερηφανίαν
1569 4694 1650 4757 είς
1675 4711 1805 4748 στω-

1979 4681 2071 4738 88.
2099 4681 2336 4739 Gloriam
2365 4699 2557 4741 eorum
2582 4698 2636 4742 et
2664 4692 2973 4760 superbiam
3000 4693 3054 4748 in
3078 4694 3353 4765 pulverem
3379 4698 3472 4753 de-

223 4775 315 4829 δὸν
340 4777 673 4847 κατήγαγες.

482 4794 673 4846 γαγες.
1905 4774 2125 4832 duxisti.

296 4865 383 4921 89.
417 4868 530 4937 Τῆς
566 4868 783 4923 αἰωνίου
817 4871 961 4943 ζωῆς
983 4874 1381 4946 ἐστερήθησαν.

1225 4891 1381 4944 ησαν.
1974 4867 2063 4924 89.
2098 4868 2324 4926 Etet-na
2355 4871 2467 4927 VIA
2499 4872 2698 4941 privati
2727 4882 2873 4929 sunt.

297 4957 383 5014 90.
411 4961 521 5015 Καὶ
542 4963 599 5015 ὲν
629 4962 707 5033 τῷ
730 4962 843 5025 νῦν,
877 4966 970 5018 καὶ
996 4968 1053 5020 ὲν
1081 4966 1158 5039 τῷ
1189 4967 1433 5039 μέλλοντι
1473 4970 1650 5024 αἰῶνι.

1500 4970 1650 5024 nam,
1975 4960 2066 5016 90.
2093 4962 2161 5018 Et
2185 4964 2239 5019 in
2276 4966 2527 5034 praesenti
2558 4974 2613 5022 et
2637 4965 2691 5020 in
2724 4966 2907 5023 futuro
2934 4969 3148 5026 saeculo.

295 5050 384 5105 9i.
426 5052 485 5105 Ὀ
518 5055 800 5126 προφήτης
822 5056 999 5111 δέεται
1031 5059 1171 5130 ὑπὲρ
1215 5059 1396 5114 αὐτῶν
1424 5077 1436 5088 ·
1474 5062 1575 5115 Διὰ
1615 5062 1670 5115 τι
1705 5078 1797 5115 τε-

1976 5054 2065 5109 91.
2093 5054 2365 5127 Propheta
2397 5073 2498 5129 pro
2530 5059 2663 5130 ipsis
2704 5060 3065 5130 deprecatur:
3096 5063 3271 5129 Quare
3290 5081 3469 5136 perpe-

220 5142 402 5208 ⁸λείως
424 5142 774 5215 ἀποστρέφῃ
797 5149 1019 5216 αὐτούς
1040 5165 1060 5213 ;

1905 5158 1994 5203 tuo
2021 5152 2273 5205 averseris
2301 5152 2433 5205 eos?
3456 5146 3458 5149 ’

300 5229 389 5283 92.
440 5232 556 5285 Ἐπ’
581 5233 777 5298 αὐτοὺς
810 5238 866 5289 ἐν
890 5240 955 5309 τῇ
981 5242 1254 5314 παρουσίᾳ
1280 5260 1376 5295 σου

1232 5259 1254 5314 μ
1280 5260 1376 5295 σου
1975 5239 2064 5295 92.
2098 5238 2270 5312 Super
2298 5255 2392 5297 eos
2423 5242 2477 5296 in
2504 5241 2736 5298 adventu
2771 5252 2880 5299 tuo.

296 5319 385 5373 93.
415 5321 537 5375 Ὅτι
557 5326 628 5393 γῆ
654 5325 746 5378 καὶ
769 5328 961 5392 σποδός
988 5332 1122 5400 εἶμι.

1974 5332 2061 5387 93.
2098 5330 2253 5399 Quod
2282 5344 2426 5389 terra
2458 5344 2513 5391 et
2546 5335 2723 5405 pulvis
2747 5352 2886 5393 sum.

310 5434 332 5466 '
358 5432 515 5489 Joan.
551 5453 639 5503 xv,
671 5438 764 5493 26.

1184 5538 1492 5602 Addenda
1525 5547 1586 5603 et
1622 5538 2000 5619 corrigenda
2027 5557 2106 5603 ex
2138 5543 2277 5604 cod.
2318 5542 2518 5605 Vatic.

489 5629 787 5714 ἀζαπητός.
1973 5643 2051 5714 (5)
2084 5642 2465 5714 Σκυλευθῆναι.

291 5644 371 5695 ιι)
415 5644 468 5681 νυ
489 5644 787 5701 αγαπητος.

291 5696 369 5797 S2:
402 5698 714 5797 23:92:-

679 5644 787 5696 τος·
1973 5644 2051 5782 γε)
2084 5644 2324 5696 Σκυλευθι

676 5788 714 5797 --
1978 5714 2055 5797 ,9)
2088 5714 2324 5797 βριήσωο

416 5767 714 5853 Τξλθάρσος
746 5773 928 5853 ξ”ὒτέὖ-
2080 5767 2267 5839 Αὑτῶν
2289 5767 2585 5838 διατέλυςαν

295 5835 374 5906 (4)
417 5835 665 5894 Ἕθνεσιν
700 5842 886 5897 αὐτοῦ.

545 5931 816 5997 ΡΑτιιοι..
843 5936 960 5998 Gn.
999 5936 1258 5999 XXVII.
3104 5936 3185 6001 33
