4142 6476
727 400 868 454 1055
1562 403 1617 456 S.
1659 401 2027 456 ATHANASII
2070 402 2217 456 OPP.
2261 402 2440 457 PARS
2483 404 2563 458 Ill.
2604 433 2673 443 —-
2713 407 3121 463 EXEGETICA.
3830 415 3962 470 1036

798 521 882 575 91.
917 520 1163 591 Nunquid
1190 527 1334 577 enim
1358 539 1487 578 vane
1531 525 1862 580 constituisti
1897 540 2084 579 omnes
2135 524 2280 580 ﬁlios
2318 530 2359 585 Α

2326 530 2359 584 Α
2455 527 2542 580 91.
2577 528 2671 596 Μὴ
2708 529 2814 599 γὰρ
2860 532 3102 599 ματαίως
3141 531 3359 594 ἔκτισας
3399 534 3606 596 πάντας
3647 532 3777 595 τοῦς
3811 535 3962 596 υἱοὺς

727 611 1053 665 hominum?

2391 622 2495 672 τῶν
2524 621 2822 690 ἀνθρώπων
2845 640 2857 687 ;

799 702 886 756 95.
917 700 1046 766 Quis
1095 710 1174 756 est
1229 703 1390 756 homo
1431 704 1522 773 qui
1577 705 1758 769 vivet,
1811 715 1863 758 et
1924 720 2030 758 non
2082 704 2288 758 videbit

2459 713 2545 765 95.
2583 714 2677 775 Ti;
2711 716 2856 766 ἐστιν
2889 715 3192 786 ἄνθρωπος,
3227 714 3284 777 ὃς
3311 714 3556 784 ζήσεται,
3594 717 3688 769 καὶ
3717 715 3822 769 οὐκ
3848 715 3968 785 ὅψε-

727 792 993 845 mortem?

2388 819 2475 854 ται
2497 802 2722 855 Θάνατον
2740 820 2752 867 ;

795 879 880 934 96.
913 879 1325 935 Eruetanimam
1359 897 1512 936 suam
1535 883 1601 936 de
1631 898 1791 935 manu
1825 881 2001 934 inferi.

2455 893 2542 948 96.
2586 893 2837 948 Ῥύσεται
2866 894 2966 965 τὴν
2991 897 3171 968 ψυχὴν
3196 897 3358 951 αὑτοῦ
3388 900 3451 950 ὲκ
3487 896 3669 966 χειρὸς
3693 896 3847 967 ᾅδου.

795 972 882 1026 97.
918 969 1017 1024 Ubi
1071 983 1194 1026 sunt
1248 974 1640 1030 misericordia:
1696 983 1799 1028 tua:
1853 973 2122 1040 antiqua,
2180 969 2285 1022 Do-

2180 969 2285 1022 00·
2454 985 2538 1038 97.
2579 984 2686 1036 Ποῦ
2714 987 2814 1036 εἱσι
2843 986 2910 1038 τὰ
2947 986 3068 1056 ἑλέη
3105 1004 3196 1040 σου
3226 988 3293 1040 τὰ
3321 988 3543 1057 ἀρχαῖα,
3571 986 3782 1056 Κύριε,

724 1078 871 1114 mine
889 1102 903 1124 ,

792 1152 882 1205 98.
914 1152 1270 1223 Quasjurasti
1299 1153 1464 1208 David
1498 1153 1550 1207 in
1581 1152 1806 1207 veritate
1839 1153 1967 1205 tua?

2450 1165 2534 1217 98.
2577 1167 2642 1217 "A
2671 1165 2888 1235 ὤμοσας
2915 1168 2992 1236 τῷ
3015 1168 3176 1222 Δαϐὶδ
3221 1170 3278 1222 ὲν
3309 1171 3375 1239 τῇ
3413 1167 3643 1238 ἀληθείᾳ
3675 1182 3812 1230 σονς

797 1241 883 1296 99.
917 1242 1121 1298 Memor
1173 1254 1290 1299 esto
1317 1284 1330 1308 ,
1381 1243 1629 1309 Domine,
1665 1241 1946 1312 opprobrii
2003 1254 2283 1294 servorum

2456 1253 2537 1309 99.
2567 1255 2870 1326 Μνὴσθητι,
2913 1257 3084 1326 Κύριε
3112 1295 3126 1320 ,
3159 1257 3252 1310 τοῦ
3285 1257 3586 1324 ὀνειδισμοῦ
3615 1256 3727 1309 τῶν
3759 1255 3963 1309 δούλων

724 1341 962 1400 tuorum,
2386 1365 2500 1413 σου,

796 1425 915 1480 100.
948 1425 1100 1492 Quod
1127 1428 1370 1482 continui
1406 1428 1462 1481 in
1506 1427 1628 1482 sinu
1662 1439 1783 1478 meo
1826 1422 2116 1477 multarum
2151 1437 2283 1492 gen-

2454 1438 2570 1493 100.
2601 1435 2674 1494 Οῦ
2697 1441 2933 1511 ὑπέσχου
2966 1440 3246 1514 [ὑπέσχον]
3277 1442 3332 1494 ἐν
3364 1441 3441 1510 τῷ
3479 1439 3666 1508 κόλπῳ
3693 1455 3800 1508 μου
3833 1437 3962 1488 πολ-

723 1516 879 1569 tium.

2383 1531 2488 1585 λῶν
2523 1531 2707 1585 ὲΟνῶν.

793 1605 913 1658 101.
953 1603 1105 1669 Quod
1147 1604 1606 1673 exprobravcrunt
1656 1603 1861 1658 inimici
1902 1603 1998 1667 tui,
2030 1601 2278 1664 Domine,

2031 1601 2278 1695 θοηξξηθ»
2454 1620 2573 1675 101.
2610 1616 2683 1674 Οῦ
2711 1623 2988 1677 ὡνείδισαν
3021 1626 3068 1676 οἱ
3091 1624 3271 1695 ἐχθροί
3303 1642 3416 1689 σου,
3457 1623 3632 1692 Κύριε
3655 1666 3667 1687 ,

800 1696 921 1749 1οἳ.
950 1695 1104 1762 Quod
1130 1697 1591 1763 exprobraverunt
1616 1697 2094 1751 commutationem
2123 1694 2281 1747 Chri-

2453 1710 2574 1763 109..
2606 1705 2680 1764 Οὖ
2705 1712 2985 1766 ὠνείδισαν
3011 1714 3074 1766 τὸ
3089 1713 3436 1785 ἀντάλλαγμα
3456 1712 3546 1766 τοῦ
3574 1710 3814 1783 Χριστοῦ
3846 1727 3957 1763 σου.

723 1790 788 1842 sti
825 1790 922 1842 tui.

794 1881 910 1934 105.
941 1879 1260 1935 Benedictus
1287 1879 1549 1933 Dominus
1579 1880 1632 1932 in
1664 1889 1928 1932 aeternum
1958 1895 1972 1932 :
2007 1878 2116 1940 (iat,
2161 1878 2274 1929 tiat.
2310 1877 2350 1930 Β

2312 1877 2350 1930 Β
2449 1863 2569 1917 105.
2606 1864 2904 1935 Εὐλογητὸς
2931 1865 3133 1935 Κύριος
3157 1866 3234 1929 εἰς
3260 1865 3351 1918 τὸν
3373 1864 3562 1918 αἰῶνα.
3596 1863 3838 1922 Γένοιτο,
3857 1861 3948 1929 γέ-

2387 1972 2545 2008 νοιτο.

812 2052 996 2107 Oratio
1033 2052 1202 2123 Moysi
1234 2054 1460 2108 hominis
1484 2053 1604 2109 Dei.
1647 2052 1850 2111 PSAL.
1891 2050 2205 2106 LXXXIX.

2197 2090 2205 2105 .
2489 2045 2806 2116 Προσευχὴ
2843 2046 3065 2114 Μωῦσῇ
3095 2046 3406 2115 ἀνθρώπου
3440 2045 3514 2115 (a)
3538 2046 3644 2100 τοῦ
3679 2044 3833 2100 Θεοῦ

2971 2120 3200 2171 ΨΑΛΜ.
3231 2119 3362 2170 ΠΘ’.

790 2221 840 2257 ι.
872 2202 1123 2270 Domine,
1161 2205 1424 2278 refugium
1468 2206 1643 2263 factus
1679 2222 1735 2262 es
1774 2205 1927 2261 nobis
1956 2206 2010 2258 in
2050 2219 2276 2276 genera—

2456 2212 2505 2266 1.
2539 2213 2728 2286 Κύριε,
2757 2212 3046 2283 καταφυγὴ
3100 2211 3362 2284 ὲγενήθης
3394 2213 3526 2282 ἡμῖν
3564 2211 3623 2266 ὲν
3658 2213 3824 2266 νενεᾶ
3866 2211 3959 2263 καὶ

714 2295 863 2348 tione
895 2306 947 2350 ct
976 2299 1337 2366 generatione.
2383 2306 2563 2374 γενεᾷ.

787 2426 860 2498 (a)
908 2429 1200 2497 Ἀνθοώπῳ
1232 2431 1284 2483 in
1320 2431 1402 2485 ed.

1829 2545 2200 2601 ATHANASII
2240 2537 2826 2600 INTERPRETATIO.

786 2699 872 2753 91.
920 2698 1173 2770 Nunquid
1205 2699 1378 2756 fecisti
1411 2702 1679 2767 homines,
1708 2711 1765 2756 ut
1805 2702 2104 2772 perderes?

2452 2699 2539 2754 94.
2575 2698 2666 2769 Μὴ
2697 2696 2805 2766 γὰρ
2833 2697 2923 2749 ἐπὶ
2953 2697 3012 2750 τὸ
3056 2697 3318 2750 ἀπολέσαι
3347 2698 3653 2768 πεποίηκας
3694 2700 3824 2762 τοὺς
3867 2701 3958 2753 ἀν-

2386 2790 2632 2862 Θρώπους
2659 2807 2672 2854 ;

772 2885 862 2949 95,
887 2885 976 2938 96.
1020 2883 1153 2951 Quis
1190 2884 1466 2938 hominum
1517 2893 1691 2955 potest
1731 2885 1932 2951 vivere,
1971 2894 2024 2937 et
2056 2898 2163 2937 non
2197 2884 2282 2937 vi~

2453 2882 2541 2944 95,
2565 2881 2652 2935 96.
2685 2880 2778 2942 Τίς
2803 2879 3023 2932 δύναται
3054 2881 3160 2931 τῶν
3190 2877 3490 2948 ἀνθρώπων
3517 2878 3718 2948 ζῆσαι,
3759 2883 3854 2932 καὶ
3885 2883 3955 2950 μὴ

713 2977 840 3030 dcre
889 2976 1163 3030 mortem?
1207 2976 1273 3030 Et
1322 2977 1366 3030 si
1416 2977 1611 3030 viderit
1654 2986 1904 3036 mortem,
1936 2977 2059 3042 quis
2104 2983 2281 3042 potest

2385 2975 2511 3028 ἰδεῖν
2540 2973 2799 3038 Θάνατον;
2833 2973 2939 3024 Καὶ
2967 2972 3060 3024 ἐὰν
3105 2972 3189 3044 ἴδῃ
3224 2971 3473 3036 Θάνατον,
3498 2970 3579 3034 τίς
3611 2972 3834 3024 δύναται
3861 2975 3955 3042 ῥῦ-

713 3082 903 3121 eruere
931 3068 1170 3120 animam
1201 3081 1378 3129 suam,
1405 3066 1508 3119 nisi
1536 3076 1591 3118 tu
1623 3065 1791 3128 solus,
1815 3064 1907 3133 qui
1936 3073 2152 3132 propter
2183 3077 2281 3116 nos

2383 3066 2578 3121 σασθαι
2610 3067 2708 3137 τὴν
2731 3064 2920 3118 ἑαυτοῦ
2942 3064 3146 3137 ψυχὴν,
3180 3065 3227 3116 εἰ
3270 3064 3342 3134 μὴ
3390 3063 3453 3115 σὺ
3501 3063 3577 3131 (1)
3613 3064 3773 3133 μόνος
3823 3068 3849 3116 ὁ
3892 3065 3956 3116 δι’

716 3157 876 3209 homo
900 3154 1076 3209 factus
1098 3158 1200 3208 es?
1229 3152 1436 3208 Etenim
1469 3168 1574 3207 non
1602 3153 1775 3208 solum
1808 3169 1865 3208 se
1893 3153 2068 3222 ipsum
2103 3153 2282 3205 susci-

2378 3161 2525 3229 ἡμᾶς
2553 3159 2841 3228 γενόμενος
2863 3155 3177 3227 ᾶνθρωποςς
3205 3155 3277 3207 Οὐ
3304 3155 3462 3224 μόνον
3488 3156 3595 3224 γὰρ
3648 3157 3838 3209 ἑαυτὸν
3872 3160 3959 3209 ἁν-

717 3249 869 3310 tmit,
911 3246 1006 3302 sed
1042 3247 1207 3299 multa
1259 3263 1479 3316 corpora
1533 3255 1876 3313 sanctorum,
1921 3247 2008 3315 qui
2062 3244 2285 3296 dormie-

2380 3248 2625 3316 έστησεν,
2639 3247 2772 3299 ἀλλὰ
2789 3246 2884 3299 καὶ
2903 3246 3102 3300 πολλὰ
3116 3245 3356 3313 σώματα
3379 3243 3494 3298 τῶν
3509 3247 3956 3315 κεκοιμημὲιων

717 3351 838 3393 rant
863 3342 902 3395 ’.

2380 3339 2564 3407 ἁγίων
2598 3337 2855 3406 ἤγειρεν.

781 3431 872 3494 97,
895 3429 983 3483 98.
1019 3429 1119 3485 Ubi
1161 3438 1288 3483 sunt
1333 3424 1752 3490 misericordiae,
1800 3437 1939 3494 quas
1985 3419 2283 3492 promisisti

2452 3429 2540 3493 97,
2576 3428 2664 3482 98.
2702 3427 2810 3481 Ποῦ
2841 3428 2999 3492 εἰσιν,
3023 3426 3058 3481 ἃ
3084 3426 3393 3496 ὲπηγγείλω
3413 3425 3490 3497 τῷ
3516 3426 3628 3498 Υἱῷ
3659 3445 3756 3481 σου
3786 3432 3955 3482 ποιεῖν

715 3521 852 3576 Filio
883 3531 975 3576 tuo
1003 3519 1179 3575 facere
1201 3534 1362 3588 super
1388 3533 1578 3572 omnes
1601 3517 1623 3571 ‘i
2306 3510 2347 3566 C

1268 3534 1362 3588 per
1388 3517 1623 3572 omnes?
2306 3510 2347 3566 C
2380 3521 2472 3574 ἐπὶ
2504 3522 2709 3583 πάντας
2741 3518 2898 3590 uir);

789 3613 874 3677 99,
912 3610 1030 3665 100.
1058 3608 1387 3675 Recordare,
1423 3607 1670 3671 Domine,
1694 3605 1836 3676 quod
1865 3602 2170 3675 opprobriis
2198 3599 2276 3655 af-

2444 3614 2532 3677 99,
2565 3613 2685 3668 100.
2711 3611 2988 3684 Μνήσθητι
3017 3652 3031 3675 ,
3065 3610 3234 3681 Κύριε
3257 3651 3272 3674 ,
3307 3611 3390 3663 ὅτι
3443 3609 3812 3682 ὀνειδιζόμεθα
3852 3612 3959 3666 ὑπὸ

718 3706 930 3759 (icimur
957 3705 1025 3758 ab
1056 3702 1382 3758 adversariis
1414 3701 1771 3770 potestatibus
1801 3699 2139 3753 dicentibus:
2175 3695 2276 3750 Ubi

2376 3706 2482 3758 τῶν
2515 3706 2771 3757 ἐναντίων
2803 3703 3083 3771 δυνάμεων
3117 3701 3410 3768 λεγόντων·
3430 3701 3540 3752 Ποῦ
3569 3702 3758 3755 εἰσινᾶ
3787 3706 3955 3773 ἐπηγ-

716 3807 861 3861 suut,
900 3812 1020 3866 quae
1046 3794 1293 3864 promisit
1318 3790 1460 3846 Deus
1486 3791 1768 3845 ostendere
1799 3791 1947 3860 genti
1977 3788 2188 3842 David?

2119 3789 2188 3842 tl?
2373 3798 2586 3867 γεξλατο
2605 3798 2633 3847 ὁ
2660 3795 2789 3857 Θεὸς
2815 3791 3120 3845 δείκνυσθαι
3151 3790 3291 3843 ἔθνει
3320 3791 3415 3843 τοῦ
3445 3791 3608 3843 Δαϐίδ
3635 3792 3712 3861 (2)
3740 3810 3755 3856 ;

788 3888 908 3940 101.
933 3886 1122 3939 Judaei.

2447 3891 2569 3944 101.
2604 3891 2666 3943 Ol.
2709 3888 2944 3942 Ἰουδαῖοι

788 3980 910 4033 102.
935 3978 1161 4044 Quando
1206 3976 1491 4032 conviciati
1539 3982 1665 4028 sunt
1710 3973 1986 4038 Filiotuo,
2016 3976 2104 4045 qui
2131 3975 2278 4028 dedit

2457 3983 2575 4036 102.
2606 3983 2730 4035 Ὅτε
2763 3981 3042 4034 ὼνείδισαν
3095 3981 3185 4034 τὸν
3236 3983 3361 4035 Υἱόν
3403 3997 3494 4033 σου
3538 3982 3630 4034 τὸν
3689 3980 3954 4035 δεδωκότα

720 4088 775 4125 se
805 4071 981 4141 ipsum
1028 4070 1507 4124 commutationem
1549 4081 1647 4136 pro
1678 4067 1878 4136 populo
1910 4078 2021 4132 tuo,
2056 4068 2148 4138 qui
2177 4083 2277 4121 un-

2381 4074 2571 4130 ἑαυτὸν
2595 4071 2945 4140 ἀντάλλαγμα
2961 4072 3100 4141 ὑπὲρ
3117 4071 3208 4124 τοῦ
3230 4071 3358 4124 λαοῦ
3385 4088 3478 4125 σου
3495 4071 3588 4124 τοῦ
3615 4072 3949 4142 χρισθέντος.

718 4173 836 4216 ClllS
868 4169 971 4217 CSL

795 4255 909 4307 ltl3.
940 4255 1133 4320 Amen,
1166 4269 1343 4307 amen.

2456 4249 2576 4302 tos.
2617 4246 2806 4317 Ἀμὴν,
2846 4247 3011 4317 ἀμήν.

799 4368 861 4418 ’11
901 4367 1229 4438 προκειμένη
1258 4364 1531 4438 ἐπιγραφὴ
1559 4361 1797 4434 περιέχει
1818 4378 1842 4407 ⁸-
1862 4361 2187 4430 ,Προσευχὴ
2212 4359 2290 4426 τῷ
2310 4361 2554 4415 Μωῦσεῖ
2573 4359 2887 4428 ἀνθρώπου
2929 4359 3003 4428 (4)
3030 4359 3135 4412 τοῦ
3165 4358 3332 4412 Θεοῦ.
3363 4358 3508 4429 Αὕτη
3543 4354 3634 4410 οῦν
3687 4361 3956 4429 ἑρμηνεία

719 4462 969 4532 ὑπάρχει.
1002 4461 1258 4530 Μωϋσῆς
1287 4461 1590 4528 ἀνάληψις
1615 4458 1993 4529 ἑρμηνεύεται.
2026 4458 2140 4519 Πᾶς
2171 4453 2260 4509 οὖν
2289 4457 2572 4527 ἅνθρωπος
2601 4455 2692 4508 τοῦ
2733 4455 2867 4508 Θεοῦ
2897 4455 3254 4526 προσεύχεται
3284 4455 3374 4506 τὸν
3420 4456 3780 4524 προκείμενον
3814 4455 3922 4524 ea).

723 4557 819 4625 μὸν
845 4559 909 4626 τῇ
933 4557 1213 4626 ἀναλήψει,
1243 4556 1485 4608 τουτέστι
1524 4555 1600 4624 τῷ
1650 4551 1761 4621 Υἰῷ
1812 4551 1904 4603 τοῦ
1949 4550 2102 4603 Θεοῦ.
2134 4552 2205 4604 Οὐ
2242 4552 2349 4620 γὰρ
2383 4547 2521 4614 εἷπε,
2555 4548 2865 4617 προσευχὴ
2918 4547 3214 4614 Μωϋσὲως
3246 4548 3345 4619 (5).
3405 4549 3537 4600 ἀλλὰ
3586 4547 3665 4612 τῷ
3722 4553 3962 4603 Μωῐεσεῖ

719 4651 912 4703 ὡσανεὶ
939 4653 1004 4720 τῇ
1032 4651 1289 4721 ἀναλήψει
1312 4649 1598 4722 [τουτέστι]
1625 4646 1700 4717 τῷ
1733 4647 1838 4715 Υἰῷ
1860 4645 1952 4697 τοῦ
1976 4644 2130 4708 Θεοῦ,
2164 4642 2343 4706 καθὼς
2383 4645 2458 4715 (6)
2495 4645 2855 4715 προείπαμεν,
2879 4644 2959 4696 ὅτι
2980 4643 3206 4705 ἕκαστος
3238 4642 3347 4694 τῶν
3369 4641 3461 4694 τοῦ
3493 4641 3628 4694 Θεοῦ
3650 4641 3955 4712 ἀνθρ.υπων

719 4739 887 4805 οὕτως
912 4742 1290 4813 προσεύχεται,
1325 4742 1503 4804 καθὼς
1528 4744 1555 4795 ὁ
1597 4741 1808 4811 ψαλμὸς
1837 4739 2099 4808 περιέχει.

790 4856 1000 4912 Titulus
1031 4860 1352 4928 praepositus
1376 4861 1614 4914 continet
1641 4877 1652 4910 :
1687 4856 1871 4910 Oratio
1902 4855 2072 4923 Moysi
2100 4853 2323 4906 hominis
2354 4852 2473 4907 Dei.
2509 4853 2632 4907 [iam
2686 4853 2846 4920 igitur
2888 4853 3259 4922 interpretatio
3298 4860 3396 4906 est.
3434 4849 3638 4918 Moyses
3664 4861 3954 4917 assumpto

719 4956 1126 5023 interpretatur.
1158 4954 1346 5009 Omnis
1371 4957 1532 5025 igitur
1559 4955 1721 5006 homo
1752 4950 1841 5005 Dei
1871 4960 1990 5004 orat
2026 4954 2329 5018 appositum
2364 4949 2630 5018 psalmum
2683 4948 3067 5017 assumptioui,
3095 4949 3196 5001 huc
3228 4955 3308 5000 est
3346 4943 3484 4997 Filio
3512 4942 3629 4996 Dei.
3663 4943 3782 4998 Non
3812 4945 3952 4997 enim

717 5047 875 5110 dixit,
903 5047 1072 5099 oratio
1096 5043 1319 5114 Moysis,
1347 5046 1438 5098 sed
1477 5043 1670 5114 Moysi,
1702 5041 1923 5110 perinde
1951 5056 2014 5094 ac
2042 5043 2089 5093 si
2117 5041 2350 5093 dixisset
2379 5041 2760 5108 assuntptioni,
2794 5043 2895 5094 hoc
2913 5049 2996 5093 est
3015 5039 3150 5092 Filio
3181 5037 3294 5103 Dei,
3331 5037 3471 5090 sicut
3502 5046 3663 5090 antea
3695 5037 3950 5098 diximus,

717 5144 863 5210 quod
897 5141 1272 5210 unusquisque
1301 5142 1460 5194 homo
1494 5139 1582 5192 Dei
1613 5141 1681 5191 ita
1713 5147 1831 5190 orat
1866 5137 2323 5206 quemadmodum
2363 5141 2607 5206 psalmus
2637 5138 2898 5191 continet;

786 5236 835 5286 1.
875 5234 956 5288 Ab
984 5234 1136 5299 Abel,
1161 5241 1214 5286 et
1251 5235 1302 5286 in
1333 5233 1559 5301 singulis
1594 5230 2050 5301 generationibus.

2446 5230 2494 5283 1.
2547 5230 2677 5282 Ἀπὸ
2707 5229 2891 5290 Ἅϐελ,
2925 5229 3017 5281 καὶ
3051 5226 3127 5296 (7)
3152 5225 3271 5279 καθ’
3302 5225 3537 5292 ἑκάστην
3571 5221 3785 5291 γενεάν.

787 5349 806 5380 ⁹
836 5346 1021 5400 Matth.
1060 5363 1229 5408 xxvu,
1261 5346 1349 5399 52.

1673 5437 1978 5499 Addenda
2008 5443 2068 5497 et
2097 5438 2469 5516 corrigenda
2524 5453 2599 5496 ex
2638 5435 2778 5496 cod.
2811 5436 3010 5498 Vatic.

791 5583 865 5652 (1)
898 5584 958 5636 ΕΞ
998 5584 1069 5654 μὴ
1112 5587 1268 5652 μόνος
1304 5583 1528 5654 σύκοις.
1586 5653 1595 5654 7
1650 5653 1654 5654 ν
1747 5651 1766 5654 μ
2309 5585 2353 5638 ι)
2381 5586 2427 5634 Μ

1444 5593 1528 5637 :tc.
1586 5653 1595 5654 ί
1650 5653 1654 5654 ν
1747 5651 1766 5654 μ
2309 5585 2353 5638 D
2381 5579 2624 5654 Modice]
2642 5580 2945 5654 ᾀνορώπῳ,
2980 5587 3080 5634 etc.

790 5650 867 5724 (2)
907 5650 1343 5707 Ἀναδήείᾷινυσθαι
1368 5652 1498 5724 έθνη
1519 5653 1610 5705 τοῦ
1636 5651 1769 5704 Θεοῦ
1798 5670 1811 5714 ;
2460 5652 2533 5719 (5)
2567 5650 2671 5703 Τοῦ
2702 5652 2998 5724 Μωῡσέως.

790 5716 864 5791 (3)
892 5724 1047 5778 Deest
1074 5727 1124 5776 οἱ
1177 5723 1457 5780 Ἰουδαῖοι.
1487 5716 1497 5723 ’
2459 5716 2533 5788 (6)
2573 5721 2856 5791 Ἀναλήῲει
2877 5738 2928 5775 τ.
2971 5720 3033 5775 Υ.
3068 5737 3116 5773 τ.
3143 5718 3201 5772 Θ.
3229 5716 3390 5778 καθά,
3419 5725 3526 5771 etc.

790 5793 864 5866 (4)
905 5796 965 5846 ’11
990 5796 1074 5848 διὰ
1110 5797 1206 5866 τῆς
1239 5794 1604 5869 κινναϐάρεως
1633 5795 1904 5865 περιέχει”
1961 5793 2275 5863 Προσειιχή
2460 5794 2535 5864 (7)
2569 5794 2676 5844 Καί
2711 5794 2872 5846 deest.
