4142 6476
244 435 381 489 1037
1119 431 1207 485 DE
1247 429 1522 485 TITULIS
1557 427 2007 484 PSALMORUM.
2034 459 2101 470 --
2125 428 2320 484 PSAL.
2367 429 2650 482 LXXXIX.
3361 432 3496 488 1038

320 549 372 603 2.
403 550 516 620 Πρὸ
536 549 628 602 τοῦ
655 549 754 620 ὅρη
780 547 1094 620 γενηθῆναι,
1121 549 1217 602 καὶ
1240 547 1542 618 πλασθῆναι
1569 547 1666 618 τὴν
1694 548 1818 617 γῆν,
1849 562 1890 618 Α

1861 562 1890 618 Α
1996 547 2050 600 2.
2084 544 2409 617 Priusquam
2439 555 2650 602 montes
2674 547 2883 611 tierent,
2911 554 2965 599 et
2997 544 3322 600 [armaretur
3355 553 3497 603 terra

237 641 338 694 καὶ
374 640 474 711 τὴν
503 639 852 711 οἰκουμένην,

542 639 852 711 ίκουμὲνην,
1928 649 1980 695 et
2011 639 2178 702 orbis,

313 732 369 787 3.
401 733 506 786 Kal
536 733 643 785 ἀπὸ
673 731 764 786 τοῦ
796 729 989 795 αἰῶνος
1021 730 1116 784 καὶ
1150 731 1255 794 ἓως
1281 728 1376 783 τοῦ
1409 728 1602 792 αἰῶνος
1633 729 1694 782 σὺ
1724 725 1792 781 εἴ.

1724 725 1792 781 εἴ.
1995 733 2048 787 5.
2089 731 2154 784 Ει
2184 747 2214 786 a
2245 731 2466 794 saeculo,
2502 738 2556 785 et
2586 745 2760 800 usque
2789 729 2842 783 in
2869 728 3128 784 saeculum
3169 738 3224 783 tu
3257 744 3335 784 es.

314 821 370 874 4.
400 821 488 893 Μὴ
531 821 880 893 ἀποστρέψεις
907 820 1194 892 ἄνθρωπον
1226 823 1305 883 είς
1333 819 1660 874 ταπείνωσιν
1681 837 1693 848 °

1597 837 1660 872 rw
1681 837 1693 848 ο
1998 823 2048 878 4.
2086 821 2164 878 Ne
2196 832 2410 878 avertas
2439 823 2716 877 hominem
2751 822 2804 876 in
2835 820 3233 874 humilitatem:

319 913 369 968 5.
407 915 516 967 Kal
545 909 704 977 εἴπας
727 930 741 943 ο
789 913 1204 985 Ἐπιστρέψατε,
1235 913 1340 966 υἱοὶ
1356 913 1464 965 τῶν
1493 911 1818 985 ἀνθρώπων.

1661 912 1818 966 άπων.
1996 916 2047 970 5.
2082 915 2146 968 Et
2169 915 2352 969 dixisti
2381 932 2394 968 :
2421 912 2834 977 Convertimini,
2868 913 2960 966 lilii
2995 912 3297 966 hominum.

328 1005 378 1060 6.
413 1006 532 1059 Ὀτι
557 1005 700 1076 χίλια
732 1004 825 1074 ἔτη
850 1007 907 1058 ὲν
933 1005 1227 1075 ὀφθαλμοῖς
1270 1023 1387 1071 σου,
1427 1005 1620 1076 Κύριε,
1651 1006 1820 1074 ὡςια)

1992 1007 2044 1061 6.
2081 1006 2346 1074 Quoniam
2381 1007 2527 1061 mille
2548 1007 2674 1060 anni
2699 1013 2824 1060 ante
2853 1004 3044 1058 oculos
3078 1012 3218 1067 tuos,
3246 1000 3497 1060 Domine.

234 1097 448 1169 ἡμέραν
1923 1111 2179 1172 tanquam
2209 1102 2325 1158 dies
2359 1100 2648 1173 [tauquam
2675 1100 2731 1154 in
2763 1096 2970 1169 nocte].

311 1189 363 1242 7.
408 1191 472 1242 'H
500 1187 672 1259 ἐχθὲς,
697 1188 817 1260 ἥτις
841 1188 1046 1259 διῆλθε,
1081 1188 1176 1243 καὶ
1205 1187 1423 1260 φυλακὴ
1448 1191 1506 1242 ὲν
1536 1190 1712 1254 νυκτὶ,

1997 1193 2049 1247 7.
2083 1192 2208 1248 Dies
2239 1194 2516 1260 hesterna,
2551 1205 2672 1262 qua:
2705 1187 3000 1260 fprteteriit,
3036 1194 3094 1242 et
3135 1184 3390 1242 custodia
3440 1186 3494 1240 En

1923 1293 2108 1348 nocte,

313 1367 365 1422 8.
397 1367 476 1420 Τά
500 1367 907 1439 ὲξουδενὼματα
939 1371 1119 1425 αὐτῶν
1146 1369 1238 1442 ἔτη
1273 1368 1512 1424 ἔσονται.

1990 1376 2043 1431 8.
2077 1375 2208 1441 Quae
2241 1389 2338 1443 pro
2373 1371 2543 1426 nihilo
2566 1368 2836 1425 habentur
2866 1385 3055 1426 eorum
3080 1369 3210 1426 anui
3240 1380 3419 1426 erunt.

313 1461 365 1516 9.
400 1461 473 1512 Τὸ
503 1462 644 1531 πρωὶ
673 1461 806 1514 ὡσεὶ
839 1462 968 1534 χλόη
1001 1462 1260 1534 παρέλθοι
1279 1479 1294 1494 ·

1279 1479 1294 1494 ·
1991 1470 2040 1525 9.
2076 1468 2230 1522 Mane
2252 1467 2395 1522 sicut
2421 1465 2587 1519 herba
2613 1471 2856 1520 transeat
2882 1482 2896 1518 :

314 1551 399 1605 10.
433 1552 506 1604 Τὸ
530 1553 674 1626 πρωὶ
699 1553 950 1624 ἀνθῆσαι,
984 1556 1078 1608 xal
1118 1554 1410 1625 παρέλθοιο

1246 1554 1376 1608 ἑλθοι
1396 1573 1410 1588 ο
1995 1561 2076 1615 10.
2111 1560 2265 1614 Mane
2295 1558 2482 1613 ﬂoreat
2511 1567 2565 1612 et
2597 1564 2882 1612 transeat:

313 1641 400 1696 11.
433 1643 505 1695 Τὸ
527 1643 760 1716 ἑσπέρας
789 1645 1074 1711 ἀποπέσοι,
1101 1646 1483 1718 σκληρυνθείη,
1509 1647 1600 1700 καὶ
1618 1647 1818 1718 ξηραν-

1534 1647 1600 1700 ;α“ι
1618 1647 1818 1718 ξηραν-
1989 1653 2076 1706 ll.
2103 1651 2340 1721 Vespere
2361 1646 2593 1713 decidat,
2627 1645 2842 1702 induret
2862 1653 2916 1703 et
2937 1655 3170 1702 arescat.

233 1734 380 1809 θείη.

311 1827 399 1883 12.
435 1829 554 1881 Ὀτι
593 1827 911 1900 ὲξελίπομεν
940 1831 998 1882 ὲν
1019 1833 1083 1901 τῇ
1116 1831 1252 1901 ὀργῇ
1287 1847 1379 1883 σου
1402 1847 1415 1859 ·

1319 1848 1379 1883 ου
1402 1847 1415 1859 ·
1990 1830 2076 1885 12.
2111 1828 2252 1895 Quia
2285 1826 2592 1882 defecimus
2619 1826 2674 1880 in
2715 1825 2792 1879 ira
2819 1834 2910 1880 tua
2943 1843 2954 1878 :

312 1919 398 1973 15.
433 1920 544 1974 Kal
576 1921 633 1973 ὲν
663 1919 741 1990 τῷ
768 1920 924 1992 θυμῷ
949 1939 1041 1975 σου
1078 1923 1481 1994 ἐταράχθημεν.
1853 1934 1896 1991 Β

1420 1941 1481 1976 ιν.
1853 1934 1896 1991 Β
1992 1923 2079 1976 13.
2123 1923 2186 1975 Et
2209 1922 2260 1976 in
2286 1918 2468 1974 furore
2493 1928 2587 1973 tuo
2612 1916 2813 1972 turbati
2845 1931 3056 1972 sumus.

309 2009 397 2063 M.
419 2011 583 2064 Ἐθου
599 2012 697 2075 τὰς
713 2013 938 2083 ἀνομίας
954 2013 1108 2084 ἡμῶν
1136 2015 1376 2069 ἐναντίον
1395 2014 1670 2088 [ἐνώπιόν]
1699 2033 1814 2070 σου·

1996 2015 2084 2069 14.
2115 2011 2354 2068 Posuisti
2380 2011 2691 2081 iniquitates
2719 2018 2937 2064 nostras
2969 2009 3024 2065 in
3046 2018 3338 2081 conspectu
3365 2018 3489 2067 tuo:

313 2103 400 2158 15.
449 2106 507 2158 '0
536 2105 669 2159 αἰὼν
688 2106 846 2176 ἡμῶν
867 2107 946 2169 εἰς
969 2106 1246 2178 φωτισμὸν
1273 2106 1366 2161 τοῦ
1386 2107 1676 2181 προσώπου
1697 2125 1814 2164 σου.

2029 2108 2083 2162 5.
2111 2103 2384 2165 Saeculum
2404 2120 2647 2166 nostrum
2673 2113 2726 2166 in
2752 2111 3152 2169 illuminatione
3175 2113 3358 2171 vultus
3387 2113 3491 2170 tui.

309 2308 386 2376 (a)
417 2306 570 2363 Vers.
617 2336 661 2363 ι.
701 2309 810 2372 Ὦς,
842 2319 972 2370 etc.,
1004 2307 1180 2364 νυκτί.

1369 2509 1751 2566 ATﬂANASll
1792 2511 2375 2572 INTERPRETATIO.

313 2709 367 2775 2,
405 2710 454 2764 5.
480 2711 498 2779 (
507 2710 554 2780 1)
589 2710 676 2774 Ὠς
701 2709 808 2783 γὰρ
829 2711 996 2775 ἀΐδιος
1019 2711 1147 2775 Θεὸς
1171 2711 1387 2766 πάντων
1418 2714 1811 2786 προϋπάρχων,

1991 2715 2048 2782 2,
2075 2715 2127 2771 3.
2164 2714 2298 2770 Nam
2352 2716 2493 2771 sicut
2534 2715 2678 2774 Deus
2711 2726 2945 2774 aeternus
2979 2731 3104 2775 ante
3135 2735 3313 2777 omnia
3348 2723 3492 2778 exsi-

230 2803 315 2867 ὡς
361 2803 579 2858 πάντων
613 2802 971 2875 Δημιουργδς,
1024 2801 1148 2856 οὔτε
1181 2804 1354 2874 ἀρχὴν
1383 2806 1605 2875 ἡμερῶν
1639 2805 1812 2874 ἔχετο,

1923 2811 2106 2864 steus,
2155 2811 2214 2856 ut
2259 2801 2502 2855 omnium
2545 2803 2794 2865 Creator,
2839 2819 3015 2872 neque
3062 2803 3250 2860 habuit
3278 2806 3488 2861 dierum

234 2895 366 2950 οὔτε
397 2897 542 2967 ζωῆς
575 2897 748 2959 τέλος.

1925 2893 2274 2964 principium,
2308 2909 2480 2962 neque
2521 2893 2738 2948 habebit
2769 2895 2892 2948 vitae
2923 2896 3105 2951 linem.

309 2988 362 3042 4.
394 2988 484 3060 Μὴ
508 2988 680 3053 οὕτως
711 2989 876 3063 ἐάσῃς
901 2989 1048 3061 ἡμᾶς
1087 2989 1143 3041 ὲν
1166 2988 1465 3060 ἁμαρτίαις
1501 2990 1658 3055 ὄντας
1685 2991 1817 3044 ἀπο-

1994 2988 2048 3042 4.
2076 2985 2153 3041 Ne
2181 2986 2252 3040 ita
2284 2988 2434 3041 sinas
2465 3002 2562 3042 nos
2596 2988 2648 3042 in
2680 2989 2916 3058 peccatis
2943 2990 3270 3046 exsistentes
3296 2992 3485 3047 reverti

238 3082 471 3153 στρέψαι
508 3084 587 3145 είς
615 3085 740 3153 γῆν,
766 3082 826 3147 ἐξ
856 3077 922 3154 ἧς
953 3081 1290 3162 ὲλήιρθημεν.
1846 3114 1874 3171 ί

1287 3125 1290 3133 ,
1846 3114 1888 3171 C
1924 3081 1976 3136 in
2008 3089 2227 3146 terram,
2253 3095 2318 3135 ex
2346 3096 2452 3150 qua
2478 3082 2680 3152 sumpti
2710 3097 2923 3137 sumus.

312 3173 364 3228 5.
401 3175 509 3228 Kal
561 3171 740 3240 sitrac'
782 3177 865 3230 Οὐ
906 3175 1211 3244 ,βούλομαι
1261 3175 1367 3230 τὸν
1412 3175 1670 3230 θάνατον
1715 3174 1821 3226 τοῦ

1997 3173 2048 3227 5.
2081 3173 2146 3226 Et
2174 3173 2358 3227 dixiSIi
2395 3192 2408 3227 :
2442 3172 2584 3228 Nolo
2611 3183 2830 3229 mortem
2859 3175 3170 3243 peccatoris,
3207 3175 3297 3230 sed
3323 3191 3488 3246 magis

233 3265 610 3336 ἀμαρτωλοῦ,
646 3269 726 3333 ὡς
758 3269 822 3322 τὸ
854 3267 1230 3338 ἐπιστρέψαι,
1263 3269 1360 3323 καὶ
1391 3267 1499 3336 ζῇν
1526 3265 1732 3321 αὐτόν.

1052 3267 1230 3337 μέμ-αι,
1263 3269 1360 3323 καὶ
1391 3267 1499 3336 ζῇν
1526 3265 1732 3321 αὐτόν.
1923 3274 1980 3318 ut
2013 3275 2347 3318 convertatur
2375 3274 2424 3318 et
2455 3266 2590 3319 vivat
2625 3267 2688 3321 ‘°.

311 3358 364 3414 ϐ.
406 3359 471 3413 Ἠ
494 3360 674 3432 ἡμέρα
699 3361 797 3431 τῆς
824 3361 1075 3431 κρίσεως.

824 3361 1075 3431 κρίσεως.
1992 3358 2047 3412 6.
2080 3357 2205 3412 Dies
2224 3358 2440 3428 judicii.

311 3451 366 3506 7.
412 3453 499 3517 Ὠς
529 3455 562 3524 ἡ
594 3451 940 3524 παρελθοῦσα
980 3454 1185 3526 ἡμέρα,
1219 3453 1389 3518 οὕτως
1428 3454 1699 3524 διερχεται
1726 3451 1820 3505 καὶ

1992 3451 2044 3506 7.
2085 3449 2237 3506 Sicut
2275 3451 2413 3516 dies,
2447 3467 2569 3521 quae
2623 3451 2902 3520 praeteriit,
2937 3451 3012 3506 ita
3056 3453 3250 3507 transit
3291 3462 3344 3508 et
3372 3453 3489 3509 dies

241 3545 279 3616 ἡ
315 3545 498 3616 ἡμέρα
527 3545 624 3616 τῆς
657 3546 918 3616 κρίσεως·
960 3547 1053 3598 καὶ
1086 3545 1275 3617 ὥσπερ
1321 3548 1378 3598 ὲν
1427 3546 1582 3598 νυκτὶ
1612 3543 1689 3614 (2)
1721 3561 1822 3612 φυ-

1918 3542 2106 3612 judicii
2134 3560 2148 3596 :
2178 3551 2231 3597 et
2283 3543 2741 3613 quemadmodum
2789 3544 2843 3597 in
2889 3553 3048 3599 nocte
3085 3544 3332 3600 custodia
3383 3557 3486 3608 est.

235 3636 378 3706 λακή
412 3639 580 3699 ἐστιν,
607 3636 778 3699 οὓτως
807 3638 899 3689 καὶ
925 3636 1063 3706 μετά
1093 3635 1190 3708 τὴν
1218 3637 1429 3706 ἡμέραν
1455 3637 1554 3705 τῆς
1581 3635 1815 3705 κρίσεως

1923 3637 1994 3690 ita
2040 3645 2094 3690 et
2147 3643 2268 3705 post
2316 3636 2459 3690 diem
2509 3636 2698 3706 judicii
2732 3637 2998 3693 securitas
3031 3637 3155 3702 erit,
3180 3647 3234 3694 et
3277 3647 3491 3694 eterna

237 3727 509 3796 ἀσφάλεια
532 3726 736 3793 ἔσεται,
777 3729 989 3800 καὶτῆς
1017 3727 1234 3781 αἰωνίου
1255 3727 1422 3798 ζωῆς,
1455 3727 1662 3796 καὶτῆς
1689 3727 1818 3779 aitu-

1017 3727 1234 3781 αἰωνίου
1255 3727 1422 3798 ζωῆς.
1455 3727 1662 3796 καὶτῆς
1689 3727 1818 3779 αξω-
1921 3729 2042 3783 vitze
2070 3737 2124 3783 et
2148 3729 2338 3784 επιετηί
2370 3729 2642 3798 supplicii.

237 3817 356 3872 νίου
394 3818 687 3884 κολάσεως.

312 3910 366 3967 8.
399 3913 466 3966 Δί
486 3913 731 3978 κολάσεις
749 3914 948 3980 αὐτῶν,
1003 3916 1062 3968 ὲν
1122 3911 1211 3978 αἷς
1264 3913 1623 3987 ἀναρίθμητοι
1671 3913 1819 3968 ἔσον-

1993 3903 2046 3959 8.
2075 3901 2349 3974 Supplicia
2385 3917 2600 3965 eorum,
2635 3903 2687 3957 in
2713 3903 2914 3974 quibus
2945 3903 3064 3960 sine
3094 3904 3201 3959 ulla
3229 3906 3490 3975 temporis

237 4020 334 4057 ται
362 4005 464 4076 (3).
1923 4011 2174 4051 mensura
2200 3997 2613 4066 permanebunt.

315 4095 369 4151 ἲ.
413 4099 477 4152 Ἡ
510 4099 772 4170 νηπιότης
803 4099 878 4163 ὡς
919 4099 1046 4170 χλόη
1081 4102 1355 4173 παρέλθοι.

1343 4143 1355 4156 ,
1993 4086 2046 4141 9.
2081 4086 2310 4142 Infantia
2342 4087 2484 4142 sicut
2521 4087 2687 4142 herba
2714 4095 2978 4141 transeat.

318 4188 404 4245 10.
441 4191 550 4245 Kal
591 4191 752 4247 πάλιν
782 4192 984 4258 εὐθέως
1015 4195 1049 4265 η
1072 4194 1334 4266 νηπιότης
1353 4194 1576 4267 ἀνθήσει
1596 4196 1676 4257 εἰς
1702 4193 1817 4247 νεό-

1995 4177 2077 4231 10.
2108 4177 2174 4233 Et
2202 4193 2394 4232 rursus
2425 4179 2607 4232 statim
2638 4176 3003 4232 adulescentia
3029 4177 3302 4234 adolescet
3328 4179 3382 4233 in
3398 4178 3491 4250 ju-

237 4301 401 4356 τητα,
430 4283 524 4338 καὶ
554 4282 690 4357 αὐτὴ
714 4283 912 4355 ὁμοίως
953 4285 1362 4356 παρελεύσεται.

1921 4277 2218 4334 ventutem,
2250 4275 2305 4324 et
2335 4268 2454 4339 ipsa
2481 4269 2732 4324 similiter
2761 4267 3132 4338 pertransibit.

317 4376 402 4433 11.
439 4378 605 4432 Ὅταν
632 4379 690 4432 δὲ
715 4379 954 4453 γηράσῃ,
976 4380 1460 4451 συγκαμφθησεται
1493 4381 1585 4434 καὶ
1633 4381 1817 4434 τελευ-

1995 4361 2080 4417 11.
2113 4360 2250 4417 Cum
2284 4371 2465 4418 autem
2509 4362 2752 4418 senuerit
2791 4362 3167 4419 incurvabitur
3195 4371 3250 4418 et
3291 4363 3487 4420 morie-

241 4470 419 4526 τήσει.
1853 4469 1895 4526 D
1925 4463 2032 4510 “"-

315 4487 419 4525 σει.

275 4470 405 4618 ἡ12.
441 4561 563 4616 Ὅτι
592 4561 994 4635 ἡμαρτηκότων
1045 4561 1205 4636 ἡμῶν
1246 4562 1334 4617 διὰ
1383 4563 1482 4634 τῆς
1536 4569 1820 4638 παρακοῆς
1853 4470 1895 4526 D

1925 4470 2032 4510 tur.

1853 4470 1895 4526 ὓ
2001 4548 2084 4604 12.
2111 4547 2380 4616 Quoniam
2399 4545 2749 4619 peccantibus
2768 4545 2929 4602 nobis
2949 4561 3046 4617 per
3071 4545 3487 4604 inobedientiam

239 4652 542 4725 ὡργίσθης,
567 4655 661 4708 καὶ
688 4655 1034 4727 ἁπέστρεψας
1060 4658 1207 4728 ἡμᾶς
1234 4656 1333 4728 (4).

1060 4658 1207 4728 ἡμᾶς
1234 4656 1333 4728 (4),
1925 4643 2096 4698 iratus
2128 4657 2187 4698 es
2220 4652 2275 4697 et
2302 4640 2543 4697 avertisti
2569 4655 2687 4696 nos.

320 4746 403 4803 13.
444 4746 564 4801 Ὀτι
603 4746 811 4818 ἐλήφθη
837 4764 925 4818 με,
959 4747 1050 4800 καὶ
1069 4748 1145 4818 (5)
1178 4747 1522 4819 θυμωθέντος
1553 4769 1648 4805 σου
1677 4753 1819 4822 ἀφα-

1992 4735 2079 4790 15.
2114 4733 2380 4802 Quoniam
2415 4732 2685 4803 reliquisti
2719 4747 2828 4800 me,
2854 4741 2909 4788 et
2933 4739 2985 4789 te
3003 4743 3272 4790 irascente
3311 4743 3489 4790 exter-

242 4839 435 4910 νισμδς
475 4837 791 4909 ἐγενόμεθα.

715 4837 791 4894 θα,
1920 4827 2110 4882 minati
2141 4842 2351 4882 sumus.

317 4932 404 4988 14.
454 4933 960 5004 Ἀναγεγραμμέναι
999 4934 1136 4987 εἰσὶν
1161 4933 1320 5004 ἡμῶν
1351 4935 1407 4988 ai
1452 4936 1672 5008 ἀνομίαι
1729 4941 1814 4991 ὲν-

1997 4920 2084 4975 14.
2121 4920 2412 4988 Descripta:
2456 4927 2584 4975 sunt
2604 4917 2924 4990 iniquitates
2956 4927 3158 4974 nostra
3201 4933 3386 4976 coram
3413 4927 3487 4973 te.

243 5027 418 5080 ώπιόν
445 5042 564 5080 σου.

317 5120 405 5174 15.
450 5120 514 5171 Ἦ
541 5117 653 5189 ζωὴ
683 5117 838 5190 ἡμῶν
867 5119 1090 5189 γένηται
1139 5119 1531 5192 πεφωτισμένη
1581 5122 1666 5175 διὰ
1717 5125 1816 5194 τῆς

1581 5122 1666 5175 διὰ
1717 5125 1816 5194 τῆς
1997 5127 2084 5182 15.
2117 5126 2233 5180 Vita
2267 5137 2451 5182 nostra
2475 5125 2814 5182 illuminetur
2835 5127 3068 5181 adventu
3095 5134 3205 5181 tuo.

248 5213 549 5288 παρουσίας
581 5231 694 5268 σου.

303 5331 344 5361 ⁸⁸
377 5328 572 5384 Ezech.
605 5342 802 5391 χχχιιι,
839 5328 922 5382 11.

1198 5484 1515 5546 Addenda
1557 5493 1615 5548 et
1647 5486 2021 5568 corrigenda
2053 5505 2126 5547 ex
2161 5485 2298 5547 cmi.
2337 5487 2536 5546 Vatic.

316 5649 394 5725 (i)
426 5652 494 5707 N.
520 5652 574 5708 ‘2.
616 5652 736 5725 [Ωςὶ
754 5659 880 5713 etc.,
911 5650 1304 5721 προῦπάρχεις,
1334 5657 1433 5704 elc.
1471 5652 1536 5704 N.
1583 5651 1636 5704 5.
1674 5651 1810 5705 Οὔτε

1243 5667 1304 5713 ις,
1334 5657 1433 5704 etc.
1471 5652 1536 5704 Ν.
1583 5651 1636 5704 5.
1674 5651 1810 5705 Οὔτε
1991 5652 2067 5725 (5)
2099 5648 2194 5716 Ai;
2224 5653 2690 5725 παραδοθήσονται
2719 5653 2879 5724 ἁναρ.

244 5723 419 5795 ἀρχὴν
458 5723 679 5795 ἡμερῶν
713 5720 887 5795 ἔχεις.
913 5732 1015 5795 etc.
1061 5790 1086 5795 _
1139 5720 1144 5721 ί
1240 5791 1249 5795 _
1458 5793 1464 5795 Α
1539 5792 1547 5795 _
1794 5793 1800 5795 Α
1992 5720 2066 5794 (4)
2109 5720 2808 5795 Ἠμᾶςίὸθενίὲλὴφθημεν.

321 5743 350 5791 7.
391 5740 419 5774 ν
458 5740 679 5794 ημερων
713 5740 876 5790 εχειςν
913 5740 1015 5775 ειε-
1992 5740 2066 5794 μ)
2113 5740 2301 5793 ιιμας,
2332 5740 2451 5777 ουεν
2475 5740 2808 5793 εΑηφυημεν.

318 5740 394 5862 (ἑ)
427 5793 900 5865 Παρέρχεται-καὶ
941 5793 973 5860 ἡ
1018 5790 1388 5865 ,τῆς-κρίσεως
1445 5792 1622 5862 ἡμέρα
1645 5810 1656 5822 ·
1723 5793 1814 5846 καὶ
1996 5795 2069 5864 (5)
2101 5797 2165 5849 Ν.
2211 5797 2289 5849 15.
2324 5796 2430 5848 Kal
2459 5793 2796 5865 θυμωθέντος
2816 5811 2907 5848 σου
2939 5795 3018 5858 είς
3049 5791 3367 5865 ἀφανισμόν,
3386 5804 3486 5853 etc.

245 5861 434 5933 ὥσπερ
464 5861 528 5918 ἐν’
553 5861 626 5933 τῇ
640 5861 813 5926 νυκτί,
845 5871 969 5922 etc.,
1007 5861 1270 5930 ἀσφάλειά
1295 5863 1458 5914 ἐστιν.
