4142 6480
723 382 861 439 1059
1559 384 1615 438 S.
1655 385 2025 440 ATHANASII
2068 389 2215 444 ΟΡΡ.
2261 391 2359 444 PAl

2341 390 2442 445 .RS
2481 392 2564 446 Ill.
2610 425 2676 432 —-
2715 395 3104 453 EXEGETICA
3837 416 3977 472 1060

790 494 877 548 16.
914 486 1179 561 Quoniam
1206 510 1395 551 omnes
1425 496 1540 552 dies
1570 501 1742 555 nosui
1768 500 2118 560 defecerunt:
2311 528 2360 583 Α

2051 513 2118 560 it:
2311 528 2360 583 Α
2459 507 2543 560 16.
2564 509 2682 561 Ὅτι
2713 512 2883 564 πᾶσαι
2910 515 2964 565 αἱ
2996 515 3198 586 ἡμέραι
3223 518 3378 586 ἡμῶν
3410 519 3687 586 ἐξέλιπον·

789 587 878 641 17.
902 585 968 639 Ει
989 588 1043 640 in
1070 587 1147 642 ira
1175 597 1263 642 tua
1289 587 1611 646 defecimus.

2461 600 2546 654 17.
2587 603 2697 654 Καὶ⁸
2731 605 2787 656 ἐν
2821 607 2887 676 τῇ
2913 607 3048 677 ὀργῇ
3083 626 3176 660 σου
3204 609 3543 682 ἐξελίττομεν.

787 679 855 735 18
913 678 1052 733 Anni
1075 681 1244 735 nostri
1273 681 1412 736 sicut
1433 697 1630 738 aranea
1665 685 2104 742 meditabantur:

2053 705 2104 742 πε
2457 692 2540 747 18.
2583 694 2661 747 Τά
2696 694 2789 766 ἐτη
2816 697 2972 768 ἡμῶν
2999 699 3130 752 ὡσεὶ
3156 701 3364 772 ἀράχνη
3394 678 3689 773 ἐμελέτων-

789 773 874 827 19.
905 771 1028 827 Dies
1051 788 1318 827 annorum
1347 784 1662 830 nostrorum
1694 778 1749 831 in
1780 776 1913 847 ipsis
1937 782 2278 852 septuaginta

2455 786 2540 840 19.
2582 788 2648 840 Αἰ
2693 788 2898 860 ἡμέραι
2942 791 3050 844 τῶν
3083 793 3218 846 ἐτών
3245 771 3401 864 ἡμῶν
3431 771 3490 849 ἓν
3517 800 3706 862 αὐτοῖς
3741 800 3976 871 ἑϐδομή.

714 867 875 921 anni:

2384 894 2544 930 κοντα
2575 880 2668 951 ἐτη
2691 896 2704 910 ·

788 959 876 1014 20.
913 957 968 1012 Si
996 971 1172 1015 autem
1201 961 1255 1014 in
1286 962 1650 1029 potentatibus
1683 963 1958 1033 octoginta
1990 965 2118 1019 anni
2155 984 2167 1019 ε

2106 965 2118 1019 i
2155 984 2167 1019 ε
2448 970 2538 1025 20.
2561 971 2687 1023 Ἐὰν
2716 973 2772 1025 δὲ
2799 974 2856 1026 ὲν
2889 973 3226 1041 δυναστείαις
3257 979 3582 1052 ὀγδοήκοντα
3608 984 3703 1055 ἔτη
3729 1002 3742 1015 ·

782 1045 873 1097 21.
913 1044 978 1097 Et
1010 1046 1238 1114 amplius
1267 1060 1458 1101 eorum
1493 1048 1665 1115 labor,
1696 1058 1749 1104 et
1787 1050 1967 1106 dolor.

2449 1061 2537 1117 21.
2580 1064 2691 1116 Καὶ
2718 1064 2780 1117 τὸ
2810 1066 2994 1120 πλεῖον
3016 1069 3192 1123 αὐτῶν
3226 1044 3514 1137 κόποξκαὶ
3544 1044 3725 1140 πόνοξ.

775 1137 865 1190 22.
896 1137 1161 1203 Quoniam
1193 1141 1506 1209 supervenit
1545 1143 1908 1200 mansuetudo
1955 1160 2119 1214 super
2150 1160 2272 1213 nos,

2446 1151 2535 1206 22.
2557 1155 2675 1207 Ὀτι
2707 1155 2909 1226 ἐπῆλθε
2948 1159 3190 1230 πραότης
3215 1162 3298 1230 ἐφ’
3327 1165 3496 1234 ἡμᾶς,
3541 1169 3633 1219 καὶ
3678 1137 3971 1237 παιδευθη-

706 1237 759 1283 et
795 1230 1178 1299 corripiemur.

965 1230 1178 1284 iiCﬂlUt‘.
2379 1245 2601 1316 σόμεθα.

778 1320 866 1374 25.
894 1320 1028 1386 Quis
1055 1321 1203 1374 novit
1229 1329 1551 1391 potestatem
1580 1323 1676 1377 irae
1707 1323 1857 1378 tua?

2253 1416 2268 1420 Δ
2445 1337 2532 1393 25.
2575 1339 2670 1402 Τίς
2697 1340 2956 1409 γινώσκει
2981 1342 3040 1395 τὸ
3063 1343 3263 1414 κράτος
3290 1347 3389 1417 τῆς
3420 1348 3589 1420 ὀργῆς
3632 1367 3729 1403 σου
3759 1369 3773 1417 ;

774 1413 862 1467 21.
893 1412 960 1467 Et
990 1428 1098 1468 ora:
1131 1414 1324 1468 timore
1359 1423 1453 1469 tuo
1506 1415 1642 1469 iram
1691 1425 1842 1470 tuam
1881 1415 2271 1471 dinumerare?

2440 1429 2528 1483 ει.
2569 1432 2679 1485 Καὶ
2725 1433 2833 1488 ἀπὸ
2875 1434 2970 1487 τοῦ
3019 1412 3184 1504 φόϐου
3236 1412 3466 1492 σου⁷τδέ
3499 1412 3685 1513 ’θυμόν
3740 1412 3837 1497 ξω
3889 1445 3968 1510 ἐξ-

2373 1520 2812 1592 αριθμήσασθαι;

770 1596 860 1648 25.
895 1595 1178 1650 Dexteram
1214 1604 1360 1650 tuam
1395 1597 1475 1652 sic
1506 1606 1690 1653 notam
1726 1597 1811 1652 {ac
1840 1597 1977 1652 mihi
2007 1617 2018 1651 :

2007 1617 2018 1651 :
2441 1610 2528 1665 25.
2574 1613 2682 1685 Τὴν
2707 1614 2889 1680 δεξιάν
2919 1633 3014 1669 σου
3045 1617 3187 1671 οὕτω
3210 1621 3474 1692 γνώρισόν
3505 1641 3627 1693 μοι·

770 1685 860 1739 26.
898 1683 962 1738 Et
993 1685 1233 1741 eruditos
1265 1688 1429 1742 corde
1464 1688 1519 1741 in
1551 1688 1842 1758 sapientia.

2439 1703 2528 1756 26.
2570 1683 2678 1759 καὶ
2709 1709 2834 1771 τοὺς
2867 1683 3337 1782 πεπαιδευμένουξ
3364 1719 3428 1786 τῇ
3457 1683 3655 1789 καρδίᾳ
3693 1718 3755 1771 ὲν
3782 1720 3958 1789 σοφίᾳ.

769 1777 858 1831 27.
885 1777 1232 1843 Convertere,
1272 1778 1521 1840 Domine.
1553 1782 1883 1851 usquequo?

2441 1798 2530 1853 27.
2551 1799 2929 1871 Ἐπίστρεψον,
2961 1775 3155 1875 Κύριε,
3184 1804 3289 1868 ἕως
3533 1775 3545 1788 ι
3629 1775 3641 1789 ⁸
3859 1775 3871 1789 ⁸
3919 1775 3928 1790 ‘

766 1869 856 1924 28.
891 1870 956 1922 Et
982 1869 1340 1938 deprecabilis
1366 1879 1484 1924 esto
1508 1887 1672 1942 super
1703 1887 1892 1928 servos
1922 1879 2070 1928 tuos.
2297 1897 2339 1952 Β

2297 1897 2339 1952 Β
2436 1889 2524 1944 23.
2568 1891 2678 1944 Καὶ
2703 1869 3085 1965 παρακλήθηέι
3111 1898 3204 1950 ἐπὶ
3228 1901 3341 1962 τοῖς
3365 1869 3574 1963 δούλοις
3597 1917 3715 1956 σου.

758 1961 850 2017 29.
884 1961 1092 2031 Repleti
1130 1977 1318 2018 sumus
1363 1979 1521 2019 mane
1563 1964 1941 2021 misericordia
1983 1974 2106 2030 tua,
2158 1965 2262 2022 Do-

2439 1983 2528 2038 29.
2548 1961 2992 2056 Ἐνεπλήσθημέν
3007 1961 3067 2039 ire
3084 1988 3229 2058 πρωὶ
3239 1961 3332 2043 tofi
3347 1991 3529 2056 ἐλέους
3543 1961 3659 2058 σου,
3674 1993 3853 2067 Κύριε
3865 1995 3957 2065 (αν

699 2070 872 2109 Inlne:

763 2148 853 2201 50.
889 2146 954 2201 Et
983 2149 1396 2214 exsultavimus,
1430 2158 1484 2203 et
1512 2149 1760 2206 delectati
1793 2169 1984 2210 sumus

2440 2159 2528 2213 50.
2569 2161 2678 2214 Καὶ
2707 2162 3176 2236 ὴγαλλιασάμεοα,
3206 2169 3296 2221 καὶ
3321 2168 3733 2243 εὑφράνθημεν,

763 2242 852 2296 51.
887 2242 944 2296 ιη
975 2244 1228 2298 omnibus
1255 2245 1448 2300 diebus
1477 2244 1699 2300 nostris.

2439 2252 2527 2306 51.
2571 2254 2646 2320 (b)
2678 2254 2769 2308 Ἐν
2793 2258 2996 2322 πάσαις
3023 2263 3144 2325 ταῖς
3167 2263 3397 2335 ἡμέραις
3431 2265 3607 2335 ἡμῶν.

761 2337 851 2391 52.
884 2336 1072 2392 Laetati
1105 2354 1316 2392 sumus.

2441 2344 2529 2398 52.
2573 2344 3023 2421 Εὐφρανθείημεν
3055 2352 3504 2429 [εὐφράνθημεν]’

764 2427 853 2479 55.
882 2425 990 2478 Pro
1021 2427 1208 2481 diebus
1234 2427 1434 2496 quibus
1460 2442 1560 2482 nos
1597 2428 1931 2484 humiliasti:

2436 2435 2526 2493 55.
2551 2436 2694 2491 Ἀνθ’
2719 2431 2793 2493 ὧν
2819 2441 3043 2512 ἡμερῶν
3066 2425 3436 2513 ἐταπείνωσνας
3461 2425 3637 2521 ἡμᾶς·

761 2517 852 2572 51.
879 2517 1049 2573 Annis
1081 2518 1279 2587 quibus
1308 2519 1542 2574 vidimus
1576 2519 1739 2576 mala.

1646 2519 1739 2576 ila.
2436 2527 2526 2582 31.
2554 2528 2744 2597 Ἐτῶν,
2771 2524 2846 2588 ὧν
2875 2534 3086 2606 εἴδομεν
3119 2539 3282 2593 κακά.

761 2674 840 2746 (α)
879 2675 1444 2746 Kﬁpcsnonilegitur.

760 2744 835 2814 (ὁ)
878 2744 1034 2800 Vers.
1068 2745 1158 2808 51,
1194 2744 1420 2810 52,“ειι1›
1449 2744 1612 2806 unico
1640 2761 1793 2800 num.

1812 2902 2188 2958 ATHANASII
2229 2904 2815 2965 INTERPRETATIO.

760 3047 843 3102 16.
879 3045 1148 3112 Quoniam
1175 3044 1287 3113 jam
1325 3043 1655 3112 completum
1681 3054 1764 3098 est
1788 3042 1891 3099 hoc
1924 3046 2204 3100 saeculum.
2296 3053 2342 3116 (ζ

2055 3046 2204 3100 Ilum.
2296 3053 2342 3116 (ζ
2445 3052 2529 3106 16.
2552 3054 2673 3107 Ὅτι
2699 3054 2881 3108 λοιπὸν
2915 3057 3272 3130 πεπλήρωται
3299 3064 3327 3116 ό
3355 3064 3490 3116 αἰὼν
3513 3058 3691 3129 οὗτος.

759 3139 845 3192 17.
873 3137 1006 3191 Nam
1033 3137 1196 3205 priori
1229 3135 1425 3188 saeculo
1449 3146 1846 3205 nongentorum
1884 3146 2002 3191 erat
2031 3138 2138 3192 vita
2168 3139 2262 3193 lio-

2440 3148 2523 3202 17.
2556 3148 2613 3201 '0
2644 3149 2750 3220 γὰρ
2799 3151 3064 3224 πρότερος
3099 3153 3233 3208 αἰὼν
3264 3155 3338 3228 (1)
3377 3159 3707 3212 ἐννακοσίων
3729 3161 3869 3215 ἐτῶν
3888 3159 3953 3235 ἦν

685 3231 919 3293 niinum,
945 3243 1089 3281 nunc
1127 3235 1305 3280 autem
1356 3225 1626 3281 diminuta
1681 3238 1764 3282 est
1813 3228 1867 3281 in
1907 3237 2126 3283 centum
2181 3231 2265 3283 vi-

2363 3243 2396 3312 ὴ
2429 3241 2539 3312 ζωὴ
2584 3243 2689 3294 τῶν
2733 3245 3054 3316 ἀνθρώπων,
3081 3247 3178 3301 νῦν
3223 3225 3279 3302 δὲ
3321 3225 3724 3323 ⁷ὴλα·.ττιὶ›θησςιν
3760 3256 3840 3318 εἰς

687 3323 820 3394 ginli
852 3337 1045 3374 annos.
2364 3331 2479 3402 ἔτη.

759 3416 845 3471 18.
881 3415 1019 3468 Anni
1056 3416 1226 3468 nostri
1266 3413 1604 3467 miserabiles
1630 3420 1683 3466 et
1710 3411 1911 3465 inlirmi
1951 3413 2080 3468 facti
2112 3423 2257 3468 sunt.

2434 3424 2518 3477 18.
2561 3423 2639 3477 Τὰ
2669 3424 2761 3496 ἔτη
2792 3426 2947 3498 ἡμῶν
2967 3428 3158 3499 οἰκτρὰ
3188 3429 3282 3481 καὶ
3310 3429 3576 3503 ἀνίσχυρα
3603 3435 3913 3503 γεγόνασιν.

761 3509 941 3564 19-21.
978 3506 1112 3560 Nam
1155 3507 1221 3560 ad
1267 3505 1605 3576 septuaginta
1651 3514 1705 3560 et
1746 3508 2026 3578 octoginta
2087 3523 2260 3562 annos

2433 3517 2498 3571 19
2519 3547 2542 3556 -
2565 3517 2652 3571 21.
2707 3519 2798 3582 Εἰς
2828 3520 3193 3591 ἐϐδομήκοντα
3226 3521 3336 3594 γὰρ
3368 3525 3461 3578 καὶ
3490 3526 3823 3598 ὀγδοήκοντα
3856 3533 3947 3601 ἐτη

685 3604 1036 3671 pervenimus
1064 3620 1076 3653 :
1106 3602 1149 3654 si
1185 3608 1364 3654 autem
1408 3599 1620 3668 longius
1653 3599 1850 3655 vixerit
1894 3602 2079 3666 homo,
2110 3601 2261 3655 labor

2361 3607 2707 3680 ἐφθάσαμενο
2763 3612 2857 3664 ἐὰν
2909 3613 2965 3665 δὲ
3014 3614 3232 3667 πλείονα
3277 3616 3417 3688 ζήσῃ
3445 3618 3752 3690 ἄνθρωπος,
3785 3599 3949 3686 κόποέ

685 3702 788 3758 est,
811 3702 865 3750 ct
892 3694 1045 3748 dolor
1069 3703 1284 3762 propter
1316 3703 1618 3761 peceatum,
1649 3693 1795 3762 quod
1826 3701 1909 3747 est
1946 3692 2000 3746 in
2028 3693 2254 3748 mundo.

2361 3701 2475 3752 ἐστὶ
2517 3702 2610 3752 καὶ
2659 3702 2818 3764 πόνος
2863 3703 2949 3754 διὰ
2990 3704 3087 3774 τὴν
3133 3705 3404 3775 ἁμαρτίαν
3443 3707 3541 3778 τὴν
3585 3705 3752 3763 οὖσαν
3781 3713 3840 3763 ὲν
3873 3729 3947 3781 τῳ

2361 3793 2571 3862 κόσμῳ.

752 3889 840 3942 22.
874 3887 1141 3953 Quoniam
1190 3885 1363 3940 Filius
1411 3885 1505 3940 Dei
1555 3887 1721 3949 venit,
1753 3895 1808 3940 et
1841 3886 2020 3941 edocti
2069 3901 2257 3943 sumus

2429 3886 2519 3940 22.
2541 3887 2661 3940 Ὅτι
2689 3885 2817 3949 Υἱὸς
2844 3886 2938 3939 τοῦ
2966 3886 3101 3939 Θεοῦ
3131 3883 3281 3958 ἦλθε,
3319 3891 3413 3942 καὶ
3452 3889 3820 3962 παιδευόμεθα
3847 3913 3947 3948 κα-

684 3989 1033 4035 contemnere
1062 3979 1198 4032 hanc
1233 3978 1421 4032 vitam.

2358 3981 2644 4049 ταφρονεῖν
2679 3981 2777 4049 τῆς
2808 3978 2952 4048 ζωῆς
2982 3980 3202 4050 ταύτης.

747 4072 839 4127 25.
867 4071 1001 4138 Quis
1025 4071 1174 4125 novit
1194 4081 1391 4126 mterna
1424 4068 1733 4140 supplicia?

2427 4069 2518 4122 25.
2562 4069 2656 4132 Τίς
2677 4066 2783 4123 οἶδε
2811 4069 2880 4123 τὰ
2911 4071 3129 4124 αἰωνίου
3162 4071 3465 4139 κολάσεως;

752 4167 842 4221 24.
872 4165 1087 4221 [labens
1115 4166 1380 4236 .timorcm
1416 4174 1566 4219 tuum
1597 4173 1776 4234 potest
1807 4180 2137 4237 cognoscere
2163 4166 2255 4237 ju-

2428 4161 2518 4216 24.
2545 4163 2603 4214 Ὀ
2633 4162 2769 4232 ἔχων
2794 4162 2886 4215 τὸν
2913 4162 3075 4231 φόϐον
3121 4179 3212 4215 σου
3257 4163 3479 4217 δύναται
3511 4165 3813 4232 ἐπιγνῶναι
3847 4166 3943 4239 τὴν

684 4257 885 4310 dicium
914 4264 1088 4310 tuum.

1040 4271 1088 4309 η.
2358 4254 2536 4326 κρίσιν
2564 4272 2676 4308 σου.

752 4345 841 4400 25.
875 4343 1174 4400 Potentiam
1223 4354 1370 4401 tuam
1421 4363 1516 4417 per
1556 4346 1808 4403 timorem
1852 4356 2005 4403 tuum
2052 4348 2138 4406 fac
2167 4365 2254 4405 me

2427 4347 2516 4402 25.
2547 4347 2620 4399 Τὸ
2653 4347 2875 4400 δυνατόν
2911 4364 3002 4400 σου
3025 4345 3112 4400 διὰ
3134 4347 3228 4399 τοῦ
3258 4347 3423 4417 φόϐου
3462 4365 3554 4402 σου
3607 4349 3837 4420 ποίησόν
3865 4350 3942 4430 (2)

685 4439 1001 4510 intelligere.
2287 4432 2321 4483 Π

2287 4432 2331 4483 Ι)
2362 4457 2429 4510 με
2459 4440 2674 4493 εἰδέναι.
2833 4510 2839 4516 Ο

752 4531 843 4585 26.
874 4531 939 4585 Ει
981 4532 1210 4586 humiles
1245 4532 1408 4586 corde
1441 4532 1672 4602 repletos
1694 4532 1868 4603 gratia
1913 4542 2004 4587 tua
2049 4532 2135 4588 l'ac
2171 4550 2258 4589 me

2431 4533 2520 4586 26.
2553 4534 2662 4586 Καὶ
2689 4533 2813 4596 τοὺς
2840 4533 3124 4595 ταπεινοὺς
3162 4535 3225 4602 τῇ
3257 4532 3452 4604 καρδίᾳ
3484 4535 3612 4597 τοὺς
3652 4536 3939 4608 πεπληρω-

684 4641 993 4696 agnoscere.

2363 4626 2554 4697 μένους
2586 4628 2650 4695 τῇ
2686 4625 2864 4697 χάριτί
2891 4640 2981 4676 σου
3019 4623 3093 4694 (5)
3119 4623 3340 4695 ποίησόν
3373 4642 3440 4694 με
3474 4625 3695 4679 ειδέναι.

753 4718 840 4772 27.
874 4717 1008 4773 Veni
1045 4717 1113 4774 ad
1148 4733 1265 4785 nos,
1303 4717 1548 4773 Domine.

2425 4717 2516 4772 e7.
2541 4716 2693 4770 Ἐλθὲ
2727 4718 2862 4788 πρὸς
2891 4718 3057 4788 ἡμᾶς,
3091 4717 3280 4787 Κύριε.

750 4812 842 4867 28.
871 4811 946 4866 De
968 4813 1333 4868 anterioribus
1363 4813 1699 4882 temporibus
1727 4814 1956 4882 peccati.

2429 4810 2516 4864 28.
2557 4811 2692 4882 Περὶ
2723 4811 2828 4863 τῶν
2860 4809 3136 4881 προτέρων
3165 4808 3370 4879 χρόνων
3399 4810 3497 4879 τῆς
3525 4810 3823 4883 ἁμαρτιας.

750 4905 840 4960 29.
870 4902 1158 4958 Exoriente
1184 4914 1255 4970 te,
1293 4903 1496 4974 impleti
1531 4920 1723 4960 sumus
1750 4905 1925 4976 gratia
1957 4913 2073 4961 tua.

2431 4902 2521 4958 29.
2545 4901 2943 4963 Ἀνατείλαντός
2977 4917 3103 4966 σου,
3143 4899 3541 4971 ἐπληρώθημεν
3579 4902 3683 4973 τῆς
3722 4902 3932 4975 χάριτός

2363 5011 2476 5049 σου.

750 5084 837 5137 50.
873 5085 931 5137 1η
963 5082 1166 5153 Spiritu
1196 5093 1406 5140 sancto.

2430 5089 2518 5143 50.
2540 5086 2628 5140 Ἐν
2657 5086 2932 5156 Πνεύματι
2961 5085 3117 5156 ἁγίῳ.

760 5176 847 5229 51.
887 5174 943 5229 In
974 5177 1122 5230 omni
1155 5193 1316 5247 opere
1336 5179 1499 5232 bono.

2426 5181 2512 5234 51.
2556 5180 2630 5248 (4)
2657 5178 2745 5231 Ἐν
2773 5179 2931 5231 παντὶ
2956 5177 3099 5247 ἔργῳ
3119 5175 3325 5246 ἀγαθῷ.

761 5267 850 5321 52.
880 5266 935 5321 in
968 5270 1216 5339 praesenti
1251 5269 1468 5325 saeculo.

1437 5286 1468 5322 δι
2428 5271 2515 5324 52.
2540 5271 2631 5322 Ἐν
2663 5271 2739 5340 τῷ
2769 5269 2863 5323 νῦν
2900 5270 3073 5323 αἰῶνι.

762 5359 850 5423 55,
879 5360 966 5414 54.
998 5359 1262 5431 Tempore
1290 5362 1514 5431 peccati.

2428 5363 2516 5427 55,
2545 5363 2630 5417 54.
2662 5362 2750 5416 Ἐν
2775 5362 2852 5434 τῷ
2881 5361 3056 5433 καιρῷ
3080 5362 3179 5433 τῆς
3205 5363 3497 5434 ἁμαρτιας.

1632 5518 1933 5580 Addenda
1983 5527 2043 5582 et
2075 5518 2448 5599 corrigenda
2479 5536 2558 5580 ex
2589 5520 2728 5581 cod.
2766 5519 2961 5580 Vatic.

870 5683 942 5766 Io
975 5682 1079 5766 γὰρ
1110 5685 1368 5766 πρὸῖξρον
1397 5685 1425 5735 ὁ
1451 5683 1603 5750 αἰὼν,
1632 5696 1734 5740 etc.

2401 5755 2412 5766 _
2427 5683 2509 5766 μ)
2879 5681 2969 5764 ’[ξν
3003 5682 3196 5764 πανῖί,
3243 5692 3348 5766 etc.
3391 5684 3461 5739 N.
3494 5685 3585 5748 55,
3621 5682 3715 5740 Ἐν
3742 5685 3820 5756 τῷ
3840 5682 3927 5738 νῦν

774 5753 831 5826 gr)
871 5753 1411 5826 Ποιήσομαιείδέναι.
2358 5753 2530 5808 αἰῶνι.
2558 5755 2625 5813 Ν,
2652 5755 2740 5820 54,
2767 5753 2854 5807 Ἐν
2877 5754 2953 5824 τῷ
2983 5753 3173 5826 καιρῷ,
3207 5764 3310 5810 etc.

775 5824 825 5893 5)
867 5825 976 5894 Τῆς
994 5824 1219 5896 ’χάριτός
1259 5842 1370 5876 σου.
