4142 6536
644 451 784 508 1063
1497 448 1554 503 S.
1594 446 1965 502 ATHANASII
2008 446 2158 502 OPP.
2202 447 2380 500 PARS
2420 450 2504 497 llt.
2541 474 2610 483 ——
2651 444 3058 500 EXEGETICA.
3771 449 3930 502 1044

713 568 767 622 6.
799 567 865 622 Et
889 582 920 621 a
945 566 1110 622 verba
1128 581 1341 637 aspero.
1384 585 1386 587 ’
2239 575 2285 628 Α

2239 575 2285 628 Α
2383 565 2435 617 6.
2479 565 2586 616 Kal
2615 564 2721 617 ἀπὸ
2746 563 2904 632 λόγου
2933 560 3291 635 ταραχώδους.

710 661 766 716 7.
802 658 1050 728 Scapulis
1075 660 1189 714 suis
1211 657 1558 713 obumbrabit
1581 658 1679 714 tibi
1707 676 1721 710 :

2386 658 2439 712 7.
2462 656 2552 709 Ἐν
2577 659 2686 719 τοῖς
2715 655 3076 726 μεταφρένοις
3104 654 3265 708 αὑτοῦ
3297 653 3606 707 ἐπισκιάσει
3639 670 3724 708 σοι
3743 670 3761 688 ·

712 751 770 806 8.
798 749 865 804 Et
892 750 994 806 sub
1021 750 1215 819 pennis
1241 750 1360 820 ejus
1390 749 1654 820 sperabis.

2386 749 2438 803 8.
2484 748 2592 801 Kal
2623 748 2727 800 ὑπὸ
2757 748 2855 810 τὰς
2888 747 3164 818 πτέρυγας
3198 744 3358 799 αὐτοῦ
3387 744 3610 809 ἐλπιείς.

713 841 768 895 9.
801 839 968 895 Scuto
997 841 1355 895 circumdabit
1379 849 1430 894 te
1450 840 1650 894 veritas
1682 839 1802 909 ejus
1829 859 1845 894 :

2387 839 2440 894 9.
2461 838 2649 908 Ὂπλῳ
2671 837 2942 891 κυκλώσει
2970 853 3028 888 σε
3061 839 3093 907 ὴ
3121 836 3343 907 ἀλήθεια
3366 836 3533 890 αὐτοῦ
3566 854 3578 866 ·

714 931 803 986 10.
829 929 945 986 Non
976 932 1191 986 timebis
1217 947 1248 985 a
1272 931 1465 986 timore
1490 942 1777 986 nocturno.

2388 930 2475 985 10.
2519 931 2592 982 Οὐ
2619 930 2904 1002 φοϐηθήσῃ
2935 929 3042 982 ἀπὸ
3070 928 3232 997 φόϐου
3267 927 3600 999 νυκτερινοῦ.

714 1022 804 1077 11.
843 1023 888 1075 A
915 1023 1110 1091 sagitta
1140 1023 1354 1077 volante
1385 1023 1559 1083 indie
1589 1041 1602 1076 :

2390 1021 2476 1075 11.
2502 1021 2634 1074 Ἀπὸ
2677 1021 2862 1090 βέλους
2895 1019 3191 1090 πετομένου
3222 1020 3430 1090 ἡμέρας
3449 1035 3461 1049 ·

712 1114 802 1170 12.
829 1113 877 1168 Α
905 1115 1122 1186 negotio
1150 1116 1566 1185 perambulante
1589 1116 1640 1171 in
1674 1116 1932 1170 tenebris.

2392 1113 2478 1166 12.
2506 1113 2641 1166 Ἀπὸ
2681 1113 3002 1182 πράγματος
3029 1115 3084 1165 ἐν
3128 1112 3304 1165 σκότει
3332 1110 3817 1182 διαπορευομένου,

715 1205 804 1260 13.
826 1205 908 1260 Ab
934 1207 1156 1261 incursu
1187 1216 1241 1262 et
1275 1207 1546 1262 dwmonio
1581 1208 1902 1263 meridiano.

2391 1204 2479 1258 15.
2505 1205 2639 1257 Ἀπὸ
2680 1202 3082 1275 συμπτώματος
3099 1206 3190 1257 καὶ
3206 1204 3481 1274 δαιμονίου
3505 1200 3917 1275 μεσημϐρινοῧ.

711 1289 802 1350 14ξ
835 1294 1047 1351 Cadent
1067 1313 1098 1351 a
1124 1298 1288 1353 latere
1319 1308 1414 1352 tuo
1443 1299 1614 1365 mille,

2395 1297 2480 1348 14.
2524 1297 2774 1349 Πεσεῖται
2804 1299 2866 1348 ἐκ
2894 1295 2986 1349 τοῦ
3015 1297 3228 1365 κλίτους
3261 1313 3354 1349 σου
3383 1297 3582 1367 χιλιὰς,

718 1389 807 1444 15.
845 1387 911 1442 Et
931 1389 1115 1445 decem
1149 1390 1318 1444 millia
1342 1405 1371 1443 a
1400 1391 1609 1444 dextris
1637 1391 1746 1446 tuis
1773 1410 1786 1444 :

1699 1391 1746 1446 is
1773 1410 1786 1444 :
2394 1387 2483 1441 15.
2525 1388 2634 1439 Kal
2670 1388 2868 1458 μυριὰς
2892 1390 2955 1440 ἐκ
2987 1388 3178 1452 δεξιῶν
3207 1405 3332 1442 σου·

719 1481 808 1534 16.
843 1481 923 1535 Ad
958 1491 1010 1537 te
1037 1491 1214 1536 autem
1253 1498 1357 1537 non
1395 1483 1883 1553 appropinquabit.

1553 1483 1883 1553 ipinquabit.
2394 1479 2480 1532 16.
2525 1479 2668 1550 Πρὸς
2700 1481 2756 1531 σὲ
2781 1480 2838 1531 δὲ
2876 1482 2972 1532 οὑκ
2999 1483 3189 1549 ἐγγιεῖ.

719 1573 810 1627 17.
839 1573 1223 1629 Verumtamen
1253 1577 1426 1630 oculis
1462 1577 1568 1630 tuis
1597 1577 2003 1632 considerabis:

2392 1570 2479 1623 17.
2527 1571 2671 1641 Πλὴν
2700 1574 2812 1633 τοῖς
2837 1572 3132 1642 οφθαλμοῖς
3169 1590 3259 1625 σου
3288 1575 3651 1646 κατανοήσεις
3670 1589 3687 1604 ⁸

721 1664 808 1718 18.
839 1664 904 1719 Et
939 1665 1348 1720 retributionem
1379 1676 1726 1736 peccatorum
1755 1666 1983 1722 videbis.

1918 1669 1983 1722 is.
2393 1661 2481 1714 18.
2521 1662 2632 1714 Kal
2657 1662 3008 1716 ἀνταπόδοσιν
3044 1664 3384 1737 ἁμαρτωλῶν
3414 1665 3553 1734 ὄψει,

721 1756 808 1810 19.
841 1754 1112 1822 Quoniam
1138 1767 1193 1810 tu
1225 1773 1303 1819 es,
1335 1757 1580 1822 Domine,
1615 1774 1740 1828 spes
1771 1775 1888 1813 mea
1921 1778 1932 1814 :

1785 1775 1888 1813 nea
1921 1778 1932 1814 :
2396 1752 2481 1807 19.
2522 1753 2644 1805 Ὅτι
2686 1754 2774 1818 σὺ,
2808 1753 3002 1825 Κύριε.
3037 1756 3069 1824 ὴ
3101 1754 3255 1818 ἐλπίς
3285 1773 3386 1823 μου
3409 1772 3421 1784 ·

717 1848 811 1901 20.
842 1843 1182 1903 A‘ltissimum
1214 1851 1442 1920 posuisti
1472 1850 1739 1921 refugium
1781 1861 1956 1907 tuum.

1948 1891 1956 1905 ,
2396 1844 2486 1898 20.
2527 1845 2629 1898 Τὸν
2657 1845 2920 1915 ’Ὕψιστον
2954 1845 3075 1899 ἔθου
3111 1849 3434 1918 καταφυγήν
3471 1865 3584 1903 σου.

718 1936 810 1992 21.
843 1934 959 1992 Non
996 1939 1214 1993 accedet
1244 1940 1310 1994 ad
1343 1949 1394 1994 te
1425 1943 1628 1995 malum
1657 1961 1668 1995 :
2251 1926 2298 1983 Β

2251 1926 2298 1983 Β
2397 1935 2486 1989 τι.
2525 1938 2600 1989 Οὐ
2635 1939 3059 2006 προσελεύσεται
3090 1940 3224 2008 πρὸς
3256 1939 3313 1992 σὲ
3339 1940 3484 1993 κακά
3513 1956 3523 1967 ·

719 2028 811 2082 22.
863 2029 926 2084 Et
977 2031 1246 2102 ﬂagellqu
1300 2048 1408 2086 non
1463 2033 1920 2103 aporOpinquabit
1977 2035 2226 2089 taberna—

2393 2026 2482 2079 ‘22.
2519 2029 2628 2081 Kal
2657 2028 2851 2099 μάστιξ
2895 2029 2992 2082 οὐκ
3042 2032 3217 2097 ἐγγιεῖ
3253 2033 3309 2082 ἐν
3357 2030 3433 2100 (α)
3476 2030 3554 2100 τῷ
3593 2031 3931 2104 σκηνώματι

652 2120 776 2174 culo
804 2129 920 2175 tuo.
2332 2136 2447 2172 σου.

720 2209 813 2309 ἓξ·
841 2209 1114 2309 Quoniam
1148 2213 1355 2283 εηεθιῑε
1388 2213 1503 2268 “is
1534 2213 1811 2269 ωθηάθνίί
1844 2215 1908 2270 de
1939 2225 2009 2282 ιον
2396 2232 2487 2286 25.
2525 2235 2647 2288 Ὀτι
2675 2239 2789 2298 τοῖς
2812 2237 3070 2304 ἀγγέλοις
3103 2236 3268 2290 αὐτοῦ
3299 2237 3590 2291 ἐντελεῖται
3621 2239 3752 2309 περὶ
3776 2236 3880 2291 σοῦ
3910 2281 3925 2297 .

2399 2323 2487 2378 Ἡ.
2531 2326 2636 2378 Τοῦ
2666 2327 2989 2396 διαφυλάξαι
3029 2346 3087 2381 σε
3117 2331 3174 2382 ἐν
3217 2331 3415 2393 πάσαις
3452 2333 3572 2393 ταῖς
3599 2331 3742 2394 ὁδοῖς
3773 2347 3899 2384 σου.

2399 2416 2488 2471 25.
2538 2420 2660 2472 Ἐπὶ
2690 2420 2887 2492 χειρῶν
2917 2420 3110 2491 άροῦσί
3136 2440 3193 2475 σε
3216 2440 3230 2453 ·

720 2303 814 2357 24.
842 2301 914 2358 Ut
946 2305 1259 2361 custodiant
1283 2317 1334 2361 te
1365 2307 1418 2360 in
1444 2308 1700 2363 omnibus
1731 2310 1836 2363 viis
1871 2311 2001 2364 tuis.

718 2395 809 2450 25.
849 2393 908 2450 In
936 2397 1190 2452 manibus
1211 2399 1501 2467 portabunt
1528 2409 1577 2453 te
1602 2417 1617 2453 :

725 2514 801 2581 (α)
843 2513 937 2565 Ἐν
959 2513 1126 2567 deeSt.

1783 2707 2156 2763 ATHANASII
2197 2709 2782 2769 INTERPRETATIO.

725 2857 781 2913 6.
811 2859 877 2914 Et
901 2859 971 2915 ab
993 2862 1141 2916 omni
1175 2862 1438 2917 diabolica
1465 2863 1734 2918 doctrina.

2405 2877 2456 2931 6.
2500 2878 2608 2930 Kal
2633 2876 2740 2929 άπὸ
2772 2876 2953 2946 πάσης
2978 2874 3324 2940 διδασκαλίας
3356 2878 3641 2932 διαόὁλων.

729 2950 781 3002 7.
811 2947 868 3003 In
890 2951 1049 3007 donis
1078 2952 1192 3007 suis
1221 2952 1548 3007 refocillabit
1577 2965 1648 3006 te.

2406 2971 2456 3025 7.
2483 2970 2571 3024 Ἑν
2605 2973 2716 3033 τοῖς
2747 2970 3080 3040 χαρίσμασιν
3113 2971 3413 3024 ἀναπαύσει
3442 2988 3523 3023 σε.

721 3041 775 3097 8.
803 3042 871 3097 Et
914 3043 970 3097 in
1003 3042 1216 3098 duobus
1255 3042 1615 3100 Testamentis
1647 3045 1768 3116 ejus
1795 3047 2023 3106 credens
2054 3051 2237 3108 salvus

2403 3066 2456 3119 8.
2497 3063 2605 3116 Kal
2651 3063 2707 3113 ἐν
2751 3064 2867 3123 ταῖς
2896 3060 3046 3113 δυσὶν
3092 3059 3256 3113 αὑτοῦ
3299 3059 3594 3130 Διαθήκαις
3627 3055 3933 3120 πιστεύσας

660 3135 779 3190 ﬁes.
1109 3178 1112 3180 η

1109 3178 1112 3180 τ
2338 3152 2577 3224 σωθήσῃ.

733 3230 786 3284 9.
814 3229 1265 3286 lnvulnerabilem
1295 3240 1348 3287 te
1381 3232 1645 3289 custodiet
1672 3232 1844 3303 gratia
1874 3234 2068 3307 ipsius.
2260 3275 2304 3332 ο

1997 3253 2068 3294 ts.
2260 3275 2304 3332 ϐ
2407 3243 2754 3314 9,”Ατρωτόν
2785 3261 2842 3296 σε
2868 3242 3090 3312 φυλάξει
3115 3242 3240 3313 (1)ὴ
3266 3245 3424 3315 χάρις
3447 3243 3633 3298 αὐτοῦ.

733 3321 822 3374 10.
851 3322 935 3377 Ab
957 3323 1105 3377 omni
1132 3324 1558 3379 comminatione
1585 3325 1810 3381 diaboli.
2266 3321 2304 3332 ““

2266 3321 2304 3332 “
2415 3337 2499 3392 to.
2524 3337 2658 3389 Ἀπὸ
2698 3337 2874 3407 πάσης
2901 3336 3130 3405 ἀπειλῆς
3152 3335 3244 3388 τοῦ
3275 3336 3516 3388 διαϐόλου
3556 3336 3652 3403 (2).

732 3415 821 3468 11.
855 3415 936 3469 Ab
966 3425 1088 3470 astu
1114 3416 1470 3471 daemoniaco.

2417 3430 2503 3482 11.
2529 3428 2664 3481 Ἀπὸ
2703 3430 2777 3499 (Ii)
2815 3429 3073 3499 λογισμοῦ
3100 3427 3502 3501 δαιμονιὼδους.

733 3504 823 3558 12.
853 3507 936 3559 Ab
958 3505 1106 3559 omni
1136 3506 1410 3575 voluptate
1436 3508 1659 3562 diaboli.

2418 3519 2504 3572 η.
2528 3520 2664 3572 Ἀπὸ
2701 3519 2880 3590 πάσης
2918 3520 3109 3590 ἡδονῆς
3140 3520 3217 3590 (4)
3246 3518 3338 3572 τοῦ
3367 3518 3632 3573 διαὸόλου.

731 3598 822 3652 15.
848 3599 930 3653 Ab
984 3600 1132 3654 omni
1186 3611 1408 3670 peccato
1452 3611 1827 3674 permanente,
1877 3613 1931 3658 et
1971 3604 2237 3661 daemonio

2420 3612 2506 3665 15.
2532 3611 2664 3664 Ἀπὸ
2703 3611 2881 3682 πάσης
2904 3612 3172 3682 ἁμαρτίας
3203 3609 3586 3680 ἐπιμενούσης,
3617 3611 3712 3663 καὶ
3735 3609 3930 3678 δαιμο-

665 3688 978 3746 eﬂ‘undcnte
1006 3691 1060 3746 in
1083 3701 1133 3747 te
1162 3695 1637 3762 concupiscentias
1667 3710 1884 3764 pravas.

1861 3731 1884 3746 ι.
2349 3702 2459 3754 νίου
2493 3703 2772 3772 ἐκχέοντος
2801 3705 2879 3765 εἰς
2913 3702 3205 3772 ἐπιθυμίας
3237 3702 3497 3773 πονηράς.

737 3784 826 3838 14.
860 3782 1086 3852 Signato
1119 3793 1170 3837 te
1201 3785 1356 3852 signo
1384 3786 1563 3840 crucis
1590 3802 1720 3840 suae.

2421 3793 2506 3847 1.1.
2548 3795 2621 3865 (α)
2640 3794 3093 3866 Σημειωσαμένου
3117 3811 3210 3847 σου
3232 3793 3292 3846 τὸ
3309 3797 3529 3864 σημεῖον
3543 3791 3639 3846 τοῦ
3668 3789 3929 3864 σταυροῦ.

732 3877 822 3934 15.
857 3875 1060 3932 Omnes
1085 3876 1408 3932 adversaria:
1438 3889 1736 3948 potestates
1766 3890 2140 3938 conterentur.

2421 3889 2506 3942 15.
2549 3888 2725 3939 Πᾶσαι
2753 3889 2808 3939 αἱ
2841 3887 3081 3939 ἐναντίαι
3104 3886 3360 3956 δυνάμεις
3385 3885 3855 3956 συντριϐήσονται.

739 3968 828 4023 16.
864 3969 930 4023 Et
965 3986 1151 4024 earum
1190 3971 1336 4025 nulla
1371 3975 1777 4042 approximabit
1806 3975 1924 4033 tibi.

1861 3976 1924 4033 bi.
2421 3981 2508 4033 16.
2549 3980 2656 4032 Καὶ
2683 3978 2854 4040 οὐδεὶς
2883 3978 3060 4032 αὐτῶν
3085 3976 3370 4050 πλησιάσει
3396 3994 3497 4032 σοι.

739 4060 830 4115 17.
860 4059 1034 4131 Vigila
1063 4071 1241 4117 tamen
1263 4066 1460 4120 mentis
1485 4066 1677 4121 oculis.

2421 4073 2508 4125 17.
2526 4071 2714 4142 Ὅμως
2738 4071 2874 4139 νῆφε
2906 4073 3016 4134 τοῖς
3044 4071 3142 4141 τῆς
3175 4068 3410 4133 διανοίας
3437 4069 3755 4141 ὀφθαλμοῖς.

742 4153 833 4209 18.
865 4153 930 4208 Et
961 4155 1015 4208 in
1054 4155 1140 4209 die
1166 4155 1356 4224 judicii
1381 4157 1588 4212 videbis
1620 4170 1882 4214 teternum
1913 4162 2240 4232 supplicium

2421 4165 2506 4218 18.
2540 4166 2647 4217 Kal
2681 4165 2738 4215 ἐν
2779 4167 2842 4234 τῇ
2876 4163 3061 4235 ἡμέρα
3093 4164 3194 4233 τῆς
3229 4163 3462 4235 κρίσεως
3645 4165 3746 4234 τὴν
3794 4160 3928 4216 alti»-

673 4246 901 4311 diaboli,
929 4255 983 4300 et
1013 4247 1331 4316 angelorum
1357 4249 1500 4318 ejus,
1538 4265 1861 4321 eorumque,
1903 4255 1995 4322 qui
2041 4255 2121 4309 eis
2148 4254 2242 4309 ob-

2353 4275 2462 4311 νιον
2493 4256 2713 4310 κόλασιν
2747 4255 2840 4308 τοῦ
2881 4256 3151 4318 διαϐόλου,
3192 4255 3288 4309 καὶ
3321 4255 3430 4308 τῶν
3461 4255 3712 4324 ἀγγέλων
3740 4253 3925 4315 αὑτοῦ,

672 4349 1064 4410 temperarunt.

2352 4349 2444 4402 καὶ
2473 4365 2579 4402 των
2604 4348 2783 4410 αὐτοῖς
2814 4347 3148 4418 πειθομένων

745 4432 932 4488 19ο21.
966 4431 1090 4486 Non
1126 4433 1368 4487 accedent
1400 4434 1468 4487 ad
1502 4445 1550 4488 te
1585 4435 1745 4501 mala,
1773 4443 1826 4489 et
1843 4434 1930 4489 dic
1959 4454 1970 4489 :
2007 4434 2105 4500 Tu,
2137 4435 2244 4487 Da-

2422 4438 2609 4494 19-21.
2648 4441 2729 4492 Οὐ
2744 4439 3213 4505 προσελεύσεταί
3234 4437 3382 4506 πρὸς
3401 4437 3476 4492 σὲ
3493 4437 3672 4500 κακὰ,
3697 4436 3790 4489 καὶ
3806 4434 3928 4503 λέγε

672 4524 835 4588 mine,
886 4540 1002 4593 spes
1053 4541 1210 4578 mea:
1249 4524 1512 4580 Dominus
1555 4536 1736 4582 autem
1780 4528 1845 4581 ad
1900 4543 2022 4582 eum
2074 4527 2238 4582 dicit:

2356 4532 2465 4605 (6)·
2505 4532 2609 4596 Σὺ,
2646 4533 2841 4599 Κύριε,
2868 4531 2906 4599 ἠ
2935 4531 3112 4596 ἐλπίς
3140 4547 3260 4598 μου
3286 4547 3298 4560 ο
3349 4533 3377 4583 ὁ
3425 4529 3480 4582 δὲ
3515 4530 3756 4599 Κύριοςο
3798 4527 3931 4597 Ἐμὲ

673 4617 822 4671 Pone
844 4633 923 4670 me
954 4616 1253 4685 adjutorem
1280 4626 1449 4684 tuum,
1480 4635 1582 4671 non
1611 4619 2002 4688 approximabit
2032 4619 2245 4689 aliquod
2278 4644 2309 4700 Σ

2044 4619 2245 4689 πιὶιιιιοά
2278 4644 2327 4700 ι)
2356 4627 2462 4682 θοῦ
2489 4627 2721 4693 ,ϐοηθόν
2751 4640 2888 4688 σου,
2921 4625 2992 4677 οὐ
3027 4622 3354 4690 πλησιάσει
3387 4623 3574 4676 κακόν
3607 4639 3680 4674 τι,

675 4710 898 4764 malum.

745 4801 841 4857 22.
872 4800 938 4854 Et
958 4810 1200 4871 potestas
1228 4801 1428 4855 diaboli
1461 4801 1514 4855 in
1547 4814 1597 4857 te
1627 4817 1733 4855 non
1759 4801 2154 4856 dominabitur.

2425 4802 2513 4858 ‘29..
2538 4804 2646 4854 Kal
2659 4797 2943 4853 δυναστεία
2962 4798 3053 4851 τοῦ
3072 4797 3313 4851 διαϐόλου
3339 4797 3398 4848 οὐ
3427 4795 3706 4866 κυριεύσει
3723 4811 3816 4848 σου
3832 4794 3926 4866 (7).

746 4893 956 4962 25,24.
989 4892 1261 4959 Quoniam
1305 4895 1581 4964 praecipiet
1628 4894 1833 4966 angelis
1881 4895 2018 4958 suis,
2071 4902 2129 4948 ut
2182 4893 2249 4948 ab

2431 4896 2522 4956 25,
2552 4894 2640 4947 24.
2666 4893 2739 4963 (8)
2772 4896 2891 4949 Ὅτι
2915 4891 3329 4966 προστάξειτοῖς
3345 4888 3596 4958 ἀγγέλοις
3621 4887 3787 4940 αὐτοῦ
3809 4889 3929 4940 λυτ-

679 4988 828 5044 omni
863 4987 1182 5057 deceptione
1214 4997 1265 5041 te
1296 4987 1548 5042 liberent.

2368 4987 2590 5059 ροῦσθαί
2626 5005 2683 5039 σε
2710 4988 2816 5040 άπὸ
2846 4988 3023 5057 πάσης
3044 4984 3268 5054 πλάνης.

753 5080 842 5134 25.
886 5078 950 5131 Et
983 5089 1031 5132 te
1064 5079 1335 5132 deducant
1364 5079 1419 5132 in
1454 5093 1617 5134 omne
1651 5092 1792 5136 onus
1819 5078 2044 5132 bonum.

2428 5078 2516 5132 25.
2549 5079 2657 5131 Kal
2685 5077 2938 5144 ὁδηγοῦσι
2963 5094 3020 5130 σε
3057 5078 3134 5139 εἰς
3165 5077 3272 5128 πᾶν
3306 5075 3465 5145 ἔργον
3497 5072 3721 5141 ἀγαθόν.

1650 5238 1951 5298 Addenda
1987 5243 2044 5298 et
2077 5235 2448 5314 corrigenda
2479 5255 2557 5299 ex
2588 5237 2726 5298 cod.
2773 5235 2972 5297 Vatic.

753 5405 830 5473 (1)
871 5404 1210 5474 Διαφυλάξει.
1545 5473 1556 5475 _
1643 5473 1664 5475 __
2359 5402 2421 5475 Ν.
2459 5403 2547 5464 20,
2579 5405 2668 5458 21.
2713 5405 2769 5456 Ὀ
2812 5404 2866 5457 δὲ
2896 5402 3092 5475 Κύριος
3115 5401 3486 5475 πρὸς-αυτόν
3535 5398 3689 5469 Ἐμέ,
3716 5407 3822 5454 etc.
3875 5397 3931 5450 οὗ

753 5472 992 5544 (2)Ἀπδ
1024 5477 1202 5543 πάσης
1229 5475 1433 5544 πλάνης
1472 5473 1688 5544 ἐχθροῦ.
2360 5492 2389 5526 at

2360 5474 2651 5544 πλησιάσει
2686 5491 2768 5527 σοι
2791 5472 2990 5528 κακόν.
3025 5478 3084 5528 Τι
3120 5472 3226 5528 non
3262 5472 3475 5542 legitur.

754 5493 834 5544 (Ζ)
861 5493 988 5528 Ἀπο
1024 5493 1202 5543 πάσης
1229 5493 1433 5544 πλάνης
1472 5493 1688 5544 εχυρου.
2360 5493 2390 5526 at

754 5547 831 5616 (5)
853 5549 989 5601 Ἀπό
1024 5562 1129 5600 non
1163 5546 1373 5615 legitur.

1024 5493 1202 5543 πασης
1229 5493 1433 5544 πλάνης
1472 5493 1688 5544 εχυρου.
2360 5493 2647 5596 πληῖσιασει

1024 5562 1129 5600 non
1163 5546 1373 5615 legitur.
2431 5545 2508 5616 (ν)
2540 5546 2647 5616 339:.

779 5607 832 5686 ι)
868 5617 1105 5686 Πλάνηςι
1214 5607 1241 5615 '
2366 5682 2410 5686 __

2366 5682 2410 5686 __
2439 5607 2604 5686 (SlN.
2639 5614 2908 5686 ‘23."012,
2938 5625 3053 5686 etcL
3080 5612 3145 5686 Ν.
3175 5612 3262 5665 21.
3286 5607 3688 5683 Λυτρὼσασθαί
3726 5626 3808 5674 σε,
3832 5616 3930 5662 etc.

779 5619 832 5686 4)
874 5619 1105 5684 Πλάνης.
2439 5619 2515 5685 (8)
2543 5619 2604 5667 Ν.
2639 5619 2727 5669 ‘23.
2750 5619 2874 5666 ’Ὁτι
2895 5656 2908 5673 .
2938 5625 3041 5669 etc.
3080 5619 3145 5666 Ν.
3175 5619 3262 5665 24.
3286 5619 3363 5665 Au

754 5619 831 5756 δε)
865 5685 968 5758 Kal
999 5688 1132 5741 πᾶσι
1161 5685 1698 5758 τοῖςίπειθομένοιςη
2074 5753 2089 5758 _
2191 5753 2201 5758 _
2366 5682 2434 5740 Ν.
2460 5685 2551 5741 25.
2589 5684 2751 5738 Αὐτοὶ
2775 5685 2832 5739 δέ
2861 5682 3114 5754 ὀδηγοῦσί
3150 5699 3229 5746 σε,
3265 5693 3367 5739 etc.

757 5753 837 5829 (6)
868 5756 932 5812 N.
998 5758 1083 5812 19.
1130 5759 1238 5810 Kal
1285 5753 1618 5824 λέγε,ἐι‹;.,
1671 5753 2259 5826 desuntpimcedenlia.

762 5873 833 5951 (α)
877 5876 937 5931 Ν.
974 5880 1058 5948 Η,
1094 5877 1293 5943 l5,16,
1327 5894 1465 5936 unus
1505 5888 1795 5934 comment.
