4142 6492
189 443 332 498 1045
1109 441 1192 494 DE
1235 439 1511 496 TITULIS
1553 438 2003 495 PSALMORUM.
2045 471 2111 481 —
2150 439 2342 494 PSA]...
2380 439 2508 496 XCI.
3282 440 3416 495 1046

267 555 356 610 26.
390 557 611 627 Μήποτε
646 556 957 628 προσκὰιοης
991 556 1125 628 πρὸς
1157 558 1302 610 λίθον
1326 559 1415 611 τὸν
1450 558 1583 612 πόδα
1609 576 1720 611 σου.
1792 565 1836 620 Λ

1714 598 1720 610 .
1792 565 1836 620 Λ
1936 558 2026 612 26.
2057 556 2133 612 Ne
2162 557 2301 612 forte
2335 558 2573 612 ollendas
2599 559 2663 610 ad
2694 557 2920 626 lapidem
2958 555 3143 626 pedem
3179 562 3350 611 tuum.

265 646 358 699 27.
399 647 518 700 Ἐπὶ
547 647 747 701 άσπίδα
773 649 864 701 καὶ
890 649 1198 717 βασιλίσκον
1227 651 1466 723 ὲπιϐήσῃ
1491 667 1502 680 ·

1935 650 2026 704 27.
2062 648 2233 719 Super
2259 651 2522 720 aspidem,
2550 659 2603 704 et
2630 650 2938 705 basiliscum
2971 648 3311 704 ambulabis:

270 740 362 794 28.
401 741 510 793 Καὶ
535 744 944 812 καταπατήσεις
970 742 1156 795 λέοντα
1188 744 1280 795 καὶ
1302 743 1589 813 δράκοντα.

1516 760 1589 797 ια.
1935 744 2026 797 28.
2065 743 2130 797 Ει
2159 744 2502 801 conculcabis
2532 745 2739 798 leonem
2767 752 2819 798 et
2847 745 3152 797 draconem.

269 832 359 884 29.
393 831 510 884 Ὅτι
536 834 620 884 ἐπ’
651 833 748 902 ἐμὲ
781 833 995 903 ἧλπισε,
1027 836 1118 886 κα).
1148 834 1380 904 ῥύσομαι
1417 834 1579 886 αὐτόν

1939 835 2032 888 29.
2071 834 2338 900 Quoniam
2369 837 2419 889 in
2462 851 2546 890 me
2579 835 2834 905 speravit,
2869 845 2920 891 et
2948 832 3186 888 liberabo
3215 846 3339 887 eum

269 923 358 978 50.
396 924 655 978 Σκεπάσω
676 925 856 990 αὑτὸν,
889 927 969 978 ὅτι
998 926 1138 994 ἔγνω
1171 927 1229 978 τὸ
1262 926 1435 995 ὄνομά
1467 941 1591 993 μου.

1941 923 2028 977 '50.
2076 923 2358 986 Proteaam
2403 942 2562 993 eum,
2617 927 2872 994 quoniam
2919 923 3170 994 cognovit
3225 939 3349 979 nom

1865 1032 2066 1072 meum.

275 1104 363 1159 51.
399 1103 734 1174 Κεκράξεται
785 1102 918 1173 πρὸς
966 1103 1052 1174 μέ,
1087 1101 1182 1154 καὶ
1231 1100 1343 1170 ἐγὼ
1386 1098 1767 1162 ἐπακούσομαι

1625 1115 1767 1162 MM“
1953 1106 2039 1160 5i.
2072 1105 2338 1161 Clamabit
2365 1123 2430 1162 au
2454 1123 2558 1174 me,
2587 1119 2638 1163 et
2667 1124 2766 1178 ego
2793 1109 3077 1164 exaudiam
3105 1123 3261 1163 eum:

196 1198 369 1252 αὑτοῦ
394 1218 404 1229 ·

276 1292 366 1347 52.
397 1292 524 1345 Μετ’
554 1288 718 1345 αὑτοῦ
741 1291 855 1360 είμι
889 1290 946 1341 ἐν
973 1288 1148 1357 θλίψει

1941 1283 2031 1338 52.
2062 1281 2197 1338 Cum
2232 1286 2348 1354 ipso
2375 1301 2493 1340 sum
2528 1286 2578 1339 in
2616 1277 2994 1342 tribulatione:

275 1382 367 1436 55.
400 1382 712 1450 Ἐξελοῦμαι
743 1381 925 1443 αὑτὸν,
962 1380 1056 1432 καὶ
1079 1377 1285 1442 δοξάσω
1317 1377 1499 1430 αὐτόν.

1434 1377 1499 1430 5ν.
1942 1375 2032 1430 55.
2065 1375 2298 1444 Eripiam
2334 1393 2480 1441 eum,
2515 1386 2567 1431 et
2593 1378 2902 1446 gloriﬁcabo
2927 1394 3070 1433 eum.

279 1473 367 1528 54.
404 1474 732 1543 Μακρότητα
764 1471 984 1542 ἡμερῶν
1019 1471 1283 1540 ἐμπλήσω
1307 1469 1468 1522 αὐτόν
1490 1486 1504 1500 '

1440 1487 1468 1521 v
1490 1486 1504 1500 -
1940 1466 2028 1519 3.5.
2065 1464 2421 1535 Longitudine
2442 1469 2649 1521 dierum
2681 1470 2898 1537 replebo
2923 1485 3075 1524 cum:

278 1565 364 1619 55.
394 1565 501 1618 Κα)⁵
533 1565 688 1630 δείξω
714 1562 862 1633 αύτῷ
891 1562 952 1615 τὸ
986 1561 1262 1633 Σωτήριόν
1299 1579 1420 1631 μου.

1941 1557 2028 1610 55.
2062 1555 2125 1608 Et
2154 1557 2432 1609 ostendam
2475 1558 2552 1610 illi
2584 1557 2830 1613 Salutare
2866 1575 3064 1614 meum.

271 1655 502 1726 ίαλμὸς
537 1655 713 1724 ᾠδῆς,
748 1656 834 1720 είς
863 1653 975 1722 τὴν
1004 1653 1229 1723 ἡμέραν
1256 1653 1362 1706 τοῦ
1394 1653 1714 1706 Σαϐὄατου.
1905 1695 1907 1699 ,

1905 1648 2150 1702 l’salmus
2187 1649 2401 1712 cantici,
2436 1650 2489 1702 in
2519 1651 2655 1702 diem
2690 1648 2928 1706 Sabbati.
2961 1651 3225 1713 PSALM.
3247 1653 3367 1710 XC-

796 1742 1026 1798 ΨΑΛΜ.
1069 1748 1188 1809 ιιΛο.

287 1840 333 1894 1.
379 1836 686 1904 Ἀγαθὸντδ
708 1837 1141 1907 ἐξομολογεῖσθαι
1167 1835 1245 1905 τῷ
1273 1833 1486 1903 Κυρίῳ,

1278 1833 1486 1903 Κυρίῳ,
1949 1829 1996 1881 1.
2029 1827 2237 1882 Bonum
2273 1839 2356 1884 est
2389 1829 2633 1885 confiteri
2668 1831 2914 1898 Domino,

281 1927 337 1982 2.
369 1928 475 1981 Καὶ
505 1927 722 1996 ψάλλειν
751 1926 826 1996 τῷ
853 1925 1075 1996 ὀνόματί
1112 1941 1225 1987 σου,
1260 1923 1508 1991 Ὕψιστε.
1805 1986 1845 1996 ἡ

1423 1938 1508 1974 τε.
1805 1986 1845 1996 ἡ
1946 1921 1999 1975 2.
2033 1923 2096 1975 Ει
2131 1923 2359 1992 psallere
2388 1925 2592 1977 nomini
2621 1933 2735 1990 tuo,
2765 1925 3059 1982 Altissime.

279 2021 334 2073 δ.
367 2018 470 2071 Τοῦ
499 1986 844 2087 άναγγέλλείν
873 2018 932 2070 τδ
949 1986 1102 2089 ’πρωὶ
1125 2018 1185 2069 τὸ
1209 1986 1356 2079 ἔλεός
1376 2032 1491 2080 σου,
1801 1986 1848 2045 Β

1801 1986 1848 2045 Β
1950 2015 2004 2068 5.
2039 2013 2118 2068 Ad
2154 2015 2582 2068 annuntiandum
2623 2033 2780 2071 mane
2815 2020 3238 2074 misericordiam
3263 2029 3432 2083 tuam,

283 2109 336 2163 Δ.
372 2110 480 2163 Καὶ
506 2109 604 2177 τὴν
633 2109 887 2180 ἀλήθειάν
920 2125 1010 2161 σου
1039 2108 1179 2161 κατὰ
1202 2107 1391 2170 νύκτα,

1336 2125 1391 2170 α,
1949 2104 2004 2156 ι.
2036 2102 2103 2156 Ει
2135 2105 2413 2159 veritatem
2445 2115 2590 2160 tuam
2621 2123 2712 2176 per
2743 2118 2971 2177 noctem,

280 2202 333 2256 5.
376 2201 460 2254 Ἐν
485 2202 790 2274 δεκαχόρδῳ
810 2202 1109 2272 ψαλτηρίῳ,
1142 2200 1257 2272 μετ’
1285 2200 1429 2270 ᾠδῆς
1458 2200 1517 2254 ἐν
1549 2198 1770 2271 κιθάρᾳ.

1951 2194 2003 2250 5.
2035 2195 2090 2248 In
2112 2196 2449 2251 decachordo
2471 2200 2724 2266 psalterio
2743 2215 2864 2254 cum
2886 2199 3098 2256 cantico
3127 2202 3179 2256 in
3207 2202 3431 2257 cithara.

282 2292 335 2348 6.
364 2295 483 2349 Ὀτι
507 2294 776 2367 εὖφρανάς
801 2312 889 2366 με,
922 2293 1114 2364 Κύριε,
1147 2295 1204 2346 ἐν
1235 2292 1314 2364 τῷ
1344 2291 1606 2364 ποιήματί
1640 2305 1764 2344 σου’

1949 2287 2002 2342 6.
2040 2285 2176 2353 Quia
2212 2287 2490 2344 delectasti
2533 2305 2639 2355 me,
2682 2289 2928 2358 Domine,
2955 2292 3010 2346 in
3044 2293 3252 2350 factura
3281 2304 3370 2350 tua
3402 2314 3420 2349 :

1315 2423 1694 2479 ATHANASII
1734 2423 2319 2480 INTERPRETATIO.

279 2545 369 2601 26.
397 2548 623 2616 Μήποτε
675 2548 817 2602 κατὰ
850 2547 981 2601 Θεὸν
1037 2546 1408 2609 ἐπιτελοῦντος
1444 2546 1520 2617 (1)
1555 2562 1648 2598 σου
1683 2546 1775 2618 ἐρ-

1953 2545 2040 2600 26.
2071 2544 2148 2600 Ne
2168 2544 2316 2602 .forte
2347 2544 2580 2599 olieunte
2604 2553 2654 2599 te
2685 2558 2822 2614 Opus
2850 2544 3149 2600 secundum
3181 2544 3347 2600 Deum
3378 2561 3439 2600 ea

205 2653 306 2707 τον
337 2638 664 2710 ἐνθυμηθῇς,
698 2640 782 2703 τίς
826 2639 1089 2710 ἐπιθυμία
1126 2639 1220 2692 τοῦ
1257 2638 1522 2703 διαϐόλου,
1559 2639 1653 2691 κα).
1680 2639 1774 2689 ὲκ-

1882 2638 2110 2708 cogites,
2144 2654 2264 2708 qua:
2297 2646 2426 2692 sunt
2475 2636 2915 2706 concupiscentia
2959 2636 3180 2702 diaboli,
3227 2638 3322 2692 sed
3350 2637 3443 2693 dc-

206 2727 398 2797 κλὶνῃς
417 2727 510 2780 ἀπ’
533 2727 717 2795 αὐτῆς.

678 2745 717 2790 ς.
1883 2731 2052 2786 clines
2075 2730 2142 2783 ab
2178 2729 2314 2798 ipsa.

284 2817 372 2870 27.
405 2818 528 2869 Ἐπὶ
553 2817 647 2888 τὴν
676 2818 874 2871 ἰοϐόλον
904 2820 998 2874 καὶ
1028 2816 1355 2892 τυραννικὴν
1382 2816 1663 2889 ἐνέργειαν
1687 2819 1778 2872 τοῦ

1954 2821 2046 2874 27.
2087 2819 2263 2888 Super
2291 2827 2632 2882 venenatam,
2656 2827 2709 2873 et
2729 2818 3063 2886 tyrannicam
3087 2818 3284 2872 diaboli
3318 2833 3443 2888 0pc-

209 2907 460 2961 διαϐόλου
506 2909 872 2980 κατισχύσεις.

1887 2912 2153 2967 rationem
2191 2910 2525 2980 prmvalebis.

286 3000 374 3054 28.
411 3001 518 3053 Καὶ
551 3002 610 3054 τὸ
636 3002 834 3072 κράτος
862 3003 1040 3056 αυτῶν
1075 3001 1381 3073 συντρίψεις
1414 3003 1512 3075 (2).

1367 3020 1381 3065 :
1414 3003 1512 3075 (2).
1955 3002 2046 3056 28.
2083 3000 2149 3056 Et
2189 3016 2379 3056 eorum
2413 3001 2707 3072 potentiam
2737 3009 3003 3055 conteres.

287 3091 374 3145 2‘).
409 3093 530 3145 Ὅτι
560 3095 658 3163 ἐμὲ
690 3094 879 3165 βοηθὸν
912 3094 1062 3146 ἔθετο
1087 3095 1142 3147 ἐν
1175 3095 1241 3164 τῇ
1270 3092 1465 3165 καρδίᾳ
1493 3091 1679 3149 αὑτοῦ.

1953 3093 2043 3147 29.
2087 3091 2357 3157 Quoniam
2388 3107 2472 3144 me
2505 3091 2805 3160 adjtttorem
2838 3093 3016 3160 posuit
3049 3091 3100 3145 in
3129 3090 3288 3146 corde
3325 3103 3443 3146 suc.

288 3182 377 3236 50.
405 3183 625 3248 Φυλάξω
659 3186 837 3252 αὑτὸν,
875 3187 955 3241 ὅτι
985 3185 1345 3241 πεπίστευκεν
1379 3187 1458 3252 είς
1494 3184 1614 3259 ἐμὲ.

1955 3186 2046 3243 56.
2090 3183 2406 3240 Custodiam
2432 3198 2579 3249 eum,
2608 3183 2868 3254 quoniam
2896 3184 3126 3239 credidit
3153 3185 3207 3238 in
3235 3199 3339 3240 me.

288 3273 374 3328 51.
407 3275 480 3330 Τὸ
509 3275 719 3348 θέλημα
751 3278 913 3332 αὐτοῦ
949 3282 1178 3349 ποιήσω.

1953 3278 2044 3332 51.
2075 3275 2418 3330 Voluntatem
2449 3276 2566 3345 ejus
2599 3274 2814 3330 faciam.

289 3368 356 3421 32
407 3369 603 3440 Βοηθὸς
626 3371 783 3423 αὑτοῦ
807 3372 996 3442 ἔσομαι
1019 3375 1073 3425 ἐν
1088 3374 1151 3443 τῇ
1171 3373 1349 3443 ἡμέρα
1364 3372 1461 3443 τῆς
1473 3369 1784 3438 ἀπολογίας.
1813 3368 1855 3426 C

1523 3369 1784 3438 πολογίας.
1813 3368 1855 3426 C
1957 3371 2046 3426 52.
2075 3370 2305 3437 Adjutor
2340 3368 2581 3438 ejus'ero
2614 3368 2666 3422 in
2697 3369 2782 3422 die
2811 3367 3159 3424 defensionis.

295 3460 381 3514 55.
416 3462 511 3514 Ἐκ
545 3464 641 3530 τῆς
686 3465 906 3517 αἰωνίου
938 3465 1209 3528 κολάσεως
1241 3464 1656 3535 λυτρωσάμενος
1689 3463 1786 3516 αύ-

1962 3465 2047 3520 55.
2080 3465 2121 3518 E
2157 3463 2424 3532 supplicio
2458 3471 2658 3516 aeterno
2703 3461 2939 3517 liberans
2972 3477 3096 3516 eum
3130 3461 3447 3518 transferam

217 3549 333 3610 τὸν,
375 3555 695 3622 μεταστήσω
731 3555 891 3605 αὑτὸν
927 3557 982 3605 ἐν
1013 3559 1078 3624 τῇ
1115 3555 1358 3624 βασιλείᾳ
1382 3571 1502 3624 μου.

959 3572 982 3605 ν
1013 3559 1078 3624 τῇ
1115 3555 1358 3624 βασιλείᾳ
1382 3571 1502 3624 μου.
1893 3574 2016 3614 eum
2047 3558 2099 3611 in
2126 3572 2352 3626 regnum
2396 3571 2595 3610 meum.

288 3641 378 3695 54.
410 3643 504 3706 Εἰς
533 3645 608 3715 (5)
655 3644 753 3709 τὰς
821 3646 1098 3708 αἰωνίους.
1131 3645 1465 3710 ἀναπαύσεις
1513 3645 1790 3715 εἰσαγάγω

1641 3645 1790 3715 γάγω
1963 3649 2054 3703 54.
2087 3650 2146 3701 In
2176 3657 2375 3702 aeterna
2402 3646 2683 3715 refrigeria
2705 3647 3044 3702 introducam
3076 3649 3277 3704 ipsum.

222 3731 407 3787 αὐτόν.

297 3825 386 3881 55.
416 3828 527 3898 Τὴν
556 3828 904 3884 άνταπόδοσίν
940 3847 1063 3900 μου.

1964 3826 2052 3882 55.
2083 3825 2513 3882 Retributionem
2540 3841 2737 3882 meam.

308 3947 375 3999 Ἦ
405 3948 736 4018 προκειμένη
772 3927 1048 4019 ξπιγραφὴ
1073 3947 1314 4018 περιέχει
1342 3947 1418 4018 (4)
1445 3963 1460 3978 ·
1498 3945 1743 4015 Ψαλμὸς
1769 3943 1949 4013 ᾠδῆς,
1988 3947 2075 4011 εὶς
2102 3945 2217 4014 τὴν
2241 3944 2470 4015 ἡμέραν
2509 3943 2616 4000 τοῦ
2643 3943 2966 4007 Σαϐϐάτου,
3000 3945 3134 4014 ὅπερ
3164 3940 3457 4012 ἑρμηνεύε-

224 4057 318 4094 ται
345 4040 434 4102 εις
466 4037 581 4105 τὴν
611 4037 989 4092 συντέλειαν.
1017 4037 1186 4090 Τοῦτο
1218 4038 1327 4108 γὰρ
1353 4039 1502 4110 δηλοῖ
1530 4039 1589 4092 τὸ
1617 4037 1939 4102 Σάϐϐατον,
1975 4036 2110 4108 ὅπερ
2139 4037 2569 4108 ἑρμηνευόμενον
2609 4034 2824 4104 λέγεται
2854 4033 3246 4098 κατάπαυσις.

301 4153 514 4209 Titulus
544 4150 867 4223 praepositus
901 4151 1178 4206 continet:
1211 4150 1461 4206 Psalmus
1490 4152 1707 4218 cantici,
1735 4154 1791 4205 in
1815 4151 1952 4205 diem
1982 4149 2227 4216 Sabbatt,
2265 4150 2412 4221 quod
2437 4151 2823 4221 interpretatur
2851 4150 2906 4203 in
2934 4146 3452 4203 consummationem.

229 4249 349 4309 Hoc
378 4251 522 4306 enim
560 4251 795 4308 declarat
823 4251 990 4307 dictio
1018 4249 1106 4302 illa
1141 4247 1431 4304 Sabbatum
1460 4249 1605 4318 quod
1645 4247 2032 4316 interpretatur
2066 4249 2291 4320 requies.

305 4371 358 4424 1.
389 4369 470 4422 Τά
498 4368 717 4438 κρυπτά
739 4367 838 4437 τῆς
863 4366 1089 4438 καρδίας
1103 4365 1366 4436 διηγεῖται
1387 4365 1462 4435 τῷ
1482 4365 1672 4436 Κυρίῳ
1700 4363 1795 4436 (5).
1833 4369 1876 4422 D

1527 4365 1672 4436 ,υρίῳ
1700 4363 1795 4436 (5).
1833 4369 1876 4422 D
1977 4368 2029 4422 Ι.
2059 4365 2389 4422 Abscondita
2418 4363 2601 4420 cordis
2629 4377 2886 4419 enarrare
2915 4361 3163 4417 Domino.

301 4463 357 4516 2.
388 4461 476 4513 ’Ev
507 4459 703 4532 μελέτῃ
732 4459 1027 4513 ἐπαίνουσά
1047 4456 1380 4529 [ἐπαίνεσίν]
1411 4474 1491 4510 σοι
1519 4457 1595 4528 (6)
1629 4473 1798 4527 προσ-

1477 4476 1491 4509 ι
1519 4457 1595 4528 (6)
1629 4473 1798 4527 προσ-
1975 4459 2028 4514 2.
2063 4457 2118 4513 lu
2150 4458 2504 4514 meditatione
2530 4457 2742 4513 laudem
2772 4455 2866 4509 tibi
2900 4453 3113 4509 aﬂ‘crre.

278 4555 303 4608 ἐ
347 4571 448 4610 ειν.

231 4571 274 4625 φ
393 4646 499 4699 Τοῦ
529 4643 831 4718 διηγεῖσθαι
862 4643 1110 4714 φανερῶς
1141 4643 1201 4696 τὸ
1228 4641 1343 4706 πῶς
1378 4640 1613 4712 ἠλεήθης
1646 4639 1742 4710 (7).

1703 4639 1742 4710 ).
1978 4639 2032 4692 5.
2067 4638 2147 4692 Ad
2181 4637 2637 4693 manifestandum
2669 4632 2944 4706 Quomodo
2975 4630 3229 4686 misertus
3259 4646 3333 4685 es.

305 4740 359 4794 4.
392 4740 502 4794 Καὶ
531 4739 672 4793 κατὰ
713 4737 789 4806 (8)
830 4737 1008 4807 πάσης
1046 4735 1320 4808 ἁμαρτίας
1348 4733 1676 4806 προσφέρειν
1705 4733 1804 4804 τὴν

1981 4731 2034 4784 4.
2083 4729 2148 4784 Et
2182 4728 2250 4784 ad
2301 4727 2679 4798 proferendam
2728 4734 2918 4780 contra
2975 4737 3133 4778 omne
3187 4729 3462 4792 peccatum

235 4833 497 4904 ἀλήθειαν
522 4832 630 4885 τῶν
657 4831 1091 4904 προσταγμάτων
1118 4847 1232 4883 σου.

1903 4823 2186 4877 veritatem
2226 4831 2618 4890 praeceptorum
2650 4825 2893 4872 tuorum.

312 4926 363 4981 5.
403 4926 492 4980 ‘Ev
518 4928 640 4988 ταῖς
661 4925 792 4978 δέκα
817 4923 1056 4988 ἐντολαῖς
1081 4920 1361 4993 νεκρὼσας
1393 4919 1454 4973 τὸ
1477 4918 1634 4990 σῶμα
1662 4919 1719 4971 ἐν
1741 4920 1809 4989 τῇ

1979 4914 2030 4968 5.
2063 4913 2118 4968 ln
2148 4913 2330 4968 decem
2356 4911 2642 4982 praeceptis
2675 4907 2998 4963 mortiﬁcato
3028 4920 3253 4976 corpore
3274 4919 3467 4961 canere

236 5017 450 5088 διανοίᾳ
484 5019 541 5070 ἐν
570 5017 804 5087 ψαλμοῖς
829 5014 973 5086 ᾅδειν
999 5013 1077 5085 τῷ
1111 5013 1300 5084 Κυρίῳ
1332 5012 1432 5080 (9).

999 5013 1077 5085 τῷ
1111 5013 1300 5084 Κυρίῳ
1332 5012 1432 5080 (9).
1908 5016 2088 5061 mente
2115 5005 2352 5075 psalmos
2385 5002 2632 5057 Domino.

309 5110 361 5164 6.
388 5110 499 5180 Τὴν
529 5107 752 5182 καρδίαν
788 5124 886 5178 μου
921 5106 1008 5160 διὰ
1028 5104 1134 5158 τῶν
1163 5103 1389 5157 ἐντολῶν
1426 5119 1542 5154 σου.

1273 5103 1389 5155 »λῶν
1426 5119 1542 5154 σου.
1985 5097 2038 5151 6.
2070 5095 2179 5152 Cor
2204 5111 2385 5150 meum
2415 5094 2468 5147 in
2494 5091 2764 5148 mandatis
2785 5092 2909 5145 tuis.

1148 5235 1450 5299 Addenda
1487 5239 1548 5294 et
1583 5229 1956 5310 corrigenda
2009 5247 2087 5292 ex
2117 5229 2256 5291 cod.
2292 5226 2486 5289 Vatic.

315 5369 394 5440 (l)
447 5364 870 5440 Ἐνθυμηθέντος
923 5381 1014 5416 σου
1071 5361 1228 5432 ἔργον
1256 5402 1275 5440 ,_
1354 5356 1653 5427 ἐνθύμησις
1709 5353 1811 5424 τῆς
1914 5351 2291 5440 μένρςέξοῦτο
2316 5352 2723 5440 γάρτςοιοῖῃμ
2750 5416 3043 5440 ,ψ’-’-ΔΜ
3075 5416 3147 5440 ,μ’
3184 5414 3293 5440 ΔΑ

243 5414 1423 5509 ινὲῥίτεεοῖξ’έοῖ’έιᾶεᾴᾖουὲύναάτὶποᾶττει.
1488 5414 1500 5427 ’
1550 5414 1560 5425 ’
1632 5414 1646 5417 -
1767 5414 1804 5424 μ
1914 5414 1928 5425 ’
2201 5414 2344 5509 κατά
2370 5414 2470 5509 τῆς
2499 5416 3152 5509 καρδίαᾷςδιηγεῖσθαιτῷ
3184 5414 3323 5488 Θεῷ.

318 5491 396 5578 (si
425 5491 596 5560 Αὑτοῦ
636 5505 934 5629 συνὲρίψει.

318 5581 394 5629 15)
421 5577 485 5629 Ν.
518 5576 607 5629 52.
633 5576 702 5629 55
785 5575 836 5629 4.
874 5575 990 5629 Εἰς.
1027 5581 1159 5629 etc..
1196 5571 1389 5629 ἀγάγω
1429 5567 1611 5629 αὐτόν,
1644 5563 1814 5619 addu-

1983 5495 2059 5564 (6)
2097 5494 2183 5545 ‘Ev
2218 5492 2356 5546 ἐλέει
2387 5491 2640 5555 ἐπαίνους
2675 5506 2777 5556 σοι,
2807 5501 2909 5546 etc.

1273 5571 1389 5629 άγω
1429 5567 1611 5629 αὐτόν,
1644 5563 1814 5619 addu-
1983 5565 2062 5629 (7)
2103 5563 2390 5629 Ἠλεήθην.

317 5563 485 5650 (sin.
518 5576 607 5640 se,
633 5576 702 5629 δε
748 5563 850 5630 34.’
874 5575 990 5638 Εἰς.
1027 5581 1159 5638 etc.,
1196 5571 1389 5640 ἀγάγω
1429 5567 1611 5630 αὐτόν,
1644 5563 1814 5619 addu-

753 5563 850 5630 54]
874 5575 990 5638 Εἰς.
1027 5581 1159 5638 etc.,
1196 5571 1389 5640 ἀγάγω
1429 5567 1611 5630 αὐτόν,
1644 5563 1814 5619 addu-
2100 5563 2389 5650 ξῌλεῄθην.

245 5629 607 5716 ταδ’ἰρευίηιί
827 5629 831 5630 ί
952 5629 989 5638 ’ὴ
1143 5629 1157 5638 ’
1245 5629 1256 5640 ’
1321 5629 1332 5638 ”
1599 5629 1603 5630 ί
1739 5703 1751 5718 '

319 5721 394 5776 (4)
438 5719 500 5770 'H
529 5714 615 5768 διὰ
654 5713 753 5776 τῆς
790 5714 1157 5776 κινναϐάρεως
1186 5729 1333 5776 περ,
1372 5707 1816 5776 ειοηέρμηνευε-

1143 5629 1157 5638 ’
1245 5629 1256 5640 ’
1321 5629 1332 5638 ’
1599 5629 1603 5630 ν
1987 5629 2064 5776 (8)
2100 5629 2277 5700 Κατὰ,
2313 5629 2444 5703 etc.,
2478 5631 2633 5690 deest
2652 5629 2773 5685 καί.

1137 5731 1157 5776 ς
1186 5729 1333 5776 περ,
1372 5718 1502 5769 etc..
1523 5703 1816 5776 ἐρμηνεύε-
2012 5706 2066 5776 9)
2097 5705 2233 5775 Θεῳ.

319 5721 394 5786 (4)
432 5705 500 5770 ’Ἡ
529 5714 615 5768 διὰ
654 5713 753 5786 τῆς
790 5714 1157 5785 κινναϐάρεως
1186 5729 1333 5786 περ,
1372 5705 1816 5786 οιο.,ἐρμηνεύε-
1993 5705 2066 5776 (9)
2097 5705 2233 5775 Θεῳ,

249 5809 278 5843 τ
303 5778 359 5845 tt.
376 5778 617 5855 ’Ψαλμὸς
642 5778 741 5854 τῆς
771 5786 913 5855 ᾠδῆς
934 5778 1133 5853 εἰς’τὴν
1162 5778 1465 5835 συντέλειάν
1492 5781 1637 5830 ἐστιν
1664 5778 1807 5846 εἰρη-
