4142 6474
739 393 869 449 1051
1613 397 1667 451 S.
1715 397 2079 453 ATHANASII
2123 400 2270 456 OPP.
2315 403 2375 456 P.-‘

2345 404 2496 458 ’.ωε
2537 405 2622 461 ΙΙΙ.
2664 436 2732 446 -
2774 405 3181 462 EXEGETICA.
3840 408 3981 466 i052.

803 512 854 564 9.
884 511 925 562 Α
956 512 1177 566 vocibus
1211 529 1471 581 aquarum
1509 517 1830 572 multarum.
2325 532 2371 585 Α

1763 536 1830 572 ιη.
2325 532 2371 585 Α
2473 527 2524 581 9.
2569 528 2698 580 Ἀπὸ
2720 528 2913 598 φωνῶν
2941 529 3147 581 ὑδάτων
3177 529 3399 580 πολλῶν.

806 605 892 658 10.
931 605 1202 662 Μίτειὺίιες
1231 607 1495 661 elationes
1525 610 1724 664 maris:

2474 621 2555 675 10.
2590 622 2904 692 Θαυμαστοὶ
2932 624 2980 674 οί
3011 621 3373 692 μετεωρισμοὶ
3406 621 3505 690 τῆς
3533 622 3814 693 Θαλάσσης
3841 639 3853 652 ⁸

800 697 885 750 11.
922 697 1184 754 Mirabilis
1221 701 1274 755 in
1307 703 1429 756 altis
1461 702 1740 758 Dominus.

2474 712 2557 765 11.
2590 713 2915 783 Θαυμαστὸς
2940 715 2997 765 ἐν
3026 713 3242 783 ὑψηλοῖς
3272 714 3298 764 ὁ
3335 712 3553 784 Κύριος.

805 789 892 843 12.
937 788 1266 846 Testimonia
1307 804 1396 848 tua
1438 797 1709 849 credibilia
1750 795 1887 850 facta
1920 807 2043 850 sunt
2083 799 2288 854 nimis:

2155 801 2248 853 nis
2277 820 2288 854 :
2473 803 2558 856 12.
2594 803 2675 854 Τά
2709 803 2984 874 μαρτύριά
3017 820 3108 856 σου
3142 803 3514 874 ἐπιστώθησαν
3548 805 3755 874 σφόδρα
3778 822 3791 834 ·

800 882 885 935 15.
920 881 1150 936 Domum
1189 893 1332 938 tuam
1383 887 1534 940 decet
1579 887 1909 954 sanctitudo,
1953 888 2196 956 Domine,
2241 891 2292 945 iu

2466 897 2551 950 15.
2589 897 2677 967 Τῷ
2703 899 2834 967 οἴκῳ
2868 915 2959 950 σου
2984 897 3181 968 πρέπει
3215 898 3479 966 ἀγίασμα,
3505 896 3698 966 Κύριε,
3753 897 3837 958 είς
3885 916 3981 965 μα-

727 968 1118 1040 longitudinem
1157 975 1389 1030 dierum.

1278 992 1389 1030 um.
2399 987 2636 1059 κρότητα
2668 989 2909 1058 ἡμερῶν.

799 1082 1045 1137 Psalmus
1087 1085 1253 1139 David
1276 1099 1468 1157 quarta
1494 1087 1734 1142 Sabbati.
1766 1088 1962 1143 PSJL.
2003 1089 2222 1144 XCIII.

2156 1089 2222 1144 ’l.
2579 1079 2824 1148 Ψαλμὸς
2865 1078 2942 1144 τῷ
3191 1077 3420 1215 τὶηρνάδι
3465 1076 3792 1131 Σαϐϐάτου.

799 1239 848 1291 1.
883 1238 1019 1293 Deus
1045 1241 1310 1294 ultionum
1341 1242 1620 1307 Dominus,
1650 1244 1790 1299 Deus
1821 1245 2089 1298 ultiouum
2124 1245 2292 1298 libere

2470 1241 2518 1292 1.
2557 1240 2687 1304 Θεὸς
2717 1241 3046 1311 ἐκδικήσεων
3091 1240 3293 1311 Κύριος
3315 1281 3329 1304 ,
3359 1239 3490 1303 Θεὸς
3526 1241 3604 1310 (a)
3634 1241 3974 1312 ἐκδικήσεων

729 1328 858 1396 egit.

2395 1330 2860 1402 ἐπαρρησιάσατο.

796 1421 849 1471 2.
888 1419 1157 1480 Exaltare,
1189 1423 1277 1488 qui
1317 1423 1522 1490 iudicas
1549 1436 1748 1477 terram
1783 1443 1794 1476 :

1783 1443 1794 1476 :
2466 1421 2518 1473 2.
2564 1420 2851 1491 Ὑψώοητι,
2878 1424 2905 1474 ὁ
2932 1422 3128 1491 κρίνων
3155 1423 3251 1491 τὴν
3279 1423 3380 1491 γῆν
3400 1439 3412 1452 ·

795 1510 849 1564 5.
885 1510 1067 1563 liedde
1098 1515 1504 1568 retributionem
1541 1517 1809 1581 superbis.

2468 1511 2519 1564 5.
2567 1511 2786 1572 Ἀπόδος
2812 1511 3162 1563 ἀνταπόδοσιν
3193 1515 3302 1574 τοῖς
3329 1511 3719 1582 ὑπερηφανοις.

791 1603 845 1655 4.
887 1601 1179 1672 Usqin-quo
1221 1617 1552 1674 peccatores,
1583 1606 1852 1658 Domine?

1831 1606 1852 1655 ’ξ
2468 1597 2518 1649 4.
2555 1599 2700 1660 Ἕως
2734 1598 2861 1650 πότε
2897 1599 3230 1669 ἁμαρτωλοὶ,
3264 1601 3462 1671 Κύριες

798 1692 851 1744 5.
895 1690 1186 1762 Usquequo
1220 1712 1251 1763 p
1287 1707 1526 1751 cratores
1557 1697 1969 1765 gloriabuntur?
2185 1729 2188 1734 ι

2185 1729 2188 1734 .
2465 1687 2516 1740 5.
2549 1688 2693 1749 Ἕως
2732 1687 2861 1739 πότε
2893 1689 3206 1758 ἁμαρτωλοὶ
3249 1691 3645 1759 καυχήσονται;

794 1783 846 1836 6.
888 1783 1202 1839 lilftbitntur
1232 1799 1283 1840 et
1314 1790 1600 1857 loquentur
1628 1789 1965 1856 iniquitatem

2463 1779 2514 1832 6.
2547 1779 2872 1847 Φθέγξονται
2901 1781 2991 1832 κα)⁹
3021 1781 3338 1850 λαλήσουσιν
3371 1781 3580 1834 ἀδικίαν
3605 1799 3617 1847 ;

790 1872 844 1928 7.
883 1872 1199 1943 Loquentur
1231 1893 1438 1942 omnes,
1481 1880 1572 1948 qui
1607 1890 1903 1948 Operantur
1944 1879 2280 1946 injustitiam.
2322 1869 2362 1925 Β

2330 1869 2362 1925 Β
2469 1876 2520 1929 7.
2557 1877 2861 1945 Λαλήσουσι
2893 1877 3092 1939 πάντες
3123 1877 3169 1928 οί
3204 1876 3557 1945 ἐργαζόμενοι
3589 1876 3690 1946 τὴν
3716 1893 3966 1947 ανομιαν.

791 1964 848 2018 8.
887 1964 1146 2034 Populum
1186 1979 1357 2032 tuum,
1396 1971 1641 2034 Domine.
1681 1973 2140 2027 humiliavermtt:

1993 1982 2102 2027 'uut
2128 1992 2140 2027 :
2463 1967 2515 2020 8.
2554 1967 2656 2019 Τὸν
2695 1968 2820 2020 λαόν
2851 1985 2964 2031 σου,
2996 1967 3189 2039 Κύριε,
3227 1967 3590 2019 ἐταπείνωσαν
3617 1983 3629 1995 ·

788 2054 842 2108 9.
880 2054 941 2108 Et
975 2057 1333 2114 haereditate":
1365 2071 1508 2114 tuam
1540 2072 1884 2117 vexavi-runt.

2462 2065 2512 2118 9.
2549 2064 2655 2114 Καὶ
2686 2062 2782 2133 τὴν
2819 2063 3181 2133 κληρονομίαν
3213 2079 3305 2114 σου
3336 2062 3641 2116 ἐκάκωσαν.

795 2144 881 2198 10.
917 2147 1169 2215 Viduam,
1203 2161 1255 2203 et
1289 2154 1544 2220 pupillum
1578 2155 1958 2208 interfecerunt
1988 2173 2001 2207 :

1912 2163 1958 2207 nt
1988 2173 2001 2207 :
2469 2154 2552 2206 10.
2587 2156 2774 2224 Χήραν
2803 2155 2897 2208 καὶ
2931 2155 3162 2224 ὀρφανὸν
3191 2154 3514 2208 ἀπέκτειναν
3536 2171 3548 2183 ·

794 2280 866 2351 (a)
899 2278 1052 2336 Vers.
1089 2282 1143 2336 2.
1183 2283 1238 2336 Ὀ
1269 2284 1418 2350 Θεὸς,
1446 2295 1548 2339 ctc.

1833 2393 2206 2449 ATHANASII
2247 2393 2835 2449 INTERPRETATIO.

795 2547 847 2600 9.
883 2547 926 2598 Α
968 2548 1215 2602 doctrina
1262 2547 1425 2618 hujus
1460 2549 1666 2617 mundi,
1700 2551 1904 2605 scilicet
1947 2568 1976 2605 a
2022 2548 2285 2621 sapientia

2461 2549 2512 2602 9.
2567 2548 2698 2600 Ἀπὸ
2731 2548 2827 2616 τῆς
2859 2547 3080 2617 διδαχῆς
3125 2550 3223 2618 τῆς
3254 2549 3310 2602 ἐν
3338 2547 3414 2618 τῷ
3461 2548 3686 2618 κόσμῳ,
3726 2549 3967 2603 τουτέστι

716 2637 1014 2692 mundana.

2386 2640 2485 2712 τῆς
2518 2641 2705 2708 σοφίας
2727 2640 2825 2708 τῆς
2852 2641 2908 2691 ἐν
2937 2638 3013 2707 τῷ
3047 2639 3251 2709 κόσμῳ.

790 2729 872 2782 10.
905 2729 1199 2785 Glorilicati
1239 2733 1411 2786 sancti
1455 2733 1506 2785 in
1537 2733 1760 2787 mundo.

2465 2734 2545 2788 10.
2579 2732 2962 2803 Δεδοξασμένοι
2987 2735 3034 2785 οἱ
3059 2735 3202 2801 ἆγιοι
3231 2733 3287 2786 ἐν
3320 2732 3394 2803 τῷ
3416 2733 3605 2804 κόσμῳ

793 2821 875 2874 11.
917 2821 1262 2876 Glorilicatus
1295 2824 1347 2876 iu
1383 2825 1583 2879 sanctis
1621 2824 1900 2880 Dominus.

2465 2825 2545 2876 11.
2581 2825 2969 2893 Δεδοξασμένος
2991 2827 3048 2876 ἐν
3074 2829 3184 2886 τοῖς
3209 2825 3381 2891 ἁγίοις
3405 2827 3432 2877 ὁ
3457 2824 3678 2895 Κύριος.

787 2912 868 2964 t2.
905 2912 1192 2969 Passiones
1231 2924 1333 2968 tua:
1373 2917 1591 2969 credita:
1615 2927 1741 2969 sunt
1770 2917 1821 2969 in
1859 2917 2080 2970 mundo.

2463 2915 2546 2966 l2.
2579 2916 2658 2967 Τὰ
2693 2915 2990 2984 παθήματά
3013 2932 3103 2966 σου
3139 2915 3533 2986 ἐπιστεύθησαν
3557 2918 3614 2968 ἐν
3648 2916 3728 2986 τῷ
3753 2918 3956 2987 κόσμῳ.

786 3002 870 3055 15.
920 3003 1183 3073 Populum
1235 3015 1386 3059 tuum
1435 3007 1588 3059 decet
1635 3007 1806 3074 gratia
1852 3015 1941 3058 tua
1978 3007 2028 3058 in
2074 3005 2279 3058 infinita

2459 3004 2541 3055 15.
2571 3003 2658 3072 Τῷ
2690 3003 2800 3073 λαῷ
2833 3021 2923 3056 σου
2966 3004 3160 3074 πρέπει
3200 3007 3231 3074 ἡ
3266 3005 3423 3076 χάρις
3473 3023 3566 3058 σου
3610 3008 3691 3069 εἰς
3715 3007 3848 3069 τοὺς
3887 3006 3954 3074 (1)

712 3093 932 3146 sarcula.

2389 3094 2775 3163 ἀτελευτήτους
2802 3095 3021 3157 αἰῶνας.

793 3188 857 3238 Ἦ
887 3187 1217 3258 προκειμένη
1250 3189 1525 3258 ἐπιγραφὴ
1551 3189 1791 3258 περιέχει
1817 3189 1891 3256 (2)
1917 3207 1930 3220 ο
1971 3191 2213 3256 Ψαλμίςς
2243 3188 2319 3252 τῷ
2345 3187 2522 3240 Δαϐὶδ
2553 3187 2782 3253 τετράδι
2813 3188 3113 3242 Σαϐεὰτου
3138 3205 3150 3218 ·
3197 3191 3272 3254 ὡς
3307 3192 3564 3256 πολλάκις
3615 3195 3918 3265 εἰρήκαμεν
3942 3211 3954 3222 ·

717 3283 964 3349 Ψα.1μὸς
996 3282 1094 3354 [τῷ
1117 3285 1310 3350 Δαϐιὶδ,
1353 3285 1616 3354 τουτέστι]
1646 3283 1722 3348 τῷ
1749 3285 1929 3350 ἱκανῷ
1963 3285 2036 3352 τῇ
2061 3287 2228 3354 χειρὶ,
2257 3286 2502 3338 τουτέστι
2528 3283 2604 3351 τῷ
2630 3283 2739 3351 Υἱῷ
2771 3284 2862 3335 τοῦ
2886 3284 3040 3337 Θεοῦ.
3068 3283 3196 3337 Εἶτα
3228 3287 3457 3355 τετράδι
3480 3288 3810 3352 Σαϐϐάτσυ,
3829 3293 3957 3360 ὅπερ

712 3379 880 3450 δηλοῖ,
916 3380 996 3431 ὅτι
1032 3380 1159 3450 περὶ
1187 3381 1446 3449 νηστειῶν
1468 3383 1560 3433 καὶ
1594 3382 1915 3451 ἐγκρατείας
1960 3381 2108 3449 δηλοῖ
2141 3383 2168 3431 ὁ
2218 3379 2430 3449 ψαλμός
2450 3395 2463 3408 ·
2494 3377 2662 3438 οὕτως
2681 3374 2788 3446 γὰρ
2813 3375 2884 3444 (5)
2913 3375 3031 3439 ἔθος
3070 3376 3212 3446 ἐχειν
3244 3377 3340 3447 τὴν
3373 3379 3627 3448 τετράδα.
3667 3382 3777 3434 Τοῦ
3805 3384 3861 3436 δὲ
3887 3380 3955 3450 (4)

713 3474 1014 3526 Σαϐϐάτου
1049 3473 1318 3541 σημαίνει,
1354 3474 1433 3525 ὅτι
1472 3475 1563 3524 καὶ
1588 3474 1714 3542 περ).
1747 3472 1846 3541 τῆς
1883 3472 2179 3542 μελλούσης
2209 3473 2441 3543 κρίσεως
2474 3471 2502 3522 ὁ
2523 3466 2733 3537 ψαλμδς
2760 3467 2973 3538 εἴρηται
3001 3468 3098 3538 (ὕ).
3124 3469 3477 3532 Κατὰπαυσις
3509 3471 3616 3542 γὰρ
3647 3473 3708 3526 τὸ
3745 3475 3955 3529 Σάὁὸαο

711 3585 802 3621 τον
834 3567 1064 3635 εἴρηται.

786 3655 1004 3708 Titulus
1043 3651 1364 3720 pra-positus
1391 3650 1629 3703 continet
1659 3665 1672 3712 ;
1709 3648 1954 3702 Psalmus
1992 3649 2159 3702 David
2185 3661 2379 3718 quarta
2411 3648 2661 3702 Subbati:
2688 3661 2746 3704 ut
2776 3652 2974 3719 sazpius
3005 3652 3244 3706 diximus
3271 3670 3285 3706 :
3317 3651 3566 3708 Psalmis
3615 3655 3810 3724 David,
3856 3663 3956 3718 hoc

714 3758 816 3805 est.
855 3766 1011 3800 manu
1036 3747 1188 3816 forti,
1218 3761 1407 3814 nempe
1449 3744 1540 3797 Dei
1575 3743 1730 3796 Filio.
1775 3743 1975 3798 Deinde
1999 3757 2188 3814 quarta
2231 3745 2470 3805 Sabbati.
2505 3745 2647 3812 quod
2693 3746 2982 3815 signiﬁcat,
3023 3749 3292 3816 psalmum
3323 3764 3481 3819 agere
3505 3751 3570 3805 de
3622 3753 3872 3824 jejuniis,
3905 3771 3956 3813 et

714 3842 1076 3901 continentia;
1134 3840 1203 3890 ita
1247 3838 1388 3888 enim
1445 3851 1560 3888 mos
1603 3847 1685 3888 est
1727 3835 1968 3903 accipere
2036 3852 2320 3890 numerum
2374 3836 2804 3906 quaternatium.
2852 3835 3025 3892 Dictio
3070 3850 3248 3894 autem
3312 3841 3400 3894 illa
3439 3839 3662 3896 Sabbali
3715 3847 3948 3912 indicat,

715 3936 856 4004 quod
890 3934 1050 3984 etiam
1091 3932 1154 3983 de
1188 3929 1366 3983 futuro
1408 3929 1612 3997 judicio
1647 3928 1883 3998 psalmus
1923 3930 2101 3983 dictus
2129 3939 2229 3983 est.
2273 3931 2565 3984 Sabbatum
2606 3929 2751 3984 enim
2789 3932 3002 3999 requies
3033 3932 3413 4001 interpretatur

787 4028 838 4080 1.
894 4023 1211 4091 Unigenitus
1266 4021 1354 4076 Dei
1407 4021 1593 4080 Filius.
1646 4023 1861 4091 quando
1911 4024 2058 4077 visus
2097 4032 2179 4076 est
2230 4024 2279 4077 in
2310 4031 2350 4086 C

2313 4031 2350 4086 α
2456 4025 2505 4077 1.
2550 4027 2608 4077 Ὀ
2647 4025 2937 4095 μονογενὴς
2955 4025 3080 4089 Υἱὸς
3106 4025 3196 4078 τοῦ
3221 4026 3376 4091 θεοῦ,
3401 4028 3487 4080 ὅτε
3514 4026 3589 4098 (6)
3615 4029 3722 4100 ἐπὶ,
3739 4032 3835 4103 τῆς
3852 4034 3949 4103 γῆς

716 4128 878 4180 terra,
901 4127 953 4170 et
988 4131 1108 4168 cum
1141 4113 1446 4166 hominibus
1477 4123 1826 4167 conversatus
1864 4124 1946 4167 est
1971 4115 2036 4177 “,
2075 4114 2286 4168 dicebat

2381 4115 2534 4188 ὤφθη
2567 4120 2657 4171 κα).
2687 4121 2798 4182 τοῖς
2821 4117 3128 4190 ἀνθρώποις
3157 4119 3583 4191 συνανεστράφη,
3630 4121 3816 4191 ἔλεγεν
3843 4128 3948 4189 τοῖς

713 4208 1021 4262 Jud.eorum
1065 4205 1429 4258 sacerdotibus
1456 4222 1467 4256 :
1498 4201 1609 4272 Ego
1640 4203 1818 4272 palam
1849 4204 2051 4257 locutus
2080 4221 2194 4258 sum
2223 4205 2278 4257 in

2381 4209 2489 4261 τῶν
2535 4210 2800 4263 Ἰουδαίων
2847 4209 3222 4282 ἀρχιερεῦσιν·
3283 4211 3423 4280 Ἐγὼ
3465 4215 3774 4282 ,παρρησίᾳ
3818 4217 3948 4272 ἐλά-

716 4301 907 4368 tcmplo
937 4300 1000 4345 ⁸⁸.

2379 4302 2546 4368 intra
2571 4301 2640 4352 ἐν
2663 4299 2739 4364 τῷ
2782 4301 2933 4368 ἱερῷ.

784 4392 836 4445 2.
873 4389 1203 4450 Glorilirarr,
1231 4387 1331 4441 Fili
1362 4387 1476 4443 Dei.

2450 4391 2504 4444 2.
2541 4390 2856 4460 Δοξάσθητι,
2893 4393 2920 4443 ὁ
2956 4391 3080 4454 Υἱὸς
3110 4391 3202 4444 τοῦ
3237 4391 3392 4447 Θεοῦ.

784 4487 836 4539 5.
873 4486 928 4536 In
970 4482 1055 4535 die
1085 4482 1296 4550 judicii.

2453 4481 2506 4536 5.
2556 4481 2641 4533 Ἐν
2671 4484 2736 4550 τῇ
2771 4481 2950 4553 ἡμέρα
2974 4482 3072 4551 τῆς
3101 4483 3350 4553 κρίσεως.

785 4577 837 4629 4.
881 4575 1287 4628 Deliciabuutur
1321 4573 1371 4625 in
1402 4571 1642 4625 mundo?

1621 4573 1642 4622 ἲ
2452 4574 2504 4627 4.
2553 4574 2887 4646 Ἐντρυφῶσι
2910 4573 2986 4644 τῷ
3016 4574 3202 4644 κόσμῳ
3230 4591 3243 4639 ;

785 4670 837 4722 5.
883 4669 934 4722 In
966 4668 1244 4735 iactantia.
1283 4677 1335 4720 ct
1364 4666 1566 4734 rapinis
1593 4666 1727 4720 suis.

2451 4665 2504 4719 5.
2547 4667 2668 4717 Ἐπὶ
2700 4669 2762 4735 τῇ
2789 4665 3074 4736 ἀλαζονείᾳ
3106 4665 3200 4719 καὶ
3227 4667 3444 4739 ἁρπαγῇ
3487 4668 3687 4724 αὐτῶν.

787 4761 838 4814 6.
871 4760 1070 4812 Contra
1106 4769 1174 4822 te,
1222 4756 1464 4811 Domine.

2448 4753 2501 4806 6.
2537 4753 2693 4806 Κατὰ
2733 4754 2846 4817 σοῦ,
2879 4753 3048 4824 Κύριε
3083 4754 3179 4820 (7).

787 4851 836 4904 7.
871 4850 1257 4904 Glorialmntur
1291 4851 1341 4902 iu
1376 4849 1656 4915 jactantiis
1698 4847 1832 4902 suis.

2447 4843 2498 4898 7.
2535 4847 2908 4915 Καυχήσονται
2939 4847 2996 4897 ἐν
3023 4848 3142 4908 ταῖς
3172 4846 3506 4912 ἀλαζονείαις
3531 4849 3733 4905 αὐτῶν.

787 4942 839 4993 8.
873 4941 1160 4995 Credentes
1202 4941 1253 4993 in
1289 4953 1337 4994 te
1367 4939 1697 4993 occiderunt.

2454 4935 2507 4989 8.
2545 4937 2683 5000 Τοὺς
2711 4937 3058 5002 πιστεύοντας
3087 4940 3164 5000 είς
3192 4939 3249 4990 σε
3271 4939 3613 4995 ἀπέκτειναν.

787 5035 838 5086 9.
877 5033 1103 5086 Sam-tos
1135 5043 1251 5085 tuos
1284 5033 1334 5084 in
1374 5033 1683 5086 carceribus
1710 5029 2108 5084 concluscrunt.

2454 5029 2507 5081 9.
2541 5028 2679 5090 Τοὺς
2714 5029 2898 5096 ἁγίους
2932 5047 3023 5082 σου
3055 5033 3112 5083 ἐν
3137 5029 3400 5098 φυλακαῖς
3433 5032 3809 5089 κατέκλεισαν.

788 5125 874 5178 10.
914 5125 1118 5194 ligcnos
1157 5124 1338 5194 populi
1375 5124 1472 5177 tui.

2458 5121 2542 5176 10.
2581 5122 2716 5184 Τοὺς
2749 5123 2992 5192 πτωχοὺς
3025 5123 3118 5176 τοῦ
3145 5123 3271 5176 λαοῦ
3305 5140 3415 5177 σου.

716 5334 741 5388 J
785 5264 832 5296 ιδ
868 5264 1075 5317 Daruch
1103 5279 1216 5387 2161,
1264 5261 1355 5318 58.
1463 5264 1504 5295 ¹¹
1541 5263 1651 5333 Ego
1698 5262 1876 5332 palam
1911 5262 2115 5315 locutus
2152 5277 2268 5316 sum
2303 5260 2498 5314 mundo
2525 5276 2544 5313 :
2585 5277 2677 5329 ego
2709 5277 2911 5328 semper
2942 5261 3100 5315 docui
3145 5263 3198 5315 in
3233 5271 3604 5330 synagoga,.el
3636 5263 3694 5314 in
3738 5263 3934 5331 templo.

749 5351 871 5388 oau.
911 5351 1062 5388 xvut.
1182 5376 1194 5388 .

749 5351 871 5390 oau.
911 5351 1062 5397 xvut,
1103 5351 1194 5388 zu.

1663 5428 1969 5490 Addenda
1995 5433 2055 5488 et
2079 5423 2452 5504 corrigenda
2487 5441 2564 5486 ex
2594 5422 2728 5484 cod.
2763 5423 2956 5484 Vatic.

794 5551 864 5616 (1)
899 5553 945 5603 Ν
1006 5555 1085 5605 11.
1123 5556 1214 5618 Εἰς
1237 5554 1380 5616 τούς,
1409 5563 1512 5608 etc.
2311 5559 2355 5615 D

1504 5593 1512 5606 .
2311 5559 2355 5615 D
2457 5553 2530 5614 (5)
2574 5553 2628 5603 Ὀ
2657 5550 2868 5620 ψαλμὸς
2905 5549 3140 5620 εἴρηκεν.

791 5609 862 5694 ig)
906 5624 964 5674 'll
993 5624 1076 5676 διὰ
1108 5609 1210 5692 τῆξ
1232 5625 1594 5694 κινναϐάρεως
1628 5644 1747 5694 περ.

2311 5609 2334 5615 “
2459 5609 2532 5694 (6)
2566 5623 2628 5674 Ν.
2661 5609 2713 5674 2.
2755 5609 2902 5694 Ἴσκε.
2958 5609 3071 5694 rte.
3125 5619 3314 5694 ξΕλεγε
3366 5619 3474 5692 γὰρ
3520 5624 3632 5684 τοῖς
3673 5637 3727 5677 τ.
3794 5620 3848 5678 Ἰ.
3875 5618 3935 5680 ic-

900 5693 1067 5765 Τοῦτο
1102 5689 1226 5764 γάρ,
1261 5707 1365 5750 etc.
1464 5689 1472 5694 ’
1701 5689 1710 5694 ⁷
2392 5711 2420 5765 ρ

2392 5693 2592 5765 ρεὺσιν,
2630 5703 2732 5765 rtc.
2765 5690 2826 5744 Ν.
2857 5693 2906 5743 5.
2929 5689 3259 5765 _Ao_.§i:0~qtt,
3285 5702 3387 5744 etc.

788 5761 863 5831 (1)
892 5762 960 5814 Δέ
986 5765 1150 5818 deest.
1183 5761 1189 5764 ”
2393 5761 2401 5765 ⁷

2393 5761 2401 5765 ⁷
2468 5763 2534 5833 i7)
2567 5763 2757 5831 Κύριε.
2789 5777 2891 5814 non
2929 5762 3117 5829 legitur
