4142 6474
176 428 326 487 1053
1111 432 1201 486 DE
1246 431 1520 489 TlTULlS
1558 428 1812 486 PSALMC

1779 428 2004 485 .OBUM.
2037 459 2106 468 —
2138 428 2332 483 PSAL.
2374 425 2555 483 XCIII.
3278 422 3415 477 1054

259 550 348 605 11.
372 554 481 606 Kal.
514 554 846 625 προσήλυτον
875 556 1189 625 ἐφόνευσαν.
1782 561 1826 615 Α

1120 574 1189 609 ιν.
1782 561 1826 615 Α
1926 555 2012 607 11.
2043 551 2107 606 Et
2136 554 2395 606 advenam
2423 550 2756 606 occiderunt.

254 645 345 699 12.
382 647 491 699 Καὶ
525 643 675 699 εἷπον
699 664 714 679 ο
748 648 861 701 Οὐκ
892 648 1082 717 ὄψεται
1109 648 1312 720 Κύριος
1338 666 1351 679 ο

1925 645 2011 699 12.
2053 645 2115 698 Ει
2143 644 2394 699 dixerunt
2420 661 2432 698 :
2464 641 2581 697 Non
2607 642 2810 697 videbit
2832 636 3095 699 Dominus
3119 657 3135 697 :

259 735 351 790 15.
382 737 515 791 Οὐδὲ
540 739 759 810 συνήσει
783 739 811 791 ὁ
837 738 967 803 Θεὸς
993 738 1086 792 τοῦ
1129 738 1341 792 Ἰακώϐ.

1250 738 1341 791 ώὸ.
1929 736 2013 791 13.
2032 734 2215 803 Neque
2256 736 2512 805 intelliget
2536 733 2677 788 Deus
2701 732 2886 787 Jacob.

256 827 346 881 14.
378 829 571 883 Σύνετε
591 830 675 902 δὴ,
714 830 965 902 ἄφρονες,
991 834 1048 883 ὲν
1081 832 1156 901 τῷ
1181 830 1293 901 λαῷ
1315 847 1331 862 ·

1926 826 2013 879 16.
2053 824 2353 893 Intelligite,
2386 824 2701 893 insipientes
2732 824 2784 877 in
2822 825 3049 894 populo:

255 918 347 973 15.
377 922 485 973 Kal.
510 924 683 992 μωροὶ
706 922 854 985 ποτὲ,
886 923 1212 993 φρονήσατε.

1209 962 1212 972 ι
1929 914 2017 968 15.
2052 914 2111 968 Et
2146 916 2291 969 Slllill
2320 915 2630 983 aliquando.
2656 916 2845 983 sapite.

256 1010 348 1067 16.
395 1012 452 1065 ’0
480 1014 750 1081 φυτεύσας
771 1015 829 1067 τὸ
853 1011 944 1078 οὖς
971 1016 1090 1084 οὐχὶ
1122 1013 1304 1067 ἀκούει
1327 1030 1341 1078 ;

1926 1006 2010 1059 16.
2048 1005 2148 1072 Qui
2187 1008 2444 1075 plantavit
2472 1022 2682 1069 aurem,
2718 1021 2820 1059 non
2845 1005 3038 1060 audit?

257 1103 343 1157 17.
379 1104 448 1157 Ἢ
474 1107 502 1158 ὁ
530 1105 739 1168 πλάσας
762 1106 853 1158 τὸν
873 1105 1150 1175 ὀφθαλμὸν
1176 1105 1295 1174 οὐχὶ
1322 1105 1574 1157 κατανοεῖ
1597 1119 1613 1169 ;

1607 1120 1613 1166 ;
1924 1095 2010 1149 17.
2047 1099 2154 1149 Ant
2178 1097 2269 1165 qni
2300 1098 2454 1150 tinxit
2487 1098 2727 1160 oculum,
2757 1112 2862 1149 non
2893 1096 3243 1152 considerat'

256 1196 346 1251 18.
386 1198 442 1250 '0
474 1199 739 1251 παιδεύων
765 1198 888 1270 ἔθνη
923 1198 1043 1268 οὐχὶ
1083 1197 1324 1265 ἐλέγξεις

1926 1187 2012 1241 18.
2052 1187 2154 1253 Qui
2193 1189 2417 1257 corripit
2446 1199 2651 1257 gentes.
2688 1204 2794 1241 non
2827 1189 3054 1257 arguet?

255 1287 345 1342 19.
388 1289 445 1343 '0
472 1289 736 1343 διδάσκων
764 1289 1046 1361 ἄνθρωπον
1078 1289 1311 1355 γνῶσινς

1928 1278 2012 1332 19.
2042 1278 2143 1343 Qui
2177 1280 2331 1331 docet
2363 1280 2432 1332 ho
2456 1280 2632 1333 vinem
2667 1279 2986 1333 scientiam!

254 1377 346 1433 20.
374 1378 574 1449 Κύριος
594 1378 849 1447 γινώσκει
870 1379 994 1443 τοὺς
1014 1378 1392 1449 διαλογισμοὺς
1412 1377 1519 1431 τῶν
1546 1374 1755 1449 ἀνθρὼ-

1924 1370 2014 1423 20.
2069 1370 2329 1425 Domiuus
2385 1372 2487 1426 scit
2539 1372 2893 1443 cogitationes
2942 1372 3242 1437 hominum,
3276 1384 3407 1441 quo-

178 1485 339 1535 πων,
370 1471 449 1523 δτι
483 1472 589 1523 εἰσί
630 1472 867 1541 μάταιοι.

722 1489 867 1524 ταιοι.
1856 1463 2000 1515 niam
2033 1478 2181 1517 vanae
2214 1472 2358 1517 sunt.

251 1560 345 1615 21.
375 1562 658 1631 Μακάριος
687 1562 997 1633 ἄνθρωπος,
1032 1563 1090 1616 ὃν
1115 1562 1181 1616 ἂν
1207 1562 1518 1632 παιδεύσῃς,
1548 1560 1718 1633 Κύριε

1927 1553 2015 1605 21.
2057 1554 2253 1609 Beatus
2295 1556 2475 1619 homo,
2507 1570 2666 1624 quem
2697 1564 2752 1609 tu
2783 1556 3070 1621 erudieris,
3098 1555 3325 1610 Domine.
3345 1572 3361 1589 ο

258 1650 353 1707 22.
380 1653 486 1705 Καὶ
525 1654 587 1704 ὲκ
615 1652 709 1705 τοῦ
740 1653 904 1724 νόμου
949 1670 1040 1705 σου
1082 1651 1293 1723 διδάξῃς
1323 1651 1501 1704 αὐτόν.

1268 1670 1293 1713 ς
1323 1651 1501 1704 αὐτόν.
1926 1644 1997 1697 22
2047 1645 2111 1699 Et
2143 1648 2208 1699 de
2233 1649 2345 1717 lege
2370 1658 2458 1701 tua
2482 1649 2731 1704 docueris
2756 1665 2900 1703 eum.

248 1743 341 1799 25.
379 1744 484 1796 Τοῦ
516 1744 751 1815 πραῧναι
784 1744 944 1797 αὑτὸν
978 1746 1068 1812 ἀφ’
1098 1742 1318 1815 ἡμερῶν
1362 1740 1612 1813 πονηρῶν

1315 1764 1318 1783 .
1362 1740 1612 1813 πονηρῶν
1926 1734 1997 1788 25
2051 1734 2120 1789 Ut
2152 1737 2362 1806 mitiges
2383 1740 2431 1792 ei
2467 1754 2495 1792 a
2529 1739 2721 1793 dielnts
2754 1741 2908 1794 malis
2939 1757 2951 1794 :

254 1836 348 1889 21.
379 1836 522 1899 Ἕως
543 1830 601 1890 οὗ
635 1838 803 1907 ὁρυγῇ
831 1836 909 1907 τῷ
931 1834 1237 1906 ἁμαρτωλῷ
1268 1833 1356 1903 βδθ
1367 1850 1474 1902 ρος.
1789 1902 1823 1907 _

1331 1833 1474 1902 θρος,
1789 1902 1823 1907 _
1923 1825 2015 1879 24.
2042 1825 2219 1880 Donec
2243 1826 2476 1880 fodiatur
2506 1830 2772 1895 peccaturi
2799 1828 2967 1882 fovea.

252 1926 347 1981 25.
376 1929 496 1981 Ὀτι
522 1930 621 1982 οὐκ
649 1928 927 1982 ἀπώσεται
956 1928 1157 1997 Κύριος
1179 1927 1268 1980 τὸν
1301 1926 1424 1980 λαδυ
1452 1924 1613 1979 αὐτοῦ
1637 1940 1649 1950 ·
1789 1902 1828 1955 Β

1789 1902 1828 1955 Β
1926 1918 2015 1971 25.
2051 1916 2189 1983 Quia
2228 1923 2341 1971 non‘
2374 1918 2589 1988 repellet
2624 1918 2884 1975 Dominus
2916 1921 3119 1983 plellem
3157 1934 3348 1985 suam;

255 2017 349 2072 26.
387 2018 495 2070 Kal.
526 2018 625 2089 τὴν
651 2018 1012 2089 κληρονομίαν
1040 2017 1202 2071 αὑτοῦ
1233 2018 1332 2069 οὐκ
1356 2013 1755 2084 ἐγκαταλείψει.

1588 2013 1755 2084 ,εἰψει.
1925 2008 2015 2061 26.
2047 2008 2111 2061 Et
2146 2010 2509 2064 narreditatem
2543 2026 2695 2064 suam
2741 2026 2845 2064 non
2871 2010 3224 2079 derelinquvt.

254 2109 349 2164 27.
386 2111 528 2175 Ἕως
561 2103 622 2164 οὗ
652 2110 963 2181 δικαιοσύνη
999 2110 1303 2181 ἐπιστρέψῃ
1335 2111 1411 2171 εἰς
1449 2108 1649 2178 κρίσιν.

1922 2100 2010 2153 27.
2045 2100 2410 2171 Quoadusque
2432 2103 2640 2169 juSIitia
2669 2114 3008 2157 convertetur
3034 2104 3085 2156 in
3106 2104 3367 2172 judicium
3400 2124 3414 2161 :

251 2200 345 2257 28.
372 2202 479 2258 Kal.
502 2203 748 2255 ὲνόιιενοι
773 2201 941 2271 αὐτῆς
964 2200 1163 2262 πάντες
1184 2202 1231 2252 οἱ
1254 2200 1427 2262 εύοεῖς
1450 2202 1514 2270 τῇ
1539 2197 1753 2268 καρδία.

1920 2193 2009 2247 28.
2046 2192 2111 2247 Ει
2156 2193 2248 2264 qui
2298 2194 2452 2263 juxta
2495 2194 2642 2248 illam
2684 2210 2908 2263 omnes,
2965 2196 3059 2266 qui
3096 2206 3243 2252 recto
3292 2212 3420 2254 sunt

1853 2287 2038 2341 corde.

260 2373 353 2428 29.
384 2373 479 2439 Τίς
509 2374 868 2447 ἀναστήσεταί
918 2392 1004 2429 uo:
1033 2375 1125 2428 ἐπὶ
1156 2371 1603 2444 πονηρευομένοις
1632 2368 1754 2442 [πο-

1929 2376 2018 2432 29.
2057 2377 2190 2444 Quis
2220 2387 2512 2450 consurget
2545 2379 2678 2435 mihi
2703 2379 2966 2437 adversus
2995 2383 3395 2454 malignantes?

184 2466 605 2541 νηρευομένους]
626 2485 640 2533 ;

1302 2600 1673 2657 ATIIANASII
1713 2599 2296 2658 INTEBPRETATIO.

262 2765 351 2820 11.
377 2765 486 2817 Kal.
507 2761 613 2816 τῶν
638 2763 883 2833 πενήτων
906 2759 1400 2815 κατεδυνάστευσαν

1933 2758 2018 2812 ll.
2050 2756 2114 2812 Et
2138 2772 2399 2828 pauperes
2426 2758 2666 2828 potentia
2692 2775 2790 2817 sua
2821 2772 3224 2831 oppresserunt.

262 2854 351 2909 12.
378 2854 452 2907 Οὐ
487 2856 719 2907 ποιεῖται
748 2853 1004 2926 πρόνοιαν
1037 2851 1144 2904 τῶν
1171 2849 1490 2922 ἀνθρώπων.

1191 2849 1490 2922 ινῦρώπων.
1933 2848 2017 2902 12.
2058 2847 2174 2901 Non
2206 2851 2464 2919 prospicit
2499 2850 2827 2906 hominibus.

262 2946 353 3001 13.
389 2946 521 2999 Οὐδὲ
553 2950 663 2999 νοεῖ
687 2946 753 3000 τὰ
782 2944 1118 3015 γεγενημένα
1153 2942 1248 3012 (1).

1937 2940 2020 2995 15.
2052 2938 2236 3009 Neque
2264 2958 2385 3011 qua:
2416 2942 2557 2999 facta
2593 2953 2719 2997 sunt
2742 2945 2930 2999 noscit.

263 3034 350 3090 N.
383 3036 651 3106 Νοησατε,
680 3036 730 3087 οἱ
760 3035 1011 3101 λέγοντες
1034 3030 1110 3101 (2)
1138 3025 1276 3082 εἶναι
1309 3027 1459 3081 Θεὸν.
1781 3076 1824 3134 c

1781 3076 1824 3134 ο
1932 3033 2019 3087 14.
2058 3032 2362 3104 lntclligite,
2387 3036 2625 3091 dicentes
2659 3053 2764 3091 non
2789 3052 2908 3092 esse
2935 3036 3115 3093 Deum.

264 3128 349 3182 15.
376 3129 484 3181 Kal.
504 3129 551 3181 οἰ
576 3127 845 3189 ἀσύνετοι,
862 3124 1193 3195 άνανήψατε.
1786 3123 1824 3134 "

1190 3163 1193 3173 .
1786 3123 1824 3134 “
1931 3123 2015 3178 15.
2052 3123 2114 3177 Et
2150 3126 2485 3193 insipientes.
2512 3129 2826 3198 resipiscite.

267 3220 353 3276 16.
400 3222 459 3274 '0
491 3221 776 3291 ἰασάμενος
816 3220 904 3274 τὸν
950 3219 1131 3272 δοῦλον
1165 3216 1257 3270 τοῦ
1309 3212 1627 3287 ἀρχιερέως,
1669 3212 1758 3262 δτι

1929 3214 2013 3270 16.
2069 3215 2169 3283 Qui
2219 3217 2337 3272 solo
2392 3227 2535 3273 tactu
2599 3222 2809 3275 sanavit
2873 3238 3087 3277 servum
3138 3224 3418 3295 principis,

190 3314 398 3383 Πέτρος
433 3312 702 3383 ἀπέκοψεν
724 3311 885 3366 αὐτοῦ
918 3310 978 3364 τὸ
1001 3310 1158 3363 ὠτίον
1181 3307 1335 3379 μόνον
1353 3305 1646 3375 ἁψάμενος,
1665 3298 1759 3353 καὶ

1858 3308 2074 3378 quando
2096 3307 2289 3363 Petrus
2326 3309 2373 3364 ei
2415 3310 2644 3366 abscidit
2690 3313 2987 3367 auriculam
3014 3315 3079 3379 ",
3110 3331 3236 3369 num
3285 3317 3416 3387 ipse,

192 3403 273 3471 (3)
302 3402 462 3466 αὐτὸς
494 3403 522 3458 ὁ
555 3403 841 3473 ἰασάμενος
859 3398 964 3471 ἆρα
995 3402 1094 3453 οὐκ
1124 3397 1345 3460 ἀκούεις
1460 3416 1465 3421 τ

1153 3397 1345 3460 ικοὺεις
1460 3416 1465 3421 ’
1858 3400 1949 3470 qui
1986 3416 2167 3454 aurem
2197 3402 2428 3466 sanavit,
2466 3417 2571 3456 non
2602 3403 2789 3457 audit?

269 3492 354 3545 17.
407 3492 464 3543 'U
492 3491 583 3543 τοῦ
627 3494 690 3544 ὲκ
708 3491 970 3561 γεννητῆς
994 3486 1194 3556 τυφλοῦ
1227 3485 1304 3555 τῷ
1342 3484 1455 3554 ἰδίῳ
1485 3481 1759 3551 πτύσματι

1930 3494 2015 3547 17.
2050 3492 2153 3559 Qui
2200 3496 2387 3551 oculos
2434 3496 2559 3551 caeci
2595 3512 2626 3551 a
2680 3496 2957 3552 nativitatc
3002 3498 3219 3567 proprio
3265 3508 3421 3568 sputo

192 3584 323 3648 τοὺς
351 3582 657 3654 ὀφθαλμοὺς
689 3582 896 3645 πλάσας
925 3581 997 3652 (4)
1022 3598 1035 3647 ;

597 3584 657 3646 ὺς
689 3582 896 3645 πλάσας
925 3581 1035 3652 (1);
1860 3579 2116 3638 formavit
2149 3584 2233 3637 "i

272 3676 359 3743 18,
392 3677 477 3731 19.
521 3678 576 3731 ’0
609 3676 830 3731 ὲνοικῶν
863 3678 943 3740 εἰς
970 3675 1069 3738 τὰς
1103 3670 1324 3744 καρδίας
1348 3668 1454 3723 τῶν
1481 3664 1759 3720 πιστευόν-

1933 3675 2021 3739 18,
2059 3676 2143 3731 19.
2178 3674 2281 3741 Qui
2312 3675 2580 3732 inhabitat
2607 3677 2658 3731 in
2693 3678 2947 3733 cordibus
2992 3678 3323 3733 credentium
3367 3681 3418 3733 in

192 3786 304 3822 των
321 3770 400 3832 εἰς
421 3768 601 3835 αὑτὸν,
629 3770 720 3821 καὶ
748 3768 1011 3821 διδάσκων
1042 3766 1237 3827 αὐτοὺς
1266 3761 1327 3815 τὸ
1360 3760 1569 3830 Θέλημα
1596 3754 1758 3811 αὑτοῦ

1860 3784 2005 3832 eum,
2043 3776 2095 3823 et
2136 3769 2291 3823 docet
2325 3769 2470 3838 ipsos
2520 3769 2846 3825 voluntatem
2878 3785 3055 3833 suam,
3106 3772 3423 3841 redarguere

194 3862 298 3916 οὐκ
326 3862 438 3932 ἔχει
479 3860 690 3931 ἐλέγξαι
721 3861 865 3931 ὑμᾶς
896 3862 952 3912 ὲν
976 3861 1040 3929 τῇ
1074 3857 1254 3929 ἡμέρᾳ
1290 3856 1389 3925 τῆς
1421 3853 1686 3922 κρίσεως;

1074 3857 1254 3929 ἡμέρᾳ
1290 3856 1389 3925 τῆς
1421 3853 1686 3922 κρίσεωςς
1864 3859 2107 3929 nequibit
2142 3874 2235 3915 vos
2262 3860 2314 3914 in
2356 3859 2696 3928 diejudicii?

268 3954 359 4008 20.
388 3946 511 4006 Ὀτι
533 3954 824 4024 ἀνωφελεῖς
853 3954 989 4006 εἰσιν
1013 3953 1066 4005 αἱ
1101 3949 1277 4018 σοφίαι
1303 3947 1410 4001 τῶν
1440 3943 1759 4014 ἀνθρώπων.

1674 3960 1759 3996 ων.
1934 3949 2023 4003 20.
2066 3948 2329 4015 Quoniam
2361 3952 2579 4005 inutiles
2608 3961 2733 4005 sunt
2773 3952 3023 4006 humana:
3054 3953 3310 4007 scientiae.

266 4046 353 4100 21.
377 4046 473 4099 Διὰ
496 4046 590 4115 τῆς
612 4045 829 4117 χάριτός
862 4060 956 4096 σου
979 4082 993 4107 ,
1030 4042 1087 4095 δν
1116 4040 1181 4093 ἂν
1208 4036 1501 4110 παιδεύσῃς
1529 4032 1763 4103 ἐπιγνῶ-

1932 4040 2022 4094 21.
2054 4038 2224 4105 Qnem
2258 4056 2350 4109 per
2386 4041 2611 4108 gratiam
2643 4052 2788 4095 tuam
2828 4042 3094 4099 erudieris
3126 4044 3191 4098 ad
3223 4058 3426 4113 cogno-

195 4156 288 4193 ναι
317 4138 387 4192 τὰ
421 4136 817 4209 προστάγματά
848 4152 973 4199 σου,

857 4152 940 4189 σου
957 4176 973 4199 ,
1866 4132 2061 4188 scenda
2090 4139 2356 4201 prmcepta
2383 4142 2493 4194 tua,

273 4229 362 4283 22.
390 4228 628 4293 Διδάξεις
654 4228 730 4297 (5)
766 4226 924 4280 αὐτὸν
948 4223 1213 4278 ἐπιτελεῖν
1239 4219 1396 4274 αὑτά.

1292 4219 1396 4274 ira.
1931 4223 2022 4277 22.
2058 4223 2282 4278 Doccbis
2308 4239 2431 4278 eum
2471 4224 2655 4278 eadem
2689 4223 2928 4292 implere.

272 4320 361 4375 23.
405 4318 512 4373 Τοῦ
535 4319 632 4389 τὴν
660 4319 879 4389 εἰρήνην
909 4334 1001 4370 σου
1042 4314 1223 4369 δοῦναι
1257 4315 1313 4366 ὲν
1338 4313 1403 4383 τῇ
1446 4307 1640 4381 καρδία
1664 4306 1764 4362 αύ-

1446 4307 1640 4381 καρδίᾳ
1664 4306 1764 4362 αὖ·
1933 4314 2025 4370 25.
2063 4313 2129 4369 Ut
2157 4315 2252 4369 des
2282 4329 2464 4384 pacem
2501 4324 2646 4368 tuam
2674 4316 2728 4369 in
2755 4316 2914 4372 corde
2943 4315 3081 4385 ejus.

194 4411 292 4467 τοῦ
331 4410 427 4482 (6).
1797 4417 1840 4473 υ

271 4503 362 4559 24.
388 4503 532 4567 Ἕως
556 4494 616 4554 οὗ
659 4501 721 4555 τὸ
747 4498 962 4556 αἰώνιον
992 4497 1102 4571 πῦρ
1141 4496 1357 4566 δέξηται
1384 4495 1472 4548 τὸν
1498 4492 1761 4547 διάϐολον.

1601 4492 1761 4547 Βολον.
1930 4494 2022 4551 24.
2048 4494 2229 4548 Donec
2254 4501 2489 4549 aeternus
2520 4494 2660 4566 ignis
2691 4496 2924 4565 excipiat
2948 4495 3237 4551 diabolum.

269 4596 358 4650 25.
395 4596 515 4648 Ὅτι
546 4594 645 4648 οὐκ
672 4592 949 4667 negator,
977 4591 1180 4664 Κύριος
1204 4589 1294 4642 τὸν
1315 4588 1441 4641 λαὸν
1474 4585 1657 4639 αὑτοῦ.

1929 4589 2019 4643 25.
2086 4586 2353 4653 Quoniam
2409 4604 2513 4643 non
2574 4589 2789 4658 abjiciet
2841 4589 3104 4647 Dominus
3166 4591 3422 4662 populum

1862 4695 2040 4735 suum.

271 4774 360 4830 26.
394 4776 504 4829 Καὶ
534 4776 659 4838 τοὺς
680 4773 870 4839 ἁγίους
902 4770 1065 4825 αυτοῦ
1096 4770 1155 4822 οὗ
1186 4768 1405 4839 παρίδῃ.

1346 4776 1405 4839 in.
1931 4768 2020 4824 26.
2062 4767 2128 4823 Et
2153 4779 2372 4825 sanctos
2403 4783 2533 4824 suos
2562 4784 2670 4824 non
2705 4771 2982 4841 despiciet.

269 4870 360 4923 27.
393 4869 537 4932 ’Ἑως
557 4862 618 4923 οὗ
638 4870 666 4921 ὁ
690 4866 816 4930 Υἰδς
836 4863 928 4917 τοῦ
954 4861 1088 4915 Θεοῦ
1116 4862 1242 4933 ἔλθῃ
1269 4863 1451 4929 κρῖναι
1473 4858 1570 4928 τὴν
1592 4858 1769 4911 οἰκου-

1936 4859 2024 4912 27.
2058 4856 2549 4941 Ουοσόυεηυῇῡεί
2577 4857 2748 4915 Filius
2780 4862 2957 4915 veniet
2988 4860 3052 4914 ad
3076 4861 3422 4931 judicandum

202 4962 393 5033 μένην.

1866 4949 2146 5003 mundum.

270 5052 360 5107 28.
397 5053 505 5105 Kal
539 5051 761 5123 πλησίον
792 5051 865 5120 ('7)
889 5049 1052 5104 αὑτοῦ
1077 5048 1273 5108 πάντες
1311 5046 1361 5099 οἰ
1410 5043 1551 5112 ἅγιοι
1581 5045 1765 5097 αὐτου.

1461 5060 1551 5112 γιοι
1581 5045 1765 5097 αὐτου.
1935 5038 2023 5093 28.
2060 5037 2123 5091 Et
2147 5038 2299 5108 juxta
2335 5056 2458 5094 eum
2491 5055 2681 5095 omnes
2711 5042 2882 5097 sancti
2913 5042 3097 5112 ipsius.

400 5144 495 5207 Τίς
522 5146 586 5197 ἂν
611 5144 796 5215 ἕτερος
825 5139 955 5213 ἦλθε
990 5139 1294 5211 πολεμῆσαι
1325 5137 1465 5191 κατὰ
1486 5134 1593 5188 τῶν
1619 5137 1772 5188 ἐναν-

1934 5131 2025 5185 29.
2057 5131 2315 5197 Quisnam
2346 5134 2486 5188 alius
2519 5135 2697 5189 veniet
2740 5135 2803 5189 ad
2850 5134 3197 5205 pugnandum
3238 5144 3425 5190 contra

200 5236 335 5288 τίων
366 5236 645 5305 δυνάμεων

1869 5223 2209 5280 adversarias
2248 5226 2584 5295 potestates?

277 5351 322 5387 ὀ
360 5345 490 5402 Luc.
533 5362 671 5410 xm,
700 5346 789 5409 50.
821 5347 910 5402 51.
990 5347 1029 5377 "
1056 5345 1213 5401 Joan.
1248 5362 1325 5410 ιχ,
1361 5345 1414 5408 6,
1446 5344 1495 5397 7.

1201 5458 1449 5521 ddenda
1483 5463 1541 5517 et
1574 5449 1943 5533 corrigenda
1974 5467 2050 5514 ex
2082 5454 2220 5516 cod.
2261 5455 2459 5517 Vatic.

272 5611 350 5677 (1)
377 5608 657 5678 Γινόμενα.
2057 5603 2388 5678 Π).ασας,ἓιξ›ς
2423 5602 2723 5673 νομίζεται,
2757 5598 2854 5652 οὑκ
2884 5598 3082 5668 ἐφορᾷς

272 5674 347 5746 (ei
377 5680 441 5732 οι
477 5674 550 5749 μὴ
577 5679 842 5749 λέγοντες.
902 5747 949 5749 υ
1210 5747 1217 5749 Α
1375 5747 1381 5749 _
1593 5745 1602 5749 Α
1683 5743 1706 5749 _
1946 5675 2021 5749 (ξς)
2065 5674 2462 5749 καί-διδάξεις,
2498 5681 2602 5727 etc.

273 5743 349 5817 (ὅ)
385 5743 822 5805 Τὺὼτίοναύτοῦ
850 5747 1125 5819 ἁψάμενος
1155 5747 1311 5818 μόνον
1337 5747 1525 5799 ἰάσατο
1559 5745 1618 5799 τὸ
1652 5743 1761 5811 οὖς.
2052 5745 2254 5819 auem.

205 5804 313 5885 καῆ
332 5804 452 5876 ἐῑςο
900 5804 910 5818 ⁵
968 5804 979 5819 ι
1107 5804 1120 5810 ⁷
1155 5804 1167 5818 '
1723 5804 1737 5811 v

1723 5804 1737 5811 ⁷
1944 5804 2019 5884 (7)
2052 5816 2165 5870 Καὶ
2196 5816 2426 5887 πλησιοι,
2461 5822 2587 5875 elc.,
2620 5813 2665 5864 οἱ
2698 5809 2869 5873 εὐθείς
2894 5810 2957 5878 τῇ
2994 5804 3205 5876 καρδίᾳ.
