4142 6476
716 389 853 444 1055
1557 393 1613 446 S.
1654 393 2021 449 ATHANASII
2065 395 2214 450 ΟΡΡ.
2257 393 2352 448 ΡΑ]

2322 393 2435 450 iRS
2473 397 2560 452 ill.
2603 430 2668 439 -—
2695 399 3108 456 EXEGETICA.
3828 410 3958 466 1056

784 502 871 555 50.
908 503 1014 556 Aut
1043 502 1165 572 quis
1213 505 1376 558 stabit
1409 520 1619 560 meeum
1669 507 1929 562 adversus
1987 520 2273 578 Operantes
2305 518 2347 570 Λ

2320 518 2347 570 ἱ
2448 513 2535 567 50.
2568 515 2636 566 Ἢ
2669 513 2752 577 τίς
2783 517 3306 586 συμπαραστήσεταί
3340 537 3429 590 μοι
3459 521 3552 574 ἐπὶ
3585 526 3702 586 τοῖς
3735 525 3956 594 ἐργαζο-

711 591 1089 661 iniquitatem?

2385 602 2566 669 μένοις
2598 603 2695 674 τὴν
2730 606 2989 675 ἀνομίαν;

785 687 871 740 51.
906 685 1019 741 Nisi
1055 689 1180 757 quia
1220 689 1482 745 Dominus
1518 693 1726 762 adjuvit
1771 711 1892 750 me:

2453 692 2543 746 51.
2573 693 2636 745 Εἰ
2671 693 2745 763 μὴ
2773 695 2855 746 ὅτι
2887 695 3087 766 Κύριος
3114 695 3376 768 ἐϐοήθησέ
3409 713 3528 767 μοι·

788 777 876 832 52.
933 777 1100 834 Paulo
1151 782 1333 838 minus
1385 783 1686 840 habitasset
1733 788 1787 841 in
1839 787 2053 843 inferno
2100 790 2280 844 anima

2453 785 2541 839 52.
2594 785 2751 856 Παρὰ
2789 785 2962 857 βραχὺ
3021 788 3313 860 παρῴκησε
3342 789 3420 860 τῷ
3453 789 3554 861 ᾄδῃ
3585 792 3619 862 ή
3653 793 3803 866 ψυχή
3842 812 3955 865 μου.

712 885 854 924 mea.

785 964 872 1017 55.
919 962 973 1017 Si
1001 963 1247 1018 dicebam
1278 983 1290 1018 :
1324 965 1502 1021 Motus
1530 977 1615 1023 est
1643 984 1738 1039 pes
1771 986 1961 1025 meus:

2455 963 2544 1017 55.
2578 965 2640 1016 Εἰ
2667 963 2850 1032 ἔλεγον
2871 981 2884 994 ·
2915 965 3238 1021 Σεσάλευται
3262 969 3290 1020 6
3313 968 3446 1034 ποῦς
3476 987 3577 1041 μου
3606 988 3620 1002 ·

783 1056 870 1109 55.
905 1055 1267 1111 Misericordia
1305 1068 1416 1117 tua.
1449 1060 1692 1122 Domine,
1718 1062 2010 1131 adiuvabat
2033 1080 2138 1119 me.

1941 1073 2010 1118 μαι
2033 1080 2138 1119 me.
2457 1054 2545 1107 54.
2579 1055 2650 1107 Τὸ
2679 1055 2827 1121 ἔλεός
2854 1073 2968 1122 σου,
2999 1057 3191 1130 Κύριε,
3222 1059 3435 1131 ἐϐοήθει
3469 1079 3577 1132 μοι.

783 1147 873 1200 55.
903 1145 1209 1201 Secundum
1243 1149 1642 1204 multitudinem
1675 1151 1923 1206 dolorum
1961 1169 2202 1208 meorum
2227 1156 2279 1209 in

2457 1146 2546 1200 55.
2578 1147 2733 1200 Κατά
2755 1148 2815 1201 τὸ
2849 1148 3051 1219 πλῆθος
3082 1150 3190 1205 τῶν
3217 1151 3416 1205 ὀδυνῶν
3443 1171 3545 1223 μου
3576 1155 3633 1206 ἐν
3665 1157 3733 1225 τῇ
3769 1156 3960 1225 καρδία

715 1241 878 1293 corde
909 1256 1048 1305 meo,
1101 1243 1504 1298 consolationes
1553 1253 1656 1299 tua:
1711 1246 2123 1301 lmtilicavernnt
2156 1250 2279 1302 ani.-

2387 1256 2489 1309 μου
2517 1278 2530 1294 .
2565 1241 2619 1292 αί
2657 1239 3032 1312 παοακλήσεις
3076 1257 3169 1294 σου
3199 1240 3473 1314 εὕφραναν
3505 1242 3602 1315 τὴν
3625 1244 3810 1316 ψυχήν
3843 1262 3956 1315 μου.

716 1346 859 1384 mam
892 1348 1087 1385 meam.

785 1423 872 1477 56.
902 1423 1154 1493 Nunquid
1185 1425 1421 1480 adhaeret
1453 1428 1548 1481 tibi
1577 1430 1731 1483 sedes
1758 1429 2080 1498 iniquitatis,

2457 1407 2546 1461 56.
2583 1404 2675 1478 Μὴ
2713 1409 3108 1482 συμπροσέστω
3135 1428 3216 1464 σοι
3242 1410 3426 1482 θρόνος
3450 1413 3717 1483 ἀνομίας,

784 1515 873 1570 57.
899 1515 1001 1581 Qui
1032 1515 1188 1586 lingis
1215 1517 1452 1570 laborem
1487 1519 1538 1570 in
1567 1519 1880 1588 prmeepto?

2456 1500 2543 1553 57.
2587 1501 2644 1553 '0
2674 1501 2932 1555 πλάσσων
2958 1503 3125 1557 κόπον
3158 1504 3250 1556 ἐπὶ
3279 1503 3641 1574 πρόσταγμας

785 1605 874 1660 58.
902 1607 1210 1676 Captabunt
1242 1609 1293 1660 in
1319 1609 1555 1662 animam
1584 1610 1714 1676 justi
1743 1628 1756 1662 :

2458 1593 2547 1646 58.
2581 1593 2952 1664 Θηρεύσουσιν
2986 1596 3078 1648 ἐπὶ
3105 1594 3277 1666 ψυχὴν
3304 1595 3514 1650 δικαίου
3534 1615 3546 1628 ·

786 1696 876 1750 59.
911 1695 976 1749 Et
1002 1698 1319 1765 sanguinem
1357 1697 1700 1751 innocentem
1733 1697 2193 1752 condemnabunt.

1936 1698 2193 1752 nmmum,
2456 1683 2543 1737 59.
2588 1686 2698 1738 Καὶ
2729 1681 2868 1754 αἷμα
2902 1687 3076 1741 ἀθῶον
3103 1689 3572 1744 καταδικάσονται.

785 1785 875 1838 40.
917 1784 981 1837 Et
1013 1785 1184 1838 factus
1220 1795 1302 1837 est
1333 1786 1462 1837 mihi
1496 1783 1756 1839 Dominus
1793 1785 1844 1838 in
1877 1784 2147 1854 refugium
2177 1802 2190 1839 :

2143 1805 2147 1836 ι
2177 1802 2190 1839 ε
2456 1774 2544 1828 40.
2579 1775 2687 1827 Καὶ
2717 1777 2933 1843 ἐγένετό
2965 1796 3054 1848 μοι
3078 1779 3280 1852 Κύριος
3311 1782 3392 1843 εἰς
3423 1783 3779 1853 καταφυγήν·

786 1871 874 1921 41.
909 1868 974 1920 Et
1005 1868 1146 1922 Deus
1171 1870 1390 1923 mcusin
1423 1870 1752 1939 adjutorium
1779 1870 1892 1939 spei
1917 1886 2068 1924 meae.

2458 1867 2548 1920 41,
2583 1869 2692 1921 Kal.
2716 1871 2743 1922 6
2773 1869 2906 1934 Θεός
2948 1888 3049 1941 μου
3075 1873 3154 1935 είς
3188 1872 3379 1943 βοηθὸν
3409 1873 3627 1937 ἐλπίδος
3659 1892 3784 1944 μου.

787 1961 877 2014 42.
913 1961 978 2014 Et
1007 1963 1192 2015 reddet
1227 1964 1334 2018 illis
1360 1962 1624 2018 Dominus
1649 1963 2000 2037 [secundum]
2030 1965 2285 2035 iniquita-
2314 1950 2358 2008 Β

2323 1950 2358 2008 Β
2456 1958 2544 2010 42.
2586 1961 2692 2011 Καὶ
2735 1960 3000 2015 ἀποδώσει
3037 1964 3217 2027 αὐτοῖς
3267 1963 3470 2034 Κύριος
3510 1963 3608 2034 τὴν
3646 1953 3959 2037 ίκατάξ

718 2061 824 2106 tem
860 2053 1125 2120 ipsorum.

2391 2051 2618 2119 ἀνομίαν
2657 2051 2854 2108 αὐτῶν.

787 2143 875 2196 45.
914 2142 987 2218 (a)
1022 2143 1087 2196 Et
1111 2145 1406 2198 Secundum
1435 2145 1693 2199 malitiam
1725 2161 1912 2200 eorum
1943 2164 1956 2202 :

1861 2162 1912 2200 ιη
1943 2164 1956 2202 ε
2460 2141 2549 2196 45.
2587 2143 2696 2195 Καὶ
2727 2143 2866 2195 κατά
2898 2143 2995 2214 τὴν
3024 2143 3286 2214 πονηρίαν
3315 2143 3491 2197 αὐτῶν

785 2232 874 2286 44.
912 2231 1192 2303 Disperdet
1223 2235 1342 2290 illos
1370 2236 1631 2292 Dominus
1659 2237 1800 2295 Deus
1837 2237 2070 2310 [noster]

2463 2233 2550 2286 44.
2599 2235 2845 2302 Ἀφανιεί
2871 2235 3069 2298 αὐτοὺς
3101 2235 3304 2306 Κύριος
3330 2237 3358 2289 6
3383 2235 3516 2300 Θεὸς
3543 2233 3775 2307 [ἡμῶν].

787 2453 862 2524 (a)
888 2452 1043 2509 Vers.
1074 2454 1162 2516 45,
1193 2455 1280 2517 46,
1311 2470 1452 2508 vers.
1484 2471 1647 2508 unus.

1830 2712 2204 2770 ATHANASH
2240 2712 2828 2770 INTERPRETATIO.

782 2891 872 2947 50.
900 2891 1007 2945 Aut
1037 2891 1159 2962 quis
1188 2891 1317 2946 mihi
1345 2907 1498 2963 opem
1548 2893 1681 2949 feret
1729 2903 1921 2950 contra
1956 2893 2274 2950 immundos

2455 2894 2543 2948 50.
2572 2896 2645 2948 Ἦ
2670 2897 2753 2958 τίς
2784 2894 3232 2950 συναντελάϐεταί
3257 2893 3332 2966 (1)
3365 2911 3457 2964 μοι
3483 2895 3576 2948 ἐπὶ
3621 2896 3692 2949 τὰ
3731 2897 3965 2968 πνεύμα-

716 2984 940 3054 Spiritus
965 2985 988 3038 ?

2382 3005 2452 3042 τα
2486 2988 2770 3060 ἀκάθαρτα
2791 3005 2804 3054 ;

785 3079 873 3132 51.
902 3074 1014 3129 Nisi
1043 3075 1181 3131 Deus
1208 3074 1300 3130 Dei
1331 3074 1501 3128 Filius
1529 3074 1828 3144 adiuvisset
1861 3091 1966 3132 me.

2456 3081 2542 3134 51.
2581 3082 2643 3134 El
2679 3081 2753 3152 μὴ
2780 3083 2809 3134 6
2843 3081 2974 3143 Θεὸς
3008 3079 3102 3132 τοῦ
3133 3077 3268 3131 Θεοῦ
3304 3079 3570 3151 ἐϐοήθησέ
3600 3099 3715 3152 μοι.

784 3169 872 3223 52.
906 3167 1074 3222 Paulo
1124 3170 1302 3220 minus
1337 3167 1756 3235 permansissem
1811 3170 1866 3222 in
1923 3179 2101 3225 morte
2154 3187 2280 3240 pec-

2459 3167 2546 3221 52.
2579 3168 2714 3239 Παρ’
2750 3169 2925 3236 ὀλίγον
2956 3168 3282 3237 ἐναπὲμεινα
3310 3167 3388 3238 τῷ
3410 3169 3628 3240 θανάτῳ
3655 3171 3760 3243 τῆς
3785 3172 3961 3244 ἀμαρ-

719 3261 846 3316 cati.
2386 3255 2526 3318 τίας.

788 3352 874 3406 55.
911 3349 965 3405 Si
995 3350 1238 3403 videbam
1285 3365 1369 3404 me
1418 3350 1593 3420 ipsum
1635 3350 1688 3404 in
1732 3350 2050 3414 tentatione,
2083 3359 2138 3406 et
2179 3352 2287 3406 cla-
2313 3319 2356 3379 C

2324 3319 2356 3379 Β
2454 3348 2542 3401 55.
2581 3348 2642 3400 Εἰ
2675 3347 2899 3400 ἔϐλεπον
2942 3347 3131 3403 ἑαυτὸν
3165 3349 3595 3421 πειραζόμενον,
3653 3351 3752 3404 καὶ
3800 3348 3960 3402 ἐϐόων

713 3445 929 3499 mabam
968 3443 1031 3495 ad
1068 3453 1136 3496 te.

1003 3443 1031 3495 Il
1068 3453 1136 3496 te.
2391 3439 2526 3510 πρὸς
2563 3440 2639 3492 σὲ.

783 3536 872 3590 54.
911 3533 1020 3587 Nisi
1050 3533 1138 3585 Dei
1175 3532 1342 3586 Filius
1372 3533 1575 3601 adjuvit
1611 3548 1714 3586 me.

2457 3531 2544 3583 54.
2578 3533 2638 3583 Ei
2675 3531 2749 3601 (2)
2790 3531 2862 3604 μὴ
2894 3533 2921 3584 6
2945 3531 3073 3595 Υἱὸς
3100 3531 3194 3585 τοῦ
3233 3532 3368 3586 Θεοῦ
3399 3531 3668 3604 ἐϐοήθησέ
3693 3546 3822 3603 νμοι.

786 3627 874 3679 55.
900 3624 1206 3682 Secundum
1233 3625 1627 3679 multitudinem
1661 3627 2097 3682 adversariarum
2138 3635 2288 3696 pote-

2459 3622 2546 3676 55.
2583 3622 2737 3676 Κατά
2779 3623 2838 3675 τὸ
2879 3623 3079 3692 πλῆθος
3118 3624 3223 3677 τῶν
3257 3625 3513 3680 ἐναντίων
3545 3624 3832 3694 δυνάμεων
3860 3625 3959 3678 τῶν

718 3729 916 3775 statum
957 3718 1352 3786 insurgentium
1404 3719 1456 3772 iu
1501 3717 1662 3773 corde
1716 3735 1834 3772 meo
1879 3719 2286 3786 superabunda-

2388 3715 2830 3784 ἐπανισταμένων
2873 3717 2928 3767 ἐν
2961 3718 3023 3785 τῇ
3055 3716 3250 3788 καρδίᾳ
3298 3733 3399 3788 μου
3433 3717 3958 3787 ὑπερεπερίσσευσεν

718 3811 792 3864 vit
836 3813 1006 3880 gratia
1059 3819 1168 3872 tua,
1222 3820 1274 3863 et
1307 3810 1532 3878 ejiciens
1583 3810 1798 3864 illorqu
1839 3811 2195 3878 cogitationes
2233 3810 2287 3863 in

2389 3809 2421 3876 ἡ
2445 3806 2602 3877 χάρις
2637 3824 2750 3869 σου,
2783 3807 2876 3860 καὶ
2903 3807 3146 3860 ἐκϐαλὼν
3167 3808 3261 3872 τὰς
3290 3808 3511 3861 ἐκείνων
3535 3806 3862 3878 ἐνθυμήσεις
3886 3807 3957 3868 είς

719 3904 957 3959 laetitiam
992 3914 1044 3953 et
1066 3901 1319 3969 gaudium
1367 3903 1602 3955 animam
1638 3918 1812 3956 meam
1849 3903 2133 3956 convertit.

2389 3900 2726 3970 εὐφροσύνην
2761 3900 2854 3952 καὶ
2885 3899 3057 3970 χαράν
3095 3899 3356 3970 μετέϐαλε
3383 3899 3480 3969 τὴν
3508 3899 3686 3969 ψυχήν
3718 3916 3842 3969 μου.

795 3993 882 4048 56.
915 3991 1166 4061 Nunquid
1216 3993 1484 4048 inhabitat
1525 3995 1578 4048 in
1615 3996 1778 4049 corde
1827 4010 1948 4048 meo
1990 3995 2287 4050 dominatio

2457 3993 2545 4046 56.
2579 3993 2668 4063 Μὴ
2705 3992 2980 4046 ἐνοικείτω
3006 3993 3063 4044 ἐν
3094 3994 3159 4062 τῇ
3226 3991 3389 4064 αρδίᾳ
3435 4008 3536 4062 μου
3561 3991 3850 4045 δυναστεία
3870 3988 3956 4042 τοῦ

719 4085 940 4140 diaboli.

2386 4084 2653 4139 διαϐόλου.

789 4177 877 4232 57.
911 4174 1107 4231 Volens
1143 4177 1307 4230 vitam
1359 4176 1642 4231 instituere
1689 4177 1988 4232 secundum
2023 4175 2119 4231 Dei
2151 4192 2286 4246 pra:-

2459 4175 2546 4228 57.
2589 4175 2644 4226 '0
2666 4175 2806 4227 κατὰ
2833 4175 2893 4227 τὸ
2922 4174 2996 4245 (5)
3025 4175 3352 4247 πρόσταγμα
3377 4173 3473 4227 τοῦ
3501 4173 3636 4226 Θεοῦ
3669 4175 3954 4229 ἀσκεῖσθαι

719 4279 892 4338 cepta.

2397 4266 2730 4338 βουλόμενος.

788 4361 875 4414 58.
911 4359 1218 4427 Captabunt
1267 4358 1410 4412 enim
1463 4358 1762 4426 daemones,
1815 4358 1861 4412 si
1919 4357 2038 4412 ﬁeri
2087 4366 2281 4428 potest,

2456 4357 2542 4410 58.
2580 4356 2656 4426 Θη
2669 4356 2916 4426 ρεύσουσι
2943 4355 3052 4427 γὰρ
3078 4355 3125 4408 οἱ
3159 4353 3409 4426 δαίμονες
3433 4397 3448 4422 ,
3492 4358 3541 4409 εί
3570 4356 3832 4423 δυνατὸν,
3872 4357 3959 4412 καὶ

718 4453 882 4506 etiam
916 4452 1125 4505 animas
1158 4451 1357 4519 justas.

1302 4465 1357 4504 is.
2385 4449 2563 4521 ψυχὰς
2595 4449 2808 4511 δικαίας
2843 4447 2938 4517 (4).

791 4543 878 4597 59.
920 4541 986 4595 Ει
1023 4542 1233 4596 animas
1283 4550 1596 4598 sanctorum
1631 4551 1886 4614 tanquam
1920 4545 2125 4614 peccati
2164 4560 2284 4600 reas

2455 4543 2544 4598 59.
2577 4544 2685 4595 Καὶ
2720 4541 2816 4603 τὰς
2843 4539 2951 4593 τῶν
2994 4537 3165 4607 ἁγίων
3194 4536 3370 4609 ψυχὰς
3399 4540 3858 4608 συκοφαντοῦσιν,
3890 4540 3957 4603 ὡς

722 4633 1218 4688 calumniabuntur.
2316 4655 2358 4709 Β

2316 4655 2358 4709 D
2389 4632 2752 4695 ὑποκειμένας
2783 4629 3023 4702 ἁμαρτία
3055 4629 3152 4698 (5).

791 4724 878 4777 40.
911 4722 989 4774 Ad
1016 4724 1189 4791 ipsum
1221 4723 1364 4774 enim
1409 4724 1726 4796 confugiens
1754 4725 2012 4780 liberatus
2051 4741 2169 4780 sum
2217 4725 2286 4779 ab

2462 4723 2545 4776 40.
2587 4721 2744 4792 Αὐτῷ
2796 4721 2904 4791 γὰρ
2968 4717 3332 4790 προσδραμὼν
3381 4719 3656 4792 meum
3699 4723 3757 4774 ἐν
3790 4721 3957 4792 (6)τῷ

719 4813 955 4868 inimicis
996 4816 1150 4868 meis.

1091 4816 1150 4868 is.
2390 4815 2567 4886 ἐχθρῷ
2608 4832 2727 4885 μου.

790 4907 873 4958 41.
913 4904 987 4957 Ex
1022 4906 1153 4972 ipsis
1190 4920 1276 4958 me
1306 4906 1554 4960 redemit.

2457 4906 2544 4959 41.
2588 4904 2957 4977 Ἐλυτρώσατό
2994 4921 3060 4975 με
3096 4903 3174 4974 (7)
3207 4903 3267 4969 ἐξ
3294 4904 3493 4959 αὐτῶν.

793 4994 882 5046 42.
921 4993 978 5046 In
1011 4993 1097 5047 die
1127 4994 1336 5061 judicii.

2459 4995 2547 5048 4‘2.
2581 4997 2669 5048 ’Ev
2703 4999 2769 5067 τῇ
2806 4995 2988 5067 ἡμέρα
3019 4996 3114 5066 τῆς
3141 4995 3391 5067 κρίσεως.

792 5085 880 5145 45,
910 5083 996 5136 ii.
1035 5083 1099 5137 Et
1127 5101 1424 5140 secundum
1461 5102 1647 5142 eorum
1698 5089 1958 5142 malitiam
2013 5090 2185 5145 tradet
2231 5089 2283 5144 in

2457 5089 2546 5152 45,
2575 5089 2663 5142 44.
2693 5088 2804 5141 Kal.
2854 5089 2994 5142 κατά
3027 5087 3124 5158 τὴν
3172 5086 3369 5141 κακίαν
3421 5087 3607 5142 αὐτῶν
3652 5086 3950 5160 παραδώσει

723 5176 1047 5248 supplicium
1087 5187 1369 5232 Falernum.

2390 5183 2468 5243 εἰς
2500 5181 2576 5248 (8i
2617 5181 2833 5233 κόλασιν
2868 5179 3100 5235 αἰώνιον.

1669 5404 1971 5466 Addenda
2002 5411 2061 5464 et
2097 5402 2468 5480 corrigenda
2512 5421 2586 5464 ex
2623 5405 2760 5464 cod.
2802 5403 2999 5463 Vatic.

909 5587 1328 5659 ξυναντελὰϐετό
1362 5607 1448 5659 μοι
1481 5591 1788 5658 πνεύματα,
1825 5598 1925 5659 etc.
1961 5657 1970 5659 Α

1276 5591 1328 5642 τό
1362 5607 1448 5659 μοι
1481 5591 1788 5658 πνεύματα,
1825 5598 1925 5659 etc.
1961 5657 1970 5659 Α
2462 5587 2538 5659 (ἒξ)
2577 5588 2912 5659 ’Λμαρτίαις

801 5655 878 5730 (ἓ)
1012 5655 1378 5730 εὐσπλαγχνία
1411 5678 1534 5726 σου,
1588 5655 1756 5730 Κύριε
1778 5697 1791 5721 ,
1819 5657 2017 5728 ἐϐοήθη
2052 5674 2160 5727 μοι.
2464 5657 2539 5730 (ρ)
2573 5655 2667 5730 ᾉΕκ
2693 5655 2797 5710 τῶν
2821 5657 3030 5730 ἐχθρῶν
3065 5677 3184 5730 μου,
3219 5672 3266 5715 et
3303 5661 3376 5715 ita
3405 5661 3510 5728 leg.

801 5725 875 5798 (5)
909 5727 978 5780 Τό
1011 5730 1176 5783 deest.
1679 5725 1688 5730 ⁷
1936 5725 1943 5728 ⁷
2008 5725 2016 5728 -
2057 5725 2063 5727 Ἴ

1168 5769 1176 5782 .
1679 5725 1688 5730 ⁷
1936 5725 1943 5728 ⁷
2008 5725 2016 5728 “
2057 5725 2063 5727 Ἴ
2465 5726 2538 5798 (ἶ)
2573 5728 2684 5798 Γάρ
2721 5745 2804 5797 με.

801 5797 1144 5865 “qumo
2470 5796 2542 5863 (8)
2576 5796 2841 5867 Πονηρίαν
2878 5799 3054 5853 αὐτῶν
3096 5801 3632 5872 παραδόωειαύτους
3675 5806 3774 5867 είς,
3820 5808 3915 5860 etc-
