4142 6504
196 429 343 489 1057
1088 425 1177 481 DE
1214 424 1488 481 TITULIS
1523 423 1832 481 PSALMOE

1818 425 1971 482 ιυιι.
2021 457 2085 465 —-
2129 425 2323 482 PSAL.
2358 427 2540 485 XCIV.
3320 435 3454 491 1058

192 546 375 617 Αἶνος
399 548 559 618 ᾠδῆς
586 548 666 613 τῷ
687 546 881 610 Δαόὶδ,
901 544 1305 613 ἀνεπίγραφος
1326 544 1461 611 παρ’
1476 544 1784 611 Ἑϐραίοις.
1816 588 1828 613 Α

1733 564 1784 609 ς.
1816 556 1866 613 Α
1980 543 2121 598 Laus
2151 545 2346 598 cantici
2376 543 2570 605 David,
2601 543 2711 596 sine
2736 542 2890 596 titulo
2917 546 3058 613 apud
3095 544 3369 601 Hebreos.

830 641 1002 694 ΨΑΑ.
1035 641 1160 705 non
2448 632 2466 686 ι

2448 632 2651 689 PSAL.
2686 633 2816 689 XCI
2832 634 2893 690 V.

280 731 329 785 1.
356 729 541 795 Δεῦτε,
575 728 1032 800 ἀγαλλιασώμεθα
1059 728 1136 799 τῷ
1170 729 1359 799 Κυρίῳ
1379 744 1393 757 ο

1271 729 1359 799 plus
1379 744 1393 757 °
1961 728 2006 780 1.
2044 725 2234 782 Venite
2260 726 2598 782 exsultemus
2638 725 2869 781 Domino
2896 744 2907 779 :

279 821 332 876 Ξ.
363 822 744 892 ’Δλαλάξωμεν
773 820 852 891 τῷ
875 820 995 891 Θεῴ
1030 819 1109 891 τῷ
1147 820 1352 891 σωτῆρι

1395 819 1572 891 ἡμῶν.
1956 820 2009 873 2.
2044 818 2352 873 Juhilemus
2382 817 2495 873 Deo
2518 818 2741 873 salutari
2774 828 2998 873 nostro:

283 913 333 970 3.
358 914 764 986 Προφθάσωμεν
781 914 845 967 τὸ
872 914 1162 984 πρόσωπον
1188 911 1353 965 αὐτοῦ
1375 913 1433 965 ὲν
1463 911 1785 985 ἐξομολογή-

1710 915 1785 985 νή-
1955 912 2008 968 5.
2046 912 2491 980 Przeoccupcmus
2520 909 2712 964 faciem
2745 910 2864 979 ejus
2884 909 2939 962 in
2971 908 3346 964 confessione:

200 1022 291 1060 σει
312 1024 327 1037 ⁶

282 1099 335 1154 4.
367 1099 476 1153 Καὶ
500 1100 557 1152 ὲν
585 1097 821 1169 ψαλμοῖς
846 1095 1202 1166 ἁλαλάξωμεν
1230 1095 1380 1168 αὐτῷ

1230 1095 1380 1168 αὐτῷ
1957 1092 2009 1146 ι.
2038 1090 2104 1146 Et
2135 1091 2189 1146 in
2211 1090 2439 1161 psalmis
2466 1089 2765 1159 jubilemus
2789 1088 2860 1144 ei.

281 1188 334 1243 5.
358 1190 481 1241 Ὀτι
507 1187 640 1251 Θεὸς
678 1188 849 1257 μέγας
878 1185 1082 1257 Κύριος
1103 1201 1119 1217 '

2041 1181 2313 1248 Quoniam
2356 1178 2499 1235 Deus
2533 1195 2765 1251 magnus
2798 1176 3063 1232 Dominus
3090 1196 3101 1231 :

280 1280 334 1335 6.
374 1280 481 1334 Kal.
527 1280 774 1351 βασιλεὺς
826 1278 999 1351 μέγας
1049 1277 1145 1331 ἐπὶ
1194 1278 1374 1333 πᾶσαν
1398 1278 1499 1349 τὴν
1527 1278 1630 1350 γῆν
1657 1276 1786 1350 [ἐπὶ

1956 1273 2009 1327 6.
2053 1273 2119 1328 Et
2149 1291 2243 1329 rex
2283 1289 2513 1345 magnus
2546 1288 2711 1344 super
2760 1285 2976 1328 omnem
3032 1280 3228 1327 terram
3278 1273 3460 1346 [super

205 1374 419 1437 πάντας
451 1373 574 1435 τοὺς
606 1369 789 1443 λαούς]
800 1412 813 1425 .

774 1369 813 1443 ].
1887 1386 2078 1426 omnes
2115 1369 2368 1441 populos]
2396 1389 2410 1425 :

278 1464 469 1518 7.1m
499 1464 556 1515 ὲν
582 1465 649 1534 τῇ
683 1464 827 1534 χειρὶ
878 1462 980 1534 [ὅτι
1012 1463 1113 1516 οὐκ
1156 1462 1438 1517 ἀπώσεται
1466 1461 1671 1532 Κύριος
1695 1464 1783 1515 τὸν

1961 1462 2011 1515 7.
2054 1462 2194 1529 Quia
2255 1464 2308 1517 iu
2357 1479 2521 1518 manu
2565 1461 2872 1537 [Quoniam
2918 1481 3029 1521 non
3080 1464 3302 1534 repellet
3352 1461 3461 1518 Do-

204 1558 337 1611 λαὸν
365 1555 559 1610 αὑτοῦ·
591 1556 673 1609 ὅτι
705 1558 764 1608 ὲν
792 1557 860 1627 τῇ
891 1556 1057 1627 χειρί,
1088 1554 1240 1627 etc.]
1284 1552 1448 1608 αὑτοῦ
1473 1552 1543 1606 τὰ
1573 1554 1785 1607 πέοατα

1887 1553 2070 1608 minus
2099 1554 2306 1624 plebem
2342 1558 2670 1627 suam,quia
2710 1557 2764 1612 in
2797 1574 2981 1624 manu,
3010 1558 3143 1630 etc.]
3177 1559 3297 1614 eius
3332 1557 3461 1613 lines

202 1649 307 1719 τῆς
336 1648 460 1718 γῆς’

1890 1654 2047 1701 terra:
2083 1664 2096 1701 :

278 1741 332 1795 8.
373 1741 481 1794 Καὶ
508 1740 574 1793 τὰ
598 1738 706 1810 ὕψη
730 1740 840 1793 τῶν
860 1739 1031 1811 ὀρέων
1060 1740 1225 1794 αὐτοῦ
1258 1743 1421 1797 εἰσιν.

1954 1740 2008 1795 8.
2046 1739 2110 1795 Et
2132 1742 2447 1797 altitudines
2476 1744 2744 1799 montium
2780 1745 2951 1815 ipsius
2984 1752 3129 1801 sunt.

278 1834 333 1887 9.
350 1834 471 1885 Ὀτι
496 1832 662 1886 αὑτοῦ
692 1834 840 1886 ἐστιν
866 1834 899 1904 ή
929 1832 1195 1899 θάλασσα,
1221 1834 1315 1887 καὶ
1344 1836 1507 1899 αὐτὸς
1532 1834 1784 1893 ἐποίησεν
1819 1901 1853 1908 λ

1819 1901 1853 1908 λ
1958 1830 2011 1885 9.
2062 1830 2331 1898 Quoniam
2368 1834 2539 1905 ipsius
2565 1845 2648 1892 est
2679 1851 2851 1903 mare,
2880 1846 2934 1892 et
2965 1837 3080 1908 ipse
3107 1836 3233 1891 fecit
3258 1834 3386 1891 illud
3412 1852 3424 1890 :

206 1925 377 1996 αὑτήν
397 1942 409 1954 ·

1331 2082 1709 2140 ATHANASII
1749 2082 2343 2145 lNTERPRETATIO.

287 2244 352 2297 Ἦ
374 2244 709 2317 προκειμένη
732 2244 1014 2319 ἐπιγραφὴ
1044 2245 1286 2317 περιέχει
1313 2246 1420 2315 (1)’
1446 2241 1626 2313 Αἶνος
1655 2246 1815 2317 ᾠδῆς
1844 2245 1924 2314 τῷ
1956 2246 2154 2311 Δαϐίδ,
2188 2247 2595 2316 ἀνεπίγραφος
2622 2251 2756 2317 παρ’
2773 2251 3075 2319 Ἑϐραίοις,
3099 2251 3173 2313 ὡς
3200 2249 3459 2315 πολλάκις

207 2338 531 2409 εἰρήκαμεν,
555 2333 705 2402 αἶνος
734 2337 876 2409 ᾠδῆς
898 2333 977 2401 τῷ
1003 2334 1187 2401 ίκανῷ
1208 2336 1283 2406 τῇ
1308 2336 1483 2407 χειρί,
1507 2338 1756 2391 τουτέστι
1788 2336 1867 2404 τῷ
1896 2338 2007 2405 Υιῷ
2030 2338 2139 2392 τοῦ
2166 2336 2334 2391 Θεοῦ.
2365 2333 2497 2389 Εἶτα
2523 2338 2931 2407 ἀνεπίπραφος
2963 2339 3100 2406 παρ’
3139 2340 3432 2405 Ἑϐραίοις

207 2428 286 2491 ὡς
311 2428 572 2492 πολλάκις
608 2430 914 2500 εἰρήκαμεν
952 2432 1031 2505 (2)
1055 2450 1066 2463 ο
1096 2433 1286 2506 οὐγὰρ
1313 2434 1495 2503 ἔχουσι
1530 2435 1628 2506 τὴν
1659 2434 2007 2490 διδασκαλίαν
2052 2435 2146 2490 τοῦ
2191 2433 2405 2506 ψαλμοῦ
2438 2436 2494 2487 ἐν
2529 2436 2647 2499 ταῖς
2678 2434 2924 2505 καρδίαις
2958 2434 3156 2489 αὐτῶν.
3216 2432 3321 2485 Τοῦ
3358 2431 3463 2503 γάτ

206 2518 423 2589 ψαλμοῦ
448 2519 737 2583 καλοῦντος
764 2520 960 2587 αὐτοὺς
990 2523 1129 2595 πρὸς
1154 2526 1245 2578 τὸν
1274 2524 1497 2595 Κύριον,
1520 2526 1615 2578 καὶ
1644 2525 1805 2579 πάλιν
1818 2526 2086 2595 λέγοντος·
2115 2525 2385 2595 Σήμερον
2412 2526 2521 2579 ἐὰν
2548 2525 2659 2595 τῆς
2690 2525 2896 2596 φωνῆς
2925 2524 3112 2580 αὐτοῦ
3136 2525 3461 2591 ἀκούσητε,

203 2610 290 2681 μὴ
323 2612 703 2681 σκληρύνητε
726 2613 833 2679 τὰς
864 2612 1112 2681 καρδίας
1134 2611 1414 2682 iniiinii).
1444 2612 1743 2677 Λαλοῦντος
1772 2613 1829 2667 δὲ
1851 2615 2033 2678 αὐτοῖς
2056 2613 2150 2666 τοῦ
2182 2613 2387 2683 Κυρίου
2413 2614 2471 2666 ὲν
2501 2616 2567 2684 τῇ
2598 2613 2869 2684 παρουσίᾳ
2897 2611 3083 2675 αὐτοῦ,
3103 2613 3199 2682 οὐχ
3228 2612 3456 2683 ὑπήκου-

210 2715 310 2752 σαν
343 2698 505 2753 αὑτοῦ
524 2715 535 2727 ·
558 2699 637 2753 διδ
661 2700 1064 2772 ἐπιγέγραπται
1091 2700 1461 2772 ἀνεπίγραφος
1488 2706 1617 2774 παρ’
1647 2702 1940 2775 Ἑϐραίοις.
1974 2703 2085 2774 Τῆς
2110 2702 2217 2774 γὰρ
2242 2700 2615 2773 παραγγελίας
2638 2702 2734 2755 τοῦ
2752 2703 2966 2777 ψαλμοῦ
2997 2705 3093 2774 οὐχ
3124 2704 3443 2774 ὑπήκουσαν

205 2791 283 2857 ὡς
314 2795 386 2865 μὴ
420 2794 633 2864 ἔχοντες
662 2796 825 2849 αὐτὸν
858 2799 916 2849 ὲν
946 2794 1131 2859 αὐτοῖς
1166 2795 1264 2867 (4).
1299 2796 1510 2850 Οὐκοῦν
1536 2778 1939 2869 ἀνεπίξραφος
1974 2799 2110 2867 παρ’
2147 2799 2438 2868 Ἑϐραίοις
2468 2801 2500 2853 ὁ
2521 2798 2761 2868 ψαλμὸς
2784 2840 2798 2865 ,
2831 2796 3032 2851 ὡσανεὶ
3060 2794 3426 2867 ἁπρόσδεκτος
3448 2812 3461 2825 ·

207 2884 269 2936 οὐ
302 2885 410 2957 γὰρ
444 2886 761 2957 ὑπήκουσαν
799 2888 987 2946 αὐτοῦ.

281 2995 498 3054 Titulus
528 3002 851 3073 praepositus
894 3005 1175 3060 continet:
1206 3004 1350 3059 Laus
1381 3006 1578 3059 cantici
1604 3002 1773 3057 David
1803 3002 1914 3057 sine
1946 3001 2105 3057 titulo
2143 3000 2283 3071 apud
2314 2998 2586 3065 Πρίηπος,
2616 3007 2676 3052 ut
2703 3012 2844 3067 σίνερε
2878 2997 3136 3061 diximus.
3173 2999 3293 3054 laus
3336 3013 3440 3055 can

207 3088 301 3144 tici
331 3106 495 3143 manu
528 3091 684 3161 forti,
728 3093 833 3148 hoc
860 3103 964 3161 est,
1004 3094 1105 3149 Dei
1139 3094 1304 3150 Filio.
1348 3094 1551 3149 Deinde
1574 3094 1686 3147 sine
1721 3092 1877 3146 titulo
1922 3092 2062 3163 apud
2094 3090 2390 3147 Hebrwos:
2431 3108 2538 3146 non
2580 3089 2747 3156 enim,
2789 3098 2848 3145 ut
2885 3104 3026 3159 saepe
3064 3090 3325 3158 diximus,
3367 3092 3435 3146 ha

207 3185 337 3239 bent
361 3188 664 3241 doctrinam
698 3188 890 3258 psalmi
925 3191 979 3243 in
1021 3190 1283 3245 cordibus
1314 3190 1449 3246 suis.
1484 3187 1620 3244 Nam
1663 3189 1876 3259 psalmo
1906 3196 2133 3243 vocante
2149 3203 2244 3243 eos
2266 3187 2330 3241 ad
2362 3185 2677 3253 Dominum,
2706 3195 2759 3241 et
2790 3202 2978 3243 rursus
3009 3186 3222 3243 dicente
3248 3207 3261 3242 :
3295 3186 3459 3242 Hodie

206 3278 253 3330 si
286 3294 459 3331 vocem
496 3295 607 3347 ejus
640 3280 943 3349 audieritis,
971 3281 1133 3336 nolite
1157 3281 1419 3336 obdurare
1451 3281 1611 3335 corda
1652 3290 1845 3336 vestra.
1892 3277 2171 3349 Loquentc
2214 3293 2340 3333 vero
2376 3278 2506 3348 ipsis
2562 3275 2795 3331 Domino
2842 3278 2896 3333 in
2929 3278 3166 3334 adventu
3205 3294 3307 3335 suo
3354 3293 3459 3334 non

206 3376 529 3429 audiverunt
553 3391 700 3441 cum,
730 3377 851 3433 ideo
879 3378 1197 3434 inscribitur
1223 3379 1343 3435 sine
1382 3378 1542 3433 titulo
1576 3377 1716 3448 apud
1745 3375 2022 3433 iiebrzeos.
2053 3376 2255 3431 Psalmi
2286 3376 2432 3430 cnim
2467 3374 2937 3431 denuntiationem
2966 3391 3076 3430 nou
3118 3377 3459 3432 audiverunt.

204 3477 267 3523 ut
292 3468 383 3537 qui
415 3484 520 3523 non
551 3468 820 3526 habebant
858 3472 1009 3527 illum
1041 3473 1096 3527 in
1137 3489 1195 3529 se
1232 3472 1384 3543 ipsis.
1419 3471 1605 3543 Itaque
1641 3472 1754 3525 sine
1792 3470 1944 3525 titulo
1990 3470 2128 3539 apud
2163 3467 2411 3523 Ilcbrazos
2444 3466 2702 3537 psalmus,
2743 3466 2943 3537 quippe
2969 3466 3063 3537 qui
3108 3467 3177 3522 ab
3209 3468 3341 3537 ipsis
3368 3484 3435 3523 ex

205 3571 397 3629 ceptus
438 3574 546 3613 non
577 3568 684 3627 est,
719 3578 827 3616 non
855 3564 1002 3617 enim
1045 3564 1120 3617 illi
1147 3563 1617 3619 auscultaveruut.

277 3649 328 3702 1.
354 3647 536 3712 Δεῦτε,
564 3648 938 3721 πληρωθῶμεν
966 3651 1145 3722 πάσης
1176 3652 1351 3724 χαρᾶς
1374 3652 1431 3705 ἐν
1462 3650 1537 3721 (5)
1569 3650 1777 3722 Κυρίῳ.
1809 3665 1851 3722 (;

1746 3669 1777 3704 ι.
1809 3665 1851 3722 c
1956 3650 2007 3703 1.
2042 3647 2252 3713 Venite,
2286 3649 2613 3718 impleamur
2634 3648 2785 3706 omni
2819 3650 3017 3720 gaudio
3046 3651 3102 3705 in
3134 3650 3382 3710 Domino.

277 3740 330 3795 2.
359 3739 647 3813 Δεηθῶμεν
675 3742 811 3813 μετὰ
831 3742 1079 3815 δακρύων
1107 3744 1201 3798 τοῦ
1226 3743 1359 3798 Θεοῦ
1385 3744 1542 3815 ἡμῶν
1572 3742 1746 3815 Ἰησοῦ
1766 3760 1779 3773 ·

1954 3743 2009 3796 2.
2042 3741 2405 3814 Dcprecemur
2442 3758 2565 3797 cum
2596 3742 2852 3814 lacrymis
2886 3742 3176 3797 Dominum
3210 3754 3456 3799 nostrum

201 3836 265 3889 τὸ
298 3834 406 3907 γὰρ
432 3834 657 3904 Σωτὴρ,
699 3835 929 3903 Ἰησοῦς
960 3836 1036 3908 (6)
1073 3838 1454 3910 ἑρμηνεύεται.

1882 3832 2066 3890 Jcsum
2097 3852 2112 3899 ;
2138 3832 2389 3889 Salvator
2416 3836 2560 3890 enim
2593 3833 2748 3889 Jesus
2782 3834 3181 3904 interpretatur.

276 3926 329 3983 3.
354 3928 461 3980 Καὶ
496 3928 602 3999 πρὸ
632 3927 729 4001 τῆς
766 3930 1062 3999 παρουσίας
1100 3930 1265 3984 αὑτοῦ
1291 3929 1569 4001 δεηθῶμεν
1595 3926 1781 3984 αὑτοῦ.

1693 3926 1781 3984 οῦ.
1952 3927 2006 3981 5.
2043 3925 2105 3981 Et
2131 3938 2254 3982 ante
2278 3928 2573 3982 adventum
2608 3928 2780 3998 ipsius
2808 3926 3159 3982 obsecramus
3182 3942 3329 3983 eum.

277 4017 329 4073 4.
360 4019 468 4071 Καὶ
491 4018 783 4089 ψάλλοντες
817 4019 1184 4090 ίκετεύσωμεν
1209 4021 1390 4075 αὐτόν.

1338 4038 1390 4074 ιν.
1951 4020 2005 4073 4.
2046 4019 2109 4073 Et
2142 4021 2432 4091 psallentes
2458 4021 2828 4091 suppliccmus
2851 4020 2974 4089 ipsi.

279 4110 331 4164 5.
368 4112 574 4182 Ἰησοῦς
614 4112 850 4183 Χριστός
879 4113 988 4185 (7)·
1018 4112 1201 4176 καθὼς
1225 4115 1254 4166 ὁ
1279 4111 1600 4174 Ἀπόστολος
1623 4108 1782 4164 αὐτὸν

1952 4112 2005 4167 5.
2073 4111 2234 4168 Jesus
2292 4113 2584 4170 Christus:
2648 4111 3107 4183 quemadmodum
3164 4110 3455 4181 Apostolus

201 4203 353 4272 λέγει
388 4204 562 4274 μέγαν
595 4202 727 4257 Θεὸν
754 4205 813 4258 ὲν
842 4204 921 4276 τῷ
944 4206 1146 4259 εἰπεῖν·
1186 4204 1295 4260 Τοῦ
1321 4201 1589 4275 μεγάλου
1612 4199 1780 4264 Θεοῦ,

1880 4218 2006 4259 eum
2061 4214 2221 4259 vocat
2259 4220 2520 4275 magnum
2570 4202 2742 4258 Deum
2793 4204 3003 4270 dicens,
3050 4201 3233 4273 Magni
3284 4202 3377 4257 Dei
3406 4212 3454 4258 et

203 4295 303 4351 καί
335 4295 607 4365 Σωτῆρος
636 4295 803 4367 ἡμῶν
841 4294 1050 4365 Ἰησοῦ
1093 4297 1387 4367 Χριστοῦ,
1445 4295 1515 4361 δς
1561 4293 1783 4348 ἔδωκεν

1882 4293 2175 4349 Saluatoris
2206 4296 2373 4349 nostri
2400 4292 2531 4351 Iesu
2562 4291 2785 4361 Christi,
2818 4295 2909 4365 qui
2934 4293 3079 4349 dedit
3121 4295 3454 4365 semetipsum

201 4389 423 4444 ἑαυτὸν
444 4388 597 4458 ὑπὲρ
626 4388 816 4459 ἡμῶν.

594 4414 597 4429 ι
626 4388 816 4459 ἡμῶν.
1881 4403 1975 4457 pro
1999 4386 2144 4439 nobis
2168 4386 2230 4441 ".

274 4484 329 4538 6.
358 4482 480 4536 Ἐπὶ
510 4484 686 4537 πάντα
727 4484 783 4537 δὲ
819 4484 895 4555 (8)
936 4484 1005 4538 τὰ
1036 4482 1165 4553 ἔθνη
1200 4480 1507 4553 βασιλεύσει
1551 4480 1641 4535 διὰ
1686 4480 1783 4551 τῆς

1946 4480 2000 4539 6.
2040 4478 2215 4550 Super
2240 4496 2430 4536 omnes
2469 4490 2651 4537 autem
2683 4490 2874 4554 gentes
2897 4479 3147 4552 regnabit
3174 4494 3271 4552 per
3292 4479 3452 4537 [idem

203 4574 443 4639 πίστεως
472 4576 657 4629 αὐτοῦ.
1880 4586 2057 4631 suam.

276 4667 326 4721 7.
356 4668 412 4721 Ὀ
438 4668 564 4732 λαὸς
596 4669 625 4721 ὀ
654 4669 863 4733 πιστός.

1950 4662 2002 4722 7.
2056 4661 2295 4733 Populus
2338 4662 2532 4719 ﬁdelis.

274 4758 328 4815 8.
368 4760 433 4813 Οἱ
466 4760 611 4829 λόγοι
641 4762 748 4815 τῶν
780 4761 855 4833 (9)
884 4760 1196 4833 προφητῶν.

1157 4780 1196 4813 ν.
1949 4755 2003 4814 8.
2050 4754 2447 4827 Prophetarum
2488 4768 2793 4813 sermones.

272 4852 325 4908 9.
344 4854 466 4907 Ὀτι
500 4853 664 4907 αὑτοῦ
696 4857 809 4907 ἐστι
843 4856 951 4908 πᾶν
995 4855 1054 4906 τὸ
1083 4852 1283 4926 πλῆθος
1313 4851 1422 4906 τῶν
1454 4852 1777 4925 ἀνθρώπων,

1946 4844 2005 4899 9.
2050 4844 2318 4909 Quoniam
2350 4846 2522 4917 ipsius
2556 4854 2642 4903 est
2675 4846 2928 4901 universa
2974 4845 3261 4904 hominum
3312 4864 3453 4903 mu.-

197 4948 296 5000 καὶ
326 4947 478 5013 αὐτὸ,
504 4948 597 5002 καὶ
623 4949 683 5001 τὸ
713 4948 926 5020 πρῶτον
956 4946 1068 5019 (10)
1098 4944 1529 5019 ἐδημιούργησεν
1558 4946 1777 5009 αὐτοὺς,

1881 4936 2079 5003 titudo,
2126 4945 2180 4993 et
2224 4938 2360 5008 ipse,
2399 4947 2453 4992 et
2498 4936 2737 5008 primum
2770 4936 2977 4992 creavit
3021 4951 3138 5003 eos,
3168 4946 3227 4993 et
3256 4937 3454 4994 deinde

200 5039 295 5093 καὶ
330 5036 492 5093 πάλιν
518 5041 576 5092 ὲν
594 5038 671 5110 τῷ
696 5038 1030 5112 βαπτίσματι
1056 5036 1415 5093 ἀνεκαίνισεν.
1812 5037 1856 5093 D
1881 5029 1937 5084 in
1960 5029 2233 5101 baplismo
2260 5028 2565 5092 ΐεηονῦνὶῑν

273 5174 317 5207 ι·
343 5172 451 5231 Tit.
488 5189 549 5241 ιι,
576 5176 661 5240 ιδ,
709 5174 792 5229 ιι.

1148 5334 1455 5400 Addenda
1506 5340 1567 5395 et
1599 5327 1973 5407 corrigenda
2001 5343 2081 5389 ex
2112 5324 2255 5389 cod.
2289 5321 2493 5389 Vatic.

269 5511 346 5580 (1)
391 5510 454 5563 Ἥ
484 5508 573 5562 διὰ
600 5509 699 5580 τῆς
725 5506 1089 5580 κινναϐάρεως
1125 5524 1248 5580 περ.
1352 5578 1365 5580 _
1564 5574 1575 5580 _
1726 5574 1740 5580 _
2040 5498 2143 5580 ⁸Τῷ
2166 5497 2273 5578 γᾴρ
2293 5498 2528 5580 ,ξῳτῆριι
2556 5491 2755 5580 Ἰησοῦ,
2776 5502 2879 5580 ςξιος

269 5526 346 5580 (ι)
396 5526 454 5563 'u
484 5526 573 5562 οια
600 5526 699 5580 της
725 5526 1089 5579 κινναοαρεως
1125 5526 1190 5561 πε
1235 5550 1248 5562 .

268 5582 347 5705 (ἓξ
380 5580 477 5668 ξος
501 5579 797 5667 fossam
824 5578 1159 5659 είρήκαμεν,
1196 5526 1311 5633 gare
1335 5578 1531 5659 desunt
1563 5574 1616 5628 in
1642 5574 1762 5629 cod.

268 5653 323 5705 l3
406 5652 589 5705 Υιιων.
614 5668 689 5705 ως
726 5652 783 5701 ὲν
812 5666 891 5705 τω
929 5665 1397 5705 παραπικρασμω.
1424 5660 1527 5701 etc.

1564 5574 1575 5585 ⁸
1940 5526 2017 5570 ‘0}
2040 5526 2143 5587 ἰψ
2305 5526 2520 5571 μωιηρι
2572 5526 2755 5569 Ιῐλυυυ,
2776 5526 2879 5550 CW0

1481 5586 1531 5631 nt
1563 5590 1616 5628 in
1642 5574 1762 5629 cod.
2052 5569 2581 5694 nazzgsfxmatég,
2614 5577 2751 5633 etc.,
2774 5565 2833 5629 δς
2866 5564 3117 5619 δέδωκεν.

1481 5664 1527 5701 c.
2313 5677 2327 5691 .

289 5641 345 5721 5)
382 5641 589 5721 ΪΥμῶν,
614 5649 689 5713 ὡς
726 5641 891 5721 ὲντῷ
929 5641 1397 5720 παραπικρασμῷ,
1424 5660 1527 5701 etc.
1753 5714 1764 5721 _

726 5641 891 5721 ὲντῷ
929 5641 1397 5720 παραπικρασμῷ,
1424 5660 1527 5701 etc.
1753 5714 1764 5721 _
2153 5641 2326 5721 deest:

288 5709 343 5791 4)
378 5709 619 5785 ﬁmi;
645 5709 874 5791 ,ipaulo'
903 5709 1028 5789 post
1083 5709 1216 5790 παρ’
1260 5709 1443 5781 ain-oi;
1495 5731 1594 5788 pro
1636 5714 1765 5784 παρ’

978 5709 1028 5774 si
1083 5709 1216 5790 παρ’
1260 5709 1443 5781 α’ὑτοίς
1495 5731 1594 5788 pro
1636 5714 1765 5784 παρ’
2153 5709 2614 5791 λοιττίοὶςιτῶν,,οιιιζ

206 5775 495 5855 Ἕὸόαίοις.
599 5775 616 5785 ’
647 5775 659 5785 ’
688 5775 709 5791 ¹
903 5775 923 5789 ⁸
1168 5775 1179 5790 ’
1423 5775 1438 5781 ⁷
1496 5775 1513 5788 ’
1718 5775 1729 5784 ’

1936 5775 2047 5855 (10)
2087 5781 2197 5855 καὶ
2222 5780 2403 5850 αὐτὸς,
2431 5781 2523 5835 καὶ
2572 5780 2632 5834 τὸ
2685 5778 2967 5852 πρότερον,
3013 5788 3140 5847 etc.,
3166 5775 3435 5837 ἀνεκαίνι-

264 5809 709 5935 ἴῶαίῖλῗσθῶμιν
735 5861 915 5931 πάσης
946 5860 1167 5933 χάριτος
1190 5860 1255 5914 ἐν
1290 5855 1388 5926 τῷ,
1421 5863 1525 5911 etc.
1867 5809 2201 5915 σεδιέίτΐύέ
