4142 6476
742 407 878 461 1067
1559 400 1614 454 S.
1656 397 2027 452 ATHANASH
2066 396 2215 451 OPP.
2259 395 2435 452 PARS
2475 397 2565 451 Ill.
2606 427 2674 437 —
2711 351 3123 452 EXEGETICA.
3850 397 3981 450 1068

810 525 891 578 17.
925 522 987 577 Ει
1012 524 1415 577 exsultaverunt
1445 519 1565 574 ﬁliae
1594 518 1765 583 Judte,
2323 521 2370 577 Α

2341 521 2370 577 ι
2467 515 2553 572 17.
2586 516 2694 568 Καὶ
2725 514 3120 584 ὴγαλλιάταντο
3150 515 3204 566 αἱ
3237 513 3534 584 θυγατέρες
3559 513 3660 584 τῆς
3704 514 3977 576 Ἰουδαίας,

808 616 893 670 18.
929 614 1153 682 Propter
1181 615 1380 684 judicia
1411 622 1523 666 tua.
1557 610 1804 665 Domine.

2476 606 2562 659 18.
2593 608 2814 660 Ἕνεκεν
2844 610 2950 661 τῶν
2984 607 3265 678 χριμάτων
3293 623 3408 670 σου,
3439 604 3631 677 Κύριε.

807 710 890 762 19.
909 708 1171 773 Quoniam
1205 718 1260 761 tu
1277 705 1541 760 Dominus
1571 704 1869 758 altissimus
1898 715 2060 770 super
2080 713 2296 754 omnem

2245 713 2296 752 m
2476 697 2561 751 19.
2587 698 2706 751 Ὅτι
2735 700 2797 750 σὺ
2829 699 3030 769 Κύριος
3054 699 3271 768 ὖψιστος
3300 700 3392 752 ἐπὶ
3422 701 3603 752 πᾶσαν
3627 699 3728 768 τὴν
3751 697 3877 766 γῆν·

738 814 932 857 terram
968 817 981 854 ζ

803 895 892 948 20.
928 892 1101 947 Nimis
1128 892 1397 947 exaltatus
1424 906 1482 946 es
1505 905 1665 960 super
1689 903 1878 944 omnes
1911 886 2063 942 deos.

2472 882 2560 935 20.
2587 882 2792 953 Σφόδρα
2818 881 3180 954 ύπερυψώθης
3207 882 3348 953 ὑπὲρ
3377 882 3587 946 πάντας
3618 883 3748 944 τοὺς
3804 878 3976 943 θεούς.

800 986 887 1039 21.
923 985 1025 1051 Qui
1053 983 1273 1054 diligitis
1306 983 1612 1047 Dominum,
1647 982 1792 1037 odite
1818 981 2049 1045 malum;

2473 972 2560 1028 21.
2587 975 2648 1025 Ol
2677 973 2994 1041 ἀγαπῶντες
3017 972 3108 1025 τὸν
3139 971 3360 1043 Κύριον,
3395 976 3601 1043 μισεῖτε
3635 973 3870 1043 πονηρά·

798 1079 888 1133 22.
911 1077 1156 1132 Custodit
1177 1074 1438 1129 Dominus
1459 1076 1668 1129 animas
1691 1083 2001 1128 sanctorum
2029 1086 2291 1127 suorum:

2471 1062 2558 1115 22.
2592 1062 2856 1115 Φυλάσσει
2884 1061 3086 1133 Κύριος
3104 1061 3202 1124 τὰς
3230 1061 3407 1132 ψυχὰς
3427 1061 3534 1114 τῶν
3568 1062 3734 1114 ὁσίων
3761 1063 3943 1115 αὑτοῦ·

801 1171 890 1224 23.
927 1168 999 1222 De
1033 1183 1190 1222 manu
1223 1167 1518 1235 peccatoris
1549 1165 1799 1220 liberabit
1828 1180 1943 1219 eos.

2472 1154 2559 1207 23.
2607 1155 2700 1206 ‘Ex
2730 1154 2909 1225 χειρὸς
2940 1153 3260 1226 ἁμαρτωλιοῦ
3293 1153 3514 1226 ῥύσεται
3543 1153 3769 1218 αύτούς.

800 1260 888 1313 24.
924 1259 1039 1313 Lux
1072 1268 1187 1312 orta
1221 1268 1303 1311 est
1330 1257 1478 1326 justo
1513 1274 1527 1311 :

2469 1244 2557 1298 24.
2587 1245 2702 1309 Φῶς
2726 1244 2961 1298 ἀνέτειλε
2987 1246 3063 1315 τῷ
3087 1245 3296 1315 δικαίῳ·

799 1354 889 1407 25.
920 1351 982 1406 Et
1012 1352 1172 1406 rectis
1201 1350 1361 1404 corde
1394 1349 1594 1404 latitia.

2467 1336 2555 1390 25.
2580 1336 2689 1389 Καὶ
2712 1339 2820 1400 τοῖς
2841 1336 3020 1389 εύθέσι
3046 1339 3110 1406 τῇ
3141 1337 3334 1408 καρδίᾳ
3364 1335 3692 1407 εὐφροσύνη.

799 1444 887 1498 26.
923 1440 1204 1496 Laetamini
1231 1439 1362 1509 justi
1395 1439 1446 1493 in
1476 1439 1703 1494 Domino
1730 1457 1742 1493 :

2468 1428 2555 1481 26.
2582 1429 2956 1500 Εὐφράνθητε,
2986 1430 3198 1495 δίκαιοι,
3223 1433 3280 1484 ἐν
3300 1430 3377 1500 τῷ
3401 1431 3592 1501 Κυρίῳ
3609 1448 3623 1461 ’

798 1534 887 1586 27.
915 1533 979 1586 Et
1000 1532 1330 1586 conﬁtemini
1362 1531 1638 1586 memoria:
1681 1528 2124 1584 sanctificationis
2149 1527 2287 1597 ejus.

2466 1519 2553 1573 27.
2563 1522 2666 1573 Καὶ
2680 1519 3074 1591 ἐξομολογεῖσθε
3088 1525 3151 1592 τῇ
3173 1524 3272 1593 μνή
3282 1540 3353 1593 μῃ
3367 1523 3462 1593 τῆς
3477 1519 3793 1592 ἁγιωσύνης
3802 1518 3976 1573 αὐτοῦ.

1012 1624 1259 1677 Psalmus
1299 1623 1487 1677 David.
1525 1621 1725 1676 PSAL.
1760 1619 2001 1674 XCVII.

2715 1614 2960 1682 Ψαλμύς
2985 1612 3063 1677 τῷ
3094 1615 3289 1668 Δαϐίδ.
3331 1617 3504 1668 ΨΑΛ.
3537 1617 3659 1680 kZ'.

805 1720 850 1773 1.
882 1718 1105 1772 Cantate
1130 1716 1354 1770 Domino
1384 1715 1655 1770 canticum
1683 1728 1880 1766 novum
1913 1729 1929 1776 ;

1863 1728 1880 1765 ι
1913 1729 1929 1776 ;
2472 1707 2522 1759 1.
2559 1707 2760 1776 ’ᾼσατε
2792 1705 2869 1776 τῷ
2902 1706 3091 1779 Κυρίῳ
3115 1703 3265 1778 ᾆσμα
3287 1708 3499 1760 καινόν·

799 1813 852 1865 2.
888 1810 1022 1876 Quia
1053 1809 1319 1862 mirabilia
1345 1806 1472 1860 fecit
1506 1805 1784 1859 Dominus.

2470 1799 2524 1852 2.
2554 1800 2675 1850 Ὀτι
2711 1797 2999 1868 Θαυμαστὰ
3023 1800 3273 1870 ἐποίησεν
3294 1802 3321 1852 ὁ
3353 1799 3577 1870 Κύριος.

801 1903 852 1955 3.
893 1901 929 1954 ὃ
968 1901 1127 1953 lvavit
1157 1914 1283 1953 eum
1311 1896 1530 1952 dextera
1562 1896 1704 1965 ejus.
2332 1886 2374 1940 B

2332 1886 2374 1940 B
2474 1891 2525 1943 5.
2565 1890 2806 1940 Ἔσωσεν
2831 1890 2993 1942 αὑτὸν
3027 1891 3059 1960 ἡ
3087 1889 3235 1956 δεξιὰ
3267 1889 3431 1943 αὑτοῦ
3464 1906 3475 1917 ·

799 1993 852 2045 4.
885 1992 947 2045 Et
975 1992 1254 2046 brachium
1287 1999 1536 2044 sanctum
1566 1987 1706 2056 ejus.

2470 1982 2519 2034 4.
2552 1982 2662 2034 Καὶ
2693 1983 2720 2034 ὁ
2749 1980 2987 2050 βραχίων
3008 1982 3035 2033 ὁ
3059 1980 3212 2048 ἆγιος
3239 1979 3421 2034 αὐτοῦ.

888 2080 1085 2136 Notum
1121 2080 1242 2135 fecit
1277 2079 1535 2132 Dominus
1569 2077 1806 2131 salutare
1840 2088 1999 2128 suum
2030 2090 2044 2127 :

2467 2072 2518 2128 5.
2567 2072 2856 2144 Ἑγνώρισε
2888 2070 3089 2144 Κύριος
3119 2072 3179 2124 τὸ
3206 2073 3465 2142 σωτήριον
3486 2069 3654 2123 αὑτοῦ
3677 2087 3691 2099 ο

799 2173 851 2229 6.
908 2172 961 2225 In
1033 2179 1327 2240 conspectu
1404 2167 1641 2238 gentium
1708 2165 1965 2220 revelavit
2029 2163 2296 2233 justitiam

2467 2163 2518 2216 6.
2559 2162 2828 2215 Ἐναντίον
2854 2161 2960 2215 τῶν
3000 2160 3167 2214 ἐθνῶν
3215 2159 3529 2230 ἀπεκάλυψε
3573 2160 3673 2231 τὴν
3708 2158 3977 2215 δικαιοςτύο

731 2282 906 2320 suam.

2395 2273 2494 2325 νην
2518 2272 2699 2308 αυτου.

1844 2433 2218 2491 ATllANASll
2256 2432 2849 2490 INTERPRETATIO.

800 2603 886 2658 17,
923 2602 1129 2654 Animae
1157 2606 1499 2661 sanctorum,
1543 2603 1596 2650 et
1633 2609 1753 2665 quae
1784 2595 2034 2663 reposita:
2073 2599 2203 2647 sunt
2236 2591 2290 2644 in

2469 2589 2558 2643 17.
2585 2590 2649 2641 At
2701 2587 2870 2658 ψυχαὶ
2895 2586 3002 2640 τῶν
3039 2585 3232 2654 ἁγίων,
3264 2587 3357 2640 καὶ
3393 2586 3470 2660 (1)
3513 2587 3878 2661 ἀνακείμεναι
3919 2594 3979 2662 τῇ

729 2708 959 2763 superna
984 2689 1336 2743 Hierusalem.

1273 2704 1336 2740 m.
2397 2681 2508 2735 ἂνω
2542 2679 2909 2750 Ἰερουσαλήμ.

799 2786 884 2840 18.
902 2784 1125 2854 Propter
1141 2796 1360 2849 ea,qu:e
1376 2780 1443 2832 de
1469 2778 1625 2831 nobis
1651 2775 1986 2841 deliberasti,
2010 2785 2063 2829 et
2091 2772 2290 2829 feciSIi.

2464 2772 2550 2826 18.
2574 2773 2797 2825 Ἕνεκεν
2816 2765 2890 2824 ὧν
2911 2770 3210 2824 ἐϐουλεύσω
3231 2771 3358 2843 περὶ
3379 2774 3412 2843 ἡ
3420 2772 3555 2842 μῶν,
3576 2775 3676 2827 καὶ
3695 2774 3976 2842 ἐποίησας.

796 2881 884 2934 19.
919 2877 1188 2944 Quoniam
1219 2885 1309 2940 lu,
1350 2871 1596 2938 Domine,
1628 2869 1960 2941 gloriﬁcatus
1988 2884 2048 2923 es
2087 2867 2141 2920 in
2170 2867 2292 2920 uni-

2465 2865 2551 2919 19.
2591 2864 2712 2916 Ὅτι
2746 2864 2811 2915 σὺ
2847 2858 2898 2915 εἴ
2947 2863 3348 2935 δεδοξασμένος,
3381 2864 3576 2935 Κύριε,
3627 2868 3685 2917 έν
3713 2865 3883 2918 παντὶ
3911 2863 3981 2933 τῷ

727 2987 883 3026 verso
913 2967 1135 3023 mundo.

971 2967 1135 3023 unde.
2391 2955 2601 3026 κόσμῳ.

793 3062 884 3116 2ο.
916 3059 1053 3115 Vere
1077 3060 1480 3114 demonstratus
1507 3071 1586 3120 es,
1610 3054 1755 3125 quod
1781 3063 1838 3107 tu
1864 3068 1925 3106 es
1952 3051 2101 3107 solus
2121 3049 2286 3116 Deus,

2456 3047 2546 3103 20.
2587 3045 2829 3118 Ἀληθῶς
2881 3045 3148 3118 ὲδείχθης,
3201 3048 3282 3100 ὅτι
3317 3048 3381 3101 σὺ
3414 3041 3466 3099 εἷ
3500 3045 3635 3108 Θεὸς
3669 3046 3749 3118 (2)
3803 3047 3975 3118 μόνος·

724 3169 832 3211 non
865 3161 1046 3208 autem
1078 3151 1176 3217 illi,
1209 3151 1304 3219 qui
1333 3148 1406 3203 dii
1438 3148 1713 3202 dicuntur.

1495 3154 1713 3202 cuntur.
2392 3139 2454 3192 ού
2479 3139 2588 3207 γὰρ
2612 3141 2660 3192 ot
2691 3138 2969 3209 λεγόμενοι
3003 3137 3131 3193 Θεοί.

791 3247 881 3299 21.
930 3244 1222 3314 Diligentes
1249 3239 1538 3295 Dominum
1579 3238 1749 3309 fugite
1784 3251 1947 3294 omne
1978 3245 2284 3307 peccatum.
2314 3232 2363 3294 C

2341 3232 2363 3294 ζ
2460 3231 2548 3284 21.
2583 3232 2644 3282 Ol
2703 3229 3022 3297 ἀγαπῶντες
3077 3231 3167 3283 τὸν
3227 3228 3454 3302 Κύριον,
3511 3229 3747 3299 φεύγετε
3802 3232 3977 3284 πᾶσαν

2390 3321 2686 3394 ἁμαρτίαν.

792 3427 884 3482 22.
916 3425 1218 3481 Colentium
1249 3440 1396 3478 eum.

2459 3413 2548 3467 22.
2578 3411 2696 3464 Τῶν
2721 3411 3026 3482 σεϐομένων
3052 3411 3214 3467 αὐτόν
3242 3412 3340 3482 (3).

791 3522 882 3576 225.
915 3519 994 3572 Ex
1025 3517 1224 3572 diaboli
1253 3523 1536 3585 potestate.

2458 3506 2549 3560 2'5.
2591 3505 2684 3558 Ἐκ
2717 3506 2815 3574 τῆς
2839 3505 2930 3558 τοῦ
2961 3505 3208 3559 διαϐόλου
3241 3501 3579 3565 δυναστείας.

793 3609 881 3662 24.
915 3608 1099 3661 Gratia
1127 3620 1224 3659 sua
1259 3606 1312 3656 in
1343 3603 1599 3658 cordibus
1623 3600 1881 3656 ﬁdelium.

2458 3597 2547 3652 24.
2578 3597 2687 3668 Τὴν
2721 3599 2880 3669 χάριν
2917 3595 3015 3669 ['H
3049 3595 3230 3669 χάρις]
3258 3595 3422 3651 αὑτοῦ
3473 3597 3531 3648 ὲν
3556 3596 3678 3656 ταῖς
3727 3595 3969 3667 καρδίαις

2390 3689 2498 3741 τῶν
2530 3688 2604 3759 4)
2634 3688 2859 3742 πιστῶν.

792 3784 881 3838 25.
916 3783 979 3837 Et
1010 3782 1227 3837 mundis
1251 3782 1416 3838 corde
1450 3781 1681 3849 Spiritus
1714 3780 1834 3849 ejus
1865 3788 2108 3834 sanctus.

2461 3780 2550 3833 25.
2582 3782 2690 3832 Καὶ
2718 3780 2793 3848 (5)
2847 3781 2957 3841 τοῖς
3011 3778 3268 3848 καθαροῖς
3305 3781 3372 3848 τῇ
3403 3781 3600 3852 καρδία
3639 3783 3703 3835 τὸ
3747 3780 3969 3850 Πνεῦμα

2393 3869 2556 3922 αὐτοῦ
2587 3870 2646 3921 τὺ
2678 3869 2849 3938 ἆγιον.

793 3954 882 4021 26,
911 3954 1000 4008 27.
1034 3953 1331 4019 Exsultate,
1375 3963 1428 4008 et
1467 3953 1761 4023 gloriﬁcate
1805 3969 1928 4008 eum
1961 3956 2283 4012 memoriam

2463 3958 2532 4012 26
2551 4000 2565 4023 ,
2597 3959 2685 4015 27.
2719 3960 3094 4028 Ἀγαλλιᾶσθε,
3129 3961 3224 4015 καὶ
3255 3961 3504 4027 δοξάζετε
3531 3964 3718 4030 αὑτὸν,
3758 3979 3963 4034 μνημο-

727 4048 983 4102 liabentes
1017 4048 1318 4102 sanctitatis
1361 4047 1499 4116 ejus,
1541 4061 1649 4116 qua
1693 4046 2015 4102 sanctiﬁcati
2048 4050 2200 4114 estis,
2235 4060 2288 4105 et

2393 4050 2637 4114 νεύοντες
2659 4048 2752 4102 τοῦ
2792 4050 3064 4122 ἁγιασμοῦ
3097 4050 3171 4121 (6)
3188 4052 3376 4120 αὑτοῦ,
3405 4048 3465 4108 οὗ
3514 4053 3840 4126 ἡγιάσθητε,
3877 4054 3962 4106 καὶ

726 4153 823 4193 vos
855 4138 1171 4192 sanctiﬁcat.

1163 4176 1171 4191 -
2392 4143 2605 4211 ἁγιάζει
2638 4144 2799 4213 ὑμᾶς.

805 4275 868 4326 Ἦ
903 4271 1234 4344 προκειμένη
1256 4269 1531 4341 ἐπιγραφὴ
1559 4269 1804 4339 περιέχει
1835 4268 1910 4339 (7i
1928 4283 1942 4296 '
1983 4269 2224 4338 ¹1”αλμὸς
2246 4270 2322 4337 τῷ
2347 4274 2544 4339 Δαϐὶὸ,
2570 4275 2816 4328 τουτέστι
2845 4274 2925 4341 τῷ
2945 4276 3126 4345 ἱκανῷ
3150 4277 3225 4348 τῇ
3253 4278 3427 4350 χειρί,
3447 4279 3528 4351 τῷ
3570 4281 3766 4353 Κυρίῳ
3812 4279 3960 4352 ἡμῶν

739 4369 910 4442 ἰησοῦ
941 4366 1176 4439 Χριστῷ.

796 4461 1007 4516 Titulus
1035 4460 1355 4530 praepositus
1391 4459 1635 4513 continet
1673 4476 1685 4512 :
1723 4456 1972 4511 Psalmus
2003 4457 2204 4522 David,
2237 4462 2342 4515 hoc
2368 4470 2451 4516 est
2479 4478 2640 4514 manu
2674 4461 2826 4530 forti,
2870 4461 3103 4519 Domino
3130 4475 3324 4522 nostro
3353 4463 3484 4524 Jesu
3506 4466 3750 4525 Christo.

793 4574 844 4624 1.
876 4571 1152 4624 Mundum.
2318 4576 2362 4630 ι)

2318 4576 2362 4630 D
2462 4572 2512 4626 1.
2540 4573 2809 4646 Καθαρόν.

792 4664 845 4716 2.
878 4660 934 4715 1η
971 4672 1129 4714 terra.

2463 4662 2513 4715 2.
2561 4665 2681 4716 Ἐπὶ
2713 4665 2813 4734 τῆς
2844 4665 2966 4736 γῆς.

792 4756 843 4809 5.
877 4752 1044 4809 Filius
1079 4754 1197 4820 ejus
1224 4751 1512 4822 acquisivit
1548 4766 1740 4806 omnes
1767 4752 1870 4806 sibi
1899 4751 2025 4822 ipsi,
2058 4762 2111 4807 et
2135 4751 2284 4834 Patri

2461 4755 2514 4807 5.
2560 4755 2618 4806 '0
2651 4755 2775 4818 Υἱδς
2796 4757 2962 4810 αὐτοῦ
2998 4760 3420 4831 περιεποιήσατο
3443 4762 3655 4828 πάντας
3682 4761 3761 4835 (8)
3786 4762 3956 4834 ἑαυτῷ

716 4861 836 4903 suo.
2392 4846 2484 4898 καὶ
2506 4845 2583 4917 τῷ
2616 4847 2790 4917 Πατρὶ
2820 4848 3004 4905 αὐτοῦ.

783 4939 836 4992 4.
874 4935 1188 5008 Unigenitus
1212 4934 1354 4989 Deus
1377 4933 1636 4989 Verbum.

2458 4933 2514 4989 4.
2559 4935 2620 4987 Ὀ
2655 4938 2949 5008 μονογενὴς
2967 4938 3097 5002 Θεὸς
3117 4938 3305 5008 Λόγος.

785 5030 836 5082 5.
871 5027 1225 5082 Manifestavit
1259 5025 1418 5079 Pater
1448 5025 1645 5080 Filium
1677 5043 1860 5082 suum.

2451 5023 2502 5080 5.
2551 5027 2918 5099 Ἐφανέρωσεν
2946 5034 2974 5084 ὁ
2998 5033 3186 5104 Πατὴρ
3208 5033 3298 5085 τὸν
3324 5033 3451 5088 Υίὺν
3490 5034 3680 5093 αὐτοῦ.

782 5119 835 5173 6.
875 5119 972 5174 l’er
1007 5116 1443 5188 praedicationem
1488 5119 1744 5172 revelavit
1782 5117 1941 5173 Pater
1977 5115 2274 5174 Dominum

2453 5120 2505 5174 6.
2541 5119 2638 5173 Διὰ
2658 5120 2751 5172 τοῦ
2789 5123 3140 5195 κηρύγματος
3163 5127 3514 5198 ἀπεκάλυψεν
3557 5131 3587 5182 ὁ
3627 5130 3820 5202 Πατὴρ
3867 5132 3953 5184 τὸν

713 5221 958 5266 nostrum
979 5209 1162 5266 Jesum
1190 5207 1412 5262 Christu
1427 5225 1478 5264 ιιι

2383 5211 2588 5283 Κύριον
2617 5211 2774 5282 ἡμῶν
2807 5215 3014 5287 Ἰησοῦν
3044 5219 3295 5274 Χοιστόν.

1653 5399 1958 5464 Addenda
1987 5406 2048 5463 et
2103 5401 2478 5479 corrigenda
2510 5420 2590 5464 ex
2625 5404 2766 5467 cod.
2808 5401 3007 5463 Vatic.

781 5571 855 5641 (1)
889 5572 952 5622 At
986 5584 1081 5641 pro
1107 5572 1218 5622 καί.

1217 5614 1218 5617 η
2451 5568 2527 5641 (5)
2559 5569 2666 5641 Καί
2692 5570 2853 5641 deest.

778 5632 852 5726 ἐξ)
894 5641 950 5726 2‘?
981 5632 1132 5726 ξἐάὲν
1160 5648 1287 5726 ἔξω.
1328 5707 1342 5726 ,

2573 5639 2934 5726 ᾉγὶάσματος
2961 5637 3145 5726 adeo},
3177 5632 3238 5694 οὗ
3265 5637 3766 5726 ἡγιάσθη...

778 5712 850 5778 (ὅ)
881 5710 1048 5762 Αὑτὸν
1077 5713 1133 5761 ὲν
1154 5707 1399 5788 {Meet}.
2451 5707 2530 5773 (7)
2579 5709 2640 5760 Ἢ
2671 5707 2882 5779 διαίτῆς
2917 5707 3576 5782 κινναϐάρεωςπεριέχει.

777 5781 849 5850 (4)
881 5781 922 5833 Τ
925 5779 985 5833 οὗ
1016 5795 1203 5832 πιστου
1228 5778 1378 5831 λαου.
2452 5777 2526 5846 (8)
2553 5778 2707 5849 Δύτῴ
2733 5779 2962 5842 πάντας.
