4142 6516
702 421 827 478 1071
1535 408 1593 465 S.
1633 409 2010 466 ATliANASII
2050 409 2201 466 OPP.
2240 407 2419 464 PARS
2459 407 2546 463 Ill.
2586 436 2654 447 —
2692 405 3106 463 EXEGETICA.
3807 408 3942 462 1072

765 537 819 590 9.
854 532 957 601 Qui
996 531 1152 588 sedes
1175 545 1335 601 super
1361 529 1663 592 cherubim.
1693 538 1977 584 moveatur
2015 540 2179 584 terra.
2286 534 2330 591 Α

2306 534 2330 590 ι
2428 526 2485 580 2.
2531 526 2589 579 '0
2624 523 2932 596 καθήμενος
2959 524 3051 578 ἐπὶ
3081 524 3191 577 τῶν
3224 523 3520 596 χερουδὶμ,
3554 524 3877 595 σαλιυόήτω
3908 525 3942 598 ἡ

2367 636 2432 686 γη

766 706 816 758 3.
856 702 1117 758 Dominus
1150 702 1205 757 in
1236 699 1371 756 Sion
1402 715 1631 771 magnus
1651 741 1667 765 ,

1545 716 1631 755 ius
1651 741 1667 765 ,
2434 709 2487 763 5.
2523 708 2724 778 Κύριος
2746 709 2803 761 ἐν
2825 708 2960 762 Σιὼν
2992 708 3181 781 μέγας.

765 796 817 849 4.
851 794 918 847 Et
952 794 1202 849 excelsus
1230 807 1393 863 super
1416 806 1605 846 omnes
1634 791 1885 861 populos.

2434 799 2467 851 «1
2515 800 2624 853 Καὶ
2649 799 2849 869 ὑψηλός
2881 802 3029 852 ἐστιν
3062 801 3154 853 ἐπὶ
3187 799 3396 863 πάντας
3426 801 3555 865 τοὺς
3582 800 3770 866 λαούς.

766 886 817 941 5.
856 886 1228 941 Conliteantur
1254 882 1490 956 [omnes]
1528 883 1734 937 nomini
1777 891 1870 937 tuo
1895 896 2135 953 magno:

2434 891 2486 943 5.
2531 889 3148 960 Ἐξομολογησάσοωσαν
3177 890 3423 963 [πάντες]
3461 892 3540 962 τῷ
3584 892 3819 964 ὀνόματί
3850 910 3939 946 σου

2362 978 2437 1030 τῶ
2472 980 2688 1034 μεγάλω
2705 995 2718 1007 ·

2362 996 2402 1030 τι

766 1056 819 1109 6.
852 1055 1115 1122 Quoniam
1151 1053 1411 1118 terribile,
1434 1063 1486 1108 et
1515 1062 1763 1108 sanctum
1790 1059 1872 1108 est
1901 1070 1914 1106 :

2362 996 2437 1049 τῳ
2472 996 2718 1050 μεγαλῳ·

1730 1067 1763 1106 η
1790 1059 1872 1108 εει
1901 1070 1914 1106 ε
2432 1071 2483 1124 6.
2514 1072 2633 1124 Ὅτι
2669 1070 2898 1141 φοόερὸν
2937 1072 3029 1124 καὶ
3048 1071 3201 1141 ἇγιόν
3231 1073 3366 1127 ἐστι.

766 1147 819 1201 7.
857 1146 920 1199 Ει
955 1147 1129 1200 honor
1162 1146 1304 1215 regis
1328 1145 1593 1215 judicium
1624 1145 1821 1215 diligit.

2432 1159 2484 1211 7.
2518 1160 2627 1212 Καὶ
2651 1159 2784 1230 τιμὴ
2813 1159 3074 1229 βασιλέως
3100 1160 3277 1231 κρίσιν
3304 1161 3511 1233 ἀγαπᾷ.

767 1234 817 1287 8.
855 1232 933 1287 Tu
965 1234 1166 1302 parasti
1196 1233 1572 1288 directiones:

2433 1246 2483 1301 8.
2521 1249 2591 1301 Σὺ
2615 1249 2918 1319 ἡτοίμασας
2949 1247 3249 1319 εύθύτητας
3268 1262 3281 1275 ⁸

766 1324 818 1377 9.
853 1322 1125 1379 Iudicium
1158 1332 1212 1379 et
1234 1323 1500 1392 justitiam
1530 1340 1582 1379 In
1609 1322 1778 1380 Jacob
1805 1333 1858 1379 tu
1891 1323 2084 1380 fecisti.

2431 1340 2482 1395 9.
2512 1341 2707 1410 Κρίσιν
2737 1341 2826 1395 καὶ
2850 1341 3193 1412 δικαιοσύνην
3218 1342 3274 1393 ἐν
3316 1340 3510 1394 Ἰακὼϐ
3554 1342 3621 1396 σὺ
3653 1340 3940 1414 ἐποίησας.

769 1415 854 1469 10.
879 1416 1122 1470 Exaltate
1146 1414 1433 1469 Dominum
1464 1414 1632 1471 Deum
1670 1424 1911 1471 nostrum
1938 1432 1953 1471 :

1873 1433 1911 1471 Ἦ
1938 1432 1953 1471 ε
2434 1430 2517 1485 10.
2563 1432 2787 1503 ’Υψοῦτε
2824 1434 3028 1504 Κύριον
3053 1433 3142 1486 τὸν
3170 1433 3301 1487 Θεὸν
3325 1435 3509 1505 ἡμῶν

769 1510 853 1562 il.
886 1506 950 1561 Et
974 1508 1196 1562 adorate
1222 1509 1518 1564 seabellum
1548 1508 1742 1578 pedum
1766 1508 1884 1579 ejus
1910 1529 1921 1563 :

2434 1522 2491 1573 11
2506 1562 2518 1576 .
2540 1524 2648 1576 Καὶ
2674 1527 3026 1595 προσκυνεῖτε
3042 1525 3121 1596 τῷ
3138 1526 3413 1597 ὑποποδίῳ
3429 1526 3535 1579 τῶν
3556 1526 3740 1582 ποδῶν
3756 1526 3940 1581 αὐτοῦ’

769 1599 852 1653 12.
884 1598 1153 1664 Quoniam
1180 1608 1405 1653 sanctus
1427 1606 1528 1654 est.

1386 1615 1405 1653 5
1427 1606 1528 1654 est.
2433 1612 2519 1666 12.
2552 1615 2672 1668 Ὀτι
2703 1616 2857 1683 ἅγιός
2885 1619 3022 1670 ἐστι.

767 1693 851 1744 13.
884 1691 1118 1761 Moyses,
1145 1701 1197 1745 et
1219 1692 1401 1745 Aaron
1432 1693 1484 1745 in
1510 1691 1884 1747 sacerdotibus
1911 1690 2029 1760 ejus
2050 1733 2065 1756 ,

2434 1703 2517 1759 15.
2552 1706 2812 1772 Μωῦσῆς,
2844 1708 2938 1760 καὶ⁵
2984 1706 3190 1779 ’Λαρὼν
3215 1708 3273 1762 ἐν
3304 1710 3414 1773 τοῖς
3447 1709 3687 1781 ἱερεῦσιν
3710 1710 3874 1763 αὑτοῦ
3895 1750 3911 1775 ,

767 1780 853 1833 14.
892 1780 956 1835 Ει
1009 1780 1231 1837 Samuel
1280 1784 1419 1836 inter
1460 1797 1576 1849 eos,
1629 1786 1720 1852 qui
1766 1782 2019 1838 invocant
2060 1799 2258 1843 nomen

2438 1795 2522 1848 14.
2557 1797 2665 1850 Και
2694 1798 2945 1869 Σαμουὴλ
2971 1801 3028 1851 ἐν
3051 1802 3164 1863 τοῖς
3193 1780 3643 1872 ἐπικαλουμένοις
3682 1804 3747 1857 τὸ
3774 1798 3943 1871 ὄνομα

696 1874 812 1943 C305
828 1912 843 1935 9
2296 1878 2337 1932 Β
2368 1888 2553 1952 αὐτοῦ,

768 1965 852 2019 15.
884 1965 1209 2021 invocabant
1266 1965 1589 2034 Dominum,
1649 1977 1703 2023 et
1760 1968 1874 2039 ipse
1926 1968 2254 2026 exaudiebat

2439 1979 2525 2033 15.
2571 1981 2961 2037 Ἐπεκαλοῦντο
2986 1984 3075 2040 τὸν
3100 1984 3323 2057 Κύριον,
3350 1987 3443 2040 καὶ
3469 1988 3632 2053 αὐτὸς
3661 1991 3946 2063 είσήκουιν

695 2075 808 2116 COS.

2365 2070 2566 2124 αὐτῶν.

769 2151 853 2205 16.
884 2153 937 2205 In
964 2151 1214 2207 columna
1242 2152 1403 2208 nubis
1425 2154 1748 2223 loquebatur
1775 2154 1842 2210 ad
1880 2170 1997 2213 eos.

2437 2161 2522 2214 16.
2563 2163 2651 2215 Ἐν
2673 2162 2846 2234 στύλῳ
2870 2165 3099 2237 νεφέλης
3129 2167 3308 2222 ἐλάλει
3345 2169 3483 2239 πρὸς
3505 2171 3730 2236 αὐτούς.

767 2242 853 2297 17.
889 2243 1156 2309 Quoniam
1186 2244 1561 2300 custodiebant
1584 2248 1889 2302 testimonia
1923 2250 2079 2319 ejus,

1986 2265 2043 2305 us
2062 2289 2079 2315 ,
2437 2253 2524 2308 17.
2556 2254 2677 2308 Ὀτι
2703 2255 3004 2324 ἐφύλασσον
3027 2258 3094 2311 τὰ
3118 2260 3393 2333 μαρτύρια
3416 2262 3583 2317 αὑτοῦ
3605 2301 3622 2327 ,

1802 2458 2174 2518 ATHANASII
2221 2464 2806 2531 INTERPRETATIO.

696 2658 976 2761 (ίανιὲξτι
1027 2658 1174 2761 ξίε-ιρλ
1225 2656 1301 2761 Τῷ
1344 2656 1458 2761 rh?
1500 2657 1593 2761 τοῖς
1628 2656 1951 2761 ξετξῧο-Εἷτα
1984 2662 2391 2761 ἀγεπίτραφος
2448 2673 2583 2741 παρ’
2622 2675 2936 2745 Ἑϐραίοιςο
2972 2680 3342 2753 ἀπρόσδεκτος
3367 2682 3444 2753 (1)
3478 2684 3587 2759 γάρ
3623 2685 3783 2741 ἐστιν
3818 2689 3942 2761 παρ’

709 2751 983 2823 Ἐὕραίοις
1030 2752 1058 2803 ὁ
1088 2750 1407 2821 ἐγκείμενος
1436 2752 1495 2802 ἐν
1525 2750 1601 2821 τῷ
1633 2751 1852 2822 ψαλμῷ,
1883 2754 2159 2811 τουτέστιν
2181 2761 2209 2812 ὁ
2243 2760 2368 2827 Υἱὸς
2396 2765 2490 2819 τοῦ
2525 2766 2681 2820 Θεοῦ.

696 2842 913 2990 ﬁnire?
934 2843 1045 2896 sine
1078 2843 1233 2895 n’tulo
1269 2842 1411 2911 apud
1444 2840 1693 2897 Hebraeos
1726 2859 1745 2895 :
1774 2853 2035 2914 exceptus
2056 2850 2202 2905 enim
2227 2868 2337 2909 non
2366 2868 2451 2912 est
2489 2859 2558 2914 ab
2590 2858 2853 2929 Hebraeis,
2884 2863 2979 2934 qui
3015 2864 3072 2918 in
3100 2864 3315 2935 psalmo
3346 2866 3682 2933 continetur,
3718 2869 3827 2927 hoc
3864 2879 3945 2926 est

776 2952 790 2990 ι
864 2952 877 2987 ι
905 2950 1007 2990 ius.

776 2952 790 2990 1
818 2950 846 2988 ι*
864 2950 1007 2991 mus.

767 3073 821 3125 9..
857 3071 962 3136 Qui
996 3071 1141 3125 sedes
1164 3087 1320 3139 super
1352 3071 1631 3126 Cnerubim
1651 3112 1665 3136 ,
1700 3072 1751 3126 in
1781 3075 2146 3145 cognitionem
2177 3092 2271 3135 ve-
2295 3064 2336 3122 (ἶ

2307 3064 2336 3122 C
2438 3064 2491 3120 2.
2546 3067 2609 3121 '0
2663 3074 3004 3140 καθήμενος
3045 3070 3145 3126 ἐπὶ
3194 3069 3314 3125 τῶν
3350 3074 3657 3144 χερουϐὶμ,
3726 3078 3811 3140 εις
3871 3078 3943 3150 (3)

699 3162 851 3216 niani
880 3171 1085 3231 gentes.

2368 3156 2661 3226 ἐπίγνωσιν
2687 3163 2816 3235 ἔλθῃ
2842 3165 2911 3217 τὰ
2941 3162 3089 3235 ἔθνη.

770 3253 821 3307 5.
861 3254 915 3306 In
947 3252 1232 3307 animabus
1259 3251 1568 3310 sitientibus
1589 3269 1712 3311 eum
1746 3270 1977 3326 magnus
2002 3267 2106 3314 est.
2134 3257 2263 3315 Sion

2437 3252 2488 3305 5.
2533 3253 2619 3305 ’Ev
2638 3257 2755 3317 ταῖς
2775 3257 2969 3326 ψυχαῖς
2992 3260 3107 3319 ταῖς
3128 3254 3385 3324 διψώσαις
3401 3260 3563 3313 αὐτὸν
3582 3260 3761 3331 μέγας
3784 3260 3942 3318 ἐστίν.

697 3347 841 3400 enim
871 3344 1253 3413 interpretatur
1278 3346 1483 3401 sitiens.

2367 3342 2521 3396 Σιὼν
2545 3345 2651 3415 γὰρ
2680 3345 2919 3414 διψῶσα
2946 3345 3327 3418 ἑρμηνεύεται.

767 3436 820 3492 4.
862 3435 1209 3491 Glorilicatus
1243 3436 1296 3490 in
1330 3436 1601 3509 gentibus.

2437 3432 2493 3488 ι.
2523 3435 2915 3506 Δεδοξασμένος
2936 3439 2994 3489 ἐν
3025 3438 3138 3499 τοῖς
3168 3436 3366 3491 ἔθνεσι.

766 3527 818 3582 5.
854 3526 1082 3582 Pcccata
1114 3542 1233 3580 sua.

2441 3524 2490 3579 5.
2525 3527 2636 3591 Τὰς
2672 3529 2945 3599 ἁμαρτίας
2970 3530 3169 3584 αὐτῶν.

769 3622 819 3674 6.
853 3618 1125 3685 Quoniam
1158 3618 1495 3685 lionorabile,
1530 3628 1584 3674 et
1614 3618 1923 3676 immortale
1946 3629 2050 3677 est.

1862 3620 1923 3676 ile
1946 3629 2050 3677 est.
2434 3616 2487 3670 6.
2519 3617 2639 3671 Ὀτι
2671 3618 2886 3691 ἔντιμον
2920 3622 3013 3674 καὶ
3050 3620 3322 3675 ἀθάνατόν
3360 3620 3498 3675 ἐστι.

770 3711 822 3765 ’1.
857 3711 920 3763 Et
951 3710 1120 3781 gloria
1148 3710 1267 3764 Filii
1295 3710 1389 3766 Dei
1420 3727 1606 3766 verum
1644 3713 1839 3782 diligit.

2440 3707 2490 3763 7.
2523 3709 2633 3762 Kal
2659 3711 2691 3780 ή
2723 3710 2850 3776 δόξα
2870 3712 2964 3766 τοῦ
2990 3712 3119 3765 Υίοῦ
3145 3712 3239 3765 τοῦ
3262 3711 3397 3765 Θεοῦ
3419 3712 3480 3764 τὸ
3506 3710 3709 3783 ἀληθὲς
3734 3713 3938 3784 ἀγαπᾷ.

772 3804 822 3858 8.
856 3804 1105 3858 Mandata
1134 3813 1226 3858 tua
1264 3812 1389 3859 ante
1418 3804 1863 3860 constitutionem
1888 3804 2098 3859 mundi.

2438 3798 2492 3854 8.
2523 3800 2631 3862 Τὰς
2668 3801 2883 3865 ἐντολάς
2907 3820 2999 3855 σου
3031 3803 3106 3873 (5)
3135 3802 3242 3873 πρὸ
3271 3801 3579 3873 καταϐολῆς
3608 3802 3839 3873 κόσμου.

772 3896 824 3949 9.
855 3894 1075 3964 Legem,
1114 3904 1168 3949 et
1205 3895 1496 3965 prophetas
1526 3897 1579 3949 in
1609 3894 1814 3963 pooulo
1846 3893 2163 3955 Judaeorum
2208 3903 2267 3949 tu

2438 3893 2489 3948 9.
2522 3893 2625 3946 Τὸν
2641 3895 2801 3960 νόμον
2831 3897 2924 3949 καὶ
2941 3895 3014 3967 (4)
3031 3898 3315 3967 προφήτας
3341 3896 3400 3949 ἐν
3427 3895 3505 3968 τῷ
3526 3895 3643 3967 λαῷ
3666 3897 3781 3952 τῶν
3822 3898 3940 3952 ’Ῑσυο

701 3987 922 4042 dedisti.

2370 3984 2534 4039 δαίων
2562 3988 2626 4040 σὺ
2658 3987 2887 4051 ἔδωκας.

776 4079 861 4135 10.
890 4078 1220 4136 Glorilicate.

2442 4080 2529 4133 10.
2560 4080 2827 4146 Δοξάσατε
2856 4080 2952 4151 (5).

773 4172 863 4239 11,
893 4172 979 4228 1Ξ.
1016 4171 1243 4227 Crucem
1270 4170 1411 4241 ejus.

2441 4170 2528 4237 11,
2560 4172 2646 4227 12.
2677 4173 2766 4243 Τῷ
2804 4173 3022 4246 σταυρῴ
3054 4172 3241 4230 αὑτοῦ.

774 4265 858 4319 15.
894 4264 1101 4319 Fideles
1148 4263 1312 4318 veluti
1357 4260 1571 4332 Moyses
1623 4264 1677 4316 in
1730 4261 2159 4332 praedicatione,
2216 4272 2271 4317 et

2442 4262 2527 4317 15.
2558 4263 2621 4315 Οἱ
2657 4264 2837 4316 πιστοὶ
2889 4264 2963 4328 ὼς
3011 4266 3251 4336 Μωῦσῆς
3302 4266 3381 4328 είς
3410 4265 3472 4319 τὸ
3504 4266 3793 4339 κήρυγμα,
3854 4266 3938 4319 καὶ

704 4356 882 4410 omnis
906 4354 1165 4409 Ecclesia.
1192 4355 1373 4407 Aaron
1395 4353 1541 4407 enim
1570 4353 1959 4421 interpretatur
1986 4368 2133 4405 mons
2161 4352 2269 4406 vir-

2374 4355 2582 4425 πᾶσαή
2627 4354 2937 4426 Ἐκκλησία.
2986 4354 3202 4425 Ἀαρὼν
3252 4356 3360 4428 γὰρ
3406 4356 3773 4427 ἑρμηνεύεται
3813 4356 3939 4425 ὄρος

706 4450 852 4511 tutis,
884 4447 1061 4517 qualis
1095 4455 1178 4501 est
1206 4445 1448 4499 Ecclesia
1473 4445 1739 4499 ﬁdelium.
2297 4428 2342 4482 θ

2297 4428 2342 4482 θ
2368 4441 2696 4511 δυνάμεως,
2726 4445 2862 4515 ὅπερ
2885 4447 3030 4499 ἐστὶν
3054 4448 3088 4516 ἡ
3126 4446 3425 4516 Ἐκκλησία
3443 4448 3552 4501 τῶν
3591 4448 3816 4501 πιστῶν.

778 4539 859 4593 14.
895 4538 1129 4608 Populus
1161 4536 1365 4591 habens
1401 4551 1599 4590 nomen
1647 4536 1780 4600 Dei,
1831 4535 1936 4591 hoc
1982 4542 2067 4590 est
2110 4534 2269 4589 Chri-

2446 4533 2530 4586 M.
2570 4535 2629 4587 '0
2659 4535 2783 4599 λαὸς
2807 4538 2835 4588 ὀ
2862 4535 2999 4607 ἔχων
3020 4537 3079 4589 τὸ
3099 4536 3269 4608 ὄνομα
3291 4536 3367 4607 (6)
3393 4536 3489 4590 τοῦ
3516 4536 3678 4598 Θεοῦ.
3704 4537 3941 4593 τουτέστι

704 4634 930 4688 scianus.
988 4630 1121 4686 Nam
1186 4628 1399 4685 Samuel
1451 4630 1839 4699 interpretatur
1901 4643 2090 4681 nomen
2152 4627 2267 4697 ejus

2374 4626 2713 4696 Χριστιανός.
2754 4627 3041 4697 Σαμουὴλ
3078 4627 3187 4699 γὰρ
3217 4628 3580 4700 ἑρμηνεύεται
3616 4629 3808 4699 ὄνομα
3840 4630 3940 4682 ab.

706 4718 864 4775 Deus.

2376 4716 2481 4771 τοῦ
2513 4721 2545 4773 ό
2566 4719 2726 4784 Θεός.

776 4812 863 4868 15.
896 4810 1144 4866 Fideles;

2449 4811 2535 4865 15.
2562 4813 2624 4863 Ui
2656 4810 2834 4865 πιστοί
2859 4809 2955 4882 (7).

776 4902 862 4958 16.
894 4902 948 4956 In
979 4900 1273 4972 apostolis,
1300 4916 1393 4971 qui
1424 4916 1489 4956 ex
1518 4900 1804 4972 propnetis
1842 4910 2033 4965 erant,
2070 4899 2269 4971 praedi-

2447 4901 2531 4956 16.
2577 4900 2664 4955 Ἐν
2688 4904 2799 4964 τοῖς
2823 4900 3138 4966 ἀποστόλοις
3160 4903 3273 4965 τοῖς
3306 4899 3383 4971 (8)
3414 4902 3481 4955 ἐκ
3511 4901 3625 4959 τῶν
3658 4898 3938 4975 προφητῶν

705 4996 847 5050 cavit
866 4996 968 5050 eis.

2376 4996 2639 5068 ἐκήρυξεν
2662 4996 2862 5059 αὐτοῖς.

778 5080 863 5134 17.
888 5079 1153 5146 Quoniam
1188 5079 1532 5135 crediderunt
1559 5079 1611 5134 in
1637 5078 1918 5136 doctrinas
1964 5076 2084 5147 ejus
2105 5118 2120 5144 ,

2450 5089 2535 5144 17.
2569 5089 2691 5141 Ὀτι
2725 5088 3052 5144 ἐπίστευσαν
3079 5086 3156 5158 (9)
3183 5088 3242 5140 ἐν
3274 5086 3389 5149 τοῖς
3419 5087 3743 5159 μαθήμασιν
3766 5082 3935 5141 αὐτοῦ.

1645 5310 1954 5373 Addenda
1984 5317 2047 5372 et
2076 5308 2451 5390 corrigenda
2481 5326 2560 5370 ex
2589 5308 2728 5371 cod.
2766 5308 2968 5372 Vatic.

857 5587 900 5657 ᾧ
929 5585 1196 5657 βασιλεύς,
1231 5585 1336 5641 etc.
1675 5585 1684 5588 ’
2444 5587 2493 5655 (6

1231 5585 1336 5641 etc.
1675 5585 1684 5588 ’
2444 5585 2516 5657 (6)
2553 5587 2840 5655 Ὀνόματα.

803 5656 850 5724 Ξ)
876 5656 1016 5709 "Eni.
1053 5656 1273 5725 γνῶσιν.
2446 5656 2519 5727 (7)
2548 5660 2612 5728 0}
2642 5660 2825 5709 πιστοὶ
2857 5658 3124 5728 ὑπῆρχον.

795 5728 846 5797 3)
877 5729 1015 5781 Μου.
1088 5796 1091 5797 ν

2450 5728 2528 5797 (8)
2560 5727 2684 5788 Τοῖς
2708 5728 2875 5783 deest.

795 5738 846 5797 ὁ)
880 5738 1015 5781 Μου.
2450 5738 2528 5795 (δ)
2560 5738 2684 5788 "tot;
2708 5738 2876 5783 deest.

774 5738 849 5867 (ι)
877 5798 982 5852 Καὶ
1007 5796 1150 5863 τούς,
1180 5806 1283 5854 etc.
2443 5796 2520 5868 (9)
2554 5797 2886 5868 Ἐπίστευον,
2924 5806 3052 5863 εις..
3082 5793 3423 5868 παθήμασιν.

720 5588 730 5605 1
774 5518 847 5638 (1)
865 5514 1154 5600 ςΓουτέστιγ
1192 5515 1550 5587 ἀπροσδεκτος
1593 5516 1719 5588 παρ’
1758 5512 2030 5585 Ἑϐραίοις
2079 5513 2138 5566 ἐν
2182 5513 2260 5584 τῷ
2444 5517 2521 5588 (5)
2553 5514 2824 5607 ροξάσατε
2848 5518 3030 5571 αὐτόν.

720 5606 777 5638 αα
818 5606 900 5638 μω
930 5585 1196 5638 Βασιλεύς.
1231 5597 1336 5638 etc.
2444 5587 2516 5638 (6i
2568 5587 2841 5638 Ονόιιατα.

704 5605 777 5655 ιγα

776 5660 790 5720 (
