  <div class='ocr_page' id='page_1' title='image "/cluster/home/n/w/nwhite01/storage/ocr_20150623/27/uva.x030474749/547.png"; bbox 0 0 4142 6484; ppageno 0'>
   <div class='ocr_carea' id='block_1_1' title="bbox 755 406 3976 497">
    <p class='ocr_par' dir='ltr' id='par_1_1' title="bbox 755 406 3976 497">
     <span class='ocr_line' id='line_1_1' title="bbox 755 406 3976 497; baseline 0.011 -38"><span class='ocrx_word' id='word_1_1' title='bbox 755 406 891 460; x_wconf 83' lang='grc' dir='ltr'><strong>1οἸ5</strong></span> <span class='ocrx_word' id='word_1_2' title='bbox 1594 416 1648 470; x_wconf 88' lang='lat' dir='ltr'><strong>S.</strong></span> <span class='ocrx_word' id='word_1_3' title='bbox 1692 416 2057 477; x_wconf 79' lang='lat' dir='ltr'><strong>ATHANASII</strong></span> <span class='ocrx_word' id='word_1_4' title='bbox 2099 423 2248 479; x_wconf 83' lang='lat' dir='ltr'><strong>OPP.</strong></span> <span class='ocrx_word' id='word_1_5' title='bbox 2291 428 2468 486; x_wconf 80' lang='lat' dir='ltr'><strong>PARS</strong></span> <span class='ocrx_word' id='word_1_6' title='bbox 2505 430 2591 487; x_wconf 84' lang='lat' dir='ltr'><strong>HI.</strong></span> <span class='ocrx_word' id='word_1_7' title='bbox 2635 464 2699 472; x_wconf 87' lang='lat'><strong>-—</strong></span> <span class='ocrx_word' id='word_1_8' title='bbox 2742 434 3144 493; x_wconf 78' lang='lat' dir='ltr'><strong>EXEGETICA.</strong></span> <span class='ocrx_word' id='word_1_9' title='bbox 3851 443 3976 497; x_wconf 74' lang='lat'><strong>1076</strong></span> 
     </span>
    </p>
   </div>
   <div class='ocr_carea' id='block_1_2' title="bbox 826 552 2462 635">
    <p class='ocr_par' dir='ltr' id='par_1_2' title="bbox 826 552 2384 635">
     <span class='ocr_line' id='line_1_2' title="bbox 826 552 2384 635; baseline 0.01 -28"><span class='ocrx_word' id='word_1_10' title='bbox 826 555 907 609; x_wconf 68' lang='grc'><strong>12.</strong></span> <span class='ocrx_word' id='word_1_11' title='bbox 945 553 1009 609; x_wconf 87' lang='lat' dir='ltr'><strong>Et</strong></span> <span class='ocrx_word' id='word_1_12' title='bbox 1041 571 1211 625; x_wconf 88' lang='lat' dir='ltr'><strong>usque</strong></span> <span class='ocrx_word' id='word_1_13' title='bbox 1252 557 1303 608; x_wconf 91' lang='lat' dir='ltr'><strong>in</strong></span> <span class='ocrx_word' id='word_1_14' title='bbox 1346 559 1783 628; x_wconf 83' lang='lat' dir='ltr'><strong>generationem,</strong></span> <span class='ocrx_word' id='word_1_15' title='bbox 1821 574 1875 618; x_wconf 89' lang='lat' dir='ltr'><strong>et</strong></span> <span class='ocrx_word' id='word_1_16' title='bbox 1914 566 2310 635; x_wconf 69' lang='lat' dir='ltr'><strong>generationem</strong></span> <span class='ocrx_word' id='word_1_17' title='bbox 2345 552 2384 607; x_wconf 76' lang='grc' dir='ltr'>Α</span> 
     </span>
    </p>
   </div>
   <div class='ocr_carea' id='block_1_3' title="bbox 2345 552 3981 635">
    <p class='ocr_par' dir='ltr' id='par_1_3' title="bbox 2345 552 3981 632">
     <span class='ocr_line' id='line_1_3' title="bbox 2345 552 3981 632; baseline 0.004 -25"><span class='ocrx_word' id='word_1_18' title='bbox 2345 552 2384 607; x_wconf 79' lang='grc' dir='ltr'>Α</span> <span class='ocrx_word' id='word_1_19' title='bbox 2486 552 2571 604; x_wconf 67' lang='grc'><strong>12.</strong></span> <span class='ocrx_word' id='word_1_20' title='bbox 2604 552 2711 605; x_wconf 82' lang='grc' dir='ltr'>Καὶ</span> <span class='ocrx_word' id='word_1_21' title='bbox 2744 553 2847 617; x_wconf 73' lang='grc' dir='ltr'><strong>ἕως</strong></span> <span class='ocrx_word' id='word_1_22' title='bbox 2868 557 3058 623; x_wconf 80' lang='grc' dir='ltr'>γενεᾶς</span> <span class='ocrx_word' id='word_1_23' title='bbox 3090 557 3180 608; x_wconf 75' lang='grc' dir='ltr'>καὶ</span> <span class='ocrx_word' id='word_1_24' title='bbox 3210 558 3399 624; x_wconf 71' lang='grc' dir='ltr'>γενεᾶς</span> <span class='ocrx_word' id='word_1_25' title='bbox 3420 556 3672 629; x_wconf 77' lang='grc' dir='ltr'>[γενεῶν]</span> <span class='ocrx_word' id='word_1_26' title='bbox 3702 560 3735 629; x_wconf 79' lang='grc' dir='ltr'>ἡ</span> <span class='ocrx_word' id='word_1_27' title='bbox 3767 559 3981 632; x_wconf 67' lang='grc' dir='ltr'>ἀλήθεια</span> 
     </span>
    </p>
   </div>
   <div class='ocr_carea' id='block_1_4' title="bbox 754 638 2595 717">
    <p class='ocr_par' dir='ltr' id='par_1_4' title="bbox 754 638 2595 717">
     <span class='ocr_line' id='line_1_4' title="bbox 754 638 2595 717; baseline -0.001 -20"><span class='ocrx_word' id='word_1_28' title='bbox 754 644 1177 715; x_wconf 74' lang='lat' dir='ltr'><strong>[generationes]</strong></span> <span class='ocrx_word' id='word_1_29' title='bbox 1210 647 1410 701; x_wconf 85' lang='lat' dir='ltr'><strong>veritas</strong></span> <span class='ocrx_word' id='word_1_30' title='bbox 1435 648 1573 717; x_wconf 87' lang='lat' dir='ltr'><strong>ejus.</strong></span> <span class='ocrx_word' id='word_1_31' title='bbox 2412 638 2595 691; x_wconf 72' lang='grc' dir='ltr'>αυτοῦ.</span> 
     </span>
    </p>
   </div>
   <div class='ocr_carea' id='block_1_5' title="bbox 1122 733 2758 801">
    <p class='ocr_par' dir='ltr' id='par_1_5' title="bbox 1122 736 2758 799">
     <span class='ocr_line' id='line_1_5' title="bbox 1122 736 2758 799; baseline 0.012 -9"><span class='ocrx_word' id='word_1_32' title='bbox 1122 736 1377 792; x_wconf 77' lang='lat' dir='ltr'><strong>Psalmus</strong></span> <span class='ocrx_word' id='word_1_33' title='bbox 1409 738 1599 794; x_wconf 83' lang='lat' dir='ltr'><strong>David.</strong></span> <span class='ocrx_word' id='word_1_34' title='bbox 1630 741 1831 798; x_wconf 80' lang='lat' dir='ltr'><strong>PSAL.</strong></span> <span class='ocrx_word' id='word_1_35' title='bbox 1864 744 1904 799; x_wconf 71' lang='grc' dir='ltr'><strong>(Σ</strong></span> <span class='ocrx_word' id='word_1_36' title='bbox 2731 736 2758 785; x_wconf 57' lang='grc'><strong>’1</strong></span> 
     </span>
    </p>
   </div>
   <div class='ocr_carea' id='block_1_6' title="bbox 2000 733 3636 801">
    <p class='ocr_par' dir='ltr' id='par_1_6' title="bbox 2731 733 3636 801">
     <span class='ocr_line' id='line_1_6' title="bbox 2731 733 3636 801; baseline 0.008 -16"><span class='ocrx_word' id='word_1_37' title='bbox 2731 733 2976 801; x_wconf 73' lang='grc' dir='ltr'><strong>Ψαλμὸς</strong></span> <span class='ocrx_word' id='word_1_38' title='bbox 3007 733 3085 799; x_wconf 84' lang='grc' dir='ltr'><strong>τῷ</strong></span> <span class='ocrx_word' id='word_1_39' title='bbox 3110 736 3307 790; x_wconf 80' lang='grc' dir='ltr'>Δαϐίδ.</span> <span class='ocrx_word' id='word_1_40' title='bbox 3348 739 3520 791; x_wconf 76' lang='grc' dir='ltr'><strong>ΨΑΛ.</strong></span> <span class='ocrx_word' id='word_1_41' title='bbox 3560 742 3636 792; x_wconf 82' lang='lat' dir='ltr'><strong>P&#39;.</strong></span> 
     </span>
    </p>
   </div>
   <div class='ocr_carea' id='block_1_7' title="bbox 824 828 2460 915">
    <p class='ocr_par' dir='ltr' id='par_1_7' title="bbox 824 828 2312 906">
     <span class='ocr_line' id='line_1_7' title="bbox 824 828 2312 906; baseline 0.007 -23"><span class='ocrx_word' id='word_1_42' title='bbox 824 830 873 882; x_wconf 92' lang='grc'><strong>1.</strong></span> <span class='ocrx_word' id='word_1_43' title='bbox 910 828 1332 885; x_wconf 84' lang='lat' dir='ltr'><strong>Misericordiam</strong></span> <span class='ocrx_word' id='word_1_44' title='bbox 1361 842 1413 885; x_wconf 91' lang='lat' dir='ltr'><strong>et</strong></span> <span class='ocrx_word' id='word_1_45' title='bbox 1440 831 1707 902; x_wconf 85' lang='lat' dir='ltr'><strong>judicium</strong></span> <span class='ocrx_word' id='word_1_46' title='bbox 1752 838 1984 891; x_wconf 88' lang='lat' dir='ltr'><strong>cantabo</strong></span> <span class='ocrx_word' id='word_1_47' title='bbox 2027 839 2156 906; x_wconf 83' lang='lat' dir='ltr'><strong>tibi,</strong></span> <span class='ocrx_word' id='word_1_48' title='bbox 2209 839 2312 894; x_wconf 84' lang='lat' dir='ltr'><strong>Do-</strong></span> 
     </span>
    </p>
   </div>
   <div class='ocr_carea' id='block_1_8' title="bbox 2054 828 3690 915">
    <p class='ocr_par' dir='ltr' id='par_1_8' title="bbox 2054 836 3690 915">
     <span class='ocr_line' id='line_1_8' title="bbox 2054 836 3690 915; baseline 0.006 -27"><span class='ocrx_word' id='word_1_49' title='bbox 2054 839 2119 892; x_wconf 85' lang='lat' dir='ltr'><strong>ihi</strong></span> <span class='ocrx_word' id='word_1_50' title='bbox 2141 881 2156 906; x_wconf 79' lang='grc'>,</span> <span class='ocrx_word' id='word_1_51' title='bbox 2209 839 2312 894; x_wconf 77' lang='lat' dir='ltr'><strong>Do-</strong></span> <span class='ocrx_word' id='word_1_52' title='bbox 2481 836 2532 890; x_wconf 83' lang='grc'><strong>1.</strong></span> <span class='ocrx_word' id='word_1_53' title='bbox 2566 838 2753 891; x_wconf 83' lang='grc' dir='ltr'>Ἐλεον</span> <span class='ocrx_word' id='word_1_54' title='bbox 2788 840 2881 891; x_wconf 70' lang='grc' dir='ltr'>καὶ</span> <span class='ocrx_word' id='word_1_55' title='bbox 2918 840 3095 910; x_wconf 83' lang='grc' dir='ltr'>κρίσιν</span> <span class='ocrx_word' id='word_1_56' title='bbox 3128 841 3325 912; x_wconf 74' lang='grc' dir='ltr'>ᾇσομαί</span> <span class='ocrx_word' id='word_1_57' title='bbox 3355 860 3455 908; x_wconf 81' lang='grc' dir='ltr'>σοι,</span> <span class='ocrx_word' id='word_1_58' title='bbox 3491 845 3690 915; x_wconf 69' lang='grc' dir='ltr'>Κύριεθ</span> 
     </span>
    </p>
   </div>
   <div class='ocr_carea' id='block_1_9' title="bbox 752 923 1473 989">
    <p class='ocr_par' dir='ltr' id='par_1_9' title="bbox 752 923 1473 989">
     <span class='ocr_line' id='line_1_9' title="bbox 752 923 1473 989; baseline 0.004 -15"><span class='ocrx_word' id='word_1_59' title='bbox 752 923 932 977; x_wconf 83' lang='lat' dir='ltr'><strong>mine:</strong></span> <span class='ocrx_word' id='word_1_60' title='bbox 1459 973 1473 989; x_wconf 82' lang='grc'><em>,</em></span> 
     </span>
    </p>
   </div>
   <div class='ocr_carea' id='block_1_10' title="bbox 816 1013 2452 1093">
    <p class='ocr_par' dir='ltr' id='par_1_10' title="bbox 816 1013 2307 1087">
     <span class='ocr_line' id='line_1_10' title="bbox 816 1013 2307 1087; baseline 0.007 -21"><span class='ocrx_word' id='word_1_61' title='bbox 816 1014 871 1068; x_wconf 73' lang='lat'><strong>2.</strong></span> <span class='ocrx_word' id='word_1_62' title='bbox 912 1013 1148 1068; x_wconf 82' lang='lat' dir='ltr'><strong>Psallam</strong></span> <span class='ocrx_word' id='word_1_63' title='bbox 1199 1024 1252 1069; x_wconf 87' lang='lat' dir='ltr'><strong>et</strong></span> <span class='ocrx_word' id='word_1_64' title='bbox 1308 1013 1605 1087; x_wconf 79' lang='lat' dir='ltr'><strong>intelligam</strong></span> <span class='ocrx_word' id='word_1_65' title='bbox 1668 1018 1723 1071; x_wconf 90' lang='lat' dir='ltr'><strong>in</strong></span> <span class='ocrx_word' id='word_1_66' title='bbox 1777 1019 1862 1072; x_wconf 79' lang='lat' dir='ltr'><strong>via</strong></span> <span class='ocrx_word' id='word_1_67' title='bbox 1924 1019 2307 1086; x_wconf 86' lang='lat' dir='ltr'><strong>immaculata,</strong></span> 
     </span>
    </p>
   </div>
   <div class='ocr_carea' id='block_1_11' title="bbox 2343 1013 3979 1093">
    <p class='ocr_par' dir='ltr' id='par_1_11' title="bbox 2477 1016 3979 1093">
     <span class='ocr_line' id='line_1_11' title="bbox 2477 1016 3979 1093; baseline 0.005 -25"><span class='ocrx_word' id='word_1_68' title='bbox 2477 1016 2529 1069; x_wconf 70' lang='grc' dir='ltr'><strong>ἓ.</strong></span> <span class='ocrx_word' id='word_1_69' title='bbox 2555 1016 2727 1070; x_wconf 77' lang='grc' dir='ltr'><strong>Ψαλῶ</strong></span> <span class='ocrx_word' id='word_1_70' title='bbox 2771 1018 2865 1071; x_wconf 73' lang='grc' dir='ltr'><strong>καὶ</strong></span> <span class='ocrx_word' id='word_1_71' title='bbox 2904 1021 3116 1091; x_wconf 75' lang='grc' dir='ltr'>συνήσω</span> <span class='ocrx_word' id='word_1_72' title='bbox 3145 1022 3201 1073; x_wconf 83' lang='grc' dir='ltr'>ὲν</span> <span class='ocrx_word' id='word_1_73' title='bbox 3226 1020 3329 1091; x_wconf 78' lang='grc' dir='ltr'><strong>ὁδῷ</strong></span> <span class='ocrx_word' id='word_1_74' title='bbox 3360 1020 3577 1092; x_wconf 79' lang='grc' dir='ltr'>ἀμώμῳ</span> <span class='ocrx_word' id='word_1_75' title='bbox 3598 1063 3613 1085; x_wconf 88' lang='grc'><em>,</em></span> <span class='ocrx_word' id='word_1_76' title='bbox 3662 1022 3798 1074; x_wconf 71' lang='grc' dir='ltr'>ποτε</span> <span class='ocrx_word' id='word_1_77' title='bbox 3838 1025 3979 1093; x_wconf 72' lang='grc' dir='ltr'>ἥξεις</span> 
     </span>
    </p>
   </div>
   <div class='ocr_carea' id='block_1_12' title="bbox 748 1105 2384 1178">
    <p class='ocr_par' dir='ltr' id='par_1_12' title="bbox 748 1105 1404 1174">
     <span class='ocr_line' id='line_1_12' title="bbox 748 1105 1404 1174; baseline 0.002 -15"><span class='ocrx_word' id='word_1_78' title='bbox 748 1105 965 1174; x_wconf 82' lang='lat' dir='ltr'><strong>quando</strong></span> <span class='ocrx_word' id='word_1_79' title='bbox 994 1105 1176 1161; x_wconf 81' lang='lat' dir='ltr'><strong>venies</strong></span> <span class='ocrx_word' id='word_1_80' title='bbox 1198 1108 1262 1162; x_wconf 90' lang='lat' dir='ltr'><strong>ad</strong></span> <span class='ocrx_word' id='word_1_81' title='bbox 1296 1123 1404 1162; x_wconf 90' lang='lat' dir='ltr'><strong>me.</strong></span> 
     </span>
    </p>
   </div>
   <div class='ocr_carea' id='block_1_13' title="bbox 1023 1105 2659 1178">
    <p class='ocr_par' dir='ltr' id='par_1_13' title="bbox 1023 1105 2659 1178">
     <span class='ocr_line' id='line_1_13' title="bbox 1023 1105 2659 1178; baseline 0.001 -18"><span class='ocrx_word' id='word_1_82' title='bbox 1023 1105 1176 1161; x_wconf 55' lang='lat' dir='ltr'><strong>’enies</strong></span> <span class='ocrx_word' id='word_1_83' title='bbox 1198 1108 1262 1162; x_wconf 90' lang='lat' dir='ltr'><strong>ad</strong></span> <span class='ocrx_word' id='word_1_84' title='bbox 1296 1123 1404 1162; x_wconf 90' lang='lat' dir='ltr'><strong>me.</strong></span> <span class='ocrx_word' id='word_1_85' title='bbox 2410 1106 2545 1178; x_wconf 79' lang='grc' dir='ltr'>πρὸς</span> <span class='ocrx_word' id='word_1_86' title='bbox 2574 1108 2659 1177; x_wconf 87' lang='grc' dir='ltr'><strong>μέ.</strong></span> 
     </span>
    </p>
   </div>
   <div class='ocr_carea' id='block_1_14' title="bbox 818 1198 2454 1275">
    <p class='ocr_par' dir='ltr' id='par_1_14' title="bbox 818 1198 2308 1256">
     <span class='ocr_line' id='line_1_14' title="bbox 818 1198 2308 1256; baseline 0.003 -5"><span class='ocrx_word' id='word_1_87' title='bbox 818 1199 871 1253; x_wconf 80' lang='grc'><strong>5.</strong></span> <span class='ocrx_word' id='word_1_88' title='bbox 904 1198 1352 1255; x_wconf 86' lang='lat' dir='ltr'><strong>Perambulabam</strong></span> <span class='ocrx_word' id='word_1_89' title='bbox 1411 1200 1467 1253; x_wconf 88' lang='lat' dir='ltr'><strong>in</strong></span> <span class='ocrx_word' id='word_1_90' title='bbox 1520 1201 1831 1256; x_wconf 86' lang='lat' dir='ltr'><strong>innocentia</strong></span> <span class='ocrx_word' id='word_1_91' title='bbox 1879 1201 2063 1256; x_wconf 84' lang='lat' dir='ltr'><strong>cordis</strong></span> <span class='ocrx_word' id='word_1_92' title='bbox 2104 1202 2211 1256; x_wconf 90' lang='lat' dir='ltr'><strong>mei</strong></span> <span class='ocrx_word' id='word_1_93' title='bbox 2256 1202 2308 1255; x_wconf 92' lang='lat' dir='ltr'><strong>in</strong></span> 
     </span>
    </p>
   </div>
   <div class='ocr_carea' id='block_1_15' title="bbox 2342 1198 3978 1275">
    <p class='ocr_par' dir='ltr' id='par_1_15' title="bbox 2476 1200 3978 1275">
     <span class='ocr_line' id='line_1_15' title="bbox 2476 1200 3978 1275; baseline 0.004 -25"><span class='ocrx_word' id='word_1_94' title='bbox 2476 1200 2527 1251; x_wconf 78' lang='grc'><strong>5.</strong></span> <span class='ocrx_word' id='word_1_95' title='bbox 2563 1201 2966 1273; x_wconf 81' lang='grc' dir='ltr'>Διεπορευόμην</span> <span class='ocrx_word' id='word_1_96' title='bbox 2998 1202 3056 1255; x_wconf 82' lang='grc' dir='ltr'><strong>ἐν</strong></span> <span class='ocrx_word' id='word_1_97' title='bbox 3101 1203 3305 1275; x_wconf 79' lang='grc' dir='ltr'>ἀκακία</span> <span class='ocrx_word' id='word_1_98' title='bbox 3335 1204 3559 1275; x_wconf 78' lang='grc' dir='ltr'><strong>καρδίας</strong></span> <span class='ocrx_word' id='word_1_99' title='bbox 3603 1222 3708 1275; x_wconf 83' lang='grc' dir='ltr'><strong>μου</strong></span> <span class='ocrx_word' id='word_1_100' title='bbox 3742 1207 3804 1257; x_wconf 83' lang='grc' dir='ltr'><strong>ὲν</strong></span> <span class='ocrx_word' id='word_1_101' title='bbox 3840 1205 3978 1275; x_wconf 69' lang='grc' dir='ltr'><strong>μέπῳ</strong></span> 
     </span>
    </p>
   </div>
   <div class='ocr_carea' id='block_1_16' title="bbox 748 1287 2384 1363">
    <p class='ocr_par' dir='ltr' id='par_1_16' title="bbox 748 1287 1341 1346">
     <span class='ocr_line' id='line_1_16' title="bbox 748 1287 1341 1346; baseline 0.008 -6"><span class='ocrx_word' id='word_1_102' title='bbox 748 1288 927 1341; x_wconf 88' lang='lat' dir='ltr'><strong>medio</strong></span> <span class='ocrx_word' id='word_1_103' title='bbox 957 1287 1158 1342; x_wconf 87' lang='lat' dir='ltr'><strong>domus</strong></span> <span class='ocrx_word' id='word_1_104' title='bbox 1187 1303 1341 1346; x_wconf 72' lang='lat' dir='ltr'><strong>mete.</strong></span> 
     </span>
    </p>
   </div>
   <div class='ocr_carea' id='block_1_17' title="bbox 1192 1287 2828 1363">
    <p class='ocr_par' dir='ltr' id='par_1_17' title="bbox 1192 1290 2828 1363">
     <span class='ocr_line' id='line_1_17' title="bbox 1192 1290 2828 1363; baseline 0.002 -21"><span class='ocrx_word' id='word_1_105' title='bbox 1192 1303 1341 1346; x_wconf 69' lang='lat' dir='ltr'><strong>mem.</strong></span> <span class='ocrx_word' id='word_1_106' title='bbox 2408 1290 2501 1343; x_wconf 82' lang='grc' dir='ltr'><strong>τοῦ</strong></span> <span class='ocrx_word' id='word_1_107' title='bbox 2529 1291 2673 1345; x_wconf 71' lang='grc' dir='ltr'>οἴκου</span> <span class='ocrx_word' id='word_1_108' title='bbox 2710 1311 2828 1363; x_wconf 79' lang='grc' dir='ltr'>μου.</span> 
     </span>
    </p>
   </div>
   <div class='ocr_carea' id='block_1_18' title="bbox 816 1376 2452 1460">
    <p class='ocr_par' dir='ltr' id='par_1_18' title="bbox 816 1376 2312 1449">
     <span class='ocr_line' id='line_1_18' title="bbox 816 1376 2312 1449; baseline 0.003 -19"><span class='ocrx_word' id='word_1_109' title='bbox 816 1378 868 1432; x_wconf 75' lang='grc'><strong>4.</strong></span> <span class='ocrx_word' id='word_1_110' title='bbox 905 1376 1021 1433; x_wconf 80' lang='lat' dir='ltr'><strong>Non</strong></span> <span class='ocrx_word' id='word_1_111' title='bbox 1078 1379 1447 1449; x_wconf 86' lang='lat' dir='ltr'><strong>proponebam</strong></span> <span class='ocrx_word' id='word_1_112' title='bbox 1501 1384 1627 1435; x_wconf 88' lang='lat' dir='ltr'><strong>ante</strong></span> <span class='ocrx_word' id='word_1_113' title='bbox 1663 1380 1847 1436; x_wconf 88' lang='lat' dir='ltr'><strong>oculos</strong></span> <span class='ocrx_word' id='word_1_114' title='bbox 1884 1396 2033 1436; x_wconf 90' lang='lat' dir='ltr'><strong>meos</strong></span> <span class='ocrx_word' id='word_1_115' title='bbox 2075 1397 2188 1436; x_wconf 86' lang='lat' dir='ltr'><strong>rem</strong></span> <span class='ocrx_word' id='word_1_116' title='bbox 2230 1382 2312 1435; x_wconf 89' lang='lat' dir='ltr'><strong>in-</strong></span> 
     </span>
    </p>
   </div>
   <div class='ocr_carea' id='block_1_19' title="bbox 2341 1376 3977 1460">
    <p class='ocr_par' dir='ltr' id='par_1_19' title="bbox 2478 1382 3977 1460">
     <span class='ocr_line' id='line_1_19' title="bbox 2478 1382 3977 1460; baseline 0.003 -26"><span class='ocrx_word' id='word_1_117' title='bbox 2478 1382 2533 1435; x_wconf 75' lang='grc'><strong>4.</strong></span> <span class='ocrx_word' id='word_1_118' title='bbox 2575 1384 2648 1435; x_wconf 76' lang='grc' dir='ltr'><strong>Οὐ</strong></span> <span class='ocrx_word' id='word_1_119' title='bbox 2695 1384 3057 1456; x_wconf 78' lang='grc' dir='ltr'>προετιθέμην</span> <span class='ocrx_word' id='word_1_120' title='bbox 3102 1386 3478 1459; x_wconf 76' lang='grc' dir='ltr'><strong>[προεθέμην]</strong></span> <span class='ocrx_word' id='word_1_121' title='bbox 3529 1389 3636 1460; x_wconf 76' lang='grc' dir='ltr'>πρὸ</span> <span class='ocrx_word' id='word_1_122' title='bbox 3692 1388 3977 1457; x_wconf 65' lang='grc' dir='ltr'>ὀφθαλμῶν</span> 
     </span>
    </p>
   </div>
   <div class='ocr_carea' id='block_1_20' title="bbox 739 1470 2375 1547">
    <p class='ocr_par' dir='ltr' id='par_1_20' title="bbox 739 1470 986 1539">
     <span class='ocr_line' id='line_1_20' title="bbox 739 1470 986 1539; baseline 0 -15"><span class='ocrx_word' id='word_1_123' title='bbox 739 1470 943 1539; x_wconf 88' lang='lat' dir='ltr'><strong>justam</strong></span> <span class='ocrx_word' id='word_1_124' title='bbox 974 1490 986 1524; x_wconf 88' lang='lat'>:</span> 
     </span>
    </p>
   </div>
   <div class='ocr_carea' id='block_1_21' title="bbox 1518 1470 3154 1547">
    <p class='ocr_par' dir='ltr' id='par_1_21' title="bbox 2414 1476 3154 1547">
     <span class='ocr_line' id='line_1_21' title="bbox 2414 1476 3154 1547; baseline 0.007 -22"><span class='ocrx_word' id='word_1_125' title='bbox 2414 1490 2514 1542; x_wconf 84' lang='grc' dir='ltr'><strong>μου</strong></span> <span class='ocrx_word' id='word_1_126' title='bbox 2543 1476 2775 1544; x_wconf 74' lang='grc' dir='ltr'>πρᾶγμα</span> <span class='ocrx_word' id='word_1_127' title='bbox 2809 1476 3122 1547; x_wconf 83' lang='grc' dir='ltr'>παράνομον</span> <span class='ocrx_word' id='word_1_128' title='bbox 3140 1495 3154 1509; x_wconf 79' lang='grc'><em>’</em></span> 
     </span>
    </p>
   </div>
   <div class='ocr_carea' id='block_1_22' title="bbox 814 1560 2450 1641">
    <p class='ocr_par' dir='ltr' id='par_1_22' title="bbox 814 1560 1892 1632">
     <span class='ocr_line' id='line_1_22' title="bbox 814 1560 1892 1632; baseline 0.002 -17"><span class='ocrx_word' id='word_1_129' title='bbox 814 1561 867 1615; x_wconf 82' lang='lat'><strong>5.</strong></span> <span class='ocrx_word' id='word_1_130' title='bbox 902 1560 1185 1616; x_wconf 86' lang='lat' dir='ltr'><strong>Facientes</strong></span> <span class='ocrx_word' id='word_1_131' title='bbox 1225 1562 1701 1632; x_wconf 66' lang='lat' dir='ltr'><strong>praevaricationes</strong></span> <span class='ocrx_word' id='word_1_132' title='bbox 1728 1563 1892 1617; x_wconf 89' lang='lat' dir='ltr'><strong>odivi.</strong></span> 
     </span>
    </p>
   </div>
   <div class='ocr_carea' id='block_1_23' title="bbox 1871 1560 3507 1641">
    <p class='ocr_par' dir='ltr' id='par_1_23' title="bbox 1878 1565 3507 1641">
     <span class='ocr_line' id='line_1_23' title="bbox 1878 1565 3507 1641; baseline 0.004 -24"><span class='ocrx_word' id='word_1_133' title='bbox 1878 1604 1892 1617; x_wconf 92' lang='lat'><strong>.</strong></span> <span class='ocrx_word' id='word_1_134' title='bbox 2479 1565 2530 1619; x_wconf 82' lang='grc'><strong>5.</strong></span> <span class='ocrx_word' id='word_1_135' title='bbox 2567 1565 2860 1628; x_wconf 85' lang='grc' dir='ltr'>Ποιοῦντας</span> <span class='ocrx_word' id='word_1_136' title='bbox 2890 1569 3224 1637; x_wconf 80' lang='grc' dir='ltr'>παραϐάσεις</span> <span class='ocrx_word' id='word_1_137' title='bbox 3254 1570 3507 1641; x_wconf 75' lang='grc' dir='ltr'>ἐμίσησα.</span> 
     </span>
    </p>
   </div>
   <div class='ocr_carea' id='block_1_24' title="bbox 813 1652 2449 1732">
    <p class='ocr_par' dir='ltr' id='par_1_24' title="bbox 813 1652 1861 1724">
     <span class='ocr_line' id='line_1_24' title="bbox 813 1652 1861 1724; baseline 0.002 -18"><span class='ocrx_word' id='word_1_138' title='bbox 813 1656 866 1709; x_wconf 81' lang='lat'><strong>6.</strong></span> <span class='ocrx_word' id='word_1_139' title='bbox 902 1652 1019 1708; x_wconf 88' lang='lat' dir='ltr'><strong>Non</strong></span> <span class='ocrx_word' id='word_1_140' title='bbox 1051 1653 1281 1709; x_wconf 70' lang='lat' dir='ltr'><strong>adhaesit</strong></span> <span class='ocrx_word' id='word_1_141' title='bbox 1305 1654 1439 1709; x_wconf 92' lang='lat' dir='ltr'><strong>mihi</strong></span> <span class='ocrx_word' id='word_1_142' title='bbox 1466 1669 1562 1709; x_wconf 88' lang='lat' dir='ltr'><strong>cor</strong></span> <span class='ocrx_word' id='word_1_143' title='bbox 1592 1670 1819 1724; x_wconf 85' lang='lat' dir='ltr'><strong>pravum</strong></span> <span class='ocrx_word' id='word_1_144' title='bbox 1848 1673 1861 1708; x_wconf 91' lang='lat'><strong>:</strong></span> 
     </span>
    </p>
   </div>
   <div class='ocr_carea' id='block_1_25' title="bbox 1958 1652 3594 1732">
    <p class='ocr_par' dir='ltr' id='par_1_25' title="bbox 2478 1656 3594 1732">
     <span class='ocr_line' id='line_1_25' title="bbox 2478 1656 3594 1732; baseline 0.003 -23"><span class='ocrx_word' id='word_1_145' title='bbox 2478 1656 2529 1709; x_wconf 84' lang='lat'><strong>6.</strong></span> <span class='ocrx_word' id='word_1_146' title='bbox 2560 1657 2673 1709; x_wconf 80' lang='grc' dir='ltr'>Οὐκ</span> <span class='ocrx_word' id='word_1_147' title='bbox 2702 1657 2961 1728; x_wconf 78' lang='grc' dir='ltr'><strong>ἐκολλήθη</strong></span> <span class='ocrx_word' id='word_1_148' title='bbox 2998 1677 3085 1729; x_wconf 87' lang='grc' dir='ltr'><strong>μοι</strong></span> <span class='ocrx_word' id='word_1_149' title='bbox 3114 1660 3309 1731; x_wconf 82' lang='grc' dir='ltr'>καρδία</span> <span class='ocrx_word' id='word_1_150' title='bbox 3340 1663 3557 1732; x_wconf 78' lang='grc' dir='ltr'>σκαμϐη</span> <span class='ocrx_word' id='word_1_151' title='bbox 3579 1678 3594 1693; x_wconf 89' lang='grc'><strong>·</strong></span> 
     </span>
    </p>
   </div>
   <div class='ocr_carea' id='block_1_26' title="bbox 813 1745 2449 1824">
    <p class='ocr_par' dir='ltr' id='par_1_26' title="bbox 813 1745 2310 1819">
     <span class='ocr_line' id='line_1_26' title="bbox 813 1745 2310 1819; baseline 0.002 -20"><span class='ocrx_word' id='word_1_152' title='bbox 813 1748 865 1801; x_wconf 86' lang='grc'><strong>7.</strong></span> <span class='ocrx_word' id='word_1_153' title='bbox 904 1745 1271 1803; x_wconf 87' lang='lat' dir='ltr'><strong>Declinantem</strong></span> <span class='ocrx_word' id='word_1_154' title='bbox 1320 1764 1349 1802; x_wconf 92' lang='lat' dir='ltr'><strong>a</strong></span> <span class='ocrx_word' id='word_1_155' title='bbox 1400 1762 1487 1802; x_wconf 90' lang='lat' dir='ltr'><strong>me</strong></span> <span class='ocrx_word' id='word_1_156' title='bbox 1531 1747 1827 1818; x_wconf 75' lang='lat' dir='ltr'><strong>malignum</strong></span> <span class='ocrx_word' id='word_1_157' title='bbox 1873 1763 1979 1801; x_wconf 89' lang='lat' dir='ltr'><strong>non</strong></span> <span class='ocrx_word' id='word_1_158' title='bbox 2016 1762 2310 1819; x_wconf 82' lang='lat' dir='ltr'><strong>cognosce—</strong></span> 
     </span>
    </p>
   </div>
   <div class='ocr_carea' id='block_1_27' title="bbox 2341 1745 3977 1824">
    <p class='ocr_par' dir='ltr' id='par_1_27' title="bbox 2482 1747 3977 1824">
     <span class='ocr_line' id='line_1_27' title="bbox 2482 1747 3977 1824; baseline 0.004 -24"><span class='ocrx_word' id='word_1_159' title='bbox 2482 1748 2536 1802; x_wconf 89' lang='lat'><strong>7.</strong></span> <span class='ocrx_word' id='word_1_160' title='bbox 2578 1747 2943 1813; x_wconf 81' lang='grc' dir='ltr'>Ἐκκλίνοντος</span> <span class='ocrx_word' id='word_1_161' title='bbox 2968 1751 3062 1803; x_wconf 79' lang='grc' dir='ltr'><strong>ἀπ’</strong></span> <span class='ocrx_word' id='word_1_162' title='bbox 3098 1752 3229 1822; x_wconf 74' lang='grc' dir='ltr'>ἐμοῦ</span> <span class='ocrx_word' id='word_1_163' title='bbox 3254 1753 3347 1806; x_wconf 85' lang='grc' dir='ltr'><strong>τοῦ</strong></span> <span class='ocrx_word' id='word_1_164' title='bbox 3373 1754 3633 1824; x_wconf 71' lang='grc' dir='ltr'>πονηροῦ,</span> <span class='ocrx_word' id='word_1_165' title='bbox 3670 1756 3774 1808; x_wconf 74' lang='grc' dir='ltr'><strong>οὐκ</strong></span> <span class='ocrx_word' id='word_1_166' title='bbox 3798 1754 3977 1823; x_wconf 72' lang='grc' dir='ltr'>ἐγίνω-</span> 
     </span>
    </p>
   </div>
   <div class='ocr_carea' id='block_1_28' title="bbox 740 1842 2561 1893">
    <p class='ocr_par' dir='ltr' id='par_1_28' title="bbox 740 1842 2561 1893">
     <span class='ocr_line' id='line_1_28' title="bbox 740 1842 2561 1893; baseline 0.001 -1"><span class='ocrx_word' id='word_1_167' title='bbox 740 1842 805 1893; x_wconf 79' lang='lat' dir='ltr'><strong>ha</strong></span> <span class='ocrx_word' id='word_1_168' title='bbox 815 1856 862 1893; x_wconf 83' lang='lat' dir='ltr'><strong>tn</strong></span> <span class='ocrx_word' id='word_1_169' title='bbox 873 1879 886 1892; x_wconf 93' lang='lat'><strong>.</strong></span> <span class='ocrx_word' id='word_1_170' title='bbox 2416 1856 2561 1893; x_wconf 86' lang='grc' dir='ltr'>σκον.</span> 
     </span>
    </p>
   </div>
   <div class='ocr_carea' id='block_1_29' title="bbox 813 1909 2449 2010">
    <p class='ocr_par' dir='ltr' id='par_1_29' title="bbox 813 1909 2379 1998">
     <span class='ocr_line' id='line_1_29' title="bbox 813 1909 2379 1998; baseline -0.001 -15"><span class='ocrx_word' id='word_1_171' title='bbox 813 1930 865 1983; x_wconf 87' lang='lat'><strong>8.</strong></span> <span class='ocrx_word' id='word_1_172' title='bbox 902 1928 1286 1985; x_wconf 77' lang='lat' dir='ltr'><strong>Detraltentem</strong></span> <span class='ocrx_word' id='word_1_173' title='bbox 1324 1936 1534 1982; x_wconf 89' lang='lat' dir='ltr'><strong>secreto</strong></span> <span class='ocrx_word' id='word_1_174' title='bbox 1564 1929 1819 1998; x_wconf 81' lang='lat' dir='ltr'><strong>proximo</strong></span> <span class='ocrx_word' id='word_1_175' title='bbox 1858 1943 1978 1995; x_wconf 89' lang='lat' dir='ltr'><strong>suo,</strong></span> <span class='ocrx_word' id='word_1_176' title='bbox 2013 1929 2156 1983; x_wconf 89' lang='lat' dir='ltr'><strong>hunc</strong></span> <span class='ocrx_word' id='word_1_177' title='bbox 2182 1944 2305 1998; x_wconf 88' lang='lat' dir='ltr'><strong>per-</strong></span> <span class='ocrx_word' id='word_1_178' title='bbox 2339 1909 2379 1965; x_wconf 77' lang='grc' dir='ltr'>Β</span> 
     </span>
    </p>
   </div>
   <div class='ocr_carea' id='block_1_30' title="bbox 2334 1909 3970 2010">
    <p class='ocr_par' dir='ltr' id='par_1_30' title="bbox 2339 1909 3970 2010">
     <span class='ocr_line' id='line_1_30' title="bbox 2339 1909 3970 2010; baseline 0.004 -26"><span class='ocrx_word' id='word_1_179' title='bbox 2339 1909 2379 1965; x_wconf 74' lang='grc' dir='ltr'>Β</span> <span class='ocrx_word' id='word_1_180' title='bbox 2480 1931 2531 1985; x_wconf 90' lang='grc'><strong>8.</strong></span> <span class='ocrx_word' id='word_1_181' title='bbox 2569 1931 2673 1984; x_wconf 79' lang='grc' dir='ltr'><strong>Τὸν</strong></span> <span class='ocrx_word' id='word_1_182' title='bbox 2704 1932 3104 1988; x_wconf 80' lang='grc' dir='ltr'>καταλαλοῦντα</span> <span class='ocrx_word' id='word_1_183' title='bbox 3138 1934 3313 2006; x_wconf 81' lang='grc' dir='ltr'>λάθρα</span> <span class='ocrx_word' id='word_1_184' title='bbox 3342 1937 3432 1989; x_wconf 75' lang='grc' dir='ltr'><strong>τὸν</strong></span> <span class='ocrx_word' id='word_1_185' title='bbox 3462 1937 3691 2009; x_wconf 76' lang='grc' dir='ltr'>πλησίον</span> <span class='ocrx_word' id='word_1_186' title='bbox 3713 1938 3830 2010; x_wconf 81' lang='grc' dir='ltr'>[τοῦ</span> <span class='ocrx_word' id='word_1_187' title='bbox 3857 1940 3970 2007; x_wconf 74' lang='grc' dir='ltr'><strong>πλη-</strong></span> 
     </span>
    </p>
   </div>
   <div class='ocr_carea' id='block_1_31' title="bbox 742 2022 2378 2093">
    <p class='ocr_par' dir='ltr' id='par_1_31' title="bbox 742 2022 1027 2092">
     <span class='ocr_line' id='line_1_31' title="bbox 742 2022 1027 2092; baseline 0.007 -15"><span class='ocrx_word' id='word_1_188' title='bbox 742 2022 1027 2092; x_wconf 82' lang='lat' dir='ltr'><strong>sequebar.</strong></span> 
     </span>
    </p>
   </div>
   <div class='ocr_carea' id='block_1_32' title="bbox 1673 2022 3309 2093">
    <p class='ocr_par' dir='ltr' id='par_1_32' title="bbox 2416 2022 3309 2093">
     <span class='ocr_line' id='line_1_32' title="bbox 2416 2022 3309 2093; baseline 0.006 -18"><span class='ocrx_word' id='word_1_189' title='bbox 2416 2022 2550 2093; x_wconf 72' lang='grc' dir='ltr'>σίου]</span> <span class='ocrx_word' id='word_1_190' title='bbox 2581 2023 2767 2087; x_wconf 74' lang='grc' dir='ltr'>αὑτοῦ,</span> <span class='ocrx_word' id='word_1_191' title='bbox 2793 2024 2979 2078; x_wconf 78' lang='grc' dir='ltr'>τοῦτον</span> <span class='ocrx_word' id='word_1_192' title='bbox 3013 2025 3309 2090; x_wconf 81' lang='grc' dir='ltr'>ὲξεδίωκον.</span> 
     </span>
    </p>
   </div>
   <div class='ocr_carea' id='block_1_33' title="bbox 811 2111 2447 2195">
    <p class='ocr_par' dir='ltr' id='par_1_33' title="bbox 811 2111 2303 2184">
     <span class='ocr_line' id='line_1_33' title="bbox 811 2111 2303 2184; baseline -0.003 -15"><span class='ocrx_word' id='word_1_193' title='bbox 811 2117 864 2169; x_wconf 84' lang='grc'><strong>9.</strong></span> <span class='ocrx_word' id='word_1_194' title='bbox 898 2114 1143 2184; x_wconf 89' lang='lat' dir='ltr'><strong>Superbo</strong></span> <span class='ocrx_word' id='word_1_195' title='bbox 1185 2114 1365 2181; x_wconf 88' lang='lat' dir='ltr'><strong>oculo,</strong></span> <span class='ocrx_word' id='word_1_196' title='bbox 1396 2124 1450 2170; x_wconf 89' lang='lat' dir='ltr'><strong>et</strong></span> <span class='ocrx_word' id='word_1_197' title='bbox 1496 2112 1793 2168; x_wconf 83' lang='lat' dir='ltr'><strong>insatiabili</strong></span> <span class='ocrx_word' id='word_1_198' title='bbox 1828 2111 2007 2175; x_wconf 85' lang='lat' dir='ltr'><strong>corde,</strong></span> <span class='ocrx_word' id='word_1_199' title='bbox 2044 2126 2166 2166; x_wconf 92' lang='lat' dir='ltr'><strong>cum</strong></span> <span class='ocrx_word' id='word_1_200' title='bbox 2203 2111 2303 2165; x_wconf 85' lang='lat' dir='ltr'><strong>hoc</strong></span> 
     </span>
    </p>
   </div>
   <div class='ocr_carea' id='block_1_34' title="bbox 2339 2111 3975 2195">
    <p class='ocr_par' dir='ltr' id='par_1_34' title="bbox 2481 2114 3975 2195">
     <span class='ocr_line' id='line_1_34' title="bbox 2481 2114 3975 2195; baseline 0.006 -28"><span class='ocrx_word' id='word_1_201' title='bbox 2481 2114 2532 2167; x_wconf 89' lang='lat'><strong>9.</strong></span> <span class='ocrx_word' id='word_1_202' title='bbox 2573 2114 2938 2187; x_wconf 77' lang='grc' dir='ltr'>’Υπερηφάνῳ</span> <span class='ocrx_word' id='word_1_203' title='bbox 2986 2117 3245 2190; x_wconf 76' lang='grc' dir='ltr'>ὀφθαλμῷ</span> <span class='ocrx_word' id='word_1_204' title='bbox 3270 2160 3285 2184; x_wconf 89' lang='grc'><em>,</em></span> <span class='ocrx_word' id='word_1_205' title='bbox 3333 2121 3424 2172; x_wconf 75' lang='grc' dir='ltr'><strong>καὶ</strong></span> <span class='ocrx_word' id='word_1_206' title='bbox 3458 2120 3720 2192; x_wconf 76' lang='grc' dir='ltr'><strong>ἀπλήστῳ</strong></span> <span class='ocrx_word' id='word_1_207' title='bbox 3757 2121 3975 2195; x_wconf 43' lang='grc' dir='ltr'>καρξῄ,</span> 
     </span>
    </p>
   </div>
   <div class='ocr_carea' id='block_1_35' title="bbox 741 2203 2377 2273">
    <p class='ocr_par' dir='ltr' id='par_1_35' title="bbox 741 2205 1124 2261">
     <span class='ocr_line' id='line_1_35' title="bbox 741 2205 1124 2261; baseline 0 -3"><span class='ocrx_word' id='word_1_208' title='bbox 741 2221 848 2261; x_wconf 89' lang='lat' dir='ltr'><strong>non</strong></span> <span class='ocrx_word' id='word_1_209' title='bbox 880 2205 1124 2260; x_wconf 84' lang='lat' dir='ltr'><strong>edebam.</strong></span> 
     </span>
    </p>
   </div>
   <div class='ocr_carea' id='block_1_36' title="bbox 1359 2203 2995 2273">
    <p class='ocr_par' dir='ltr' id='par_1_36' title="bbox 2408 2203 2995 2273">
     <span class='ocr_line' id='line_1_36' title="bbox 2408 2203 2995 2273; baseline 0.007 -18"><span class='ocrx_word' id='word_1_210' title='bbox 2408 2203 2578 2273; x_wconf 70' lang='grc' dir='ltr'>τούτῳ</span> <span class='ocrx_word' id='word_1_211' title='bbox 2605 2204 2666 2255; x_wconf 75' lang='grc' dir='ltr'><strong>οῦ</strong></span> <span class='ocrx_word' id='word_1_212' title='bbox 2695 2205 2995 2273; x_wconf 73' lang='grc' dir='ltr'>συνήσθιον.</span> 
     </span>
    </p>
   </div>
   <div class='ocr_carea' id='block_1_37' title="bbox 812 2294 2448 2374">
    <p class='ocr_par' dir='ltr' id='par_1_37' title="bbox 812 2294 1753 2352">
     <span class='ocr_line' id='line_1_37' title="bbox 812 2294 1753 2352; baseline 0.003 -3"><span class='ocrx_word' id='word_1_213' title='bbox 812 2296 900 2349; x_wconf 88' lang='grc'><strong>10.</strong></span> <span class='ocrx_word' id='word_1_214' title='bbox 930 2294 1086 2349; x_wconf 91' lang='lat' dir='ltr'><strong>Oculi</strong></span> <span class='ocrx_word' id='word_1_215' title='bbox 1116 2296 1222 2349; x_wconf 90' lang='lat' dir='ltr'><strong>mei</strong></span> <span class='ocrx_word' id='word_1_216' title='bbox 1250 2294 1316 2349; x_wconf 87' lang='lat' dir='ltr'><strong>ad</strong></span> <span class='ocrx_word' id='word_1_217' title='bbox 1344 2294 1528 2349; x_wconf 82' lang='lat' dir='ltr'><strong>ﬁdeles</strong></span> <span class='ocrx_word' id='word_1_218' title='bbox 1560 2301 1715 2348; x_wconf 72' lang='lat' dir='ltr'><strong>terra:</strong></span> <span class='ocrx_word' id='word_1_219' title='bbox 1740 2333 1753 2352; x_wconf 67' lang='grc' dir='ltr'><strong>ο</strong></span> 
     </span>
    </p>
   </div>
   <div class='ocr_carea' id='block_1_38' title="bbox 2270 2294 3906 2374">
    <p class='ocr_par' dir='ltr' id='par_1_38' title="bbox 2476 2294 3906 2374">
     <span class='ocr_line' id='line_1_38' title="bbox 2476 2294 3906 2374; baseline 0.002 -27"><span class='ocrx_word' id='word_1_220' title='bbox 2476 2294 2560 2347; x_wconf 80' lang='grc'><strong>10.</strong></span> <span class='ocrx_word' id='word_1_221' title='bbox 2600 2296 2660 2347; x_wconf 80' lang='grc' dir='ltr'><strong>Οἱ</strong></span> <span class='ocrx_word' id='word_1_222' title='bbox 2694 2296 2959 2366; x_wconf 72' lang='grc' dir='ltr'>ὀφθαλμοί</span> <span class='ocrx_word' id='word_1_223' title='bbox 2989 2316 3088 2367; x_wconf 88' lang='grc' dir='ltr'><strong>μου</strong></span> <span class='ocrx_word' id='word_1_224' title='bbox 3123 2300 3215 2351; x_wconf 77' lang='grc' dir='ltr'><strong>ἐπι</strong></span> <span class='ocrx_word' id='word_1_225' title='bbox 3239 2317 3363 2361; x_wconf 80' lang='grc' dir='ltr'>τους</span> <span class='ocrx_word' id='word_1_226' title='bbox 3391 2318 3617 2365; x_wconf 76' lang='grc' dir='ltr'>πιστους</span> <span class='ocrx_word' id='word_1_227' title='bbox 3650 2321 3751 2374; x_wconf 78' lang='grc' dir='ltr'><strong>της</strong></span> <span class='ocrx_word' id='word_1_228' title='bbox 3786 2320 3906 2374; x_wconf 78' lang='grc' dir='ltr'><strong>γης,</strong></span> 
     </span>
    </p>
   </div>
   <div class='ocr_carea' id='block_1_39' title="bbox 809 2383 2445 2463">
    <p class='ocr_par' dir='ltr' id='par_1_39' title="bbox 809 2385 1638 2456">
     <span class='ocr_line' id='line_1_39' title="bbox 809 2385 1638 2456; baseline -0.005 -16"><span class='ocrx_word' id='word_1_229' title='bbox 809 2387 896 2442; x_wconf 84' lang='grc'><strong>11.</strong></span> <span class='ocrx_word' id='word_1_230' title='bbox 934 2385 1004 2442; x_wconf 87' lang='lat' dir='ltr'><strong>Ut</strong></span> <span class='ocrx_word' id='word_1_231' title='bbox 1029 2387 1249 2442; x_wconf 81' lang='lat' dir='ltr'><strong>sedeant</strong></span> <span class='ocrx_word' id='word_1_232' title='bbox 1276 2387 1378 2456; x_wconf 89' lang='lat' dir='ltr'><strong>ipsi</strong></span> <span class='ocrx_word' id='word_1_233' title='bbox 1405 2400 1638 2441; x_wconf 89' lang='lat' dir='ltr'><strong>mecum.</strong></span> 
     </span>
    </p>
   </div>
   <div class='ocr_carea' id='block_1_40' title="bbox 2024 2383 3660 2463">
    <p class='ocr_par' dir='ltr' id='par_1_40' title="bbox 2480 2383 3660 2463">
     <span class='ocr_line' id='line_1_40' title="bbox 2480 2383 3660 2463; baseline 0.009 -28"><span class='ocrx_word' id='word_1_234' title='bbox 2480 2383 2565 2436; x_wconf 88' lang='grc'><strong>11.</strong></span> <span class='ocrx_word' id='word_1_235' title='bbox 2603 2383 2709 2435; x_wconf 87' lang='grc' dir='ltr'><strong>Τοῦ</strong></span> <span class='ocrx_word' id='word_1_236' title='bbox 2742 2386 3114 2457; x_wconf 76' lang='grc' dir='ltr'>συγκαοῆσθαι</span> <span class='ocrx_word' id='word_1_237' title='bbox 3138 2389 3331 2452; x_wconf 75' lang='grc' dir='ltr'>αὐτοὺς</span> <span class='ocrx_word' id='word_1_238' title='bbox 3359 2393 3473 2460; x_wconf 83' lang='grc' dir='ltr'>μετ’</span> <span class='ocrx_word' id='word_1_239' title='bbox 3504 2394 3660 2463; x_wconf 80' lang='grc' dir='ltr'>ἐμοῦ.</span> 
     </span>
    </p>
   </div>
   <div class='ocr_carea' id='block_1_41' title="bbox 811 2472 2447 2557">
    <p class='ocr_par' dir='ltr' id='par_1_41' title="bbox 811 2475 2303 2540">
     <span class='ocr_line' id='line_1_41' title="bbox 811 2475 2303 2540; baseline -0.003 -7"><span class='ocrx_word' id='word_1_240' title='bbox 811 2480 899 2534; x_wconf 67' lang='grc'><strong>19.</strong></span> <span class='ocrx_word' id='word_1_241' title='bbox 923 2481 1223 2536; x_wconf 79' lang='lat' dir='ltr'><strong>Ambulans</strong></span> <span class='ocrx_word' id='word_1_242' title='bbox 1265 2481 1318 2533; x_wconf 93' lang='lat' dir='ltr'><strong>in</strong></span> <span class='ocrx_word' id='word_1_243' title='bbox 1360 2480 1444 2532; x_wconf 78' lang='lat' dir='ltr'><strong>via</strong></span> <span class='ocrx_word' id='word_1_244' title='bbox 1500 2476 1844 2532; x_wconf 85' lang='lat' dir='ltr'><strong>immaculata</strong></span> <span class='ocrx_word' id='word_1_245' title='bbox 1868 2517 1881 2540; x_wconf 93' lang='lat'><strong>,</strong></span> <span class='ocrx_word' id='word_1_246' title='bbox 1918 2476 2004 2531; x_wconf 86' lang='lat' dir='ltr'><strong>hic</strong></span> <span class='ocrx_word' id='word_1_247' title='bbox 2039 2475 2170 2529; x_wconf 90' lang='lat' dir='ltr'><strong>mihi</strong></span> <span class='ocrx_word' id='word_1_248' title='bbox 2202 2476 2303 2529; x_wconf 89' lang='lat' dir='ltr'><strong>mi-</strong></span> 
     </span>
    </p>
   </div>
   <div class='ocr_carea' id='block_1_42' title="bbox 2339 2472 3975 2557">
    <p class='ocr_par' dir='ltr' id='par_1_42' title="bbox 2478 2472 3975 2557">
     <span class='ocr_line' id='line_1_42' title="bbox 2478 2472 3975 2557; baseline 0.012 -34"><span class='ocrx_word' id='word_1_249' title='bbox 2478 2472 2563 2525; x_wconf 68' lang='grc' dir='ltr'><strong>1Ξ.</strong></span> <span class='ocrx_word' id='word_1_250' title='bbox 2600 2474 2971 2546; x_wconf 80' lang='grc' dir='ltr'>Πορευόμενος</span> <span class='ocrx_word' id='word_1_251' title='bbox 3023 2480 3083 2531; x_wconf 80' lang='grc' dir='ltr'><strong>έν</strong></span> <span class='ocrx_word' id='word_1_252' title='bbox 3118 2479 3221 2550; x_wconf 81' lang='grc' dir='ltr'><strong>ὀδῷ</strong></span> <span class='ocrx_word' id='word_1_253' title='bbox 3255 2480 3499 2553; x_wconf 79' lang='grc' dir='ltr'>ἀμώμῳ,</span> <span class='ocrx_word' id='word_1_254' title='bbox 3537 2478 3691 2549; x_wconf 67' lang='grc' dir='ltr'>οὗτος</span> <span class='ocrx_word' id='word_1_255' title='bbox 3724 2506 3813 2557; x_wconf 83' lang='grc' dir='ltr'><strong>μοι</strong></span> <span class='ocrx_word' id='word_1_256' title='bbox 3852 2488 3975 2541; x_wconf 75' lang='grc' dir='ltr'>ἑλει-</span> 
     </span>
    </p>
   </div>
   <div class='ocr_carea' id='block_1_43' title="bbox 742 2562 2378 2634">
    <p class='ocr_par' dir='ltr' id='par_1_43' title="bbox 742 2572 1026 2628">
     <span class='ocr_line' id='line_1_43' title="bbox 742 2572 1026 2628; baseline 0.004 -2"><span class='ocrx_word' id='word_1_257' title='bbox 742 2572 1026 2628; x_wconf 85' lang='lat' dir='ltr'><strong>nistrabat.</strong></span> 
     </span>
    </p>
   </div>
   <div class='ocr_carea' id='block_1_44' title="bbox 1006 2562 2642 2634">
    <p class='ocr_par' dir='ltr' id='par_1_44' title="bbox 1006 2562 2642 2634">
     <span class='ocr_line' id='line_1_44' title="bbox 1006 2562 2642 2634; baseline -0.006 -6"><span class='ocrx_word' id='word_1_258' title='bbox 1006 2614 1026 2628; x_wconf 59' lang='grc' dir='ltr'><strong>η.</strong></span> <span class='ocrx_word' id='word_1_259' title='bbox 2405 2562 2496 2616; x_wconf 79' lang='grc' dir='ltr'><strong>τοῦ</strong></span> <span class='ocrx_word' id='word_1_260' title='bbox 2505 2581 2642 2634; x_wconf 72' lang='grc' dir='ltr'>ργει.</span> 
     </span>
    </p>
   </div>
   <div class='ocr_carea' id='block_1_45' title="bbox 1863 2722 2862 2782">
    <p class='ocr_par' dir='ltr' id='par_1_45' title="bbox 1863 2722 2862 2782">
     <span class='ocr_line' id='line_1_45' title="bbox 1863 2722 2862 2782; baseline -0.002 -1"><span class='ocrx_word' id='word_1_261' title='bbox 1863 2723 2238 2781; x_wconf 77' lang='lat' dir='ltr'><strong>ATHANASII</strong></span> <span class='ocrx_word' id='word_1_262' title='bbox 2279 2722 2862 2782; x_wconf 78' lang='lat' dir='ltr'><strong>INTERPRETATIO.</strong></span> 
     </span>
    </p>
   </div>
   <div class='ocr_carea' id='block_1_46' title="bbox 810 2883 2446 2960">
    <p class='ocr_par' dir='ltr' id='par_1_46' title="bbox 810 2889 1676 2960">
     <span class='ocr_line' id='line_1_46' title="bbox 810 2889 1676 2960; baseline 0 -17"><span class='ocrx_word' id='word_1_263' title='bbox 810 2891 899 2945; x_wconf 69' lang='grc'><strong>12.</strong></span> <span class='ocrx_word' id='word_1_264' title='bbox 931 2889 1000 2943; x_wconf 85' lang='lat' dir='ltr'><strong>Et</strong></span> <span class='ocrx_word' id='word_1_265' title='bbox 1024 2889 1157 2945; x_wconf 82' lang='lat' dir='ltr'><strong>ﬁdes</strong></span> <span class='ocrx_word' id='word_1_266' title='bbox 1185 2889 1299 2960; x_wconf 87' lang='lat' dir='ltr'><strong>ejus</strong></span> <span class='ocrx_word' id='word_1_267' title='bbox 1329 2890 1676 2960; x_wconf 88' lang='lat' dir='ltr'><strong>sempiterna.</strong></span> 
     </span>
    </p>
   </div>
   <div class='ocr_carea' id='block_1_47' title="bbox 1941 2883 3577 2960">
    <p class='ocr_par' dir='ltr' id='par_1_47' title="bbox 2485 2883 3577 2957">
     <span class='ocr_line' id='line_1_47' title="bbox 2485 2883 3577 2957; baseline 0.005 -21"><span class='ocrx_word' id='word_1_268' title='bbox 2485 2884 2569 2937; x_wconf 73' lang='lat'><strong>12.</strong></span> <span class='ocrx_word' id='word_1_269' title='bbox 2596 2885 2706 2938; x_wconf 77' lang='lat' dir='ltr'><strong>Kal.</strong></span> <span class='ocrx_word' id='word_1_270' title='bbox 2738 2886 2771 2954; x_wconf 87' lang='grc' dir='ltr'>ή</span> <span class='ocrx_word' id='word_1_271' title='bbox 2808 2883 2985 2949; x_wconf 78' lang='grc' dir='ltr'><strong>πίστις</strong></span> <span class='ocrx_word' id='word_1_272' title='bbox 3015 2886 3178 2939; x_wconf 76' lang='grc' dir='ltr'>αὑτοῦ</span> <span class='ocrx_word' id='word_1_273' title='bbox 3207 2886 3577 2957; x_wconf 78' lang='grc' dir='ltr'><strong>ἁτελεύτητος.</strong></span> 
     </span>
    </p>
   </div>
   <div class='ocr_carea' id='block_1_48' title="bbox 821 2994 3973 3076">
    <p class='ocr_par' dir='ltr' id='par_1_48' title="bbox 821 2994 3973 3076">
     <span class='ocr_line' id='line_1_48' title="bbox 821 2994 3973 3076; baseline -0.002 -19"><span class='ocrx_word' id='word_1_274' title='bbox 821 3005 885 3057; x_wconf 86' lang='grc' dir='ltr'><strong>Ἠ</strong></span> <span class='ocrx_word' id='word_1_275' title='bbox 910 3003 1252 3076; x_wconf 19' lang='grc' dir='ltr'>ἡπροκειμένη</span> <span class='ocrx_word' id='word_1_276' title='bbox 1282 3002 1561 3074; x_wconf 76' lang='grc' dir='ltr'>ἐπιγραφὴ</span> <span class='ocrx_word' id='word_1_277' title='bbox 1595 3000 1840 3071; x_wconf 76' lang='grc' dir='ltr'><strong>περιέχει</strong></span> <span class='ocrx_word' id='word_1_278' title='bbox 1871 2998 1945 3067; x_wconf 91' lang='grc'><strong>(1)</strong></span> <span class='ocrx_word' id='word_1_279' title='bbox 1969 3014 1983 3028; x_wconf 88' lang='grc'><strong>·</strong></span> <span class='ocrx_word' id='word_1_280' title='bbox 2022 2995 2264 3065; x_wconf 73' lang='grc' dir='ltr'><strong>Ψαλμὸς</strong></span> <span class='ocrx_word' id='word_1_281' title='bbox 2295 2994 2375 3061; x_wconf 79' lang='grc' dir='ltr'><strong>τῷ</strong></span> <span class='ocrx_word' id='word_1_282' title='bbox 2409 2996 2619 3061; x_wconf 82' lang='grc' dir='ltr'>Δαϐὶδ,</span> <span class='ocrx_word' id='word_1_283' title='bbox 2665 2996 2908 3050; x_wconf 79' lang='grc' dir='ltr'><strong>τουτέστι</strong></span> <span class='ocrx_word' id='word_1_284' title='bbox 2966 2996 3047 3063; x_wconf 84' lang='grc' dir='ltr'><strong>τῷ</strong></span> <span class='ocrx_word' id='word_1_285' title='bbox 3087 2998 3510 3066; x_wconf 77' lang='grc' dir='ltr'>εὐαρεστοῦντι</span> <span class='ocrx_word' id='word_1_286' title='bbox 3544 2998 3615 3051; x_wconf 73' lang='grc' dir='ltr'><strong>ἐν</strong></span> <span class='ocrx_word' id='word_1_287' title='bbox 3647 3000 3799 3053; x_wconf 81' lang='grc' dir='ltr'><strong>πᾶσι</strong></span> <span class='ocrx_word' id='word_1_288' title='bbox 3843 2999 3973 3071; x_wconf 50' lang='grc' dir='ltr'><strong>Θεῷ,</strong></span> 
     </span>
    </p>
   </div>
   <div class='ocr_carea' id='block_1_49' title="bbox 753 3086 3970 3170">
    <p class='ocr_par' dir='ltr' id='par_1_49' title="bbox 753 3086 3970 3170">
     <span class='ocr_line' id='line_1_49' title="bbox 753 3086 3970 3170; baseline -0.003 -20"><span class='ocrx_word' id='word_1_289' title='bbox 753 3096 1142 3170; x_wconf 83' lang='grc' dir='ltr'>Ἐρμηνεύεται</span> <span class='ocrx_word' id='word_1_290' title='bbox 1167 3097 1274 3166; x_wconf 80' lang='grc' dir='ltr'>γὰρ</span> <span class='ocrx_word' id='word_1_291' title='bbox 1293 3092 1370 3165; x_wconf 82' lang='grc' dir='ltr'><strong>τῷ</strong></span> <span class='ocrx_word' id='word_1_292' title='bbox 1393 3093 1469 3164; x_wconf 71' lang='grc'><strong>(2)</strong></span> <span class='ocrx_word' id='word_1_293' title='bbox 1492 3090 1584 3145; x_wconf 84' lang='grc' dir='ltr'><strong>τοῦ</strong></span> <span class='ocrx_word' id='word_1_294' title='bbox 1615 3089 1792 3144; x_wconf 77' lang='grc' dir='ltr'>Δαϐὶδ</span> <span class='ocrx_word' id='word_1_295' title='bbox 1814 3088 1984 3158; x_wconf 81' lang='grc' dir='ltr'>ϐνομα</span> <span class='ocrx_word' id='word_1_296' title='bbox 2004 3087 2218 3141; x_wconf 77' lang='grc' dir='ltr'>τοῦτον</span> <span class='ocrx_word' id='word_1_297' title='bbox 2244 3087 2501 3156; x_wconf 82' lang='grc' dir='ltr'>ἐποίησα</span> <span class='ocrx_word' id='word_1_298' title='bbox 2526 3086 2880 3160; x_wconf 51' lang='lat' dir='ltr'><strong>[mximum],</strong></span> <span class='ocrx_word' id='word_1_299' title='bbox 2907 3088 3107 3142; x_wconf 77' lang='grc' dir='ltr'>ὡσανεὶ</span> <span class='ocrx_word' id='word_1_300' title='bbox 3133 3089 3239 3142; x_wconf 81' lang='grc' dir='ltr'>τῶν</span> <span class='ocrx_word' id='word_1_301' title='bbox 3256 3090 3312 3141; x_wconf 83' lang='grc' dir='ltr'>ὲν</span> <span class='ocrx_word' id='word_1_302' title='bbox 3344 3091 3478 3142; x_wconf 77' lang='grc' dir='ltr'>πᾶσι</span> <span class='ocrx_word' id='word_1_303' title='bbox 3503 3088 3623 3161; x_wconf 79' lang='grc' dir='ltr'><strong>Θεῷ</strong></span> <span class='ocrx_word' id='word_1_304' title='bbox 3647 3090 3970 3161; x_wconf 66' lang='grc' dir='ltr'><strong>εείιςιρεουιών⁸</strong></span> 
     </span>
    </p>
   </div>
   <div class='ocr_carea' id='block_1_50' title="bbox 806 3181 3975 3258">
    <p class='ocr_par' dir='ltr' id='par_1_50' title="bbox 806 3181 3975 3258">
     <span class='ocr_line' id='line_1_50' title="bbox 806 3181 3975 3258; baseline -0.003 -14"><span class='ocrx_word' id='word_1_305' title='bbox 806 3190 1022 3244; x_wconf 85' lang='lat' dir='ltr'><strong>Titulus</strong></span> <span class='ocrx_word' id='word_1_306' title='bbox 1045 3188 1366 3258; x_wconf 67' lang='lat' dir='ltr'><strong>praepositus</strong></span> <span class='ocrx_word' id='word_1_307' title='bbox 1393 3186 1637 3241; x_wconf 88' lang='lat' dir='ltr'><strong>continet</strong></span> <span class='ocrx_word' id='word_1_308' title='bbox 1669 3203 1683 3239; x_wconf 88' lang='lat'><strong>:</strong></span> <span class='ocrx_word' id='word_1_309' title='bbox 1722 3183 1974 3237; x_wconf 76' lang='lat' dir='ltr'><strong>Psalmus</strong></span> <span class='ocrx_word' id='word_1_310' title='bbox 2002 3181 2207 3248; x_wconf 79' lang='lat' dir='ltr'><strong>David,</strong></span> <span class='ocrx_word' id='word_1_311' title='bbox 2246 3182 2352 3236; x_wconf 86' lang='lat' dir='ltr'><strong>hoc</strong></span> <span class='ocrx_word' id='word_1_312' title='bbox 2381 3190 2461 3237; x_wconf 89' lang='lat' dir='ltr'><strong>est</strong></span> <span class='ocrx_word' id='word_1_313' title='bbox 2490 3184 2538 3235; x_wconf 83' lang='lat' dir='ltr'><strong>ei</strong></span> <span class='ocrx_word' id='word_1_314' title='bbox 2559 3222 2575 3248; x_wconf 90' lang='lat'><strong>,</strong></span> <span class='ocrx_word' id='word_1_315' title='bbox 2610 3182 2700 3250; x_wconf 75' lang='lat' dir='ltr'><strong>qui</strong></span> <span class='ocrx_word' id='word_1_316' title='bbox 2736 3184 2791 3234; x_wconf 81' lang='lat' dir='ltr'><strong>in</strong></span> <span class='ocrx_word' id='word_1_317' title='bbox 2831 3185 3071 3235; x_wconf 85' lang='lat' dir='ltr'><strong>omnibus</strong></span> <span class='ocrx_word' id='word_1_318' title='bbox 3101 3183 3385 3251; x_wconf 80' lang='lat' dir='ltr'><strong>complacet</strong></span> <span class='ocrx_word' id='word_1_319' title='bbox 3424 3183 3553 3238; x_wconf 87' lang='lat' dir='ltr'><strong>Deo.</strong></span> <span class='ocrx_word' id='word_1_320' title='bbox 3590 3183 3975 3255; x_wconf 84' lang='lat' dir='ltr'><strong>Interpretatur</strong></span> 
     </span>
    </p>
   </div>
   <div class='ocr_carea' id='block_1_51' title="bbox 742 3272 3267 3347">
    <p class='ocr_par' dir='ltr' id='par_1_51' title="bbox 742 3272 3267 3347">
     <span class='ocr_line' id='line_1_51' title="bbox 742 3272 3267 3347; baseline -0.004 -10"><span class='ocrx_word' id='word_1_321' title='bbox 742 3284 887 3339; x_wconf 86' lang='lat' dir='ltr'><strong>enim</strong></span> <span class='ocrx_word' id='word_1_322' title='bbox 925 3279 1096 3335; x_wconf 80' lang='lat' dir='ltr'><strong>David</strong></span> <span class='ocrx_word' id='word_1_323' title='bbox 1123 3294 1316 3334; x_wconf 89' lang='lat' dir='ltr'><strong>nomen</strong></span> <span class='ocrx_word' id='word_1_324' title='bbox 1340 3279 1474 3332; x_wconf 85' lang='lat' dir='ltr'><strong>hunc</strong></span> <span class='ocrx_word' id='word_1_325' title='bbox 1503 3278 1600 3346; x_wconf 76' lang='lat' dir='ltr'><strong>feci</strong></span> <span class='ocrx_word' id='word_1_326' title='bbox 1626 3273 1860 3347; x_wconf 76' lang='lat' dir='ltr'><strong>[dilexi],</strong></span> <span class='ocrx_word' id='word_1_327' title='bbox 1892 3289 2083 3343; x_wconf 89' lang='lat' dir='ltr'><strong>nempe</strong></span> <span class='ocrx_word' id='word_1_328' title='bbox 2117 3288 2267 3337; x_wconf 89' lang='lat' dir='ltr'><strong>eum,</strong></span> <span class='ocrx_word' id='word_1_329' title='bbox 2293 3274 2407 3344; x_wconf 57' lang='lat' dir='ltr'><strong>qui:</strong></span> <span class='ocrx_word' id='word_1_330' title='bbox 2437 3274 2489 3326; x_wconf 93' lang='lat' dir='ltr'><strong>in</strong></span> <span class='ocrx_word' id='word_1_331' title='bbox 2526 3272 2782 3327; x_wconf 91' lang='lat' dir='ltr'><strong>omnibus</strong></span> <span class='ocrx_word' id='word_1_332' title='bbox 2814 3272 2923 3327; x_wconf 84' lang='lat' dir='ltr'><strong>Deo</strong></span> <span class='ocrx_word' id='word_1_333' title='bbox 2948 3274 3267 3343; x_wconf 88' lang='lat' dir='ltr'><strong>eomplacet.</strong></span> 
     </span>
    </p>
   </div>
   <div class='ocr_carea' id='block_1_52' title="bbox 811 3363 2447 3438">
    <p class='ocr_par' dir='ltr' id='par_1_52' title="bbox 811 3365 2373 3432">
     <span class='ocr_line' id='line_1_52' title="bbox 811 3365 2373 3432; baseline -0.004 -9"><span class='ocrx_word' id='word_1_334' title='bbox 811 3372 865 3427; x_wconf 83' lang='grc'><strong>1.</strong></span> <span class='ocrx_word' id='word_1_335' title='bbox 898 3370 1313 3426; x_wconf 88' lang='lat' dir='ltr'><strong>Benelicentiam</strong></span> <span class='ocrx_word' id='word_1_336' title='bbox 1352 3379 1535 3431; x_wconf 88' lang='lat' dir='ltr'><strong>tuam,</strong></span> <span class='ocrx_word' id='word_1_337' title='bbox 1580 3376 1636 3421; x_wconf 90' lang='lat' dir='ltr'><strong>et</strong></span> <span class='ocrx_word' id='word_1_338' title='bbox 1678 3365 1836 3419; x_wconf 82' lang='lat' dir='ltr'><strong>(idem</strong></span> <span class='ocrx_word' id='word_1_339' title='bbox 1878 3375 2025 3419; x_wconf 88' lang='lat' dir='ltr'><strong>tuam</strong></span> <span class='ocrx_word' id='word_1_340' title='bbox 2075 3365 2302 3419; x_wconf 83' lang='lat' dir='ltr'><strong>medita-</strong></span> <span class='ocrx_word' id='word_1_341' title='bbox 2331 3376 2373 3432; x_wconf 75' lang='grc' dir='ltr'><strong>ο</strong></span> 
     </span>
    </p>
   </div>
   <div class='ocr_carea' id='block_1_53' title="bbox 2332 3363 3968 3438">
    <p class='ocr_par' dir='ltr' id='par_1_53' title="bbox 2332 3363 3968 3438">
     <span class='ocr_line' id='line_1_53' title="bbox 2332 3363 3968 3438; baseline 0.002 -22"><span class='ocrx_word' id='word_1_342' title='bbox 2332 3376 2373 3432; x_wconf 81' lang='lat' dir='ltr'>c</span> <span class='ocrx_word' id='word_1_343' title='bbox 2476 3363 2527 3416; x_wconf 91' lang='grc'><strong>1.</strong></span> <span class='ocrx_word' id='word_1_344' title='bbox 2559 3363 2670 3435; x_wconf 88' lang='grc' dir='ltr'><strong>Τὴν</strong></span> <span class='ocrx_word' id='word_1_345' title='bbox 2698 3363 2940 3417; x_wconf 82' lang='grc' dir='ltr'>εὐποιίαν</span> <span class='ocrx_word' id='word_1_346' title='bbox 2968 3381 3059 3417; x_wconf 83' lang='grc' dir='ltr'>σου</span> <span class='ocrx_word' id='word_1_347' title='bbox 3089 3366 3180 3417; x_wconf 73' lang='grc' dir='ltr'><strong>καὶ</strong></span> <span class='ocrx_word' id='word_1_348' title='bbox 3203 3366 3302 3435; x_wconf 80' lang='grc' dir='ltr'>τὴν</span> <span class='ocrx_word' id='word_1_349' title='bbox 3335 3365 3515 3417; x_wconf 79' lang='grc' dir='ltr'>πίστιν</span> <span class='ocrx_word' id='word_1_350' title='bbox 3542 3382 3638 3417; x_wconf 79' lang='grc' dir='ltr'><strong>σου</strong></span> <span class='ocrx_word' id='word_1_351' title='bbox 3674 3368 3968 3438; x_wconf 72' lang='grc' dir='ltr'>μελετήςω,</span> 
     </span>
    </p>
   </div>
   <div class='ocr_carea' id='block_1_54' title="bbox 742 3455 2605 3527">
    <p class='ocr_par' dir='ltr' id='par_1_54' title="bbox 742 3455 2605 3527">
     <span class='ocr_line' id='line_1_54' title="bbox 742 3455 2605 3527; baseline -0.007 -6"><span class='ocrx_word' id='word_1_352' title='bbox 742 3467 863 3527; x_wconf 84' lang='lat' dir='ltr'><strong>bor,</strong></span> <span class='ocrx_word' id='word_1_353' title='bbox 899 3462 1147 3519; x_wconf 89' lang='lat' dir='ltr'><strong>Domine.</strong></span> <span class='ocrx_word' id='word_1_354' title='bbox 2411 3455 2605 3525; x_wconf 84' lang='grc' dir='ltr'>Κύριε.</span> 
     </span>
    </p>
   </div>
   <div class='ocr_carea' id='block_1_55' title="bbox 812 3542 2448 3626">
    <p class='ocr_par' dir='ltr' id='par_1_55' title="bbox 812 3550 2303 3626">
     <span class='ocr_line' id='line_1_55' title="bbox 812 3550 2303 3626; baseline -0.007 -15"><span class='ocrx_word' id='word_1_355' title='bbox 812 3558 864 3611; x_wconf 73' lang='lat'><strong>9..</strong></span> <span class='ocrx_word' id='word_1_356' title='bbox 902 3556 1236 3626; x_wconf 78' lang='lat' dir='ltr'><strong>lntelligam,</strong></span> <span class='ocrx_word' id='word_1_357' title='bbox 1278 3569 1398 3625; x_wconf 78' lang='lat' dir='ltr'><strong>quae</strong></span> <span class='ocrx_word' id='word_1_358' title='bbox 1427 3551 1654 3624; x_wconf 88' lang='lat' dir='ltr'><strong>psallam</strong></span> <span class='ocrx_word' id='word_1_359' title='bbox 1694 3552 1749 3605; x_wconf 91' lang='lat' dir='ltr'><strong>in</strong></span> <span class='ocrx_word' id='word_1_360' title='bbox 1783 3550 1946 3605; x_wconf 91' lang='lat' dir='ltr'><strong>corde</strong></span> <span class='ocrx_word' id='word_1_361' title='bbox 1987 3563 2143 3619; x_wconf 90' lang='lat' dir='ltr'><strong>puro,</strong></span> <span class='ocrx_word' id='word_1_362' title='bbox 2178 3562 2303 3603; x_wconf 91' lang='lat' dir='ltr'><strong>cum</strong></span> 
     </span>
    </p>
   </div>
   <div class='ocr_carea' id='block_1_56' title="bbox 2336 3542 3972 3626">
    <p class='ocr_par' dir='ltr' id='par_1_56' title="bbox 2477 3542 3972 3618">
     <span class='ocr_line' id='line_1_56' title="bbox 2477 3542 3972 3618; baseline 0.003 -22"><span class='ocrx_word' id='word_1_363' title='bbox 2477 3543 2532 3597; x_wconf 74' lang='grc'><strong>2.</strong></span> <span class='ocrx_word' id='word_1_364' title='bbox 2584 3542 2850 3616; x_wconf 84' lang='grc' dir='ltr'>Ἐννοήσω</span> <span class='ocrx_word' id='word_1_365' title='bbox 2901 3544 2975 3614; x_wconf 81' lang='grc'><strong>(5)</strong></span> <span class='ocrx_word' id='word_1_366' title='bbox 3015 3544 3158 3613; x_wconf 79' lang='grc' dir='ltr'>ἅπερ</span> <span class='ocrx_word' id='word_1_367' title='bbox 3204 3544 3358 3615; x_wconf 71' lang='grc' dir='ltr'>ψαλῶ</span> <span class='ocrx_word' id='word_1_368' title='bbox 3404 3547 3460 3598; x_wconf 77' lang='grc' dir='ltr'>ἐν</span> <span class='ocrx_word' id='word_1_369' title='bbox 3505 3546 3704 3618; x_wconf 73' lang='grc' dir='ltr'>καρδίᾳ</span> <span class='ocrx_word' id='word_1_370' title='bbox 3750 3547 3972 3618; x_wconf 70' lang='grc' dir='ltr'>καθαρᾷ,</span> 
     </span>
    </p>
   </div>
   <div class='ocr_carea' id='block_1_57' title="bbox 743 3637 2379 3717">
    <p class='ocr_par' dir='ltr' id='par_1_57' title="bbox 743 3642 1886 3717">
     <span class='ocr_line' id='line_1_57' title="bbox 743 3642 1886 3717; baseline -0.007 -13"><span class='ocrx_word' id='word_1_371' title='bbox 743 3648 1068 3704; x_wconf 80' lang='lat' dir='ltr'><strong>inhabitabit</strong></span> <span class='ocrx_word' id='word_1_372' title='bbox 1095 3648 1149 3702; x_wconf 89' lang='lat' dir='ltr'><strong>in</strong></span> <span class='ocrx_word' id='word_1_373' title='bbox 1181 3662 1266 3702; x_wconf 93' lang='lat' dir='ltr'><strong>me</strong></span> <span class='ocrx_word' id='word_1_374' title='bbox 1293 3646 1465 3717; x_wconf 78' lang='lat' dir='ltr'><strong>gratia</strong></span> <span class='ocrx_word' id='word_1_375' title='bbox 1487 3656 1601 3710; x_wconf 89' lang='lat' dir='ltr'><strong>tua,</strong></span> <span class='ocrx_word' id='word_1_376' title='bbox 1638 3642 1886 3698; x_wconf 89' lang='lat' dir='ltr'><strong>Domine.</strong></span> 
     </span>
    </p>
   </div>
   <div class='ocr_carea' id='block_1_58' title="bbox 2238 3637 3874 3717">
    <p class='ocr_par' dir='ltr' id='par_1_58' title="bbox 2408 3637 3874 3710">
     <span class='ocr_line' id='line_1_58' title="bbox 2408 3637 3874 3710; baseline 0.005 -21"><span class='ocrx_word' id='word_1_377' title='bbox 2408 3637 2535 3691; x_wconf 79' lang='grc' dir='ltr'>ὅταν</span> <span class='ocrx_word' id='word_1_378' title='bbox 2565 3638 2928 3709; x_wconf 78' lang='grc' dir='ltr'>ὲπισκηνώσει</span> <span class='ocrx_word' id='word_1_379' title='bbox 2961 3641 2994 3708; x_wconf 81' lang='grc' dir='ltr'>ἠ</span> <span class='ocrx_word' id='word_1_380' title='bbox 3025 3640 3181 3709; x_wconf 81' lang='grc' dir='ltr'>χάρις</span> <span class='ocrx_word' id='word_1_381' title='bbox 3209 3656 3325 3703; x_wconf 85' lang='grc' dir='ltr'>σου,</span> <span class='ocrx_word' id='word_1_382' title='bbox 3354 3640 3547 3710; x_wconf 82' lang='grc' dir='ltr'>Κύριε.</span> <span class='ocrx_word' id='word_1_383' title='bbox 3870 3693 3874 3696; x_wconf 31' lang='grc'><strong>.</strong></span> 
     </span>
    </p>
   </div>
   <div class='ocr_carea' id='block_1_59' title="bbox 812 3728 2448 3804">
    <p class='ocr_par' dir='ltr' id='par_1_59' title="bbox 812 3728 2307 3795">
     <span class='ocr_line' id='line_1_59' title="bbox 812 3728 2307 3795; baseline -0.009 -1"><span class='ocrx_word' id='word_1_384' title='bbox 812 3739 866 3794; x_wconf 79' lang='lat'><strong>&#39;5.</strong></span> <span class='ocrx_word' id='word_1_385' title='bbox 901 3737 1293 3795; x_wconf 89' lang='lat' dir='ltr'><strong>Permanebam</strong></span> <span class='ocrx_word' id='word_1_386' title='bbox 1348 3737 1404 3791; x_wconf 87' lang='lat' dir='ltr'><strong>in</strong></span> <span class='ocrx_word' id='word_1_387' title='bbox 1435 3734 1800 3790; x_wconf 82' lang='lat' dir='ltr'><strong>exsultatione</strong></span> <span class='ocrx_word' id='word_1_388' title='bbox 1857 3730 2041 3787; x_wconf 85' lang='lat' dir='ltr'><strong>cordis</strong></span> <span class='ocrx_word' id='word_1_389' title='bbox 2093 3728 2198 3784; x_wconf 89' lang='lat' dir='ltr'><strong>mei</strong></span> <span class='ocrx_word' id='word_1_390' title='bbox 2253 3729 2307 3782; x_wconf 93' lang='lat' dir='ltr'><strong>in</strong></span> 
     </span>
    </p>
   </div>
   <div class='ocr_carea' id='block_1_60' title="bbox 2336 3728 3972 3804">
    <p class='ocr_par' dir='ltr' id='par_1_60' title="bbox 2476 3728 3972 3804">
     <span class='ocr_line' id='line_1_60' title="bbox 2476 3728 3972 3804; baseline 0.001 -22"><span class='ocrx_word' id='word_1_391' title='bbox 2476 3730 2528 3782; x_wconf 81' lang='grc'><strong>5.</strong></span> <span class='ocrx_word' id='word_1_392' title='bbox 2558 3728 2835 3781; x_wconf 81' lang='grc' dir='ltr'><strong>Διετέλουν</strong></span> <span class='ocrx_word' id='word_1_393' title='bbox 2891 3731 2948 3781; x_wconf 80' lang='grc' dir='ltr'>ὲν</span> <span class='ocrx_word' id='word_1_394' title='bbox 2999 3729 3318 3796; x_wconf 75' lang='grc' dir='ltr'>ἀγαλλιάσει</span> <span class='ocrx_word' id='word_1_395' title='bbox 3360 3731 3459 3800; x_wconf 81' lang='grc' dir='ltr'><strong>τῆς</strong></span> <span class='ocrx_word' id='word_1_396' title='bbox 3504 3732 3734 3799; x_wconf 84' lang='grc' dir='ltr'>καρδίας</span> <span class='ocrx_word' id='word_1_397' title='bbox 3780 3751 3882 3804; x_wconf 74' lang='grc' dir='ltr'><strong>μευ</strong></span> <span class='ocrx_word' id='word_1_398' title='bbox 3926 3736 3972 3785; x_wconf 78' lang='grc' dir='ltr'><strong>ἐν</strong></span> 
     </span>
    </p>
   </div>
   <div class='ocr_carea' id='block_1_61' title="bbox 742 3820 2378 3892">
    <p class='ocr_par' dir='ltr' id='par_1_61' title="bbox 742 3833 1638 3887">
     <span class='ocr_line' id='line_1_61' title="bbox 742 3833 1638 3887; baseline -0.006 -1"><span class='ocrx_word' id='word_1_399' title='bbox 742 3833 919 3887; x_wconf 85' lang='lat' dir='ltr'><strong>medio</strong></span> <span class='ocrx_word' id='word_1_400' title='bbox 964 3833 1331 3887; x_wconf 85' lang='lat' dir='ltr'><strong>membrorum</strong></span> <span class='ocrx_word' id='word_1_401' title='bbox 1372 3843 1638 3883; x_wconf 91' lang='lat' dir='ltr'><strong>meorum.</strong></span> 
     </span>
    </p>
   </div>
   <div class='ocr_carea' id='block_1_62' title="bbox 1430 3820 3066 3892">
    <p class='ocr_par' dir='ltr' id='par_1_62' title="bbox 1432 3820 3066 3892">
     <span class='ocr_line' id='line_1_62' title="bbox 1432 3820 3066 3892; baseline -0.006 -10"><span class='ocrx_word' id='word_1_402' title='bbox 1432 3843 1638 3883; x_wconf 87' lang='lat' dir='ltr'><strong>eorum.</strong></span> <span class='ocrx_word' id='word_1_403' title='bbox 2413 3821 2561 3892; x_wconf 82' lang='grc' dir='ltr'><strong>μέσῳ</strong></span> <span class='ocrx_word' id='word_1_404' title='bbox 2592 3820 2698 3873; x_wconf 82' lang='grc' dir='ltr'><strong>τῶν</strong></span> <span class='ocrx_word' id='word_1_405' title='bbox 2733 3820 2909 3891; x_wconf 81' lang='grc' dir='ltr'>μελῶν</span> <span class='ocrx_word' id='word_1_406' title='bbox 2946 3838 3066 3892; x_wconf 88' lang='grc' dir='ltr'>μου.</span> 
     </span>
    </p>
   </div>
   <div class='ocr_carea' id='block_1_63' title="bbox 814 3912 2450 3992">
    <p class='ocr_par' dir='ltr' id='par_1_63' title="bbox 814 3917 2303 3992">
     <span class='ocr_line' id='line_1_63' title="bbox 814 3917 2303 3992; baseline -0.007 -15"><span class='ocrx_word' id='word_1_407' title='bbox 814 3926 867 3979; x_wconf 76' lang='grc'><strong>-1,</strong></span> <span class='ocrx_word' id='word_1_408' title='bbox 902 3922 1019 3979; x_wconf 84' lang='grc' dir='ltr'>Νοιι</span> <span class='ocrx_word' id='word_1_409' title='bbox 1053 3922 1232 3992; x_wconf 85' lang='lat' dir='ltr'><strong>recepi</strong></span> <span class='ocrx_word' id='word_1_410' title='bbox 1264 3922 1318 3975; x_wconf 91' lang='lat' dir='ltr'><strong>in</strong></span> <span class='ocrx_word' id='word_1_411' title='bbox 1348 3928 1528 3975; x_wconf 84' lang='lat' dir='ltr'><strong>mente</strong></span> <span class='ocrx_word' id='word_1_412' title='bbox 1555 3919 1737 3975; x_wconf 88' lang='lat' dir='ltr'><strong>cordis</strong></span> <span class='ocrx_word' id='word_1_413' title='bbox 1764 3917 1869 3972; x_wconf 91' lang='lat' dir='ltr'><strong>mei</strong></span> <span class='ocrx_word' id='word_1_414' title='bbox 1908 3932 2023 3972; x_wconf 90' lang='lat' dir='ltr'><strong>rem</strong></span> <span class='ocrx_word' id='word_1_415' title='bbox 2058 3930 2303 3986; x_wconf 82' lang='lat' dir='ltr'><strong>pravam.</strong></span> 
     </span>
    </p>
   </div>
   <div class='ocr_carea' id='block_1_64' title="bbox 2334 3912 3970 3992">
    <p class='ocr_par' dir='ltr' id='par_1_64' title="bbox 2480 3912 3970 3985">
     <span class='ocr_line' id='line_1_64' title="bbox 2480 3912 3970 3985; baseline 0 -20"><span class='ocrx_word' id='word_1_416' title='bbox 2480 3913 2533 3966; x_wconf 73' lang='grc'><strong>4.</strong></span> <span class='ocrx_word' id='word_1_417' title='bbox 2569 3912 2682 3965; x_wconf 80' lang='grc' dir='ltr'>Οὐκ</span> <span class='ocrx_word' id='word_1_418' title='bbox 2715 3912 2975 3984; x_wconf 75' lang='grc' dir='ltr'><strong>ἐδεχόμην</strong></span> <span class='ocrx_word' id='word_1_419' title='bbox 3017 3915 3074 3965; x_wconf 86' lang='grc' dir='ltr'><strong>ἐν</strong></span> <span class='ocrx_word' id='word_1_420' title='bbox 3111 3915 3176 3984; x_wconf 81' lang='grc' dir='ltr'><strong>τῇ</strong></span> <span class='ocrx_word' id='word_1_421' title='bbox 3219 3912 3427 3984; x_wconf 77' lang='grc' dir='ltr'>διανοίᾳ</span> <span class='ocrx_word' id='word_1_422' title='bbox 3473 3912 3573 3984; x_wconf 79' lang='grc' dir='ltr'><strong>τῆς</strong></span> <span class='ocrx_word' id='word_1_423' title='bbox 3615 3912 3842 3985; x_wconf 76' lang='grc' dir='ltr'>καρδίας</span> <span class='ocrx_word' id='word_1_424' title='bbox 3881 3931 3970 3985; x_wconf 74' lang='grc' dir='ltr'>μου</span> 
     </span>
    </p>
   </div>
   <div class='ocr_carea' id='block_1_65' title="bbox 2409 4002 3026 4075">
    <p class='ocr_par' dir='ltr' id='par_1_65' title="bbox 2409 4002 3026 4075">
     <span class='ocr_line' id='line_1_65' title="bbox 2409 4002 3026 4075; baseline 0.005 -20"><span class='ocrx_word' id='word_1_425' title='bbox 2409 4007 2641 4075; x_wconf 80' lang='grc' dir='ltr'>πρᾶγμα</span> <span class='ocrx_word' id='word_1_426' title='bbox 2669 4002 2743 4074; x_wconf 68' lang='lat' dir='ltr'><strong>(lt)</strong></span> <span class='ocrx_word' id='word_1_427' title='bbox 2778 4004 3026 4075; x_wconf 79' lang='grc' dir='ltr'>πονηρόν.</span> 
     </span>
    </p>
   </div>
   <div class='ocr_carea' id='block_1_66' title="bbox 811 4096 2447 4172">
    <p class='ocr_par' dir='ltr' id='par_1_66' title="bbox 811 4096 1635 4172">
     <span class='ocr_line' id='line_1_66' title="bbox 811 4096 1635 4172; baseline -0.011 -15"><span class='ocrx_word' id='word_1_428' title='bbox 811 4103 864 4157; x_wconf 84' lang='grc'><strong>5.</strong></span> <span class='ocrx_word' id='word_1_429' title='bbox 899 4100 1268 4172; x_wconf 79' lang='lat' dir='ltr'><strong>Cogitationes</strong></span> <span class='ocrx_word' id='word_1_430' title='bbox 1317 4096 1635 4151; x_wconf 88' lang='lat' dir='ltr'><strong>diabolicas.</strong></span> 
     </span>
    </p>
   </div>
   <div class='ocr_carea' id='block_1_67' title="bbox 1664 4096 3300 4172">
    <p class='ocr_par' dir='ltr' id='par_1_67' title="bbox 2480 4096 3300 4169">
     <span class='ocr_line' id='line_1_67' title="bbox 2480 4096 3300 4169; baseline 0 -18"><span class='ocrx_word' id='word_1_431' title='bbox 2480 4099 2531 4152; x_wconf 79' lang='lat'><strong>5.</strong></span> <span class='ocrx_word' id='word_1_432' title='bbox 2576 4096 2931 4169; x_wconf 81' lang='grc' dir='ltr'>Ἑνθυμήσεις</span> <span class='ocrx_word' id='word_1_433' title='bbox 2964 4098 3300 4168; x_wconf 83' lang='grc' dir='ltr'>δαιμονικάς.</span> 
     </span>
    </p>
   </div>
   <div class='ocr_carea' id='block_1_68' title="bbox 813 4181 3307 4244">
    <p class='ocr_par' dir='ltr' id='par_1_68' title="bbox 813 4181 3307 4244">
     <span class='ocr_line' id='line_1_68' title="bbox 813 4181 3307 4244; baseline 0.001 -6"><span class='ocrx_word' id='word_1_434' title='bbox 813 4188 867 4238; x_wconf 81' lang='lat' dir='ltr'><strong>ti.</strong></span> <span class='ocrx_word' id='word_1_435' title='bbox 908 4183 1165 4239; x_wconf 83' lang='lat' dir='ltr'><strong>Doctrina</strong></span> <span class='ocrx_word' id='word_1_436' title='bbox 1188 4181 1410 4237; x_wconf 85' lang='lat' dir='ltr'><strong>diaboli.</strong></span> <span class='ocrx_word' id='word_1_437' title='bbox 2480 4188 2532 4241; x_wconf 85' lang='lat'><strong>6.</strong></span> <span class='ocrx_word' id='word_1_438' title='bbox 2564 4188 2890 4242; x_wconf 72' lang='grc' dir='ltr'>Διδασκαλίαι</span> <span class='ocrx_word' id='word_1_439' title='bbox 2920 4188 3011 4241; x_wconf 79' lang='grc' dir='ltr'><strong>τοῦ</strong></span> <span class='ocrx_word' id='word_1_440' title='bbox 3044 4189 3307 4244; x_wconf 85' lang='grc' dir='ltr'>διαϐόλου.</span> 
     </span>
    </p>
   </div>
   <div class='ocr_carea' id='block_1_69' title="bbox 816 4269 2452 4355">
    <p class='ocr_par' dir='ltr' id='par_1_69' title="bbox 816 4269 2309 4342">
     <span class='ocr_line' id='line_1_69' title="bbox 816 4269 2309 4342; baseline -0.005 -14"><span class='ocrx_word' id='word_1_441' title='bbox 816 4277 872 4329; x_wconf 90' lang='lat'><strong>&#39;7.</strong></span> <span class='ocrx_word' id='word_1_442' title='bbox 905 4275 1218 4330; x_wconf 82' lang='lat' dir='ltr'><strong>Absistente</strong></span> <span class='ocrx_word' id='word_1_443' title='bbox 1245 4286 1437 4342; x_wconf 89' lang='lat' dir='ltr'><strong>parum</strong></span> <span class='ocrx_word' id='word_1_444' title='bbox 1470 4287 1500 4324; x_wconf 88' lang='lat' dir='ltr'><strong>a</strong></span> <span class='ocrx_word' id='word_1_445' title='bbox 1541 4286 1627 4325; x_wconf 89' lang='lat' dir='ltr'><strong>me</strong></span> <span class='ocrx_word' id='word_1_446' title='bbox 1658 4269 1917 4339; x_wconf 77' lang='lat' dir='ltr'><strong>maligno,</strong></span> <span class='ocrx_word' id='word_1_447' title='bbox 1945 4283 2052 4322; x_wconf 91' lang='lat' dir='ltr'><strong>non</strong></span> <span class='ocrx_word' id='word_1_448' title='bbox 2086 4275 2309 4323; x_wconf 87' lang='lat' dir='ltr'><strong>cuncta-</strong></span> 
     </span>
    </p>
   </div>
   <div class='ocr_carea' id='block_1_70' title="bbox 2334 4269 3970 4355">
    <p class='ocr_par' dir='ltr' id='par_1_70' title="bbox 2478 4278 3970 4355">
     <span class='ocr_line' id='line_1_70' title="bbox 2478 4278 3970 4355; baseline 0.009 -25"><span class='ocrx_word' id='word_1_449' title='bbox 2478 4279 2531 4331; x_wconf 88' lang='lat'><strong>7.</strong></span> <span class='ocrx_word' id='word_1_450' title='bbox 2574 4278 2966 4349; x_wconf 82' lang='grc' dir='ltr'>Ἀφισταμένου</span> <span class='ocrx_word' id='word_1_451' title='bbox 3019 4282 3211 4352; x_wconf 82' lang='grc' dir='ltr'>μικρὸν</span> <span class='ocrx_word' id='word_1_452' title='bbox 3258 4282 3352 4333; x_wconf 75' lang='grc' dir='ltr'><strong>ἀπ’</strong></span> <span class='ocrx_word' id='word_1_453' title='bbox 3386 4282 3521 4352; x_wconf 83' lang='grc' dir='ltr'>ἐμοῦ</span> <span class='ocrx_word' id='word_1_454' title='bbox 3566 4280 3661 4336; x_wconf 88' lang='grc' dir='ltr'><strong>τοῦ</strong></span> <span class='ocrx_word' id='word_1_455' title='bbox 3710 4282 3970 4355; x_wconf 55' lang='grc' dir='ltr'>πονηφῦι</span> 
     </span>
    </p>
   </div>
   <div class='ocr_carea' id='block_1_71' title="bbox 746 4365 2382 4448">
    <p class='ocr_par' dir='ltr' id='par_1_71' title="bbox 746 4365 1390 4435">
     <span class='ocr_line' id='line_1_71' title="bbox 746 4365 1390 4435; baseline -0.011 -11"><span class='ocrx_word' id='word_1_456' title='bbox 746 4371 867 4433; x_wconf 80' lang='lat' dir='ltr'><strong>bar,</strong></span> <span class='ocrx_word' id='word_1_457' title='bbox 892 4367 986 4424; x_wconf 84' lang='lat' dir='ltr'><strong>sed</strong></span> <span class='ocrx_word' id='word_1_458' title='bbox 1015 4365 1390 4435; x_wconf 87' lang='lat' dir='ltr'><strong>inspiciebam.</strong></span> 
     </span>
    </p>
   </div>
   <div class='ocr_carea' id='block_1_72' title="bbox 2082 4365 3718 4448">
    <p class='ocr_par' dir='ltr' id='par_1_72' title="bbox 2409 4369 3718 4448">
     <span class='ocr_line' id='line_1_72' title="bbox 2409 4369 3718 4448; baseline 0.006 -27"><span class='ocrx_word' id='word_1_459' title='bbox 2409 4369 2506 4422; x_wconf 61' lang='grc' dir='ltr'>οὐκ</span> <span class='ocrx_word' id='word_1_460' title='bbox 2534 4370 2765 4440; x_wconf 74' lang='grc' dir='ltr'>ἦμελλον</span> <span class='ocrx_word' id='word_1_461' title='bbox 2793 4371 2889 4440; x_wconf 81' lang='grc'><strong>(5),</strong></span> <span class='ocrx_word' id='word_1_462' title='bbox 2922 4371 3035 4425; x_wconf 82' lang='grc' dir='ltr'>ἀλλ’</span> <span class='ocrx_word' id='word_1_463' title='bbox 3070 4373 3317 4443; x_wconf 79' lang='grc' dir='ltr'>ὲνηφόρῳ</span> <span class='ocrx_word' id='word_1_464' title='bbox 3352 4372 3718 4448; x_wconf 78' lang='grc' dir='ltr'>[ὲναφώρων].</span> 
     </span>
    </p>
   </div>
   <div class='ocr_carea' id='block_1_73' title="bbox 816 4451 2452 4537">
    <p class='ocr_par' dir='ltr' id='par_1_73' title="bbox 816 4451 2311 4529">
     <span class='ocr_line' id='line_1_73' title="bbox 816 4451 2311 4529; baseline -0.007 -15"><span class='ocrx_word' id='word_1_465' title='bbox 816 4462 867 4514; x_wconf 87' lang='lat'><strong>8.</strong></span> <span class='ocrx_word' id='word_1_466' title='bbox 899 4456 1299 4529; x_wconf 74' lang='lat' dir='ltr'><strong>Cogitationem</strong></span> <span class='ocrx_word' id='word_1_467' title='bbox 1351 4462 1725 4526; x_wconf 78' lang='lat' dir='ltr'><strong>suggerentem</strong></span> <span class='ocrx_word' id='word_1_468' title='bbox 1765 4452 1897 4508; x_wconf 87' lang='lat' dir='ltr'><strong>mihi</strong></span> <span class='ocrx_word' id='word_1_469' title='bbox 1942 4451 2145 4521; x_wconf 89' lang='lat' dir='ltr'><strong>aliquid</strong></span> <span class='ocrx_word' id='word_1_470' title='bbox 2185 4466 2311 4521; x_wconf 86' lang='lat' dir='ltr'><strong>pra-</strong></span> 
     </span>
    </p>
   </div>
   <div class='ocr_carea' id='block_1_74' title="bbox 2333 4451 3969 4537">
    <p class='ocr_par' dir='ltr' id='par_1_74' title="bbox 2480 4461 3969 4537">
     <span class='ocr_line' id='line_1_74' title="bbox 2480 4461 3969 4537; baseline 0.001 -23"><span class='ocrx_word' id='word_1_471' title='bbox 2480 4461 2532 4517; x_wconf 90' lang='lat'><strong>8.</strong></span> <span class='ocrx_word' id='word_1_472' title='bbox 2577 4462 2679 4514; x_wconf 82' lang='grc' dir='ltr'>Τὸν</span> <span class='ocrx_word' id='word_1_473' title='bbox 2711 4463 2967 4535; x_wconf 80' lang='grc' dir='ltr'>λογισμὸν</span> <span class='ocrx_word' id='word_1_474' title='bbox 2996 4465 3084 4516; x_wconf 82' lang='grc' dir='ltr'>τὸν</span> <span class='ocrx_word' id='word_1_475' title='bbox 3117 4464 3492 4519; x_wconf 79' lang='grc' dir='ltr'>ὑποϐάλλοντά</span> <span class='ocrx_word' id='word_1_476' title='bbox 3524 4467 3616 4536; x_wconf 86' lang='grc' dir='ltr'><strong>μοί</strong></span> <span class='ocrx_word' id='word_1_477' title='bbox 3656 4485 3708 4519; x_wconf 83' lang='grc' dir='ltr'>τι</span> <span class='ocrx_word' id='word_1_478' title='bbox 3752 4467 3969 4537; x_wconf 61' lang='lat' dir='ltr'><strong>aovan</strong></span> 
     </span>
    </p>
   </div>
   <div class='ocr_carea' id='block_1_75' title="bbox 745 4544 2381 4630">
    <p class='ocr_par' dir='ltr' id='par_1_75' title="bbox 745 4544 2309 4617">
     <span class='ocr_line' id='line_1_75' title="bbox 745 4544 2309 4617; baseline -0.003 -15"><span class='ocrx_word' id='word_1_479' title='bbox 745 4566 873 4604; x_wconf 77' lang='lat' dir='ltr'><strong>vum</strong></span> <span class='ocrx_word' id='word_1_480' title='bbox 922 4556 1115 4604; x_wconf 90' lang='lat' dir='ltr'><strong>contra</strong></span> <span class='ocrx_word' id='word_1_481' title='bbox 1154 4547 1392 4617; x_wconf 79' lang='lat' dir='ltr'><strong>aliquem</strong></span> <span class='ocrx_word' id='word_1_482' title='bbox 1438 4546 1719 4600; x_wconf 87' lang='lat' dir='ltr'><strong>hominem</strong></span> <span class='ocrx_word' id='word_1_483' title='bbox 1751 4544 2035 4615; x_wconf 85' lang='lat' dir='ltr'><strong>ejiciebam</strong></span> <span class='ocrx_word' id='word_1_484' title='bbox 2082 4560 2110 4599; x_wconf 89' lang='lat' dir='ltr'><strong>e</strong></span> <span class='ocrx_word' id='word_1_485' title='bbox 2146 4544 2309 4600; x_wconf 88' lang='lat' dir='ltr'><strong>corde</strong></span> 
     </span>
    </p>
   </div>
   <div class='ocr_carea' id='block_1_76' title="bbox 2331 4544 3967 4630">
    <p class='ocr_par' dir='ltr' id='par_1_76' title="bbox 2411 4553 3967 4630">
     <span class='ocr_line' id='line_1_76' title="bbox 2411 4553 3967 4630; baseline 0.003 -26"><span class='ocrx_word' id='word_1_486' title='bbox 2411 4553 2554 4605; x_wconf 82' lang='grc' dir='ltr'>κατά</span> <span class='ocrx_word' id='word_1_487' title='bbox 2587 4571 2728 4617; x_wconf 81' lang='grc' dir='ltr'>τινος</span> <span class='ocrx_word' id='word_1_488' title='bbox 2752 4554 2859 4607; x_wconf 77' lang='grc' dir='ltr'><strong>τῶν</strong></span> <span class='ocrx_word' id='word_1_489' title='bbox 2892 4554 3189 4626; x_wconf 82' lang='grc' dir='ltr'>ἀνθρώπων</span> <span class='ocrx_word' id='word_1_490' title='bbox 3218 4555 3468 4620; x_wconf 79' lang='grc' dir='ltr'>ἐξέϐαλον</span> <span class='ocrx_word' id='word_1_491' title='bbox 3511 4558 3576 4609; x_wconf 79' lang='grc' dir='ltr'><strong>ἐκ</strong></span> <span class='ocrx_word' id='word_1_492' title='bbox 3620 4559 3720 4630; x_wconf 84' lang='grc' dir='ltr'><strong>τῆς</strong></span> <span class='ocrx_word' id='word_1_493' title='bbox 3762 4558 3967 4629; x_wconf 75' lang='grc' dir='ltr'>καρδίας</span> 
     </span>
    </p>
   </div>
   <div class='ocr_carea' id='block_1_77' title="bbox 747 4655 2535 4715">
    <p class='ocr_par' dir='ltr' id='par_1_77' title="bbox 747 4655 2535 4715">
     <span class='ocr_line' id='line_1_77' title="bbox 747 4655 2535 4715; baseline 0.003 -22"><span class='ocrx_word' id='word_1_494' title='bbox 747 4655 888 4695; x_wconf 87' lang='lat' dir='ltr'><strong>meo.</strong></span> <span class='ocrx_word' id='word_1_495' title='bbox 2414 4663 2513 4715; x_wconf 83' lang='grc' dir='ltr'><strong>μου</strong></span> <span class='ocrx_word' id='word_1_496' title='bbox 2523 4690 2535 4701; x_wconf 94' lang='grc'><em>,</em></span> 
     </span>
    </p>
   </div>
   <div class='ocr_carea' id='block_1_78' title="bbox 813 4727 2449 4811">
    <p class='ocr_par' dir='ltr' id='par_1_78' title="bbox 813 4727 2381 4800">
     <span class='ocr_line' id='line_1_78' title="bbox 813 4727 2381 4800; baseline -0.003 -15"><span class='ocrx_word' id='word_1_497' title='bbox 813 4730 868 4785; x_wconf 89' lang='lat'><strong>9.</strong></span> <span class='ocrx_word' id='word_1_498' title='bbox 913 4730 1123 4785; x_wconf 87' lang='lat' dir='ltr'><strong>Sensus</strong></span> <span class='ocrx_word' id='word_1_499' title='bbox 1173 4731 1482 4800; x_wconf 69' lang='lat' dir='ltr'><strong>superbiae,</strong></span> <span class='ocrx_word' id='word_1_500' title='bbox 1533 4737 1587 4783; x_wconf 90' lang='lat' dir='ltr'><strong>et</strong></span> <span class='ocrx_word' id='word_1_501' title='bbox 1638 4729 1879 4783; x_wconf 61' lang='lat' dir='ltr'><strong>avaritia:</strong></span> <span class='ocrx_word' id='word_1_502' title='bbox 1928 4744 2036 4782; x_wconf 90' lang='lat' dir='ltr'><strong>non</strong></span> <span class='ocrx_word' id='word_1_503' title='bbox 2091 4727 2201 4781; x_wconf 86' lang='lat' dir='ltr'><strong>alui</strong></span> <span class='ocrx_word' id='word_1_504' title='bbox 2251 4728 2303 4781; x_wconf 91' lang='lat' dir='ltr'><strong>in</strong></span> <span class='ocrx_word' id='word_1_505' title='bbox 2336 4733 2381 4787; x_wconf 81' lang='grc' dir='ltr'><strong>ι)</strong></span> 
     </span>
    </p>
   </div>
   <div class='ocr_carea' id='block_1_79' title="bbox 2327 4727 3963 4811">
    <p class='ocr_par' dir='ltr' id='par_1_79' title="bbox 2336 4733 3963 4811">
     <span class='ocr_line' id='line_1_79' title="bbox 2336 4733 3963 4811; baseline 0.002 -24"><span class='ocrx_word' id='word_1_506' title='bbox 2336 4733 2381 4787; x_wconf 88' lang='lat' dir='ltr'><strong>D</strong></span> <span class='ocrx_word' id='word_1_507' title='bbox 2487 4735 2539 4789; x_wconf 87' lang='lat'><strong>9.</strong></span> <span class='ocrx_word' id='word_1_508' title='bbox 2583 4737 2937 4807; x_wconf 82' lang='grc' dir='ltr'>ἘνΘυμήσεις</span> <span class='ocrx_word' id='word_1_509' title='bbox 2974 4737 3049 4807; x_wconf 84' lang='grc'><strong>(6)</strong></span> <span class='ocrx_word' id='word_1_510' title='bbox 3088 4738 3461 4809; x_wconf 70' lang='grc' dir='ltr'>ὑπερηφανίας</span> <span class='ocrx_word' id='word_1_511' title='bbox 3494 4740 3588 4792; x_wconf 72' lang='grc' dir='ltr'>καὶ</span> <span class='ocrx_word' id='word_1_512' title='bbox 3628 4740 3963 4811; x_wconf 60' lang='grc' dir='ltr'>φιλαργυρία.</span> 
     </span>
    </p>
   </div>
   <div class='ocr_carea' id='block_1_80' title="bbox 744 4824 2380 4900">
    <p class='ocr_par' dir='ltr' id='par_1_80' title="bbox 744 4824 1085 4879">
     <span class='ocr_line' id='line_1_80' title="bbox 744 4824 1085 4879; baseline -0.009 0"><span class='ocrx_word' id='word_1_513' title='bbox 744 4824 908 4879; x_wconf 83' lang='lat' dir='ltr'><strong>corde</strong></span> <span class='ocrx_word' id='word_1_514' title='bbox 941 4836 1085 4877; x_wconf 91' lang='lat' dir='ltr'><strong>meo.</strong></span> 
     </span>
    </p>
   </div>
   <div class='ocr_carea' id='block_1_81' title="bbox 1679 4824 3315 4900">
    <p class='ocr_par' dir='ltr' id='par_1_81' title="bbox 2415 4825 3315 4900">
     <span class='ocr_line' id='line_1_81' title="bbox 2415 4825 3315 4900; baseline 0.006 -22"><span class='ocrx_word' id='word_1_515' title='bbox 2415 4827 2513 4878; x_wconf 77' lang='grc' dir='ltr'>οὐκ</span> <span class='ocrx_word' id='word_1_516' title='bbox 2538 4825 2766 4898; x_wconf 63' lang='grc' dir='ltr'>ἔτρεφον</span> <span class='ocrx_word' id='word_1_517' title='bbox 2792 4830 2847 4881; x_wconf 77' lang='grc' dir='ltr'>ὲν</span> <span class='ocrx_word' id='word_1_518' title='bbox 2870 4831 2936 4899; x_wconf 79' lang='grc' dir='ltr'><strong>τῇ</strong></span> <span class='ocrx_word' id='word_1_519' title='bbox 2968 4829 3161 4900; x_wconf 69' lang='grc' dir='ltr'>καρδίᾳ</span> <span class='ocrx_word' id='word_1_520' title='bbox 3196 4847 3315 4900; x_wconf 88' lang='grc' dir='ltr'>μου,</span> 
     </span>
    </p>
   </div>
   <div class='ocr_carea' id='block_1_82' title="bbox 814 4911 2450 4995">
    <p class='ocr_par' dir='ltr' id='par_1_82' title="bbox 814 4911 2311 4982">
     <span class='ocr_line' id='line_1_82' title="bbox 814 4911 2311 4982; baseline 0 -14"><span class='ocrx_word' id='word_1_521' title='bbox 814 4912 901 4978; x_wconf 85' lang='grc'><strong>10,</strong></span> <span class='ocrx_word' id='word_1_522' title='bbox 931 4914 1016 4969; x_wconf 83' lang='grc'><strong>11.</strong></span> <span class='ocrx_word' id='word_1_523' title='bbox 1045 4911 1195 4969; x_wconf 77' lang='lat' dir='ltr'><strong>Mens</strong></span> <span class='ocrx_word' id='word_1_524' title='bbox 1242 4928 1365 4968; x_wconf 85' lang='lat' dir='ltr'><strong>mea</strong></span> <span class='ocrx_word' id='word_1_525' title='bbox 1406 4912 1461 4967; x_wconf 93' lang='lat' dir='ltr'><strong>in</strong></span> <span class='ocrx_word' id='word_1_526' title='bbox 1506 4912 1797 4982; x_wconf 61' lang='lat' dir='ltr'><strong>praceptis</strong></span> <span class='ocrx_word' id='word_1_527' title='bbox 1838 4911 1969 4973; x_wconf 86' lang='lat' dir='ltr'><strong>tuis,</strong></span> <span class='ocrx_word' id='word_1_528' title='bbox 2005 4918 2067 4965; x_wconf 88' lang='lat' dir='ltr'><strong>ut</strong></span> <span class='ocrx_word' id='word_1_529' title='bbox 2096 4925 2311 4979; x_wconf 82' lang='lat' dir='ltr'><strong>perma-</strong></span> 
     </span>
    </p>
   </div>
   <div class='ocr_carea' id='block_1_83' title="bbox 2326 4911 3962 4995">
    <p class='ocr_par' dir='ltr' id='par_1_83' title="bbox 2491 4917 3962 4995">
     <span class='ocr_line' id='line_1_83' title="bbox 2491 4917 3962 4995; baseline 0.001 -23"><span class='ocrx_word' id='word_1_530' title='bbox 2491 4917 2579 4981; x_wconf 87' lang='grc'><strong>10,</strong></span> <span class='ocrx_word' id='word_1_531' title='bbox 2617 4920 2703 4975; x_wconf 75' lang='lat' dir='ltr'><strong>ll.</strong></span> <span class='ocrx_word' id='word_1_532' title='bbox 2756 4919 3061 4974; x_wconf 81' lang='grc' dir='ltr'>Ἦ·διάνοιά</span> <span class='ocrx_word' id='word_1_533' title='bbox 3092 4938 3192 4991; x_wconf 87' lang='grc' dir='ltr'><strong>μου</strong></span> <span class='ocrx_word' id='word_1_534' title='bbox 3228 4922 3284 4974; x_wconf 79' lang='grc' dir='ltr'>ἐν</span> <span class='ocrx_word' id='word_1_535' title='bbox 3324 4926 3436 4985; x_wconf 86' lang='grc' dir='ltr'>τοῖς</span> <span class='ocrx_word' id='word_1_536' title='bbox 3471 4924 3851 4995; x_wconf 78' lang='grc' dir='ltr'>προστάγμασί</span> <span class='ocrx_word' id='word_1_537' title='bbox 3890 4922 3962 4975; x_wconf 63' lang='grc' dir='ltr'>σού</span> 
     </span>
    </p>
   </div>
   <div class='ocr_carea' id='block_1_84' title="bbox 744 5005 2380 5085">
    <p class='ocr_par' dir='ltr' id='par_1_84' title="bbox 744 5005 1516 5073">
     <span class='ocr_line' id='line_1_84' title="bbox 744 5005 1516 5073; baseline -0.004 -14"><span class='ocrx_word' id='word_1_538' title='bbox 744 5014 911 5060; x_wconf 87' lang='lat' dir='ltr'><strong>neant</strong></span> <span class='ocrx_word' id='word_1_539' title='bbox 943 5006 1061 5073; x_wconf 89' lang='lat' dir='ltr'><strong>ipsa</strong></span> <span class='ocrx_word' id='word_1_540' title='bbox 1096 5006 1151 5059; x_wconf 94' lang='lat' dir='ltr'><strong>in</strong></span> <span class='ocrx_word' id='word_1_541' title='bbox 1181 5005 1345 5062; x_wconf 90' lang='lat' dir='ltr'><strong>corde</strong></span> <span class='ocrx_word' id='word_1_542' title='bbox 1376 5019 1516 5059; x_wconf 90' lang='lat' dir='ltr'><strong>meo.</strong></span> 
     </span>
    </p>
   </div>
   <div class='ocr_carea' id='block_1_85' title="bbox 2034 5005 3670 5085">
    <p class='ocr_par' dir='ltr' id='par_1_85' title="bbox 2418 5009 3670 5085">
     <span class='ocr_line' id='line_1_85' title="bbox 2418 5009 3670 5085; baseline 0.007 -25"><span class='ocrx_word' id='word_1_543' title='bbox 2418 5011 2533 5061; x_wconf 80' lang='grc' dir='ltr'>ἐστι</span> <span class='ocrx_word' id='word_1_544' title='bbox 2557 5009 2651 5062; x_wconf 88' lang='grc' dir='ltr'>τοῦ</span> <span class='ocrx_word' id='word_1_545' title='bbox 2680 5010 2953 5082; x_wconf 82' lang='grc' dir='ltr'>διαμένειν</span> <span class='ocrx_word' id='word_1_546' title='bbox 2976 5013 3115 5066; x_wconf 82' lang='grc' dir='ltr'>αὐτὰ</span> <span class='ocrx_word' id='word_1_547' title='bbox 3140 5014 3196 5064; x_wconf 84' lang='grc' dir='ltr'>ὲν</span> <span class='ocrx_word' id='word_1_548' title='bbox 3225 5015 3288 5084; x_wconf 82' lang='grc' dir='ltr'><strong>τῇ</strong></span> <span class='ocrx_word' id='word_1_549' title='bbox 3317 5014 3514 5085; x_wconf 68' lang='grc' dir='ltr'>καρδία</span> <span class='ocrx_word' id='word_1_550' title='bbox 3546 5032 3670 5085; x_wconf 88' lang='grc' dir='ltr'>μου.</span> 
     </span>
    </p>
   </div>
   <div class='ocr_carea' id='block_1_86' title="bbox 814 5094 2450 5179">
    <p class='ocr_par' dir='ltr' id='par_1_86' title="bbox 814 5094 2312 5168">
     <span class='ocr_line' id='line_1_86' title="bbox 814 5094 2312 5168; baseline -0.003 -16"><span class='ocrx_word' id='word_1_551' title='bbox 814 5096 901 5152; x_wconf 76' lang='grc'><strong>12.</strong></span> <span class='ocrx_word' id='word_1_552' title='bbox 943 5097 1182 5168; x_wconf 80' lang='lat' dir='ltr'><strong>Spiritus</strong></span> <span class='ocrx_word' id='word_1_553' title='bbox 1215 5106 1438 5153; x_wconf 88' lang='lat' dir='ltr'><strong>sanctus</strong></span> <span class='ocrx_word' id='word_1_554' title='bbox 1477 5106 1604 5151; x_wconf 89' lang='lat' dir='ltr'><strong>tuus</strong></span> <span class='ocrx_word' id='word_1_555' title='bbox 1646 5096 1736 5149; x_wconf 85' lang='lat' dir='ltr'><strong>hic</strong></span> <span class='ocrx_word' id='word_1_556' title='bbox 1791 5094 1920 5148; x_wconf 89' lang='lat' dir='ltr'><strong>mihi</strong></span> <span class='ocrx_word' id='word_1_557' title='bbox 1970 5094 2312 5149; x_wconf 86' lang='lat' dir='ltr'><strong>ministrabat</strong></span> 
     </span>
    </p>
   </div>
   <div class='ocr_carea' id='block_1_87' title="bbox 2306 5094 3942 5179">
    <p class='ocr_par' dir='ltr' id='par_1_87' title="bbox 2306 5101 3942 5179">
     <span class='ocr_line' id='line_1_87' title="bbox 2306 5101 3942 5179; baseline 0.001 -26"><span class='ocrx_word' id='word_1_558' title='bbox 2306 5111 2312 5146; x_wconf 69' lang='grc' dir='ltr'><strong>ι</strong></span> <span class='ocrx_word' id='word_1_559' title='bbox 2496 5101 2581 5154; x_wconf 69' lang='grc'><strong>12.</strong></span> <span class='ocrx_word' id='word_1_560' title='bbox 2628 5102 2700 5154; x_wconf 85' lang='grc' dir='ltr'><strong>Τὸ</strong></span> <span class='ocrx_word' id='word_1_561' title='bbox 2736 5103 2961 5176; x_wconf 86' lang='grc' dir='ltr'>Πνεῦμά</span> <span class='ocrx_word' id='word_1_562' title='bbox 2993 5120 3085 5157; x_wconf 87' lang='grc' dir='ltr'><strong>σου</strong></span> <span class='ocrx_word' id='word_1_563' title='bbox 3125 5104 3184 5157; x_wconf 83' lang='grc' dir='ltr'>τὸ</span> <span class='ocrx_word' id='word_1_564' title='bbox 3211 5104 3363 5172; x_wconf 78' lang='grc' dir='ltr'>ἅγιον</span> <span class='ocrx_word' id='word_1_565' title='bbox 3398 5104 3552 5159; x_wconf 82' lang='grc' dir='ltr'>τοῦτό</span> <span class='ocrx_word' id='word_1_566' title='bbox 3601 5108 3677 5179; x_wconf 78' lang='grc'><strong>(7)</strong></span> <span class='ocrx_word' id='word_1_567' title='bbox 3724 5125 3809 5178; x_wconf 84' lang='grc' dir='ltr'><strong>μοι</strong></span> <span class='ocrx_word' id='word_1_568' title='bbox 3851 5106 3942 5157; x_wconf 64' lang='grc' dir='ltr'>ἕλει</span> 
     </span>
    </p>
   </div>
   <div class='ocr_carea' id='block_1_88' title="bbox 744 5193 2380 5268">
    <p class='ocr_par' dir='ltr' id='par_1_88' title="bbox 744 5194 1177 5261">
     <span class='ocr_line' id='line_1_88' title="bbox 744 5194 1177 5261; baseline -0.005 -15"><span class='ocrx_word' id='word_1_569' title='bbox 744 5194 971 5261; x_wconf 76' lang='lat' dir='ltr'><strong>gratiam</strong></span> <span class='ocrx_word' id='word_1_570' title='bbox 1008 5202 1177 5246; x_wconf 87' lang='lat' dir='ltr'><strong>tuam.</strong></span> 
     </span>
    </p>
   </div>
   <div class='ocr_carea' id='block_1_89' title="bbox 1438 5193 3074 5268">
    <p class='ocr_par' dir='ltr' id='par_1_89' title="bbox 2414 5193 3074 5268">
     <span class='ocr_line' id='line_1_89' title="bbox 2414 5193 3074 5268; baseline 0.009 -24"><span class='ocrx_word' id='word_1_571' title='bbox 2414 5193 2635 5263; x_wconf 82' lang='grc' dir='ltr'>τούργει</span> <span class='ocrx_word' id='word_1_572' title='bbox 2662 5195 2759 5267; x_wconf 80' lang='grc' dir='ltr'>τὴν</span> <span class='ocrx_word' id='word_1_573' title='bbox 2782 5197 2938 5268; x_wconf 88' lang='grc' dir='ltr'>χάριν</span> <span class='ocrx_word' id='word_1_574' title='bbox 2962 5213 3074 5250; x_wconf 86' lang='grc' dir='ltr'>σου.</span> 
     </span>
    </p>
   </div>
   <div class='ocr_carea' id='block_1_90' title="bbox 1699 5362 3031 5447">
    <p class='ocr_par' dir='ltr' id='par_1_90' title="bbox 1699 5362 3031 5447">
     <span class='ocr_line' id='line_1_90' title="bbox 1699 5362 3031 5447; baseline 0.008 -22"><span class='ocrx_word' id='word_1_575' title='bbox 1699 5362 2004 5425; x_wconf 84' lang='lat' dir='ltr'><strong>Addenda</strong></span> <span class='ocrx_word' id='word_1_576' title='bbox 2043 5373 2103 5425; x_wconf 89' lang='lat' dir='ltr'><strong>et</strong></span> <span class='ocrx_word' id='word_1_577' title='bbox 2139 5366 2515 5447; x_wconf 84' lang='lat' dir='ltr'><strong>corrigenda</strong></span> <span class='ocrx_word' id='word_1_578' title='bbox 2547 5387 2625 5431; x_wconf 81' lang='lat' dir='ltr'><strong>ex</strong></span> <span class='ocrx_word' id='word_1_579' title='bbox 2657 5373 2795 5434; x_wconf 90' lang='lat' dir='ltr'><strong>cod.</strong></span> <span class='ocrx_word' id='word_1_580' title='bbox 2828 5375 3031 5436; x_wconf 82' lang='lat' dir='ltr'><strong>Vatic.</strong></span> 
     </span>
    </p>
   </div>
   <div class='ocr_carea' id='block_1_91' title="bbox 811 5507 2789 5585">
    <p class='ocr_par' dir='ltr' id='par_1_91' title="bbox 811 5507 2789 5585">
     <span class='ocr_line' id='line_1_91' title="bbox 811 5507 2789 5585; baseline 0.002 -19"><span class='ocrx_word' id='word_1_581' title='bbox 811 5515 888 5583; x_wconf 86' lang='grc' dir='ltr'><strong>(Ι)</strong></span> <span class='ocrx_word' id='word_1_582' title='bbox 924 5515 985 5567; x_wconf 84' lang='lat' dir='ltr'><strong>&#39;H</strong></span> <span class='ocrx_word' id='word_1_583' title='bbox 1014 5513 1223 5585; x_wconf 13' lang='grc' dir='ltr'>διὰίτῆς</span> <span class='ocrx_word' id='word_1_584' title='bbox 1260 5512 1628 5585; x_wconf 81' lang='grc' dir='ltr'>κινναϐάρεως</span> <span class='ocrx_word' id='word_1_585' title='bbox 1654 5507 1931 5585; x_wconf 40' lang='grc' dir='ltr'><strong>περιέχει..Δ</strong></span> <span class='ocrx_word' id='word_1_586' title='bbox 2132 5580 2146 5585; x_wconf 85' lang='lat'>_</span> <span class='ocrx_word' id='word_1_587' title='bbox 2294 5581 2303 5585; x_wconf 91' lang='lat'><strong>_</strong></span> <span class='ocrx_word' id='word_1_588' title='bbox 2489 5514 2564 5585; x_wconf 71' lang='grc'><strong>(4)</strong></span> <span class='ocrx_word' id='word_1_589' title='bbox 2598 5517 2789 5585; x_wconf 87' lang='grc' dir='ltr'>Λόγον.</span> 
     </span>
    </p>
   </div>
   <div class='ocr_carea' id='block_1_92' title="bbox 818 5578 3268 5656">
    <p class='ocr_par' dir='ltr' id='par_1_92' title="bbox 818 5578 3268 5656">
     <span class='ocr_line' id='line_1_92' title="bbox 818 5578 3268 5656; baseline 0.002 -19"><span class='ocrx_word' id='word_1_590' title='bbox 935 5585 1007 5637; x_wconf 87' lang='grc' dir='ltr'><strong>Τὸ</strong></span> <span class='ocrx_word' id='word_1_591' title='bbox 1033 5584 1125 5656; x_wconf 61' lang='grc' dir='ltr'>τεοῦ</span> <span class='ocrx_word' id='word_1_592' title='bbox 1155 5578 1319 5656; x_wconf 61' lang='grc' dir='ltr'>Ᾰαϐὶδ</span> <span class='ocrx_word' id='word_1_593' title='bbox 1359 5578 1557 5656; x_wconf 59' lang='grc' dir='ltr'>ὄνομα,</span> <span class='ocrx_word' id='word_1_594' title='bbox 1588 5580 1774 5633; x_wconf 77' lang='grc' dir='ltr'>τοῦτον</span> <span class='ocrx_word' id='word_1_595' title='bbox 1808 5578 2069 5649; x_wconf 55' lang='lat' dir='ltr'><strong>maenaa,</strong></span> <span class='ocrx_word' id='word_1_596' title='bbox 2117 5580 2316 5633; x_wconf 78' lang='grc' dir='ltr'>ὡσανεὶ</span> <span class='ocrx_word' id='word_1_597' title='bbox 2493 5578 2571 5656; x_wconf 53' lang='grc' dir='ltr'><strong>(ἕξ)</strong></span> <span class='ocrx_word' id='word_1_598' title='bbox 2614 5578 2895 5656; x_wconf 78' lang='grc' dir='ltr'>Ἢμέλουν,</span> <span class='ocrx_word' id='word_1_599' title='bbox 2925 5589 3038 5642; x_wconf 84' lang='grc' dir='ltr'>ἀλλ’</span> <span class='ocrx_word' id='word_1_600' title='bbox 3071 5588 3268 5656; x_wconf 76' lang='grc' dir='ltr'>ἔνιφον.</span> 
     </span>
    </p>
   </div>
   <div class='ocr_carea' id='block_1_93' title="bbox 744 5653 3510 5730">
    <p class='ocr_par' dir='ltr' id='par_1_93' title="bbox 744 5653 3510 5730">
     <span class='ocr_line' id='line_1_93' title="bbox 744 5653 3510 5730; baseline 0.003 -23"><span class='ocrx_word' id='word_1_601' title='bbox 744 5653 1559 5730; x_wconf 28' lang='grc' dir='ltr'>τὸν-εκ-ῖιηθέ.-εὐαρεστοῦνταζ</span> <span class='ocrx_word' id='word_1_602' title='bbox 1725 5720 1737 5730; x_wconf 83' lang='lat'>_</span> <span class='ocrx_word' id='word_1_603' title='bbox 1930 5720 1942 5730; x_wconf 85' lang='lat'>_</span> <span class='ocrx_word' id='word_1_604' title='bbox 2197 5726 2206 5730; x_wconf 90' lang='lat'>_</span> <span class='ocrx_word' id='word_1_605' title='bbox 2603 5653 2947 5730; x_wconf 70' lang='grc' dir='ltr'>Ἐνθῦμησιν,</span> <span class='ocrx_word' id='word_1_606' title='bbox 2976 5669 3101 5724; x_wconf 82' lang='lat' dir='ltr'><strong>etc.,</strong></span> <span class='ocrx_word' id='word_1_607' title='bbox 3132 5653 3373 5730; x_wconf 64' lang='grc' dir='ltr'>έὲρεςον,</span> <span class='ocrx_word' id='word_1_608' title='bbox 3401 5667 3510 5716; x_wconf 86' lang='lat' dir='ltr'><strong>etc.</strong></span> 
     </span>
    </p>
   </div>
   <div class='ocr_carea' id='block_1_94' title="bbox 813 5717 2879 5797">
    <p class='ocr_par' dir='ltr' id='par_1_94' title="bbox 813 5717 2879 5797">
     <span class='ocr_line' id='line_1_94' title="bbox 813 5717 2879 5797; baseline 0.001 -20"><span class='ocrx_word' id='word_1_609' title='bbox 813 5724 1114 5797; x_wconf 59' lang='lat' dir='ltr'><strong>(3)_‘l’akt7),</strong></span> <span class='ocrx_word' id='word_1_610' title='bbox 1154 5717 1246 5777; x_wconf 66' lang='grc' dir='ltr'>κοξὶ</span> <span class='ocrx_word' id='word_1_611' title='bbox 1292 5728 1500 5795; x_wconf 67' lang='grc' dir='ltr'><strong>ςυνῄσω</strong></span> <span class='ocrx_word' id='word_1_612' title='bbox 1523 5722 1676 5794; x_wconf 74' lang='grc' dir='ltr'><strong>⁵ειπερ</strong></span> <span class='ocrx_word' id='word_1_613' title='bbox 1710 5717 1896 5790; x_wconf 61' lang='grc' dir='ltr'>ψάλλω</span> <span class='ocrx_word' id='word_1_614' title='bbox 1927 5720 2003 5786; x_wconf 74' lang='grc' dir='ltr'><strong>ἐν,</strong></span> <span class='ocrx_word' id='word_1_615' title='bbox 2033 5732 2161 5787; x_wconf 86' lang='lat' dir='ltr'><strong>etc.,</strong></span> <span class='ocrx_word' id='word_1_616' title='bbox 2195 5726 2312 5777; x_wconf 78' lang='grc' dir='ltr'><strong>ἐπι·</strong></span> <span class='ocrx_word' id='word_1_617' title='bbox 2603 5728 2739 5780; x_wconf 79' lang='grc' dir='ltr'><strong>Αὐτό</strong></span> <span class='ocrx_word' id='word_1_618' title='bbox 2765 5717 2879 5797; x_wconf 72' lang='grc' dir='ltr'><strong>’μὸι.</strong></span> 
     </span>
    </p>
   </div>
   <div class='ocr_carea' id='block_1_95' title="bbox 748 5794 1171 5863">
    <p class='ocr_par' dir='ltr' id='par_1_95' title="bbox 748 5794 1171 5863">
     <span class='ocr_line' id='line_1_95' title="bbox 748 5794 1171 5863; baseline 0.009 -18"><span class='ocrx_word' id='word_1_619' title='bbox 748 5794 1031 5863; x_wconf 77' lang='grc' dir='ltr'>σκηνώσει,</span> <span class='ocrx_word' id='word_1_620' title='bbox 1068 5806 1171 5849; x_wconf 69' lang='lat' dir='ltr'><strong>etc.</strong></span> 
     </span>
    </p>
   </div>
  </div>
