  <div class='ocr_page' id='page_1' title='image "/cluster/home/n/w/nwhite01/storage/ocr_20150623/27/uva.x030474749/549.png"; bbox 0 0 4142 6482; ppageno 0'>
   <div class='ocr_carea' id='block_1_1' title="bbox 736 381 869 435">
    <p class='ocr_par' dir='ltr' id='par_1_1' title="bbox 736 381 869 435">
     <span class='ocr_line' id='line_1_1' title="bbox 736 381 869 435; baseline 0 -1"><span class='ocrx_word' id='word_1_1' title='bbox 736 381 869 435; x_wconf 83' lang='grc'><strong>1079</strong></span> 
     </span>
    </p>
   </div>
   <div class='ocr_carea' id='block_1_2' title="bbox 800 495 1655 569">
    <p class='ocr_par' dir='ltr' id='par_1_2' title="bbox 800 495 1655 569">
     <span class='ocr_line' id='line_1_2' title="bbox 800 495 1655 569; baseline 0.015 -22"><span class='ocrx_word' id='word_1_2' title='bbox 800 497 855 548; x_wconf 80' lang='grc'><strong>8.</strong></span> <span class='ocrx_word' id='word_1_3' title='bbox 883 495 1176 552; x_wconf 85' lang='lat' dir='ltr'><strong>Percussus</strong></span> <span class='ocrx_word' id='word_1_4' title='bbox 1202 515 1322 553; x_wconf 76' lang='lat' dir='ltr'><strong>sunt</strong></span> <span class='ocrx_word' id='word_1_5' title='bbox 1360 510 1417 554; x_wconf 93' lang='lat' dir='ltr'><strong>ut</strong></span> <span class='ocrx_word' id='word_1_6' title='bbox 1450 500 1655 569; x_wconf 78' lang='lat' dir='ltr'><strong>fenum,</strong></span> 
     </span>
    </p>
   </div>
   <div class='ocr_carea' id='block_1_3' title="bbox 796 584 1499 648">
    <p class='ocr_par' dir='ltr' id='par_1_3' title="bbox 796 584 1499 648">
     <span class='ocr_line' id='line_1_3' title="bbox 796 584 1499 648; baseline 0.01 -7"><span class='ocrx_word' id='word_1_7' title='bbox 796 586 852 641; x_wconf 82' lang='lat'><strong>9.</strong></span> <span class='ocrx_word' id='word_1_8' title='bbox 879 584 942 638; x_wconf 79' lang='lat' dir='ltr'><strong>Et</strong></span> <span class='ocrx_word' id='word_1_9' title='bbox 968 590 1111 642; x_wconf 89' lang='lat' dir='ltr'><strong>aruit</strong></span> <span class='ocrx_word' id='word_1_10' title='bbox 1148 606 1239 642; x_wconf 80' lang='lat' dir='ltr'><strong>eor</strong></span> <span class='ocrx_word' id='word_1_11' title='bbox 1268 607 1447 646; x_wconf 87' lang='lat' dir='ltr'><strong>meum</strong></span> <span class='ocrx_word' id='word_1_12' title='bbox 1487 615 1499 648; x_wconf 92' lang='lat'><strong>:</strong></span> 
     </span>
    </p>
   </div>
   <div class='ocr_carea' id='block_1_4' title="bbox 796 676 2192 762">
    <p class='ocr_par' dir='ltr' id='par_1_4' title="bbox 796 676 2192 762">
     <span class='ocr_line' id='line_1_4' title="bbox 796 676 2192 762; baseline 0.015 -30"><span class='ocrx_word' id='word_1_13' title='bbox 796 676 882 732; x_wconf 88' lang='grc'>10.</span> <span class='ocrx_word' id='word_1_14' title='bbox 916 678 1053 746; x_wconf 82' lang='lat' dir='ltr'><strong>Quia</strong></span> <span class='ocrx_word' id='word_1_15' title='bbox 1083 682 1284 739; x_wconf 86' lang='lat' dir='ltr'><strong>oblitus</strong></span> <span class='ocrx_word' id='word_1_16' title='bbox 1308 701 1425 739; x_wconf 81' lang='lat' dir='ltr'><strong>smn</strong></span> <span class='ocrx_word' id='word_1_17' title='bbox 1459 690 1746 744; x_wconf 83' lang='lat' dir='ltr'><strong>comedere</strong></span> <span class='ocrx_word' id='word_1_18' title='bbox 1770 708 1965 762; x_wconf 77' lang='lat' dir='ltr'><strong>panem</strong></span> <span class='ocrx_word' id='word_1_19' title='bbox 2000 714 2192 754; x_wconf 79' lang='lat' dir='ltr'><strong>meum.</strong></span> 
     </span>
    </p>
   </div>
   <div class='ocr_carea' id='block_1_5' title="bbox 798 770 2300 849">
    <p class='ocr_par' dir='ltr' id='par_1_5' title="bbox 798 770 2300 849">
     <span class='ocr_line' id='line_1_5' title="bbox 798 770 2300 849; baseline 0.017 -26"><span class='ocrx_word' id='word_1_20' title='bbox 798 771 884 824; x_wconf 85' lang='grc'><strong>11.</strong></span> <span class='ocrx_word' id='word_1_21' title='bbox 916 770 963 825; x_wconf 75' lang='grc' dir='ltr'>Α</span> <span class='ocrx_word' id='word_1_22' title='bbox 994 789 1125 829; x_wconf 86' lang='lat' dir='ltr'><strong>voce</strong></span> <span class='ocrx_word' id='word_1_23' title='bbox 1152 777 1385 845; x_wconf 77' lang='lat' dir='ltr'><strong>gemitus</strong></span> <span class='ocrx_word' id='word_1_24' title='bbox 1424 783 1525 833; x_wconf 88' lang='lat' dir='ltr'><strong>mei</strong></span> <span class='ocrx_word' id='word_1_25' title='bbox 1567 782 1796 839; x_wconf 67' lang='lat' dir='ltr'><strong>adhaesit</strong></span> <span class='ocrx_word' id='word_1_26' title='bbox 1825 803 1887 842; x_wconf 88' lang='lat' dir='ltr'><strong>os</strong></span> <span class='ocrx_word' id='word_1_27' title='bbox 1928 805 2106 845; x_wconf 84' lang='lat' dir='ltr'><strong>meum</strong></span> <span class='ocrx_word' id='word_1_28' title='bbox 2144 798 2300 849; x_wconf 72' lang='lat' dir='ltr'><strong>carni</strong></span> 
     </span>
    </p>
   </div>
   <div class='ocr_carea' id='block_1_6' title="bbox 727 873 877 917">
    <p class='ocr_par' dir='ltr' id='par_1_6' title="bbox 727 873 877 917">
     <span class='ocr_line' id='line_1_6' title="bbox 727 873 877 917; baseline 0.02 -3"><span class='ocrx_word' id='word_1_29' title='bbox 727 873 877 917; x_wconf 65' lang='lat' dir='ltr'><strong>meze.</strong></span> 
     </span>
    </p>
   </div>
   <div class='ocr_carea' id='block_1_7' title="bbox 800 954 2141 1031">
    <p class='ocr_par' dir='ltr' id='par_1_7' title="bbox 800 954 2141 1031">
     <span class='ocr_line' id='line_1_7' title="bbox 800 954 2141 1031; baseline 0.018 -26"><span class='ocrx_word' id='word_1_30' title='bbox 800 954 882 1011; x_wconf 76' lang='lat'><strong>1‘2.</strong></span> <span class='ocrx_word' id='word_1_31' title='bbox 912 956 1119 1013; x_wconf 80' lang='lat' dir='ltr'><strong>Similis</strong></span> <span class='ocrx_word' id='word_1_32' title='bbox 1155 956 1332 1015; x_wconf 81' lang='lat' dir='ltr'><strong>factus</strong></span> <span class='ocrx_word' id='word_1_33' title='bbox 1367 978 1486 1016; x_wconf 89' lang='lat' dir='ltr'><strong>sum</strong></span> <span class='ocrx_word' id='word_1_34' title='bbox 1526 965 1771 1031; x_wconf 82' lang='lat' dir='ltr'><strong>pelicano</strong></span> <span class='ocrx_word' id='word_1_35' title='bbox 1792 970 2102 1029; x_wconf 76' lang='lat' dir='ltr'><strong>solitudinis</strong></span> <span class='ocrx_word' id='word_1_36' title='bbox 2130 996 2141 1029; x_wconf 90' lang='lat'><strong>:</strong></span> 
     </span>
    </p>
   </div>
   <div class='ocr_carea' id='block_1_8' title="bbox 796 1044 2183 1125">
    <p class='ocr_par' dir='ltr' id='par_1_8' title="bbox 796 1044 2183 1125">
     <span class='ocr_line' id='line_1_8' title="bbox 796 1044 2183 1125; baseline 0.018 -28"><span class='ocrx_word' id='word_1_37' title='bbox 796 1044 880 1099; x_wconf 80' lang='grc'>15.</span> <span class='ocrx_word' id='word_1_38' title='bbox 911 1046 1109 1102; x_wconf 81' lang='lat' dir='ltr'><strong>Factus</strong></span> <span class='ocrx_word' id='word_1_39' title='bbox 1142 1066 1261 1103; x_wconf 90' lang='lat' dir='ltr'><strong>sum</strong></span> <span class='ocrx_word' id='word_1_40' title='bbox 1289 1052 1429 1106; x_wconf 90' lang='lat' dir='ltr'><strong>sicut</strong></span> <span class='ocrx_word' id='word_1_41' title='bbox 1449 1059 1757 1125; x_wconf 79' lang='lat' dir='ltr'><strong>nyeticorax</strong></span> <span class='ocrx_word' id='word_1_42' title='bbox 1794 1061 1847 1115; x_wconf 89' lang='lat' dir='ltr'><strong>in</strong></span> <span class='ocrx_word' id='word_1_43' title='bbox 1888 1066 2183 1122; x_wconf 88' lang='lat' dir='ltr'><strong>domicilio.</strong></span> 
     </span>
    </p>
   </div>
   <div class='ocr_carea' id='block_1_9' title="bbox 794 1135 2293 1221">
    <p class='ocr_par' dir='ltr' id='par_1_9' title="bbox 794 1135 2293 1221">
     <span class='ocr_line' id='line_1_9' title="bbox 794 1135 2293 1221; baseline 0.017 -33"><span class='ocrx_word' id='word_1_44' title='bbox 794 1135 878 1189; x_wconf 66' lang='grc'><strong>11.</strong></span> <span class='ocrx_word' id='word_1_45' title='bbox 914 1136 1163 1207; x_wconf 71' lang='lat' dir='ltr'><strong>Vigilavi,</strong></span> <span class='ocrx_word' id='word_1_46' title='bbox 1188 1150 1242 1195; x_wconf 88' lang='lat' dir='ltr'><strong>et</strong></span> <span class='ocrx_word' id='word_1_47' title='bbox 1268 1141 1444 1199; x_wconf 79' lang='lat' dir='ltr'><strong>faetus</strong></span> <span class='ocrx_word' id='word_1_48' title='bbox 1465 1160 1586 1199; x_wconf 90' lang='lat' dir='ltr'><strong>sum</strong></span> <span class='ocrx_word' id='word_1_49' title='bbox 1616 1150 1757 1204; x_wconf 92' lang='lat' dir='ltr'><strong>sicut</strong></span> <span class='ocrx_word' id='word_1_50' title='bbox 1787 1167 1978 1221; x_wconf 86' lang='lat' dir='ltr'><strong>passer</strong></span> <span class='ocrx_word' id='word_1_51' title='bbox 2014 1158 2293 1215; x_wconf 86' lang='lat' dir='ltr'><strong>solitarius</strong></span> 
     </span>
    </p>
   </div>
   <div class='ocr_carea' id='block_1_10' title="bbox 725 1229 971 1285">
    <p class='ocr_par' dir='ltr' id='par_1_10' title="bbox 725 1229 971 1285">
     <span class='ocr_line' id='line_1_10' title="bbox 725 1229 971 1285; baseline 0.012 -3"><span class='ocrx_word' id='word_1_52' title='bbox 725 1229 779 1282; x_wconf 83' lang='lat' dir='ltr'><strong>in</strong></span> <span class='ocrx_word' id='word_1_53' title='bbox 811 1238 971 1285; x_wconf 83' lang='lat' dir='ltr'><strong>tecto.</strong></span> 
     </span>
    </p>
   </div>
   <div class='ocr_carea' id='block_1_11' title="bbox 794 1322 2173 1397">
    <p class='ocr_par' dir='ltr' id='par_1_11' title="bbox 794 1322 2173 1397">
     <span class='ocr_line' id='line_1_11' title="bbox 794 1322 2173 1397; baseline 0.015 -21"><span class='ocrx_word' id='word_1_54' title='bbox 794 1322 881 1378; x_wconf 80' lang='grc'>15.</span> <span class='ocrx_word' id='word_1_55' title='bbox 906 1322 1040 1378; x_wconf 85' lang='lat' dir='ltr'><strong>Tota</strong></span> <span class='ocrx_word' id='word_1_56' title='bbox 1076 1325 1162 1380; x_wconf 85' lang='lat' dir='ltr'><strong>die</strong></span> <span class='ocrx_word' id='word_1_57' title='bbox 1187 1328 1586 1397; x_wconf 77' lang='lat' dir='ltr'><strong>exprobrabant</strong></span> <span class='ocrx_word' id='word_1_58' title='bbox 1621 1334 1754 1388; x_wconf 85' lang='lat' dir='ltr'><strong>mihi</strong></span> <span class='ocrx_word' id='word_1_59' title='bbox 1788 1335 1993 1393; x_wconf 86' lang='lat' dir='ltr'><strong>inimici</strong></span> <span class='ocrx_word' id='word_1_60' title='bbox 2026 1342 2127 1395; x_wconf 79' lang='lat' dir='ltr'><strong>mei</strong></span> <span class='ocrx_word' id='word_1_61' title='bbox 2162 1362 2173 1395; x_wconf 90' lang='lat'>:</span> 
     </span>
    </p>
   </div>
   <div class='ocr_carea' id='block_1_12' title="bbox 792 1413 2295 1502">
    <p class='ocr_par' dir='ltr' id='par_1_12' title="bbox 792 1413 2295 1502">
     <span class='ocr_line' id='line_1_12' title="bbox 792 1413 2295 1502; baseline 0.015 -35"><span class='ocrx_word' id='word_1_62' title='bbox 792 1415 880 1471; x_wconf 79' lang='grc'>16.</span> <span class='ocrx_word' id='word_1_63' title='bbox 917 1413 986 1471; x_wconf 85' lang='grc' dir='ltr'><strong>Ει</strong></span> <span class='ocrx_word' id='word_1_64' title='bbox 1029 1418 1120 1486; x_wconf 86' lang='lat' dir='ltr'><strong>qui</strong></span> <span class='ocrx_word' id='word_1_65' title='bbox 1176 1420 1471 1475; x_wconf 87' lang='lat' dir='ltr'><strong>laudabant</strong></span> <span class='ocrx_word' id='word_1_66' title='bbox 1531 1438 1617 1478; x_wconf 88' lang='lat' dir='ltr'><strong>me</strong></span> <span class='ocrx_word' id='word_1_67' title='bbox 1664 1425 1948 1483; x_wconf 82' lang='lat' dir='ltr'><strong>adversum</strong></span> <span class='ocrx_word' id='word_1_68' title='bbox 2001 1448 2087 1486; x_wconf 89' lang='lat' dir='ltr'><strong>me</strong></span> <span class='ocrx_word' id='word_1_69' title='bbox 2144 1434 2295 1502; x_wconf 86' lang='lat' dir='ltr'><strong>jura-</strong></span> 
     </span>
    </p>
   </div>
   <div class='ocr_carea' id='block_1_13' title="bbox 723 1505 873 1562">
    <p class='ocr_par' dir='ltr' id='par_1_13' title="bbox 723 1505 873 1562">
     <span class='ocr_line' id='line_1_13' title="bbox 723 1505 873 1562; baseline -0.027 0"><span class='ocrx_word' id='word_1_70' title='bbox 723 1505 873 1562; x_wconf 81' lang='lat' dir='ltr'><strong>bant.</strong></span> 
     </span>
    </p>
   </div>
   <div class='ocr_carea' id='block_1_14' title="bbox 793 1596 2290 1677">
    <p class='ocr_par' dir='ltr' id='par_1_14' title="bbox 793 1596 2290 1677">
     <span class='ocr_line' id='line_1_14' title="bbox 793 1596 2290 1677; baseline 0.015 -30"><span class='ocrx_word' id='word_1_71' title='bbox 793 1596 878 1649; x_wconf 83' lang='grc'>17.</span> <span class='ocrx_word' id='word_1_72' title='bbox 923 1596 1059 1662; x_wconf 84' lang='lat' dir='ltr'><strong>Quia</strong></span> <span class='ocrx_word' id='word_1_73' title='bbox 1124 1599 1361 1655; x_wconf 87' lang='lat' dir='ltr'><strong>cinerem</strong></span> <span class='ocrx_word' id='word_1_74' title='bbox 1415 1609 1672 1674; x_wconf 88' lang='lat' dir='ltr'><strong>tanquam</strong></span> <span class='ocrx_word' id='word_1_75' title='bbox 1733 1621 1927 1677; x_wconf 82' lang='lat' dir='ltr'><strong>panem</strong></span> <span class='ocrx_word' id='word_1_76' title='bbox 1992 1613 2290 1670; x_wconf 77' lang='lat' dir='ltr'><strong>manduca-</strong></span> 
     </span>
    </p>
   </div>
   <div class='ocr_carea' id='block_1_15' title="bbox 724 1685 893 1740">
    <p class='ocr_par' dir='ltr' id='par_1_15' title="bbox 724 1685 893 1740">
     <span class='ocr_line' id='line_1_15' title="bbox 724 1685 893 1740; baseline 0.012 -2"><span class='ocrx_word' id='word_1_77' title='bbox 724 1685 846 1738; x_wconf 81' lang='lat' dir='ltr'><strong>baui</strong></span> <span class='ocrx_word' id='word_1_78' title='bbox 881 1705 893 1740; x_wconf 93' lang='lat'>:</span> 
     </span>
    </p>
   </div>
   <div class='ocr_carea' id='block_1_16' title="bbox 793 1775 2065 1848">
    <p class='ocr_par' dir='ltr' id='par_1_16' title="bbox 793 1775 2065 1848">
     <span class='ocr_line' id='line_1_16' title="bbox 793 1775 2065 1848; baseline 0.009 -18"><span class='ocrx_word' id='word_1_79' title='bbox 793 1777 879 1831; x_wconf 89' lang='grc'>18.</span> <span class='ocrx_word' id='word_1_80' title='bbox 914 1775 975 1831; x_wconf 83' lang='lat' dir='ltr'><strong>Et</strong></span> <span class='ocrx_word' id='word_1_81' title='bbox 1003 1787 1187 1848; x_wconf 83' lang='lat' dir='ltr'><strong>potum</strong></span> <span class='ocrx_word' id='word_1_82' title='bbox 1221 1794 1401 1834; x_wconf 92' lang='lat' dir='ltr'><strong>meum</strong></span> <span class='ocrx_word' id='word_1_83' title='bbox 1434 1796 1558 1836; x_wconf 88' lang='lat' dir='ltr'><strong>cum</strong></span> <span class='ocrx_word' id='word_1_84' title='bbox 1591 1782 1714 1838; x_wconf 82' lang='lat' dir='ltr'><strong>ﬂetu</strong></span> <span class='ocrx_word' id='word_1_85' title='bbox 1750 1786 2065 1842; x_wconf 85' lang='lat' dir='ltr'><strong>miscebam.</strong></span> 
     </span>
    </p>
   </div>
   <div class='ocr_carea' id='block_1_17' title="bbox 789 1868 2075 1944">
    <p class='ocr_par' dir='ltr' id='par_1_17' title="bbox 789 1868 2075 1944">
     <span class='ocr_line' id='line_1_17' title="bbox 789 1868 2075 1944; baseline 0.009 -23"><span class='ocrx_word' id='word_1_86' title='bbox 789 1868 877 1922; x_wconf 85' lang='grc'>19.</span> <span class='ocrx_word' id='word_1_87' title='bbox 912 1868 957 1921; x_wconf 77' lang='grc' dir='ltr'>Α</span> <span class='ocrx_word' id='word_1_88' title='bbox 984 1868 1123 1924; x_wconf 81' lang='lat' dir='ltr'><strong>faeie</strong></span> <span class='ocrx_word' id='word_1_89' title='bbox 1151 1870 1245 1925; x_wconf 62' lang='lat' dir='ltr'><strong>ira:</strong></span> <span class='ocrx_word' id='word_1_90' title='bbox 1267 1880 1390 1936; x_wconf 68' lang='lat' dir='ltr'><strong>tum,</strong></span> <span class='ocrx_word' id='word_1_91' title='bbox 1425 1880 1480 1925; x_wconf 88' lang='lat' dir='ltr'><strong>et</strong></span> <span class='ocrx_word' id='word_1_92' title='bbox 1505 1874 1893 1944; x_wconf 81' lang='lat' dir='ltr'><strong>indignationis</strong></span> <span class='ocrx_word' id='word_1_93' title='bbox 1923 1886 2029 1931; x_wconf 80' lang='lat' dir='ltr'><strong>tuae</strong></span> <span class='ocrx_word' id='word_1_94' title='bbox 2062 1896 2075 1909; x_wconf 74' lang='grc' dir='ltr'><strong>ο</strong></span> 
     </span>
    </p>
   </div>
   <div class='ocr_carea' id='block_1_18' title="bbox 786 1958 1681 2026">
    <p class='ocr_par' dir='ltr' id='par_1_18' title="bbox 786 1958 1681 2026">
     <span class='ocr_line' id='line_1_18' title="bbox 786 1958 1681 2026; baseline 0.009 -14"><span class='ocrx_word' id='word_1_95' title='bbox 786 1958 877 2013; x_wconf 76' lang='grc'>20.</span> <span class='ocrx_word' id='word_1_96' title='bbox 911 1959 1047 2026; x_wconf 91' lang='lat' dir='ltr'><strong>Quia</strong></span> <span class='ocrx_word' id='word_1_97' title='bbox 1081 1961 1299 2018; x_wconf 85' lang='lat' dir='ltr'><strong>elevans</strong></span> <span class='ocrx_word' id='word_1_98' title='bbox 1327 1963 1545 2019; x_wconf 90' lang='lat' dir='ltr'><strong>allisisti</strong></span> <span class='ocrx_word' id='word_1_99' title='bbox 1575 1981 1681 2020; x_wconf 89' lang='lat' dir='ltr'><strong>me.</strong></span> 
     </span>
    </p>
   </div>
   <div class='ocr_carea' id='block_1_19' title="bbox 791 2051 2035 2113">
    <p class='ocr_par' dir='ltr' id='par_1_19' title="bbox 791 2051 2035 2113">
     <span class='ocr_line' id='line_1_19' title="bbox 791 2051 2035 2113; baseline 0.006 -9"><span class='ocrx_word' id='word_1_100' title='bbox 791 2052 879 2105; x_wconf 75' lang='grc'><strong>21.</strong></span> <span class='ocrx_word' id='word_1_101' title='bbox 907 2051 1030 2107; x_wconf 86' lang='lat' dir='ltr'><strong>Dies</strong></span> <span class='ocrx_word' id='word_1_102' title='bbox 1060 2054 1163 2107; x_wconf 91' lang='lat' dir='ltr'><strong>mei</strong></span> <span class='ocrx_word' id='word_1_103' title='bbox 1194 2055 1335 2109; x_wconf 87' lang='lat' dir='ltr'><strong>sicut</strong></span> <span class='ocrx_word' id='word_1_104' title='bbox 1363 2056 1552 2111; x_wconf 90' lang='lat' dir='ltr'><strong>umbra</strong></span> <span class='ocrx_word' id='word_1_105' title='bbox 1580 2058 1987 2113; x_wconf 83' lang='lat' dir='ltr'><strong>declinaverunt</strong></span> <span class='ocrx_word' id='word_1_106' title='bbox 2021 2079 2035 2112; x_wconf 89' lang='lat'><em>:</em></span> 
     </span>
    </p>
   </div>
   <div class='ocr_carea' id='block_1_20' title="bbox 790 2146 1664 2218">
    <p class='ocr_par' dir='ltr' id='par_1_20' title="bbox 790 2146 1664 2218">
     <span class='ocr_line' id='line_1_20' title="bbox 790 2146 1664 2218; baseline 0.003 -18"><span class='ocrx_word' id='word_1_107' title='bbox 790 2147 879 2200; x_wconf 69' lang='grc'><strong>22.</strong></span> <span class='ocrx_word' id='word_1_108' title='bbox 916 2146 981 2201; x_wconf 81' lang='lat' dir='ltr'><strong>Et</strong></span> <span class='ocrx_word' id='word_1_109' title='bbox 1012 2163 1111 2218; x_wconf 84' lang='lat' dir='ltr'><strong>ego</strong></span> <span class='ocrx_word' id='word_1_110' title='bbox 1140 2148 1284 2202; x_wconf 85' lang='lat' dir='ltr'><strong>sicut</strong></span> <span class='ocrx_word' id='word_1_111' title='bbox 1308 2147 1489 2202; x_wconf 79' lang='lat' dir='ltr'><strong>fenum</strong></span> <span class='ocrx_word' id='word_1_112' title='bbox 1524 2152 1664 2203; x_wconf 91' lang='lat' dir='ltr'><strong>arui.</strong></span> 
     </span>
    </p>
   </div>
   <div class='ocr_carea' id='block_1_21' title="bbox 786 2240 2260 2315">
    <p class='ocr_par' dir='ltr' id='par_1_21' title="bbox 786 2240 2260 2315">
     <span class='ocr_line' id='line_1_21' title="bbox 786 2240 2260 2315; baseline 0.001 -22"><span class='ocrx_word' id='word_1_113' title='bbox 786 2240 877 2295; x_wconf 75' lang='lat'><strong>23.</strong></span> <span class='ocrx_word' id='word_1_114' title='bbox 914 2240 994 2295; x_wconf 86' lang='lat' dir='ltr'><strong>Tu</strong></span> <span class='ocrx_word' id='word_1_115' title='bbox 1027 2249 1236 2308; x_wconf 83' lang='lat' dir='ltr'><strong>autem,</strong></span> <span class='ocrx_word' id='word_1_116' title='bbox 1260 2242 1514 2312; x_wconf 85' lang='lat' dir='ltr'><strong>Domine,</strong></span> <span class='ocrx_word' id='word_1_117' title='bbox 1544 2244 1597 2298; x_wconf 93' lang='lat' dir='ltr'><strong>in</strong></span> <span class='ocrx_word' id='word_1_118' title='bbox 1624 2252 1888 2299; x_wconf 68' lang='lat' dir='ltr'><strong>aeternum</strong></span> <span class='ocrx_word' id='word_1_119' title='bbox 1931 2258 2217 2315; x_wconf 73' lang='lat' dir='ltr'><strong>permanes</strong></span> <span class='ocrx_word' id='word_1_120' title='bbox 2244 2256 2260 2295; x_wconf 90' lang='lat'><strong>:</strong></span> 
     </span>
    </p>
   </div>
   <div class='ocr_carea' id='block_1_22' title="bbox 1570 391 3125 475">
    <p class='ocr_par' dir='ltr' id='par_1_22' title="bbox 1570 391 3125 475">
     <span class='ocr_line' id='line_1_22' title="bbox 1570 391 3125 475; baseline 0.017 -28"><span class='ocrx_word' id='word_1_121' title='bbox 1570 391 1624 447; x_wconf 88' lang='lat' dir='ltr'><strong>S.</strong></span> <span class='ocrx_word' id='word_1_122' title='bbox 1668 396 2033 455; x_wconf 73' lang='lat' dir='ltr'><strong>ATIIANASH</strong></span> <span class='ocrx_word' id='word_1_123' title='bbox 2073 403 2229 463; x_wconf 78' lang='grc' dir='ltr'><strong>ΟΡΡ.</strong></span> <span class='ocrx_word' id='word_1_124' title='bbox 2262 406 2442 466; x_wconf 75' lang='lat' dir='ltr'><strong>PARS</strong></span> <span class='ocrx_word' id='word_1_125' title='bbox 2480 412 2565 467; x_wconf 82' lang='grc'>111.</span> <span class='ocrx_word' id='word_1_126' title='bbox 2603 446 2669 457; x_wconf 92' lang='grc'><strong>-</strong></span> <span class='ocrx_word' id='word_1_127' title='bbox 2714 415 3125 475; x_wconf 76' lang='lat' dir='ltr'><strong>EXEGETICA.</strong></span> 
     </span>
    </p>
   </div>
   <div class='ocr_carea' id='block_1_23' title="bbox 3846 437 3973 493">
    <p class='ocr_par' dir='ltr' id='par_1_23' title="bbox 3846 437 3973 493">
     <span class='ocr_line' id='line_1_23' title="bbox 3846 437 3973 493; baseline 0.024 -3"><span class='ocrx_word' id='word_1_128' title='bbox 3846 437 3973 493; x_wconf 78' lang='grc'><strong>1080</strong></span> 
     </span>
    </p>
   </div>
   <div class='ocr_carea' id='block_1_24' title="bbox 2327 526 3244 606">
    <p class='ocr_par' dir='ltr' id='par_1_24' title="bbox 2327 526 3244 606">
     <span class='ocr_line' id='line_1_24' title="bbox 2327 526 3244 606; baseline 0.012 -28"><span class='ocrx_word' id='word_1_129' title='bbox 2327 532 2373 589; x_wconf 75' lang='grc' dir='ltr'><strong>Α</strong></span> <span class='ocrx_word' id='word_1_130' title='bbox 2474 526 2527 580; x_wconf 89' lang='grc'>8.</span> <span class='ocrx_word' id='word_1_131' title='bbox 2564 526 2840 602; x_wconf 75' lang='grc' dir='ltr'><strong>Ἔπληγην</strong></span> <span class='ocrx_word' id='word_1_132' title='bbox 2872 532 3000 585; x_wconf 77' lang='grc' dir='ltr'><strong>ὡσεὶ</strong></span> <span class='ocrx_word' id='word_1_133' title='bbox 3036 536 3244 606; x_wconf 75' lang='grc' dir='ltr'><strong>χόρτος,</strong></span> 
     </span>
    </p>
   </div>
   <div class='ocr_carea' id='block_1_25' title="bbox 2469 618 3403 697">
    <p class='ocr_par' dir='ltr' id='par_1_25' title="bbox 2469 618 3403 697">
     <span class='ocr_line' id='line_1_25' title="bbox 2469 618 3403 697; baseline 0.012 -28"><span class='ocrx_word' id='word_1_134' title='bbox 2469 618 2519 669; x_wconf 90' lang='grc'>9.</span> <span class='ocrx_word' id='word_1_135' title='bbox 2548 618 2655 670; x_wconf 70' lang='grc' dir='ltr'><strong>Καὶ</strong></span> <span class='ocrx_word' id='word_1_136' title='bbox 2683 618 2955 691; x_wconf 75' lang='grc' dir='ltr'><strong>ἐξηράνθη</strong></span> <span class='ocrx_word' id='word_1_137' title='bbox 2990 624 3023 693; x_wconf 73' lang='grc' dir='ltr'>ἡ</span> <span class='ocrx_word' id='word_1_138' title='bbox 3059 626 3253 695; x_wconf 77' lang='grc' dir='ltr'><strong>καρδία</strong></span> <span class='ocrx_word' id='word_1_139' title='bbox 3282 644 3403 697; x_wconf 86' lang='grc' dir='ltr'><strong>μου·</strong></span> 
     </span>
    </p>
   </div>
   <div class='ocr_carea' id='block_1_26' title="bbox 2470 708 3906 797">
    <p class='ocr_par' dir='ltr' id='par_1_26' title="bbox 2470 708 3906 797">
     <span class='ocr_line' id='line_1_26' title="bbox 2470 708 3906 797; baseline 0.016 -38"><span class='ocrx_word' id='word_1_140' title='bbox 2470 708 2555 760; x_wconf 89' lang='grc'>10.</span> <span class='ocrx_word' id='word_1_141' title='bbox 2592 710 2713 763; x_wconf 84' lang='grc' dir='ltr'><strong>Ὅτι</strong></span> <span class='ocrx_word' id='word_1_142' title='bbox 2746 712 3090 785; x_wconf 77' lang='grc' dir='ltr'><strong>ἐπελαθόμην</strong></span> <span class='ocrx_word' id='word_1_143' title='bbox 3117 716 3211 770; x_wconf 75' lang='grc' dir='ltr'><strong>τοῦ</strong></span> <span class='ocrx_word' id='word_1_144' title='bbox 3238 724 3429 788; x_wconf 79' lang='grc' dir='ltr'><strong>φαγεῖν</strong></span> <span class='ocrx_word' id='word_1_145' title='bbox 3462 723 3552 774; x_wconf 67' lang='grc' dir='ltr'><strong>τὸν</strong></span> <span class='ocrx_word' id='word_1_146' title='bbox 3582 724 3751 793; x_wconf 76' lang='grc' dir='ltr'><strong>ἄρτον</strong></span> <span class='ocrx_word' id='word_1_147' title='bbox 3788 746 3906 797; x_wconf 80' lang='grc' dir='ltr'>μου.</span> 
     </span>
    </p>
   </div>
   <div class='ocr_carea' id='block_1_27' title="bbox 2471 801 3974 891">
    <p class='ocr_par' dir='ltr' id='par_1_27' title="bbox 2471 801 3974 891">
     <span class='ocr_line' id='line_1_27' title="bbox 2471 801 3974 891; baseline 0.013 -39"><span class='ocrx_word' id='word_1_148' title='bbox 2471 801 2554 854; x_wconf 92' lang='grc'><strong>11.</strong></span> <span class='ocrx_word' id='word_1_149' title='bbox 2584 802 2717 855; x_wconf 75' lang='grc' dir='ltr'><strong>Ἀπὸ</strong></span> <span class='ocrx_word' id='word_1_150' title='bbox 2755 806 2940 876; x_wconf 77' lang='grc' dir='ltr'>φωνῆς</span> <span class='ocrx_word' id='word_1_151' title='bbox 2986 807 3077 859; x_wconf 72' lang='grc' dir='ltr'><strong>τοῦ</strong></span> <span class='ocrx_word' id='word_1_152' title='bbox 3128 813 3427 882; x_wconf 75' lang='grc' dir='ltr'><strong>στεναγμοῦ</strong></span> <span class='ocrx_word' id='word_1_153' title='bbox 3478 833 3581 884; x_wconf 85' lang='grc' dir='ltr'>μου</span> <span class='ocrx_word' id='word_1_154' title='bbox 3616 818 3883 891; x_wconf 61' lang='grc' dir='ltr'><strong>ἐκολλήθη</strong></span> <span class='ocrx_word' id='word_1_155' title='bbox 3917 820 3974 871; x_wconf 74' lang='grc' dir='ltr'><strong>τὸ</strong></span> 
     </span>
    </p>
   </div>
   <div class='ocr_carea' id='block_1_28' title="bbox 2395 890 3171 967">
    <p class='ocr_par' dir='ltr' id='par_1_28' title="bbox 2395 890 3171 967">
     <span class='ocr_line' id='line_1_28' title="bbox 2395 890 3171 967; baseline 0.017 -27"><span class='ocrx_word' id='word_1_156' title='bbox 2395 890 2585 943; x_wconf 73' lang='grc' dir='ltr'><strong>ὀστοῦν</strong></span> <span class='ocrx_word' id='word_1_157' title='bbox 2625 910 2727 962; x_wconf 84' lang='grc' dir='ltr'><strong>μου</strong></span> <span class='ocrx_word' id='word_1_158' title='bbox 2760 898 2823 966; x_wconf 80' lang='grc' dir='ltr'><strong>τῇ</strong></span> <span class='ocrx_word' id='word_1_159' title='bbox 2859 898 3021 967; x_wconf 73' lang='grc' dir='ltr'><strong>σαρκί</strong></span> <span class='ocrx_word' id='word_1_160' title='bbox 3049 915 3171 967; x_wconf 88' lang='grc' dir='ltr'><strong>μου.</strong></span> 
     </span>
    </p>
   </div>
   <div class='ocr_carea' id='block_1_29' title="bbox 2467 985 3480 1068">
    <p class='ocr_par' dir='ltr' id='par_1_29' title="bbox 2467 985 3480 1068">
     <span class='ocr_line' id='line_1_29' title="bbox 2467 985 3480 1068; baseline 0.016 -31"><span class='ocrx_word' id='word_1_161' title='bbox 2467 985 2552 1039; x_wconf 78' lang='grc'><strong>12.</strong></span> <span class='ocrx_word' id='word_1_162' title='bbox 2588 987 2886 1060; x_wconf 79' lang='grc' dir='ltr'><strong>Ὠμοιώθην</strong></span> <span class='ocrx_word' id='word_1_163' title='bbox 2919 991 3171 1047; x_wconf 75' lang='grc' dir='ltr'><strong>πελεκᾶνι</strong></span> <span class='ocrx_word' id='word_1_164' title='bbox 3197 995 3446 1068; x_wconf 81' lang='grc' dir='ltr'><strong>ὲρημικῷ</strong></span> <span class='ocrx_word' id='word_1_165' title='bbox 3465 1015 3480 1027; x_wconf 86' lang='grc'><strong>’</strong></span> 
     </span>
    </p>
   </div>
   <div class='ocr_carea' id='block_1_30' title="bbox 2468 1076 3795 1163">
    <p class='ocr_par' dir='ltr' id='par_1_30' title="bbox 2468 1076 3795 1163">
     <span class='ocr_line' id='line_1_30' title="bbox 2468 1076 3795 1163; baseline 0.015 -36"><span class='ocrx_word' id='word_1_166' title='bbox 2468 1076 2555 1129; x_wconf 76' lang='grc'>15.</span> <span class='ocrx_word' id='word_1_167' title='bbox 2585 1078 2879 1151; x_wconf 76' lang='grc' dir='ltr'><strong>Ἐγενήοην</strong></span> <span class='ocrx_word' id='word_1_168' title='bbox 2910 1082 3042 1136; x_wconf 79' lang='grc' dir='ltr'><strong>ὡσεὶ</strong></span> <span class='ocrx_word' id='word_1_169' title='bbox 3070 1089 3392 1157; x_wconf 78' lang='grc' dir='ltr'><strong>νυκτικόραξ</strong></span> <span class='ocrx_word' id='word_1_170' title='bbox 3418 1094 3476 1143; x_wconf 79' lang='grc' dir='ltr'><strong>ἑν</strong></span> <span class='ocrx_word' id='word_1_171' title='bbox 3503 1094 3795 1163; x_wconf 74' lang='grc' dir='ltr'><strong>οἱκοπὲδῳ.</strong></span> 
     </span>
    </p>
   </div>
   <div class='ocr_carea' id='block_1_31' title="bbox 2466 1168 3971 1257">
    <p class='ocr_par' dir='ltr' id='par_1_31' title="bbox 2466 1168 3971 1257">
     <span class='ocr_line' id='line_1_31' title="bbox 2466 1168 3971 1257; baseline 0.013 -36"><span class='ocrx_word' id='word_1_172' title='bbox 2466 1168 2553 1223; x_wconf 72' lang='grc'><strong>11.</strong></span> <span class='ocrx_word' id='word_1_173' title='bbox 2586 1171 2961 1243; x_wconf 74' lang='grc' dir='ltr'><strong>Ἰἰγρύπνησα,</strong></span> <span class='ocrx_word' id='word_1_174' title='bbox 3006 1177 3100 1228; x_wconf 79' lang='grc' dir='ltr'><strong>καὶ</strong></span> <span class='ocrx_word' id='word_1_175' title='bbox 3144 1180 3411 1250; x_wconf 76' lang='grc' dir='ltr'><strong>ἐγενόμην</strong></span> <span class='ocrx_word' id='word_1_176' title='bbox 3455 1184 3530 1247; x_wconf 79' lang='grc' dir='ltr'><strong>ὡς</strong></span> <span class='ocrx_word' id='word_1_177' title='bbox 3569 1187 3852 1257; x_wconf 76' lang='grc' dir='ltr'><strong>στρουῦἱον</strong></span> <span class='ocrx_word' id='word_1_178' title='bbox 3879 1208 3971 1257; x_wconf 67' lang='grc' dir='ltr'><strong>μοι</strong></span> 
     </span>
    </p>
   </div>
   <div class='ocr_carea' id='block_1_32' title="bbox 2395 1260 3723 1349">
    <p class='ocr_par' dir='ltr' id='par_1_32' title="bbox 2395 1260 3723 1349">
     <span class='ocr_line' id='line_1_32' title="bbox 2395 1260 3723 1349; baseline 0.014 -37"><span class='ocrx_word' id='word_1_179' title='bbox 2395 1260 2553 1324; x_wconf 72' lang='grc' dir='ltr'><strong>νάζον</strong></span> <span class='ocrx_word' id='word_1_180' title='bbox 2588 1262 2680 1316; x_wconf 66' lang='grc' dir='ltr'><strong>ἐπὶ</strong></span> <span class='ocrx_word' id='word_1_181' title='bbox 2706 1263 2953 1334; x_wconf 81' lang='grc' dir='ltr'><strong>δώματος</strong></span> <span class='ocrx_word' id='word_1_182' title='bbox 2978 1265 3283 1340; x_wconf 81' lang='grc' dir='ltr'><strong>[ὲγενήθην,</strong></span> <span class='ocrx_word' id='word_1_183' title='bbox 3310 1281 3437 1336; x_wconf 85' lang='lat' dir='ltr'><strong>etc.,</strong></span> <span class='ocrx_word' id='word_1_184' title='bbox 3465 1275 3723 1349; x_wconf 84' lang='grc' dir='ltr'><strong>δὼματι].</strong></span> 
     </span>
    </p>
   </div>
   <div class='ocr_carea' id='block_1_33' title="bbox 2468 1355 3966 1441">
    <p class='ocr_par' dir='ltr' id='par_1_33' title="bbox 2468 1355 3966 1441">
     <span class='ocr_line' id='line_1_33' title="bbox 2468 1355 3966 1441; baseline 0.01 -32"><span class='ocrx_word' id='word_1_185' title='bbox 2468 1355 2552 1409; x_wconf 80' lang='grc'><strong>15.</strong></span> <span class='ocrx_word' id='word_1_186' title='bbox 2585 1356 2752 1427; x_wconf 75' lang='grc' dir='ltr'><strong>Ὅλην</strong></span> <span class='ocrx_word' id='word_1_187' title='bbox 2781 1358 2880 1429; x_wconf 84' lang='grc' dir='ltr'><strong>τὴν</strong></span> <span class='ocrx_word' id='word_1_188' title='bbox 2906 1360 3120 1431; x_wconf 75' lang='grc' dir='ltr'><strong>ἡμέραν</strong></span> <span class='ocrx_word' id='word_1_189' title='bbox 3150 1361 3420 1429; x_wconf 80' lang='grc' dir='ltr'><strong>ὠνείδιζόν</strong></span> <span class='ocrx_word' id='word_1_190' title='bbox 3450 1384 3516 1437; x_wconf 89' lang='grc' dir='ltr'><strong>με</strong></span> <span class='ocrx_word' id='word_1_191' title='bbox 3544 1370 3593 1420; x_wconf 75' lang='grc' dir='ltr'><strong>οἱ</strong></span> <span class='ocrx_word' id='word_1_192' title='bbox 3624 1369 3811 1439; x_wconf 80' lang='grc' dir='ltr'><strong>ἐχθροί</strong></span> <span class='ocrx_word' id='word_1_193' title='bbox 3839 1389 3933 1441; x_wconf 80' lang='grc' dir='ltr'><strong>μου</strong></span> <span class='ocrx_word' id='word_1_194' title='bbox 3954 1391 3966 1400; x_wconf 68' lang='grc' dir='ltr'><strong>ο</strong></span> 
     </span>
    </p>
   </div>
   <div class='ocr_carea' id='block_1_34' title="bbox 2468 1446 3833 1529">
    <p class='ocr_par' dir='ltr' id='par_1_34' title="bbox 2468 1446 3833 1529">
     <span class='ocr_line' id='line_1_34' title="bbox 2468 1446 3833 1529; baseline 0.012 -30"><span class='ocrx_word' id='word_1_195' title='bbox 2468 1446 2552 1500; x_wconf 87' lang='grc'>16.</span> <span class='ocrx_word' id='word_1_196' title='bbox 2590 1448 2700 1499; x_wconf 74' lang='grc' dir='ltr'><strong>Καὶ</strong></span> <span class='ocrx_word' id='word_1_197' title='bbox 2732 1450 2779 1500; x_wconf 76' lang='grc' dir='ltr'><strong>οἱ</strong></span> <span class='ocrx_word' id='word_1_198' title='bbox 2806 1450 3151 1515; x_wconf 76' lang='grc' dir='ltr'><strong>ἐπαινοῦντές</strong></span> <span class='ocrx_word' id='word_1_199' title='bbox 3179 1471 3244 1523; x_wconf 84' lang='grc' dir='ltr'><strong>με</strong></span> <span class='ocrx_word' id='word_1_200' title='bbox 3275 1458 3394 1508; x_wconf 81' lang='grc' dir='ltr'><strong>κατ’</strong></span> <span class='ocrx_word' id='word_1_201' title='bbox 3427 1458 3562 1527; x_wconf 72' lang='grc' dir='ltr'><strong>ἐμοῦ</strong></span> <span class='ocrx_word' id='word_1_202' title='bbox 3592 1458 3833 1529; x_wconf 79' lang='grc' dir='ltr'><strong>ὤμνυον.</strong></span> 
     </span>
    </p>
   </div>
   <div class='ocr_carea' id='block_1_35' title="bbox 2466 1622 3531 1701">
    <p class='ocr_par' dir='ltr' id='par_1_35' title="bbox 2466 1622 3531 1701">
     <span class='ocr_line' id='line_1_35' title="bbox 2466 1622 3531 1701; baseline 0.011 -27"><span class='ocrx_word' id='word_1_203' title='bbox 2466 1622 2552 1675; x_wconf 71' lang='grc' dir='ltr'>1ἳ.</span> <span class='ocrx_word' id='word_1_204' title='bbox 2588 1624 2707 1677; x_wconf 85' lang='grc' dir='ltr'><strong>Ὀτι</strong></span> <span class='ocrx_word' id='word_1_205' title='bbox 2741 1624 2931 1677; x_wconf 74' lang='grc' dir='ltr'><strong>σποδὸν</strong></span> <span class='ocrx_word' id='word_1_206' title='bbox 2956 1626 3086 1680; x_wconf 76' lang='grc' dir='ltr'><strong>ὡσεὶ</strong></span> <span class='ocrx_word' id='word_1_207' title='bbox 3118 1629 3279 1700; x_wconf 78' lang='grc' dir='ltr'><strong>ἄρτον</strong></span> <span class='ocrx_word' id='word_1_208' title='bbox 3304 1630 3531 1701; x_wconf 70' lang='grc' dir='ltr'><strong>ἔφαγονο</strong></span> 
     </span>
    </p>
   </div>
   <div class='ocr_carea' id='block_1_36' title="bbox 2466 1781 3850 1865">
    <p class='ocr_par' dir='ltr' id='par_1_36' title="bbox 2466 1781 3850 1865">
     <span class='ocr_line' id='line_1_36' title="bbox 2466 1781 3850 1865; baseline 0.009 -30"><span class='ocrx_word' id='word_1_209' title='bbox 2466 1781 2552 1835; x_wconf 89' lang='grc'>18.</span> <span class='ocrx_word' id='word_1_210' title='bbox 2588 1783 2697 1835; x_wconf 75' lang='grc' dir='ltr'><strong>Καὶ</strong></span> <span class='ocrx_word' id='word_1_211' title='bbox 2722 1782 2782 1835; x_wconf 80' lang='grc' dir='ltr'><strong>τὸ</strong></span> <span class='ocrx_word' id='word_1_212' title='bbox 2812 1784 2963 1855; x_wconf 77' lang='grc' dir='ltr'><strong>πόμα</strong></span> <span class='ocrx_word' id='word_1_213' title='bbox 2995 1803 3094 1856; x_wconf 86' lang='grc' dir='ltr'>μου</span> <span class='ocrx_word' id='word_1_214' title='bbox 3123 1788 3258 1857; x_wconf 76' lang='grc' dir='ltr'><strong>μετὰ</strong></span> <span class='ocrx_word' id='word_1_215' title='bbox 3289 1789 3566 1861; x_wconf 77' lang='grc' dir='ltr'><strong>κλαυθμοῦ</strong></span> <span class='ocrx_word' id='word_1_216' title='bbox 3600 1795 3850 1865; x_wconf 78' lang='grc' dir='ltr'><strong>ἐκίρνων.</strong></span> 
     </span>
    </p>
   </div>
   <div class='ocr_carea' id='block_1_37' title="bbox 2322 1873 3967 1956">
    <p class='ocr_par' dir='ltr' id='par_1_37' title="bbox 2322 1873 3967 1956">
     <span class='ocr_line' id='line_1_37' title="bbox 2322 1873 3967 1956; baseline 0.008 -32"><span class='ocrx_word' id='word_1_217' title='bbox 2322 1880 2363 1932; x_wconf 86' lang='grc' dir='ltr'><strong><em>Β</em></strong></span> <span class='ocrx_word' id='word_1_218' title='bbox 2468 1873 2695 1926; x_wconf 75' lang='grc' dir='ltr'><strong>19.’Δπὸ</strong></span> <span class='ocrx_word' id='word_1_219' title='bbox 2715 1879 3005 1945; x_wconf 79' lang='grc' dir='ltr'><strong>προσώπου</strong></span> <span class='ocrx_word' id='word_1_220' title='bbox 3025 1877 3121 1947; x_wconf 80' lang='grc' dir='ltr'><strong>τῆς</strong></span> <span class='ocrx_word' id='word_1_221' title='bbox 3138 1879 3303 1950; x_wconf 75' lang='grc' dir='ltr'><strong>ὀργῆς</strong></span> <span class='ocrx_word' id='word_1_222' title='bbox 3322 1897 3436 1944; x_wconf 87' lang='grc' dir='ltr'><strong>σου,</strong></span> <span class='ocrx_word' id='word_1_223' title='bbox 3450 1882 3649 1935; x_wconf 71' lang='grc' dir='ltr'><strong>καὶτοῦ</strong></span> <span class='ocrx_word' id='word_1_224' title='bbox 3666 1884 3842 1956; x_wconf 79' lang='grc' dir='ltr'><strong>θυμοῦ</strong></span> <span class='ocrx_word' id='word_1_225' title='bbox 3857 1902 3967 1939; x_wconf 67' lang='grc' dir='ltr'>σουο</span> 
     </span>
    </p>
   </div>
   <div class='ocr_carea' id='block_1_38' title="bbox 2463 1964 3423 2042">
    <p class='ocr_par' dir='ltr' id='par_1_38' title="bbox 2463 1964 3423 2042">
     <span class='ocr_line' id='line_1_38' title="bbox 2463 1964 3423 2042; baseline 0.008 -25"><span class='ocrx_word' id='word_1_226' title='bbox 2463 1964 2551 2018; x_wconf 85' lang='grc'>20.</span> <span class='ocrx_word' id='word_1_227' title='bbox 2580 1965 2702 2018; x_wconf 84' lang='grc' dir='ltr'><strong>’Ὁτι</strong></span> <span class='ocrx_word' id='word_1_228' title='bbox 2728 1968 2937 2038; x_wconf 70' lang='grc' dir='ltr'><strong>ἐπάρας</strong></span> <span class='ocrx_word' id='word_1_229' title='bbox 2968 1969 3308 2040; x_wconf 68' lang='grc' dir='ltr'><strong>κατέῤῥαξάς</strong></span> <span class='ocrx_word' id='word_1_230' title='bbox 3338 1990 3423 2042; x_wconf 89' lang='grc' dir='ltr'><strong>με.</strong></span> 
     </span>
    </p>
   </div>
   <div class='ocr_carea' id='block_1_39' title="bbox 2462 2056 3689 2136">
    <p class='ocr_par' dir='ltr' id='par_1_39' title="bbox 2462 2056 3689 2136">
     <span class='ocr_line' id='line_1_39' title="bbox 2462 2056 3689 2136; baseline 0.009 -27"><span class='ocrx_word' id='word_1_231' title='bbox 2462 2056 2553 2110; x_wconf 88' lang='grc'><strong>21.</strong></span> <span class='ocrx_word' id='word_1_232' title='bbox 2583 2060 2645 2110; x_wconf 78' lang='grc' dir='ltr'><strong>ΛΞ</strong></span> <span class='ocrx_word' id='word_1_233' title='bbox 2677 2058 2879 2130; x_wconf 76' lang='grc' dir='ltr'><strong>ἡμέραι</strong></span> <span class='ocrx_word' id='word_1_234' title='bbox 2912 2078 3011 2129; x_wconf 88' lang='grc' dir='ltr'>μου</span> <span class='ocrx_word' id='word_1_235' title='bbox 3041 2062 3172 2114; x_wconf 73' lang='grc' dir='ltr'><strong>ὡσεὶ</strong></span> <span class='ocrx_word' id='word_1_236' title='bbox 3201 2064 3327 2116; x_wconf 81' lang='grc' dir='ltr'><strong>σκιὰ</strong></span> <span class='ocrx_word' id='word_1_237' title='bbox 3360 2065 3651 2136; x_wconf 72' lang='grc' dir='ltr'><strong>ἐκλίθησαν</strong></span> <span class='ocrx_word' id='word_1_238' title='bbox 3672 2086 3689 2099; x_wconf 77' lang='grc' dir='ltr'><strong>ο</strong></span> 
     </span>
    </p>
   </div>
   <div class='ocr_carea' id='block_1_40' title="bbox 2461 2148 3488 2227">
    <p class='ocr_par' dir='ltr' id='par_1_40' title="bbox 2461 2148 3488 2227">
     <span class='ocr_line' id='line_1_40' title="bbox 2461 2148 3488 2227; baseline 0.011 -28"><span class='ocrx_word' id='word_1_239' title='bbox 2461 2148 2551 2200; x_wconf 87' lang='grc'><strong>22.</strong></span> <span class='ocrx_word' id='word_1_240' title='bbox 2587 2149 2756 2218; x_wconf 77' lang='grc' dir='ltr'><strong>Κάγὼ</strong></span> <span class='ocrx_word' id='word_1_241' title='bbox 2783 2150 2913 2203; x_wconf 73' lang='grc' dir='ltr'><strong>ὡσεὶ</strong></span> <span class='ocrx_word' id='word_1_242' title='bbox 2946 2152 3134 2221; x_wconf 81' lang='grc' dir='ltr'>χόρτος</span> <span class='ocrx_word' id='word_1_243' title='bbox 3169 2155 3488 2227; x_wconf 82' lang='grc' dir='ltr'><strong>ὲξηράνθην.</strong></span> 
     </span>
    </p>
   </div>
   <div class='ocr_carea' id='block_1_41' title="bbox 2462 2238 3668 2321">
    <p class='ocr_par' dir='ltr' id='par_1_41' title="bbox 2462 2238 3668 2321">
     <span class='ocr_line' id='line_1_41' title="bbox 2462 2238 3668 2321; baseline 0.009 -28"><span class='ocrx_word' id='word_1_244' title='bbox 2462 2238 2555 2293; x_wconf 77' lang='grc'>25.</span> <span class='ocrx_word' id='word_1_245' title='bbox 2591 2241 2661 2293; x_wconf 73' lang='grc' dir='ltr'><strong>Σὺ</strong></span> <span class='ocrx_word' id='word_1_246' title='bbox 2692 2241 2768 2306; x_wconf 78' lang='grc' dir='ltr'><strong>δὲ,</strong></span> <span class='ocrx_word' id='word_1_247' title='bbox 2796 2242 3101 2314; x_wconf 72' lang='grc' dir='ltr'><strong>Κύριε,-εἱς</strong></span> <span class='ocrx_word' id='word_1_248' title='bbox 3128 2246 3223 2299; x_wconf 65' lang='grc' dir='ltr'><strong>τὸν</strong></span> <span class='ocrx_word' id='word_1_249' title='bbox 3252 2247 3421 2303; x_wconf 71' lang='grc' dir='ltr'><strong>αἰῶνα</strong></span> <span class='ocrx_word' id='word_1_250' title='bbox 3451 2249 3668 2321; x_wconf 74' lang='grc' dir='ltr'><strong>μένεις·</strong></span> 
     </span>
    </p>
   </div>
   <div class='ocr_carea' id='block_1_42' title="bbox 1839 2440 2840 2497">
    <p class='ocr_par' dir='ltr' id='par_1_42' title="bbox 1839 2440 2840 2497">
     <span class='ocr_line' id='line_1_42' title="bbox 1839 2440 2840 2497; baseline 0.001 -3"><span class='ocrx_word' id='word_1_251' title='bbox 1839 2440 2210 2494; x_wconf 70' lang='lat' dir='ltr'><strong>ATHANASII</strong></span> <span class='ocrx_word' id='word_1_252' title='bbox 2258 2440 2840 2497; x_wconf 67' lang='lat' dir='ltr'><strong>lNTERPRETATIO.</strong></span> 
     </span>
    </p>
   </div>
   <div class='ocr_carea' id='block_1_43' title="bbox 786 2595 1775 2668">
    <p class='ocr_par' dir='ltr' id='par_1_43' title="bbox 786 2595 1775 2668">
     <span class='ocr_line' id='line_1_43' title="bbox 786 2595 1775 2668; baseline 0 -17"><span class='ocrx_word' id='word_1_253' title='bbox 786 2598 837 2651; x_wconf 80' lang='lat'><strong>8.</strong></span> <span class='ocrx_word' id='word_1_254' title='bbox 876 2595 1095 2652; x_wconf 68' lang='grc' dir='ltr'><strong>(τοηοίἀί</strong></span> <span class='ocrx_word' id='word_1_255' title='bbox 1127 2598 1443 2652; x_wconf 84' lang='lat' dir='ltr'><strong>vulneratus</strong></span> <span class='ocrx_word' id='word_1_256' title='bbox 1475 2614 1507 2653; x_wconf 86' lang='lat' dir='ltr'><strong>a</strong></span> <span class='ocrx_word' id='word_1_257' title='bbox 1534 2607 1775 2668; x_wconf 85' lang='lat' dir='ltr'><strong>peccato.</strong></span> 
     </span>
    </p>
   </div>
   <div class='ocr_carea' id='block_1_44' title="bbox 783 2690 2085 2760">
    <p class='ocr_par' dir='ltr' id='par_1_44' title="bbox 783 2690 2085 2760">
     <span class='ocr_line' id='line_1_44' title="bbox 783 2690 2085 2760; baseline -0.002 -17"><span class='ocrx_word' id='word_1_258' title='bbox 783 2694 836 2744; x_wconf 78' lang='lat'><strong>9.</strong></span> <span class='ocrx_word' id='word_1_259' title='bbox 869 2690 1003 2755; x_wconf 87' lang='lat' dir='ltr'><strong>Quia</strong></span> <span class='ocrx_word' id='word_1_260' title='bbox 1029 2692 1200 2760; x_wconf 82' lang='lat' dir='ltr'><strong>gratia</strong></span> <span class='ocrx_word' id='word_1_261' title='bbox 1229 2691 1462 2760; x_wconf 81' lang='lat' dir='ltr'><strong>Spiritus</strong></span> <span class='ocrx_word' id='word_1_262' title='bbox 1492 2691 1569 2743; x_wconf 91' lang='lat' dir='ltr'><strong>tui</strong></span> <span class='ocrx_word' id='word_1_263' title='bbox 1607 2705 1711 2744; x_wconf 89' lang='lat' dir='ltr'><strong>non</strong></span> <span class='ocrx_word' id='word_1_264' title='bbox 1743 2698 1862 2744; x_wconf 82' lang='lat' dir='ltr'><strong>erat</strong></span> <span class='ocrx_word' id='word_1_265' title='bbox 1895 2690 1949 2744; x_wconf 89' lang='lat' dir='ltr'><strong>in</strong></span> <span class='ocrx_word' id='word_1_266' title='bbox 1981 2706 2085 2744; x_wconf 85' lang='lat' dir='ltr'><strong>tne.</strong></span> 
     </span>
    </p>
   </div>
   <div class='ocr_carea' id='block_1_45' title="bbox 787 2868 2058 2941">
    <p class='ocr_par' dir='ltr' id='par_1_45' title="bbox 787 2868 2058 2941">
     <span class='ocr_line' id='line_1_45' title="bbox 787 2868 2058 2941; baseline 0.002 -19"><span class='ocrx_word' id='word_1_267' title='bbox 787 2870 875 2922; x_wconf 88' lang='grc'>10.</span> <span class='ocrx_word' id='word_1_268' title='bbox 909 2868 1174 2935; x_wconf 85' lang='lat' dir='ltr'><strong>Quoniam</strong></span> <span class='ocrx_word' id='word_1_269' title='bbox 1198 2871 1405 2940; x_wconf 74' lang='lat' dir='ltr'><strong>neglexi</strong></span> <span class='ocrx_word' id='word_1_270' title='bbox 1430 2870 1681 2925; x_wconf 87' lang='lat' dir='ltr'><strong>meditari</strong></span> <span class='ocrx_word' id='word_1_271' title='bbox 1713 2871 1767 2925; x_wconf 88' lang='lat' dir='ltr'><strong>in</strong></span> <span class='ocrx_word' id='word_1_272' title='bbox 1803 2871 1921 2941; x_wconf 79' lang='lat' dir='ltr'><strong>lege</strong></span> <span class='ocrx_word' id='word_1_273' title='bbox 1943 2879 2058 2925; x_wconf 88' lang='lat' dir='ltr'><strong>tua.</strong></span> 
     </span>
    </p>
   </div>
   <div class='ocr_carea' id='block_1_46' title="bbox 790 2955 2288 3028">
    <p class='ocr_par' dir='ltr' id='par_1_46' title="bbox 790 2955 2288 3028">
     <span class='ocr_line' id='line_1_46' title="bbox 790 2955 2288 3028; baseline 0.003 -19"><span class='ocrx_word' id='word_1_274' title='bbox 790 2956 876 3013; x_wconf 86' lang='grc'><strong>11.</strong></span> <span class='ocrx_word' id='word_1_275' title='bbox 908 2955 991 3011; x_wconf 90' lang='lat' dir='ltr'><strong>Ob</strong></span> <span class='ocrx_word' id='word_1_276' title='bbox 1022 2957 1280 3028; x_wconf 75' lang='lat' dir='ltr'><strong>gemitum</strong></span> <span class='ocrx_word' id='word_1_277' title='bbox 1325 2970 1685 3028; x_wconf 88' lang='lat' dir='ltr'><strong>consumptus</strong></span> <span class='ocrx_word' id='word_1_278' title='bbox 1714 2976 1857 3026; x_wconf 90' lang='lat' dir='ltr'><strong>sum,</strong></span> <span class='ocrx_word' id='word_1_279' title='bbox 1890 2969 1944 3014; x_wconf 89' lang='lat' dir='ltr'><strong>et</strong></span> <span class='ocrx_word' id='word_1_280' title='bbox 1970 2973 2097 3015; x_wconf 86' lang='lat' dir='ltr'><strong>ossa</strong></span> <span class='ocrx_word' id='word_1_281' title='bbox 2135 2959 2288 3028; x_wconf 88' lang='lat' dir='ltr'><strong>peni-</strong></span> 
     </span>
    </p>
   </div>
   <div class='ocr_carea' id='block_1_47' title="bbox 717 3049 1005 3104">
    <p class='ocr_par' dir='ltr' id='par_1_47' title="bbox 717 3049 1005 3104">
     <span class='ocr_line' id='line_1_47' title="bbox 717 3049 1005 3104; baseline 0.003 -4"><span class='ocrx_word' id='word_1_282' title='bbox 717 3058 804 3103; x_wconf 75' lang='lat' dir='ltr'><strong>tus</strong></span> <span class='ocrx_word' id='word_1_283' title='bbox 836 3049 1005 3104; x_wconf 83' lang='lat' dir='ltr'><strong>evasi.</strong></span> 
     </span>
    </p>
   </div>
   <div class='ocr_carea' id='block_1_48' title="bbox 784 3139 2283 3212">
    <p class='ocr_par' dir='ltr' id='par_1_48' title="bbox 784 3139 2283 3212">
     <span class='ocr_line' id='line_1_48' title="bbox 784 3139 2283 3212; baseline 0.004 -21"><span class='ocrx_word' id='word_1_284' title='bbox 784 3139 873 3195; x_wconf 80' lang='grc'><strong>12.</strong></span> <span class='ocrx_word' id='word_1_285' title='bbox 907 3139 1076 3196; x_wconf 90' lang='lat' dir='ltr'><strong>Sicuti</strong></span> <span class='ocrx_word' id='word_1_286' title='bbox 1109 3141 1387 3209; x_wconf 87' lang='lat' dir='ltr'><strong>pelicanus</strong></span> <span class='ocrx_word' id='word_1_287' title='bbox 1442 3141 1496 3195; x_wconf 90' lang='lat' dir='ltr'><strong>in</strong></span> <span class='ocrx_word' id='word_1_288' title='bbox 1546 3140 1666 3197; x_wconf 89' lang='lat' dir='ltr'><strong>loco</strong></span> <span class='ocrx_word' id='word_1_289' title='bbox 1713 3141 1866 3196; x_wconf 88' lang='lat' dir='ltr'><strong>arido</strong></span> <span class='ocrx_word' id='word_1_290' title='bbox 1912 3140 2283 3212; x_wconf 85' lang='lat' dir='ltr'><strong>deprehensus</strong></span> 
     </span>
    </p>
   </div>
   <div class='ocr_carea' id='block_1_49' title="bbox 713 3230 2279 3302">
    <p class='ocr_par' dir='ltr' id='par_1_49' title="bbox 713 3230 2279 3302">
     <span class='ocr_line' id='line_1_49' title="bbox 713 3230 2279 3302; baseline 0.001 -20"><span class='ocrx_word' id='word_1_291' title='bbox 713 3230 939 3283; x_wconf 81' lang='lat' dir='ltr'><strong>omnino</strong></span> <span class='ocrx_word' id='word_1_292' title='bbox 980 3232 1342 3296; x_wconf 86' lang='lat' dir='ltr'><strong>consumitur,</strong></span> <span class='ocrx_word' id='word_1_293' title='bbox 1366 3231 1443 3287; x_wconf 87' lang='lat' dir='ltr'><strong>ita</strong></span> <span class='ocrx_word' id='word_1_294' title='bbox 1474 3240 1529 3286; x_wconf 90' lang='lat' dir='ltr'><strong>et</strong></span> <span class='ocrx_word' id='word_1_295' title='bbox 1561 3247 1660 3302; x_wconf 87' lang='lat' dir='ltr'><strong>ego</strong></span> <span class='ocrx_word' id='word_1_296' title='bbox 1696 3240 2053 3301; x_wconf 88' lang='lat' dir='ltr'><strong>consumptus</strong></span> <span class='ocrx_word' id='word_1_297' title='bbox 2082 3246 2201 3285; x_wconf 85' lang='lat' dir='ltr'><strong>sum</strong></span> <span class='ocrx_word' id='word_1_298' title='bbox 2227 3231 2279 3284; x_wconf 92' lang='lat' dir='ltr'><strong>in</strong></span> 
     </span>
    </p>
   </div>
   <div class='ocr_carea' id='block_1_50' title="bbox 714 3324 1857 3395">
    <p class='ocr_par' dir='ltr' id='par_1_50' title="bbox 714 3324 1857 3395">
     <span class='ocr_line' id='line_1_50' title="bbox 714 3324 1857 3395; baseline 0.001 -19"><span class='ocrx_word' id='word_1_299' title='bbox 714 3330 957 3392; x_wconf 83' lang='lat' dir='ltr'><strong>peccato,</strong></span> <span class='ocrx_word' id='word_1_300' title='bbox 993 3338 1115 3378; x_wconf 90' lang='lat' dir='ltr'><strong>cum</strong></span> <span class='ocrx_word' id='word_1_301' title='bbox 1146 3325 1319 3395; x_wconf 82' lang='lat' dir='ltr'><strong>gratia</strong></span> <span class='ocrx_word' id='word_1_302' title='bbox 1344 3334 1435 3379; x_wconf 91' lang='lat' dir='ltr'><strong>tua</strong></span> <span class='ocrx_word' id='word_1_303' title='bbox 1463 3324 1596 3378; x_wconf 87' lang='lat' dir='ltr'><strong>mihi</strong></span> <span class='ocrx_word' id='word_1_304' title='bbox 1620 3325 1857 3377; x_wconf 75' lang='lat' dir='ltr'><strong>deesset.</strong></span> 
     </span>
    </p>
   </div>
   <div class='ocr_carea' id='block_1_51' title="bbox 786 3412 2281 3488">
    <p class='ocr_par' dir='ltr' id='par_1_51' title="bbox 786 3412 2281 3488">
     <span class='ocr_line' id='line_1_51' title="bbox 786 3412 2281 3488; baseline 0 -21"><span class='ocrx_word' id='word_1_305' title='bbox 786 3416 870 3469; x_wconf 81' lang='grc'>15.</span> <span class='ocrx_word' id='word_1_306' title='bbox 899 3412 1222 3488; x_wconf 76' lang='lat' dir='ltr'><strong>Nycticorax</strong></span> <span class='ocrx_word' id='word_1_307' title='bbox 1255 3418 1308 3469; x_wconf 92' lang='lat' dir='ltr'><strong>in</strong></span> <span class='ocrx_word' id='word_1_308' title='bbox 1336 3415 1573 3471; x_wconf 87' lang='lat' dir='ltr'><strong>tenebris</strong></span> <span class='ocrx_word' id='word_1_309' title='bbox 1607 3416 1770 3486; x_wconf 79' lang='lat' dir='ltr'><strong>degit.</strong></span> <span class='ocrx_word' id='word_1_310' title='bbox 1803 3424 1856 3470; x_wconf 91' lang='lat' dir='ltr'><strong>et</strong></span> <span class='ocrx_word' id='word_1_311' title='bbox 1891 3415 1944 3468; x_wconf 93' lang='lat' dir='ltr'><strong>in</strong></span> <span class='ocrx_word' id='word_1_312' title='bbox 1972 3422 2131 3469; x_wconf 84' lang='lat' dir='ltr'><strong>nocte</strong></span> <span class='ocrx_word' id='word_1_313' title='bbox 2172 3414 2281 3469; x_wconf 87' lang='lat' dir='ltr'><strong>cla-</strong></span> 
     </span>
    </p>
   </div>
   <div class='ocr_carea' id='block_1_52' title="bbox 715 3504 2280 3577">
    <p class='ocr_par' dir='ltr' id='par_1_52' title="bbox 715 3504 2280 3577">
     <span class='ocr_line' id='line_1_52' title="bbox 715 3504 2280 3577; baseline -0.001 -18"><span class='ocrx_word' id='word_1_314' title='bbox 715 3514 864 3560; x_wconf 85' lang='lat' dir='ltr'><strong>mat:</strong></span> <span class='ocrx_word' id='word_1_315' title='bbox 902 3506 974 3560; x_wconf 86' lang='lat' dir='ltr'><strong>ita</strong></span> <span class='ocrx_word' id='word_1_316' title='bbox 1012 3506 1195 3577; x_wconf 85' lang='lat' dir='ltr'><strong>igitur,</strong></span> <span class='ocrx_word' id='word_1_317' title='bbox 1225 3506 1419 3576; x_wconf 80' lang='lat' dir='ltr'><strong>inquit,</strong></span> <span class='ocrx_word' id='word_1_318' title='bbox 1449 3514 1504 3561; x_wconf 91' lang='lat' dir='ltr'><strong>et</strong></span> <span class='ocrx_word' id='word_1_319' title='bbox 1534 3521 1634 3577; x_wconf 88' lang='lat' dir='ltr'><strong>ego</strong></span> <span class='ocrx_word' id='word_1_320' title='bbox 1683 3521 1908 3560; x_wconf 85' lang='lat' dir='ltr'><strong>manens</strong></span> <span class='ocrx_word' id='word_1_321' title='bbox 1942 3506 1995 3559; x_wconf 91' lang='lat' dir='ltr'><strong>in</strong></span> <span class='ocrx_word' id='word_1_322' title='bbox 2043 3504 2280 3559; x_wconf 83' lang='lat' dir='ltr'><strong>tenebris</strong></span> 
     </span>
    </p>
   </div>
   <div class='ocr_carea' id='block_1_53' title="bbox 712 3597 1410 3666">
    <p class='ocr_par' dir='ltr' id='par_1_53' title="bbox 712 3597 1410 3666">
     <span class='ocr_line' id='line_1_53' title="bbox 712 3597 1410 3666; baseline 0.009 -19"><span class='ocrx_word' id='word_1_323' title='bbox 712 3598 940 3665; x_wconf 70' lang='lat' dir='ltr'><strong>peccati,</strong></span> <span class='ocrx_word' id='word_1_324' title='bbox 964 3597 1184 3666; x_wconf 80' lang='lat' dir='ltr'><strong>plorans</strong></span> <span class='ocrx_word' id='word_1_325' title='bbox 1211 3598 1410 3654; x_wconf 85' lang='lat' dir='ltr'><strong>clamo.</strong></span> 
     </span>
    </p>
   </div>
   <div class='ocr_carea' id='block_1_54' title="bbox 785 3688 2279 3761">
    <p class='ocr_par' dir='ltr' id='par_1_54' title="bbox 785 3688 2279 3761">
     <span class='ocr_line' id='line_1_54' title="bbox 785 3688 2279 3761; baseline -0.001 -18"><span class='ocrx_word' id='word_1_326' title='bbox 785 3689 871 3743; x_wconf 72' lang='grc'>14.</span> <span class='ocrx_word' id='word_1_327' title='bbox 908 3688 1107 3744; x_wconf 82' lang='lat' dir='ltr'><strong>Multos</strong></span> <span class='ocrx_word' id='word_1_328' title='bbox 1148 3690 1495 3745; x_wconf 83' lang='lat' dir='ltr'><strong>insidiatores</strong></span> <span class='ocrx_word' id='word_1_329' title='bbox 1538 3691 1697 3745; x_wconf 84' lang='lat' dir='ltr'><strong>habet</strong></span> <span class='ocrx_word' id='word_1_330' title='bbox 1740 3706 1929 3761; x_wconf 84' lang='lat' dir='ltr'><strong>passer</strong></span> <span class='ocrx_word' id='word_1_331' title='bbox 1974 3689 2279 3752; x_wconf 83' lang='lat' dir='ltr'><strong>solitarius,</strong></span> 
     </span>
    </p>
   </div>
   <div class='ocr_carea' id='block_1_55' title="bbox 712 3778 2279 3849">
    <p class='ocr_par' dir='ltr' id='par_1_55' title="bbox 712 3778 2279 3849">
     <span class='ocr_line' id='line_1_55' title="bbox 712 3778 2279 3849; baseline 0.003 -21"><span class='ocrx_word' id='word_1_332' title='bbox 712 3791 966 3845; x_wconf 76' lang='lat' dir='ltr'><strong>anguem,</strong></span> <span class='ocrx_word' id='word_1_333' title='bbox 997 3786 1053 3832; x_wconf 89' lang='lat' dir='ltr'><strong>et</strong></span> <span class='ocrx_word' id='word_1_334' title='bbox 1077 3778 1442 3834; x_wconf 88' lang='lat' dir='ltr'><strong>abominanda</strong></span> <span class='ocrx_word' id='word_1_335' title='bbox 1484 3780 1781 3849; x_wconf 78' lang='lat' dir='ltr'><strong>reptilium,</strong></span> <span class='ocrx_word' id='word_1_336' title='bbox 1803 3788 1859 3834; x_wconf 93' lang='lat' dir='ltr'><strong>et</strong></span> <span class='ocrx_word' id='word_1_337' title='bbox 1896 3778 2063 3834; x_wconf 89' lang='lat' dir='ltr'><strong>multa</strong></span> <span class='ocrx_word' id='word_1_338' title='bbox 2086 3780 2279 3833; x_wconf 82' lang='lat' dir='ltr'><strong>volati-</strong></span> 
     </span>
    </p>
   </div>
   <div class='ocr_carea' id='block_1_56' title="bbox 714 3868 2277 3942">
    <p class='ocr_par' dir='ltr' id='par_1_56' title="bbox 714 3868 2277 3942">
     <span class='ocr_line' id='line_1_56' title="bbox 714 3868 2277 3942; baseline 0.006 -24"><span class='ocrx_word' id='word_1_339' title='bbox 714 3868 845 3920; x_wconf 87' lang='lat' dir='ltr'><strong>lium</strong></span> <span class='ocrx_word' id='word_1_340' title='bbox 878 3885 893 3933; x_wconf 89' lang='lat'><strong>;</strong></span> <span class='ocrx_word' id='word_1_341' title='bbox 925 3869 980 3922; x_wconf 92' lang='lat' dir='ltr'><strong>in</strong></span> <span class='ocrx_word' id='word_1_342' title='bbox 1016 3870 1125 3923; x_wconf 89' lang='lat' dir='ltr'><strong>ictu</strong></span> <span class='ocrx_word' id='word_1_343' title='bbox 1164 3870 1329 3938; x_wconf 84' lang='lat' dir='ltr'><strong>igitur</strong></span> <span class='ocrx_word' id='word_1_344' title='bbox 1359 3871 1501 3925; x_wconf 90' lang='lat' dir='ltr'><strong>oculi</strong></span> <span class='ocrx_word' id='word_1_345' title='bbox 1532 3886 1785 3925; x_wconf 91' lang='lat' dir='ltr'><strong>somnum</strong></span> <span class='ocrx_word' id='word_1_346' title='bbox 1824 3871 1938 3942; x_wconf 87' lang='lat' dir='ltr'><strong>ipse</strong></span> <span class='ocrx_word' id='word_1_347' title='bbox 1963 3871 2126 3941; x_wconf 88' lang='lat' dir='ltr'><strong>capit,</strong></span> <span class='ocrx_word' id='word_1_348' title='bbox 2151 3873 2277 3942; x_wconf 82' lang='lat' dir='ltr'><strong>quia</strong></span> 
     </span>
    </p>
   </div>
   <div class='ocr_carea' id='block_1_57' title="bbox 711 3960 2279 4035">
    <p class='ocr_par' dir='ltr' id='par_1_57' title="bbox 711 3960 2279 4035">
     <span class='ocr_line' id='line_1_57' title="bbox 711 3960 2279 4035; baseline 0.005 -23"><span class='ocrx_word' id='word_1_349' title='bbox 711 3960 1098 4029; x_wconf 80' lang='lat' dir='ltr'><strong>circumspicit,</strong></span> <span class='ocrx_word' id='word_1_350' title='bbox 1163 3977 1230 4017; x_wconf 83' lang='lat' dir='ltr'><strong>ne</strong></span> <span class='ocrx_word' id='word_1_351' title='bbox 1302 3962 1590 4019; x_wconf 88' lang='lat' dir='ltr'><strong>insidiator</strong></span> <span class='ocrx_word' id='word_1_352' title='bbox 1648 3963 1845 4034; x_wconf 86' lang='lat' dir='ltr'><strong>aliquis</strong></span> <span class='ocrx_word' id='word_1_353' title='bbox 1903 3965 1949 4018; x_wconf 92' lang='lat' dir='ltr'><strong>ei</strong></span> <span class='ocrx_word' id='word_1_354' title='bbox 2023 3980 2279 4035; x_wconf 86' lang='lat' dir='ltr'><strong>superve-</strong></span> 
     </span>
    </p>
   </div>
   <div class='ocr_carea' id='block_1_58' title="bbox 711 4050 2279 4127">
    <p class='ocr_par' dir='ltr' id='par_1_58' title="bbox 711 4050 2279 4127">
     <span class='ocr_line' id='line_1_58' title="bbox 711 4050 2279 4127; baseline 0.006 -26"><span class='ocrx_word' id='word_1_355' title='bbox 711 4050 863 4106; x_wconf 83' lang='lat' dir='ltr'><strong>niat:</strong></span> <span class='ocrx_word' id='word_1_356' title='bbox 902 4052 977 4107; x_wconf 89' lang='lat' dir='ltr'><strong>ita</strong></span> <span class='ocrx_word' id='word_1_357' title='bbox 1024 4053 1209 4122; x_wconf 84' lang='lat' dir='ltr'><strong>igitur,</strong></span> <span class='ocrx_word' id='word_1_358' title='bbox 1249 4054 1443 4125; x_wconf 86' lang='lat' dir='ltr'><strong>inquit,</strong></span> <span class='ocrx_word' id='word_1_359' title='bbox 1484 4065 1539 4111; x_wconf 90' lang='lat' dir='ltr'><strong>et</strong></span> <span class='ocrx_word' id='word_1_360' title='bbox 1582 4070 1681 4127; x_wconf 87' lang='lat' dir='ltr'><strong>ego</strong></span> <span class='ocrx_word' id='word_1_361' title='bbox 1710 4071 1860 4111; x_wconf 89' lang='lat' dir='ltr'><strong>eram</strong></span> <span class='ocrx_word' id='word_1_362' title='bbox 1894 4056 2178 4123; x_wconf 87' lang='lat' dir='ltr'><strong>sollicitus,</strong></span> <span class='ocrx_word' id='word_1_363' title='bbox 2210 4071 2279 4111; x_wconf 88' lang='lat' dir='ltr'><strong>ne</strong></span> 
     </span>
    </p>
   </div>
   <div class='ocr_carea' id='block_1_59' title="bbox 712 4140 2191 4210">
    <p class='ocr_par' dir='ltr' id='par_1_59' title="bbox 712 4140 2191 4210">
     <span class='ocr_line' id='line_1_59' title="bbox 712 4140 2191 4210; baseline 0.007 -20"><span class='ocrx_word' id='word_1_364' title='bbox 712 4140 891 4209; x_wconf 76' lang='lat' dir='ltr'><strong>aliqua</strong></span> <span class='ocrx_word' id='word_1_365' title='bbox 920 4141 1354 4198; x_wconf 86' lang='lat' dir='ltr'><strong>adversariarum</strong></span> <span class='ocrx_word' id='word_1_366' title='bbox 1384 4153 1711 4210; x_wconf 69' lang='lat' dir='ltr'><strong>ootestatum</strong></span> <span class='ocrx_word' id='word_1_367' title='bbox 1748 4145 1804 4198; x_wconf 89' lang='lat' dir='ltr'><strong>in</strong></span> <span class='ocrx_word' id='word_1_368' title='bbox 1830 4160 1916 4200; x_wconf 91' lang='lat' dir='ltr'><strong>me</strong></span> <span class='ocrx_word' id='word_1_369' title='bbox 1942 4146 2191 4201; x_wconf 87' lang='lat' dir='ltr'><strong>irrueret.</strong></span> 
     </span>
    </p>
   </div>
   <div class='ocr_carea' id='block_1_60' title="bbox 782 4320 2271 4401">
    <p class='ocr_par' dir='ltr' id='par_1_60' title="bbox 782 4320 2271 4401">
     <span class='ocr_line' id='line_1_60' title="bbox 782 4320 2271 4401; baseline 0.009 -26"><span class='ocrx_word' id='word_1_370' title='bbox 782 4320 867 4376; x_wconf 85' lang='grc'>15.</span> <span class='ocrx_word' id='word_1_371' title='bbox 901 4320 1238 4381; x_wconf 86' lang='lat' dir='ltr'><strong>lncessanter</strong></span> <span class='ocrx_word' id='word_1_372' title='bbox 1266 4328 1539 4387; x_wconf 61' lang='lat' dir='ltr'><strong>damones</strong></span> <span class='ocrx_word' id='word_1_373' title='bbox 1564 4339 1754 4386; x_wconf 87' lang='lat' dir='ltr'><strong>contra</strong></span> <span class='ocrx_word' id='word_1_374' title='bbox 1782 4345 1868 4387; x_wconf 84' lang='lat' dir='ltr'><strong>me</strong></span> <span class='ocrx_word' id='word_1_375' title='bbox 1882 4331 2271 4401; x_wconf 81' lang='lat' dir='ltr'><strong>gloriabantur.</strong></span> 
     </span>
    </p>
   </div>
   <div class='ocr_carea' id='block_1_61' title="bbox 784 4413 2272 4496">
    <p class='ocr_par' dir='ltr' id='par_1_61' title="bbox 784 4413 2272 4496">
     <span class='ocr_line' id='line_1_61' title="bbox 784 4413 2272 4496; baseline 0.01 -28"><span class='ocrx_word' id='word_1_376' title='bbox 784 4413 868 4469; x_wconf 88' lang='grc'>16.</span> <span class='ocrx_word' id='word_1_377' title='bbox 906 4414 972 4471; x_wconf 84' lang='lat' dir='ltr'><strong>Et</strong></span> <span class='ocrx_word' id='word_1_378' title='bbox 1014 4418 1107 4487; x_wconf 89' lang='lat' dir='ltr'><strong>qui</strong></span> <span class='ocrx_word' id='word_1_379' title='bbox 1150 4419 1304 4490; x_wconf 85' lang='lat' dir='ltr'><strong>prius</strong></span> <span class='ocrx_word' id='word_1_380' title='bbox 1346 4422 1653 4491; x_wconf 84' lang='lat' dir='ltr'><strong>gaudebant</strong></span> <span class='ocrx_word' id='word_1_381' title='bbox 1697 4438 1818 4480; x_wconf 87' lang='lat' dir='ltr'><strong>mea</strong></span> <span class='ocrx_word' id='word_1_382' title='bbox 1867 4424 2272 4496; x_wconf 81' lang='lat' dir='ltr'><strong>prodigalitate,</strong></span> 
     </span>
    </p>
   </div>
   <div class='ocr_carea' id='block_1_62' title="bbox 2462 2600 3653 2679">
    <p class='ocr_par' dir='ltr' id='par_1_62' title="bbox 2462 2600 3653 2679">
     <span class='ocr_line' id='line_1_62' title="bbox 2462 2600 3653 2679; baseline 0.009 -26"><span class='ocrx_word' id='word_1_383' title='bbox 2462 2600 2514 2653; x_wconf 91' lang='lat'><strong>8.</strong></span> <span class='ocrx_word' id='word_1_384' title='bbox 2549 2602 2828 2657; x_wconf 81' lang='grc' dir='ltr'><strong>Συνέπεσα</strong></span> <span class='ocrx_word' id='word_1_385' title='bbox 2854 2604 3080 2674; x_wconf 70' lang='grc' dir='ltr'><strong>πληγεὶς</strong></span> <span class='ocrx_word' id='word_1_386' title='bbox 3104 2606 3207 2661; x_wconf 84' lang='grc' dir='ltr'><strong>ὑπὸ</strong></span> <span class='ocrx_word' id='word_1_387' title='bbox 3232 2608 3329 2678; x_wconf 78' lang='grc' dir='ltr'><strong>τῆς</strong></span> <span class='ocrx_word' id='word_1_388' title='bbox 3358 2609 3653 2679; x_wconf 78' lang='grc' dir='ltr'><strong>ἁμαρτίας.</strong></span> 
     </span>
    </p>
   </div>
   <div class='ocr_carea' id='block_1_63' title="bbox 2459 2693 3963 2775">
    <p class='ocr_par' dir='ltr' id='par_1_63' title="bbox 2459 2693 3963 2775">
     <span class='ocr_line' id='line_1_63' title="bbox 2459 2693 3963 2775; baseline 0.009 -28"><span class='ocrx_word' id='word_1_389' title='bbox 2459 2693 2511 2747; x_wconf 87' lang='grc'>9.</span> <span class='ocrx_word' id='word_1_390' title='bbox 2536 2693 2669 2746; x_wconf 81' lang='grc' dir='ltr'><strong>Ἀπὸ</strong></span> <span class='ocrx_word' id='word_1_391' title='bbox 2692 2694 2783 2747; x_wconf 81' lang='grc' dir='ltr'><strong>τοῦ</strong></span> <span class='ocrx_word' id='word_1_392' title='bbox 2806 2695 2963 2767; x_wconf 83' lang='grc' dir='ltr'>χάριν</span> <span class='ocrx_word' id='word_1_393' title='bbox 2987 2697 3061 2767; x_wconf 94' lang='grc'><strong>(1)</strong></span> <span class='ocrx_word' id='word_1_394' title='bbox 3086 2698 3177 2751; x_wconf 75' lang='grc' dir='ltr'><strong>τοῦ</strong></span> <span class='ocrx_word' id='word_1_395' title='bbox 3196 2700 3509 2772; x_wconf 77' lang='grc' dir='ltr'><strong>Πνεύματός</strong></span> <span class='ocrx_word' id='word_1_396' title='bbox 3534 2719 3625 2756; x_wconf 85' lang='grc' dir='ltr'>σου</span> <span class='ocrx_word' id='word_1_397' title='bbox 3652 2704 3727 2775; x_wconf 77' lang='grc' dir='ltr'><strong>μὴ</strong></span> <span class='ocrx_word' id='word_1_398' title='bbox 3751 2702 3886 2760; x_wconf 77' lang='grc' dir='ltr'><strong>εἶναι</strong></span> <span class='ocrx_word' id='word_1_399' title='bbox 3906 2708 3963 2760; x_wconf 74' lang='grc' dir='ltr'><strong>ἐν</strong></span> 
     </span>
    </p>
   </div>
   <div class='ocr_carea' id='block_1_64' title="bbox 2388 2784 2529 2855">
    <p class='ocr_par' dir='ltr' id='par_1_64' title="bbox 2388 2784 2529 2855">
     <span class='ocr_line' id='line_1_64' title="bbox 2388 2784 2529 2855; baseline 0 -18"><span class='ocrx_word' id='word_1_400' title='bbox 2388 2784 2529 2855; x_wconf 69' lang='grc' dir='ltr'><strong>ἐμοὶ.</strong></span> 
     </span>
    </p>
   </div>
   <div class='ocr_carea' id='block_1_65' title="bbox 2463 2879 3871 2963">
    <p class='ocr_par' dir='ltr' id='par_1_65' title="bbox 2463 2879 3871 2963">
     <span class='ocr_line' id='line_1_65' title="bbox 2463 2879 3871 2963; baseline 0.01 -30"><span class='ocrx_word' id='word_1_401' title='bbox 2463 2879 2547 2933; x_wconf 85' lang='grc'>10.</span> <span class='ocrx_word' id='word_1_402' title='bbox 2583 2882 2703 2934; x_wconf 80' lang='grc' dir='ltr'><strong>Ὅτι</strong></span> <span class='ocrx_word' id='word_1_403' title='bbox 2729 2883 2977 2955; x_wconf 76' lang='grc' dir='ltr'><strong>ἠμέλησα</strong></span> <span class='ocrx_word' id='word_1_404' title='bbox 3012 2883 3086 2954; x_wconf 81' lang='grc'><strong>(2)</strong></span> <span class='ocrx_word' id='word_1_405' title='bbox 3124 2886 3353 2957; x_wconf 78' lang='grc' dir='ltr'><strong>μελετᾷν</strong></span> <span class='ocrx_word' id='word_1_406' title='bbox 3384 2888 3443 2940; x_wconf 82' lang='grc' dir='ltr'><strong>ὲν</strong></span> <span class='ocrx_word' id='word_1_407' title='bbox 3468 2888 3546 2959; x_wconf 82' lang='grc' dir='ltr'><strong>τῷ</strong></span> <span class='ocrx_word' id='word_1_408' title='bbox 3577 2892 3731 2963; x_wconf 85' lang='grc' dir='ltr'><strong>νόμῳ</strong></span> <span class='ocrx_word' id='word_1_409' title='bbox 3756 2912 3871 2948; x_wconf 87' lang='grc' dir='ltr'><strong>σου.</strong></span> 
     </span>
    </p>
   </div>
   <div class='ocr_carea' id='block_1_66' title="bbox 2460 2972 3954 3051">
    <p class='ocr_par' dir='ltr' id='par_1_66' title="bbox 2460 2972 3954 3051">
     <span class='ocr_line' id='line_1_66' title="bbox 2460 2972 3954 3051; baseline 0.011 -28"><span class='ocrx_word' id='word_1_410' title='bbox 2460 2972 2546 3024; x_wconf 91' lang='grc'><strong>11.</strong></span> <span class='ocrx_word' id='word_1_411' title='bbox 2589 2972 2720 3025; x_wconf 79' lang='grc' dir='ltr'><strong>’Δπὺ</strong></span> <span class='ocrx_word' id='word_1_412' title='bbox 2770 2972 2861 3026; x_wconf 81' lang='grc' dir='ltr'><strong>τοῦ</strong></span> <span class='ocrx_word' id='word_1_413' title='bbox 2909 2974 3185 3039; x_wconf 73' lang='grc' dir='ltr'><strong>στενάζειν</strong></span> <span class='ocrx_word' id='word_1_414' title='bbox 3232 2993 3299 3046; x_wconf 89' lang='grc' dir='ltr'><strong>με</strong></span> <span class='ocrx_word' id='word_1_415' title='bbox 3341 2976 3638 3051; x_wconf 79' lang='grc' dir='ltr'><strong>ὲξετάκην,</strong></span> <span class='ocrx_word' id='word_1_416' title='bbox 3694 2986 3787 3036; x_wconf 69' lang='grc' dir='ltr'><strong>καὶ</strong></span> <span class='ocrx_word' id='word_1_417' title='bbox 3830 2986 3954 3047; x_wconf 78' lang='grc' dir='ltr'><strong>ὅλως</strong></span> 
     </span>
    </p>
   </div>
   <div class='ocr_carea' id='block_1_67' title="bbox 2389 3062 2811 3133">
    <p class='ocr_par' dir='ltr' id='par_1_67' title="bbox 2389 3062 2811 3133">
     <span class='ocr_line' id='line_1_67' title="bbox 2389 3062 2811 3133; baseline 0.012 -20"><span class='ocrx_word' id='word_1_418' title='bbox 2389 3062 2570 3115; x_wconf 73' lang='grc' dir='ltr'><strong>ὀστέον</strong></span> <span class='ocrx_word' id='word_1_419' title='bbox 2596 3064 2811 3133; x_wconf 77' lang='grc' dir='ltr'><strong>γέγονα.</strong></span> 
     </span>
    </p>
   </div>
   <div class='ocr_carea' id='block_1_68' title="bbox 2459 3147 3955 3234">
    <p class='ocr_par' dir='ltr' id='par_1_68' title="bbox 2459 3147 3955 3234">
     <span class='ocr_line' id='line_1_68' title="bbox 2459 3147 3955 3234; baseline 0.007 -28"><span class='ocrx_word' id='word_1_420' title='bbox 2459 3147 2547 3207; x_wconf 75' lang='grc'><strong>12.</strong></span> <span class='ocrx_word' id='word_1_421' title='bbox 2582 3156 2790 3227; x_wconf 83' lang='grc' dir='ltr'><strong>Ὠσπερ</strong></span> <span class='ocrx_word' id='word_1_422' title='bbox 2810 3159 2838 3209; x_wconf 89' lang='grc' dir='ltr'><strong>ό</strong></span> <span class='ocrx_word' id='word_1_423' title='bbox 2857 3157 3090 3210; x_wconf 72' lang='grc' dir='ltr'><strong>πελεκαν</strong></span> <span class='ocrx_word' id='word_1_424' title='bbox 3114 3156 3190 3229; x_wconf 77' lang='grc'><strong>(5)</strong></span> <span class='ocrx_word' id='word_1_425' title='bbox 3218 3160 3276 3211; x_wconf 79' lang='grc' dir='ltr'><strong>ὲν</strong></span> <span class='ocrx_word' id='word_1_426' title='bbox 3305 3159 3518 3231; x_wconf 74' lang='grc' dir='ltr'><strong>ἀνύδρῳ</strong></span> <span class='ocrx_word' id='word_1_427' title='bbox 3538 3162 3688 3232; x_wconf 84' lang='grc' dir='ltr'><strong>τόπῳ</strong></span> <span class='ocrx_word' id='word_1_428' title='bbox 3716 3163 3955 3234; x_wconf 79' lang='grc' dir='ltr'><strong>εὑρεθεὶς</strong></span> 
     </span>
    </p>
   </div>
   <div class='ocr_carea' id='block_1_69' title="bbox 2383 3245 3951 3327">
    <p class='ocr_par' dir='ltr' id='par_1_69' title="bbox 2383 3245 3951 3327">
     <span class='ocr_line' id='line_1_69' title="bbox 2383 3245 3951 3327; baseline 0.006 -28"><span class='ocrx_word' id='word_1_429' title='bbox 2383 3245 2519 3308; x_wconf 80' lang='grc' dir='ltr'><strong>ὅλως</strong></span> <span class='ocrx_word' id='word_1_430' title='bbox 2547 3248 2943 3317; x_wconf 82' lang='grc' dir='ltr'><strong>κατατήκεται.</strong></span> <span class='ocrx_word' id='word_1_431' title='bbox 2978 3246 3148 3313; x_wconf 76' lang='grc' dir='ltr'><strong>οὕτως</strong></span> <span class='ocrx_word' id='word_1_432' title='bbox 3184 3250 3339 3319; x_wconf 74' lang='grc' dir='ltr'><strong>κάγὼ</strong></span> <span class='ocrx_word' id='word_1_433' title='bbox 3376 3254 3768 3326; x_wconf 81' lang='grc' dir='ltr'><strong>κατανηλώθην</strong></span> <span class='ocrx_word' id='word_1_434' title='bbox 3802 3259 3860 3309; x_wconf 82' lang='grc' dir='ltr'><strong>ὲν</strong></span> <span class='ocrx_word' id='word_1_435' title='bbox 3890 3260 3951 3327; x_wconf 62' lang='grc' dir='ltr'><strong>τῇ</strong></span> 
     </span>
    </p>
   </div>
   <div class='ocr_carea' id='block_1_70' title="bbox 2384 3335 3683 3413">
    <p class='ocr_par' dir='ltr' id='par_1_70' title="bbox 2384 3335 3683 3413">
     <span class='ocr_line' id='line_1_70' title="bbox 2384 3335 3683 3413; baseline 0.008 -26"><span class='ocrx_word' id='word_1_436' title='bbox 2384 3335 2650 3406; x_wconf 79' lang='grc' dir='ltr'><strong>ἁμαρτίᾳ.</strong></span> <span class='ocrx_word' id='word_1_437' title='bbox 2679 3336 2777 3406; x_wconf 82' lang='grc' dir='ltr'><strong>τῆς</strong></span> <span class='ocrx_word' id='word_1_438' title='bbox 2806 3337 3023 3408; x_wconf 79' lang='grc' dir='ltr'><strong>χάριτός</strong></span> <span class='ocrx_word' id='word_1_439' title='bbox 3048 3355 3139 3391; x_wconf 88' lang='grc' dir='ltr'>σου</span> <span class='ocrx_word' id='word_1_440' title='bbox 3173 3339 3247 3409; x_wconf 85' lang='grc' dir='ltr'><strong>μὴ</strong></span> <span class='ocrx_word' id='word_1_441' title='bbox 3281 3338 3447 3408; x_wconf 70' lang='grc' dir='ltr'><strong>οὔσης</strong></span> <span class='ocrx_word' id='word_1_442' title='bbox 3477 3345 3535 3395; x_wconf 81' lang='grc' dir='ltr'><strong>ὲν</strong></span> <span class='ocrx_word' id='word_1_443' title='bbox 3558 3345 3683 3413; x_wconf 69' lang='grc' dir='ltr'><strong>ἐμοί</strong></span> 
     </span>
    </p>
   </div>
   <div class='ocr_carea' id='block_1_71' title="bbox 2454 3427 3954 3499">
    <p class='ocr_par' dir='ltr' id='par_1_71' title="bbox 2454 3427 3954 3499">
     <span class='ocr_line' id='line_1_71' title="bbox 2454 3427 3954 3499; baseline 0.005 -19"><span class='ocrx_word' id='word_1_444' title='bbox 2454 3427 2542 3481; x_wconf 77' lang='grc'>15.</span> <span class='ocrx_word' id='word_1_445' title='bbox 2587 3429 2648 3479; x_wconf 90' lang='lat'><strong>&#39;0</strong></span> <span class='ocrx_word' id='word_1_446' title='bbox 2674 3427 2997 3498; x_wconf 81' lang='grc' dir='ltr'><strong>νυκτικόραξ</strong></span> <span class='ocrx_word' id='word_1_447' title='bbox 3024 3430 3081 3479; x_wconf 84' lang='grc' dir='ltr'><strong>ὲν</strong></span> <span class='ocrx_word' id='word_1_448' title='bbox 3129 3430 3308 3482; x_wconf 81' lang='grc' dir='ltr'><strong>σκότει</strong></span> <span class='ocrx_word' id='word_1_449' title='bbox 3353 3431 3548 3499; x_wconf 81' lang='grc' dir='ltr'><strong>διάγει,</strong></span> <span class='ocrx_word' id='word_1_450' title='bbox 3585 3433 3682 3487; x_wconf 70' lang='grc' dir='ltr'><strong>καὶ</strong></span> <span class='ocrx_word' id='word_1_451' title='bbox 3712 3437 3770 3487; x_wconf 81' lang='grc' dir='ltr'><strong>ὲν</strong></span> <span class='ocrx_word' id='word_1_452' title='bbox 3803 3436 3954 3489; x_wconf 74' lang='grc' dir='ltr'><strong>νυκτὶ</strong></span> 
     </span>
    </p>
   </div>
   <div class='ocr_carea' id='block_1_72' title="bbox 2384 3516 3955 3600">
    <p class='ocr_par' dir='ltr' id='par_1_72' title="bbox 2384 3516 3955 3600">
     <span class='ocr_line' id='line_1_72' title="bbox 2384 3516 3955 3600; baseline 0.008 -30"><span class='ocrx_word' id='word_1_453' title='bbox 2384 3518 2513 3589; x_wconf 76' lang='grc' dir='ltr'><strong>βοᾷ’</strong></span> <span class='ocrx_word' id='word_1_454' title='bbox 2558 3517 2731 3582; x_wconf 68' lang='grc' dir='ltr'><strong>οὕτως</strong></span> <span class='ocrx_word' id='word_1_455' title='bbox 2763 3516 2877 3586; x_wconf 80' lang='grc' dir='ltr'><strong>οὖν,</strong></span> <span class='ocrx_word' id='word_1_456' title='bbox 2910 3520 3086 3589; x_wconf 79' lang='grc' dir='ltr'><strong>λέγει,</strong></span> <span class='ocrx_word' id='word_1_457' title='bbox 3121 3521 3305 3591; x_wconf 75' lang='grc' dir='ltr'><strong>κάγὼ,</strong></span> <span class='ocrx_word' id='word_1_458' title='bbox 3337 3523 3395 3574; x_wconf 80' lang='grc' dir='ltr'><strong>ὲν</strong></span> <span class='ocrx_word' id='word_1_459' title='bbox 3432 3525 3612 3578; x_wconf 83' lang='grc' dir='ltr'><strong>σκότει</strong></span> <span class='ocrx_word' id='word_1_460' title='bbox 3647 3528 3747 3597; x_wconf 74' lang='grc' dir='ltr'><strong>τῆς</strong></span> <span class='ocrx_word' id='word_1_461' title='bbox 3783 3530 3955 3600; x_wconf 74' lang='grc' dir='ltr'><strong>ἀμαρο</strong></span> 
     </span>
    </p>
   </div>
   <div class='ocr_carea' id='block_1_73' title="bbox 2380 3609 3243 3683">
    <p class='ocr_par' dir='ltr' id='par_1_73' title="bbox 2380 3609 3243 3683">
     <span class='ocr_line' id='line_1_73' title="bbox 2380 3609 3243 3683; baseline 0.006 -21"><span class='ocrx_word' id='word_1_462' title='bbox 2380 3610 2501 3672; x_wconf 80' lang='grc' dir='ltr'><strong>τίας</strong></span> <span class='ocrx_word' id='word_1_463' title='bbox 2523 3609 2619 3675; x_wconf 85' lang='grc' dir='ltr'><strong>ὢν,</strong></span> <span class='ocrx_word' id='word_1_464' title='bbox 2652 3611 2971 3683; x_wconf 78' lang='grc' dir='ltr'><strong>ὀδυρόμενος</strong></span> <span class='ocrx_word' id='word_1_465' title='bbox 3238 3631 3243 3636; x_wconf 81' lang='grc'><strong>’</strong></span> 
     </span>
    </p>
   </div>
   <div class='ocr_carea' id='block_1_74' title="bbox 2454 3703 3954 3781">
    <p class='ocr_par' dir='ltr' id='par_1_74' title="bbox 2454 3703 3954 3781">
     <span class='ocr_line' id='line_1_74' title="bbox 2454 3703 3954 3781; baseline 0.006 -24"><span class='ocrx_word' id='word_1_466' title='bbox 2454 3704 2540 3757; x_wconf 73' lang='grc'>14.</span> <span class='ocrx_word' id='word_1_467' title='bbox 2576 3703 2811 3767; x_wconf 80' lang='grc' dir='ltr'><strong>Πολλοὺς</strong></span> <span class='ocrx_word' id='word_1_468' title='bbox 2858 3705 3177 3770; x_wconf 76' lang='grc' dir='ltr'><strong>ἐπιϐούλους</strong></span> <span class='ocrx_word' id='word_1_469' title='bbox 3224 3707 3336 3777; x_wconf 79' lang='grc' dir='ltr'><strong>ἔχει</strong></span> <span class='ocrx_word' id='word_1_470' title='bbox 3387 3709 3447 3762; x_wconf 84' lang='grc' dir='ltr'><strong>τὸ</strong></span> <span class='ocrx_word' id='word_1_471' title='bbox 3492 3713 3811 3781; x_wconf 72' lang='grc' dir='ltr'><strong>στρουθίον,</strong></span> <span class='ocrx_word' id='word_1_472' title='bbox 3864 3715 3954 3766; x_wconf 75' lang='grc' dir='ltr'><strong>τὸν</strong></span> 
     </span>
    </p>
   </div>
   <div class='ocr_carea' id='block_1_75' title="bbox 2380 3794 3948 3871">
    <p class='ocr_par' dir='ltr' id='par_1_75' title="bbox 2380 3794 3948 3871">
     <span class='ocr_line' id='line_1_75' title="bbox 2380 3794 3948 3871; baseline 0.008 -25"><span class='ocrx_word' id='word_1_473' title='bbox 2380 3794 2535 3863; x_wconf 68' lang='grc' dir='ltr'><strong>ὅφιν,</strong></span> <span class='ocrx_word' id='word_1_474' title='bbox 2562 3796 2656 3848; x_wconf 76' lang='grc' dir='ltr'><strong>καὶ</strong></span> <span class='ocrx_word' id='word_1_475' title='bbox 2694 3795 2763 3849; x_wconf 78' lang='grc' dir='ltr'><strong>τὰ.</strong></span> <span class='ocrx_word' id='word_1_476' title='bbox 2811 3799 3030 3867; x_wconf 79' lang='grc' dir='ltr'><strong>μυσαρὰ</strong></span> <span class='ocrx_word' id='word_1_477' title='bbox 3069 3798 3177 3852; x_wconf 80' lang='grc' dir='ltr'><strong>τῶν</strong></span> <span class='ocrx_word' id='word_1_478' title='bbox 3218 3800 3480 3871; x_wconf 76' lang='grc' dir='ltr'><strong>ἑρπετῶν,</strong></span> <span class='ocrx_word' id='word_1_479' title='bbox 3508 3804 3601 3855; x_wconf 78' lang='grc' dir='ltr'><strong>καὶ</strong></span> <span class='ocrx_word' id='word_1_480' title='bbox 3649 3804 3819 3858; x_wconf 79' lang='grc' dir='ltr'><strong>πολλὰ</strong></span> <span class='ocrx_word' id='word_1_481' title='bbox 3848 3807 3948 3858; x_wconf 78' lang='grc' dir='ltr'><strong>τῶν</strong></span> 
     </span>
    </p>
   </div>
   <div class='ocr_carea' id='block_1_76' title="bbox 2380 3883 3951 3960">
    <p class='ocr_par' dir='ltr' id='par_1_76' title="bbox 2380 3883 3951 3960">
     <span class='ocr_line' id='line_1_76' title="bbox 2380 3883 3951 3960; baseline 0.01 -24"><span class='ocrx_word' id='word_1_482' title='bbox 2380 3884 2671 3937; x_wconf 67' lang='grc' dir='ltr'><strong>πετεινῶν⁹</strong></span> <span class='ocrx_word' id='word_1_483' title='bbox 2716 3886 2772 3939; x_wconf 74' lang='grc' dir='ltr'><strong>ἐν</strong></span> <span class='ocrx_word' id='word_1_484' title='bbox 2806 3889 2937 3958; x_wconf 72' lang='grc' dir='ltr'><strong>ῥιπῇ</strong></span> <span class='ocrx_word' id='word_1_485' title='bbox 2971 3883 3064 3941; x_wconf 79' lang='grc' dir='ltr'><strong>οὖν</strong></span> <span class='ocrx_word' id='word_1_486' title='bbox 3095 3889 3372 3960; x_wconf 72' lang='grc' dir='ltr'><strong>ὀφθαλμοῦ</strong></span> <span class='ocrx_word' id='word_1_487' title='bbox 3406 3894 3551 3946; x_wconf 75' lang='grc' dir='ltr'><strong>ἐστιν</strong></span> <span class='ocrx_word' id='word_1_488' title='bbox 3582 3896 3610 3947; x_wconf 89' lang='grc' dir='ltr'><strong>ό</strong></span> <span class='ocrx_word' id='word_1_489' title='bbox 3656 3895 3823 3960; x_wconf 79' lang='grc' dir='ltr'><strong>ὕπνος</strong></span> <span class='ocrx_word' id='word_1_490' title='bbox 3860 3901 3951 3951; x_wconf 71' lang='grc' dir='ltr'><strong>αὖ·</strong></span> 
     </span>
    </p>
   </div>
   <div class='ocr_carea' id='block_1_77' title="bbox 2377 3975 3945 4053">
    <p class='ocr_par' dir='ltr' id='par_1_77' title="bbox 2377 3975 3945 4053">
     <span class='ocr_line' id='line_1_77' title="bbox 2377 3975 3945 4053; baseline 0.009 -26"><span class='ocrx_word' id='word_1_491' title='bbox 2377 3975 2493 4038; x_wconf 81' lang='grc' dir='ltr'><strong>τοῦ,</strong></span> <span class='ocrx_word' id='word_1_492' title='bbox 2527 3975 2612 4028; x_wconf 72' lang='grc' dir='ltr'><strong>διὰ</strong></span> <span class='ocrx_word' id='word_1_493' title='bbox 2639 3976 2700 4029; x_wconf 80' lang='grc' dir='ltr'><strong>τὸ</strong></span> <span class='ocrx_word' id='word_1_494' title='bbox 2744 3977 3164 4048; x_wconf 77' lang='grc' dir='ltr'><strong>περιϐλέπεσθαι</strong></span> <span class='ocrx_word' id='word_1_495' title='bbox 3192 3980 3323 4034; x_wconf 77' lang='grc' dir='ltr'><strong>αὐτὸ</strong></span> <span class='ocrx_word' id='word_1_496' title='bbox 3362 3984 3435 4053; x_wconf 83' lang='grc' dir='ltr'><strong>μή</strong></span> <span class='ocrx_word' id='word_1_497' title='bbox 3468 4001 3552 4047; x_wconf 85' lang='grc' dir='ltr'><strong>τις</strong></span> <span class='ocrx_word' id='word_1_498' title='bbox 3579 3986 3690 4037; x_wconf 82' lang='grc' dir='ltr'><strong>τῶν</strong></span> <span class='ocrx_word' id='word_1_499' title='bbox 3730 3989 3945 4042; x_wconf 59' lang='lat' dir='ltr'><strong>inﬁmi-</strong></span> 
     </span>
    </p>
   </div>
   <div class='ocr_carea' id='block_1_78' title="bbox 2378 4064 3949 4147">
    <p class='ocr_par' dir='ltr' id='par_1_78' title="bbox 2378 4064 3949 4147">
     <span class='ocr_line' id='line_1_78' title="bbox 2378 4064 3949 4147; baseline 0.01 -31"><span class='ocrx_word' id='word_1_500' title='bbox 2378 4064 2485 4118; x_wconf 85' lang='grc' dir='ltr'><strong>λων</strong></span> <span class='ocrx_word' id='word_1_501' title='bbox 2515 4064 2590 4134; x_wconf 76' lang='grc'><strong>(4)</strong></span> <span class='ocrx_word' id='word_1_502' title='bbox 2626 4064 2841 4136; x_wconf 76' lang='grc' dir='ltr'><strong>ἔρχεται</strong></span> <span class='ocrx_word' id='word_1_503' title='bbox 2884 4068 2971 4121; x_wconf 74' lang='grc' dir='ltr'><strong>ἐπ’</strong></span> <span class='ocrx_word' id='word_1_504' title='bbox 3014 4069 3195 4140; x_wconf 81' lang='grc' dir='ltr'><strong>αὐτῷ·</strong></span> <span class='ocrx_word' id='word_1_505' title='bbox 3237 4070 3409 4135; x_wconf 74' lang='grc' dir='ltr'><strong>οὕτως</strong></span> <span class='ocrx_word' id='word_1_506' title='bbox 3454 4069 3567 4139; x_wconf 76' lang='grc' dir='ltr'><strong>οὖν,</strong></span> <span class='ocrx_word' id='word_1_507' title='bbox 3594 4074 3767 4145; x_wconf 77' lang='grc' dir='ltr'><strong>λέγει,</strong></span> <span class='ocrx_word' id='word_1_508' title='bbox 3800 4080 3949 4147; x_wconf 75' lang='grc' dir='ltr'><strong>κάγὼ</strong></span> 
     </span>
    </p>
   </div>
   <div class='ocr_carea' id='block_1_79' title="bbox 2378 4157 3947 4235">
    <p class='ocr_par' dir='ltr' id='par_1_79' title="bbox 2378 4157 3947 4235">
     <span class='ocr_line' id='line_1_79' title="bbox 2378 4157 3947 4235; baseline 0.009 -28"><span class='ocrx_word' id='word_1_509' title='bbox 2378 4157 2525 4227; x_wconf 69' lang='grc' dir='ltr'><strong>ἢμην</strong></span> <span class='ocrx_word' id='word_1_510' title='bbox 2553 4158 2849 4228; x_wconf 82' lang='grc' dir='ltr'><strong>μεριμνῶν,</strong></span> <span class='ocrx_word' id='word_1_511' title='bbox 2888 4161 2961 4230; x_wconf 82' lang='grc' dir='ltr'><strong>μή</strong></span> <span class='ocrx_word' id='word_1_512' title='bbox 3008 4178 3091 4224; x_wconf 77' lang='grc' dir='ltr'><strong>τις</strong></span> <span class='ocrx_word' id='word_1_513' title='bbox 3124 4162 3385 4235; x_wconf 76' lang='grc' dir='ltr'><strong>ἐπιρῤίψῃ</strong></span> <span class='ocrx_word' id='word_1_514' title='bbox 3428 4182 3517 4235; x_wconf 88' lang='grc' dir='ltr'><strong>μοι</strong></span> <span class='ocrx_word' id='word_1_515' title='bbox 3556 4168 3666 4220; x_wconf 83' lang='grc' dir='ltr'><strong>τῶν</strong></span> <span class='ocrx_word' id='word_1_516' title='bbox 3692 4171 3947 4223; x_wconf 75' lang='grc' dir='ltr'><strong>ἐναντίων</strong></span> 
     </span>
    </p>
   </div>
   <div class='ocr_carea' id='block_1_80' title="bbox 2378 4247 2676 4318">
    <p class='ocr_par' dir='ltr' id='par_1_80' title="bbox 2378 4247 2676 4318">
     <span class='ocr_line' id='line_1_80' title="bbox 2378 4247 2676 4318; baseline 0.003 -19"><span class='ocrx_word' id='word_1_517' title='bbox 2378 4247 2676 4318; x_wconf 74' lang='grc' dir='ltr'><strong>δυνάμεων.</strong></span> 
     </span>
    </p>
   </div>
   <div class='ocr_carea' id='block_1_81' title="bbox 2449 4340 3940 4423">
    <p class='ocr_par' dir='ltr' id='par_1_81' title="bbox 2449 4340 3940 4423">
     <span class='ocr_line' id='line_1_81' title="bbox 2449 4340 3940 4423; baseline 0.009 -30"><span class='ocrx_word' id='word_1_518' title='bbox 2449 4340 2536 4394; x_wconf 85' lang='grc'>15.</span> <span class='ocrx_word' id='word_1_519' title='bbox 2562 4342 2879 4407; x_wconf 76' lang='grc' dir='ltr'><strong>Ἀπαὺο-τως</strong></span> <span class='ocrx_word' id='word_1_520' title='bbox 2903 4344 2953 4396; x_wconf 79' lang='grc' dir='ltr'><strong>οἱ</strong></span> <span class='ocrx_word' id='word_1_521' title='bbox 2978 4343 3226 4415; x_wconf 83' lang='grc' dir='ltr'><strong>δαίμονες</strong></span> <span class='ocrx_word' id='word_1_522' title='bbox 3261 4351 3679 4421; x_wconf 83' lang='grc' dir='ltr'><strong>κατεκαυχῶντό</strong></span> <span class='ocrx_word' id='word_1_523' title='bbox 3710 4371 3815 4423; x_wconf 86' lang='grc' dir='ltr'>μου</span> <span class='ocrx_word' id='word_1_524' title='bbox 3851 4355 3940 4423; x_wconf 73' lang='lat'><strong>(5).</strong></span> 
     </span>
    </p>
   </div>
   <div class='ocr_carea' id='block_1_82' title="bbox 2450 4434 3945 4517">
    <p class='ocr_par' dir='ltr' id='par_1_82' title="bbox 2450 4434 3945 4517">
     <span class='ocr_line' id='line_1_82' title="bbox 2450 4434 3945 4517; baseline 0.008 -29"><span class='ocrx_word' id='word_1_525' title='bbox 2450 4434 2535 4488; x_wconf 85' lang='grc'>16.</span> <span class='ocrx_word' id='word_1_526' title='bbox 2568 4436 2678 4489; x_wconf 73' lang='grc' dir='ltr'><strong>Καὶ</strong></span> <span class='ocrx_word' id='word_1_527' title='bbox 2717 4438 2767 4488; x_wconf 78' lang='grc' dir='ltr'><strong>οι</strong></span> <span class='ocrx_word' id='word_1_528' title='bbox 2798 4438 2857 4489; x_wconf 83' lang='grc' dir='ltr'><strong>τὸ</strong></span> <span class='ocrx_word' id='word_1_529' title='bbox 2886 4438 3146 4509; x_wconf 86' lang='grc' dir='ltr'><strong>πρότερον</strong></span> <span class='ocrx_word' id='word_1_530' title='bbox 3191 4442 3475 4512; x_wconf 80' lang='grc' dir='ltr'><strong>χαίροντες</strong></span> <span class='ocrx_word' id='word_1_531' title='bbox 3512 4444 3604 4497; x_wconf 65' lang='grc' dir='ltr'><strong>ἐπὶ</strong></span> <span class='ocrx_word' id='word_1_532' title='bbox 3645 4448 3710 4517; x_wconf 79' lang='grc' dir='ltr'><strong>τῇ</strong></span> <span class='ocrx_word' id='word_1_533' title='bbox 3742 4447 3945 4516; x_wconf 73' lang='grc' dir='ltr'><strong>ἀσωτία</strong></span> 
     </span>
    </p>
   </div>
   <div class='ocr_carea' id='block_1_83' title="bbox 709 4506 2399 4609">
    <p class='ocr_par' dir='ltr' id='par_1_83' title="bbox 709 4506 2399 4598">
     <span class='ocr_line' id='line_1_83' title="bbox 709 4506 2399 4598; baseline 0.011 -41"><span class='ocrx_word' id='word_1_534' title='bbox 709 4516 829 4574; x_wconf 73' lang='lat' dir='ltr'><strong>poSt</strong></span> <span class='ocrx_word' id='word_1_535' title='bbox 859 4506 974 4562; x_wconf 59' lang='lat' dir='ltr'><strong>hac</strong></span> <span class='ocrx_word' id='word_1_536' title='bbox 1010 4522 1094 4564; x_wconf 83' lang='lat' dir='ltr'><strong>me</strong></span> <span class='ocrx_word' id='word_1_537' title='bbox 1122 4509 1419 4566; x_wconf 85' lang='lat' dir='ltr'><strong>irridebant</strong></span> <span class='ocrx_word' id='word_1_538' title='bbox 1447 4510 1709 4580; x_wconf 77' lang='lat' dir='ltr'><strong>dicentes,</strong></span> <span class='ocrx_word' id='word_1_539' title='bbox 1752 4530 1820 4571; x_wconf 89' lang='lat' dir='ltr'><strong>ne</strong></span> <span class='ocrx_word' id='word_1_540' title='bbox 1850 4514 1920 4570; x_wconf 89' lang='lat' dir='ltr'><strong>ita</strong></span> <span class='ocrx_word' id='word_1_541' title='bbox 1962 4514 2109 4584; x_wconf 78' lang='lat' dir='ltr'><strong>llam,</strong></span> <span class='ocrx_word' id='word_1_542' title='bbox 2152 4522 2272 4572; x_wconf 80' lang='lat' dir='ltr'><strong>tan-</strong></span> <span class='ocrx_word' id='word_1_543' title='bbox 2304 4534 2348 4588; x_wconf 78' lang='grc' dir='ltr'>ο</span> <span class='ocrx_word' id='word_1_544' title='bbox 2381 4544 2399 4598; x_wconf 60' lang='grc' dir='ltr'><strong>ι</strong></span> 
     </span>
    </p>
   </div>
   <div class='ocr_carea' id='block_1_84' title="bbox 2372 4506 3943 4609">
    <p class='ocr_par' dir='ltr' id='par_1_84' title="bbox 2381 4506 3943 4609">
     <span class='ocr_line' id='line_1_84' title="bbox 2381 4506 3943 4609; baseline 0.01 -31"><span class='ocrx_word' id='word_1_545' title='bbox 2381 4543 2503 4598; x_wconf 86' lang='grc' dir='ltr'><strong>μου,</strong></span> <span class='ocrx_word' id='word_1_546' title='bbox 2533 4525 2672 4598; x_wconf 84' lang='grc' dir='ltr'><strong>μετὰ</strong></span> <span class='ocrx_word' id='word_1_547' title='bbox 2697 4526 2868 4581; x_wconf 85' lang='grc' dir='ltr'><strong>ταῦτα</strong></span> <span class='ocrx_word' id='word_1_548' title='bbox 2896 4506 3333 4601; x_wconf 26' lang='grc' dir='ltr'><strong>κατεγέλωννμου</strong></span> <span class='ocrx_word' id='word_1_549' title='bbox 3355 4532 3624 4602; x_wconf 83' lang='grc' dir='ltr'><strong>λέγοντες·</strong></span> <span class='ocrx_word' id='word_1_550' title='bbox 3657 4506 3846 4601; x_wconf 48' lang='grc' dir='ltr'><strong>όῖτως</strong></span> <span class='ocrx_word' id='word_1_551' title='bbox 3874 4506 3943 4609; x_wconf 56' lang='grc' dir='ltr'><strong>μέ]</strong></span> 
     </span>
    </p>
   </div>
   <div class='ocr_carea' id='block_1_85' title="bbox 708 4597 1025 4664">
    <p class='ocr_par' dir='ltr' id='par_1_85' title="bbox 708 4597 1025 4664">
     <span class='ocr_line' id='line_1_85' title="bbox 708 4597 1025 4664; baseline 0.009 -16"><span class='ocrx_word' id='word_1_552' title='bbox 708 4612 871 4664; x_wconf 88' lang='lat' dir='ltr'><strong>quam</strong></span> <span class='ocrx_word' id='word_1_553' title='bbox 899 4597 1025 4653; x_wconf 89' lang='lat' dir='ltr'><strong>iste.</strong></span> 
     </span>
    </p>
   </div>
   <div class='ocr_carea' id='block_1_86' title="bbox 780 4683 1468 4756">
    <p class='ocr_par' dir='ltr' id='par_1_86' title="bbox 780 4683 1468 4756">
     <span class='ocr_line' id='line_1_86' title="bbox 780 4683 1468 4756; baseline 0.015 -21"><span class='ocrx_word' id='word_1_554' title='bbox 780 4683 865 4737; x_wconf 86' lang='grc'>17.</span> <span class='ocrx_word' id='word_1_555' title='bbox 900 4686 957 4740; x_wconf 83' lang='grc' dir='ltr'>1η</span> <span class='ocrx_word' id='word_1_556' title='bbox 982 4686 1299 4756; x_wconf 70' lang='lat' dir='ltr'><strong>paenitentia</strong></span> <span class='ocrx_word' id='word_1_557' title='bbox 1328 4706 1468 4745; x_wconf 86' lang='lat' dir='ltr'><strong>mea.</strong></span> 
     </span>
    </p>
   </div>
   <div class='ocr_carea' id='block_1_87' title="bbox 782 4774 2272 4857">
    <p class='ocr_par' dir='ltr' id='par_1_87' title="bbox 782 4774 2272 4857">
     <span class='ocr_line' id='line_1_87' title="bbox 782 4774 2272 4857; baseline 0.009 -29"><span class='ocrx_word' id='word_1_558' title='bbox 782 4774 866 4830; x_wconf 84' lang='grc'>18.</span> <span class='ocrx_word' id='word_1_559' title='bbox 911 4776 1225 4835; x_wconf 80' lang='lat' dir='ltr'><strong>Deﬂuebant</strong></span> <span class='ocrx_word' id='word_1_560' title='bbox 1269 4781 1522 4852; x_wconf 73' lang='lat' dir='ltr'><strong>lacryma:</strong></span> <span class='ocrx_word' id='word_1_561' title='bbox 1565 4801 1699 4841; x_wconf 71' lang='lat' dir='ltr'><strong>mea:</strong></span> <span class='ocrx_word' id='word_1_562' title='bbox 1733 4785 1788 4840; x_wconf 89' lang='lat' dir='ltr'><strong>in</strong></span> <span class='ocrx_word' id='word_1_563' title='bbox 1838 4794 2024 4857; x_wconf 86' lang='lat' dir='ltr'><strong>potum</strong></span> <span class='ocrx_word' id='word_1_564' title='bbox 2066 4802 2272 4855; x_wconf 89' lang='lat' dir='ltr'><strong>meum,</strong></span> 
     </span>
    </p>
   </div>
   <div class='ocr_carea' id='block_1_88' title="bbox 709 4867 1130 4924">
    <p class='ocr_par' dir='ltr' id='par_1_88' title="bbox 709 4867 1130 4924">
     <span class='ocr_line' id='line_1_88' title="bbox 709 4867 1130 4924; baseline 0.012 -6"><span class='ocrx_word' id='word_1_565' title='bbox 709 4882 830 4919; x_wconf 76' lang='lat' dir='ltr'><strong>eum</strong></span> <span class='ocrx_word' id='word_1_566' title='bbox 858 4867 1130 4924; x_wconf 79' lang='lat' dir='ltr'><strong>bibebam.</strong></span> 
     </span>
    </p>
   </div>
   <div class='ocr_carea' id='block_1_89' title="bbox 781 4958 2023 5034">
    <p class='ocr_par' dir='ltr' id='par_1_89' title="bbox 781 4958 2023 5034">
     <span class='ocr_line' id='line_1_89' title="bbox 781 4958 2023 5034; baseline 0.011 -23"><span class='ocrx_word' id='word_1_567' title='bbox 781 4958 867 5012; x_wconf 79' lang='lat' dir='ltr'><strong>t9.</strong></span> <span class='ocrx_word' id='word_1_568' title='bbox 896 4958 1033 5024; x_wconf 88' lang='lat' dir='ltr'><strong>Quia</strong></span> <span class='ocrx_word' id='word_1_569' title='bbox 1067 4964 1317 5032; x_wconf 78' lang='lat' dir='ltr'><strong>cognmi,</strong></span> <span class='ocrx_word' id='word_1_570' title='bbox 1350 4965 1494 5034; x_wconf 88' lang='lat' dir='ltr'><strong>quod</strong></span> <span class='ocrx_word' id='word_1_571' title='bbox 1522 4977 1802 5023; x_wconf 84' lang='lat' dir='ltr'><strong>aversatus</strong></span> <span class='ocrx_word' id='word_1_572' title='bbox 1830 4984 1889 5024; x_wconf 83' lang='lat' dir='ltr'><strong>es</strong></span> <span class='ocrx_word' id='word_1_573' title='bbox 1920 4985 2023 5024; x_wconf 90' lang='lat' dir='ltr'><strong>me.</strong></span> 
     </span>
    </p>
   </div>
   <div class='ocr_carea' id='block_1_90' title="bbox 776 5046 1714 5121">
    <p class='ocr_par' dir='ltr' id='par_1_90' title="bbox 776 5046 1714 5121">
     <span class='ocr_line' id='line_1_90' title="bbox 776 5046 1714 5121; baseline 0.011 -22"><span class='ocrx_word' id='word_1_574' title='bbox 776 5046 864 5100; x_wconf 75' lang='lat'><strong>9.0.</strong></span> <span class='ocrx_word' id='word_1_575' title='bbox 903 5047 967 5103; x_wconf 87' lang='lat' dir='ltr'><strong>Et</strong></span> <span class='ocrx_word' id='word_1_576' title='bbox 995 5051 1140 5120; x_wconf 86' lang='lat' dir='ltr'><strong>quod</strong></span> <span class='ocrx_word' id='word_1_577' title='bbox 1173 5052 1451 5121; x_wconf 73' lang='lat' dir='ltr'><strong>proiecisti</strong></span> <span class='ocrx_word' id='word_1_578' title='bbox 1484 5070 1567 5109; x_wconf 89' lang='lat' dir='ltr'><strong>me</strong></span> <span class='ocrx_word' id='word_1_579' title='bbox 1589 5071 1616 5109; x_wconf 89' lang='lat' dir='ltr'><strong>a</strong></span> <span class='ocrx_word' id='word_1_580' title='bbox 1644 5066 1714 5111; x_wconf 90' lang='lat' dir='ltr'><strong>te.</strong></span> 
     </span>
    </p>
   </div>
   <div class='ocr_carea' id='block_1_91' title="bbox 774 5140 2275 5223">
    <p class='ocr_par' dir='ltr' id='par_1_91' title="bbox 774 5140 2275 5223">
     <span class='ocr_line' id='line_1_91' title="bbox 774 5140 2275 5223; baseline 0.011 -32"><span class='ocrx_word' id='word_1_581' title='bbox 774 5140 867 5207; x_wconf 80' lang='lat' dir='ltr'><strong>2i,</strong></span> <span class='ocrx_word' id='word_1_582' title='bbox 895 5140 989 5194; x_wconf 71' lang='grc'><strong>22.</strong></span> <span class='ocrx_word' id='word_1_583' title='bbox 1014 5141 1089 5196; x_wconf 86' lang='lat' dir='ltr'><strong>Eo</strong></span> <span class='ocrx_word' id='word_1_584' title='bbox 1115 5144 1257 5213; x_wconf 87' lang='lat' dir='ltr'><strong>quod</strong></span> <span class='ocrx_word' id='word_1_585' title='bbox 1285 5158 1391 5199; x_wconf 85' lang='lat' dir='ltr'><strong>nun</strong></span> <span class='ocrx_word' id='word_1_586' title='bbox 1422 5146 1675 5202; x_wconf 79' lang='lat' dir='ltr'><strong>haberem</strong></span> <span class='ocrx_word' id='word_1_587' title='bbox 1708 5148 2090 5218; x_wconf 77' lang='lat' dir='ltr'><strong>pinguedinem</strong></span> <span class='ocrx_word' id='word_1_588' title='bbox 2121 5167 2275 5223; x_wconf 62' lang='lat' dir='ltr'><strong>aqua:</strong></span> 
     </span>
    </p>
   </div>
   <div class='ocr_carea' id='block_1_92' title="bbox 708 5231 1031 5296">
    <p class='ocr_par' dir='ltr' id='par_1_92' title="bbox 708 5231 1031 5296">
     <span class='ocr_line' id='line_1_92' title="bbox 708 5231 1031 5296; baseline 0.009 -13"><span class='ocrx_word' id='word_1_589' title='bbox 708 5231 892 5296; x_wconf 72' lang='lat' dir='ltr'><strong>gratia:</strong></span> <span class='ocrx_word' id='word_1_590' title='bbox 927 5243 1031 5287; x_wconf 65' lang='lat' dir='ltr'><strong>tuae</strong></span> 
     </span>
    </p>
   </div>
   <div class='ocr_carea' id='block_1_93' title="bbox 772 5322 1243 5381">
    <p class='ocr_par' dir='ltr' id='par_1_93' title="bbox 772 5322 1243 5381">
     <span class='ocr_line' id='line_1_93' title="bbox 772 5322 1243 5381; baseline 0.015 -6"><span class='ocrx_word' id='word_1_591' title='bbox 772 5322 865 5378; x_wconf 75' lang='grc'><strong>23.</strong></span> <span class='ocrx_word' id='word_1_592' title='bbox 899 5323 1243 5381; x_wconf 81' lang='lat' dir='ltr'><strong>Immortalis.</strong></span> 
     </span>
    </p>
   </div>
   <div class='ocr_carea' id='block_1_94' title="bbox 2371 4612 2947 4689">
    <p class='ocr_par' dir='ltr' id='par_1_94' title="bbox 2371 4612 2947 4689">
     <span class='ocr_line' id='line_1_94' title="bbox 2371 4612 2947 4689; baseline 0.009 -19"><span class='ocrx_word' id='word_1_593' title='bbox 2371 4618 2636 4689; x_wconf 80' lang='grc' dir='ltr'><strong>γένωμαι.</strong></span> <span class='ocrx_word' id='word_1_594' title='bbox 2668 4619 2743 4683; x_wconf 84' lang='grc' dir='ltr'><strong>ὡς</strong></span> <span class='ocrx_word' id='word_1_595' title='bbox 2774 4612 2947 4684; x_wconf 75' lang='grc' dir='ltr'><strong>οὗτος.</strong></span> 
     </span>
    </p>
   </div>
   <div class='ocr_carea' id='block_1_95' title="bbox 2445 4708 3206 4781">
    <p class='ocr_par' dir='ltr' id='par_1_95' title="bbox 2445 4708 3206 4781">
     <span class='ocr_line' id='line_1_95' title="bbox 2445 4708 3206 4781; baseline 0.008 -20"><span class='ocrx_word' id='word_1_596' title='bbox 2445 4708 2531 4761; x_wconf 86' lang='grc'>17.</span> <span class='ocrx_word' id='word_1_597' title='bbox 2568 4708 2657 4760; x_wconf 84' lang='grc' dir='ltr'><strong>Ἐν</strong></span> <span class='ocrx_word' id='word_1_598' title='bbox 2688 4711 2753 4779; x_wconf 77' lang='grc' dir='ltr'><strong>τῇ</strong></span> <span class='ocrx_word' id='word_1_599' title='bbox 2794 4711 3046 4781; x_wconf 78' lang='grc' dir='ltr'><strong>μετανοίᾳ</strong></span> <span class='ocrx_word' id='word_1_600' title='bbox 3084 4728 3206 4781; x_wconf 85' lang='grc' dir='ltr'><strong>μου.</strong></span> 
     </span>
    </p>
   </div>
   <div class='ocr_carea' id='block_1_96' title="bbox 2448 4799 3939 4882">
    <p class='ocr_par' dir='ltr' id='par_1_96' title="bbox 2448 4799 3939 4882">
     <span class='ocr_line' id='line_1_96' title="bbox 2448 4799 3939 4882; baseline 0.007 -29"><span class='ocrx_word' id='word_1_601' title='bbox 2448 4799 2528 4853; x_wconf 82' lang='grc'>18.</span> <span class='ocrx_word' id='word_1_602' title='bbox 2562 4800 2835 4872; x_wconf 80' lang='grc' dir='ltr'><strong>Κατέρῤει</strong></span> <span class='ocrx_word' id='word_1_603' title='bbox 2880 4801 2946 4854; x_wconf 81' lang='grc' dir='ltr'><strong>τὰ</strong></span> <span class='ocrx_word' id='word_1_604' title='bbox 2991 4802 3200 4874; x_wconf 83' lang='grc' dir='ltr'><strong>δάκρυά</strong></span> <span class='ocrx_word' id='word_1_605' title='bbox 3235 4821 3337 4875; x_wconf 86' lang='grc' dir='ltr'><strong>μου</strong></span> <span class='ocrx_word' id='word_1_606' title='bbox 3380 4809 3438 4860; x_wconf 83' lang='grc' dir='ltr'><strong>ὲν</strong></span> <span class='ocrx_word' id='word_1_607' title='bbox 3473 4807 3552 4879; x_wconf 82' lang='grc' dir='ltr'><strong>τῷ</strong></span> <span class='ocrx_word' id='word_1_608' title='bbox 3582 4808 3795 4879; x_wconf 77' lang='grc' dir='ltr'><strong>πόματί</strong></span> <span class='ocrx_word' id='word_1_609' title='bbox 3825 4829 3939 4882; x_wconf 82' lang='grc' dir='ltr'><strong>μου,</strong></span> 
     </span>
    </p>
   </div>
   <div class='ocr_carea' id='block_1_97' title="bbox 2372 4887 2678 4950">
    <p class='ocr_par' dir='ltr' id='par_1_97' title="bbox 2372 4887 2678 4950">
     <span class='ocr_line' id='line_1_97' title="bbox 2372 4887 2678 4950; baseline 0.013 -12"><span class='ocrx_word' id='word_1_610' title='bbox 2372 4888 2446 4950; x_wconf 81' lang='grc' dir='ltr'>ῶς</span> <span class='ocrx_word' id='word_1_611' title='bbox 2477 4887 2678 4942; x_wconf 77' lang='grc' dir='ltr'><strong>ἔπινον.</strong></span> 
     </span>
    </p>
   </div>
   <div class='ocr_carea' id='block_1_98' title="bbox 2446 4980 3805 5064">
    <p class='ocr_par' dir='ltr' id='par_1_98' title="bbox 2446 4980 3805 5064">
     <span class='ocr_line' id='line_1_98' title="bbox 2446 4980 3805 5064; baseline 0.011 -32"><span class='ocrx_word' id='word_1_612' title='bbox 2446 4980 2531 5033; x_wconf 86' lang='grc'>19.</span> <span class='ocrx_word' id='word_1_613' title='bbox 2560 4980 2659 5035; x_wconf 82' lang='grc' dir='ltr'><strong>Διὰ</strong></span> <span class='ocrx_word' id='word_1_614' title='bbox 2682 4981 2742 5035; x_wconf 80' lang='grc' dir='ltr'><strong>τὸ</strong></span> <span class='ocrx_word' id='word_1_615' title='bbox 2764 4984 3059 5052; x_wconf 75' lang='grc' dir='ltr'><strong>ἐπιγνῶναι</strong></span> <span class='ocrx_word' id='word_1_616' title='bbox 3087 5004 3175 5056; x_wconf 85' lang='grc' dir='ltr'><strong>με,</strong></span> <span class='ocrx_word' id='word_1_617' title='bbox 3205 4988 3285 5040; x_wconf 85' lang='grc' dir='ltr'><strong>ὃτι</strong></span> <span class='ocrx_word' id='word_1_618' title='bbox 3318 4989 3681 5062; x_wconf 76' lang='grc' dir='ltr'><strong>ἀπεστράφης</strong></span> <span class='ocrx_word' id='word_1_619' title='bbox 3715 5011 3805 5064; x_wconf 87' lang='grc' dir='ltr'><strong>με.</strong></span> 
     </span>
    </p>
   </div>
   <div class='ocr_carea' id='block_1_99' title="bbox 2441 5070 3507 5146">
    <p class='ocr_par' dir='ltr' id='par_1_99' title="bbox 2441 5070 3507 5146">
     <span class='ocr_line' id='line_1_99' title="bbox 2441 5070 3507 5146; baseline 0.009 -24"><span class='ocrx_word' id='word_1_620' title='bbox 2441 5070 2530 5123; x_wconf 85' lang='grc'>20.</span> <span class='ocrx_word' id='word_1_621' title='bbox 2565 5072 2676 5124; x_wconf 80' lang='grc' dir='ltr'><strong>Καὶ</strong></span> <span class='ocrx_word' id='word_1_622' title='bbox 2700 5073 2781 5125; x_wconf 83' lang='grc' dir='ltr'><strong>ὅτι</strong></span> <span class='ocrx_word' id='word_1_623' title='bbox 2812 5074 3121 5145; x_wconf 75' lang='grc' dir='ltr'><strong>ἁπέρριψάς</strong></span> <span class='ocrx_word' id='word_1_624' title='bbox 3152 5095 3218 5146; x_wconf 86' lang='grc' dir='ltr'><strong>με</strong></span> <span class='ocrx_word' id='word_1_625' title='bbox 3252 5078 3358 5131; x_wconf 75' lang='grc' dir='ltr'><strong>ἀπὸ</strong></span> <span class='ocrx_word' id='word_1_626' title='bbox 3388 5079 3507 5133; x_wconf 83' lang='grc' dir='ltr'><strong>σοῦ.</strong></span> 
     </span>
    </p>
   </div>
   <div class='ocr_carea' id='block_1_100' title="bbox 2439 5159 3932 5245">
    <p class='ocr_par' dir='ltr' id='par_1_100' title="bbox 2439 5159 3932 5245">
     <span class='ocr_line' id='line_1_100' title="bbox 2439 5159 3932 5245; baseline 0.009 -34"><span class='ocrx_word' id='word_1_627' title='bbox 2439 5159 2641 5225; x_wconf 82' lang='grc'>21,22.</span> <span class='ocrx_word' id='word_1_628' title='bbox 2676 5160 2750 5232; x_wconf 87' lang='grc'><strong>(6)</strong></span> <span class='ocrx_word' id='word_1_629' title='bbox 2795 5163 2929 5216; x_wconf 76' lang='grc' dir='ltr'><strong>Ἀπὸ</strong></span> <span class='ocrx_word' id='word_1_630' title='bbox 2970 5164 3063 5217; x_wconf 82' lang='grc' dir='ltr'><strong>τοῦ</strong></span> <span class='ocrx_word' id='word_1_631' title='bbox 3115 5166 3191 5237; x_wconf 79' lang='grc' dir='ltr'><strong>μὴ</strong></span> <span class='ocrx_word' id='word_1_632' title='bbox 3233 5167 3377 5237; x_wconf 75' lang='grc' dir='ltr'><strong>ἔχειν</strong></span> <span class='ocrx_word' id='word_1_633' title='bbox 3446 5188 3516 5240; x_wconf 85' lang='grc' dir='ltr'><strong>με</strong></span> <span class='ocrx_word' id='word_1_634' title='bbox 3571 5174 3801 5245; x_wconf 75' lang='grc' dir='ltr'><strong>πιότητα</strong></span> <span class='ocrx_word' id='word_1_635' title='bbox 3848 5172 3932 5226; x_wconf 67' lang='grc' dir='ltr'><strong>τοῦ</strong></span> 
     </span>
    </p>
   </div>
   <div class='ocr_carea' id='block_1_101' title="bbox 2374 5247 3077 5321">
    <p class='ocr_par' dir='ltr' id='par_1_101' title="bbox 2374 5247 3077 5321">
     <span class='ocr_line' id='line_1_101' title="bbox 2374 5247 3077 5321; baseline 0.014 -23"><span class='ocrx_word' id='word_1_636' title='bbox 2374 5247 2563 5311; x_wconf 78' lang='grc' dir='ltr'><strong>ὓδατος</strong></span> <span class='ocrx_word' id='word_1_637' title='bbox 2590 5249 2689 5319; x_wconf 80' lang='grc' dir='ltr'><strong>τῆς</strong></span> <span class='ocrx_word' id='word_1_638' title='bbox 2716 5252 2935 5321; x_wconf 77' lang='grc' dir='ltr'><strong>χάριτός</strong></span> <span class='ocrx_word' id='word_1_639' title='bbox 2964 5272 3077 5309; x_wconf 87' lang='grc' dir='ltr'><strong>σου.</strong></span> 
     </span>
    </p>
   </div>
   <div class='ocr_carea' id='block_1_102' title="bbox 2440 5338 2892 5413">
    <p class='ocr_par' dir='ltr' id='par_1_102' title="bbox 2440 5338 2892 5413">
     <span class='ocr_line' id='line_1_102' title="bbox 2440 5338 2892 5413; baseline 0.011 -21"><span class='ocrx_word' id='word_1_640' title='bbox 2440 5338 2529 5393; x_wconf 78' lang='grc'>23.</span> <span class='ocrx_word' id='word_1_641' title='bbox 2567 5341 2588 5359; x_wconf 88' lang='lat'>&#39;</span> <span class='ocrx_word' id='word_1_642' title='bbox 2600 5343 2624 5379; x_wconf 72' lang='grc' dir='ltr'><strong>Α</strong></span> <span class='ocrx_word' id='word_1_643' title='bbox 2639 5340 2892 5413; x_wconf 67' lang='grc' dir='ltr'><strong>φθαρτος.</strong></span> 
     </span>
    </p>
   </div>
   <div class='ocr_carea' id='block_1_103' title="bbox 1651 5444 2986 5528">
    <p class='ocr_par' dir='ltr' id='par_1_103' title="bbox 1651 5444 2986 5528">
     <span class='ocr_line' id='line_1_103' title="bbox 1651 5444 2986 5528; baseline 0.012 -25"><span class='ocrx_word' id='word_1_644' title='bbox 1651 5444 1954 5506; x_wconf 81' lang='lat' dir='ltr'><strong>Addenda</strong></span> <span class='ocrx_word' id='word_1_645' title='bbox 1986 5454 2043 5506; x_wconf 86' lang='lat' dir='ltr'><strong>et</strong></span> <span class='ocrx_word' id='word_1_646' title='bbox 2075 5449 2446 5528; x_wconf 76' lang='lat' dir='ltr'><strong>corrigenda</strong></span> <span class='ocrx_word' id='word_1_647' title='bbox 2488 5470 2565 5513; x_wconf 79' lang='lat' dir='ltr'><strong>ex</strong></span> <span class='ocrx_word' id='word_1_648' title='bbox 2614 5456 2757 5518; x_wconf 93' lang='lat' dir='ltr'><strong>cod.</strong></span> <span class='ocrx_word' id='word_1_649' title='bbox 2791 5458 2986 5519; x_wconf 81' lang='lat' dir='ltr'><strong>Vatic.</strong></span> 
     </span>
    </p>
   </div>
   <div class='ocr_carea' id='block_1_104' title="bbox 778 5601 1202 5671">
    <p class='ocr_par' dir='ltr' id='par_1_104' title="bbox 778 5601 1202 5671">
     <span class='ocr_line' id='line_1_104' title="bbox 778 5601 1202 5671; baseline 0.019 -18"><span class='ocrx_word' id='word_1_650' title='bbox 778 5601 851 5671; x_wconf 79' lang='grc'><strong>(1)</strong></span> <span class='ocrx_word' id='word_1_651' title='bbox 884 5605 995 5671; x_wconf 75' lang='grc' dir='ltr'><strong>Τήν</strong></span> <span class='ocrx_word' id='word_1_652' title='bbox 1028 5608 1202 5671; x_wconf 71' lang='grc' dir='ltr'><strong>χάριν.</strong></span> 
     </span>
    </p>
   </div>
   <div class='ocr_carea' id='block_1_105' title="bbox 778 5605 1455 5747">
    <p class='ocr_par' dir='ltr' id='par_1_105' title="bbox 778 5605 1455 5747">
     <span class='ocr_line' id='line_1_105' title="bbox 778 5605 1455 5747; baseline 0.009 -20"><span class='ocrx_word' id='word_1_653' title='bbox 884 5605 1455 5747; x_wconf 49' lang='grc' dir='ltr'><strong>Ἣξέέῗζζινμελετῶν.</strong></span> 
     </span>
    </p>
   </div>
   <div class='ocr_carea' id='block_1_106' title="bbox 778 5745 1200 5810">
    <p class='ocr_par' dir='ltr' id='par_1_106' title="bbox 778 5745 1200 5810">
     <span class='ocr_line' id='line_1_106' title="bbox 778 5745 1200 5810; baseline 0.017 -16"><span class='ocrx_word' id='word_1_654' title='bbox 778 5745 854 5810; x_wconf 72' lang='grc'><strong>(3)</strong></span> <span class='ocrx_word' id='word_1_655' title='bbox 885 5745 1200 5810; x_wconf 77' lang='grc' dir='ltr'><strong>Πελεκάνος.</strong></span> 
     </span>
    </p>
   </div>
   <div class='ocr_carea' id='block_1_107' title="bbox 780 5814 2158 5895">
    <p class='ocr_par' dir='ltr' id='par_1_107' title="bbox 780 5814 2158 5895">
     <span class='ocr_line' id='line_1_107' title="bbox 780 5814 2158 5895; baseline 0.005 -23"><span class='ocrx_word' id='word_1_656' title='bbox 780 5814 855 5884; x_wconf 70' lang='grc'><strong>(4)</strong></span> <span class='ocrx_word' id='word_1_657' title='bbox 892 5816 1218 5873; x_wconf 73' lang='grc' dir='ltr'><strong>Ἐπιῆούλων</strong></span> <span class='ocrx_word' id='word_1_658' title='bbox 1245 5818 1425 5886; x_wconf 75' lang='grc' dir='ltr'><strong>αὐτοῦ,</strong></span> <span class='ocrx_word' id='word_1_659' title='bbox 1460 5830 1559 5875; x_wconf 70' lang='grc' dir='ltr'><strong>εἰς.</strong></span> <span class='ocrx_word' id='word_1_660' title='bbox 1598 5822 1764 5877; x_wconf 75' lang='grc' dir='ltr'><strong>Κάνώ</strong></span> <span class='ocrx_word' id='word_1_661' title='bbox 1802 5842 1903 5880; x_wconf 87' lang='lat' dir='ltr'><strong>non</strong></span> <span class='ocrx_word' id='word_1_662' title='bbox 1949 5827 2158 5895; x_wconf 77' lang='lat' dir='ltr'><strong>legitur.</strong></span> 
     </span>
    </p>
   </div>
   <div class='ocr_carea' id='block_1_108' title="bbox 2446 5622 3922 5777">
    <p class='ocr_par' dir='ltr' id='par_1_108' title="bbox 2446 5622 3922 5777">
     <span class='ocr_line' id='line_1_108' title="bbox 2446 5622 3922 5777; baseline 0.016 -32"><span class='ocrx_word' id='word_1_663' title='bbox 2547 5624 2777 5777; x_wconf 36' lang='lat' dir='ltr'><strong>“ﬁtﬁt.</strong></span> <span class='ocrx_word' id='word_1_664' title='bbox 2839 5697 3154 5777; x_wconf 51' lang='grc' dir='ltr'><strong>⁹λέωωψελετς</strong></span> <span class='ocrx_word' id='word_1_665' title='bbox 3208 5720 3295 5771; x_wconf 84' lang='grc' dir='ltr'><strong>μοι</strong></span> <span class='ocrx_word' id='word_1_666' title='bbox 3359 5706 3674 5774; x_wconf 69' lang='grc' dir='ltr'><strong>γεγόνασιν.</strong></span> <span class='ocrx_word' id='word_1_667' title='bbox 3734 5706 3809 5777; x_wconf 64' lang='grc' dir='ltr'>Η..</span> <span class='ocrx_word' id='word_1_668' title='bbox 3842 5708 3922 5767; x_wconf 81' lang='grc'><strong>22.</strong></span> 
     </span>
    </p>
   </div>
   <div class='ocr_carea' id='block_1_109' title="bbox 2391 5764 3183 5837">
    <p class='ocr_par' dir='ltr' id='par_1_109' title="bbox 2391 5764 3183 5837">
     <span class='ocr_line' id='line_1_109' title="bbox 2391 5764 3183 5837; baseline 0.014 -24"><span class='ocrx_word' id='word_1_669' title='bbox 2391 5764 2537 5829; x_wconf 79' lang='grc' dir='ltr'><strong>Ἀπό,</strong></span> <span class='ocrx_word' id='word_1_670' title='bbox 2568 5775 2693 5831; x_wconf 83' lang='lat' dir='ltr'><strong>elc.,</strong></span> <span class='ocrx_word' id='word_1_671' title='bbox 2727 5768 2902 5837; x_wconf 79' lang='grc' dir='ltr'><strong>ἑαυτῷ</strong></span> <span class='ocrx_word' id='word_1_672' title='bbox 2936 5764 3183 5834; x_wconf 76' lang='grc' dir='ltr'><strong>πιότητα.</strong></span> 
     </span>
    </p>
   </div>
  </div>
