4142 6480
736 420 872 475 1683
1575 416 1631 469 S.
1672 414 2045 470 ATHANASII
2083 413 2235 470 OPP.
2273 412 2452 469 PARS
2491 412 2579 468 Ill.
2607 442 2676 453 —
2711 406 3117 464 I‘IXEGETICA.
3834 390 3962 443 10⁸4

802 533 888 587 il.
928 530 991 584 Ut
1017 530 1335 584 annuntient
1367 530 1420 583 in
1450 529 1579 582 Sion
1614 545 1808 582 nomen
1837 530 2067 583 Domini.
2330 540 2379 593 Α

2330 540 2379 593 Α
2475 529 2562 583 41.
2599 526 2703 578 Τοῦ
2726 524 3042 593 ἀναγγεῖλαι
3067 522 3123 572 ὲν
3145 517 3280 571 Σιὼν
3305 516 3365 569 τὸ
3386 516 3553 585 ὄνομα
3579 512 3793 582 Κυρίου
3813 550 3827 575 ,

804 623 894 680 42.
932 621 994 674 Et
1028 622 1241 675 laudem
1269 621 1388 690 ejus
1414 620 1465 672 in
1498 619 1852 676 Hierusalem.

2478 622 2565 676 42.
2600 619 2706 671 Καὶ
2733 616 2832 685 τὴν
2870 617 3070 669 αἴγεσιν
3094 610 3254 666 αὑτοῦ
3278 612 3334 662 ὲν
3370 605 3744 678 Ἰερουσαλήμ.

806 713 893 766 45.
929 711 985 766 1η
1019 712 1387 767 conveniendo
1426 710 1655 780 populos
1682 711 1734 763 in
1772 725 1961 776 unum,
1997 719 2051 765 et
2074 726 2224 779 reges
2250 720 2306 764 ut

2476 713 2563 766 45.
2601 713 2688 764 Ἐν
2734 708 2810 778 τῷ
2859 702 3279 771 ὲπισυναχθῆναι
3333 698 3493 769 λαοὺς
3542 696 3636 749 ἐπὶ
3686 695 3752 748 τὸ
3801 693 3961 755 αὐτὸ,

736 806 976 858 serviam
1013 804 1266 860 Domino.

2407 801 2545 873 [καὶ]
2581 801 2655 872 (α)
2685 798 2922 870 βασιλεῖς
2955 792 3046 845 τοῦ
3073 791 3336 844 δουλεύειν
3365 789 3441 859 τῷ
3473 788 3685 857 Κυρίῳ.

806 898 894 952 44.
930 897 1227 967 Respondit
1253 900 1299 951 ei
1336 898 1391 951 in
1421 897 1505 950 via
1534 898 1750 951 virtutis
1773 911 1884 950 sua:
1922 916 1934 950 :

2474 893 2568 946 44.
2602 889 2902 960 Ἀπεκρίθη
2930 887 3075 956 αὑτῴ
3105 887 3161 938 ἐν
3184 883 3289 953 ὀδῴ
3318 880 3500 952 ἰσχύος
3521 879 3686 933 αὑτοῦ
3710 893 3727 910 ·

804 988 892 1041 45.
926 986 1253 1041 Paucitatem
1285 988 1492 1041 dierum
1529 1002 1774 1040 meorum
1809 987 1996 1040 nuntia
2028 986 2183 1038 mihi.

2474 983 2563 1036 45.
2596 982 2707 1053 Τὴν
2720 981 3004 1048 ὀλιγότητα
3022 977 3128 1029 τῶν
3158 976 3190 1045 ἡ
3198 992 3260 1044 με
3273 973 3377 1045 ρῶν
3398 989 3498 1042 μου
3511 970 3840 1039 ἀνάγγειλόν
3858 987 3958 1039 μοι.

803 1078 890 1130 46.
924 1076 1001 1131 Ne
1028 1094 1244 1133 revoces
1275 1094 1360 1132 me
1386 1077 1441 1130 in
1479 1078 1703 1131 dimidio
1747 1078 1960 1131 dierum
2004 1091 2250 1129 meorum
2286 1090 2301 1127 :

2204 1092 2250 1129 m
2286 1090 2301 1127 :
2473 1071 2561 1125 46.
2598 1072 2689 1139 Μὴ
2726 1068 3007 1139 ἀναγάγῃς
3043 1082 3108 1135 με
3141 1066 3197 1115 ὲν
3222 1061 3405 1132 ἡμίσει
3438 1059 3660 1131 ἡμερῶν
3695 1077 3799 1130 μου
3825 1075 3840 1089 ·

804 1170 893 1222 47.
923 1169 977 1223 In
1008 1171 1410 1238 generationem
1438 1170 1846 1238 generationum
1882 1168 2010 1221 anni
2044 1168 2143 1221 tui.

1831 1183 1846 1221 ι
1882 1168 2010 1221 anni
2044 1168 2143 1221 tui.
2473 1163 2560 1215 47.
2609 1163 2695 1213 Ἐν
2718 1161 2879 1229 γενεᾷ
2912 1157 3110 1227 γενεῶν
3141 1156 3208 1207 τὰ
3234 1155 3326 1223 ἐτη
3353 1170 3467 1206 σου.

803 1259 891 1312 48.
929 1260 1086 1315 lnitio
1116 1270 1195 1324 tu,
1235 1261 1479 1323 Domine,
1512 1268 1718 1314 terram
1752 1257 1989 1313 fundasti
2022 1277 2035 1312 :

2474 1253 2560 1306 48.
2596 1255 2730 1305 Κατ’
2764 1250 2935 1321 ἀρχὰς
2971 1250 3056 1313 σὺ,
3082 1247 3273 1317 Κύριε,
3300 1244 3398 1306 τὴν
3422 1243 3526 1312 γῆν
3561 1240 3924 1311 ἐθεμελίωσας
3945 1255 3959 1270 ·

805 1348 893 1402 49.
928 1348 994 1403 Et
1021 1364 1183 1417 opera
1208 1366 1465 1403 manuum
1497 1357 1714 1402 tuarum
1742 1356 1868 1403 sunt
1901 1330 2044 1402 cmli.

2472 1343 2559 1396 49.
2588 1342 2697 1395 Καὶ
2726 1342 2861 1413 ἔργα
2879 1341 2986 1393 τῶν
3018 1337 3215 1409 χειρῶν
3254 1335 3344 1389 σου
3380 1336 3515 1387 εἰσιν
3545 1336 3594 1386 οἱ
3619 1333 3860 1403 οὐρανοε.

809 1439 892 1495 50.
923 1440 1027 1509 Ipsi
1059 1443 1312 1511 peribunt
1343 1462 1354 1496 :
1380 1451 1436 1495 tu
1468 1450 1649 1495 autem
1684 1456 1968 1511 permanes
2002 1459 2014 1493 :

2002 1459 2014 1493 :
2476 1434 2559 1489 50.
2594 1434 2757 1486 Αὐτοὶ
2781 1430 3132 1484 ἀπολοῦνται·
3159 1429 3222 1481 σὺ
3251 1427 3305 1480 δὲ
3327 1424 3622 1495 διαμένεις·

808 1531 895 1584 51.
931 1531 995 1585 Et
1014 1549 1204 1589 omnes
1234 1535 1374 1588 sicut
1405 1537 1781 1588 vestimentum
1820 1539 2179 1586 veterascent.

2145 1539 2179 1583 t.
2471 1523 2557 1576 51.
2588 1523 2695 1575 Ka‘t
2717 1522 2915 1583 πάντες
2947 1521 3023 1582 ὼς
3048 1519 3259 1589 ἱμάτιον
3292 1516 3781 1585 παλαιωθήσονται.

807 1623 895 1679 52.
929 1623 992 1678 Ει
1023 1628 1163 1679 sicut
1187 1626 1519 1695 Opertorium
1551 1635 1730 1680 vertes
1761 1640 1876 1689 eos,
1911 1632 1965 1677 et
2010 1622 2303 1677 mutabun-

2476 1616 2565 1669 52.
2602 1617 2711 1668 Καὶ
2744 1614 2877 1666 ὡσεὶ
2910 1610 3249 1682 περιϐόλαιον
3276 1608 3469 1675 ἑλίξεις
3499 1608 3721 1670 αὐτοὺς,
3750 1606 3843 1659 καὶ
3873 1606 3962 1657 ἀλ-

737 1724 865 1769 tur:

2403 1706 2541 1776 λαγή
2550 1723 2728 1757 σονται
2755 1721 2768 1734 ·

804 1804 893 1858 55.
923 1805 1001 1860 Tu
1030 1816 1212 1861 autem
1240 1807 1382 1863 idem
1416 1807 1531 1877 ipse
1556 1822 1635 1874 es,
1662 1816 1716 1861 et
1748 1805 1877 1862 anni
1915 1805 1995 1860 tui
2024 1820 2132 1860 non
2168 1804 2294 1859 deﬁ-
2341 1876 2357 1877 ί

2476 1793 2561 1847 55.
2592 1795 2661 1846 Σὺ
2692 1793 2750 1844 δὲ
2786 1794 2815 1844 ό
2846 1789 3006 1852 αὐτὸς
3048 1787 3117 1854 εἴ,
3165 1787 3260 1839 καὶ
3289 1785 3359 1839 τὰ
3392 1784 3487 1856 ἔτη
3536 1802 3630 1837 σου
3667 1785 3766 1837 οὐκ
3800 1784 3962 1837 ὲκλεί·

734 1896 896 1948 cient.
1438 1876 1447 1877 ί
2332 1876 2370 1935 Ε

1438 1876 1447 1877 ί
2332 1876 2380 1935 Β
2406 1884 2618 1953 ψουσιν.

2478 1972 2564 2026 54.
2602 1974 2663 2024 Οἱ
2690 1971 2797 2023 υἱοὶ
2821 1970 2928 2022 τῶν
2953 1968 3154 2021 δούλων
3184 1984 3277 2020 σου
3309 1964 3793 2036 κατασκηνώσουσι
3815 1980 3828 1993 ·

2481 2065 2567 2117 55.
2599 2063 2710 2114 Καὶ
2751 2061 2811 2113 τὸ
2859 2060 3078 2131 σπέρμα
3113 2058 3288 2111 αὐτῶν
3325 2061 3402 2121 εἰς
3433 2059 3523 2112 τὸν
3556 2056 3732 2109 αἰῶνα
3773 2072 3962 2108 κατευ-

811 1988 899 2041 54.
926 1987 1045 2041 Filii
1072 2004 1349 2044 servorum
1384 2000 1601 2045 tuorum
1630 1990 1989 2046 habitabunt:

921 2078 986 2133 Et
1012 2094 1194 2135 semen
1229 2096 1417 2136 eorum
1444 2083 1497 2135 in
1520 2082 1778 2137 saxulum
1812 2082 2091 2150 dirigetur.

2400 2156 2735 2214 θυνθήσεται.

807 2340 877 2405 (α)
916 2340 1065 2396 Vel‘S-
1103 2342 1190 2406 45,
1228 2344 1334 2394 Καὶ
1364 2340 1619 2411 βασιλεῖς,
1653 2350 1755 2396 etc.
1781 2340 2021 2404 Versu,
2071 2338 2391 2408 Ἀπεκρίθη,
2431 2344 2535 2391 etc.

1849 2491 2226 2547 ATHANASII
2268 2486 2857 2544 INTERPRETATIO.

802 2650 887 2703 41.
926 2650 995 2706 Ut
1028 2654 1410 2723 praedicaretur
1469 2656 1522 2709 in
1572 2658 1776 2711 mundo
1828 2664 2175 2725 peccatorum
2217 2667 2302 2706 re-

2470 2650 2559 2704 41.
2596 2649 2700 2702 Τοῦ
2726 2647 3064 2718 κηρυχθῆναι
3091 2647 3149 2700 ἐν
3170 2647 3237 2717 τῇ
3275 2644 3565 2716 οἰκουμένῃ
3581 2644 3777 2711 ἄφεσιν
3796 2644 3964 2713 ἀμαρ-

733 2741 924 2795 missio
948 2743 1001 2795 in
1026 2745 1242 2796 nomine
1280 2743 1493 2797 Domini
1526 2745 1697 2799 nostri
1730 2742 1858 2799 Jesu
1884 2742 2111 2798 Christi.

2396 2742 2526 2795 τιῶν
2546 2745 2603 2795 ἐν
2636 2741 2713 2812 τῷ
2738 2743 2960 2811 ὀνόματι
2986 2738 3077 2793 τοῦ
3104 2738 3305 2809 Κυρίου
3333 2734 3488 2807 ἡμῶν
3514 2732 3694 2805 Ἰησοῦ
3709 2733 3958 2806 Χριστοῦ.

802 2834 892 2887 42.
922 2832 978 2887 In
1002 2850 1233 2903 superna
1260 2833 1615 2889 Hierusalem.

2466 2833 2554 2887 42.
2594 2835 2680 2884 Ἐν
2700 2836 2765 2903 τῇ
2797 2834 2908 2886 ἄνω
2949 2828 3319 2900 Ἰερουσαλήμ.

806 2921 895 2977 43.
930 2923 984 2978 In
1017 2928 1386 2981 cenvcniendo
1409 2938 1593 2997 gentes
1618 2944 1713 2997 per
1736 2925 2196 2997 praedicationem.

2469 2923 2557 2978 45.
2603 2924 2690 2977 Ἐν
2722 2922 2799 2993 τῷ
2830 2923 3001 2975 ἐλθεῖν
3032 2920 3119 2973 διὰ
3149 2919 3241 2972 τοῦ
3274 2920 3630 2991 κηρύγματος
3658 2921 3730 2974 τὰ
3755 2919 3901 2988 ἔθνη.

807 3016 893 3070 44.
925 3018 1593 3089 Auscullareruntgentes
1628 3018 1856 3073 Domino
1887 3018 2156 3074 credendo
2186 3033 2301 3089 pas.

2468 3015 2555 3069 44.
2594 3014 2668 3085 (1)
2731 3015 3074 3083 ’Υπήκουσαν
3123 3011 3190 3064 τὰ
3235 3010 3360 3080 ἔθνη
3410 3011 3488 3080 τῷ
3531 3012 3724 3081 Κυρίῳ
3791 3010 3960 3061 πίστει

733 3106 941 3161 sionem
977 3110 1113 3178 ejus.

2396 3105 2489 3158 τοῦ
2524 3106 2725 3169 πάθους
2748 3104 2935 3158 αὑτοῦ.

800 3198 886 3251 45.
914 3198 1159 3254 Concede
1181 3201 1332 3265 mihi,
1366 3210 1416 3255 te
1443 3201 1725 3271 deprecor,
1752 3211 1810 3255 ut
1834 3217 2058 3270 prorsus
2079 3216 2303 3269 persua-

2467 3198 2554 3251 45.
2588 3197 2787 3267 Δέομαί
2822 3214 2933 3259 σου,
2976 3196 3063 3257 δός
3103 3212 3191 3265 μοι
3230 3194 3736 3265 πληροφορηθῆναι,
3782 3195 3863 3247 ὃτι
3907 3195 3956 3245 αἱ

731 3308 876 3354 sum,
914 3301 1229 3363 certumque
1264 3294 1514 3359 habeam,
1559 3311 1764 3365 paucos
1810 3310 1931 3350 esse
1974 3295 2091 3349 dies
2139 3295 2300 3364 hujus

1905 3310 1931 3350 e
1974 3295 2091 3349 dies
2139 3295 2300 3364 hujus
2395 3290 2596 3361 ἡμέραι
2628 3287 2722 3340 τοῦ
2756 3287 2947 3350 αἰῶνος
2977 3286 3163 3339 τούτου
3190 3286 3364 3338 ὀλίγαι
3387 3284 3541 3337 εἰσίν.

731 3385 932 3439 saeculi.

801 3476 888 3528 46.
916 3474 991 3529 Ne
1021 3490 1107 3529 me
1142 3476 1437 3531 transferas
1478 3478 1547 3531 ab
1580 3478 1683 3533 hoc
1710 3479 1933 3542 mundo,
1978 3480 2294 3550 priusquam
2323 3451 2369 3510 Ο

2324 3451 2369 3510 C
2471 3467 2557 3522 46.
2584 3471 2673 3539 Μή
2706 3487 2771 3540 με
2805 3470 3145 3540 μεταστήσῃς
3173 3467 3279 3520 ἀπὸ
3306 3464 3397 3518 τοῦ
3431 3465 3642 3536 κόσμου
3672 3464 3861 3518 τούτου
3891 3463 3960 3531 μὴ

732 3566 1066 3633 impleverim
1091 3577 1354 3637 praecepta
1388 3578 1496 3623 tua.

2403 3559 2758 3614 τελειώσαντά
2791 3578 2857 3631 με
2889 3560 2985 3622 τὰς
3017 3558 3235 3619 ἐντολάς
3271 3573 3385 3611 σου.

803 3656 888 3710 47.
920 3656 1265 3725 Sempiterni.
2470 3650 2558 3702 47.
2593 3650 2666 3720 (9.)
2702 3650 3075 3717 Ἀτελεύτητα.

800 3742 887 3796 48.
928 3741 1097 3798 Natus
1129 3760 1186 3797 es
1220 3746 1271 3798 in
1302 3755 1467 3799 terra.

2474 3741 2562 3793 48.
2606 3740 2861 3811 Ἐτέχθης
2895 3741 2985 3792 ἐπὶ
3016 3738 3112 3808 τῆς
3134 3738 3257 3807 γῆς.

802 3832 890 3883 49.
919 3831 1023 3896 Qui
1054 3833 1109 3885 in
1140 3848 1235 3887 eos
1265 3843 1579 3901 assumptus
1608 3849 1687 3888 es.

2470 3833 2557 3888 49.
2593 3832 2697 3885 Τοῦ
2728 3831 3123 3903 ἀναληφθέντος
3155 3833 3210 3882 ἐν
3240 3830 3439 3891 αὐτοῖς.

800 3920 888 3974 50.
911 3920 1089 3975 Novos
1123 3932 1300 3975 autem
1333 3924 1519 3985 caelos,
1549 3932 1602 3977 et
1632 3940 1826 3978 noram
1870 3934 2068 3979 terram
2098 3940 2293 3983 exsuc-

2470 3918 2557 3974 50.
2591 3921 2825 3982 Kawob;
2847 3920 2902 3973 δὲ
2929 3919 3208 3989 οὐρανοὺς,
3251 3918 3343 3971 καὶ
3374 3918 3566 3989 καινὴν
3604 3918 3709 3987 γῆν
3746 3922 3958 3990 1:90:60-

730 4022 940 4066 ctamus
972 4012 1126 4080 juxta
1149 4018 1297 4066 tuam
1328 4015 1768 4083 promissionem.

1760 4056 1768 4068 .
2399 4011 2583 4079 κῶμεν
2609 4010 2745 4064 κατὰ
2779 4010 2839 4062 τὸ
2863 4008 3183 4079 ἐπάγγελμα
3212 4008 3396 4063 αὐτοῦ.

803 4102 889 4156 51.
923 4101 1372 4173 Corrumpentur.

2468 4099 2553 4152 51.
2582 4098 2918 4169 Καταφθαρή
2928 4115 3123 4151 σονται.

803 4191 889 4244 52.
928 4190 1207 4261 Tanquam
1232 4193 1368 4248 liber
1398 4195 1518 4248 cmli
1554 4194 1917 4251 involventur.

2460 4191 2544 4244 5‘2.
2578 4191 2962 4261 Εἱληθὴσονται
2994 4189 3070 4259 (3)
3096 4191 3143 4241 οἱ
3171 4189 3387 4259 οὐρανοὶ
3413 4188 3487 4251 ὡς
3513 4190 3737 4258 βιϐλίον.

805 4280 891 4333 55.
930 4279 1010 4333 Tu
1068 4289 1249 4335 autem
1296 4292 1347 4336 et
1399 4283 1571 4339 factus
1621 4285 1803 4349 homo,
1837 4285 1976 4340 idem
2021 4301 2078 4340 es
2119 4288 2293 4357 qualis

2467 4281 2552 4333 55.
2586 4281 2655 4333 Σὺ
2678 4281 2731 4332 δὲ
2761 4281 2851 4333 καὶ
2882 4279 3169 4349 γενόμενος
3201 4278 3276 4348 (4)
3301 4277 3583 4348 ἄνθρωπος
3629 4282 3658 4332 ό
3712 4278 3869 4340 αὐτος
3911 4272 3958 4328 εἷ

731 4386 874 4433 cras,
908 4379 962 4423 et
988 4373 1127 4425 sicut
1150 4372 1359 4427 dierum
1384 4375 1710 4444 principium
1748 4390 1856 4429 non
1894 4377 2079 4441 habes,
2104 4378 2173 4431 ita
2198 4394 2292 4433 ne-

2398 4374 2575 4434 ὁποῖος
2598 4368 2684 4442 ἧς,
2718 4373 2809 4423 καὶ
2834 4371 3019 4441 ῶσπερ
3061 4368 3231 4441 ἀρχὴν
3280 4369 3500 4441 ἡμερῶν
3537 4370 3641 4423 οὐκ
3682 4369 3847 4440 ἔχεις,
3875 4368 3957 4421 οὖ-

729 4475 835 4528 que
863 4461 984 4513 vita!
1014 4463 1195 4515 linem.

2397 4480 2504 4525 τως
2528 4463 2647 4515 οὐδὲ
2678 4461 2819 4534 ζωῆς
2849 4461 3017 4525 τέλος.

799 4550 885 4603 5-1.
923 4551 1023 4616 Qui
1055 4564 1181 4607 sunt
1212 4570 1304 4623 per
1340 4553 1499 4610 ﬁdem
1527 4556 1619 4609 lilii
1662 4559 2066 4625 prOphetarum,
2095 4570 2147 4615 et
2173 4577 2295 4631 ιιρο-

2469 4553 2556 4607 54.
2588 4556 2652 4607 Οἱ
2687 4554 2776 4607 διὰ
2817 4554 2915 4624 τῆς
2959 4551 3193 4614 πίστεως
3229 4551 3335 4604 υἱοὶ
3373 4551 3477 4604 τῶν
3521 4553 3823 4625 προφητῶν
3872 4553 3954 4606 καὶ

727 4642 990 4697 stolorum
1026 4644 1343 4699 habitabant
1376 4647 1429 4699 in
1468 4663 1701 4717 superna
1725 4648 2081 4705 Hierusalem.

2397 4646 2504 4698 τῶν
2531 4646 2842 4698 ἀποστόλων
2872 4641 3381 4713 κατασκηνώσουσιν
3412 4644 3468 4697 ὲν
3506 4646 3574 4713 τῇ
3603 4643 3718 4697 ἄνω
3768 4642 3953 4713 Ἰερου-

2403 4735 2533 4805 σαλή
2544 4754 2601 4805 μ.

801 4818 885 4871 55.
919 4818 982 4873 Et
1012 4836 1172 4889 opera
1202 4822 1426 4892 jnstitiee
1456 4840 1646 4880 eorum
1685 4826 2075 4895 permanebunt
2105 4825 2158 4879 in
2192 4841 2291 4880 sa»
2326 4806 2370 4859 Ῑ)

2326 4806 2370 4859 Ῑ)
2470 4827 2556 4880 55.
2586 4826 2695 4879 Καὶ
2720 4826 2787 4879 τὰ
2828 4826 2963 4896 ἔργα
3003 4826 3099 4894 τῆς
3146 4823 3490 4895 δικαιοσύνης
3532 4823 3714 4879 αὐτῶν
3761 4825 3839 4888 εις
3867 4821 3948 4875 τὸν

728 4910 909 4963 culum
938 4913 1347 4981 sempiternum.

2398 4919 2752 4990 ἀτελεύτητον
2780 4920 2951 4972 αἰῶνα
2985 4920 3151 4989 μενεῖ.

1730 5096 1979 5157 ddenda
2022 5104 2082 5159 et
2112 5100 2488 5178 corrigenda
2524 5118 2601 5163 ex
2635 5100 2775 5163 cod.
2807 5098 3006 5161 Vatic.

766 5256 975 5341 ,(1).Ν.
1011 5259 1101 5314 44.
1289 5265 1411 5342 τοὺς
1449 5262 1820 5342 βασιλεῖςυτοᾷ
1878 5265 2157 5319 δουλεῦσαι
2210 5262 2297 5342 διὰ
2571 5263 2754 5342 18247.
2781 5264 2866 5317 48.
2906 5262 2969 5342 'Q
2986 5261 3196 5342 τεχθεὶς
3218 5262 3309 5342 ἐπὶ
3333 5262 3583 5342 τῇειγῇς.

731 5331 826 5405 τῇς
856 5331 1085 5405 πίστεως
1108 5331 1184 5400 τῷ
1215 5332 1421 5403 Κυρίῳ.
1448 5333 1509 5386 Ν.
1546 5333 1631 5388 45.
1674 5334 2038 5403 ’λ’πήκουσαν,
2074 5349 2204 5403 etc.,
2238 5339 2296 5388 ἐν
2467 5331 2541 5405 (3)
2576 5336 2921 5403 Εἰλιγήσεται
2948 5335 2976 5387 ό
3007 5331 3232 5403 οὐρανὸς
3257 5331 3331 5394 ὡς
3357 5331 3584 5402 βιϐλίον.

730 5400 797 5466 τῇ
826 5401 1023 5453 πίστει.
1307 5400 1317 5403 ⁷
1377 5400 1384 5403 ⁷
1803 5400 1811 5403 ⁷
2192 5400 2199 5403 ⁷
2578 5400 2898 5475 Γενάμενος.
