4142 6484
733 391 861 443 I087
1571 402 1627 458 S.
1671 404 2040 463 ATUANASII
2082 410 2232 469 OPP.
2270 415 2450 471 PARS
2489 420 2572 474 Ill.
2613 448 2682 460 -—
2723 419 3131 478 EXEGETICA.
3844 431 3973 485 1088

799 528 886 583 19.
925 527 1042 582 Non
1084 534 1376 589 secundum
1423 537 1737 607 iniquitates
1787 553 2002 598 nostras
2048 544 2294 616 [peccata
2326 538 2371 589 Α

2339 538 2371 589 Α
2474 531 2558 586 19.
2592 533 2665 585 Οὐ
2703 535 2843 588 κατά
2868 536 2967 600 τὰς
2991 539 3220 610 ἀνομίας
3246 538 3264 611 [
3289 540 3595 612 ἁμαρτίας]
3620 541 3782 613 ἡμῶν
3799 544 3975 613 ἐποίη-

733 622 936 690 nostra]
969 620 1094 677 fecit
1120 626 1278 680 nobis
1306 645 1319 681 :

1044 623 1094 677 :it
1120 626 1278 680 nobis
1306 645 1319 681 :
2396 637 2487 673 σεν
2517 624 2646 692 ἡμῖν
2669 641 2680 653 ·

791 710 882 764 20.
913 709 1096 782 Neque
1123 716 1424 770 secundum
1460 727 1681 787 peccata
1725 731 1910 776 nostra
1953 722 2291 795 [iniquitates

2463 712 2550 767 20.
2584 714 2719 767 Οὐδὲ
2773 716 2916 770 κατά
2979 718 3077 782 τὰς
3123 721 3401 792 ἁμαρτίας
3455 719 3770 792 [ἀνομίας]
3820 723 3968 794 ἡμῶν

728 812 940 857 nostras
979 806 1230 860 retribuit
1272 807 1448 862 nobis.

1323 807 1448 862 )bis,
2392 802 2773 858 ἀνταπέδωκεν
2806 810 2959 878 ἡμῖν.

789 892 877 948 2i.
907 895 1176 961 Quoniam
1213 899 1511 952 secundum
1543 899 1883 955 altitudinem
1913 905 2084 958 cmlia
2120 917 2285 970 terra,

2275 947 2285 970 ν
2459 893 2549 947 21.
2587 894 2709 949 Ὀτι
2738 897 2878 950 κατά
2901 898 2962 951 τὸ
2994 897 3127 967 ὕψος
3149 899 3242 953 τοῦ
3272 901 3501 972 οὐρανοῦ
3523 902 3633 956 ἀπὸ
3663 901 3766 971 τῆς
3791 903 3911 972 γῆς.

788 983 879 1037 22.
912 984 1298 1040 Corroboravit
1343 986 1605 1044 Dominus
1654 991 2086 1047 misericordiam
2131 1010 2290 1049 suam

2459 984 2547 1040 22.
2590 987 2963 1057 Ἐκραταίωσε
2999 990 3202 1062 Κύριος
3243 992 3303 1045 τὸ
3334 993 3486 1057 ἔλεος
3516 994 3684 1048 αὑτοῦ
3723 995 3820 1046 ἐπὶ
3849 997 3969 1058 τοὶς

722 1088 884 1143 super
911 1075 1158 1130 timentes
1189 1092 1267 1132 se.

2391 1075 2555 1144 φοόου
2564 1080 2762 1148 μένους
2783 1080 2961 1135 αὐτόν.

786 1168 879 1220 25.
911 1165 1182 1234 Quantum
1206 1170 1371 1224 distat
1397 1181 1551 1226 ortus
1582 1172 1650 1226 ab
1683 1173 1986 1236 occidente,

2461 1167 2552 1223 23.
2588 1169 2834 1224 Καθόσον
2851 1173 3146 1242 ἀπέχουσιν
3168 1175 3425 1229 ἀνατολαὶ
3449 1176 3559 1230 ἀπὸ
3576 1174 3827 1247 δυσμῶν,

786 1257 876 1312 24.
909 1257 1087 1330 Longe
1114 1259 1242 1316 fecit
1270 1277 1300 1315 a
1330 1262 1488 1317 nobis
1521 1264 1833 1333 iniquitates
1860 1277 2096 1323 nostras.

2459 1258 2548 1311 24.
2592 1259 2929 1332 Ἐμάκρυνεν
2959 1264 3052 1330 ἀφ’
3074 1263 3234 1333 ἡμῶν
3255 1265 3352 1328 τὰς
3383 1267 3616 1337 ἀνομίας
3648 1265 3826 1338 ἡμῶν.

786 1349 874 1403 25.
911 1349 1193 1415 Quomodo
1220 1353 1512 1408 miseretur
1539 1364 1690 1423 pater
1721 1356 1955 1411 ﬁliorum
1991 1376 2003 1412 :

1853 1373 1955 1411 .um
1991 1376 2003 1412 ε
2459 1348 2548 1401 25.
2588 1349 2786 1414 Καθὼς
2817 1352 3074 1424 οἰκτείρει
3100 1357 3281 1426 πατὴρ
3311 1355 3489 1420 υἱούς·

784 1441 872 1495 26.
909 1441 1160 1499 Misertus
1189 1454 1274 1500 est
1301 1443 1560 1501 Dominus
1592 1448 1910 1503 timentibus
1935 1464 2012 1505 se.

2457 1440 2550 1496 26.
2599 1442 2914 1513 ’ῼκτείρησε
2939 1447 3144 1517 Κύριος
3165 1449 3293 1512 τοὺς
3321 1449 3692 1519 φοϐουμένους
3726 1449 3912 1506 αὐτόν.

784 1532 872 1586 27.
900 1532 1166 1599 Quoniam
1197 1537 1310 1605 ipse
1347 1539 1600 1608 cognovit
1639 1538 1954 1610 ﬁgmentum
1985 1552 2233 1598 nostrum
2269 1562 2282 1597 :

1991 1552 2233 1598 ηοευ-ιιηι
2269 1562 2282 1597 ε
2454 1531 2542 1586 27.
2577 1533 2699 1585 Ὅτι
2730 1535 2892 1599 αὐτὸς
2920 1537 3062 1605 ἔγνω
3089 1539 3149 1591 τὺ
3182 1539 3406 1611 πλάσμα
3437 1540 3590 1612 ἡμῶν
3614 1559 3627 1571 ·

783 1624 871 1678 28.
901 1624 1234 1682 Recordatus
1263 1637 1364 1693 est,
1403 1629 1660 1698 quoniam
1698 1631 1875 1698 pulvis
1905 1647 2118 1687 sumus.

1739 1631 1875 1686 ulvis
1905 1647 2118 1687 sumus,
2457 1623 2545 1676 28.
2596 1625 2894 1697 Ἐμνήσθη,
2918 1631 2999 1682 ὅτι
3035 1630 3162 1700 χοῦς
3189 1633 3375 1702 ἐσμεν.

781 1716 871 1770 29.
909 1715 1081 1774 Homo
1106 1719 1245 1775 sicut
1277 1719 1459 1775 fenum
1490 1722 1607 1776 dies
1635 1723 1754 1791 ejus
1780 1741 1792 1776 :

2463 1713 2553 1768 29.
2585 1715 2905 1787 Ἀνθρωπος
2941 1721 3072 1774 ὡσεὶ
3101 1723 3294 1794 χόρτος
3323 1725 3377 1776 αἱ
3417 1723 3623 1794 ἡμέραι
3652 1722 3820 1777 αὑτοῦ
3845 1738 3861 1754 ⁶

781 1806 868 1863 50.
893 1807 1174 1879 Tanquam
1201 1811 1302 1866 ﬁos
1329 1813 1444 1882 agri
1474 1814 1555 1867 sic
1577 1812 1860 1868 eﬂlorebit.

2457 1806 2545 1861 30.
2595 1807 2739 1862 Ὥσεὶ
2766 1810 2924 1876 ἄνθος
2957 1813 3052 1866 τοῦ
3085 1815 3257 1887 ἀγροῦ
3282 1815 3453 1879 οὕτως
3483 1815 3790 1886 ὲξανθήσει.

781 1901 871 1954 51.
899 1901 1170 1968 Quoniam
1197 1904 1422 1974 spiritus
1466 1908 1816 1976 pertransibit
1852 1907 1904 1961 in
1938 1908 2051 1975 illo,
2084 1917 2138 1964 et
2178 1925 2287 1966 non
2317 1893 2361 1948 Β

2327 1893 2361 1948 Β
2458 1893 2549 1947 51.
2581 1895 2704 1976 Ὂοτι
2736 1899 2950 1970 πνεῦμα
2981 1901 3195 1972 διῆλθεν
3236 1907 3292 1958 ὲν
3329 1904 3497 1975 αὐτῷ,
3528 1906 3623 1958 καὶ
3660 1905 3758 1975 οὐχ
3795 1906 3963 1976 ὑπάρ-

712 1993 971 2048 iubsistet
1003 2012 1016 2047 :
2387 1982 2465 2047 ξεί
2496 2001 2508 2014 ’

781 2082 870 2137 52.
908 2081 971 2137 Ει
1001 2099 1105 2138 non
1138 2097 1432 2155 cognoscet
1463 2089 1696 2158 amplius
1719 2090 1899 2145 locum
1926 2107 2106 2149 suum.

2455 2073 2542 2127 32.
2580 2075 2692 2127 Καὶ
2719 2075 2819 2129 οὐκ
2841 2077 3204 2148 ἐπιγνώσεται
3235 2080 3315 2134 ἔτι
3342 2082 3434 2136 τὸν
3472 2085 3634 2137 τόπον
3667 2084 3855 2140 αὑτοῦ.

779 2175 867 2228 55.
901 2176 1272 2233 Misericordia
1323 2191 1503 2234 autem
1561 2179 1774 2236 Domini
1827 2184 1896 2238 ab
1945 2192 2173 2251 aterno,
2234 2194 2287 2241 et

2451 2164 2537 2218 33.
2576 2167 2648 2218 Τὸ
2673 2167 2729 2220 δὲ
2765 2168 2912 2232 ἔλεος
2939 2169 3034 2224 τοῦ
3085 2172 3293 2244 Κυρίου
3344 2174 3452 2228 ἀπὸ
3500 2175 3594 2228 τοῦ
3640 2176 3841 2241 αἰῶνος
3875 2177 3964 2230 καὶ

715 2282 882 2335 usque
912 2268 964 2322 in
996 2279 1257 2325 aeternum
1286 2288 1450 2341 super
1479 2273 1732 2329 timentes
1761 2290 1910 2329 eum.

2381 2256 2486 2320 ἕως
2508 2257 2600 2309 τοῦ
2635 2259 2828 2322 αἰῶνος
2853 2262 2945 2313 ἐπὶ
2964 2265 3091 2328 τοὺς
3115 2264 3488 2336 φοϐουμένους
3519 2267 3705 2321 αὑτὸν.

779 2357 868 2412 54.
900 2357 1195 2429 Etjustitia
1224 2363 1369 2418 illius
1401 2364 1455 2417 in
1489 2365 1631 2420 ﬁlios
1661 2365 1919 2431 ﬁliorum,

2456 2348 2543 2400 34.
2574 2349 2683 2401 Kal.
2707 2351 2738 2420 ἡ
2763 2350 3073 2425 δικαιοσύνη
3104 2357 3268 2409 αὑτοῦ
3310 2358 3402 2410 ἐπὶ
3436 2359 3572 2422 υἱοῖς
3597 2360 3753 2424 υἱῶν,

780 2449 870 2504 35.
905 2450 1002 2506 His
1028 2455 1120 2522 qui
1151 2465 1370 2509 servant
1393 2464 1772 2511 testamentum
1803 2459 1942 2529 ejus,

2452 2440 2540 2493 55.
2575 2441 2699 2505 Τοῖς
2726 2443 3057 2512 φυλάσσουσι
3087 2447 3184 2518 τὴν
3212 2449 3476 2522 διαθήκην
3509 2453 3676 2506 αὑτοῦ
3707 2495 3723 2518 ,

783 2539 875 2597 56.
904 2539 970 2595 Ει
993 2558 1260 2600 memores
1295 2557 1422 2601 sunt
1447 2548 1826 2604 mandatorum
1867 2550 2062 2619 ipsius,
2093 2552 2159 2606 ad
2205 2551 2286 2606 fa-

2453 2529 2541 2585 56.
2580 2533 2688 2585 Καὶ
2721 2537 3092 2606 μεμνημένοις
3116 2537 3225 2592 τῶν
3243 2541 3469 2594 ἐντολῶν
3487 2542 3677 2606 αὐτοῦ,
3700 2544 3795 2597 τοῦ
3811 2549 3964 2618 ποιῆ-

712 2630 959 2684 ciendum
991 2649 1072 2686 ea.

1060 2673 1072 2686 .
2385 2637 2474 2672 σαι
2503 2630 2690 2685 αὑτάς.

778 2717 864 2771 37.
897 2716 1160 2778 Dominus
1197 2723 1251 2776 in
1285 2725 1422 2779 coelo
1453 2727 1666 2796 paravit
1697 2727 1881 2782 sedem
1903 2743 2058 2784 suam
2086 2750 2098 2784 :

2448 2710 2534 2763 37.
2563 2710 2766 2782 Κύριος
2784 2715 2840 2768 ὲν
2855 2713 2932 2784 τῷ
2952 2716 3168 2788 οὐρανῷ
3185 2720 3449 2791 ἡτοίμασε
3462 2722 3552 2776 τὸν
3566 2724 3758 2795 θρόνον
3778 2728 3959 2783 αὑτοῦ·

773 2809 861 2864 58.
896 2809 961 2864 Ει
989 2828 1212 2882 regnum
1241 2815 1407 2886 ipsius
1437 2819 1692 2874 omnibus
1721 2819 2062 2875 dominatur.

2447 2802 2533 2855 38.
2567 2805 2677 2858 Καὶ
2700 2808 2732 2874 ὴ
2769 2805 3013 2874 βασιλεία
3043 2809 3209 2863 αὑτοῦ
3239 2812 3456 2866 πάντων
3489 2813 3765 2880 δεσπόζει.

775 2900 862 2954 59.
892 2900 1195 2960 Benedicite
1217 2906 1466 2974 Domino,
1496 2927 1687 2967 omnes
1711 2913 1887 2982 angeli
1919 2913 2060 2981 ejus.

2449 2893 2538 2949 39.
2577 2894 2859 2965 Εὑλογείτε
2881 2898 2971 2952 τὸν
2995 2899 3219 2972 Κύριον,
3240 2901 3442 2968 πάντες
3460 2904 3511 2959 οἱ
3534 2906 3961 2977 ἀγγελοιαὺτοῦ,

773 2993 861 3049 40.
895 2994 1149 3054 Potentes
1173 3000 1369 3056 virtute
1401 3002 1664 3057 facientes
1689 3003 1915 3058 verbum
1940 3003 2108 3070 illius,

2453 2985 2540 3041 40.
2571 2989 2795 3042 Δυνατοὶ
2822 2991 2966 3061 ἰσχύϊ
3001 2992 3284 3059 ποιοῦντες
3319 2996 3411 3050 τὸν
3438 2996 3598 3068 λόγον
3624 3002 3821 3071 αὐτοῦ,

1820 3179 2195 3236 ATHANASII
2248 3182 2825 3242 INTERPRETATIO.

777 3339 865 3396 19.
896 3336 1011 3394 Non
1064 3340 1264 3396 oblitus
1315 3351 1400 3396 est
1439 3345 1635 3411 nostri,
1684 3346 2145 3414 quemadmodum
2182 3363 2280 3404 nos
2307 3357 2348 3414 (ς

2323 3357 2348 3414 ς
2455 3348 2539 3403 19.
2568 3347 2682 3402 Οὐκ
2709 3351 3004 3405 ἐπελάθετο
3051 3352 3227 3424 ἡμῶν,
3271 3352 3454 3418 καθὼς
3490 3357 3657 3428 ἡμεῖς
3700 3361 3959 3420 ἐπελαθό-

700 3432 820 3488 eius
848 3433 1000 3488 obliti
1034 3448 1226 3486 sumus
1256 3431 1308 3484 in
1346 3434 1605 3500 peccatis.

2382 3439 2522 3510 μεθα
2553 3437 2723 3493 αὑτιῦ
2746 3443 2803 3494 ἐν
2835 3445 2954 3506 ταῖς
2990 3444 3304 3515 ἁμαρτίαις.

769 3525 859 3580 20.
889 3524 1077 3595 Neque
1107 3526 1182 3580 ita
1212 3524 1357 3590 fecit,
1389 3526 1852 3595 quemadmodum
1884 3531 2031 3603 digni
2061 3549 2274 3600 sumus,

2446 3536 2534 3590 20.
2563 3536 2696 3590 υὶιὲ
2727 3537 2905 3602 καθὼς
2952 3539 3090 3603 ἄξιοί
3137 3540 3305 3611 ἐσμεν
3353 3539 3446 3594 τοῦ
3478 3541 3839 3618 βδελυχθῆναι
3869 3550 3959 3602 ἀπ’

703 3630 760 3672 ιιι
794 3633 893 3672 nos
924 3619 1038 3688 ipse
1068 3617 1494 3674 abominaretur.

2376 3628 2562 3695 αὑτοῦ,
2585 3628 2684 3682 οὐκ
2709 3632 2930 3702 ἐποίησε
2958 3631 3133 3685 τοῦτο.

769 3708 858 3771 21,
888 3708 976 3763 22.
1026 3708 1349 3764 immensam
1393 3720 1446 3764 et
1483 3712 1915 3780 investigabilem
1958 3717 2274 3773 misericor-

2445 3720 2536 3783 2l,
2561 3722 2656 3774 22.
2698 3722 3026 3794 Ἀμέτρητον
3057 3725 3152 3776 καὶ
3192 3726 3598 3797 ἀνεξιχνίαστον
3643 3731 3956 3805 ιδωρήσατο

700 3801 842 3854 diam
873 3802 1133 3872 elargitus
1161 3811 1245 3856 cst
1279 3801 1597 3858 timentibus
1630 3821 1778 3862 eum.

1729 3822 1778 3862 [ι.
2375 3812 2521 3876 ἔλεος
2551 3815 2625 3884 (1)
2660 3831 2722 3867 το
2748 3833 2775 3878 ς
2804 3815 3156 3884 φοϐουμένοις
3183 3819 3365 3872 αὐτόν.

769 3893 859 3956 25,
893 3892 981 3945 21.
1017 3890 1127 3948 Nos
1155 3893 1301 3947 enim
1338 3893 1475 3950 lucis
1512 3895 1653 3954 ﬁlios
1683 3898 1884 3967 eﬁ'ecit,
1919 3913 2140 3972 peccata
2177 3920 2276 3961 au-

2444 3910 2533 3966 23,
2568 3904 2658 3956 24.
2704 3905 2880 3974 Ἡμᾶς
2905 3910 3013 3977 γὰρ
3057 3907 3208 3970 υἱοὺς
3244 3908 3419 3976 φωτὸς
3456 3909 3735 3976 ἀνέδειξε,
3772 3913 3872 3976 τὰς
3901 3914 3951 3967 δὲ

703 3997 808 4039 tem
843 3996 1027 4040 nostra
1054 3986 1300 4042 dissolvit
1328 3989 1378 4041 in
1404 3989 1694 4058 baptismo.

2377 3998 2649 4069 ἁμαρτίας
2677 3997 2832 4069 ἡμῶν
2863 3999 3154 4052 κατέλυσεν
3189 4001 3245 4052 ὲν
3278 3999 3355 4071 τῷ
3389 4000 3750 4074 βαπτίσματι.

769 4078 860 4141 25,
889 4078 978 4134 26.
1013 4077 1237 4150 Propter
1270 4081 1649 4139 miserationes
1682 4088 1800 4156 ejus
1836 4103 2032 4156 passus
2063 4098 2146 4145 est
2177 4106 2275 4161 pro

2446 4096 2536 4159 25,
2567 4096 2657 4152 26.
2678 4095 2923 4168 [Διά]Τά
2954 4096 3239 4168 σπλάγχνα
3269 4097 3435 4152 αὑτοῦ
3473 4099 3679 4154 ἔπαθον
3706 4102 3786 4173 (2)
3813 4102 3950 4172 ὑπὲρ

701 4171 877 4225 nobis.
2378 4189 2554 4259 ἡμῶν.

768 4261 858 4324 27,
891 4260 979 4314 28.
1012 4260 1278 4326 Quoniam
1312 4271 1456 4318 terra
1483 4272 1537 4319 et
1567 4265 1745 4333 pulvis
1771 4282 1980 4322 sumus.

1826 4283 1980 4322 Imus.
2444 4279 2536 4341 27,
2563 4278 2650 4332 28.
2686 4281 2807 4332 Ὅτι
2837 4278 2910 4349 γῆ
2937 4278 3030 4332 καὶ
3060 4278 3249 4341 σποδός
3275 4280 3462 4351 ἐσμεν.

768 4351 859 4404 29.
889 4349 1246 4414 Germinavit,
1273 4352 1475 4418 ﬁoruit,
1508 4357 1742 4409 exaruit.

2444 4371 2534 4426 29.
2572 4372 2935 4443 Ἐὄλάστησεν
2971 4373 3068 4442 (5),
3097 4349 3354 4445 ἤνθησεν,
3381 4373 3675 4446 ἐξηράνθη.

767 4441 856 4494 50.
891 4441 1133 4505 Ditescit,
1165 4453 1219 4499 et
1245 4445 1582 4514 gloriﬁcatur
1607 4448 1659 4500 in
1690 4450 1797 4503 vita
1836 4466 1954 4506 sua.

2445 4460 2534 4514 50.
2573 4441 2835 4526 Πλουτεῖ,
2864 4464 2959 4516 καὶ
2983 4441 3266 4527 δοξάζεται
3291 4464 3349 4518 ὲν
3381 4441 3592 4535 τῇνζωῇ
3629 4441 3813 4520 αὐτοῦ.

768 4532 858 4586 51.
888 4534 1156 4599 Quoniam
1199 4536 1427 4602 angelus
1471 4541 1857 4607 superveniens
1899 4545 2103 4615 accepit
2150 4549 2264 4603 ani~

2443 4555 2530 4608 3|.
2565 4554 2688 4606 Ὅτι
2737 4555 2966 4624 ἄγγελος
3019 4540 3250 4619 ἐπιστὰς
3294 4555 3372 4628 (ι)
3410 4532 3591 4627 ,ἐλασέ
3630 4557 3732 4629 τὴν
3777 4559 3946 4629 ψυχὴν

701 4637 843 4678 mam
874 4625 1044 4690 illius,
1085 4635 1139 4680 et
1170 4627 1390 4682 defecit.

1338 4633 1390 4680 it.
2376 4644 2564 4711 αὑτοῦ,
2594 4646 2688 4699 καὶ
2711 4645 2974 4711 ἐξέλιπεν.

769 4717 856 4770 32.
886 4714 950 4769 Et
979 4733 1084 4770 non
1117 4719 1352 4787 amplius
1376 4721 1686 4774 revertitur.
2299 4733 2343 4788 D

2299 4733 2343 4788 D
2441 4737 2528 4794 32.
2563 4737 2666 4790 Καὶ
2694 4738 2794 4791 οὐκ
2825 4739 2900 4810 (ὅ)
2927 4738 3006 4792 ἔτι
3035 4740 3455 4812 ὐποστρέφεται.

766 4808 854 4861 55.
883 4807 1087 4873 Gratia,
1123 4818 1177 4864 et
1211 4811 1516 4882 benignitas
1540 4815 1679 4885 ejus.

2438 4830 2526 4884 33.
2573 4831 2637 4883 Ἡ
2665 4807 2947 4902 χάριςκιπ)⁸
2973 4835 3005 4904 ὴ
3038 4807 3410 4905 φιλανθρῴπία
3442 4835 3630 4889 αὑτοῦ.

766 4899 855 4954 54.
886 4899 950 4954 Ει
978 4903 1268 4957 retributio
1291 4905 1430 4974 ejus.

2435 4922 2522 4976 ει.
2561 4899 2814 4997 satis”
2853 4899 3244 4996 μισθατοοδοσία
3259 4927 3425 4981 αὑτοῦ

765 4992 854 5058 35,
889 4993 976 5046 36.
1012 4992 1130 5060 His,
1156 4996 1248 5064 qui
1276 4998 1326 5051 ei
1362 4997 1738 5069 beneplacent.

2442 5015 2532 5076 35,
2563 5015 2653 5072 36.
2679 4992 3211 5092 Toicvei’iapsa-roﬁatv
3245 5019 3411 5091 αὐτῷ.

767 5087 854 5140 57.
889 5085 1109 5154 Habuit,
1135 5100 1190 5144 et
1221 5092 1403 5148 habet.

1351 5103 1403 5148 τι.
2442 5108 2532 5162 37.
2563 5104 2710 5179 Εἶχε,
2743 5111 2837 5164 καὶ
2859 5085 2987 5181 ἔχει.

766 5179 854 5232 58.
890 5178 1238 5248 Ctelestibus,
1261 5196 1314 5238 et
1344 5188 1714 5255 terrestribus,
1753 5199 1806 5243 et
1828 5189 2039 5245 inferis.

2440 5197 2529 5250 38.
2563 5178 2954 5269 Ἐπουρανίῴν,
2991 5202 3084 5254 καὶ
3118 5203 3398 5272 ἐπιγείων,
3425 5206 3520 5258 καὶ
3553 5206 3937 5278 καταχθονίων.

765 5273 855 5337 59,
881 5273 966 5329 40.
1001 5275 1329 5334 Dbedicntes
1358 5279 1406 5332 ei
1438 5279 1489 5332 in
1523 5280 1801 5336 omnibus.

2441 5288 2530 5351 39,
2563 5287 2651 5344 40.
2687 5290 2751 5341 Οί
2787 5290 3152 5355 ὑπακούοντες
3178 5291 3325 5362 αὺτῷ
3354 5293 3434 5356 εἰς
3461 5293 3662 5349 πάντα.

1645 5435 1954 5497 Addenda
2003 5445 2063 5498 et
2092 5439 2467 5521 corrigenda
2498 5460 2578 5505 ex
2617 5444 2757 5505 cod.
2784 5444 2984 5506 Vatic.

770 5596 845 5696 ς
977 5597 1142 5696 ἐλξος.
2432 5611 2508 5694 ςὸ)
2564 5613 2670 5666 Καὶ
2714 5614 2814 5666 οὐκ
2874 5616 3179 5690 ἐπιστραφῇ
3235 5617 3333 5672 οὐκ
3377 5619 3455 5673 ἔτι
3499 5623 3558 5675 ὲν
3605 5622 3687 5696 τῷ
3741 5640 3925 5696 κοσμῳ

768 5668 846 5751 (ΞΣ)
887 5669 1126 5752 Ἔξαθεν
1139 5710 1151 5722 .
1337 5743 1355 5752 _
1932 5748 1951 5752 _
2105 5749 2117 5752 _
2360 5668 2550 5752 τοῦτις).

884 5738 1526 5821 Ἑϐ).ἀστησεν.-ηὔξησεν
1588 5746 1843 5817 ἤνθησεν,
1895 5748 2186 5820 ἐξηράνθη.
2444 5738 2518 5820 (6}
2555 5753 2661 5806 Καί
2687 5753 2855 5811 dccst.

770 5809 843 5869 t4)
884 5808 1136 5872 Ἐπιστὰς
1167 5808 1328 5875 αὐτῷ.
