4142 6470
191 403 210 454 Ι
223 404 330 458 093

259 536 350 588 21.
386 535 443 587 ’0
474 533 876 600 ἐξαποστέλλων
906 533 1088 603 πηγάς
1110 535 1167 586 ἐν
1193 535 1484 605 φάραγξινο

263 627 352 679 22.
380 625 508 679 Ἀνὰ
541 627 701 696 μέσον
724 625 833 678 τῶν
856 625 1027 696 ὀρέων
1059 625 1418 679 διελεύσονται
1443 626 1627 679 ὕδατα.

263 719 356 771 25.
382 718 632 770 Ilo-.2053:
658 719 834 773 πάντα
861 719 930 771 τά
961 718 1122 788 θηρία
1144 717 1237 771 τοῦ
1262 717 1452 790 ἀγροῦ·

265 808 355 861 24.
380 809 766 879 Προσδέξονται
789 809 1006 879 δναγροι
1033 811 1111 872 είς
1128 808 1282 877 δίψαν
1313 808 1510 860 αὐτῶν.

264 900 354 952 23.
382 899 498 952 Ἐπ’
529 901 666 953 αὐτὰ
717 901 785 953 τὰ
838 900 1057 952 πετεινὰ
1089 898 1180 951 τοῦ
1227 897 1454 968 οὐρανοῦ
1489 915 1767 970 κατασκη-

193 1007 390 1042 νιοσειο

264 1083 353 1136 26.
386 1082 480 1135 Ἐκ
513 1083 680 1152 μέσου
712 1082 819 1135 τῶν
853 1083 1065 1154 πετρῶν
1093 1081 1321 1135 δώσουσι
1351 1081 1557 1151 φωνήν.

267 1172 357 1225 27.
394 1170 636 1234 Ποτίζων
665 1172 763 1243 ὄρη
793 1172 856 1224 ἐκ
876 1172 984 1224 τῶν
1009 1172 1274 1241 ὑπερῴων
1304 1169 1487 1223 αὑτοῦ.

264 1264 353 1317 28.
390 1263 521 1316 Ἀπὸ
555 1264 767 1336 καρποῦ
818 1263 927 1316 τῶν
974 1263 1148 1336 ἔργων
1195 1280 1288 1316 σου
1347 1262 1768 1335 χορτασθήσεται

193 1371 224 1423 ο
266 1371 359 1423 γη.

265 1445 353 1497 29.
389 1445 446 1497 Ὀ
473 1443 837 1508 ἐξανατέλλων
866 1444 1055 1515 χόρτον
1081 1445 1191 1506 τοῖς
1215 1443 1454 1512 κτήνεσι,

262 1535 352 1589 50.
380 1535 486 1589 Καὶ
514 1535 675 1606 χλόην
707 1539 772 1605 τῇ
808 1535 1020 1605 δουλείᾳ
1041 1535 1149 1587 τῶν
1177 1533 1498 1604 ἀνθρώπων.

259 1627 348 1680 51.
383 1626 486 1680 Τοῦ
521 1627 806 1698 ἐξαγαγεῖν
829 1627 990 1694 ἄρτον
1018 1627 1083 1680 ἐκ
1115 1627 1215 1696 τῆς
1242 1627 1366 1696 γῆς·

260 1720 350 1773 52.
383 1721 492 1773 Καὶ
519 1717 659 1783 οἶνος
688 1718 966 1789 εὐφραίνει
999 1719 1225 1790 καρδίαν
1255 1715 1560 1788 ἀνθρώπου.

267 1813 357 1866 35.
390 1812 494 1864 Τοῦ
532 1811 776 1883 ίλαρῦναι
806 1811 1095 1882 πρόσωπον
1127 1812 1183 1863 ἐν
1214 1809 1392 1878 ἐλαίῳ·

263 1906 355 1961 54.
381 1907 488 1960 Καὶ
511 1905 672 1977 ἄρτος
699 1903 926 1974 καρδίαν
958 1901 1244 1974 ἀνθρώπου
1276 1895 1536 1970 στηρίξει.

263 1999 352 2052 35.
390 1999 858 2069 Χορτασθήσονται
885 1996 953 2049 τά
987 1996 1116 2061 ξύλα
1143 1995 1236 2048 τοῦ
1271 1993 1473 2055 πεδίου,

264 2090 354 2144 56.
401 2093 465 2144 Δί
493 2091 669 2160 κέδροι
691 2088 782 2142 τοῦ
813 2089 1066 2152 Λιϐάνου,
1097 2088 1162 2150 ἀς
1193 2085 1511 2155 ἐφύτευσας.

263 2181 355 2238 57.
386 2185 532 2237 Ἐκεῖ
562 2183 815 2256 στρουθία
847 2180 1272 2236 ἐννοσσεύσουσιο

1107 399 1193 451 DE
1233 397 1508 452 TlTULlS
1549 397 1995 457 PSALMORUM.
2041 433 2108 442 ——
2141 402 2330 456 PSAL.
2371 402 2506 455 Cl".

3288 399 3424 453 1094

1794 517 1841 574 Α
1935 518 2024 572 21.
2054 517 2154 583 Qui
2182 515 2382 571 emittis
2413 515 2589 568 fontes
2623 511 2675 566 in
2707 510 3044 567 convallibus
3076 528 3088 562 :

1937 610 2027 664 22.
2054 609 2197 664 Inter
2239 609 2474 662 medium
2507 605 2768 660 montium
2805 603 3213 674 pertransibunt
3247 617 3423 672 aquae.

1936 702 2027 757 25.
2065 701 2332 755 Potabunt
2357 712 2547 754 omnes
2589 697 2774 752 bestiae
2803 696 2917 766 agri
2951 737 2962 748 .

1936 791 2025 845 24.
2057 789 2457 859 Exspectabunt
2484 788 2673 857 onagri
2702 788 2756 841 in
2787 787 2873 842 siti
2909 801 3028 840 sua.

1935 883 2027 938 25.
2060 881 2232 952 Super
2254 897 2317 936 ea
2346 881 2593 934 volucres
2623 879 2746 934 cmli
2778 878 3102 932 habitabant
3131 895 3144 930 :

1937 1058 2026 1114 26.
2062 1058 2135 1113 De
2155 1057 2330 1112 medio
2358 1064 2635 1124 petrarum
2657 1054 2860 1108 dabunt
2889 1067 3066 1106 voces.

1935 1150 2025 1204 27.
2064 1150 2267 1217 Rigans
2293 1157 2505 1202 montes
2527 1148 2592 1200 de
2621 1143 2990 1214 superioribus
3012 1141 3144 1197 suis.

1934 1243 2024 1298 28.
2056 1241 2131 1296 De
2164 1240 2342 1296 fructu
2379 1254 2605 1310 Operum
2657 1248 2874 1292 tuorum
2929 1233 3212 1290 satiabitur
3263 1240 3422 1286 terra.

1936 1424 2025 1479 29.
2058 1421 2372 1478 Producens
2404 1419 2585 1473 fenum
2608 1415 2888 1486 iumentis.

1938 1517 2024 1569 50.
2053 1514 2116 1566 Et
2140 1512 2359 1566 herbam
2391 1508 2634 1564 servituti
2669 1505 2972 1560 hominum.

1939 1607 2026 1661 51.
2064 1605 2135 1659 Ut
2159 1603 2358 1658 educas
2382 1616 2574 1672 panem
2595 1599 2660 1653 de
2683 1607 2824 1652 terra
2855 1615 2868 1649 :

1937 1702 2025 1756 52.
2059 1699 2124 1752 Et
2156 1697 2342 1751 vinum
2374 1693 2608 1748 laetiﬁcet
2634 1706 2726 1745 cor
2757 1687 3016 1744 hominis.

1938 1793 2028 1846 55.
2055 1788 2128 1844 Ut
2151 1788 2415 1842 exhilaret
2447 1783 2640 1839 faciem
2676 1783 2728 1836 in
2759 1782 2880 1836 oleo
2913 1799 2927 1833 :

1939 1883 2027 1937 54.
2056 1881 2122 1935 Et
2147 1879 2300 1950 panis
2325 1892 2419 1932 cor
2447 1874 2682 1930 hominis
2705 1873 3006 1927 confirmet.

1937 1973 2026 2026 55.
2066 1969 2465 2024 Saturabuntur
2487 1965 2630 2034 ligna
2659 1961 2856 2030 campi.

1939 2066 2027 2121 56.
2065 2065 2129 2118 Et
2155 2061 2301 2118 cedri
2329 2059 2541 2122 Libani,
2565 2072 2701 2127 quas
2734 2055 3012 2124 plantavit.

1942 2156 2033 2215 57.
2065 2156 2177 2210 Illic
2198 2168 2444 2225 passeres
2475 2148 2826 2205 nidiﬁcabunt
2857 2164 2869 2200 :

1306 2308 1682 2372 ATHANASII
1733 2289 2323 2364 INTERPRETATIO.

261 2490 354 2543 2|.
397 2489 457 2541 Ὀ
481 2481 880 2551 ἐξαποστέλλων
915 2478 1037 2540 τοὺς
1072 2475 1398 2539 ἀποστόλους
1418 2475 1497 2537 είς
1525 2461 1594 2526 τά
1622 2470 1770 2541 ἔθνη.

261 2582 352 2636 22.
379 2579 509 2634 Ἀνὰ
547 2579 708 2650 μέσον
762 2573 870 2628 τῶν
917 2570 1086 2625 ἐθνῶν
1136 2567 1492 2622 διελεύσονται
1531 2567 1579 2619 οἱ
1611 2564 1744 2632 εὑαγ

200 2673 456 2742 γελισταί.

262 2765 352 2819 25.
405 2764 508 2816 Τὸν
556 2761 713 2829 λόγον
773 2755 868 2809 τοῦ
917 2750 1304 2822 εὐαγγελιστοῦ
1355 2751 1431 2822 tl)
1482 2747 1776 2820 κηρύξουσι

193 2860 331 2911 πᾶσι
357 2859 466 2918 τοῖς
491 2855 666 2908 ἔθνεσι
692 2850 785 2904 τοῦ
813 2850 1037 2920 κόσμου.

258 2947 345 3002 24.
379 2946 766 3020 Προσδέξονται
791 2942 860 2997 τὰ
887 2940 1012 3011 ἔθνη
1043 2938 1102 2992 τὸ
1122 2939 1380 3010 κήρυγμα
1409 2936 1489 2999 εἱς
1522 2932 1767 3004 ἀπάντη-

192 3060 279 3096 σιν
303 3041 380 3112 (2)
413 3039 515 3094 τῶν
543 3037 749 3109 ψυχῶν.

257 3133 349 3188 25.
389 3133 504 3186 Ἐπ’
538 3131 678 3187 αὐτὰ
705 3128 775 3181 τὰ
822 3126 950 3196 ἔθνη
974 3123 1288 3193 κατοικήσει
1338 3119 1408 3172 τά
1448 3117 1768 3188 χαρίσματα

190 3243 383 3282 αυτου.

258 3318 350 3373 26.
379 3315 476 3370 Ἐκ
508 3315 670 3386 μέσον
696 3312 804 3366 τῶν
824 3307 1058 3382 καρδιῶν
1109 3303 1285 3359 αὐτῶν
1334 3298 1643 3366 δοξάσουσιν
1672 3298 1770 3352 a6-

191 3413 282 3465 τόν
311 3412 408 3481 (5).

262 3502 353 3558 27.
379 3499 616 3565 Ποτίζων
644 3497 711 3552 τὰ
734 3494 861 3566 ἔθνη
878 3493 951 3565 (4)
974 3493 1036 3545 ἐκ
1061 3490 1168 3544 τῶν
1187 3486 1537 3559 χαρισμάτων
1577 3481 1764 3537 αὐτοῦ.

261 3595 353 3649 28.
387 3593 520 3645 Ἀπὸ
573 3594 672 3660 τῆς
727 3587 947 3658 χάριτος
1002 3583 1109 3636 τῶν
1184 3579 1618 3650 προσταγμάτων
1675 3591 1766 3626 σου

191 3684 664 3757 ἑμπλησθήσονται
697 3682 752 3735 al
783 3677 953 3749 ψυχαὶ
982 3675 1088 3728 τῶν
1113 3671 1303 3726 ἐθνῶν.

258 3778 349 3833 29.
390 3778 451 3829 'U
483 3773 758 3846 μαραίνων
781 3771 871 3824 τδν
893 3766 1118 3821 πλοῦτον
1148 3763 1254 3817 τῶν
1285 3760 1520 3815 ἀσεϐῶν.

262 3869 352 3925 50.
399 3868 509 3921 Καὶ
573 3858 979 3937 [ἐξανατέλλων]
1042 3858 1112 3910 τὰ
1159 3853 1550 3927 προστάγματα
1606 3846 1767 3902 αὐτοῦ

190 3964 315 4024 ταῖς
342 3959 559 4030 ψυχαῖς,
595 3956 690 4010 καὶ
710 3957 820 4017 τοῖς
855 3951 1038 4023 μέλεσι
1067 3948 1173 4001 τῶν
1226 3942 1615 4014 ἐπεγνωκότων
1667 3940 1768 4011 τὴν

189 4051 477 4123 ἀλήθειαν.

262 4122 352 4197 51.
377 4141 450 4193 Τὸ
471 4138 721 4209 σύστημα
749 4133 856 4187 τῶν
879 4127 1316 4185 πεπιστευκότων

260 4234 350 4288 52.
390 4233 448 4286 '0
480 4229 680 4301 Κύριος
709 4224 864 4298 ἡμῶν
900 4221 1125 4294 Ἰησοῦς.

256 4326 347 4379 55.
378 4321 484 4376 Τοῦ
517 4318 800 4391 πληρῶσαι
827 4315 924 4385 τῆς
963 4313 1183 4384 χάριτος
1218 4305 1380 4360 αὑτοῦ
1415 4305 1591 4356 πᾶσαν
1635 4319 1769 4373 καρ-

189 4416 310 4468 δίαν
334 4416 392 4466 ἐν
422 4411 499 4480 τῷ
524 4409 662 4462 ἐλέει
694 4405 878 4460 αὑτοῦ.

265 4504 355 4558 54.
399 4502 460 4555 '0
489 4498 806 4571 ἐπουράνιος
843 4494 1005 4566 ἄρτος
1035 4489 1109 4562 (6)
1148 4489 1176 4540 6
1226 4484 1428 4555 Κύριος
1453 4481 1609 4553 ἡμῶν
1667 4481 1767 4551 Ἰη-

194 4615 348 4660 σους.

265 4689 355 4743 55.
392 4687 464 4737 T6
495 4684 692 4754 πλῆθος
724 4679 829 4733 τῶν
877 4675 1046 4745 ἀγίων
1080 4673 1187 4726 τῶν
1218 4670 1293 4742 (7)
1332 4666 1538 4738 πλῆρες
1590 4663 1764 4733 ἔργων
1799 4704 1843 4758 D

191 4779 416 4852 ἀγαθῶν
447 4775 868 4848 χορτασθήσεται
887 4770 985 4839 τῆς
1007 4767 1226 4838 χάριτος
1248 4761 1434 4816 αὑτοῦ.

259 4873 349 4928 56.
377 4847 620 4925 Οίαὺτοὶ
646 4867 786 4935 ἆγιοι
812 4863 1065 4932 ἄσηπτοι,
1093 4858 1184 4910 καὶ
1214 4854 1445 4926 καθαροὶ
1474 4853 1540 4921 τῇ
1567 4847 1766 4919 καρδίᾳ

189 4969 241 5020 οἱ
264 4961 616 5033 φυτευθέντες
637 4959 693 5010 ἐν
735 4957 800 5025 τῇ
844 4952 1022 5006 πίστει
1049 4947 1195 5019 παρὰ
1247 4945 1341 5001 τοῦ
1394 4944 1617 5015 Κυρίου.
1664 4941 1767 4995 Λί-

193 5031 376 5120 σακος
423 5052 529 5123 γὰρ
572 5042 915 5113 λευκασμός
957 5037 1335 5112 ἑρμηνεύεται,
1390 5037 1524 5105 ὅπερ
1559 5033 1703 5086 ἐστὶν
1737 5031 1766 5083 6

191 5148 398 5216 Κύριος
433 5148 462 5199 6
485 5141 780 5197 λευκαίνων
802 5136 876 5206 (8)
912 5137 1137 5197 πάντας.

263 5239 355 5293 57.
380 5237 460 5290 Τὰ
489 5235 616 5304 ἐθνη
649 5235 705 5285 ἐν
733 5231 843 5290 τοῖς
864 5228 1197 5288 ἀποστόλοις.

1937 2459 2027 2514 21.
2061 2454 2163 2522 Qui
2197 2448 2398 2507 emittis
2424 2442 2700 2516 apostolos
2720 2439 2773 2494 in
2800 2447 3005 2510 gentes.

1934 2550 2026 2604 22.
2060 2547 2162 2601 Per
2183 2543 2419 2598 medium
2453 2536 2688 2609 gentium
2719 2529 3124 2602 pertransibunt
3161 2525 3423 2597 praedica-

1868 2652 2016 2698 tores
2045 2633 2344 2705 Evangelii.

1938 2733 2029 2786 25.
2078 2729 2398 2783 Sermonem
2442 2715 2716 2787 Evangelii
2759 2709 3131 2784 praedicabunt
3168 2708 3423 2764 omnibus

1868 2823 2118 2895 gentibus
2140 2816 2348 2871 mundi.

1936 2913 2027 2968 24.
2065 2907 2466 2977 EXSpectabunt
2504 2909 2688 2973 gentes
2729 2895 3160 2969 praadicationem
3202 2893 3254 2947 in
3278 2891 3428 2947 retiic

1871 3005 2076 3078 gerium
2102 3000 2431 3054 animarum.

1937 3099 2033 3155 25.
2065 3095 2241 3165 Super
2271 3090 2416 3160 ipsas
2447 3092 2631 3156 gentes
2657 3078 2979 3137 habitabunt
3001 3077 3121 3147 ejus
3143 3074 3305 3131 dona.

1935 3275 2025 3331 26.
2051 3273 2094 3327 E
2121 3270 2298 3327 medio
2321 3266 2569 3324 cordium
2602 3275 2826 3318 suorum
2869 3256 3247 3330 gloriﬁcabunt
3276 3267 3420 3307 eum.

1936 3449 2028 3507 27.
2059 3447 2263 3517 Rigans
2292 3452 2476 3514 gentes
2503 3441 2569 3496 de
2597 3437 2756 3494 donis
2781 3435 2915 3490 suis.

1935 3541 2024 3596 28.
2060 3539 2245 3596 Gratia
2272 3537 2649 3591 mandatorum
2682 3541 2896 3584 tuorum
2923 3523 3285 3595 implebuntur
3304 3519 3426 3575 ani-

1867 3650 1969 3688 ma:
2000 3633 2262 3703 gentium.

1934 3722 2024 3777 29.
2056 3719 2385 3775 Marcescere
2417 3717 2619 3771 faciens
2646 3711 2860 3766 divitias
2888 3708 3197 3779 impiorum.

1937 3811 2024 3866 50.
2049 3809 2115 3863 Ει
2154 3809 2354 3864 exoriri
2404 3806 2607 3861 faciens
2635 3808 2897 3872 praecepta
2935 3812 3033 3852 sua
3074 3794 3291 3858 animis,
3342 3793 3426 3845 in-

1870 3903 2145 3971 ternisque
2167 3899 2418 3956 sensibus
2445 3893 2850 3968 agnoscentium
2879 3888 3181 3944 veritatem.

1938 4077 2028 4132 51.
2066 4073 2549 4145 Congregationem
2576 4065 2937 4123 credentium.

1939 4171 2027 4225 52.
2067 4169 2327 4225 Dominus
2357 4174 2548 4230 noster.
2569 4161 2751 4217 Jesus.

1937 4263 2029 4318 55.
2055 4260 2125 4316 Ut
2153 4261 2370 4330 impleat
2395 4256 2562 4328 gratia
2595 4269 2692 4310 sua
2731 4266 2822 4307 cor
2849 4246 3093 4304 omnium
3122 4245 3178 4299 in
3211 4240 3426 4298 miseri-

1869 4353 2052 4407 cordia
2079 4351 2270 4419 ipsius.

1936 4442 2023 4497 54.
2057 4437 2464 4512 Superccelestis
2487 4435 2643 4506 panis
2674 4431 2934 4488 Dominus
2966 4434 3149 4482 noster
3176 4421 3356 4479 Jesus.

1942 4660 2028 4714 55.
2063 4659 2351 4714 Multitudo
2406 4666 2716 4712 sanctorum
2772 4652 2925 4723 plena
2971 4647 3222 4718 operibus
3270 4644 3429 4698 bonis

1872 4752 2157 4806 satiabitur
2183 4752 2357 4824 gratia
2397 4750 2589 4819 ipsius.

1937 4843 2020 4897 56.
2049 4843 2154 4914 Ipsi
2196 4844 2368 4899 sancti
2416 4835 2878 4904 incorruptibiles,
2930 4840 2984 4887 et
3030 4828 3214 4885 mundi
3261 4826 3428 4882 corde

1868 4934 2090 5003 plantati
2120 4937 2171 4988 in
2200 4935 2305 4989 ﬁde
2331 4950 2360 4988 a
2384 4932 2632 4986 Domino.
2663 4927 2894 4980 Libanus
2929 4923 3072 4977 enim
3105 4921 3426 4987 interpreta-

1867 5034 1958 5079 tur
1997 5027 2283 5092 dealbatio,
2315 5026 2460 5097 quod
2504 5021 2758 5079 convenit
2800 5015 3052 5079 Domino,
3089 5012 3181 5083 qui
3214 5007 3426 5064 dealbat

1865 5133 2078 5174 omnes.

1938 5215 2026 5269 57.
2070 5212 2269 5268 Gentes
2294 5211 2348 5264 in
2378 5206 2661 5279 apostolis.

1143 5379 1448 5442 Addenda
1503 5384 1563 5440 et
1595 5373 1968 5453 corrigenda
1997 5389 2077 5434 ex
2107 5369 2246 5431 cod.
2281 5366 2482 5429 Vatic.

267 5525 342 5592 (1)
371 5518 697 5589 Εὑαγγελίου
730 5517 1046 5587 ποιήσαντες
1078 5513 1228 5576 πᾶσι,
1259 5522 1362 5565 etc.

265 5596 340 5662 (2)
366 5594 716 5662 ’Λνάπαυσιν.

265 5659 322 5731 i5
372 5665 474 5716 Τὸν
505 5659 656 5712 Θεόν.

266 5666 343 5800 (ὃ)
378 5736 535 5800 ὀρηι

291 5733 342 5800 ὃ)
378 5736 535 5802 Ὀρη.

266 5735 342 5875 (ὁ)
378 5736 535 5802 Ὀρη.
944 5792 967 5804 _

295 5804 347 5874 5)
378 5797 816 5856 Πιπιστευκότων
843 5794 1026 5847 ἐθνων.

1926 5502 2002 5572 (6)
2032 5500 2203 5572 Αὐτός
2226 5513 2328 5572 pro
2360 5496 2546 5564 ἄρτος.

2607 5555 3071 5630 χορτασθήσονται
3118 5549 3218 5618 τῆς
3264 5541 3423 5619 χάρι-

1852 5643 1942 5705 τός
1972 5659 2087 5695 σου.

1932 5712 2006 5786 (8)
2035 5707 2363 5765 Λευκαίνων.
