4142 6472
193 410 343 467 109⁸2
1110 405 1198 460 DE
1239 402 1515 459 TITULIS
1551 402 2001 461 PSALMORUM.
2044 433 2111 442 —
2149 401 2345 456 PSAL.
2387 399 2517 456 CIII.
3289 399 3421 454 l098

271 526 366 582 52.
394 523 577 578 Πάντα
604 523 662 574 ὲν
693 538 852 592 σοφίᾳ
874 521 1148 591 ἐποίησας·

274 618 368 674 55.
405 613 722 685 Ἐπληρώθη
752 616 784 684 ἡ
810 615 878 684 γῆ
907 615 1002 683 τῆς
1027 611 1251 673 κτίσεώς
1284 628 1394 664 σου.

279 710 370 765 54.
405 708 552 777 Αὕτη
582 709 614 777 ἡ
643 706 881 759 θάλασσα
909 707 941 774 ἡ
975 703 1182 774 μεγάλη
1208 704 1300 756 καὶ
1332 702 1656 772 εὐρύχωρος

278 801 368 857 55.
394 802 540 854 Ἐκεῖ
571 797 771 870 ἑρπετὰ
795 791 868 850 ὧν
897 798 994 850 οὐκ
1020 797 1164 849 ἐστιν
1193 794 1445 866 ἀριθμὸς,

282 893 370 947 56.
407 891 526 946 Ζῶα
555 888 723 961 μικρὰ
753 887 886 958 μετὰ
917 887 1188 957 μεγάλων.

281 985 371 1038 57.
411 983 551 1035 Ἐκεῖ
588 981 745 1032 πλοῖα
769 978 1210 1049 διαπορεύονταιο

282 1076 371 1130 58.
407 1075 628 1144 Δράκων
675 1068 857 1133 οὗτος,
910 1070 968 1122 ὃν
996 1068 1235 1130 ἔπλασας
1275 1066 1562 1136 ἐμπαίζειν
1603 1065 1770 1136 αὐτῷ.

283 1167 374 1222 59.
407 1167 588 1219 Πάντα
616 1165 749 1234 πρὸς
776 1162 835 1214 σὲ
868 1159 1208 1232 προσδοκῶσι
1238 1159 1418 1212 δοῦναι
1444 1159 1541 1230 τὴν
1571 1160 1773 1231 τροφὴν

206 1260 390 1315 αὐτῶν
423 1257 647 1330 [αὐτοῖς]
671 1258 749 1319 είς
771 1254 1019 1324 εὕκαιρον
1036 1269 1049 1284 ’

286 1353 374 1407 60.
405 1352 594 1414 Δόντος
629 1366 718 1402 σου
756 1349 956 1410 αὐτοῖς,
993 1344 1353 1409 συλλέξουσιν.

284 1442 372 1496 6|.
427 1439 756 1506 Ἀνοίξαντός
799 1454 891 1490 σου
925 1433 1005 1506 [δέ
1037 1431 1155 1504 σου]
1186 1432 1285 1504 τὴν
1312 1434 1467 1504 χεῖρα
1490 1473 1504 1496 ,
1539 1431 1606 1484 τὰ
1641 1430 1777 1502 σύμ,-

208 1552 392 1589 παντα
422 1533 818 1604 πλησθήσονται
847 1526 1208 1600 χρηστότητος
1225 1543 1237 1555 ·

284 1627 374 1681 69..
410 1624 869 1695 Ἀποστρέψαντος
887 1621 944 1674 δέ
976 1636 1068 1672 σου
1096 1618 1156 1670 τὸ
1176 1616 1483 1688 πρόσωπον.
1510 1613 1779 1688 ταραχθῦ-

212 1736 421 1772 σοντιι.

284 1811 372 1864 65.
416 1805 742 1867 Ἀντανελεϊς
768 1803 829 1856 τδ
855 1801 1071 1872 πνεῦμα
1093 1798 1291 1862 αὐτῶν,
1320 1795 1415 1848 καὶ
1441 1791 1773 1861 ἐκλείψουσιο

287 1901 375 1955 64.
404 1900 512 1953 Καὶ
538 1901 616 1961 είς
651 1895 740 1949 τὸν
771 1894 898 1965 χοῦν
924 1892 1102 1945 αὐτῶν
1130 1885 1564 1959 ἐπιστρέφουσιν.

289 1993 378 2047 65.
422 1988 825 2057 Ἐξαποστελεῖς
848 1985 908 2041 τὸ
933 1983 1157 2054 Πνεῦμὰ
1185 1999 1276 2035 σου
1298 2019 1313 2045 ,
1345 1979 1436 2032 καὶ
1460 1973 1776 2043 κτισθήσον-

214 2102 310 2140 ται
332 2102 344 2115 ⁸

291 2177 380 2232 66.
407 2176 518 2229 Καὶ
548 2173 878 2234 ἁνακαινιεϊς
906 2166 965 2223 τὸ
991 2168 1276 2240 πρόσωπον
1309 2162 1407 2232 τῆς
1438 2160 1563 2230 γῆς.

286 2269 374 2323 67.
416 2268 567 2322 Ἰιτω
600 2268 634 2338 ἡ
662 2263 786 2329 δόξα
816 2261 1016 2334 Κυρίου
1050 2261 1127 2322 είς
1158 2257 1281 2320 τοὺς
1309 2253 1508 2314 αἰῶνας
1527 2268 1539 2280 ’

289 2364 378 2418 68.
407 2360 848 2432 Εὑφρανθήτεται
890 2354 1088 2424 Κύριος
1125 2350 1216 2404 ἐπὶ
1242 2350 1352 2410 τοῖς
1389 2345 1567 2416 ἔργοις
1595 2338 1777 2432 αὑτοῦ.

292 2456 379 2511 69.
420 2455 479 2507 Ὀ
499 2430 813 2506 γέπιὸλέταυν
843 2448 936 2500 ἐπὶ
963 2446 1059 2517 τὴν
1091 2444 1194 2514 γῆν
1219 2482 1235 2510 ,
1279 2439 1374 2493 καὶ
1408 2434 1572 2490 ποιῶν
1613 2430 1780 2501 αὐτὴν

215 2549 465 2622 τρέμειν.

1800 525 1846 577 Α
1941 518 2029 572 52.
2058 516 2250 571 Omnia
2286 516 2337 569 in
2370 513 2633 584 sapientia
2663 510 2833 566 fecisti
2867 531 2880 565 :

1943 609 2029 662 55.
2057 606 2274 675 lmpleta
2299 617 2381 659 est
2409 614 2551 657 terra
2591 601 2932 670 possessione
2965 610 3079 653 tua.

1944 701 2029 754 54.
2063 699 2174 754 Hoc
2210 714 2358 753 mare
2398 713 2674 767 magnum,
2707 705 2760 749 et
2790 694 3086 764 spatiosum
3133 692 3427 746 manibus:

1944 793 2032 847 55.
2069 793 2181 847 Illic
2215 792 2447 860 reptilia,
2479 804 2708 858 quorum
2746 804 2851 840 non
2880 795 2964 841 est
2993 800 3272 850 numerus,

1944 886 2033 940 56.
2065 885 2333 938 Animalia
2360 882 2554 953 pusilla
2577 896 2700 936 cum
2737 877 2972 949 magnis.

1945 977 2032 1030 57.
2058 976 2168 1030 Illic
2193 991 2354 1029 naves
2389 979 2805 1044 pet-transeunt:

1945 1070 2032 1122 58.
2067 1068 2238 1121 Draco
2261 1067 2382 1130 iste,
2411 1080 2570 1135 quem
2619 1062 2866 1118 formasti
2893 1061 2958 1114 ad
2997 1056 3326 1113 illudendum
3356 1056 3428 1111 ei.

1946 1162 2032 1215 59.
2065 1160 2256 1215 Omnia
2285 1176 2313 1212 a
2350 1169 2400 1212 te
2432 1163 2750 1227 exspectant
2775 1165 2835 1210 ut
2862 1155 2956 1209 des
2982 1168 3165 1207 escam
3191 1153 3428 1221 ipsorum

1878 1251 2053 1325 [ipsis]
2082 1253 2134 1305 in
2168 1261 2408 1319 tempore
2433 1268 2446 1304 :

1946 1345 2036 1398 60.
2063 1343 2234 1397 Dante
2272 1352 2322 1396 te
2352 1341 2478 1405 illis,
2512 1337 2786 1409 colligent.

1945 1437 2033 1491 61.
2064 1436 2345 1506 Aperiente
2387 1429 2615 1506 [autem]
2653 1439 2705 1485 te
2743 1443 2987 1490 manum,
3031 1425 3212 1480 omnia
3242 1422 3433 1492 imple-

1876 1530 2077 1586 buntur
2107 1529 2374 1583 bonitate.

1947 1620 2034 1673 69..
2063 1619 2350 1672 Avertente
2379 1625 2561 1670 autem
2589 1624 2642 1670 te
2667 1612 2893 1678 faciem,
2911 1612 3294 1667 turbabuntur.

1947 1773 2036 1828 63.
2068 1771 2292 1827 Auferes
2325 1769 2576 1841 spiritum
2607 1784 2817 1832 eorum,
2842 1777 2896 1823 et
2919 1766 3167 1822 deﬁcient
3198 1805 3212 1818 .

1807 1875 1849 1930 Β
1945 1863 2032 1919 64,
2063 1862 2129 1917 Et
2163 1863 2214 1916 in
2255 1862 2528 1931 pulverem
2563 1877 2723 1917 suum
2755 1869 3120 1915 revertentur.

1954 1957 2040 2011 65.
2071 1955 2295 2010 Emittes
2316 1954 2578 2024 Spiritqu
2611 1963 2784 2018 tuum,
2815 1961 2870 2006 ct
2897 1951 3218 2007 creabuntur

1953 2159 2041 2215 66.
2071 2157 2136 2212 Et
2163 2157 2448 2213 renovabis
2480 2156 2672 2210 faciem
2696 2159 2870 2208 terrae.

1955 2251 2044 2306 67.
2077 2249 2158 2305 Sit
2183 2250 2350 2320 gloria
2384 2247 2596 2303 Domini
2622 2247 2674 2300 in
2702 2245 2902 2299 saecula
2934 2260 2949 2295 :

1954 2340 2044 2393 68.
2071 2339 2356 2393 Laetabitur
2379 2338 2641 2392 Dominus
2667 2336 2720 2390 in
2752 2334 3005 2404 operibus
3038 2331 3172 2387 suis.

1957 2431 2046 2486 69.
2078 2431 2179 2498 Qui
2206 2431 2422 2500 respicit
2448 2438 2668 2492 terram,
2697 2438 2751 2482 et
2781 2428 2907 2482 facit
2930 2440 3050 2482 eam
3082 2434 3333 2482 tremere.

1335 2725 1700 2787 ATIIANASII
1741 2719 2321 2780 INTERPRETATIO.

293 2950 384 3006 52.
411 2949 592 3003 Πάντα
616 2948 684 3000 τὰ
705 2943 1014 3017 χαρίσματα
1046 2957 1135 2993 σου
1158 2940 1214 2992 ὲν
1235 2941 1299 3009 τῇ
1324 2933 1686 3001 πολυποικίλῳ
1703 2950 1794 2986 σου

221 3042 386 3112 σοφία
415 3039 741 3108 κατήρτισας
769 3035 866 3104 (l).

294 3131 383 3187 55.
422 3129 480 3182 'O
506 3127 705 3198 κόσμος
747 3124 954 3196 (2)16»:
993 3120 1159 3190 ἁγίων
1187 3134 1298 3171 σου.

294 3224 383 3278 54.
426 3223 490 3274 Ἦ
515 3219 827 3291 οἰκουμένη.

294 3316 383 3371 55.
412 3317 473 3368 Oi
506 3313 775 3384 δαίμονες.

293 3408 380 3461 56.
413 3409 473 3460 Οί
495 3406 588 3459 ἄνθ
600 3410 787 3475 ρωποι.

295 3502 382 3556 57.
414 3503 474 3554 υἱ
508 3502 646 3566 ἆγιοι
693 3498 904 3567 ἔχοντες
960 3494 1017 3544 ὲν
1062 3491 1239 3552 αὐτοῖς
1294 3487 1367 3555 (5)
1396 3486 1463 3538 τὰ
1501 3485 1652 3550 λόγια
1688 3480 1783 3533 τοῦ

1965 2933 2053 2987 52.
2081 2932 2274 2987 Omnia
2306 2929 2447 2985 dona
2480 2933 2605 2994 'tua,
2641 2944 2694 2981 in
2733 2925 3027 2982 multifaria
3061 2935 3152 2982 tua
3181 2929 3444 2999 sapientia

1893 3025 2184 3094 perfecisti.

1959 3119 2044 3173 53.
2074 3117 2304 3170 Mundus
2326 3116 2528 3169 sanctis
2566 3114 2690 3167 tuis.

1959 3208 2045 3261 δι.
2072 3205 2231 3261 Orbis
2259 3216 2546 3258 terrarum.
2589 3205 2594 3210 '

1818 3314 1862 3375 ρ
1965 3298 2050 3352 55.
2083 3296 2381 3350 Dte-mones.

1962 3390 2049 3443 56.
2087 3387 2361 3442 llomines.

1960 3482 2050 3535 57.
2084 3479 2267 3533 Sancti
2307 3477 2564 3531 habentes
2617 3476 2668 3528 in
2724 3473 2916 3544 seipsis
2965 3475 3175 3544 eloquia
3219 3474 3337 3542 Det,
3392 3485 3446 3533 et

218 3593 380 3657 Θεοῦ,
404 3591 497 3644 καὶ
517 3590 607 3643 διὰ
624 3589 730 3642 τῶν
747 3587 820 3659 (4)
843 3584 1130 3655 τρέφοντες
1159 3587 1220 3632 τὸ
1255 3580 1408 3650 γένος
1446 3575 1554 3630 τῶν
1579 3571 1786 3643 ἀνθρὼ-

1219 3616 1220 3620 η
1255 3580 1408 3650 γένος
1446 3575 1554 3630 τῶν
1579 3571 1786 3643 ἁνθρὼ-
1891 3572 2091 3630 eisdem
2115 3573 2320 3626 alentes
2345 3571 2640 3651 humanum
2668 3583 2855 3635 genus.

224 3703 344 3738 πων
351 3726 364 3739 ο

298 3776 384 3830 58.
401 3774 460 3828 '0
485 3769 724 3836 διάϐολος
744 3771 772 3823 6
787 3766 861 3836 (5)
884 3763 1344 3834 καταπαιζόμενος
1371 3758 1472 3811 ὑπὸ
1493 3756 1597 3808 τῶν
1619 3754 1786 3824 ἁγίων

223 3883 346 3920 σου.

299 3958 384 4012 59.
417 3955 500 4008 Τὰ
531 3953 656 4020 ἔθνη
691 3949 1074 4018 ἁπεκδὲχονται
1115 3943 1212 3997 τὴν
1243 3941 1390 4012 παρὰ
1428 3940 1519 3993 σοῦ
1562 3947 1786 4010 τροφην,

219 4053 292 4124 ἦν
329 4050 510 4111 αὐτοῖς
536 4045 723 4107 δώσεις
755 4045 811 4095 ὲν
841 4043 1048 4110 εἰρήνη.

298 4141 386 4197 60.
414 4136 712 4199 Δεδωκότος
740 4151 830 4188 σου
860 4133 1040 4193 αὐτοῖς
1065 4164 1078 4192 ,
1111 4127 1206 4190 τὰς
1240 4123 1454 4186 ἐντολάς
1490 4138 1581 4174 σου
1611 4122 1787 4186 δέξον-

222 4255 338 4292 ται.

299 4326 387 4382 61.
415 4321 827 4395 Φανερώσαντος
866 4314 920 4370 δέ
951 4332 1042 4368 σου
1091 4313 1182 4366 τὸν
1212 4309 1416 4380 Κύριον
1449 4308 1574 4362 Υἱὸν
1597 4346 1611 4369 ,
1655 4309 1682 4360 ὀ
1713 4306 1789 4375 (6)

221 4421 429 4490 κόσμος
454 4433 546 4470 σου
563 4412 927 4484 πλησθήσεται
944 4407 1035 4461 τοῦ
1057 4402 1370 4475 Πνεύματός
1391 4418 1481 4454 σου
1501 4399 1594 4452 τοῦ
1614 4399 1787 4467 ἁγίου.

299 4509 388 4564 62.
430 4507 562 4560 Ἀπὸ
588 4505 694 4559 τῶν
735 4501 999 4556 Ίσδδαίων
1042 4496 1481 4568 ἀποστρέψαντος
1522 4492 1580 4545 τὸ
1623 4491 1786 4561 πρόσο

220 4603 374 4657 ωπόν
405 4618 527 4663 σου,
558 4600 634 4660 είς
665 4593 964 4666 ἀφανισμὸν
1002 4592 1211 4645 ἔσονται
1240 4589 1334 4660 (⁵7).

1961 3746 2050 3802 58.
2085 3743 2342 3799 Diabolus
2366 3740 2590 3797 delusus
2621 3757 2650 3795 a
2677 3742 2879 3798 sanctis
2911 3741 3036 3798 tuis.

1965 3930 2051 3983 59.
2081 3926 2278 3982 Gentes
2317 3935 2631 3996 exspectant
2672 3939 2701 3978 a
2759 3935 2808 3979 te
2855 3940 3056 3991 escam,
3107 3941 3268 3996 quam
3316 3927 3446 3998 ipsis

1893 4021 2047 4075 dabis
2081 4020 2132 4073 in
2157 4033 2306 4088 pace.

1964 4108 2049 4166 60.
2082 4111 2223 4166 Cum
2261 4119 2320 4166 tu
2342 4108 2552 4163 dederis
2585 4106 2717 4178 ipsis
2740 4107 2989 4162 mandata
3014 4117 3125 4170 tua,
3154 4107 3444 4178 excipient.

1964 4312 2050 4366 6l.
2091 4308 2469 4365 Manifestante
2522 4317 2702 4361 autem
2767 4317 2818 4361 te
2873 4307 3156 4362 Dominum
3216 4309 3446 4379 Filium,

1897 4406 2132 4462 mundus
2165 4413 2291 4457 tuus
2323 4400 2630 4472 implebitur
2658 4396 2863 4469 Spiritu
2893 4410 3080 4453 sancto
3102 4411 3216 4455 tuo.

1964 4498 2053 4554 62.
2088 4497 2372 4551 Avertente
2399 4501 2453 4550 te
2481 4493 2670 4550 faciem
2705 4501 2854 4548 tuam
2891 4507 2920 4547 a
2962 4493 3161 4548 Iudaeis
3201 4491 3268 4549 ad
3305 4494 3447 4550 nilni-

1897 4591 2007 4646 Ium
2033 4589 2359 4658 redigentur.

296 4689 387 4744 63.
408 4687 590 4760 Λάδης
612 4687 710 4758 τὴν
728 4685 884 4756 χάριν
911 4683 1001 4736 ἀπ’
1018 4679 1216 4744 αὐτῶν,
1246 4678 1338 4731 καὶ
1357 4673 1782 4744 διαλυθήσονται.
1819 4677 1863 4732 ι)

1592 4690 1782 4726 πονται.
1819 4677 1863 4732 D
1962 4680 2051 4735 65.
2077 4679 2301 4732 Auferes
2331 4677 2558 4747 gratiam
2590 4675 2659 4731 ab
2691 4675 2842 4745 ipsis,
2870 4686 2923 4731 et
2961 4677 3228 4745 peribunt.

299 4779 387 4834 66.
418 4780 527 4832 Καὶ
556 4781 612 4831 ἐν
643 4779 709 4848 τῇ
741 4774 982 4847 ἁμαρτίᾳ
1019 4771 1196 4825 αὐτῶν
1221 4768 1624 4838 ὲναπομένωσιν
1655 4764 1756 4836 (8).

297 4869 386 4924 65.
429 4870 550 4923 Ἐπὶ
582 4870 706 4932 τοὺς
741 4866 1090 4928 πιστεύοντας
1118 4863 1198 4924 είς
1232 4861 1315 4914 σέ.

296 4962 385 5018 66.
405 4962 513 5016 Καὶ
528 4960 846 5023 ἁνανεώσεις
869 4958 964 5029 τὴν
982 4957 1216 5012 διάνοιαν
1231 4953 1332 5024 τῆς
1348 4951 1573 5024 καρδίας
1591 4950 1790 5004 αὐτῶν.

299 5051 389 5117 67,
422 5053 508 5108 68.
537 5054 611 5125 (9)
638 5053 762 5114 Τοῖς
788 5051 983 5119 ἁγίοις.

301 5145 387 5200 69.
418 5145 542 5199 Ἐπὶ
568 5146 628 5197 τὸ
663 5145 911 5213 σύστημα
941 5139 1054 5195 τῶν

1961 4772 2050 4828 66.
2079 4770 2146 4825 Et
2172 4772 2225 4826 in
2257 4779 2475 4841 peccato
2491 4784 2593 4824 suo
2622 4769 3031 4840 permanebunt.

1962 4859 2050 4916 65.
2077 4859 2251 4929 Super
2287 4859 2567 4914 credentes
2595 4859 2650 4912 in
2681 4871 2757 4912 te.

1963 4952 2049 5008 b6.
2086 4951 2151 5004 Et
2175 4952 2460 5006 renovabis
2494 4961 2727 5006 mentem
2749 4949 2928 5006 cordis
2959 4963 3169 5004 eorum.

1964 5044 2052 5109 67,
2081 5043 2170 5099 68.
2195 5041 2252 5097 In
2277 5043 2498 5099 sanctis.

1964 5133 2051 5190 69.
2079 5133 2392 5189 Demonum
2425 5141 2648 5188 emtum.

1175 5312 1480 5378 Addenda
1526 5315 1585 5372 et
1613 5304 1985 5385 corrigenda
2015 5326 2097 5371 ex
2142 5308 2284 5372 cod.
2310 5309 2507 5371 Vatic.

358 5632 378 5763 )
419 5631 675 5691 Ἑαυτοίς.

405 5699 483 5752 Δι’
517 5699 675 5753 αὑτῶε

405 5699 483 5752 Δι’
517 5699 718 5753 αὐτῶν.

321 5769 375 5840 5)
408 5769 467 5823 '0
499 5771 666 5822 deest.

508 5870 771 5928 Parnm.
820 5865 936 5925 GR.
985 5864 1242 5926 XXVII.

326 5489 379 5559 ι)
407 5489 740 5560 κατήρτξςαο

326 5492 379 5559 I)
407 5492 740 5560 Κατήρτισα.

322 5560 377 5624 ‘2)
414 5557 736 5647 :Errlnptbfm
760 5558 790 5613 6
816 5554 1036 5624 κόσμος,
1067 5569 1169 5614 etc.

321 5769 375 5840 5)
408 5769 467 5823 '0
499 5771 666 5822 deest.

322 5699 356 5752 4

1961 5485 2042 5623 ἔϐ)
2072 5486 2177 5541 Τὸν
2198 5485 2327 5540 Υίόν
2357 5502 2448 5540 σου
2474 5524 2488 5546 ,
2516 5484 2568 5548 ό,
2599 5492 2702 5537 etc.

1988 5556 2040 5620 7)
2067 5559 2405 5623 Γενήσονται.

1988 5556 2040 5628 '_l)
2067 5559 2405 5628 Γενήσονται.

1966 5626 2042 5690 (8)
2077 5626 2544 5719 Ἐναπομείνωσιν.

1968 5696 2040 5719 ιηι
2067 5697 2106 5719 Μ
2173 5700 2218 5719 ιιι
2303 5699 2320 5719 Α
2344 5696 2441 5719 __.!
2456 5712 2586 5719 -___-
2657 5693 2700 5719 \T
2753 5693 2819 5719 co
2868 5693 2992 5719 νην-
3021 5695 3040 5719 .'

1967 5696 2042 5764 (9)
2065 5697 2106 5749 Ν
2173 5700 2218 5724 ⁶“¹
2272 5691 2606 5757 ⁴Λπαύστως.
2657 5693 2722 5750 N.
2753 5693 2840 5748 68.
2868 5693 2992 5756 τοῖς
3018 5691 3206 5758 ἁγίοις.

3063 5854 3138 5914 35
