4142 6476
204 410 348 466 1101
1130 410 1215 464 DE
1256 413 1530 469 TITL'LIS
1569 416 1837 475 PSALMO

1822 419 2009 475 lllUM.
2053 421 2333 478 —PSAL.
2376 423 2509 480 CIV.
3324 430 3458 484 1102

287 527 375 583 10.
401 527 479 581 Τὰ
501 528 698 600 τέρατα
727 529 890 583 αὐτοῦ
914 569 928 592 ,
964 528 1056 583 καὶ
1093 530 1160 583 τὰ
1185 534 1426 602 κρίματα
1456 535 1549 588 τοῦ
1581 539 1782 608 στόμα-
1814 548 1857 600 Α

1465 535 1549 588 τοῦ
1581 539 1782 608 στόμα-
1814 548 1857 600 Α
1958 542 2042 596 10.
2073 541 2322 615 Prodigia
2361 549 2500 616 ejus,
2530 546 2802 615 etjudieia
2829 545 2940 601 oris
2964 543 3101 614 ejus.

201 637 306 686 τος
344 637 530 675 αυτου.

289 714 370 767 11.
406 715 630 786 Σπέρμα
671 716 917 787 Ἀϐραὰμ
946 716 1122 769 δοῦλοι
1154 717 1339 780 αὑτοῦ,

1279 717 1339 780 ὑ,
1957 725 2038 777 11.
2071 724 2265 780 Semen
2298 728 2569 781 Abraham
2603 730 2744 782 servi
2777 729 2915 798 ejus,

286 805 374 860 12,
413 806 530 859 Υἱοὶ
573 807 763 860 Ἰακὼὸ
795 807 1038 860 ἐκλεκτοὶ
1071 807 1257 862 αὑτοῦ.

1099 807 1257 862 ιὺτοῦ.
1960 815 2041 870 12.
2073 814 2193 869 Filii
2224 814 2393 871 Jacoh
2422 819 2574 871 electi
2597 818 2735 886 ejus.

285 895 372 950 15.
408 896 576 958 Αὐτὸς
616 897 818 966 Κύριος
859 899 886 950 ὁ
919 895 1050 958 Θεὸς
1083 895 1238 965 ⁴ἡμῶν
1260 937 1273 959 ,

1260 937 1273 959 ,
1954 905 2038 960 15.
2071 907 2189 976 Ipse
2220 910 2481 964 Dominus
2507 909 2648 963 Deus
2683 919 2887 974 noster,

285 987 372 1041 14.
423 989 508 1040 Ἐν
539 990 683 1059 πάσῃ
717 992 781 1059 τῇ
814 993 884 1059 γῇ
919 989 985 1041 τὰ
1013 991 1253 1060 κρίματα
1287 987 1472 1046 αὐτοῦ.

1345 987 1472 1046 ιτοῦ.
1953 996 2038 1050 14.
2072 998 2128 1050 1η
2163 997 2415 1053 universa
2451 1009 2590 1054 terra
2615 1000 2819 1069 judicia
2844 999 2981 1066 ejus.

279 1081 368 1134 15.
412 1081 685 1152 Ἐμνήσθη
715 1085 793 1144 εἰς
823 1082 912 1134 τὸν
943 1084 1113 1136 αἰῶνα
1145 1083 1405 1154 διαθήκης
1432 1083 1616 1151 αὑτοῦ,

1609 1126 1616 1147 .
1953 1087 2037 1140 15.
2076 1087 2279 1142 Memor
2313 1088 2416 1144 fuit
2440 1093 2492 1145 in
2517 1092 2772 1146 smeulum
2807 1093 3111 1144 testamenti
3140 1088 3245 1152 sui,

280 1172 366 1228 16.
400 1173 592 1240 Λόγου.
621 1167 680 1225 οὗ
708 1173 1009 1227 ἐνετείλατο
1037 1177 1116 1239 εἰς
1153 1174 1329 1244 χιλίας
1360 1178 1568 1244 γενεάς.

1951 1175 2039 1228 16.
2076 1173 2256 1241 Verbi,
2281 1181 2425 1246 quod
2459 1182 2738 1235 mandavit
2777 1181 2831 1234 in
2872 1180 3017 1234 mille
3043 1178 3440 1250 generationes.

281 1264 368 1318 17.
405 1269 500 1317 Ὂν
531 1265 732 1317 διέθετο
767 1266 841 1336 τῷ
877 1267 1145 1338 Ἀϐραὰμ,

1951 1268 2037 1323 17.
2064 1270 2219 1336 Quod
2246 1272 2517 1340 disposuit
2543 1273 2841 1336 Abraham,

276 1355 364 1409 18.
402 1358 508 1410 Καὶ
536 1357 627 1409 τοῦ
661 1359 822 1427 ὅρκου
854 1358 1017 1411 αὑτοῦ
1053 1360 1130 1430 τῷ
1169 1360 1372 1414 Ἰσαάκ.

1125 1383 1130 1407 ι
1169 1360 1372 1414 Ἰσαάκ.
1949 1359 2035 1417 18.
2067 1361 2129 1416 Et
2151 1363 2442 1430 juramenti
2472 1367 2552 1417 sui
2594 1362 2761 1419 Isaac.

277 1449 364 1504 19.
399 1451 507 1503 Kal
538 1449 766 1519 ἔστησεν
802 1450 963 1503 αὑτὸν
990 1450 1066 1520 τῷ
1103 1451 1292 1504 Ἰακὼὸ
1323 1455 1400 1516 εἰς
1432 1453 1756 1524 πρόσταγμα

1512 1453 1756 1524 ὁσταγμα
1949 1452 2034 1507 19.
2065 1451 2128 1506 Et
2157 1455 2343 1508 statuit
2369 1455 2495 1507 illud
2517 1452 2683 1508 Jacob
2712 1455 2763 1507 in
2795 1461 3148 1523 praeceptum,

271 1541 364 1594 20.
399 1543 505 1594 Kal
529 1541 608 1611 τῷ
654 1541 867 1611 Ἰσραὴλ
897 1543 976 1605 εις
1003 1541 1271 1614 διαθήκην
1299 1543 1532 1596 αἰώνιον.

1499 1561 1532 1595 θ.
1947 1544 2038 1599 20.
2071 1545 2135 1599 Ει
2159 1547 2320 1601 Israel
2351 1549 2403 1601 in
2432 1557 2813 1602 testamentum
2849 1556 3135 1602 internum.

269 1633 362 1687 21.
398 1635 584 1702 Λὲγων
658 1634 748 1686 Σοὶ
781 1632 934 1685 δώσω
963 1634 1060 1704 τὴν
1091 1637 1195 1705 γῆν
1225 1636 1443 1688 Χαναὰν
1480 1652 1494 1664 '

1945 1632 2034 1685 21.
2073 1632 2305 1688 Diceris:
2339 1631 2458 1689 Tibi
2481 1637 2622 1689 dabo
2659 1645 2857 1690 terram
2884 1636 3165 1700 Chanaan,

269 1726 362 1779 22.
388 1726 681 1796 Σχοίνισμα
711 1725 1070 1798 κληρονομίας
1103 1727 1277 1797 ὑμῶν.

1945 1724 2032 1776 22.
2073 1723 2395 1780 Funiculum
2438 1729 2770 1783 haereditatis
2795 1737 2990 1781 vestrae

267 1819 360 1873 25.
408 1820 495 1871 Ἐν
524 1818 598 1889 τῷ
629 1814 765 1871 εἶναι
796 1819 990 1883 αὐτοὺς
1023 1819 1239 1889 ἀριθμῷ
1273 1819 1515 1889 βραχεῖς⁹

1423 1820 1515 1883 ιτς,
1944 1816 2031 1868 25.
2067 1815 2203 1869 Cum
2234 1828 2417 1871 essent
2445 1818 2545 1886 ipsi
2581 1836 2808 1872 numero
2840 1819 3059 1882 modici,

266 1910 358 1963 24.
406 1910 738 1978 Ὀλιγοστοϋς
765 1913 858 1963 καὶ
888 1910 1182 1980 παροίκους
1207 1913 1262 1963 ὲν
1292 1910 1450 1981 αὐτῇ.
1803 1907 1846 1964 Β

1219 1918 1262 1963 εν
1292 1910 1450 1981 αὐτῇ,
1803 1907 1846 1964 Β
1943 1903 2032 1958 21.
2068 1904 2387 1962 Paucissiini
2412 1919 2463 1963 et
2492 1910 2683 1964 incolae
2716 1912 2855 1980 ejus.

264 2001 360 2054 25.
381 2003 488 2055 Καὶ
511 2002 722 2072 διῆλθεν
755 2001 814 2066 ἐξ
847 2001 1030 2064 ἔθνους
1063 2004 1142 2063 εἰς
1167 2001 1315 2065 ἔθνος
1337 2019 1351 2033 ο

1949 1997 2038 2051 25.
2075 1998 2137 2052 Et
2167 2001 2598 2069 pertransierunt
2627 2003 2694 2056 de
2724 2013 2879 2072 gente
2909 2005 2960 2058 in
2994 2016 3208 2076 gentem
3237 2023 3252 2062 :

266 2095 358 2148 26.
387 2095 494 2146 Kal
520 2096 582 2146 ἐκ
613 2092 888 2162 βασιλείας
922 2093 1002 2154 εἰς
1025 2092 1150 2144 λαὸν
1187 2093 1394 2162 ἕτερον.

1948 2091 2033 2144 26.
2072 2090 2135 2146 Et
2163 2093 2228 2147 de
2253 2108 2419 2163 regno
2451 2095 2516 2146 ad
2544 2096 2801 2164 p0pulum
2833 2097 3085 2153 alterum.

1313 2288 1681 2346 ATHANASII
1724 2292 2308 2354 INTERPRETATIO.

270 2447 356 2503 10.
379 2447 443 2500 Αἱ
475 2448 642 2515 ἰάσεις
675 2452 767 2504 καὶ
789 2453 844 2504 αἱ
867 2449 1203 2504 διδασκαλίαι
1232 2447 1326 2502 τοῦ
1350 2448 1508 2518 λόγου
1537 2452 1636 2520 τῆς
1667 2452 1764 2520 χά-

1940 2452 2027 2506 10.
2066 2453 2410 2523 Sanationes,
2456 2470 2508 2512 et
2546 2457 2807 2514 doctrina:
2850 2461 2999 2516 verbi
3031 2467 3218 2534 gratiae
3265 2469 3437 2540 ipsius

190 2556 343 2608 ριτος
377 2540 539 2593 αὐτοῦ
568 2544 669 2612 (1).

267 2630 350 2683 11.
380 2633 443 2684 Οἱ
469 2636 648 2685 πιστοὶ
681 2636 754 2696 ὡς
785 2633 1057 2703 Ἀϐραάμ.

1950 2630 2030 2684 11.
2061 2630 2272 2688 Fideles
2303 2635 2442 2688 sicut
2474 2637 2768 2692 Abraham.

268 2723 352 2779 12.
383 2725 445 2776 Οἱ
480 2724 764 2777 ἀπόστολοι.
797 2726 869 2787 ὡς
896 2723 1086 2777 Ἰακὼὸ
1107 2763 1120 2787 ,
1147 2722 1394 2776 τουτέστι
1439 2724 1668 2795 καθαροὶ
1699 2726 1766 2794 τῇ

1943 2725 2026 2777 12.
2065 2724 2313 2788 Apostoli
2363 2728 2500 2781 sicut
2538 2726 2726 2784 Jacob.
2763 2733 2865 2786 hoc
2910 2742 2992 2786 est
3029 2735 3216 2789 mundi
3244 2737 3443 2796 corde:

186 2815 412 2886 καρδίᾳ.

267 2908 353 2962 15.
394 2909 450 2962 Ὀ
482 2908 538 2975 ἐξ
563 2910 735 2982 ἀρχῆς
765 2908 924 2972 αὐτὸς
950 2908 1042 2961 καὶ
1074 2907 1163 2959 ἐπὶ
1190 2908 1290 2976 γῆς
1315 2906 1499 2975 ὀφθείς

1942 2898 2030 2953 15.
2060 2900 2160 2965 Qui
2187 2916 2214 2954 a
2248 2902 2535 2974 principio,
2575 2905 2713 2958 idem
2753 2916 2804 2960 et
2829 2906 2880 2959 in
2912 2918 3053 2963 terra
3080 2912 3227 2966 visus
3249 2922 3349 2967 est.

269 3001 354 3055 14.
390 3002 470 3056 Τὰ
501 3004 557 3054 ὲν
589 3005 698 3064 τοῖς
749 2999 1097 3066 [εὐαγγελίοις
1132 2999 1526 3069 προστάγματα
1577 2999 1763 3055 αὑτοῦ.

1942 2989 2026 3043 ll.
2063 2989 2333 3061 Praecepta
2356 2993 2496 3062 ejus,
2518 3010 2637 3063 qua:
2661 2993 2712 3048 in
2738 2993 3042 3067 Evangeliis
3065 3005 3415 3055 continentur

270 3094 352 3149 15.
381 3096 726 3166 Ἐπλήρωσεν
748 3095 805 3146 ὲν
826 3093 1001 3164 καιρῷ
1029 3093 1240 3163 ἐσχάτῳ
1260 3092 1326 3145 τὰ
1349 3094 1474 3164 περὶ
1495 3093 1592 3163 τῆς
1619 3093 1770 3164 βασι-

1941 3080 2025 3133 15.
2057 3081 2294 3149 Implevit
2318 3085 2370 3136 in
2402 3094 2643 3154 tempore
2673 3088 2972 3141 novissimo
3008 3104 3129 3158 qua:
3164 3091 3230 3144 de
3268 3106 3435 3161 τρευο

186 3187 344 3250 λείας
372 3187 436 3239 αὐ
445 3186 559 3240 τοῦ.

1870 3187 1970 3225 suo
2000 3174 2344 3240 promiserat.

263 3278 350 3332 16.
388 3279 522 3348 Περὶ
552 3278 643 3331 τοῦ
669 3278 871 3341 πάθους
901 3278 1083 3334 αὑτοῦ.
1110 3272 1172 3332 οὗ
1201 3279 1459 3349 προέλεγε
1489 3279 1610 3332 καθ’
1634 3281 1764 3334 ἑκά-

1943 3260 2030 3316 16.
2060 3260 2133 3315 De
2163 3265 2413 3330 paSsione
2447 3279 2567 3330 sua,
2604 3282 2766 3335 quam
2812 3270 3064 3339 pradixit
3106 3273 3159 3327 in
3207 3277 3437 3346 singulis

188 3388 328 3442 στην
353 3371 543 3440 γενεὰν
570 3370 657 3424 διὰ
683 3369 792 3422 τῶν
818 3369 1130 3441 προφητῶν.
1794 3380 1824 3441 ί

1794 3380 1841 3441 c
1872 3355 2309 3426 generationibus
2339 3371 2433 3424 per
2464 3358 2777 3426 prophetas.

267 3462 355 3517 17.
386 3462 507 3514 Ὀτι
540 3458 659 3514 εἷπε
686 3459 762 3529 τῷ
789 3459 1040 3530 Ἀϐραάμ
1059 3475 1072 3488 ·
1113 3460 1301 3512 Ἔσται
1332 3458 1393 3512 τὸ
1427 3461 1645 3531 σπέρμα
1675 3477 1769 3514 σου

1945 3446 2029 3502 17.
2060 3445 2327 3512 Quoniam
2373 3447 2510 3502 dixit
2548 3449 2820 3508 Abraham
2858 3467 2877 3510 ξ
2917 3451 3032 3508 Erit
3071 3469 3254 3513 semen
3283 3465 3435 3515 tuum

190 3554 270 3619 ὡς
301 3555 371 3608 τὰ
408 3553 582 3622 ἄστρα
625 3551 716 3604 τοῦ
751 3551 981 3618 οὐρανοῦ
1013 3550 1092 3620 τῷ
1131 3548 1324 3618 πλήθει
1356 3550 1450 3602 καὶ
1489 3551 1566 3621 τῷ
1610 3551 1766 3619 φωτί.

1412 3550 1450 3601 ιι
1489 3551 1566 3621 τῷ
1610 3551 1766 3619 φωτί,
1871 3537 2010 3592 sicut
2039 3549 2184 3591 astra
2206 3540 2326 3593 coeli
2359 3542 2719 3603 multitudine,
2754 3552 2804 3597 et
2835 3543 2954 3600 luce
2983 3547 3048 3600 ".

272 3644 356 3699 18.
388 3645 496 3698 Kal
530 3645 628 3714 τὴν
664 3643 844 3697 πίστιν
879 3642 1025 3714 αὑτῷ
1057 3642 1133 3714 τῷ
1162 3641 1275 3713 λαῷ
1304 3643 1399 3714 τῆς
1433 3643 1651 3714 χάριτος
1690 3643 1768 3711 (5)

1941 3627 2026 3681 18.
2060 3627 2124 3681 Et
2149 3629 2301 3682 ﬁdem
2336 3631 2507 3683 eidem
2537 3632 2737 3699 populo
2767 3633 2951 3703 gratia:
2983 3632 3231 3710 [lmtitize]
3267 3657 3282 3704 ;
3314 3655 3435 3693 nam

188 3735 438 3810 [χαρᾶς].
462 3737 661 3808 Ὅρκος
709 3735 816 3807 γὰρ
863 3735 1044 3798 πίστις
1084 3735 1252 3791 ἐστίν.
1279 3733 1484 3789 Ἰακὼϐ
1507 3734 1562 3788 δὲ
1594 3734 1766 3804 ἑρμη-

1863 3719 2233 3788 juramentum
2283 3721 2414 3776 lldes
2458 3731 2558 3776 est.
2599 3721 2763 3776 Jacob
2811 3735 2990 3780 autem
3052 3727 3438 3799 interpretatur

194 3831 412 3883 veiosut
448 3829 641 3897 χάρις.

448 3829 641 3897 χάρις.
1867 3813 2064 3883 gratia.

272 3917 331 3970 19
388 3918 494 3969 Καὶ
525 3916 838 3985 ἐπλήρωσεν
875 3914 1040 3984 αὐτὴν
1069 3913 1363 3968 ἀσάλευτον
1403 3915 1502 3984 τὴν
1527 3915 1734 3981 ὶπαγγε
1754 3941 1766 3952 -

1940 3903 2024 3956 l9.
2057 3902 2122 3955 Et
2152 3903 2392 3974 implevit
2422 3905 2594 3974 ipsam
2648 3907 3150 3963 incommutabilem
3200 3913 3434 3980 promis-

186 4012 312 4063 λίαν
338 4007 436 4076 τῆς
464 4006 696 4070 πίστεως
725 4006 802 4075 τῷ
831 4005 944 4075 λαῷ
980 4003 1057 4075 τῷ
1083 4004 1153 4058 τὰ
1185 4003 1312 4076 τέλη
1348 4005 1455 4058 τῶν
1497 4004 1766 4057 Ἰουδαίων

1868 3996 2072 4048 sionem
2104 3995 2224 4049 ﬁdei
2251 3998 2447 4066 populo
2470 3998 2740 4053 detinenti
2764 4002 3060 4056 novissima
3093 4001 3428 4060 Iudaeorum.

190 4100 540 4168 κατασχόντι.

257 4191 348 4263 2Q.
380 4192 488 4261 Kal
525 4193 636 4253 τοῖς
689 4189 1006 4254 ἀποστόλοις
1072 4191 1166 4242 καὶ
1222 4191 1332 4251 τοῖς
1387 4188 1562 4257 ἁγίοις
1629 4188 1763 4240 πᾶσι

1936 4174 2024 4228 20.
2065 4173 2129 4228 Ει
2170 4175 2432 4242 apostolis
2479 4187 2532 4231 et
2583 4178 2788 4232 sanctis
2829 4179 3083 4234 omnibus
3125 4179 3432 4238 videntibus

182 4287 303 4345 τοῖς
323 4283 519 4353 ὁρῶσιν
543 4283 701 4334 αὑτὸν
727 4285 784 4335 ἐν
809 4281 1112 4350 ὁμοιώματι
1158 4278 1478 4349 ἀνθρώπων,
1519 4279 1612 4330 καὶ
1631 4279 1762 4346 ὁμο-

1865 4281 1989 4322 eum
2035 4267 2085 4320 in
2137 4268 2548 4323 similitudinem
2600 4270 2882 4324 hominum
2933 4280 2988 4326 et
3044 4273 3429 4330 conﬁtentibus

183 4372 437 4441 λογοῦσιν
467 4371 647 4436 αὑτὸν,
678 4371 752 4433 ὡς
796 4370 927 4422 Θεὸν
954 4370 1030 4439 (4)
1084 4371 1204 4421 κατ’
1228 4367 1434 4429 οὐσίαν,
1487 4366 1672 4437 ῶσπερ
1727 4369 1760 4419 ό

1864 4375 1988 4414 eum
2017 4370 2073 4413 ut
2102 4359 2265 4414 Deum
2301 4363 2596 4415 secundum
2628 4364 2942 4428 essentiam,
2968 4365 3426 4433 quemadmodum

200 4463 443 4532 Ἰσραὴῑ
469 4461 622 4530 ὀρῶν
641 4462 748 4516 τὸν
775 4463 943 4515 Θεόν.

1868 4452 2035 4506 Israel
2059 4452 2234 4506 videns
2269 4453 2432 4504 Deum
2465 4454 2865 4521 interpretatur.

261 4555 351 4608 21.
380 4554 566 4621 Λέγων
597 4553 674 4621 τῷ
703 4552 848 4623 χορῴ
882 4552 989 4604 τῶν
1021 4550 1334 4603 ἀποστόλων
1361 4567 1372 4578 ·
1427 4549 1584 4619 Ὑμῖν
1607 4545 1762 4600 δώσω

1933 4547 2016 4599 21.
2053 4543 2242 4600 Diceus
2259 4546 2426 4599 choro
2447 4547 2809 4614 apostolorum
2832 4565 2846 4603 :
2869 4547 3032 4602 Vobis
3050 4548 3190 4606 dabo
3210 4567 3423 4607 omnem

189 4646 372 4698 πάντα
393 4644 482 4696 τὸν
503 4644 704 4713 κόσμον
731 4641 838 4694 τῶν
869 4640 1062 4694 ἐθνῶν.
1088 4641 1326 4693 Χαναὰν
1341 4639 1447 4709 γὰρ
1469 4637 1764 4709 ἑρμηνεύεο

1865 4638 2124 4689 mundum
2149 4635 2410 4705 gentium.
2438 4634 2707 4688 Chanaam
2730 4639 2872 4692 enim
2913 4639 3297 4709 interpretatur
3331 4644 3426 4695 ade

184 4754 281 4790 ται
297 4733 655 4803 προσκυνῶν
676 4733 789 4802 τὴν
808 4733 881 4804 (5)
909 4733 1182 4801 ἀνομίαν,
1200 4733 1334 4802 ὅπερ
1357 4726 1495 4800 ἦσαν
1522 4729 1585 4782 τὰ
1609 4729 1754 4801 ἔθνη.
1790 4751 1820 4803 ι]

1401 4747 1495 4782 σαν
1522 4729 1585 4782 τὰ
1609 4729 1754 4801 ἔθνη.
1790 4751 1834 4803 υ
1864 4743 2020 4780 orans
2046 4728 2396 4796 iniquitatem,
2427 4728 2618 4796 quales
2649 4739 2802 4783 erant
2831 4739 3037 4798 gentes.

260 4827 352 4883 22.
405 4826 731 4898 Ἀπέραντον
752 4825 952 4895 πλῆθος
989 4824 1086 4894 τῆς
1119 4820 1480 4894 κληρονομίας
1511 4822 1538 4873 ὑ
1548 4819 1684 4891 μῶν.

1931 4818 2022 4871 2‘2.
2049 4817 2314 4872 Inlinitam
2343 4819 2738 4872 multitudinem
2772 4820 3106 4876 [Hereditatis
3134 4830 3329 4878 vestrae

263 4920 354 4973 25.
387 4915 564 4972 Ἦσαν
591 4919 699 4990 γὰρ
725 4917 952 4971 δώδεκα.

1927 4911 2016 4964 25.
2057 4912 2221 4963 Erant
2247 4911 2390 4964 enim
2413 4911 2720 4965 duodecim.

260 5005 349 5058 24.
399 5005 632 5068 ’ἰδιώτας
655 5004 731 5075 τῷ
756 5005 916 5075 λόγῳ.
953 5005 1044 5057 καὶ
1074 5003 1317 5072 πτωχοὺς
1352 5002 1407 5053 ὲν
1437 5002 1515 5072 τῷ
1541 5001 1753 5071 κόσμῳ.

1623 5018 1753 5071 ςμῳ.
1923 5003 2009 5055 21.
2041 5004 2301 5057 Sermone
2331 5004 2569 5072 imperiti
2599 5014 2651 5058 et
2681 5019 2945 5074 pauperes
2976 5005 3029 5058 in
3058 5005 3259 5060 mundo

260 5095 350 5150 25.
384 5097 762 5166 Κηρύσσοντες
785 5095 881 5167 τὴν
910 5094 1181 5166 βασιλείαν
1205 5093 1294 5147 τοῦ
1327 5093 1463 5146 Θεοῦ
1499 5094 1598 5164 (6).

1178 5093 1294 5147 ντοῦ
1327 5093 1463 5146 Θεοῦ
1499 5094 1598 5164 (6).
1922 5096 2009 5148 25.
2044 5095 2407 5149 Prazdicantes
2441 5111 2666 5165 regnum
2705 5094 2814 5150 Dei.

259 5187 349 5242 26.
382 5189 489 5240 Kal
518 5189 581 5239 ὲκ
599 5186 693 5239 τοῦ
719 5187 847 5240 λαοῦ
871 5187 979 5240 τῶν
1016 5186 1283 5240 Ἰουδαίων
1310 5184 1523 5255 διῆλθον
1550 5184 1688 5253 κηρύ
1700 5202 1756 5236 σο

1921 5188 2010 5240 26.
2043 5186 2107 5240 Ει
2157 5187 2224 5240 de
2264 5187 2466 5255 populo
2516 5185 2829 5242 Iudaeorum
2879 5198 3313 5258 pertransierunt
3353 5186 3419 5243 ad

190 5296 377 5342 σοντες
408 5279 489 5342 εις
513 5279 583 5332 τὰ
611 5278 758 5350 ἔθνη.

1855 5278 2254 5346 praedicandum
2286 5278 2337 5330 in
2364 5277 2613 5348 gentibus

261 5414 308 5445 "
345 5413 478 5468 Gen.
508 5432 596 5478 xv,
624 5415 658 5468 5
689 5431 702 5477 ;
744 5430 854 5478 xvi,
891 5412 976 5464 l0.

1135 5506 1438 5569 Addenda
1475 5514 1536 5566 et
1571 5502 1940 5583 corrigenda
1973 5519 2049 5564 ex
2098 5500 2239 5561 cod.
2270 5501 2468 5562 Vatic.

281 5660 332 5729 1)
361 5657 594 5729 Χάριτός
623 5675 734 5712 σου.
802 5727 811 5729 4
2034 5654 2124 5729 Et;
2150 5650 2302 5729 Geov,
2336 5661 2440 5706 etc.

281 5660 332 5728 1)
361 5659 594 5729 Χάριτός
623 5675 734 5712 σου.

256 5659 334 5799 12)
369 5728 616 5800 Ἐπὶμτῆς
654 5731 754 5799 γῆς
781 5727 956 5800 ὢφθτιι
1308 5796 1344 5800 __
1432 5795 1440 5800 .
1528 5793 1576 5800 -.

723 5698 734 5712 ,
1928 5659 2002 5720 (ι)
2035 5659 2124 5714 Εἰς
2150 5659 2302 5714 Θεόν,
2336 5667 2352 5704 ε

716 5747 754 5799 ις
781 5727 956 5800 ὢφθτιι
1308 5796 1344 5800 __
1432 5795 1440 5800 _
1528 5793 1576 5800 -.
1928 5721 2157 5800 (5917i!
2187 5723 2352 5800 δεθείς

259 5790 336 5865 15)
354 5798 524 5852 Αὖτοῦ
797 5790 895 5869 τῆς
919 5790 1155 5870 tigno;
1176 5795 1490 5863 elc.,‘laaax
1523 5793 1603 5861 δέ,
1635 5803 1741 5851 etc.
1929 5792 2000 5863 (6)
2025 5790 2157 5843 Θεοῦ
2189 5794 2265 5854 εἰς
2287 5791 2460 5845 πάντα
2493 5792 2562 5844 τὰ
2591 5791 2740 5868 ἔθνη.
