4142 6478
737 385 874 443 1103»

807 507 873 557 27
932 502 1046 557 Non
1074 500 1285 570 reliquit
1319 501 1590 554 hominem
1633 512 1825 553 nocere
1858 498 1971 552 eis:

805 598 894 650 28.
922 594 987 647 Et
1014 592 1273 661 corripuit
1300 606 1397 660 pro
1424 591 1501 644 eis
1532 605 1703 659 reges.

803 687 892 742 29.
930 683 1100 738 Nolite
1128 692 1345 750 tangere
1381 682 1616 736 cliristos
1652 698 1803 738 meos
1828 725 1842 738 .

808 774 893 829 30.
932 775 991 827 Et
1026 774 1076 827 in
1108 773 1382 841 prephetis
1414 770 1546 825 meis
1578 772 1745 826 nolite
1774 772 2085 842 malignari.

807 866 893 919 51.
932 865 993 918 Et
1020 864 1229 918 vocavit
1266 862 1461 916 famem
1485 878 1648 931 super
1679 874 1917 919 terrain:

807 957 893 1011 32.
930 956 1099 1009 Omne
1132 959 1527 1009 firmamentum
1551 954 1710 1025 panis
1737 956 2010 1010 contrivit.

807 1051 891 1104 55.
930 1050 1070 1103 Misit
1091 1058 1215 1102 ante
1245 1064 1339 1102 eos
1374 1048 1549 1101 virum
1576 1063 1589 1100 :

808 1141 878 1195 3i
927 1140 984 1194 In
1006 1156 1216 1195 servum
1248 1138 1587 1195 venundatus
1616 1148 1700 1195 est
1719 1136 1940 1209 Joseph.

810 1235 898 1286 55.
930 1232 1359 1285 llumiliaverunt
1389 1231 1441 1284 in
1471 1232 1827 1301 compedibus
1862 1231 2023 1300 pedes
2052 1229 2170 1301 ejus
2190 1242 2209 1264 '

808 1324 896 1377 56.
932 1321 1154 1376 Ferrum
1190 1324 1502 1391 pertransiit
1529 1324 1767 1377 animam
1802 1322 1941 1392 ejus.

808 1413 893 1466 37.
927 1412 1104 1466 Donec
1133 1412 1339 1466 veniret
1362 1414 1581 1466 verbum
1615 1412 1732 1481 ejus
1759 1431 1772 1466 :

808 1503 895 1557 38.
933 1502 1217 1571 Eloquium
1247 1501 1458 1555 Domini
1488 1501 1835 1556 inﬂammavit
1868 1516 2013 1555 eum.

809 1595 894 1648 39.
931 1593 1074 1647 Misit
1099 1610 1213 1655 rex,
1237 1602 1291 1648 et
1311 1594 1469 1649 solvit
1498 1609 1619 1647 eum
1646 1610 1658 1645 :

807 1686 893 1739 ιι).
927 1684 1179 1753 Princeps
1213 1685 1390 1754 populi
1426 1694 1479 1737 et
1502 1684 1707 1739 dimisit
1734 1700 1875 1740 eum.

807 1778 893 1830 ιι.
928 1775 1219 1830 Constituit
1251 1791 1373 1829 eum
1408 1774 1695 1829 Dominum
1722 1774 1919 1830 domus
1948 1789 2083 1837 suae,

809 1868 894 1919 L2.
935 1866 997 1920 Et
1029 1867 1326 1936 principem
1362 1868 1541 1921 omnis
1569 1866 1933 1935 possessionis
1963 1881 2095 1921 suae.

809 1960 890 2013 45.
932 1956 999 2015 Ut
1025 1961 1261 2014 erudiret
1299 1959 1570 2029 principes
1596 1958 1715 2028 ejus
1749 1960 1891 2014 sicut
1921 1958 2293 2027 semetipsum,

1577 386 1632 438 S.
1674 383 2035 439 ATIIANASII
2076 385 2224 443 OPP.
2268 386 2443 443 PARS
2482 389 2567 443 Ill.
2610 387 3113 443 —EXEGETICA.
3830 390 3958 446 11οι

2322 514 2367 560 Α
2462 503 2550 556 97-
2583 504 2694 556 Οὐκ
2723 503 2932 572 ἀφῆκεν
2958 503 3238 573 ἄνθρωπον
3260 504 3513 575 ἀδικῆσαι
3543 504 3746 568 αύτούς
3770 523 3783 538 ο

2464 595 2553 648 28.
2589 595 2695 647 Καὶ
2723 593 2944 663 ήλεγξεν
2966 594 3105 665 ὑπὲρ
3133 594 3308 647 αὐτῶν
3338 594 3602 665 βασιλεῖς.

2462 686 2552 739 29.
2588 687 2678 753 Μὴ
2716 686 2949 740 ἅπτεσθε
2981 687 3088 740 τῶν
3123 688 3353 757 χριστῶν
3382 705 3482 758 μου
3509 706 3521 718 ·

2464 776 2551 831 50.
2587 777 2696 829 Καὶ
2729 778 2788 830 ἐν
2814 781 2926 840 τοῖς
2957 780 3261 848 προφήταις
3289 795 3389 848 μου
3422 780 3496 849 μὴ
3526 780 3910 851 πονηρεύεσθε.

2463 864 2550 917 51.
2588 868 2697 919 Καὶ
2730 866 2952 921 ἐκάλεσε
2976 867 3132 938 λιμὸν
3160 870 3251 920 ἐπὶ
3280 867 3374 939 τὴν
3403 869 3506 939 γῆν

2466 956 2553 1010 52.
2588 957 2701 1009 Πᾶν
2733 959 3007 1030 στήριγμα
3038 958 3203 1029 ἄρτου
3240 958 3580 1029 συνέτριψεν.

2464 1048 2551 1101 55.
2593 1048 2932 1102 Ἀπέστειλεν
2964 1049 3266 1122 ἔμπροσθεν
3288 1048 3464 1105 αὐτῶν
3496 1050 3791 1122 ἄνθρωπον

2464 1138 2548 1191 54.
2584 1139 2676 1201 Εἰς
2708 1138 2893 1193 δοῦλον
2926 1142 3136 1213 ἐπράθη
3181 1143 3399 1213 Ἰωσήφ.

2465 1228 2553 1283 55.
2595 1230 2992 1283 Ἐταπείνωσαν
3021 1232 3077 1283 ἐν
3104 1231 3289 1292 πέδαις
3314 1234 3437 1296 τοὺς
3461 1233 3630 1296 πόδας
3657 1231 3859 1287 αὐτοῦ’

2462 1319 2549 1374 56.
2583 1320 2802 1391 Σίδηρον
2824 1321 3036 1393 διῆλθεν
3062 1324 3093 1394 ἡ
3125 1323 3269 1395 ψυχὴ
3291 1324 3475 1377 αὑτοῦ.

2463 1410 2549 1463 57.
2581 1409 2751 1480 Μέχρι
2784 1411 2876 1463 τοῦ
2905 1411 3077 1465 ἐλθεῖν
3106 1414 3195 1467 τὸν
3224 1414 3377 1482 λόγον
3404 1414 3589 1469 αὑτοῦ.

2460 1500 2549 1555 58.
2582 1501 2655 1553 Τὸ
2681 1501 2857 1570 λόγιον
2882 1504 3083 1574 Κυρίου
3116 1504 3395 1576 ἐπύρωσεν
3432 1506 3616 1558 αὐτόν.

2463 1592 2549 1647 59.
2589 1593 2898 1647 Ἀπέστειλε
2936 1594 3206 1664 βασιλεὺς,
3242 1596 3335 1649 καὶ
3369 1595 3557 1647 ἔλυσεν
3584 1594 3787 1648 αὐτόν’

2464 1682 2550 1737 ιο.
2586 1686 2801 1759 Ἀρχων
2830 1687 2982 1754 λαοῦ,
3016 1687 3108 1740 καὶ
3137 1687 3347 1756 ἀφῆκεν
3396 1688 3579 1743 αὐτόν.

2462 1776 2550 1833 41.
2582 1780 2926 1851 Κατέστησεν
2959 1780 3118 1834 αὐτὸν
3144 1780 3343 1850 Κύριον
3365 1779 3457 1833 τοῦ
3487 1783 3635 1833 οἴκου
3670 1776 3857 1845 αὐτοῖς,

2460 1869 2547 1923 42.
2574 1870 2682 1922 Καὶ
2710 1872 2945 1942 ἄρχοντα
2984 1872 3166 1939 πάσης
3200 1873 3295 1941 τῆς
3320 1872 3563 1940 κτήσεως
3599 1871 3788 1925 αὐτοῦ.

2461 1956 2550 2013 45.
2584 1958 2689 2011 Τοῦ
2713 1960 2995 2013 παιδεῦσαι
3016 1960 3141 2023 τοὺς
3170 1960 3431 2031 ἄρχοντας
3454 1960 3620 2013 αὑτοῦ
3642 1961 3718 2023 ὡς
3746 1960 3958 2024 ἑαυτὸν,

1852 2094 2231 2150 ATHANASII
2276 2091 2851 2155 lNTERPllETATlO.

807 2270 894 2324 27.
929 2268 1043 2324 Non
1071 2271 1287 2341 reliquit
1320 2273 1627 2341 quempiam
1662 2284 1869 2334 eorum,
1902 2270 1994 2339 qui
2030 2279 2157 2324 tunc
2190 2270 2290 2323 im-

2458 2263 2547 2318 27.
2581 2264 2693 2317 Ούκ
2731 2264 2909 2333 ἀφῆκέ
2944 2281 3063 2318 τινα
3102 2264 3207 2317 τῶν
3236 2266 3355 2316 τότε
3414 2262 3764 2334 κρατούντων
3798 2276 3960 2314 κατα-

737 2363 943 2440 perium
973 2362 1307 2426 obtinebant,
1342 2373 1400 2418 ut
1435 2364 1710 2434 apostolos
1742 2372 2086 2431 superarent.

803 2453 889 2508 28.
931 2451 1191 2507 Herodem
1222 2464 1273 2509 et
1308 2452 1574 2510 Neronem
1606 2453 1901 2509 interfecit.

803 2544 893 2598 29.
924 2544 1231 2611 Apostolus.

804 2632 891 2685 30.
925 2633 1086 2685 Erant
1139 2633 1283 2685 eiiim
1336 2631 1495 2684 iidem
1534 2630 1765 2700 apostoli
1797 2633 1959 2685 etiam
1992 2631 2290 2700 propheta,

736 2723 1117 2775 annuntianles
1144 2737 1263 2789 qua:
1290 2722 1469 2775 futura
1506 2732 1631 2776 sunt
1664 2723 1713 2774 in
1747 2737 1911 2793 regno
1934 2723 2221 2778 caelorum.

805 2813 895 2865 3|.
927 2810 980 2863 ln
1030 2811 1365 2883 Synagogam
1401 2811 1578 2866 intulit
1610 2827 1716 2865 non
1765 2810 1959 2866 famem
1995 2812 2170 2882 panis,
2201 2811 2292 2866 sed

736 2902 930 2957 famem
962 2902 1213 2957 audiendi
1251 2904 1468 2957 verbum
1500 2901 1712 2955 Domini
1737 2902 1800 2953 ⁸⁸.

802 2994 889 3048 52.
921 2992 1144 3049 Omnem
1181 3008 1369 3047 eorum
1421 2993 1747 3047 mundanam
1798 2993 2102 3047 doctrinam
2148 2994 2295 3048 dedit

736 3086 789 3139 in
825 3086 1203 3154 perditionem.

805 3177 893 3229 33.
927 3173 1053 3227 Fuit
1081 3174 1232 3229 homo
1256 3175 1447 3230 missus
1473 3192 1505 3230 α
1524 3174 1650 3240 Deo,
1672 3176 1756 3228 cui
1782 3192 1965 3229 nomen
1988 3186 2101 3229 erat
2128 3173 2294 3229 Joan-

736 3283 822 3319 nes
841 3267 907 3317 ’⁵.

805 3359 891 3413 54.
924 3357 1229 3411 Humanum
1262 3373 1428 3425 genus
1452 3358 1726 3411 venditum
1761 3366 1874 3409 erat
1897 3358 1949 3410 in
1979 3357 2293 3411 servitutem

2394 2354 2746 2409 δυναστεῦσαι
2778 2357 2884 2407 τῶν
2918 2354 3251 2408 ἀποστόλων.

2460 2448 2549 2501 28.
2601 2448 2845 2517 Ἡρώδην
2871 2449 2963 2500 καὶ
2992 2446 3217 2516 Νέρωνα
3250 2445 3608 2508 ἐθανάτωσεν.

2461 2538 2548 2591 29.
2588 2538 2706 2590 Τῶν
2735 2538 3065 2591 ἀποστόλων.

2462 2629 2548 2682 50.
2576 2623 2753 2680 Ἦσαν
2786 2627 2892 2699 γὰρ
2931 2630 2977 2679 οί
3011 2629 3163 2680 αὐτοὶ
3202 2627 3485 2681 ἀπόστολοι
3518 2627 3614 2681 καὶ
3665 2627 3961 2700 προᾳῆται,

2394 2716 2635 2784 λέγοντες
2668 2716 2733 2768 τὰ
2766 2716 3025 2787 μέλλοντα
3053 2719 3110 2770 ἐν
3130 2719 3194 2785 τῇ
3221 2716 3468 2787 βασιλείᾳ
3492 2716 3602 2769 τῶν
3627 2715 3897 2786 ούρανῶν.

2463 2809 2547 2861 51.
2592 2808 2679 2859 Ἐν
2717 2811 2782 2877 τῇ
2829 2812 3115 2878 συναγωγῇ
3173 2809 3404 2878 ἤνεγκεν
3454 2810 3515 2861 οὺ
3565 2809 3727 2879 λιμὸν
3770 2809 3960 2880 ἄρτου.

2392 2898 2527 2952 ἀλλὰ
2556 2897 2709 2967 λιμὸν
2738 2898 2831 2951 τοῦ
2866 2898 3095 2951 ἀκοῦσαι
3122 2898 3275 2966 λόγον
3306 2899 3508 2970 Κυρίου
3543 2899 3641 2970 (1).

2460 2989 2547 3042 32.
2584 2990 2769 3043 Πᾶσαν
2800 2989 2975 3043 αὐτῶν
3024 2990 3120 3060 τὴν
3151 2990 3498 3045 διδασκαλίαν
3545 2992 3643 3061 τὴν
3694 2992 3963 3065 κοσμικὴν

2395 3082 2474 3146 είς
2500 3082 2802 3152 ἀφανισμὸν
2822 3081 3039 3135 ἔδωκεν.

2464 3175 2551 3228 33.
2606 3174 2865 3238 Ἐγένετο
2925 3173 3233 3240 ἄνθρωπος
3295 3173 3755 3243 ἀπεσταλμένος
3807 3176 3963 3243 παρὰ

2396 3265 2563 3327 Θεοῦ,
2586 3264 2769 3333 ὄνομα
2796 3262 2955 3329 αὐτῷ
2991 3262 3274 3331 Ἰωάννης

2464 3354 2551 3407 54.
2582 3354 2655 3406 To
2679 3355 2831 3422 γένος
2862 3353 2968 3406 τῶν
3006 3353 3306 3424 ἀνθρώπων
3353 3356 3434 3418 είς
3479 3353 3725 3409 δουλείαν
3768 3352 3839 3427 ἦν
3870 3374 3963 3410 πε·-

736 3444 803 3502 ab
837 3450 1004 3501 Adam
1049 3448 1119 3501 ob
1166 3455 1444 3516 peccatum
1477 3464 1490 3499 :
1519 3462 1641 3500 nam
1685 3444 1877 3517 Ioseph
1910 3446 2291 3517 interpretatur

2394 3442 2671 3513 πραμένος
2716 3441 2792 3513 (2)
2831 3446 2896 3513 τῇ
2937 3444 3178 3515 ἁμαρτίᾳ
3221 3444 3332 3499 ἀπὸ
3364 3445 3457 3499 τοῦ
3498 3445 3703 3517 ’Δδάμο
3740 3448 3959 3517 Ἰωσὴφ

737 3539 941 3591 addidi.

2396 3535 2503 3605 γὰρ
2540 3534 2893 3605 ἑρμηνεύεται
2926 3534 3289 3602 προσέθηκα.

806 3632 891 3684 55.
931 3630 1264 3685 Dnmueruut
1294 3630 1613 3685 adversaria:
1648 3640 1943 3701 poteStates
1986 3646 2154 3701 genus
2192 3631 2291 3685 hu-

2407 3596 2417 3602 '
2465 3596 2550 3677 35.
2571 3596 2581 3605 I
2602 3596 2906 3691 Tddpaaav
2946 3596 3185 3677 ἐναντίαί
3212 3624 3288 3693 (5)
3316 3623 3570 3692 δυνάμεις
3599 3624 3661 3675 τὸ
3681 3625 3837 3693 γένος
3854 3625 3961 3679 τῶν

732 3738 954 3777 manum
984 3723 1221 3791 peccato.

807 3812 891 3863 36.
947 3810 1003 3863 ln
1056 3819 1280 3866 mortem
1314 3810 1503 3864 incidit
1552 3812 1731 3864 anima
1781 3810 2019 3865 universi
2072 3812 2293 3866 humani

736 3917 969 3970 generis.

805 3992 893 4045 57.
922 3991 1099 4047 Donec
1128 3991 1273 4047 venit
1303 3991 1609 4064 unigenitus
1634 3990 1799 4048 Filius
1824 3991 1933 4047 Dei.

805 4084 893 4139 38.
927 4084 1178 4139 Doctrina
1210 4097 1265 4140 et
1282 4084 1547 4140 adventus
1574 4082 1786 4139 Domini
1810 4083 2091 4137 inundavit
2123 4099 2293 4153 genus

739 4176 1055 4228 humanum.

806 4265 891 4319 39.
922 4264 1080 4320 Pater
1112 4264 1305 4319 Filium
1337 4266 1507 4333 misit,
1539 4274 1592 4320 et
1619 4264 1781 4320 solvit
1813 4273 1988 4319 totum
2028 4264 2291 4319 mundum

737 4372 765 4408 a
790 4358 1019 4424 peccatis
1045 4358 1173 4411 suis.

804 4446 887 4499 40.
929 4445 1149 4502 Liberos
1177 4448 1323 4532 ipsos
1360 4446 1537 4501 eﬂ‘ecit
1581 4462 1611 4501 a
1654 4448 2025 4503 dominatione
2062 4449 2286 4518 peccati.

808 4626 894 4680 Μ.
930 4626 1087 4680 Pater
1118 4627 1309 4679 Filium
1338 4642 1496 4681 suum
1525 4625 1824 4680 declaravit
1864 4626 2146 4681 Dominum
2172 4642 2291 4681 om-

736 4715 885 4771 nium
917 4726 1247 4779 sanctorum,
1278 4725 1333 4771 et
1370 4716 1541 4771 dixit:
1582 4716 1683 4770 Hic
1703 4727 1781 4770 est
1826 4715 2000 4771 Filius
2039 4734 2180 4771 meus
2208 4719 2291 4772 di-

736 4811 917 4875 lectus,
953 4811 1122 4877 ipsum
1147 4808 1345 4862 audite.

2395 3714 2492 3767 ἀνθ
2499 3712 2695 3784 ρώπων
2719 3715 2785 3783 τῇ
2820 3714 3084 3786 ἁμαρτίᾳ.

2466 3804 2553 3857 56.
2590 3805 2681 3866 Εἰς
2713 3804 2939 3857 θάνατον
2972 3806 3239 3859 ἐπέπεσεν
3276 3806 3353 3876 (ι)
3389 3809 3422 3878 ἡ
3460 3807 3607 3880 ψυχὴ
3640 3808 3841 3873 παντὸς
3868 3808 3957 3863 τοῦ

2393 3896 2580 3964 γένους
2610 3895 2716 3949 τῶν
2742 3896 2838 3950 ἀνθ
2846 3895 3064 3968 ρώπων.

2461 3988 2549 4042 57.
2571 3989 2713 4053 Ἕως
2737 3984 2796 4043 οὗ
2826 3985 2985 4059 ἦλθεν
3016 3990 3045 4040 ὁ
3079 3990 3369 4061 μονογενὴς
3393 3991 3520 4054 Υίδς
3546 3990 3641 4044 τοῦ
3672 3992 3833 4046 Θεοῦ.

2461 4081 2549 4135 58.
2593 4082 2655 4133 Ἦ
2680 4080 2865 4151 διδαχὴ
2896 4081 2987 4133 καὶ
3014 4083 3047 4151 ἠ
3078 4081 3350 4153 παρουσία
3382 4082 3475 4136 τοῦ
3512 4083 3719 4154 Κυρίου
3757 4083 3955 4138 ἐκαθά-

2396 4188 2511 4243 ρισε
2534 4172 2593 4224 τὸ
2624 4172 2777 4239 γένος
2800 4171 2907 4224 τῶν
2930 4170 3248 4241 ἀνθρώπων.

2460 4263 2548 4319 59.
2591 4263 2648 4316 '0
2669 4263 2857 4335 Πατὴρ
2880 4264 2969 4316 τὸν
2992 4265 3118 4317 Υίὸν
3138 4264 3443 4327 ἀπέστειλε,
3478 4266 3570 4319 καί
3594 4266 3753 4320 ἔλυσε
3782 4268 3954 4323 πάντα

2391 4355 2480 4408 τὸν
2503 4355 2703 4427 κόσμον
2729 4356 2837 4408 ἀπὸ
2860 4356 2968 4407 τῶν
2992 4354 3271 4427 ἁμαρτιῶν
3311 4356 3512 4411 αὐτῶν.

2462 4446 2550 4502 40.
2605 4447 2949 4518 Ἐλευθέρους
3002 4447 3199 4510 αὐτοὺς
3246 4446 3513 4517 πεποίηκε
3571 4447 3665 4502 τοῦ
3706 4448 3950 4520 κυριεύε-

2395 4535 2514 4590 σθαι
2548 4536 2627 4608 (5)
2657 4537 2761 4590 ὑπὸ
2788 4538 2888 4607 τῆς
2908 4537 3220 4609 ἁμαρτίας.1

2457 4627 2547 4686 41,
2587 4628 2646 4680 '0
2674 4629 2861 4701 Πατὴρ
2888 4628 3119 4695 ἀνέδειξε
3144 4629 3234 4682 τὸν
3260 4628 3388 4683 Υίδν
3408 4628 3574 4684 αὐτοῦ
3598 4630 3807 4702 Κύριον
3828 4632 3953 4685 πάν-

2390 4736 2495 4772 των
2514 4718 2622 4772 τῶν
2663 4720 2851 4788 ἁγίων.
2897 4722 2990 4774 καὶ
3026 4721 3275 4791 εῐρηκεν,
3323 4722 3398 4785 ὼς
3436 4720 3628 4790 Οὗτός
3662 4723 3741 4792 (6)
3789 4725 3951 4778 ἐστιν

2390 4813 2423 4864 ό
2457 4811 2588 4876 Υἱός
2614 4828 2733 4880 μου
2758 4815 2791 4866 ὀ
2814 4812 3133 4882 ἀγαπητὸς,
3157 4814 3343 4869 αὐτοῦ
3367 4814 3640 4869 ἀκούετε.

803 4902 887 4957 82.
924 4899 1224 4969 Principem
1254 4908 1307 4954 et
1333 4898 1733 4953 Dominatorem
1774 4900 1955 4953 omnis
1987 4900 2149 4955 simul
2173 4916 2287 4957 caa-

2460 4901 2547 4957 42.
2584 4903 2848 4975 ιἌρχοντα
2910 4904 3002 4958 καὶ
3048 4904 3395 4977 ἐξουσιαστὴν
3445 4905 3628 4977 πάσης
3679 4906 3815 4978 όμοῦ
3860 4905 3947 4974 τῆς

741 4993 881 5049 lestis
906 5002 957 5046 et
982 4991 1275 5055 terrestris,
1298 5000 1350 5045 et
1385 4989 1611 5045 inferna:
1643 4998 1925 5045 creaturae.

799 5167 885 5220 45.
922 5164 1205 5234 Apostolos
1223 5164 1357 5233 ejus.

798 5286 845 5318 “
882 5285 1048 5339 Amos
1074 5296 1197 5346 vni,
1234 5280 1319 5334 ll.
1406 5281 1451 5314 ‘5
1478 5277 1638 5335 Joan.
1674 5296 1710 5345 ι,
1739 5277 1796 5334 6.

2393 4994 2733 5063 ἐπουρανίου,
2760 4995 2851 5047 καὶ
2890 4994 3167 5062 ἐπιγείων,
3209 4996 3301 5050 καὶ
3327 4996 3699 5067 καταχθονίων
3732 4998 3809 5068 (7)
3840 4996 3949 5052 κτί-

2400 5098 2555 5136 σεως.

2456 5099 2545 5228 :3.
2582 5173 2719 5237 Τοὺς
2752 5173 3076 5237 ἀποστόλους
3100 5172 3283 5228 αὑτοῦ.

1664 5375 1971 5439 Addenda
2009 5382 2071 5440 et
2100 5378 2478 5459 corrigenda
2522 5395 2601 5441 ex
2628 5380 2769 5442 cod.
2803 5381 2981 5443 Vstic

893 5544 1275 5686 ῗιεεῗιϊραμένον,
1301 5620 1427 5672 elc.,
1459 5607 1762 5680 προσέθηκε
1778 5626 1813 5662 ι.

798 5683 873 5746 (5)
898 5686 961 5736 Αἱ
994 5683 1251 5736 ἐναντίαι.

792 5748 865 5828 (4)
902 5754 1216 5819 ’Υπέπεσεν,
1237 5762 1338 5807 etc.
1366 5748 1468 5803 Τοῦ
1492 5750 1658 5807 deest.

2482 5542 2535 5613 5)
2564 5542 2669 5594 Τοῦ
2686 5612 2691 5613 ί
2710 5542 2782 5611 μὴ
2812 5542 3178 5613 κυριεύεσθαι.

2482 5544 2535 5612 5)
2564 5544 2669 5594 Τοῦ
2710 5544 2782 5611 μὴ
2812 5544 3178 5613 κυριεύεσθαι.

2460 5544 2539 5681 (6)
2578 5612 2769 5680 Ἀγίων
2800 5612 2985 5672 αὑτοῦ,
3015 5610 3247 5683 είρηκῴς
3276 5628 3299 5683 ’ν
3319 5604 3511 5677 Οὗτος,
3546 5628 3659 5675 etc.

2464 5682 2540 5753 (7)
2585 5682 2877 5750 Ἐπιγείου,
2904 5685 2995 5737 καὶ
3017 5682 3393 5753 καταχθονίου,
3422 5694 3531 5739 etc.
