4142 6482
726 422 855 487 1111

1564 417 1619 473 S.
1663 419 2037 475 ATHANASII
2076 419 2225 475 OPP.
2268 419 2450 475 PARS
2488 419 2574 475 111.
2615 450 2683 462 -
2721 420 3127 478 EXEGETICA.

3838 426 3975 480 1112

789 540 845 594 6.
881 537 1145 595 Memento
1184 547 1375 601 post...
1424 537 1669 604 Domine,
1717 537 1770 591 in
1822 536 2154 606 beneplacito
2197 552 2295 608 po-
2325 543 2367 597 Α
2468 534 2518 590 6.
2560 536 2701 607 Μνήε

2468 534 2518 590 6.
2560 536 2839 607 Μνήσθητι
2869 536 3045 608 ἡμῶν,
3079 537 3265 607 Κύριε,
3296 537 3355 589 ἐν
3385 540 3448 609 τῇ
3480 538 3699 607 εὐδοκία
3724 538 3821 592 τοῦ
3841 540 3973 594 λαιῦ

719 626 829 684 Puli
861 630 936 683 tui
962 647 977 683 :

793 725 841 777 7.
886 721 1051 776 Visita
1086 736 1184 776 nos
1212 721 1265 775 in
1291 720 1516 776 salutari
1547 730 1661 775 tuo.

789 816 841 872 8.
882 816 960 869 Ad
987 815 1271 869 videndum
1303 814 1355 867 in
1384 815 1621 869 bonitate
1648 814 1943 868 electorum
1987 823 2225 881 tuorum,

788 906 839 959 9.
882 906 958 957 Ad
989 905 1280 958 laetandum
1322 904 1372 957 in
1406 903 1589 957 laetitia
1622 904 1796 973 gentis
1826 912 1951 966 tuae.

788 994 871 1047 10.
920 993 989 1047 Ut
1018 994 1255 1047 lauderis
1289 1008 1410 1047 cum
1451 994 1766 1047 inmeditate
1793 1003 1901 1047 tua.

790 1087 872 1141 11.
916 1086 1262 1140 Peccavimus
1292 1102 1412 1140 cum
1448 1086 1695 1157 patribus
1738 1086 1980 1141 nostris:

789 1180 873 1233 1'2.
913 1178 1113 1247 lnjustc
1138 1179 1367 1247 egimus,
1401 1179 1737 1245 iniquitatem
1772 1177 2021 1232 fecimus.

790 1272 874 1323 15.
918 1268 1103 1324 Patres
1138 1271 1313 1325 nostri
1361 1270 1416 1324 in
1463 1267 1694 1341 Egypto
1742 1284 1848 1323 non
1898 1268 2282 1324 intellexerunt

715 1362 979 1416 mirabilia
1015 1370 1103 1414 tua
1138 1378 1154 1415 :

790 1454 869 1507 11.
916 1453 1033 1508 Non
1084 1453 1305 1507 fuerunt
1338 1468 1602 1512 memores
1652 1454 2019 1516 multitudinis
2064 1454 2279 1509 miseri-

714 1548 911 1610 cordia
942 1557 1046 1601 tua:
1077 1565 1088 1599 :

786 1640 869 1693 15.
916 1639 981 1693 Ει
1006 1640 1350 1694 irritaverunt
1373 1638 1726 1693 ascendentes
1757 1639 1810 1692 in
1834 1653 1981 1693 mare
2012 1638 2277 1693 Rubrum.

787 1819 871 1875 16.
909 1817 971 1872 Et
998 1819 1224 1877 saivavit
1247 1835 1339 1875 eos
1369 1830 1587 1890 propter
1617 1837 1814 1875 nomen
1844 1837 2003 1877 suum
2033 1841 2045 1875 :

785 1912 870 1965 17.
916 1910 983 1965 Ut
1018 1922 1199 1966 notam
1230 1912 1427 1967 faceret
1461 1915 1751 1983 potentiam
1791 1930 1969 1971 suam.

786 2002 871 2055 18.
915 2001 978 2055 Et
1022 2002 1289 2071 increpuit
1321 2016 1469 2055 mare
1514 2002 1785 2061 Rubrum.
1838 2012 1892 2056 et
1941 2002 2275 2058 exsiccatum

713 2102 795 2149 εει
824 2126 840 2149 ι

786 2187 871 2241 19.
912 2186 975 2241 Et
1002 2186 1224 2241 deduxit
1254 2202 1349 2241 eos
1380 2188 1431 2241 in
1465 2187 1661 2257 abysso
1689 2190 1829 2243 sicut
1858 2187 1910 2240 in
1936 2187 2173 2247 deserto.

781 2278 874 2334 20.
914 2277 977 2333 Et
1001 2280 1228 2333 salvavit
1249 2294 1344 2334 eos
1366 2280 1431 2334 de
1454 2295 1619 2333 manu
1648 2277 2276 2350 odientis[odientium]:

784 2369 870 2425 21.
921 2370 985 2424 Et
1017 2370 1243 2426 redemit
1273 2386 1367 2425 eos
1399 2372 1465 2426 de
1501 2388 1662 2425 manu
1690 2372 2059 2428 inimicorum.

2385 644 2512 680 σου’

2456 721 2509 775 7.
2543 720 2867 791 Ἐπίσκεψαι
2896 722 3041 792 ἡμᾶς
3064 722 3120 773 ὲν
3144 719 3222 791 τῷ
3248 720 3498 791 σωτηρίῳ
3530 737 3648 773 σου.

2452 812 2504 868 8.
2547 812 2654 865 Τοῦ
2697 812 2822 866 [δεῖν
2855 814 2912 866 ὲν
2944 815 3008 882 τῇ
3044 812 3363 882 χρηστότητι
3392 812 3500 865 τῶν
3534 810 3810 867 ἐκλεκτῶν
3846 827 3968 875 σου,

2457 906 2507 961 9.
2549 906 2653 973 Τοῦ
2674 904 3039 976 εὐφρανθῆναι
3058 907 3114 957 ἐν
3132 908 3193 975 τῇ
3211 903 3514 975 εὐφροσύνῃ
3528 903 3623 956 τοῦ
3644 903 3830 968 ἔθνους
3847 920 3964 966 σου,

2457 998 2544 1055 10.
2588 996 2693 1053 Τοῦ
2722 995 3058 1049 ἐπαινεῖσθαι
3094 996 3230 1066 μετὰ
3256 996 3352 1065 τῆς
3379 995 3744 1066 κληρονομίας
3774 1013 3889 1052 σου.

2450 1087 2536 1141 11.
2584 1088 2930 1158 Ἥμάρτομεν
2968 1086 3101 1157 μετᾶ
3132 1086 3237 1139 τῶν
3266 1084 3515 1156 πατέρων
3546 1085 3734 1155 ἡμῶν

2450 1179 2539 1232 12.
2587 1180 2789 1248 Ἦνομή
2799 1195 2988 1248 σαμεν,
3025 1178 3381 1248 ἠδικήσαμεν.

2452 1271 2539 1325 15.
2571 1272 2634 1324 Οί
2667 1272 2902 1341 πατέρες
2938 1269 3095 1339 ἡμῶν
3142 1271 3198 1321 ἐν
3247 1268 3507 1339 Αἰγύπτῳ
3530 1270 3593 1322 οὐ
3625 1269 3866 1338 συνῆκαν
3893 1267 3960 1321 τὰ

2379 1364 2658 1435 θαυμάσιά
2692 1380 2783 1416 σου
2803 1380 2817 1395 ’

2454 1457 2541 1511 14.
2576 1456 2691 1511 θύκ
2729 1454 3076 1528 ἐμνήσθησαν
3104 1454 3195 1510 τοῦ
3224 1454 3460 1526 πλήθους
3481 1454 3576 1507 τοῦ
3608 1455 3792 1518 ἐλέους
3826 1471 3920 1507 σου
3940 1470 3954 1483 ·

2452 1636 2540 1689 15.
2569 1637 2682 1689 Kal
2704 1636 3121 1706 παρεπίκραναν
3148 1634 3524 1697 ἀναϐαίνοντες
3548 1634 3605 1687 ὲν
3627 1637 3693 1704 τῇ
3722 1633 3956 1707 Ἐρυθρᾷ

2381 1728 2644 1799 θαλάσσῃ.

2447 1820 2532 1872 16.
2558 1819 2667 1870 Kal
2700 1817 2901 1871 ἔσωσεν
2932 1818 3129 1881 αὐτοὺς
3155 1816 3337 1871 ἕνεκεν
3360 1816 3453 1873 τοῦ
3478 1817 3740 1888 ὀνόματος
3766 1815 3948 1869 αὑτοῦ·

2312 1900 2354 1958 Β
2450 1911 2536 1965 17.
2573 1909 2677 1962 Τοῦ
2708 1910 2970 1980 γνωρίσαι
2994 1909 3093 1981 τὴν
3125 1908 3439 1962 δυναστείαν
3467 1909 3654 1962 αὐτοῦ.

2441 2003 2526 2055 18.
2574 2003 2685 2055 Kal
2714 2002 3011 2074 ἐπετίμησε
3045 2004 3110 2072 τῇ
3151 2001 3386 2073 Ἐρυθρᾷ
3410 2000 3674 2074 θαλάσσῃ,
3704 2000 3796 2055 καὶ
3828 2000 3951 2072 ἔξη-

2382 2095 2547 2165 ρὰνοη
2563 2112 2576 2125 ⁸

2449 2188 2533 2241 19.
2565 2187 2673 2239 Καὶ
2702 2185 2981 2257 ὡδήγησεν
3006 2186 3199 2247 αὐτοὺς
3230 2187 3285 2237 ὲν
3306 2182 3525 2253 ἁϐύσσῳ
3550 2184 3624 2248 ὡς
3653 2186 3711 2236 ὲν
3739 2186 3948 2256 ἐρήμῳ.

2447 2278 2537 2332 20.
2574 2279 2682 2331 Kal
2716 2279 2915 2330 ἔσωσεν
2946 2279 3142 2341 αὐτοὺς
3176 2280 3239 2330 ἐκ
3271 2277 3450 2349 χειρὸς
3484 2276 3767 2345 μισοῦντος
3796 2291 3812 2306 ·

2446 2367 2536 2423 21.
2568 2371 2675 2422 Kal
2702 2370 3041 2441 ὲλυτρώσατο
3065 2370 3259 2433 αὐτοὺς
3288 2373 3351 2423 ὲκ
3377 2367 3556 2441 χειρὸς
3582 2368 3812 2439 ἐχθρῶν.

1842 2521 2205 2578 ATHANASII
2250 2520 2826 2578 INTERPRETATIO.

784 2681 838 2738 6.
874 2680 1137 2737 Memento
1185 2683 1375 2748 nostri,
1432 2683 1676 2748 Domine,
1722 2683 1977 2751 quoniam
2028 2682 2121 2737 tibi
2152 2684 2266 2752 pla—

715 2777 828 2835 cuit
857 2784 918 2829 ut
949 2776 1161 2829 venires
1193 2775 1259 2829 ad
1286 2792 1381 2829 eos
1408 2776 1502 2844 qui
1526 2774 1782 2829 credituri
1813 2784 1991 2831 erant.

786 2866 841 2925 7.
890 2865 1062 2920 Visita
1096 2882 1194 2920 nos
1236 2867 1477 2921 inlirmos
1507 2866 1558 2919 in
1588 2868 1838 2935 passione
1880 2876 1992 2927 tua.

786 2962 839 3015 8.
877 2958 957 3014 Ad
982 2958 1279 3013 faciendam
1313 2960 1741 3014 misericordiam
1782 2960 2067 3014 nobiscum
2095 2959 2144 3013 in
2171 2959 2269 3013 bo-

718 3054 904 3116 nitate,
930 3067 1090 3122 quam
1121 3053 1252 3106 l'acis
1282 3067 1405 3120 erga
1435 3051 1525 3105 Dei
1560 3054 1780 3106 electos.

787 3147 841 3200 9.
889 3140 967 3197 Ad
999 3144 1291 3197 laetandum
1323 3146 1375 3195 in
1408 3143 1600 3212 gratia,
1634 3159 1795 3213 quam
1825 3142 2031 3214 praebes
2069 3144 2273 3199 sanctis

717 3237 846 3291 tuis.

791 3328 878 3380 10.
922 3332 987 3382 l't
1029 3324 1175 3395 digni
1224 3324 1517 3379 clliciamur
1564 3326 1893 3381 beatitudine
1940 3342 2152 3393 eorum,
2183 3328 2277 3399 qui

718 3419 1070 3488 beneplacent
1105 3418 1219 3470 tibi.

790 3511 875 3572 11,
914 3510 999 3565 12.
1034 3509 1142 3565 Nos
1180 3520 1229 3564 et
1265 3520 1444 3580 patres
1484 3511 1654 3566 nostri
1691 3511 2066 3580 cruciligentes
2092 3524 2142 3567 te
2175 3512 2274 3566 ini-

714 3620 820 3673 que
846 3604 1077 3674 egimus.

787 3697 873 3753 15.
924 3695 1111 3751 Patres
1157 3697 1351 3763 nostri,
1395 3711 1520 3752 cum
1566 3697 1620 3750 in
1653 3696 1887 3750 tenebris
1917 3706 2120 3758 essent,
2170 3714 2276 3751 non

720 3787 1090 3841 intellexerunt
1121 3789 1541 3856 magnitudinem
1573 3788 1955 3841 misericordia:
1979 3797 2105 3842 tuze.

792 3878 875 3933 14.
913 3876 1028 3933 Νοη
1077 3881 1339 3935 recordati
1384 3890 1509 3936 sunt
1554 3878 1937 3935 immensitatis
1969 3880 2276 3934 misericor-

717 3970 817 4026 diae
842 3980 965 4033 tum,
994 3971 1084 4040 qui
1112 3988 1233 4026 cum
1266 3972 1405 4026 Deus
1434 3988 1604 4037 esses,
1629 3972 1882 4041 dignatus
1914 3987 1973 4028 es
2001 3973 2275 4029 hominem

718 4062 852 4125 ﬁeri,
887 4072 939 4116 et
965 4063 1296 4117 ntanifestari
1321 4063 1649 4128 hominibus,

787 4152 874 4205 15.
916 4151 982 4205 Et
1009 4163 1187 4208 mente
1217 4155 1341 4208 elati
1371 4155 1722 4209 irritaverunt
1760 4164 1810 4209 te
1853 4156 2128 4211 mundana
2162 4167 2277 4211 tur-

717 4244 979 4312 pitudine.

789 4335 872 4388 16.
917 4335 980 4389 Et
1006 4351 1194 4390 eorum
1243 4337 1509 4401 inﬁrmos,
1540 4345 1635 4391 aut
1665 4353 1693 4390 a
1729 4336 1945 4392 diabolo
1992 4353 2277 4409 possessos

717 4428 941 4482 salvavit
984 4438 1200 4498 propter
1229 4428 1614 4500 benignitatem
1663 4431 1901 4487 nominis
1931 4432 2033 4485 sui.

786 4607 871 4661 17.
923 4606 991 4661 Ut
1022 4609 1328 4664 ostenderet
1370 4611 1502 4681 ipsis
1529 4627 1682 4666 suam
1718 4611 2038 4682 potentiam.

788 4700 872 4752 18.
922 4698 987 4752 Ει
1049 4701 1316 4770 increpuit
1362 4703 1529 4756 verbo
1585 4702 1773 4772 gratia:
1826 4719 1937 4758 suae
1997 4710 2278 4773 peccatum

717 4790 923 4855 tnundi,
954 4802 1005 4845 ct
1032 4794 1377 4846 mortiﬁcavit
1407 4795 1557 4848 illud.

787 4882 871 4935 19.
916 4881 980 4934 Et
1006 4884 1287 4938 credentes
1322 4886 1369 4938 ci
1407 4885 1633 4940 deduxit
1661 4886 1713 4939 in
1743 4886 2035 4956 baptismo,
2072 4888 2124 4940 in
2156 4888 2279 4941 illu-

719 4977 1011 5031 minatione
1043 4988 1100 5030 ut
1130 4980 1269 5033 ﬁlios
1300 4979 1460 5035 lsrael
1488 4981 1541 5035 in
1577 4996 1782 5038 eremo.

784 5159 872 5223 20,
906 5160 994 5214 21.
1040 5159 1348 5229 Baptismus
1374 5162 1647 5232 principes
1672 5160 1885 5217 Satana:
1905 5165 2270 5219 mortiﬁcavit.

2445 2682 2498 2740 6.
2543 2679 2822 2754 Μνήσθητι
2872 2682 3046 2753 ἡμῶν,
3088 2680 3280 2753 Κύριε,
3326 2682 3407 2735 ὅτι
3449 2682 3691 2745 εὖδοκεῖς
3738 2681 3832 2735 τοῦ
3860 2682 3947 2733 ὲλ-

2380 2773 2489 2827 θεῖν
2534 2773 2715 2847 [πρὸς]
2748 2777 2873 2837 τοὺς
2899 2774 3286 2839 πιστεύσοντας
3317 2776 3415 2845 (1).

2451 2868 2501 2920 7.
2528 2866 2849 2935 Ἐπίσκεψαι
2876 2870 3022 2937 ἡμᾶς
3043 2869 3170 2929 τοὺς
3199 2867 3443 2932 ἀσθενεῖς
3474 2869 3533 2920 ὲν
3560 2867 3641 2937 τῷ
3659 2866 3949 2922 πάθεισουο

2450 2954 2502 3011 8.
2544 2958 2650 3010 Τοῦ
2689 2958 2744 3013 δὲ
2784 2960 2929 3028 ἡμᾶς
2974 2958 3049 3028 (2)
3092 2958 3312 3028 ἐλεῆσαι
3346 2960 3402 3011 ὲν
3440 2964 3506 3034 τῇ
3546 2960 3848 3029 ἁγαθὸτητι
3888 2963 3950 3031 ἡν

2382 3053 2552 3103 ποιεῖν
2590 3048 2804 3121 [ποιεῖς]
2836 3050 2959 3113 τοὺς
2988 3050 3275 3115 ἐκλεκτοὺς
3296 3050 3390 3104 τοῦ
3418 3051 3574 3106 Θεοῦ.

2449 3144 2501 3198 9.
2540 3143 2644 3195 Τοῦ
2678 3143 3041 3215 εὐφρανθῆναι
3066 3145 3124 3200 ἐν
3152 3147 3217 3215 τῇ
3249 3145 3429 3217 χάριτι
3461 3145 3527 3216 ἣν
3583 3144 3661 3214 (5)
3681 3146 3953 3219 ,παρέχεις

2305 3222 2348 3281 (ἶ
2379 3239 2491 3298 τοῖς
2514 3237 2689 3303 ἁγίοις
2714 3253 2829 3289 σου.

2450 3327 2533 3380 10.
2567 3327 2671 3381 Τοῦ
2726 3327 3020 3399 ἀξιωθῆναι
3068 3331 3555 3401 μακαριασμοῦμ)
3604 3334 3717 3386 τῶν
3764 3336 3952 3404 εὐαρεο

2381 3421 2693 3489 στησάντων
2718 3438 2818 3474 σοι.

2449 3510 2639 3572 11.19..
2672 3513 2862 3583 Ἡμεῖς
2890 3512 2983 3565 καὶ
3011 3514 3058 3565 οἱ
3089 3514 3324 3584 πατέρες
3353 3516 3507 3585 ἡμῶν
3532 3516 3583 3569 οἱ
3609 3516 3953 3589 σταυρώσαν-

2376 3600 2466 3664 τές
2498 3618 2553 3653 σε
2586 3604 2959 3673 ἠνομήσαμεν.

2448 3692 2531 3746 15.
2567 3694 2628 3745 0i
2656 3694 2889 3763 πατέρες
2918 3694 3070 3763 ἡμῶν
3111 3696 3167 3747 ἰν
3192 3695 3269 3761 (ii)
3313 3696 3494 3748 σκότει
3534 3695 3689 3759 ὄντες
3731 3697 3794 3750 οὐ
3834 3715 3952 3751 συν-

2376 3781 2514 3851 ἧκαν
2542 3782 2639 3851 τὴν
2672 3782 2972 3851 ὑπερϐολὴν
3001 3782 3099 3851 τῆς
3130 3782 3532 3851 εὐσπλαγχνίας
3555 3800 3670 3837 σου.

2452 3873 2533 3925 11.
2566 3874 2677 3925 Οὐκ
2710 3872 3053 3943 ἐμνήσθησαν
3080 3873 3142 3925 τὸ
3175 3875 3478 3946 ἀμέτρητον
3623 3876 3810 3939 ἐλέους
3842 3894 3948 3940 σου,

2377 3962 2456 4014 ὅτι
2482 3962 2610 4025 Θεὸς
2636 3960 2710 4014 ὢν
2734 3962 2971 4030 ἠξίωσας
3001 3962 3095 4016 ἄνθ
3104 3982 3286 4034 ρωπος
3311 3965 3579 4034 γενέσθαι,
3604 3968 3701 4020 καὶ
3727 3968 3952 4039 ὑσθῆναι

2378 4058 2490 4118 τοῖς
2525 4053 2847 4124 ἀνθρώποις.

2450 4147 2534 4199 15.
2592 4148 2699 4198 Kal
2748 4147 3165 4217 παρεπίκραναν
3228 4166 3285 4202 σε
3332 4151 3680 4223 ἐπαιρόμενοι
3736 4156 3801 4224 τῇ
3842 4154 3948 4207 δια-

2376 4240 2493 4308 νοίᾳ
2527 4242 2583 4290 ὲν
2616 4238 2690 4306 (7)
2715 4241 2778 4308 τῇ
2812 4239 3037 4309 αἰσχύνῃ
3064 4240 3159 4293 τοῦ
3190 4242 3413 4312 κόσμου.

2450 4330 2532 4383 16.
2592 4330 2703 4383 Καὶ
2745 4331 2865 4393 τοὺς
2910 4331 3268 4396 ασθενοῦντας
3312 4335 3523 4393 αὐτῶν,
3574 4335 3607 4406 ἦ
3653 4335 3946 4389 καταδυνα-

2379 4422 2733 4491 στευομένους
2772 4421 2875 4474 ὑπὸ
2908 4420 2999 4474 τοῦ
3043 4421 3290 4476 διαϐόλου
3339 4424 3509 4479 ἔσωσε
3554 4426 3644 4480 διὰ
3688 4427 3749 4480 τὸ
3787 4429 3945 4497 ὄνομα

2379 4514 2539 4568 αὐτοῦ
2571 4514 2630 4566 τὸ
2659 4513 3051 4585 φιλάνθρωπον.

2307 4574 2353 4631 D
2452 4606 2537 4659 17.
2573 4608 2686 4659 Ἵνα
2720 4606 3006 4677 φανερώσῃ
3034 4605 3216 4667 αὐτοῖς
3241 4606 3338 4678 τὴν
3365 4609 3516 4679 ἰσχὺν
3542 4608 3730 4663 αὑτοῦ.

2450 4699 2536 4752 18.
2572 4699 2682 4750 Kal
2708 4699 3003 4768 ἐπετίμησε
3035 4698 3122 4751 διὰ
3154 4698 3250 4752 τοῦ
3283 4698 3440 4769 λόγου
3469 4701 3567 4769 τῆς
3595 4701 3821 4775 χάριτος
3852 4702 3942 4755 ati-

2376 4791 2467 4844 τοῦ
2500 4792 2562 4860 τῇ
2589 4791 2828 4861 ἁμαρτία
2854 4790 2944 4844 τοῦ
2978 4790 3203 4861 κόσμου,
3232 4794 3324 4846 καὶ
3364 4794 3665 4865 ὲνέκρωσεν
3691 4797 3873 4868 αὑτήν.

2448 4883 2533 4937 10.
2585 4884 2693 4935 Kal
2734 4884 2860 4946 τοὺς
2904 4883 3258 4948 πιστεύοντας
3295 4885 3441 4956 αὐτῷ
3478 4886 3765 4957 ὡδήγησεν
3793 4890 3848 4940 ἐν
3873 4886 3943 4957 τῷ

2380 4975 2746 5045 βαπτίσματι,
2782 4975 2838 5027 ὲν
2885 4975 3147 5047 φωτισμῷ
3189 4975 3265 5041 ὡς
3298 4979 3422 5041 τοὺς
3460 4978 3611 5040 υἱοὺς
3661 4978 3869 5051 Ἰσραὴλ
3892 4982 3943 5031 ὲν

2378 5066 2442 5132 τῇ
2480 5063 2688 5133 ἐρήμῳ.

2448 5152 2536 5216 20,
2566 5152 2655 5206 21.
2692 5152 2767 5221 (8)
2809 5153 2881 5203 Τὸ
2928 5152 3206 5225 βάπτισμα
3248 5156 3372 5220 τοὺς
3417 5157 3686 5229 ἄρχοντας
3718 5158 3814 5211 τοῦ
3852 5159 3942 5211 Ea-

2382 5241 2517 5291 τανᾶ
2546 5238 2899 5297 ἐθανάτωσεν.

1661 5412 1965 5475 Addenda
1998 5426 2056 5477 et
2084 5418 2456 5498 corrigenda
2492 5440 2570 5484 ex
2609 5425 2750 5486 cod.
2784 5428 2981 5489 Vatic.

812 5555 863 5624 1)
886 5554 1110 5620 Ἐλθεζν,
1141 5559 1234 5612 καὶ
1258 5560 1429 5614 σῶσαι
1458 5561 1580 5623 τοὺς
1607 5560 1955 5624 πιστεύοντάς
1996 5580 2097 5621 σοι,

903 5627 1011 5751 3‘85
1038 5629 1129 5681 καὶ
1148 5631 1311 5698 ἡμᾶς,
1329 5644 1431 5687 etc.
1527 5636 1695 5693 ποιεῖς
1721 5634 1828 5696 τοῖς
1853 5633 2138 5698 ἐκλεκτοῖς,
2169 5646 2269 5692 etc.

810 5718 840 5747 ι’)
986 5738 997 5748 .

810 5718 840 5747 ι’)
852 5718 864 5748 1
934 5718 975 5748 11
986 5738 997 5748 .

782 5752 858 5841 (lii
894 5752 1002 5841 {is
1040 5771 1404 5841 μακαρισμοῦ.

788 5838 864 5909 (5)
893 5837 978 5893 Ἐν
1009 5839 1101 5909 τῷ,
1142 5837 1245 5894 etc.

2452 5568 2523 5644 (εξ)
2556 5572 2841 5644 Ἀμετρον.

2558 5642 2774 5717 ᾼιανοία
2798 5646 2939 5699 κατὰ
2968 5644 3084 5717 σοῦ.
3123 5646 3203 5709 ἐν,
3236 5656 3339 5701 etc.

2432 5712 2543 5790 “(8).
2573 5711 2636 5763 Ν.
2691 5711 2781 5777 Qti,
2814 5716 2903 5780 Ἡ,
2955 5716 3044 5773 ‘22.
3080 5718 3174 5779 Τό.
3211 5730 3314 5773 etc.
3358 5715 3422 5773 Ν.
3466 5718 3557 5775 ‘15.
3592 5719 3809 5786 Πάντας
3848 5719 3939 5787 γὰρ

2385 5796 2598 5844 αυτους,
2622 5794 2704 5838 etc
