4142 6490
744 408 878 466 1115

809 525 896 583 38.
941 528 1006 582 Et
1037 529 1274 585 fecerunt
1299 534 1521 589 vitulum
1554 539 1606 591 in
1637 539 1852 597 Cboreb
1882 563 1895 599 :

810 620 894 674 59.
941 622 1004 674 Et
1050 624 1412 680 adoraverunt
1464 631 1732 701 sculptile.

810 711 896 767 40.
961 712 1021 766 Ει
1048 724 1393 771 mutaverunt
1419 719 1643 787 gloriam
1673 742 1829 780 suam

806 804 895 859 41.
941 801 995 857 In
1035 806 1445 863 similitudinem
1474 814 1623 867 vituli
1654 819 1989 873 comedentis
2020 819 2224 875 fenum.

808 893 897 951 42.
937 893 1002 948 Et
1023 897 1175 953 obliti
1204 910 1329 954 sunt
1361 900 1547 967 Deum,
1591 908 1685 974 qui
1716 909 1941 964 salvavit
1965 928 2097 965 eos:

804 1076 891 1131 43.
932 1076 1033 1144 Qui
1060 1078 1185 1134 fecit
1207 1086 1475 1154 magnalia
1504 1088 1555 1141 in
1587 1087 1840 1160 Egypto,

802 1169 891 1223 44.
934 1170 1193 1226 Mirabilia
1223 1176 1274 1227 in
1302 1185 1443 1230 terra
1472 1178 1666 1244 Cham,

804 1262 890 1317 45.
928 1262 1210 1321 Terribilia
1241 1268 1293 1321 in
1324 1272 1458 1324 mari
1492 1273 1693 1331 Rubro.

801 1356 889 1411 46.
940 1356 1003 1412 Et
1031 1359 1163 1413 dixit
1193 1371 1249 1414 ut
1283 1364 1613 1433 disperderet
1634 1385 1729 1421 eos
1764 1389 1777 1424 :

804 1444 890 1499 47.
933 1445 988 1500 Si
1016 1464 1123 1501 non
1154 1448 1364 1521 Moyses
1389 1454 1591 1510 electus
1616 1457 1734 1522 ejus

802 1536 887 1590 48.
931 1537 1181 1594 Stetissel
1232 1542 1284 1595 in
1324 1546 1691 1602 cnnﬁ'aclione
1728 1550 1777 1603 in
1816 1564 2103 1621 conspectu
2150 1557 2287 1624 ejus,

798 1628 883 1682 49.
931 1629 999 1685 Ut
1026 1643 1289 1690 averteret
1315 1638 1449 1691 iram
1471 1640 1611 1710 ejus,
1649 1659 1713 1696 ne
1747 1644 2079 1714 disperderet
2102 1664 2219 1703 eos.

797 1803 882 1858 50.
918 1805 982 1860 Et
999 1824 1094 1876 pro
1112 1810 1279 1865 nihilo
1303 1813 1608 1869 habuerunt
1626 1828 1821 1871 terram
1842 1820 2278 1881 desiderabilem:

795 1896 882 1951 51.
920 1896 1035 1953 Non
1069 1904 1418 1959 crediderunt
1451 1909 1617 1963 verbo
1647 1912 1785 1979 ejus.

796 1984 883 2038 52.
926 1987 985 2042 Et
1016 2006 1491 2052 murmuraverunt
1528 1998 1985 2077 [murmur-abant]
2018 2006 2071 2061 in
2100 2010 2279 2064 taber-

725 2079 935 2133 naculis
964 2083 1115 2137 suis:

795 2214 871 2283 (a)
902 2217 1007 2271 Καί
1033 2219 1199 2275 deest.

1567 418 1625 473 S.
1667 420 2038 481 ATHANASII
2079 429 2229 485 OPP.
2274 429 2453 485 PARS
2492 429 2580 484 lli.
2622 459 2692 470 —
2735 429 3142 486 EXEGETICA.

3845 429 3978 486 1116

2324 560 2369 612 Α
2471 551 2556 605 58.
2590 552 2697 604 Kal.
2726 552 2983 619 ἐποίησαν
3013 552 3207 623 μόσχον
3237 555 3294 606 ὲν
3319 555 3552 626 Χωρή6⁸

2466 640 2552 693 59.
2586 641 2695 692 Καὶ
2728 641 3139 711 προσεκύνησαν
3172 641 3250 711 τῷ
3279 643 3524 713 γλυπτῷ.

2468 733 2556 785 40.
2590 733 2697 785 Καὶ
2726 732 3021 802 ἠλλάξαντο
3049 736 3145 805 τὴν
3176 735 3331 801 δόξαν
3363 735 3530 789 αὐτοῦ

2468 823 2553 878 41.
2596 824 2683 876 Ἑν
2712 824 3014 894 ὁμοιώματι
3047 827 3246 897 μόσχου
3273 828 3543 890 ἐσθίοντος

2465 914 2551 967 49...
2581 917 2690 969 Καὶ
2718 918 2789 986 (a)
2821 917 3143 970 ἐπελάθοντο
3171 918 3261 971 τοῦ
3291 919 3424 971 Θεοῦ
3453 919 3545 972 τοῦ
3573 918 3844 985 σώζοντος
3876 918 3970 973 αὐ-

2395 1003 2549 1067 τούς·

2464 1095 2551 1147 45.
2584 1095 2688 1147 Τοῦ
2724 1098 3045 1167 ποιήσαντος
3077 1097 3288 1167 μεγάλα
3313 1100 3371 1152 ἐν
3397 1102 3683 1171 Δίγυπτῳ,

2464 1186 2553 1239 44.
2584 1187 2871 1258 Θαυμάσια
2901 1193 2958 1242 ὲν
2990 1192 3061 1259 γῇ
3089 1189 3240 1260 Χὰμ,

2462 1282 2550 1335 45.
2577 1282 2784 1353 Φοϐερά
2814 1284 2904 1337 ἐπὶ
2932 1284 3203 1356 Θαλάσσης
3236 1285 3518 1356 Ἐρυθρᾶς.

2459 1373 2547 1426 46.
2583 1374 2688 1426 Καὶ
2709 1371 2825 1426 εἷπε
2856 1374 2947 1428 τοῦ
2973 1375 3344 1448 ὲξολοθρεῦσαι
3373 1376 3600 1440 αὐτούς·

2459 1466 2548 1521 47.
2582 1468 2642 1519 Et
2682 1468 2755 1537 μὴ
2789 1470 3021 1539 Μωῦσῆς
3051 1471 3079 1522 6
3112 1468 3362 1531 ἐκλεκτὸς
3395 1468 3558 1521 αὐτοῦ

2458 1558 2547 1611 48.
2576 1562 2647 1625 (ὁ)
2682 1562 2850 1630 Ἐστη
2885 1563 2939 1613 ἐν
2967 1564 3030 1631 τῇ
3064 1560 3285 1630 Θραύσει
3310 1560 3537 1613 ἐνώπιον
3562 1559 3753 1625 αὑτοῦ,

2457 1649 2543 1703 49.
2595 1649 2698 1703 Τοῦ
2746 1652 3085 1722 ἀποστρέψαι
3125 1653 3214 1704 τὸν
3257 1651 3424 1721 θυμὸν
3464 1651 3668 1715 αὐτοῦ,
3727 1651 3824 1704 τοῦ
3886 1649 3958 1725 μὴ

2382 1740 2761 1811 ὲξολοθρεῦσαι
2791 1743 3005 1807 αὐτούς.

2453 1833 2540 1886 50.
2571 1834 2678 1887 Καὶ
2711 1834 3070 1899 ἐξουδένωσαν
3097 1837 3199 1907 γῆν
3229 1835 3571 1905 ἐπιθυμητήν
3591 1852 3603 1864 ο

2317 1909 2357 1966 Β
2456 1922 2541 1976 51.
2579 1924 2689 1977 Οὐκ
2719 1926 3040 1980 ἐπίστευσαν
3066 1926 3144 1997 τῷ
3171 1926 3313 1996 λόγῳ
3336 1926 3520 1979 αὑτοῦ.

2456 2014 2541 2068 5'2.
2576 2016 2685 2067 Καὶ
2713 2018 3016 2085 ἐγόγγυσαν
3048 2016 3389 2090 [ἐγόγγυζον]
3421 2022 3477 2071 ὲν
3509 2022 3624 2081 τοῖς
3661 2015 3953 2086 mainta-

2386 2122 2468 2159 σιν
2500 2106 2676 2159 αὐτῶν
2696 2122 2711 2137 ·

2456 2238 2531 2308 (b)
2566 2238 2718 2295 Vers.
2746 2239 2813 2295 48
2838 2240 3075 2296 omissus
3096 2251 3178 2295 est
3205 2243 3272 2297 ab
3298 2244 3524 2314 antiquo
3560 2246 3851 2318 scriptore.

1847 2411 2219 2468 ATHANASII
2260 2414 2814 2475 INTERPRETATIO

792 2542 878 2596 38.
921 2541 987 2596 Et
1016 2538 1258 2599 fecerunt
1284 2547 1384 2601 sibi
1420 2549 1551 2618 ipsis
1581 2565 1671 2603 cor
1698 2551 1959 2619 insipiens
1999 2552 2053 2606 in
2087 2553 2285 2608 mentis

721 2648 833 2687 sua:
861 2633 1241 2690 obcaecatione.
1288 2636 1489 2693 Clwreb
1517 2643 1662 2695 enim
1692 2644 2080 2713 interpretatur
2108 2648 2282 2701 exsic-

720 2726 876 2785 catio.
911 2729 1086 2795 qualis
1115 2740 1198 2783 est
1223 2733 1461 2787 etecitas.

787 2816 874 2869 39.
937 2816 1001 2870 Et
1029 2820 1080 2872 in
1109 2822 1420 2875 servitutem
1453 2825 1654 2879 redacti
1686 2838 1813 2881 sunt
1847 2845 1876 2882 a
1911 2841 2148 2898 peccatu.

786 2908 872 2961 40.
914 2907 977 2962 Ει
1006 2912 1230 2979 gloriam
1263 2915 1583 2979 intellectus,
1627 2936 1784 2989 quem
1829 2924 1975 2979 dedit
2003 2926 2082 2979 eis
2115 2925 2274 2989 Deus,
2306 2953 2347 3012 ο

720 3008 1215 3058 transmutaverunt
1252 3008 1303 3060 in
1350 3018 1581 3063 mentem
1617 3014 1924 3081 reprobam.

789 3093 875 3148 εΗ.
913 3093 977 3148 Et
1025 3098 1309 3153 assimilati
1385 3111 1510 3154 sunt
1556 3103 1804 3169 jumeuto
1865 3108 2158 3176 insipienti,
2226 3121 2275 3166 et

718 3187 1170 3250 quemadmodum
1208 3190 1336 3243 illud
1384 3190 1566 3246 fenum
1610 3195 1740 3255 edit,
1797 3198 1942 3265 quod
1994 3201 2046 3253 in
2101 3202 2277 3270 ignem

719 3279 972 3338 mittitur.
1020 3282 1091 3334 ita
1124 3291 1177 3335 et
1210 3282 1295 3335 isti
1346 3297 1623 3352 peceatum
1671 3291 1995 3358 suscipiunt,
2046 3295 2190 3361 quod
2225 3296 2275 3347 in

717 3369 1151 3425 combustionem
1189 3374 1492 3442 projicitur.

785 3461 873 3516 49..
916 3462 980 3517 Et
1018 3465 1169 3519 obliti
1202 3476 1327 3521 sunt
1360 3466 1696 3524 Salvatorem
1738 3471 1947 3526 mundi.

786 3556 873 3610 45.
923 3556 1025 3621 Qui
1057 3573 1249 3626 magna
1283 3558 1407 3613 fecit
1451 3562 1502 3614 in
1539 3564 1782 3619 tenebris
1829 3565 2053 3631 mundi;
2102 3564 2274 3636 Egy-

713 3657 833 3714 ptus
859 3648 1001 3701 enim
1041 3650 1263 3704 tenebrae
1308 3652 1714 3722 interpretatur.

783 3736 869 3790 44.
908 3735 962 3790 In
1008 3755 1277 3811 synagoga
1317 3741 1650 3799 Judaaorum.
1686 3746 1851 3800 Citam
1902 3750 2044 3804 enim
2094 3749 2275 3803 audax

714 3827 1114 3899 interpretatur,
1149 3834 1327 3903 qualis
1374 3847 1458 3889 cst
1488 3836 1800 3892 Judaeorum
1846 3843 2098 3909 populus.

778 4007 863 4061 45.
910 4006 1193 4064 Terribilia
1226 4011 1277 4065 in
1310 4015 1512 4070 mundo
1552 4017 1883 4087 iniquitatis.

777 4099 865 4153 46.
907 4099 971 4152 Et
1003 4102 1139 4156 dixit
1166 4104 1338 4171 Pater,
1364 4118 1421 4161 ut
1454 4109 1789 4177 disperderet
1812 4126 1923 4163 eos.

776 4191 865 4259 47,
904 4192 991 4249 48.
1032 4194 1148 4252 Nisi
1194 4197 1363 4256 Filius
1428 4201 1547 4271 ejus
1599 4206 1837 4259 stetisset
1886 4206 1939 4258 in
1987 4221 2148 4261 cruce
2190 4207 2271 4261 di-

2448 2555 2534 2609 58.
2574 2557 2679 2609 Καὶ
2709 2558 2970 2629 ἐποίησαν
3002 2559 3212 2624 ἑαυτοῖς
3240 2559 3496 2614 ἀσύνετον
3540 2563 3770 2634 καρδίαν
3803 2568 3859 2619 ὲν
3886 2571 3949 2637 τῇ

2381 2646 2623 2715 πηρώσει
2650 2647 2746 2716 τῆς
2771 2647 3005 2712 διανοίας
3035 2650 3233 2704 αὐτῶν.
3272 2650 3484 2719 Χωρὴὸ
3507 2654 3616 2723 γὰρ
3654 2657 3953 2727 ἑρμηνεύε-

2379 2753 2463 2789 ται
2498 2737 2825 2806 ξηριισμὸς,
2858 2741 2993 2811 ὅπερ
3028 2742 3141 2793 ἐστὶ
3173 2743 3436 2812 πήρωσις.

2448 2828 2534 2881 59.
2561 2830 2668 2881 Kal.
2695 2830 3062 2900 ἐδουλώθησαν
3094 2835 3159 2902 τῇ
3188 2833 3448 2906 ἁμαρτίᾳ.

2450 2920 2536 2973 40.
2568 2922 2673 2973 Καὶ
2706 2922 2803 2990 τὴν
2850 2924 2923 2991 (Ι)
2971 2923 3127 2987 δόξαν
3167 2925 3265 2993 τῆς
3300 2927 3601 2992 συνέσεως,
3641 2924 3712 3001 ἦς
3756 2929 3950 3007 ἔδωκεν

2382 3010 2560 3075 αὐτοῖς
2585 3014 2612 3064 ό
2640 3011 2787 3076 θεὸς,
2815 3013 3105 3083 μετέϐαλον
3134 3018 3213 3079 είς
3238 3017 3490 3086 ἀδόκιμον
3521 3019 3665 3073 νοῦν.

2450 3103 2534 3155 41.
2579 3106 2685 3157 Καὶ
2720 3104 3077 3179 ὡμοιώθησαν
3104 3110 3288 3178 κτήνει
3323 3110 3587 3181 ἀσυνέτῳ,
3631 3114 3729 3165 καὶ
3763 3112 3948 3182 ὥσπερ

2379 3194 2559 3248 ἐκεῖνα
2604 3197 2792 3267 χόρτον
2821 3199 2986 3251 ἐσθίει
3026 3200 3115 3253 τὸν
3148 3202 3226 3264 είς
3253 3200 3314 3254 τὸ
3344 3200 3453 3273 πῦρ
3483 3202 3829 3274 βαλλόμενον,
3856 3206 3947 3257 οῦ-

2377 3302 2483 3348 τως
2526 3288 2616 3340 καὶ
2639 3285 2781 3339 οὗτοι
2806 3290 2904 3358 τὴν
2929 3292 3201 3363 ἁμαρτίαν
3234 3293 3713 3365 μεταλαμϐάνουσι
3742 3298 3843 3367 τὴν
3870 3301 3948 3361 εὶς

2379 3376 2570 3431 καῦσιν
2605 3378 2950 3449 βαλλομένην.

2446 3470 2534 3523 42.
2571 3471 2677 3522 Καὶ
2712 3471 3029 3525 ἐπελάθοντο
3059 3473 3153 3526 τοῦ
3176 3475 3424 3547 Σωτῆρος
3453 3476 3545 3529 τοῦ
3572 3478 3803 3548 κόσμου.

2447 3560 2531 3615 45.
2578 3563 2683 3616 Τοῦ
2729 3567 3047 3636 ποιήσαντος
3100 3567 3309 3638 μεγάλα
3360 3569 3419 3620 ἐν
3478 3568 3554 3638 τῷ
3608 3573 3791 3624 σκότει
3852 3572 3946 3625 τοῦ

2378 3652 2598 3722 κόσμου.
2626 3656 2922 3725 Αἴγυπτος
2956 3660 3062 3731 γὰρ
3092 3663 3314 3726 σκότος
3348 3662 3710 3733 ἑρμηνεύεται
3740 3665 3840 3735 (2).

2444 3743 2531 3796 44.
2585 3745 2671 3796 Ἐν
2720 3749 2783 3817 τῇ
2838 3752 3124 3818 συναγωγῇ
3167 3749 3276 3803 τῶν
3330 3750 3619 3807 Ἰουδαίων.
3669 3754 3798 3823 Χὰμ
3839 3754 3943 3826 γὰρ

2374 3838 2668 3905 τολμηρὸς
2704 3840 3083 3912 ἑρμηνεύεται,
3119 3844 3254 3914 ὅπερ
3284 3844 3430 3896 ἐστὶν
3457 3847 3485 3897 ό
3512 3846 3641 3909 λαὸς
3671 3848 3781 3901 τῶν
3818 3848 3943 3903 Ἰου-

2373 3927 2553 3981 δαίων.

2444 4022 2531 4075 45.
2559 4022 2764 4094 Φοϐερά
2791 4026 2847 4077 ὲν
2879 4024 2954 4095 τῷ
2986 4026 3172 4097 κόσμῳ
3198 4028 3299 4098 τῆς
3324 4028 3551 4101 ἀνομίας

2441 4116 2528 4170 46.
2563 4119 2670 4170 Καὶ
2707 4114 2858 4171 εἶπεν
2899 4121 2927 4172 6
2956 4120 3144 4191 Πατὴρ
3175 4121 3269 4174 τοῦ
3304 4121 3685 4195 ὲξολοθρεῦσαι
3726 4124 3939 4187 αὐτούς.

2443 4210 2531 4273 47,
2574 4211 2662 4265 48.
2718 4212 2778 4264 Et
2824 4212 2897 4282 μὴ
2944 4215 2971 4266 6
3018 4214 3143 4277 Υἱὸς
3192 4216 3357 4269 αὐτοῦ
3412 4217 3541 4286 ἔστη
3590 4218 3667 4288 (5)
3712 4220 3805 4272 ἐπὶ
3850 4220 3939 4274 τοῦ

708 4299 836 4339 cens
863 4303 875 4338 :
913 4285 1099 4352 Pater,
1130 4290 1339 4345 dimitte
1370 4291 1500 4359 illis,
1534 4309 1639 4347 non
1662 4295 1802 4347 enim
1837 4298 2009 4350 sciunt
2031 4300 2158 4368 quid
2189 4300 2272 4369 fa-
2304 4320 2345 4375 ί)
2373 4302 2409 4354 Σ

2373 4302 2610 4373 Σταυροῦ
2639 4302 2810 4371 λέγων
2839 4322 2852 4334 ·
2888 4304 3076 4375 Πάτερ
3096 4349 3109 4373 ,
3151 4308 3299 4376 ἄφες
3330 4285 3566 4375 αὐτοῖς)
3711 4312 3821 4381 γὰρ
3856 4312 3939 4364 οτ-

704 4374 848 4426 ciunt
882 4375 947 4431 ³⁸.

776 4465 864 4519 49.
909 4465 978 4522 Ut
1006 4481 1272 4527 averteret
1314 4474 1450 4529 iram
1491 4476 1637 4550 ejus,
1672 4493 1739 4533 ne
1772 4478 2106 4549 disperderet
2152 4498 2267 4538 ens.

706 4555 910 4627 Moyses
937 4562 1080 4615 enim
1119 4567 1409 4635 assumptio
1450 4569 1859 4639 interpretatur,
1892 4573 2037 4642 quod
2066 4590 2269 4629 conve-

704 4651 785 4704 nit
811 4650 1041 4710 Domino
1070 4668 1256 4714 nostro
1281 4659 1432 4731 Jesu,
1466 4666 1560 4736 qui
1592 4677 1909 4737 assumptus
1932 4674 2036 4724 est.

774 4824 861 4879 50.
903 4827 1183 4900 Deiparam
1223 4832 1445 4893 Mariam
1478 4840 1697 4910 injuriis
1733 4841 2050 4910 allicientes,
2081 4854 2135 4900 et
2164 4842 2268 4899 Βου-

705 4920 851 4975 ηιίιιο
882 4922 947 4978 de
981 4923 1097 4993 ipsa
1129 4927 1372 4985 dicentes
1416 4950 1430 4986 :
1483 4932 1595 4987 Nos
1629 4949 1694 4986 ea:
1750 4935 2100 5004 fornicatione
2154 4939 2271 4991 nati

702 5027 801 5064 non
819 5029 997 5069 sumus
1011 5017 1076 5072 ”.

774 5100 859 5153 5t.
898 5100 1014 5157 Non
1046 5108 1415 5175 crediderunt,
1447 5115 1589 5183 quod
1636 5114 1807 5172 Filius
1841 5118 1930 5172 Dei
1961 5128 2125 5175 esset.

771 5190 858 5249 52.
906 5191 1379 5257 Murmuraverunt
1410 5204 1463 5258 in
1505 5222 1562 5261 se
1598 5208 1729 5276 ipsis
1754 5208 2035 5267 dicentes:
2076 5211 2263 5267 Nonne

702 5282 783 5334 hic
831 5296 906 5337 est
955 5288 1096 5356 fabri
1142 5292 1289 5361 filius
1339 5296 1433 5349 ³⁸7

796 5417 818 5446 ⁸
844 5415 975 5480 Luc.
1003 5439 1155 5490 unt,
1201 5425 1290 5481 54.
1375 5429 1420 5460 ²⁹
1472 5428 1635 5486 Joan.
1668 5449 1759 5488 νιιι
1785 5477 1799 5495 .
1826 5437 1911 5490 41.

2363 4396 2503 4450 ὄασι
2534 4398 2593 4449 τί
2625 4397 2922 4452 ποιοῦσιν.

2432 4490 2522 4545 49.
2570 4490 2758 4552 Ὅπως
2807 4492 3121 4563 ἀποστρέψῃ
3163 4493 3255 4546 τὸν
3294 4493 3463 4565 Θυμδν
3511 4494 3677 4547 αὑτοῦ
3728 4495 3821 4548 τοῦ
3868 4493 3937 4565 μὴ

2364 4577 2737 4649 ἑξολοθρεῦσαι
2766 4580 2982 4639 αὐτούς.
3011 4582 3273 4651 Μωυσῆς
3298 4585 3407 4655 γὰρ
3438 4584 3745 4654 ἀνάληψις
3776 4588 3939 4657 ἑρμη-

2364 4672 2599 4735 νεύεται,
2622 4672 2758 4747 ὅπερ
2780 4675 2926 4729 ἐστὶν
2946 4678 2974 4730 ό
2995 4676 3199 4749 Κύριος
3226 4677 3383 4750 ἡμῶν
3414 4678 3639 4751 Ἰησοῦςο
3664 4679 3935 4751 ἀνελήφθη

2365 4768 2492 4835 γάρ.

2436 4857 2523 4911 50.
2556 4857 2666 4928 Τὴν
2695 4856 2955 4913 Θεοτόκον
2983 4859 3200 4932 Μαρίαν
3226 4858 3607 4927 ὀνειδίζοντες,
3638 4863 3718 4935 τῷ
3753 4864 3934 4936 Κυρίῳ

2366 4950 2493 5021 περὶ
2538 4951 2703 5023 αὐτῆς
2739 4950 2832 5005 καὶ
2866 4951 3111 5020 λέγοντες
3133 4967 3145 4980 '
3198 4952 3387 5022 Ἡμεῖς
3427 4955 3495 5007 ἐκ
3545 4957 3830 5023 πορνείας
3866 4957 3933 5008 οὑ

2364 5041 2781 5110 γεγεννήμεθα.

2436 5133 2522 5186 ει.
2551 5135 2661 5186 Οὐκ
2683 5133 3024 5199 ἐπίστευσαν,
3048 5136 3129 5187 ὅτι
3157 5137 3185 5189 6
3216 5137 3340 5199 Υἱός
3369 5138 3483 5191 ἐστι
3512 5137 3606 5191 τοῦ
3640 5138 3798 5192 Θεοῦ.

2429 5224 2517 5276 52.
2559 5223 2883 5293 Ἐγόγγυζον
2915 5227 3036 5279 καθ’
3063 5224 3284 5292 ἑαυτοὺς
3317 5228 3598 5299 λέγοντες·
3629 5225 3924 5302 Οὐχοῦτός

2359 5314 2527 5367 ἐστιν
2555 5318 2586 5367 o'
2614 5313 2721 5367 τοῦ
2752 5316 3027 5383 τέκτονος
3064 5321 3193 5385 υἱός
3209 5335 3227 5381 ;

1998 5440 2042 5471 ³ο
2092 5439 2283 5498 Matth.
2317 5460 2410 5498 xui
2435 5488 2449 5511 ,
2624 5445 2781 5503 Joan.
2819 5465 2903 5513 vr,
2941 5450 3026 5503 42.

1653 5600 1954 5665 Addenda
1987 5614 2042 5664 et
2077 5608 2446 5688 corrigenda
2477 5628 2553 5669 ex
2592 5611 2730 5671 cod.
2779 5613 2975 5672 \‘atic.

776 5732 863 5823 (ill.
900 5730 965 5823 N';
1008 5736 1093 5823 f0;
1152 5741 1259 5793 Καὶ
1306 5745 1400 5811 τήν
1489 5756 1613 5812 ctc.,
1664 5766 1831 5819 usque
1880 5751 1943 5806 ad
1992 5752 2252 5823 ἀσυνέτῳ.

710 5799 751 5855 N
807 5803 891 5857 tt.
925 5806 1029 5859 Καὶ
1060 5809 1264 5882 ὥσπερ,
1291 5799 1392 5867 etc.

2436 5754 2511 5814 (Ξ)
2550 5754 2932 5825 Ἐρμηνεύεται
2968 5753 3248 5819 σκότωσις.

2444 5826 2519 5893 (5)
2551 5826 2729 5890 Ἒστη
2762 5842 2864 5877 non
2903 5826 3114 5894 legitur.
