4142 6472
195 432 216 481 1
240 428 334 483 121
1131 417 1216 471 DE
1255 414 1530 473 TlTULlS
1565 412 1831 469 PSALMO

1807 412 2014 468 DRUM.
2053 441 2121 452 --
2156 409 2354 466 PSAL.
2399 407 2534 466 CVI.
3305 411 3443 466 Hii

262 529 352 586 88.
386 529 676 592 Πλεονάκις
710 527 975 600 ὲρῤύσατο
1002 529 1218 608 αὐτούς⁹
1801 533 1847 589 Α

1021 529 1218 608 ιὺτούς-
1801 533 1847 589 Α
1943 524 2031 580 88.
2062 523 2213 593 Saepe
2246 524 2492 578 liberavit
2518 538 2614 577 eos
2646 564 2657 577 .

263 621 355 675 89.
416 621 578 674 Αὐτοὶ
623 620 680 674 δὲ
729 621 1144 692 παρεπίκραναν
1190 623 1352 676 αὐτὸν
1405 636 1460 673 εν
1489 637 1556 691 τῃ
1608 621 1771 690 βουλῇ

1947 616 2032 671 89.
2069 615 2175 687 Ipsi
2225 625 2405 671 autem
2455 615 2916 671 exacerbaverunt
2954 631 3080 672 eum
3127 615 3184 672 in
3214 616 3447 673 consilio

192 714 374 775 ιῦτῶν
390 733 403 746 ·
1878 725 1979 766 suo
2004 728 2017 763 :

265 808 356 861 90.
385 806 488 859 Kal
513 802 952 873 ἐταπεινώθησαν
983 804 1040 857 ἐν
1067 806 1186 866 ταῖς
1213 803 1465 872 ἀνομίαις
1499 802 1701 855 αὐτῶν.

1609 802 1701 854 ὦν.
1948 801 2037 856 90.
2070 798 2134 854 Et
2159 799 2424 854 liumiliati
2461 808 2587 854 sunt
2615 800 2668 854 in
2703 800 3083 871 iniquitatibus
3109 801 3245 856 suis.

266 901 358 956 91.
387 900 488 953 Kal
509 895 614 952 εἶδε
646 898 846 969 Κύριος
872 899 929 950 ὲν
956 895 1032 966 τῷ
1065 895 1339 949 θλίϐεσθαι
1386 893 1601 957 αὐτούς·

1948 895 2037 949 91.
2069 895 2130 948 Et
2166 894 2292 948 vidit
2327 893 2604 956 Dominus,
2632 910 2754 948 cum
2788 895 2886 963 ipsi
2919 896 3344 952 tribularentur:

267 994 360 1050 99..
401 995 487 1047 Ἐν
513 991 587 1062 τῷ
623 992 785 1045 αὑτὸν
815 989 1128 1045 εἰσακοῦσαι
1157 990 1256 1057 τῆς
1277 989 1512 1060 δεήσεως
1537 986 1736 1040 αὐτῶν.

1301 990 1512 1060 ἰεήσεως
1537 986 1736 1040 αὐτῶν.
1947 987 2034 1043 9Ξ.
2066 987 2130 1042 Ει
2168 988 2370 1043 audivit
2399 990 2698 1043 orationem
2729 1003 2937 1041 eorum.

269 1085 359 1141 93.
397 1083 498 1138 Kal
526 1082 767 1154 ἐμνήσθη
793 1082 892 1152 τῆς
919 1081 1184 1152 διαθήκης
1216 1080 1403 1134 αὑτοῦ·

1360 1081 1403 1132 5·
1948 1083 2037 1136 95.
2077 1081 2143 1135 Et
2173 1096 2380 1136 memor
2408 1079 2510 1134 fuit
2540 1081 2844 1136 testamenti
2873 1082 2954 1134 sui
2985 1099 2996 1134 :

270 1177 361 1232 94.
398 1175 501 1230 Kal
525 1174 861 1247 μετεμελήθη
893 1173 1033 1228 κατὰ
1073 1173 1134 1226 τὸ
1186 1172 1389 1242 πλῆθος
1435 1171 1527 1223 τοῦ
1588 1170 1771 1233 ἐλέους

1947 1173 2035 1228 94.
2095 1171 2159 1226 Et
2203 1172 2457 1242 paenituit
2514 1188 2638 1228 eum
2695 1172 2991 1227 secundum
3041 1171 3441 1228 multitudinem

192 1268 391 1325 αὑτοῦ.

1878 1266 2265 1320 misericordi-.e
2299 1281 2429 1320 suae.

272 1364 361 1419 95.
393 1362 497 1417 Kal
525 1361 720 1416 ἔδωκεν
747 1359 942 1422 αὐτοὺς
963 1360 1042 1422 είς
1073 1357 1409 1431 οἰκτιρμοὺς,

1337 1359 1409 1421 ῦς,
1945 1355 2034 1411 95.
2072 1354 2135 1408 Ει
2165 1356 2313 1410 dedit
2340 1371 2435 1410 eos
2465 1356 2518 1410 in
2553 1356 2973 1421 misericordias,

272 1456 361 1512 96.
426 1454 693 1510 Ἐναντίον
756 1454 969 1507 πάντων
1040 1451 1148 1505 τῶν
1217 1450 1774 1522 αἱχμαλωτευσάντων

1665 1467 1774 1504 των
1949 1447 2037 1503 96.
2068 1447 2126 1502 in
2161 1460 2456 1518 conspectu
2487 1450 2753 1515 omnium,
2790 1450 2882 1520 qui
2913 1460 3160 1520 ceperant
3185 1466 3301 1508 eos.

193 1549 419 1612 αὐτούς.
3216 1582 3218 1584 ,

272 1643 363 1698 97.
390 1642 566 1694 Σῶσον
594 1641 759 1711 ήμᾶς,
789 1637 952 1709 Κύριε
981 1639 1008 1690 6
1040 1637 1169 1699 Θεὸς
1193 1637 1347 1709 ήμῶν
1382 1652 1397 1668 ο

1952 1629 2040 1684 97.
2075 1627 2265 1685 Salvos
2292 1645 2389 1684 nos
2420 1629 2523 1694 fac,
2561 1629 2787 1686 Domine
2824 1629 2964 1686 Deus
2997 1641 3214 1690 noster:

275 1738 366 1792 98.
404 1738 512 1789 Kal
545 1734 910 1802 ὲπισυνάγαγε
946 1735 1090 1803 ἡμᾶς
1113 1734 1176 1785 ὲκ
1211 1731 1318 1784 τῶν
1350 1730 1520 1783 ὲθνῶν
1545 1746 1559 1760 ·

1399 1730 1520 1783 ινῶν
1545 1746 1559 1760 υ
1946 1723 2036 1777 98.
2070 1723 2135 1777 Ει
2163 1739 2428 1793 congrega
2456 1740 2556 1778 nos
2585 1725 2651 1778 de
2686 1725 2993 1779 nationibus
3020 1743 3035 1779 :

275 1831 365 1886 99.
393 1829 497 1882 Τοῦ
516 1825 1006 1898 ἐξομολογήσασθαι
1033 1825 1110 1895 τῷ
1136 1824 1358 1894 ὀνόματί
1386 1840 1476 1876 σου
1507 1820 1584 1892 τῷ
1605 1820 1767 1892 ἁγίῳ·
1805 1895 1836 1898 _

1507 1820 1584 1892 τῷ
1605 1820 1767 1892 ἁγίῳ·
1949 1814 2037 1869 99.
2071 1813 2138 1868 Ut
2164 1815 2518 1868 contiteamnr
2545 1816 2747 1868 nomini
2772 1824 2961 1870 sancto
3002 1825 3132 1872 tuo:

278 1921 400 1974 100.
436 1920 540 1973 Τοῦ
567 1895 933 1990 ἐγκαυχᾶσθαι
963 1920 1018 1971 ὲν
1037 1921 1100 1988 τῇ
1125 1917 1324 1970 αἰνέσει
1358 1932 1470 1969 σου.
1799 1895 1847 1953 Β

1258 1933 1324 1968 πει
1358 1932 1470 1969 σου,
1799 1895 1847 1953 Β
1943 1906 2065 1974 100.
2100 1908 2164 1960 Et
2187 1907 2478 1975 gloriemur
2503 1907 2560 1960 in
2599 1907 2755 1961 laude
2783 1918 2894 1962 tua.

277 2012 398 2067 101.
435 2012 733 2082 Εὐλογητὸς
784 2010 984 2082 Κύριος
1006 2011 1033 2062 6
1065 2008 1195 2069 Θεὸς
1236 2005 1483 2076 Ἰσραήλ·

1471 2022 1483 2035 ·
1946 2001 2065 2055 101.
2089 1998 2410 2054 Benedictus
2440 1998 2699 2054 Dominus
2731 2000 2871 2054 Deus
2896 1999 3059 2056 Israel
3085 2021 3098 2056 :

275 2102 399 2158 102.
438 2102 567 2155 Ἀπὸ
587 2102 678 2155 τοῦ
701 2101 890 2163 αίῶνος
919 2100 1011 2152 καὶ
1041 2099 1142 2157 ἕως
1166 2095 1259 2148 τοῦ
1288 2095 1503 2156 αἰῶνος.

1445 2112 1503 2156 ις.
1945 2093 2065 2147 109.
2100 2091 2141 2142 Α
2167 2090 2388 2154 szeculo,
2421 2099 2475 2143 et
2512 2105 2682 2159 usque
2721 2090 2770 2142 in
2801 2092 3081 2144 sarculum.

275 2193 398 2249 103.
429 2194 536 2248 Kal
576 2196 689 2264 ἐρεῖ
717 2193 821 2256 πᾶς
855 2192 882 2242 6
912 2190 1036 2251 λαός
1057 2208 1068 2219 ο
1103 2188 1334 2249 Γένοιτο,
1365 2187 1594 2254 γένοιτο.

1540 2204 1594 2240 το.
1945 2185 2064 2238 103.
2100 2182 2162 2236 Ει
2191 2183 2333 2237 dicet
2365 2184 2545 2236 omnis
2583 2183 2854 2252 p0pu|usz
2893 2181 3028 2249 Fiat,
3065 2186 3176 2239 liat.

594 2308 964 2375 Ἀλληλούῖα.
1022 2308 1193 2359 ΨΑΛ.
1244 2306 1382 2370 Ρζῖθ.

1370 2344 1382 2355 ,
2309 2298 2560 2352 Alleluia.
2608 2297 2813 2353 PSAL.
2848 2299 2999 2355 CVI.

273 2403 327 2457 1.
370 2399 800 2473 Ἐξομολογεῐπθε
834 2399 911 2470 τῷ
937 2399 1143 2471 Κυρίῳ,
1179 2399 1261 2451 ὅτι
1292 2395 1528 2468 χρηστός
1550 2410 1566 2426 ο

1485 2395 1528 2459 ες
1550 2410 1566 2426 ο
1946 2390 1998 2443 1.
2026 2389 2373 2446 Conﬁtemini
2410 2391 2661 2459 Domino,
2694 2395 2951 2464 quoniam
2981 2396 3121 2450 bont'

1314 2569 1681 2629 ATHANASII
1739 2566 2319 2625 INTERPRETATIO.

273 2741 360 2796 88.
398 2740 664 2804 Πολλάκις
698 2753 1070 2809 συνεχωρησεν
1098 2734 1316 2796 αὐτούς.
1944 2726 2033 2782 88.
2067 2727 2221 2799 Saepe
2248 2727 2576 2782 condonavit
2611 2726 2711 2782 eis.

274 2833 357 2889 89.
407 2835 567 2887 Αὐτοὶ
619 2833 673 2886 δὲ
725 2830 1070 2904 παρώργιζον
1121 2828 1282 2882 αὑτὸν
1333 2829 1389 2881 ὲν
1432 2829 1500 2899 τῇ
1552 2823 1781 2898 ἀπιστίᾳ

1944 2817 2033 2872 89.
2064 2818 2170 2889 Ipsi
2224 2830 2406 2874 autem
2459 2821 2810 2873 irritaverant
2859 2834 2984 2875 cum
3025 2821 3081 2877 in
3131 2823 3441 2886 inlidentate

201 2927 400 2983 αὐτῶν.
1873 2922 1995 2966 sua.

274 3021 364 3076 90.
398 3019 498 3076 Kal
525 3015 899 3088 κατενύγησαν
923 3032 1067 3078 τινες
1095 3013 1298 3068 αὐτῶν.

1943 3006 2033 3063 90.
2072 3004 2136 3058 Et
2163 3002 2328 3072 aliqui
2357 3017 2545 3057 eorum
2575 3003 2885 3071 compuncti
2918 3013 3063 3059 sunt.

274 3111 360 3167 91.
397 3110 533 3174 Τοὺς
560 3110 636 3180 (1)
667 3108 1034 3177 λυπουμένους
1061 3105 1258 3159 αὐτῶν.
1801 3131 1846 3192 c

981 3123 1034 3170 υς
1061 3105 1258 3159 αὐτῶν.
1801 3131 1846 3192 c
1945 3098 2033 3154 91.
2069 3096 2218 3166 Ipsos
2243 3095 2617 3192 contristatos.

273 3202 357 3255 92.
387 3199 490 3254 Kal
545 3201 810 3273 δεομένων
857 3197 1035 3252 αὐτῶν
1079 3195 1214 3268 πρὸς
1248 3195 1408 3251 αὑτὸν
1457 3197 1776 3271 είσήκουσεν
1809 3185 1845 3192 ⁷

1748 3217 1776 3255 ν
1809 3185 1845 3192 ⁷
1951 3191 2040 3249 92.
2074 3190 2141 3246 Ει
2169 3188 2581 3246 deprecantibus
2612 3185 2744 3256 ipsis
2771 3186 2940 3252 illum,
2969 3187 3242 3247 exaudivit
3271 3208 3384 3248 eos.

201 3294 399 3348 αὐτῶν.

273 3385 358 3441 95.
384 3385 486 3440 Kal
507 3386 770 3459 ἐμνήσθη,
805 3388 884 3441 ὃτι
939 3387 1034 3441 καὶ
1065 3385 1217 3441 αὐτοὶ
1264 3385 1484 3456 σπέρμα
1527 3385 1775 3458 Ἀϐρααμ

1953 3409 2038 3463 95.
2073 3405 2140 3461 Et
2165 3403 2481 3461 recordatus
2508 3413 2612 3470 est,
2653 3407 2797 3477 quod
2828 3416 2876 3463 et
2908 3408 3009 3478 ipsi
3055 3427 3241 3473 semen
3272 3419 3445 3476 Abra-

197 3479 328 3534 ιίσι.

1883 3501 2007 3555 ham
2036 3506 2183 3552 sunt.

271 3573 358 3629 94.
389 3571 490 3625 Kal
511 3571 928 3644 ἐσπλαγχνίσθη.

915 3611 928 3626 ο
1950 3591 2037 3645 94.
2075 3590 2138 3646 Ει
2171 3590 2426 3648 misertus
2447 3601 2549 3649 est.

270 3666 357 3721 95.
393 3664 494 3717 Kal
516 3664 712 3718 ἔδωκεν
742 3667 935 3728 αὐτοὺς
964 3666 1042 3728 είς
1079 3664 1370 3733 ἐπίγνωσιν
1394 3663 1574 3728 ὲλέους
1603 3664 1699 3733 (2).

1950 3682 2040 3739 95.
2074 3684 2138 3737 Et
2165 3685 2311 3738 dedit
2338 3700 2434 3740 eos
2465 3684 2518 3740 in
2552 3685 2915 3758 cognitionem
2946 3691 3350 3768 misericordia.

271 3758 356 3813 96.
391 3756 491 3811 Kal
529 3757 896 3811 ἐναντιοῦσθαι
949 3760 1063 3822 τοῖς
1091 3757 1308 3829 δαίμοσι
1359 3760 1469 3820 τοῖς
1497 3758 1774 3829 αἰχμαλω-

1950 3775 2038 3831 96.
2073 3775 2131 3830 Et
2167 3791 2467 3846 repugnare
2497 3756 2833 3832 daemonibus
2864 3767 3230 3852 redigentibus
3262 3804 3356 3845 eos
3387 3791 3441 3847 in

195 3868 450 3907 τευσασιν
483 3868 696 3914 αυτους.

630 3870 696 3914 No
1881 3869 2266 3940 captivitatem.

268 3945 354 4000 97.
385 3945 486 3998 Kal
513 3945 606 3998 τοῦ
639 3945 763 4016 βοᾷν
791 3944 926 4015 πρὸς
952 3942 1110 3996 αὑτὸν
1138 3941 1224 3996 διὰ
1251 3942 1343 3996 τοῦ
1377 3942 1767 4015 βαπτίσματος·

1949 3961 2038 4016 97.
2076 3959 2140 4014 Ει
2166 3961 2403 4015 clamare
2438 3958 2506 4014 ad
2536 3975 2661 4016 eum
2696 3978 2791 4033 per
2816 3963 3144 4035 baptismum
3175 3985 3189 4022 :
3218 3969 3443 4029 Domine

196 4035 361 4107 Κύριε
387 4039 414 4090 6
442 4037 571 4100 Θεὸς
603 4037 775 4108 ἡμῶν.

621 4037 775 4108 ἱμῶνο
1879 4049 2022 4105 Deus
2055 4059 2257 4103 noster.

265 4128 353 4184 98.
400 4129 491 4181 Ἐκ
525 4128 597 4198 (.3)
632 4128 737 4182 τῶν
769 4130 1024 4182 ἐναντίων
1054 4128 1358 4200 δυνάμεων.

1233 4146 1358 4183 εωνο
1947 4142 2037 4196 98.
2069 4140 2147 4194 Ex
2174 4140 2462 4196 contrariis
2490 4145 2869 4212 potestatibus.

266 4217 353 4273 99.
388 4219 496 4281 Τὰς
519 4219 787 4290 ἁμαρτίας
814 4219 992 4289 ήμῶν.

895 4219 992 4275 ὦν.
1948 4235 2034 4290 99.
2068 4232 2293 4290 Peccata
2324 4244 2528 4289 nostra.

267 4310 390 4366 100.
436 4312 520 4362 Ἐν
555 4313 629 4382 (ι)
660 4315 769 4373 τοῖς
793 4311 1176 4383 προστάγμασι
1213 4328 1332 4365 σου.

984 4311 1176 4380 illud
1213 4328 1332 4365 σου·
1949 4326 2069 4380 100.
2100 4326 2154 4380 ln
2185 4326 2465 4397 praeceptis
2496 4325 2620 4380 luis.

267 4401 388 4453 101.
422 4401 721 4470 Εὐλογητὸς
752 4402 953 4471 Κύριος
980 4404 1008 4454 6
1054 4401 1185 4466 Θεὸς
1218 4402 1326 4456 τῶν
1366 4403 1616 4457 διανοιων
1651 4403 1761 4457 τῶν

1947 4419 2067 4472 101.
2105 4417 2424 4472 Benedictus
2472 4417 2736 4475 Dominus
2786 4420 2927 4476 Deus
2972 4426 3230 4481 mentium
3267 4433 3441 4486 conﬂ-

189 4487 591 4558 ὁμολογούντων
627 4507 706 4553 σε,
730 4491 809 4544 ὅτι
845 4491 978 4554 Θεὸς
1012 4487 1081 4546 εἴ.
1115 4492 1285 4546 Τοῦτο
1314 4493 1422 4566 γὰρ
1463 4495 1760 4568 ἑρμηνεύε-
1796 4506 1825 4561 1]

1806 4506 2092 4563 Dtentium
2157 4517 2207 4561 te
2271 4505 2442 4561 Deum
2507 4524 2648 4565 esse.
2701 4513 2774 4566 Ita
2836 4516 2980 4568 enim
3059 4516 3442 4589 interpretatur

187 4593 283 4635 ται
327 4581 560 4653 Ἰσραὴλ,
597 4581 742 4649 νοῦς
772 4581 928 4651 ὀρῶν
954 4583 1062 4637 τὸν
1093 4583 1166 4652 (5)
1197 4587 1362 4641 Θεόν.

1010 4583 1062 4637 δν
1093 4583 1166 4652 (⁵)
1197 4587 1362 4641 Θεόν.
1873 4599 2057 4661 Israel,
2087 4613 2228 4650 mens
2260 4598 2439 4652 videns
2462 4599 2646 4654 Deum.

265 4671 386 4726 102.
440 4674 569 4726 Ἀπὸ
589 4674 680 4726 τοῦ
712 4675 903 4736 αίῶνος
935 4677 1027 4728 καὶ
1061 4679 1139 4739 είς
1167 4677 1255 4729 τὸν
1290 4677 1569 4748 μέλλοντα.

1506 4696 1569 4732 τα.
1942 4688 2065 4742 102.
2098 4688 2143 4740 Α
2171 4692 2421 4759 praesenti
2455 4692 2676 4758 saeculo,
2707 4705 2759 4748 et
2792 4695 2845 4749 in
2881 4693 3142 4754 futurum.

265 4763 388 4820 105.
417 4766 526 4819 Καὶ
555 4767 660 4829 πᾶς
692 4769 721 4820 6
757 4765 883 4831 λαὸς
928 4766 1037 4821 τῶν
1080 4769 1287 4822 πιστῶν
1320 4769 1466 4839 λέγει
1487 4787 1500 4801 ·
1547 4770 1720 4842 Ἀμὴν
1748 4810 1762 4836 ,

194 4857 362 4930 ἁμήν.

1940 4780 2059 4834 105.
2089 4778 2152 4835 Et
2175 4782 2461 4837 universus
2503 4783 2739 4839 ﬁdelium
2770 4789 3001 4858 populus
3030 4791 3208 4847 dicat:
3244 4794 3437 4860 Amen,

1871 4887 2048 4925 amen.

236 4875 362 4928 μην·
1871 4887 2048 4925 amen.

202 4975 350 5124 08::
362 4974 688 5063 προκειμένη
716 4975 993 5051 ἐπιγραφή
1019 4977 1280 5048 περιέχει’
1320 4978 1697 5048 Ἀλληλούτα,
1724 4981 1857 5054 ὅπερ
1882 4984 2264 5056 ἑρμηνεύεται,
2286 4983 2593 5055 αίνέσατε,
2619 4991 2719 5044 καί
2737 4990 2811 5063 (6)
2829 4993 3140 5064 ὑμνήσατε
3164 4997 3270 5053 τὸν
3291 4998 3436 5055 ὄντα

265 5160 480 5216 Titulus
517 5164 837 5232 praepositus
863 5162 1104 5217 continet
1142 5180 1155 5217 :
1183 5161 1438 5229 Alleluia,
1489 5163 1632 5234 quod
1663 5165 2073 5236 interpretatur,
2125 5168 2369 5239 laudate,
2395 5179 2444 5226 et
2471 5171 2706 5228 exaltare
2747 5192 2886 5240 eum,
2912 5182 3002 5248 qui
3026 5179 3163 5235 Deus
3185 5193 3283 5237 est.

264 5274 290 5330 1
342 5276 418 5348 (7)
440 5278 820 5350 Προσαγάγετε
847 5279 946 5342 τὰς
970 5278 1145 5350 ψυχὰς
1172 5278 1324 5350 ὑμῶν
1347 5279 1423 5351 τῷ
1454 5279 1664 5350 Κυρίῳ.

1349 5279 1423 5351 τῷ
1454 5279 1664 5350 Κυρίῳ.
1945 5283 1994 5336 1.
2025 5282 2228 5339 Aﬂerte
2258 5285 2472 5341 animas
2502 5295 2708 5345 vestras
2739 5288 2985 5346 Domino.

1137 5414 1440 5478 Addenda
1466 5425 1534 5479 'et
1568 5415 1941 5495 corrigenda
1996 5433 2074 5478 ex
2107 5417 2245 5480 cod.
2284 5419 2486 5480 Vatic.

284 5535 335 5603 1)
364 5536 470 5592 Καὶ
495 5532 598 5590 εἶδε
623 5536 819 5609 Κύριος
845 5537 1000 5602 τούς,
1031 5548 1138 5593 etc.

283 5606 338 5672 '2)
366 5609 588 5663 Ἐλθείν.
1865 5629 1919 5665 κε

1865 5541 2003 5665 κέρ)
2048 5545 2113 5596 Ἦ
2149 5543 2237 5597 διὰ
2280 5545 2378 5615 τῆς
2413 5546 2786 5617 κινναϐάρεως
2826 5551 3090 5621 περιέχει,
3125 5559 3228 5609 etc.
3275 5554 3439 5616 Deest

280 5677 338 5814 ᾖ)
363 5681 475 5761 Kal
501 5678 860 5748 ἐπισυνάγαγε
886 5680 1030 5762 ήιμᾶς
1053 5681 1135 5743 ἐκ,
1171 5691 1275 5737 etc.
1922 5683 1997 5753 (7)
2033 5685 2098 5738 Ν.
2133 5687 2182 5742 1.
2236 5687 2650 5759 Προσαγάγετε,
2703 5705 2874 5760 usque
2910 5693 2974 5747 ad
3037 5695 3205 5748 ἐστιν.
3254 5694 3324 5751 Ν.
3377 5696 3439 5757 2.

280 5745 318 5814 ,ι
372 5750 477 5803 Του
509 5749 878 5814 ὲγκαυχᾶσθαι
911 5765 967 5804 εν
1022 5759 1127 5806 etc.
1851 5751 1996 5814 Ὅτι.
2031 5765 2135 5811 etc.

286 5745 338 5819 ᾖ)
372 5750 477 5803 Τοῦ
509 5745 878 5818 ὲγκαυχᾶσθαι
906 5745 967 5804 ἓν
1022 5759 1127 5806 etc.
1851 5745 1996 5819 Ὅτιζ
2031 5765 2135 5811 etc.

257 5817 331 5886 (5)
363 5822 474 5874 τόν
495 5817 667 5876 deest.
