4142 6488
178 425 332 480 1129

261 545 353 598 5'5.
381 545 444 597 'H
471 545 616 615 ψυχὴ
650 543 827 598 αὐτῶν
859 545 916 598 ἐν
942 548 1129 609 κακοῖς
1158 547 1402 615 ἐτήκετο.

263 635 356 688 54.
385 635 812 706 Ἐταράχθησαν,
846 637 1211 705 ἐσαλεύθησαν
1239 637 1314 699 ὡς
1340 639 1368 688 ὁ
1404 635 1614 705 μεθύων
1635 652 1648 664 ·

261 726 352 778 55.
393 727 502 778 Kal
536 727 684 780 πᾶσα
713 729 745 796 ἡ
774 727 933 796 σοφία
959 726 1135 779 αὐτῶν
1165 726 1458 796 κατεπόθη.

261 817 352 870 56.
393 818 502 870 Καὶ
554 815 854 887 ἐκέκραξαν
901 817 1036 888 πρὸς
1073 817 1275 889 Κύριον
1304 821 1362 870 ἐν
1386 817 1463 887 τῷ
1487 817 1759 872 θλίϐεσθαι

180 908 388 971 αὐτούς
408 925 420 938 ·

261 1001 353 1056 57.
395 1001 502 1053 Kal
529 1002 592 1054 ἐκ
613 1001 721 1054 τῶν
753 1001 1005 1070 ἀναγκῶν
1038 1001 1216 1055 αὐτῶν
1247 1002 1510 1073 ἐξήγαγεν
1543 1003 1755 1065 αὐτούς.

260 1091 351 1146 58.
393 1093 502 1146 Kal
532 1094 760 1158 ἐπέταξε
792 1097 858 1164 τῇ
887 1094 1177 1162 καταιγίὸι,
1202 1093 1295 1146 καὶ
1317 1093 1445 1163 ἔστη
1467 1096 1545 1156 εἰς
1564 1090 1754 1165 αὖρανο

267 1182 352 1237 59.
399 1184 510 1237 Kal
543 1184 801 1254 ἐσίγησαν
838 1185 906 1238 τὰ
935 1184 1153 1256 κύματα
1184 1185 1374 1254 αὐτῆς.

260 1273 351 1328 60.
394 1275 501 1326 Kal
531 1275 936 1347 εὐφράνθησαν,
960 1277 1042 1328 ὅτι
1075 1275 1352 1346 ἡσύχασαν
1375 1291 1388 1304 ·

261 1366 350 1419 61.
390 1365 498 1418 Καὶ
527 1365 804 1438 ὡδήγησεν
847 1368 1041 1431 αὐτοὺς
1085 1368 1176 1419 ἐπὶ
1221 1365 1415 1437 λιμένα
1457 1365 1758 1434 θελήματος

183 1474 256 1509 ειυ
266 1473 380 1510 ῒῦυο

259 1549 350 1602 62.
375 1550 989 1621 Ἑξομολογησάσθωσαν
1013 1549 1091 1621 τῷ
1113 1550 1303 1621 Κυρίῳ
1331 1548 1399 1602 τὰ
1421 1550 1546 1618 ἐλέη
1569 1549 1756 1611 αὐτοῦ,

259 1643 352 1698 65.
365 1644 473 1695 Kal
485 1643 552 1696 τὰ
567 1643 667 1696 θαυ
677 1643 843 1714 μάσια
855 1642 1019 1698 αὐτοῦ
1035 1646 1147 1706 τοῖς
1163 1645 1297 1706 υἱοῖς
1310 1642 1418 1695 τῶν
1433 1641 1754 1713 ἀνθρώπιον.

261 1734 350 1786 64.
379 1731 776 1801 ’Υψωσάτωσαν
804 1733 966 1786 αὐτὸν
997 1735 1054 1786 ἐν
1087 1732 1351 1804 ἐκκλησίᾳ
1377 1733 1506 1785 λαοῦ
1527 1751 1540 1763 ·

261 1822 351 1876 65.
392 1823 502 1875 Kal
529 1824 587 1875 ἐν
618 1822 853 1893 καθέδρᾳ
869 1821 1252 1893 πρεσϐυτέρων
1273 1821 1641 1876 αἰνεσάτωσαν
1659 1823 1755 1875 αὺ-

181 1915 301 1970 τόν.

261 2004 353 2060 66.
373 2003 563 2058 Ἐθετο
595 2007 874 2075 ποταμοὺς
898 2007 978 2068 είς
1003 2004 1206 2077 ἔρημον
1227 2021 1240 2035 ·

261 2098 352 2152 67.
393 2099 504 2151 Kal
528 2098 792 2165 διεξόδους
817 2099 1025 2152 ὑδάτων
1055 2101 1137 2163 εἰς
1163 2097 1342 2168 δίψαν.

259 2190 353 2245 68.
393 2192 500 2262 Γῆν
527 2191 874 2262 καρποφόρον
902 2191 982 2253 εἰς
1004 2189 1204 2261 ἅλμην,

259 2281 352 2335 69.
394 2280 470 2353 (a)
499 2281 630 2333 Ἀπὸ
655 2280 851 2344 κακίας
881 2280 990 2333 τῶν
1022 2279 1418 2334 κατοικούντων
1447 2280 1503 2332 ἐν
1533 2281 1689 2350 αὐτῇ.

260 2375 352 2430 70.
372 2375 562 2429 Ἔθετο
589 2374 791 2448 ἔρημον
817 2377 897 2438 εἰς
921 2374 1116 2444 λίμνας
1150 2374 1355 2428 ὑδάτων
1378 2392 1391 2404 ο

259 2490 342 2563 (a)
372 2488 525 2545 Vers.
561 2488 650 2556 69,
683 2490 767 2556 70,
799 2489 887 2554 7i,
916 2489 1018 2544 sub
1051 2489 1212 2543 unico
1241 2495 1530 2543 comment.

1107 427 1195 482 DE
1231 427 1502 485 TITULIS
1542 426 1992 482 PSALMORUM.
2026 458 2094 469 -—
2130 428 2325 482 PSAL.
2359 427 2492 483 CVI.

3285 436 3422 491 1130

1792 553 1839 609 Α
1940 546 2027 599 55.
2068 545 2260 600 Anima
2290 561 2478 600 eorum
2511 547 2563 599 in
2600 547 2756 602 malis
2781 547 3109 603 tabescebat.

1936 638 2026 692 54.
2057 637 2278 692 Turbati
2307 647 2450 695 sunt.
2479 651 2532 692 et
2560 640 2689 695 moti
2722 650 2852 694 sunt
2874 640 3016 696 sicut
3046 640 3227 695 ebrius
3257 656 3270 692 :

2057 729 2122 783 Et
2151 731 2328 785 omnis
2357 731 2622 800 sapientia
2646 747 2836 786 eorum
2863 733 3117 789 devorata
3149 743 3252 788 est.

1939 820 2029 874 56.
2086 820 2152 874 Et
2192 822 2564 878 clamaverunt
2607 825 2674 878 ad
2704 823 2996 879 Dominum
3026 841 3148 881 cum
3199 826 3427 879 tribula-

1867 921 2055 967 rentur
2079 929 2092 964 :

1938 1005 2027 1058 57.
2054 1005 2119 1058 Et
2146 1006 2212 1062 de
2236 1006 2651 1063 necessitatibus
2678 1023 2866 1064 eorum
2898 1010 3086 1064 eduxit
3114 1026 3229 1066 eos.

2057 1095 2122 1151 Et
2152 1098 2424 1154 mandavit
2448 1100 2716 1169 procellae,
2748 1110 2803 1155 et
2827 1102 2973 1156 stetit
2999 1103 3050 1156 in
3078 1119 3264 1156 auram
3295 1122 3307 1155 :

1931 1186 2021 1240 59.
2047 1185 2113 1241 Et
2132 1188 2399 1243 siluerunt
2426 1188 2621 1245 ﬂuctus
2645 1190 2785 1260 ejus.

1935 1281 2023 1334 60.
2059 1280 2123 1336 Et
2153 1283 2312 1337 laetati
2337 1292 2483 1350 sunt,
2510 1284 2635 1353 quia
2665 1285 2932 1340 siluerunt
2959 1303 2973 1337 :

1938 1373 2023 1428 61.
2065 1374 2128 1432 Et
2158 1375 2379 1430 deduxit
2405 1391 2497 1430 eos
2532 1375 2584 1430 in
2614 1385 2830 1446 portum
2860 1377 3157 1431 voluntatis
3186 1392 3316 1431 suae.

1935 1555 2025 1611 62.
2055 1555 2430 1611 Conﬁteantur
2458 1556 2688 1612 Domino
2721 1559 3109 1614 misericordiae
3129 1557 3269 1628 ejus.

1933 1649 2020 1702 65.
2047 1645 2113 1701 Et
2137 1647 2409 1702 mirabilia
2434 1649 2554 1719 ejus
2578 1649 2702 1705 liliis
2733 1650 3035 1706 hominum.

1931 1738 2020 1792 64.
2049 1737 2296 1795 Exaltent
2322 1755 2450 1795 eum
2482 1740 2537 1794 in
2561 1739 2787 1795 ecclesia
2820 1742 2991 1810 plebis
3019 1760 3032 1794 :

1927 1828 2015 1883 65.
2041 1829 2106 1883 Et
2136 1829 2189 1884 in
2221 1831 2476 1885 cathedra
2504 1829 2779 1885 seniorum
2811 1831 3029 1887 laudent
3053 1846 3198 1886 eum.

1928 2006 2016 2060 66.
2052 2010 2242 2063 Posuit
2274 2008 2497 2080 ﬂumina
2535 2009 2590 2063 in
2621 2011 2892 2064 desertum
2921 2027 2934 2061 :

1929 2100 2016 2154 67.
2049 2099 2115 2154 Et
2147 2101 2326 2156 exitus
2357 2117 2621 2171 aquarum
2655 2103 2708 2156 in
2734 2102 2900 2156 sitim.

1931 2189 2020 2246 68.
2048 2189 2271 2245 Terram
2297 2191 2630 2247 fructiferam
2664 2193 2718 2246 in
2755 2192 3109 2264 salsuginem,

1933 2280 2021 2335 69.
2056 2285 2098 2334 A
2124 2283 2328 2338 malitia
2356 2284 2774 2340 inhabitantium
2805 2285 2858 2338 in
2883 2301 2967 2340 ea.

1936 2374 2021 2429 70.
2051 2374 2239 2431 Posuit
2268 2376 2542 2433 desertum
2580 2379 2630 2432 in
2663 2388 2852 2449 stagna
2877 2392 3140 2447 aquarum

1312 2642 1680 2701 ATHANASII
1727 2643 2306 2700 INTERPRETATIO.

259 2815 354 2871 53.
375 2813 773 2885 Ἐφοδήθησαν,
803 2813 895 2866 καὶ
927 2811 1362 2884 ὠλιγοψύχησαν.

258 2905 349 2961 54.
390 2906 500 2959 Kal
521 2907 579 2957 ἐν
606 2903 777 2973 ἀγῶνι
806 2903 972 2975 πολλῇ
1000 2903 1197 2973 γέγονα
1224 2904 1322 2974 (1).

261 2998 352 3052 55.
392 2996 502 3051 Kal
531 2997 681 3049 πᾶσα
711 2997 742 3066 ἡ
767 2996 933 3065 τέχνη
961 2994 1138 3047 αὐτῶν
1165 2993 1370 3065 ἡττήθη
1403 2993 1506 3046 ὑπὸ
1521 2991 1616 3046 τοῦ
1639 2991 1762 3045 κλύ-

182 3089 357 3152 δωνος
376 3106 392 3121 ·
421 3083 562 3161 ἦσαν
583 3087 692 3159 γὰρ
719 3087 906 3150 ἁλιεῖς.

1927 2807 2017 2862 55.
2055 2806 2119 2860 Et
2149 2807 2465 2869 timuerunt,
2499 2813 2552 2859 et
2585 2805 2768 2859 animo
2798 2804 2987 2875 dejecti
3016 2815 3158 2862 sunt.

1929 2899 2018 2955 54.
2052 2898 2117 2954 Ει
2141 2899 2196 2954 in
2229 2914 2401 2969 agone
2428 2897 2598 2952 multo
2627 2896 2860 2952 fuerunt.

1930 2992 2020 3046 55.
2041 2989 2108 3045 Et
2126 2989 2306 3044 omnis
2324 3004 2414 3043 ars
2440 3003 2626 3044 eorum
2655 2997 2900 3057 superata
2925 2997 3007 3041 est
3027 3003 3056 3041 a
3085 2999 3420 3059 tempestate.

1859 3093 2014 3138 erant
2036 3084 2180 3139 enim
2211 3083 2530 3152 piscatores.

262 3181 352 3234 56.
385 3180 493 3233 Kal
518 3178 751 3249 ἐϐόησαν
777 3177 911 3250 πρὸς
940 3177 1029 3231 τὸν
1052 3175 1260 3249 ’ῐησοῠν
1278 3194 1291 3206 ο
1316 3176 1512 3243 Κύριε,
1555 3174 1761 3229 σῶσον
1787 3209 1828 3265 C

1787 3209 1828 3265 ο
1934 3177 2021 3232 56.
2047 3175 2113 3230 Et
2146 3176 2518 3229 clamaverunt
2541 3174 2605 3227 ad
2629 3174 2810 3228 .lesum
2833 3191 2846 3226 :
2876 3174 3114 3237 Domine.
3140 3177 3284 3230 salva
3306 3192 3420 3237 nos,

184 3273 367 3344 ἡμᾶς,
394 3273 799 3340 ἀπολλύμεθα.

259 3364 350 3417 57.
386 3363 494 3417 Kal
541 3363 606 3416 ὲκ
637 3361 743 3416 τῶν
788 3361 1046 3432 κυμάτων
1089 3361 1183 3413 καὶ
1222 3357 1318 3412 τοῦ
1361 3356 1618 3420 λαίλαπος
1664 3354 1758 3409 τοῦ

183 3456 393 3526 ἀνέμου
427 3455 706 3527 ἐξήγειρεν
734 3454 810 3524 (2)
841 3452 1036 3515 αὐτούς

259 3547 350 3601 58.
372 3546 702 3618 Ἐπετίμησε
734 3544 841 3616 γὰρ
865 3545 943 3615 τῷ
968 3545 1174 3614 ἀνέμῳ,
1211 3542 1303 3595 καὶ⁵
1332 3540 1628 3600 ἐπαύσατο,
1667 3538 1760 3591 καὶ

188 3637 353 3708 μόνον
387 3634 558 3712 αὖραν
585 3639 843 3708 παρεῖχεν
868 3636 945 3699 είς
973 3631 1234 3703 ἀνάψυξιν
1260 3631 1462 3693 αὐτοῖς.

259 3731 350 3787 59.
392 3731 500 3785 Καὶ
533 3729 766 3799 ἐγένετο
793 3726 1028 3797 γαλήνη
1051 3722 1304 3795 μεγάλη.

260 3823 351 3878 60.
393 3822 503 3878 Kal
553 3820 902 3892 ἐπλήσθησαν
942 3819 1184 3890 χάριτος,
1232 3816 1314 3868 ὅτι
1365 3812 1441 3882 (3)
1500 3809 1760 3879 διεσώθη-

189 3932 311 3970 σαν.

260 4006 351 4061 61.
386 4004 777 4059 Κατέπλευσαν
803 4001 911 4073 γὰρ
935 4001 1014 4064 είς
1041 3999 1138 4070 τὴν
1171 3995 1352 4067 χώραν
1381 3994 1492 4048 τῶν
1520 3993 1764 4065 Γαδαρη-

185 4099 318 4156 νῶν.

259 4188 348 4242 62.
387 4188 744 4260 Διηγήσονται
777 4186 833 4238 ἐν
859 4182 1176 4253 Εὐαγγελίῳ
1210 4180 1306 4252 (4).

258 4285 354 4342 65.
386 4285 498 4338 Kal
523 4281 662 4335 αὑτά
684 4279 753 4333 τὰ
779 4277 1054 4348 θαυμάσια
1079 4274 1244 4329 αὑτοῦ
1292 4273 1386 4326 σὺν
1411 4273 1523 4336 τοῖς
1554 4269 1760 4333 λοιποῖς

179 4381 303 4440 τοῖς
336 4375 412 4447 (5)
448 4376 583 4436 υἱοῖς
606 4372 711 4426 τῶν
740 4370 1056 4442 ἀνθρώπων.

258 4469 349 4524 64.
389 4466 680 4534 Δοξάσουσι
715 4463 874 4517 αὑτὸν
915 4462 1003 4515 διὰ
1045 4460 1134 4514 τοῦ
1182 4459 1530 4532 κηρύγματος
1563 4460 1620 4510 ἐν
1648 4459 1757 4518 τοῖς

183 4563 416 4617 ἔθνεσιν.

257 4655 347 4709 65.
380 4654 492 4708 Kal
531 4653 588 4705 ἐν
623 4653 688 4722 τῇ
718 4646 1018 4703 ἀναπαύσει
1047 4645 1152 4698 τῶν
1190 4643 1360 4697 ἁγίων
1389 4638 1758 4694 αἰνεσάτωσαν

183 4748 371 4805 αὐτόν.

257 4838 348 4894 66.
389 4836 500 4902 Τὰς
527 4835 698 4906 φυλὰς
718 4833 827 4886 τῶν
857 4830 1147 4884 Ἰουδαίων.

256 4932 347 4987 67.
387 4931 497 4985 Kal
538 4927 646 4983 ἀπὸ
685 4925 793 4979 τῶν
836 4923 1072 4996 καρδιῶν
1108 4918 1285 4975 αὐτῶν
1330 4916 1523 4990 ἀφελεῖ
1549 4914 1625 4985 (6)
1658 4913 1757 4985 τὴν

182 5025 346 5096 χάριν
372 5019 534 5074 αὑτοῦ
562 5018 650 5072 διὰ
682 5016 778 5088 τὴν
813 5013 1066 5069 ἀπιστίαν
1098 5009 1300 5064 αὐτῶν.

255 5115 346 5178 68,
371 5113 460 5167 69.
492 5112 603 5182 Τὴν
627 5107 943 5178 συναγωγὴν
980 5105 1075 5176 τὴν
1095 5105 1335 5158 ἄτεκνον.

256 5203 347 5265 70,
374 5201 458 5254 71.
486 5200 596 5252 Kal
621 5199 718 5262 τὰς
749 5196 971 5267 καρδίας
1001 5193 1180 5245 αὐτῶν
1222 5189 1408 5263 βρύειν
1450 5188 1549 5257 τὴν
1595 5187 1751 5256 χάριν

181 5294 371 5351 αὑτοῦ.

326 5408 372 5440 ³⁸
397 5406 584 5461 Matth.
612 5421 729 5472 νιιι,
758 5403 846 5457 25.
927 5402 968 5433 ³⁷
997 5399 1129 5457 Ibid.
1161 5397 1252 5453 26.

1864 3271 2094 3338 perimus
2119 3268 2183 3320 ³⁸.

1935 3359 2024 3414 57.
2075 3357 2142 3414 Et
2178 3373 2246 3415 ex
2282 3357 2535 3414 ﬂuctibus
2577 3369 2630 3412 et
2670 3359 2812 3412 venti
2843 3359 3074 3429 procella
3131 3360 3425 3415 sublevavit

1865 3467 1981 3509 008.

1937 3543 2024 3598 58.
2055 3541 2356 3613 Increpavit
2388 3545 2532 3598 enim
2568 3554 2809 3608 ventum,
2837 3553 2890 3599 et
2915 3544 3140 3614 quievit,
3167 3553 3220 3597 et
3248 3543 3424 3597 solum

1865 3649 2053 3687 auram
2086 3633 2267 3688 emisit
2301 3633 2357 3686 in
2385 3648 2574 3688 eorum
2609 3633 2970 3704 refrigerium.

1937 3724 2024 3779 59.
2056 3723 2124 3776 Et
2156 3725 2300 3792 facta
2327 3733 2405 3778 est
2433 3724 2794 3793 tranquillitas
2821 3738 3010 3791 magna
3028 3722 3094 3773 ³⁷.

1936 3815 2024 3873 60.
2053 3815 2117 3871 Et
2146 3816 2347 3887 impleti
2397 3823 2523 3870 sunt
2557 3816 2754 3886 gaudio
2784 3853 2800 3880 ,
2833 3813 3093 3884 quoniam
3124 3811 3259 3866 salvi
3293 3810 3424 3866 facti

1867 3919 2012 3966 sunt.

1935 4003 2023 4056 61.
2042 3999 2438 4071 Navigaverunt
2458 3998 2602 4053 enim
2627 3998 2680 4052 in
2703 3998 2975 4071 regionem
2994 3997 3424 4053 Gadarcnorum.

1931 4175 2021 4231 62.
2059 4175 2366 4229 Narrahunt
2395 4174 2449 4227 in
2480 4173 2792 4245 Evangelia.

1937 4269 2023 4324 65.
2054 4268 2120 4324 Et
2145 4269 2260 4324 hac
2286 4267 2552 4322 mirabilia
2581 4267 2722 4338 ejus,
2745 4276 2798 4322 et
2830 4266 2936 4322 alia
2965 4267 3091 4323 (iliis
3113 4266 3419 4323 hominum.

1933 4452 2022 4507 64.
2051 4448 2440 4507 Gloriiicabunt
2467 4461 2592 4500 eum
2618 4460 2714 4516 per
2746 4445 3182 4514 pradicationem
3208 4444 3261 4498 in
3288 4459 3422 4515 gen-

1790 4570 1833 4624 υ
1865 4545 2029 4599 tibus.

1927 4635 2014 4688 65.
2044 4633 2110 4688 Et
2138 4632 2192 4687 in
2220 4631 2407 4686 reauie
2437 4636 2752 4685 sanctorum
2780 4626 3001 4680 laudent
3025 4640 3175 4680 eum.

1926 4816 2014 4870 66.
2043 4814 2239 4869 Tribus
2259 4812 2590 4867 Judzeorum.

1926 4907 2014 4963 67.
2066 4907 2129 4960 Et
2161 4923 2190 4960 e
2239 4904 2495 4960 cordibus
2532 4916 2721 4956 eorum
2758 4898 2961 4954 auferet
3003 4897 3230 4969 gratiam
3265 4912 3419 4952 suam

1855 5009 2074 5071 propter
2105 5015 2292 5054 eorum
2327 4996 2720 5051 inﬁdelitatem.

1925 5093 2016 5157 (i8,
2047 5092 2133 5145 69.
2169 5091 2505 5161 Synagogam
2535 5087 2751 5142 sterilen

1927 5185 2015 5246 70.
2061 5185 2144 5237 7|.
2190 5182 2256 5236 Et
2307 5181 2471 5236 corda
2517 5195 2707 5235 eorum
2751 5188 2808 5231 ut
2851 5175 3150 5247 germinent
3188 5172 3414 5242 gratiam

1858 5293 2032 5330 suam.

1133 5551 1437 5616 Addenda
1481 5558 1541 5612 et
1577 5545 1947 5626 corrigenda
1979 5563 2057 5606 ex
2087 5543 2226 5604 cod.
2264 5541 2464 5602 Vutic.

364 5686 676 5758 [Ejfdvzdtm

256 5755 334 5825 (‘2‘)
361 5755 679 5825 Ἑξήγαγεν,
698 5764 807 5825 pete.

253 5823 330 5897 (5)
368 5823 481 5878 Kal
503 5824 894 5894 ἐπληρώθησαν
925 5823 1115 5892 χαρᾶς,
1145 5824 1244 5881 ὅτι,
1277 5830 1376 5875 ulc.

503 5918 776 5978 Ρηιιοι..
835 5917 950 5975 Gri.
1003 5918 1173 5975 XXV
1189 5921 1205 5975 ι
1221 5919 1258 5976 l.

1912 5670 1986 5742 (4)
2028 5667 2340 5742 Εὐαγγελίῳ
2371 5671 2436 5719 τὰ
2469 5665 2592 5733 ὲλὲη
2627 5662 2812 5717 αὑτοῦ.

2039 5738 2166 5804 Τοῖς
2197 5740 2366 5793 deest.

1914 5813 1990 5881 (6)
2014 5810 2272 5886 ’Ᾱφεῖλεν.

3059 5891 3134 5948 36
