4142 6486
182 441 348 496 1133
1115 440 1204 494 DE
1244 439 1518 496 TITULIS
1557 439 1818 496 PSALMO

1807 441 2005 500 )RUM.
2021 475 2088 482 —
2109 444 2302 502 PSAL.
2335 444 2499 505 CVII.
3309 452 3443 506 1134

193 553 357 622 ᾨδὴ
417 555 657 622 ψαλμὸς
703 551 996 624 [ψαλμοῦ]
1035 551 1115 617 τῷ
1157 553 1352 606 nam.
1417 557 1588 607 ΨΑΑ.
1646 557 1774 608 PZ'.
1809 565 1829 618 Α

1646 557 1774 608 PZ'.
1809 564 1854 620 Α
2067 558 2345 613 Canticum
2384 563 2575 629 psalmi
2613 559 2801 614 Dauid.
2843 559 3038 614 PSAL.
3066 560 3249 616 CVII.

271 644 328 696 1.
366 644 584 714 Ἔτοίμη
611 647 644 713 ἡ
669 645 864 715 καρδία
895 661 1018 714 μου,
1043 646 1071 696 ό
1093 643 1243 707 Θεὸς,
1276 645 1463 716 ἑτοίμη
1489 646 1616 717 (a)?)
1645 663 1778 715 καρ-

176 732 286 784 δία.
329 753 427 784 μου
447 753 460 766 ·

1959 647 2005 700 1.
2029 646 2280 702 Paratum
2307 666 2400 705 cor
2425 667 2624 715 meum,
2653 652 2815 713 Deus,
2841 665 3089 721 paratum
3115 671 3205 706 cor
3231 669 3438 706 meum:

218 752 286 786 ια.
327 753 427 804 μου
447 753 460 766 ·

266 825 325 878 2.
370 826 602 894 Ἀσομαι
629 824 722 877 καὶ
753 823 907 892 ψαλῶ
941 824 997 874 ὲν
1025 827 1090 894 τῇ
1125 823 1252 895 δόξῃ
1277 841 1400 894 μου.

1951 825 2005 876 2.
2041 824 2282 879 Cantabo
2311 836 2364 879 et
2392 827 2615 896 psallam
2645 829 2697 882 in
2727 829 2895 899 gloria
2929 846 3067 884 mea.

269 915 325 968 5.
375 915 736 987 Ἐξεγέρθητι,
767 917 799 985 ἡ
833 915 958 981 δόξα
993 931 1123 985 μουο

1059 931 1123 966 ιυ-
1951 915 2004 972 5.
2037 916 2293 988 Exsurge.
2325 920 2492 988 gluria
2529 936 2647 974 mea
2679 937 2695 972 :

269 1005 332 1060 ι.
372 1006 739 1076 Ἐξεγέρθητι,
764 1006 1060 1077 ψαλτήριον
1084 1007 1178 1060 καὶ
1206 1005 1435 1076 κιθάρα·

1372 1024 1435 1059 α·
1951 1007 2005 1062 4.
2041 1007 2301 1080 Exsurge,
2337 1012 2651 1079 pSuIterium
2680 1023 2734 1068 et
2758 1014 2965 1069 cithara
2993 1032 3007 1066 :

269 1098 328 1151 5.
375 1097 830 1168 Ἐξεγερθήσομαι
855 1097 1076 1169 ὄρθρου.

992 1115 1076 1155 ου.
1951 1102 2004 1155 5.
2041 1099 2339 1173 Exsurgam
2370 1104 2627 1160 diluculo.

268 1186 326 1239 6.
367 1185 857 1256 Ἐξομολογήσομαί
891 1203 972 1239 σοι
1005 1186 1063 1239 ἐν
1089 1185 1258 1253 λαοῖς,
1288 1187 1457 1257 Κύριε
1477 1206 1489 1217 ⁸

1477 1206 1489 1217 ι
1950 1193 2004 1247 6.
2033 1187 2340 1248 Contitebor
2372 1197 2466 1251 tibi
2490 1197 2544 1251 in
2575 1199 2809 1268 populis,
2838 1199 3062 1254 Domine
3086 1221 3100 1254 :

272 1280 328 1331 7.
357 1278 524 1332 Ψαλῶ
553 1296 634 1331 σοι
660 1281 716 1332 ὲν
741 1278 971 1332 ἔθνεσιν.

1953 1286 2000 1336 7.
2037 1286 2101 1340 Et
2133 1288 2355 1356 psallam
2381 1290 2476 1345 tibi
2502 1291 2556 1345 in
2583 1293 2915 1347 nationibus.

271 1372 328 1422 8.
363 1369 483 1422 Ὅτι
521 1371 660 1440 μέγα
698 1370 883 1424 ἐπάνω
915 1368 1024 1422 τῶν
1056 1370 1301 1440 οὐρανῶν
1349 1370 1409 1423 τὸ
1459 1370 1603 1432 ἔλεός
1642 1388 1732 1422 σου

1951 1377 2001 1430 8.
2031 1377 2166 1444 Quia
2199 1395 2392 1450 magna
2423 1390 2507 1437 est
2534 1398 2696 1453 super
2721 1385 2886 1440 caelos
2918 1386 3283 1442 misericordia
3312 1396 3433 1443 tua:

269 1460 326 1514 9.
357 1460 466 1513 Καὶ
490 1462 593 1524 ἕως
618 1461 726 1514 τῶν
756 1459 992 1530 νεφελῶν
1015 1463 1048 1531 ἡ
1080 1460 1304 1532 ἀλήθειά
1333 1478 1447 1513 σου.

1333 1478 1447 1513 σου.
1949 1472 2001 1524 9.
2033 1470 2095 1523 Et
2127 1487 2296 1541 usque
2325 1473 2391 1527 ad
2426 1475 2596 1530 nubes
2629 1477 2825 1532 veritas
2859 1487 2968 1531 tua.

273 1554 360 1607 10.
401 1553 675 1625 ’Υψὼθητι
709 1554 800 1606 ἐπὶ
825 1555 952 1617 τοὺς
983 1553 1264 1625 οὐρανοὺς,
1296 1555 1324 1605 ὁ
1346 1552 1506 1616 Θεός·

1313 1552 1506 1616 ΒΘεός·
1951 1561 2016 1613 10
2062 1561 2310 1619 Exaltare
2339 1580 2501 1635 super
2532 1567 2732 1631 celos,
2764 1567 2908 1622 Deus
2937 1587 2949 1618 :

272 1653 360 1706 11.
401 1652 512 1706 Καὶ
541 1652 631 1704 ἐπὶ
655 1652 834 1704 πᾶσαν
873 1649 970 1721 τὴν
1002 1649 1104 1720 γῆν
1135 1650 1168 1718 ἡ
1201 1647 1325 1713 δόξα
1373 1665 1484 1700 σου.

1949 1652 2037 1707 11.
2071 1653 2134 1707 Ει
2163 1672 2325 1726 super
2354 1673 2568 1713 omnem
2601 1669 2797 1713 terram
2831 1660 2999 1729 gloria
3035 1670 3142 1715 tua.

273 1746 360 1799 12.
395 1748 582 1808 Ὅπως
612 1743 679 1798 ἂν
710 1743 980 1815 ρυσθῶσιν
1009 1745 1057 1796 οἱ
1091 1740 1360 1810 ἀγαπητοί
1395 1758 1485 1793 σου

1183 1740 1360 1807 ιπητοί
1395 1758 1485 1793 σου
1951 1745 2032 1797 12.
2071 1743 2141 1798 Ut
2174 1746 2469 1803 liberentur
2498 1750 2677 1805 dilecti
2705 1751 2819 1804 tui:

271 1838 361 1893 15.
398 1837 578 1891 Σῶσον
609 1839 674 1908 τῇ
706 1835 856 1907 δεξιᾷ
890 1852 982 1887 σου
1002 1875 1018 1900 ,
1053 1835 1147 1888 καὶ
1177 1834 1478 1888 ὲπάκουσόν
1509 1849 1628 1904 μου.

1596 1849 1628 1882 ι.
1952 1835 2036 1889 15.
2073 1836 2294 1893 Salvum
2327 1841 2410 1893 fac
2433 1842 2651 1896 dextera
2684 1851 2796 1909 tua,
2826 1853 2878 1897 et
2906 1845 3099 1897 exaudi
3129 1859 3232 1898 me.

271 1931 361 1984 14.
401 1930 457 1982 Ὀ
490 1929 620 1992 Θεὸς
650 1927 908 1998 ἐλάλησεν
942 1929 998 1980 ὲν
1025 1927 1100 1998 τῷ
1126 1928 1262 1998 ἁγίῳ
1295 1925 1458 1979 αὐτοῦ
1479 1941 1493 1955 ⁶
1814 1928 1855 1984 Β

1430 1925 1493 1978 ὖο
1814 1928 1855 1984 Β
1953 1927 2034 1981 11.
2074 1928 2214 1984 Deus
2251 1931 2466 1988 loculus
2495 1939 2577 1988 est
2609 1934 2660 1986 in
2695 1945 2884 1988 sancto
2915 1951 3016 1990 suo
3050 1951 3061 1986 :

271 2019 360 2073 15.
407 2018 830 2090 ’Υψωθήσωμαι,
866 2019 960 2071 καὶ
990 2017 1254 2089 διαμεριῶ
1283 2018 1511 2087 Σίκιμα·

1409 2034 1511 2087 μα·
1952 2019 2035 2072 15.
2075 2021 2380 2088 Exaltabor,
2409 2034 2460 2079 et
2487 2025 2720 2079 dividam
2752 2023 3045 2080 Sichimam

271 2133 350 2205 (a)
385 2133 539 2189 Vers.
571 2135 626 2200 2,
667 2133 908 2205 Ἒτοίμη,
932 2147 1065 2201 etc.,
1097 2134 1225 2208 δόξῃ
1259 2152 1382 2206 μου.

1320 2285 1694 2342 ATHANASII
1741 2286 2322 2341 INTERPRETATIO.

281 2445 350 2498 Ἦ
379 2443 710 2515 προκειμένη
744 2443 1025 2514 ἐπιγραφὴ
1075 2442 1323 2515 περιέχει
1352 2443 1428 2513 (1)
1451 2459 1466 2473 ⁸
1524 2443 1662 2513 ’ῼδὴ
1692 2441 1934 2511 ψαλμοῦ
1965 2439 2043 2505 τῷ
2067 2441 2264 2507 Δαϐὶδ,
2291 2444 2426 2513 ὅπερ
2451 2443 2811 2514 ἑρμηνεύεται
2837 2446 2898 2497 τὸ
2923 2442 3074 2517 ᾆσμα
3097 2446 3188 2500 τοῦ
3215 2446 3430 2518 ψαλμοῦ

190 2535 282 2601 τῷ
310 2536 492 2603 ικανῷ
529 2537 603 2607 τῇ
628 2539 803 2607 χειρί,
831 2539 1076 2593 τουτέστι
1101 2537 1180 2609 τῷ
1210 2537 1323 2608 Υίῷ
1357 2538 1450 2592 τοῦ
1489 2538 1624 2593 Θεοῦ
1657 2538 1757 2609 (2).

270 2654 487 2709 Titulus
509 2654 833 2723 praepositus
859 2654 1104 2710 continet
1131 2673 1144 2708 ι
1172 2652 1452 2708 Canticum
1482 2657 1676 2724 psalmi
1706 2656 1895 2716 David,
1931 2653 2075 2724 quod
2103 2653 2506 2720 interpretatur,
2540 2651 2826 2708 Canticum
2861 2656 3052 2722 psalmi
3091 2675 3246 2712 manu
3276 2662 3428 2730 forti.

193 2746 307 2802 hoc
335 2755 421 2801 est
448 2744 540 2800 Dei
575 2743 733 2797 Filio.

271 2864 325 2916 1.
359 2863 452 2926 Είς
474 2861 533 2914 τὸ
564 2857 880 2924 δοξάζεσθαι
913 2860 987 2932 (5)
1016 2860 1113 2933 τὴν
1151 2861 1309 2932 χάριν
1338 2880 1453 2915 σου.

1363 2880 1453 2915 που,
1947 2844 1996 2899 1.
2028 2844 2106 2898 Ad
2141 2844 2543 2914 gloriﬁcandam
2577 2845 2802 2916 gratiam
2833 2859 2999 2901 tuam.

267 2954 325 3006 2.
362 2954 451 3006 Ἐν
477 2952 793 3020 ἀγαλλιάσει
823 2951 923 3021 τῆς
956 2953 1175 3023 χάριτός
1207 2971 1300 3006 σου
1331 2953 1486 3024 ψαλῶ
1519 2954 1615 3024 (4).

1476 2973 1486 3005 ,
1519 2954 1615 3024 (4)⁹
1945 2936 1997 2989 2.
2027 2936 2083 2990 ln
2118 2937 2478 2991 exsultatione
2509 2939 2694 3006 gratia:
2730 2947 2833 2992 tuae
2867 2939 3112 3008 psallam.

268 3040 325 3093 3.
352 3039 504 3093 Ἐλθὲ
530 3041 587 3092 ὲν
622 3042 685 3112 τῇ
716 3039 922 3110 διανοίᾳ
950 3057 1073 3108 μου,
1097 3043 1125 3093 ὁ
1153 3042 1284 3105 Θεός
1310 3042 1407 3113 (5).

1279 3042 1407 3113 :(5).
1944 3029 1996 3081 3.
2030 3027 2162 3082 Veni
2195 3029 2246 3082 in
2281 3040 2515 3081 mentem
2545 3043 2743 3091 meam,
2775 3027 2915 3083 Deus

269 3131 324 3185 4.
359 3132 470 3185 Καὶ
495 3133 804 3185 διανίστασο
831 3134 907 3202 (6)
937 3134 999 3186 τὸ
1033 3134 1247 3204 πνεῦμά
1282 3151 1385 3202 μου
1422 3135 1519 3188 σὺν
1554 3139 1621 3204 τῇ
1652 3135 1769 3187 δια-

1704 3153 1769 3186 α-
1943 3122 1994 3174 ι.
2025 3119 2088 3173 Ει
2118 3135 2360 3190 assurge,
2395 3122 2619 3192 spiritus
2653 3135 2806 3176 meus
2831 3136 2952 3176 cum
2992 3130 3170 3176 mente
3201 3137 3337 3176 mea.

192 3221 320 3273 νοία
354 3239 474 3273 μου.

269 3239 320 3275 La
393 3239 474 3273 ου.

269 3277 326 3366 Ei.
347 3239 512 3366 ’ξιοταν
532 3313 773 3386 φωτίσῃς
798 3331 864 3385 με
885 3313 973 3367 διὰ
993 3315 1088 3386 τῆς
1104 3315 1323 3386 χάριτός
1350 3334 1460 3383 σου,
1478 3318 1596 3371 τότε
1624 3317 1773 3389 ἐξερ-
1799 3260 1839 3316 C

1799 3260 1839 3316 Ο
1943 3301 1997 3356 5.
2017 3301 2151 3355 Cum
2184 3301 2516 3357 illuminabis
2542 3317 2626 3355 me
2651 3301 2822 3371 gratia
2847 3309 2960 3367 tua,
2981 3311 3109 3357 tunc
3140 3317 3424 3373 exsurgam

196 3401 433 3473 Θήσομαι
467 3402 543 3474 (7)
585 3406 651 3476 τῇ
679 3404 896 3476 καρδίᾳ.
1873 3395 2053 3449 COl‘de.

269 3492 324 3546 6.
354 3494 672 3565 Ἀνυμνήσω
702 3511 760 3546 σε
788 3497 846 3547 ὲν
871 3495 1040 3558 λαοῖς,
1068 3497 1261 3565 Κύριε.

1942 3483 1993 3536 6.
2025 3483 2283 3538 Laudabo
2315 3493 2365 3538 te
2392 3483 2445 3537 in
2477 3483 2708 3553 populis,
2739 3481 2982 3537 Domine.

268 3585 324 3638 7.
355 3584 572 3649 Δοξάσω
604 3601 663 3636 σε
706 3587 766 3638 ὲν
802 3589 912 3649 τοῖς
938 3587 1163 3639 ἔθνεσιν.

1941 3575 1993 3626 7.
2017 3573 2340 3629 Gloriﬁcabo
2362 3586 2413 3629 te
2450 3576 2500 3628 in
2533 3576 2799 3644 gentibus.

269 3676 322 3730 8.
358 3677 659 3748 Διηγοῦμεν
691 3676 766 3748 (8)
798 3679 984 3741 πᾶσιν,
1019 3679 1100 3732 ὃτι
1129 3679 1296 3742 πολὺς
1317 3680 1345 3731 ό
1371 3680 1559 3750 μισθὸς
1584 3683 1612 3734 ό
1635 3683 1770 3735 ἀπο-

1941 3667 1993 3720 8.
2024 3665 2377 3722 Narrabimus
2411 3668 2664 3722 omnibus
2685 3709 2701 3733 ,
2733 3667 2990 3736 quoniam
3023 3670 3191 3721 multa
3220 3685 3426 3726 merces

193 3765 451 3837 κείμενος
475 3771 587 3831 τοῖς
615 3767 871 3835 ἀγαπῶσί
904 3786 984 3822 σε.

1871 3759 2105 3827 reposita
2139 3767 2221 3812 est
2251 3759 2596 3828 diligentibus
2628 3767 2697 3812 te.

268 3858 322 3914 9.
357 3860 466 3912 Kal.
518 3862 552 3930 ἡ
597 3860 899 3928 ἐπαγγελία
930 3861 1038 3914 τῶν
1083 3862 1382 3932 μελλόντων
1419 3860 1636 3930 ἀγαθῶν
1668 3864 1771 3928 ἕως

1941 3853 1992 3906 9.
2027 3852 2091 3906 Et
2126 3853 2414 3920 promissio
2470 3850 2776 3904 futurorum
2828 3854 3092 3905 bonorum
3137 3868 3311 3923 usque
3359 3852 3426 3909 ad

189 3949 309 4002 τῶν
339 3949 508 4017 ἁγίων
539 3949 614 4018 (9)
641 3949 751 4003 τῶν
778 3953 1199 4022 κεχωρισμένων
1225 3954 1289 4006 ὲκ
1313 3954 1411 4025 τῆς
1441 3954 1564 4024 γῆς.

1257 3971 1289 4006 κ
1313 3954 1411 4025 τῆς
1441 3954 1564 4024 γῆς,
1873 3951 2108 4005 sanctos,
2136 3942 2228 4009 qui
2254 3941 2487 4010 separati
2519 3947 2645 3994 sunt
2674 3956 2704 3993 a
2733 3951 2893 3992 terra.

269 4042 357 4095 10.
393 4041 757 4113 Ἀναλήφθητι
783 4045 874 4095 ἐπὶ
904 4046 1031 4108 τοὺς
1061 4045 1323 4116 οὐρανοὺς
1342 4085 1356 4107 ,
1384 4047 1412 4097 ὁ
1443 4046 1593 4110 Θεὸς.

1263 4047 1323 4106 ὺς
1342 4085 1356 4107 ,
1384 4047 1412 4097 ό
1443 4046 1593 4110 Θεάς,
1941 4034 2028 4087 10.
2061 4032 2305 4088 Ascende
2334 4048 2495 4103 super
2525 4032 2711 4096 cmlos,
2740 4031 2899 4087 Deus.

275 4133 358 4188 11.
395 4134 506 4187 Καὶ
532 4135 622 4186 ἐπὶ
655 4134 829 4188 πάντα
848 4136 915 4188 τὰ
936 4135 1061 4208 ἔθνη
1091 4136 1152 4189 τὸ
1177 4137 1435 4208 κήρυγμα
1465 4137 1572 4191 τῶν
1599 4139 1772 4210 παθη-

1942 4126 2028 4179 11.
2050 4124 2115 4179 Ει
2142 4142 2304 4194 super
2327 4140 2519 4180 omnes
2548 4135 2735 4194 gentes
2763 4124 3078 4192 pradicatio
3107 4126 3425 4194 passionum

197 4228 386 4298 μάτων
422 4246 514 4281 σου
555 4227 687 4298 (10).

469 4246 514 4281 >υ
555 4227 687 4298 (10).
1872 4230 2105 4272 tuarum.

271 4320 355 4376 12.
387 4323 450 4373 Οί
476 4322 818 4385 πιστεύοντες
847 4323 925 4385 είς
955 4322 1035 4374 σέ.

899 4339 925 4385 ς
955 4322 1035 4374 σέ.
1945 4309 2025 4364 i2.
2061 4308 2352 4364 Credentes
2375 4310 2431 4362 in
2464 4318 2532 4362 te.

270 4412 358 4465 15.
394 4412 729 4465 Ἐπάκουσόν
776 4431 898 4484 μου,
929 4413 1023 4466 καὶ
1051 4411 1221 4464 σῶσον
1242 4414 1308 4483 τῆ
1345 4412 1488 4483 ίσχύῐ
1520 4431 1634 4468 σου.

1520 4431 1634 4468 σου,
1941 4401 2027 4454 15.
2060 4399 2263 4452 Exaudi
2293 4415 2398 4462 me,
2430 4409 2482 4452 et
2513 4399 2658 4452 salva
2692 4398 3003 4453 fortitudine
3030 4409 3141 4453 tua.

270 4501 358 4555 14.
395 4501 594 4554 Λοιπὸν
627 4503 654 4554 ό
682 4501 814 4564 Θεὸς
853 4503 1024 4570 Λόγος
1057 4503 1404 4574 ἀποκρίνεται
1433 4499 1521 4554 διὰ
1551 4501 1645 4554 τοῦ
1674 4520 1765 4573 χο-

1945 4489 2026 4542 14.
2064 4488 2263 4543 Deinde
2300 4488 2439 4543 Deus
2470 4488 2704 4543 Verbum
2744 4488 3032 4558 respondet
3072 4504 3168 4558 per
3197 4489 3423 4544 chorum

198 4591 296 4664 ροῦ
323 4594 434 4646 τῶν
460 4594 752 4666 προφητῶν
778 4611 793 4624 ο
1802 4597 1834 4652 Ι]

669 4594 752 4646 τῶν
778 4611 793 4624 ο
1802 4597 1847 4652 ι)
1872 4583 2256 4652 prophetarum
2295 4600 2305 4632 :

272 4686 358 4740 15.
386 4687 549 4742 Ὅταν
585 4686 881 4759 σταυρωθῶ
907 4727 922 4751 ,
969 4688 1091 4742 τότε
1139 4687 1346 4752 πάντας
1387 4688 1513 4750 τοὺς
1547 4688 1771 4751 πιστοὺς

1938 4675 2025 4728 15.
2070 4673 2206 4727 Cum
2248 4672 2541 4728 cruciﬁxus
2589 4671 2775 4738 fuero,
2831 4682 2959 4729 tunc
2999 4689 3187 4730 omnes
3238 4675 3421 4730 ﬁdeles

196 4778 412 4831 ἑλκύσω
443 4778 579 4848 πρὸς
612 4779 866 4849 ἐμαυτόν.
913 4781 1124 4850 Σίκιμα
1169 4781 1276 4850 γὰρ
1319 4779 1674 4852 ἑρμηνεύεται
1728 4783 1766 4846 ὴ

1867 4767 2075 4822 traham
2117 4766 2180 4818 ad
2216 4780 2302 4818 me
2335 4765 2532 4834 ipsum.
2584 4763 2817 4819 Sichima
2850 4765 2991 4820 enim
3041 4766 3422 4835 interpretatur

194 4870 609 4924 ἀναϐαίνουσα
630 4911 645 4936 ,
698 4871 976 4925 τουτέστιν
1003 4873 1035 4941 ἡ
1083 4871 1142 4936 ἐξ
1173 4871 1340 4925 ἐθνῶν
1369 4871 1663 4942 Ἐκκλησία
1683 4888 1697 4902 ο
1733 4874 1765 4943 ἢ

1863 4860 2164 4918 ascendens.
2212 4858 2315 4911 hoc
2352 4869 2436 4912 est
2462 4857 2699 4912 Ecclesia
2732 4873 2793 4912 ex
2828 4858 3110 4928 gentibus;
3150 4858 3419 4911 autaliter

194 4961 361 5014 πάλιν
401 4962 432 5032 ὴ
463 4960 701 5014 ποθοῦσα
728 4961 874 5032 ψυχὴ
899 4962 989 5014 τὸν
1013 4961 1215 5032 Κύριον
1233 4980 1249 4994 °
1278 4963 1498 5034 χωρίζει
1527 4962 1633 5034 γὰρ
1656 4961 1766 5033 (11)

1865 4952 2046 5006 anima
2099 4949 2414 5004 desiderans
2481 4948 2802 5013 Dominum,
2873 4950 3075 5004 secedit
3143 4949 3288 5003 enim
3351 4951 3417 5005 de

192 5054 261 5104 ὲκ
291 5050 386 5104 τοῦ
419 5050 654 5119 κόσμου·
691 5051 724 5122 ἢ
775 5050 938 5106 πάλιν
980 5051 1126 5105 ἐστιν
1160 5052 1333 5116 ἄλλως
1375 5051 1644 5122 Θεωρῆσαι
1673 5051 1764 5103 τὸν

1868 5044 2104 5108 mundo;
2136 5051 2227 5095 aut
2270 5041 2464 5094 iterum
2507 5041 2613 5095 alio
2651 5040 2812 5095 modo
2837 5041 3122 5111 allegorice
3161 5041 3415 5110 explicari

191 5141 398 5214 Κύριον
426 5140 680 5208 λέγοντα,
707 5141 791 5193 ὄτι
823 5141 990 5192 Ὅταν
1013 5140 1326 5212 σταυρωθῶ,
1352 5142 1418 5194 τὰ
1451 5140 1763 5212 χαρίσματά

1868 5137 1984 5190 haec
2022 5143 2249 5205 possunt
2289 5135 2353 5189 de
2398 5135 2624 5190 Domino
2669 5136 2878 5191 dicente
2916 5135 3095 5189 :Cum
3129 5135 3419 5190 cruciﬁxus

194 5249 298 5299 μου
326 5231 622 5302 διαμερίσω
647 5233 759 5294 τοῖς
792 5230 1134 5284 πιστεύουσιν
1164 5233 1242 5295 είς
1272 5234 1390 5302 ἐμέ.

1865 5228 2040 5294 fuero,
2060 5226 2295 5282 dividam
2321 5229 2462 5282 dona
2496 5244 2612 5282 mea
2644 5227 2985 5284 credentibus
3022 5228 3075 5282 in
3104 5243 3207 5284 me.

1139 5384 1444 5447 Addenda
1485 5394 1545 5445 et
1571 5382 1949 5462 corrigenda
1980 5399 2057 5443 ex
2089 5381 2228 5442 cod.
2266 5380 2467 5442 Vatic.

468 5511 554 5591 διὰ
578 5512 676 5591 τῆς
705 5511 1070 5583 κινναϐάρεως
1101 5509 1362 5582 περιέχει.
2046 5507 2501 5591 βξεγερθήσομαι.

267 5583 341 5718 (2;
381 5580 517 5633 Θεοῦ
546 5578 778 5652 εἴρηται.
937 5578 948 5583 ⁷
1174 5578 1184 5582 ⁷
1261 5578 1288 5580 ‘7
1932 5578 2008 5643 (8)
2037 5578 2416 5660 Διηγούμενος.

267 5654 320 5718 (5
365 5651 648 5716 Δέξασθαι.
1931 5647 2244 5718 (9)(Ἀγιων
2278 5663 2393 5718 σου.

267 5648 339 5722 (5)
365 5648 664 5722 Δέξασβαίξ
742 5721 749 5722 7
1931 5648 2244 5722 (ἔξιᾋ-γίων
2277 5663 2393 5722 σου.

289 5785 342 5860 5)
373 5789 574 5860 Καρδίᾳ
606 5807 728 5859 μου,
757 5785 935 5852 ό⁷Θεός
968 5806 1086 5859 μου.
1935 5785 2040 5858 (11)
2074 5787 2185 5859 Γὰρ
2212 5787 2397 5858 αὐτην.

274 5714 331 5773 ’.ι’
387 5714 560 5773 αιἰὶλώ
594 5736 700 5773 non
739 5721 951 5790 legitur.

373 5789 574 5860 Καρδίᾳ
606 5807 728 5859 μου,
757 5793 783 5842 ό
807 5791 935 5852 Θεός
968 5806 1086 5859 μου.

849 5733 951 5774 tur.
1932 5717 2020 5784 (10
2071 5714 2338 5784 Μαϐητῶν
2374 5733 2485 5769 σου.

851 5791 935 5852 εός
968 5806 1086 5859 μου.
1935 5717 2041 5858 (111
2074 5787 2185 5859 Γὰρ
2212 5787 2397 5858 αὐτην.

287 5727 320 5773 4
387 5727 560 5773 ΨΜ.λώ
594 5736 700 5773 non

267 5727 343 5931 55;
373 5789 574 5860 Καρδίᾳ
606 5807 728 5859 μου,

267 5860 321 5928 (6
368 5865 732 5929 Διαναστησω.
