  <div class='ocr_page' id='page_1' title='image "/cluster/home/n/w/nwhite01/storage/ocr_20150623/27/uva.x030474749/577.png"; bbox 0 0 4142 6504; ppageno 0'>
   <div class='ocr_carea' id='block_1_1' title="bbox 687 434 824 488">
    <p class='ocr_par' dir='ltr' id='par_1_1' title="bbox 687 434 824 488">
     <span class='ocr_line' id='line_1_1' title="bbox 687 434 824 488; baseline -0.007 -1"><span class='ocrx_word' id='word_1_1' title='bbox 687 434 824 488; x_wconf 73' lang='grc'><strong>1135</strong></span> 
     </span>
    </p>
   </div>
   <div class='ocr_carea' id='block_1_2' title="bbox 759 553 2072 614">
    <p class='ocr_par' dir='ltr' id='par_1_2' title="bbox 759 553 2072 614">
     <span class='ocr_line' id='line_1_2' title="bbox 759 553 2072 614; baseline 0.005 -7"><span class='ocrx_word' id='word_1_2' title='bbox 759 556 840 607; x_wconf 78' lang='lat' dir='ltr'><strong>tu.</strong></span> <span class='ocrx_word' id='word_1_3' title='bbox 881 553 943 608; x_wconf 85' lang='lat' dir='ltr'><strong>Et</strong></span> <span class='ocrx_word' id='word_1_4' title='bbox 971 555 1268 609; x_wconf 74' lang='lat' dir='ltr'><strong>convallem</strong></span> <span class='ocrx_word' id='word_1_5' title='bbox 1304 556 1772 611; x_wconf 86' lang='lat' dir='ltr'><strong>tabernaculorum</strong></span> <span class='ocrx_word' id='word_1_6' title='bbox 1803 557 2072 614; x_wconf 88' lang='lat' dir='ltr'><strong>dimetiar.</strong></span> 
     </span>
    </p>
   </div>
   <div class='ocr_carea' id='block_1_3' title="bbox 757 645 2108 710">
    <p class='ocr_par' dir='ltr' id='par_1_3' title="bbox 757 645 2108 710">
     <span class='ocr_line' id='line_1_3' title="bbox 757 645 2108 710; baseline 0.001 -13"><span class='ocrx_word' id='word_1_7' title='bbox 757 645 843 697; x_wconf 82' lang='grc'><strong>17.</strong></span> <span class='ocrx_word' id='word_1_8' title='bbox 872 645 1019 699; x_wconf 88' lang='lat' dir='ltr'><strong>Meus</strong></span> <span class='ocrx_word' id='word_1_9' title='bbox 1052 655 1134 700; x_wconf 90' lang='lat' dir='ltr'><strong>est</strong></span> <span class='ocrx_word' id='word_1_10' title='bbox 1165 645 1386 710; x_wconf 77' lang='lat' dir='ltr'><strong>Galaad,</strong></span> <span class='ocrx_word' id='word_1_11' title='bbox 1418 655 1470 699; x_wconf 91' lang='lat' dir='ltr'><strong>et</strong></span> <span class='ocrx_word' id='word_1_12' title='bbox 1499 661 1651 701; x_wconf 87' lang='lat' dir='ltr'><strong>meus</strong></span> <span class='ocrx_word' id='word_1_13' title='bbox 1681 656 1763 700; x_wconf 84' lang='lat' dir='ltr'><strong>est</strong></span> <span class='ocrx_word' id='word_1_14' title='bbox 1788 645 2065 702; x_wconf 77' lang='lat' dir='ltr'><strong>Manasses</strong></span> <span class='ocrx_word' id='word_1_15' title='bbox 2096 663 2108 698; x_wconf 92' lang='lat'><strong>:</strong></span> 
     </span>
    </p>
   </div>
   <div class='ocr_carea' id='block_1_4' title="bbox 759 735 1934 808">
    <p class='ocr_par' dir='ltr' id='par_1_4' title="bbox 759 735 1934 808">
     <span class='ocr_line' id='line_1_4' title="bbox 759 735 1934 808; baseline 0.003 -19"><span class='ocrx_word' id='word_1_16' title='bbox 759 737 843 790; x_wconf 85' lang='grc'><strong>18.</strong></span> <span class='ocrx_word' id='word_1_17' title='bbox 879 735 944 790; x_wconf 83' lang='lat' dir='ltr'><strong>Et</strong></span> <span class='ocrx_word' id='word_1_18' title='bbox 970 735 1224 806; x_wconf 76' lang='lat' dir='ltr'><strong>Ephraim</strong></span> <span class='ocrx_word' id='word_1_19' title='bbox 1250 739 1520 807; x_wconf 74' lang='lat' dir='ltr'><strong>susceptio</strong></span> <span class='ocrx_word' id='word_1_20' title='bbox 1552 739 1745 808; x_wconf 87' lang='lat' dir='ltr'><strong>capitis</strong></span> <span class='ocrx_word' id='word_1_21' title='bbox 1778 739 1883 793; x_wconf 87' lang='lat' dir='ltr'><strong>mei</strong></span> <span class='ocrx_word' id='word_1_22' title='bbox 1918 755 1934 792; x_wconf 90' lang='lat'><strong>:</strong></span> 
     </span>
    </p>
   </div>
   <div class='ocr_carea' id='block_1_5' title="bbox 760 827 1381 884">
    <p class='ocr_par' dir='ltr' id='par_1_5' title="bbox 760 827 1381 884">
     <span class='ocr_line' id='line_1_5' title="bbox 760 827 1381 884; baseline -0.002 -1"><span class='ocrx_word' id='word_1_23' title='bbox 760 830 846 883; x_wconf 85' lang='grc'><strong>19.</strong></span> <span class='ocrx_word' id='word_1_24' title='bbox 882 827 1048 883; x_wconf 82' lang='lat' dir='ltr'><strong>Judas</strong></span> <span class='ocrx_word' id='word_1_25' title='bbox 1080 844 1172 882; x_wconf 80' lang='lat' dir='ltr'><strong>rex</strong></span> <span class='ocrx_word' id='word_1_26' title='bbox 1207 843 1381 884; x_wconf 81' lang='lat' dir='ltr'><strong>mens.</strong></span> 
     </span>
    </p>
   </div>
   <div class='ocr_carea' id='block_1_6' title="bbox 759 918 1553 988">
    <p class='ocr_par' dir='ltr' id='par_1_6' title="bbox 759 918 1553 988">
     <span class='ocr_line' id='line_1_6' title="bbox 759 918 1553 988; baseline 0.003 -16"><span class='ocrx_word' id='word_1_27' title='bbox 759 920 848 972; x_wconf 81' lang='lat' dir='ltr'><strong>2t).</strong></span> <span class='ocrx_word' id='word_1_28' title='bbox 879 918 1033 972; x_wconf 81' lang='lat' dir='ltr'><strong>Moab</strong></span> <span class='ocrx_word' id='word_1_29' title='bbox 1059 919 1203 973; x_wconf 75' lang='lat' dir='ltr'><strong>lcbes</strong></span> <span class='ocrx_word' id='word_1_30' title='bbox 1232 919 1344 988; x_wconf 87' lang='lat' dir='ltr'><strong>spei</strong></span> <span class='ocrx_word' id='word_1_31' title='bbox 1377 935 1509 974; x_wconf 78' lang='lat' dir='ltr'><strong>mea:</strong></span> <span class='ocrx_word' id='word_1_32' title='bbox 1538 937 1553 974; x_wconf 89' lang='lat'><strong>:</strong></span> 
     </span>
    </p>
   </div>
   <div class='ocr_carea' id='block_1_7' title="bbox 760 1010 2257 1084">
    <p class='ocr_par' dir='ltr' id='par_1_7' title="bbox 760 1010 2257 1084">
     <span class='ocr_line' id='line_1_7' title="bbox 760 1010 2257 1084; baseline 0.004 -22"><span class='ocrx_word' id='word_1_33' title='bbox 760 1012 850 1066; x_wconf 79' lang='grc'><strong>21.</strong></span> <span class='ocrx_word' id='word_1_34' title='bbox 889 1010 942 1064; x_wconf 87' lang='lat' dir='ltr'><strong>In</strong></span> <span class='ocrx_word' id='word_1_35' title='bbox 978 1012 1266 1065; x_wconf 66' lang='lat' dir='ltr'><strong>ldummam</strong></span> <span class='ocrx_word' id='word_1_36' title='bbox 1299 1011 1536 1081; x_wconf 86' lang='lat' dir='ltr'><strong>injiciam</strong></span> <span class='ocrx_word' id='word_1_37' title='bbox 1568 1011 1899 1084; x_wconf 77' lang='lat' dir='ltr'><strong>[extendam]</strong></span> <span class='ocrx_word' id='word_1_38' title='bbox 1927 1013 2257 1069; x_wconf 86' lang='lat' dir='ltr'><strong>calceamen-</strong></span> 
     </span>
    </p>
   </div>
   <div class='ocr_carea' id='block_1_8' title="bbox 694 1109 1060 1154">
    <p class='ocr_par' dir='ltr' id='par_1_8' title="bbox 694 1109 1060 1154">
     <span class='ocr_line' id='line_1_8' title="bbox 694 1109 1060 1154; baseline 0 0"><span class='ocrx_word' id='word_1_39' title='bbox 694 1109 804 1154; x_wconf 86' lang='lat' dir='ltr'><strong>tum</strong></span> <span class='ocrx_word' id='word_1_40' title='bbox 840 1115 1018 1154; x_wconf 86' lang='lat' dir='ltr'><strong>meum</strong></span> <span class='ocrx_word' id='word_1_41' title='bbox 1047 1119 1060 1154; x_wconf 90' lang='lat'><strong>:</strong></span> 
     </span>
    </p>
   </div>
   <div class='ocr_carea' id='block_1_9' title="bbox 758 1193 1927 1264">
    <p class='ocr_par' dir='ltr' id='par_1_9' title="bbox 758 1193 1927 1264">
     <span class='ocr_line' id='line_1_9' title="bbox 758 1193 1927 1264; baseline 0.004 -19"><span class='ocrx_word' id='word_1_42' title='bbox 758 1193 850 1246; x_wconf 95' lang='lat'><strong>22.</strong></span> <span class='ocrx_word' id='word_1_43' title='bbox 887 1193 1013 1247; x_wconf 75' lang='lat' dir='ltr'><strong>Mihi</strong></span> <span class='ocrx_word' id='word_1_44' title='bbox 1048 1194 1362 1264; x_wconf 73' lang='lat' dir='ltr'><strong>alienigenae</strong></span> <span class='ocrx_word' id='word_1_45' title='bbox 1389 1193 1588 1248; x_wconf 88' lang='lat' dir='ltr'><strong>subditi</strong></span> <span class='ocrx_word' id='word_1_46' title='bbox 1624 1193 1748 1249; x_wconf 81' lang='lat' dir='ltr'><strong>facti</strong></span> <span class='ocrx_word' id='word_1_47' title='bbox 1782 1205 1927 1250; x_wconf 92' lang='lat' dir='ltr'><strong>sunt.</strong></span> 
     </span>
    </p>
   </div>
   <div class='ocr_carea' id='block_1_10' title="bbox 759 1283 2083 1351">
    <p class='ocr_par' dir='ltr' id='par_1_10' title="bbox 759 1283 2083 1351">
     <span class='ocr_line' id='line_1_10' title="bbox 759 1283 2083 1351; baseline 0.002 -14"><span class='ocrx_word' id='word_1_48' title='bbox 759 1284 849 1338; x_wconf 80' lang='grc'><strong>25.</strong></span> <span class='ocrx_word' id='word_1_49' title='bbox 878 1283 1012 1351; x_wconf 91' lang='lat' dir='ltr'><strong>Quis</strong></span> <span class='ocrx_word' id='word_1_50' title='bbox 1039 1286 1264 1340; x_wconf 87' lang='lat' dir='ltr'><strong>deducet</strong></span> <span class='ocrx_word' id='word_1_51' title='bbox 1289 1301 1373 1340; x_wconf 88' lang='lat' dir='ltr'><strong>me</strong></span> <span class='ocrx_word' id='word_1_52' title='bbox 1398 1286 1451 1339; x_wconf 90' lang='lat' dir='ltr'><strong>in</strong></span> <span class='ocrx_word' id='word_1_53' title='bbox 1479 1287 1750 1342; x_wconf 82' lang='lat' dir='ltr'><strong>civitatein</strong></span> <span class='ocrx_word' id='word_1_54' title='bbox 1781 1286 2083 1342; x_wconf 79' lang='lat' dir='ltr'><strong>munitam?</strong></span> 
     </span>
    </p>
   </div>
   <div class='ocr_carea' id='block_1_11' title="bbox 761 1375 2152 1448">
    <p class='ocr_par' dir='ltr' id='par_1_11' title="bbox 761 1375 2152 1448">
     <span class='ocr_line' id='line_1_11' title="bbox 761 1375 2152 1448; baseline 0.001 -20"><span class='ocrx_word' id='word_1_55' title='bbox 761 1375 851 1431; x_wconf 69' lang='grc'><strong>24.</strong></span> <span class='ocrx_word' id='word_1_56' title='bbox 877 1376 983 1430; x_wconf 81' lang='lat' dir='ltr'><strong>Aut</strong></span> <span class='ocrx_word' id='word_1_57' title='bbox 1009 1375 1130 1446; x_wconf 86' lang='lat' dir='ltr'><strong>quis</strong></span> <span class='ocrx_word' id='word_1_58' title='bbox 1161 1377 1388 1431; x_wconf 77' lang='lat' dir='ltr'><strong>deducet</strong></span> <span class='ocrx_word' id='word_1_59' title='bbox 1417 1394 1502 1432; x_wconf 89' lang='lat' dir='ltr'><strong>me</strong></span> <span class='ocrx_word' id='word_1_60' title='bbox 1533 1395 1706 1448; x_wconf 85' lang='lat' dir='ltr'><strong>usque</strong></span> <span class='ocrx_word' id='word_1_61' title='bbox 1736 1380 1790 1432; x_wconf 92' lang='lat' dir='ltr'><strong>in</strong></span> <span class='ocrx_word' id='word_1_62' title='bbox 1824 1377 2152 1433; x_wconf 71' lang='lat' dir='ltr'><strong>lduinmam?</strong></span> 
     </span>
    </p>
   </div>
   <div class='ocr_carea' id='block_1_12' title="bbox 762 1467 1931 1541">
    <p class='ocr_par' dir='ltr' id='par_1_12' title="bbox 762 1467 1931 1541">
     <span class='ocr_line' id='line_1_12' title="bbox 762 1467 1931 1541; baseline 0.002 -20"><span class='ocrx_word' id='word_1_63' title='bbox 762 1468 851 1522; x_wconf 82' lang='lat'><strong>25.</strong></span> <span class='ocrx_word' id='word_1_64' title='bbox 883 1467 1070 1524; x_wconf 84' lang='lat' dir='ltr'><strong>Nonne</strong></span> <span class='ocrx_word' id='word_1_65' title='bbox 1097 1478 1174 1534; x_wconf 93' lang='lat' dir='ltr'><strong>tu,</strong></span> <span class='ocrx_word' id='word_1_66' title='bbox 1207 1467 1368 1533; x_wconf 89' lang='lat' dir='ltr'><strong>Deus,</strong></span> <span class='ocrx_word' id='word_1_67' title='bbox 1398 1471 1488 1539; x_wconf 91' lang='lat' dir='ltr'><strong>qui</strong></span> <span class='ocrx_word' id='word_1_68' title='bbox 1524 1471 1768 1541; x_wconf 89' lang='lat' dir='ltr'><strong>repulisti</strong></span> <span class='ocrx_word' id='word_1_69' title='bbox 1796 1472 1931 1525; x_wconf 81' lang='lat' dir='ltr'><strong>nos?</strong></span> 
     </span>
    </p>
   </div>
   <div class='ocr_carea' id='block_1_13' title="bbox 761 1559 2227 1626">
    <p class='ocr_par' dir='ltr' id='par_1_13' title="bbox 761 1559 2227 1626">
     <span class='ocr_line' id='line_1_13' title="bbox 761 1559 2227 1626; baseline -0.001 -12"><span class='ocrx_word' id='word_1_70' title='bbox 761 1560 850 1614; x_wconf 87' lang='lat'><strong>26.</strong></span> <span class='ocrx_word' id='word_1_71' title='bbox 886 1561 951 1615; x_wconf 82' lang='lat' dir='ltr'><strong>Et</strong></span> <span class='ocrx_word' id='word_1_72' title='bbox 997 1575 1105 1615; x_wconf 89' lang='lat' dir='ltr'><strong>non</strong></span> <span class='ocrx_word' id='word_1_73' title='bbox 1133 1561 1330 1622; x_wconf 79' lang='lat' dir='ltr'><strong>exibis.</strong></span> <span class='ocrx_word' id='word_1_74' title='bbox 1366 1561 1529 1626; x_wconf 80' lang='lat' dir='ltr'><strong>Deus,</strong></span> <span class='ocrx_word' id='word_1_75' title='bbox 1564 1564 1614 1618; x_wconf 95' lang='lat' dir='ltr'><strong>in</strong></span> <span class='ocrx_word' id='word_1_76' title='bbox 1648 1563 1939 1618; x_wconf 74' lang='lat' dir='ltr'><strong>virtutibus</strong></span> <span class='ocrx_word' id='word_1_77' title='bbox 1983 1559 2227 1615; x_wconf 87' lang='lat' dir='ltr'><strong>nostris?</strong></span> 
     </span>
    </p>
   </div>
   <div class='ocr_carea' id='block_1_14' title="bbox 764 1761 1960 1818">
    <p class='ocr_par' dir='ltr' id='par_1_14' title="bbox 764 1761 1960 1818">
     <span class='ocr_line' id='line_1_14' title="bbox 764 1761 1960 1818; baseline -0.003 0"><span class='ocrx_word' id='word_1_78' title='bbox 764 1763 854 1818; x_wconf 81' lang='grc'><strong>27.</strong></span> <span class='ocrx_word' id='word_1_79' title='bbox 890 1761 963 1818; x_wconf 89' lang='lat' dir='ltr'><strong>Da</strong></span> <span class='ocrx_word' id='word_1_80' title='bbox 997 1763 1153 1818; x_wconf 87' lang='lat' dir='ltr'><strong>nobis</strong></span> <span class='ocrx_word' id='word_1_81' title='bbox 1181 1763 1438 1817; x_wconf 84' lang='lat' dir='ltr'><strong>auxilium</strong></span> <span class='ocrx_word' id='word_1_82' title='bbox 1466 1762 1532 1818; x_wconf 91' lang='lat' dir='ltr'><strong>de</strong></span> <span class='ocrx_word' id='word_1_83' title='bbox 1567 1761 1960 1817; x_wconf 80' lang='lat' dir='ltr'><strong>tribulatione:</strong></span> 
     </span>
    </p>
   </div>
   <div class='ocr_carea' id='block_1_15' title="bbox 767 1857 1666 1924">
    <p class='ocr_par' dir='ltr' id='par_1_15' title="bbox 767 1857 1666 1924">
     <span class='ocr_line' id='line_1_15' title="bbox 767 1857 1666 1924; baseline -0.003 -14"><span class='ocrx_word' id='word_1_84' title='bbox 767 1857 854 1911; x_wconf 89' lang='grc'><strong>28.</strong></span> <span class='ocrx_word' id='word_1_85' title='bbox 890 1857 1026 1924; x_wconf 88' lang='lat' dir='ltr'><strong>Quia</strong></span> <span class='ocrx_word' id='word_1_86' title='bbox 1059 1871 1196 1910; x_wconf 82' lang='lat' dir='ltr'><strong>vana</strong></span> <span class='ocrx_word' id='word_1_87' title='bbox 1230 1857 1379 1912; x_wconf 88' lang='lat' dir='ltr'><strong>salus</strong></span> <span class='ocrx_word' id='word_1_88' title='bbox 1406 1857 1666 1911; x_wconf 89' lang='lat' dir='ltr'><strong>hominis.</strong></span> 
     </span>
    </p>
   </div>
   <div class='ocr_carea' id='block_1_16' title="bbox 1507 433 3058 490">
    <p class='ocr_par' dir='ltr' id='par_1_16' title="bbox 1507 433 3058 490">
     <span class='ocr_line' id='line_1_16' title="bbox 1507 433 3058 490; baseline 0 -2"><span class='ocrx_word' id='word_1_89' title='bbox 1507 436 1560 488; x_wconf 87' lang='lat' dir='ltr'><strong>S.</strong></span> <span class='ocrx_word' id='word_1_90' title='bbox 1601 433 1970 490; x_wconf 68' lang='lat' dir='ltr'><strong>ATHANASII</strong></span> <span class='ocrx_word' id='word_1_91' title='bbox 2009 434 2158 490; x_wconf 80' lang='lat' dir='ltr'><strong>OPP.</strong></span> <span class='ocrx_word' id='word_1_92' title='bbox 2201 435 2379 489; x_wconf 65' lang='lat' dir='ltr'><strong>PARS</strong></span> <span class='ocrx_word' id='word_1_93' title='bbox 2418 433 2503 488; x_wconf 89' lang='grc'><strong>111.</strong></span> <span class='ocrx_word' id='word_1_94' title='bbox 2547 463 2613 474; x_wconf 85' lang='grc'><strong><em>--</em></strong></span> <span class='ocrx_word' id='word_1_95' title='bbox 2651 434 3058 490; x_wconf 65' lang='grc' dir='ltr'><strong>ΕΧΕΟΕῘῚΟᾹ.</strong></span> 
     </span>
    </p>
   </div>
   <div class='ocr_carea' id='block_1_17' title="bbox 3785 435 3928 491">
    <p class='ocr_par' dir='ltr' id='par_1_17' title="bbox 3785 435 3928 491">
     <span class='ocr_line' id='line_1_17' title="bbox 3785 435 3928 491; baseline 0.028 -4"><span class='ocrx_word' id='word_1_96' title='bbox 3785 435 3928 491; x_wconf 76' lang='grc' dir='ltr'><strong>11ὃ6</strong></span> 
     </span>
    </p>
   </div>
   <div class='ocr_carea' id='block_1_18' title="bbox 2279 558 3847 630">
    <p class='ocr_par' dir='ltr' id='par_1_18' title="bbox 2279 558 3847 630">
     <span class='ocr_line' id='line_1_18' title="bbox 2279 558 3847 630; baseline -0.001 -17"><span class='ocrx_word' id='word_1_97' title='bbox 2279 573 2322 625; x_wconf 76' lang='grc' dir='ltr'><strong>Α</strong></span> <span class='ocrx_word' id='word_1_98' title='bbox 2423 561 2506 613; x_wconf 82' lang='grc'><strong>16.</strong></span> <span class='ocrx_word' id='word_1_99' title='bbox 2545 560 2651 612; x_wconf 80' lang='grc' dir='ltr'>Καὶ</span> <span class='ocrx_word' id='word_1_100' title='bbox 2692 560 2789 630; x_wconf 71' lang='grc' dir='ltr'><strong>τὴν</strong></span> <span class='ocrx_word' id='word_1_101' title='bbox 2823 559 3040 612; x_wconf 73' lang='grc' dir='ltr'>κοιλάδα</span> <span class='ocrx_word' id='word_1_102' title='bbox 3075 559 3183 610; x_wconf 78' lang='grc' dir='ltr'><strong>τῶν</strong></span> <span class='ocrx_word' id='word_1_103' title='bbox 3213 558 3428 629; x_wconf 78' lang='grc' dir='ltr'>σκηνῶν</span> <span class='ocrx_word' id='word_1_104' title='bbox 3463 559 3847 630; x_wconf 76' lang='grc' dir='ltr'>διαμετρήσω.</span> 
     </span>
    </p>
   </div>
   <div class='ocr_carea' id='block_1_19' title="bbox 2429 651 3938 722">
    <p class='ocr_par' dir='ltr' id='par_1_19' title="bbox 2429 651 3938 722">
     <span class='ocr_line' id='line_1_19' title="bbox 2429 651 3938 722; baseline -0.007 -17"><span class='ocrx_word' id='word_1_105' title='bbox 2429 655 2512 705; x_wconf 85' lang='grc'><strong>17.</strong></span> <span class='ocrx_word' id='word_1_106' title='bbox 2556 653 2714 722; x_wconf 79' lang='grc' dir='ltr'>Ἐμός</span> <span class='ocrx_word' id='word_1_107' title='bbox 2748 655 2860 704; x_wconf 73' lang='grc' dir='ltr'>ἐστι</span> <span class='ocrx_word' id='word_1_108' title='bbox 2893 651 3101 705; x_wconf 73' lang='grc' dir='ltr'>Γαλαὰδ</span> <span class='ocrx_word' id='word_1_109' title='bbox 3123 694 3137 718; x_wconf 91' lang='grc'><strong>,</strong></span> <span class='ocrx_word' id='word_1_110' title='bbox 3164 653 3255 705; x_wconf 74' lang='grc' dir='ltr'><strong>καὶ</strong></span> <span class='ocrx_word' id='word_1_111' title='bbox 3285 652 3414 722; x_wconf 77' lang='grc' dir='ltr'>ἐμός</span> <span class='ocrx_word' id='word_1_112' title='bbox 3441 653 3558 704; x_wconf 72' lang='grc' dir='ltr'>ἐστι</span> <span class='ocrx_word' id='word_1_113' title='bbox 3595 653 3938 722; x_wconf 69' lang='grc' dir='ltr'>Μανασεῇςο</span> 
     </span>
    </p>
   </div>
   <div class='ocr_carea' id='block_1_20' title="bbox 2427 742 3808 815">
    <p class='ocr_par' dir='ltr' id='par_1_20' title="bbox 2427 742 3808 815">
     <span class='ocr_line' id='line_1_20' title="bbox 2427 742 3808 815; baseline -0.001 -17"><span class='ocrx_word' id='word_1_114' title='bbox 2427 746 2510 798; x_wconf 90' lang='grc'><strong>18.</strong></span> <span class='ocrx_word' id='word_1_115' title='bbox 2539 745 2646 798; x_wconf 77' lang='grc' dir='ltr'>Καὶ</span> <span class='ocrx_word' id='word_1_116' title='bbox 2682 742 2916 815; x_wconf 62' lang='grc' dir='ltr'>Ἑφραῒμ</span> <span class='ocrx_word' id='word_1_117' title='bbox 2951 743 3232 814; x_wconf 61' lang='grc' dir='ltr'>ἀντίληψις</span> <span class='ocrx_word' id='word_1_118' title='bbox 3259 745 3354 814; x_wconf 80' lang='grc' dir='ltr'>τῆς</span> <span class='ocrx_word' id='word_1_119' title='bbox 3383 744 3631 813; x_wconf 69' lang='grc' dir='ltr'>κεφαλῆς</span> <span class='ocrx_word' id='word_1_120' title='bbox 3665 761 3769 814; x_wconf 85' lang='grc' dir='ltr'><strong>μου</strong></span> <span class='ocrx_word' id='word_1_121' title='bbox 3790 761 3808 777; x_wconf 78' lang='grc' dir='ltr'><strong>ο</strong></span> 
     </span>
    </p>
   </div>
   <div class='ocr_carea' id='block_1_21' title="bbox 2428 831 3187 902">
    <p class='ocr_par' dir='ltr' id='par_1_21' title="bbox 2428 831 3187 902">
     <span class='ocr_line' id='line_1_21' title="bbox 2428 831 3187 902; baseline -0.003 -16"><span class='ocrx_word' id='word_1_122' title='bbox 2428 834 2513 887; x_wconf 84' lang='grc'><strong>19.</strong></span> <span class='ocrx_word' id='word_1_123' title='bbox 2557 834 2753 896; x_wconf 85' lang='grc' dir='ltr'>Ἰούδας</span> <span class='ocrx_word' id='word_1_124' title='bbox 2785 831 3035 901; x_wconf 83' lang='grc' dir='ltr'>βασιλεύς</span> <span class='ocrx_word' id='word_1_125' title='bbox 3068 850 3187 902; x_wconf 91' lang='grc' dir='ltr'>μου.</span> 
     </span>
    </p>
   </div>
   <div class='ocr_carea' id='block_1_22' title="bbox 2424 925 3455 996">
    <p class='ocr_par' dir='ltr' id='par_1_22' title="bbox 2424 925 3455 996">
     <span class='ocr_line' id='line_1_22' title="bbox 2424 925 3455 996; baseline -0.002 -16"><span class='ocrx_word' id='word_1_126' title='bbox 2424 927 2512 981; x_wconf 81' lang='grc'><strong>20.</strong></span> <span class='ocrx_word' id='word_1_127' title='bbox 2549 928 2722 981; x_wconf 76' lang='grc' dir='ltr'><strong>Μωὰὸ</strong></span> <span class='ocrx_word' id='word_1_128' title='bbox 2755 926 2916 996; x_wconf 81' lang='grc' dir='ltr'>λέϐης</span> <span class='ocrx_word' id='word_1_129' title='bbox 2945 926 3043 996; x_wconf 70' lang='grc' dir='ltr'>τῆς</span> <span class='ocrx_word' id='word_1_130' title='bbox 3079 925 3290 988; x_wconf 80' lang='grc' dir='ltr'><strong>ἐλπίδος</strong></span> <span class='ocrx_word' id='word_1_131' title='bbox 3326 943 3455 996; x_wconf 88' lang='grc' dir='ltr'>μου·</span> 
     </span>
    </p>
   </div>
   <div class='ocr_carea' id='block_1_23' title="bbox 2425 1014 3943 1088">
    <p class='ocr_par' dir='ltr' id='par_1_23' title="bbox 2425 1014 3943 1088">
     <span class='ocr_line' id='line_1_23' title="bbox 2425 1014 3943 1088; baseline -0.003 -17"><span class='ocrx_word' id='word_1_132' title='bbox 2425 1018 2515 1071; x_wconf 85' lang='grc'><strong>21.</strong></span> <span class='ocrx_word' id='word_1_133' title='bbox 2561 1018 2682 1070; x_wconf 77' lang='grc' dir='ltr'><strong>Ἐπὶ</strong></span> <span class='ocrx_word' id='word_1_134' title='bbox 2709 1017 2804 1088; x_wconf 77' lang='grc' dir='ltr'><strong>τὴν</strong></span> <span class='ocrx_word' id='word_1_135' title='bbox 2841 1017 3140 1087; x_wconf 73' lang='grc' dir='ltr'><strong>Ἰδουμαίαν</strong></span> <span class='ocrx_word' id='word_1_136' title='bbox 3163 1016 3403 1070; x_wconf 74' lang='grc' dir='ltr'>ἐπιϐαλῶ</span> <span class='ocrx_word' id='word_1_137' title='bbox 3427 1014 3688 1088; x_wconf 75' lang='grc' dir='ltr'>[ἐκτενῶ]</span> <span class='ocrx_word' id='word_1_138' title='bbox 3723 1015 3783 1068; x_wconf 79' lang='grc' dir='ltr'><strong>τὸ</strong></span> <span class='ocrx_word' id='word_1_139' title='bbox 3814 1015 3943 1068; x_wconf 78' lang='grc' dir='ltr'><strong>ὑπό-</strong></span> 
     </span>
    </p>
   </div>
   <div class='ocr_carea' id='block_1_24' title="bbox 2355 1111 2668 1180">
    <p class='ocr_par' dir='ltr' id='par_1_24' title="bbox 2355 1111 2668 1180">
     <span class='ocr_line' id='line_1_24' title="bbox 2355 1111 2668 1180; baseline -0.01 -17"><span class='ocrx_word' id='word_1_140' title='bbox 2355 1111 2420 1180; x_wconf 85' lang='grc' dir='ltr'><strong>δη</strong></span> <span class='ocrx_word' id='word_1_141' title='bbox 2428 1111 2502 1180; x_wconf 77' lang='grc' dir='ltr'>μά</span> <span class='ocrx_word' id='word_1_142' title='bbox 2531 1127 2631 1180; x_wconf 87' lang='grc' dir='ltr'><strong>μου</strong></span> <span class='ocrx_word' id='word_1_143' title='bbox 2656 1125 2668 1137; x_wconf 87' lang='grc'><strong>·</strong></span> 
     </span>
    </p>
   </div>
   <div class='ocr_carea' id='block_1_25' title="bbox 2427 1203 3420 1275">
    <p class='ocr_par' dir='ltr' id='par_1_25' title="bbox 2427 1203 3420 1275">
     <span class='ocr_line' id='line_1_25' title="bbox 2427 1203 3420 1275; baseline -0.001 -17"><span class='ocrx_word' id='word_1_144' title='bbox 2427 1205 2515 1258; x_wconf 85' lang='grc'><strong>22.</strong></span> <span class='ocrx_word' id='word_1_145' title='bbox 2552 1203 2706 1274; x_wconf 77' lang='grc' dir='ltr'>Ἐμοὶ</span> <span class='ocrx_word' id='word_1_146' title='bbox 2736 1203 3014 1272; x_wconf 70' lang='grc' dir='ltr'>ἀλλόφυλοι</span> <span class='ocrx_word' id='word_1_147' title='bbox 3051 1203 3420 1275; x_wconf 77' lang='grc' dir='ltr'>ὑπετάγησαν.</span> 
     </span>
    </p>
   </div>
   <div class='ocr_carea' id='block_1_26' title="bbox 2429 1293 3588 1368">
    <p class='ocr_par' dir='ltr' id='par_1_26' title="bbox 2429 1293 3588 1368">
     <span class='ocr_line' id='line_1_26' title="bbox 2429 1293 3588 1368; baseline -0.002 -18"><span class='ocrx_word' id='word_1_148' title='bbox 2429 1297 2517 1352; x_wconf 81' lang='grc'><strong>25.</strong></span> <span class='ocrx_word' id='word_1_149' title='bbox 2550 1298 2646 1360; x_wconf 86' lang='grc' dir='ltr'>Τίς</span> <span class='ocrx_word' id='word_1_150' title='bbox 2677 1293 2872 1359; x_wconf 77' lang='grc' dir='ltr'><strong>ἀπάξει</strong></span> <span class='ocrx_word' id='word_1_151' title='bbox 2903 1313 2970 1366; x_wconf 90' lang='grc' dir='ltr'><strong>με</strong></span> <span class='ocrx_word' id='word_1_152' title='bbox 3001 1297 3079 1359; x_wconf 84' lang='grc' dir='ltr'><strong>εἰς</strong></span> <span class='ocrx_word' id='word_1_153' title='bbox 3111 1295 3262 1348; x_wconf 77' lang='grc' dir='ltr'>πόλιν</span> <span class='ocrx_word' id='word_1_154' title='bbox 3294 1295 3588 1368; x_wconf 73' lang='grc' dir='ltr'>περιοχῆςς</span> 
     </span>
    </p>
   </div>
   <div class='ocr_carea' id='block_1_27' title="bbox 2429 1388 3750 1460">
    <p class='ocr_par' dir='ltr' id='par_1_27' title="bbox 2429 1388 3750 1460">
     <span class='ocr_line' id='line_1_27' title="bbox 2429 1388 3750 1460; baseline -0.001 -16"><span class='ocrx_word' id='word_1_155' title='bbox 2429 1389 2518 1444; x_wconf 77' lang='grc'><strong>21.</strong></span> <span class='ocrx_word' id='word_1_156' title='bbox 2554 1390 2622 1441; x_wconf 85' lang='grc' dir='ltr'><strong>Ἢ</strong></span> <span class='ocrx_word' id='word_1_157' title='bbox 2651 1390 2732 1452; x_wconf 89' lang='grc' dir='ltr'><strong>τίς</strong></span> <span class='ocrx_word' id='word_1_158' title='bbox 2766 1388 3018 1458; x_wconf 78' lang='grc' dir='ltr'><strong>ὁδηγήσει</strong></span> <span class='ocrx_word' id='word_1_159' title='bbox 3055 1405 3119 1458; x_wconf 88' lang='grc' dir='ltr'><strong>με</strong></span> <span class='ocrx_word' id='word_1_160' title='bbox 3146 1389 3249 1452; x_wconf 74' lang='grc' dir='ltr'><strong>ἕως</strong></span> <span class='ocrx_word' id='word_1_161' title='bbox 3277 1390 3374 1460; x_wconf 81' lang='grc' dir='ltr'>τῆς</span> <span class='ocrx_word' id='word_1_162' title='bbox 3406 1389 3750 1460; x_wconf 86' lang='grc' dir='ltr'>Ἰόουμαίας;</span> 
     </span>
    </p>
   </div>
   <div class='ocr_carea' id='block_1_28' title="bbox 2429 1483 3692 1555">
    <p class='ocr_par' dir='ltr' id='par_1_28' title="bbox 2429 1483 3692 1555">
     <span class='ocr_line' id='line_1_28' title="bbox 2429 1483 3692 1555; baseline 0.002 -18"><span class='ocrx_word' id='word_1_163' title='bbox 2429 1485 2518 1538; x_wconf 76' lang='grc' dir='ltr'><strong>2ῐὶ.</strong></span> <span class='ocrx_word' id='word_1_164' title='bbox 2553 1484 2684 1554; x_wconf 74' lang='grc' dir='ltr'><strong>Ούχ)⁸</strong></span> <span class='ocrx_word' id='word_1_165' title='bbox 2715 1484 2800 1546; x_wconf 72' lang='grc' dir='ltr'><strong>σὺ,</strong></span> <span class='ocrx_word' id='word_1_166' title='bbox 2836 1485 2862 1536; x_wconf 99' lang='lat'><strong>6</strong></span> <span class='ocrx_word' id='word_1_167' title='bbox 2887 1483 3018 1546; x_wconf 83' lang='grc' dir='ltr'>Θεὸς</span> <span class='ocrx_word' id='word_1_168' title='bbox 3048 1485 3076 1536; x_wconf 90' lang='lat'><strong>6</strong></span> <span class='ocrx_word' id='word_1_169' title='bbox 3110 1484 3470 1555; x_wconf 77' lang='grc' dir='ltr'>ἀπωσάμενος</span> <span class='ocrx_word' id='word_1_170' title='bbox 3501 1486 3692 1555; x_wconf 78' lang='grc' dir='ltr'>ήμᾶςς</span> 
     </span>
    </p>
   </div>
   <div class='ocr_carea' id='block_1_29' title="bbox 2432 1575 3944 1648">
    <p class='ocr_par' dir='ltr' id='par_1_29' title="bbox 2432 1575 3944 1648">
     <span class='ocr_line' id='line_1_29' title="bbox 2432 1575 3944 1648; baseline -0.001 -19"><span class='ocrx_word' id='word_1_171' title='bbox 2432 1575 2521 1629; x_wconf 96' lang='grc'><strong>26.</strong></span> <span class='ocrx_word' id='word_1_172' title='bbox 2555 1577 2663 1629; x_wconf 80' lang='grc' dir='ltr'><strong>Καὶ</strong></span> <span class='ocrx_word' id='word_1_173' title='bbox 2695 1575 2794 1628; x_wconf 84' lang='grc' dir='ltr'><strong>οὐκ</strong></span> <span class='ocrx_word' id='word_1_174' title='bbox 2828 1575 3106 1648; x_wconf 75' lang='grc' dir='ltr'>ὲξελεύσῃ,</span> <span class='ocrx_word' id='word_1_175' title='bbox 3151 1577 3179 1627; x_wconf 92' lang='lat'><strong>6</strong></span> <span class='ocrx_word' id='word_1_176' title='bbox 3210 1576 3363 1640; x_wconf 77' lang='grc' dir='ltr'>Θεὸς,</span> <span class='ocrx_word' id='word_1_177' title='bbox 3409 1577 3467 1629; x_wconf 83' lang='grc' dir='ltr'>ὲν</span> <span class='ocrx_word' id='word_1_178' title='bbox 3496 1581 3621 1641; x_wconf 78' lang='grc' dir='ltr'>ταῖς</span> <span class='ocrx_word' id='word_1_179' title='bbox 3650 1576 3944 1648; x_wconf 78' lang='grc' dir='ltr'>δυνάμεσιν</span> 
     </span>
    </p>
   </div>
   <div class='ocr_carea' id='block_1_30' title="bbox 2363 1669 2560 1739">
    <p class='ocr_par' dir='ltr' id='par_1_30' title="bbox 2363 1669 2560 1739">
     <span class='ocr_line' id='line_1_30' title="bbox 2363 1669 2560 1739; baseline -0.025 0"><span class='ocrx_word' id='word_1_180' title='bbox 2363 1669 2560 1739; x_wconf 74' lang='grc' dir='ltr'>ἡμῶν;</span> 
     </span>
    </p>
   </div>
   <div class='ocr_carea' id='block_1_31' title="bbox 2433 1755 3494 1828">
    <p class='ocr_par' dir='ltr' id='par_1_31' title="bbox 2433 1755 3494 1828">
     <span class='ocr_line' id='line_1_31' title="bbox 2433 1755 3494 1828; baseline -0.001 -18"><span class='ocrx_word' id='word_1_181' title='bbox 2433 1757 2521 1810; x_wconf 79' lang='lat'><strong>27.</strong></span> <span class='ocrx_word' id='word_1_182' title='bbox 2555 1757 2652 1819; x_wconf 67' lang='grc' dir='ltr'><strong>Δὸς</strong></span> <span class='ocrx_word' id='word_1_183' title='bbox 2683 1757 2815 1828; x_wconf 79' lang='grc' dir='ltr'>ἡμῖν</span> <span class='ocrx_word' id='word_1_184' title='bbox 2845 1755 3096 1827; x_wconf 77' lang='grc' dir='ltr'>βοήθειαν</span> <span class='ocrx_word' id='word_1_185' title='bbox 3127 1756 3190 1809; x_wconf 83' lang='grc' dir='ltr'>ὲκ</span> <span class='ocrx_word' id='word_1_186' title='bbox 3223 1755 3454 1825; x_wconf 70' lang='grc' dir='ltr'>θλίψεως</span> <span class='ocrx_word' id='word_1_187' title='bbox 3479 1771 3494 1786; x_wconf 74' lang='grc' dir='ltr'><strong>ο</strong></span> 
     </span>
    </p>
   </div>
   <div class='ocr_carea' id='block_1_32' title="bbox 2436 1849 3519 1920">
    <p class='ocr_par' dir='ltr' id='par_1_32' title="bbox 2436 1849 3519 1920">
     <span class='ocr_line' id='line_1_32' title="bbox 2436 1849 3519 1920; baseline 0.002 -18"><span class='ocrx_word' id='word_1_188' title='bbox 2436 1849 2524 1903; x_wconf 89' lang='grc'><strong>28.</strong></span> <span class='ocrx_word' id='word_1_189' title='bbox 2555 1850 2665 1902; x_wconf 69' lang='grc' dir='ltr'><strong>Καὶ</strong></span> <span class='ocrx_word' id='word_1_190' title='bbox 2701 1849 2907 1920; x_wconf 87' lang='grc' dir='ltr'>ματαία</span> <span class='ocrx_word' id='word_1_191' title='bbox 2936 1849 3176 1920; x_wconf 84' lang='grc' dir='ltr'>σωτηρία</span> <span class='ocrx_word' id='word_1_192' title='bbox 3205 1849 3519 1920; x_wconf 81' lang='grc' dir='ltr'>ἀνθρώπου.</span> 
     </span>
    </p>
   </div>
   <div class='ocr_carea' id='block_1_33' title="bbox 1816 2002 2813 2063">
    <p class='ocr_par' dir='ltr' id='par_1_33' title="bbox 1816 2002 2813 2063">
     <span class='ocr_line' id='line_1_33' title="bbox 1816 2002 2813 2063; baseline -0.004 -2"><span class='ocrx_word' id='word_1_193' title='bbox 1816 2004 2190 2063; x_wconf 72' lang='lat' dir='ltr'><strong>ATIIANASII</strong></span> <span class='ocrx_word' id='word_1_194' title='bbox 2224 2002 2813 2059; x_wconf 77' lang='lat' dir='ltr'><strong>INTERPRETATIO.</strong></span> 
     </span>
    </p>
   </div>
   <div class='ocr_carea' id='block_1_34' title="bbox 778 2160 2274 2237">
    <p class='ocr_par' dir='ltr' id='par_1_34' title="bbox 778 2161 2259 2237">
     <span class='ocr_line' id='line_1_34' title="bbox 778 2161 2259 2237; baseline -0.004 -17"><span class='ocrx_word' id='word_1_195' title='bbox 778 2168 861 2222; x_wconf 74' lang='lat'><strong>16.</strong></span> <span class='ocrx_word' id='word_1_196' title='bbox 895 2167 959 2222; x_wconf 85' lang='lat' dir='ltr'><strong>Et</strong></span> <span class='ocrx_word' id='word_1_197' title='bbox 1000 2182 1096 2223; x_wconf 90' lang='lat' dir='ltr'><strong>cor</strong></span> <span class='ocrx_word' id='word_1_198' title='bbox 1137 2167 1375 2237; x_wconf 89' lang='lat' dir='ltr'><strong>seipsum</strong></span> <span class='ocrx_word' id='word_1_199' title='bbox 1401 2164 1695 2219; x_wconf 86' lang='lat' dir='ltr'><strong>humilians</strong></span> <span class='ocrx_word' id='word_1_200' title='bbox 1726 2162 2062 2228; x_wconf 85' lang='lat' dir='ltr'><strong>iuhabitabo,</strong></span> <span class='ocrx_word' id='word_1_201' title='bbox 2087 2170 2140 2217; x_wconf 89' lang='lat' dir='ltr'><strong>et</strong></span> <span class='ocrx_word' id='word_1_202' title='bbox 2175 2161 2259 2215; x_wconf 84' lang='lat' dir='ltr'><strong>in-</strong></span> 
     </span>
    </p>
   </div>
   <div class='ocr_carea' id='block_1_35' title="bbox 2365 2160 3944 2237">
    <p class='ocr_par' dir='ltr' id='par_1_35' title="bbox 2439 2160 3944 2236">
     <span class='ocr_line' id='line_1_35' title="bbox 2439 2160 3944 2236; baseline 0.003 -23"><span class='ocrx_word' id='word_1_203' title='bbox 2439 2160 2524 2214; x_wconf 90' lang='grc'><strong>16.</strong></span> <span class='ocrx_word' id='word_1_204' title='bbox 2558 2161 2668 2214; x_wconf 73' lang='grc' dir='ltr'>Καὶ</span> <span class='ocrx_word' id='word_1_205' title='bbox 2696 2160 2795 2232; x_wconf 78' lang='grc' dir='ltr'>τὴν</span> <span class='ocrx_word' id='word_1_206' title='bbox 2831 2160 3057 2230; x_wconf 76' lang='grc' dir='ltr'>καρδίαν</span> <span class='ocrx_word' id='word_1_207' title='bbox 3086 2161 3183 2231; x_wconf 75' lang='grc' dir='ltr'>τὴν</span> <span class='ocrx_word' id='word_1_208' title='bbox 3214 2161 3580 2217; x_wconf 79' lang='grc' dir='ltr'>ταπεινοῦσαν</span> <span class='ocrx_word' id='word_1_209' title='bbox 3623 2164 3830 2235; x_wconf 80' lang='grc' dir='ltr'>εαυτὴν</span> <span class='ocrx_word' id='word_1_210' title='bbox 3873 2167 3944 2236; x_wconf 89' lang='grc'><strong>(1)</strong></span> 
     </span>
    </p>
   </div>
   <div class='ocr_carea' id='block_1_36' title="bbox 701 2263 1012 2317">
    <p class='ocr_par' dir='ltr' id='par_1_36' title="bbox 701 2263 1012 2317">
     <span class='ocr_line' id='line_1_36' title="bbox 701 2263 1012 2317; baseline -0.006 0"><span class='ocrx_word' id='word_1_211' title='bbox 701 2263 1012 2317; x_wconf 74' lang='lat' dir='ltr'><strong>aniliulabo.</strong></span> 
     </span>
    </p>
   </div>
   <div class='ocr_carea' id='block_1_37' title="bbox 775 2345 2266 2420">
    <p class='ocr_par' dir='ltr' id='par_1_37' title="bbox 775 2345 2266 2420">
     <span class='ocr_line' id='line_1_37' title="bbox 775 2345 2266 2420; baseline -0.006 -13"><span class='ocrx_word' id='word_1_212' title='bbox 775 2354 862 2407; x_wconf 86' lang='grc'><strong>17.</strong></span> <span class='ocrx_word' id='word_1_213' title='bbox 907 2353 1112 2407; x_wconf 81' lang='lat' dir='ltr'><strong>Galaad</strong></span> <span class='ocrx_word' id='word_1_214' title='bbox 1163 2353 1548 2420; x_wconf 84' lang='lat' dir='ltr'><strong>interpretatur</strong></span> <span class='ocrx_word' id='word_1_215' title='bbox 1582 2349 1882 2419; x_wconf 79' lang='lat' dir='ltr'><strong>peregrinus</strong></span> <span class='ocrx_word' id='word_1_216' title='bbox 1927 2364 1944 2400; x_wconf 89' lang='lat'><strong><em>:</em></strong></span> <span class='ocrx_word' id='word_1_217' title='bbox 1991 2345 2266 2399; x_wconf 63' lang='lat' dir='ltr'><strong>Monaeses</strong></span> 
     </span>
    </p>
   </div>
   <div class='ocr_carea' id='block_1_38' title="bbox 706 2437 2264 2513">
    <p class='ocr_par' dir='ltr' id='par_1_38' title="bbox 706 2437 2264 2513">
     <span class='ocr_line' id='line_1_38' title="bbox 706 2437 2264 2513; baseline -0.006 -15"><span class='ocrx_word' id='word_1_218' title='bbox 706 2445 1090 2513; x_wconf 83' lang='lat' dir='ltr'><strong>interpretatur</strong></span> <span class='ocrx_word' id='word_1_219' title='bbox 1129 2441 1342 2496; x_wconf 77' lang='lat' dir='ltr'><strong>oblitus.</strong></span> <span class='ocrx_word' id='word_1_220' title='bbox 1369 2441 1518 2495; x_wconf 79' lang='lat' dir='ltr'><strong>Meus</strong></span> <span class='ocrx_word' id='word_1_221' title='bbox 1550 2441 1712 2509; x_wconf 78' lang='lat' dir='ltr'><strong>igitur</strong></span> <span class='ocrx_word' id='word_1_222' title='bbox 1741 2446 1843 2501; x_wconf 92' lang='lat' dir='ltr'><strong>est,</strong></span> <span class='ocrx_word' id='word_1_223' title='bbox 1880 2437 2074 2506; x_wconf 89' lang='lat' dir='ltr'><strong>inquit,</strong></span> <span class='ocrx_word' id='word_1_224' title='bbox 2112 2437 2205 2506; x_wconf 91' lang='lat' dir='ltr'><strong>qui</strong></span> <span class='ocrx_word' id='word_1_225' title='bbox 2236 2451 2264 2489; x_wconf 93' lang='lat' dir='ltr'><strong>a</strong></span> 
     </span>
    </p>
   </div>
   <div class='ocr_carea' id='block_1_39' title="bbox 705 2532 2270 2607">
    <p class='ocr_par' dir='ltr' id='par_1_39' title="bbox 705 2532 2270 2607">
     <span class='ocr_line' id='line_1_39' title="bbox 705 2532 2270 2607; baseline -0.004 -16"><span class='ocrx_word' id='word_1_226' title='bbox 705 2547 927 2607; x_wconf 88' lang='lat' dir='ltr'><strong>peccato</strong></span> <span class='ocrx_word' id='word_1_227' title='bbox 965 2534 1194 2607; x_wconf 79' lang='lat' dir='ltr'><strong>fugiens,</strong></span> <span class='ocrx_word' id='word_1_228' title='bbox 1236 2544 1288 2589; x_wconf 92' lang='lat' dir='ltr'><strong>et</strong></span> <span class='ocrx_word' id='word_1_229' title='bbox 1321 2533 1637 2605; x_wconf 79' lang='lat' dir='ltr'><strong>peregrinus</strong></span> <span class='ocrx_word' id='word_1_230' title='bbox 1670 2532 1844 2587; x_wconf 78' lang='lat' dir='ltr'><strong>factus</strong></span> <span class='ocrx_word' id='word_1_231' title='bbox 1901 2532 2040 2600; x_wconf 88' lang='lat' dir='ltr'><strong>apud</strong></span> <span class='ocrx_word' id='word_1_232' title='bbox 2076 2547 2181 2595; x_wconf 88' lang='lat' dir='ltr'><strong>me,</strong></span> <span class='ocrx_word' id='word_1_233' title='bbox 2216 2539 2270 2584; x_wconf 90' lang='lat' dir='ltr'><strong>et</strong></span> 
     </span>
    </p>
   </div>
   <div class='ocr_carea' id='block_1_40' title="bbox 706 2622 2268 2697">
    <p class='ocr_par' dir='ltr' id='par_1_40' title="bbox 706 2622 2268 2697">
     <span class='ocr_line' id='line_1_40' title="bbox 706 2622 2268 2697; baseline -0.007 -13"><span class='ocrx_word' id='word_1_234' title='bbox 706 2628 904 2684; x_wconf 88' lang='lat' dir='ltr'><strong>oblitus</strong></span> <span class='ocrx_word' id='word_1_235' title='bbox 963 2636 1048 2682; x_wconf 87' lang='lat' dir='ltr'><strong>est</strong></span> <span class='ocrx_word' id='word_1_236' title='bbox 1112 2626 1531 2697; x_wconf 70' lang='lat' dir='ltr'><strong>praecedentium</strong></span> <span class='ocrx_word' id='word_1_237' title='bbox 1601 2639 1823 2679; x_wconf 86' lang='lat' dir='ltr'><strong>suarum</strong></span> <span class='ocrx_word' id='word_1_238' title='bbox 1896 2622 2268 2691; x_wconf 89' lang='lat' dir='ltr'><strong>improbarum</strong></span> 
     </span>
    </p>
   </div>
   <div class='ocr_carea' id='block_1_41' title="bbox 706 2720 1002 2773">
    <p class='ocr_par' dir='ltr' id='par_1_41' title="bbox 706 2720 1002 2773">
     <span class='ocr_line' id='line_1_41' title="bbox 706 2720 1002 2773; baseline -0.01 0"><span class='ocrx_word' id='word_1_239' title='bbox 706 2720 1002 2773; x_wconf 83' lang='lat' dir='ltr'><strong>actionum.</strong></span> 
     </span>
    </p>
   </div>
   <div class='ocr_carea' id='block_1_42' title="bbox 785 2802 2271 2876">
    <p class='ocr_par' dir='ltr' id='par_1_42' title="bbox 785 2802 2271 2876">
     <span class='ocr_line' id='line_1_42' title="bbox 785 2802 2271 2876; baseline -0.003 -14"><span class='ocrx_word' id='word_1_240' title='bbox 785 2809 872 2864; x_wconf 87' lang='grc'><strong>18.</strong></span> <span class='ocrx_word' id='word_1_241' title='bbox 901 2809 1158 2876; x_wconf 78' lang='lat' dir='ltr'><strong>Epitraim</strong></span> <span class='ocrx_word' id='word_1_242' title='bbox 1214 2807 1597 2876; x_wconf 87' lang='lat' dir='ltr'><strong>interpretatur</strong></span> <span class='ocrx_word' id='word_1_243' title='bbox 1657 2804 1973 2859; x_wconf 78' lang='lat' dir='ltr'><strong>consolator.</strong></span> <span class='ocrx_word' id='word_1_244' title='bbox 2036 2802 2271 2874; x_wconf 84' lang='lat' dir='ltr'><strong>Spiritus</strong></span> 
     </span>
    </p>
   </div>
   <div class='ocr_carea' id='block_1_43' title="bbox 708 2898 2205 2968">
    <p class='ocr_par' dir='ltr' id='par_1_43' title="bbox 708 2898 2205 2968">
     <span class='ocr_line' id='line_1_43' title="bbox 708 2898 2205 2968; baseline -0.005 -11"><span class='ocrx_word' id='word_1_245' title='bbox 708 2909 929 2957; x_wconf 80' lang='lat' dir='ltr'><strong>sanctus</strong></span> <span class='ocrx_word' id='word_1_246' title='bbox 955 2899 1293 2963; x_wconf 80' lang='lat' dir='ltr'><strong>Consolator,</strong></span> <span class='ocrx_word' id='word_1_247' title='bbox 1325 2898 1421 2963; x_wconf 90' lang='lat' dir='ltr'><strong>ait,</strong></span> <span class='ocrx_word' id='word_1_248' title='bbox 1453 2899 1729 2968; x_wconf 81' lang='lat' dir='ltr'><strong>susceptio</strong></span> <span class='ocrx_word' id='word_1_249' title='bbox 1763 2898 1942 2953; x_wconf 87' lang='lat' dir='ltr'><strong>cordis</strong></span> <span class='ocrx_word' id='word_1_250' title='bbox 1970 2898 2073 2950; x_wconf 87' lang='lat' dir='ltr'><strong>mei</strong></span> <span class='ocrx_word' id='word_1_251' title='bbox 2102 2904 2205 2951; x_wconf 87' lang='lat' dir='ltr'><strong>est.</strong></span> 
     </span>
    </p>
   </div>
   <div class='ocr_carea' id='block_1_44' title="bbox 780 3075 2272 3134">
    <p class='ocr_par' dir='ltr' id='par_1_44' title="bbox 780 3075 2272 3134">
     <span class='ocr_line' id='line_1_44' title="bbox 780 3075 2272 3134; baseline -0.001 0"><span class='ocrx_word' id='word_1_252' title='bbox 780 3080 866 3134; x_wconf 85' lang='grc'><strong>19.</strong></span> <span class='ocrx_word' id='word_1_253' title='bbox 911 3079 976 3134; x_wconf 87' lang='lat' dir='ltr'><strong>Et</strong></span> <span class='ocrx_word' id='word_1_254' title='bbox 1021 3078 1190 3134; x_wconf 86' lang='lat' dir='ltr'><strong>Filius</strong></span> <span class='ocrx_word' id='word_1_255' title='bbox 1237 3078 1331 3133; x_wconf 89' lang='lat' dir='ltr'><strong>Dei</strong></span> <span class='ocrx_word' id='word_1_256' title='bbox 1376 3095 1470 3133; x_wconf 80' lang='lat' dir='ltr'><strong>rex</strong></span> <span class='ocrx_word' id='word_1_257' title='bbox 1519 3092 1713 3133; x_wconf 87' lang='lat' dir='ltr'><strong>meus:</strong></span> <span class='ocrx_word' id='word_1_258' title='bbox 1754 3075 2098 3132; x_wconf 80' lang='lat' dir='ltr'><strong>manifestum</strong></span> <span class='ocrx_word' id='word_1_259' title='bbox 2129 3078 2272 3133; x_wconf 91' lang='lat' dir='ltr'><strong>enim</strong></span> 
     </span>
    </p>
   </div>
   <div class='ocr_carea' id='block_1_45' title="bbox 708 3169 2274 3240">
    <p class='ocr_par' dir='ltr' id='par_1_45' title="bbox 708 3169 2274 3240">
     <span class='ocr_line' id='line_1_45' title="bbox 708 3169 2274 3240; baseline -0.001 -12"><span class='ocrx_word' id='word_1_260' title='bbox 708 3181 814 3238; x_wconf 88' lang='lat' dir='ltr'><strong>est,</strong></span> <span class='ocrx_word' id='word_1_261' title='bbox 857 3171 1023 3226; x_wconf 88' lang='lat' dir='ltr'><strong>Deum</strong></span> <span class='ocrx_word' id='word_1_262' title='bbox 1061 3170 1298 3225; x_wconf 81' lang='lat' dir='ltr'><strong>Verbum</strong></span> <span class='ocrx_word' id='word_1_263' title='bbox 1341 3185 1404 3223; x_wconf 80' lang='lat' dir='ltr'><strong>ex</strong></span> <span class='ocrx_word' id='word_1_264' title='bbox 1435 3169 1634 3224; x_wconf 74' lang='lat' dir='ltr'><strong>Judzeis</strong></span> <span class='ocrx_word' id='word_1_265' title='bbox 1665 3178 1843 3225; x_wconf 91' lang='lat' dir='ltr'><strong>ortum</strong></span> <span class='ocrx_word' id='word_1_266' title='bbox 1877 3186 2028 3237; x_wconf 90' lang='lat' dir='ltr'><strong>esse,</strong></span> <span class='ocrx_word' id='word_1_267' title='bbox 2061 3173 2274 3240; x_wconf 87' lang='lat' dir='ltr'><strong>quando</strong></span> 
     </span>
    </p>
   </div>
   <div class='ocr_carea' id='block_1_46' title="bbox 712 3261 1663 3334">
    <p class='ocr_par' dir='ltr' id='par_1_46' title="bbox 712 3261 1663 3334">
     <span class='ocr_line' id='line_1_46' title="bbox 712 3261 1663 3334; baseline -0.003 -16"><span class='ocrx_word' id='word_1_268' title='bbox 712 3266 827 3334; x_wconf 89' lang='lat' dir='ltr'><strong>ipse</strong></span> <span class='ocrx_word' id='word_1_269' title='bbox 861 3262 1036 3320; x_wconf 80' lang='lat' dir='ltr'><strong>factus</strong></span> <span class='ocrx_word' id='word_1_270' title='bbox 1060 3271 1144 3319; x_wconf 87' lang='lat' dir='ltr'><strong>est</strong></span> <span class='ocrx_word' id='word_1_271' title='bbox 1172 3278 1300 3318; x_wconf 89' lang='lat' dir='ltr'><strong>caro</strong></span> <span class='ocrx_word' id='word_1_272' title='bbox 1327 3278 1390 3317; x_wconf 85' lang='lat' dir='ltr'><strong>ex</strong></span> <span class='ocrx_word' id='word_1_273' title='bbox 1426 3261 1663 3332; x_wconf 78' lang='lat' dir='ltr'><strong>Virgine.</strong></span> 
     </span>
    </p>
   </div>
   <div class='ocr_carea' id='block_1_47' title="bbox 781 3353 2274 3426">
    <p class='ocr_par' dir='ltr' id='par_1_47' title="bbox 781 3353 2274 3426">
     <span class='ocr_line' id='line_1_47' title="bbox 781 3353 2274 3426; baseline -0.001 -17"><span class='ocrx_word' id='word_1_274' title='bbox 781 3353 870 3410; x_wconf 91' lang='lat'><strong>20.</strong></span> <span class='ocrx_word' id='word_1_275' title='bbox 909 3353 964 3410; x_wconf 90' lang='lat' dir='ltr'><strong>In</strong></span> <span class='ocrx_word' id='word_1_276' title='bbox 999 3355 1453 3426; x_wconf 80' lang='lat' dir='ltr'><strong>quinquagesimo</strong></span> <span class='ocrx_word' id='word_1_277' title='bbox 1499 3370 1644 3408; x_wconf 87' lang='lat' dir='ltr'><strong>nono</strong></span> <span class='ocrx_word' id='word_1_278' title='bbox 1677 3354 1886 3423; x_wconf 90' lang='lat' dir='ltr'><strong>psalmo</strong></span> <span class='ocrx_word' id='word_1_279' title='bbox 1930 3353 2076 3408; x_wconf 92' lang='lat' dir='ltr'><strong>hunc</strong></span> <span class='ocrx_word' id='word_1_280' title='bbox 2117 3369 2274 3409; x_wconf 85' lang='lat' dir='ltr'><strong>eum-</strong></span> 
     </span>
    </p>
   </div>
   <div class='ocr_carea' id='block_1_48' title="bbox 712 3446 2272 3518">
    <p class='ocr_par' dir='ltr' id='par_1_48' title="bbox 712 3446 2272 3518">
     <span class='ocr_line' id='line_1_48' title="bbox 712 3446 2272 3518; baseline -0.001 -15"><span class='ocrx_word' id='word_1_281' title='bbox 712 3449 834 3504; x_wconf 90' lang='lat' dir='ltr'><strong>dem</strong></span> <span class='ocrx_word' id='word_1_282' title='bbox 867 3464 1082 3503; x_wconf 83' lang='lat' dir='ltr'><strong>versum</strong></span> <span class='ocrx_word' id='word_1_283' title='bbox 1125 3448 1360 3518; x_wconf 89' lang='lat' dir='ltr'><strong>positum</strong></span> <span class='ocrx_word' id='word_1_284' title='bbox 1393 3446 1633 3502; x_wconf 83' lang='lat' dir='ltr'><strong>invenies</strong></span> <span class='ocrx_word' id='word_1_285' title='bbox 1659 3485 1674 3512; x_wconf 88' lang='lat'><strong>,</strong></span> <span class='ocrx_word' id='word_1_286' title='bbox 1718 3446 2069 3518; x_wconf 86' lang='lat' dir='ltr'><strong>eamdemque</strong></span> <span class='ocrx_word' id='word_1_287' title='bbox 2108 3447 2272 3502; x_wconf 76' lang='lat' dir='ltr'><strong>inter-</strong></span> 
     </span>
    </p>
   </div>
   <div class='ocr_carea' id='block_1_49' title="bbox 715 3541 1095 3611">
    <p class='ocr_par' dir='ltr' id='par_1_49' title="bbox 715 3541 1095 3611">
     <span class='ocr_line' id='line_1_49' title="bbox 715 3541 1095 3611; baseline -0.008 -16"><span class='ocrx_word' id='word_1_288' title='bbox 715 3541 1095 3611; x_wconf 88' lang='lat' dir='ltr'><strong>pretationem.</strong></span> 
     </span>
    </p>
   </div>
   <div class='ocr_carea' id='block_1_50' title="bbox 783 3629 2272 3700">
    <p class='ocr_par' dir='ltr' id='par_1_50' title="bbox 783 3629 2272 3700">
     <span class='ocr_line' id='line_1_50' title="bbox 783 3629 2272 3700; baseline 0.001 -16"><span class='ocrx_word' id='word_1_289' title='bbox 783 3631 874 3685; x_wconf 88' lang='grc'><strong>21.</strong></span> <span class='ocrx_word' id='word_1_290' title='bbox 908 3630 1148 3685; x_wconf 76' lang='grc' dir='ltr'>Ιιιιιηιωα</span> <span class='ocrx_word' id='word_1_291' title='bbox 1185 3629 1570 3700; x_wconf 85' lang='lat' dir='ltr'><strong>interpretatur</strong></span> <span class='ocrx_word' id='word_1_292' title='bbox 1598 3631 1844 3700; x_wconf 75' lang='lat' dir='ltr'><strong>deﬁciens</strong></span> <span class='ocrx_word' id='word_1_293' title='bbox 1869 3647 1888 3685; x_wconf 90' lang='lat'><strong><em>:</em></strong></span> <span class='ocrx_word' id='word_1_294' title='bbox 1921 3631 1976 3686; x_wconf 91' lang='lat' dir='ltr'><strong>in</strong></span> <span class='ocrx_word' id='word_1_295' title='bbox 2009 3630 2272 3686; x_wconf 87' lang='lat' dir='ltr'><strong>mundum</strong></span> 
     </span>
    </p>
   </div>
   <div class='ocr_carea' id='block_1_51' title="bbox 716 3723 1558 3796">
    <p class='ocr_par' dir='ltr' id='par_1_51' title="bbox 716 3723 1558 3796">
     <span class='ocr_line' id='line_1_51' title="bbox 716 3723 1558 3796; baseline 0.002 -20"><span class='ocrx_word' id='word_1_296' title='bbox 716 3723 882 3796; x_wconf 72' lang='lat' dir='ltr'><strong>igitur</strong></span> <span class='ocrx_word' id='word_1_297' title='bbox 905 3723 1238 3779; x_wconf 84' lang='lat' dir='ltr'><strong>deﬁcientem</strong></span> <span class='ocrx_word' id='word_1_298' title='bbox 1267 3723 1558 3792; x_wconf 77' lang='lat' dir='ltr'><strong>ingrediar.</strong></span> 
     </span>
    </p>
   </div>
   <div class='ocr_carea' id='block_1_52' title="bbox 786 3899 2278 3972">
    <p class='ocr_par' dir='ltr' id='par_1_52' title="bbox 786 3899 2278 3972">
     <span class='ocr_line' id='line_1_52' title="bbox 786 3899 2278 3972; baseline 0.001 -17"><span class='ocrx_word' id='word_1_299' title='bbox 786 3900 877 3955; x_wconf 87' lang='grc'><strong>22.</strong></span> <span class='ocrx_word' id='word_1_300' title='bbox 921 3900 1186 3972; x_wconf 75' lang='lat' dir='ltr'><strong>Allopliyti</strong></span> <span class='ocrx_word' id='word_1_301' title='bbox 1234 3899 1460 3972; x_wconf 89' lang='lat' dir='ltr'><strong>(Latine</strong></span> <span class='ocrx_word' id='word_1_302' title='bbox 1505 3901 1856 3972; x_wconf 69' lang='lat' dir='ltr'><strong>alienigenze)</strong></span> <span class='ocrx_word' id='word_1_303' title='bbox 1893 3902 2278 3972; x_wconf 88' lang='lat' dir='ltr'><strong>interpretatur</strong></span> 
     </span>
    </p>
   </div>
   <div class='ocr_carea' id='block_1_53' title="bbox 717 3994 2280 4066">
    <p class='ocr_par' dir='ltr' id='par_1_53' title="bbox 717 3994 2280 4066">
     <span class='ocr_line' id='line_1_53' title="bbox 717 3994 2280 4066; baseline 0.003 -20"><span class='ocrx_word' id='word_1_304' title='bbox 717 3994 959 4047; x_wconf 76' lang='lat' dir='ltr'><strong>cadentes</strong></span> <span class='ocrx_word' id='word_1_305' title='bbox 1004 4002 1129 4062; x_wconf 83' lang='lat' dir='ltr'><strong>potu</strong></span> <span class='ocrx_word' id='word_1_306' title='bbox 1155 4009 1174 4046; x_wconf 89' lang='lat'><strong><em>:</em></strong></span> <span class='ocrx_word' id='word_1_307' title='bbox 1203 4003 1388 4064; x_wconf 78' lang='lat' dir='ltr'><strong>gentes</strong></span> <span class='ocrx_word' id='word_1_308' title='bbox 1419 3995 1576 4064; x_wconf 77' lang='lat' dir='ltr'><strong>igitur</strong></span> <span class='ocrx_word' id='word_1_309' title='bbox 1595 4035 1609 4059; x_wconf 93' lang='lat'><strong>,</strong></span> <span class='ocrx_word' id='word_1_310' title='bbox 1645 4011 1765 4066; x_wconf 69' lang='lat' dir='ltr'><strong>qua:</strong></span> <span class='ocrx_word' id='word_1_311' title='bbox 1792 3996 1942 4065; x_wconf 92' lang='lat' dir='ltr'><strong>prius</strong></span> <span class='ocrx_word' id='word_1_312' title='bbox 1974 3996 2280 4052; x_wconf 87' lang='lat' dir='ltr'><strong>ceciderant</strong></span> 
     </span>
    </p>
   </div>
   <div class='ocr_carea' id='block_1_54' title="bbox 721 4082 2281 4156">
    <p class='ocr_par' dir='ltr' id='par_1_54' title="bbox 721 4082 2281 4156">
     <span class='ocr_line' id='line_1_54' title="bbox 721 4082 2281 4156; baseline 0.002 -20"><span class='ocrx_word' id='word_1_313' title='bbox 721 4091 936 4153; x_wconf 88' lang='lat' dir='ltr'><strong>propter</strong></span> <span class='ocrx_word' id='word_1_314' title='bbox 961 4090 1146 4153; x_wconf 90' lang='lat' dir='ltr'><strong>potum</strong></span> <span class='ocrx_word' id='word_1_315' title='bbox 1177 4082 1404 4152; x_wconf 90' lang='lat' dir='ltr'><strong>peccati,</strong></span> <span class='ocrx_word' id='word_1_316' title='bbox 1428 4084 1654 4139; x_wconf 66' lang='lat' dir='ltr'><strong>subditae</strong></span> <span class='ocrx_word' id='word_1_317' title='bbox 1681 4084 1837 4139; x_wconf 76' lang='lat' dir='ltr'><strong>facta:</strong></span> <span class='ocrx_word' id='word_1_318' title='bbox 1868 4095 1996 4140; x_wconf 89' lang='lat' dir='ltr'><strong>sunt</strong></span> <span class='ocrx_word' id='word_1_319' title='bbox 2024 4085 2158 4140; x_wconf 87' lang='lat' dir='ltr'><strong>mihi</strong></span> <span class='ocrx_word' id='word_1_320' title='bbox 2186 4101 2281 4156; x_wconf 86' lang='lat' dir='ltr'><strong>per</strong></span> 
     </span>
    </p>
   </div>
   <div class='ocr_carea' id='block_1_55' title="bbox 718 4173 901 4229">
    <p class='ocr_par' dir='ltr' id='par_1_55' title="bbox 718 4173 901 4229">
     <span class='ocr_line' id='line_1_55' title="bbox 718 4173 901 4229; baseline -0.005 0"><span class='ocrx_word' id='word_1_321' title='bbox 718 4173 901 4229; x_wconf 78' lang='lat' dir='ltr'><strong>ﬁdem.</strong></span> 
     </span>
    </p>
   </div>
   <div class='ocr_carea' id='block_1_56' title="bbox 791 4263 2212 4336">
    <p class='ocr_par' dir='ltr' id='par_1_56' title="bbox 791 4263 2212 4336">
     <span class='ocr_line' id='line_1_56' title="bbox 791 4263 2212 4336; baseline 0.003 -18"><span class='ocrx_word' id='word_1_322' title='bbox 791 4265 882 4318; x_wconf 78' lang='lat'><strong>23.</strong></span> <span class='ocrx_word' id='word_1_323' title='bbox 918 4263 1052 4330; x_wconf 89' lang='lat' dir='ltr'><strong>Quis</strong></span> <span class='ocrx_word' id='word_1_324' title='bbox 1079 4263 1307 4319; x_wconf 90' lang='lat' dir='ltr'><strong>deducet</strong></span> <span class='ocrx_word' id='word_1_325' title='bbox 1333 4280 1420 4319; x_wconf 91' lang='lat' dir='ltr'><strong>me</strong></span> <span class='ocrx_word' id='word_1_326' title='bbox 1441 4265 1494 4319; x_wconf 93' lang='lat' dir='ltr'><strong>iu</strong></span> <span class='ocrx_word' id='word_1_327' title='bbox 1530 4281 1818 4336; x_wconf 88' lang='lat' dir='ltr'><strong>supernam</strong></span> <span class='ocrx_word' id='word_1_328' title='bbox 1849 4266 2212 4324; x_wconf 77' lang='lat' dir='ltr'><strong>Hierusalem?</strong></span> 
     </span>
    </p>
   </div>
   <div class='ocr_carea' id='block_1_57' title="bbox 792 4350 2284 4430">
    <p class='ocr_par' dir='ltr' id='par_1_57' title="bbox 792 4350 2284 4430">
     <span class='ocr_line' id='line_1_57' title="bbox 792 4350 2284 4430; baseline 0.007 -25"><span class='ocrx_word' id='word_1_329' title='bbox 792 4353 880 4406; x_wconf 75' lang='grc'><strong>24.</strong></span> <span class='ocrx_word' id='word_1_330' title='bbox 913 4353 994 4405; x_wconf 79' lang='lat' dir='ltr'><strong>Ad</strong></span> <span class='ocrx_word' id='word_1_331' title='bbox 1021 4350 1334 4427; x_wconf 58' lang='lat' dir='ltr'><strong>Nummum,</strong></span> <span class='ocrx_word' id='word_1_332' title='bbox 1366 4354 1614 4410; x_wconf 83' lang='lat' dir='ltr'><strong>videlicet</strong></span> <span class='ocrx_word' id='word_1_333' title='bbox 1644 4356 1709 4410; x_wconf 90' lang='lat' dir='ltr'><strong>ad</strong></span> <span class='ocrx_word' id='word_1_334' title='bbox 1737 4355 2034 4413; x_wconf 86' lang='lat' dir='ltr'><strong>Ecclesiam</strong></span> <span class='ocrx_word' id='word_1_335' title='bbox 2063 4374 2129 4415; x_wconf 79' lang='lat' dir='ltr'><strong>ex</strong></span> <span class='ocrx_word' id='word_1_336' title='bbox 2153 4375 2284 4430; x_wconf 74' lang='lat' dir='ltr'><strong>gen-</strong></span> 
     </span>
    </p>
   </div>
   <div class='ocr_carea' id='block_1_58' title="bbox 722 4445 1463 4508">
    <p class='ocr_par' dir='ltr' id='par_1_58' title="bbox 722 4445 1463 4508">
     <span class='ocr_line' id='line_1_58' title="bbox 722 4445 1463 4508; baseline -0.003 -9"><span class='ocrx_word' id='word_1_337' title='bbox 722 4445 888 4508; x_wconf 83' lang='lat' dir='ltr'><strong>tibus,</strong></span> <span class='ocrx_word' id='word_1_338' title='bbox 921 4454 1073 4499; x_wconf 90' lang='lat' dir='ltr'><strong>antea</strong></span> <span class='ocrx_word' id='word_1_339' title='bbox 1107 4445 1463 4500; x_wconf 78' lang='lat' dir='ltr'><strong>deiicientem.</strong></span> 
     </span>
    </p>
   </div>
   <div class='ocr_carea' id='block_1_59' title="bbox 791 4535 2284 4614">
    <p class='ocr_par' dir='ltr' id='par_1_59' title="bbox 791 4535 2284 4614">
     <span class='ocr_line' id='line_1_59' title="bbox 791 4535 2284 4614; baseline 0.007 -25"><span class='ocrx_word' id='word_1_340' title='bbox 791 4537 883 4590; x_wconf 82' lang='lat'><strong>25.</strong></span> <span class='ocrx_word' id='word_1_341' title='bbox 931 4535 1118 4591; x_wconf 87' lang='lat' dir='ltr'><strong>Nonne</strong></span> <span class='ocrx_word' id='word_1_342' title='bbox 1159 4545 1237 4598; x_wconf 89' lang='lat' dir='ltr'><strong>tu.</strong></span> <span class='ocrx_word' id='word_1_343' title='bbox 1284 4536 1456 4603; x_wconf 83' lang='lat' dir='ltr'><strong>Deus,</strong></span> <span class='ocrx_word' id='word_1_344' title='bbox 1502 4537 1735 4595; x_wconf 82' lang='lat' dir='ltr'><strong>dedoces</strong></span> <span class='ocrx_word' id='word_1_345' title='bbox 1766 4556 1866 4596; x_wconf 93' lang='lat' dir='ltr'><strong>nos</strong></span> <span class='ocrx_word' id='word_1_346' title='bbox 1899 4542 1964 4596; x_wconf 91' lang='lat' dir='ltr'><strong>ad</strong></span> <span class='ocrx_word' id='word_1_347' title='bbox 1993 4557 2148 4610; x_wconf 89' lang='lat' dir='ltr'><strong>eam,</strong></span> <span class='ocrx_word' id='word_1_348' title='bbox 2189 4545 2284 4614; x_wconf 84' lang='lat' dir='ltr'><strong>qui</strong></span> 
     </span>
    </p>
   </div>
   <div class='ocr_carea' id='block_1_60' title="bbox 725 4627 1321 4697">
    <p class='ocr_par' dir='ltr' id='par_1_60' title="bbox 725 4627 1321 4697">
     <span class='ocr_line' id='line_1_60' title="bbox 725 4627 1321 4697; baseline -0.002 -15"><span class='ocrx_word' id='word_1_349' title='bbox 725 4628 876 4697; x_wconf 87' lang='lat' dir='ltr'><strong>prius</strong></span> <span class='ocrx_word' id='word_1_350' title='bbox 908 4643 1006 4683; x_wconf 91' lang='lat' dir='ltr'><strong>nos</strong></span> <span class='ocrx_word' id='word_1_351' title='bbox 1035 4627 1276 4696; x_wconf 85' lang='lat' dir='ltr'><strong>abjecisti</strong></span> <span class='ocrx_word' id='word_1_352' title='bbox 1299 4629 1321 4681; x_wconf 86' lang='lat'><strong>?</strong></span> 
     </span>
    </p>
   </div>
   <div class='ocr_carea' id='block_1_61' title="bbox 793 4715 2282 4790">
    <p class='ocr_par' dir='ltr' id='par_1_61' title="bbox 793 4715 2282 4790">
     <span class='ocr_line' id='line_1_61' title="bbox 793 4715 2282 4790; baseline 0.003 -19"><span class='ocrx_word' id='word_1_353' title='bbox 793 4716 884 4771; x_wconf 88' lang='lat'><strong>26.</strong></span> <span class='ocrx_word' id='word_1_354' title='bbox 914 4715 1031 4772; x_wconf 81' lang='lat' dir='ltr'><strong>Non</strong></span> <span class='ocrx_word' id='word_1_355' title='bbox 1060 4716 1353 4786; x_wconf 81' lang='lat' dir='ltr'><strong>egredieris</strong></span> <span class='ocrx_word' id='word_1_356' title='bbox 1376 4725 1436 4771; x_wconf 91' lang='lat' dir='ltr'><strong>ut</strong></span> <span class='ocrx_word' id='word_1_357' title='bbox 1461 4734 1602 4773; x_wconf 87' lang='lat' dir='ltr'><strong>unus</strong></span> <span class='ocrx_word' id='word_1_358' title='bbox 1629 4735 1841 4790; x_wconf 82' lang='lat' dir='ltr'><strong>regum,</strong></span> <span class='ocrx_word' id='word_1_359' title='bbox 1865 4727 1957 4774; x_wconf 92' lang='lat' dir='ltr'><strong>aut</strong></span> <span class='ocrx_word' id='word_1_360' title='bbox 1981 4720 2282 4790; x_wconf 87' lang='lat' dir='ltr'><strong>principum</strong></span> 
     </span>
    </p>
   </div>
   <div class='ocr_carea' id='block_1_62' title="bbox 725 4820 1059 4863">
    <p class='ocr_par' dir='ltr' id='par_1_62' title="bbox 725 4820 1059 4863">
     <span class='ocr_line' id='line_1_62' title="bbox 725 4820 1059 4863; baseline -0.003 0"><span class='ocrx_word' id='word_1_361' title='bbox 725 4820 1059 4863; x_wconf 89' lang='lat' dir='ltr'><strong>nostrorum.</strong></span> 
     </span>
    </p>
   </div>
   <div class='ocr_carea' id='block_1_63' title="bbox 794 4896 1562 4966">
    <p class='ocr_par' dir='ltr' id='par_1_63' title="bbox 794 4896 1562 4966">
     <span class='ocr_line' id='line_1_63' title="bbox 794 4896 1562 4966; baseline 0.004 -17"><span class='ocrx_word' id='word_1_362' title='bbox 794 4898 883 4950; x_wconf 83' lang='lat'><strong>27.</strong></span> <span class='ocrx_word' id='word_1_363' title='bbox 917 4896 1109 4951; x_wconf 88' lang='lat' dir='ltr'><strong>Libera</strong></span> <span class='ocrx_word' id='word_1_364' title='bbox 1140 4912 1238 4952; x_wconf 86' lang='lat' dir='ltr'><strong>nos</strong></span> <span class='ocrx_word' id='word_1_365' title='bbox 1262 4912 1290 4951; x_wconf 90' lang='lat' dir='ltr'><strong>a</strong></span> <span class='ocrx_word' id='word_1_366' title='bbox 1318 4905 1562 4966; x_wconf 89' lang='lat' dir='ltr'><strong>peccato.</strong></span> 
     </span>
    </p>
   </div>
   <div class='ocr_carea' id='block_1_64' title="bbox 793 4986 2207 5058">
    <p class='ocr_par' dir='ltr' id='par_1_64' title="bbox 793 4986 2207 5058">
     <span class='ocr_line' id='line_1_64' title="bbox 793 4986 2207 5058; baseline 0.001 -16"><span class='ocrx_word' id='word_1_367' title='bbox 793 4986 885 5043; x_wconf 88' lang='lat'><strong>28.</strong></span> <span class='ocrx_word' id='word_1_368' title='bbox 918 4986 1050 5041; x_wconf 84' lang='lat' dir='ltr'><strong>Nam</strong></span> <span class='ocrx_word' id='word_1_369' title='bbox 1075 4997 1392 5043; x_wconf 88' lang='lat' dir='ltr'><strong>cunctorum</strong></span> <span class='ocrx_word' id='word_1_370' title='bbox 1424 4987 1705 5044; x_wconf 89' lang='lat' dir='ltr'><strong>hominum</strong></span> <span class='ocrx_word' id='word_1_371' title='bbox 1734 4989 1971 5058; x_wconf 89' lang='lat' dir='ltr'><strong>potentia</strong></span> <span class='ocrx_word' id='word_1_372' title='bbox 2005 4990 2207 5046; x_wconf 89' lang='lat' dir='ltr'><strong>inanis.</strong></span> 
     </span>
    </p>
   </div>
   <div class='ocr_carea' id='block_1_65' title="bbox 2368 2255 3255 2326">
    <p class='ocr_par' dir='ltr' id='par_1_65' title="bbox 2368 2255 3255 2326">
     <span class='ocr_line' id='line_1_65' title="bbox 2368 2255 3255 2326; baseline 0.001 -19"><span class='ocrx_word' id='word_1_373' title='bbox 2368 2255 2651 2324; x_wconf 77' lang='grc' dir='ltr'>ὲνοικήσω,</span> <span class='ocrx_word' id='word_1_374' title='bbox 2683 2255 2777 2306; x_wconf 77' lang='grc' dir='ltr'>καὶ</span> <span class='ocrx_word' id='word_1_375' title='bbox 2804 2255 3255 2326; x_wconf 77' lang='grc' dir='ltr'>ὲμπεριπατήσω.</span> 
     </span>
    </p>
   </div>
   <div class='ocr_carea' id='block_1_66' title="bbox 2441 2344 3948 2417">
    <p class='ocr_par' dir='ltr' id='par_1_66' title="bbox 2441 2344 3948 2417">
     <span class='ocr_line' id='line_1_66' title="bbox 2441 2344 3948 2417; baseline 0.006 -19"><span class='ocrx_word' id='word_1_376' title='bbox 2441 2345 2525 2398; x_wconf 85' lang='grc'><strong>17.</strong></span> <span class='ocrx_word' id='word_1_377' title='bbox 2568 2344 2814 2398; x_wconf 75' lang='grc' dir='ltr'>Γαλαὰδ</span> <span class='ocrx_word' id='word_1_378' title='bbox 2848 2345 3208 2416; x_wconf 77' lang='grc' dir='ltr'><strong>ἑρμηνεύεται</strong></span> <span class='ocrx_word' id='word_1_379' title='bbox 3247 2345 3524 2416; x_wconf 74' lang='grc' dir='ltr'>μέτοικος</span> <span class='ocrx_word' id='word_1_380' title='bbox 3607 2351 3948 2417; x_wconf 77' lang='grc' dir='ltr'><strong>Μανασσῆς</strong></span> 
     </span>
    </p>
   </div>
   <div class='ocr_carea' id='block_1_67' title="bbox 2369 2434 3945 2510">
    <p class='ocr_par' dir='ltr' id='par_1_67' title="bbox 2369 2434 3945 2510">
     <span class='ocr_line' id='line_1_67' title="bbox 2369 2434 3945 2510; baseline 0.004 -23"><span class='ocrx_word' id='word_1_381' title='bbox 2369 2434 2727 2506; x_wconf 81' lang='grc' dir='ltr'>ἑρμηνεύεται</span> <span class='ocrx_word' id='word_1_382' title='bbox 2742 2435 3478 2509; x_wconf 72' lang='grc' dir='ltr'>ὲπιλανθανόμενος.Ἐμὸς</span> <span class='ocrx_word' id='word_1_383' title='bbox 3499 2435 3593 2492; x_wconf 71' lang='grc' dir='ltr'><strong>οὖν</strong></span> <span class='ocrx_word' id='word_1_384' title='bbox 3614 2442 3754 2507; x_wconf 76' lang='grc' dir='ltr'>ἐστι,</span> <span class='ocrx_word' id='word_1_385' title='bbox 3777 2442 3945 2510; x_wconf 85' lang='grc' dir='ltr'><strong>λέγει,</strong></span> 
     </span>
    </p>
   </div>
   <div class='ocr_carea' id='block_1_68' title="bbox 2369 2528 3948 2606">
    <p class='ocr_par' dir='ltr' id='par_1_68' title="bbox 2369 2528 3948 2606">
     <span class='ocr_line' id='line_1_68' title="bbox 2369 2528 3948 2606; baseline -0.005 -11"><span class='ocrx_word' id='word_1_386' title='bbox 2369 2531 2396 2582; x_wconf 68' lang='grc' dir='ltr'>ὁ</span> <span class='ocrx_word' id='word_1_387' title='bbox 2427 2528 2534 2581; x_wconf 62' lang='grc' dir='ltr'><strong>ἀπὸ</strong></span> <span class='ocrx_word' id='word_1_388' title='bbox 2555 2529 2653 2599; x_wconf 83' lang='grc' dir='ltr'><strong>τῆς</strong></span> <span class='ocrx_word' id='word_1_389' title='bbox 2686 2529 2957 2598; x_wconf 81' lang='grc' dir='ltr'>ἁμαρτιας</span> <span class='ocrx_word' id='word_1_390' title='bbox 2983 2528 3218 2597; x_wconf 84' lang='grc' dir='ltr'>φεύγων,</span> <span class='ocrx_word' id='word_1_391' title='bbox 3249 2532 3343 2582; x_wconf 77' lang='grc' dir='ltr'><strong>καὶ</strong></span> <span class='ocrx_word' id='word_1_392' title='bbox 3377 2535 3627 2601; x_wconf 79' lang='grc' dir='ltr'>μέτοικος</span> <span class='ocrx_word' id='word_1_393' title='bbox 3656 2537 3948 2606; x_wconf 83' lang='grc' dir='ltr'>γενόμενος</span> 
     </span>
    </p>
   </div>
   <div class='ocr_carea' id='block_1_69' title="bbox 2370 2619 3949 2698">
    <p class='ocr_par' dir='ltr' id='par_1_69' title="bbox 2370 2619 3949 2698">
     <span class='ocr_line' id='line_1_69' title="bbox 2370 2619 3949 2698; baseline 0.007 -29"><span class='ocrx_word' id='word_1_394' title='bbox 2370 2620 2497 2688; x_wconf 80' lang='grc' dir='ltr'>παρ’</span> <span class='ocrx_word' id='word_1_395' title='bbox 2525 2619 2648 2688; x_wconf 66' lang='grc' dir='ltr'>ἐμοὶ</span> <span class='ocrx_word' id='word_1_396' title='bbox 2675 2658 2691 2682; x_wconf 93' lang='grc'><strong>,</strong></span> <span class='ocrx_word' id='word_1_397' title='bbox 2725 2619 2818 2670; x_wconf 79' lang='grc' dir='ltr'><strong>καὶ</strong></span> <span class='ocrx_word' id='word_1_398' title='bbox 2847 2619 2904 2682; x_wconf 86' lang='grc' dir='ltr'>ὃς</span> <span class='ocrx_word' id='word_1_399' title='bbox 2941 2621 3055 2672; x_wconf 75' lang='grc' dir='ltr'>ἐστι</span> <span class='ocrx_word' id='word_1_400' title='bbox 3081 2619 3469 2691; x_wconf 82' lang='grc' dir='ltr'>λανθανόμενος</span> <span class='ocrx_word' id='word_1_401' title='bbox 3501 2624 3576 2692; x_wconf 91' lang='grc'><strong>(2)</strong></span> <span class='ocrx_word' id='word_1_402' title='bbox 3613 2626 3726 2678; x_wconf 82' lang='grc' dir='ltr'>τῶν</span> <span class='ocrx_word' id='word_1_403' title='bbox 3756 2629 3949 2698; x_wconf 82' lang='grc' dir='ltr'>προτέ-</span> 
     </span>
    </p>
   </div>
   <div class='ocr_carea' id='block_1_70' title="bbox 2374 2706 3259 2781">
    <p class='ocr_par' dir='ltr' id='par_1_70' title="bbox 2374 2706 3259 2781">
     <span class='ocr_line' id='line_1_70' title="bbox 2374 2706 3259 2781; baseline 0.005 -21"><span class='ocrx_word' id='word_1_404' title='bbox 2374 2726 2479 2778; x_wconf 92' lang='grc' dir='ltr'><strong>ρων</strong></span> <span class='ocrx_word' id='word_1_405' title='bbox 2513 2706 2676 2762; x_wconf 82' lang='grc' dir='ltr'>αὑτοῦ</span> <span class='ocrx_word' id='word_1_406' title='bbox 2707 2709 2959 2780; x_wconf 76' lang='grc' dir='ltr'>πονηρῶν</span> <span class='ocrx_word' id='word_1_407' title='bbox 2992 2710 3259 2781; x_wconf 76' lang='grc' dir='ltr'>πράξεων.</span> 
     </span>
    </p>
   </div>
   <div class='ocr_carea' id='block_1_71' title="bbox 2442 2799 3948 2879">
    <p class='ocr_par' dir='ltr' id='par_1_71' title="bbox 2442 2799 3948 2879">
     <span class='ocr_line' id='line_1_71' title="bbox 2442 2799 3948 2879; baseline 0.007 -27"><span class='ocrx_word' id='word_1_408' title='bbox 2442 2799 2526 2854; x_wconf 90' lang='grc'><strong>18.</strong></span> <span class='ocrx_word' id='word_1_409' title='bbox 2547 2801 2786 2868; x_wconf 64' lang='grc' dir='ltr'>Ἐφραίμ</span> <span class='ocrx_word' id='word_1_410' title='bbox 2812 2800 3168 2873; x_wconf 78' lang='grc' dir='ltr'>ἑρμηνεύεται</span> <span class='ocrx_word' id='word_1_411' title='bbox 3185 2804 3586 2873; x_wconf 56' lang='grc' dir='ltr'>παράλαιητος.</span> <span class='ocrx_word' id='word_1_412' title='bbox 3622 2808 3853 2878; x_wconf 77' lang='grc' dir='ltr'>Πνεῦμα</span> <span class='ocrx_word' id='word_1_413' title='bbox 3873 2810 3948 2879; x_wconf 77' lang='lat'>(3)</span> 
     </span>
    </p>
   </div>
   <div class='ocr_carea' id='block_1_72' title="bbox 2369 2891 3948 2972">
    <p class='ocr_par' dir='ltr' id='par_1_72' title="bbox 2369 2891 3948 2972">
     <span class='ocr_line' id='line_1_72' title="bbox 2369 2891 3948 2972; baseline 0.008 -29"><span class='ocrx_word' id='word_1_414' title='bbox 2369 2891 2430 2943; x_wconf 79' lang='grc' dir='ltr'><strong>τὸ</strong></span> <span class='ocrx_word' id='word_1_415' title='bbox 2460 2891 2642 2959; x_wconf 81' lang='grc' dir='ltr'>ἆγιον,</span> <span class='ocrx_word' id='word_1_416' title='bbox 2679 2892 2862 2958; x_wconf 78' lang='grc' dir='ltr'>λέγει,</span> <span class='ocrx_word' id='word_1_417' title='bbox 2898 2895 3249 2965; x_wconf 80' lang='grc' dir='ltr'>Παρακλητος</span> <span class='ocrx_word' id='word_1_418' title='bbox 3282 2898 3566 2970; x_wconf 68' lang='grc' dir='ltr'>ἀντίληψις</span> <span class='ocrx_word' id='word_1_419' title='bbox 3593 2901 3693 2971; x_wconf 76' lang='grc' dir='ltr'>τῆς</span> <span class='ocrx_word' id='word_1_420' title='bbox 3722 2902 3948 2972; x_wconf 75' lang='grc' dir='ltr'>καρδίας</span> 
     </span>
    </p>
   </div>
   <div class='ocr_carea' id='block_1_73' title="bbox 2376 2995 2499 3048">
    <p class='ocr_par' dir='ltr' id='par_1_73' title="bbox 2376 2995 2499 3048">
     <span class='ocr_line' id='line_1_73' title="bbox 2376 2995 2499 3048; baseline 0.033 -19"><span class='ocrx_word' id='word_1_421' title='bbox 2376 2995 2476 3048; x_wconf 88' lang='grc' dir='ltr'><strong>μου</strong></span> <span class='ocrx_word' id='word_1_422' title='bbox 2487 3020 2499 3033; x_wconf 99' lang='grc'><strong>.</strong></span> 
     </span>
    </p>
   </div>
   <div class='ocr_carea' id='block_1_74' title="bbox 2445 3071 3951 3155">
    <p class='ocr_par' dir='ltr' id='par_1_74' title="bbox 2445 3071 3951 3155">
     <span class='ocr_line' id='line_1_74' title="bbox 2445 3071 3951 3155; baseline 0.011 -33"><span class='ocrx_word' id='word_1_423' title='bbox 2445 3071 2529 3126; x_wconf 86' lang='grc'><strong>19.</strong></span> <span class='ocrx_word' id='word_1_424' title='bbox 2553 3071 2662 3125; x_wconf 74' lang='grc' dir='ltr'>Καὶ</span> <span class='ocrx_word' id='word_1_425' title='bbox 2691 3074 2718 3126; x_wconf 90' lang='lat'><strong>6</strong></span> <span class='ocrx_word' id='word_1_426' title='bbox 2734 3073 2858 3138; x_wconf 83' lang='grc' dir='ltr'>Υἱὸς</span> <span class='ocrx_word' id='word_1_427' title='bbox 2875 3073 2967 3127; x_wconf 80' lang='grc' dir='ltr'>τοῦ</span> <span class='ocrx_word' id='word_1_428' title='bbox 2986 3074 3120 3128; x_wconf 79' lang='grc' dir='ltr'>Θεοῦ</span> <span class='ocrx_word' id='word_1_429' title='bbox 3145 3076 3395 3146; x_wconf 83' lang='grc' dir='ltr'>βασιλεύς</span> <span class='ocrx_word' id='word_1_430' title='bbox 3419 3097 3521 3150; x_wconf 89' lang='grc' dir='ltr'><strong>μου</strong></span> <span class='ocrx_word' id='word_1_431' title='bbox 3541 3099 3552 3110; x_wconf 82' lang='lat'><strong><em>°</em></strong></span> <span class='ocrx_word' id='word_1_432' title='bbox 3570 3082 3728 3152; x_wconf 76' lang='grc' dir='ltr'>δῆλον</span> <span class='ocrx_word' id='word_1_433' title='bbox 3754 3085 3951 3155; x_wconf 70' lang='grc' dir='ltr'>γὰρμ)</span> 
     </span>
    </p>
   </div>
   <div class='ocr_carea' id='block_1_75' title="bbox 2373 3163 3954 3244">
    <p class='ocr_par' dir='ltr' id='par_1_75' title="bbox 2373 3163 3954 3244">
     <span class='ocr_line' id='line_1_75' title="bbox 2373 3163 3954 3244; baseline 0.013 -30"><span class='ocrx_word' id='word_1_434' title='bbox 2373 3163 2433 3228; x_wconf 75' lang='grc' dir='ltr'><strong>ἐξ</strong></span> <span class='ocrx_word' id='word_1_435' title='bbox 2459 3165 2727 3218; x_wconf 88' lang='grc' dir='ltr'>Ἰουδαίων</span> <span class='ocrx_word' id='word_1_436' title='bbox 2759 3167 3085 3222; x_wconf 80' lang='grc' dir='ltr'>ἀνέσταλκεν</span> <span class='ocrx_word' id='word_1_437' title='bbox 3118 3171 3146 3222; x_wconf 93' lang='lat'><strong>6</strong></span> <span class='ocrx_word' id='word_1_438' title='bbox 3189 3170 3320 3235; x_wconf 84' lang='grc' dir='ltr'>Θεὸς</span> <span class='ocrx_word' id='word_1_439' title='bbox 3349 3173 3520 3243; x_wconf 80' lang='grc' dir='ltr'>Λόγος</span> <span class='ocrx_word' id='word_1_440' title='bbox 3539 3214 3555 3241; x_wconf 90' lang='grc'><strong>,</strong></span> <span class='ocrx_word' id='word_1_441' title='bbox 3609 3177 3741 3231; x_wconf 84' lang='grc' dir='ltr'>ὅταν</span> <span class='ocrx_word' id='word_1_442' title='bbox 3791 3181 3954 3244; x_wconf 77' lang='grc' dir='ltr'>αὐτὸς</span> 
     </span>
    </p>
   </div>
   <div class='ocr_carea' id='block_1_76' title="bbox 2375 3257 3271 3331">
    <p class='ocr_par' dir='ltr' id='par_1_76' title="bbox 2375 3257 3271 3331">
     <span class='ocr_line' id='line_1_76' title="bbox 2375 3257 3271 3331; baseline 0.006 -21"><span class='ocrx_word' id='word_1_443' title='bbox 2375 3257 2563 3326; x_wconf 82' lang='grc' dir='ltr'>γέγονε</span> <span class='ocrx_word' id='word_1_444' title='bbox 2601 3257 2735 3328; x_wconf 76' lang='grc' dir='ltr'>σὰρξ</span> <span class='ocrx_word' id='word_1_445' title='bbox 2763 3259 2825 3310; x_wconf 82' lang='grc' dir='ltr'>ἐκ</span> <span class='ocrx_word' id='word_1_446' title='bbox 2850 3259 2950 3330; x_wconf 77' lang='grc' dir='ltr'><strong>τῆς</strong></span> <span class='ocrx_word' id='word_1_447' title='bbox 2976 3261 3271 3331; x_wconf 84' lang='grc' dir='ltr'>Παρθένου.</span> 
     </span>
    </p>
   </div>
   <div class='ocr_carea' id='block_1_77' title="bbox 2443 3349 3954 3431">
    <p class='ocr_par' dir='ltr' id='par_1_77' title="bbox 2443 3349 3954 3431">
     <span class='ocr_line' id='line_1_77' title="bbox 2443 3349 3954 3431; baseline 0.011 -31"><span class='ocrx_word' id='word_1_448' title='bbox 2443 3349 2528 3402; x_wconf 88' lang='grc'><strong>20.</strong></span> <span class='ocrx_word' id='word_1_449' title='bbox 2563 3350 2650 3401; x_wconf 85' lang='grc' dir='ltr'>Ἐν</span> <span class='ocrx_word' id='word_1_450' title='bbox 2683 3350 2761 3420; x_wconf 82' lang='grc' dir='ltr'><strong>τῷ</strong></span> <span class='ocrx_word' id='word_1_451' title='bbox 2812 3351 3162 3424; x_wconf 78' lang='grc' dir='ltr'>πεντηκοστῷ</span> <span class='ocrx_word' id='word_1_452' title='bbox 3203 3354 3378 3426; x_wconf 81' lang='grc' dir='ltr'>ἐνάτῳ</span> <span class='ocrx_word' id='word_1_453' title='bbox 3420 3357 3621 3431; x_wconf 77' lang='grc' dir='ltr'>ψαλμῷ</span> <span class='ocrx_word' id='word_1_454' title='bbox 3661 3362 3756 3416; x_wconf 81' lang='grc' dir='ltr'><strong>τὸν</strong></span> <span class='ocrx_word' id='word_1_455' title='bbox 3793 3366 3954 3419; x_wconf 58' lang='grc' dir='ltr'>αὑτὸν</span> 
     </span>
    </p>
   </div>
   <div class='ocr_carea' id='block_1_78' title="bbox 2377 3440 3952 3526">
    <p class='ocr_par' dir='ltr' id='par_1_78' title="bbox 2377 3440 3952 3526">
     <span class='ocr_line' id='line_1_78' title="bbox 2377 3440 3952 3526; baseline 0.013 -34"><span class='ocrx_word' id='word_1_456' title='bbox 2377 3440 2556 3510; x_wconf 82' lang='grc' dir='ltr'>στίχον</span> <span class='ocrx_word' id='word_1_457' title='bbox 2595 3442 2847 3512; x_wconf 77' lang='grc' dir='ltr'>εὑρήσεις</span> <span class='ocrx_word' id='word_1_458' title='bbox 2874 3444 3190 3515; x_wconf 78' lang='grc' dir='ltr'>ἐγκείμενον</span> <span class='ocrx_word' id='word_1_459' title='bbox 3213 3487 3227 3512; x_wconf 91' lang='grc'><strong>,</strong></span> <span class='ocrx_word' id='word_1_460' title='bbox 3261 3449 3356 3501; x_wconf 77' lang='grc' dir='ltr'>καὶ</span> <span class='ocrx_word' id='word_1_461' title='bbox 3383 3449 3482 3523; x_wconf 77' lang='grc' dir='ltr'>τὴν</span> <span class='ocrx_word' id='word_1_462' title='bbox 3523 3453 3824 3526; x_wconf 78' lang='grc' dir='ltr'>ἑρμηνείαν</span> <span class='ocrx_word' id='word_1_463' title='bbox 3856 3460 3952 3512; x_wconf 85' lang='grc' dir='ltr'>αύ-</span> 
     </span>
    </p>
   </div>
   <div class='ocr_carea' id='block_1_79' title="bbox 2301 3515 2604 3604">
    <p class='ocr_par' dir='ltr' id='par_1_79' title="bbox 2301 3515 2604 3604">
     <span class='ocr_line' id='line_1_79' title="bbox 2301 3515 2604 3604; baseline 0.033 -26"><span class='ocrx_word' id='word_1_464' title='bbox 2301 3515 2345 3578; x_wconf 92' lang='lat' dir='ltr'><strong><em>C</em></strong></span> <span class='ocrx_word' id='word_1_465' title='bbox 2374 3533 2475 3602; x_wconf 82' lang='grc' dir='ltr'>τήν</span> <span class='ocrx_word' id='word_1_466' title='bbox 2505 3533 2604 3604; x_wconf 72' lang='grc'><strong>(5).</strong></span> 
     </span>
    </p>
   </div>
   <div class='ocr_carea' id='block_1_80' title="bbox 2445 3623 3953 3714">
    <p class='ocr_par' dir='ltr' id='par_1_80' title="bbox 2445 3623 3953 3714">
     <span class='ocr_line' id='line_1_80' title="bbox 2445 3623 3953 3714; baseline 0.013 -37"><span class='ocrx_word' id='word_1_467' title='bbox 2445 3623 2534 3677; x_wconf 91' lang='grc'><strong>21.</strong></span> <span class='ocrx_word' id='word_1_468' title='bbox 2567 3624 2868 3714; x_wconf 47' lang='grc' dir='ltr'>Ἰδουμαία</span> <span class='ocrx_word' id='word_1_469' title='bbox 2901 3628 3260 3698; x_wconf 79' lang='grc' dir='ltr'>ἑρμηνεύεται</span> <span class='ocrx_word' id='word_1_470' title='bbox 3288 3631 3664 3690; x_wconf 74' lang='grc' dir='ltr'>ἐκλείπουσα</span> <span class='ocrx_word' id='word_1_471' title='bbox 3683 3655 3698 3668; x_wconf 74' lang='grc' dir='ltr'><strong>ο</strong></span> <span class='ocrx_word' id='word_1_472' title='bbox 3738 3641 3833 3694; x_wconf 70' lang='grc' dir='ltr'><strong>ἐπὶ</strong></span> <span class='ocrx_word' id='word_1_473' title='bbox 3856 3641 3953 3714; x_wconf 74' lang='grc' dir='ltr'><strong>τὴν</strong></span> 
     </span>
    </p>
   </div>
   <div class='ocr_carea' id='block_1_81' title="bbox 2376 3711 3952 3802">
    <p class='ocr_par' dir='ltr' id='par_1_81' title="bbox 2376 3711 3952 3802">
     <span class='ocr_line' id='line_1_81' title="bbox 2376 3711 3952 3802; baseline 0.013 -36"><span class='ocrx_word' id='word_1_474' title='bbox 2376 3713 2697 3786; x_wconf 74' lang='grc' dir='ltr'>οἰκουμένην</span> <span class='ocrx_word' id='word_1_475' title='bbox 2710 3711 2802 3770; x_wconf 83' lang='grc' dir='ltr'><strong>οὖν</strong></span> <span class='ocrx_word' id='word_1_476' title='bbox 2815 3716 2911 3789; x_wconf 78' lang='grc' dir='ltr'><strong>τὴν</strong></span> <span class='ocrx_word' id='word_1_477' title='bbox 2932 3718 3289 3774; x_wconf 75' lang='grc' dir='ltr'>ἐκλείπουσαν</span> <span class='ocrx_word' id='word_1_478' title='bbox 3307 3724 3602 3796; x_wconf 82' lang='grc' dir='ltr'>ποιήσομαι</span> <span class='ocrx_word' id='word_1_479' title='bbox 3616 3728 3716 3797; x_wconf 83' lang='grc' dir='ltr'>τὴν</span> <span class='ocrx_word' id='word_1_480' title='bbox 3732 3711 3952 3802; x_wconf 80' lang='grc' dir='ltr'>πορείαν</span> 
     </span>
    </p>
   </div>
   <div class='ocr_carea' id='block_1_82' title="bbox 2452 3821 2504 3858">
    <p class='ocr_par' dir='ltr' id='par_1_82' title="bbox 2452 3821 2504 3858">
     <span class='ocr_line' id='line_1_82' title="bbox 2452 3821 2504 3858; baseline 0.038 -2"><span class='ocrx_word' id='word_1_481' title='bbox 2452 3821 2504 3858; x_wconf 83' lang='grc' dir='ltr'><strong>υ.</strong></span> 
     </span>
    </p>
   </div>
   <div class='ocr_carea' id='block_1_83' title="bbox 2381 3819 3951 3982">
    <p class='ocr_par' dir='ltr' id='par_1_83' title="bbox 2381 3819 3951 3982">
     <span class='ocr_line' id='line_1_83' title="bbox 2452 3821 2504 3858; baseline 0.038 -2"><span class='ocrx_word' id='word_1_482' title='bbox 2452 3821 2504 3858; x_wconf 85' lang='grc' dir='ltr'><strong>υ.</strong></span> 
     </span>
     <span class='ocr_line' id='line_1_84' title="bbox 2381 3819 3951 3982; baseline 0.015 -34"><span class='ocrx_word' id='word_1_483' title='bbox 2381 3819 2538 3950; x_wconf 52' lang='grc' dir='ltr'><strong>μ622.</strong></span> <span class='ocrx_word' id='word_1_484' title='bbox 2561 3896 2910 3966; x_wconf 64' lang='grc' dir='ltr'><strong>Ἀλλόςςυλοι</strong></span> <span class='ocrx_word' id='word_1_485' title='bbox 2933 3899 3290 3970; x_wconf 79' lang='grc' dir='ltr'>ἑρμηνεύεται</span> <span class='ocrx_word' id='word_1_486' title='bbox 3326 3904 3401 3976; x_wconf 88' lang='grc'><strong>(6)</strong></span> <span class='ocrx_word' id='word_1_487' title='bbox 3432 3909 3758 3981; x_wconf 80' lang='grc' dir='ltr'>πίπτοντες</span> <span class='ocrx_word' id='word_1_488' title='bbox 3778 3918 3951 3982; x_wconf 72' lang='grc' dir='ltr'>ποτή-</span> 
     </span>
    </p>
   </div>
   <div class='ocr_carea' id='block_1_84' title="bbox 2375 3988 3952 4066">
    <p class='ocr_par' dir='ltr' id='par_1_84' title="bbox 2375 3988 3952 4066">
     <span class='ocr_line' id='line_1_85' title="bbox 2375 3988 3952 4066; baseline 0.016 -27"><span class='ocrx_word' id='word_1_489' title='bbox 2375 4004 2542 4056; x_wconf 79' lang='grc' dir='ltr'>ματι·</span> <span class='ocrx_word' id='word_1_490' title='bbox 2568 3990 2636 4042; x_wconf 74' lang='grc' dir='ltr'>τὰ</span> <span class='ocrx_word' id='word_1_491' title='bbox 2668 3989 2792 4061; x_wconf 75' lang='grc' dir='ltr'>ἔθνη</span> <span class='ocrx_word' id='word_1_492' title='bbox 2821 3988 2914 4044; x_wconf 78' lang='grc' dir='ltr'><strong>οὖν</strong></span> <span class='ocrx_word' id='word_1_493' title='bbox 2941 3994 3006 4044; x_wconf 72' lang='grc' dir='ltr'>τὰ</span> <span class='ocrx_word' id='word_1_494' title='bbox 3033 3995 3298 4066; x_wconf 86' lang='grc' dir='ltr'>πρότερον</span> <span class='ocrx_word' id='word_1_495' title='bbox 3330 3999 3598 4056; x_wconf 83' lang='grc' dir='ltr'>πίπτοντα</span> <span class='ocrx_word' id='word_1_496' title='bbox 3626 4006 3717 4060; x_wconf 75' lang='grc' dir='ltr'>διὰ</span> <span class='ocrx_word' id='word_1_497' title='bbox 3742 4008 3835 4062; x_wconf 81' lang='grc' dir='ltr'>τοῦ</span> <span class='ocrx_word' id='word_1_498' title='bbox 3860 4011 3952 4063; x_wconf 82' lang='grc' dir='ltr'><strong>πό-</strong></span> 
     </span>
    </p>
   </div>
   <div class='ocr_carea' id='block_1_85' title="bbox 2385 4078 3948 4165">
    <p class='ocr_par' dir='ltr' id='par_1_85' title="bbox 2385 4078 3948 4165">
     <span class='ocr_line' id='line_1_86' title="bbox 2385 4078 3948 4165; baseline 0.015 -35"><span class='ocrx_word' id='word_1_499' title='bbox 2385 4095 2552 4148; x_wconf 83' lang='grc' dir='ltr'>ματος</span> <span class='ocrx_word' id='word_1_500' title='bbox 2571 4078 2670 4148; x_wconf 80' lang='grc' dir='ltr'>τῆς</span> <span class='ocrx_word' id='word_1_501' title='bbox 2691 4080 2960 4152; x_wconf 82' lang='grc' dir='ltr'>ἁμαρτίας</span> <span class='ocrx_word' id='word_1_502' title='bbox 2982 4082 3332 4157; x_wconf 73' lang='grc' dir='ltr'>ὑπετάγησαν</span> <span class='ocrx_word' id='word_1_503' title='bbox 3357 4106 3446 4158; x_wconf 89' lang='grc' dir='ltr'><strong>μοι</strong></span> <span class='ocrx_word' id='word_1_504' title='bbox 3469 4090 3558 4145; x_wconf 82' lang='grc' dir='ltr'>διὰ</span> <span class='ocrx_word' id='word_1_505' title='bbox 3579 4093 3679 4165; x_wconf 76' lang='grc' dir='ltr'><strong>τῆς</strong></span> <span class='ocrx_word' id='word_1_506' title='bbox 3702 4097 3948 4165; x_wconf 81' lang='grc' dir='ltr'>πίστεως.</span> 
     </span>
    </p>
   </div>
   <div class='ocr_carea' id='block_1_86' title="bbox 2451 4251 3945 4347">
    <p class='ocr_par' dir='ltr' id='par_1_86' title="bbox 2451 4251 3945 4347">
     <span class='ocr_line' id='line_1_87' title="bbox 2451 4251 3945 4347; baseline 0.015 -40"><span class='ocrx_word' id='word_1_507' title='bbox 2573 4253 2667 4317; x_wconf 86' lang='grc' dir='ltr'><strong>Τίς</strong></span> <span class='ocrx_word' id='word_1_508' title='bbox 2687 4254 2967 4347; x_wconf 11' lang='grc' dir='ltr'>γάπαγάγει</span> <span class='ocrx_word' id='word_1_509' title='bbox 2989 4257 3067 4328; x_wconf 88' lang='grc'><strong>(7)</strong></span> <span class='ocrx_word' id='word_1_510' title='bbox 3095 4277 3160 4329; x_wconf 88' lang='grc' dir='ltr'><strong>με</strong></span> <span class='ocrx_word' id='word_1_511' title='bbox 3186 4263 3266 4324; x_wconf 86' lang='grc' dir='ltr'>εἰς</span> <span class='ocrx_word' id='word_1_512' title='bbox 3294 4264 3393 4335; x_wconf 76' lang='grc' dir='ltr'>τὴν</span> <span class='ocrx_word' id='word_1_513' title='bbox 3421 4266 3533 4320; x_wconf 77' lang='grc' dir='ltr'>ἄνω</span> <span class='ocrx_word' id='word_1_514' title='bbox 3565 4269 3945 4347; x_wconf 82' lang='grc' dir='ltr'>Ἰερουσαλήμς</span> 
     </span>
    </p>
   </div>
   <div class='ocr_carea' id='block_1_87' title="bbox 2453 4344 3951 4440">
    <p class='ocr_par' dir='ltr' id='par_1_87' title="bbox 2453 4344 3951 4440">
     <span class='ocr_line' id='line_1_88' title="bbox 2453 4344 3951 4440; baseline 0.011 -42"><span class='ocrx_word' id='word_1_515' title='bbox 2453 4344 2542 4440; x_wconf 42' lang='grc'><strong>21.</strong></span> <span class='ocrx_word' id='word_1_516' title='bbox 2582 4346 2738 4440; x_wconf 44' lang='lat' dir='ltr'><strong>apd;</strong></span> <span class='ocrx_word' id='word_1_517' title='bbox 2773 4347 2846 4418; x_wconf 91' lang='lat'><strong>(8)</strong></span> <span class='ocrx_word' id='word_1_518' title='bbox 2881 4349 2995 4418; x_wconf 78' lang='grc' dir='ltr'><strong>τὴν</strong></span> <span class='ocrx_word' id='word_1_519' title='bbox 3022 4353 3377 4423; x_wconf 80' lang='grc' dir='ltr'>Ἰδουμαίαν,</span> <span class='ocrx_word' id='word_1_520' title='bbox 3408 4359 3577 4430; x_wconf 69' lang='grc' dir='ltr'>ἤγουν</span> <span class='ocrx_word' id='word_1_521' title='bbox 3608 4366 3746 4436; x_wconf 82' lang='grc' dir='ltr'>πρὸς</span> <span class='ocrx_word' id='word_1_522' title='bbox 3770 4344 3951 4440; x_wconf 29' lang='grc' dir='ltr'>τὴνηὲξ</span> 
     </span>
    </p>
   </div>
   <div class='ocr_carea' id='block_1_88' title="bbox 2385 4433 3833 4517">
    <p class='ocr_par' dir='ltr' id='par_1_88' title="bbox 2385 4433 3833 4517">
     <span class='ocr_line' id='line_1_89' title="bbox 2385 4433 3833 4517; baseline 0.019 -31"><span class='ocrx_word' id='word_1_523' title='bbox 2385 4433 2551 4489; x_wconf 73' lang='grc' dir='ltr'>ἐθνῶν</span> <span class='ocrx_word' id='word_1_524' title='bbox 2581 4437 2905 4509; x_wconf 83' lang='grc' dir='ltr'>Ἐκκλησίαν</span> <span class='ocrx_word' id='word_1_525' title='bbox 2933 4441 3030 4512; x_wconf 77' lang='grc' dir='ltr'>τὴν</span> <span class='ocrx_word' id='word_1_526' title='bbox 3066 4442 3124 4496; x_wconf 79' lang='grc' dir='ltr'>τὸ</span> <span class='ocrx_word' id='word_1_527' title='bbox 3154 4446 3416 4517; x_wconf 82' lang='grc' dir='ltr'>πρότερον</span> <span class='ocrx_word' id='word_1_528' title='bbox 3450 4433 3833 4514; x_wconf 49' lang='grc' dir='ltr'>ἐκλείπουσανξ</span> 
     </span>
    </p>
   </div>
   <div class='ocr_carea' id='block_1_89' title="bbox 2452 4529 3950 4622">
    <p class='ocr_par' dir='ltr' id='par_1_89' title="bbox 2452 4529 3950 4622">
     <span class='ocr_line' id='line_1_90' title="bbox 2452 4529 3950 4622; baseline 0.017 -41"><span class='ocrx_word' id='word_1_529' title='bbox 2452 4529 2708 4622; x_wconf 9' lang='lat'><strong>25.70611</strong></span> <span class='ocrx_word' id='word_1_530' title='bbox 2737 4531 2800 4584; x_wconf 82' lang='grc' dir='ltr'><strong>σὺ</strong></span> <span class='ocrx_word' id='word_1_531' title='bbox 2841 4534 2987 4604; x_wconf 79' lang='grc' dir='ltr'>ἡμᾶς</span> <span class='ocrx_word' id='word_1_532' title='bbox 3014 4535 3042 4586; x_wconf 90' lang='lat'><strong>6</strong></span> <span class='ocrx_word' id='word_1_533' title='bbox 3090 4535 3220 4600; x_wconf 83' lang='grc' dir='ltr'>Θεὸς</span> <span class='ocrx_word' id='word_1_534' title='bbox 3271 4539 3562 4612; x_wconf 81' lang='grc' dir='ltr'>ὁδηγήσεις</span> <span class='ocrx_word' id='word_1_535' title='bbox 3615 4549 3754 4616; x_wconf 78' lang='grc' dir='ltr'>πρὸς</span> <span class='ocrx_word' id='word_1_536' title='bbox 3793 4552 3950 4622; x_wconf 71' lang='grc' dir='ltr'>αὐτὴν</span> 
     </span>
    </p>
   </div>
   <div class='ocr_carea' id='block_1_90' title="bbox 2385 4621 3441 4698">
    <p class='ocr_par' dir='ltr' id='par_1_90' title="bbox 2385 4621 3441 4698">
     <span class='ocr_line' id='line_1_91' title="bbox 2385 4621 3441 4698; baseline 0.009 -26"><span class='ocrx_word' id='word_1_537' title='bbox 2385 4621 2414 4672; x_wconf 90' lang='lat'><strong>6</strong></span> <span class='ocrx_word' id='word_1_538' title='bbox 2437 4621 2497 4673; x_wconf 85' lang='grc' dir='ltr'><strong>τὸ</strong></span> <span class='ocrx_word' id='word_1_539' title='bbox 2525 4621 2598 4691; x_wconf 84' lang='grc'><strong>(9)</strong></span> <span class='ocrx_word' id='word_1_540' title='bbox 2626 4623 2888 4694; x_wconf 85' lang='grc' dir='ltr'>πρότερον</span> <span class='ocrx_word' id='word_1_541' title='bbox 2914 4625 3062 4694; x_wconf 81' lang='grc' dir='ltr'>ἡμᾶς</span> <span class='ocrx_word' id='word_1_542' title='bbox 3092 4627 3402 4698; x_wconf 53' lang='grc' dir='ltr'>ἀπορρίψας</span> <span class='ocrx_word' id='word_1_543' title='bbox 3428 4673 3441 4693; x_wconf 87' lang='grc'><strong>,</strong></span> 
     </span>
    </p>
   </div>
   <div class='ocr_carea' id='block_1_91' title="bbox 2455 4711 3950 4804">
    <p class='ocr_par' dir='ltr' id='par_1_91' title="bbox 2455 4711 3950 4804">
     <span class='ocr_line' id='line_1_92' title="bbox 2455 4711 3950 4804; baseline 0.016 -39"><span class='ocrx_word' id='word_1_544' title='bbox 2455 4711 2543 4766; x_wconf 88' lang='grc'><strong>26.</strong></span> <span class='ocrx_word' id='word_1_545' title='bbox 2580 4715 2692 4766; x_wconf 81' lang='grc' dir='ltr'><strong>υύκ</strong></span> <span class='ocrx_word' id='word_1_546' title='bbox 2723 4714 2975 4787; x_wconf 76' lang='grc' dir='ltr'>ὲξελεύσῃ</span> <span class='ocrx_word' id='word_1_547' title='bbox 3001 4716 3112 4788; x_wconf 90' lang='grc'><strong>(10)</strong></span> <span class='ocrx_word' id='word_1_548' title='bbox 3139 4717 3214 4782; x_wconf 79' lang='grc' dir='ltr'>ὡς</span> <span class='ocrx_word' id='word_1_549' title='bbox 3237 4714 3317 4783; x_wconf 75' lang='grc' dir='ltr'>εἷς</span> <span class='ocrx_word' id='word_1_550' title='bbox 3349 4722 3458 4774; x_wconf 83' lang='grc' dir='ltr'>τῶν</span> <span class='ocrx_word' id='word_1_551' title='bbox 3486 4724 3756 4794; x_wconf 80' lang='grc' dir='ltr'>βασιλέων</span> <span class='ocrx_word' id='word_1_552' title='bbox 3791 4733 3824 4804; x_wconf 78' lang='grc' dir='ltr'><strong>ἢ</strong></span> <span class='ocrx_word' id='word_1_553' title='bbox 3854 4735 3950 4788; x_wconf 82' lang='grc' dir='ltr'><strong>τῶν</strong></span> 
     </span>
    </p>
   </div>
   <div class='ocr_carea' id='block_1_92' title="bbox 2387 4806 2868 4877">
    <p class='ocr_par' dir='ltr' id='par_1_92' title="bbox 2387 4806 2868 4877">
     <span class='ocr_line' id='line_1_93' title="bbox 2387 4806 2868 4877; baseline 0.008 -19"><span class='ocrx_word' id='word_1_554' title='bbox 2387 4806 2658 4877; x_wconf 82' lang='grc' dir='ltr'>ἀρχόντων</span> <span class='ocrx_word' id='word_1_555' title='bbox 2692 4807 2868 4876; x_wconf 82' lang='grc' dir='ltr'>ἡμῶν.</span> 
     </span>
    </p>
   </div>
   <div class='ocr_carea' id='block_1_93' title="bbox 2312 4867 3623 4979">
    <p class='ocr_par' dir='ltr' id='par_1_93' title="bbox 2312 4867 3623 4979">
     <span class='ocr_line' id='line_1_94' title="bbox 2312 4867 3623 4979; baseline 0.03 -34"><span class='ocrx_word' id='word_1_556' title='bbox 2312 4867 2356 4923; x_wconf 77' lang='grc' dir='ltr'><strong>Ι)</strong></span> <span class='ocrx_word' id='word_1_557' title='bbox 2429 4867 2543 4952; x_wconf 57' lang='grc' dir='ltr'><strong>ἔγ.</strong></span> <span class='ocrx_word' id='word_1_558' title='bbox 2577 4867 2864 4970; x_wconf 68' lang='grc' dir='ltr'>Λύτρἱυσαι</span> <span class='ocrx_word' id='word_1_559' title='bbox 2898 4901 3044 4970; x_wconf 79' lang='grc' dir='ltr'><strong>ἡμᾶς</strong></span> <span class='ocrx_word' id='word_1_560' title='bbox 3069 4901 3175 4955; x_wconf 76' lang='grc' dir='ltr'><strong>ἀπὸ</strong></span> <span class='ocrx_word' id='word_1_561' title='bbox 3200 4903 3299 4974; x_wconf 79' lang='grc' dir='ltr'><strong>τῆς</strong></span> <span class='ocrx_word' id='word_1_562' title='bbox 3322 4905 3623 4979; x_wconf 74' lang='grc' dir='ltr'>ἁμαρτίαςσ</span> 
     </span>
    </p>
   </div>
   <div class='ocr_carea' id='block_1_94' title="bbox 2457 4991 3948 5076">
    <p class='ocr_par' dir='ltr' id='par_1_94' title="bbox 2457 4991 3948 5076">
     <span class='ocr_line' id='line_1_95' title="bbox 2457 4991 3948 5076; baseline 0.008 -30"><span class='ocrx_word' id='word_1_563' title='bbox 2457 4991 2547 5047; x_wconf 91' lang='grc'><strong>28.</strong></span> <span class='ocrx_word' id='word_1_564' title='bbox 2586 4993 2808 5050; x_wconf 81' lang='grc' dir='ltr'>Πάντων</span> <span class='ocrx_word' id='word_1_565' title='bbox 2836 4994 2941 5065; x_wconf 82' lang='grc' dir='ltr'>γὰρ</span> <span class='ocrx_word' id='word_1_566' title='bbox 2974 4994 3083 5049; x_wconf 82' lang='grc' dir='ltr'>τῶν</span> <span class='ocrx_word' id='word_1_567' title='bbox 3120 4996 3486 5076; x_wconf 72' lang='grc' dir='ltr'>ἀνθρώπωνή</span> <span class='ocrx_word' id='word_1_568' title='bbox 3523 5005 3638 5076; x_wconf 57' lang='grc'><strong>(11)</strong></span> <span class='ocrx_word' id='word_1_569' title='bbox 3677 5009 3948 5066; x_wconf 71' lang='grc' dir='ltr'>δυναστεία</span> 
     </span>
    </p>
   </div>
   <div class='ocr_carea' id='block_1_95' title="bbox 2395 5085 2618 5156">
    <p class='ocr_par' dir='ltr' id='par_1_95' title="bbox 2395 5085 2618 5156">
     <span class='ocr_line' id='line_1_96' title="bbox 2395 5085 2618 5156; baseline 0.004 -17"><span class='ocrx_word' id='word_1_570' title='bbox 2395 5085 2618 5156; x_wconf 84' lang='grc' dir='ltr'>ματαία.</span> 
     </span>
    </p>
   </div>
   <div class='ocr_carea' id='block_1_96' title="bbox 1662 5237 2977 5318">
    <p class='ocr_par' dir='ltr' id='par_1_96' title="bbox 1662 5237 2977 5318">
     <span class='ocr_line' id='line_1_97' title="bbox 1662 5237 2977 5318; baseline 0.009 -21"><span class='ocrx_word' id='word_1_571' title='bbox 1662 5237 1968 5300; x_wconf 78' lang='lat' dir='ltr'><strong>Addenda</strong></span> <span class='ocrx_word' id='word_1_572' title='bbox 2005 5245 2064 5299; x_wconf 93' lang='lat' dir='ltr'><strong>et</strong></span> <span class='ocrx_word' id='word_1_573' title='bbox 2095 5238 2464 5318; x_wconf 81' lang='lat' dir='ltr'><strong>corrigenda</strong></span> <span class='ocrx_word' id='word_1_574' title='bbox 2494 5259 2570 5303; x_wconf 79' lang='lat' dir='ltr'><strong>ex</strong></span> <span class='ocrx_word' id='word_1_575' title='bbox 2601 5243 2742 5305; x_wconf 90' lang='lat' dir='ltr'><strong>cod.</strong></span> <span class='ocrx_word' id='word_1_576' title='bbox 2782 5245 2977 5309; x_wconf 82' lang='lat' dir='ltr'><strong>Vatic.</strong></span> 
     </span>
    </p>
   </div>
   <div class='ocr_carea' id='block_1_97' title="bbox 792 5355 1872 5428">
    <p class='ocr_par' dir='ltr' id='par_1_97' title="bbox 792 5355 1872 5428">
     <span class='ocr_line' id='line_1_98' title="bbox 792 5355 1872 5428; baseline 0.006 -20"><span class='ocrx_word' id='word_1_577' title='bbox 792 5355 867 5428; x_wconf 78' lang='grc'><strong>(1)</strong></span> <span class='ocrx_word' id='word_1_578' title='bbox 901 5355 1014 5426; x_wconf 80' lang='grc' dir='ltr'>Τὴν</span> <span class='ocrx_word' id='word_1_579' title='bbox 1044 5358 1303 5428; x_wconf 81' lang='grc' dir='ltr'>ταπεινὴν</span> <span class='ocrx_word' id='word_1_580' title='bbox 1331 5355 1494 5412; x_wconf 67' lang='grc' dir='ltr'>οὖσαν</span> <span class='ocrx_word' id='word_1_581' title='bbox 1525 5361 1740 5428; x_wconf 79' lang='grc' dir='ltr'>ἑαυτήν,</span> <span class='ocrx_word' id='word_1_582' title='bbox 1769 5368 1872 5415; x_wconf 81' lang='lat' dir='ltr'><strong>etc.</strong></span> 
     </span>
    </p>
   </div>
   <div class='ocr_carea' id='block_1_98' title="bbox 792 5426 1598 5500">
    <p class='ocr_par' dir='ltr' id='par_1_98' title="bbox 792 5426 1598 5500">
     <span class='ocr_line' id='line_1_99' title="bbox 792 5426 1598 5500; baseline 0.006 -23"><span class='ocrx_word' id='word_1_583' title='bbox 792 5426 868 5500; x_wconf 77' lang='grc'><strong>(2)</strong></span> <span class='ocrx_word' id='word_1_584' title='bbox 897 5428 1063 5500; x_wconf 54' lang='lat' dir='ltr'><strong>ISon</strong></span> <span class='ocrx_word' id='word_1_585' title='bbox 1098 5426 1598 5500; x_wconf 75' lang='grc' dir='ltr'>ἐπιλανθανόμενος.</span> 
     </span>
    </p>
   </div>
   <div class='ocr_carea' id='block_1_99' title="bbox 792 5497 1930 5570">
    <p class='ocr_par' dir='ltr' id='par_1_99' title="bbox 792 5497 1930 5570">
     <span class='ocr_line' id='line_1_100' title="bbox 792 5497 1930 5570; baseline 0.006 -23"><span class='ocrx_word' id='word_1_586' title='bbox 792 5498 870 5570; x_wconf 61' lang='grc' dir='ltr'><strong>(εξ)</strong></span> <span class='ocrx_word' id='word_1_587' title='bbox 1011 5497 1266 5570; x_wconf 74' lang='grc' dir='ltr'>Πνεῦμα,</span> <span class='ocrx_word' id='word_1_588' title='bbox 1301 5497 1433 5570; x_wconf 57' lang='grc' dir='ltr'>(δίο,</span> <span class='ocrx_word' id='word_1_589' title='bbox 1460 5501 1518 5552; x_wconf 81' lang='grc' dir='ltr'>τὸ</span> <span class='ocrx_word' id='word_1_590' title='bbox 1555 5501 1930 5570; x_wconf 78' lang='grc' dir='ltr'>Παράκλητον.</span> 
     </span>
    </p>
   </div>
   <div class='ocr_carea' id='block_1_100' title="bbox 791 5566 2282 5635">
    <p class='ocr_par' dir='ltr' id='par_1_100' title="bbox 791 5566 2282 5635">
     <span class='ocr_line' id='line_1_101' title="bbox 791 5566 2282 5635; baseline 0.005 -17"><span class='ocrx_word' id='word_1_591' title='bbox 791 5566 866 5635; x_wconf 55' lang='lat' dir='ltr'>(At)</span> <span class='ocrx_word' id='word_1_592' title='bbox 895 5567 1025 5635; x_wconf 81' lang='grc' dir='ltr'><strong>Γὰρ,</strong></span> <span class='ocrx_word' id='word_1_593' title='bbox 1051 5568 1131 5620; x_wconf 81' lang='grc' dir='ltr'><strong>ὅτι</strong></span> <span class='ocrx_word' id='word_1_594' title='bbox 1163 5566 1221 5632; x_wconf 71' lang='grc' dir='ltr'><strong>ἐξ</strong></span> <span class='ocrx_word' id='word_1_595' title='bbox 1258 5568 1424 5621; x_wconf 83' lang='grc' dir='ltr'>Ἰούδα</span> <span class='ocrx_word' id='word_1_596' title='bbox 1449 5566 1814 5624; x_wconf 80' lang='grc' dir='ltr'>ἀνατέταλκεν</span> <span class='ocrx_word' id='word_1_597' title='bbox 1836 5575 1863 5624; x_wconf 90' lang='lat'><strong>6</strong></span> <span class='ocrx_word' id='word_1_598' title='bbox 1883 5572 2032 5634; x_wconf 84' lang='grc' dir='ltr'>Θεὸς,</span> <span class='ocrx_word' id='word_1_599' title='bbox 2062 5581 2190 5628; x_wconf 87' lang='lat' dir='ltr'><strong>etc..</strong></span> <span class='ocrx_word' id='word_1_600' title='bbox 2219 5573 2282 5625; x_wconf 83' lang='grc' dir='ltr'><strong>ἐκ</strong></span> 
     </span>
    </p>
   </div>
   <div class='ocr_carea' id='block_1_101' title="bbox 718 5637 2280 5712">
    <p class='ocr_par' dir='ltr' id='par_1_101' title="bbox 718 5637 2280 5712">
     <span class='ocr_line' id='line_1_102' title="bbox 718 5637 2280 5712; baseline 0.003 -22"><span class='ocrx_word' id='word_1_601' title='bbox 718 5637 1127 5712; x_wconf 40' lang='grc' dir='ltr'>τῆς-Παρθένου</span> <span class='ocrx_word' id='word_1_602' title='bbox 1158 5639 1374 5712; x_wconf 75' lang='grc' dir='ltr'>Μαρίας</span> <span class='ocrx_word' id='word_1_603' title='bbox 1418 5640 1505 5692; x_wconf 77' lang='grc' dir='ltr'>διὰ</span> <span class='ocrx_word' id='word_1_604' title='bbox 1526 5641 1646 5712; x_wconf 73' lang='grc' dir='ltr'>τὴν</span> <span class='ocrx_word' id='word_1_605' title='bbox 1679 5643 1951 5712; x_wconf 82' lang='grc' dir='ltr'>ἡμετέραν</span> <span class='ocrx_word' id='word_1_606' title='bbox 1985 5642 2280 5712; x_wconf 87' lang='grc' dir='ltr'>σωτηρίαν.</span> 
     </span>
    </p>
   </div>
   <div class='ocr_carea' id='block_1_102' title="bbox 719 5687 2281 5832">
    <p class='ocr_par' dir='ltr' id='par_1_102' title="bbox 719 5687 2281 5832">
     <span class='ocr_line' id='line_1_103' title="bbox 719 5687 2281 5832; baseline 0.004 -73"><span class='ocrx_word' id='word_1_607' title='bbox 719 5687 1083 5832; x_wconf 39' lang='grc' dir='ltr'><strong>ἔξδρῦτὸΰ</strong></span> <span class='ocrx_word' id='word_1_608' title='bbox 1104 5687 1374 5776; x_wconf 53' lang='grc' dir='ltr'><strong>’λέἧόύάᾶὖ</strong></span> <span class='ocrx_word' id='word_1_609' title='bbox 1422 5687 1547 5781; x_wconf 65' lang='grc' dir='ltr'>ἷιέξρι</span> <span class='ocrx_word' id='word_1_610' title='bbox 1560 5687 1572 5690; x_wconf 57' lang='grc'>⁷</span> <span class='ocrx_word' id='word_1_611' title='bbox 1587 5687 2011 5785; x_wconf 55' lang='grc' dir='ltr'><strong>ἓὲἦςΊῗὶαίρὅῑνοᾶ</strong></span> <span class='ocrx_word' id='word_1_612' title='bbox 2020 5687 2163 5764; x_wconf 51' lang='lat' dir='ltr'><strong>&quot;x&#39;ii&#39;</strong></span> <span class='ocrx_word' id='word_1_613' title='bbox 2176 5687 2281 5765; x_wconf 66' lang='grc' dir='ltr'><strong>’ξόΰ</strong></span> 
     </span>
     <span class='ocr_line' id='line_1_104' title="bbox 773 5793 944 5832; baseline -0.006 -4"><span class='ocrx_word' id='word_1_614' title='bbox 773 5794 840 5832; x_wconf 84' lang='grc' dir='ltr'><strong>υο</strong></span> <span class='ocrx_word' id='word_1_615' title='bbox 865 5793 944 5828; x_wconf 88' lang='grc' dir='ltr'>ου.</span> 
     </span>
    </p>
   </div>
   <div class='ocr_carea' id='block_1_103' title="bbox 773 5793 944 5828">
    <p class='ocr_par' dir='ltr' id='par_1_103' title="bbox 773 5793 944 5828">
     <span class='ocr_line' id='line_1_105' title="bbox 773 5793 944 5828; baseline -0.006 0"><span class='ocrx_word' id='word_1_616' title='bbox 773 5793 944 5828; x_wconf 87' lang='grc' dir='ltr'>υοιου.</span> 
     </span>
    </p>
   </div>
   <div class='ocr_carea' id='block_1_104' title="bbox 789 5794 2279 5925">
    <p class='ocr_par' dir='ltr' id='par_1_104' title="bbox 789 5794 2279 5925">
     <span class='ocr_line' id='line_1_106' title="bbox 789 5794 944 5828; baseline -0.006 0"><span class='ocrx_word' id='word_1_617' title='bbox 789 5797 800 5828; x_wconf 78' lang='grc'><em>›</em></span> <span class='ocrx_word' id='word_1_618' title='bbox 847 5794 944 5828; x_wconf 87' lang='grc' dir='ltr'>ιου.</span> 
     </span>
     <span class='ocr_line' id='line_1_107' title="bbox 789 5794 2279 5925; baseline 0.005 -26"><span class='ocrx_word' id='word_1_619' title='bbox 789 5794 867 5918; x_wconf 63' lang='grc'><strong>(11)</strong></span> <span class='ocrx_word' id='word_1_620' title='bbox 901 5847 1321 5919; x_wconf 83' lang='grc' dir='ltr'>Ἐρμηνεύονται</span> <span class='ocrx_word' id='word_1_621' title='bbox 1356 5849 1645 5916; x_wconf 84' lang='grc' dir='ltr'>πίπτοντες</span> <span class='ocrx_word' id='word_1_622' title='bbox 1697 5851 1986 5925; x_wconf 80' lang='grc' dir='ltr'>πτώματα,</span> <span class='ocrx_word' id='word_1_623' title='bbox 2023 5863 2151 5920; x_wconf 88' lang='lat' dir='ltr'><strong>etc.,</strong></span> <span class='ocrx_word' id='word_1_624' title='bbox 2194 5851 2279 5906; x_wconf 81' lang='grc' dir='ltr'>διὰ</span> 
     </span>
    </p>
   </div>
   <div class='ocr_carea' id='block_1_105' title="bbox 2390 5366 2954 5437">
    <p class='ocr_par' dir='ltr' id='par_1_105' title="bbox 2390 5366 2954 5437">
     <span class='ocr_line' id='line_1_108' title="bbox 2390 5366 2954 5437; baseline 0.016 -18"><span class='ocrx_word' id='word_1_625' title='bbox 2390 5366 2480 5419; x_wconf 77' lang='grc' dir='ltr'>τοῦ</span> <span class='ocrx_word' id='word_1_626' title='bbox 2507 5366 2812 5437; x_wconf 80' lang='grc' dir='ltr'>πτώματος,</span> <span class='ocrx_word' id='word_1_627' title='bbox 2844 5378 2954 5428; x_wconf 86' lang='lat' dir='ltr'><strong>etc.</strong></span> 
     </span>
    </p>
   </div>
   <div class='ocr_carea' id='block_1_106' title="bbox 2461 5437 2814 5506">
    <p class='ocr_par' dir='ltr' id='par_1_106' title="bbox 2461 5437 2814 5506">
     <span class='ocr_line' id='line_1_109' title="bbox 2461 5437 2814 5506; baseline 0.011 -17"><span class='ocrx_word' id='word_1_628' title='bbox 2461 5437 2538 5504; x_wconf 90' lang='lat'>(7)</span> <span class='ocrx_word' id='word_1_629' title='bbox 2565 5439 2814 5506; x_wconf 78' lang='grc' dir='ltr'>Ἀπάγει.</span> 
     </span>
    </p>
   </div>
   <div class='ocr_carea' id='block_1_107' title="bbox 2460 5507 3950 5598">
    <p class='ocr_par' dir='ltr' id='par_1_107' title="bbox 2460 5507 3950 5598">
     <span class='ocr_line' id='line_1_110' title="bbox 2460 5507 3950 5598; baseline 0.017 -41"><span class='ocrx_word' id='word_1_630' title='bbox 2460 5507 2624 5598; x_wconf 50' lang='lat'><strong>(8);}!</strong></span> <span class='ocrx_word' id='word_1_631' title='bbox 2657 5511 2739 5598; x_wconf 69' lang='grc' dir='ltr'><strong>τίς</strong></span> <span class='ocrx_word' id='word_1_632' title='bbox 2758 5511 3029 5598; x_wconf 39' lang='grc' dir='ltr'>οδηγήμει.</span> <span class='ocrx_word' id='word_1_633' title='bbox 3047 5530 3118 5598; x_wconf 71' lang='grc' dir='ltr'><strong>με</strong></span> <span class='ocrx_word' id='word_1_634' title='bbox 3133 5513 3230 5598; x_wconf 54' lang='grc' dir='ltr'>τὸν</span> <span class='ocrx_word' id='word_1_635' title='bbox 3252 5515 3378 5598; x_wconf 73' lang='grc' dir='ltr'>λαὸν</span> <span class='ocrx_word' id='word_1_636' title='bbox 3399 5518 3511 5598; x_wconf 74' lang='grc' dir='ltr'>τῶν</span> <span class='ocrx_word' id='word_1_637' title='bbox 3531 5522 3810 5580; x_wconf 82' lang='grc' dir='ltr'>Ἰουδαίων</span> <span class='ocrx_word' id='word_1_638' title='bbox 3834 5527 3950 5598; x_wconf 74' lang='grc' dir='ltr'>πρὸς</span> 
     </span>
    </p>
   </div>
   <div class='ocr_carea' id='block_1_108' title="bbox 2386 5531 3686 5714">
    <p class='ocr_par' dir='ltr' id='par_1_108' title="bbox 2386 5531 3686 5714">
     <span class='ocr_line' id='line_1_111' title="bbox 2460 5531 3686 5581; baseline 0.015 -23"><span class='ocrx_word' id='word_1_639' title='bbox 2460 5531 2535 5577; x_wconf 77' lang='grc' dir='ltr'><strong>(ο)</strong></span> <span class='ocrx_word' id='word_1_640' title='bbox 2581 5531 2624 5560; x_wconf 86' lang='lat' dir='ltr'><strong>n</strong></span> <span class='ocrx_word' id='word_1_641' title='bbox 2657 5531 2739 5572; x_wconf 83' lang='grc' dir='ltr'><strong>τις</strong></span> <span class='ocrx_word' id='word_1_642' title='bbox 2758 5531 3008 5581; x_wconf 85' lang='grc' dir='ltr'>οοηγησει</span> <span class='ocrx_word' id='word_1_643' title='bbox 3093 5531 3118 5566; x_wconf 91' lang='grc' dir='ltr'><strong>ε</strong></span> <span class='ocrx_word' id='word_1_644' title='bbox 3141 5531 3230 5568; x_wconf 86' lang='grc' dir='ltr'><strong>τον</strong></span> <span class='ocrx_word' id='word_1_645' title='bbox 3254 5531 3378 5570; x_wconf 69' lang='grc' dir='ltr'>Ααον</span> <span class='ocrx_word' id='word_1_646' title='bbox 3399 5531 3511 5573; x_wconf 84' lang='grc' dir='ltr'><strong>των</strong></span> <span class='ocrx_word' id='word_1_647' title='bbox 3532 5531 3686 5579; x_wconf 79' lang='grc' dir='ltr'>Ίουδι</span> 
     </span>
     <span class='ocr_line' id='line_1_112' title="bbox 2386 5531 3686 5714; baseline 0.016 -84"><span class='ocrx_word' id='word_1_648' title='bbox 2386 5576 2872 5714; x_wconf 47' lang='grc' dir='ltr'><strong>τὴῖ9)’1ῗὲῖκλὲσὲμῖς</strong></span> <span class='ocrx_word' id='word_1_649' title='bbox 2888 5584 2985 5655; x_wconf 81' lang='grc' dir='ltr'>τὴν</span> <span class='ocrx_word' id='word_1_650' title='bbox 3013 5531 3092 5650; x_wconf 45' lang='grc' dir='ltr'><strong>ἐξ,</strong></span> <span class='ocrx_word' id='word_1_651' title='bbox 3101 5584 3290 5653; x_wconf 76' lang='grc' dir='ltr'>ἐθνῶν,</span> <span class='ocrx_word' id='word_1_652' title='bbox 3319 5589 3418 5660; x_wconf 84' lang='grc' dir='ltr'><strong>τὴν</strong></span> <span class='ocrx_word' id='word_1_653' title='bbox 3445 5592 3532 5658; x_wconf 84' lang='grc' dir='ltr'>τό,</span> <span class='ocrx_word' id='word_1_654' title='bbox 3575 5604 3686 5651; x_wconf 84' lang='lat' dir='ltr'><strong>etc.</strong></span> 
     </span>
    </p>
   </div>
   <div class='ocr_carea' id='block_1_109' title="bbox 2614 5668 2892 5711">
    <p class='ocr_par' dir='ltr' id='par_1_109' title="bbox 2614 5668 2892 5711">
     <span class='ocr_line' id='line_1_113' title="bbox 2614 5668 2892 5711; baseline 0.014 -9"><span class='ocrx_word' id='word_1_655' title='bbox 2614 5669 2641 5702; x_wconf 84' lang='lat' dir='ltr'>U</span> <span class='ocrx_word' id='word_1_656' title='bbox 2675 5668 2754 5711; x_wconf 85' lang='grc' dir='ltr'><strong>το,</strong></span> <span class='ocrx_word' id='word_1_657' title='bbox 2789 5668 2892 5706; x_wconf 73' lang='lat' dir='ltr'><strong>CIC.</strong></span> 
     </span>
    </p>
   </div>
   <div class='ocr_carea' id='block_1_110' title="bbox 2461 5718 3153 5794">
    <p class='ocr_par' dir='ltr' id='par_1_110' title="bbox 2461 5718 3153 5794">
     <span class='ocr_line' id='line_1_114' title="bbox 2461 5718 3153 5794; baseline 0.02 -26"><span class='ocrx_word' id='word_1_658' title='bbox 2603 5721 2836 5794; x_wconf 55' lang='lat' dir='ltr'><strong>[Catenae</strong></span> <span class='ocrx_word' id='word_1_659' title='bbox 2864 5724 3153 5794; x_wconf 79' lang='grc' dir='ltr'>ἐξελεύσει.</span> 
     </span>
    </p>
   </div>
   <div class='ocr_carea' id='block_1_111' title="bbox 2461 5788 2869 5859">
    <p class='ocr_par' dir='ltr' id='par_1_111' title="bbox 2461 5788 2869 5859">
     <span class='ocr_line' id='line_1_115' title="bbox 2461 5788 2869 5859; baseline 0.012 -18"><span class='ocrx_word' id='word_1_660' title='bbox 2461 5788 2573 5859; x_wconf 89' lang='grc'><strong>(11)</strong></span> <span class='ocrx_word' id='word_1_661' title='bbox 2616 5789 2683 5846; x_wconf 81' lang='grc' dir='ltr'><em>Ἠ</em></span> <span class='ocrx_word' id='word_1_662' title='bbox 2701 5793 2869 5850; x_wconf 81' lang='lat' dir='ltr'><strong>deest.</strong></span> 
     </span>
    </p>
   </div>
  </div>
