4142 6486
171 425 317 479 113⁸1
1099 429 1189 484 ΒΕ
1230 428 1505 485 ἸἹΤΗΙΛΞ
1543 428 1807 486 PSALMC

1797 429 2294 488 )RLM.—PSAL.
2330 430 2512 486 CVIII.
3296 435 3433 496 1138

248 543 339 598 99.
385 544 472 596 Ἐν
502 543 579 614 τῷ
612 543 732 615 Θεῷ
760 544 1059 615 ποιήσομεν
1104 546 1356 618 δύναμιν,
1787 554 1832 611 Α

1230 565 1356 618 μιν,
1787 554 1832 611 Α
1930 548 2021 603 29.
2054 546 2110 601 In
2146 547 2253 603 Deo
2282 546 2548 604 faciemus
2568 548 2824 604 virtutem
2852 569 2866 604 :

246 639 339 692 30.
368 638 476 691 Kal
501 636 663 700 αὐτὸς
691 637 1032 705 ὲξουδενώσει
1057 639 1183 702 τοὺς
1213 641 1441 712 ἐχθροὺς
1473 641 1650 712 ἡμῶν.

1933 638 2020 695 50.
2058 637 2124 693 Ει
2148 639 2260 709 ipse
2290 638 2358 694 ad
2391 639 2624 694 nihilum
2649 640 2878 697 deducet
2911 640 3164 698 inimicos
3188 655 3430 703 nostros.

255 751 362 815 Εἰς
392 748 457 802 τὸ
485 748 678 813 τέλος·
713 749 954 819 ψαλμὸς
993 748 1070 814 τῷ
1095 749 1291 804 Δαϐἰδ.
1332 753 1505 806 ΨΑΑ.
1539 755 1672 806 PII'.

1659 793 1672 805 .
2001 753 2068 807 In
2101 755 2255 823 linem
2285 770 2304 808 :
2331 753 2582 808 Psalmus
2615 753 2805 810 David.
2833 753 3040 811 PSAL.
3073 754 3291 812 CVIII.

253 861 305 914 1.
349 861 405 915 ’0
426 860 580 924 Θεὸς,
613 860 710 931 τὴν
741 860 947 914 αἷνεσίν
983 879 1084 932 μου
1125 862 1200 934 μὴ
1227 866 1669 936 παρασιωπήσῃς
1690 882 1704 897 ο

1388 866 1669 936 σιωπήσῃς
1690 882 1704 897 ο
1933 866 1984 918 1.
2017 864 2180 932 Deus,
2207 865 2422 922 laudem
2460 883 2636 922 meam
2668 883 2734 922 ne
2759 869 3024 924 tacueris:

249 953 308 1006 2.
336 954 459 1006 Ὀτι
494 954 667 1024 στόμα
698 953 1021 1025 ἁμαρτωλοῦ
1045 994 1059 1019 ,
1110 956 1204 1008 καὶ
1253 956 1429 1027 στόμα
1465 955 1637 1010 δολίου
1672 960 1758 1010 ἐπ’

1931 955 1986 1010 2.
2017 957 2155 1024 Quia
2178 973 2241 1013 os
2264 963 2591 1029 peccatoris,
2612 969 2665 1015 et
2694 976 2758 1017 os
2784 960 2961 1017 dolosi
2982 976 3144 1032 super
3167 978 3253 1019 me
3279 979 3435 1036 aper-

171 1042 284 1112 ὲμὲ
313 1042 558 1113 ἠνοίχθη.

473 1042 558 1112 οη.
1861 1058 1975 1104 tum
2007 1061 2109 1105 est.

251 1138 306 1192 3.
348 1135 643 1207 Ἐλὰλησαν
667 1139 785 1191 κατ’
805 1136 939 1208 ἐμοῦ
965 1137 1188 1210 γλώσσῃ
1217 1139 1369 1210 δολία
1390 1157 1402 1168 ·

1933 1141 1985 1196 3.
2021 1139 2213 1197 Loculi
2238 1153 2367 1198 sunt
2396 1145 2690 1201 adversum
2721 1159 2809 1201 me
2835 1144 3020 1216 lingua
3043 1145 3234 1202 dolosa
3260 1167 3273 1202 :

253 1230 310 1284 4.
346 1231 454 1282 Kal
487 1230 665 1298 λύγοις
695 1229 885 1302 μίσους
910 1230 1227 1284 ἐκύκλωσαν
1254 1249 1320 1302 με
1345 1251 1358 1263 ο

1934 1233 1984 1287 1.
2020 1233 2084 1287 Ει
2111 1235 2457 1290 sermonibus
2491 1236 2601 1291 odii
2635 1235 3216 1293 circumdederuntme
3244 1255 3259 1292 :

254 1324 311 1379 5.
344 1324 453 1378 Kal
481 1323 829 1394 ἐπολέμησαν
879 1341 946 1395 με
981 1324 1209 1394 δωρεάν.

1934 1325 1986 1380 5.
2023 1325 2088 1379 Et
2111 1336 2561 1397 expugnaverunt
2588 1343 2674 1384 me
2700 1330 2886 1398 gratis.

252 1415 308 1470 6.
345 1415 490 1469 ’szl
520 1415 616 1468 τοῦ
651 1416 873 1486 ἀγαπᾷν
900 1433 967 1487 με
1002 1416 1338 1470 ὲνδιέὸαλλόν
1374 1435 1440 1488 με
1461 1435 1475 1450 ο

1933 1418 1986 1473 6.
2019 1417 2124 1472 Pro
2149 1434 2212 1474 eo
2242 1428 2302 1473 ut
2326 1435 2412 1474 me
2446 1420 2754 1491 diligerent,
2789 1421 3148 1478 detrahebant
3171 1422 3341 1477 mihi:

251 1507 309 1562 7.
351 1505 492 1575 Ἐγὼ
513 1507 569 1560 δὲ
601 1508 1012 1581 προσηυχόμην.

978 1526 1012 1562 θ.
1935 1510 1986 1564 7.
2023 1511 2133 1581 Ego
2162 1521 2340 1566 autem
2370 1512 2614 1569 orabam.

252 1598 309 1652 8.
337 1600 445 1652 Kal
469 1599 652 1653 ἔθεντο
679 1600 801 1653 κατ’
829 1600 965 1672 ἐμοῦ
999 1602 1145 1656 κακὰ
1175 1601 1295 1655 ἀντὶ
1320 1601 1537 1671 ἀγαθῶν
1569 1619 1582 1633 ο

1935 1606 1989 1661 8.
2028 1605 2093 1660 Ει
2124 1618 2426 1676 posuerunt
2460 1607 2749 1662 adversum
2795 1623 2884 1664 me
2929 1607 3072 1663 mala
3112 1623 3212 1680 pro
3243 1609 3432 1666 bonis:

252 1695 307 1746 9.
342 1695 451 1747 Kal
482 1696 637 1763 μῖσος
657 1695 780 1748 ἀντὶ
807 1694 908 1766 τῆς
933 1695 1264 1766 ἀγαπήσεώς
1292 1714 1416 1766 μου.

1292 1714 1416 1766 μου.
1936 1699 1989 1754 9.
2021 1696 2086 1752 Et
2111 1697 2295 1752 odium
2325 1712 2424 1768 pro
2445 1699 2737 1754 dilectione
2763 1715 2904 1756 mea.

256 1786 343 1840 10.
376 1787 736 1859 Κατάστησον
764 1789 849 1841 ἐπ’
873 1788 1037 1842 αὑτὸν
1063 1789 1390 1860 ἁμαρτωλὸν
1411 1804 1426 1819 ’

1940 1789 2027 1844 10.
2059 1789 2344 1846 Constitue
2375 1806 2541 1861 super
2567 1805 2693 1846 eum
2723 1801 3064 1862 peccatorem
3089 1812 3101 1848 :

257 1881 346 1936 11.
383 1883 492 1935 Kal
521 1882 767 1947 διάὸολος
802 1885 982 1953 στήτω
1004 1884 1069 1936 ὲκ
1100 1882 1291 1948 δεξιῶν
1314 1881 1480 1936 αὑτοῦ
1797 1897 1840 1952 Β

1377 1881 1480 1936 ιτοῦ
1797 1897 1840 1952 Β
1941 1885 2026 1939 11.
2057 1883 2121 1939 Et
2153 1884 2403 1939 diabolus
2432 1893 2537 1940 stet
2569 1899 2600 1939 a
2634 1884 2843 1939 dextris
2873 1885 3013 1956 ejus.

256 1973 346 2026 12.
390 1974 577 2046 Ἐντῷ
605 1974 885 2046 κρίνεσθαι
923 1976 1104 2044 αὑτὸν,
1159 1974 1364 2040 ἐξέλθοι
1401 1974 1758 2028 καταδεδικα-

1659 1991 1758 2028 κα-
1941 1975 2025 2030 12.
2056 1975 2192 2029 Cum
2221 1975 2500 2046 judicatur
2526 1975 2663 2043 ipse,
2691 1986 2847 2032 exeat
2867 1977 3295 2035 condemnatus.

182 2064 382 2138 σμένος
411 2081 423 2095 ’

1314 2249 1691 2306 ATHANASII
1743 2244 2328 2304 INTERPRETA'IIO.

255 2429 348 2484 29.
395 2429 480 2482 Ἐν
541 2428 617 2500 τῷ
672 2428 789 2500 Θεῷ
825 2429 912 2483 διὰ
967 2427 1067 2500 τῆς
1108 2428 1343 2491 πίστεως
1395 2427 1624 2496 δύναμιν
1671 2427 1772 2479 θῶ-

1590 2445 1624 2480 ,ν
1671 2427 1772 2479 θῶ-
1947 2423 2039 2482 29.
2072 2423 2132 2480 ln
2159 2422 2271 2481 Deo
2291 2438 2389 2496 per
2417 2423 2577 2479 ﬁdem
2603 2423 2858 2478 virtutem
2889 2420 3226 2493 reponimus.

231 2541 290 2576 εν
351 2522 370 2576 1
411 2561 422 2576 .

186 2541 230 2594 μ
257 2522 348 2669 30(.
377 2524 485 2669 Kal
505 2613 665 2678 αὐτὸς
685 2613 931 2678 ἀσθενεῖς
953 2615 1171 2684 ποιήσει
1189 2614 1314 2676 τοὺς
1331 2612 1560 2684 ἐχθροὺς
1585 2607 1762 2682 ἡμῶν.

1667 2607 1762 2664 ῶν.
1945 2605 2037 2663 50.
2063 2606 2129 2663 Et
2154 2607 2272 2678 ipse
2301 2605 2548 2661 inﬁrmos
2577 2605 2762 2662 reddet
2787 2605 3041 2662 inimicos
3055 2600 3303 2663 'nostros.

271 2790 338 2841 'll
370 2789 705 2862 προκειμένη
740 2791 1021 2860 ἐπιγραφὴ
1051 2791 1296 2860 περιέχει
1329 2790 1406 2860 (’2)
1431 2806 1445 2820 ο
1477 2791 1604 2841 Ὅτι
1632 2789 1666 2842 ὀ
1693 2786 1937 2859 ψαλμὸς
1964 2788 2054 2852 εις
2078 2785 2152 2840 τὰ
2173 2784 2316 2854 τέλη
2337 2785 2561 2854 εἴρηται
2591 2784 2708 2839 τῶν
2732 2787 3086 2856 μελλόντων
3105 2786 3445 2858 συμϐήσεεν

183 2883 268 2949 τῷ
293 2882 477 2949 ἱκανῷ
509 2881 584 2952 τῇ
605 2883 777 2952 χειρὶ,
819 2884 1064 2936 τουτέστι
1090 2881 1168 2953 τῷ
1208 2881 1318 2952 Υἰῴ
1351 2881 1445 2934 τοῦ
1479 2880 1636 2934 Θεοῦ.

268 2973 486 3032 Titulus
516 2977 840 3049 prmpositus
868 2977 1112 3032 continet
1139 2995 1150 3030 :
1181 2975 1333 3041 Quod
1365 2973 1613 3030 Psalnrus
1644 2974 1823 3031 dictus
1853 2983 1932 3032 est
1960 2977 2026 3031 de
2061 2975 2130 3031 iis
2160 2987 2278 3043 qua
2313 2971 2367 3024 in
2401 2968 2502 3023 ﬁne
2523 2978 2768 3025 eventura
2790 2981 2938 3026 erant
2969 2987 3128 3026 manu
3155 2972 3305 3042 forti,
3346 2973 3444 3027 hoc

191 3084 284 3129 est
307 3073 402 3130 Dei
427 3071 586 3128 Filio.

267 3250 316 3302 Ι.
358 3251 416 3302 '0
448 3249 580 3313 Θεὸς
627 3251 656 3302 ὁ
705 3249 896 3319 Πατήρ
933 3265 1058 3319 μου,
1089 3248 1117 3300 ὁ
1159 3247 1317 3319 μόνος
1360 3264 1428 3318 με
1457 3244 1764 3314 γινώσκων,
1792 3251 1836 3309 C

1812 3251 1836 3309 ζ
1936 3244 1987 3300 1.
2021 3242 2165 3302 Deus
2194 3243 2352 3301 Pater
2380 3260 2558 3313 meus,
2584 3244 2678 3315 qui
2703 3244 2854 3300 solus
2881 3259 2968 3299 me
2991 3244 3300 3316 cognoscis,
3331 3246 3448 3316 κιο-

187 3341 291 3412 τὴν
325 3339 482 3404 δόξαν
516 3358 616 3411 μον
646 3341 962 3412 φανέρωσον
986 3341 1070 3404 τίς
1107 3341 1362 3412 ὑπάρχει.

1235 3358 1362 3412 σχει,
1873 3335 2012 3391 riam
2041 3350 2218 3390 meam
2247 3333 2537 3389 manifesta
2564 3333 2742 3404 qualis
2768 3339 2871 3387 est.

261 3433 319 3488 ‘2.
357 3434 478 3486 Ὅτι
505 3433 580 3496 ὡς
617 3432 713 3487 ἕνα
741 3433 850 3486 τῶν
872 3433 1176 3506 ἀνθρώπων
1197 3427 1353 3496 οὗτος
1385 3435 1415 3487 ὁ
1451 3431 1773 3506 ἁμαρτωλὸς

1946 3427 2001 3484 2.
2039 3425 2308 3494 Quoniam
2334 3425 2502 3481 veluti
2555 3426 2624 3479 ad
2673 3439 2843 3478 unum
2892 3439 2957 3479 ex
2994 3424 3328 3490 hominibus,
3375 3427 3448 3481 ita

187 3527 218 3577 ὸ
253 3525 332 3592 (5)
393 3524 590 3586 Ἰούδας
625 3525 762 3594 μετὰ
810 3524 960 3577 δόλου
991 3521 1154 3594 ἦλθεν
1207 3525 1430 3594 φιλῆσαί
1476 3542 1544 3593 με
1569 3523 1770 3592 λέγων·

1875 3529 2128 3590 peccator
2160 3518 2329 3574 Judas
2370 3535 2493 3574 cum
2546 3518 2672 3574 dolo
2701 3518 2849 3573 venit
2873 3517 2941 3572 ad
2977 3517 3332 3573 osculandum
3362 3535 3445 3574 me

191 3613 392 3681 Χαῖρε,
425 3613 645 3668 Ῥασόἰ.

1874 3610 2060 3665 dicens
2085 3628 2099 3664 :
2131 3611 2258 3676 Ave,
2288 3608 2457 3662 Rabbi
2481 3609 2547 3663 ³⁹.

267 3707 321 3760 5.
360 3705 620 3759 Σννέοετο
657 3705 794 3776 μετὰ
819 3705 928 3758 τῶν
976 3705 1242 3758 Ἰουδαίων
1276 3707 1462 3757 λαοεῐν
1496 3705 1572 3771 (4)
1602 3702 1770 3776 ἀργύ-

1946 3703 1999 3757 5.
2031 3701 2297 3756 Convenit
2317 3717 2443 3757 cum
2465 3701 2671 3757 Judzis
2695 3709 2980 3771 argentum
3011 3701 3080 3756 ab
3101 3702 3183 3758 eis
3207 3703 3450 3774 accipere

194 3817 292 3871 ρια
323 3799 448 3870 παρ’
479 3799 678 3861 αὐτῶν,
720 3798 816 3850 καὶ
845 3797 1178 3868 παραδοῦναί
1210 3815 1298 3868 με.

720 3798 816 3850 καὶ
845 3797 1178 3868 παραδοῦναί
1210 3815 1298 3868 με.
1878 3804 1940 3850 ut
1975 3811 2058 3850 me
2083 3797 2346 3850 traderet.

269 3893 324 3946 4.
357 3894 467 3946 Καὶ
506 3891 922 3962 βουλευσάμενοι
957 3891 1275 3945 ἐκύκλωσαν
1313 3909 1399 3962 με.

1949 3891 2002 3946 4.
2035 3890 2102 3947 Ει
2131 3891 2266 3946 inito
2293 3890 2524 3947 consilio
2548 3889 3024 3945 circumdederunt
3059 3905 3165 3945 me.

275 3985 326 4037 5.
363 3984 473 4037 Kal
510 3985 647 4053 μετὰ
674 3983 846 4050 ξύλων
874 3985 968 4036 καὶ
1004 3983 1287 4054 μαχαιρῶν
1337 3983 1582 4048 ἐλθόντες
1616 3984 1780 4056 ἐκρά-

1945 3985 1998 4040 5.
2039 3984 2253 4040 Etcum
2296 3983 2531 4040 fustibus
2574 3991 2629 4037 et
2656 3983 2850 4053 gladiis
2883 3983 3165 4040 venientes
3200 3997 3450 4050 compre-

197 4074 376 4146 τησάν
403 4092 469 4144 με
492 4074 710 4138 ἀδίκως.

1881 4077 2189 4134 benderunt
2221 4091 2307 4133 me
2336 4077 2554 4147 injuste.

274 4169 329 4221 ti.
376 4167 550 4240 ’Υπὲρ
579 4160 652 4220 ὧν
672 4166 902 4237 ὤφειλον
931 4167 1150 4239 ἀγαπᾷν
1198 4185 1267 4240 με
1293 4208 1308 4234 ,
1339 4169 1419 4222 ὅτι
1465 4169 1588 4233 τοὺς
1622 4169 1782 4224 ἀσθε-

1949 4169 2003 4224 6.
2030 4167 2136 4224 Pro
2169 4169 2235 4223 iis
2269 4170 2340 4223 ob
2369 4185 2491 4239 quae
2520 4168 2782 4222 debebant
2809 4181 2896 4222 me
2915 4166 3158 4236 diligere,
3188 4166 3335 4238 quod
3362 4183 3453 4224 eo-

198 4261 427 4325 νοῦντας
457 4261 634 4314 αὐτῶν
670 4261 929 4332 ἰασάμην,
952 4261 1292 4332 κατηγόρουν
1315 4279 1415 4332 μου
1450 4261 1550 4331 (5).

1377 4279 1415 4312 ιο
1450 4261 1550 4331 (5).
1882 4278 2001 4318 rum
2039 4261 2284 4316 inﬁrmos
2307 4260 2516 4325 sanavi,
2546 4259 2874 4315 accusabant
2907 4273 3013 4313 me.

277 4354 332 4406 7.
384 4353 524 4421 Ἐγὼ
551 4353 608 4406 δὲ
634 4353 1026 4423 προσηυχόμην
1045 4353 1215 4405 τύπον
1236 4357 1345 4417 τοῖς
1379 4354 1647 4425 μαθηταῖς
1681 4372 1781 4425 μου

1958 4354 2010 4408 7.
2043 4352 2156 4423 Ego
2187 4361 2365 4408 autem
2413 4353 2659 4416 orabam,
2704 4351 3010 4420 exemplum
3040 4351 3288 4421 pra-hens
3317 4353 3454 4408 meis

198 4445 381 4508 διδοὺς
419 4446 475 4496 ἐν
503 4443 678 4515 καιρῷ
713 4443 1026 4516 πειρασμοῦ
1057 4445 1230 4510 οὕτως
1254 4447 1676 4518 προσεύχεσθαι.

1885 4444 2170 4514 discipulis
2203 4451 2448 4513 tempore
2477 4441 2844 4496 tribulationis
2874 4441 3125 4495 similiter
3151 4456 3330 4498 orare.

276 4537 330 4592 8.
367 4537 475 4591 Kal
506 4535 712 4608 ῶρισαν
738 4538 1088 4610 ἀναιρεθῆναι
1131 4557 1200 4610 με.
1244 4540 1365 4594 ἀντὶ
1389 4539 1496 4593 τῶν
1523 4539 1744 4609 ἀγαθῶν
1763 4581 1779 4606 ,
1814 4600 1849 4610 ⁸

1820 4600 1849 4610 λ
1955 4537 2008 4592 8.
2046 4535 2114 4590 Et
2156 4545 2462 4590 statuerunt
2501 4549 2588 4589 me
2643 4534 2946 4589 interﬁcere
2995 4547 3094 4604 pro
3136 4533 3294 4589 bonis
3335 4549 3456 4606 qua:

203 4624 283 4683 ῶν
307 4629 394 4682 ἀεὶ
430 4600 704 4699 παρέσχον
736 4600 942 4692 αὑτοξς.
986 4600 998 4609 ’
1131 4600 1145 4610 1
1571 4600 1582 4609 ’
1766 4600 1776 4606 ⁷
1813 4600 1839 4656 ί

821 4600 942 4692 ιοξς.
986 4600 998 4609 ’
1131 4600 1145 4610 1
1571 4600 1582 4609 ’
1766 4600 1776 4606 1
1813 4600 1856 4656 D
1887 4644 2103 4700 semper
2127 4628 2208 4684 eis
2233 4628 2457 4699 praebui.

278 4721 330 4774 9.
370 4720 478 4773 Kal
515 4722 636 4774 ἀντί
661 4721 762 4792 τῆς
783 4722 1022 4792 ἀγάπης,
1051 4716 1118 4794 ἧς
1154 4723 1266 4797 ἐγὼ
1297 4723 1565 4794 ἠγάπησα
1593 4724 1790 4789 αὐτοὺς

1954 4725 2008 4779 9.
2035 4721 2102 4777 Et
2125 4737 2224 4794 pro
2252 4720 2543 4777 dilectione
2579 4735 2687 4792 qua
2727 4735 2823 4778 eos
2867 4736 2968 4795 ego
2999 4721 3184 4790 dilexi,
3214 4721 3343 4775 odio
3374 4736 3458 4774 me

205 4814 309 4885 (6),
332 4813 556 4883 ἐμίσουν
585 4831 672 4883 με.

585 4831 672 4883 μευ
1888 4814 2216 4870 habuerunt.

283 4906 371 4970 10,
427 4905 512 4961 11.
563 4907 802 4978 ’Δρχέτω
855 4908 1059 4972 αὐτοῦ,
1119 4907 1213 4962 καὶ
1287 4906 1630 4978 κυριευσάτω
1695 4907 1789 4960 ἀπ’

1960 4904 2048 4971 10,
2085 4904 2170 4957 11.
2197 4901 2253 4956 In
2303 4917 2370 4956 eo
2416 4899 2704 4971 imperium
2747 4916 2812 4957 ac
2838 4899 3266 4956 dominationem
3305 4911 3460 4952 excr-

208 5000 387 5070 ἀρχῆς
416 4997 493 5068 (7)
519 4999 842 5070 ἁμαρτωλὸς
865 5001 893 5052 ὁ
919 4998 1182 5062 διάσολος.

1886 5006 2005 5055 ceat
2027 4996 2298 5062 diabolus,
2332 4993 2424 5065 qui
2459 4994 2564 5049 fuit
2596 4994 2665 5049 ab
2691 4993 2848 5048 initio
2874 5001 3148 5063 peccator.

288 5088 373 5142 12.
413 5087 842 5159 Ἀναπολόγητος
868 5088 1009 5142 ἔστω
1031 5091 1090 5145 ὲν
1116 5092 1182 5162 τῇ
1201 5088 1386 5163 ἡμέρᾳ
1403 5088 1505 5161 τῆς
1534 5091 1768 5162 κρίσεως

1355 5088 1505 5161 ᾳτῆς
1534 5091 1768 5162 κρίσεως
1959 5089 2047 5146 12.
2079 5088 2472 5146 Inexcusabilis
2493 5088 2564 5144 sit
2592 5087 2646 5142 in
2673 5088 2760 5143 die
2783 5085 2991 5159 judicii.

289 5271 334 5304 ⁸⁹
367 5269 554 5326 Mattb.
589 5287 738 5337 xxvr,
773 5271 859 5326 49.

1163 5412 1470 5477 Addenda
1508 5420 1570 5477 et
1602 5413 1976 5495 corrigenda
2005 5431 2085 5477 ex
2112 5415 2254 5477 cod.
2293 5411 2489 5474 Vatic.

398 5580 833 5656 ᾼνναμωβῶμεν.
896 5652 940 5656 Η
1250 5653 1260 5656 _
1410 5655 1417 5656 ί
1959 5584 2034 5656 (ι)
2068 5584 2399 5656 Λαμῦάνειν.

292 5599 368 5649 (ιι
398 5599 538 5636 nova
631 5599 833 5653 υωμεν.

292 5639 462 5740 (353"
489 5599 1098 5740 ἕιῖῗῆςβικνςσάρξωί
1110 5653 1348 5740 τεεριέιίι
1368 5671 1378 5683 ·
1401 5655 1493 5740 είς

1959 5599 2034 5656 μ)
2068 5599 2399 5656 Λαμοανειν.

1553 5656 1779 5740 τὶτέλῇν
1959 5657 2038 5740 £52)
2073 5658 2196 5740 1‘!“-
2270 5727 2281 5740 .
2466 5717 2523 5740 .,
2566 5718 2818 5740 ---ω

215 5717 431 5806 ψαλμὸς
454 5724 532 5806 τῶ
560 5717 743 5780 Δαϐίδ.
777 5717 1050 5779 Τοῦτοοῦν
1071 5717 1238 5794 δηλοῖ,
1267 5717 1408 5793 ³Ὁτι,
1434 5717 1537 5782 ctc.
1565 5717 1783 5797 Συμὸἧὲ
2078 5727 2435 5806 Ἀγαπήισέως
2462 5717 2528 5806 ᾖς
2559 5718 2822 5806 ηγάπησα
2856 5717 3050 5780 αὐτοὺς
3093 5717 3225 5785 ἐγώ,
3260 5720 3366 5769 etc.

219 5796 419 5868 uagas
440 5796 536 5868 τῷ,
561 5808 666 5850 etc.
1646 5796 1653 5797 ⁷

1646 5796 1653 5797 ί
1965 5796 2042 5868 (7)
2073 5797 2247 5851 Αὑτοῦ
2277 5796 2305 5849 δ
2339 5797 2432 5851 ἀπ’
2459 5796 2651 5864 ἀρχῆς,
2681 5799 2783 5846 etc.

293 5864 369 5936 (δ)
407 5864 458 5917 Ὀ
486 5867 656 5921 deest.
