4142 6490
735 411 870 467 1139
1571 411 1624 463 S.
1669 409 2042 466 ATHANASII
2081 408 2232 463 OPP.
2273 409 2451 462 PARS
2482 406 2568 461 lll.
2610 436 2679 448 -—-
2715 406 3127 464 EXEGETICA.
3843 413 3978 466 1N0

807 528 891 582 15.
921 527 988 582 Et
1017 527 1191 580 oratio
1222 526 1341 596 ejus
1370 525 1464 579 ﬁat
1485 541 1540 579 tn
1570 537 1875 596 peccatum.
2316 530 2364 585 Α

2319 530 2364 585 Α
2461 523 2546 576 15.
2583 523 2689 576 Kal
2714 525 2746 593 ἡ
2777 525 3053 596 προσευχὴ
3073 524 3238 578 αὑτοῦ
3267 526 3514 595 γενέσθω
3536 529 3622 591 εἰς
3657 529 3955 600 ἁμαρτίαν.

807 620 890 672 11.
920 617 1080 672 Fiant
1110 617 1224 673 dies
1248 617 1369 687 ejus
1392 619 1550 688 pauci
1578 633 1594 670 :

2471 614 2554 667 H.
2592 614 2630 665 Γ
2633 614 2983 684 ενηθήτωσαν
3011 616 3066 669 αἱ
3096 618 3300 688 ἡμέραι
3328 617 3495 671 αὑτοῦ
3529 619 3711 687 ὀλίγαι

809 711 889 764 15.
928 710 991 762 Et
1024 709 1392 779 episcopatum
1423 710 1540 778 ejus
1562 711 1792 780 accipiat.
1819 711 1974 765 alter.

2470 706 2553 758 15.
2593 706 2703 760 Kal
2725 707 2823 777 τὴν
2852 707 3154 778 ἐπισκοπὴν
3179 707 3343 761 αὐτοῦ
3377 708 3533 761 λάϐοι
3553 710 3763 780 ἕτερος.

806 799 890 850 16.
921 795 1077 850 Fiant
1105 796 1198 850 ﬁlii
1228 797 1348 866 ejus
1370 797 1598 866 orpltani
1623 816 1634 852 :

2470 797 2552 849 16.
2585 797 2975 868 Γενηθήτωσαν
3004 799 3054 850 οἱ
3079 799 3184 851 ulol
3207 799 3372 852 αὑτοῦ
3405 800 3666 871 ὀρφανοί·

803 891 885 943 17.
915 888 981 942 Et
1007 905 1143 943 uxor
1169 890 1289 959 ejus
1319 890 1494 943 vidua.

2469 889 2554 943 17.
2584 891 2692 944 Kal
2722 891 2756 960 ἡ
2790 891 2926 961 γυνὴ
2946 890 3108 943 αὐτοῦ
3134 892 3295 962 χήρα.

807 982 888 1035 18.
918 981 1181 1035 Nutantes
1234 981 1630 1037 transferantur
1684 983 1778 1037 lilii
1825 982 1943 1053 ejus
1983 992 2038 1037 et
2081 982 2290 1036 mendi-

2472 979 2554 1033 18.
2594 980 2948 1051 Σαλευόμενοι
2985 983 3478 1052 μεταναστήτωσαν
3524 984 3573 1035 οἱ
3626 982 3738 1036 υἱοὶ
3787 984 3973 1045 αὐτοῦ,

735 1083 854 1129 rent
877 1093 892 1128 :

2401 1073 2490 1124 καὶ
2514 1072 2987 1142 ἐπαιτησάτωσαν·

808 1168 888 1220 19.
921 1165 1216 1234 Ejiciantur
1240 1166 1307 1222 de
1333 1168 1761 1223 habitationibus
1783 1168 1918 1224 suis.

2469 1162 2553 1216 19.
2589 1161 3040 1235 Ἐκϐληθήτωσαν
3064 1165 3128 1217 ἐκ
3156 1165 3263 1218 τῶν
3290 1165 3588 1218 οἰκοπέδων
3628 1167 3838 1218 αὐτῶν.

796 1255 888 1308 20.
921 1254 1202 1309 Scrutetur
1221 1255 1495 1311 fenerator
1517 1272 1735 1314 omnem
1757 1259 2112 1315 substantiam
2137 1259 2287 1317 eius:

2465 1255 2552 1308 20.
2601 1255 3036 1326 Ἐξερευνησάτω
3062 1256 3344 1326 δανειστὴς
3382 1257 3561 1310 πάντα
3588 1299 3602 1322 ,
3651 1259 3758 1312 ὅσα
3790 1258 3973 1329 ὑπάρ-

2400 1359 2481 1412 χει
2517 1360 2665 1412 αυτῳ
2686 1360 2699 1372 ·

799 1437 884 1490 21.
915 1435 980 1492 Et
1011 1437 1269 1507 diripiant
1291 1437 1453 1492 alieni
1483 1439 1699 1494 labores
1723 1439 1864 1508 ejus.

2465 1434 2553 1487 2|.
2573 1434 3142 1506 Καὶδιαρπασάτωσαν
3159 1436 3559 1508 ἀλλότριοιτοὺς
3577 1439 3776 1502 πόνους
3787 1439 3971 1492 αὑτοῦ.

798 1530 886 1583 22.
920 1527 1038 1584 Non
1062 1531 1133 1586 sit
1164 1531 1239 1584 illi
1266 1530 1479 1598 adjutor

2467 1525 2556 1577 22.
2589 1526 2678 1596 Μὴ
2712 1526 3006 1597 ὑπαρξάτω
3032 1526 3181 1596 αὐτῷ
3213 1527 3588 1599 ἅντιλήπτωρ·

795 1624 886 1676 25.
926 1620 1032 1676 Nec
1062 1622 1133 1676 sit
1153 1623 1243 1691 qui
1279 1623 1601 1676 misereatur
1627 1620 1842 1690 pupillis
1871 1621 2009 1691 ejus.

2465 1619 2552 1672 25.
2580 1619 2730 1687 Μηδὲ
2754 1619 3035 1690 γενηθήτω
3053 1619 3353 1688 οἰκτίρμων
3373 1623 3485 1683 τοίς
3504 1621 3604 1689 ὁρεξ
3615 1624 3764 1683 ανοῖς
3789 1620 3972 1674 αὑτοῦ.

799 1714 888 1766 2t.
920 1713 1077 1767 Fiant
1113 1713 1224 1768 nati
1250 1712 1369 1782 ejus
1397 1712 1450 1766 in
1484 1714 1793 1767 interitum:

2464 1709 2553 1762 21.
2589 1709 2874 1780 Γενηθήτω
2899 1709 2969 1763 τὰ
2995 1709 3164 1763 τέκνα
3194 1708 3360 1763 αὑτοῦ
3382 1712 3462 1772 είς
3491 1710 3870 1782 ἐξολόθρευσιν
3889 1727 3904 1742 ·

797 1804 885 1856 25.
924 1803 980 1857 In
1015 1804 1359 1874 generatione
1390 1819 1498 1858 una
1529 1803 1772 1858 deleatur
1802 1819 1997 1857 nomen
2029 1803 2168 1875 ejus.

2463 1799 2550 1852 25.
2594 1799 2680 1851 Ἐν
2710 1801 2870 1869 γενεᾷ
2907 1802 3003 1869 μιᾷ
3027 1799 3372 1869 ἐξαλειφθείη
3398 1799 3457 1852 τὸ
3480 1801 3653 1870 ὄνομα
3691 1800 3883 1854 αὐτοῦ.

793 1894 883 1947 26.
921 1896 978 1949 ln
1003 1896 1319 1949 memoriam
1345 1895 1528 1951 redeat
1557 1895 1815 1965 iniquitas
1850 1906 2061 1966 patrum
2085 1897 2204 1966 ejus
2241 1899 2290 1951 in
2326 1891 2366 1946 Β

2334 1892 2366 1946 Β
2463 1891 2551 1945 26.
2599 1890 2996 1961 Ἀναμνησθείη
3023 1892 3057 1962 ἡ
3104 1891 3301 1962 ἀνομία
3353 1890 3464 1944 τῶν
3512 1891 3772 1963 πατέρων
3810 1891 3970 1945 αὐτοῦ

728 1998 1014 2054 conspectu
1050 1985 1259 2040 Domini
1284 2005 1296 2039 :

1200 1988 1259 2039 lui
1284 2005 1296 2039 :
2396 1984 2575 2038 ἔναντι
2600 1984 2802 2055 Κυρίου
2824 2001 2836 2014 ·

796 2079 882 2130 27.
918 2076 980 2132 Et
1005 2087 1279 2146 peccatum
1316 2079 1505 2132 matris
1530 2078 1649 2149 ejus
1680 2095 1786 2133 non
1816 2080 2083 2136 deleatur.

2462 2081 2552 2134 27.
2587 2081 2696 2133 Kal
2726 2083 2758 2150 ὴ
2786 2081 3027 2152 ἁμαρτία
3055 2083 3154 2153 τῆς
3191 2085 3396 2154 μητρὸς
3444 2083 3610 2135 αὑτοῦ
3662 2086 3739 2155 μὴ
3772 2085 3972 2149 ἐξαλει-

2400 2172 2576 2241 φθείη.

793 2257 880 2310 28.
913 2256 1068 2311 Fiant
1095 2268 1282 2313 contra
1311 2257 1601 2313 Dominum
1636 2274 1846 2329 semper
1881 2278 1894 2313 :

2462 2261 2550 2316 28.
2581 2260 2970 2331 Γενηθήτωσαν
2997 2263 3238 2316 ἐναντίον
3265 2262 3470 2335 Κυρίου
3491 2262 3791 2327 διαπαντός
3818 2281 3833 2293 ⁸

794 2349 883 2403 29.
918 2348 983 2402 Et
1011 2350 1281 2420 dispereat
1309 2351 1376 2406 de
1410 2361 1555 2406 terra
1593 2353 1854 2406 memoria
1887 2365 2094 2404 eorum.

2459 2352 2548 2428 29.
2569 2351 2677 2404 Kal
2698 2351 2876 2416 ἐξολοθ
2886 2353 3101 2425 ρευθείη
3118 2355 3182 2407 ἐκ
3202 2355 3304 2425 γῆς
3322 2355 3381 2407 τὸ
3400 2355 3750 2426 μνημόσυνον
3769 2355 3965 2409 αὐτῶν.

793 2441 881 2495 50.
917 2439 1019 2495 Pro
1042 2457 1107 2496 eo
1136 2442 1278 2511 quod
1311 2457 1420 2495 non
1453 2451 1537 2497 est
1567 2442 1885 2496 recordatus
1913 2439 2092 2494 facere
2119 2440 2282 2494 mise-

2048 2455 2092 2494 re
2119 2440 2282 2494 mise-
2459 2442 2546 2496 30.
2589 2441 2733 2496 Ἀνθ⁹
2759 2436 2832 2496 ὧν
2864 2441 2964 2496 οὐκ
2985 2443 3231 2516 ἐμνήσθη
3257 2445 3479 2515 ποιῆσαι
3500 2444 3652 2508 ἔλεος
3669 2462 3684 2476 ο

727 2531 1016 2586 rlcordiam
1038 2550 1053 2585 :

1856 2756 2224 2815 ATHANASII
2262 2755 2835 2816 lNTERPRETATlO.

795 2961 878 3018 15.
916 2959 982 3015 Ει
1011 2976 1106 3017 cor
1137 2962 1257 3030 ejus
1287 2963 1379 3016 liat
1402 2963 1455 3016 in
1479 2963 1751 3018 tenebras.

2456 2961 2539 3016 15.
2570 2961 2679 3014 Kal
2705 2965 2737 3033 ἡ
2766 2961 2960 3034 καρδία
2987 2963 3152 3016 αὑτοῦ
3181 2962 3421 3032 γενέσθω
3441 2966 3522 3028 είς
3556 2966 3768 3027 σκότος.

793 3050 878 3102 14.
914 3049 1112 3104 Eadem
1141 3049 1286 3104 enim
1313 3050 1400 3104 die
1425 3051 1617 3106 abiens
1645 3067 1704 3107 se
1731 3052 2033 3123 suspendit.

2013 3070 2033 3106 ’..
2455 3052 2538 3106 H.
2575 3053 2894 3127 Δύθήμερον
2923 3056 3029 3127 γὰρ
3058 3055 3307 3108 ἀπελθὼν
3340 3055 3649 3125 ἀπήγξατο.

790 3143 870 3200 15.
904 3141 1185 3207 Matthias,
1211 3159 1321 3199 non
1353 3151 1531 3197 autem
1569 3144 1912 3214 publicanus.

1655 3144 1912 3200 blicanus.
2455 3143 2538 3196 15.
2566 3145 2835 3209 Ματθίας,
2861 3145 2958 3216 οὐχ
2984 3148 3012 3199 ὁ
3035 3145 3291 3215 τελώνης.

786 3233 874 3287 16.
902 3233 1077 3303 Opera
1102 3234 1225 3303 ejus
1259 3233 1492 3288 inutilia.

2457 3233 2542 3286 16.
2574 3235 2655 3288 Τὰ
2679 3236 2814 3305 ἔργα
2835 3236 2996 3288 αὑτοῦ
3033 3236 3240 3306 μάταια
3270 3235 3366 3306 (1).

788 3323 879 3377 17.
912 3323 976 3376 Ει
1009 3323 1190 3376 anima
1216 3323 1335 3391 ejus
1367 3322 1602 3394 direpta.
2311 3363 2351 3417 υ

2311 3363 2351 3417 c
2456 3325 2539 3377 17.
2577 3326 2684 3378 Kal
2718 3326 2919 3397 ἡψυχὴ
2948 3326 3114 3379 αὑτοῦ
3147 3327 3579 3400 διαρπαζομένη.

788 3413 874 3469 18.
903 3415 962 3468 1η
987 3423 1226 3485 egestate
1254 3414 1559 3471 intellectus
1589 3430 1748 3472 mens
1769 3417 1888 3486 ejus
1914 3416 2193 3472 consistat.
2320 3413 2351 3417 ᾖ

2328 3413 2351 3417 ﬁ
2456 3416 2542 3470 18.
2590 3416 2676 3470 Ἐν
2702 3417 2879 3488 ἐνδείᾳ
2900 3417 3167 3482 συνέσεως
3195 3419 3539 3474 καταστῶσιν
3570 3421 3626 3475 αἱ
3652 3423 3852 3492 φρένες
3878 3424 3964 3477 al-

2382 3525 2495 3560 του.

791 3592 875 3646 19.
911 3589 1138 3644 Excidat
1165 3589 1235 3644 ab
1264 3589 1383 3658 ipso
1417 3606 1569 3645 mens
1602 3591 1722 3661 ejus
1751 3592 1820 3646 ob
1847 3593 2119 3661 improbas
2150 3609 2279 3647 eon-

2453 3597 2517 3651 19
2578 3596 3027 3670 Ἐκόληθήτωσαν
3050 3600 3148 3652 ἀπ’
3173 3599 3338 3653 αὑτοῦ
3362 3601 3417 3653 αἱ
3448 3599 3650 3672 φρένες
3673 3601 3843 3653 αὑτοῦ
3860 3603 3959 3654 ὑπὸ

717 3681 1077 3739 cuoiscentias
1100 3680 1330 3739 adnatas
1361 3680 1416 3735 in
1443 3681 1605 3736 corde
1634 3697 1756 3736 suo.

2379 3691 2486 3745 τῶν
2512 3693 2570 3745 ἐν
2589 3694 2656 3762 τῇ
2688 3691 2888 3764 καρδίᾳ
2913 3690 3077 3745 αὐτοῦ
3098 3693 3396 3762 τεχθέντων
3421 3695 3682 3764 πονηρῶν
3725 3696 3958 3766 ἐνθυμή-

2382 3797 2536 3833 σεων.

783 3861 872 3916 20.
899 3857 1116 3914 Nullum
1145 3867 1426 3929 peccaturo
1467 3857 1588 3912 eius
1618 3855 1947 3911 condonabit
1989 3855 2274 3911 Dominus.

2446 3870 2536 3924 20.
2569 3870 2854 3944 Μηδεμίαν
2893 3872 3164 3944 ἁμαρτίαν
3204 3871 3280 3944 (2)
3329 3872 3492 3927 αὑτοῦ
3524 3876 3876 3947 συγχωρήσει
3930 3879 3954 3930 ὁ

2379 3961 2603 4034 Κύριος.

783 4036 868 4091 21.
903 4035 967 4092 Et
1024 4034 1350 4090 adversaria:
1395 4043 1688 4104 potestates
1739 4033 2164 4089 dominabuntur
2223 4038 2274 4090 in

2445 4033 2532 4108 21.
2568 4055 2678 4108 Kal
2704 4055 2781 4127 (5)
2809 4057 2864 4109 al
2899 4055 3138 4111 ἐναντίαι
3161 4055 3422 4128 δυνάμεις
3459 4061 3949 4131 κατακυριεὺσουσι

714 4131 893 4185 anima
919 4137 973 4184 et
996 4127 1256 4183 membris
1288 4127 1426 4196 ejus.

2377 4143 2472 4212 τῆς
2503 4140 2680 4213 ψυχῆς
2701 4144 2794 4197 καὶ
2816 4145 2926 4198 τῶν
2957 4144 3133 4216 μελῶν
3166 4127 3349 4201 αὐτοῦ.

784 4222 874 4276 22.
907 4219 1101 4276 Nullus
1124 4220 1177 4275 ei
1198 4219 1411 4286 adjutor
1439 4218 1761 4274 inveniatur.

2443 4231 2530 4285 22.
2563 4233 2764 4304 Μηδεὶς
2793 4235 2988 4305 εὐρεθῇ
3019 4234 3208 4306 βοηθὸς
3243 4225 3435 4290 αὐτῶν
3455 4237 3552 4307 (4).

782 4314 869 4368 23.
907 4310 1092 4382 Neque
1122 4310 1386 4366 Dominus
1417 4313 1739 4366 misereatur
1777 4311 1945 4366 ullius
1999 4313 2274 4382 improba-

2445 4324 2534 4378 25.
2571 4325 2721 4396 Μηδὲ
2749 4329 3107 4399 οἰκτειρήσῃό
3136 4328 3338 4400 Κύριός
3367 4348 3422 4384 τι
3445 4331 3556 4384 τῶν
3583 4331 3766 4404 ἔργων
3787 4330 3939 4386 αὐτοῦ

715 4424 836 4462 rum
862 4406 982 4477 ejus
1003 4406 1300 4462 actionum.

1142 4421 1300 4460 unum.
2373 4416 2480 4470 τῶν
2508 4417 2778 4490 πονηρῶν.

785 4500 872 4554 21.
901 4498 1075 4570 Opera
1106 4499 1247 4569 ejus.

2441 4508 2529 4564 24.
2564 4511 2644 4564 Τὰ
2673 4511 2808 4584 ἔργα
2837 4511 3000 4566 αὑτοῦ
3037 4511 3133 4584 (5).

780 4593 869 4646 25.
907 4592 1100 4646 Statim
1127 4607 1192 4646 ex
1223 4591 1361 4646 libro
1389 4591 1701 4646 viventium.

2439 4603 2526 4656 25.
2559 4604 2898 4674 παραχρῆμα
2926 4607 2991 4659 ἐκ
3010 4606 3109 4675 τῆς
3145 4605 3324 4676 βίϐλου
3357 4604 3458 4676 τῆς
3485 4605 3649 4675 ζωῆς.

781 4685 870 4740 26.
904 4683 1122 4740 Patrum
1164 4684 1303 4754 ejus,
1332 4684 1423 4754 qui
1470 4684 1523 4738 in
1554 4700 1737 4740 eremo
1781 4702 1995 4757 semper
2040 4686 2266 4743 Domino
2302 4705 2341 4757 υ

2302 4705 2341 4757 υ
2436 4695 2524 4750 26.
2559 4695 2680 4749 Τῶν
2711 4697 2969 4768 Πατέρων
2998 4698 3164 4753 αὑτοῦ
3200 4699 3307 4753 τῶν
3344 4700 3402 4751 ἐν
3430 4701 3496 4768 τῇ
3538 4698 3739 4769 ἐρήμῳ
3796 4698 3933 4750 ἐναν-

711 4775 976 4833 aJversati
1000 4785 1146 4833 sunt.

2373 4787 2668 4857 τιουμένων
2692 4789 2778 4840 ἀεὶ
2808 4787 2885 4858 τῷ
2917 4790 3121 4862 Κυρίῳ.

778 4871 866 4924 27.
903 4869 1216 4942 Synagogaa.

2437 4878 2504 4933 27
2515 4921 2526 4933 .
2566 4879 2675 4949 Τῆς
2707 4881 3051 4951 συναγωγῆς.

771 4961 859 5015 28.
893 4959 1049 5016 Fiant
1074 4977 1286 5032 semper
1309 4962 1567 5018 contrarii
1596 4961 1841 5016 Domino.

2433 4971 2522 5025 28.
2554 4971 3036 5044 Γενηθήτωσαν(6)
3057 4975 3145 5029 ἀεὶ
3177 4974 3580 5045 ἐναντιούμενοι
3617 4974 3700 5046 τῷ
3728 4972 3925 5047 Κυρίῳ.

778 5054 866 5107 29.
902 5052 967 5107 Et
1023 5053 1293 5123 dispereat
1349 5056 1416 5111 de
1461 5065 1602 5110 terra
1659 5055 1950 5111 viventium
2003 5061 2262 5114 memoria

2439 5064 2526 5118 29.
2557 5065 2666 5117 Kal
2689 5065 2764 5135 (7)
2793 5065 3196 5138 ἐξολοθρευθείη
3239 5068 3305 5121 ἐκ
3346 5068 3444 5137 τῆς
3467 5067 3574 5138 γῆς
3592 5068 3704 5120 τῶν
3724 5067 3929 5133 ζώντων

706 5146 1062 5214 pervicacium
1092 5145 1421 5201 Judzeorum.

2369 5155 2428 5206 τὸ
2465 5157 2806 5227 μνημόσυνον
2843 5161 2949 5211 τῶν
2982 5160 3348 5214 ἀπειθούντων
3381 5161 3674 5216 Ἰουδαίων.

773 5237 860 5291 50.
893 5235 997 5292 Pro
1031 5252 1098 5294 eo
1128 5240 1272 5310 quod
1298 5241 1370 5294 ita
1405 5241 1676 5311 cogitavit.

2438 5246 2523 5300 50.
2573 5247 2712 5300 ’Λνθ⁹
2744 5243 2818 5302 ὧν
2839 5250 3008 5314 οὕτως
3033 5255 3366 5325 ἐπενοήσατο
3394 5254 3468 5325 (8)

1644 5435 1949 5500 Addenda
1989 5445 2050 5499 et
2079 5440 2450 5520 corrigenda
2481 5461 2561 5504 ex
2607 5443 2746 5505 cod.
2781 5446 2980 5507 Vatic.

770 5585 845 5667 (1!
881 5587 959 5667 Τᾲ
991 5586 1210 5667 ei?”
1265 5660 1274 5667 .
2428 5596 2504 5667 (εί)
2534 5597 2728 5656 Αὑτοῦ.
2771 5599 2938 5667 λέγει.

1069 5658 1364 5727 ἁμαρτίαν,
1400 5672 1504 5713 etc.

1262 5660 1364 5722 ίαν,
1400 5672 1504 5713 etc.
2528 5654 2894 5723 Γενέσθωσαν.

871 5723 1205 5806 fai‘deestl'
1268 5796 1331 5806 η
1436 5799 1449 5806 _
1505 5799 1528 5806 _
2429 5723 2516 5806 (τ)
2558 5739 2665 5789 Καί
2694 5739 2862 5792 deest.

771 5793 841 5862 (4)
869 5794 1133 5867 Εὑρεθείη
1165 5796 1370 5874 βοηθῶ]
1393 5799 1558 5869 αὐτῷ.
2425 5793 2511 5879 (8)
2546 5807 2908 5879 Ἀπενοήσατο
