4142 6478
174 426 322 481 1141
1110 428 1200 484 DE
1237 429 1511 488 TITULIS
1545 431 1993 489 PSALMOBUM.
2027 465 2098 476 -——
2135 432 2326 489 PSAL.
2365 433 2547 491 CVIII.
3285 444 3425 500 1142

257 539 344 594 51.
381 539 488 594 Kal
512 541 832 608 κατεδίωξεν
858 544 1144 615 ἄνθρωπον
1168 547 1376 617 πένητα
1405 549 1498 601 καὶ
1522 549 1754 619 πτωχὸν,
1787 557 1833 611 Α

1787 557 1833 611 Α
1932 547 2023 603 3i.
2055 547 2120 602 Et
2149 557 2467 619 persecutus
2497 560 2583 606 est
2617 551 2893 610 hominem
2922 556 3136 627 inopem
3164 567 3220 614 et
3266 575 3419 614 meu-

1899 657 2039 696 IClIm

256 713 344 768 32.
376 713 484 766 Kal
503 715 970 785 κατανενυγμένον
994 718 1059 786 τῇ
1089 718 1286 788 καρδία
1309 719 1404 772 τοῦ
1429 719 1755 774 θανατῶσαι.
1860 641 1891 696 d

1860 641 2066 707 dictum,

1466 719 1755 774 ινατῶσαι-
1935 733 2021 788 52.
2059 734 2123 788 Ει
2150 743 2538 804 compunctum
2568 736 2734 792 corde
2757 739 3102 796 mortiﬁcare.

256 805 346 859 55.
374 806 484 858 Kal
509 805 762 876 ἠγάπησε
798 807 1067 878 κατάραν,
1090 811 1186 863 καὶ
1217 808 1334 881 ἥξει
1355 811 1532 882 αὐτῷ·

1927 826 2016 879 55.
2049 825 2114 879 Et
2142 825 2331 880 dilexit
2359 827 2820 894 maledictionem,
2852 840 2906 886 et
2928 833 3103 887 veniet
3126 834 3174 888 ei
3199 854 3213 889 ε

255 897 344 951 54.
374 898 483 950 Kal
510 899 610 952 οὐκ
638 897 906 969 ἠθέλησεν
933 899 1184 968 εὐλογίαν
1209 940 1224 965 ,
1261 904 1356 954 καὶ
1389 904 1760 975 μακρυνθήσε-

1927 917 2021 973 54.
2048 917 2114 972 Ει
2135 919 2781 986 noluitbeuedictionem,
2810 933 2865 978 et
2885 925 3222 996 elongabitur
3247 929 3316 981 ab
3337 943 3421 982 eu.

177 1003 274 1038 ται
304 988 398 1039 ἀπ’
429 987 614 1040 αὑτοῦ.

257 1080 344 1132 53.
381 1081 489 1133 Kal
525 1080 816 1134 ἐνεδύσατο
843 1083 1086 1156 κατάραν
1107 1084 1184 1148 ὡς
1207 1085 1417 1155 ἱμάτιον
1440 1103 1452 1116 ⁸

256 1168 346 1222 56.
379 1169 488 1221 Kal
513 1169 764 1240 είσῆλθεν
793 1170 925 1224 ὡσεὶ
970 1171 1112 1243 ὕδωρ
1145 1176 1225 1236 el;
1253 1173 1321 1226 τά
1347 1174 1550 1242 ἔγκατα
1572 1174 1758 1229 αὐτοῦ·

256 1261 346 1314 57,
375 1262 481 1313 Kal
504 1261 635 1314 ὡσεὶ
665 1263 847 1316 ἔλαιον
876 1265 934 1316 ὲν
963 1268 1075 1328 τοῖς
1098 1266 1311 1330 ὀστέοις
1338 1266 1522 1322 αὑτοῦ.

261 1351 350 1406 53.
386 1352 671 1424 Γενηθήτω
705 1355 852 1426 αὐτῷ
873 1356 949 1419 ὡς
984 1356 1194 1427 ἱμάτιον
1221 1359 1248 1410 ὃ
1279 1359 1680 1430 περιϐάλλεται·

259 1443 346 1498 59.
391 1443 493 1496 Καὶ
524 1445 655 1497 ὡσεὶ
683 1445 828 1518 ζώνη
855 1448 922 1518 ῆν
943 1447 1232 1512 διαπαντὸς
1258 1451 1670 1523 περιζώννυται.

257 1533 348 1586 40.
384 1534 551 1589 Τοῦτο
575 1537 638 1589 τὸ
666 1537 824 1608 ἔργον
847 1538 953 1594 τῶν
999 1540 1450 1598 ὲνδιαὸαλλόντων
1497 1563 1564 1616 με
1617 1547 1765 1616 παρά

1929 1097 2015 1151 55.
2051 1096 2117 1151 Et
2147 1098 2326 1153 induit
2359 1099 2795 1158 maledictionem
2838 1105 2978 1160 sicut
3003 1107 3421 1162 vestimentum:

1929 1187 2016 1242 36.
2051 1188 2115 1242 Et
2144 1188 2367 1246 intravit
2400 1191 2545 1247 sicut
2567 1208 2708 1264 aqua
2738 1194 2792 1249 in
2825 1195 3081 1252 interiora
3111 1200 3265 1269 ejus:

1930 1279 2020 1333 37.
2057 1278 2122 1334 Et
2147 1281 2291 1335 sicut
2324 1282 2506 1337 oleum
2534 1285 2588 1338 in
2624 1286 2842 1342 ossibus
2874 1287 3008 1357 eius.

1934 1371 2022 1426 38.
2058 1370 2177 1426 Fiat
2207 1373 2256 1427 ei
2285 1375 2426 1430 sicut
2456 1378 2842 1434 vestimentum
2878 1397 2988 1450 quo
3011 1383 3251 1452 operitur
3276 1403 3290 1438 :

1933 1461 2022 1516 39.
2065 1462 2130 1516 Et
2156 1465 2298 1518 sicut
2329 1481 2466 1521 zona
2496 1485 2603 1537 qua
2628 1485 2844 1542 semper
2869 1474 3233 1546 praecingitur.

1933 1551 2022 1605 4ο.
2058 1551 2172 1610 Hoc
2223 1571 2360 1627 opus
2391 1573 2602 1626 eorum,
2633 1561 2726 1631 qui
2764 1563 3061 1621 detrahunt
3105 1566 3239 1622 mihi
3284 1567 3424 1637 apud

183 1620 414 1694 Κυρίου,

1863 1641 2176 1709 Dominum,

259 1642 268 1672 ι
315 1642 414 1688 ιου,

259 1642 349 1766 LPI.
405 1715 508 1770 Kal
558 1717 666 1772 τῶν
711 1718 1016 1776 λαλούντων
1069 1727 1282 1798 πονηρὰ
1335 1729 1473 1782 κατὰ
1527 1730 1626 1801 τῆς
1665 1731 1764 1800 qm-
1863 1642 1895 1695 Π

1863 1642 2177 1709 Dominum,

1933 1733 2022 1788 41.
2062 1731 2128 1787 Ει
2175 1735 2269 1804 qui
2328 1736 2631 1808 loquuntur
2685 1745 2828 1799 mala
2876 1745 3138 1805 adversus
3188 1749 3423 1804 animam

169 1818 289 1877 γης
333 1824 452 1877 μου.

423 1826 452 1860 ὀ
1866 1840 2059 1880 meam.

263 1898 352 1952 42.
378 1897 479 1951 Kal
501 1900 585 1964 σὺ,
611 1900 783 1974 Κύριε
801 1904 997 1976 Κύριε,
1017 1907 1240 1978 ποίησον
1274 1913 1388 1980 μετ’
1405 1911 1538 1981 ἐμοῦ
1571 1912 1758 1987 [ἕλεος]
1795 1904 1836 1961 Β

1795 1904 1836 1961 Β
1932 1916 2017 1971 42.
2050 1915 2115 1972 Et
2139 1927 2216 1983 tu,
2254 1921 2482 1978 Domine
2525 1922 2773 1994 Domine,
2807 1928 2896 1986 {ac
2941 1945 3155 1987 mecum
3194 1931 3428 1988 [miseri-

185 1988 376 2042 Ξνεκεν
407 1989 500 2043 τοῦ
539 1992 800 2063 ὀνόματός
827 2013 941 2048 σου·

1867 2009 2132 2083 cordiam]
2161 2021 2379 2083 propter
2416 2030 2610 2071 nomen
2651 1988 2836 2074 tuum:

261 2082 352 2137 45.
388 2084 511 2138 ὐτι
539 2087 772 2158 χρηστὸν
806 2088 865 2141 τὸ
891 2087 1034 2152 ἔλεός
1069 2106 1160 2143 σου
1192 2089 1431 2166 [Κύριε].

1625 2183 1634 2188 Δ
1934 2098 2023 2152 45.
2054 2082 2195 2165 Quia
2224 2082 2411 2159 suavis
2433 2106 2804 2164 misericordia
2830 2123 2920 2165 tua
2957 2111 3230 2188 [Domine]

263 2174 351 2227 u.
390 2174 575 2230 Ῥὖσαί
610 2194 698 2248 με,
726 2178 806 2232 ὅτι
828 2180 1038 2250 πτωχὸς
1070 2181 1164 2234 καί
1202 2181 1368 2254 πένης
1395 2184 1511 2254 εἰμὶ
1539 2183 1667 2253 ἐγώο

1933 2189 2023 2242 44.
2059 2189 2251 2247 Libera
2276 2209 2360 2249 me
2386 2197 2512 2264 quia
2534 2212 2739 2269 egenus
2763 2209 2818 2255 et
2846 2174 3052 2273 pauper
3076 2219 3177 2273 ego
3203 2174 3320 2260 sum
3343 2226 3353 2259 :

265 2265 354 2319 45.
393 2268 498 2319 Kal
533 2269 567 2339 ἠ
591 2269 784 2340 καρδία
815 2287 914 2341 μου
944 2271 1268 2342 τετάρακται
1296 2275 1446 2338 ἐντός
1479 2293 1581 2345 μου

1943 2281 2035 2336 45.
2064 2283 2130 2337 Et
2156 2299 2250 2340 cor
2281 2302 2462 2342 meum
2491 2265 2871 2348 conturbatum
2900 2265 2984 2351 es-t
3014 2265 3153 2351 intra
3183 2313 3284 2352 me.

262 2357 352 2410 46.
387 2359 526 2411 Ὦσεὶ
552 2361 676 2413 σκιὰ
700 2363 756 2415 ὲν
780 2362 857 2432 τῷ
886 2364 1128 2418 ἐκκλῖναι
1153 2365 1339 2436 αὐτὴν,
1377 2367 1764 2442 ἀντανῃρέθηνο

1668 2373 1764 2442 νην·
1932 2371 2020 2424 46.
2055 2370 2206 2428 Sicut
2234 2377 2424 2432 umbra
2452 2394 2575 2434 cum
2607 2380 2860 2449 declinat,
2899 2386 3112 2442 ablatus
3141 2403 3264 2442 sum
3291 2408 3304 2442 :

263 2448 352 2502 47.
394 2449 765 2522 Ἐξετινάχθην
795 2451 926 2506 ὡσεὶ
956 2453 1194 2525 ἀκρίδες.

1932 2461 2023 2514 47.
2057 2461 2122 2516 Et
2144 2479 2410 2522 excussus
2441 2485 2562 2524 sum
2592 2471 2734 2527 sicut
2761 2448 3000 2530 locustaz.

1315 2630 1692 2688 ATHANASII
1734 2635 2321 2700 INTERPRETATIO.

268 2777 358 2832 51.
398 2779 509 2832 Kal
529 2778 818 2844 κατεδίωξε
845 2779 935 2833 τὸν
959 2780 1211 2835 πλούσιον
1237 2783 1328 2836 τὸν
1362 2784 1428 2837 δι’
1458 2787 1604 2857 ἡμᾶς
1627 2806 1772 2841 πτω-

1939 2795 2029 2846 51.
2061 2793 2128 2849 Ει
2170 2810 2492 2866 persecutus
2521 2814 2606 2859 est
2642 2806 2862 2862 divitem
2905 2818 3124 2881 propter
3167 2827 3268 2870 nos
3301 2831 3430 2885 pau-

191 2869 485 2938 χεύσαντα.

1865 2900 2047 2954 percm
2089 2887 2310 2946 factum.

269 2961 359 3015 32.
393 2962 496 3014 Τὸν
522 2963 694 3033 πρᾷον
723 2966 789 3033 τῇ
813 2963 1027 3036 καρδίᾳ.

813 2963 1027 3036 καρδίᾳ.
1936 2979 2022 3032 52.
2063 2979 2241 3035 Mitem
2271 2985 2449 3039 corde.

267 3053 355 3105 55.
384 3052 489 3106 Kal
513 3054 545 3122 ή
575 3053 764 3124 ἀγάπη
793 3054 866 3124 (1)
906 3055 1155 3122 θάνατον,
1190 3061 1283 3112 xal
1307 3058 1426 3130 ἥξει
1455 3062 1659 3123 αὐτοῖς.

1370 3062 1426 3122 εει
1455 3062 1659 3123 αὐτοῖς.
1930 3069 2020 3122 55.
2059 3069 2122 3124 Et
2152 3071 2342 3128 dilexit
2371 3084 2624 3146 mortem,
2654 3089 2708 3134 et
2736 3081 2915 3136 veniet
2939 3084 3006 3138 ei.

267 3143 355 3197 54.
389 3145 497 3197 Kal
540 3145 640 3197 οὐκ
677 3145 910 3216 ἠθέλησε
943 3149 1041 3219 τὴν
1071 3147 1286 3204 αἰώνιον
1310 3149 1474 3222 ζωὴν,
1509 3152 1603 3204 καὶ
1630 3153 1762 3206 ἀπο-
1788 3189 1832 3247 c

1645 3153 1762 3206 ἰπο-
1788 3189 1832 3247 c
1933 3160 2021 3213 54.
2058 3160 2120 3214 Ει
2144 3163 2317 3218 noluit
2347 3143 2509 3221 vitam
2533 3179 2812 3238 aeternam,
2833 3182 2887 3229 et
2912 3173 3085 3229 aberit
3107 3174 3176 3229 ab
3201 3191 3281 3230 eo.

195 3236 455 3304 στήσεται
478 3236 573 3287 ἀπ’
598 3237 784 3292 αὑτοῦ.

267 3325 356 3380 55.
383 3326 484 3379 Τὸν
512 3326 739 3381 θάνατον
762 3328 837 3393 ὡς
867 3331 1098 3400 ἱμάτιον.

1939 3343 2026 3396 55.
2057 3343 2280 3399 Mortem
2314 3357 2373 3401 ut
2399 3350 2796 3406 vestimentum.

268 3417 358 3471 56.
400 3419 642 3487 Πρηνὶκι
667 3420 776 3490 γὰρ
801 3423 1120 3491 γενόμενος
1140 3422 1405 3492 ὲλάκησε
1425 3424 1637 3495 μέσος,
1666 3427 1762 3480 καὶ

1943 3436 2028 3490 56.
2066 3436 2130 3491 Et
2164 3455 2441 3508 suspensus
2488 3445 2685 3513 crepuit
2728 3447 2964 3512 medius,
2987 3457 3036 3501 et
3084 3447 3281 3517 diﬁusa
3310 3459 3427 3502 sunt

193 3509 454 3578 ἐξεχύθη
475 3509 669 3564 πάντα
701 3512 773 3564 τὰ
799 3512 1125 3582 σπλάγχνα
1157 3514 1362 3567 αὑτοῦ.

854 3512 1125 3582 munra
1157 3514 1362 3567 αὑτοῦ.
1872 3531 2047 3582 onmia
2072 3531 2267 3585 viscera
2289 3535 2402 3601 ejus
2424 3535 2490 3589 “.

271 3601 358 3654 57.
391 3601 690 3672 Περιεχύθη
715 3604 742 3655 ὁ
765 3601 990 3668 Θάνατος
1023 3606 1081 3657 ὲν
1116 3607 1226 3668 τοῖς
1255 3605 1471 3676 μέλεσιν
1505 3606 1692 3660 αὑτοῦ.

1661 3608 1692 3660 3-
1942 3619 2029 3674 37.
2065 3619 2479 3678 Circumdiil'usa
2506 3633 2588 3680 est
2621 3642 2766 3682 mors
2795 3627 2849 3680 in
2874 3627 3134 3682 membris
3159 3628 3297 3697 ejus.

271 3692 358 3746 58.
398 3692 576 3746 Ἔστω
611 3694 726 3764 μετ’
768 3695 932 3750 αὑτοῦ
977 3695 1065 3750 διὰ
1099 3697 1293 3762 παντὸς
1349 3700 1381 3770 ὴ
1414 3698 1488 3769 (2)
1524 3700 1768 3770 ἁμαρτία

1943 3713 2030 3766 58.
2061 3711 2143 3766 Sit
2187 3729 2311 3769 cum
2362 3716 2481 3786 ipso
2511 3732 2724 3789 semper
2765 3730 3043 3790 peccatum
3086 3692 3430 3776 circumdatis

196 3802 266 3837 πε
276 3786 677 3857 ριπτυσσομένη
706 3789 886 3843 αὐτόν.
1873 3819 2019 3858 eum.

271 3878 358 3934 59.
389 3880 756 3952 Περισφίγγου
785 3883 859 3951 (5)
885 3882 1047 3935 αὑτὸν
1067 3882 1172 3936 ἀεί.

1171 3928 1172 3931 η
1947 3899 2036 3953 59.
2070 3897 2402 3971 Coangustet
2421 3917 2546 3957 eum
2578 3918 2807 3972 semper.

269 3971 359 4028 40.
397 3972 566 4026 Τοῦτο
591 3974 830 4042 γενέσθω
858 3976 951 4028 ἐπὶ
1005 3975 1094 4028 τὸν
1137 3974 1377 4030 διάϐολον
1400 3975 1491 4028 καὶ
1521 3975 1645 4039 τοὺς
1673 3977 1771 4044 άγ-

1673 3977 1771 4044 ἀγ·
1937 3991 2029 4047 40.
2054 3990 2167 4047 11οο
2194 3994 2287 4046 tiat
2312 4003 2498 4048 contra
2518 3971 2791 4048 diabolum
2824 4003 2877 4049 et
2901 3994 3120 4066 angelos
3150 3996 3282 4067 ejus.

196 4064 392 4133 γέλους
417 4064 602 4120 αὐτοῦ.

271 4155 361 4210 41.
389 4158 499 4210 Kal
537 4154 723 4229 [κατὰ]
753 4157 858 4211 τῶν
899 4158 1152 4211 ἐναντίων
1174 4157 1475 4228 δυνάμεων,
1501 4157 1608 4209 τῶν
1642 4174 1772 4227 συμ-

1948 4172 2035 4223 41.
2065 4169 2130 4223 Et
2150 4168 2387 4243 [contra]
2402 4168 2743 4227 adversaries
2769 4181 3080 4241 potestates,
3103 4188 3224 4242 qua
3245 4174 3432 4228 ineunt

199 4247 600 4319 ϐουλευομένων
631 4247 923 4302 ἀπολέσθαι
957 4247 1030 4317 (4)
1059 4248 1156 4318 τὴν
1190 4247 1364 4319 ψυχήν
1398 4264 1519 4318 μου.

1329 4266 1364 4317 ιν
1398 4264 1519 4318 μου·
1878 4266 2127 4330 consilia,
2158 4276 2214 4320 ut
2250 4266 2480 4335 perdant
2505 4267 2738 4321 animam
2770 4282 2965 4322 meam.

279 4339 362 4392 42.
387 4338 490 4392 Kal
513 4340 600 4403 σὺ,
635 4338 800 4410 Κύριε
833 4339 1020 4411 Κύριε,
1054 4340 1135 4392 ὃτι
1157 4339 1216 4392 τδ
1245 4339 1415 4410 ὄνομά
1449 4355 1541 4392 σου
1585 4337 1770 4407 φιλάν-

1943 4359 2032 4414 42.
2068 4358 2132 4414 Et
2161 4368 2239 4427 tu,
2260 4360 2484 4414 Domine
2513 4358 2757 4425 Domine,
2779 4360 3034 4430 quoniam
3056 4373 3253 4414 nomen
3279 4365 3431 4413 tuum

201 4433 422 4504 θρωπον
445 4429 659 4500 λέγεται
715 4432 807 4485 καὶ
836 4433 1004 4498 ἐστὶν,
1028 4430 1200 4495 οὕτως
1231 4431 1324 4485 καί
1377 4430 1597 4501 ποίησον
1654 4429 1770 4499 μετ’

1690 4429 1770 4481 δῖ’
1878 4452 2172 4522 benignum
2196 4451 2414 4515 dicitur,
2444 4458 2498 4506 et
2530 4459 2631 4515 est,
2661 4451 2734 4504 ita
2764 4429 2928 4506 etiam
2955 4450 3041 4505 Iac
3067 4465 3281 4506 mecum
3313 4469 3326 4504 :

199 4523 338 4595 ἐμοῦ
353 4540 366 4554 ⁸
1802 4547 1848 4602 Ῑ)

274 4615 365 4669 45.
390 4616 514 4669 Ὅτι
537 4613 735 4684 άγαϐδν
761 4612 822 4668 τὸ
841 4611 984 4676 ἔλεός
1009 4630 1123 4667 σου.

1944 4634 2038 4688 45.
2068 4632 2334 4699 Quoniam
2364 4630 2508 4686 bona
2541 4630 2909 4685 misericordia
2940 4638 3051 4685 tua.

275 4709 363 4763 44.
403 4708 592 4762 Ῥὖσαί
625 4725 714 4778 με,
759 4708 842 4761 ὃτι
873 4707 1084 4779 πτωχός
1112 4708 1248 4777 εἰμι,
1279 4707 1373 4760 καὶ
1425 4703 1593 4774 πένης
1621 4704 1680 4758 ὲν
1710 4707 1777 4776 τῇ

1947 4725 2035 4778 44.
2073 4722 2264 4777 Libera
2285 4737 2392 4789 me,
2415 4723 2671 4793 quoniam
2695 4721 2976 4777 mendicus
3007 4727 3062 4775 et
3082 4734 3288 4790 pauper
3311 4734 3432 4776 sum

205 4801 352 4872 ἰσχύϊ
378 4802 474 4872 τῆς
495 4800 670 4872 ψυχῆς
704 4817 824 4871 μου.

1878 4819 1930 4873 in
1964 4817 2279 4872 fortitudine
2305 4816 2502 4871 animae
2528 4830 2675 4871 meae.

277 4893 366 4948 45.
396 4893 501 4948 Kal
533 4895 566 4965 ἡ
599 4892 795 4964 καρδία
827 4910 928 4964 μου
950 4893 1005 4944 ὲν
1021 4891 1190 4960 ἀγῶνι
1220 4889 1395 4961 πολλῷ
1422 4889 1774 4960 καθέστηκεν·

1606 4904 1774 4960 τηκεν’
1949 4910 2038 4964 45.
2070 4908 2134 4964 Et
2159 4925 2254 4964 cor
2281 4925 2462 4963 meum
2495 4908 2548 4962 in
2572 4922 2744 4978 agone
2776 4907 2948 4962 multo
2971 4903 3242 4959 constitit:

277 4985 365 5040 46.
412 4983 807 5055 Ἀσθενησάσης
855 4982 1023 5053 αὐτῆς
1063 4983 1155 5038 καὶ
1208 4981 1530 5052 ἑκκλινάσης
1559 4979 1768 5072 [Ἆσθε-

1946 5002 2035 5057 46.
2066 5002 2246 5072 Ipsum
2271 5008 2451 5056 autem
2477 5001 2830 5063 intirmatum,
2858 5005 2912 5054 et
2933 4997 3211 5067 delapsum
3240 4996 3296 5050 In
3317 5009 3435 5064 pec-

204 5079 448 5148 νήσασαν
485 5076 654 5147 αὐτὴν
681 5074 776 5130 καὶ
833 5073 1176 5146 ὲκκλίνασαν]
1218 5076 1298 5136 εἰς
1331 5072 1607 5143 ἁμαρτίαν
1643 5071 1769 5125 ὲθα-

202 5171 451 5232 νάτωσας
477 5165 574 5236 (5).

279 5263 366 5315 4Ἱ.
394 5259 732 5331 Κατερῤίφην
774 5260 882 5314 ἀπὸ
909 5259 1017 5314 τῶν
1063 5259 1260 5330 ἀερίων
1307 5255 1627 5322 πνευμάτων
1663 5255 1770 5308 τῶν

1948 5277 2040 5331 47.
2075 5275 2357 5347 Projectus
2379 5289 2498 5328 sum
2528 5273 2597 5330 ab
2619 5273 2778 5328 aeriis
2813 5271 3106 5328 immundis
3131 5268 3426 5342 spiritibus.

205 5354 550 5425 ἀκαθάρτων.

281 5474 326 5505 ⁸⁸
356 5471 473 5526 Act.
503 5487 541 5537 ι,
573 5467 660 5524 18.

1877 5108 2058 5153 catum
2084 5096 2243 5150 morti
2272 5095 2580 5162 tradidisti“

1151 5557 1455 5620 Addenda
1497 5564 1558 5620 et
1615 5553 1988 5630 corrigenda
2035 5569 2108 5613 ex
2163 5550 2530 5613 cod.Vatic.

285 5715 360 5784 (1)
401 5713 734 5780 ’Πγάπησεν,
763 5718 889 5771 etc.,
925 5707 1089 5776 αὐτῷ.

287 5785 361 5845 (2)
399 5785 468 5836 Ἠ
488 5783 649 5837 deest.

1934 5703 2010 5768 (4)
2050 5700 2351 5756 Ἀπολέσαι.

1947 5772 2020 5842 (5)
2051 5772 2143 5834 El;
2163 5770 2259 5842 τὴν
2292 5766 2560 5839 ἁμαρτίαν
2591 5760 2921 5835 ἐθανατώθη.

311 5856 362 5923 5)
396 5853 500 5906 Kal
529 5847 978 5924 περισφίγγουσα,
1011 5855 1111 5902 etc.
