4142 6486
220 429 376 487 1145

548 546 792 617 Ψαλμὸς
820 544 902 612 τῷ
944 547 1139 602 Δαϐίδ.
1179 551 1346 603 ΨΑΛ.
1375 552 1501 604 PB’.

312 640 359 692 1.
397 635 563 693 Εἶπεν
610 641 640 693 6
668 639 870 712 Κύριος
898 640 976 712 τῷ
1029 642 1220 712 Κυρίῳ
1254 659 1377 711 μου*
1411 640 1593 695 Κάθου
1620 642 1684 695 ἐκ
1728 641 1816 694 δε-

220 730 363 799 ξιῶν
390 749 513 803 μου·

305 826 361 879 9..
394 826 537 890 Ἕως
566 826 632 880 ἂν
657 825 736 880 θῶ
784 828 911 891 τοὺς
961 827 1190 900 ἐχθρούς
1247 846 1341 882 σου
1372 827 1658 882 ὑποπόδιον
1708 827 1817 882 τῶν

225 917 414 971 ποδῶν
448 935 541 973 σου
552 960 564 972 .

304 1010 359 1064 5.
397 1010 618 1063 Ῥἀόδον
655 1008 941 1082 δυνάμεως
973 1010 1324 1077 ἐξαποστελεῖ
1367 1028 1449 1064 σοι
1504 1010 1709 1075 Κύριος
1752 1012 1816 1063 ἐκ

225 1098 374 1153 Σιών
393 1115 409 1129 ·

304 1191 360 1246 4.
391 1190 494 1245 Καὶ
526 1193 891 1266 κατακυρίευε
924 1194 983 1246 ὲν
1009 1194 1158 1263 μέσῳ
1190 1193 1298 1246 τῶν
1330 1192 1539 1265 ἐχθρῶν
1567 1211 1681 1249 σου.

305 1283 359 1338 5.
397 1283 551 1337 Μετὰ
579 1282 674 1336 σοῦ
706 1285 739 1355 ὴ
773 1283 915 1355 ἁρχὴ
965 1285 1023 1336 ἐν
1052 1283 1232 1354 ἡμέρα
1266 1283 1365 1353 τῆς
1390 1283 1675 1355 δυνάμεώς
1697 1301 1815 1351 σου,

303 1373 356 1430 6.
396 1375 482 1427 Ἐν
512 1378 634 1438 ταῖς
659 1375 1006 1448 λαμπρότησι
1030 1375 1139 1429 τῶν
1166 1376 1336 1445 ἁγίων
1364 1392 1476 1429 σου·

303 1468 357 1523 7.
404 1468 498 1521 Ἐκ
530 1468 765 1541 γαστρὸς
797 1468 900 1541 πρὸ
943 1468 1249 1540 Ἑωσφόρου
1291 1468 1556 1540 ἐγέννησα
1589 1485 1667 1523 σε.

303 1561 357 1616 8.
393 1562 595 1633 Ὠμοσε
622 1561 845 1633 Κύριος,
876 1561 968 1615 καὶ
992 1561 1052 1614 ού
1086 1560 1607 1632 μεταμεληθήσεται·

306 1655 360 1708 9.
390 1656 461 1709 Σὺ
486 1655 664 1727 ἱερεὺς
709 1656 786 1727 (a)
851 1657 931 1719 είς
965 1655 1055 1709 τὸν
1103 1655 1295 1720 αίῶνα,
1329 1655 1474 1709 κατὰ
1515 1655 1612 1727 την
1665 1653 1818 1721 τάξιν

228 1748 589 1818 Μελχισεδέκ.

1082 429 1172 485 DE
1213 429 1489 487 TITUUS
1535 430 1986 489 PSALMORUM.
2025 462 2095 473 ——-
2131 431 2327 490 PSAL.
2368 431 2506 488 CIX.

1839 553 1888 609 Α

3352 434 3489 489 1146

2272 547 2517 604 Paulinus
2542 546 2732 602 David.
2749 546 2952 603 PSAL.
2982 546 3134 604 CIX.

1986 640 2036 694 l.
2072 638 2216 695 Dixit
2258 639 2520 695 Dominus
2556 638 2789 695 Domino
2826 655 2948 695 meo
2990 638 3175 695 :Sede
3204 654 3235 694 a
3280 638 3487 695 dextris

1912 734 2049 787 meis
2076 753 2088 787 :

1982 822 2038 877 2.
2071 822 2253 877 Donec
2281 836 2479 893 ponam
2522 821 2779 879 inimicos
2810 831 2933 879 tuos
2961 822 3254 879 scabellum
3288 822 3486 893 pedum

1915 922 2154 966 tuorum.

1986 1016 2016 1033 β

1986 1016 2041 1071 5.
2100 1014 2318 1087 Virgam
2377 1015 2596 1073 virtutis
2655 1017 2867 1073 emittet
2932 1016 3030 1073 tibi
3094 1014 3355 1070 Dominus
3418 1031 3486 1070 ex

1916 1107 2046 1164 Sion
2066 1126 2080 1164 :

1984 1204 2039 1259 ι.
2078 1203 2143 1258 Et
2170 1204 2455 1260 dominare
2488 1205 2543 1258 in
2574 1204 2758 1259 medio
2781 1203 3126 1258 inimicorum
3155 1212 3395 1259 tuorum.

1991 1294 2043 1348 5.
2079 1293 2278 1349 Tecum
2304 1295 2631 1364 principium
2658 1294 2712 1348 in
2748 1294 2835 1349 die
2861 1294 3079 1348 virtutis
3104 1302 3241 1359 tuae,

1988 1383 2039 1439 6.
2072 1383 2129 1438 In
2162 1384 2543 1455 splendoribus
2566 1396 2877 1438 sanctorum
2910 1393 3129 1437 tuorum
3157 1400 3170 1437 :

1990 1476 2043 1529 7.
2074 1474 2152 1529 Ex
2179 1486 2333 1531 utero
2359 1485 2484 1531 ante
2516 1474 2829 1530 Luciferum
2862 1476 3021 1545 genui
3053 1485 3123 1529 te.

1989 1570 2042 1623 8.
2076 1567 2286 1623 Juravit
2312 1568 2599 1633 Dominus.
2625 1576 2680 1623 et
2706 1582 2813 1622 non
2839 1566 3121 1637 paenitebit
3148 1580 3307 1621 eum:

1988 1665 2038 1718 9.
2070 1663 2151 1717 Tu
2174 1678 2233 1718 es
2256 1663 2513 1719 sacerdos
2539 1664 2595 1718 in
2623 1670 2884 1717 aeternum
2910 1660 3210 1717 secundum
3241 1656 3487 1714 ordinem

1919 1751 2342 1809 Melchisedech.

311 1862 384 1936 (a)
417 1863 550 1919 Cod.
579 1865 652 1918 Σὺ
685 1859 737 1917 εἴ
766 1863 1034 1935 βασιλεύς.
1064 1863 1190 1936 Leg.
1253 1864 1449 1934 ἱερεύς,
1487 1874 1546 1918 ut
1594 1873 1809 1921 constat

1939 1876 2232 1920 comment.
2266 1881 2363 1921 seu
2397 1866 2679 1935 interpret.

1363 2005 1736 2062 ATIIANASH
1777 2004 2364 2061 INTERPBETATIO.

317 2122 381 2176 'H
411 2122 746 2194 προκειμένη
774 2124 1052 2195 ἐπιγραφὴ
1092 2122 1334 2195 περιέχει
1366 2122 1465 2194 (1)·
1507 2122 1754 2192 Ψαλμὸς
1775 2120 1854 2188 τῷ
1878 2122 2079 2186 Δαϐὶδ,
2113 2123 2252 2193 ὅπερ
2306 2121 2688 2193 ἑρμηνεύεται,
2735 2118 2809 2182 ὠς
2859 2114 3117 2178 πολλάκις
3170 2112 3490 2185 εἰρήκαμεν,

237 2213 486 2282 Ψαλμὸς
514 2212 594 2279 τῷ
628 2212 811 2279 ικανῷ
840 2212 915 2282 τῇ
941 2213 1109 2283 χειρὶ,
1143 2213 1391 2267 τουτέστι
1416 2214 1494 2284 τῷ
1528 2214 1641 2285 Υἱῴ
1666 2212 1760 2268 τοῦ
1785 2212 1942 2271 θεοῦ.

308 2311 525 2366 Titulus
568 2311 893 2382 praepositus
933 2312 1209 2367 continet:
1248 2310 1497 2366 Psalmus
1549 2310 1742 2375 David,
1788 2311 1934 2381 quod
1980 2312 2388 2383 interpretatur,
2420 2319 2482 2364 ut
2507 2308 2706 2379 saepius
2732 2307 2992 2371 diximus,
3046 2303 3289 2359 Psalmus
3330 2318 3491 2357 manu

231 2404 386 2475 forti,
410 2401 515 2455 hoc
539 2410 625 2455 est
652 2399 745 2453 Dei
771 2398 928 2455 Filio.

308 2497 357 2549 Ι.
386 2490 552 2548 Εἶπεν
582 2496 611 2547 6
660 2491 850 2563 Πατὴρ
882 2490 958 2562 τῷ
1014 2488 1407 2561 ἐξαγοράσαντί
1446 2505 1512 2560 με
1545 2486 1622 2559 τῷ
1648 2487 1816 2558 τιμίῳ

1989 2490 2043 2544 1.
2081 2488 2227 2546 Dixit
2277 2490 2439 2547 Pater
2467 2493 2539 2560 ei,
2566 2492 2658 2563 qui
2690 2507 2778 2547 me
2816 2489 3045 2546 redemit
3086 2488 3328 2559 pretioso
3363 2503 3492 2542 san-

229 2588 424 2660 αἴματι
460 2584 645 2640 αὑτοῦ·
673 2584 873 2641 Κάθου
894 2584 963 2639 ἐκ
994 2582 1209 2648 δεξιῶν
1231 2600 1350 2653 μου
1378 2581 1475 2654 (2),
1496 2582 1583 2634 ἵνα
1615 2581 1813 2643 πάντες

1922 2584 2077 2653 guine
2106 2601 2206 2640 suo
2233 2605 2245 2640 :
2280 2585 2413 2642 Sede
2451 2606 2484 2641 a
2512 2590 2715 2642 dexlris
2747 2588 2897 2652 meis,
2943 2593 3003 2640 ut
3040 2599 3231 2640 omnes
3263 2590 3495 2639 noscant

231 2681 454 2753 γνῶσιν,
480 2683 561 2735 ὃτι
584 2682 647 2735 σὺ
677 2676 725 2733 εἷ
755 2681 789 2753 ἡ
814 2680 941 2746 δόξα
975 2697 1097 2751 μου.

304 2775 358 2829 2.
388 2776 533 2837 Ἕως
560 2773 625 2827 ἂν
647 2775 696 2827 οί
724 2773 917 2844 ἀέριοι,
940 2773 1035 2825 καὶ
1065 2771 1313 2838 ἐπίγειοι,
1350 2770 1444 2823 καὶ
1472 2766 1813 2838 καταχθόνιοι

232 2864 419 2937 ἐχθροί
438 2881 529 2917 σου
547 2864 675 2933 γόνυ
690 2863 963 2933 κάμψουσι
984 2862 1255 2932 δεδεμένοι
1277 2862 1493 2931 δεσμοῖς
1509 2860 1585 2929 ('5)
1602 2860 1812 2922 ἀϊδίοις,

1913 2676 2172 2745 quoniam
2203 2687 2259 2732 tu
2287 2693 2346 2733 es
2371 2679 2542 2750 gloria
2566 2696 2708 2735 mea.

1982 2766 2036 2820 2.
2068 2765 2247 2822 Donec
2280 2770 2424 2824 aerei
2457 2779 2511 2825 et
2539 2779 2829 2826 terrestres
2866 2779 2920 2825 et
2961 2766 3256 2823 infernales
3286 2762 3492 2820 inimici

1915 2859 1992 2912 tui
2018 2876 2156 2928 genu
2195 2860 2412 2916 nectent
2439 2862 2606 2917 vincti
2634 2864 2869 2918 vinculis
2897 2863 3138 2928 aeternis,
3172 2861 3494 2915 contitentes

233 2956 737 3028 ἐξομολογούμενοι,
768 2956 850 3010 ὅτι
871 2956 1038 3020 ὅντως
1073 2952 1272 3027 Κύριος
1315 2952 1519 3026 Ἰησοῦς
1546 2954 1624 3016 εἰς
1659 2950 1817 3016 δόξαν

1922 2949 2044 3018 quia
2072 2964 2197 3005 vere
2223 2958 2304 3005 est
2336 2948 2605 3008 Dominus
2640 2951 2801 3008 Jesus
2835 2952 2889 3006 in
2915 2952 3085 3022 gloria
3118 2949 3291 3003 Patris
3320 2948 3489 3003 sui".

231 3048 329 3102 τοῦ
363 3047 553 3102 ἑαυτοῦ
585 3049 817 3120 Πατρός.

308 3143 361 3196 3.
416 3142 502 3195 Ἐν
533 3141 758 3211 δυνάμει
784 3141 879 3193 καὶ
904 3138 1121 3211 ἐξουσίᾳ
1163 3137 1371 3209 μεγάλῃ
1403 3135 1683 3188 ἐλεύσεται
1710 3134 1818 3187 ἀπὸ

233 3233 330 3288 τοῦ
370 3234 599 3305 Πατρόςο
639 3231 792 3286 Σιὼν
823 3230 932 3305 γὰρ
964 3229 1338 3303 ιέρμηνεύεται
1383 3229 1589 3294 τόπος,
1611 3227 1744 3280 ὅπου
1776 3226 1815 3294 ή

233 3325 459 3394 σκηνή.

310 3417 360 3470 4.
393 3415 494 3469 Καὶ
522 3414 860 3486 βασιλεύσεις
895 3414 971 3486 (4)
1000 3413 1369 3487 ἁτελευτήτως
1421 3412 1563 3466 κατὰ
1590 3412 1697 3465 τῶν
1726 3413 1818 3482 ἐχ-

232 3507 385 3580 θρῶν
418 3524 530 3560 σου.

311 3602 363 3655 5.
390 3598 734 3671 Ἔμπροσθέν
759 3614 850 3651 σου
876 3598 905 3649 6
934 3596 1163 3667 σταυρὸς
1190 3594 1283 3649 τοῦ
1307 3595 1509 3658 πάθους
1540 3611 1631 3647 σου
1674 3596 1731 3645 ἐν
1754 3596 1821 3664 τῇ

234 3693 421 3767 ἡμέρᾳ
441 3693 539 3764 τῆς
563 3691 770 3757 ἐνδόξου
805 3708 898 3744 σου
933 3688 1254 3762 παρουσίας.

309 3786 360 3839 6.
391 3786 558 3839 Ὅταν
582 3785 631 3837 οἱ
652 3780 796 3854 ἆγιοί
822 3800 913 3837 σου
940 3781 1304 3854 ἐκλάμψουσιν
1326 3779 1402 3844 ὡς
1424 3782 1453 3833 6
1478 3778 1645 3849 ἥλιος.

1990 3125 2042 3180 '5.
2076 3123 2132 3180 in
2171 3126 2370 3182 virtute
2397 3136 2453 3182 et
2483 3136 2755 3197 potestate
2793 3141 2989 3196 magna
3026 3125 3203 3180 veniet
3251 3138 3281 3177 a
3312 3120 3491 3174 Patre.

1920 3213 2049 3269 Sion
2066 3217 2212 3272 enim
2240 3219 2630 3289 interpretatur
2652 3218 2796 3271 locus
2828 3218 2918 3273 ubi
2944 3228 3028 3272 est
3050 3212 3491 3269 Tabernaculam.

1992 3399 2044 3453 ι.
2073 3398 2142 3455 Ει
2189 3401 2443 3472 regnabis
2494 3400 2551 3457 in
2602 3408 2867 3458 mternum
2923 3398 3185 3454 adversus
3242 3392 3500 3450 inimicos

1924 3501 2065 3546 tuos.

1991 3581 2045 3636 5.
2081 3582 2220 3635 Ante
2249 3588 2300 3633 te
2333 3595 2464 3635 crux
2501 3580 2772 3649 passionis
2810 3590 2916 3635 tua:
2953 3582 3008 3633 in
3043 3580 3130 3634 die
3158 3576 3379 3649 gloriosi
3416 3576 3496 3631 tui

1922 3672 2205 3727 adventus.

1992 3763 2045 3818 6.
2078 3761 2307 3830 Quando
2342 3759 2514 3816 sancti
2545 3760 2622 3814 tui
2657 3758 2941 3831 fulgebunt
2970 3763 3111 3818 sicut
3141 3761 3222 3816 sol
3248 3761 3314 3815 δ’.

311 3879 362 3933 7.
402 3880 490 3932 Ἐν
519 3878 643 3950 ἐμοὶ
671 3848 737 3949 ης
763 3878 848 3930 ἀεὶ
873 3877 967 3946 ἀφ’
990 3870 1052 3930 οὗ
1078 3848 1332 3947 ηρξάμην
1374 3873 1723 3945 δημιουργεῖν
1752 3867 1819 3923 τὰ

1995 3856 2045 3910 7.
2080 3854 2135 3909 In
2166 3870 2252 3909 me
2278 3868 2402 3909 eras
2433 3866 2670 3921 semper.
2696 3867 2759 3906 ex
2799 3868 2910 3923 quo
2937 3852 3076 3922 οωρί
3101 3866 3288 3905 creare
3313 3850 3498 3905 omnia

238 3968 416 4020 πάντα
441 3967 529 4021 διὰ
568 3965 682 4019 σοῦ·
734 3964 1056 4037 ὲφανέρωσά
1091 3981 1172 4030 σε,
1226 3964 1308 4017 ὅτι
1364 3958 1530 4033 εἶχον,
1562 3962 1655 4015 καὶ
1712 3960 1820 4030 ἔχω

240 4058 368 4111 Υἱὸν
397 4061 454 4110 ἐν
486 4057 564 4127 (5)
587 4056 786 4127 ἐαυτῷ.

310 4150 365 4205 8.
401 4151 594 4204 Ἔθετο
622 4151 650 4203 6
695 4150 885 4222 Πατὴρ
928 4150 1119 4220 βουλὴν
1152 4148 1445 4202 ἀσάλευτον
1475 4147 1566 4201 καὶ
1617 4146 1823 4217 ἀμετά-

242 4242 459 4314 ὄλητον.

310 4334 364 4387 9.
396 4334 467 4387 Σὺ
496 4328 547 4386 εἷ
588 4334 755 4398 ὅντως
804 4334 983 4405 ἱερεὺς
1019 4331 1244 4404 ἀληθὴς,
1278 4332 1306 4384 6
1346 4330 1591 4401 καθάρας
1646 4329 1822 4381 πάντα

240 4424 331 4477 τὸν
350 4424 476 4476 λαόν
507 4440 600 4476 σου
630 4424 705 4494 (6)
739 4424 848 4477 ἀπὸ
869 4424 977 4477 τῶν
1003 4422 1283 4496 ἁμαρτιῶν
1312 4421 1493 4476 αὑτοῦ·
1523 4422 1583 4475 οὐ
1612 4420 1822 4491 δεήσεις

320 4513 526 4579 ἱκεσίας
582 4514 949 4586 ποιησάμενος
976 4516 1111 4587 πρός
1158 4532 1299 4577 τινα,
1354 4513 1490 4568 ἀλλὰ
1530 4511 1608 4582 τῷ
1654 4510 1823 4582 τιμίῳ

239 4610 434 4681 αἵματι
455 4610 664 4673 πάντας
708 4609 1029 4681 καθαρίσας.
1065 4608 1138 4661 Τὸ
1189 4607 1267 4672 δὲ,
1310 4608 1460 4662 κατὰ
1507 4607 1621 4676 τὴν
1652 4604 1824 4671 τάξιν

240 4698 638 4769 Μελχισεδὲκ,
675 4699 863 4752 τοῦτον
897 4698 1011 4769 ἔχει
1062 4699 1156 4751 τὸν
1200 4698 1419 4771 τρόπον.
1447 4697 1669 4769 Πρῶτον
1723 4696 1822 4766 μὲν

236 4790 271 4843 6
296 4786 627 4856 Μελχισεδὲκ
652 4787 831 4858 ἱερεὺς
861 4787 1140 4859 ἀνεδείχθη
1167 4788 1265 4841 οὐκ
1301 4789 1365 4842 ἐκ
1387 4788 1485 4859 τῆς
1538 4786 1706 4857 φυλῆς
1726 4784 1821 4838 τοῦ

239 4878 373 4933 Λευῒ
402 4878 502 4949 τῆς
532 4879 825 4952 ἱερατείας,
860 4881 1047 4952 ὥσπερ
1076 4878 1199 4934 οὔτε
1232 4883 1260 4934 ὁ
1311 4878 1526 4951 Κύριος,
1559 4881 1647 4932 ὅτε
1672 4879 1821 4932 εὐδό-

238 4988 407 5044 κησεν
440 4974 532 5026 ἐπὶ
558 4973 659 5043 τῆς
684 4974 788 5044 γῆς
814 4973 1093 5046 τεχθῆναι,
1121 4974 1222 5027 οὐκ
1250 4976 1313 5027 ἐκ
1333 4974 1426 5026 τοῦ
1452 4972 1582 5026 Λευϊ
1605 4972 1818 5044 ἐτέχθη·

237 5064 491 5136 δεύτερον
524 5064 580 5118 δὲ
604 5065 703 5128 τὰς
726 5064 976 5131 δεκάτας,
1004 5066 1070 5129 ἃς
1114 5065 1286 5119 ἐδίδου
1314 5065 1343 5116 6
1373 5066 1550 5136 ἱερεὺς
1578 5065 1656 5135 τῷ
1678 5064 1819 5135 Θεῷ,

238 5155 442 5218 ταύτας
472 5156 841 5226 προσήνεγκεν
867 5155 1068 5227 ’Δὸραὰ
1076 5175 1115 5227 μ
1136 5155 1213 5227 τῷ
1230 5155 1581 5226 Μελχισεδέκ.
1602 5156 1819 5228 Ἐπειδὴ

238 5247 384 5302 κατὰ
414 5245 590 5301 πάντα
618 5246 785 5301 τύπον
814 5246 1008 5319 ἔφερεν
1036 5250 1064 5301 ὁ
1083 5248 1416 5319 Μελχισεδὲκ
1463 5248 1552 5301 τὸν
1581 5247 1707 5300 Υἱὸν
1726 5247 1822 5301 τοῦ

235 5340 396 5396 Θεοῦ.

316 5455 357 5486 ⁸³
382 5454 615 5524 Philipp.
646 5470 704 5521 ιι,
736 5453 820 5520 l0,
854 5454 939 5508 11.
1013 5455 1057 5486 δ’
1085 5452 1275 5508 Matth.
1306 5471 1425 5523 xm,
1456 5455 1543 5510 45.

1920 3961 2016 4016 per
2045 3954 2134 4000 te:
2167 3941 2507 3999 manilestavi
2546 3954 2598 3996 te
2628 3942 2775 4011 quod
2807 3942 3073 3997 habebam
3102 3950 3157 3996 et
3191 3940 3368 3995 habeo
3403 3938 3495 3994 Fi-

1923 4037 2053 4090 lium
2093 4036 2145 4088 in
2180 4050 2265 4087 me
2298 4034 2436 4102 ipso.

1990 4128 2041 4181 8.
2074 4125 2263 4180 Posuit
2292 4122 2455 4178 Pater
2481 4122 2814 4178 voluntatem
2846 4124 3181 4179 immobilem
3203 4133 3367 4195 atque
3396 4124 3498 4179 hn-

1922 4218 2263 4275 mutabilem.

1992 4322 2133 4380 9.Tu
2161 4339 2221 4379 es
2246 4324 2430 4394 utique
2461 4322 2719 4377 sacerdos
2748 4336 2931 4388 verus,
2959 4322 3263 4378 emundans
3281 4338 3500 4379 omnem

1923 4417 2181 4487 p0pulum
2212 4426 2365 4470 tuum
2398 4431 2428 4469 a
2454 4412 2689 4484 peccatis
2714 4412 2852 4478 suis,
2888 4428 3065 4483 neque
3085 4414 3499 4484 deprecationes

1922 4517 2015 4563 aut
2042 4508 2467 4577 supplicationes
2496 4505 2704 4560 faciens
2729 4504 2796 4559 ad
2826 4504 3087 4574 aliquem,
3114 4506 3209 4561 sed
3254 4508 3499 4577 pretiOso

1923 4601 2188 4669 sanguine
2220 4613 2412 4653 omnes
2434 4599 2761 4653 emundans.
2792 4594 2927 4651 Illud
2955 4607 3173 4651 autem:
3203 4599 3499 4652 secundum

1923 4695 2160 4747 ordinem
2186 4688 2563 4744 Melchisedech
2599 4706 2629 4759 ,ο
2683 4688 2737 4740 in
2771 4686 2918 4741 hunc
2950 4686 3176 4741 modum
3207 4703 3267 4742 se
3314 4688 3497 4743 habet.

1922 4784 2166 4839 Primum
2199 4782 2421 4854 quidem
2448 4779 2839 4836 Melchisedech
2867 4780 3126 4834 sacerdos
3156 4780 3501 4836 renuntiatus

1921 4886 2023 4942 est,
2056 4890 2165 4931 non
2198 4891 2263 4930 ex
2301 4874 2444 4930 tribu
2476 4872 2603 4927 Levi
2633 4870 2961 4926 sacerdotali
2982 4912 2997 4935 ,
3035 4874 3498 4940 quemadmodum

1923 4983 2100 5039 neque
2129 4966 2419 5031 Dominus,
2452 4981 2575 5019 cum
2604 4964 2654 5018 ei
2686 4962 2892 5033 placuit
2921 4963 3075 5018 nasci
3105 4963 3161 5017 in
3194 4972 3358 5029 terra,
3390 4980 3498 5019 non

1920 5076 1986 5115 cx
2019 5060 2162 5115 tribu
2200 5058 2329 5113 Levi
2366 5066 2528 5111 natus
2559 5067 2640 5111 est
2670 5075 2682 5109 :
2716 5054 2913 5110 deinde
2939 5056 3203 5120 decimas,
3240 5070 3378 5124 quas
3407 5057 3503 5111 da-

1924 5154 2016 5208 bat
2049 5153 2308 5207 sacerdos
2339 5149 2472 5213 Deo,
2510 5147 2609 5202 has
2654 5147 2853 5201 obtulit
2892 5147 3172 5201 Abraham
3218 5146 3501 5202 Melchise-

1928 5244 2063 5301 dech
2083 5245 2141 5295 ⁸³.
2166 5240 2433 5307 Quoniam
2456 5241 2509 5295 in
2529 5242 2785 5297 omnibus
2824 5242 3055 5312 liguram
3104 5240 3325 5311 gerebat
3370 5240 3501 5296 Mcl-

1935 5337 2226 5393 chisedech
2264 5336 2384 5391 Filii
2421 5336 2536 5392 Dei.

1625 5455 1666 5485 ⁸³
1695 5453 1831 5509 Gen.
1868 5466 1979 5517 xw,
2007 5450 2096 5505 20.

1190 5547 1498 5609 Addenda
1547 5554 1608 5609 et
1642 5544 2021 5623 corrigenda
2053 5559 2133 5603 ex
2169 5540 2309 5602 cod.
2344 5542 2538 5603 Vatie.

312 5646 391 5781 (η
430 5645 495 5699 Ἦ
523 5645 609 5699 διὰ
631 5646 727 5717 τῆς
751 5644 1118 5714 κινναϐάρεως
1129 5645 1400 5723 περιέχει.

312 5716 371 5781 (2
422 5718 626 5772 Desunt
668 5717 864 5772 Κάθου
886 5716 953 5768 ἐκ
986 5715 1197 5780 δεξιων
1226 5733 1358 5781 μου.

333 5714 391 5781 2)
422 5718 626 5772 Desunt
668 5714 864 5772 Κάθου
886 5716 953 5768 ἐκ
986 5714 1358 5785 δεξιῶνῗιιοῠ.

335 5788 390 5857 3)
417 5789 481 5839 Δε
491 5788 683 5857 σμίοις.

336 5857 391 5915 εί)
413 5858 691 5912 Βασίλενε.

1988 5642 2066 5711 (5)
2108 5642 2203 5693 ‘Er
2218 5641 2399 5711 deest.

2000 5707 2073 5780 (6)
2129 5710 2269 5764 Λαὸν
2290 5709 2452 5763 αὑτοῦ
2480 5712 2531 5767 ἅ.
2555 5729 2604 5765 τ.
2636 5713 2688 5765 ἐι.
2737 5712 2823 5763 αὑ.
2874 5711 3086 5780 δεήσεις
3123 5707 3347 5780 ἱκεσίας,
3374 5718 3500 5769 etc.,

1929 5778 2016 5858 τῇ
2035 5783 2198 5858 τιμίῳ
2230 5799 2321 5834 σου
2345 5783 2532 5851 αἵματι
2557 5785 2757 5858 πάντα-
2776 5778 3130 5858 ἐκαθάρισας,
3159 5790 3287 5842 cita,
3317 5778 3503 5848 ὥσπερ

1926 5836 2317 5925 οὖτοςᾞύριος,
2346 5836 2475 5919 etc...
2502 5852 2594 5905 τοῦ
2643 5852 2761 5906 ι’ίιιῦ
2796 5851 2885 5905 τοῦ
2914 5836 3070 5906 θεοῦ.
