4142 6520
174 454 258 507 11
277 456 372 513 49
1175 459 1265 512 DE
1309 459 1582 516 τιτιίιδ
1621 460 1810 515 PSAL]

1825 460 2062 516 lORUM.
2101 491 2170 502 —-
2207 458 2407 516 PSAL.
2445 458 2559 513 CX.
3326 457 3461 516 1150

277 576 356 630 7.
393 578 598 632 Μνείαν
626 579 916 649 ἐποιήσατο
948 578 1056 632 τῶν
1088 579 1408 649 θαυμασίων
1442 578 1626 641 αὐτοῦ,
1829 592 1875 646 Α

1505 578 1626 641 cod,
1829 592 1875 646 Α
1977 578 2023 630 7.
2055 575 2366 629 Memoriam
2395 573 2520 630 fecit
2543 575 2866 629 mirabilium
2897 591 3141 637 suorum.

277 669 355 723 8.
408 671 680 741 Ἐλεήμων
710 674 804 723 καὶ
827 671 1123 742 οἰκτίρμων
1149 673 1177 724 ό
1207 670 1420 742 Κύριοςο

1972 669 2027 722 8.
2065 667 2369 722 Misericors
2400 677 2452 721 et
2483 669 2768 722 miserator
2796 666 3095 723 Dominus:

278 762 360 816 9.
399 763 613 834 Τροφὴν
635 763 799 816 ἔδωκε
837 767 949 826 τοῖς
993 763 1346 833 φοϐουμένοις
1375 763 1552 816 αὐτόν.

1227 763 1346 827 ἱνοις
1375 763 1552 816 αὐτόν.
1967 760 2018 813 9.
2053 760 2240 812 Escam
2265 758 2412 812 dedit
2442 757 2756 812 timentibus
2787 773 2863 811 se.

289 853 396 908 10.
434 855 816 926 Μνησθήσεται
847 858 925 919 είς
946 858 1037 908 τὸν
1064 856 1235 909 αἰῶνα
1264 855 1524 924 διαθήκης
1560 854 1722 907 αὑτοῦ
1745 870 1761 884 ο

1643 854 1722 907 ιοῦ
1745 870 1761 884 ·
1969 850 2053 905 10.
2093 848 2296 905 Memor
2325 850 2429 904 erit
2455 850 2507 904 in
2535 850 2794 904 sarculum
2830 850 3135 903 testamenti
3161 851 3244 904 sui
3269 869 3279 903 :

291 948 396 1002 11.
435 951 608 1020 ’ἰσχὺν
633 943 806 1021 ἔργων
832 950 994 1003 αὐτοῦ
1026 949 1311 1020 ἀνήγγειλε
1357 948 1434 1019 τῷ
1471 948 1583 1017 λαῴ
1612 948 1797 1014 αὑτοῦ,

1966 943 2052 995 11.
2085 941 2348 996 Virtutem
2375 956 2601 1012 Operum
2630 955 2854 996 suorum
2881 941 3226 994 annuntiabit
3263 943 3461 1011 populo

1898 1048 2020 1093 SUO,

300 1126 399 1180 12.
434 1126 539 1179 Τοῦ
568 1125 747 1180 δοῦναι
781 1127 958 1188 αὐτοῖς
997 1124 1356 1194 κληρονομίαν
1387 1121 1577 1175 ἐθνῶν.

1456 1121 1577 1175 νῶν.
1972 1122 2058 1175 12.
2091 1121 2160 1177 Ut
2188 1122 2279 1177 det
2309 1121 2414 1177 illis
2436 1122 2801 1178 haereditatem
2829 1122 3092 1192 gentium,

298 1218 397 1273 13.
436 1219 611 1290 Ἔργα
640 1216 834 1288 χειρῶν
862 1216 1024 1271 αὐτοῦ
1057 1215 1281 1286 ἀλήθεια
1304 1215 1396 1267 καὶ
1425 1213 1619 1284 κρίσις.

1972 1215 2056 1268 15.
2093 1214 2266 1285 Opera
2293 1231 2551 1270 manuum
2582 1216 2721 1286 ejus,
2755 1217 2950 1270 veritas
2969 1226 3022 1271 et
3047 1216 3331 1286 judicium.

303 1313 398 1366 14.
428 1313 622 1366 Πισταὶ
650 1314 818 1365 πᾶσαι
847 1312 902 1364 αἱ
928 1311 1136 1364 ἐντολαὶ
1158 1308 1320 1361 αὑτοῦ
1348 1327 1360 1339 ·

1351 1327 1360 1339 ·
1970 1309 2058 1364 14.
2089 1307 2292 1363 Fidelia
2324 1309 2508 1363 omnia
2537 1310 2790 1365 mandata
2820 1309 2938 1378 ejus
2976 1328 2987 1362 :

308 1405 398 1458 15.
439 1403 854 1475 Ἐστηριγμέναι
877 1405 956 1466 είς
978 1403 1071 1455 τὸν
1104 1401 1273 1456 αἰῶνα
1292 1400 1384 1453 τοῦ
1419 1399 1612 1459 αἰῶνος
1637 1415 1648 1429 ·

1362 1400 1384 1452 ὖ
1419 1399 1648 1459 αἰῶνος·
1972 1402 2056 1456 15.
2084 1400 2412 1457 Continuata
2448 1402 2500 1456 in
2533 1403 2789 1458 saeculum
2818 1404 2998 1458 saeculi

307 1496 398 1550 16.
435 1496 804 1567 Πεποιημέναι
829 1497 886 1548 ὲν
917 1494 1143 1564 ἀληθεία
1172 1493 1267 1546 καὶ
1289 1491 1561 1560 εὐθύτητι.

1323 1491 1561 1560 ὐθύτητι.
1974 1491 2053 1548 16.
2087 1492 2248 1547 Facta
2283 1494 2335 1548 in
2363 1495 2587 1549 veritate
2616 1504 2670 1549 et
2692 1495 2959 1564 aequitate.

309 1591 398 1644 17.
436 1589 718 1660 Λύτρωσιν
741 1586 1025 1642 ἀπέστειλε
1059 1585 1384 1658 [ἀπέστειλε
1414 1582 1633 1652 Κύριος,
1665 1589 1768 1636 etc.
1778 1619 1798 1651 λ

1966 1583 2052 1639 17.
2088 1583 2536 1655 Redemptionem
2563 1588 2714 1642 misit
2743 1586 2913 1659 [misit
2943 1586 3228 1659 Dominus]
3261 1601 3457 1656 popu.o

207 1681 313 1751 τῷ
348 1682 459 1751 λαῷ
480 1680 640 1734 αὑτοῦ
672 1696 688 1712 ο
1897 1691 1998 1731 suo
2028 1690 2041 1726 :

307 1773 396 1826 18.
441 1770 769 1825 Ἐνετείλατο
792 1770 872 1832 είς
902 1768 993 1821 τὸν
1024 1768 1192 1821 αἰῶνα
1223 1765 1485 1837 διαθήκην
1524 1765 1684 1821 αὑτοῦ
1712 1781 1726 1796 ο

1969 1768 2058 1823 18.
2091 1767 2363 1823 Mandavit
2392 1770 2446 1824 in
2477 1779 2736 1825 aeternum
2767 1779 3146 1827 testamentum
3173 1788 3365 1826 suum:

309 1866 396 1920 19.
435 1867 621 1933 Ἀγιον
645 1863 740 1917 καὶ
772 1862 999 1933 φοϐερὸν
1021 1861 1080 1913 τὸ
1099 1860 1268 1930 ὄνομα
1291 1859 1476 1912 αὐτοῦ.

1455 1886 1476 1911 ι.
1968 1858 2054 1912 19.
2085 1858 2342 1913 Sanctum
2373 1869 2426 1914 et
2453 1861 2693 1916 terribile
2725 1877 2919 1916 nomen
2954 1861 3091 1932 ejus.

304 1953 395 2006 20.
438 1953 603 2025 Ἀρχὴ
628 1952 818 2021 σοφίας
851 1950 1014 2022 φόϐος
1044 1949 1244 2024 Κυρίου
1270 1967 1283 1979 ·
1826 1968 1870 2022 Β

1826 1968 1870 2022 Β
1965 1948 2056 2002 20.
2082 1948 2302 2005 Initium
2334 1953 2610 2022 sapientiae
2643 1954 2805 2008 timor
2831 1953 3082 2010 Domini:

303 2042 394 2094 21.
422 2041 640 2104 Σύνεσις
668 2041 724 2093 δὲ
763 2041 940 2111 ἀγαθὴ
972 2042 1104 2093 πᾶσι
1133 2041 1241 2101 τοῖς
1271 2037 1514 2090 ποιοῦσιν
1552 2038 1720 2108 αὐτην
1740 2055 1754 2068 ο

1966 2040 2055 2095 21.
2091 2040 2396 2098 Intellectus
2428 2044 2604 2098 bonus
2633 2044 2888 2100 omnibus
2929 2044 3252 2100 facientibus
3294 2060 3454 2101 eam:

303 2133 393 2188 22.
437 2135 500 2187 Ἦ
517 2133 719 2198 αἷνεσις
733 2133 895 2187 αὐτοῦ
919 2133 1066 2203 μένει
1086 2148 1108 2183 ε
1120 2133 1164 2193 ἱς
1179 2132 1270 2183 τὸν
1287 2130 1456 2184 αἰῶνα
1471 2129 1564 2182 τοῦ
1581 2129 1790 2193 αἰῶνος.

1638 2129 1790 2193 ῶνος.
1964 2132 2053 2186 22.
2077 2131 2339 2188 Laudatio
2362 2135 2482 2205 ejus
2504 2145 2683 2190 manet
2709 2135 2762 2188 in
2791 2136 3045 2190 saaculum
3077 2137 3273 2191 saeculi.

1344 2305 1719 2360 ATUANASII
1759 2304 1869 2362 lNT
1880 2306 2055 2361 ERPR
2069 2308 2344 2365 ETATIO.

303 2470 360 2525 7.
393 2469 844 2540 Ἐμνημόνευσεν,
879 2468 952 2530 ῶς
999 2469 1219 2538 προεῖπε
1257 2466 1344 2519 διὰ
1370 2467 1475 2519 τῶν
1501 2466 1792 2536 προφητῶν

1968 2468 2018 2522 7.
2054 2467 2386 2526 Recordatus
2411 2480 2513 2534 est,
2547 2483 2604 2525 ut
2650 2472 2897 2542 praedixit
2931 2489 3026 2543 per
3049 2489 3178 2530 suos
3218 2477 3456 2544 prophe-

228 2560 425 2627 αὑτοῦ,
457 2561 649 2626 ἐλθεῖν,
682 2560 777 2615 καὶ
795 2560 869 2629 (1)
894 2559 981 2612 διὰ
1009 2558 1118 2612 τῶν
1144 2557 1481 2629 παθημάτων
1504 2559 1668 2612 αὑτοῦ
1692 2558 1794 2610 σῶ-

1709 2558 1794 2610 n3-
1898 2572 2006 2626 tas,
2040 2563 2247 2628 venire,
2277 2574 2328 2620 et
2350 2581 2445 2634 per
2469 2567 2773 2635 passionem
2803 2581 2957 2622 suam
2991 2568 3202 2623 salvare
3231 2583 3345 2624 nos.

229 2673 328 2710 σαι
363 2655 528 2725 ἡμᾶς.

305 2746 359 2801 8.
393 2747 670 2818 Ἐλεήμων
693 2745 802 2816 γάρ
835 2745 926 2799 καὶ
952 2745 1250 2814 οἰκτίρμων
1273 2743 1508 2814 ὑπάρχει
1528 2745 1557 2797 ὁ
1575 2742 1791 2815 Κύριος.

1712 2761 1791 2807 ος.
1964 2741 2019 2796 8.
2045 2740 2354 2798 Misericors
2388 2742 2532 2798 enim
2568 2752 2619 2797 et
2647 2744 2930 2798 miserator
2959 2754 3041 2798 est
3067 2743 3348 2802 Dominus.

305 2839 360 2892 9.
406 2838 623 2891 Ἑαυτὸν
653 2836 761 2908 γὰρ
783 2836 1009 2907 τροφὴν,
1039 2835 1134 2888 καὶ
1157 2834 1225 2888 τά
1256 2835 1411 2902 λόγια
1435 2834 1600 2888 αὐτοῦ
1627 2835 1791 2888 ἔδωκε

1967 2833 2020 2888 9.
2055 2832 2124 2888 Se
2154 2835 2330 2902 ipsum
2367 2835 2512 2889 enim
2541 2834 2592 2888 in
2620 2851 2823 2900 escam,
2864 2845 2919 2890 et
2945 2835 3159 2907 eloquia
3188 2853 3284 2892 sua
3312 2840 3456 2894 dedit

226 2933 346 2993 τοῖς
368 2929 716 3000 φοϐουμένοις
737 2928 922 2982 αὐτόν.

748 2928 922 2982 ιύτὸν.
1895 2926 2211 2981 timentibus
2240 2942 2384 2981 eum.

312 3023 398 3077 10.
437 3022 812 3085 Ἀδιαλείπτως
851 3021 1215 3093 μνησθήσεται
1243 3019 1350 3073 τῶν
1394 3020 1566 3090 ἁγίων
1603 3019 1787 3074 αὐτοῦ.

1970 3018 2056 3072 10.
2087 3019 2455 3074 lndesinenter
2473 3022 2847 3076 recordabitur
2872 3032 3182 3078 sanctorum
3210 3039 3455 3079 suorum.

309 3115 394 3170 11.
427 3115 538 3185 Τὴν
569 3114 795 3184 δύναμιν
823 3113 930 3165 τῶν
961 3110 1190 3182 Γραφῶν
1222 3110 1298 3181 (2)
1336 3110 1442 3165 τῶν
1473 3112 1790 3183 προλεχθέν-

1965 3107 2052 3164 11.
2094 3108 2354 3166 Virtutem
2383 3111 2511 3185 [hoc
2538 3123 2623 3172 est
2654 3129 2911 3170 arcanum
2941 3113 3187 3186 sensum]
3212 3116 3457 3186 Scriptu-

223 3225 341 3261 των
364 3205 668 3276 ὲφανέρωσε
697 3205 807 3265 τοῖς
845 3203 1158 3266 ἀποστόλοις
1186 3199 1371 3254 αὑτοῦ.

1890 3214 2074 3254 rarum
2107 3201 2174 3256 de
2224 3202 2288 3254 iis
2334 3219 2454 3272 quae
2505 3205 2759 3273 praedicta
2815 3204 3056 3272 fuerunt,
3088 3205 3457 3262 maniiestavit

1891 3295 2156 3366 apostolis
2187 3295 2321 3350 suis.

307 3388 390 3442 12.
416 3385 522 3441 Τοῦ
547 3386 725 3440 δοῦναι
756 3386 868 3450 τοῖς
893 3384 1209 3448 ἀποστόλοις
1236 3381 1487 3448 ἐξουσίαν
1509 3384 1791 3456 κυριεῦσαι

1963 3387 2051 3443 12.
2088 3383 2156 3440 Ut
2191 3387 2345 3442 daret
2370 3389 2627 3459 apostolis
2656 3397 2974 3458 potestalem
3005 3389 3318 3445 dominandi
3349 3405 3445 3444 su-

225 3482 321 3536 διά
345 3482 422 3552 (5)
451 3481 544 3535 τοῦ
571 3480 923 3553 κηρύγματος
951 3482 1166 3535 πάντων
1188 3480 1296 3533 τῶν
1323 3478 1511 3535 ἐθνῶν.

1388 3478 1511 3535 νῶν.
1892 3491 1989 3547 per
2015 3493 2203 3534 omnes
2232 3489 2418 3548 gentes
2445 3495 2540 3550 per
2567 3481 3024 3550 praedicationem.

307 3573 390 3629 l5.
425 3575 505 3628 Τά
536 3575 671 3645 ἔργα
701 3573 808 3626 τῶν
842 3573 1154 3626 ἀποστόλων
1181 3570 1345 3624 αὐτοῦ
1383 3571 1566 3633 πίστις
1595 3571 1691 3625 καὶ
1715 3572 1791 3626 δι-

1646 3571 1691 3625 ιὶ
1715 3572 1791 3626 δι·
1967 3571 2049 3623 15.
2081 3569 2254 3640 Opera
2283 3573 2650 3641 apostolorum
2677 3571 2797 3639 ejus
2823 3571 2954 3626 [ides
2987 3581 3040 3626 et
3058 3571 3282 3642 justitia.

227 3663 489 3734 καιοσύνη
500 3705 512 3718 .

309 3757 393 3810 14.
436 3753 680 3825 ’Δληθεῖς
707 3755 762 3808 αἱ
791 3753 1110 3824 ἐπαγγελίαι
1140 3752 1325 3808 αὐτοῦ.
1821 3741 1862 3798 (οἶ

1190 3752 1325 3808 ὅτοῦ.
1821 3741 1862 3798 C
1971 3749 2055 3803 H.
2087 3748 2240 3806 Verte
2270 3751 2665 3820 promissiones
2689 3753 2826 3822 ejus.

307 3848 390 3902 15.
420 3847 522 3902 Καὶ
553 3847 939 3919 ἀμεταμέλητα
963 3847 1033 3899 τὰ
1055 3847 1366 3919 χαρίσματα
1399 3844 1564 3900 αὐτοῦ
1591 3847 1692 3917 (4).

1399 3844 1564 3900 αὐτοῦ
1591 3847 1692 3917 (4).
1963 3843 2046 3896 15.
2085 3842 2149 3896 Et
2183 3844 2298 3898 sine
2327 3843 2640 3914 poenitentia
2662 3845 2802 3898 dona
2836 3845 3023 3914 ipsius.

309 3941 390 3994 16.
421 3937 840 4010 Κατηρτισμὲνα
867 3938 1040 4009 (5).ἑν
1067 3938 1249 3991 πίστει
1290 3937 1383 3991 καὶ⁵
1431 3937 1762 4009 δικαιοσύνῃ.

1290 3937 1383 3991 καὶ⁵
1431 3937 1762 4009 δικαιοσύνῃ.
1968 3936 2055 3990 16.
2082 3934 2328 3991 Perfecta
2357 3937 2409 3990 in
2453 3936 2554 3991 ﬁde
2585 3946 2639 3992 et
2665 3937 2894 4006 justitia.

304 4031 389 4085 1⁸7.
429 4031 486 4084 '0
520 4031 710 4102 Πατὴρ
737 4030 827 4084 τὸν
870 4029 996 4083 Υίόν
1025 4028 1189 4084 αὐτοῦ
1233 4028 1324 4083 τὸν
1365 4030 1630 4102 μονογενῆ
1669 4030 1796 4083 ἐδω-

1962 4028 2050 4082 17.
2097 4025 2258 4081 Pater
2311 4027 2505 4082 Filium
2552 4045 2711 4083 suum
2757 4028 3097 4098 unigenitum
3147 4027 3297 4082 dedit
3356 4043 3453 4096 pro

227 4141 327 4176 κεν
355 4122 491 4192 ὑπὲρ
513 4122 612 4193 τῆς
637 4122 730 4174 τοῦ
766 4122 970 4192 κόσμου
1005 4122 1170 4192 ζωῆς.

595 4122 730 4185 ςτοῦ
766 4122 970 4192 κόσμου
1005 4122 1170 4192 ζωῆς.
1891 4121 2074 4174 mundi
2105 4121 2231 4174 vita.

305 4214 387 4268 18.
429 4213 756 4268 Ἐνετείλατο
794 4215 905 4276 τοῖς
935 4214 1280 4267 πιστεύουσιν
1321 4212 1470 4284 αὐτῷ
1500 4214 1791 4282 φυλάσσειν

1971 4214 2055 4268 18.
2083 4213 2346 4286 Ρταξεερὶι
2388 4214 2729 4270 credentibus
2773 4214 2821 4267 ei
2874 4212 3146 4268 custodire
3198 4208 3451 4265 mandata

227 4306 297 4358 τὰ
321 4306 717 4376 προστάγματα
745 4303 930 4358 αὑτοῦ.
1895 4323 2013 4362 sua.

303 4396 389 4452 19.
425 4396 670 4460 Ἔνδοξον
693 4400 803 4461 τοῖς
833 4397 1010 4466 ἁγίοις
1043 4404 1135 4450 και
1163 4397 1389 4468 φοϐερὸν
1420 4400 1533 4461 τοῖς
1574 4398 1789 4469 δαίμοσι

1967 4399 2055 4454 19.
2108 4399 2419 4455 Gloriosum
2464 4399 2688 4463 sanctis,
2737 4408 2788 4453 el
2836 4397 3074 4453 terribile
3115 4395 3449 4451 damonibus

228 4490 291 4542 τὸ
311 4489 481 4561 ὄνομα
502 4488 683 4542 αὑτοῦ.

617 4488 683 4542 ›ῠ.
1893 4505 2089 4544 nomen
2116 4489 2253 4560 ejus.

298 4581 389 4635 20.
417 4580 527 4636 nan
548 4582 710 4655 ἀρχαὶ
739 4582 814 4655 (6)
859 4582 1093 4646 πίστεως
1121 4583 1181 4636 τὸ
1206 4582 1506 4655 φοϐηθῆναι
1542 4584 1633 4637 τὸν
1675 4583 1784 4636 Κύ-

1563 4584 1633 4637 ῖὸν
1675 4583 1784 4636 Κύ-
1964 4584 2054 4640 20.
2089 4584 2154 4639 Et
2185 4584 2394 4639 initium
2424 4584 2546 4639 ﬁdei
2577 4583 2768 4638 timere
2789 4581 3075 4636 Dominum
3103 4579 3199 4650 (a).

269 4691 343 4726 ιον
351 4715 364 4727 .

269 4692 364 4727 ιον.

228 4692 261 4744 ρ
295 4765 384 4820 21.
417 4765 590 4837 Χάρις
620 4766 676 4820 δὲ
698 4767 1012 4838 Πνεύματος
1041 4768 1195 4837 ἀγίου
1230 4768 1346 4824 ἐστὶ
1379 4771 1513 4824 πᾶσι
1553 4773 1664 4834 τοῖς
1690 4789 1784 4840 φο·-

1963 4761 2052 4814 21.
2090 4760 2274 4816 Gratia
2304 4770 2482 4816 autem
2518 4761 2753 4831 Spiritus
2791 4759 2962 4816 sancti
2983 4768 3065 4814 est
3098 4756 3347 4813 omnibus
3379 4755 3450 4808 ti-

226 4859 320 4912 ϐου
327 4859 506 4929 μένοις
532 4858 622 4913 τὸν
646 4858 860 4929 Κύριον.

855 4902 860 4915 ,
1889 4855 2160 4911 mentibus
2183 4855 2491 4912 Dominum.

293 4947 383 5002 22.
411 4947 786 5022 ’Δτελεύτητος
821 4950 968 5021 μένει
996 4952 1071 5023 (7)
1104 4955 1138 5024 ἡ
1184 4953 1386 5014 αῖνεσις
1435 4950 1527 5004 τοῦ
1561 4949 1779 5005 Κυρίου.
1811 4967 1863 5022 ι)

1435 4950 1527 5004 τοῦ
1561 4949 1779 5005 Κυρίου.
1811 4967 1863 5022 ι)
1962 4948 2049 5004 ἳὲ.
2079 4946 2208 5001 Sine
2232 4948 2336 5003 line
2365 4958 2545 5002 manet
2578 4945 2812 5001 laudatio
2841 4941 3051 4998 Domini

1171 5128 1483 5190 Addenda
1514 5137 1575 5190 et
1611 5125 1983 5207 corrigenda
2017 5145 2095 5189 ex
2134 5125 2272 5187 cod.
2301 5125 2501 5187 Vatis.

295 5288 370 5357 (1)
397 5281 496 5362 Ὧν
514 5294 774 5362 προεῖπεν
805 5291 852 5344 δ.
884 5309 934 5344 τ.
961 5309 1018 5346 π.
1052 5291 1144 5345 τοῦ
1170 5291 1361 5361 ὲλεεῖν,
1391 5290 1503 5359 καί,
1530 5302 1658 5356 etc.,
1681 5308 1782 5345 σω-
1961 5289 2037 5362 (4)
2068 5290 2483 5362 ξᾼμεταμέλητα
2513 5291 2618 5362 γὰρ
2643 5289 2708 5342 τὰ
2739 5289 3044 5360 χαρίσματα
3064 5293 3156 5340 τοῦ
3187 5287 3336 5346 Θεοῦ,

295 5307 370 5357 (ι)
424 5307 496 5341 υν
522 5307 774 5360 προειπεν
805 5307 852 5344 ο.
884 5309 934 5344 τ.
961 5309 1018 5346 π.
1052 5309 1144 5345 του
1170 5307 1361 5361 ελεειν,
1391 5307 1503 5359 και,
1530 5307 1658 5356 etc.,
1681 5308 1782 5345 σω-
1961 5307 2037 5354 (4)
2079 5307 2483 5412 ’Λμεταμελητα
2513 5308 2520 5319 ·

225 5359 382 5432 θῆναι
407 5361 571 5432 ἡμᾶς.
644 5431 663 5432 η
1660 5430 1679 5432 ᾼ
1958 5361 2033 5431 (5)
2068 5360 2384 5432 Κατηρτισμ
2416 5380 2520 5416 ναι.

295 5431 372 5502 (3?)
407 5431 705 5502 Προφητῶν
739 5431 878 5501 (leg.
915 5432 1093 5501 potius
1123 5432 1341 5488 videtur
1378 5430 1780 5502 προφητειῶν.)

1123 5432 1341 5488 videtur
1378 5430 1780 5502 προφητειῶν.)
1957 5430 2032 5502 1⁷6)
2069 5430 2258 5502 Ἀρχή,
2292 5443 2418 5495 etc.,
2452 5432 2552 5486 καί
2582 5440 2634 5486 et
2660 5432 2742 5483 τό.

295 5451 372 5495 i2)
407 5451 705 5500 ιιροφητων
739 5451 878 5501 μσς.
915 5451 1093 5501 pouus
1123 5451 1341 5488 Vtuetur
1378 5451 1780 5502 προφητειων.)

293 5500 372 5570 (3,
401 5501 502 5554 Διά
523 5502 694 5556 deest.

788 5451 878 5501 leg.
915 5451 1093 5501 pouus
1123 5451 1341 5488 Vtuetur
1378 5451 1780 5502 προφητειων.)
1957 5451 2032 5500 ιο)
2084 5451 2258 5554 agn.
2292 5451 2418 5495 etc.,

1957 5501 2032 5571 (7)
2064 5505 2121 5555 M
2187 5519 2237 5555 ει
2258 5503 2424 5557 deest.

295 5713 372 5786 (a)
411 5713 586 5768 Aliam
634 5714 786 5769 aﬂ‘crt
827 5715 960 5772 Dan.
1005 5714 1273 5771 Barbarus
1314 5718 1832 5789 interpretationem,
1879 5734 1998 5792 quae
2032 5728 2114 5775 est
2154 5719 2380 5792 Didymi.
