4142 6536
674 457 812 517 1155

742 581 796 635 9.
830 579 963 646 Quis
987 580 1126 634 sicut
1157 578 1416 634 Dominus
1442 579 1583 636 Deus
1611 583 1837 636 uoster?

746 670 830 723 10.
861 669 962 735 Qui
996 669 1048 722 in
1081 669 1205 723 altis
1236 669 1480 723 habitat:

750 763 830 815 ll.
869 760 932 814 Et
960 761 1184 815 humilia
1229 762 1448 830 respicit
1479 760 1726 831 [reSpicit
1774 771 1827 816 et
1868 763 1975 816 alta
2016 779 2045 817 a
2106 780 2245 834 ouge

672 852 1000 926 cognoscit],

743 945 827 999 l2.
863 945 920 998 ιη
946 947 1084 998 coelo
1114 944 1238 998 etin
1270 952 1438 998 terra.

749 1039 826 1092 l5.
864 1038 1142 1092 Suscitans
1177 1054 1206 1091 a
1236 1047 1380 1092 terra
1418 1037 1661 1104 inopem.

744 1131 828 1182 1-1.
863 1131 926 1184 Et
959 1131 1023 1183 de
1056 1140 1296 1184 stercore
1331 1130 1546 1198 erigens
1577 1143 1888 1198 pauperem,

747 1220 829 1273 15.
860 1220 928 1276 Ut
951 1223 1180 1275 collocet
1214 1236 1337 1276 eum
1368 1235 1491 1274 cum
1525 1221 1887 1290 principibus,

743 1313 829 1366 16.
867 1312 1001 1367 Cum
1033 1313 1368 1382 principibus
1405 1313 1587 1382 populi
1616 1314 1723 1368 sui.

741 1405 823 1457 l7.
854 1404 955 1471 Qui
988 1406 1229 1459 habitare
1257 1403 1384 1459 facit
1417 1404 1661 1459 sterilem
1692 1405 1746 1459 in
1778 1406 1961 1472 domo,

742 1498 827 1553 18.
855 1497 1075 1552 Matrem
1106 1498 1158 1550 in
1189 1497 1313 1552 ﬁliis
1341 1497 1638 1552 lzetantem.

1186 1611 1433 1666 Alleluia.
1481 1610 1681 1667 CXIII

747 1705 797 1760 1.
840 1704 895 1758 lu
927 1704 1074 1758 exitu
1105 1705 1268 1759 Israel
1300 1706 1366 1758 de
1395 1703 1654 1776 Egypto,

740 1798 794 1852 2.
837 1796 1039 1852 Domus
1077 1797 1245 1852 Jacob
1286 1799 1353 1853 de
1378 1800 1579 1869 popqu
1609 1799 1862 1855 barbaro.

743 1891 796 1946 3.
842 1889 1007 1944 Facta
1033 1901 1114 1944 est
1143 1888 1328 1944 Judaea
1361 1890 1724 1946 sanctilicatio
1767 1891 1888 1962 ejus
1916 1910 1931 1946 :

743 1986 794 2038 1.
846 1984 1010 2039 Israel
1038 1992 1279 2054 potestas
1304 1984 1449 2054 ejus.

744 2078 795 2132 5.
837 2076 983 2132 Mare
1013 2078 1145 2132 vidit
1178 2087 1232 2132 et
1282 2077 1415 2149 fugit
1444 2096 1457 2132 :

1493 461 1550 516 S.
1593 461 1965 518 ATHANASII
2005 463 2155 519 OPP.
2195 462 2378 518 PARS
2417 465 2504 520 lll.
2547 498 2613 507 —
2655 467 3068 523 EXEGETICA.

2269 590 2314 645 Α
2412 586 2462 638 9.
2497 587 2592 650 Τίς
2623 587 2698 649 ὼς
2726 586 2923 658 Κύριος
2949 591 2976 642 ὁ
2999 588 3130 653 Θεὸς
3160 591 3351 660 ἡμῶνς

3806 476 3951 534 1156

2418 679 2499 732 10.
2549 681 2606 730 Ὀ
2636 681 2692 733 ἑν
2725 679 2945 750 ὑψηλοῖς
2973 685 3240 736 κατοικῶν
3265 702 3278 714 ·

2417 771 2501 824 11.
2531 774 2637 824 Καὶ
2657 772 2729 824 τὰ
2751 774 2980 826 ταπεινά
3009 776 3219 846 ἐφορῶν
3243 775 3504 850 [ἐσορῶπῃ
3535 779 3633 831 καὶ
3658 779 3726 832 τὰ
3763 779 3948 850 ὑψηλὰ

2348 864 2453 916 ἀπὸ
2492 865 2760 937 μακρόθεν
2793 866 3158 939 γιγνιτ›σκων],

2418 957 2502 1010 12.
2551 959 2638 1010 Ἐν
2668 959 2744 1030 τῷ
2777 961 2989 1032 οὐρανῷ
3017 963 3110 1016 καὶ
3136 964 3192 1015 ὲν
3219 965 3285 1033 τῇ
3413 982 3425 993 .

2419 1050 2504 1102 15.
2547 1050 2603 1102 Ὀ
2634 1051 2859 1122 ἐγείρων
2887 1053 2994 1106 ἀπὸ
3024 1053 3126 1124 γῆς
3163 1055 3394 1125 πτωχὸν,

2421 1140 2503 1195 14.
2533 1142 2641 1193 Καὶ
2671 1143 2778 1195 ἀπὸ
2808 1144 3037 1216 κοπρίας
3073 1143 3288 1213 ἀνυψῶν
3316 1146 3549 1215 πένητα,

2421 1233 2502 1286 15.
2543 1233 2648 1287 Τοῦ
2683 1235 2903 1288 καθίσαι
2929 1235 3093 1290 αὑτὸν
3123 1236 3259 1307 μετά
3286 1238 3589 1309 ἀρχόντων,

2421 1327 2506 1383 16.
2545 1329 2698 1381 Μετὰ
2735 1330 3009 1400 ἀρχόντων
3042 1331 3170 1384 λαοῦ
3197 1333 3384 1386 αὐτοῦ.

2423 1418 2505 1470 17.
2549 1420 2604 1472 'O
2632 1420 2957 1485 κατοικίζων
2981 1424 3198 1496 στείραν
3228 1427 3285 1478 ἑν
3321 1426 3475 1496 οἴκῳ,

2423 1511 2505 1565 18.
2536 1513 2760 1584 Μητέρα
2789 1514 2880 1566 ἐπὶ
2909 1515 3119 1581 τέκνοις
3152 1518 3610 1588 εὐφραινομένην.

2862 1606 3234 1676 Ἀλληλούῒιι
3265 1612 3428 1664 PII".

2425 1699 2470 1754 1.
2515 1699 2601 1751 Ἐν
2635 1699 2798 1770 ἐξόδῳ
2831 1701 3048 1772 Ἰσραὴλ
3073 1702 3132 1767 ἐξ
3157 1703 3455 1769 Αἰγύπτου,

2419 1793 2473 1846 2.
2503 1795 2664 1846 Οἴκου
2701 1793 2892 1847 Ἰακὼὸ
2922 1799 2985 1849 ἐκ
3019 1797 3148 1849 λαοῦ
3185 1797 3483 1869 βαρϐάρου.

2422 1888 2472 1940 3.
2514 1887 2770 1959 Ἐγενήθη
2809 1889 3037 1942 Ἰουδαία
3067 1891 3309 1961 ἁγίασμα
3331 1891 3527 1944 αὑτοῦ·

2426 1978 2474 2032 ι.
2515 1979 2726 2051 Ἰσραὴλ
2761 1980 2978 2047 ἐξουσία
3007 1981 3193 2034 αὐτοῦ.

2424 2071 2473 2124 5.
2519 2072 2580 2124 'H
2610 2071 2850 2125 θάλασσα
2881 2067 2986 2125 εἶδε
3018 2073 3111 2125 καὶ
3137 2072 3334 2142 ἔφυγεν
3354 2092 3368 2103 ·

1789 2193 2168 2249 ATﬂANASII
2211 2186 2803 2245 INTERPRETATIO.

744 2287 892 2341 9-11.
923 2285 1077 2352 Quod
1111 2286 1163 2339 in
1203 2287 1340 2340 ccelo
1389 2285 1638 2340 habitans
1684 2285 1921 2339 humiles
1967 2295 2022 2340 ct
2053 2299 2249 2354 pecca-

672 2391 818 2435 tores
844 2378 981 2433 adeo
1016 2376 1224 2430 dilexit.

742 2473 827 2525 12.
857 2469 960 2536 Qui
997 2471 1051 2522 in
1085 2468 1224 2522 caelo
1258 2484 1509 2536 manens,
1538 2477 1593 2523 et
1620 2469 1674 2523 in
1704 2479 1904 2524 terram
1937 2469 2183 2526 advenit.

745 2567 833 2627 15,
864 2565 951 2620 14.
986 2563 1089 2629 Qui
1131 2579 1302 2632 genus
1338 2563 1662 2626 humanum,
1691 2564 1838 2632 quod
1865 2563 2137 2619 ceciderat
2181 2562 2252 2615 ob

673 2670 918 2712 terrenas
941 2664 992 2709 et
1023 2655 1316 2725 ﬂagitiosas
1355 2655 1863 2722 concupiscentias,
1915 2653 2248 2718 sublevavit,

670 2757 726 2801 et
751 2747 978 2816 gloriam
1003 2746 1053 2799 ei
1079 2745 1304 2798 donavit
1333 2744 1667 2812 adoptionis.

744 2839 826 2895 15.
860 2837 930 2893 Ut
981 2837 1203 2907 dignum
1250 2835 1454 2890 faceret
1485 2852 1658 2906 genus
1701 2837 2002 2892 humanum
2035 2836 2250 2893 deliciis

670 2931 988 3002 angelorum
1001 2973 1014 2987 .

748 3025 832 3079 16.
856 3025 992 3080 Cum
1026 3028 1250 3091 sanctis,
1281 3028 1374 3096 qui
1411 3036 1541 3081 sunt
1569 3044 1694 3082 cum
1729 3029 1937 3097 angelis
1965 3028 2100 3082 suis.

751 3182 832 3235 17.
865 3181 1215 3238 lutroducens
1243 3199 1339 3253 per
1363 3183 1522 3239 [idem
1548 3184 1847 3241 Ecclesiam
1879 3186 2122 3257 gentium
2152 3202 2249 3241 an-

673 3285 756 3329 tea
787 3275 1208 3331 inlructiferam.

748 3367 832 3422 18.
858 3367 911 3421 lu
933 3385 1224 3439 supernam
1248 3369 1585 3425 Hierusalem
1608 3371 1660 3424 in
1679 3372 1886 3427 sanctis
1901 3375 2244 3442 gaudentem.

2427 2278 2575 2332 9-H.
2614 2279 2735 2330 Ὅτι
2778 2281 2836 2332 ἑν
2870 2279 2945 2351 τῷ
2993 2281 3206 2354 οὐρανῷ
3255 2282 3524 2336 κατοικῶν
3572 2286 3705 2347 τοὺς
3753 2301 3941 2340 ταπει-

2358 2371 2478 2434 νοὺς
2507 2371 2599 2422 καὶ
2624 2371 2979 2441 ἁμαρτωλοὺς
3003 2373 3177 2437 οὓτως
3209 2375 3517 2446 ἠγάπησεν.
3771 2407 3799 2430 7

2430 2460 2514 2514 19..
2555 2461 2613 2513 '0
2646 2463 2703 2513 ἐν
2730 2461 2806 2532 τῷ
2827 2463 3039 2534 οὐρανῷ
3067 2462 3143 2516 ὢν
3171 2466 3263 2517 καὶ
3285 2466 3378 2519 ἐπὶ
3406 2466 3512 2536 γῆς
3535 2470 3939 2539 παραγέγονεν.

2430 2555 2515 2617 15,
2542 2554 2624 2608 14.
2661 2556 2719 2607 '0
2743 2555 2998 2623 τὸγένος
3034 2557 3142 2609 τῶν
3169 2557 3472 2629 ἀνθρώπων
3500 2561 3566 2613 ἑκ
3592 2562 3707 2615 τῶν
3741 2566 3942 2634 γηΐνων

2360 2647 2453 2698 καὶ
2474 2645 2697 2700 ἀσώτων
2720 2647 3021 2718 ἐπιθυμιῶν
3044 2650 3208 2702 πεσὸν
3233 2650 3564 2720 ἀναστήσας,
3591 2654 3688 2705 καὶ
3712 2654 3942 2720 δοξάσας

2355 2739 2443 2792 διὰ
2473 2739 2572 2810 τῆς
2603 2739 2894 2805 υἱοθεσίας.

2428 2831 2513 2885 15.
2547 2832 2651 2883 Τοῦ
2684 2831 2913 2895 ἀξιῶσαι
2944 2833 3003 2885 τὸ
3024 2834 3180 2900 γένος
3203 2832 3311 2888 τῶν
3347 2834 3656 2906 ἀνθρώπων
3679 2837 3782 2908 τῆς
3812 2839 3938 2892 ἀνα-

2359 2920 2608 2984 παύσεως
2630 2921 2738 2972 τῶν
2765 2921 3028 2989 ἀγγέλων.

2426 3013 2513 3067 16.
2539 3013 2693 3068 Μετά
2708 3013 2815 3067 τῶν
2837 3014 3004 3082 ἁγίων
3016 3015 3122 3068 τῶν
3138 3015 3402 3069 συνόντων
3418 3021 3528 3082 τοῖς
3549 3019 3734 3087 ἁγίοις
3755 3018 3938 3090 [ἀγγέ-

2355 3105 2490 3178 λοις]
2519 3107 2702 3163 αὑτοῦ.

2429 3199 2515 3253 17.
2553 3202 2611 3253 '0
2655 3201 2753 3271 τὴν
2800 3202 3125 3272 Ἐκκλησίαν
3165 3204 3275 3257 τῶν
3319 3204 3489 3260 ἐθνῶν
3537 3205 3639 3278 τὴν
3674 3209 3936 3280 πρότερον

2360 3289 2606 3360 ἄκαρπον
2634 3292 2868 3361 εἰσάγων
2905 3293 2992 3346 διὰ
3024 3296 3123 3365 τῆς
3156 3297 3412 3360 πίστεως.

2430 3382 2512 3436 18.
2540 3381 2649 3455 Τὴν
2668 3384 2780 3437 ἄνω
2807 3384 3156 3456 Ἰερουσαλὴμ
3177 3387 3472 3458 χαίρουσαν
3494 3390 3584 3442 ἐπὶ
3605 3394 3722 3454 τοῖς
3744 3394 3930 3461 ἁγίοις.

751 3463 816 3514 Ἠ
843 3462 1173 3532 προκειμένη
1208 3464 1484 3534 ἐπιγραφὴ
1507 3465 1747 3535 ’περιέχει
1776 3464 1882 3537 (1)·
1924 3467 2298 3536 Ἀλληλούΐα,
2331 3476 2359 3527 ὃ
2385 3479 2556 3545 ἑστιν,
2586 3479 2804 3533 αἱνεῖτε
2843 3479 2950 3532 τόν
2978 3481 3122 3534 ὄντα
3156 3481 3323 3535 Θεόν.

747 3555 962 3611 Titulus
991 3559 1317 3628 praepositus
1345 3559 1589 3615 continet
1619 3579 1631 3614 :
1667 3561 1924 3629 Alleluia,
1954 3564 2059 3619 hoc
2087 3574 2189 3629 εει,
2227 3567 2443 3623 laudate
2469 3589 2586 3625 eum
2616 3575 2705 3643 qui
2735 3573 2873 3628 Deus
2903 3584 3000 3631 est.

743 3673 792 3726 1.
839 3670 1010 3727 Israel
1042 3674 1429 3746 interpretatur
1454 3679 1677 3748 populus
1722 3681 1879 3750 fortis
1909 3699 1925 3735 :
1975 3683 2243 3755 {Egypltts
2272 3671 2312 3730 (ἶ

2421 3671 2470 3723 1.
2527 3671 2774 3740 Ἰσραὴλ
2823 3674 3183 3744 ἑρμηνεύεται
3230 3677 3382 3743 λαός
3423 3681 3717 3749 ἰσχυρός·
3765 3684 3928 3751 Λίγυ-

670 3775 849 3818 autem
879 3767 1255 3823 obteuebratio.
1288 3768 1423 3823 Dum
1456 3772 1625 3841 igitur
1661 3772 1872 3828 liberati
1906 3785 2037 3829 sunt
2064 3776 2250 3832 ﬁdeles

669 3874 699 3910 a
735 3859 974 3912 tenebris
1007 3861 1238 3928 peccati.

743 3949 794 4000 2.
836 3947 1102 4004 Fidelium
1151 3955 1454 4008 tenentium
1486 3965 1752 4012 extrema.
1785 3956 1952 4012 Iacob
1994 3961 2138 4016 enim
2172 3962 2253 4016 in-

671 4050 1000 4110 terpretatur
1031 4052 1205 4098 tenens
1233 4057 1512 4100 extrema:
1547 4048 1680 4103 illud
1721 4060 1926 4115 autem,
1964 4069 2028 4106 ea:
2058 4054 2252 4123 populo

671 4133 916 4198 barbaro,
948 4144 1136 4189 notum
1168 4149 1249 4191 est
1271 4136 1611 4211 [signiﬁcat],
1644 4142 1790 4210 quod
1819 4143 1992 4200 fidelis
2019 4146 2252 4215 populus

670 4226 954 4294 egrediens
988 4243 1017 4281 e
1048 4229 1286 4284 tenebris
1329 4232 1554 4287 recessit
1588 4248 1618 4286 a
1650 4234 1934 4300 barbaris,
1967 4237 2071 4292 hoc
2111 4249 2196 4294 est
2221 4256 2250 4293 a

670 4319 964 4373 contrariis
988 4323 1372 4389 potestatibus.

749 4410 802 4469 5.
841 4409 905 4464 Et
933 4413 1150 4467 demum
1187 4413 1432 4472 Ecclesia
1485 4416 1625 4474 facta
1657 4428 1742 4474 est
1789 4421 1838 4474 ei
1887 4423 2250 4480 sanctiﬁcatio

669 4517 763 4570 per
792 4504 1152 4572 baptismum;
1178 4506 1370 4561 Juda’a
1396 4509 1596 4565 dicitur
1626 4523 1914 4582 propterea
1945 4517 2091 4584 quod
2126 4533 2249 4586 gra—

670 4595 746 4648 tia
776 4596 828 4648 in
860 4597 975 4665 ipsa
1004 4607 1088 4652 est
1118 4598 1235 4660 Dei.
1268 4601 1362 4670 qui
1402 4600 1659 4671 dignatus
1685 4613 1770 4660 cst
1806 4621 1870 4659 ex
1901 4605 2038 4660 Juda
2074 4610 2247 4664 nasci.

671 4683 983 4742 Secundum
1013 4702 1193 4747 autem
1241 4694 1482 4749 nominis
1521 4695 2024 4766 interpretationem
2057 4700 2249 4756 ludam

667 4778 1058 4850 interpretatur
1099 4786 1352 4853 conﬁtens
1397 4785 1523 4844 Deo.
1556 4787 1693 4843 Cum
1721 4790 1890 4860 igitur
1921 4794 2104 4848 anima
2138 4793 2250 4850 Dco

668 4871 974 4937 conﬁtetur,
1008 4873 1069 4927 ﬁt
1111 4875 1226 4944 ipsa
1256 4876 1532 4934 confessio
1567 4881 1954 4947 sanctiﬁcatio,
2006 4900 2072 4940 eo
2102 4888 2248 4956 quod

668 4960 990 5018 auferantur
1025 4977 1272 5036 peccata.

733 5122 787 5176 4.
830 5122 893 5179 Ει
944 5126 1046 5181 viri
1104 5129 1350 5185 videntes
1397 5130 1603 5200 Deum,
1645 5135 1748 5191 hoc
1789 5146 1907 5203 est,
1954 5145 2188 5210 apostoli
2217 5187 2232 5208 .

667 5217 938 5286 principes
971 5218 1090 5287 ejus
1125 5239 1140 5275 :
1192 5222 1266 5276 ita
1311 5223 1457 5278 enim
1499 5225 1892 5295 interpretatur
1935 5231 2126 5300 Israel,
2159 5239 2239 5291 vir

667 5308 845 5362 videns
878 5309 1070 5367 Deum.

725 5398 776 5451 5.
821 5401 1126 5459 ldololatria
1164 5405 1302 5477 fugit
1325 5410 1514 5466 videns
1541 5410 1712 5467 Deum
1739 5415 1792 5469 in
1826 5426 1993 5477 terra.

2355 3776 2503 3830 πτος
2539 3766 2594 3818 δὲ
2625 3765 2698 3837 (Ξ)
2731 3766 3027 3833 σκότωο-ις
3048 3786 3060 3797 ·
3103 3770 3161 3822 ἑν
3191 3769 3267 3839 τῷ
3295 3767 3387 3824 οὖν
3412 3773 3540 3836 τοὺς
3579 3775 3925 3838 πιστεύοντας

2357 3856 2620 3926 ρυσθῆναι
2644 3859 2707 3910 ἑκ
2736 3859 2830 3911 τοῦ
2867 3861 3091 3922 σκότους
3116 3862 3215 3931 τῆς
3235 3865 3533 3935 ἁμαρτίας.

2423 3947 2476 4002 2.
2519 3949 2638 4002 Τῶν
2675 3950 2881 4004 πιστῶν
2921 3953 3028 4004 τῶν
3055 3955 3437 4025 κατασχόντων
3466 3959 3534 4011 τὰ
3561 3958 3788 4029 ἔσχατα.
3828 3963 3924 4016 ‘Ia-

2355 4040 2478 4094 κὼϐ
2518 4041 2627 4114 γὰρ
2675 4045 3034 4116 ἑρμηνεύεται
3072 4049 3305 4117 κρατῶν
3347 4051 3612 4121 ἔσχατα·
3664 4056 3726 4108 τὸ
3764 4056 3838 4118 δὲ,
3865 4057 3924 4109 ἐκ

2352 4136 2505 4190 λαοῦ
2540 4138 2850 4206 βαρϐάρου
2875 4180 2889 4202 ,
2936 4140 3091 4210 δῆλον
3137 4141 3329 4216 [δηλοῖ]
3381 4145 3465 4198 ὅτι
3509 4144 3538 4195 ὁ
3576 4148 3768 4212 πιστὸς
3806 4150 3922 4210 λαὸς

2354 4225 2586 4290 ἑξελθὼν
2620 4230 2683 4280 ἑκ
2726 4228 2817 4281 τοῦ
2853 4230 3076 4296 σκότους
3129 4234 3444 4307 ἀνεχώρησε
3477 4237 3585 4290 τῶν
3619 4239 3920 4312 βαρϐάρων,

2353 4321 2594 4373 τουτέστι
2628 4321 2734 4373 τῶν
2766 4323 3025 4378 ἐναντίων
3050 4326 3353 4397 δυνάμεων.

2423 4413 2474 4464 5.
2505 4414 2614 4466 Καὶ
2643 4415 2825 4468 λοιπὸν
2854 4416 3063 4484 γίνεται
3099 4419 3248 4491 αύτῴ
3291 4423 3323 4491 ἡ
3363 4423 3662 4494 Ἐκκλησία
3693 4427 3923 4498 ἀγίασμα

2351 4500 2440 4554 διὰ
2481 4503 2574 4555 τοῦ
2617 4505 3014 4576 βαπτίσματος.
3057 4509 3316 4564 Ἰουδαιά
3359 4511 3578 4580 λέγεται
3619 4514 3712 4567 διὰ
3745 4518 3804 4569 τὸ
3837 4519 3919 4587 τὴν

2353 4595 2510 4666 χάριν
2538 4593 2675 4650 εἶναι
2702 4601 2758 4649 ἑν
2779 4600 2916 4669 αὐτῇ
2941 4601 3033 4654 τοῦ
3061 4603 3497 4669 καταξιώσαντος
3517 4606 3655 4660 Θεοῦ
3683 4609 3743 4673 ἑξ
3766 4611 3918 4664 Ἰούδα

2351 4689 2624 4761 τεχθῆναι.
2653 4693 2809 4746 Κατὰ
2836 4694 2892 4746 δὲ
2921 4695 3018 4766 τὴν
3044 4698 3337 4767 ἑρμηνείαν
3362 4699 3458 4753 τοῦ
3486 4701 3752 4772 ὀνόματος
3786 4708 3914 4759 Ἰου-

2350 4781 2489 4836 δαία
2527 4783 2888 4855 ἑρμηνεύεται
2925 4787 3045 4853 Θεῷ
3072 4788 3626 4860 ἐξομολογούμενος
3657 4795 3912 4862 (5).”Οταν

2348 4869 2442 4926 οὖν
2474 4875 2619 4946 ψυχὴ
2653 4876 2773 4949 Θεῷ
2799 4880 3284 4952 ἑξομολογήσεται,
3331 4884 3541 4952 γίνεται
3583 4887 3723 4958 αὐτὴ
3768 4891 3800 4960 ἡ
3841 4891 3915 4954 ἐξ·

2351 4966 2674 5039 ομολόγησις
2725 4973 2969 5044 ἁγίασμα
3017 4974 3104 5028 διὰ
3154 4976 3254 5048 τῆς
3295 4978 3642 5049 ἀφαιρέσεως
3693 4981 3769 5050 (4)
3820 4982 3913 5034 τῶν

2279 5088 2320 5140 D
2351 5059 2654 5131 ἁμαρτιῶν.

2419 5153 2473 5207 4.
2506 5155 2614 5206 Καὶ
2641 5157 2686 5208 οξ
2723 5156 2911 5229 ἄνδρες
2938 5161 2988 5212 οί
3013 5160 3247 5229 ὁρῶντες
3279 5162 3412 5217 Θεὸν
3445 5164 3525 5233 (5)
3546 5207 3561 5229 ,
3593 5167 3833 5221 τουτέστι
3869 5169 3909 5219 οἱ

2349 5245 2671 5311 ἀπόστολοι,
2702 5249 2960 5320 ἄρχοντες
3002 5253 3165 5305 αὐτοῦ
3188 5272 3200 5284 ο
3238 5254 3396 5308 τοῦτο
3431 5255 3542 5329 γὰρ
3570 5259 3908 5331 ἑρμηνεύεται

2366 5335 2627 5405 Ἰσραὴλ,
2658 5339 2813 5408 ἀνὴρ
2843 5339 2997 5408 ὀρῶν
3022 5343 3186 5398 Θεόν.

2418 5428 2470 5484 5.
2490 5430 2553 5483 Ἡ
2583 5431 2991 5505 εἰδωλολατρεία
3015 5434 3216 5506 ἔφυγεν
3243 5435 3426 5491 ίδοῦσα
3446 5439 3583 5494 Θεὸν
3601 5442 3696 5496 ἑπὶ
3716 5441 3813 5512 γῆς
3830 5440 3907 5512 (6).

1611 5535 1917 5599 Addenda
1969 5549 2027 5602 et
2070 5543 2446 5625 corrigenda
2495 5567 2573 5611 ex
2605 5553 2744 5614 cod.
2776 5554 2973 5616 Vatic.

735 5673 812 5741 (l)
839 5656 912 5759 .Ἰί
937 5675 1023 5728 διὰ
1047 5680 1143 5759 τῆς
1173 5680 1543 5759 κινναξὰρεως
1574 5687 1814 5759 περιέχει
1835 5708 1848 5722 ο
1895 5691 2234 5759 Ἀλληλούία,

661 5741 800 5866 ὃπεξ
834 5741 1191 5813 ἑρμηνεύεται
1223 5741 1444 5815 αίνεῖτὲ,
1473 5741 1576 5810 etc.

735 5816 752 5866 ί
792 5814 811 5866 Ἰ
843 5815 906 5866 Δὶ
939 5817 1318 5866 ἑρμηνεύεται.
1350 5833 1432 5866 elo

735 5814 811 5880 (2)
843 5815 906 5867 At
939 5817 1318 5885 ἑρμηνεύεται.
1350 5833 1452 5879 etc.

737 5884 816 5952 (ὅ)
853 5883 1201 5955 Ἐξομολογου
1212 5891 1364 5959 μένη.

2420 5698 2498 5765 (4)
2539 5699 2828 5766 Ἀφέσεως.

2424 5769 2499 5837 (5)
2530 5769 2630 5820 Τὸν
2662 5771 2814 5835 Θεόν,
2851 5783 2954 5827 etc.

2422 5844 2497 5909 (6)
2523 5839 2625 5894 Τὸν
2649 5842 2780 5898 Θεὸν
2808 5845 2898 5896 ἐπὶ
2930 5845 3028 5915 τῆς
3060 5845 3184 5914 γῆς.
