4142 6490
215 451 359 506 1157

284 567 340 620 6.
381 566 438 619 ’0
475 562 740 635 Ἰορδάνης
771 562 1014 634 ἐστράφη
1049 562 1130 624 είς
1154 562 1223 615 τά
1253 561 1448 614 ὀπίσω.

287 659 338 710 7.
372 656 452 708 Τὰ
478 655 577 726 ὅρη
603 656 929 724 ὲσκίρτησαν
959 653 1091 706 ὡσεὶ
1127 655 1304 724 κριοί·

285 750 341 804 8.
377 749 486 801 Καὶ
513 751 560 800 οί
597 748 777 817 βουνοὶ
807 747 880 810 ὡς
913 747 1075 819 ἀρνία
1109 747 1417 818 προϐάτων.

282 841 339 894 9.
369 840 433 892 Τί
470 839 550 892 σοί
575 841 714 901 ἐστι,
751 839 1020 900 θάλασσα,
1049 840 1131 892 ὅτι
1166 838 1365 907 ἔφυγες
1391 856 1404 903 ;

286 933 374 986 10.
407 931 514 984 Kal
547 932 632 993 σὺ,
679 931 937 1001 Ἰορδάνη,
970 931 1050 983 ὅτι
1086 931 1359 1002 ὲστράφης
1386 933 1466 993 εἰς
1490 930 1557 984 τὰ
1587 930 1794 993 ὀπίσως

288 1019 374 1071 11.
404 1018 484 1072 Τὰ
510 1019 632 1090 ὅρη,
656 1020 736 1071 ὃτι
765 1021 1128 1091 ὲσκιρτήσατε
1159 1021 1291 1074 ὡσεὶ
1324 1021 1497 1092 κριοί;

285 1110 374 1163 12.
409 1111 515 1164 Καὶ
547 1112 595 1163 οἱ
634 1111 814 1180 βουνοὶ
844 1111 920 1174 ὡς
947 1112 1111 1182 ἀρνία
1142 1113 1431 1182 προϐάτων
1457 1130 1472 1177 ;

292 1204 373 1256 15.
416 1203 548 1257 Ἀπὸ
574 1203 867 1274 προσώπου
901 1204 1106 1276 Κυρίου
1138 1204 1404 1275 ἐσαλεύθη
1438 1207 1470 1275 ή
1507 1205 1598 1276 γῆ,

287 1296 372 1348 14.
416 1295 545 1348 Ἀπὸ
581 1294 875 1366 πρὼσοπου
902 1295 994 1349 τοῦ
1022 1295 1157 1349 Θεοῦ
1194 1296 1386 1351 Ἰακώϐ
1407 1313 1421 1325 ⁸

284 1388 368 1442 15.
391 1389 496 1441 Τοῦ
523 1388 852 1458 στρέψαντος
880 1389 978 1460 τὴν
1009 1389 1214 1461 πέτραν
1240 1392 1319 1453 εἰς
1339 1389 1536 1460 λίμνας
1557 1390 1790 1452 ὑδάτων,

285 1480 369 1534 16.
401 1481 509 1535 Kal
537 1482 638 1552 τὴν
665 1482 970 1553 άκρότομον
1000 1483 1080 1545 εἰς
1112 1482 1293 1553 πηγὰς
1325 1482 1555 1539 ὑδάτων.

284 1574 368 1625 17'.
401 1575 490 1644 Μὴ
523 1575 673 1644 ήμῖν,
700 1572 897 1643 Κύριε,
938 1571 1013 1644 μὴ
1039 1574 1192 1644 ἡμῖν,

285 1666 367 1719 18.
411 1665 548 1719 Ἀλλ’
573 1667 606 1736 ἢ
641 1665 718 1736 τῷ
745 1665 972 1736 ὀνόματί
1000 1683 1093 1719 σου
1119 1667 1208 1729 δὸς
1233 1666 1413 1730 δόξαν.

287 1757 371 1811 19.
410 1759 530 1810 Ἐπὶ
562 1756 641 1828 τῷ
673 1757 812 1810 ὲλέει
845 1775 939 1811 σου
970 1757 1064 1810 καὶ
1087 1761 1151 1828 τῇ
1178 1758 1408 1829 ἀληθεία
1442 1775 1534 1812 σου
1555 1773 1568 1786 ·

281 1842 371 1897 20.
408 1846 632 1916 Μήποτε
678 1844 874 1899 εἴπωσι
921 1845 992 1898 τὰ
1037 1845 1164 1916 ἔθνη
1191 1863 1206 1878 ο
1257 1847 1367 1900 Ποῦ
1418 1850 1566 1900 ἐστιν
1599 1848 1627 1899 ὁ
1659 1846 1791 1911 Θεὸς

210 1937 392 1990 αὐτῶν
414 1953 428 2000 ;

1122 443 1208 496 DE
1247 441 1408 500 TITU
1461 440 1521 496 IS
1557 438 2007 495 PSALMORUM.
2051 471 2121 481 —
2159 438 2354 493 PSAL.
2397 438 2581 495 CXIII.

1823 569 1868 624 Α
1964 559 2018 621 6.
2055 559 2308 616 Jordanis
2335 575 2635 616 conversus
2676 571 2759 616 est
2803 570 3121 617 retrorsum.

3337 442 3479 504 1158

1975 650 2025 704 7.
2069 650 2277 706 Montes
2307 652 2717 707 exsultavernnt
2749 663 2804 708 ut
2832 654 3031 708 arietes
3067 672 3080 705 :

1976 742 2032 796 8.
2073 741 2140 796 Et
2169 742 2336 797 colles
2367 743 2512 798 sicut
2541 743 2665 813 agni
2697 743 2902 799 ovium.

1972 833 2024 886 9.
2062 833 2200 900 Quid
2237 842 2320 890 est
2352 835 2472 900 tibi,
2509 851 2679 899 mare,
2722 838 2867 906 quod
2900 837 3121 908 fugisti?

1977 925 2059 980 10.
2099 927 2159 980 Et
2189 938 2265 993 tu,
2289 926 2560 993 Jordanis,
2579 931 2703 999 quia
2729 947 3028 987 conversus
3049 949 3107 988 es
3125 944 3419 989 retrorsum
3443 933 3466 988 2

1976 1017 2062 1072 11.
2105 1017 2340 1083 Montes,
2362 1021 2488 1090 quia
2526 1023 2846 1077 exsultastis
2869 1025 3010 1078 sicut
3036 1025 3266 1081 arietes?

1974 1109 2060 1163 12.
2097 1109 2161 1163 Ει
2185 1113 2348 1166 colles
2383 1114 2526 1169 sicut
2561 1115 2687 1186 agni
2717 1116 2939 1169 Ovium?

1975 1202 2058 1255 13.
2102 1204 2144 1254 Α
2179 1202 2314 1258 facie
2345 1203 2560 1260 Domini
2599 1216 2744 1260 mota
2777 1216 2861 1262 est
2893 1217 3060 1275 terra,

1975 1292 2058 1346 14.
2099 1295 2142 1346 Α
2167 1292 2304 1350 faeie
2331 1295 2422 1351 Dei
2457 1296 2626 1353 Jacob
2650 1316 2700 1355 :~

1973 1385 2057 1440 15.
2107 1385 2210 1452 Qui
2253 1391 2518 1444 convertit
2552 1401 2760 1461 petram
2819 1392 2872 1446 in
2927 1402 3117 1465 stagna
3182 1410 3471 1465 aquarum,

1973 1477 2058 1530 16.
2102 1478 2165 1532 Et.
2195 1496 2382 1549 rupem
2417 1483 2467 1535 in
2504 1481 2682 1539 fontes
2724 1501 3013 1556 aquarum.

1973 1569 2059 1628 17.
2101 1568 2218 1624 Non
2254 1575 2435 1638 nobis,
2473 1574 2720 1640 Domine,
2757 1595 2866 1633 non
2903 1580 3085 1648 nobis,

1971 1656 2057 1716 18.
2099 1663 2203 1719 Sed
2229 1667 2437 1719 nomini
2467 1675 2560 1722 tuo
2590 1670 2658 1724 da
2692 1670 2944 1735 gloriam.

1971 1755 2056 1809 19.
2098 1755 2272 1827 Super
2319 1759 2693 1817 misericordia
2725 1773 2815 1818 tua
2847 1775 2900 1819 et
2931 1766 3156 1822 veritate
3191 1775 3282 1821 tua
3311 1785 3326 1820 :

1966 1850 2061 1905 20.
2105 1851 2398 1923 Nequando
2447 1855 2635 1912 dicant
2679 1871 2887 1929 gentes,
2939 1861 3030 1916 ubi
3063 1871 3146 1916 est
3181 1861 3324 1916 Deus
3376 1877 3470 1917 eo-

1823 1938 1870 1994 Β
1900 1957 2018 1995 rum
2043 1943 2067 1994 2

1336 2093 1716 2149 ATHANASII
1761 2094 2348 2159 INTERPRETATIO.

281 2244 336 2300 ϐ.
378 2244 435 2297 ’0
459 2245 532 2315 (1)
573 2245 839 2318 Ἰορδάνης
865 2245 1227 2317 ἑρμηνεύεται
1260 2246 1333 2316 τῇ
1366 2246 1633 2317 ἐσχάτῳ·
1660 2248 1793 2319 πλῆ-

210 2342 306 2401 θος
335 2333 426 2392 οῦν
459 2338 565 2390 τῶν
610 2337 779 2392 ὲθνῶν
817 2337 1163 2411 ἀνεχώρησεν
1213 2341 1322 2394 ἀπὸ
1368 2341 1467 2412 τῆς
1512 2339 1794 2395 εἰδωλολα-

208 2426 428 2494 τρείας,
464 2428 556 2479 καὶ
591 2423 720 2497 ἦλθε
754 2427 889 2498 πρὸς
921 2428 1012 2481 τὸν
1044 2429 1102 2496 ἐξ
1139 2429 1315 2501 ἀρχῆς
1346 2431 1656 2502 Δεσπότην,
1699 2434 1793 2486 καὶ

208 2529 286 2588 Δη
296 2519 552 2589 μιουργὸν
580 2519 810 2590 Ἰησοῦν.

282 2608 335 2663 ’1.
381 2612 444 2663 Oi
479 2613 753 2684 προφῆται
797 2612 1122 2682 ἀγάλλονται
1172 2615 1266 2668 καὶ
1312 2616 1404 2669 ἐπὶ
1445 2618 1512 2688 τῇ
1566 2615 1641 2686 (2)
1677 2617 1794 2670 ἑπι-

210 2704 420 2773 στροφῇ
449 2702 556 2755 τῶν
581 2703 750 2758 ὲθνῶν
776 2720 790 2735 °

283 2791 336 2847 8.
357 2795 466 2847 Kal
494 2797 542 2847 οἱ
568 2797 630 2848 ἐκ
646 2797 756 2848 τῶν
778 2797 1070 2867 προφητῶν
1090 2798 1489 2864 ἀνατείλαντες,
1516 2800 1794 2854 τουτέστιν

204 2885 258 2939 ol
294 2885 576 2939 ἀπόστολοι
604 2886 792 2961 ὥσπερ
819 2889 867 2941 οἱ
897 2888 1073 2959 βουνοὶ
1099 2891 1162 2944 ἐκ
1189 2891 1297 2944 τῶν
1320 2891 1511 2962 ὀρέων.

283 2979 336 3034 9.
370 2977 434 3030 Τί
467 2979 548 3032 σοί
573 2981 720 3034 ἐστιν
744 3023 759 3048 ,
802 2981 1214 3055 εἰδωλολατρεία
1233 3023 1247 3049 ,
1277 2984 1359 3037 ὅτι
1387 2984 1588 3054 ἔφυγες
1607 3025 1621 3050 ,
1656 2985 1794 3058 ὅπερ

209 3071 306 3122 ἐπὶ
332 3069 437 3123 τῶν
472 3072 765 3144 προφητῶν
795 3075 894 3127 οὑκ
922 3075 1212 3147 ἐποίησαςς

285 3161 372 3216 10.
408 3163 516 3215 Καὶ
545 3164 701 3234 ὑμεῖς
720 3206 735 3230 ,
769 3165 840 3218 τά
884 3166 1011 3239 ἔθνη
1041 3168 1238 3233 πάντα,
1265 3169 1346 3222 ὅτι
1377 3169 1649 3242 ἀπέστητε
1685 3169 1796 3226 ἀπὸ

206 3257 310 3327 τῆς
337 3254 621 3310 εἰδωλολατ
629 3259 775 3331 ρείας
797 3275 811 3324 ;

289 3349 372 3403 11.
391 3350 500 3403 Kal
526 3349 700 3420 ὑμεῖς,
725 3353 774 3404 οἱ
797 3353 1094 3425 προφῆται,
1119 3356 1200 3408 ὅτι
1230 3354 1401 3419 οὕτως
1423 3355 1754 3424 ἀγαλλιᾶσθε
1777 3375 1791 3423 ;

285 3442 370 3495 12.
406 3442 634 3514 Ὁμοίως
679 3446 771 3497 καὶ
814 3447 992 3518 ὑμεῖς,
1033 3448 1082 3501 οἱ
1106 3450 1169 3501 ἐκ
1197 3449 1304 3500 τῶν
1331 3449 1625 3520 προφητῶν
1654 3449 1793 3503 ἁπό-

210 3529 414 3593 στολοι,
453 3532 506 3582 τί
538 3531 711 3595 οὕτως
735 3535 987 3604 χαίρετε;

286 3623 373 3675 13.
416 3622 581 3693 Ὀμοῦ
626 3624 682 3676 δὲ
717 3625 916 3690 πάντες
969 3629 1386 3699 ἀποκρίνονταιο
1415 3631 1450 3703 ή
1495 3629 1595 3702 μὲν
1640 3630 1792 3684 εἰδω-

207 3714 494 3786 λολατρεία
514 3717 917 3790 ἀποδυρομένη,
935 3720 1007 3772 τὰ
1032 3720 1088 3773 δὲ
1119 3721 1268 3794 ἔθνη,
1293 3721 1387 3776 καὶ
1421 3725 1469 3777 οι
1492 3723 1789 3796 προφῆται,

208 3809 304 3862 καὶ
332 3812 380 3863 οἱ
413 3812 700 3866 ἀπόστολοι
733 3815 1013 3884 χαίροντες
1046 3815 1265 3887 βοῶσιν,
1288 3819 1390 3883 ὅτι,
1416 3819 1674 3890 ὀφθέντος
1695 3820 1790 3876 τοῦ

207 3902 347 3955 Θεοῦ
377 3905 468 3956 ἐπὶ
507 3905 604 3976 τῆς
637 3905 762 3976 γῆς,
794 3907 995 3972 πάντες
1037 3909 1405 3982 μετετέθησαν
1437 3913 1518 3976 είς
1546 3912 1644 3985 τήν
1675 3915 1792 3968 ἐπί-

206 4011 412 4064 γνωσιν
443 3997 632 4052 αὑτοῦ.

286 4087 370 4140 14.
401 4087 532 4140 Ἀπὸ
559 4087 660 4158 τῆς
687 4090 987 4159 παρουσίας
1008 4091 1102 4144 τοῦ
1130 4091 1265 4145 Θεοῦ
1298 4093 1666 4165 κηρυχθέντος
1690 4095 1786 4167 (3)·

220 4176 435 4232 Ἰακὼό
461 4178 568 4249 γάρ
603 4180 968 4250 ἑρμηνεύεται
995 4182 1172 4250 ἀκοή.

287 4270 372 4324 15.
417 4271 522 4324 Τοῦ
584 4272 984 4343 μεταϐαλόντος
1041 4273 1116 4343 (ι)
1171 4273 1270 4346 τὴν
1314 4273 1518 4345 λιθίνην
1561 4275 1789 4346 καρδίαν

205 4363 321 4416 τῶν
345 4363 513 4416 ἐθνῶν
543 4367 621 4428 είς
644 4367 744 4436 τὴν
770 4367 928 4438 χάριν
949 4385 961 4396 ·
981 4365 1243 4432 Δυνατὸς
1263 4367 1373 4435 γάρ
1393 4369 1563 4421 ἐστιν
1578 4371 1610 4421 ὀ
1625 4368 1789 4434 Θεὸς,

209 4454 393 4519 καθὼς
421 4451 572 4509 εἶπεν
591 4456 609 4530 [
626 4457 897 4528 Ἰωάννης,
924 4459 1131 4531 ἐγεῖραι
1151 4457 1338 4530 τέκνα]
1363 4458 1465 4530 υἱῷ
1483 4475 1496 4489 °
1518 4461 1790 4529 ’Ἐγειρον

206 4546 393 4600 τέκνα
420 4546 496 4612 τῷ
528 4547 772 4619 Ἀϐραὰμ
800 4550 868 4604 ἐκ
896 4549 1013 4603 τῶν
1033 4551 1220 4606 λίθων
1242 4551 1490 4604 τούτων.

284 4639 372 4695 16.
413 4642 522 4693 Καὶ
564 4642 662 4712 τὴν
708 4641 1080 4714 σκληροτάτην
1113 4642 1294 4697 αὑτῶν
1333 4642 1574 4697 διάνοιαν
1609 4646 1691 4708 είς
1720 4642 1789 4697 τά

204 4729 520 4804 χᾶρίσματα
547 4734 731 4789 αὑτοῦ.

284 4826 367 4880 17.
396 4828 507 4898 Οὑχ
531 4829 606 4881 ὅτ’
633 4828 773 4896 ἄξιοί
806 4830 996 4902 ἐσμεν,
1019 4829 1178 4884 τοῦτο
1209 4829 1289 4901 (5)
1317 4829 1578 4899 ἐποίησας
1603 4830 1642 4892 '3

283 4918 369 4974 18.
410 4883 548 4972 Ἀλλ’
580 4921 666 4974 ἴνα
681 4883 1000 4994 ῦοξασθῇτὺ
1027 4883 1339 4995 δνομάὶσου,
1364 4883 1778 4994 ὅτιιφιλάνθρω-
1817 4883 1864 4938 D

207 5027 312 5075 πος
339 5010 433 5065 καὶ
464 5012 712 5084 ἐλεήμων
743 5009 810 5070 εἴ.

283 5103 366 5158 19.
401 5103 500 5158 Διὰ
530 5104 590 5157 τὸ
621 5105 767 5170 ἔλεός
797 5122 891 5159 σου
917 5107 1011 5160 καὶ
1038 5107 1136 5178 τὴν
1164 5106 1422 5180 ἀλήθεάιν
1457 5122 1573 5160 σου.

279 5195 368 5251 2ο.
399 5195 512 5250 Ἵνα
548 5196 623 5268 μὴ
655 5200 1035 5269 καυχήσωνται
1058 5201 1115 5252 al
1140 5201 1377 5255 ἐναντίαι
1406 5200 1664 5270 δυνάμεις
1686 5195 1781 5252 λέ-

204 5305 400 5358 γουσαι
420 5303 432 5316 ·
464 5287 573 5340 Ποῦ
606 5289 751 5341 ἐστιν
777 5291 806 5343 ὁ
829 5289 962 5354 Θεὸς
987 5293 1016 5343 ὁ
1049 5291 1277 5361 ποιήσας
1310 5289 1509 5354 αὑτούς
1533 5306 1548 5356 ;

279 5422 326 5456 δ’
355 5423 544 5479 Matth.
573 5439 657 5491 tu,
702 5426 757 5482 9.

1961 2253 2014 2308 6.
2053 2251 2309 2307 Iordanis
2353 2253 2740 2325 interpretatur
2770 2258 2823 2310 in
2863 2269 3097 2315 extremo
3124 2275 3143 2312 .'
3171 2262 3466 2317 multitudo

1895 2345 2062 2417 igitur
2097 2345 2336 2416 gentium
2374 2347 2601 2402 secessit
2637 2348 2708 2402 ab
2754 2349 3083 2415 idololatria,
3119 2365 3172 2408 et
3215 2357 3364 2410 venit
3397 2357 3465 2410 ad

1893 2438 2177 2508 antiquum
2215 2436 2526 2506 Dominum,
2554 2451 2609 2497 et
2637 2439 2950 2498 Creatorem
2977 2442 3186 2499 Jesum.

1966 2618 2018 2674 7.
2059 2617 2344 2691 Propheta:
2411 2619 2689 2675 exsultant
2764 2621 2928 2676 etiam
2983 2622 3039 2676 in
3105 2623 3466 2681 conversione

1895 2711 2169 2782 gentium:

1964 2802 2018 2860 8.
2059 2803 2126 2859 Et
2157 2804 2250 2874 qui
2277 2820 2344 2859 ex
2387 2803 2664 2875 prophetis
2710 2804 2817 2860 orti
2867 2811 3016 2870 sunt,
3070 2805 3175 2860 hoc
3202 2815 3289 2860 est
3333 2820 3467 2876 apo-

1895 2894 2017 2949 stoli
2051 2895 2192 2949 sicut
2225 2894 2394 2949 colles
2431 2909 2498 2948 ex
2530 2895 2830 2949 montibus.

1966 2986 2020 3041 9.
2061 2985 2200 3053 Quid
2251 2994 2336 3040 est
2375 2985 2493 3048 tibi,
2524 2985 2848 3052 idololatria,
2885 2985 3029 3056 quod
3078 2983 3284 3058 fugisti,
3320 2987 3468 3058 quod

1894 3079 1998 3135 sub
2024 3078 2303 3148 prophetis
2333 3094 2444 3133 non
2489 3077 2664 3134 fecisti
2688 3079 2712 3133 ?

1967 3168 2054 3223 10.
2097 3168 2164 3223 Et
2194 3185 2314 3237 vos,
2356 3179 2541 3240 gentes
2576 3187 2788 3237 omnes,
2835 3171 2980 3241 quod
3018 3171 3362 3229 ahscessistis
3399 3175 3469 3228 ab

1896 3261 2199 3316 idololatria
2224 3261 2248 3315 2

1971 3354 2058 3409 11.
2103 3352 2170 3408 Et
2199 3369 2318 3415 vos.
2342 3354 2640 3426 prophetat,
2675 3355 2821 3426 quod
2851 3357 2987 3412 adeo
3015 3358 3366 3413 exsultastis'!

1971 3447 2057 3501 12.
2099 3445 2360 3503 Similiter
2402 3449 2565 3503 etiam
2611 3464 2728 3514 vos,
2764 3449 2858 3520 qui
2901 3465 2967 3504 ex
3015 3451 3295 3519 prophetis
3335 3450 3469 3505 estis

1819 3537 1865 3598 C
1897 3539 2152 3608 apostoli,
2181 3554 2280 3592 cur
2309 3539 2382 3592 ita
2423 3539 2713 3607 gaudetis?

1963 3630 2051 3683 15.
2095 3628 2270 3683 Simul
2317 3645 2508 3685 omnes
2561 3629 2936 3699 respondent:
2992 3630 3296 3686 idololatria
3342 3632 3466 3702 qui-

1891 3720 2014 3776 dem
2065 3720 2405 3786 lamentans,
2464 3730 2650 3792 gentes
2707 3734 2913 3783 autem,
2961 3731 3016 3777 et
3070 3723 3365 3792 prOphetae,
3415 3733 3468 3778 et

1891 3813 2126 3883 apostoli
2174 3813 2472 3884 gaudentes
2529 3813 2792 3880 clamant,
2848 3813 3132 3883 quoniam,
3173 3822 3468 3883 apparento

1893 3906 2005 3963 Deo
2057 3908 2110 3962 in
2147 3915 2313 3968 terra.
2347 3921 2537 3962 omnes
2584 3906 2833 3961 translati
2865 3915 2994 3962 sunt
3037 3907 3092 3961 in
3126 3905 3246 3976 ejus
3279 3904 3468 3975 cogni-

1892 3999 2114 4051 tionem.

1966 4088 2052 4140 14.
2089 4087 2171 4140 Ab
2199 4086 2432 4141 adventu
2463 4084 2578 4153 Dei,
2613 4085 2706 4156 qui
2745 4087 3099 4140 annnntiatus
3127 4094 3252 4141 est:
3296 4084 3464 4140 Jacob

1892 4179 2037 4233 enim
2082 4179 2472 4249 interpretatur
2503 4179 2729 4234 auditio.

1965 4271 2052 4325 15.
2100 4269 2204 4337 Qui
2257 4281 2588 4327 transmutat
2651 4270 2864 4342 lapidea
2909 4271 3150 4342 gentium
3194 4271 3360 4327 corda
3409 4270 3464 4326 in

1892 4366 2121 4434 gratiam
2159 4383 2169 4413 :
2206 4363 2468 4429 Quoniam
2500 4374 2679 4432 potens
2713 4374 2790 4418 est
2816 4363 2979 4429 Deus,
3010 4364 3468 4432 quemadmodum

1891 4454 2288 4511 dixitloannes
2313 4498 2328 4522 ,
2371 4457 2629 4510 suscitare
2674 4457 2816 4526 ﬁlios
2857 4457 3125 4509 Abraham
3169 4458 3232 4509 de
3269 4457 3468 4525 lapidi-

1894 4550 1988 4602 bus
2023 4549 2140 4601 istis
2181 4549 2248 4602 λ’.

1965 4639 2052 4694 16.
2098 4637 2162 4694 Ει
2189 4638 2542 4694 clarissimam
2561 4639 2778 4695 illarum
2807 4647 3043 4696 mentem
3070 4639 3126 4695 in
3155 4639 3276 4710 ejus
3298 4640 3464 4695 dona.

1963 4820 2051 4877 17.
2091 4817 2210 4875 Non
2244 4819 2371 4890 quia
2403 4835 2503 4876 nos
2535 4821 2683 4892 digni
2714 4820 2910 4885 simus,
2936 4819 3042 4874 hoc
3069 4818 3248 4874 fecisti
3281 4834 3297 4871 :

1963 4912 2050 4968 18.
2094 4911 2199 4967 Sed
2240 4922 2301 4968 ut
2348 4913 2678 4984 gloriﬁcatur
2721 4929 2919 4969 nomen
2971 4921 3149 4980 tuum,
3205 4911 3465 4984 quoniam

1885 5006 2153 5077 benignus
2183 5014 2237 5060 et
2273 5007 2590 5060 misericors
2639 5021 2718 5061 es.

1955 5098 2042 5155 19.
2065 5097 2291 5170 Propter
2311 5098 2734 5153 miseriwrdiam
2756 5107 2903 5154 tuam
2920 5108 2972 5155 et
2991 5099 3267 5156 veritatem
3295 5107 3464 5155 tuam.

1952 5192 2044 5248 20.
2085 5190 2163 5246 Ne
2207 5191 2509 5262 glorientur
2560 5191 2886 5247 adversariae
2932 5203 3229 5262 potestates
3275 5192 3465 5248 dicen-

1884 5294 1967 5341 tes
1993 5304 2007 5340 :
2040 5285 2134 5339 ubi
2163 5294 2247 5340 est
2272 5283 2416 5339 Deus
2445 5285 2538 5355 qui
2576 5281 2705 5339 fecit
2730 5284 2863 5342 eos?

1160 5521 1464 5582 Addenda
1499 5527 1560 5582 et
1590 5514 1968 5598 corrigenda
2010 5531 2091 5576 ex
2126 5514 2267 5575 cod.
2303 5515 2508 5576 Vatic.

210 5657 680 5794 exagogam;
723 5659 1082 5732 ἑρμηνεύεται
1129 5665 1198 5738 γῆ
1246 5668 1470 5740 ἐσχάτη,
1525 5670 1598 5725 Τδ
1645 5665 1784 5738 πλῆ-

279 5769 781 5940 Ξέζνξλίίαλλιῶνται
811 5800 900 5852 ἐπὶ
927 5805 1014 5873 τῇ,
1041 5811 1146 5860 ctc.

305 5867 339 5922 5
391 5866 497 5920 Του
530 5869 910 5939 κηρυχθέντος.

305 5866 362 5939 5)
391 5866 497 5920 Τοῦ
530 5869 910 5939 κηρυχθέντος.

1966 5656 2042 5742 (ἦ)
2075 5659 2515 5742 Μεταὸάλλοντος
2537 5700 2551 5722 ,
2585 5671 2715 5742 ett},
2749 5661 2847 5742 τήν
2885 5660 3042 5742 χάριν
3095 5657 3260 5742 αὑτοῦ
3281 5700 3296 5724 ,
3325 5668 3464 5742 etez,

1966 5678 2042 5726 μ)
2075 5678 2515 5724 Μεταοαλωντος
2537 5700 2551 5722 ,
2585 5678 2715 5725 etc.,
2749 5678 2847 5742 την
2885 5678 3042 5785 χαόριν
3095 5678 3260 5713 αυτου
3281 5700 3296 5724 ,
3331 5678 3464 5721 etc.,

1889 5727 2068 5790 καθὼς
2099 5726 2250 5781 εἶπεν
2288 5731 2569 5799 Ἰωάννηςο
2612 5733 2705 5785 Ἐκ
2743 5749 2850 5784 των
2926 5735 2940 5785 ί
2977 5751 3049 5786 ων
3082 5729 3289 5785 τούτων
3321 5731 3466 5798 1γεῖ-

1888 5799 2175 5873 ραι--τέ-ιεια
2201 5801 2277 5873 τῷ
2311 5801 2581 5873 Ἀβραάμ.

1959 5869 2036 5941 (5)
2067 5869 2283 5941 Ἐσμὲν,
2324 5869 2495 5942 Κύριε
2514 5869 2535 5901 ’⁷
2557 5875 2655 5940 οὑχ
2675 5875 2754 5927 ὅτι
2779 5873 2920 5939 ἄξιοί
2946 5870 3332 5943 “punctim,
3353 5879 3460 5924 etc.
