4142 6484
719 413 854 469 1159
1557 409 1614 466 S.
1656 408 2025 463 ATHANASII
2066 409 2216 466 OPP.
2259 407 2437 464 PARS
2477 408 2563 462 Ill.
2607 441 2672 450 -
2707 409 3114 464 EXEGETIL‘A.
3853 412 3976 469 1160

787 531 877 583 21.
924 527 1065 584 Deus
1095 536 1272 582 autem
1318 535 1502 581 noster
1528 526 1583 580 in
1625 527 1764 580 coelo
1797 535 1851 580 et
1890 527 1942 580 in
1977 536 2141 589 terra,
2314 533 2356 588 Α

2314 533 2356 588 Α
2455 527 2542 578 2|.
2589 528 2644 576 Ὀ
2671 527 2724 579 δὲ
2750 526 2881 590 Θεὸς
2912 528 3068 597 ἡμῶν
3096 530 3150 580 ἐν
3181 527 3258 597 τῷ
3276 529 3489 599 ούρανῷ
3521 529 3618 584 καὶ
3643 533 3702 582 ἐν
3734 535 3800 600 τῇ
3829 536 3917 603 τῇ,

788 621 879 674 22.
923 619 1118 674 Omnia
1147 632 1486 689 quaecunque
1521 618 1692 672 voluit
1716 618 1861 672 fecit.

1826 627 1861 671 ι.
2458 620 2547 672 22.
2587 620 2772 672 Πάντα
2801 621 2900 672 ὅσα
2932 620 3191 690 ἠθέλησεν
3222 622 3462 692 ἐποίησε.

788 715 877 767 25.
921 712 1223 768 Simulacra
1252 712 1492 782 gentium
1523 720 1809 780 argentum
1850 719 1905 764 et
1939 725 2154 776 aurum,

2459 710 2546 763 25.
2580 711 2657 763 Τὰ
2681 710 2872 762 εἴδωλα
2895 711 3003 764 τῶν
3030 711 3197 763 ὲθνῶν
3227 713 3488 784 ἀργύριον
3529 715 3624 767 καὶ
3659 716 3902 786 χρυσίω,

787 807 876 860 24.
922 805 1096 875 Opera
1129 820 1386 859 manuum
1423 804 1730 858 hominum.

1699 823 1730 858 I.
2459 803 2547 855 2-5.
2580 804 2754 873 Ἔργα
2789 802 2985 872 χειρῶν
3013 803 3335 874 ἀνθρώπων.

786 900 875 952 25.
919 897 992 952 Os
1027 898 1244 960 habent,
1287 906 1339 950 et
1369 911 1478 949 non
1515 896 1852 965 loquentur:

2458 896 2550 950 23.
2585 897 2768 966 Στόμα
2800 896 3000 966 ἔχουσι,
3037 897 3128 951 καὶ
3159 899 3216 949 οὑ
3249 899 3572 970 λαλήσουσιν
3596 918 3608 930 ·

792 992 883 1045 26.
927 991 1127 1045 Oculos
1161 990 1378 1054 habent,
1407 997 1598 1044 etnon
1630 987 1912 1042 videbunt.

2459 989 2547 1042 2G.
2587 988 2924 1058 ’(ὶερθαλμοὺς
2962 989 3164 1058 ἔχουσι,
3198 991 3292 1043 καὶ
3321 993 3418 1044 οὑκ
3443 993 3691 1061 ὄψονται.

782 1084 871 1134 27.
917 1084 1090 1136 Aures
1119 1083 1343 1147 habent,
1376 1091 1431 1136 et
1458 1096 1565 1135 non
1599 1079 1822 1133 audient
1851 1097 1863 1132 :

2459 1082 2546 1135 27.
2575 1078 2712 1133 Ὠτα
2741 1080 2941 1151 ἔχουσι,
2971 1083 3064 1134 καὶ
3094 1082 3192 1135 οὑκ
3221 1082 3544 1135 ἀκούσονται
3566 1099 3579 1112 ·

782 1174 870 1227 28.
914 1172 1080 1228 Nares
1110 1175 1328 1240 habent,
1361 1182 1413 1228 et
1437 1187 1546 1226 non
1580 1171 1906 1225 odorabunt.

2458 1175 2545 1227 28.
2584 1176 2763 1236 Ῥῖνας
2796 1173 2997 1243 ἔχουσι,
3029 1174 3122 1226 καὶ
3155 1175 3255 1227 οὑκ
3285 1175 3784 1246 ὀσφρανθὴσονται.

783 1267 873 1320 29.
914 1265 1103 1320 Manus
1140 1267 1360 1330 habent,
1405 1274 1458 1320 et
1487 1280 1594 1319 non
1622 1264 1919 1334 palpabunt
1949 1281 1960 1315 :

2459 1268 2546 1321 29.
2581 1269 2782 1339 Χεῖρας
2805 1267 3007 1339 ἔχουσι,
3037 1269 3131 1319 καὶ
3157 1268 3216 1319 οὑ
3244 1267 3654 1339 ψηλαφήσουσι·

793 1360 879 1414 59.
917 1360 1086 1415 Pedes
1112 1360 1330 1423 habent,
1359 1368 1413 1413 et
1443 1374 1552 1414 non
1580 1358 1941 1414 ambulabunt
1968 1376 1980 1408 :

2460 1361 2546 1414 50.
2582 1360 2754 1423 Πόδας
2781 1359 2985 1430 ἔχουσι,
3012 1360 3104 1412 καὶ
3132 1361 3192 1412 οὑ
3225 1363 3722 1432 περιπατήσουσιν·

785 1453 874 1507 51.
906 1450 1018 1505 Non
1051 1451 1365 1506 clamabunt
1398 1451 1451 1504 in
1489 1459 1710 1521 gutture
1743 1464 1864 1504 suo.

2459 1452 2547 1507 51.
2576 1453 2650 1505 Οὑ
2680 1453 3018 1523 φωνήσουσιν
3048 1454 3105 1505 ἐν
3131 1452 3208 1522 τῷ
3238 1451 3471 1524 λάρυγγι
3505 1454 3710 1507 αὐτῶν.

785 1545 872 1598 52.
908 1543 1125 1599 Similes
1157 1544 1264 1597 illis
1297 1543 1424 1597 [iant
1451 1542 1660 1615 [Neque
1687 1541 1830 1595 enim
1858 1548 1941 1595 est
1971 1537 2196 1608 spiritus
2234 1538 2285 1591 in

2459 1546 2546 1600 52.
2601 1546 2816 1616 Ὅμοιοι
2878 1545 3060 1608 αὑτοῖς
3114 1543 3354 1611 γένοιντο
3425 1543 3596 1616 [Οὑδὲ
3665 1545 3780 1614 γάρ
3833 1548 3967 1596 ἐςτιν

716 1653 808 1691 ore
835 1639 1077 1707 ipsorum
1105 1656 1118 1693 :
1151 1637 1355 1692 similes
1388 1636 1606 1689 illorum
1638 1633 1790 1704 liant]
1826 1633 1919 1702 qui
1951 1630 2162 1686 faciunt
2202 1647 2284 1695 ea,

2391 1639 2607 1710 πνεῦμα
2644 1639 2701 1690 ὲν
2727 1638 2804 1708 τῷ
2839 1637 3066 1708 στόματι
3105 1636 3318 1690 αὑτῶν’
3355 1638 3532 1708 ὅμοιοι
3559 1637 3748 1690 αὐτῶν
3779 1639 3963 1705 γένων-

2389 1731 2506 1802 ται]
2543 1734 2591 1783 οἱ
2623 1730 2901 1794 ποιοῦντες
2935 1730 3103 1794 αὑτὰ,

786 1837 874 1890 55.
907 1834 970 1891 Et
996 1850 1190 1890 omnes
1229 1834 1321 1903 qui
1347 1831 1626 1888 conﬁdunt
1665 1831 1720 1883 in
1754 1829 1833 1883 eis

2460 1825 2549 1877 55.
2588 1823 2696 1875 Καὶ
2732 1823 2931 1885 πάντες
2959 1824 3007 1874 οἱ
3038 1821 3353 1884 πεποιθότες
3378 1822 3466 1874 ἐπ’
3497 1822 3706 1884 αὐτοῖς.

785 1931 873 1983 54.
909 1928 1109 1982 Domus
1141 1926 1306 1981 Israel
1346 1924 1583 1995 speravit
1611 1924 1663 1977 in
1695 1921 1926 1975 Domino
1953 1938 1965 1974 :
2317 1934 2360 1986 Β

2317 1934 2360 1986 Β
2457 1915 2543 1970 δι.
2583 1910 2741 1978 Οἶκος
2791 1913 3009 1984 Ἰσραὴλ
3037 1913 3267 1984 ἤλπισεν
3295 1913 3388 1966 ἐπὶ
3414 1911 3620 1982 Κύριον
3642 1928 3653 1939 ·

787 2025 877 2079 55.
910 2022 1138 2091 Adjutor
1171 2031 1224 2074 et
1260 2027 1535 2089 pretector
1563 2030 1756 2071 eorum
1785 2023 1886 2069 est.

2575 2007 2773 2078 Βοηθὸς
2808 2008 2900 2059 καὶ
2923 2003 3334 2079 ὑπερασπιστὴς
3362 2004 3543 2059 αὑτῶν
3570 2007 3738 2058 ἐστιν.

1838 2187 2213 2246 ΑἸἪΑΝΑΒΙΙ
2255 2185 2842 2243 ΠΝΤΕΚΡΒΕΤΑΤΙΟ.

785 2360 971 2417 21-25.
1013 2357 1251 2413 Avaritia
1283 2355 1428 2412 enim
1459 2352 1732 2425 gentiliter
1781 2348 2077 2403 viventium
2110 2346 2284 2401 idolo-

2457 2345 2644 2398 2l-23.
2679 2344 2756 2414 (l)
2798 2343 2863 2396 'H
2896 2343 3005 2416 γὰρ
3051 2342 3385 2417 φιλαργυρία
3413 2345 3523 2398 τῶν
3557 2345 3798 2409 ἐθνικῶς
3827 2346 3957 2409 ζών-

715 2454 869 2508 latria
918 2460 1020 2516 est,
1051 2447 1508 2520 quemadmodum
1550 2443 1687 2499 dixit
1719 2441 2014 2512 Apostolus
2050 2439 2117 2492 ⁸ο.
2151 2437 2284 2504 Qua:

2391 2450 2498 2486 των
2523 2433 2930 2503 εἰδωλολατρεία
2964 2433 3108 2498 ἐστὶ,
3140 2435 3323 2498 καθὼς
3363 2432 3515 2490 εἶπεν
3547 2439 3574 2488 ὀ
3627 2438 3961 2494 Ἀπόστολος.

715 2555 896 2599 autem
923 2542 1066 2596 dicta
1094 2546 1223 2593 sunt
1254 2537 1320 2592 de
1341 2536 1500 2591 idolis
1531 2533 1816 2592 manifesta
1851 2531 2105 2586 omnibus
2130 2537 2279 2592 sunt,

2387 2525 2468 2578 Τὰ
2491 2525 2546 2578 δὲ
2581 2525 2841 2596 εἰρημένα
2871 2526 2998 2594 περὶ
3038 2524 3147 2578 τῶν
3178 2525 3408 2579 εἰδώλων
3443 2528 3579 2597 δῆλα
3614 2531 3785 2582 πᾶσίν
3815 2533 3960 2588 εἰσιν.

714 2635 860 2707 quod
905 2635 1136 2688 formam
1177 2630 1397 2701 quidem
1445 2628 1670 2691 habent,
1719 2625 1868 2679 nulla
1918 2634 2097 2676 autem
2141 2622 2283 2675 inest

2387 2617 2467 2668 ὅτι
2511 2617 2831 2686 χαρακτῆρα
2883 2617 2980 2686 μὲν
3024 2616 3272 2687 ἔχουσιν,
3323 2618 3575 2690 ἐνέργεια
3621 2620 3677 2672 δὲ
3734 2622 3964 2690 μηδεμία

714 2705 956 2800 operatio
987 2728 1040 2780 in
1070 2723 1355 2785 membris,
1387 2733 1440 2775 et
1471 2736 1557 2784 ea,
1587 2733 1709 2789 qua:
1743 2717 1998 2772 dicuntur
2028 2715 2081 2768 in
2112 2729 2281 2784 appo-

2389 2708 2620 2778 ὑπάρχει
2654 2707 2712 2758 ὲν
2743 2710 2856 2769 τοῖς
2888 2705 3199 2777 λεγομένοις
3235 2708 3451 2778 μέλεσιν
3483 2710 3583 2778 (2),
3623 2712 3719 2762 καὶ
3772 2714 3805 2780 ἡ
3836 2713 3959 2762 ἀπὸ·

714 2796 820 2875 sito
845 2818 1055 2888 psalmo
1087 2815 1152 2869 de
1177 2815 1244 2869 iis
1272 2813 1363 2884 qui
1399 2813 1487 2866 illa
1519 2810 1745 2873 faciunt,
1780 2809 1861 2863 vel
1886 2808 1938 2862 in
1975 2807 2081 2860 illis
2109 2806 2281 2861 conli-

2387 2813 2549 2866 φασις
2580 2796 2636 2848 δὲ
2675 2797 2707 2867 ἡ
2742 2797 3006 2868 εἰρημένη
3049 2799 3105 2850 ὲν
3133 2798 3209 2869 τῷ
3238 2801 3584 2872 προκειμένῳ
3609 2801 3816 2872 ψαλμῷ
3849 2803 3963 2875 περὶ

715 2912 870 2974 dunt,
897 2909 1180 2965 verissima
1212 2917 1371 2970 sunt;
1401 2904 1492 2960 sed
1526 2902 1852 2958 conveniens
1879 2899 2028 2965 duxi,
2051 2899 2279 2953 descen-

2384 2890 2492 2941 τῶν
2525 2889 2826 2942 ποιούντων
2869 2888 3041 2953 αὐτὰ,
3085 2892 3178 2943 καί
3207 2893 3330 2963 περὶ
3371 2892 3479 2945 τῶν
3513 2895 3853 2947 πεποιθότων
3886 2897 3961 2946 ἐπ’

715 3005 843 3058 dere
879 3001 946 3056 ad
986 3000 1322 3070 allegoriam,
1362 3005 1416 3051 et
1465 2995 1692 3066 singulis
1731 2993 1981 3046 versibus
2012 2989 2281 3060 subjicere

2385 2982 2572 3044 αὑτοῖς
2604 2981 2800 3052 ἀληθὲς
2833 2981 3066 3052 ὑπάρχει
3087 2997 3101 3012 °
3134 2983 3269 3037 ἀλλὰ
3301 2984 3506 3038 δίκαιον
3538 2987 3841 3056 ἡγησάμην
3878 2990 3961 3041 καὶ

714 3089 990 3160 propriam
1020 3088 1343 3142 sententiam
1372 3100 1566 3139 sensus
1597 3083 1892 3154 allegorici.

2385 3073 2483 3128 ἐπὶ
2522 3075 2621 3146 τὴν
2662 3073 2988 3147 ἀλληγορίαν
3029 3075 3223 3141 ἐλθεῖν,
3251 3077 3364 3131 ’καὶ
3407 3077 3674 3148 ὑποθῆναι
3722 3081 3959 3142 ἑκάστοις

2387 3168 2589 3236 στίχοις
2626 3167 2700 3235 (5)
2734 3167 2792 3218 τὸ
2824 3167 2952 3220 ἴδιον
2986 3167 3164 3238 νόημα
3193 3170 3292 3239 τῆς
3323 3170 3580 3241 θεωρίας.

780 3267 870 3322 24.
902 3267 1050 3338 Opus
1089 3264 1651 3336 concupiscentiarum
1699 3261 1980 3316 hominum
2029 3267 2114 3313 est
2151 3272 2280 3312 ava-

2452 3260 2488 3312 2
2500 3260 2729 3329 L'Epya
2744 3259 3044 3329 ἐπιθυμιῶν
3068 3260 3367 3330 ἀνθρώπων
3384 3264 3574 3333 ἐστὶνὴ
3602 3265 3953 3336 φιλαργυρία.

713 3358 860 3412 ritia.

775 3451 868 3505 25.
910 3448 1130 3504 Nullum
1178 3448 1320 3504 enim
1374 3447 1578 3502 bonum
1635 3453 1924 3516 loquentur
1980 3451 2278 3515 gaudentes

2452 3441 2548 3496 25.
2582 3440 2747 3494 Οὑδὲν
2772 3440 2880 3512 γὰρ
2911 3440 3113 3510 ἀγαθὸν
3147 3440 3470 3512 λαλήσουσιν
3506 3441 3581 3513 (4)
3610 3444 3660 3495 οἱ
3687 3447 3805 3508 τοῖς
3833 3446 3957 3514 χρή-

713 3541 980 3612 pecuniis.

2383 3551 2516 3604 μασι
2544 3534 2848 3604 χαίροντες.

782 3635 872 3688 26.
905 3632 1186 3702 Tanquam
1215 3647 1320 3685 non
1349 3630 1607 3686 habentes
1635 3627 1827 3684 oculos
1853 3629 1919 3683 ad
1944 3644 2134 3684 eorum
2165 3645 2279 3700 per-
2306 3641 2348 3696 ο

2321 3641 2348 3696 3
2450 3627 2541 3684 26.
2589 3627 2677 3688 Ὠς
2722 3626 2795 3697 μὴ
2824 3625 3038 3696 ἔχοντες
3073 3627 3182 3698 γὰρ
3217 3627 3532 3699 ὀφθαλμοὺς
3573 3630 3722 3684 κατὰ
3752 3634 3819 3702 τῇ
3845 3633 3957 3683 sau-

712 3725 970 3778 ditionem
995 3721 1428 3793 progredientur.

2382 3717 2488 3772 τῶν
2515 3717 2761 3787 ἀπωλείᾳ
2791 3717 2868 3786 (5)
2905 3718 3283 3789 πορεύσονται.

776 3817 862 3872 27.
895 3814 1013 3870 Non
1038 3816 1182 3868 enim
1207 3813 1590 3868 auscultabunt
1614 3811 1899 3882 praeceptis
1926 3812 2043 3868 Dei.

2448 3811 2537 3864 27.
2573 3811 2648 3862 υὺ
2683 3810 2789 3880 γὰρ
2821 3811 3169 3862 ὑπακούσωσι
3215 3811 3329 3873 τοῖς
3386 3811 3481 3864 τοῦ
3523 3811 3663 3865 Θεοῦ
3722 3815 3954 3885 προστά-

2381 3919 2604 3973 γμασιν.

779 3994 865 4049 28.
905 3994 1025 4047 Non
1058 3993 1200 4047 enim
1236 3993 1554 4063 beneplaciti
1604 3992 1694 4048 Dei
1745 3997 2036 4064 participes
2086 4005 2276 4049 erunt.

2448 3996 2537 4048 28.
2569 3994 2642 4046 Οὑ
2685 3993 2795 4066 γὰρ
2822 3993 2919 4064 τῆς
2943 3992 3188 4056 εὐδοκίας
3215 3990 3307 4045 τοῦ
3331 3992 3466 4047 Θεοῦ
3512 3993 3587 4064 (6)
3620 3996 3951 4065 μετέχουσαι.

780 4085 869 4140 29.
896 4084 1010 4140 Non
1034 4086 1180 4140 enim
1209 4086 1621 4154 exquisiverunt
1637 4086 1881 4141 invenire
1896 4097 2106 4157 portam
2132 4091 2274 4154 vitaz,

2446 4087 2536 4140 29.
2563 4087 2634 4139 Οὐ
2659 4085 2767 4157 γὰρ
2791 4085 3119 4158 ἐξεζήτησαν
3139 4085 3320 4156 εὑρεῖν
3353 4085 3451 4159 τὴν
3475 4086 3653 4160 θύραν
3665 4088 3770 4158 τῆς
3794 4089 3951 4157 ζωῆς.

712 4180 815 4232 hoc
850 4188 933 4233 est
968 4177 1279 4233 Dominum.

2377 4177 2624 4230 τουτέστι
2655 4177 2747 4230 τὸν
2779 4176 2983 4248 Κύριον
3018 4176 3118 4246 (7).

780 4269 868 4325 50.
911 4268 1366 4324 Claudieaverunt
1422 4270 1605 4337 enim,
1665 4285 1950 4341 perversas
1989 4282 2275 4328 scauentes

2444 4270 2533 4324 50.
2575 4269 2886 4341 Ἐχώλαναν
2933 4269 3040 4342 γὰρ
3084 4269 3522 4341 διεστραμμένας
3562 4270 3721 4336 ὁδοὺς
3767 4289 3950 4342 πορευ-

709 4373 732 4410 ι
749 4357 828 4413 ias
860 4360 912 4412 in
937 4358 1241 4414 actionibus
1266 4360 1403 4414 suis.

2377 4360 2561 4424 θέντες
2585 4363 2640 4413 ἐν
2668 4364 2784 4426 ταῖς
2817 4361 3078 4434 πράξεσιν
3109 4361 3305 4416 αὑτῶν.

779 4452 866 4505 51.
904 4449 1022 4505 Νοη
1063 4452 1394 4506 invocabunt
1422 4451 1737 4508 Dominum.

2445 4453 2531 4506 51.
2570 4453 2642 4504 Uti
2677 4454 2752 4524 μὴ
2779 4453 3192 4506 ὲπικαλὲσονται
3217 4453 3308 4506 τὸν
3341 4451 3567 4526 Κύριον.

784 4543 871 4597 '52.
908 4541 1170 4597 Peribunt
1192 4561 1296 4599 non
1334 4560 1492 4601 secus
1519 4562 1584 4602 ac
1617 4550 1879 4618 pecuniae,
1906 4551 1998 4619 qui
2032 4566 2124 4605 eas
2151 4550 2268 4605 the-

2444 4546 2531 4600 32.
2566 4548 2817 4600 Ἔσονται
2863 4546 3034 4610 οὑτως
3065 4546 3424 4619 ἀπολλύμενοι
3470 4547 3548 4611 ὡς
3596 4548 3667 4602 τὰ
3699 4551 3945 4621 χρήματα

711 4635 1007 4691 saurizant.

2374 4639 2421 4690 οἱ
2456 4637 2872 4708 θησαυρίζοντες
2902 4638 3058 4691 αὑτά.

778 4727 864 4782 55.
899 4728 962 4782 Ει
996 4744 1185 4783 omnes
1215 4731 1268 4783 in
1310 4732 1555 4799 pecuniis
1588 4745 1883 4803 sperantes.

2443 4731 2529 4785 55.
2565 4732 2676 4784 Καὶ
2705 4732 2904 4794 πάντες
2932 4733 2979 4784 οἱ
3011 4729 3318 4795 ἐλπίζοντες
3349 4732 3442 4784 ἐπὶ
3470 4733 3583 4796 τοῖς
3613 4733 3879 4803 χρήμασι.

777 4818 866 4873 54.
898 4819 1071 4875 Mente
1097 4831 1275 4875 autem
1304 4822 1471 4876 Deum
1503 4825 1746 4880 videntes
1775 4835 2126 4895 speravernnt
2159 4841 2266 4882 non

2442 4823 2531 4878 54.
2553 4823 2630 4897 (8)
2663 4826 2725 4876 0‘.
2752 4824 2807 4877 δὲ
2847 4827 2911 4896 τῇ
2941 4824 3148 4893 διανοίᾳ
3181 4822 3314 4875 Θεὸν
3335 4822 3570 4894 ὁρῶντες
3595 4825 3836 4895 ἡλπισαν
3857 4827 3942 4879 οὑκ

711 4907 762 4960 in
794 4912 1055 4978 pecuniis,
1090 4913 1181 4967 sed
1217 4912 1269 4966 in
1303 4912 1550 4969 Domino.

2373 4914 2464 4967 ἐπὶ
2499 4916 2771 4986 χρήμασιν
2791 4955 2804 4976 ,
2837 4914 2948 4968 ἀλλ’
2979 4913 3069 4966 ἐπὶ
3100 4912 3320 4983 Κύριον.

777 5005 865 5059 55.
901 5004 966 5060 Et
1005 5006 1126 5060 ideo
1164 5006 1437 5063 confortat
1464 5024 1579 5072 eos,
1613 5010 1914 5082 iisdemque
1945 5011 2226 5081 pr05pieit.

2445 5007 2534 5060 55.
2573 5008 2683 5060 Καὶ
2711 5009 2785 5078 (9)
2815 5009 2904 5061 διὰ
2951 5006 3108 5060 τοῦτο
3152 5005 3388 5077 ἐνισχύει
3421 5006 3624 5071 αὐτοὺς
3645 5047 3661 5072 ,
3691 5024 3789 5060 και
3821 5007 3941 5076 πρό-

2297 5114 2350 5172 D
2374 5117 2520 5154 νοιαν
2548 5100 2726 5154 αὑτῶν
2760 5103 3011 5154 ποιεῖται.

778 5201 824 5233 ⁸⁸
851 5201 1060 5262 Coloss.
1099 5221 1181 5269 ιιι,
1218 5207 1269 5260 5.

1646 5326 1947 5390 Addenda
1980 5336 2040 5390 et
2076 5329 2450 5410 corrigenda
2487 5350 2566 5394 ex
2593 5333 2733 5394 cod.
2775 5334 2978 5397 Vatic.

776 5481 854 5573 {il
877 5480 1506 5573 r"__,?_'3.2911253-92;
1537 5486 1691 5571 ήμῶγ
1738 5489 1830 5573 κυεῖ
1869 5490 1974 5568 τξρδ
1997 5491 2098 5573 γῆς
2129 5507 2266 5573 πὲρ-
2443 5494 2519 5573 (ξι)
2551 5495 2910 5573 Τῇςέαυτῶι
2933 5494 3220 5573 δξῑεωλείαιςο

703 5553 890 5636 onata;
921 5553 1112 5636 αὑτοῦη
1149 5556 1238 5605 καὶ
1269 5553 1719 5636 ἐνιπῇ-παρουσία
1749 5553 2135 5636 αὑτοῖς-ταντα,
2163 5553 2262 5614 ὅσα
2551 5553 2786 5629 sabaia;
2820 5565 2914 5618 τοῦ
2945 5553 3209 5636 Χριστοῦ.

704 5622 1266 5708 ἠθέλησενἐποίησενἱ
1298 5623 1371 5678 Ν.
1395 5626 1482 5678 25.
1526 5622 1588 5679 Ἦ
1619 5622 1726 5698 γὰρ
1755 5630 2087 5701 φιλαργυρία
2107 5622 2129 5696 ,’
2152 5642 2258 5688 etc.
2554 5622 2804 5708 Χριστόν.

774 5693 850 5778 <2?
874 5693 1103 5778 13398623
1133 5694 1325 5778 αὑτῷνε
1543 5767 1553 5778 ,
1631 5693 1639 5696 τ
1697 5693 1708 5698 ·
1766 5693 1777 5699 τ
2108 5693 2114 5696 τ

1543 5767 1553 5778 .
1631 5693 1639 5696 ⁷
1697 5693 1708 5698 ⁷
1766 5693 1777 5699 ⁷
2108 5693 2114 5696 ⁷
2443 5693 2518 5778 is}
2546 5693 2618 5759 N.‘
2647 5709 2734 5770 εδ,
2764 5707 2850 5762 δι.
2884 5707 2947 5759 οι
2977 5704 3034 5757 δέ
3064 5714 3170 5761 etc.

881 5763 1194 5848 ιίαραθῆναι
1227 5764 1437 5837 ἑκάστῳ
1470 5767 1653 5838 στίχῳ.

1403 5784 1437 5837 ξδ
1470 5767 1653 5838 στίχῳ·
2550 5778 2657 5833 Καὶ
2693 5763 2798 5833 non
2829 5778 3039 5847 legitur.

774 5807 848 5903 iii
881 5807 1164 5890 Κᾶἆξῧὲιῖιῖ
