4142 6536
709 429 845 488 H75
1543 439 1598 493 S.
1640 440 2011 497 ATIIANASII
2048 442 2195 499 OPP.
2233 443 2411 499 PARS
2448 443 2534 501 ιιι.
2575 475 2645 486 -
2685 441 3086 501 EXEGETICA.
3801 448 3947 501 “76

778 553 864 611 55.
901 555 1042 614 Deus
1064 575 1217 617 meus
1248 577 1306 617 es
1339 572 1418 629 tu,
1447 573 1502 617 et
1532 566 1830 621 conﬁtebor
1854 567 1951 621 tibi
1986 586 1997 621 :
2295 572 2342 628 Α

2295 572 2342 628 Α
2440 565 2529 622 55.
2554 566 2687 628 Θιός
2716 584 2814 637 μου
2840 562 2890 619 εἴ
2927 567 3012 627 σὺ,
3037 567 3129 620 καὶ
3160 565 3629 635 ὲξομολογήσομαί
3660 580 3743 618 σοι
3768 580 3782 595 ·

777 645 865 704 56.
894 647 1035 705 Deus
1065 667 1219 707 meus
1243 669 1302 709 es
1337 664 1414 722 tu,
1449 665 1503 710 et
1529 658 1778 712 exaltabo
1808 669 1879 713 te.

1844 674 1879 713 ε.
2441 658 2528 713 56.
2556 658 2689 723 Θεός
2724 676 2824 729 μου
2853 654 2901 711 si
2932 660 3019 720 σὺ,
3053 661 3144 711 καὶ
3171 657 3371 727 ῠψώσω
3400 673 3480 712 σε.

778 738 864 795 57.
894 741 1202 799 Conlitebor
1229 746 1345 809 tibi.
1370 748 1626 817 quoniam
1660 752 1927 806 exaudisti
1955 766 2040 807 me
2074 793 2086 805 .

2439 746 2527 802 57.
2576 746 3070 819 Ἐξομολογήσομαί
3100 763 3202 809 σοι,
3226 747 3306 800 ὅτι
3330 746 3644 817 ὲπήκουσάς
3674 762 3779 817 μου
3801 761 3818 777 ·

782 833 870 890 58.
902 832 967 890 Et
990 834 1166 893 laetus
1201 852 1261 894 es
1293 838 1423 893 mihi
1447 839 1501 893 in
1541 840 1793 900 salutem.

2444 837 2533 893 58.
2572 839 2680 891 Kal.
2704 838 2889 905 ὲγινου
2925 854 3013 908 μοι
3041 839 3121 901 εἰς
3156 836 3439 909 σωτηρίαν.

779 923 865 980 59.
895 923 1238 981 Conlitemini
1268 926 1515 991 Domino.
1540 931 1797 998 quoniam
1827 931 2024 993 bonus,

2442 927 2531 982 59.
2575 927 3008 999 Ἑξομολογεῖσθε
3031 926 3106 997 τῷ
3144 926 3352 997 Κυρίῳ,
3380 927 3460 979 ὅτι
3499 926 3722 993 ἀγαθὸς,

780 1016 866 1073 60.
896 1017 1161 1084 Quoniam
1191 1020 1243 1073 in
1273 1020 1531 1074 saeculum
1556 1022 1930 1077 misericordia
1955 1022 2094 1092 ejus.

1955 1022 2094 1092 ejus.
2444 1017 2529 1073 60.
2564 1019 2686 1073 Ὅτι
2715 1021 2794 1083 εἰς
2817 1019 2907 1072 τὸν
2940 1017 3111 1072 αἰῶνα
3136 1019 3197 1070 τδ
3225 1017 3370 1081 ἕλεος
3397 1017 3582 1071 αὐτοῦ.

1022 1109 1253 1165 suam
1282 1112 1392 1185 (τ)
1454 1111 1587 1168 PSA
1602 1111 1658 1168 ι..
1691 1112 1785 1169 cx
1804 1112 1968 1169 vm.

1901 1112 1968 1169 ιι.
2771 1112 3138 1177 Ἆλληλούτα.
3172 1113 3343 1165 ΨΛΔ.
3375 1108 3537 1164 PIH'.

784 1201 833 1255 l.
872 1200 1016 1257 Beati
1047 1203 1378 1259 immaculati
1410 1206 1463 1260 in
1498 1206 1605 1269 via.
1640 1208 1732 1277 qui
1766 1206 2050 1261 ambulant
2075 1207 2128 1260 in
2160 1208 2273 1275 lege

2448 1204 2497 1259 l.
2530 1202 2801 1275 Μακάριοι
2820 1204 2870 1255 oi
2902 1204 3121 1273 ἀμωμοι
3150 1203 3208 1255 ὲν
3232 1201 3358 1271 ὀδῷ,
3392 1203 3441 1254 οι
3479 1201 3847 1271 πορευόμενα
3896 1202 3953 1252 tv

720 1291 956 1351 Domini.

2376 1295 2525 1365 νόμῳ
2550 1294 2773 1364 Κυρίου.

783 1384 837 1439 2.
872 1380 1018 1440 Beati
1052 1387 1144 1455 qui
1186 1397 1500 1445 scrutantur
1542 1388 1849 1443 testimonia
1875 1389 2016 1457 ejus,
2060 1387 2110 1440 in
2162 1396 2275 1441 toto

2445 1384 2499 1439 ἓ.
2526 1386 2803 1456 Μακάριοι
2839 1386 2888 1438 οἱ
2915 1384 3301 1456 ἐξερευνῶντες
3330 1382 3397 1435 τά
3441 1382 3722 1453 μαρτύρια
3762 1379 3949 1441 αὑτοῦ,

715 1475 879 1530 corde
903 1478 1191 1547 exquircnt
1220 1494 1367 1534 eum.

2380 1480 2435 1530 tv
2473 1476 2570 1547 ὅλῃ
2596 1476 2793 1547 καρδίᾳ
2824 1476 3216 1547 ἐκζητήσωσιν
3240 1474 3421 1528 αὐτόν.

788 1566 839 1619 5.
876 1564 992 1620 Non
1026 1568 1169 1621 enim
1202 1570 1295 1639 qui
1329 1579 1623 1640 operantur
1671 1571 2032 1641 iniquitatem.
2080 1570 2133 1624 in
2179 1571 2279 1625 viis

2449 1569 2501 1623 3.
2528 1569 2601 1621 Οὐ
2632 1568 2739 1638 γάρ
2761 1568 2809 1619 οξ
2831 1565 3184 1639 ἐργαζόμενοι
3211 1568 3308 1637 τὴν
3331 1564 3559 1637 ἀνομίαν
3582 1567 3641 1618 ὲν
3674 1566 3796 1626 ταῖς
3816 1562 3952 1624 ὁδοῖς

719 1656 835 1723 ejus
872 1657 1304 1716 ambulaverunt.

2380 1656 2542 1711 αὑτοῦ
2576 1656 2967 1727 ἐπορεύθησαν.

788 1746 839 1801 ι.
872 1745 953 1801 Tu
984 1750 1253 1805 mandasti
1290 1752 1543 1806 mandata
1577 1761 1695 1814 tua.
1718 1752 1982 1808 custodiri
2023 1751 2205 1806 nimis.

2451 1748 2502 1802 4.
2533 1750 2604 1801 Συ
2658 1748 2908 1801 ὲνετείλω
2945 1746 3044 1810 τάς
3072 1746 3288 1810 ἐντολάς
3316 1762 3410 1799 σου
3432 1784 3447 1809 ,
3481 1746 3577 1797 τοῦ
3610 1743 3950 1814 φυλάξασθαι

2387 1838 2606 1893 σσόδοα.

2387 1856 2428 1890 σς

792 1926 843 1981 5.
878 1923 1094 1982 Utinam
1135 1928 1437 1999 dirigantur
1472 1931 1570 1986 viae
1601 1947 1753 1995 meae,
1791 1930 1857 1985 ad
1896 1929 2281 1985 custodiendas
2314 1906 2355 1960 Β

2318 1906 2355 1960 Β
2387 1856 2769 1998 σγὲῗξέφελον
2795 1924 3284 1997 κατευθυνθείησαν
3308 1928 3364 1980 αἱ
3392 1927 3499 1981 ὁδοί
3525 1943 3650 1997 μου,
3671 1926 3768 1979 τοῦ
3800 1924 3954 1995 φυλάα

715 2016 1129 2087 iustiﬁcationes
1159 2027 1301 2075 tuas.

2389 2018 2579 2083 ξασθαι
2606 2019 2674 2072 τά
2705 2017 3051 2089 δικαιώματά
3076 2034 3187 2074 σου.

790 2108 843 2163 6.
877 2106 1028 2164 Tunc
1060 2124 1168 2164 non
1194 2111 1528 2167 confundar-
1551 2128 1671 2167 cum
1707 2125 2030 2182 perspexero
2060 2112 2113 2165 in
2164 2127 2281 2165 om-

2458 2110 2509 2163 6.
2538 2111 2669 2163 Τότε
2704 2111 2763 2164 οὐ
2794 2110 2866 2182 μὴ
2888 2109 3180 2181 αἰτχυνθῶ,
3208 2112 3265 2163 ὲν
3296 2108 3373 2180 τῷ
3399 2125 3467 2179 με
3514 2108 3837 2173 ἐπιϐλέπειν
3867 2109 3954 2162 ἐπὶ

720 2204 885 2259 nibus
908 2205 1175 2262 mandatis
1205 2206 1333 2261 tuis.

2390 2205 2571 2267 πάσας
2603 2204 2702 2267 τάς
2727 2203 2943 2258 ὲντολά·
2970 2218 3082 2255 σου.

1836 2317 2211 2374 ATHANASII
2257 2317 2833 2376 INTERPRETATIO.

798 2431 883 2499 55,
920 2434 1007 2489 56.
1046 2432 1435 2508 Unusquisque
1478 2440 1813 2495 credentium
1864 2441 2091 2497 audiens
2130 2458 2284 2498 amo-

2455 2440 2541 2505 55,
2572 2439 2657 2495 56.
2696 2441 2772 2510 (l)
2808 2441 3074 2503 Ἕκαστος
3108 2439 3217 2493 τῶν
3260 2439 3692 2505 πιστευσάντων,
3722 2440 3955 2503 ἀκούσας

726 2540 861 2588 rem,
900 2534 955 2579 et
998 2526 1206 2583 viscera
1232 2528 1474 2583 cruciﬁxi
1517 2540 1733 2600 propter
1770 2547 1891 2600 nos,
1926 2534 2060 2588 dicit
2091 2554 2102 2587 :
2148 2533 2285 2589 Deus

2384 2532 2479 2605 τὴν
2513 2533 2754 2601 ἀγάπην,
2788 2532 2880 2588 καὶ
2908 2533 2976 2584 τά
3008 2532 3286 2601 σπλάγχνα
3318 2531 3413 2585 τοῦ
3452 2533 3867 2604 σταυρωθέντος
3892 2533 3956 2586 δι’

726 2631 869 2670 meus
910 2632 964 2669 es
1006 2625 1083 2680 tu,
1125 2628 1174 2671 et
1221 2621 1525 2688 conﬁtebor,
1579 2638 1664 2677 me
1718 2624 1893 2694 ipsum
1946 2626 2283 2697 redemptum

2383 2625 2548 2696 ἡμᾶς,
2580 2623 2753 2692 λέγει·
2788 2625 2932 2689 Θεός
2968 2641 3087 2693 μου
3124 2620 3298 2686 εῐσὺ,
3332 2626 3429 2677 καὶ
3478 2627 3717 2695 ἐμαυτὸν
3749 2630 3956 2695 ὁμολο-

726 2719 847 2760 esse
870 2707 1109 2776 pretioso
1144 2718 1238 2763 tuo
1267 2714 1553 2783 sanguine.

2384 2715 2547 2784 γήσω
2586 2714 2946 2786 ἑξηγορᾶσθαι
2985 2712 3063 2784 τῷ
3093 2714 3257 2784 τιμίῳ
3292 2732 3385 2767 σου
3414 2715 3631 2783 αἵματι.

797 2793 886 2861 57,
914 2794 1002 2850 58.
1036 2795 1178 2853 Deus
1207 2815 1360 2855 meus
1392 2818 1450 2856 es
1488 2811 1568 2866 tu,
1604 2812 1657 2858 et
1683 2804 1997 2875 gloriticabo
2041 2817 2093 2863 te
2124 2826 2137 2863 :
2171 2820 2282 2863 trav

2456 2805 2545 2866 57.
2575 2804 2662 2859 58.
2696 2803 2827 2869 Θεὸς
2862 2822 2963 2874 μου
2998 2800 3047 2857 εἷ
3084 2804 3168 2867 σὺ,
3223 2806 3316 2858 καὶ
3369 2803 3579 2869 δοξάσω
3620 2820 3714 2856 σε’
3743 2804 3958 2857 udum

727 2887 850 2941 dam
882 2902 967 2941 me
1009 2887 1145 2957 ipse,
1192 2892 1449 2960 quoniam
1494 2910 1601 2948 non
1645 2907 1927 2959 aversatus
1959 2914 2019 2952 es
2063 2915 2168 2966 me,
2196 2900 2288 2955 sed

2387 2896 2641 2966 ἐμαυτὸν,
2698 2896 2780 2948 ὅτι
2826 2895 2925 2947 οὐκ
2955 2895 3307 2965 ἀπεστράφης
3348 2912 3437 2965 με,
3490 2895 3606 2949 ἀλλ’
3635 2895 3958 2967 ἀπεδείχθης

728 2986 981 3034 ostensus
1004 2994 1062 3034 es
1093 2980 1307 3045 adjutor
1335 2984 1465 3038 mihi
1494 2985 1547 3038 in
1580 2986 1833 3041 salutem.

1515 3000 1547 3038 n
1580 2986 1833 3041 salutem.
2390 2987 2579 3057 βοηθός
2613 3004 2713 3055 μου
2745 2988 2823 3048 εἰς
2860 2984 3149 3055 σωτηρίαν.

799 3067 888 3123 59.
916 3066 973 3122 In
1000 3078 1113 3126 toto
1133 3072 1295 3127 corde
1315 3074 1680 3143 deprecamini
1714 3091 1860 3137 eum.
1894 3082 2152 3147 quoniam
2194 3080 2288 3133 bo-

2463 3082 2550 3134 59.
2598 3080 2684 3132 Ἐν
2713 3078 2808 3146 ὅλῃ
2834 3078 3027 3148 καρδίᾳ
3059 3075 3420 3148 προσεύχεσθε
3454 3076 3621 3145 αὐτῷ,
3645 3079 3730 3131 ὅτι
3766 3076 3956 3145 ἀγαθός

732 3170 834 3212 nus
864 3165 966 3211 est.
2394 3169 2557 3223 ἐστιν.

801 3248 892 3304 60.
925 3249 1191 3317 Quoniam
1235 3268 1340 3309 non
1370 3256 1562 3311 avertit
1599 3272 1627 3314 a
1673 3258 1830 3319 nobis
1860 3260 2287 3316 misericordiam

2465 3259 2551 3313 ϐυ.
2578 3261 2699 3311 Ὀτι
2731 3260 2830 3311 οὐκ
2860 3258 3185 3330 ἀπεστράφη
3210 3259 3303 3329 ἀφ’
3330 3260 3486 3330 ἡμῶν
3515 3260 3575 3313 τὸ
3602 3260 3753 3326 ἔλεος
3777 3259 3952 3315 αὐτοί.

813 3434 876 3488 Ἦ
908 3437 1241 3509 προκειμένη
1290 3440 1567 3514 ἐπιγραφὴ
1612 3442 1855 3513 περιέχει
1882 3460 1897 3474 ο
1941 3444 2292 3510 Ἀλληλούτα
2312 3483 2328 3507 ,
2383 3446 2519 3515 ὅπερ
2547 3443 2904 3515 ἑρμηνεύεται
2928 3438 3171 3515 [circite
3198 3441 3305 3495 τὸν
3340 3442 3487 3495 ὄντα
3515 3441 3693 3514 Θεὸν]
3714 3443 3955 3513 διάφορος

734 3524 1036 3599 [διαφόρως
1054 3528 1094 3600 ],
1121 3532 1199 3594 εις
1232 3531 1397 3601 ὕμνον
1420 3533 1515 3585 καὶ
1535 3528 1680 3586 αἶνον
1709 3536 1853 3605 ἡμᾶς
1884 3533 1976 3587 τοῦ
2001 3534 2133 3591 Θεοῦ
2164 3537 2626 3607 προτρεπομένου.

806 3617 1019 3677 Titulus
1051 3624 1371 3692 praepositus
1402 3627 1675 3681 continet:
1712 3627 1961 3695 Alleluia,
1994 3630 2135 3699 quod
2172 3630 2555 3699 interpretatur
2589 3627 2825 3700 [laudate
2854 3644 2993 3693 eum,
3038 3626 3128 3697 qui
3164 3624 3301 3680 Deus
3334 3623 3435 3694 est]
3464 3626 3615 3681 varie
3638 3641 3743 3681 nos
3778 3625 3955 3682 adbor‘

736 3721 884 3768 tante
912 3712 1020 3770 Deo
1044 3716 1109 3769 ad
1138 3718 1405 3774 canticum
1451 3731 1504 3776 et
1527 3722 1763 3777 laudem.

808 3803 860 3857 l.
890 3803 1061 3871 Beati,
1095 3810 1189 3876 qui
1234 3812 1532 3867 secundum
1564 3813 1688 3881 Job,
1721 3816 1996 3872 abstinent
2034 3818 2103 3871 ab
2147 3819 2295 3873 omni
2325 3823 2366 3878 C

2325 3823 2366 3878 C
2471 3816 2518 3873 1.
2557 3816 2829 3886 Μακάριοι
2859 3816 2907 3866 oi
2943 3812 3083 3866 κατά
3108 3811 3199 3865 τὸν
3241 3810 3380 3875 Ἰὼσ,
3418 3814 3465 3865 οἱ
3507 3813 3835 3883 ἀπεχόμενοι
3859 3813 3951 3867 ἀ-ελ

734 3912 897 3969 opere
934 3902 1099 3956 malo.

2402 3908 2600 3968 παντὸς
2633 3904 2869 3975 πονηροῦ
2902 3902 3240 3974 πράγματος.

803 3991 859 4045 2.
889 3990 1035 4047 Beati
1064 3993 1179 4063 qui,
1216 3995 1270 4048 in
1297 3995 1530 4066 singulis
1559 3999 1864 4055 actionibus
1898 4000 2129 4069 probant
2169 3999 2297 4070 quid

2468 3999 2523 4051 2.
2558 3998 2831 4067 Μακάριοι
2861 3998 2909 4048 oi
2941 3995 3061 4049 καθ’
3096 3994 3332 4065 ἑκάστην
3357 3992 3555 4063 πρᾶξιν
3579 3993 3948 4064 δοκιμάζοντες

734 4083 1154 4153 beneplacitum,
1180 4096 1234 4140 et
1277 4088 1575 4157 perfectum
1615 4106 1798 4145 coram
1841 4092 1971 4148 Deo.
2007 4091 2299 4149 Fet-ventes

2400 4090 2451 4142 τί
2486 4088 2547 4142 τὸ
2571 4088 2859 4157 εὐάρεστον
2888 4086 2980 4140 καὶ
2996 4086 3196 4140 τέλειον
3217 4085 3366 4157 παρὰ
3393 4082 3468 4153 τῷ
3487 4082 3626 4153 Θεῷ.
3654 4083 3857 4154 Θερμοὶ
3874 4084 3947 4137 δν-

735 4177 879 4232 circa
901 4176 1220 4232 charitatem
1249 4179 1367 4249 ejus
1407 4197 1511 4236 non
1552 4182 1943 4251 dormitabunt,
1977 4200 2163 4239 curam
2210 4187 2301 4240 lia-

2400 4199 2489 4244 τες
2522 4180 2648 4251 περὶ
2662 4180 2760 4249 τὴν
2782 4181 2999 4249 ἀγάπην
3025 4177 3187 4231 αὑτοῦ
3204 4179 3303 4247 οὐχ
3330 4179 3635 4231 ὑπνώσουσι
3664 4176 3946 4247 μεριμνῶν-

736 4268 945 4331 bentcs.
981 4271 1256 4339 quomodo
1294 4287 1418 4326 eum
1464 4274 1517 4327 in
1559 4273 1693 4342 ipsis
1727 4275 1963 4345 hospitio
2009 4277 2297 4346 accipient.

1946 4290 1963 4328 )
2009 4277 2297 4346 accipient.
2400 4290 2514 4336 τες,
2548 4272 2664 4335 πῶς
2689 4272 2848 4325 dimov
2876 4268 3128 4335 δέξωνται
3153 4269 3357 4323 ἕνοικον
3382 4270 3582 4333 αὐτοῖς,

804 4359 860 4414 3.
887 4356 1007 4413 Non
1028 4360 1172 4414 enim
1191 4360 1434 4417 dicentes
1464 4379 1523 4418 se
1551 4379 1671 4420 esse
1702 4364 2067 4431 Christianos,
2092 4380 2145 4422 et
2170 4385 2302 4423 con-

2471 4365 2523 4419 3.
2560 4364 2636 4417 Οὐ
2666 4364 2776 4433 γάρ
2807 4364 2856 4415 οἱ
2881 4362 3158 4432 λεγόμενοι
3182 4356 3322 4424 εἶναι
3349 4360 3685 4431 Χριστιανοὶ,
3733 4360 3825 4413 καὶ
3866 4357 3945 4419 τὰς

737 4451 1100 4523 cupisceatias
1148 4454 1334 4509 mundi
1385 4455 1667 4522 habentes,
1709 4458 1829 4528 ejus
1876 4460 2143 4515 Inaiidatis
2172 4463 2301 4517 obe-

2404 4456 2697 4525 ἑπιθυμίας
2722 4454 2815 4507 τοῦ
2843 4454 3044 4523 κόσμου
3074 4452 3305 4523 ἔχοντες,
3328 4456 3439 4517 τοῖς
3467 4454 3788 4524 πράγμασιν
3815 4451 3946 4524 [προ-

738 4546 913 4602 diunt.
2407 4544 2733 4617 στάγμασιν]
2766 4544 2930 4597 αὑτοῦ
2958 4543 3248 4598 πείθονται.

809 4633 864 4689 ι.
893 4632 978 4691 'l'u
1018 4637 1201 4692 dixisti
1233 4656 1246 4692 :
1284 4638 1599 4694 Maledicta:
1642 4642 1813 4694 omnis
1853 4644 1944 4710 qui
1990 4643 2119 4710 facit
2177 4658 2301 4709 opus

2473 4639 2522 4693 4.
2560 4640 2633 4693 Σὺ
2657 4635 2838 4702 εἴπας·
2872 4636 3327 4705 Ἐπικατάρατος
3350 4634 3469 4703 πᾶς
3499 4640 3532 4691 ό
3558 4638 3744 4692 ποιῶν
3765 4636 3832 4690 τὰ
3859 4635 3946 4690 τοῦ

744 4725 838 4780 Det
866 4727 1183 4799 negligenter
1210 4730 1256 4761 “

2404 4733 2621 4799 Κυρίου
2666 4730 2917 4800 ἀμελῶς.

810 4819 863 4873 5.
901 4816 995 4875 Det
1026 4822 1201 4893 gratia
1234 4829 1346 4887 tua,
1378 4832 1435 4876 ut
1473 4822 1809 4876 instruantur
1838 4824 2141 4877 voluntates
2184 4841 2304 4878 cor-

2477 4825 2533 4878 5.‘
2560 4824 2680 4895 Δῴη
2716 4825 2749 4896 ἡ
2776 4825 2935 4896 χάρις
2961 4840 3054 4879 σου
3080 4821 3448 4892 συνετισθῆναι
3475 4821 3545 4874 τά
3569 4820 3844 4891 θελήματα
3866 4817 3946 4887 τῆς

742 4912 828 4967 dis
848 4912 954 4969 mei
988 4914 1055 4968 ad
1097 4912 1536 4969 lructilicandum
1587 4929 1674 4969 me
1721 4913 1775 4971 in
1819 4913 2304 4984 justilicationibus

2409 4915 2635 4987 καρδίας
2657 4933 2759 4987 μου
2791 4915 2886 4970 τοῦ
2914 4917 3280 4988 καρποφορεῖν
3311 4932 3377 4987 με
3409 4918 3467 4968 ὲν
3494 4917 3607 4978 τοῖς
3638 4910 3944 4982 δικαιώμασί

740 5004 867 5057 tuis.
2406 5024 2519 5062 σου.

810 5094 862 5149 6.
900 5094 954 5151 In
991 5097 1079 5151 die
1113 5096 1305 5167 judicii
1344 5113 1450 5152 non
1488 5098 1704 5153 audiam
1741 5112 1770 5149 a
1812 5106 1861 5153 te
1886 5098 2015 5151 illud
2045 5095 2163 5153 Non
2187 5099 2303 5155 novi
2339 5164 2371 5171 __

2339 5164 2371 5171 __
2480 5098 2532 5153 6.
2568 5099 2660 5153 'Ev
2686 5102 2751 5171 τῇ
2783 5100 2963 5171 ἡμέρᾳ
2985 5100 3081 5171 τῆς
3104 5100 3335 5170 κρίσεως
3358 5100 3418 5152 οὐ
3445 5100 3519 5169 μὴ
3558 5098 3777 5152 ἀκούσω
3818 5094 3942 5163 παρὰ

739 5200 808 5250 te,
837 5189 883 5245 si
914 5204 1069 5245 mens
1091 5164 1209 5244 mea
1251 5188 1557 5246 illuminata
1596 5190 1761 5247 fuerit
1790 5192 1841 5246 in
1879 5191 2133 5245 omnibus
2168 5206 2303 5261 prm-
2338 5164 2375 5218 θ

2302 5224 2303 5229 η
2338 5164 2380 5218 D
2410 5190 2503 5243 τοῦ
2522 5192 2604 5256 τὸ,
2637 5164 2759 5245 Οὐκ
2938 5164 3049 5264 :05,
3087 5164 3154 5245 ἂν
3195 5192 3230 5261 ἡ
3256 5164 3462 5246 διάνοιά
3630 5190 3938 5257 πεφὼτισται

737 5281 908 5350 ceptis
932 5282 1059 5337 tuis.

2409 5281 2579 5355 [ἐπὶ]
2617 5284 2792 5349 πάσας
2816 5286 2914 5348 τάς
2942 5285 3158 5347 ἐντολάς
3187 5301 3300 5337 σου.

808 5376 859 5413 ⁵⁸
886 5373 998 5431 Jer.
1040 5392 1229 5443 XLVIII,
1260 5377 1346 5430 lO.

1686 5448 1989 5511 Addenda
2021 5456 2081 5512 et
2115 5448 2488 5524 corrigenda
2522 5467 2598 5510 ex
2628 5450 2766 5513 cod.
2808 5449 3005 5511 Vatic.

811 5577 889 5648 (ll
913 5579 978 5631 Ν.
1017 5578 1101 5635 55.
1141 5578 1432 5642 Ἕκαστος,
1474 5590 1609 5643 etc.,
1635 5579 1728 5632 xui
1770 5577 1977 5647 ἑαυτὸν,
2011 5587 2113 5631 etc.
2140 5578 2205 5631 N.
2238 5575 2322 5632 56.

738 5649 806 5703 Ν.
838 5648 927 5713 58,
958 5649 1070 5702 ἀλλ’
1110 5649 1423 5714 ἀπέδειξας.

2302 5604 2322 5632 ι.
2374 5577 2507 5641 Θεός
2542 5595 2640 5648 μου
2666 5574 2715 5631 εἷ
2750 5579 2835 5641 σὺ,
2866 5578 2958 5631 καὶ
2981 5576 3187 5641 δοξάσω
3224 5592 3301 5628 σε.
3332 5574 3395 5628 Ν.
3423 5574 3510 5628 57.
3555 5571 3823 5633 Ἐκδώσω,
3853 5583 3938 5627 etc.

793 5689 806 5703 ο
838 5680 927 5713 νο,
958 5680 1057 5702 “AA
1110 5680 1423 5716 ακιυιιίιιιθ.

813 5772 894 5842 (γ)
924 5770 1127 5842 Divisio
1156 5771 1549 5825 versiculorum
1576 5768 1737 5842 hujus
1777 5768 2062 5842 psalmiin
2097 5764 2579 5842 codiceAVaticano
2612 5766 2835 5842 omnino
2870 5763 3078 5817 diversa
3112 5771 3248 5842 erat,
3286 5760 3406 5841 ideo
3441 5773 3665 5842 necesse
3699 5758 3797 5842 fuit
3829 5758 3939 5842 inte:

741 5830 896 5913 graia
933 5840 1043 5899 fere
1070 5842 1341 5912 psalmum
1374 5856 1497 5897 cum
1528 5856 1625 5897 sua
1649 5830 2107 5913 interpretatione
2142 5837 2438 5905 ascribere,
2468 5837 2691 5894 omissis
2713 5835 2887 5891 solum
2924 5832 3197 5889 nonnullis
3227 5830 3531 5895 versiculis,
3557 5831 3611 5884 in
3636 5830 3829 5899 quibus
3852 5830 3942 5885 sne
