4142 6486
192 422 341 480 1177

1051 423 1138 479 DE
1175 425 1449 479 'I‘l'I'IJLlS
1488 423 1930 480 PSALIIORUII.
1964 456 2032 468 —
2071 425 2264 481 PSAI...
2295 427 2522 484 CXVIII.

3293 435 3426 494 1178

271 542 330 595 7.
375 540 863 613 ἐξομολογήσομαί
885 558 967 596 σοι
998 546 1056 597 ἒν
1078 543 1329 616 essem.
1348 545 1570 617 καρδίας
1602 547 1660 599 ὲν
1687 547 1764 618 τῷ
1793 557 1837 611 Α

1793 557 1837 611 Α
1935 548 1986 604 7.
2017 548 2323 606 Coniltebor
2351 553 2447 606 tibi
2471 554 2524 607 in
2561 554 2856 610 directione
2884 554 3086 622 cordis,
3113 569 3166 611 m
3190 571 3255 612 eo
3279 561 3422 630 quod

200 631 590 702 μεμαθηκέναι
630 650 694 702 με
727 633 797 686 τὰ
828 635 1074 706 κρίματα
1096 637 1195 708 τῆς
1231 636 1575 708 δικαιοσύνης
1604 655 1716 694 σου.

273 723 329 777 8.
365 723 444 777 Τὰ
457 723 799 794 δικαιώματά
821 741 914 778 σου
938 726 1176 799 φυλάξω.
1204 729 1277 799 μή
1311 746 1378 799 με
1402 729 1768 803 ὲτκαταλίπῃς

199 813 312 874 ῐως
349 813 572 884 σφόδρα.

273 902 328 956 9.
372 903 458 956 Ἐν
496 904 600 957 τίνι
635 904 968 976 κατορθώσει
1004 905 1266 978 νεώτερος
1297 907 1395 980 τὴν
1427 908 1543 962 ὁδὸν
1565 909 1766 974 αὐτοῦς

201 995 264 1045 ιν
292 991 372 1062 τῷ
404 993 736 1062 φυλάξασθαι
757 997 882 1058 τοὺς
918 995 1106 1063 λόγους
1134 1013 1247 1051 σου.

280 1084 366 1139 I0.
406 1086 494 1138 ‘Ev
518 1085 837 1159 ὄλῃριαρδίᾳ.
875 1104 976 1158 μου
1006 1088 1308 1160 ἐξεζήτησά
1341 1105 1422 1152 σε,
1455 1091 1529 1160 μὴ
1574 1089 1768 1161 ἀπώσῃ

205 1193 279 1248 tu
311 1176 418 1230 ἀπὸ
448 1177 556 1231 τῶν
591 1178 818 1233 ἐντολῶν
853 1196 968 1234 σου.

279 1267 362 1323 Il.
405 1269 491 1321 Ἐν
514 1272 580 1340 τῇ
622 1270 820 1342 καρδίᾳ
852 1289 952 1342 μου
982 1271 1190 1342 ἔκρυψα
1210 1272 1275 1327 τὰ
1306 1272 1459 1340 λόγια
1487 1290 1600 1335 σου,
1623 1275 1768 1336 ὅπως

205 1358 277 1417 ἂν
315 1363 388 1432 μὴ
422 1362 652 1433 ἁμάρτω
681 1379 784 1416 σοι.

279 1452 363 1507 12.
401 1453 700 1524 Εὐλογητὸς
722 1449 793 1516 εἷ,
813 1454 1003 1526 Κύριε,
1023 1455 1229 1521 δίδαξον
1258 1473 1324 1526 με
1342 1456 1410 1509 τὰ
1430 1455 1769 1528 δικαιώματά

211 1561 328 1599 σου.

282 1635 366 1689 13.
406 1635 493 1688 Ἐν
511 1639 624 1699 τοῖς
644 1636 848 1707 χείλεσι
887 1654 987 1708 μου
1017 1637 1304 1708 ὲξήγγειλα
1333 1638 1508 1692 πάντα
1541 1639 1608 1692 τὰ
1651 1639 1769 1711 κρί-

212 1742 356 1796 ματα
388 1726 482 1779 τοῦ
512 1727 773 1797 στόματός
800 1745 914 1780 σου.

281 1814 366 1869 II.
415 1815 503 1868 Ἐν
525 1818 590 1887 τῇ
620 1815 724 1886 ὁδῷ
745 1817 852 1870 τῶν
885 1818 1195 1888 μαρτυρίων
1228 1835 1320 1873 σου
1355 1818 1654 1890 ὲτέρφθην,
1691 1819 1767 1882 ὡς

211 1906 305 1958 Issi
331 1906 493 1958 παντὶ
519 1903 751 1978 πλούτῳ.

281 1995 365 2050 15.
405 1997 490 2049 Ἐν
517 2001 636 2062 ταῖς
661 1998 898 2064 ἐντολαῖς
935 2018 1027 2054 σου
1053 2001 1423 2073 ἁδολεσχήσω,
1469 2004 1561 2057 καὶ
1595 2022 1766 2058 κατα-

208 2087 384 2156 νοήσω
403 2086 501 2149 cs;
529 2087 682 2151 ὁδούς
711 2106 825 2143 σου.

280 2176 366 2230 16.
409 2179 496 2231 Ἐν
525 2181 636 2242 τοῖς
661 2179 986 2252 δικαιώμασί
1019 2199 1112 2235 σου
1141 2181 1456 2254 μελετήσω.
1509 2183 1609 2239 οὑκ
1651 2187 1769 2240 ἐπι-

206 2266 441 2338 λήσομαι
467 2269 576 2322 τῶν
603 2271 775 2340 λόγων
807 2290 920 2326 σου.

280 2359 366 2415 I7.
407 2362 725 2427 Ἀνταπόδος
745 2363 822 2434 τῷ
841 2364 1012 2437 δούλῳ
1051 2384 1166 2435 σου,
1194 2367 1357 2440 ζῆσύν
1397 2385 1465 2441 με
1487 2408 1503 2434 ,
1536 2371 1631 2425 καὶ
1675 2387 1768 2440 φυ-

207 2449 354 2515 λάξω
377 2452 500 2514 τοὺς
521 2451 710 2521 λόγους
739 2469 832 2506 σου

1868 640 2031 696 didici
2057 640 2261 710 judicia
2283 642 2506 712 iustitia
2536 654 2660 700 ture.

1937 732 1991 787 8.
2024 730 2448 792 Justiﬂcationes
2493 745 2612 791 tuas
2655 737 2980 803 custodiam,
3017 752 3121 791 non
3155 753 3240 793 me
3271 739 3423 794 dere.

1870 822 2083 891 linquas
2115 839 2523 895 usquequaque.

1937 915 1990 969 9.
2026 914 2083 969 In
2109 930 2222 986 quo
2265 918 2489 988 corrigit
2531 918 2928 974 adolescentior
2970 920 3110 974 viam
3140 920 3330 975 suam?
3367 922 3419 974 in

1867 1007 2220 1063 custodiendo
2247 1024 2527 1066 sermones
2551 1020 2692 1066 tuos.

1937 1098 2025 1153 I0.
2061 1100 2118 1153 In
2161 1107 2278 1155 toto
2321 1102 2483 1157 corde
2513 1115 2636 1158 meo
2674 1103 2937 1173 exquisivi
2987 1113 3057 1170 te,
3096 1119 3161 1159 ne
3197 1105 3419 1174 repellas

1869 1205 1955 1245 me
1985 1205 2017 1244 a
2039 1190 2310 1246 mandatis
2336 1193 2446 1248 tuis
2478 1211 2492 1248 :

1937 1279 2022 1335 II.
2057 1279 2116 1335 In
2147 1281 2310 1337 corde
2354 1297 2476 1338 meo
2517 1283 2776 1339 abscondi
2813 1286 3027 1356 eloquia
3076 1299 3188 1347 tua.
3225 1297 3281 1341 ut
3314 1303 3418 1342 non

1868 1388 2078 1443 peccem
2112 1372 2231 1427 tibi.

1939 1463 2024 1518 I2.
2056 1463 2375 1522 Benedictus
2404 1481 2484 1535 es,
2515 1466 2762 1533 Domine,
2793 1469 2927 1525 doce
2963 1486 3047 1524 me
3073 1471 3416 1540 justillcatio~

1869 1570 1964 1609 ncs
1997 1564 2136 1609 111³8.

1942 1644 2022 1698 15.
2052 1641 2107 1697 In
2144 1643 2303 1700 labiis
2337 1646 2472 1701 meis
2503 1649 2848 1718 pronuntiavi
2870 1652 3048 1704 omnia
3076 1650 3276 1720 judicia
3307 1651 3418 1706 oris

1869 1733 1966 1788 tui.

1938 1824 2023 1880 II.
2050 1824 2105 1879 ln
2135 1826 2220 1880 via
2254 1827 2690 1884 testimoniorum
2714 1840 2928 1886 tuorum
2953 1833 3244 1889 delectatus
3274 1849 3417 1897 sum,

1797 1906 1839 1965 Β
1867 1915 2007 1970 sicut
2030 1919 2083 1970 in
2117 1918 2368 1973 omnibus
2400 1918 2624 1976 divitiis.

1937 2006 2024 2060 I5.
2061 2005 2116 2060 In
2159 2009 2430 2065 mandatis
2470 2011 2576 2066 tuis
2620 2011 2936 2078 exercebar,
2967 2022 3020 2067 et
3064 2013 3417 2069 considerabn

1867 2097 1981 2152 vias
2013 2106 2153 2152 tuas.

1939 2187 2023 2242 16.
2059 2186 2116 2242 In
2144 2189 2623 2258 justitlcationibus
2659 2193 2768 2248 tuis
2810 2193 3128 2257 meditabor,
3153 2209 3258 2248 non
3283 2193 3418 2248 obli-

1867 2280 2045 2334 viscar
2076 2295 2359 2336 sermones
2381 2291 2525 2338 tuos.

1941 2369 2028 2424 I7.
2068 2368 2322 2428 Retribue
2345 2387 2504 2428 servo
2529 2379 2643 2439 tuo,
2669 2369 2881 2428 viviﬁca
2908 2388 3011 2436 me,
3040 2383 3093 2428 et
3118 2373 3417 2428 custodiam

1868 2475 2146 2518 sermones
2171 2471 2314 2519 tuos.

1322 2624 1690 2684 ΑΤΗΑΝΑΒΙΙ
1731 2628 2311 2690 INTERPRE'I'ATIO.

281 2801 331 2855 7.
372 2801 539 2854 Ἐκδῶ
582 2802 817 2873 ἐμαυτόν
843 2819 925 2856 σοι
972 2803 1030 2855 ἑν
1084 2804 1308 2877 ἀληθινῇ
1345 2807 1559 2880 καρδίᾳ,
1593 2811 1649 2862 ἐν
1689 2808 1768 2880 τῷ

208 2892 439 2948 ἀκοῦσαί
501 2909 588 2963 με.
621 2897 711 2947 καὶ
743 2893 1027 2949 πιστεῦσαι
1067 2897 1194 2967 περὶ
1232 2897 1331 2968 τῆς
1362 2897 1657 2970 μελλούσης
1686 2900 1768 2954 δι-

209 2981 371 3045 καίας
399 2981 820 3044 ἀνταποδόσεως.

281 3073 332 3128 8.
360 3073 440 3126 Τὰ
481 3071 822 3143 δικαιώματά
863 3091 956 3127 σου
1003 3075 1103 3128 οὐκ
1131 3076 1295 3138 ἐάσω,
1354 3095 1534 3148 μονον,
1590 3081 1664 3152 μή
1701 3097 1769 3153 μα

208 3163 578 3233 ἐγκαταλίπῃς
599 3162 702 3226 ἓως
730 3164 931 3228 τέλους.

279 3252 333 3311 9.
370 3251 490 3316 Πῶς
509 3253 617 3305 τῶν
638 3256 974 3327 νεωτερικῶν
1007 3257 1304 3328 ἐπιθυμιῶν
1327 3260 1619 3315 ἐπελάθετο
1640 3279 1723 3326 τις
1747 3279 1761 3329 ;

221 3342 311 3395 Ἐν
330 3342 406 3413 τῷ
433 3345 788 3414 μνημονεύειν
815 3346 975 3401 αὐτὸν
1001 3347 1108 3401 τῶν
1131 3349 1435 3420 εἰρημένων
1470 3350 1622 3422 παρά
1647 3352 1762 3415 σοῦ,

207 3434 291 3485 ὅτι
332 3434 612 3504 μέλλουσιν
634 3437 853 3490 ἀκούειν
891 3439 939 3490 oi
974 3439 1316 3508 ἁμαρτωλοίο
1357 3440 1628 3508 Ὑπάγετε
1663 3443 1762 3495 ἀπ’

209 3523 356 3590 ἐμοῦ
386 3526 440 3576 οἱ
471 3525 858 3594 κατηραμένοι
895 3527 982 3590 είς
1011 3526 1076 3579 τὸ
1102 3526 1221 3594 πῦρ
1263 3526 1327 3580 τὸ
1365 3526 1624 3593 αἰώνιον,
1671 3531 1764 3582 καὶ

210 3612 280 3664 τὰ
303 3610 451 3680 ἑξῆς.

285 3699 368 3753 1οι
416 3701 503 3767 ἘΞ
529 3701 656 3772 ὅλης
705 3719 804 3774 της
839 3705 1016 3776 ψυχῆς
1077 3722 1175 3775 μου
1228 3706 1541 3778 ἐπεπόθησά
1574 3725 1653 3776 σευ
1691 3709 1764 3779 μὴ

210 3791 425 3857 ἀνάξιον
451 3796 663 3865 ὴγήσης
695 3812 762 3865 με
795 3795 892 3866 τῆς
911 3799 1128 3868 χάριτός
1158 3814 1271 3852 σου.

284 3886 368 3942 11.
413 3887 500 3938 Ἐν
530 3889 679 3959 πασῃ
707 3872 917 3959 φυλακῇ
942 3889 1165 3960 ἐτήρουν
1193 3890 1402 3954 ἑαυτὸν,
1435 3890 1509 3962 μὴ
1539 3891 1707 3950 ἐλθὼν
1737 3896 1766 3954 ὁ

212 3978 443 4051 πονηρὸς
469 3978 608 4052 λάϐῃ
631 3980 738 4033 ἀπὸ
765 3979 864 4050 τῆς
887 3980 1110 4053 καρδίας
1143 3999 1242 4052 μου
1270 3983 1338 4036 τὰ
1363 3984 1517 4052 λόγιά
1533 4001 1646 4050 σου,
1673 3987 1765 4044 καὶ

211 4071 380 4142 μείνω
400 4072 610 4142 χέρσος.

283 4160 369 4217 12.
404 4163 798 4235 Δεδοξασμένος
830 4160 899 4230 εἴ,
918 4165 1112 4236 Κύριε,
1132 4157 1338 4236 ὃίδαξόν
1369 4184 1436 4240 με
1457 4166 1526 4225 τὰ
1545 4166 1765 4229 δικαιώο

210 4257 360 4327 ματά
386 4273 500 4312 σου.

283 4345 369 4400 I5.
402 4346 513 4417 Οὐχ
531 4346 930 4418 ὑπεστειλάμην
950 4345 1044 4400 τοῦ
1067 4346 1142 4418 μὴ
1163 4347 1392 4415 διδάξαι,
1425 4349 1520 4402 καὶ
1543 4348 1767 4419 διαμαρο

206 4436 474 4508 τύρασθαι
504 4438 678 4491 πάντα
697 4438 766 4492 τὰ
793 4438 1073 4510 θελήματά
1096 4455 1210 4494 σου.

1935 2811 1984 2866 7.
2015 2811 2248 2868 Tradam
2296 2828 2384 2869 me
2444 2815 2620 2885 ipsum
2669 2814 2762 2869 tibi
2787 2815 3002 2869 sincero
3056 2813 3238 2878 corde,
3293 2829 3416 2868 cum

1862 2904 2143 2969 audivero,
2167 2914 2219 2960 et
2245 2905 2522 2963 credidero
2553 2905 2620 2962 de
2653 2904 2836 2960 futura
2859 2906 3006 2976 justa
3043 2905 3415 2960 retributione.

1935 3083 1988 3140 8.
2028 3083 2454 3140 Justilicationes
2489 3093 2611 3140 tuas
2648 3100 2757 3140 non
2812 3084 3101 3146 dimittam,
3146 3084 3319 3138 solum
3353 3101 3419 3139 ne

1794 3208 1837 3265 ο
1868 3175 2214 3244 derelinquas
2252 3190 2338 3230 me
2370 3191 2541 3244 usque
2565 3175 2616 3228 in
2644 3175 2827 3229 tinem.

1938 3265 1992 3321 9.
2028 3264 2310 3331 Quomodo
2341 3265 2658 3335 juvenilium
2688 3266 3041 3335 cupiditatum
3073 3265 3192 3335 quis
3232 3265 3420 3320 oblivi-

1869 3358 2088 3413 scetur?
2128 3355 2263 3411 Dum
2302 3357 2415 3426 ipse
2451 3357 2758 3411 meminerit
2788 3372 2909 3427 qua:
2951 3371 2980 3411 a
3013 3367 3062 3410 te
3100 3357 3240 3411 dicta
3271 3367 3418 3418 sunt,

1869 3447 2011 3516 quod
2035 3457 2346 3517 peccatores
2376 3446 2611 3500 audituri
2645 3457 2768 3500 sunt
2798 3462 2812 3497 :
2846 3445 3107 3499 Discedite
3129 3463 3159 3498 ιι
3188 3462 3284 3512 me,
3309 3463 3422 3499 mu-

1869 3537 2065 3600 ledicu',
2093 3541 2147 3589 in
2180 3537 2348 3606 ignem
2380 3545 2632 3590 uernum
2655 3537 2721 3600 ⁸⁷,
2747 3545 2850 3590 etc.

1941 3715 2026 3770 I0.
2056 3714 2133 3770 Ex
2168 3724 2283 3772 tota
2309 3717 2489 3772 anima
2523 3731 2642 3771 mea
2665 3714 2962 3771 desideravi
2993 3724 3063 3777 te,
3091 3730 3156 3768 ne
3177 3729 3262 3768 me
3285 3713 3422 3768 indi-

1871 3824 2035 3880 gnum
2065 3810 2344 3866 existimes
2381 3809 2551 3880 gratia
2578 3819 2685 3864 tua.

1945 3901 2032 3955 II.
2057 3900 2215 3956 Omni
2242 3901 2485 3956 custodia
2511 3899 2776 3970 meipsum
2805 3896 3194 3962 custodiebam,
3224 3912 3290 3952 ne
3331 3911 3420 3950 ve-

1873 3994 2026 4047 niens
2075 3991 2251 4046 malus
2299 3990 2527 4060 accipiat
2561 4005 2592 4046 e
2628 3989 2793 4046 corde
2828 4003 2949 4044 meo
2978 3988 3193 4058 eloquia
3228 3996 3343 4051 tua,
3367 3997 3422 4043 et

1874 4093 2120 4138 terrenus
2153 4096 2483 4136 remaneam.

1941 4172 2028 4228 I2.
2059 4171 2403 4228 Gloriilcatus
2431 4186 2509 4237 es,
2543 4170 2791 4234 Domine,
2817 4169 2949 4224 doce
2977 4181 3065 4222 me
3080 4163 3422 4236 )ustiilcatio~

1871 4281 1966 4321 nes
1995 4273 2132 4319 tuas.

1941 4357 2027 4411 I3.
2063 4355 2181 4410 Non
2227 4371 2313 4411 me
2343 4355 2614 4420 subduxi,
2643 4352 2938 4423 quominus
2981 4350 3226 4406 docerem
3260 4358 3314 4404 et
3345 4357 3422 4404 te-

1871 4449 2137 4504 stiﬁcarer
2158 4463 2348 4503 omnes
2375 4447 2679 4500 voluntates
2708 4453 2849 4498 tuas.

281 4528 368 4583 II.
399 4527 583 4592 Οὕτως
607 4532 779 4601 χαρᾶς
805 4529 1138 4602 πληροῦμαι,
1163 4533 1290 4586 ὅταν
1317 4529 1455 4584 ποιῶ
1481 4530 1578 4594 τὰς
1615 4532 1762 4584 ιντο·
1796 4557 1838 4611 D

1796 4557 1838 4611 ιδ
1940 4539 2026 4594 II.
2059 4537 2134 4592 Ita
2175 4537 2371 4608 gaudio
2412 4535 2639 4604 impleor
2680 4549 2805 4589 cum
2854 4545 3121 4601 exsequor
3169 4529 3419 4585 mandata

205 4621 308 4683 λὰς
331 4636 448 4683 σου,
484 4620 628 4688 ἅπαξ
657 4620 732 4684 ὡς
757 4620 985 4676 πλοῦτον
1008 4619 1350 4695 Θησαυρίζων
1379 4619 1554 4690 ἑαυτῷ
1581 4623 1637 4673 ιν
1685 4619 1753 4689 τιῖ

1863 4640 1974 4692 tua,
2009 4627 2190 4690 veluti,
2226 4634 2284 4678 ut
2311 4638 2421 4678 uno
2465 4626 2625 4678 verbo
2652 4624 2850 4686 dicam,
2880 4621 3095 4677 divitias
3128 4633 3423 4691 congerens

205 4713 269 4765 ού
277 4711 440 4766 οανῶ.

310 4729 346 4765 α
427 4752 440 4766 .

277 4728 498 4857 ςὸῗίὶζεν
527 4806 644 4866 ταῖς
673 4803 915 4876 Γραφαϊς
938 4820 1029 4858 σου
1058 4804 1293 4873 ἀναγνῶ,
1321 4811 1415 4858 καὶ⁵
1439 4806 1546 4868 τοῖς
1572 4804 1741 4871 οφθαλ

210 4895 334 4964 μοῖς
355 4892 456 4962 τῆς
480 4892 715 4958 διανοίας
745 4911 845 4964 μου
874 4893 1082 4964 ὶπιγνῶ
1106 4895 1203 4966 τὴν
1225 4894 1449 4965 δύναμιν
1477 4893 1674 4951 αὐτῶν,

282 4982 368 5037 16.
407 4983 614 5047 Νυκτὸς
650 5001 742 5036 και
768 4985 1000 5054 ἡμερας,
1027 4984 1123 5038 καὶ
1149 4983 1418 5054 πληρώσω
1449 4986 1641 5048 αὐτοὺς
1676 4985 1761 5056 ἐρα

221 5091 272 5126 νο
331 5113 345 5127 .

221 5121 236 5143 ⁸
277 5091 369 5216 ῗῖ.
395 5161 493 5220 Δός
528 5179 619 5232 μοι
652 5161 752 5234 τὴν
779 5163 938 5235 χάριν
966 5161 1061 5217 τοῦ
1089 5164 1246 5234 ἁγίου
1286 5164 1618 5238 Πνεύματος,
1679 5167 1771 5221 καὶ

1864 4715 2213 4786 mihimetipsi
2248 4716 2300 4769 in
2333 4715 2493 4770 calo.

1935 4809 2018 4863 I5.
2050 4806 2106 4861 In
2145 4805 2444 4876 Scripturis
2467 4806 2573 4860 tuis
2591 4805 2784 4875 legam,
2806 4811 2861 4858 et
2881 4801 3054 4857 oculis
3077 4800 3274 4856 mentis
3293 4815 3424 4855 mea

1867 4901 2156 4970 intelligam
2183 4915 2371 4954 earum
2412 4898 2687 4953 virtutem.

1941 4991 2024 5046 I6.
2060 4989 2277 5052 Noctes,
2332 4998 2493 5059 atque
2530 4988 2664 5054 dies,
2707 4988 2757 5039 in
2801 4983 3140 5040 sermonibus
3177 4982 3284 5038 tuis
3313 4996 3425 5037 me-

1867 5084 2103 5146 ditabor,
2135 5092 2189 5138 et
2211 5083 2331 5137 illos
2361 5080 2616 5150 operibus
2646 5077 2896 5148 implebo.

1941 5175 2027 5229 I7.
2064 5173 2140 5227 Da
2193 5173 2328 5228 mihi
2377 5171 2603 5242 gratiam
2657 5167 2828 5222 sancti
2883 5163 3150 5234 Spiritus,
3209 5171 3262 5215 et
3305 5160 3423 5230 ipsa

213 5254 689 5326 ζωοποιηθήσομαι
708 5255 777 5308 δι’
802 5255 995 5327 αυτῆς,
1021 5259 1116 5313 καὶ
1144 5257 1414 5332 πληρώσω
1437 5259 1563 5322 τοὺς
1583 5258 1771 5326 λόγους

1660 5275 1771 5326 τους
1868 5263 2200 5327 viviﬁcabor,
2227 5271 2279 5317 et
2303 5260 2537 5330 implebo
2557 5271 2835 5314 sermones
2864 5264 2984 5309 tuos
3018 5251 3296 5322 operibus.

212 5360 305 5397 σου
336 5343 404 5398 δι’
437 5343 633 5415 ιργων.

283 5520 328 5552 ³⁷
357 5517 544 5576 Matth.
578 5539 700 5587 xxv,
730 5523 813 5576 II.

207 5695 263 5734 tn
292 5679 500 5754 psalmo
528 5679 642 5754 sive
667 5679 720 5736 in
754 5676 1220 5748 interpretatione,
1246 5677 1406 5754 nulla
1441 5676 1675 5754 varietas
1704 5689 1767 5731 ac
1803 5675 2089 5754 diversitas
2124 5683 2259 5754 erat,
2309 5688 2483 5754 neque
2516 5671 2638 5754 illos
2674 5672 2741 5753 ad
2785 5667 3104 5754 divisionem
3120 5660 3420 5754 versiculi):

207 5731 953 5805 iha‘inaiéahdsvii'décésée
968 5731 1086 5805 erat
1106 5731 1410 5804 ascribere.
1445 5731 1974 5813 Λιιτοιιιιιυείριιοέ
2002 5759 2126 5802 vero
2151 5731 2466 5801 Antonellhs
2489 5743 2760 5815 ascripsit,
2781 5756 2880 5796 nos
2903 5747 3022 5810 post
3038 5736 3195 5791 linem
3227 5731 3418 5804 psalmi

213 5817 374 5887 hujus
401 5818 676 5874 addemus.
