4142 6530
717 439 853 493 1179

1548 437 1605 494 S.
1647 439 2012 496 ATIIANASII
2055 439 2200 494 OPP.
2248 438 2426 493 PARS
2464 438 2546 493 lll.
2580 469 2646 478 —
2682 434 3082 491 EXEGETICA.

3795 426 3939 482 1180

790 557 871 612 18.
910 556 1099 612 Ilevela
1122 560 1309 616 oculos
1337 574 1508 625 lucos,
1537 569 1590 614 et
1612 562 1968 616 considerabo
1996 561 2264 615 mirabilia

2437 560 2523 614 18.
2568 559 2936 626 Ἀποκάλυψον
2962 559 3086 619 τοὺς
3125 553 3434 624 ὀφθαλμούς
3462 568 3588 621 μου,
3634 547 3730 600 καὶ
3773 561 3939 598 κατι-

713 649 780 702 de
814 649 928 717 lege
954 659 1065 703 tua.

787 739 868 789 t9.
903 737 1076 792 lncola
1100 753 1199 810 ego
1231 755 1350 793 sum
1381 739 1433 794 in
1462 749 1623 805 terra,
1657 757 1760 795 non
1791 742 2093 797 abscondas
2117 759 2147 796 a
2176 758 2261 798 me

717 829 969 882 mandata
1006 837 1115 882 tua.

784 919 875 973 20.
909 921 1235 989 Concupivit
1275 922 1454 975 anima
1500 939 1618 976 mea
1665 923 1972 978 desiderare
1997 923 2266 992 iustiﬁca-

717 1013 889 1066 tiones
926 1023 1047 1067 luas
1075 1014 1127 1066 in
1169 1013 1314 1066 omni
1355 1025 1612 1082 tempore.

787 1101 876 1156 2|.
912 1100 1200 1171 lncrepasti
1241 1105 1526 1172 superbos,
1577 1104 1842 1159 maledicti
1873 1104 1966 1173 qui
1996 1103 2268 1157 declinant

715 1208 745 1244 a
783 1192 1048 1247 mandatis
1076 1194 1203 1247 tuis.

786 1284 873 1337 22.
904 1283 1068 1338 Aufer
1095 1302 1124 1338 a
1149 1301 1231 1338 me
1259 1285 1609 1354 opprobrium
1639 1296 1692 1340 et
1713 1295 2102 1355 contemptum.
2139 1287 2266 1355 quia

718 1379 1022 1432 testimonia
1065 1387 1153 1431 tua
1184 1378 1472 1447 exquisivi.

784 1470 874 1523 25.
919 1469 1125 1522 Etenim
1161 1472 1413 1525 sederunt
1439 1469 1744 1541 principes.
1775 1481 1830 1524 et
1867 1470 2151 1523 adversum
2184 1483 2269 1524 me

718 1561 1091 1630 Immebantnr,
1153 1578 1339 1617 servus
1400 1572 1579 1616 autem
1639 1572 1764 1616 tuus
1809 1562 2159 1616 exercebatur
2213 1561 2266 1615 in

713 1651 1188 1720 justilicationibus
1218 1654 1345 1708 tuis.

791 1744 877 1796 2t.
912 1743 1044 1797 Nam
1070 1754 1123 1798 et
1156 1743 1463 1799 testimonia
1505 1752 1596 1798 tna
1644 1744 1922 1798 meditatio
1946 1759 2058 1796 mea
2087 1755 2189 1806 est,
2213 1751 2270 1797 et

717 1837 1001 1890 consilium
1045 1852 1222 1890 meum
1253 1836 1668 1904 justiticationes
1693 1846 1817 1890 tune.

2368 651 2543 721 νοήσω
2572 650 2640 703 τὰ
2671 651 2942 720 θαυμάσια
2964 649 3028 700 ὲκ
3059 646 3153 699 τοῦ
3184 646 3348 715 νόμου
3373 661 3488 695 σου.

2438 741 2520 795 19.
2555 741 2818 813 Πάροικος
2850 738 2959 807 ἐγώ
2986 739 3098 808 εἰμι
3127 739 3184 790 ἐν
3216 738 3281 805 τῇ
3337 736 3430 804 γῇ,
3490 729 3566 801 μὴ
3608 726 3939 798 ancxy-.9413;

2365 834 2459 886 ἀπ’
2483 832 2614 902 ἐμοῦ
2635 833 2732 894 τὰς
2763 829 2977 892 ἐντολάς
3012 846 3122 880 σου.

2432 926 2522 980 20.
2563 924 2928 994 Ἐπεπόοησεν
2956 924 2989 992 ἡ
3015 921 3158 990 ψυχή
3189 935 3290 988 μου
3338 913 3434 969 τοῦ
3492 911 3836 981 ἐπιθυμῆσαι
3870 906 3943 960 τὰ

2366 1012 2604 1084 κρίματά
2631 1030 2723 1065 σου
2756 1014 2813 1064 ὲν
2839 1011 2997 1063 παντὶ
3019 1006 3210 1078 καιρῷ.

2434 1104 2522 1156 2|.
2571 1104 2937 1173 Ἐπετιμησας
2993 1097 3380 1170 ὑπερηφάνοκ,
3435 1091 3830 1162 ὲπικατάρατοι
3892 1088 3943 1138 οἱ

2366 1194 2699 1256 ἐκκλίνοντες
2729 1192 2835 1246 ἀπὸ
2863 1192 2967 1244 τῶν
2993 1189 3216 1244 ἐντολῶν
3242 1207 3358 1243 σου.

2435 1287 2524 1339 22.
2547 1286 2769 1357 Περίελε
2799 1285 2891 1337 ἀπ’
2915 1282 3047 1352 ἐμοῦ
3083 1283 3282 1344 ὄνειδος
3307 1280 3401 1334 καὶ
3433 1276 3808 1345 ὲξουδένωσιν,
3855 1273 3941 1324 ὅτι

2366 1376 2434 1430 τά
2459 1376 2732 1447 μαρτύριά
2759 1393 2850 1428 σου
2879 1375 3196 1444 ὲξεξήτησα.

2435 1469 2525 1522 25.
2569 1469 2678 1521 Καὶ
2730 1467 2838 1538 γάρ
2871 1466 3131 1519 ἐκάθισαν
3177 1464 3454 1535 ἄρχοντες,
3502 1459 3598 1512 καὶ
3650 1457 3776 1510 κατ’
3803 1453 3938 1524 ἐμοῦ

2369 1559 2714 1613 κατελά).ουν·
2747 1559 2774 1610 ὁ
2801 1559 2857 1610 δὲ
2894 1555 3075 1618 δοῦλός
3117 1572 3210 1608 σου
3264 1551 3538 1622 ὴδολέσχει
3603 1551 3662 1602 ὲν
3692 1550 3808 1609 τάς
3855 1545 3940 1596 δι-

2369 1649 2642 1719 καιώμασί
2674 1665 2786 1702 σου.

2435 1739 2524 1792 24.
2558 1739 2666 1792 Καὶ
2697 1738 2802 1808 γὰρ
2840 1737 2908 1790 τά
2944 1737 3215 1808 μαρτύριά
3245 1753 3336 1789 σου
3394 1732 3591 1804 μελέτη
3659 1749 3762 1800 μου
3798 1728 3938 1790 ἐστὶ,

2370 1831 2462 1884 καὶ
2491 1831 2548 1882 αἱ
2574 1829 2892 1900 συμϐουλίαι
2927 1845 3026 1898 μου
3059 1829 3127 1881 τὰ
3146 1825 3486 1896 δικαιώματά
3508 1839 3604 1875 σου

784 1929 872 1981 25.
913 1928 1148 1981 Adhaesit
1193 1929 1496 1997 pavimento
1541 1928 1720 1981 anima
1767 1942 1918 1989 mea,
1950 1925 2156 1980 viviﬁca
2186 1941 2270 1980 mc

2403 1922 2526 1982 .25.
2567 1920 2854 1991 Ἑκολλήθη
2883 1919 2958 1990 τῷ
3005 1920 3186 1988 ἐδάφει
3232 1922 3264 1990 ἡ
3312 1917 3456 1989 ψυχή
3492 1932 3617 1985 μου,
3671 1911 3836 1980 ζῆσὸν
3870 1925 3939 1979 με

718 2021 1013 2074 Secundum
1048 2021 1266 2073 verbum
1301 2030 1473 2073 tutttn.

782 2112 851 2164 26
910 2110 1034 2164 \‘ias
1081 2127 1229 2164 meas
1276 2109 1552 2163 enuntiari
1586 2117 1639 2161 et
1669 2106 1932 2161 cxaudisti
1983 2123 2092 2170 me,
2139 2105 2274 2162 doce

724 2215 808 2256 nte
837 2203 1252 2271 jnstiticationes
1287 2211 1424 2256 luas.

784 2294 871 2347 27.
910 2291 1055 2346 Viam
1081 2292 1526 2363 justiﬁeationum
1571 2300 1784 2344 tnarum
1833 2290 2043 2342 instrue
2072 2304 2155 2342 tne
2176 2299 2274 2353 ,_ct

724 2387 1018 2440 ext-rcebor
1046 2385 1097 2438 in
1129 2384 1461 2438 mirabilibus
1487 2383 1613 2436 tuis.

794 2473 880 2528 28.
913 2476 1226 2529 Dormitavit
1266 2476 1447 2530 anima
1491 2490 1607 2526 mea
1654 2487 1760 2541 pra:
1790 2472 1980 2536 taedio.
2014 2472 2272 2528 conﬁrma

721 2579 804 2619 me
833 2566 884 2618 in
911 2567 1090 2620 verbis
1119 2565 1243 2620 tuis.

2369 2013 2508 2066 κατὰ
2533 2013 2620 2065 τὸν
2666 2013 2824 2081 λόγον
2854 2029 2966 2070 σου.

2436 2111 2525 2163 9.6.
2556 2112 2598 2162 Τ
2603 2111 2665 2173 ἃς
2692 2109 2844 2171 ὁδούς
2873 2127 2972 2178 μου
3001 2107 3308 2176 ὲξήγγειλα,
3340 2105 3433 2158 καὶ
3461 2100 3781 2171 ἐπήκουσάς
3815 2114 3919 2166 μου

2367 2200 2572 2263 δίδαξόν
2601 2219 2666 2270 με
2690 2201 2760 2253 τὰ
2786 2192 3260 2269 δικαιώματά’σου.

2438 2292 2527 2345 27.
2592 2292 2740 2343 Ὀὁὸν
2804 2291 3184 2360 δικαιωμάτων
3226 2307 3318 2343 σου
3365 2287 3644 2349 συνὲτισόν
3695 2301 3788 2352 με,
3851 2283 3938 2335 καὶ

2374 2382 2714 2452 ἁδολεσχὴσω
2734 2382 2790 2432 ὲν
2815 2384 2924 2443 τοῖς
2946 2381 3264 2450 θαυμασίοις
3295 2397 3409 2436 σου.

2434 2475 2530 2529 28.
2583 2475 2898 2539 Ἐνύτταξεν
2953 2476 2986 2545 ἡ
3033 2475 3176 2544 ψυχή
3239 2491 3339 2545 μου
3385 2473 3498 2527 ἀπὸ
3548 2469 3800 2540 ἀκτβὲας,
3850 2467 3935 2536 βε-

2377 2567 2605 2620 ϐαίωσόν
2644 2585 2708 2638 με
2743 2569 2800 2620 ὲν
2822 2569 2931 2630 τοῖς
2962 2567 3136 2635 λόγοις
3168 2583 3282 2621 σου.

1829 2693 2208 2750 ATIIANASII
2244 2695 2819 2755 lNTEllPllETATlO.

792 2814 875 2868 18.
912 2812 1110 2882 Separa
1170 2813 1420 2868 tenebras
1465 2827 1497 2869 ο
1537 2813 1700 2869 corde
1745 2829 1885 2878 meo,
1942 2823 1996 2866 et
2047 2814 2137 2867 lux
2187 2822 2276 2867 tua

721 2906 954 2965 illneeat,
984 2916 1037 2958 et
1063 2919 1352 2973 agnoscam
1385 2903 1516 2974 legis
1539 2911 1645 2959 tua:
1671 2915 1955 2973 praecepta.

795 3080 877 3132 l9.
907 3076 1021 3131 Non
1051 3078 1223 3131 balteo
1246 3077 1516 3132 civitatem
1568 3079 1656 3131 hic
1707 3086 2135 3146 permanentem.
2185 3077 2278 3132 sed

725 3171 962 3224 futuram
996 3171 1049 3223 in
1072 3170 1226 3223 caelis
1252 3170 1488 3238 inquiro,
1520 3169 1676 3237 cujus
1699 3178 1750 3223 tu
1783 3168 1976 3222 artifex
2031 3177 2084 3223 et
2116 3167 2282 3222 labri-

2379 3179 2574 3232 λουσιν
2604 3181 2661 3231 ἐν
2681 3183 2794 3242 τοῖς
2832 3181 3078 3250 οὐρανοῖς
3129 3177 3386 3249 ἐπιζητῶ,

722 3274 874 3316 catur
896 3276 986 3326 es;
1033 3276 1099 3314 ne
1132 3261 1409 3331 indignum
1439 3279 1522 3314 me
1555 3261 1830 3315 existimes
1860 3276 2153 3330 agnoscere
2186 3276 2282 3315 vo-

727 3353 982 3405 luntatem
1016 3359 1183 3403 tuam.

793 3443 881 3496 20.
913 3441 1192 3496 Desiderat
1221 3442 1400 3495 anima
1428 3456 1566 3504 mea,
1597 3450 1650 3495 et
1679 3455 1786 3495 non
1813 3440 2074 3496 detrectat
2105 3440 2282 3497 facere

722 3535 919 3605 judicia
952 3544 1040 3587 tua
1073 3544 1229 3586 nocte
1256 3543 1416 3602 atque
1452 3533 1557 3586 die.

794 3626 883 3678 21.
921 3623 1200 3676 Diabolum
1250 3632 1303 3675 et
1351 3624 1572 3692 angelos
1619 3622 1852 3692 cjus:|n
1891 3622 2160 3677 interitum
2195 3637 2283 3677 re-

728 3714 923 3769 servati
956 3722 1103 3774 sunt,
1144 3713 1235 3780 qui
1276 3727 1309 3765 a
1359 3713 1466 3765 tuis
1496 3713 1776 3782 pneceptis
1825 3729 1883 3766 se
1929 3723 2197 3774 avertunt.
2227 3721 2283 3767 et

730 3807 781 3859 in
828 3805 1086 3875 pristinas
1129 3803 1428 3872 iniquitatis
1473 3818 1585 3857 sua:
1627 3804 2069 3857 eonversationes
2104 3819 2284 3857 rever—

729 3906 937 3950 lllllllll‘.

798 3988 888 4040 22.
927 3986 1119 4039 Adime
1155 4001 1182 4039 a
1220 4001 1304 4039 me
1342 3995 1577 4040 veterem
1624 3986 1768 4040 illam
1815 3986 2112 4055 improbam
2153 4002 2284 4039 con-

729 4081 1152 4150 cupiscentiam,
1220 4080 1347 4148 quia
1401 4079 1636 4132 delector
1694 4080 1746 4132 in
1807 4078 2087 4148 praeceptis
2142 4081 2282 4141 tuis,

731 4173 870 4225 unde
905 4170 1098 4240 singuli
1134 4170 1382 4224 homines
1444 4169 1633 4224 laudes
1699 4187 1761 4224 ac
1802 4171 2166 4224 testimonium
2196 4187 2285 4224 ac-

729 4262 955 4327 cipiunt.

797 4353 890 4407 25.
932 4351 1138 4405 Etenim
1164 4351 1433 4422 principes
1465 4352 1811 4406 tenebrarum
1845 4351 2033 4405 barum
2065 4354 2284 4407 consul-

730 4453 977 4494 lavi-runt
1027 4443 1311 4496 adversum
1373 4459 1479 4504 me.
1530 4459 1630 4513 ego
1681 4452 1898 4503 autent.
1935 4459 2094 4511 quem
2137 4445 2284 4498 rede-

2449 2813 2535 2870 18.
2563 2813 2893 2886 Διαχώρισον
2928 2830 2988 2867 το
3012 2814 3199 2876 σκότος
3228 2813 3289 2864 ὲκ
3311 2812 3410 2882 τῆς
3444 2809 3672 2882 καρδίας
3703 2827 3827 2879 μου,
3852 2806 3941 2861 καὶ

2376 2903 2436 2958 ct
2465 2906 2584 2975 φῶς
2620 2923 2714 2959 σου
2761 2905 2991 2976 λάμψον,
3026 2905 3119 2957 καὶ
3172 2905 3376 2970 ἐπιγνιῦ
3433 2903 3503 2956 τά
3547 2904 3941 2973 προστάγματα

2375 2996 2466 3049 τοῦ
2499 2997 2661 3067 νόμου
2692 3015 2806 3050 σου.

2449 3088 2532 3142 l9.
2571 3089 2682 3140 υύκ
2708 3090 2816 3158 ἔχω
2839 3088 2988 3140 πόλιν
3020 3081 3121 3140 ὧδε
3173 3086 3454 3156 μένουσαν,
3490 3085 3625 3140 ἀλλὰ
3667 3087 3768 3156 τὴν
3815 3086 3938 3155 μέλ-

3434 3175 3503 3251 ἦς
3549 3181 3804 3248 τεχνίτης
3858 3181 3943 3231 καὶ

2379 3269 2703 3341 δημιουργὸς
2728 3270 2888 3332 αὐτὸς
2915 3270 3194 3341 ὑπάρχεις·
3229 3268 3303 3338 μὴ
3332 3269 3479 3334 ἄξιον
3513 3271 3700 3342 ἡγήσῃ
3736 3287 3807 3338 με
3854 3267 3941 3320 τοῦ

2381 3361 2581 3429 γνῶναι
2612 3362 2672 3413 τὸ
2702 3361 2910 3431 θέλημά
2941 3379 3054 3415 σου.

2448 3455 2536 3508 20.
2587 3453 2864 3505 Ἐπιποθεϊ
2905 3453 2938 3523 ἡ
3003 3452 3146 3523 ψυχή
3199 3469 3320 3517 μου,
3373 3451 3467 3504 καὶ
3513 3451 3621 3505 οὐκ·
3664 3452 3940 3522 ὀρέννυται

2381 3544 2669 3619 [ἀρνεῖται]
2693 3547 2760 3600 τὰ
2788 3547 3028 3618 κρίματά
3049 3564 3141 3599 σου
3172 3550 3342 3599 ποιεῖν
3372 3547 3564 3609 νυκτὸς
3592 3547 3686 3599 καὶ
3714 3547 3937 3621 ἡμέρας.

2449 3640 2539 3692 21.
2590 3639 2680 3710 Τῷ
2727 3640 2956 3709 διαϐόλῳ
3005 3640 3098 3692 καὶ
3155 3643 3265 3698 τοῖς
3320 3640 3568 3706 ἀγγέλοις
3598 3640 3785 3691 αὐτοῦ’
3832 3641 3939 3691 Ἐπὶ

2381 3730 2625 3799 ἀπωλείᾳ.
2652 3730 2974 3799 τετήρηνται
3002 3729 3049 3780 οἱ
3091 3727 3197 3779 ἀπὸ
3240 3728 3346 3779 τῶν
3389 3727 3617 3780 ἐντολῶν
3646 3745 3740 3780 σου
3767 3729 3939 3780 λαϐόν-

2380 3839 2472 3885 τες
2509 3823 2747 3885 ἑαυτοὺς,
2795 3821 2886 3873 καὶ
2928 3822 3005 3884 εἰς
3031 3820 3132 3884 τὰς
3155 3820 3420 3892 προτέρας
3475 3820 3652 3872 αὐτῶν
3689 3823 3936 3892 πονηρίας

2381 3913 2719 3985 ἀναστροφὰς
2741 3913 3110 3984 πορευόμενοι.

2460 4005 2551 4059 22.
2593 4006 2790 4074 Ἀφελε
2818 4005 2910 4058 ἀπ’
2935 4003 3066 4074 ἐμοῦ
3101 4003 3198 4074 τὴν
3232 4001 3466 4055 παλαιὰν
3519 4002 3735 4071 ἐκείνην
3767 4000 3937 4054 ἐπιθυ-

2387 4095 2512 4166 μίαν
2539 4095 2637 4165 τὴν
2666 4094 2923 4166 πονηράν,
2957 4095 3038 4146 ὅτι
3065 4094 3233 4163 ἡδέως
3282 4093 3390 4162 ἔχω
3438 4092 3508 4144 τὰ
3555 4092 3936 4161 προστάγματα

2386 4202 2501 4250 σου,
2523 4184 2587 4236 δι’
2619 4179 2680 4238 οὖ
2709 4183 3119 4255 μεμαρτύρηται
3156 4182 3380 4243 ἕκαστος
3400 4180 3507 4232 τῶν
3533 4178 3854 4248 ἀνθρώπων.

2453 4363 2541 4417 23.
2581 4360 2684 4415 Καὶ
2711 4360 2818 4431 γάρ
2841 4363 2889 4413 οἱ
2915 4361 3169 4430 ἄρχοντες
3200 4358 3292 4411 τοῦ
3325 4357 3546 4418 σκότους
3604 4357 3794 4410 τούτου
3831 4359 3935 4427 βου-

2385 4454 2661 4508 λεύσονται
2691 4455 2806 4507 κατ’
2835 4452 2989 4521 ἐμοῦ,
3020 4449 3129 4519 ἐγὼ
3155 4451 3210 4503 δὲ
3244 4451 3300 4503 ὃν
3331 4450 3664 4520 ἐξηγόρασας
3688 4450 3769 4519 τῷ
3789 4449 3935 4517 τιμίῳ

730 4534 873 4587 misti
903 4535 1136 4601 pretioso
1167 4544 1260 4588 tuo
1281 4532 1562 4603 sanguine,
1594 4533 2006 4589 considerabam
2037 4532 2279 4602 Scriptu-

2385 4560 2477 4596 σου
2512 4545 2702 4613 αἵματι
2727 4535 3137 4611 ὲπεσκεπτὸμην
3170 4540 3268 4603 τὰς
3304 4540 3522 4609 Γραφάς
3557 4556 3650 4591 σου

731 4639 819 4677 HIS
849 4633 988 4676 “IIIS.

798 4713 887 4767 24.
918 4713 1124 4767 Etenim
1164 4714 1428 4768 meditans
1453 4712 1537 4765 die
1562 4730 1622 4766 ac
1647 4724 1803 4768 nocte
1822 4755 1838 4778 .
1863 4730 1988 4785 qua:
2017 4725 2287 4769 centesta-

729 4817 816 4860 tus
842 4823 901 4860 es
928 4805 1082 4866 mibi.
1117 4813 1169 4858 et
1203 4805 1315 4858 bzec
1343 4805 1545 4859 suadeo
1574 4806 1771 4859 animae
1801 4822 1953 4859 meae.

798 4897 888 4951 25.
914 4897 1245 4950 llumiliatus
1289 4912 1409 4951 sum
1450 4911 1634 4951 coram
1683 4907 1754 4963 te,
1799 4898 2006 4951 virilica
2039 4912 2124 4951 me
2151 4898 2290 4951 sicut

733 4990 843 5041 vult
865 4989 1034 5058 gratia
1061 4998 1173 5042 tua.

798 5079 888 5133 26.
928 5078 1227 5133 Confessus
1277 5093 1398 5133 sunt
1456 5076 1552 5132 tibi
1609 5078 1832 5148 pristina
1883 5079 1934 5131 in
1987 5079 2286 5146 ignorantia

733 5185 850 5224 mea
885 5181 1132 5239 peccata,
1166 5179 1219 5222 et
1247 5169 1430 5224 statim
1461 5169 1714 5225 misertus
1742 5186 1802 5225 es
1832 5171 1933 5226 mei
1965 5188 1978 5222 :
2010 5171 2151 5222 dona
2193 5172 2289 5239 igi-

732 5273 821 5316 tur
855 5263 984 5316 milti
1017 5263 1244 5330 gratiam
1271 5271 1444 5317 tuam.

799 5355 888 5407 27.
931 5353 1379 5408 llluminationem
1414 5352 1816 5423 Scriptnrarnm
1851 5363 2064 5405 tuarum
2091 5350 2173 5404 fac
2201 5368 2284 5405 me

729 5444 1026 5512 intelligere
1083 5460 1176 5512 per
1229 5445 1456 5513 gratiam
1513 5455 1700 5505 tuam,
1761 5459 1870 5511 prse
1929 5442 2284 5495 delectatione

732 5550 838 5589 non
869 5536 1093 5588 cessabo
1132 5535 1279 5603 loqui
1330 5535 1381 5586 in
1419 5535 1787 5603 magnitudine
1820 5549 2129 5587 sermonum
2165 5543 2284 5586 tuo-

732 5641 874 5680 rum.

795 5714 888 5772 28.
924 5716 1214 5770 Snbmersa
1276 5723 1356 5768 cst
1406 5713 1583 5765 anima
1639 5728 1755 5764 mea
1817 5728 1842 5761 τι
1898 5721 2139 5781 peccato,
2196 5727 2286 5767 seu

737 5809 904 5865 excita
940 5823 1025 5867 me
1056 5807 1222 5877 gratia
1257 5816 1346 5860 tua
1387 5807 1438 5857 in
1466 5803 1640 5856 verbis
1671 5805 1778 5856 tuis

2450 4721 2538 4774 24.
2569 4719 2671 4773 Καὶ
2729 4719 2837 4790 γάρ
2889 4718 3125 4788 μελετῶν
3168 4718 3357 4780 νυκτὸς
3403 4718 3497 4771 καὶ
3542 4718 3773 4787 ἡμέρας,
3810 4718 3842 4771 ἃ
3869 4718 3934 4769 δι-

2384 4813 2678 4884 εμαρτύρω
2703 4829 2814 4882 μοι,
2842 4812 2934 4863 καὶ¹
2957 4811 3094 4864 αὐτὰ
3119 4809 3464 4881 συμϐουλεύω
3487 4813 3551 4880 τῇ
3575 4810 3718 4880 ψυχῇ
3746 4828 3862 4880 μου.

2453 4907 2545 4961 25.
2613 4902 3012 4974 Ἐταπεινὼοην
3052 4901 3280 4956 ἐνώπιόν
3322 4918 3448 4963 σου,
3491 4902 3825 4974 ζωοποεησέν
3879 4919 3934 4972 με

2387 4995 2566 5058 καθὼς
2595 4996 2736 5049 θέλει
2765 4994 2978 5066 ήχάρις
3015 5011 3130 5047 σου.

2454 5089 2542 5142 26.
2593 5087 3116 5159 Ἐξωμολογησάμην
3149 5085 3245 5148 τὰς
3274 5083 3534 5154 πρότερον
3565 5085 3620 5135 ὲν
3668 5087 3733 5154 τῇ
3768 5084 3932 5152 ἀγρίᾳ

2389 5195 2490 5247 μου
2520 5177 2809 5248 ἁμαρτιας,
2844 5177 2938 5228 καὶ
2981 5175 3142 5238 εὐθὺς
3184 5172 3414 5242 ἠλέησάς
3453 5188 3540 5242 με’
3574 5171 3813 5244 δώρησαι
3857 5177 3935 5224 civ

2389 5286 2477 5338 μοι
2509 5269 2607 5338 τὴν
2628 5267 2784 5337 χάριν
2814 5284 2928 5319 σου.

2456 5362 2545 5413 27.
2579 5361 2681 5412 Τὸν
2719 5358 2994 5428 φωτισμὸν
3047 5356 3155 5409 τῶν
3188 5355 3413 5426 Γραφῶν
3464 5371 3558 5406 σου
3592 5353 3856 5407 συνέτισόν
3879 5370 3934 5423 με

2389 5449 2479 5501 διὰ
2510 5448 2608 5517 τῆς
2637 5449 2855 5518 χάριτός
2888 5465 3000 5508 σου,
3028 5447 3136 5499 ἀπὸ
3155 5447 3254 5515 τῆς
3279 5444 3520 5514 τέρψεως
3543 5445 3653 5517 [οὐ]
3683 5445 3930 5514 παύσομιι

2390 5540 2566 5607 λέγειν
2595 5541 2652 5592 ἐν
2680 5544 2744 5610 τῇ
2787 5538 3160 5608 μεγαλειότητι
3186 5538 3290 5590 τῶν
3312 5537 3481 5602 λόγων
3511 5553 3626 5591 σου.

2463 5714 2550 5767 28.
2585 5713 2962 5784 Πεϐύοιςταιὴ
3221 5731 3319 5784 μου
3375 5712 3482 5765 ἀπὸ
3527 5714 3626 5782 τῆς
3671 5712 3934 5784 ἁμαρτίας,

2394 5804 2528 5858 ἀλλὰ
2553 5804 2812 5876 διέγειρόν
2845 5822 2912 5875 με
2943 5807 3010 5874 τῇ
3037 5805 3217 5876 χάριτί
3248 5823 3337 5858 σου
3373 5805 3429 5857 ὲν
3453 5808 3566 5866 τοῖς
3599 5804 3777 5868 λόγοις
3804 5820 3903 5856 σου.
