4142 6482
738 412 873 467 1183
1571 409 1628 466 5.
1672 410 2039 467 ATHANASII
2080 410 2227 467 OPP.
2272 413 2374 467 PM

2308 412 2448 467 'ARS
2486 411 2570 469 Ill.
2606 442 2672 452 —
2706 410 3110 467 EXEGETICA.
3822 410 3944 466 1184

806 528 894 585 Cl.
930 528 993 584 Et
1040 532 1217 585 veniat
1266 546 1428 603 super
1470 547 1553 587 me
1585 533 1971 602 ,misericordia
2020 544 2143 597 tua,
2191 531 2297 589 Do-
2324 542 2365 596 Α

2324 542 2365 596 Α
2468 534 2557 588 41.
2589 532 2694 588 Kal
2722 532 2860 588 ἐλθοι
2887 535 2970 586 ἐπ’
3002 531 3101 603 ἐμέ
3128 534 3190 585 τὸ
3214 530 3357 595 ἐλεός
3386 548 3499 596 σου,
3528 529 3720 600 Κύριε,
3741 528 3802 582 τὸ
3851 544 3945 581 σω-

734 620 902 683 mine,
926 620 1159 675 salutare
1182 632 1333 676 tuum
1361 624 1655 678 secundum
1674 624 1947 693 eloquium
1975 636 2147 678 tuum.

1674 624 1947 693 eloquium
1975 636 2147 678 tuum.
2391 625 2580 696 τὴριόν
2616 641 2709 677 σου
2730 623 2870 677 κατὰ
2896 623 2985 676 τὸν
3007 621 3162 690 λόγον
3184 638 3296 675 σου.

807 711 895 768 4⁸2.
929 711 993 766 Et
1023 713 1362 782 respondebo
1387 715 1845 785 exprobrantibus
1877 717 2008 771 mihi
2044 717 2287 783 verbum,

2462 717 2549 771 42.
2581 717 2683 770 Kal
2709 716 3148 787 ἀποκριθήσομαι
3172 715 3283 777 τοῖς
3320 711 3634 777 ὀνειδίζουσί
3659 729 3749 783 μοι
3780 711 3944 778 λόγον,

734 802 859 873 quia
891 803 1103 872 speravi
1138 804 1191 858 in
1222 806 1564 861 sermonibus
1600 806 1728 861 tuis.

1641 806 1728 860 tis.
2389 809 2469 861 ὅτι
2498 808 2698 878 ἤλπισα
2720 807 2812 859 ἐπὶ
2832 808 2944 869 τοῖς
2964 805 3139 873 λόγοις
3166 823 3277 859 σου.

803 893 891 949 43.
921 895 986 949 Et
1018 911 1085 949 ne
1113 895 1329 952 auferas
1372 898 1439 953 de
1470 914 1565 952 ore
1609 915 1729 953 meo
1784 900 2005 954 verbum
2042 899 2289 958 veritatis

2461 898 2548 952 45.
2588 896 2690 951 Kal
2735 897 2808 969 μὴ
2837 896 3093 969 περιέλῃς
3113 897 3176 947 ἐκ
3206 891 3300 947 τοῦ
3342 892 3603 964 στόματός
3658 908 3760 962 μου
3804 890 3948 957 λόγον

734 1002 1144 1057 usquequaque,
1170 990 1298 1058 quia
1320 991 1372 1043 in
1398 990 1616 1059 judiciis
1654 992 1759 1045 tuis
1786 991 2179 1060 supersperavi.

2391 990 2648 1062 ἀληθείας
2671 992 2773 1055 ἐως
2793 990 3017 1061 σφόδρα,
3048 990 3129 1042 ὅτι
3158 988 3250 1041 ἐπὶ
3268 989 3377 1050 τοῖς
3398 983 3627 1057 κριμασί
3665 1000 3758 1036 σου
3793 982 3946 1052 ἐπηλ-

2389 1096 2539 1132 mea.

803 1162 893 1217 44.
926 1160 991 1217 Et
1008 1164 1310 1219 custodiam
1328 1166 1497 1235 legem
1524 1176 1669 1221 tuam
1692 1182 1924 1236 semper,
1955 1168 2007 1221 in
2029 1169 2286 1223 saeculum

2461 1170 2549 1223 44.
2591 1168 2694 1222 Kal
2724 1166 2941 1237 φυλάξω
2972 1167 3062 1220 τὸν
3105 1167 3266 1236 νόμον
3294 1182 3386 1217 σου
3423 1163 3713 1227 διαπαντὸς
3758 1163 3839 1225 είς
3864 1161 3948 1213 τόν

730 1260 787 1308 et
818 1253 872 1307 in
908 1254 1165 1309 saeculum
1203 1255 1408 1310 saeculi.

2386 1262 2575 1324 αίῶνα,
2605 1263 2698 1316 καὶ
2719 1263 2798 1325 εἰς
2814 1261 2904 1314 τὸν
2929 1259 3099 1314 αἰῶνα
3127 1257 3217 1312 τοῦ
3249 1257 3458 1321 αίῶνος.

802 1344 893 1400 45.
929 1344 993 1400 Et
1035 1348 1377 1402 ambulabant
1430 1349 1483 1402 in
1532 1348 1841 1413 latitudine,
1875 1350 2001 1420 quia
2033 1351 2286 1406 mandata

2461 1350 2549 1405 45.
2572 1350 2677 1406 Kal
2698 1350 3039 1421 ἐπορευόμην
3070 1350 3128 1404 ἐν
3155 1347 3470 1420 πλατυσμῷ,
3493 1348 3577 1401 ότι
3606 1345 3707 1409 τάς
3738 1344 3946 1406 ἐντολάς

731 1447 824 1494 tua
853 1438 1143 1507 exquisivi.

2388 1460 2481 1497 σου
2511 1441 2831 1513 ἐξεζήτησα.

800 1529 888 1585 46.
922 1529 987 1584 Ει
1012 1531 1275 1600 loquebar
1304 1531 1357 1586 in
1394 1532 1722 1589 testimoniis
1748 1534 1857 1590 tuis
1899 1534 1950 1589 in
1990 1547 2283 1605 conspectu

2456 1535 2540 1590 46.
2576 1535 2684 1587 Kal
2713 1533 2934 1587 ἐλάλουν
2980 1534 3037 1585 ἐν
3079 1536 3188 1598 τοῖς
3234 1532 3546 1605 μαρτυρίοις
3589 1548 3682 1584 σου
3715 1530 3945 1585 ἐναντίον

732 1635 941 1691 regum,
965 1630 1018 1675 et
1051 1639 1156 1677 non
1187 1622 1583 1681 confundebar.

2389 1626 2672 1698 βασιλέων,
2705 1628 2797 1679 καὶ
2826 1627 2925 1681 οὐκ
2956 1626 3284 1697 ᾐσχυνόμην.

799 1713 887 1766 47.
921 1713 985 1769 Et
1017 1716 1313 1771 meditabar
1362 1716 1417 1770 in
1468 1717 1733 1772 mandatis
1777 1718 1906 1783 tuis,
1964 1733 2087 1788 quae
2118 1718 2284 1772 dilexi

2454 1716 2542 1770 47.
2580 1718 2686 1769 Kal
2716 1715 2982 1786 ἐμελέτων
3010 1717 3067 1769 ἐν
3090 1719 3209 1781 ταῖς
3242 1716 3479 1780 ἐντολαῖς
3503 1733 3618 1779 σου,
3644 1714 3713 1778 ἃς
3736 1713 3943 1784 ﬂvm-

730 1806 906 1859 valde.

2386 1823 2453 1859 oa
2481 1805 2700 1877 σφόδρα.

797 1896 887 1954 48.
921 1897 985 1952 Et
1016 1897 1184 1953 levavi
1219 1915 1412 1955 manus
1443 1915 1593 1954 meas
1636 1900 1702 1953 ad
1732 1899 1985 1954 mandata
2017 1908 2127 1961 tua,
2163 1916 2283 1971 qua:
2316 1882 2357 1937 Β

2316 1882 2357 1937 Β
2452 1898 2537 1952 48.
2581 1897 2687 1950 Kal
2712 1892 2821 1968 ἦρα
2845 1895 2941 1959 τάς
2967 1897 3153 1967 χεῖράς
3189 1913 3287 1966 μου
3317 1895 3451 1967 πρὸς
3471 1893 3571 1959 τὰς
3590 1892 3807 1957 ἐντολάς
3832 1908 3939 1956 σου,

727 1990 912 2056 dilexi,
944 2000 998 2045 et
1026 1992 1321 2046 exercebar
1350 1993 1402 2045 in
1431 1992 1919 2062 iustiﬁcationibus
1943 1993 2069 2046 tuis.

2384 1990 2448 2054 ἃς
2479 1989 2759 2059 ἠγάπησα,
2792 1988 2887 2040 καὶ
2915 1987 3231 2057 ἡδολέσχουν
3251 1989 3309 2040 ἐν
3332 1990 3439 2049 τοῖς
3467 1984 3793 2056 δικαιώμασί
3831 2000 3937 2037 σου.

796 2081 886 2136 49.
921 2082 1128 2137 Memor
1152 2091 1272 2137 esto
1298 2084 1445 2137 verbi
1489 2084 1567 2139 tui
1594 2098 1753 2139 servo
1779 2091 1895 2149 tuo,
1923 2086 1977 2138 in
2007 2099 2116 2152 quo
2148 2082 2279 2136 mihi

2452 2083 2540 2136 49.
2575 2079 2857 2151 Μνήσθητι
2905 2079 3013 2133 τῶν
3047 2078 3217 2148 λόγων
3247 2094 3339 2131 σου
3385 2076 3462 2147 τῷ
3503 2077 3673 2147 δούλῳ
3722 2092 3839 2140 σου,
3868 2068 3937 2129 ἄν

728 2189 879 2242 spem
912 2172 1130 2228 dedisti.

2379 2172 2685 2242 ἐπήλπισάς
2719 2188 2806 2242 με.

796 2263 885 2321 50.
911 2262 1036 2319 Ηωο
1070 2280 1156 2321 me
1205 2266 1488 2321 consolata
1521 2276 1604 2322 est
1652 2266 1705 2321 in
1757 2267 2062 2322 humilitate
2120 2280 2237 2319 mea
2264 2304 2281 2330 ,

2450 2263 2537 2317 50.
2574 2263 2719 2334 Αὕτη
2755 2280 2821 2334 με
2849 2264 3216 2333 παρεκάλεσεν
3261 2264 3318 2316 ἐν
3354 2264 3418 2333 τῇ
3446 2258 3772 2314 ταπεινώσει
3818 2275 3932 2329 μου.

724 2357 851 2425 quia
880 2357 1155 2427 eloquium
1185 2367 1338 2413 tuum
1372 2359 1664 2414 vivificavit
1688 2374 1792 2414 me.

1548 2360 1664 2413 avit
1688 2374 1792 2414 me.
2385 2359 2467 2412 ὅτι
2492 2359 2552 2411 τὸ
2572 2358 2750 2427 λόγιόν
2778 2376 2871 2412 σου
2902 2359 3061 2429 ἐζησέ
3098 2375 3184 2429 με.

793 2446 884 2503 5i.
918 2445 1147 2518 Superbi
1188 2448 1373 2519 inique
1400 2451 1633 2520 agebant
1662 2463 2069 2520 usquequaque,
2107 2463 2136 2504 a
2163 2463 2279 2519 .ege

2453 2449 2540 2504 5|.
2574 2450 2939 2519 ’Υπερήφανοι
2978 2450 3319 2520 παρηνόμουν
3344 2450 3447 2514 ἕως
3489 2448 3717 2518 σφόδρα,
3749 2447 3857 2502 ἀπὸ
3884 2448 3937 2501 δὲ

722 2548 902 2593 autem
935 2549 1023 2593 tua
1051 2555 1159 2593 non
1194 2539 1481 2595 declinavi.

2383 2536 2475 2591 τοῦ
2499 2539 2662 2609 νόμου
2698 2555 2789 2591 σου
2813 2538 2912 2591 οὐκ
2936 2536 3195 2602 ἐξέκλινα.

1839 2693 2213 2749 ATHANASII
2256 2692 2826 2751 INTEBPRETATIO.

796 2885 883 2940 41.
917 2884 981 2939 Et
1000 2885 1177 2939 veniat
1204 2901 1364 2956 super
1395 2900 1480 2939 me
1516 2884 1753 2955 Spiritus
1785 2895 1914 2940 tuus
1952 2894 2172 2940 sanctus
2203 2885 2280 2938 vi.

2447 2884 2533 2938 41.
2564 2884 2666 2937 Kal
2697 2882 2837 2936 ἔλθοι
2888 2881 3092 2953 ἐπ’ἐμέ
3140 2882 3203 2936 τὸ
3232 2882 3451 2954 Πνεῦμά
3484 2899 3576 2936 σου
3599 2882 3659 2937 τὸ
3686 2884 3842 2952 ἅγιον
3882 2886 3935 2937 τὸ

723 2976 974 3039 viticans,
1006 2976 1457 3045 quemadmodum
1489 2976 1619 3029 mihi
1648 2977 1963 3045 promisisti.

1762 2977 1963 3030 misisti.
2378 2973 2691 3038 ζωοποιοῦν,
2721 2970 2901 3036 καθὼς
2930 2972 3258 3043 ἐπήγγειλάς
3290 2990 3398 3043 μοι.

792 3066 878 3120 42.
919 3067 982 3119 Et
1016 3065 1084 3119 da
1126 3067 1256 3118 milii
1302 3065 1562 3135 gratiam,
1593 3076 1649 3119 ut
1676 3080 1775 3138 ego
1802 3065 1995 3135 loquar
2018 3080 2048 3119 e
2079 3065 2281 3120 sanctis

2446 3066 2533 3119 42.
2556 3065 2659 3119 Kal
2683 3065 2771 3129 δός
2806 3081 2895 3137 μοι
2941 3064 3037 3137 τὴν
3088 3066 3244 3139 χάριν
3275 3064 3368 3119 τοῦ
3404 3065 3580 3134 λέγειν
3613 3083 3681 3136 με
3713 3066 3820 3120 ἀπὸ
3837 3067 3937 3120 τῶν

724 3159 834 3213 tuis
870 3158 1167 3226 Scripturis
1219 3167 1403 3211 contra
1456 3173 1646 3214 omnes
1710 3158 2020 3220 haereticos,
2083 3167 2134 3213 et
2188 3156 2282 3211 1n-

2376 3155 2544 3223 άγίων
2573 3156 2802 3227 Γραφῶν
2856 3173 2949 3209 σου
2999 3158 3134 3229 πρὸς
3179 3159 3381 3221 πάντας
3430 3158 3760 3228 αίρετικοὺς.
3814 3160 3937 3212 Ἰου-

722 3250 901 3312 dazos,
947 3259 996 3303 et
1042 3249 1300 3318 gentiles,
1352 3248 1605 3318 quoniam
1653 3234 1950 3304 desideravi
1998 3264 2279 3306 sermones
2306 3288 2346 3342 ε

2306 3288 2346 3342 C
2376 3246 2557 3309 δαίους
2581 3264 2638 3300 τε
2669 3248 2762 3300 καὶ
2790 3248 3074 3317 Ἕλληνας,
3127 3250 3209 3301 ὅτι
3259 3248 3541 3302 ἐπεπόοειν
3580 3248 3935 3325 [tuendo-nan}

724 3351 867 3396 tuos.
2313 3338 2344 3342 '

2313 3338 2344 3342 '
2380 3338 2471 3391 ἐπὶ
2502 3339 2627 3402 τοὺς
2656 3339 2845 3407 λόγους
2888 3355 3002 3394 σου.

792 3430 880 3485 43.
916 3430 980 3483 Et
1014 3446 1081 3484 ne
1119 3430 1333 3484 auferas
1379 3445 1407 3482 a
1464 3445 1549 3483 me
1576 3430 1803 3500 gratiam
1839 3439 1983 3483 tuam
2018 3446 2188 3500 usque
2224 3432 2277 3486 in

2447 3430 2534 3488 45.
2564 3430 2667 3487 Καὶ
2692 3431 2766 3504 μὴ
2797 3432 3001 3506 ἀφέλῃς
3058 3432 3153 3486 ἀπ’
3178 3432 3311 3504 ἐμοῦ
3354 3432 3453 3504 τὴν
3494 3435 3652 3505 χάριν
3693 3451 3788 3487 σου
3840 3436 3937 3498 Ξως

722 3523 906 3583 ﬁnem,
930 3521 1183 3589 quoniam
1210 3531 1352 3575 totus
1378 3520 1580 3576 effusus
1602 3538 1720 3575 sum
1753 3523 1805 3575 in
1836 3523 2117 3592 praeceptis
2147 3524 2272 3579 tuis.

2231 3540 2272 3579 5.
2377 3522 2581 3587 τέλους,
2605 3524 2685 3577 ὅτι
2708 3525 2766 3577 ἐν
2790 3525 2901 3587 τοῖς
2931 3524 3339 3594 προστάγμασιν
3364 3525 3498 3588 ὅλως
3545 3524 3867 3595 ἐκκέχυμαι.

793 3614 879 3669 44.
916 3614 981 3670 Et
1026 3613 1389 3669 indesinenter
1439 3614 1631 3670 faciam
1679 3616 1847 3686 legem
1879 3627 2049 3682 tuam,
2076 3615 2277 3672 habens

2446 3612 2533 3667 44.
2558 3612 2661 3667 Kal
2686 3616 2894 3685 ποιήσω
2934 3613 3293 3679 ἀδιαλείπτως
3318 3617 3407 3669 τὸν
3457 3618 3618 3687 νόμον
3652 3633 3746 3669 σου
3805 3618 3934 3685 ἔχων

721 3722 839 3761 eam
870 3706 923 3760 in
953 3722 1038 3761 me
1060 3706 1197 3776 ipso,
1224 3716 1277 3760 et
1302 3707 1354 3760 in
1380 3707 1650 3776 praesenti,
1684 3718 1737 3761 et
1775 3706 1959 3761 futuro
1986 3709 2203 3762 saeculo.

2375 3704 2534 3758 αὑτὸν
2566 3706 2621 3757 ἐν
2650 3704 2826 3775 ἐαυτῷ
2859 3705 2951 3757 καὶ
2982 3705 3039 3757 ἐν
3067 3704 3145 3774 τῷ
3175 3704 3289 3767 νῦν,
3327 3706 3420 3759 καὶ
3478 3709 3534 3759 ἐν
3582 3705 3663 3775 τῷ
3698 3706 3933 3776 μέλλοπι

2377 3796 2549 3853 αἰῶνι.

790 3885 877 3938 45.
913 3884 978 3939 Et
1016 3885 1305 3939 exsultavit
1345 3896 1437 3939 cor
1464 3900 1678 3949 meum,
1707 3887 1965 3954 quoniam
2009 3886 2275 3942 sollicitus

2445 3886 2532 3940 45.
2572 3888 2676 3942 Kal
2699 3888 3058 3959 ἠγαλλιάσατο
3086 3890 3119 3959 ἡ
3172 3888 3363 3958 καρδία
3388 3904 3509 3957 μου,
3548 3889 3630 3941 ὅτι
3661 3888 3929 3960 μεριμ·.ῶν

722 3972 796 4027 fni
827 3974 1000 4029 facere
1025 3975 1351 4029 voluntatem
1384 3984 1551 4029 tuam.

2379 3980 2767 4054 [ἐμερίμνησα]
2795 3979 2889 4034 τοῦ
2915 3983 3084 4035 ποιεῖν
3110 3981 3169 4034 τὸ
3196 3981 3409 4052 θέλημά
3442 3998 3554 4036 σου.

790 4066 877 4120 46.
913 4064 1359 4137 Etrecogitabam
1403 4068 1456 4122 in
1506 4075 1683 4122 mente
1712 4083 1828 4121 mea
1859 4076 2125 4137 praecepta
2160 4077 2274 4133 tua,

2442 4070 2533 4124 40.
2564 4072 2672 4125 Kal
2708 4071 3071 4142 ἐμνημόνευον
3106 4073 3162 4124 ἐν
3194 4074 3257 4143 τῇ
3286 4072 3492 4143 διανοίᾳ
3538 4090 3640 4143 μου
3683 4074 3794 4128 άπὸ
3828 4073 3928 4128 τῶν

721 4167 775 4211 et
824 4158 994 4211 restiti
1029 4159 1247 4229 regibus
1297 4159 1670 4221 tenebrarum,
1717 4169 1771 4214 et
1814 4177 1920 4215 non
1956 4170 2082 4215 sunt
2109 4161 2160 4215 in
2192 4178 2277 4217 me

2376 4162 2802 4233 προσταγμάτων
2827 4180 2940 4225 σου.
2972 4164 3066 4216 καὶ
3090 4162 3424 4235 ἁνθιστάμην
3452 4167 3565 4228 τοῖς
3589 4164 3683 4218 τοῦ
3720 4169 3926 4230 σκότους

719 4250 1004 4303 dominati.
2377 4253 2674 4323 βασιλεῦσι,
2706 4253 2800 4306 xal
2822 4254 2919 4306 οὐκ
2946 4256 3303 4326 ἐκυριευόμην
3332 4256 3423 4309 ὑπ’
3455 4256 3654 4310 αὐτῶν.

794 4343 879 4399 47.
906 4342 971 4397 Ει
1002 4344 1054 4397 in
1084 4343 1248 4399 corde
1274 4360 1393 4400 meo
1422 4344 1755 4415 explicabam
1796 4344 2128 4416 Scripturas,
2148 4347 2274 4417 quia

2444 4343 2532 4397 47.
2565 4343 2673 4396 Kal
2695 4344 2753 4397 ἐν
2774 4345 2839 4414 τῇ
2868 4343 3062 4415 καρδία
3086 4361 3185 4414 μου
3208 4344 3432 4399 ἐπέλυον
3454 4346 3554 4410 τὰς
3589 4346 3928 4420 Γραφάςηὸτι

718 4449 905 4490 earum
938 4435 1205 4490 desiderio
1235 4436 1440 4490 effusus
1466 4452 1608 4490 sum.

1480 4452 1608 4490 tum.
2375 4435 2573 4506 ἐκκὲχυ
2581 4452 2677 4507 μαι
2712 4435 2893 4489 ποθεῖν
2929 4436 3116 4498 αὐτάς.

789 4527 877 4582 48.
910 4526 972 4581 Ει
993 4527 1197 4582 intendi
1230 4537 1462 4583 mentem
1498 4530 1677 4585 cordis
1727 4529 1829 4584 mei
1863 4529 1916 4583 in
1948 4530 2275 4599 contempla-

2442 4527 2529 4580 48.
2560 4528 2666 4579 Kal
2690 4527 2948 4580 ἐνέτεινον
2973 4528 3071 4599 τὴν
3099 4527 3333 4582 διάνοιαν
3359 4529 3457 4601 τῆς
3476 4529 3703 4602 καρδίας
3730 4548 3833 4601 μου
3856 4534 3929 4594 είς

720 4620 920 4674 tionem
954 4619 1356 4690 Scripturarum
1394 4628 1646 4685 tuarum,
1680 4638 1817 4694 quas
1850 4622 2038 4687 dilexi,
2065 4632 2121 4677 et
2148 4639 2272 4692 per-
2309 4644 2351 4701 υ

2309 4644 2351 4701 D
2376 4618 2475 4688 τὴν
2503 4615 2732 4688 θεωρίαν
2759 4616 2865 4671 τῶν
2889 4618 3117 4691 Γραφῶν
3151 4635 3267 4682 σου.
3302 4618 3367 4682 ἃς
3390 4618 3674 4688 ἠγάπησα,
3710 4622 3805 4674 καὶ
3835 4621 3926 4673 ἐπ-

720 4714 895 4766 mansi
922 4712 1158 4779 probans
1183 4720 1237 4765 et
1257 4710 1564 4782 dijudicans
1598 4730 1720 4784 quae
1770 4716 1823 4769 in
1873 4716 1983 4770 tuis
2034 4713 2280 4785 Scriptu-

2377 4707 2571 4779 έμενον
2598 4708 2923 4780 δοκιμάζων,
2954 4709 3048 4764 καὶ
3067 4711 3368 4781 ἀνακρίνων
3390 4711 3531 4782 τᾲξέν
3555 4714 3674 4776 ταῖς
3691 4712 3929 4784 Γραφαῖς

720 4806 797 4856 ris
835 4804 1205 4858 continentur.
2372 4816 2486 4852 σου.

787 4894 876 4949 49.
909 4894 1236 4960 Recordare,
1268 4894 1413 4965 quod
1443 4897 1738 4965 promisisti
1784 4898 2027 4953 misereri
2066 4898 2191 4962 mei,
2228 4898 2273 4953 si

2439 4890 2529 4944 49.
2569 4889 2873 4962 Μνήσθητι.
2902 4892 2981 4945 ὅτι
3007 4892 3334 4963 ἐπήγγειλας
3360 4892 3525 4956 ἐλεεῖν
3566 4911 3657 4965 με,
3684 4893 3785 4950 ἐὰν
3816 4896 3928 4949 ἐπι-

718 4985 771 5039 in
796 4985 1137 5041 sermonibus
1166 4988 1276 5041 tuis
1312 4989 1589 5044 versabar.

1529 5005 1589 5044 η’.
2377 4981 2675 5053 στρέψωβέν
2704 4985 2816 5048 τοῖς
2841 4983 3019 5053 λόγοις
3041 4988 3165 5040 -συυ,

787 5077 874 5132 50.
898 5076 1023 5133 Ηεεο
1052 5079 1345 5148 promissio
1371 5089 1461 5136 tua
1486 5083 1765 5137 consolata
1799 5091 1881 5137 est
1911 5099 2016 5142 me.
2055 5083 2271 5151 quando

2440 5075 2526 5129 50.
2559 5075 2757 5147 Δῦτηή
2790 5077 3087 5146 ἐπαγγελία
3116 5095 3207 5132 σου
3247 5078 3669 5151 παρεμυθήσατό
3695 5080 3928 5151 με,δταν

719 5184 865 5221 eram
894 5169 946 5223 in
981 5179 1204 5241 peccato
1236 5186 1377 5233 meo,
1412 5174 1668 5242 quoniam
1702 5175 1884 5228 dixisti
1914 5194 1927 5228 :
1967 5173 2105 5227 Nolo
2134 5191 2271 5227 mor-

2370 5167 2516 5237 ἦμην
2550 5167 2607 5219 ἐν
2633 5171 2697 5238 τῇ
2739 5169 2979 5240 ἁμαρτίᾳ
3011 5187 3132 5239 μου,
3174 5170 3256 5223 ὅτι
3299 5170 3553 5244 εἴρηκας·
3595 5174 3678 5225 Οὐ
3710 5173 3926 5236 ,Βούλο-

718 5268 817 5311 tcm
836 5261 1146 5326 peccatoris,
1173 5258 1263 5315 sed
1288 5269 1343 5313 nt
1370 5273 1724 5326 convertatur,
1753 5274 1799 5317 et
1824 5266 1958 5318 vivnt
1985 5266 2049 5317 ".

2364 5269 2465 5319 μαι
2498 5252 2604 5305 τὸν
2626 5250 2881 5306 θάνατον
2922 5253 3025 5306 τοῦ
3054 5254 3422 5324 ἁμαρτωλοῦ,
3452 5258 3524 5322 ὡς
3572 5255 3637 5309 τὸ
3662 5256 3928 5325 smmi-

2369 5361 2523 5411 ;sir,
2561 5344 2654 5396 καί
2688 5342 2794 5410 ζῇν
2825 5346 3027 5398 αὐτόν.

785 5428 874 5483 51.
911 5428 1327 5487 Contcmnentes
1357 5444 1621 5503 praecepta
1659 5444 1755 5489 tua
1780 5438 1944 5506 impie
1967 5447 2134 5509 agunt
2181 5454 2272 5493 ns-

2439 5433 2501 5486 51
2551 5435 2614 5487 Οἱ
2638 5433 3034 5500 ἐξουδινοῦντες
3056 5435 3127 5489 τά
3152 5435 3540 5507 προστάγματά
3579 5453 3672 5490 σου
3699 5435 3923 5491 ἁσεδοῦο

717 5535 824 5591 qne
853 5522 907 5576 in
935 5522 1116 5586 linem,
1146 5540 1245 5593 ego
1266 5534 1444 5579 autem
1476 5541 1505 5580 a
1542 5528 1652 5598 lege
1682 5536 1771 5583 tua
1806 5546 1911 5583 non
1945 5529 2164 5585 recessi.

2377 5542 2458 5577 σιν
2497 5524 2603 5587 ἓως
2636 5526 2847 5590 τέλους’
2891 5525 3001 5595 ἐγὼ
3030 5526 3085 5581 όέ
3117 5526 3223 5581 ἀπὸ
3249 5526 3343 5581 τοῦ
3362 5528 3526 5600 νόμου
3560 5544 3654 5582 σου
3704 5530 3802 5583 οὐκ
3824 5528 3923 5597 ἁθ-

2380 5618 2629 5688 ιστάμην.

788 5784 835 5821 ⁸⁸
867 5784 1062 5840 Ezech.
1098 5799 1293 5850 xxxttt,
1322 5785 1381 5840 ιι
