  <div class='ocr_page' id='page_1' title='image "/cluster/home/n/w/nwhite01/storage/ocr_20150623/27/uva.x030474749/602.png"; bbox 0 0 4142 6472; ppageno 0'>
   <div class='ocr_carea' id='block_1_1' title="bbox 208 434 345 491">
    <p class='ocr_par' dir='ltr' id='par_1_1' title="bbox 208 434 345 491">
     <span class='ocr_line' id='line_1_1' title="bbox 208 434 345 491; baseline 0.022 -3"><span class='ocrx_word' id='word_1_1' title='bbox 208 434 345 491; x_wconf 81' lang='lat' dir='ltr'><strong>H85</strong></span> 
     </span>
    </p>
   </div>
   <div class='ocr_carea' id='block_1_2' title="bbox 1057 425 2540 486">
    <p class='ocr_par' dir='ltr' id='par_1_2' title="bbox 1057 425 2540 486">
     <span class='ocr_line' id='line_1_2' title="bbox 1057 425 2540 486; baseline 0.001 -4"><span class='ocrx_word' id='word_1_2' title='bbox 1057 428 1146 483; x_wconf 80' lang='lat' dir='ltr'><strong>DE</strong></span> <span class='ocrx_word' id='word_1_3' title='bbox 1179 425 1452 484; x_wconf 80' lang='lat' dir='ltr'><strong>TITULIS</strong></span> <span class='ocrx_word' id='word_1_4' title='bbox 1492 428 1936 486; x_wconf 76' lang='lat' dir='ltr'><strong>PSALMORUM.</strong></span> <span class='ocrx_word' id='word_1_5' title='bbox 1971 459 2039 471; x_wconf 96' lang='lat'>—</span> <span class='ocrx_word' id='word_1_6' title='bbox 2077 427 2272 485; x_wconf 80' lang='lat' dir='ltr'><strong>PSAL.</strong></span> <span class='ocrx_word' id='word_1_7' title='bbox 2305 428 2540 486; x_wconf 75' lang='grc' dir='ltr'>εινιιι.</span> 
     </span>
    </p>
   </div>
   <div class='ocr_carea' id='block_1_3' title="bbox 3285 434 3416 489">
    <p class='ocr_par' dir='ltr' id='par_1_3' title="bbox 3285 434 3416 489">
     <span class='ocr_line' id='line_1_3' title="bbox 3285 434 3416 489; baseline -0.008 0"><span class='ocrx_word' id='word_1_8' title='bbox 3285 434 3416 489; x_wconf 72' lang='grc'>1186</span> 
     </span>
    </p>
   </div>
   <div class='ocr_carea' id='block_1_4' title="bbox 274 550 1910 623">
    <p class='ocr_par' dir='ltr' id='par_1_4' title="bbox 274 550 1836 623">
     <span class='ocr_line' id='line_1_4' title="bbox 274 550 1836 623; baseline -0.004 -14"><span class='ocrx_word' id='word_1_9' title='bbox 274 553 367 609; x_wconf 75' lang='grc'><strong>52.</strong></span> <span class='ocrx_word' id='word_1_10' title='bbox 389 550 694 623; x_wconf 79' lang='grc' dir='ltr'>Ἐμνήσθην</span> <span class='ocrx_word' id='word_1_11' title='bbox 723 550 832 605; x_wconf 82' lang='grc' dir='ltr'><strong>τῶν</strong></span> <span class='ocrx_word' id='word_1_12' title='bbox 854 566 1134 623; x_wconf 87' lang='grc' dir='ltr'>κριματων</span> <span class='ocrx_word' id='word_1_13' title='bbox 1160 567 1252 604; x_wconf 88' lang='grc' dir='ltr'><strong>σου</strong></span> <span class='ocrx_word' id='word_1_14' title='bbox 1287 552 1379 604; x_wconf 79' lang='grc' dir='ltr'><strong>ἀπ’</strong></span> <span class='ocrx_word' id='word_1_15' title='bbox 1403 550 1617 616; x_wconf 87' lang='grc' dir='ltr'>αἰῶνος,</span> <span class='ocrx_word' id='word_1_16' title='bbox 1652 551 1762 605; x_wconf 83' lang='grc' dir='ltr'><strong>Κύ-</strong></span> <span class='ocrx_word' id='word_1_17' title='bbox 1792 555 1836 610; x_wconf 79' lang='grc' dir='ltr'>Α</span> 
     </span>
    </p>
   </div>
   <div class='ocr_carea' id='block_1_5' title="bbox 1773 550 3409 623">
    <p class='ocr_par' dir='ltr' id='par_1_5' title="bbox 1792 550 3409 621">
     <span class='ocr_line' id='line_1_5' title="bbox 1792 550 3409 621; baseline 0 -11"><span class='ocrx_word' id='word_1_18' title='bbox 1792 555 1836 610; x_wconf 80' lang='grc' dir='ltr'>Α</span> <span class='ocrx_word' id='word_1_19' title='bbox 1931 551 2020 606; x_wconf 75' lang='grc'><strong>52.</strong></span> <span class='ocrx_word' id='word_1_20' title='bbox 2054 550 2256 606; x_wconf 77' lang='lat' dir='ltr'><strong>Memor</strong></span> <span class='ocrx_word' id='word_1_21' title='bbox 2286 550 2362 605; x_wconf 90' lang='lat' dir='ltr'><strong>I&#39;ui</strong></span> <span class='ocrx_word' id='word_1_22' title='bbox 2389 550 2715 621; x_wconf 75' lang='lat' dir='ltr'><strong>iudiciorum</strong></span> <span class='ocrx_word' id='word_1_23' title='bbox 2751 561 2965 610; x_wconf 87' lang='lat' dir='ltr'><strong>tuorum</strong></span> <span class='ocrx_word' id='word_1_24' title='bbox 3002 568 3032 608; x_wconf 86' lang='lat' dir='ltr'><strong>a</strong></span> <span class='ocrx_word' id='word_1_25' title='bbox 3061 566 3285 620; x_wconf 71' lang='lat' dir='ltr'><strong>saeculo,</strong></span> <span class='ocrx_word' id='word_1_26' title='bbox 3306 553 3409 610; x_wconf 90' lang='lat' dir='ltr'><strong>Do-</strong></span> 
     </span>
    </p>
   </div>
   <div class='ocr_carea' id='block_1_6' title="bbox 203 641 830 716">
    <p class='ocr_par' dir='ltr' id='par_1_6' title="bbox 203 641 830 716">
     <span class='ocr_line' id='line_1_6' title="bbox 203 641 830 716; baseline -0.005 -18"><span class='ocrx_word' id='word_1_27' title='bbox 203 659 314 716; x_wconf 87' lang='grc' dir='ltr'>ριε,</span> <span class='ocrx_word' id='word_1_28' title='bbox 342 643 433 698; x_wconf 75' lang='grc' dir='ltr'>καὶ</span> <span class='ocrx_word' id='word_1_29' title='bbox 460 641 830 714; x_wconf 72' lang='grc' dir='ltr'><strong>παρεκλήθην.</strong></span> 
     </span>
    </p>
   </div>
   <div class='ocr_carea' id='block_1_7' title="bbox 277 733 1761 806">
    <p class='ocr_par' dir='ltr' id='par_1_7' title="bbox 277 733 1761 806">
     <span class='ocr_line' id='line_1_7' title="bbox 277 733 1761 806; baseline -0.003 -14"><span class='ocrx_word' id='word_1_30' title='bbox 277 735 365 792; x_wconf 83' lang='grc'><strong>53.</strong></span> <span class='ocrx_word' id='word_1_31' title='bbox 393 734 622 806; x_wconf 77' lang='grc' dir='ltr'>’Δθυμία</span> <span class='ocrx_word' id='word_1_32' title='bbox 647 733 874 804; x_wconf 70' lang='grc' dir='ltr'>κατέσχε</span> <span class='ocrx_word' id='word_1_33' title='bbox 897 749 966 805; x_wconf 85' lang='grc' dir='ltr'><strong>με</strong></span> <span class='ocrx_word' id='word_1_34' title='bbox 985 733 1092 788; x_wconf 74' lang='grc' dir='ltr'><strong>ἀπὸ</strong></span> <span class='ocrx_word' id='word_1_35' title='bbox 1113 734 1447 806; x_wconf 77' lang='grc' dir='ltr'><strong>ἁμαρτωλῶν</strong></span> <span class='ocrx_word' id='word_1_36' title='bbox 1471 735 1579 790; x_wconf 85' lang='grc' dir='ltr'><strong>τῶν</strong></span> <span class='ocrx_word' id='word_1_37' title='bbox 1598 736 1761 804; x_wconf 84' lang='grc' dir='ltr'>ἐγκα-</span> 
     </span>
    </p>
   </div>
   <div class='ocr_carea' id='block_1_8' title="bbox 201 824 1110 898">
    <p class='ocr_par' dir='ltr' id='par_1_8' title="bbox 201 824 1110 898">
     <span class='ocr_line' id='line_1_8' title="bbox 201 824 1110 898; baseline -0.001 -17"><span class='ocrx_word' id='word_1_38' title='bbox 201 826 643 898; x_wconf 78' lang='grc' dir='ltr'>ταλιμπανόντων</span> <span class='ocrx_word' id='word_1_39' title='bbox 673 827 763 880; x_wconf 78' lang='grc' dir='ltr'>τὸν</span> <span class='ocrx_word' id='word_1_40' title='bbox 799 824 964 898; x_wconf 84' lang='grc' dir='ltr'>νόμον</span> <span class='ocrx_word' id='word_1_41' title='bbox 997 843 1110 880; x_wconf 86' lang='grc' dir='ltr'>σου.</span> 
     </span>
    </p>
   </div>
   <div class='ocr_carea' id='block_1_9' title="bbox 278 913 1762 990">
    <p class='ocr_par' dir='ltr' id='par_1_9' title="bbox 278 913 1762 990">
     <span class='ocr_line' id='line_1_9' title="bbox 278 913 1762 990; baseline -0.001 -17"><span class='ocrx_word' id='word_1_42' title='bbox 278 919 365 974; x_wconf 66' lang='grc'><strong>54.</strong></span> <span class='ocrx_word' id='word_1_43' title='bbox 396 917 587 972; x_wconf 71' lang='grc' dir='ltr'>Ψαλτά</span> <span class='ocrx_word' id='word_1_44' title='bbox 632 913 768 989; x_wconf 78' lang='grc' dir='ltr'>ἦσάν</span> <span class='ocrx_word' id='word_1_45' title='bbox 801 933 891 988; x_wconf 89' lang='grc' dir='ltr'><strong>μοι</strong></span> <span class='ocrx_word' id='word_1_46' title='bbox 920 915 990 970; x_wconf 80' lang='grc' dir='ltr'>τὰ</span> <span class='ocrx_word' id='word_1_47' title='bbox 1015 915 1354 988; x_wconf 80' lang='grc' dir='ltr'>δικαιώματά</span> <span class='ocrx_word' id='word_1_48' title='bbox 1396 935 1488 972; x_wconf 81' lang='grc' dir='ltr'><strong>σου</strong></span> <span class='ocrx_word' id='word_1_49' title='bbox 1521 919 1580 972; x_wconf 88' lang='grc' dir='ltr'><strong>ἐν</strong></span> <span class='ocrx_word' id='word_1_50' title='bbox 1612 918 1762 990; x_wconf 84' lang='grc' dir='ltr'>τόπῳ</span> 
     </span>
    </p>
   </div>
   <div class='ocr_carea' id='block_1_10' title="bbox 203 1008 650 1080">
    <p class='ocr_par' dir='ltr' id='par_1_10' title="bbox 203 1008 650 1080">
     <span class='ocr_line' id='line_1_10' title="bbox 203 1008 650 1080; baseline -0.004 -18"><span class='ocrx_word' id='word_1_51' title='bbox 203 1008 492 1080; x_wconf 75' lang='grc' dir='ltr'>παροικίας</span> <span class='ocrx_word' id='word_1_52' title='bbox 529 1025 650 1079; x_wconf 92' lang='grc' dir='ltr'>μου.</span> 
     </span>
    </p>
   </div>
   <div class='ocr_carea' id='block_1_11' title="bbox 279 1098 1758 1174">
    <p class='ocr_par' dir='ltr' id='par_1_11' title="bbox 279 1098 1758 1174">
     <span class='ocr_line' id='line_1_11' title="bbox 279 1098 1758 1174; baseline 0 -18"><span class='ocrx_word' id='word_1_53' title='bbox 279 1099 364 1156; x_wconf 83' lang='grc'><strong>55.</strong></span> <span class='ocrx_word' id='word_1_54' title='bbox 388 1098 694 1170; x_wconf 75' lang='grc' dir='ltr'>Ἐμνὴσθην</span> <span class='ocrx_word' id='word_1_55' title='bbox 728 1101 786 1153; x_wconf 88' lang='grc' dir='ltr'><strong>ἐν</strong></span> <span class='ocrx_word' id='word_1_56' title='bbox 824 1100 978 1153; x_wconf 80' lang='grc' dir='ltr'>νυκτὶ</span> <span class='ocrx_word' id='word_1_57' title='bbox 1000 1098 1095 1154; x_wconf 79' lang='grc' dir='ltr'><strong>τοῦ</strong></span> <span class='ocrx_word' id='word_1_58' title='bbox 1119 1100 1379 1172; x_wconf 84' lang='grc' dir='ltr'>ὀνόματός</span> <span class='ocrx_word' id='word_1_59' title='bbox 1413 1117 1528 1166; x_wconf 85' lang='grc' dir='ltr'>σου,</span> <span class='ocrx_word' id='word_1_60' title='bbox 1561 1103 1758 1174; x_wconf 82' lang='grc' dir='ltr'>Κύριε,</span> 
     </span>
    </p>
   </div>
   <div class='ocr_carea' id='block_1_12' title="bbox 203 1188 1001 1260">
    <p class='ocr_par' dir='ltr' id='par_1_12' title="bbox 203 1188 1001 1260">
     <span class='ocr_line' id='line_1_12' title="bbox 203 1188 1001 1260; baseline 0.001 -18"><span class='ocrx_word' id='word_1_61' title='bbox 203 1189 300 1242; x_wconf 71' lang='grc' dir='ltr'>καὶ</span> <span class='ocrx_word' id='word_1_62' title='bbox 328 1188 564 1258; x_wconf 79' lang='grc' dir='ltr'>ἐφύλαξα</span> <span class='ocrx_word' id='word_1_63' title='bbox 585 1188 676 1243; x_wconf 73' lang='grc' dir='ltr'>τὸν</span> <span class='ocrx_word' id='word_1_64' title='bbox 701 1188 862 1260; x_wconf 90' lang='grc' dir='ltr'>νόμον</span> <span class='ocrx_word' id='word_1_65' title='bbox 888 1205 1001 1243; x_wconf 91' lang='grc' dir='ltr'>σου.</span> 
     </span>
    </p>
   </div>
   <div class='ocr_carea' id='block_1_13' title="bbox 276 1278 1761 1355">
    <p class='ocr_par' dir='ltr' id='par_1_13' title="bbox 276 1278 1761 1355">
     <span class='ocr_line' id='line_1_13' title="bbox 276 1278 1761 1355; baseline 0.001 -19"><span class='ocrx_word' id='word_1_66' title='bbox 276 1278 363 1336; x_wconf 77' lang='grc'><strong>56.</strong></span> <span class='ocrx_word' id='word_1_67' title='bbox 395 1280 540 1352; x_wconf 74' lang='grc' dir='ltr'>Αὕτη</span> <span class='ocrx_word' id='word_1_68' title='bbox 574 1280 803 1354; x_wconf 77' lang='grc' dir='ltr'>ἐγενήθη</span> <span class='ocrx_word' id='word_1_69' title='bbox 837 1298 947 1352; x_wconf 89' lang='grc' dir='ltr'>μοι,</span> <span class='ocrx_word' id='word_1_70' title='bbox 976 1283 1057 1337; x_wconf 81' lang='grc' dir='ltr'>ὅτι</span> <span class='ocrx_word' id='word_1_71' title='bbox 1098 1281 1164 1337; x_wconf 80' lang='grc' dir='ltr'><strong>τὰ</strong></span> <span class='ocrx_word' id='word_1_72' title='bbox 1190 1281 1530 1355; x_wconf 80' lang='grc' dir='ltr'>δικαιώματά</span> <span class='ocrx_word' id='word_1_73' title='bbox 1555 1301 1646 1338; x_wconf 92' lang='grc' dir='ltr'><strong>σου</strong></span> <span class='ocrx_word' id='word_1_74' title='bbox 1676 1285 1761 1352; x_wconf 80' lang='grc' dir='ltr'><strong>ἐξ-</strong></span> 
     </span>
    </p>
   </div>
   <div class='ocr_carea' id='block_1_14' title="bbox 203 1373 466 1443">
    <p class='ocr_par' dir='ltr' id='par_1_14' title="bbox 203 1373 466 1443">
     <span class='ocr_line' id='line_1_14' title="bbox 203 1373 466 1443; baseline 0.004 -18"><span class='ocrx_word' id='word_1_75' title='bbox 203 1373 466 1443; x_wconf 76' lang='grc' dir='ltr'>εζήτησα.</span> 
     </span>
    </p>
   </div>
   <div class='ocr_carea' id='block_1_15' title="bbox 274 1454 1760 1533">
    <p class='ocr_par' dir='ltr' id='par_1_15' title="bbox 274 1454 1760 1533">
     <span class='ocr_line' id='line_1_15' title="bbox 274 1454 1760 1533; baseline -0.003 -15"><span class='ocrx_word' id='word_1_76' title='bbox 274 1463 362 1518; x_wconf 82' lang='grc'><strong>57.</strong></span> <span class='ocrx_word' id='word_1_77' title='bbox 395 1461 563 1533; x_wconf 83' lang='grc' dir='ltr'>Μερίς</span> <span class='ocrx_word' id='word_1_78' title='bbox 591 1478 690 1532; x_wconf 89' lang='grc' dir='ltr'><strong>μου</strong></span> <span class='ocrx_word' id='word_1_79' title='bbox 720 1456 788 1526; x_wconf 83' lang='grc' dir='ltr'>εἶ,</span> <span class='ocrx_word' id='word_1_80' title='bbox 815 1459 1006 1533; x_wconf 77' lang='grc' dir='ltr'>Κύριε,</span> <span class='ocrx_word' id='word_1_81' title='bbox 1037 1454 1166 1516; x_wconf 79' lang='grc' dir='ltr'>εἶπα</span> <span class='ocrx_word' id='word_1_82' title='bbox 1195 1460 1289 1516; x_wconf 81' lang='grc' dir='ltr'>τοῦ</span> <span class='ocrx_word' id='word_1_83' title='bbox 1315 1460 1649 1533; x_wconf 81' lang='grc' dir='ltr'>φυλάξασθαι</span> <span class='ocrx_word' id='word_1_84' title='bbox 1670 1462 1760 1514; x_wconf 86' lang='grc' dir='ltr'>τὸν</span> 
     </span>
    </p>
   </div>
   <div class='ocr_carea' id='block_1_16' title="bbox 201 1552 508 1623">
    <p class='ocr_par' dir='ltr' id='par_1_16' title="bbox 201 1552 508 1623">
     <span class='ocr_line' id='line_1_16' title="bbox 201 1552 508 1623; baseline -0.003 -17"><span class='ocrx_word' id='word_1_85' title='bbox 201 1552 367 1623; x_wconf 88' lang='grc' dir='ltr'>νόμον</span> <span class='ocrx_word' id='word_1_86' title='bbox 393 1568 508 1605; x_wconf 87' lang='grc' dir='ltr'>σου.</span> 
     </span>
    </p>
   </div>
   <div class='ocr_carea' id='block_1_17' title="bbox 274 1641 1757 1716">
    <p class='ocr_par' dir='ltr' id='par_1_17' title="bbox 274 1641 1757 1716">
     <span class='ocr_line' id='line_1_17' title="bbox 274 1641 1757 1716; baseline -0.004 -16"><span class='ocrx_word' id='word_1_87' title='bbox 274 1643 360 1700; x_wconf 85' lang='grc'><strong>58.</strong></span> <span class='ocrx_word' id='word_1_88' title='bbox 383 1642 638 1716; x_wconf 78' lang='grc' dir='ltr'>Ἐδεήθην</span> <span class='ocrx_word' id='word_1_89' title='bbox 657 1642 748 1696; x_wconf 77' lang='grc' dir='ltr'><strong>τοῦ</strong></span> <span class='ocrx_word' id='word_1_90' title='bbox 767 1641 1056 1715; x_wconf 75' lang='grc' dir='ltr'><strong>προσώπου</strong></span> <span class='ocrx_word' id='word_1_91' title='bbox 1088 1661 1182 1698; x_wconf 89' lang='grc' dir='ltr'><strong>σου</strong></span> <span class='ocrx_word' id='word_1_92' title='bbox 1209 1646 1265 1698; x_wconf 90' lang='grc' dir='ltr'><strong>ἐν</strong></span> <span class='ocrx_word' id='word_1_93' title='bbox 1291 1644 1386 1716; x_wconf 79' lang='grc' dir='ltr'><strong>ὅλῃ</strong></span> <span class='ocrx_word' id='word_1_94' title='bbox 1409 1643 1605 1716; x_wconf 74' lang='grc' dir='ltr'>καρδία</span> <span class='ocrx_word' id='word_1_95' title='bbox 1633 1660 1757 1714; x_wconf 81' lang='grc' dir='ltr'>μου,</span> 
     </span>
    </p>
   </div>
   <div class='ocr_carea' id='block_1_18' title="bbox 200 1735 1133 1808">
    <p class='ocr_par' dir='ltr' id='par_1_18' title="bbox 200 1735 1133 1808">
     <span class='ocr_line' id='line_1_18' title="bbox 200 1735 1133 1808; baseline -0.001 -17"><span class='ocrx_word' id='word_1_96' title='bbox 200 1736 423 1808; x_wconf 79' lang='grc' dir='ltr'>ἐλέησόν</span> <span class='ocrx_word' id='word_1_97' title='bbox 454 1753 520 1807; x_wconf 89' lang='grc' dir='ltr'><strong>με</strong></span> <span class='ocrx_word' id='word_1_98' title='bbox 552 1735 690 1790; x_wconf 71' lang='grc' dir='ltr'>κατὰ</span> <span class='ocrx_word' id='word_1_99' title='bbox 723 1735 784 1788; x_wconf 73' lang='grc' dir='ltr'><strong>τὸ</strong></span> <span class='ocrx_word' id='word_1_100' title='bbox 808 1735 985 1804; x_wconf 85' lang='grc' dir='ltr'>λόγιόν</span> <span class='ocrx_word' id='word_1_101' title='bbox 1019 1753 1133 1790; x_wconf 89' lang='grc' dir='ltr'>σου.</span> 
     </span>
    </p>
   </div>
   <div class='ocr_carea' id='block_1_19' title="bbox 273 1827 1760 1900">
    <p class='ocr_par' dir='ltr' id='par_1_19' title="bbox 273 1827 1760 1900">
     <span class='ocr_line' id='line_1_19' title="bbox 273 1827 1760 1900; baseline 0 -16"><span class='ocrx_word' id='word_1_102' title='bbox 273 1830 362 1886; x_wconf 84' lang='grc'><strong>59.</strong></span> <span class='ocrx_word' id='word_1_103' title='bbox 392 1828 785 1898; x_wconf 82' lang='grc' dir='ltr'>Διελογισάμην</span> <span class='ocrx_word' id='word_1_104' title='bbox 829 1827 926 1892; x_wconf 78' lang='grc' dir='ltr'><strong>τὰς</strong></span> <span class='ocrx_word' id='word_1_105' title='bbox 975 1827 1125 1892; x_wconf 77' lang='grc' dir='ltr'>ὁδούς</span> <span class='ocrx_word' id='word_1_106' title='bbox 1167 1845 1279 1895; x_wconf 91' lang='grc' dir='ltr'>σου,</span> <span class='ocrx_word' id='word_1_107' title='bbox 1320 1829 1416 1883; x_wconf 79' lang='grc' dir='ltr'><strong>καὶ</strong></span> <span class='ocrx_word' id='word_1_108' title='bbox 1455 1828 1760 1900; x_wconf 66' lang='grc' dir='ltr'>ἐπέστρεψα</span> 
     </span>
    </p>
   </div>
   <div class='ocr_carea' id='block_1_20' title="bbox 196 1919 1304 1993">
    <p class='ocr_par' dir='ltr' id='par_1_20' title="bbox 196 1919 1304 1993">
     <span class='ocr_line' id='line_1_20' title="bbox 196 1919 1304 1993; baseline -0.004 -17"><span class='ocrx_word' id='word_1_109' title='bbox 196 1923 326 1986; x_wconf 78' lang='grc' dir='ltr'>τοὺς</span> <span class='ocrx_word' id='word_1_110' title='bbox 355 1923 517 1986; x_wconf 84' lang='grc' dir='ltr'>πόδας</span> <span class='ocrx_word' id='word_1_111' title='bbox 543 1938 641 1993; x_wconf 84' lang='grc' dir='ltr'><strong>μου</strong></span> <span class='ocrx_word' id='word_1_112' title='bbox 681 1923 759 1983; x_wconf 85' lang='grc' dir='ltr'><strong>είς</strong></span> <span class='ocrx_word' id='word_1_113' title='bbox 785 1919 851 1973; x_wconf 68' lang='grc' dir='ltr'>τὰ</span> <span class='ocrx_word' id='word_1_114' title='bbox 887 1919 1161 1992; x_wconf 87' lang='grc' dir='ltr'>μαρτύριά</span> <span class='ocrx_word' id='word_1_115' title='bbox 1191 1939 1304 1975; x_wconf 92' lang='grc' dir='ltr'>σου.</span> 
     </span>
    </p>
   </div>
   <div class='ocr_carea' id='block_1_21' title="bbox 273 2011 1757 2084">
    <p class='ocr_par' dir='ltr' id='par_1_21' title="bbox 273 2011 1757 2084">
     <span class='ocr_line' id='line_1_21' title="bbox 273 2011 1757 2084; baseline 0.001 -17"><span class='ocrx_word' id='word_1_116' title='bbox 273 2011 363 2067; x_wconf 87' lang='grc'><strong>60.</strong></span> <span class='ocrx_word' id='word_1_117' title='bbox 391 2011 775 2083; x_wconf 80' lang='grc' dir='ltr'>Ἠτοιμάσθην,</span> <span class='ocrx_word' id='word_1_118' title='bbox 810 2012 903 2065; x_wconf 68' lang='grc' dir='ltr'>καὶ</span> <span class='ocrx_word' id='word_1_119' title='bbox 930 2013 1030 2066; x_wconf 85' lang='grc' dir='ltr'><strong>ούκ</strong></span> <span class='ocrx_word' id='word_1_120' title='bbox 1066 2013 1369 2084; x_wconf 80' lang='grc' dir='ltr'><strong>ἐταράχθην</strong></span> <span class='ocrx_word' id='word_1_121' title='bbox 1389 2013 1482 2067; x_wconf 85' lang='grc' dir='ltr'><strong>τοῦ</strong></span> <span class='ocrx_word' id='word_1_122' title='bbox 1522 2013 1757 2084; x_wconf 77' lang='grc' dir='ltr'>φυλάξα-</span> 
     </span>
    </p>
   </div>
   <div class='ocr_carea' id='block_1_22' title="bbox 201 2103 835 2168">
    <p class='ocr_par' dir='ltr' id='par_1_22' title="bbox 201 2103 835 2168">
     <span class='ocr_line' id='line_1_22' title="bbox 201 2103 835 2168; baseline 0 -11"><span class='ocrx_word' id='word_1_123' title='bbox 201 2105 331 2160; x_wconf 77' lang='grc' dir='ltr'>σθαι</span> <span class='ocrx_word' id='word_1_124' title='bbox 350 2103 449 2168; x_wconf 83' lang='grc' dir='ltr'>τὰς</span> <span class='ocrx_word' id='word_1_125' title='bbox 474 2103 690 2166; x_wconf 78' lang='grc' dir='ltr'>ἐντολάς</span> <span class='ocrx_word' id='word_1_126' title='bbox 720 2121 835 2157; x_wconf 90' lang='grc' dir='ltr'>σου.</span> 
     </span>
    </p>
   </div>
   <div class='ocr_carea' id='block_1_23' title="bbox 273 2193 1757 2267">
    <p class='ocr_par' dir='ltr' id='par_1_23' title="bbox 273 2193 1757 2267">
     <span class='ocr_line' id='line_1_23' title="bbox 273 2193 1757 2267; baseline 0 -19"><span class='ocrx_word' id='word_1_127' title='bbox 273 2195 360 2249; x_wconf 86' lang='lat' dir='ltr'><strong>6i.</strong></span> <span class='ocrx_word' id='word_1_128' title='bbox 391 2195 606 2266; x_wconf 84' lang='grc' dir='ltr'>Σχοινία</span> <span class='ocrx_word' id='word_1_129' title='bbox 652 2193 988 2267; x_wconf 79' lang='grc' dir='ltr'><strong>ἁμαρτωλῶν</strong></span> <span class='ocrx_word' id='word_1_130' title='bbox 1028 2194 1472 2266; x_wconf 83' lang='grc' dir='ltr'>περιεπλάκησὰν</span> <span class='ocrx_word' id='word_1_131' title='bbox 1507 2214 1618 2266; x_wconf 87' lang='grc' dir='ltr'>μοι,</span> <span class='ocrx_word' id='word_1_132' title='bbox 1662 2197 1757 2250; x_wconf 76' lang='grc' dir='ltr'>καὶ</span> 
     </span>
    </p>
   </div>
   <div class='ocr_carea' id='block_1_24' title="bbox 195 2285 1112 2360">
    <p class='ocr_par' dir='ltr' id='par_1_24' title="bbox 195 2285 1112 2360">
     <span class='ocr_line' id='line_1_24' title="bbox 195 2285 1112 2360; baseline 0 -20"><span class='ocrx_word' id='word_1_133' title='bbox 195 2285 294 2341; x_wconf 81' lang='grc' dir='ltr'>τοῦ</span> <span class='ocrx_word' id='word_1_134' title='bbox 314 2287 476 2360; x_wconf 90' lang='grc' dir='ltr'>νόμου</span> <span class='ocrx_word' id='word_1_135' title='bbox 511 2305 601 2342; x_wconf 77' lang='grc' dir='ltr'><strong>σου</strong></span> <span class='ocrx_word' id='word_1_136' title='bbox 633 2289 731 2342; x_wconf 86' lang='grc' dir='ltr'><strong>ούκ</strong></span> <span class='ocrx_word' id='word_1_137' title='bbox 754 2287 1112 2358; x_wconf 69' lang='grc' dir='ltr'><strong>ἐπελαθόμην.</strong></span> 
     </span>
    </p>
   </div>
   <div class='ocr_carea' id='block_1_25' title="bbox 269 2375 1757 2449">
    <p class='ocr_par' dir='ltr' id='par_1_25' title="bbox 269 2375 1757 2449">
     <span class='ocr_line' id='line_1_25' title="bbox 269 2375 1757 2449; baseline 0.001 -18"><span class='ocrx_word' id='word_1_138' title='bbox 269 2375 359 2431; x_wconf 80' lang='lat'><strong>62.</strong></span> <span class='ocrx_word' id='word_1_139' title='bbox 409 2377 770 2432; x_wconf 84' lang='grc' dir='ltr'>Μεσονύκτιον</span> <span class='ocrx_word' id='word_1_140' title='bbox 793 2377 1173 2449; x_wconf 79' lang='grc' dir='ltr'>ἐξηγειρόμην,</span> <span class='ocrx_word' id='word_1_141' title='bbox 1194 2377 1289 2432; x_wconf 82' lang='grc' dir='ltr'>τοῦ</span> <span class='ocrx_word' id='word_1_142' title='bbox 1321 2378 1757 2449; x_wconf 76' lang='grc' dir='ltr'>ἐξομολογεῖσθαί</span> 
     </span>
    </p>
   </div>
   <div class='ocr_carea' id='block_1_26' title="bbox 199 2469 1410 2542">
    <p class='ocr_par' dir='ltr' id='par_1_26' title="bbox 199 2469 1410 2542">
     <span class='ocr_line' id='line_1_26' title="bbox 199 2469 1410 2542; baseline -0.001 -19"><span class='ocrx_word' id='word_1_143' title='bbox 199 2487 286 2524; x_wconf 89' lang='grc' dir='ltr'><strong>σοι</strong></span> <span class='ocrx_word' id='word_1_144' title='bbox 310 2471 404 2525; x_wconf 78' lang='grc' dir='ltr'>ἐπὶ</span> <span class='ocrx_word' id='word_1_145' title='bbox 431 2471 499 2526; x_wconf 75' lang='grc' dir='ltr'><strong>τά</strong></span> <span class='ocrx_word' id='word_1_146' title='bbox 526 2471 766 2542; x_wconf 86' lang='grc' dir='ltr'>κρίματα</span> <span class='ocrx_word' id='word_1_147' title='bbox 797 2470 896 2541; x_wconf 82' lang='grc' dir='ltr'>τῆς</span> <span class='ocrx_word' id='word_1_148' title='bbox 922 2469 1265 2542; x_wconf 75' lang='grc' dir='ltr'>δικαιοσύνης</span> <span class='ocrx_word' id='word_1_149' title='bbox 1298 2487 1410 2523; x_wconf 90' lang='grc' dir='ltr'>σου.</span> 
     </span>
    </p>
   </div>
   <div class='ocr_carea' id='block_1_27' title="bbox 271 2558 1756 2632">
    <p class='ocr_par' dir='ltr' id='par_1_27' title="bbox 271 2558 1756 2632">
     <span class='ocr_line' id='line_1_27' title="bbox 271 2558 1756 2632; baseline -0.001 -16"><span class='ocrx_word' id='word_1_150' title='bbox 271 2559 360 2616; x_wconf 89' lang='grc'><strong>63.</strong></span> <span class='ocrx_word' id='word_1_151' title='bbox 394 2562 629 2631; x_wconf 76' lang='grc' dir='ltr'>Μέτοχος</span> <span class='ocrx_word' id='word_1_152' title='bbox 654 2561 762 2630; x_wconf 77' lang='grc' dir='ltr'>ἐγώ</span> <span class='ocrx_word' id='word_1_153' title='bbox 788 2563 902 2632; x_wconf 86' lang='grc' dir='ltr'>είμι</span> <span class='ocrx_word' id='word_1_154' title='bbox 938 2561 1153 2615; x_wconf 83' lang='grc' dir='ltr'>πάντων</span> <span class='ocrx_word' id='word_1_155' title='bbox 1176 2558 1285 2614; x_wconf 82' lang='grc' dir='ltr'><strong>τῶν</strong></span> <span class='ocrx_word' id='word_1_156' title='bbox 1311 2560 1655 2632; x_wconf 75' lang='grc' dir='ltr'>φοϐουμένων</span> <span class='ocrx_word' id='word_1_157' title='bbox 1677 2579 1756 2624; x_wconf 83' lang='grc' dir='ltr'><strong>σε,</strong></span> 
     </span>
    </p>
   </div>
   <div class='ocr_carea' id='block_1_28' title="bbox 197 2650 1338 2721">
    <p class='ocr_par' dir='ltr' id='par_1_28' title="bbox 197 2650 1338 2721">
     <span class='ocr_line' id='line_1_28' title="bbox 197 2650 1338 2721; baseline 0.003 -17"><span class='ocrx_word' id='word_1_158' title='bbox 197 2652 294 2705; x_wconf 76' lang='grc' dir='ltr'><strong>καὶ</strong></span> <span class='ocrx_word' id='word_1_159' title='bbox 319 2650 425 2705; x_wconf 84' lang='grc' dir='ltr'><strong>τῶν</strong></span> <span class='ocrx_word' id='word_1_160' title='bbox 453 2652 827 2721; x_wconf 80' lang='grc' dir='ltr'>φυλασσόντων</span> <span class='ocrx_word' id='word_1_161' title='bbox 858 2652 956 2717; x_wconf 79' lang='grc' dir='ltr'><strong>τὰς</strong></span> <span class='ocrx_word' id='word_1_162' title='bbox 985 2652 1200 2716; x_wconf 79' lang='grc' dir='ltr'>ἐντολάς</span> <span class='ocrx_word' id='word_1_163' title='bbox 1227 2669 1338 2707; x_wconf 84' lang='grc' dir='ltr'>σου.</span> 
     </span>
    </p>
   </div>
   <div class='ocr_carea' id='block_1_29' title="bbox 1864 643 2651 710">
    <p class='ocr_par' dir='ltr' id='par_1_29' title="bbox 1864 643 2651 710">
     <span class='ocr_line' id='line_1_29' title="bbox 1864 643 2651 710; baseline -0.001 -11"><span class='ocrx_word' id='word_1_164' title='bbox 1864 645 2028 710; x_wconf 88' lang='lat' dir='ltr'><strong>mine,</strong></span> <span class='ocrx_word' id='word_1_165' title='bbox 2067 653 2123 700; x_wconf 92' lang='lat' dir='ltr'><strong>et</strong></span> <span class='ocrx_word' id='word_1_166' title='bbox 2155 643 2469 699; x_wconf 72' lang='lat' dir='ltr'><strong>consolatus</strong></span> <span class='ocrx_word' id='word_1_167' title='bbox 2507 659 2651 699; x_wconf 91' lang='lat' dir='ltr'><strong>sum.</strong></span> 
     </span>
    </p>
   </div>
   <div class='ocr_carea' id='block_1_30' title="bbox 1931 734 3405 806">
    <p class='ocr_par' dir='ltr' id='par_1_30' title="bbox 1931 734 3405 806">
     <span class='ocr_line' id='line_1_30' title="bbox 1931 734 3405 806; baseline 0.001 -16"><span class='ocrx_word' id='word_1_168' title='bbox 1931 735 2019 790; x_wconf 84' lang='grc'><strong>55.</strong></span> <span class='ocrx_word' id='word_1_169' title='bbox 2056 734 2291 790; x_wconf 71' lang='lat' dir='ltr'><strong>Deiectio</strong></span> <span class='ocrx_word' id='word_1_170' title='bbox 2324 734 2497 790; x_wconf 93' lang='lat' dir='ltr'><strong>tenuit</strong></span> <span class='ocrx_word' id='word_1_171' title='bbox 2523 751 2608 789; x_wconf 90' lang='lat' dir='ltr'><strong>me</strong></span> <span class='ocrx_word' id='word_1_172' title='bbox 2636 751 2734 806; x_wconf 92' lang='lat' dir='ltr'><strong>pro</strong></span> <span class='ocrx_word' id='word_1_173' title='bbox 2766 736 3141 806; x_wconf 75' lang='lat' dir='ltr'><strong>peccatoribus</strong></span> <span class='ocrx_word' id='word_1_174' title='bbox 3170 737 3405 792; x_wconf 83' lang='lat' dir='ltr'><strong>derelin-</strong></span> 
     </span>
    </p>
   </div>
   <div class='ocr_carea' id='block_1_31' title="bbox 1863 823 2546 894">
    <p class='ocr_par' dir='ltr' id='par_1_31' title="bbox 1863 823 2546 894">
     <span class='ocr_line' id='line_1_31' title="bbox 1863 823 2546 894; baseline -0.003 -17"><span class='ocrx_word' id='word_1_175' title='bbox 1863 823 2154 894; x_wconf 88' lang='lat' dir='ltr'><strong>quentibus</strong></span> <span class='ocrx_word' id='word_1_176' title='bbox 2177 825 2348 892; x_wconf 86' lang='lat' dir='ltr'><strong>legem</strong></span> <span class='ocrx_word' id='word_1_177' title='bbox 2380 831 2546 877; x_wconf 87' lang='lat' dir='ltr'><strong>tuam.</strong></span> 
     </span>
    </p>
   </div>
   <div class='ocr_carea' id='block_1_32' title="bbox 1933 914 3405 987">
    <p class='ocr_par' dir='ltr' id='par_1_32' title="bbox 1933 914 3405 987">
     <span class='ocr_line' id='line_1_32' title="bbox 1933 914 3405 987; baseline 0.001 -18"><span class='ocrx_word' id='word_1_178' title='bbox 1933 915 2022 969; x_wconf 74' lang='grc'><strong>54.</strong></span> <span class='ocrx_word' id='word_1_179' title='bbox 2055 914 2365 970; x_wconf 82' lang='lat' dir='ltr'><strong>Cantabiles</strong></span> <span class='ocrx_word' id='word_1_180' title='bbox 2394 915 2524 970; x_wconf 91' lang='lat' dir='ltr'><strong>mihi</strong></span> <span class='ocrx_word' id='word_1_181' title='bbox 2574 925 2728 970; x_wconf 85' lang='lat' dir='ltr'><strong>erant</strong></span> <span class='ocrx_word' id='word_1_182' title='bbox 2756 915 3172 987; x_wconf 72' lang='lat' dir='ltr'><strong>iustiﬁcationes</strong></span> <span class='ocrx_word' id='word_1_183' title='bbox 3202 925 3308 973; x_wconf 65' lang='lat' dir='ltr'><strong>tua:</strong></span> <span class='ocrx_word' id='word_1_184' title='bbox 3349 918 3405 971; x_wconf 75' lang='lat' dir='ltr'><strong>in</strong></span> 
     </span>
    </p>
   </div>
   <div class='ocr_carea' id='block_1_33' title="bbox 1862 1006 2651 1078">
    <p class='ocr_par' dir='ltr' id='par_1_33' title="bbox 1862 1006 2651 1078">
     <span class='ocr_line' id='line_1_33' title="bbox 1862 1006 2651 1078; baseline 0.003 -18"><span class='ocrx_word' id='word_1_185' title='bbox 1862 1006 1982 1062; x_wconf 89' lang='lat' dir='ltr'><strong>loco</strong></span> <span class='ocrx_word' id='word_1_186' title='bbox 2017 1008 2468 1078; x_wconf 75' lang='lat' dir='ltr'><strong>peregrinationis</strong></span> <span class='ocrx_word' id='word_1_187' title='bbox 2499 1023 2651 1062; x_wconf 71' lang='lat' dir='ltr'><strong>meae.</strong></span> 
     </span>
    </p>
   </div>
   <div class='ocr_carea' id='block_1_34' title="bbox 1933 1098 3417 1169">
    <p class='ocr_par' dir='ltr' id='par_1_34' title="bbox 1933 1098 3417 1169">
     <span class='ocr_line' id='line_1_34' title="bbox 1933 1098 3417 1169; baseline 0.001 -15"><span class='ocrx_word' id='word_1_188' title='bbox 1933 1100 2022 1154; x_wconf 81' lang='grc'><strong>55.</strong></span> <span class='ocrx_word' id='word_1_189' title='bbox 2062 1098 2265 1153; x_wconf 80' lang='lat' dir='ltr'><strong>Memor</strong></span> <span class='ocrx_word' id='word_1_190' title='bbox 2318 1099 2394 1153; x_wconf 75' lang='lat' dir='ltr'><strong>fui</strong></span> <span class='ocrx_word' id='word_1_191' title='bbox 2430 1109 2590 1155; x_wconf 86' lang='lat' dir='ltr'><strong>nocte</strong></span> <span class='ocrx_word' id='word_1_192' title='bbox 2624 1100 2862 1156; x_wconf 75' lang='lat' dir='ltr'><strong>nominis</strong></span> <span class='ocrx_word' id='word_1_193' title='bbox 2896 1100 2972 1156; x_wconf 87' lang='lat' dir='ltr'><strong>tui</strong></span> <span class='ocrx_word' id='word_1_194' title='bbox 2995 1139 3011 1165; x_wconf 87' lang='lat'><strong>,</strong></span> <span class='ocrx_word' id='word_1_195' title='bbox 3050 1100 3276 1156; x_wconf 85' lang='lat' dir='ltr'><strong>Domine</strong></span> <span class='ocrx_word' id='word_1_196' title='bbox 3307 1142 3324 1169; x_wconf 87' lang='lat'><strong><em>,</em></strong></span> <span class='ocrx_word' id='word_1_197' title='bbox 3363 1111 3417 1156; x_wconf 88' lang='lat' dir='ltr'><strong>et</strong></span> 
     </span>
    </p>
   </div>
   <div class='ocr_carea' id='block_1_35' title="bbox 1862 1191 2526 1262">
    <p class='ocr_par' dir='ltr' id='par_1_35' title="bbox 1862 1191 2526 1262">
     <span class='ocr_line' id='line_1_35' title="bbox 1862 1191 2526 1262; baseline -0.005 -15"><span class='ocrx_word' id='word_1_198' title='bbox 1862 1191 2124 1247; x_wconf 89' lang='lat' dir='ltr'><strong>custodivi</strong></span> <span class='ocrx_word' id='word_1_199' title='bbox 2149 1191 2320 1262; x_wconf 81' lang='lat' dir='ltr'><strong>legem</strong></span> <span class='ocrx_word' id='word_1_200' title='bbox 2356 1201 2526 1246; x_wconf 84' lang='lat' dir='ltr'><strong>tuam.</strong></span> 
     </span>
    </p>
   </div>
   <div class='ocr_carea' id='block_1_36' title="bbox 1934 1282 3402 1354">
    <p class='ocr_par' dir='ltr' id='par_1_36' title="bbox 1934 1282 3402 1354">
     <span class='ocr_line' id='line_1_36' title="bbox 1934 1282 3402 1354; baseline -0.002 -15"><span class='ocrx_word' id='word_1_201' title='bbox 1934 1285 2022 1339; x_wconf 86' lang='lat'><strong>56.</strong></span> <span class='ocrx_word' id='word_1_202' title='bbox 2053 1282 2177 1338; x_wconf 64' lang='lat' dir='ltr'><strong>Haec</strong></span> <span class='ocrx_word' id='word_1_203' title='bbox 2209 1282 2347 1338; x_wconf 72' lang='lat' dir='ltr'><strong>facta</strong></span> <span class='ocrx_word' id='word_1_204' title='bbox 2380 1293 2464 1339; x_wconf 89' lang='lat' dir='ltr'><strong>est</strong></span> <span class='ocrx_word' id='word_1_205' title='bbox 2489 1284 2646 1349; x_wconf 83' lang='lat' dir='ltr'><strong>mihi,</strong></span> <span class='ocrx_word' id='word_1_206' title='bbox 2687 1283 2815 1354; x_wconf 90' lang='lat' dir='ltr'><strong>quia</strong></span> <span class='ocrx_word' id='word_1_207' title='bbox 2836 1283 3256 1354; x_wconf 81' lang='lat' dir='ltr'><strong>justiticationcs</strong></span> <span class='ocrx_word' id='word_1_208' title='bbox 3283 1293 3402 1337; x_wconf 88' lang='lat' dir='ltr'><strong>tuas</strong></span> 
     </span>
    </p>
   </div>
   <div class='ocr_carea' id='block_1_37' title="bbox 1861 1376 2146 1446">
    <p class='ocr_par' dir='ltr' id='par_1_37' title="bbox 1861 1376 2146 1446">
     <span class='ocr_line' id='line_1_37' title="bbox 1861 1376 2146 1446; baseline -0.007 -15"><span class='ocrx_word' id='word_1_209' title='bbox 1861 1376 2146 1446; x_wconf 74' lang='lat' dir='ltr'><strong>exquisivi.</strong></span> 
     </span>
    </p>
   </div>
   <div class='ocr_carea' id='block_1_38' title="bbox 1931 1465 3413 1538">
    <p class='ocr_par' dir='ltr' id='par_1_38' title="bbox 1931 1465 3413 1538">
     <span class='ocr_line' id='line_1_38' title="bbox 1931 1465 3413 1538; baseline 0.001 -17"><span class='ocrx_word' id='word_1_210' title='bbox 1931 1468 2020 1521; x_wconf 79' lang='grc'><strong>57.</strong></span> <span class='ocrx_word' id='word_1_211' title='bbox 2043 1467 2227 1521; x_wconf 85' lang='lat' dir='ltr'><strong>Portio</strong></span> <span class='ocrx_word' id='word_1_212' title='bbox 2252 1481 2368 1521; x_wconf 88' lang='lat' dir='ltr'><strong>mea</strong></span> <span class='ocrx_word' id='word_1_213' title='bbox 2391 1481 2473 1530; x_wconf 89' lang='lat' dir='ltr'><strong>es,</strong></span> <span class='ocrx_word' id='word_1_214' title='bbox 2503 1465 2751 1530; x_wconf 87' lang='lat' dir='ltr'><strong>Domine,</strong></span> <span class='ocrx_word' id='word_1_215' title='bbox 2798 1465 2912 1522; x_wconf 76' lang='lat' dir='ltr'><strong>dixi</strong></span> <span class='ocrx_word' id='word_1_216' title='bbox 2938 1467 3215 1523; x_wconf 87' lang='lat' dir='ltr'><strong>custodire</strong></span> <span class='ocrx_word' id='word_1_217' title='bbox 3243 1466 3413 1538; x_wconf 89' lang='lat' dir='ltr'><strong>legem</strong></span> 
     </span>
    </p>
   </div>
   <div class='ocr_carea' id='block_1_39' title="bbox 1861 1571 2030 1615">
    <p class='ocr_par' dir='ltr' id='par_1_39' title="bbox 1861 1571 2030 1615">
     <span class='ocr_line' id='line_1_39' title="bbox 1861 1571 2030 1615; baseline -0.018 0"><span class='ocrx_word' id='word_1_218' title='bbox 1861 1571 2030 1615; x_wconf 90' lang='lat' dir='ltr'><strong>tuam.</strong></span> 
     </span>
    </p>
   </div>
   <div class='ocr_carea' id='block_1_40' title="bbox 1928 1647 3412 1719">
    <p class='ocr_par' dir='ltr' id='par_1_40' title="bbox 1928 1647 3412 1719">
     <span class='ocr_line' id='line_1_40' title="bbox 1928 1647 3412 1719; baseline 0.001 -15"><span class='ocrx_word' id='word_1_219' title='bbox 1928 1650 2016 1706; x_wconf 87' lang='lat'><strong>58.</strong></span> <span class='ocrx_word' id='word_1_220' title='bbox 2055 1648 2383 1719; x_wconf 83' lang='lat' dir='ltr'><strong>Deprecatus</strong></span> <span class='ocrx_word' id='word_1_221' title='bbox 2418 1664 2536 1704; x_wconf 90' lang='lat' dir='ltr'><strong>sum</strong></span> <span class='ocrx_word' id='word_1_222' title='bbox 2569 1647 2762 1704; x_wconf 77' lang='lat' dir='ltr'><strong>faciem</strong></span> <span class='ocrx_word' id='word_1_223' title='bbox 2803 1660 2948 1706; x_wconf 83' lang='lat' dir='ltr'><strong>tuam</strong></span> <span class='ocrx_word' id='word_1_224' title='bbox 3010 1651 3064 1705; x_wconf 88' lang='lat' dir='ltr'><strong>in</strong></span> <span class='ocrx_word' id='word_1_225' title='bbox 3109 1661 3219 1706; x_wconf 91' lang='lat' dir='ltr'><strong>toto</strong></span> <span class='ocrx_word' id='word_1_226' title='bbox 3248 1651 3412 1707; x_wconf 90' lang='lat' dir='ltr'><strong>corde</strong></span> 
     </span>
    </p>
   </div>
   <div class='ocr_carea' id='block_1_41' title="bbox 1860 1739 3267 1810">
    <p class='ocr_par' dir='ltr' id='par_1_41' title="bbox 1860 1739 3267 1810">
     <span class='ocr_line' id='line_1_41' title="bbox 1860 1739 3267 1810; baseline 0.002 -16"><span class='ocrx_word' id='word_1_227' title='bbox 1860 1753 2000 1805; x_wconf 88' lang='lat' dir='ltr'><strong>meo,</strong></span> <span class='ocrx_word' id='word_1_228' title='bbox 2032 1739 2290 1796; x_wconf 87' lang='lat' dir='ltr'><strong>miserere</strong></span> <span class='ocrx_word' id='word_1_229' title='bbox 2323 1739 2425 1793; x_wconf 91' lang='lat' dir='ltr'><strong>mei</strong></span> <span class='ocrx_word' id='word_1_230' title='bbox 2459 1740 2755 1794; x_wconf 86' lang='lat' dir='ltr'><strong>secundum</strong></span> <span class='ocrx_word' id='word_1_231' title='bbox 2788 1741 3066 1810; x_wconf 89' lang='lat' dir='ltr'><strong>eloquium</strong></span> <span class='ocrx_word' id='word_1_232' title='bbox 3096 1751 3267 1797; x_wconf 85' lang='lat' dir='ltr'><strong>tuum.</strong></span> 
     </span>
    </p>
   </div>
   <div class='ocr_carea' id='block_1_42' title="bbox 1929 1829 3407 1901">
    <p class='ocr_par' dir='ltr' id='par_1_42' title="bbox 1929 1829 3407 1901">
     <span class='ocr_line' id='line_1_42' title="bbox 1929 1829 3407 1901; baseline 0.002 -18"><span class='ocrx_word' id='word_1_233' title='bbox 1929 1829 2016 1885; x_wconf 84' lang='lat'><strong>59.</strong></span> <span class='ocrx_word' id='word_1_234' title='bbox 2046 1829 2288 1901; x_wconf 72' lang='lat' dir='ltr'><strong>Cogitavi</strong></span> <span class='ocrx_word' id='word_1_235' title='bbox 2315 1829 2432 1883; x_wconf 83' lang='lat' dir='ltr'><strong>vias</strong></span> <span class='ocrx_word' id='word_1_236' title='bbox 2449 1844 2618 1895; x_wconf 88' lang='lat' dir='ltr'><strong>meas,</strong></span> <span class='ocrx_word' id='word_1_237' title='bbox 2647 1840 2700 1885; x_wconf 93' lang='lat' dir='ltr'><strong>et</strong></span> <span class='ocrx_word' id='word_1_238' title='bbox 2722 1831 2957 1886; x_wconf 88' lang='lat' dir='ltr'><strong>converti</strong></span> <span class='ocrx_word' id='word_1_239' title='bbox 2981 1833 3143 1900; x_wconf 84' lang='lat' dir='ltr'><strong>pedes</strong></span> <span class='ocrx_word' id='word_1_240' title='bbox 3173 1847 3321 1886; x_wconf 83' lang='lat' dir='ltr'><strong>meos</strong></span> <span class='ocrx_word' id='word_1_241' title='bbox 3354 1833 3407 1886; x_wconf 88' lang='lat' dir='ltr'><strong>in</strong></span> 
     </span>
    </p>
   </div>
   <div class='ocr_carea' id='block_1_43' title="bbox 1861 1920 2320 1976">
    <p class='ocr_par' dir='ltr' id='par_1_43' title="bbox 1861 1920 2320 1976">
     <span class='ocr_line' id='line_1_43' title="bbox 1861 1920 2320 1976; baseline -0.009 0"><span class='ocrx_word' id='word_1_242' title='bbox 1861 1920 2169 1976; x_wconf 83' lang='lat' dir='ltr'><strong>testimonia</strong></span> <span class='ocrx_word' id='word_1_243' title='bbox 2207 1930 2320 1973; x_wconf 88' lang='lat' dir='ltr'><strong>tua.</strong></span> 
     </span>
    </p>
   </div>
   <div class='ocr_carea' id='block_1_44' title="bbox 1923 2011 3396 2074">
    <p class='ocr_par' dir='ltr' id='par_1_44' title="bbox 1923 2011 3396 2074">
     <span class='ocr_line' id='line_1_44' title="bbox 1923 2011 3396 2074; baseline 0 -8"><span class='ocrx_word' id='word_1_244' title='bbox 1923 2011 2010 2066; x_wconf 88' lang='lat'><strong>60.</strong></span> <span class='ocrx_word' id='word_1_245' title='bbox 2043 2011 2271 2066; x_wconf 82' lang='lat' dir='ltr'><strong>Paratus</strong></span> <span class='ocrx_word' id='word_1_246' title='bbox 2305 2021 2521 2074; x_wconf 80' lang='lat' dir='ltr'><strong>sum,et</strong></span> <span class='ocrx_word' id='word_1_247' title='bbox 2549 2026 2653 2066; x_wconf 92' lang='lat' dir='ltr'><strong>non</strong></span> <span class='ocrx_word' id='word_1_248' title='bbox 2689 2028 2809 2067; x_wconf 89' lang='lat' dir='ltr'><strong>sum</strong></span> <span class='ocrx_word' id='word_1_249' title='bbox 2841 2013 3106 2074; x_wconf 81' lang='lat' dir='ltr'><strong>turbatus.</strong></span> <span class='ocrx_word' id='word_1_250' title='bbox 3139 2022 3199 2068; x_wconf 93' lang='lat' dir='ltr'><strong>ut</strong></span> <span class='ocrx_word' id='word_1_251' title='bbox 3224 2022 3396 2068; x_wconf 78' lang='lat' dir='ltr'><strong>custo-</strong></span> 
     </span>
    </p>
   </div>
   <div class='ocr_carea' id='block_1_45' title="bbox 1854 2103 2416 2158">
    <p class='ocr_par' dir='ltr' id='par_1_45' title="bbox 1854 2103 2416 2158">
     <span class='ocr_line' id='line_1_45' title="bbox 1854 2103 2416 2158; baseline 0 -1"><span class='ocrx_word' id='word_1_252' title='bbox 1854 2103 1996 2158; x_wconf 86' lang='lat' dir='ltr'><strong>diam</strong></span> <span class='ocrx_word' id='word_1_253' title='bbox 2028 2103 2278 2157; x_wconf 87' lang='lat' dir='ltr'><strong>mandata</strong></span> <span class='ocrx_word' id='word_1_254' title='bbox 2303 2111 2416 2158; x_wconf 89' lang='lat' dir='ltr'><strong>tua.</strong></span> 
     </span>
    </p>
   </div>
   <div class='ocr_carea' id='block_1_46' title="bbox 1921 2192 3410 2267">
    <p class='ocr_par' dir='ltr' id='par_1_46' title="bbox 1921 2192 3410 2267">
     <span class='ocr_line' id='line_1_46' title="bbox 1921 2192 3410 2267; baseline 0.003 -19"><span class='ocrx_word' id='word_1_255' title='bbox 1921 2193 2009 2248; x_wconf 79' lang='lat'><strong>6|.</strong></span> <span class='ocrx_word' id='word_1_256' title='bbox 2048 2192 2225 2248; x_wconf 86' lang='lat' dir='ltr'><strong>Funes</strong></span> <span class='ocrx_word' id='word_1_257' title='bbox 2273 2203 2616 2264; x_wconf 82' lang='lat' dir='ltr'><strong>peccatorum</strong></span> <span class='ocrx_word' id='word_1_258' title='bbox 2669 2197 3021 2267; x_wconf 80' lang='lat' dir='ltr'><strong>circumplcxi</strong></span> <span class='ocrx_word' id='word_1_259' title='bbox 3070 2206 3197 2252; x_wconf 83' lang='lat' dir='ltr'><strong>sunt</strong></span> <span class='ocrx_word' id='word_1_260' title='bbox 3227 2213 3335 2263; x_wconf 86' lang='lat' dir='ltr'><strong>me,</strong></span> <span class='ocrx_word' id='word_1_261' title='bbox 3356 2210 3410 2253; x_wconf 84' lang='lat' dir='ltr'><strong>et</strong></span> 
     </span>
    </p>
   </div>
   <div class='ocr_carea' id='block_1_47' title="bbox 1854 2286 2739 2356">
    <p class='ocr_par' dir='ltr' id='par_1_47' title="bbox 1854 2286 2739 2356">
     <span class='ocr_line' id='line_1_47' title="bbox 1854 2286 2739 2356; baseline 0 -16"><span class='ocrx_word' id='word_1_262' title='bbox 1854 2286 2020 2356; x_wconf 86' lang='lat' dir='ltr'><strong>legem</strong></span> <span class='ocrx_word' id='word_1_263' title='bbox 2051 2296 2199 2342; x_wconf 92' lang='lat' dir='ltr'><strong>tuam</strong></span> <span class='ocrx_word' id='word_1_264' title='bbox 2223 2302 2330 2342; x_wconf 88' lang='lat' dir='ltr'><strong>non</strong></span> <span class='ocrx_word' id='word_1_265' title='bbox 2363 2302 2482 2341; x_wconf 90' lang='lat' dir='ltr'><strong>sum</strong></span> <span class='ocrx_word' id='word_1_266' title='bbox 2515 2288 2739 2342; x_wconf 84' lang='lat' dir='ltr'><strong>oblitus.</strong></span> 
     </span>
    </p>
   </div>
   <div class='ocr_carea' id='block_1_48' title="bbox 1919 2377 3404 2448">
    <p class='ocr_par' dir='ltr' id='par_1_48' title="bbox 1919 2377 3404 2448">
     <span class='ocr_line' id='line_1_48' title="bbox 1919 2377 3404 2448; baseline 0.003 -18"><span class='ocrx_word' id='word_1_267' title='bbox 1919 2377 2009 2430; x_wconf 70' lang='lat'><strong>69..</strong></span> <span class='ocrx_word' id='word_1_268' title='bbox 2043 2377 2215 2431; x_wconf 72' lang='lat' dir='ltr'><strong>Media</strong></span> <span class='ocrx_word' id='word_1_269' title='bbox 2259 2387 2414 2431; x_wconf 88' lang='lat' dir='ltr'><strong>nocte</strong></span> <span class='ocrx_word' id='word_1_270' title='bbox 2459 2377 2766 2448; x_wconf 84' lang='lat' dir='ltr'><strong>surgebam,</strong></span> <span class='ocrx_word' id='word_1_271' title='bbox 2801 2378 2866 2433; x_wconf 83' lang='lat' dir='ltr'><strong>ad</strong></span> <span class='ocrx_word' id='word_1_272' title='bbox 2911 2379 3273 2435; x_wconf 77' lang='lat' dir='ltr'><strong>conﬁtendum</strong></span> <span class='ocrx_word' id='word_1_273' title='bbox 3309 2381 3404 2435; x_wconf 84' lang='lat' dir='ltr'><strong>tibi</strong></span> 
     </span>
    </p>
   </div>
   <div class='ocr_carea' id='block_1_49' title="bbox 1851 2468 2851 2539">
    <p class='ocr_par' dir='ltr' id='par_1_49' title="bbox 1851 2468 2851 2539">
     <span class='ocr_line' id='line_1_49' title="bbox 1851 2468 2851 2539; baseline -0.002 -15"><span class='ocrx_word' id='word_1_274' title='bbox 1851 2483 2016 2538; x_wconf 80' lang='lat' dir='ltr'><strong>super</strong></span> <span class='ocrx_word' id='word_1_275' title='bbox 2042 2469 2248 2539; x_wconf 79' lang='lat' dir='ltr'><strong>judicia</strong></span> <span class='ocrx_word' id='word_1_276' title='bbox 2280 2468 2696 2538; x_wconf 83' lang='lat' dir='ltr'><strong>justiiicatiOnis</strong></span> <span class='ocrx_word' id='word_1_277' title='bbox 2726 2480 2851 2525; x_wconf 67' lang='lat' dir='ltr'><strong>tuae.</strong></span> 
     </span>
    </p>
   </div>
   <div class='ocr_carea' id='block_1_50' title="bbox 1924 2560 3406 2632">
    <p class='ocr_par' dir='ltr' id='par_1_50' title="bbox 1924 2560 3406 2632">
     <span class='ocr_line' id='line_1_50' title="bbox 1924 2560 3406 2632; baseline 0.003 -18"><span class='ocrx_word' id='word_1_278' title='bbox 1924 2560 2012 2615; x_wconf 87' lang='grc'><strong>65.</strong></span> <span class='ocrx_word' id='word_1_279' title='bbox 2042 2560 2317 2630; x_wconf 85' lang='lat' dir='ltr'><strong>Particeps</strong></span> <span class='ocrx_word' id='word_1_280' title='bbox 2351 2576 2451 2632; x_wconf 87' lang='lat' dir='ltr'><strong>ego</strong></span> <span class='ocrx_word' id='word_1_281' title='bbox 2490 2575 2611 2615; x_wconf 83' lang='lat' dir='ltr'><strong>sum</strong></span> <span class='ocrx_word' id='word_1_282' title='bbox 2643 2564 2880 2617; x_wconf 88' lang='lat' dir='ltr'><strong>omnium</strong></span> <span class='ocrx_word' id='word_1_283' title='bbox 2917 2563 3219 2620; x_wconf 87' lang='lat' dir='ltr'><strong>timentium</strong></span> <span class='ocrx_word' id='word_1_284' title='bbox 3249 2572 3320 2630; x_wconf 86' lang='lat' dir='ltr'><strong>te,</strong></span> <span class='ocrx_word' id='word_1_285' title='bbox 3350 2573 3406 2619; x_wconf 91' lang='lat' dir='ltr'><strong>et</strong></span> 
     </span>
    </p>
   </div>
   <div class='ocr_carea' id='block_1_51' title="bbox 1853 2653 2705 2709">
    <p class='ocr_par' dir='ltr' id='par_1_51' title="bbox 1853 2653 2705 2709">
     <span class='ocr_line' id='line_1_51' title="bbox 1853 2653 2705 2709; baseline -0.001 -2"><span class='ocrx_word' id='word_1_286' title='bbox 1853 2654 2276 2709; x_wconf 86' lang='lat' dir='ltr'><strong>custodientium</strong></span> <span class='ocrx_word' id='word_1_287' title='bbox 2309 2653 2559 2707; x_wconf 88' lang='lat' dir='ltr'><strong>mandata</strong></span> <span class='ocrx_word' id='word_1_288' title='bbox 2591 2663 2705 2708; x_wconf 86' lang='lat' dir='ltr'><strong>tua.</strong></span> 
     </span>
    </p>
   </div>
   <div class='ocr_carea' id='block_1_52' title="bbox 1322 2785 2298 2844">
    <p class='ocr_par' dir='ltr' id='par_1_52' title="bbox 1322 2785 2298 2844">
     <span class='ocr_line' id='line_1_52' title="bbox 1322 2785 2298 2844; baseline 0.003 -3"><span class='ocrx_word' id='word_1_289' title='bbox 1322 2785 1690 2842; x_wconf 77' lang='lat' dir='ltr'><strong>ATHANASII</strong></span> <span class='ocrx_word' id='word_1_290' title='bbox 1725 2788 2298 2844; x_wconf 77' lang='lat' dir='ltr'><strong>lNTERPRETATlO.</strong></span> 
     </span>
    </p>
   </div>
   <div class='ocr_carea' id='block_1_53' title="bbox 272 2900 1755 2974">
    <p class='ocr_par' dir='ltr' id='par_1_53' title="bbox 272 2900 1755 2974">
     <span class='ocr_line' id='line_1_53' title="bbox 272 2900 1755 2974; baseline 0.001 -18"><span class='ocrx_word' id='word_1_291' title='bbox 272 2900 357 2956; x_wconf 71' lang='grc'><strong>52.</strong></span> <span class='ocrx_word' id='word_1_292' title='bbox 394 2901 567 2956; x_wconf 81' lang='grc' dir='ltr'>Μόνον</span> <span class='ocrx_word' id='word_1_293' title='bbox 595 2903 651 2957; x_wconf 82' lang='grc' dir='ltr'>ὲν</span> <span class='ocrx_word' id='word_1_294' title='bbox 679 2901 754 2973; x_wconf 87' lang='grc' dir='ltr'>νῷ</span> <span class='ocrx_word' id='word_1_295' title='bbox 783 2901 958 2956; x_wconf 74' lang='grc' dir='ltr'>λαϐὼν</span> <span class='ocrx_word' id='word_1_296' title='bbox 1001 2903 1070 2956; x_wconf 79' lang='grc' dir='ltr'><strong>τά</strong></span> <span class='ocrx_word' id='word_1_297' title='bbox 1115 2903 1507 2974; x_wconf 75' lang='grc' dir='ltr'>προστάγματα</span> <span class='ocrx_word' id='word_1_298' title='bbox 1541 2919 1654 2964; x_wconf 88' lang='grc' dir='ltr'>σου,</span> <span class='ocrx_word' id='word_1_299' title='bbox 1686 2905 1755 2957; x_wconf 68' lang='grc' dir='ltr'><strong>τά</strong></span> 
     </span>
    </p>
   </div>
   <div class='ocr_carea' id='block_1_54' title="bbox 195 2993 1408 3068">
    <p class='ocr_par' dir='ltr' id='par_1_54' title="bbox 195 2993 1408 3068">
     <span class='ocr_line' id='line_1_54' title="bbox 195 2993 1408 3068; baseline 0.002 -21"><span class='ocrx_word' id='word_1_300' title='bbox 195 2993 261 3058; x_wconf 76' lang='grc' dir='ltr'>ἐξ</span> <span class='ocrx_word' id='word_1_301' title='bbox 283 2993 476 3066; x_wconf 84' lang='grc' dir='ltr'>ἀρχῆς,</span> <span class='ocrx_word' id='word_1_302' title='bbox 502 2995 692 3066; x_wconf 79' lang='grc' dir='ltr'>Κύριε,</span> <span class='ocrx_word' id='word_1_303' title='bbox 726 2995 971 3066; x_wconf 85' lang='grc' dir='ltr'>χαίρεται</span> <span class='ocrx_word' id='word_1_304' title='bbox 1000 2997 1035 3066; x_wconf 80' lang='grc' dir='ltr'><strong>ἡ</strong></span> <span class='ocrx_word' id='word_1_305' title='bbox 1061 2995 1252 3068; x_wconf 82' lang='grc' dir='ltr'>καρδία</span> <span class='ocrx_word' id='word_1_306' title='bbox 1287 3014 1408 3067; x_wconf 88' lang='grc' dir='ltr'>μου.</span> 
     </span>
    </p>
   </div>
   <div class='ocr_carea' id='block_1_55' title="bbox 271 3081 1752 3159">
    <p class='ocr_par' dir='ltr' id='par_1_55' title="bbox 271 3081 1752 3159">
     <span class='ocr_line' id='line_1_55' title="bbox 271 3081 1752 3159; baseline 0.003 -20"><span class='ocrx_word' id='word_1_307' title='bbox 271 3085 357 3140; x_wconf 88' lang='grc'><strong>53.</strong></span> <span class='ocrx_word' id='word_1_308' title='bbox 393 3085 567 3157; x_wconf 71' lang='grc' dir='ltr'>Πολλὴ</span> <span class='ocrx_word' id='word_1_309' title='bbox 603 3085 776 3154; x_wconf 77' lang='grc' dir='ltr'>θλίψις</span> <span class='ocrx_word' id='word_1_310' title='bbox 804 3081 913 3156; x_wconf 71' lang='grc' dir='ltr'><strong>εἶχέ</strong></span> <span class='ocrx_word' id='word_1_311' title='bbox 942 3103 1030 3156; x_wconf 89' lang='grc' dir='ltr'><strong>με,</strong></span> <span class='ocrx_word' id='word_1_312' title='bbox 1056 3087 1180 3140; x_wconf 83' lang='grc' dir='ltr'>ὅταν</span> <span class='ocrx_word' id='word_1_313' title='bbox 1209 3086 1391 3158; x_wconf 87' lang='grc' dir='ltr'>ἐώρων</span> <span class='ocrx_word' id='word_1_314' title='bbox 1425 3089 1548 3152; x_wconf 75' lang='grc' dir='ltr'>τοὺς</span> <span class='ocrx_word' id='word_1_315' title='bbox 1573 3090 1752 3159; x_wconf 84' lang='grc' dir='ltr'>ἁμαρ-</span> 
     </span>
    </p>
   </div>
   <div class='ocr_carea' id='block_1_56' title="bbox 194 3176 1452 3249">
    <p class='ocr_par' dir='ltr' id='par_1_56' title="bbox 194 3176 1452 3249">
     <span class='ocr_line' id='line_1_56' title="bbox 194 3176 1452 3249; baseline 0.002 -19"><span class='ocrx_word' id='word_1_316' title='bbox 194 3177 450 3238; x_wconf 82' lang='grc' dir='ltr'>τάνοντας</span> <span class='ocrx_word' id='word_1_317' title='bbox 479 3176 941 3248; x_wconf 80' lang='grc' dir='ltr'>καταφρονοῦντας</span> <span class='ocrx_word' id='word_1_318' title='bbox 965 3179 1088 3241; x_wconf 85' lang='grc' dir='ltr'>τοὺς</span> <span class='ocrx_word' id='word_1_319' title='bbox 1118 3178 1307 3249; x_wconf 89' lang='grc' dir='ltr'>νόμους</span> <span class='ocrx_word' id='word_1_320' title='bbox 1338 3195 1452 3232; x_wconf 90' lang='grc' dir='ltr'>σου.</span> 
     </span>
    </p>
   </div>
   <div class='ocr_carea' id='block_1_57' title="bbox 268 3261 1815 3363">
    <p class='ocr_par' dir='ltr' id='par_1_57' title="bbox 268 3261 1815 3363">
     <span class='ocr_line' id='line_1_57' title="bbox 268 3261 1815 3363; baseline 0.003 -45"><span class='ocrx_word' id='word_1_321' title='bbox 268 3261 356 3363; x_wconf 43' lang='grc'><strong>54..</strong></span> <span class='ocrx_word' id='word_1_322' title='bbox 378 3263 490 3363; x_wconf 57' lang='grc' dir='ltr'>ἀεὶ</span> <span class='ocrx_word' id='word_1_323' title='bbox 530 3265 618 3363; x_wconf 55' lang='grc' dir='ltr'>ἐν-</span> <span class='ocrx_word' id='word_1_324' title='bbox 640 3265 752 3363; x_wconf 71' lang='grc' dir='ltr'>τοῖς</span> <span class='ocrx_word' id='word_1_325' title='bbox 797 3263 1123 3337; x_wconf 79' lang='grc' dir='ltr'>δικαιώμασί</span> <span class='ocrx_word' id='word_1_326' title='bbox 1161 3285 1254 3321; x_wconf 84' lang='grc' dir='ltr'><strong>σου</strong></span> <span class='ocrx_word' id='word_1_327' title='bbox 1284 3269 1609 3342; x_wconf 80' lang='grc' dir='ltr'>ἐτερπόμην,</span> <span class='ocrx_word' id='word_1_328' title='bbox 1645 3269 1745 3343; x_wconf 77' lang='grc' dir='ltr'>[ἐν]</span> <span class='ocrx_word' id='word_1_329' title='bbox 1774 3307 1815 3363; x_wconf 76' lang='lat' dir='ltr'><strong><em>C</em></strong></span> 
     </span>
    </p>
   </div>
   <div class='ocr_carea' id='block_1_58' title="bbox 195 3352 1089 3429">
    <p class='ocr_par' dir='ltr' id='par_1_58' title="bbox 195 3352 1089 3429">
     <span class='ocr_line' id='line_1_58' title="bbox 195 3352 1089 3429; baseline 0.009 -25"><span class='ocrx_word' id='word_1_330' title='bbox 195 3352 357 3406; x_wconf 80' lang='grc' dir='ltr'>παντέ</span> <span class='ocrx_word' id='word_1_331' title='bbox 382 3352 530 3424; x_wconf 82' lang='grc' dir='ltr'>τόπῳ</span> <span class='ocrx_word' id='word_1_332' title='bbox 559 3353 654 3425; x_wconf 77' lang='grc' dir='ltr'>τῆς</span> <span class='ocrx_word' id='word_1_333' title='bbox 685 3355 789 3426; x_wconf 82' lang='grc' dir='ltr'>γῆς</span> <span class='ocrx_word' id='word_1_334' title='bbox 814 3358 1089 3429; x_wconf 77' lang='grc' dir='ltr'>ὑπάρχων.</span> 
     </span>
    </p>
   </div>
   <div class='ocr_carea' id='block_1_59' title="bbox 266 3441 1749 3521">
    <p class='ocr_par' dir='ltr' id='par_1_59' title="bbox 266 3441 1749 3521">
     <span class='ocr_line' id='line_1_59' title="bbox 266 3441 1749 3521; baseline 0.006 -26"><span class='ocrx_word' id='word_1_335' title='bbox 266 3441 356 3496; x_wconf 85' lang='grc'><strong>55.</strong></span> <span class='ocrx_word' id='word_1_336' title='bbox 390 3442 685 3514; x_wconf 79' lang='grc' dir='ltr'>Ἀμαρτίας</span> <span class='ocrx_word' id='word_1_337' title='bbox 733 3464 821 3516; x_wconf 90' lang='grc' dir='ltr'><strong>μοι</strong></span> <span class='ocrx_word' id='word_1_338' title='bbox 866 3447 1299 3520; x_wconf 84' lang='grc' dir='ltr'>ὑπεισελθούσης,</span> <span class='ocrx_word' id='word_1_339' title='bbox 1347 3449 1639 3521; x_wconf 83' lang='grc' dir='ltr'>ἐμνήσθην,</span> <span class='ocrx_word' id='word_1_340' title='bbox 1667 3452 1749 3504; x_wconf 81' lang='grc' dir='ltr'>ὅτι</span> 
     </span>
    </p>
   </div>
   <div class='ocr_carea' id='block_1_60' title="bbox 193 3531 1747 3615">
    <p class='ocr_par' dir='ltr' id='par_1_60' title="bbox 193 3531 1747 3615">
     <span class='ocr_line' id='line_1_60' title="bbox 193 3531 1747 3615; baseline 0.007 -30"><span class='ocrx_word' id='word_1_341' title='bbox 193 3531 326 3596; x_wconf 86' lang='grc' dir='ltr'>Θεός</span> <span class='ocrx_word' id='word_1_342' title='bbox 354 3551 453 3604; x_wconf 89' lang='grc' dir='ltr'><strong>μου</strong></span> <span class='ocrx_word' id='word_1_343' title='bbox 475 3531 544 3597; x_wconf 71' lang='lat' dir='ltr'><strong>ei,</strong></span> <span class='ocrx_word' id='word_1_344' title='bbox 577 3537 668 3589; x_wconf 73' lang='grc' dir='ltr'><strong>καὶ</strong></span> <span class='ocrx_word' id='word_1_345' title='bbox 697 3538 938 3609; x_wconf 78' lang='grc' dir='ltr'>ἀπέστην</span> <span class='ocrx_word' id='word_1_346' title='bbox 977 3541 1072 3593; x_wconf 83' lang='grc' dir='ltr'><strong>ἀπ’</strong></span> <span class='ocrx_word' id='word_1_347' title='bbox 1102 3542 1269 3612; x_wconf 75' lang='grc' dir='ltr'>αὐτῆς</span> <span class='ocrx_word' id='word_1_348' title='bbox 1290 3559 1304 3574; x_wconf 75' lang='grc' dir='ltr'><strong>ο</strong></span> <span class='ocrx_word' id='word_1_349' title='bbox 1338 3541 1492 3595; x_wconf 83' lang='grc' dir='ltr'>τοῦτο</span> <span class='ocrx_word' id='word_1_350' title='bbox 1524 3543 1631 3615; x_wconf 80' lang='grc' dir='ltr'><strong>γὰρ</strong></span> <span class='ocrx_word' id='word_1_351' title='bbox 1659 3544 1747 3596; x_wconf 85' lang='grc' dir='ltr'>ἐν-</span> 
     </span>
    </p>
   </div>
   <div class='ocr_carea' id='block_1_61' title="bbox 193 3623 952 3702">
    <p class='ocr_par' dir='ltr' id='par_1_61' title="bbox 193 3623 952 3702">
     <span class='ocr_line' id='line_1_61' title="bbox 193 3623 952 3702; baseline 0.011 -27"><span class='ocrx_word' id='word_1_352' title='bbox 193 3623 382 3677; x_wconf 86' lang='grc' dir='ltr'>ελείλω</span> <span class='ocrx_word' id='word_1_353' title='bbox 413 3641 502 3694; x_wconf 89' lang='grc' dir='ltr'><strong>μοι</strong></span> <span class='ocrx_word' id='word_1_354' title='bbox 530 3626 797 3695; x_wconf 81' lang='grc' dir='ltr'>[ἐνετείλω</span> <span class='ocrx_word' id='word_1_355' title='bbox 817 3628 952 3702; x_wconf 85' lang='grc' dir='ltr'>μοι].</span> 
     </span>
    </p>
   </div>
   <div class='ocr_carea' id='block_1_62' title="bbox 267 3714 1749 3797">
    <p class='ocr_par' dir='ltr' id='par_1_62' title="bbox 267 3714 1749 3797">
     <span class='ocr_line' id='line_1_62' title="bbox 267 3714 1749 3797; baseline 0.009 -29"><span class='ocrx_word' id='word_1_356' title='bbox 267 3714 351 3770; x_wconf 87' lang='lat'><strong>56.</strong></span> <span class='ocrx_word' id='word_1_357' title='bbox 385 3715 530 3789; x_wconf 78' lang='grc' dir='ltr'>Αὕτη</span> <span class='ocrx_word' id='word_1_358' title='bbox 562 3735 650 3791; x_wconf 89' lang='grc' dir='ltr'><strong>μοι</strong></span> <span class='ocrx_word' id='word_1_359' title='bbox 678 3717 897 3790; x_wconf 81' lang='grc' dir='ltr'>βοήθεια</span> <span class='ocrx_word' id='word_1_360' title='bbox 923 3721 1175 3795; x_wconf 80' lang='grc' dir='ltr'>ὑπῆρξεν,</span> <span class='ocrx_word' id='word_1_361' title='bbox 1203 3724 1283 3777; x_wconf 80' lang='grc' dir='ltr'>ὅτι</span> <span class='ocrx_word' id='word_1_362' title='bbox 1321 3724 1389 3778; x_wconf 84' lang='grc' dir='ltr'>τὰ</span> <span class='ocrx_word' id='word_1_363' title='bbox 1411 3725 1749 3797; x_wconf 83' lang='grc' dir='ltr'>δικαιώματά</span> 
     </span>
    </p>
   </div>
   <div class='ocr_carea' id='block_1_63' title="bbox 195 3810 1362 3889">
    <p class='ocr_par' dir='ltr' id='par_1_63' title="bbox 195 3810 1362 3889">
     <span class='ocr_line' id='line_1_63' title="bbox 195 3810 1362 3889; baseline 0.009 -27"><span class='ocrx_word' id='word_1_364' title='bbox 195 3826 289 3862; x_wconf 86' lang='grc' dir='ltr'><strong>σου</strong></span> <span class='ocrx_word' id='word_1_365' title='bbox 315 3810 629 3882; x_wconf 84' lang='grc' dir='ltr'>ἐπεπόθησα</span> <span class='ocrx_word' id='word_1_366' title='bbox 668 3813 865 3883; x_wconf 79' lang='grc' dir='ltr'>μᾶλλον</span> <span class='ocrx_word' id='word_1_367' title='bbox 890 3815 923 3887; x_wconf 71' lang='grc' dir='ltr'>ἢ</span> <span class='ocrx_word' id='word_1_368' title='bbox 950 3815 1047 3887; x_wconf 80' lang='grc' dir='ltr'>τὴν</span> <span class='ocrx_word' id='word_1_369' title='bbox 1075 3816 1362 3889; x_wconf 81' lang='grc' dir='ltr'>ἁμαρτίαν.</span> 
     </span>
    </p>
   </div>
   <div class='ocr_carea' id='block_1_64' title="bbox 265 3899 1745 3983">
    <p class='ocr_par' dir='ltr' id='par_1_64' title="bbox 265 3899 1745 3983">
     <span class='ocr_line' id='line_1_64' title="bbox 265 3899 1745 3983; baseline 0.007 -29"><span class='ocrx_word' id='word_1_370' title='bbox 265 3899 354 3954; x_wconf 82' lang='grc'><strong>57.</strong></span> <span class='ocrx_word' id='word_1_371' title='bbox 387 3902 459 3957; x_wconf 86' lang='grc' dir='ltr'><strong>Σὺ</strong></span> <span class='ocrx_word' id='word_1_372' title='bbox 504 3899 556 3957; x_wconf 83' lang='grc' dir='ltr'>εἷ</span> <span class='ocrx_word' id='word_1_373' title='bbox 596 3909 628 3978; x_wconf 76' lang='grc' dir='ltr'>ἡ</span> <span class='ocrx_word' id='word_1_374' title='bbox 674 3908 782 3980; x_wconf 82' lang='grc' dir='ltr'><strong>ζωή</strong></span> <span class='ocrx_word' id='word_1_375' title='bbox 812 3925 933 3978; x_wconf 83' lang='grc' dir='ltr'>μου,</span> <span class='ocrx_word' id='word_1_376' title='bbox 956 3907 1157 3980; x_wconf 80' lang='grc' dir='ltr'>Κύριε’</span> <span class='ocrx_word' id='word_1_377' title='bbox 1191 3909 1488 3982; x_wconf 74' lang='grc' dir='ltr'>συνεθέμην</span> <span class='ocrx_word' id='word_1_378' title='bbox 1518 3910 1623 3983; x_wconf 78' lang='grc' dir='ltr'>γάρ</span> <span class='ocrx_word' id='word_1_379' title='bbox 1652 3911 1745 3965; x_wconf 76' lang='grc' dir='ltr'>τοῦ</span> 
     </span>
    </p>
   </div>
   <div class='ocr_carea' id='block_1_65' title="bbox 193 3989 909 4069">
    <p class='ocr_par' dir='ltr' id='par_1_65' title="bbox 193 3989 909 4069">
     <span class='ocr_line' id='line_1_65' title="bbox 193 3989 909 4069; baseline 0.017 -28"><span class='ocrx_word' id='word_1_380' title='bbox 193 3989 476 4064; x_wconf 84' lang='grc' dir='ltr'>πληρῶσαι</span> <span class='ocrx_word' id='word_1_381' title='bbox 499 3995 590 4048; x_wconf 78' lang='grc' dir='ltr'>τὸν</span> <span class='ocrx_word' id='word_1_382' title='bbox 615 3999 776 4069; x_wconf 90' lang='grc' dir='ltr'>νόμον</span> <span class='ocrx_word' id='word_1_383' title='bbox 799 4016 909 4054; x_wconf 92' lang='grc' dir='ltr'>σου.</span> 
     </span>
    </p>
   </div>
   <div class='ocr_carea' id='block_1_66' title="bbox 262 4081 1746 4165">
    <p class='ocr_par' dir='ltr' id='par_1_66' title="bbox 262 4081 1746 4165">
     <span class='ocr_line' id='line_1_66' title="bbox 262 4081 1746 4165; baseline 0.007 -30"><span class='ocrx_word' id='word_1_384' title='bbox 262 4081 350 4136; x_wconf 87' lang='grc'><strong>58.</strong></span> <span class='ocrx_word' id='word_1_385' title='bbox 372 4083 624 4158; x_wconf 79' lang='grc' dir='ltr'>Ἐδεήθην</span> <span class='ocrx_word' id='word_1_386' title='bbox 655 4088 823 4142; x_wconf 82' lang='grc' dir='ltr'>ἐλθεῖν</span> <span class='ocrx_word' id='word_1_387' title='bbox 849 4088 967 4162; x_wconf 79' lang='grc' dir='ltr'>[τὴν</span> <span class='ocrx_word' id='word_1_388' title='bbox 994 4088 1150 4160; x_wconf 82' lang='grc' dir='ltr'>χάριν</span> <span class='ocrx_word' id='word_1_389' title='bbox 1174 4089 1312 4162; x_wconf 68' lang='lat' dir='ltr'><strong>dou],</strong></span> <span class='ocrx_word' id='word_1_390' title='bbox 1340 4093 1396 4144; x_wconf 84' lang='grc' dir='ltr'><strong>ἐν</strong></span> <span class='ocrx_word' id='word_1_391' title='bbox 1426 4093 1523 4164; x_wconf 77' lang='grc' dir='ltr'><strong>ὅλῃ</strong></span> <span class='ocrx_word' id='word_1_392' title='bbox 1550 4109 1746 4165; x_wconf 68' lang='grc' dir='ltr'>καροια</span> 
     </span>
    </p>
   </div>
   <div class='ocr_carea' id='block_1_67' title="bbox 194 4173 1746 4256">
    <p class='ocr_par' dir='ltr' id='par_1_67' title="bbox 194 4173 1746 4256">
     <span class='ocr_line' id='line_1_67' title="bbox 194 4173 1746 4256; baseline -0.004 -15"><span class='ocrx_word' id='word_1_393' title='bbox 194 4188 319 4241; x_wconf 63' lang='grc' dir='ltr'><strong>μου,</strong></span> <span class='ocrx_word' id='word_1_394' title='bbox 355 4173 572 4246; x_wconf 66' lang='grc' dir='ltr'>ἐλέησόν</span> <span class='ocrx_word' id='word_1_395' title='bbox 606 4195 695 4249; x_wconf 86' lang='grc' dir='ltr'><strong>με,</strong></span> <span class='ocrx_word' id='word_1_396' title='bbox 724 4180 815 4233; x_wconf 84' lang='grc' dir='ltr'>καὶ</span> <span class='ocrx_word' id='word_1_397' title='bbox 839 4181 1150 4234; x_wconf 80' lang='grc' dir='ltr'>ἀπόστειλον</span> <span class='ocrx_word' id='word_1_398' title='bbox 1172 4182 1358 4254; x_wconf 80' lang='grc' dir='ltr'>αὐτὴν,</span> <span class='ocrx_word' id='word_1_399' title='bbox 1391 4182 1570 4247; x_wconf 86' lang='grc' dir='ltr'>καθὼς</span> <span class='ocrx_word' id='word_1_400' title='bbox 1596 4185 1746 4256; x_wconf 77' lang='grc' dir='ltr'>εἴρη-</span> 
     </span>
    </p>
   </div>
   <div class='ocr_carea' id='block_1_68' title="bbox 194 4269 1250 4341">
    <p class='ocr_par' dir='ltr' id='par_1_68' title="bbox 194 4269 1250 4341">
     <span class='ocr_line' id='line_1_68' title="bbox 194 4269 1250 4341; baseline 0.008 -23"><span class='ocrx_word' id='word_1_401' title='bbox 194 4282 324 4329; x_wconf 66' lang='grc' dir='ltr'>κας·</span> <span class='ocrx_word' id='word_1_402' title='bbox 351 4269 593 4334; x_wconf 72' lang='grc' dir='ltr'>Αἰτεῖτε,</span> <span class='ocrx_word' id='word_1_403' title='bbox 617 4272 713 4325; x_wconf 76' lang='grc' dir='ltr'>καὶ</span> <span class='ocrx_word' id='word_1_404' title='bbox 746 4271 1058 4340; x_wconf 81' lang='grc' dir='ltr'>δοθήσεται</span> <span class='ocrx_word' id='word_1_405' title='bbox 1091 4271 1250 4341; x_wconf 79' lang='grc' dir='ltr'><strong>ὑμῖν.</strong></span> 
     </span>
    </p>
   </div>
   <div class='ocr_carea' id='block_1_69' title="bbox 261 4361 1741 4438">
    <p class='ocr_par' dir='ltr' id='par_1_69' title="bbox 261 4361 1741 4438">
     <span class='ocr_line' id='line_1_69' title="bbox 261 4361 1741 4438; baseline 0.003 -22"><span class='ocrx_word' id='word_1_406' title='bbox 261 4361 349 4417; x_wconf 85' lang='grc'><strong>59.</strong></span> <span class='ocrx_word' id='word_1_407' title='bbox 371 4362 461 4416; x_wconf 80' lang='grc' dir='ltr'>Ἐν</span> <span class='ocrx_word' id='word_1_408' title='bbox 494 4362 570 4435; x_wconf 84' lang='grc' dir='ltr'>νῷ</span> <span class='ocrx_word' id='word_1_409' title='bbox 593 4363 800 4429; x_wconf 74' lang='grc' dir='ltr'>ἐλασον,</span> <span class='ocrx_word' id='word_1_410' title='bbox 820 4366 898 4418; x_wconf 82' lang='grc' dir='ltr'>ὅτι</span> <span class='ocrx_word' id='word_1_411' title='bbox 923 4368 979 4418; x_wconf 90' lang='grc' dir='ltr'><strong>ἐν</strong></span> <span class='ocrx_word' id='word_1_412' title='bbox 999 4366 1288 4436; x_wconf 79' lang='grc' dir='ltr'>ἁμαρτίαις</span> <span class='ocrx_word' id='word_1_413' title='bbox 1314 4365 1634 4438; x_wconf 83' lang='grc' dir='ltr'>πορεύομαι,</span> <span class='ocrx_word' id='word_1_414' title='bbox 1652 4368 1741 4420; x_wconf 70' lang='grc' dir='ltr'>καὶ</span> 
     </span>
    </p>
   </div>
   <div class='ocr_carea' id='block_1_70' title="bbox 193 4454 1513 4530">
    <p class='ocr_par' dir='ltr' id='par_1_70' title="bbox 193 4454 1513 4530">
     <span class='ocr_line' id='line_1_70' title="bbox 193 4454 1513 4530; baseline 0.004 -23"><span class='ocrx_word' id='word_1_415' title='bbox 193 4455 531 4526; x_wconf 74' lang='grc' dir='ltr'>μετανοήσας</span> <span class='ocrx_word' id='word_1_416' title='bbox 556 4454 853 4525; x_wconf 72' lang='grc' dir='ltr'>κατέφυγον</span> <span class='ocrx_word' id='word_1_417' title='bbox 876 4458 952 4521; x_wconf 88' lang='grc' dir='ltr'><strong>είς</strong></span> <span class='ocrx_word' id='word_1_418' title='bbox 977 4457 1043 4510; x_wconf 84' lang='grc' dir='ltr'>τὰ</span> <span class='ocrx_word' id='word_1_419' title='bbox 1070 4457 1368 4530; x_wconf 84' lang='grc' dir='ltr'>παθήματά</span> <span class='ocrx_word' id='word_1_420' title='bbox 1399 4475 1513 4512; x_wconf 90' lang='grc' dir='ltr'>σου.</span> 
     </span>
    </p>
   </div>
   <div class='ocr_carea' id='block_1_71' title="bbox 260 4544 1740 4623">
    <p class='ocr_par' dir='ltr' id='par_1_71' title="bbox 260 4544 1740 4623">
     <span class='ocr_line' id='line_1_71' title="bbox 260 4544 1740 4623; baseline 0.005 -26"><span class='ocrx_word' id='word_1_421' title='bbox 260 4545 348 4598; x_wconf 88' lang='grc'><strong>60.</strong></span> <span class='ocrx_word' id='word_1_422' title='bbox 370 4544 513 4610; x_wconf 81' lang='grc' dir='ltr'><strong>Ἕως</strong></span> <span class='ocrx_word' id='word_1_423' title='bbox 535 4545 767 4600; x_wconf 87' lang='grc' dir='ltr'>θανάτου</span> <span class='ocrx_word' id='word_1_424' title='bbox 793 4549 1091 4619; x_wconf 86' lang='grc' dir='ltr'>ηύτρέπισα</span> <span class='ocrx_word' id='word_1_425' title='bbox 1115 4548 1211 4622; x_wconf 82' lang='grc' dir='ltr'>τὴν</span> <span class='ocrx_word' id='word_1_426' title='bbox 1235 4549 1413 4623; x_wconf 81' lang='grc' dir='ltr'>ψυχήν</span> <span class='ocrx_word' id='word_1_427' title='bbox 1443 4568 1542 4621; x_wconf 93' lang='grc' dir='ltr'><strong>μου</strong></span> <span class='ocrx_word' id='word_1_428' title='bbox 1578 4553 1657 4615; x_wconf 82' lang='grc' dir='ltr'>εἰς</span> <span class='ocrx_word' id='word_1_429' title='bbox 1682 4553 1740 4604; x_wconf 85' lang='grc' dir='ltr'>τὸ</span> 
     </span>
    </p>
   </div>
   <div class='ocr_carea' id='block_1_72' title="bbox 1920 2900 3403 2976">
    <p class='ocr_par' dir='ltr' id='par_1_72' title="bbox 1920 2900 3403 2976">
     <span class='ocr_line' id='line_1_72' title="bbox 1920 2900 3403 2976; baseline 0 -17"><span class='ocrx_word' id='word_1_430' title='bbox 1920 2904 2008 2959; x_wconf 73' lang='grc'><strong>52.</strong></span> <span class='ocrx_word' id='word_1_431' title='bbox 2042 2900 2230 2958; x_wconf 88' lang='lat' dir='ltr'><strong>Solum</strong></span> <span class='ocrx_word' id='word_1_432' title='bbox 2259 2903 2571 2958; x_wconf 83' lang='lat' dir='ltr'><strong>recordatus</strong></span> <span class='ocrx_word' id='word_1_433' title='bbox 2597 2910 2986 2971; x_wconf 73' lang='lat' dir='ltr'><strong>praeceptorum</strong></span> <span class='ocrx_word' id='word_1_434' title='bbox 3014 2913 3252 2967; x_wconf 85' lang='lat' dir='ltr'><strong>tuorum.</strong></span> <span class='ocrx_word' id='word_1_435' title='bbox 3282 2921 3403 2976; x_wconf 62' lang='lat' dir='ltr'><strong>qua</strong></span> 
     </span>
    </p>
   </div>
   <div class='ocr_carea' id='block_1_73' title="bbox 1848 2989 3154 3054">
    <p class='ocr_par' dir='ltr' id='par_1_73' title="bbox 1848 2989 3154 3054">
     <span class='ocr_line' id='line_1_73' title="bbox 1848 2989 3154 3054; baseline -0.002 -7"><span class='ocrx_word' id='word_1_436' title='bbox 1848 2991 1917 3047; x_wconf 86' lang='lat' dir='ltr'><strong>ab</strong></span> <span class='ocrx_word' id='word_1_437' title='bbox 1946 2991 2101 3048; x_wconf 91' lang='lat' dir='ltr'><strong>initio</strong></span> <span class='ocrx_word' id='word_1_438' title='bbox 2125 3001 2272 3054; x_wconf 88' lang='lat' dir='ltr'><strong>sunt,</strong></span> <span class='ocrx_word' id='word_1_439' title='bbox 2300 2989 2548 3051; x_wconf 87' lang='lat' dir='ltr'><strong>Domine.</strong></span> <span class='ocrx_word' id='word_1_440' title='bbox 2571 2991 2807 3046; x_wconf 77' lang='lat' dir='ltr'><strong>exsultat</strong></span> <span class='ocrx_word' id='word_1_441' title='bbox 2835 3006 2928 3044; x_wconf 88' lang='lat' dir='ltr'><strong>eor</strong></span> <span class='ocrx_word' id='word_1_442' title='bbox 2952 3007 3154 3045; x_wconf 88' lang='lat' dir='ltr'><strong>meum.</strong></span> 
     </span>
    </p>
   </div>
   <div class='ocr_carea' id='block_1_74' title="bbox 1918 3082 3402 3156">
    <p class='ocr_par' dir='ltr' id='par_1_74' title="bbox 1918 3082 3402 3156">
     <span class='ocr_line' id='line_1_74' title="bbox 1918 3082 3402 3156; baseline -0.001 -17"><span class='ocrx_word' id='word_1_443' title='bbox 1918 3085 2005 3139; x_wconf 88' lang='grc'><strong>55.</strong></span> <span class='ocrx_word' id='word_1_444' title='bbox 2037 3082 2201 3139; x_wconf 77' lang='lat' dir='ltr'><strong>Multa</strong></span> <span class='ocrx_word' id='word_1_445' title='bbox 2231 3083 2504 3138; x_wconf 82' lang='lat' dir='ltr'><strong>tribulatio</strong></span> <span class='ocrx_word' id='word_1_446' title='bbox 2533 3084 2703 3137; x_wconf 84' lang='lat' dir='ltr'><strong>tenuit</strong></span> <span class='ocrx_word' id='word_1_447' title='bbox 2725 3099 2829 3145; x_wconf 88' lang='lat' dir='ltr'><strong>me,</strong></span> <span class='ocrx_word' id='word_1_448' title='bbox 2856 3100 2978 3139; x_wconf 88' lang='lat' dir='ltr'><strong>eum</strong></span> <span class='ocrx_word' id='word_1_449' title='bbox 3007 3085 3248 3139; x_wconf 85' lang='lat' dir='ltr'><strong>videbam</strong></span> <span class='ocrx_word' id='word_1_450' title='bbox 3281 3100 3402 3156; x_wconf 84' lang='lat' dir='ltr'><strong>pec—</strong></span> 
     </span>
    </p>
   </div>
   <div class='ocr_carea' id='block_1_75' title="bbox 1845 3173 2838 3243">
    <p class='ocr_par' dir='ltr' id='par_1_75' title="bbox 1845 3173 2838 3243">
     <span class='ocr_line' id='line_1_75' title="bbox 1845 3173 2838 3243; baseline 0.001 -17"><span class='ocrx_word' id='word_1_451' title='bbox 1845 3181 2056 3228; x_wconf 86' lang='lat' dir='ltr'><strong>catores</strong></span> <span class='ocrx_word' id='word_1_452' title='bbox 2083 3180 2485 3227; x_wconf 90' lang='lat' dir='ltr'><strong>contemnentes</strong></span> <span class='ocrx_word' id='word_1_453' title='bbox 2519 3173 2662 3243; x_wconf 83' lang='lat' dir='ltr'><strong>leges</strong></span> <span class='ocrx_word' id='word_1_454' title='bbox 2697 3182 2838 3227; x_wconf 89' lang='lat' dir='ltr'><strong>tuas.</strong></span> 
     </span>
    </p>
   </div>
   <div class='ocr_carea' id='block_1_76' title="bbox 1919 3261 3398 3332">
    <p class='ocr_par' dir='ltr' id='par_1_76' title="bbox 1919 3261 3398 3332">
     <span class='ocr_line' id='line_1_76' title="bbox 1919 3261 3398 3332; baseline 0.004 -16"><span class='ocrx_word' id='word_1_455' title='bbox 1919 3261 2008 3316; x_wconf 76' lang='grc'><strong>54.</strong></span> <span class='ocrx_word' id='word_1_456' title='bbox 2044 3261 2267 3330; x_wconf 89' lang='lat' dir='ltr'><strong>Semper</strong></span> <span class='ocrx_word' id='word_1_457' title='bbox 2294 3263 2347 3316; x_wconf 92' lang='lat' dir='ltr'><strong>in</strong></span> <span class='ocrx_word' id='word_1_458' title='bbox 2374 3262 2854 3332; x_wconf 86' lang='lat' dir='ltr'><strong>justilicatiouibus</strong></span> <span class='ocrx_word' id='word_1_459' title='bbox 2898 3265 3004 3319; x_wconf 87' lang='lat' dir='ltr'><strong>tuis</strong></span> <span class='ocrx_word' id='word_1_460' title='bbox 3044 3266 3398 3332; x_wconf 77' lang='lat' dir='ltr'><strong>delectabars,</strong></span> 
     </span>
    </p>
   </div>
   <div class='ocr_carea' id='block_1_77' title="bbox 1853 3353 2655 3424">
    <p class='ocr_par' dir='ltr' id='par_1_77' title="bbox 1853 3353 2655 3424">
     <span class='ocr_line' id='line_1_77' title="bbox 1853 3353 2655 3424; baseline -0.001 -16"><span class='ocrx_word' id='word_1_461' title='bbox 1853 3353 2048 3424; x_wconf 82' lang='lat' dir='ltr'><strong>ubique</strong></span> <span class='ocrx_word' id='word_1_462' title='bbox 2077 3361 2341 3407; x_wconf 88' lang='lat' dir='ltr'><strong>terrarum</strong></span> <span class='ocrx_word' id='word_1_463' title='bbox 2366 3355 2655 3408; x_wconf 78' lang='lat' dir='ltr'><strong>exsistens.</strong></span> 
     </span>
    </p>
   </div>
   <div class='ocr_carea' id='block_1_78' title="bbox 1920 3443 3363 3514">
    <p class='ocr_par' dir='ltr' id='par_1_78' title="bbox 1920 3443 3363 3514">
     <span class='ocr_line' id='line_1_78' title="bbox 1920 3443 3363 3514; baseline 0.002 -15"><span class='ocrx_word' id='word_1_464' title='bbox 1920 3445 2011 3499; x_wconf 91' lang='lat'><strong>55.</strong></span> <span class='ocrx_word' id='word_1_465' title='bbox 2049 3443 2502 3514; x_wconf 89' lang='lat' dir='ltr'><strong>Subingrediente</strong></span> <span class='ocrx_word' id='word_1_466' title='bbox 2550 3445 2602 3498; x_wconf 92' lang='lat' dir='ltr'><strong>in</strong></span> <span class='ocrx_word' id='word_1_467' title='bbox 2659 3459 2744 3497; x_wconf 91' lang='lat' dir='ltr'><strong>me</strong></span> <span class='ocrx_word' id='word_1_468' title='bbox 2785 3452 3029 3512; x_wconf 84' lang='lat' dir='ltr'><strong>peccato,</strong></span> <span class='ocrx_word' id='word_1_469' title='bbox 3086 3447 3363 3502; x_wconf 84' lang='lat' dir='ltr'><strong>recnrdatu</strong></span> 
     </span>
    </p>
   </div>
   <div class='ocr_carea' id='block_1_79' title="bbox 1849 3533 3395 3603">
    <p class='ocr_par' dir='ltr' id='par_1_79' title="bbox 1849 3533 3395 3603">
     <span class='ocr_line' id='line_1_79' title="bbox 1849 3533 3395 3603; baseline 0.003 -17"><span class='ocrx_word' id='word_1_470' title='bbox 1849 3548 1988 3596; x_wconf 87' lang='lat' dir='ltr'><strong>sum,</strong></span> <span class='ocrx_word' id='word_1_471' title='bbox 2015 3535 2156 3603; x_wconf 90' lang='lat' dir='ltr'><strong>quod</strong></span> <span class='ocrx_word' id='word_1_472' title='bbox 2187 3533 2326 3589; x_wconf 86' lang='lat' dir='ltr'><strong>Deus</strong></span> <span class='ocrx_word' id='word_1_473' title='bbox 2359 3549 2508 3587; x_wconf 86' lang='lat' dir='ltr'><strong>meus</strong></span> <span class='ocrx_word' id='word_1_474' title='bbox 2531 3549 2609 3597; x_wconf 84' lang='lat' dir='ltr'><strong>es,</strong></span> <span class='ocrx_word' id='word_1_475' title='bbox 2637 3543 2688 3587; x_wconf 92' lang='lat' dir='ltr'><strong>et</strong></span> <span class='ocrx_word' id='word_1_476' title='bbox 2715 3533 2896 3588; x_wconf 86' lang='lat' dir='ltr'><strong>abstiti</strong></span> <span class='ocrx_word' id='word_1_477' title='bbox 2920 3535 2987 3588; x_wconf 80' lang='lat' dir='ltr'><strong>ab</strong></span> <span class='ocrx_word' id='word_1_478' title='bbox 3012 3549 3098 3596; x_wconf 88' lang='lat' dir='ltr'><strong>eo.</strong></span> <span class='ocrx_word' id='word_1_479' title='bbox 3127 3536 3227 3592; x_wconf 85' lang='lat' dir='ltr'><strong>hoc</strong></span> <span class='ocrx_word' id='word_1_480' title='bbox 3253 3538 3395 3592; x_wconf 88' lang='lat' dir='ltr'><strong>enim</strong></span> 
     </span>
    </p>
   </div>
   <div class='ocr_carea' id='block_1_80' title="bbox 1847 3624 2323 3695">
    <p class='ocr_par' dir='ltr' id='par_1_80' title="bbox 1847 3624 2323 3695">
     <span class='ocr_line' id='line_1_80' title="bbox 1847 3624 2323 3695; baseline -0.002 -16"><span class='ocrx_word' id='word_1_481' title='bbox 1847 3625 2144 3695; x_wconf 72' lang='lat' dir='ltr'><strong>praecepisti</strong></span> <span class='ocrx_word' id='word_1_482' title='bbox 2171 3624 2323 3679; x_wconf 89' lang='lat' dir='ltr'><strong>mihi.</strong></span> 
     </span>
    </p>
   </div>
   <div class='ocr_carea' id='block_1_81' title="bbox 1916 3715 3391 3788">
    <p class='ocr_par' dir='ltr' id='par_1_81' title="bbox 1916 3715 3391 3788">
     <span class='ocr_line' id='line_1_81' title="bbox 1916 3715 3391 3788; baseline 0.002 -16"><span class='ocrx_word' id='word_1_483' title='bbox 1916 3717 2004 3772; x_wconf 83' lang='grc'><strong>56.</strong></span> <span class='ocrx_word' id='word_1_484' title='bbox 2043 3715 2156 3772; x_wconf 84' lang='lat' dir='ltr'><strong>Hoc</strong></span> <span class='ocrx_word' id='word_1_485' title='bbox 2190 3717 2322 3771; x_wconf 85' lang='lat' dir='ltr'><strong>mihi</strong></span> <span class='ocrx_word' id='word_1_486' title='bbox 2367 3717 2571 3773; x_wconf 83' lang='lat' dir='ltr'><strong>auxilio</strong></span> <span class='ocrx_word' id='word_1_487' title='bbox 2626 3717 2744 3782; x_wconf 81' lang='lat' dir='ltr'><strong>fuit,</strong></span> <span class='ocrx_word' id='word_1_488' title='bbox 2804 3719 2947 3788; x_wconf 88' lang='lat' dir='ltr'><strong>quod</strong></span> <span class='ocrx_word' id='word_1_489' title='bbox 2975 3719 3391 3788; x_wconf 74' lang='lat' dir='ltr'><strong>iustiﬁcationes</strong></span> 
     </span>
    </p>
   </div>
   <div class='ocr_carea' id='block_1_82' title="bbox 1847 3808 3040 3878">
    <p class='ocr_par' dir='ltr' id='par_1_82' title="bbox 1847 3808 3040 3878">
     <span class='ocr_line' id='line_1_82' title="bbox 1847 3808 3040 3878; baseline 0.003 -17"><span class='ocrx_word' id='word_1_490' title='bbox 1847 3815 1968 3862; x_wconf 89' lang='lat' dir='ltr'><strong>tuas</strong></span> <span class='ocrx_word' id='word_1_491' title='bbox 1996 3808 2298 3863; x_wconf 86' lang='lat' dir='ltr'><strong>desideravi</strong></span> <span class='ocrx_word' id='word_1_492' title='bbox 2323 3811 2515 3878; x_wconf 85' lang='lat' dir='ltr'><strong>magis,</strong></span> <span class='ocrx_word' id='word_1_493' title='bbox 2552 3826 2710 3877; x_wconf 90' lang='lat' dir='ltr'><strong>quam</strong></span> <span class='ocrx_word' id='word_1_494' title='bbox 2742 3819 3040 3878; x_wconf 88' lang='lat' dir='ltr'><strong>peccatum.</strong></span> 
     </span>
    </p>
   </div>
   <div class='ocr_carea' id='block_1_83' title="bbox 1916 3898 3398 3970">
    <p class='ocr_par' dir='ltr' id='par_1_83' title="bbox 1916 3898 3398 3970">
     <span class='ocr_line' id='line_1_83' title="bbox 1916 3898 3398 3970; baseline 0.003 -16"><span class='ocrx_word' id='word_1_495' title='bbox 1916 3899 2003 3954; x_wconf 85' lang='lat'><strong>57.</strong></span> <span class='ocrx_word' id='word_1_496' title='bbox 2041 3898 2121 3954; x_wconf 87' lang='lat' dir='ltr'><strong>&#39;l&#39;u</strong></span> <span class='ocrx_word' id='word_1_497' title='bbox 2150 3916 2208 3955; x_wconf 90' lang='lat' dir='ltr'><strong>es</strong></span> <span class='ocrx_word' id='word_1_498' title='bbox 2241 3901 2347 3953; x_wconf 78' lang='lat' dir='ltr'><strong>vita</strong></span> <span class='ocrx_word' id='word_1_499' title='bbox 2377 3916 2523 3964; x_wconf 83' lang='lat' dir='ltr'><strong>mea,</strong></span> <span class='ocrx_word' id='word_1_500' title='bbox 2554 3898 2808 3954; x_wconf 88' lang='lat' dir='ltr'><strong>Domine:</strong></span> <span class='ocrx_word' id='word_1_501' title='bbox 2836 3899 3090 3970; x_wconf 84' lang='lat' dir='ltr'><strong>proposui</strong></span> <span class='ocrx_word' id='word_1_502' title='bbox 3120 3901 3265 3957; x_wconf 89' lang='lat' dir='ltr'><strong>enim</strong></span> <span class='ocrx_word' id='word_1_503' title='bbox 3296 3903 3398 3957; x_wconf 85' lang='lat' dir='ltr'><strong>im-</strong></span> 
     </span>
    </p>
   </div>
   <div class='ocr_carea' id='block_1_84' title="bbox 1847 3992 2386 4062">
    <p class='ocr_par' dir='ltr' id='par_1_84' title="bbox 1847 3992 2386 4062">
     <span class='ocr_line' id='line_1_84' title="bbox 1847 3992 2386 4062; baseline 0 -18"><span class='ocrx_word' id='word_1_504' title='bbox 1847 3992 1992 4062; x_wconf 87' lang='lat' dir='ltr'><strong>plere</strong></span> <span class='ocrx_word' id='word_1_505' title='bbox 2019 3992 2188 4061; x_wconf 92' lang='lat' dir='ltr'><strong>legem</strong></span> <span class='ocrx_word' id='word_1_506' title='bbox 2219 4002 2386 4045; x_wconf 88' lang='lat' dir='ltr'><strong>tuam.</strong></span> 
     </span>
    </p>
   </div>
   <div class='ocr_carea' id='block_1_85' title="bbox 1916 4082 3394 4154">
    <p class='ocr_par' dir='ltr' id='par_1_85' title="bbox 1916 4082 3394 4154">
     <span class='ocr_line' id='line_1_85' title="bbox 1916 4082 3394 4154; baseline 0.003 -16"><span class='ocrx_word' id='word_1_507' title='bbox 1916 4084 2004 4138; x_wconf 89' lang='lat'><strong>58.</strong></span> <span class='ocrx_word' id='word_1_508' title='bbox 2037 4082 2365 4153; x_wconf 87' lang='lat' dir='ltr'><strong>Deprecatus</strong></span> <span class='ocrx_word' id='word_1_509' title='bbox 2390 4098 2533 4146; x_wconf 86' lang='lat' dir='ltr'><strong>sum,</strong></span> <span class='ocrx_word' id='word_1_510' title='bbox 2556 4091 2616 4136; x_wconf 93' lang='lat' dir='ltr'><strong>ut</strong></span> <span class='ocrx_word' id='word_1_511' title='bbox 2638 4083 2842 4138; x_wconf 88' lang='lat' dir='ltr'><strong>veniret</strong></span> <span class='ocrx_word' id='word_1_512' title='bbox 2867 4085 3037 4154; x_wconf 84' lang='lat' dir='ltr'><strong>gratia</strong></span> <span class='ocrx_word' id='word_1_513' title='bbox 3063 4093 3172 4147; x_wconf 85' lang='lat' dir='ltr'><strong>tua.</strong></span> <span class='ocrx_word' id='word_1_514' title='bbox 3202 4085 3255 4139; x_wconf 87' lang='lat' dir='ltr'><strong>in</strong></span> <span class='ocrx_word' id='word_1_515' title='bbox 3280 4095 3394 4143; x_wconf 88' lang='lat' dir='ltr'><strong>toto</strong></span> 
     </span>
    </p>
   </div>
   <div class='ocr_carea' id='block_1_86' title="bbox 1844 4174 3395 4248">
    <p class='ocr_par' dir='ltr' id='par_1_86' title="bbox 1844 4174 3395 4248">
     <span class='ocr_line' id='line_1_86' title="bbox 1844 4174 3395 4248; baseline 0.001 -17"><span class='ocrx_word' id='word_1_516' title='bbox 1844 4177 2008 4232; x_wconf 90' lang='lat' dir='ltr'><strong>corde</strong></span> <span class='ocrx_word' id='word_1_517' title='bbox 2045 4190 2186 4241; x_wconf 91' lang='lat' dir='ltr'><strong>meo,</strong></span> <span class='ocrx_word' id='word_1_518' title='bbox 2211 4174 2466 4229; x_wconf 84' lang='lat' dir='ltr'><strong>miserere</strong></span> <span class='ocrx_word' id='word_1_519' title='bbox 2509 4175 2636 4238; x_wconf 87' lang='lat' dir='ltr'><strong>mei.</strong></span> <span class='ocrx_word' id='word_1_520' title='bbox 2668 4185 2722 4229; x_wconf 91' lang='lat' dir='ltr'><strong>et</strong></span> <span class='ocrx_word' id='word_1_521' title='bbox 2753 4175 2905 4230; x_wconf 89' lang='lat' dir='ltr'><strong>mitte</strong></span> <span class='ocrx_word' id='word_1_522' title='bbox 2957 4191 3099 4238; x_wconf 90' lang='lat' dir='ltr'><strong>eam,</strong></span> <span class='ocrx_word' id='word_1_523' title='bbox 3138 4180 3395 4248; x_wconf 82' lang='lat' dir='ltr'><strong>quemad-</strong></span> 
     </span>
    </p>
   </div>
   <div class='ocr_carea' id='block_1_87' title="bbox 1843 4266 3113 4331">
    <p class='ocr_par' dir='ltr' id='par_1_87' title="bbox 1843 4266 3113 4331">
     <span class='ocr_line' id='line_1_87' title="bbox 1843 4266 3113 4331; baseline -0.001 -7"><span class='ocrx_word' id='word_1_524' title='bbox 1843 4268 2060 4324; x_wconf 89' lang='lat' dir='ltr'><strong>modum</strong></span> <span class='ocrx_word' id='word_1_525' title='bbox 2094 4266 2312 4322; x_wconf 79' lang='lat' dir='ltr'><strong>dixisti:</strong></span> <span class='ocrx_word' id='word_1_526' title='bbox 2343 4266 2531 4331; x_wconf 84' lang='lat' dir='ltr'><strong>Petite,</strong></span> <span class='ocrx_word' id='word_1_527' title='bbox 2563 4278 2612 4320; x_wconf 85' lang='lat' dir='ltr'><strong>et</strong></span> <span class='ocrx_word' id='word_1_528' title='bbox 2633 4267 2847 4319; x_wconf 79' lang='lat' dir='ltr'><strong>dabitur</strong></span> <span class='ocrx_word' id='word_1_529' title='bbox 2875 4266 3018 4322; x_wconf 77' lang='lat' dir='ltr'><strong>vobis</strong></span> <span class='ocrx_word' id='word_1_530' title='bbox 3046 4268 3113 4323; x_wconf 85' lang='grc'><strong>³⁹.</strong></span> 
     </span>
    </p>
   </div>
   <div class='ocr_carea' id='block_1_88' title="bbox 1912 4357 3390 4431">
    <p class='ocr_par' dir='ltr' id='par_1_88' title="bbox 1912 4357 3390 4431">
     <span class='ocr_line' id='line_1_88' title="bbox 1912 4357 3390 4431; baseline 0.003 -17"><span class='ocrx_word' id='word_1_531' title='bbox 1912 4359 2004 4414; x_wconf 86' lang='grc'><strong>59.</strong></span> <span class='ocrx_word' id='word_1_532' title='bbox 2043 4357 2377 4414; x_wconf 85' lang='lat' dir='ltr'><strong>Recordatus</strong></span> <span class='ocrx_word' id='word_1_533' title='bbox 2406 4375 2549 4425; x_wconf 87' lang='lat' dir='ltr'><strong>sum,</strong></span> <span class='ocrx_word' id='word_1_534' title='bbox 2583 4360 2726 4428; x_wconf 94' lang='lat' dir='ltr'><strong>quod</strong></span> <span class='ocrx_word' id='word_1_535' title='bbox 2775 4359 2828 4412; x_wconf 92' lang='lat' dir='ltr'><strong>in</strong></span> <span class='ocrx_word' id='word_1_536' title='bbox 2883 4361 3118 4431; x_wconf 81' lang='lat' dir='ltr'><strong>peccatis</strong></span> <span class='ocrx_word' id='word_1_537' title='bbox 3151 4361 3390 4430; x_wconf 85' lang='lat' dir='ltr'><strong>ambulo,</strong></span> 
     </span>
    </p>
   </div>
   <div class='ocr_carea' id='block_1_89' title="bbox 1840 4451 3008 4520">
    <p class='ocr_par' dir='ltr' id='par_1_89' title="bbox 1840 4451 3008 4520">
     <span class='ocr_line' id='line_1_89' title="bbox 1840 4451 3008 4520; baseline -0.001 -13"><span class='ocrx_word' id='word_1_538' title='bbox 1840 4461 1895 4507; x_wconf 92' lang='lat' dir='ltr'><strong>et</strong></span> <span class='ocrx_word' id='word_1_539' title='bbox 1918 4451 2185 4520; x_wconf 73' lang='lat' dir='ltr'><strong>ptenitens</strong></span> <span class='ocrx_word' id='word_1_540' title='bbox 2211 4451 2427 4520; x_wconf 78' lang='lat' dir='ltr'><strong>confugi</strong></span> <span class='ocrx_word' id='word_1_541' title='bbox 2458 4451 2522 4504; x_wconf 87' lang='lat' dir='ltr'><strong>ad</strong></span> <span class='ocrx_word' id='word_1_542' title='bbox 2557 4451 2838 4520; x_wconf 87' lang='lat' dir='ltr'><strong>passiones</strong></span> <span class='ocrx_word' id='word_1_543' title='bbox 2869 4459 3008 4506; x_wconf 88' lang='lat' dir='ltr'><strong>tuas.</strong></span> 
     </span>
    </p>
   </div>
   <div class='ocr_carea' id='block_1_90' title="bbox 1910 4539 3388 4612">
    <p class='ocr_par' dir='ltr' id='par_1_90' title="bbox 1910 4539 3388 4612">
     <span class='ocr_line' id='line_1_90' title="bbox 1910 4539 3388 4612; baseline 0.002 -16"><span class='ocrx_word' id='word_1_544' title='bbox 1910 4541 1998 4597; x_wconf 91' lang='lat'><strong>60.</strong></span> <span class='ocrx_word' id='word_1_545' title='bbox 2033 4539 2215 4612; x_wconf 89' lang='lat' dir='ltr'><strong>Usque</strong></span> <span class='ocrx_word' id='word_1_546' title='bbox 2240 4543 2303 4596; x_wconf 89' lang='lat' dir='ltr'><strong>ad</strong></span> <span class='ocrx_word' id='word_1_547' title='bbox 2337 4550 2561 4595; x_wconf 84' lang='lat' dir='ltr'><strong>mortem</strong></span> <span class='ocrx_word' id='word_1_548' title='bbox 2609 4543 2901 4612; x_wconf 67' lang='lat' dir='ltr'><strong>praeparari</strong></span> <span class='ocrx_word' id='word_1_549' title='bbox 2944 4542 3179 4597; x_wconf 87' lang='lat' dir='ltr'><strong>animam</strong></span> <span class='ocrx_word' id='word_1_550' title='bbox 3215 4559 3388 4599; x_wconf 88' lang='lat' dir='ltr'><strong>meam</strong></span> 
     </span>
    </p>
   </div>
   <div class='ocr_carea' id='block_1_91' title="bbox 190 4634 1826 4714">
    <p class='ocr_par' dir='ltr' id='par_1_91' title="bbox 190 4634 1814 4714">
     <span class='ocr_line' id='line_1_91' title="bbox 190 4634 1814 4714; baseline 0.003 -26"><span class='ocrx_word' id='word_1_551' title='bbox 190 4634 401 4706; x_wconf 67' lang='grc' dir='ltr'>θέλημά</span> <span class='ocrx_word' id='word_1_552' title='bbox 426 4653 538 4699; x_wconf 90' lang='grc' dir='ltr'>σου,</span> <span class='ocrx_word' id='word_1_553' title='bbox 567 4639 659 4692; x_wconf 64' lang='grc' dir='ltr'><strong>καὶ⁸</strong></span> <span class='ocrx_word' id='word_1_554' title='bbox 683 4639 780 4692; x_wconf 86' lang='grc' dir='ltr'>οὐκ</span> <span class='ocrx_word' id='word_1_555' title='bbox 803 4635 869 4709; x_wconf 80' lang='grc' dir='ltr'>ἦν</span> <span class='ocrx_word' id='word_1_556' title='bbox 901 4655 990 4710; x_wconf 90' lang='grc' dir='ltr'><strong>μοι</strong></span> <span class='ocrx_word' id='word_1_557' title='bbox 1016 4641 1271 4712; x_wconf 77' lang='grc' dir='ltr'>δυσχερὲς</span> <span class='ocrx_word' id='word_1_558' title='bbox 1294 4641 1352 4695; x_wconf 84' lang='grc' dir='ltr'>τὸ</span> <span class='ocrx_word' id='word_1_559' title='bbox 1382 4641 1618 4714; x_wconf 80' lang='grc' dir='ltr'>πληροῦν</span> <span class='ocrx_word' id='word_1_560' title='bbox 1640 4641 1738 4706; x_wconf 81' lang='grc' dir='ltr'><strong>τάς</strong></span> <span class='ocrx_word' id='word_1_561' title='bbox 1770 4635 1814 4693; x_wconf 92' lang='lat' dir='ltr'><strong>D</strong></span> 
     </span>
    </p>
   </div>
   <div class='ocr_carea' id='block_1_92' title="bbox 1758 4634 3394 4714">
    <p class='ocr_par' dir='ltr' id='par_1_92' title="bbox 1770 4635 3394 4702">
     <span class='ocr_line' id='line_1_92' title="bbox 1770 4635 3394 4702; baseline 0.002 -9"><span class='ocrx_word' id='word_1_562' title='bbox 1770 4635 1814 4693; x_wconf 93' lang='lat' dir='ltr'><strong>D</strong></span> <span class='ocrx_word' id='word_1_563' title='bbox 1841 4640 1893 4694; x_wconf 89' lang='lat' dir='ltr'><strong>in</strong></span> <span class='ocrx_word' id='word_1_564' title='bbox 1927 4641 2254 4698; x_wconf 87' lang='lat' dir='ltr'><strong>voluntatem</strong></span> <span class='ocrx_word' id='word_1_565' title='bbox 2287 4648 2455 4702; x_wconf 84' lang='lat' dir='ltr'><strong>tuam.</strong></span> <span class='ocrx_word' id='word_1_566' title='bbox 2482 4652 2534 4694; x_wconf 93' lang='lat' dir='ltr'><strong>et</strong></span> <span class='ocrx_word' id='word_1_567' title='bbox 2554 4654 2661 4694; x_wconf 92' lang='lat' dir='ltr'><strong>non</strong></span> <span class='ocrx_word' id='word_1_568' title='bbox 2699 4649 2813 4694; x_wconf 90' lang='lat' dir='ltr'><strong>erat</strong></span> <span class='ocrx_word' id='word_1_569' title='bbox 2846 4639 2975 4693; x_wconf 79' lang='lat' dir='ltr'><strong>milii</strong></span> <span class='ocrx_word' id='word_1_570' title='bbox 3028 4640 3240 4696; x_wconf 84' lang='lat' dir='ltr'><strong>diilicile</strong></span> <span class='ocrx_word' id='word_1_571' title='bbox 3291 4643 3394 4697; x_wconf 91' lang='lat' dir='ltr'><strong>im-</strong></span> 
     </span>
    </p>
   </div>
   <div class='ocr_carea' id='block_1_93' title="bbox 187 4726 555 4791">
    <p class='ocr_par' dir='ltr' id='par_1_93' title="bbox 187 4726 555 4791">
     <span class='ocr_line' id='line_1_93' title="bbox 187 4726 555 4791; baseline 0.014 -12"><span class='ocrx_word' id='word_1_572' title='bbox 187 4726 406 4791; x_wconf 84' lang='grc' dir='ltr'>ἐντολάς</span> <span class='ocrx_word' id='word_1_573' title='bbox 439 4745 555 4784; x_wconf 90' lang='grc' dir='ltr'>σου.</span> 
     </span>
    </p>
   </div>
   <div class='ocr_carea' id='block_1_94' title="bbox 256 4818 1743 4895">
    <p class='ocr_par' dir='ltr' id='par_1_94' title="bbox 256 4818 1743 4895">
     <span class='ocr_line' id='line_1_94' title="bbox 256 4818 1743 4895; baseline 0.003 -22"><span class='ocrx_word' id='word_1_574' title='bbox 256 4818 347 4876; x_wconf 71' lang='grc'><strong>61.</strong></span> <span class='ocrx_word' id='word_1_575' title='bbox 392 4820 654 4890; x_wconf 63' lang='grc' dir='ltr'><strong>Λογισμο)⁵</strong></span> <span class='ocrx_word' id='word_1_576' title='bbox 693 4820 802 4875; x_wconf 88' lang='grc' dir='ltr'>τῶν</span> <span class='ocrx_word' id='word_1_577' title='bbox 839 4823 1092 4878; x_wconf 82' lang='grc' dir='ltr'>ἐναντίων</span> <span class='ocrx_word' id='word_1_578' title='bbox 1119 4823 1399 4895; x_wconf 79' lang='grc' dir='ltr'>δυνάμεων</span> <span class='ocrx_word' id='word_1_579' title='bbox 1431 4827 1509 4890; x_wconf 81' lang='grc' dir='ltr'><strong>είς</strong></span> <span class='ocrx_word' id='word_1_580' title='bbox 1557 4825 1743 4879; x_wconf 79' lang='grc' dir='ltr'>ἐπιθυ-</span> 
     </span>
    </p>
   </div>
   <div class='ocr_carea' id='block_1_95' title="bbox 185 4910 1741 4987">
    <p class='ocr_par' dir='ltr' id='par_1_95' title="bbox 185 4910 1741 4987">
     <span class='ocr_line' id='line_1_95' title="bbox 185 4910 1741 4987; baseline 0.002 -23"><span class='ocrx_word' id='word_1_581' title='bbox 185 4910 318 4982; x_wconf 88' lang='grc' dir='ltr'>μίας</span> <span class='ocrx_word' id='word_1_582' title='bbox 350 4910 733 4983; x_wconf 79' lang='grc' dir='ltr'>ύπεισήρχοντό</span> <span class='ocrx_word' id='word_1_583' title='bbox 754 4928 842 4981; x_wconf 91' lang='grc' dir='ltr'><strong>μοι</strong></span> <span class='ocrx_word' id='word_1_584' title='bbox 863 4930 874 4943; x_wconf 76' lang='grc'><em>’</em></span> <span class='ocrx_word' id='word_1_585' title='bbox 900 4915 1262 4986; x_wconf 78' lang='grc' dir='ltr'>ἐμνημόνευον</span> <span class='ocrx_word' id='word_1_586' title='bbox 1285 4916 1411 4987; x_wconf 81' lang='grc' dir='ltr'>γὰρ,</span> <span class='ocrx_word' id='word_1_587' title='bbox 1433 4917 1514 4970; x_wconf 82' lang='grc' dir='ltr'>ὅτι</span> <span class='ocrx_word' id='word_1_588' title='bbox 1540 4916 1590 4969; x_wconf 81' lang='grc' dir='ltr'>οἱ</span> <span class='ocrx_word' id='word_1_589' title='bbox 1611 4932 1741 4986; x_wconf 82' lang='grc' dir='ltr'>πορ-</span> 
     </span>
    </p>
   </div>
   <div class='ocr_carea' id='block_1_96' title="bbox 181 5005 1737 5078">
    <p class='ocr_par' dir='ltr' id='par_1_96' title="bbox 181 5005 1737 5078">
     <span class='ocr_line' id='line_1_96' title="bbox 181 5005 1737 5078; baseline 0.001 -18"><span class='ocrx_word' id='word_1_590' title='bbox 181 5005 470 5068; x_wconf 79' lang='grc' dir='ltr'>νεύσαντες</span> <span class='ocrx_word' id='word_1_591' title='bbox 493 5007 550 5058; x_wconf 91' lang='grc' dir='ltr'><strong>ἐν</strong></span> <span class='ocrx_word' id='word_1_592' title='bbox 581 5008 691 5070; x_wconf 71' lang='grc' dir='ltr'><strong>τοίς</strong></span> <span class='ocrx_word' id='word_1_593' title='bbox 718 5006 1115 5078; x_wconf 68' lang='grc' dir='ltr'>κατακλυσμοῖς</span> <span class='ocrx_word' id='word_1_594' title='bbox 1136 5007 1428 5072; x_wconf 77' lang='grc' dir='ltr'>ἀπώλοντο,</span> <span class='ocrx_word' id='word_1_595' title='bbox 1455 5009 1546 5062; x_wconf 74' lang='grc' dir='ltr'>καὶ</span> <span class='ocrx_word' id='word_1_596' title='bbox 1568 5011 1616 5063; x_wconf 78' lang='lat' dir='ltr'><strong>ot</strong></span> <span class='ocrx_word' id='word_1_597' title='bbox 1641 5010 1737 5062; x_wconf 81' lang='grc' dir='ltr'><strong>Σο-</strong></span> 
     </span>
    </p>
   </div>
   <div class='ocr_carea' id='block_1_97' title="bbox 178 5095 1261 5172">
    <p class='ocr_par' dir='ltr' id='par_1_97' title="bbox 178 5095 1261 5172">
     <span class='ocr_line' id='line_1_97' title="bbox 178 5095 1261 5172; baseline 0.001 -20"><span class='ocrx_word' id='word_1_598' title='bbox 178 5097 396 5168; x_wconf 78' lang='grc' dir='ltr'>δομῖται</span> <span class='ocrx_word' id='word_1_599' title='bbox 423 5095 759 5170; x_wconf 90' lang='grc' dir='ltr'>ἐθραύθησαν</span> <span class='ocrx_word' id='word_1_600' title='bbox 789 5097 1261 5172; x_wconf 75' lang='grc' dir='ltr'>[συνεκαύθησανῙ.</span> 
     </span>
    </p>
   </div>
   <div class='ocr_carea' id='block_1_98' title="bbox 250 5186 1740 5262">
    <p class='ocr_par' dir='ltr' id='par_1_98' title="bbox 250 5186 1740 5262">
     <span class='ocr_line' id='line_1_98' title="bbox 250 5186 1740 5262; baseline 0.005 -21"><span class='ocrx_word' id='word_1_601' title='bbox 250 5186 340 5242; x_wconf 74' lang='grc'><strong>62.</strong></span> <span class='ocrx_word' id='word_1_602' title='bbox 362 5189 526 5242; x_wconf 82' lang='grc' dir='ltr'>Ὅταν</span> <span class='ocrx_word' id='word_1_603' title='bbox 570 5188 767 5253; x_wconf 86' lang='grc' dir='ltr'>πάντες</span> <span class='ocrx_word' id='word_1_604' title='bbox 812 5188 962 5260; x_wconf 80' lang='grc' dir='ltr'>ὕπνῳ</span> <span class='ocrx_word' id='word_1_605' title='bbox 1003 5191 1327 5260; x_wconf 79' lang='grc' dir='ltr'>κατείχοντο,</span> <span class='ocrx_word' id='word_1_606' title='bbox 1362 5188 1471 5259; x_wconf 71' lang='grc' dir='ltr'>ἐγὼ</span> <span class='ocrx_word' id='word_1_607' title='bbox 1498 5191 1740 5262; x_wconf 68' lang='grc' dir='ltr'>νηφούσῃ</span> 
     </span>
    </p>
   </div>
   <div class='ocr_carea' id='block_1_99' title="bbox 177 5278 1735 5351">
    <p class='ocr_par' dir='ltr' id='par_1_99' title="bbox 177 5278 1735 5351">
     <span class='ocr_line' id='line_1_99' title="bbox 177 5278 1735 5351; baseline 0.003 -22"><span class='ocrx_word' id='word_1_608' title='bbox 177 5279 246 5347; x_wconf 73' lang='grc' dir='ltr'>τῇ</span> <span class='ocrx_word' id='word_1_609' title='bbox 278 5278 482 5350; x_wconf 77' lang='grc' dir='ltr'>διανοίᾳ</span> <span class='ocrx_word' id='word_1_610' title='bbox 506 5278 902 5350; x_wconf 78' lang='grc' dir='ltr'>παριστάμενος</span> <span class='ocrx_word' id='word_1_611' title='bbox 931 5279 1214 5351; x_wconf 86' lang='grc' dir='ltr'>ἐλάτρευόν</span> <span class='ocrx_word' id='word_1_612' title='bbox 1257 5298 1341 5334; x_wconf 83' lang='grc' dir='ltr'><strong>σοι</strong></span> <span class='ocrx_word' id='word_1_613' title='bbox 1385 5282 1447 5335; x_wconf 89' lang='grc' dir='ltr'><strong>ἐν</strong></span> <span class='ocrx_word' id='word_1_614' title='bbox 1483 5279 1735 5350; x_wconf 77' lang='grc' dir='ltr'>ψαλμοῖς,</span> 
     </span>
    </p>
   </div>
   <div class='ocr_carea' id='block_1_100' title="bbox 177 5367 1265 5442">
    <p class='ocr_par' dir='ltr' id='par_1_100' title="bbox 177 5367 1265 5442">
     <span class='ocr_line' id='line_1_100' title="bbox 177 5367 1265 5442; baseline 0.004 -19"><span class='ocrx_word' id='word_1_615' title='bbox 177 5369 274 5423; x_wconf 75' lang='grc' dir='ltr'>καὶ</span> <span class='ocrx_word' id='word_1_616' title='bbox 300 5367 508 5440; x_wconf 74' lang='grc' dir='ltr'>ὕμνοις,</span> <span class='ocrx_word' id='word_1_617' title='bbox 536 5371 629 5425; x_wconf 75' lang='grc' dir='ltr'>καὶ</span> <span class='ocrx_word' id='word_1_618' title='bbox 654 5369 816 5441; x_wconf 79' lang='grc' dir='ltr'>ᾠδαῖς</span> <span class='ocrx_word' id='word_1_619' title='bbox 853 5374 1265 5442; x_wconf 80' lang='grc' dir='ltr'>πνευματικαῖς.</span> 
     </span>
    </p>
   </div>
   <div class='ocr_carea' id='block_1_101' title="bbox 249 5456 1729 5534">
    <p class='ocr_par' dir='ltr' id='par_1_101' title="bbox 249 5456 1729 5534">
     <span class='ocr_line' id='line_1_101' title="bbox 249 5456 1729 5534; baseline 0.003 -21"><span class='ocrx_word' id='word_1_620' title='bbox 249 5456 338 5513; x_wconf 90' lang='grc'><strong>63.</strong></span> <span class='ocrx_word' id='word_1_621' title='bbox 358 5458 525 5530; x_wconf 85' lang='grc' dir='ltr'><strong>ὐρῶν</strong></span> <span class='ocrx_word' id='word_1_622' title='bbox 539 5459 884 5514; x_wconf 76' lang='grc' dir='ltr'>ἕκαστοντῶν</span> <span class='ocrx_word' id='word_1_623' title='bbox 902 5461 1330 5533; x_wconf 86' lang='grc' dir='ltr'>εύαρεστούντων</span> <span class='ocrx_word' id='word_1_624' title='bbox 1349 5481 1454 5526; x_wconf 84' lang='grc' dir='ltr'>σοι,</span> <span class='ocrx_word' id='word_1_625' title='bbox 1473 5464 1729 5534; x_wconf 83' lang='grc' dir='ltr'>σημειοῦ-</span> 
     </span>
    </p>
   </div>
   <div class='ocr_carea' id='block_1_102' title="bbox 180 5546 1731 5621">
    <p class='ocr_par' dir='ltr' id='par_1_102' title="bbox 180 5546 1731 5621">
     <span class='ocr_line' id='line_1_102' title="bbox 180 5546 1731 5621; baseline 0.005 -23"><span class='ocrx_word' id='word_1_626' title='bbox 180 5562 304 5615; x_wconf 86' lang='grc' dir='ltr'>μαι,</span> <span class='ocrx_word' id='word_1_627' title='bbox 344 5546 461 5610; x_wconf 83' lang='grc' dir='ltr'><strong>πῶς</strong></span> <span class='ocrx_word' id='word_1_628' title='bbox 487 5547 710 5612; x_wconf 73' lang='grc' dir='ltr'>ἕκαστος</span> <span class='ocrx_word' id='word_1_629' title='bbox 735 5548 912 5602; x_wconf 76' lang='grc' dir='ltr'>αὐτῶν</span> <span class='ocrx_word' id='word_1_630' title='bbox 944 5550 1300 5616; x_wconf 81' lang='grc' dir='ltr'>πολιτεύεται,</span> <span class='ocrx_word' id='word_1_631' title='bbox 1339 5553 1432 5605; x_wconf 78' lang='grc' dir='ltr'>καὶ</span> <span class='ocrx_word' id='word_1_632' title='bbox 1464 5553 1554 5621; x_wconf 80' lang='grc' dir='ltr'><strong>ἀφ’</strong></span> <span class='ocrx_word' id='word_1_633' title='bbox 1605 5554 1731 5607; x_wconf 82' lang='grc' dir='ltr'>ἐκά-</span> 
     </span>
    </p>
   </div>
   <div class='ocr_carea' id='block_1_103' title="bbox 179 5636 1731 5711">
    <p class='ocr_par' dir='ltr' id='par_1_103' title="bbox 179 5636 1731 5711">
     <span class='ocr_line' id='line_1_103' title="bbox 179 5636 1731 5711; baseline 0.003 -21"><span class='ocrx_word' id='word_1_634' title='bbox 179 5652 306 5690; x_wconf 85' lang='grc' dir='ltr'>στου</span> <span class='ocrx_word' id='word_1_635' title='bbox 343 5636 528 5708; x_wconf 84' lang='grc' dir='ltr'>κρατῶ</span> <span class='ocrx_word' id='word_1_636' title='bbox 571 5642 700 5709; x_wconf 81' lang='grc' dir='ltr'>παρ’</span> <span class='ocrx_word' id='word_1_637' title='bbox 728 5639 966 5711; x_wconf 82' lang='grc' dir='ltr'>ἐμαυτῷ,</span> <span class='ocrx_word' id='word_1_638' title='bbox 1010 5639 1241 5695; x_wconf 82' lang='grc' dir='ltr'>ἐκτελῶν</span> <span class='ocrx_word' id='word_1_639' title='bbox 1288 5641 1418 5696; x_wconf 76' lang='grc' dir='ltr'>αὐτὸ</span> <span class='ocrx_word' id='word_1_640' title='bbox 1465 5642 1539 5705; x_wconf 81' lang='grc' dir='ltr'><strong>ὡς</strong></span> <span class='ocrx_word' id='word_1_641' title='bbox 1590 5643 1731 5696; x_wconf 56' lang='lat' dir='ltr'><strong>Exit.</strong></span> 
     </span>
    </p>
   </div>
   <div class='ocr_carea' id='block_1_104' title="bbox 177 5745 286 5792">
    <p class='ocr_par' dir='ltr' id='par_1_104' title="bbox 177 5745 286 5792">
     <span class='ocr_line' id='line_1_104' title="bbox 177 5745 286 5792; baseline 0.009 -10"><span class='ocrx_word' id='word_1_642' title='bbox 177 5745 286 5792; x_wconf 86' lang='grc' dir='ltr'>νος.</span> 
     </span>
    </p>
   </div>
   <div class='ocr_carea' id='block_1_105' title="bbox 242 5841 688 5908">
    <p class='ocr_par' dir='ltr' id='par_1_105' title="bbox 242 5841 688 5908">
     <span class='ocr_line' id='line_1_105' title="bbox 242 5841 688 5908; baseline -0.002 -11"><span class='ocrx_word' id='word_1_643' title='bbox 242 5845 287 5877; x_wconf 86' lang='grc'><strong>⁸⁹</strong></span> <span class='ocrx_word' id='word_1_644' title='bbox 316 5841 504 5899; x_wconf 68' lang='lat' dir='ltr'><strong>Matth.</strong></span> <span class='ocrx_word' id='word_1_645' title='bbox 532 5858 630 5908; x_wconf 82' lang='lat' dir='ltr'><strong>vn,</strong></span> <span class='ocrx_word' id='word_1_646' title='bbox 659 5844 688 5896; x_wconf 87' lang='lat'><strong><em>1</em></strong></span> 
     </span>
    </p>
   </div>
   <div class='ocr_carea' id='block_1_106' title="bbox 1837 4733 2413 4802">
    <p class='ocr_par' dir='ltr' id='par_1_106' title="bbox 1837 4733 2413 4802">
     <span class='ocr_line' id='line_1_106' title="bbox 1837 4733 2413 4802; baseline -0.005 -15"><span class='ocrx_word' id='word_1_647' title='bbox 1837 4733 1983 4802; x_wconf 85' lang='lat' dir='ltr'><strong>plere</strong></span> <span class='ocrx_word' id='word_1_648' title='bbox 2015 4741 2272 4802; x_wconf 72' lang='lat' dir='ltr'><strong>praecepta</strong></span> <span class='ocrx_word' id='word_1_649' title='bbox 2305 4739 2413 4784; x_wconf 85' lang='lat' dir='ltr'><strong>tua.</strong></span> 
     </span>
    </p>
   </div>
   <div class='ocr_carea' id='block_1_107' title="bbox 1908 4821 3390 4894">
    <p class='ocr_par' dir='ltr' id='par_1_107' title="bbox 1908 4821 3390 4894">
     <span class='ocr_line' id='line_1_107' title="bbox 1908 4821 3390 4894; baseline 0.001 -18"><span class='ocrx_word' id='word_1_650' title='bbox 1908 4825 1995 4878; x_wconf 85' lang='lat'><strong>6|.</strong></span> <span class='ocrx_word' id='word_1_651' title='bbox 2026 4822 2408 4894; x_wconf 82' lang='lat' dir='ltr'><strong>Suggestiones</strong></span> <span class='ocrx_word' id='word_1_652' title='bbox 2429 4821 2823 4876; x_wconf 86' lang='lat' dir='ltr'><strong>contrariarum</strong></span> <span class='ocrx_word' id='word_1_653' title='bbox 2855 4831 3178 4890; x_wconf 86' lang='lat' dir='ltr'><strong>potestatum</strong></span> <span class='ocrx_word' id='word_1_654' title='bbox 3205 4823 3270 4876; x_wconf 88' lang='lat' dir='ltr'><strong>ad</strong></span> <span class='ocrx_word' id='word_1_655' title='bbox 3293 4840 3390 4878; x_wconf 80' lang='lat' dir='ltr'><strong>ex-</strong></span> 
     </span>
    </p>
   </div>
   <div class='ocr_carea' id='block_1_108' title="bbox 1835 4913 3388 4987">
    <p class='ocr_par' dir='ltr' id='par_1_108' title="bbox 1835 4913 3388 4987">
     <span class='ocr_line' id='line_1_108' title="bbox 1835 4913 3388 4987; baseline -0.001 -17"><span class='ocrx_word' id='word_1_656' title='bbox 1835 4915 2087 4970; x_wconf 87' lang='lat' dir='ltr'><strong>citandas</strong></span> <span class='ocrx_word' id='word_1_657' title='bbox 2135 4917 2457 4986; x_wconf 87' lang='lat' dir='ltr'><strong>cupiditates</strong></span> <span class='ocrx_word' id='word_1_658' title='bbox 2493 4913 2545 4967; x_wconf 93' lang='lat' dir='ltr'><strong>in</strong></span> <span class='ocrx_word' id='word_1_659' title='bbox 2582 4929 2666 4967; x_wconf 89' lang='lat' dir='ltr'><strong>me</strong></span> <span class='ocrx_word' id='word_1_660' title='bbox 2699 4913 3062 4987; x_wconf 58' lang='lat' dir='ltr'><strong>su&#39;liingressze</strong></span> <span class='ocrx_word' id='word_1_661' title='bbox 3096 4923 3265 4968; x_wconf 87' lang='lat' dir='ltr'><strong>sunt:</strong></span> <span class='ocrx_word' id='word_1_662' title='bbox 3305 4932 3388 4968; x_wconf 88' lang='lat' dir='ltr'><strong>re-</strong></span> 
     </span>
    </p>
   </div>
   <div class='ocr_carea' id='block_1_109' title="bbox 1835 5005 3386 5076">
    <p class='ocr_par' dir='ltr' id='par_1_109' title="bbox 1835 5005 3386 5076">
     <span class='ocr_line' id='line_1_109' title="bbox 1835 5005 3386 5076; baseline 0 -15"><span class='ocrx_word' id='word_1_663' title='bbox 1835 5008 2086 5062; x_wconf 89' lang='lat' dir='ltr'><strong>cordatus</strong></span> <span class='ocrx_word' id='word_1_664' title='bbox 2108 5017 2287 5061; x_wconf 88' lang='lat' dir='ltr'><strong>autem</strong></span> <span class='ocrx_word' id='word_1_665' title='bbox 2313 5022 2454 5072; x_wconf 90' lang='lat' dir='ltr'><strong>sum,</strong></span> <span class='ocrx_word' id='word_1_666' title='bbox 2491 5005 2634 5076; x_wconf 93' lang='lat' dir='ltr'><strong>quod</strong></span> <span class='ocrx_word' id='word_1_667' title='bbox 2669 5005 3039 5059; x_wconf 85' lang='lat' dir='ltr'><strong>adulterantes</strong></span> <span class='ocrx_word' id='word_1_668' title='bbox 3081 5005 3133 5058; x_wconf 91' lang='lat' dir='ltr'><strong>in</strong></span> <span class='ocrx_word' id='word_1_669' title='bbox 3181 5005 3386 5061; x_wconf 76' lang='lat' dir='ltr'><strong>diluvio</strong></span> 
     </span>
    </p>
   </div>
   <div class='ocr_carea' id='block_1_110' title="bbox 1837 5096 3078 5171">
    <p class='ocr_par' dir='ltr' id='par_1_110' title="bbox 1837 5096 3078 5171">
     <span class='ocr_line' id='line_1_110' title="bbox 1837 5096 3078 5171; baseline -0.004 -18"><span class='ocrx_word' id='word_1_670' title='bbox 1837 5099 2133 5171; x_wconf 85' lang='lat' dir='ltr'><strong>perierunt.</strong></span> <span class='ocrx_word' id='word_1_671' title='bbox 2172 5109 2222 5153; x_wconf 88' lang='lat' dir='ltr'><strong>et</strong></span> <span class='ocrx_word' id='word_1_672' title='bbox 2254 5097 2546 5154; x_wconf 65' lang='lat' dir='ltr'><strong>Sodomita</strong></span> <span class='ocrx_word' id='word_1_673' title='bbox 2576 5096 2906 5152; x_wconf 90' lang='lat' dir='ltr'><strong>concremati</strong></span> <span class='ocrx_word' id='word_1_674' title='bbox 2935 5107 3078 5151; x_wconf 89' lang='lat' dir='ltr'><strong>sunt.</strong></span> 
     </span>
    </p>
   </div>
   <div class='ocr_carea' id='block_1_111' title="bbox 1901 5189 3381 5261">
    <p class='ocr_par' dir='ltr' id='par_1_111' title="bbox 1901 5189 3381 5261">
     <span class='ocr_line' id='line_1_111' title="bbox 1901 5189 3381 5261; baseline -0.001 -15"><span class='ocrx_word' id='word_1_675' title='bbox 1901 5192 1988 5246; x_wconf 68' lang='grc' dir='ltr'><strong>ΒΞ.</strong></span> <span class='ocrx_word' id='word_1_676' title='bbox 2013 5191 2148 5246; x_wconf 88' lang='lat' dir='ltr'><strong>Cum</strong></span> <span class='ocrx_word' id='word_1_677' title='bbox 2178 5206 2367 5248; x_wconf 89' lang='lat' dir='ltr'><strong>omnes</strong></span> <span class='ocrx_word' id='word_1_678' title='bbox 2411 5206 2604 5246; x_wconf 90' lang='lat' dir='ltr'><strong>somno</strong></span> <span class='ocrx_word' id='word_1_679' title='bbox 2656 5189 3073 5253; x_wconf 85' lang='lat' dir='ltr'><strong>detinebantur,</strong></span> <span class='ocrx_word' id='word_1_680' title='bbox 3110 5205 3204 5260; x_wconf 87' lang='lat' dir='ltr'><strong>ego</strong></span> <span class='ocrx_word' id='word_1_681' title='bbox 3235 5190 3381 5261; x_wconf 82' lang='lat' dir='ltr'><strong>vigili</strong></span> 
     </span>
    </p>
   </div>
   <div class='ocr_carea' id='block_1_112' title="bbox 1833 5282 3384 5353">
    <p class='ocr_par' dir='ltr' id='par_1_112' title="bbox 1833 5282 3384 5353">
     <span class='ocr_line' id='line_1_112' title="bbox 1833 5282 3384 5353; baseline -0.001 -14"><span class='ocrx_word' id='word_1_682' title='bbox 1833 5294 2009 5339; x_wconf 88' lang='lat' dir='ltr'><strong>mente</strong></span> <span class='ocrx_word' id='word_1_683' title='bbox 2042 5294 2227 5339; x_wconf 87' lang='lat' dir='ltr'><strong>astans</strong></span> <span class='ocrx_word' id='word_1_684' title='bbox 2258 5284 2556 5339; x_wconf 84' lang='lat' dir='ltr'><strong>serviebam</strong></span> <span class='ocrx_word' id='word_1_685' title='bbox 2607 5282 2702 5337; x_wconf 86' lang='lat' dir='ltr'><strong>tibi</strong></span> <span class='ocrx_word' id='word_1_686' title='bbox 2736 5283 2788 5336; x_wconf 94' lang='lat' dir='ltr'><strong>in</strong></span> <span class='ocrx_word' id='word_1_687' title='bbox 2818 5283 3062 5351; x_wconf 86' lang='lat' dir='ltr'><strong>psalmis,</strong></span> <span class='ocrx_word' id='word_1_688' title='bbox 3093 5293 3147 5336; x_wconf 90' lang='lat' dir='ltr'><strong>et</strong></span> <span class='ocrx_word' id='word_1_689' title='bbox 3169 5283 3384 5353; x_wconf 83' lang='lat' dir='ltr'><strong>hymnis</strong></span> 
     </span>
    </p>
   </div>
   <div class='ocr_carea' id='block_1_113' title="bbox 1831 5375 2552 5443">
    <p class='ocr_par' dir='ltr' id='par_1_113' title="bbox 1831 5375 2552 5443">
     <span class='ocr_line' id='line_1_113' title="bbox 1831 5375 2552 5443; baseline -0.001 -14"><span class='ocrx_word' id='word_1_690' title='bbox 1831 5383 1885 5429; x_wconf 92' lang='lat' dir='ltr'><strong>et</strong></span> <span class='ocrx_word' id='word_1_691' title='bbox 1907 5376 2133 5430; x_wconf 88' lang='lat' dir='ltr'><strong>canticis</strong></span> <span class='ocrx_word' id='word_1_692' title='bbox 2157 5375 2552 5443; x_wconf 82' lang='lat' dir='ltr'><strong>spiritualibus.</strong></span> 
     </span>
    </p>
   </div>
   <div class='ocr_carea' id='block_1_114' title="bbox 1904 5463 3379 5538">
    <p class='ocr_par' dir='ltr' id='par_1_114' title="bbox 1904 5463 3379 5538">
     <span class='ocr_line' id='line_1_114' title="bbox 1904 5463 3379 5538; baseline 0 -20"><span class='ocrx_word' id='word_1_693' title='bbox 1904 5463 1992 5518; x_wconf 88' lang='grc'><strong>65.</strong></span> <span class='ocrx_word' id='word_1_694' title='bbox 2021 5464 2278 5534; x_wconf 87' lang='lat' dir='ltr'><strong>Spectans</strong></span> <span class='ocrx_word' id='word_1_695' title='bbox 2301 5466 2559 5536; x_wconf 86' lang='lat' dir='ltr'><strong>singulos,</strong></span> <span class='ocrx_word' id='word_1_696' title='bbox 2595 5467 2686 5537; x_wconf 93' lang='lat' dir='ltr'><strong>qui</strong></span> <span class='ocrx_word' id='word_1_697' title='bbox 2731 5468 2940 5538; x_wconf 89' lang='lat' dir='ltr'><strong>placent</strong></span> <span class='ocrx_word' id='word_1_698' title='bbox 2971 5465 3064 5519; x_wconf 82' lang='lat' dir='ltr'><strong>tilu</strong></span> <span class='ocrx_word' id='word_1_699' title='bbox 3084 5505 3098 5530; x_wconf 92' lang='lat'><strong><em>,</em></strong></span> <span class='ocrx_word' id='word_1_700' title='bbox 3129 5463 3379 5523; x_wconf 80' lang='lat' dir='ltr'><strong>observo.</strong></span> 
     </span>
    </p>
   </div>
   <div class='ocr_carea' id='block_1_115' title="bbox 1835 5554 3385 5626">
    <p class='ocr_par' dir='ltr' id='par_1_115' title="bbox 1835 5554 3385 5626">
     <span class='ocr_line' id='line_1_115' title="bbox 1835 5554 3385 5626; baseline -0.001 -17"><span class='ocrx_word' id='word_1_701' title='bbox 1835 5556 2106 5624; x_wconf 93' lang='lat' dir='ltr'><strong>quomodo</strong></span> <span class='ocrx_word' id='word_1_702' title='bbox 2135 5555 2362 5626; x_wconf 87' lang='lat' dir='ltr'><strong>quisque</strong></span> <span class='ocrx_word' id='word_1_703' title='bbox 2390 5573 2578 5612; x_wconf 89' lang='lat' dir='ltr'><strong>eorum</strong></span> <span class='ocrx_word' id='word_1_704' title='bbox 2606 5560 2768 5612; x_wconf 87' lang='lat' dir='ltr'><strong>vitam</strong></span> <span class='ocrx_word' id='word_1_705' title='bbox 2816 5556 3068 5618; x_wconf 84' lang='lat' dir='ltr'><strong>instituit,</strong></span> <span class='ocrx_word' id='word_1_706' title='bbox 3101 5567 3154 5610; x_wconf 92' lang='lat' dir='ltr'><strong>et</strong></span> <span class='ocrx_word' id='word_1_707' title='bbox 3199 5569 3230 5608; x_wconf 84' lang='lat' dir='ltr'><strong>a</strong></span> <span class='ocrx_word' id='word_1_708' title='bbox 3268 5554 3385 5608; x_wconf 84' lang='lat' dir='ltr'><strong>sin-</strong></span> 
     </span>
    </p>
   </div>
   <div class='ocr_carea' id='block_1_116' title="bbox 1834 5645 3385 5718">
    <p class='ocr_par' dir='ltr' id='par_1_116' title="bbox 1834 5645 3385 5718">
     <span class='ocr_line' id='line_1_116' title="bbox 1834 5645 3385 5718; baseline -0.002 -20"><span class='ocrx_word' id='word_1_709' title='bbox 1834 5645 1972 5714; x_wconf 89' lang='lat' dir='ltr'><strong>gulis</strong></span> <span class='ocrx_word' id='word_1_710' title='bbox 1995 5645 2197 5714; x_wconf 87' lang='lat' dir='ltr'><strong>aliquid</strong></span> <span class='ocrx_word' id='word_1_711' title='bbox 2223 5645 2492 5714; x_wconf 89' lang='lat' dir='ltr'><strong>accipiens</strong></span> <span class='ocrx_word' id='word_1_712' title='bbox 2517 5654 2673 5701; x_wconf 89' lang='lat' dir='ltr'><strong>teneo</strong></span> <span class='ocrx_word' id='word_1_713' title='bbox 2718 5646 2859 5718; x_wconf 87' lang='lat' dir='ltr'><strong>apud</strong></span> <span class='ocrx_word' id='word_1_714' title='bbox 2911 5662 2996 5702; x_wconf 92' lang='lat' dir='ltr'><strong>me</strong></span> <span class='ocrx_word' id='word_1_715' title='bbox 3035 5646 3232 5716; x_wconf 81' lang='lat' dir='ltr'><strong>ipsum,</strong></span> <span class='ocrx_word' id='word_1_716' title='bbox 3259 5657 3385 5714; x_wconf 85' lang='lat' dir='ltr'><strong>per—</strong></span> 
     </span>
    </p>
   </div>
   <div class='ocr_carea' id='block_1_117' title="bbox 1833 5734 2649 5808">
    <p class='ocr_par' dir='ltr' id='par_1_117' title="bbox 1833 5734 2649 5808">
     <span class='ocr_line' id='line_1_117' title="bbox 1833 5734 2649 5808; baseline 0.006 -21"><span class='ocrx_word' id='word_1_717' title='bbox 1833 5749 1996 5808; x_wconf 84' lang='lat' dir='ltr'><strong>agens</strong></span> <span class='ocrx_word' id='word_1_718' title='bbox 2025 5734 2126 5790; x_wconf 79' lang='lat' dir='ltr'><strong>hoc</strong></span> <span class='ocrx_word' id='word_1_719' title='bbox 2152 5735 2346 5804; x_wconf 85' lang='lat' dir='ltr'><strong>ipsum,</strong></span> <span class='ocrx_word' id='word_1_720' title='bbox 2372 5735 2511 5791; x_wconf 88' lang='lat' dir='ltr'><strong>sicut</strong></span> <span class='ocrx_word' id='word_1_721' title='bbox 2541 5736 2649 5791; x_wconf 88' lang='lat' dir='ltr'><strong>ille.</strong></span> 
     </span>
    </p>
   </div>
  </div>
