4142 6500
758 408 890 463 1187

1589 409 1646 464 8.
1686 408 2050 464 ΑΤΙιΑΝΛΞΙΙ
2088 409 2236 466 ΟΡΡ.
2275 413 2455 470 PARS
2498 415 2582 470 Ill.
2627 446 2694 456 —
2730 417 3145 477 EXEGETICA.

3838 420 3961 476 “88

823 529 912 580 64.
950 526 1309 580 Misericordia
1344 534 1457 590 tua,
1493 526 1741 592 Domine,
1777 530 1930 598 plena
1976 538 2059 584 est
2110 540 2248 586 terra
2281 571 2297 597 ,
2331 538 2376 592 Α

2469 533 2553 588 6i.
2584 534 2688 588 Τοῦ
2710 534 2889 600 ἐλέους
2918 554 3030 600 σου,
3048 537 3241 610 Κύριε,
3265 537 3477 609 πλήρης
3495 539 3529 608 ἡ
3554 538 3650 609 γῆ,
3671 537 3743 592 τὰ
3761 538 3961 594 δικαιῶ⁹

749 618 1161 686 jusrilieationes
1189 627 1310 670 tuas
1340 617 1474 673 doce
1503 633 1606 672 me.

823 704 912 762 65.
947 707 1249 761 Bonitatem
1297 707 1466 761 fecisti
1517 726 1639 763 cum
1699 726 1856 764 servo
1895 722 2022 776 tuo,
2061 711 2305 779 Domine,

753 801 1049 855 secundum
1088 800 1308 852 verbum
1347 809 1522 853 tuum.

821 894 908 944 66.
942 891 1262 953 Biiiiitatein,
1296 900 1349 944 et
1381 892 1744 960 disciplinam.
1772 902 1824 946 et
1849 895 2130 948 scientiam
2167 895 2302 952 doce

753 1000 857 1040 Ine.
890 987 1012 1050 quia
1045 984 1310 1037 mamlatis
1351 983 1458 1037 tuis
1487 985 1712 1038 credidi.

821 1077 907 1128 67.
947 1076 1269 1145 Priusquam
1300 1078 1611 1131 lmmiliarer
1639 1097 1737 1147 ego
1765 1080 1986 1149 deliqui,
2017 1088 2297 1150 propterea

752 1168 1024 1236 eloquium
1051 1179 1202 1223 tuum
1227 1170 1514 1224 custodiri.

819 1257 906 1312 68.
938 1259 1118 1314 Bonus
1140 1277 1197 1313 es
1221 1271 1297 1322 tu,
1323 1269 1377 1314 et
1404 1262 1456 1314 in
1485 1262 1722 1316 bonitate
1743 1273 1834 1317 tua
1867 1263 2001 1318 doce
2025 1280 2110 1318 me
2139 1264 2303 1332 justi-

749 1350 1025 1402 lirationes
1058 1359 1196 1404 tuas.

818 1441 906 1494 69.
941 1441 1288 1511 Multiplicata
1317 1452 1400 1498 est
1427 1460 1590 1512 super
1633 1460 1716 1498 me
1745 1445 2002 1514 iniquitas
2035 1448 2298 1518 superbo-

748 1547 901 1585 rum:
938 1548 1037 1600 ego
1073 1543 1252 1587 autem
1277 1537 1329 1588 in
1357 1543 1469 1589 toto
1498 1537 1660 1588 corde
1686 1551 1804 1589 meo
1832 1537 2120 1592 scrutabor
2149 1554 2300 1592 man-

746 1623 869 1674 data
906 1631 1018 1676 tua.

820 1713 902 1767 76.
939 1715 1291 1784 Coagulatum
1337 1727 1422 1771 est
1465 1718 1610 1772 sicut
1657 1720 1739 1773 lac
1793 1736 1886 1775 eor
1933 1737 2121 1776 eorum
2154 1740 2168 1777 :
2197 1737 2298 1793 ego

749 1818 876 1856 vero
903 1804 1069 1873 legem
1104 1817 1248 1860 tuam
1281 1809 1566 1864 meditatus
1595 1826 1738 1864 sum.

817 1892 902 1944 7i.
944 1892 1147 1948 Bonum
1176 1897 1327 1962 milii,
1356 1900 1480 1967 quia
1510 1900 1802 1955 humiliasti
1832 1918 1936 1966 me,
1982 1913 2039 1957 ut
2089 1904 2295 1959 discam
2332 1895 2369 1948 Β

747 1984 1158 2051 iustiﬁcationes
1181 1996 1324 2042 tuas.

817 2077 902 2130 72.
940 2077 1143 2132 Bonum
1173 2082 1301 2134 mihi
1332 2082 1414 2136 lex
1441 2083 1550 2137 oris
1584 2084 1682 2147 tui,
1714 2101 1875 2152 super
1916 2086 2082 2140 millia
2115 2088 2303 2142 auriet

749 2168 976 2234 argenti.

819 2254 903 2308 75.
929 2255 1120 2312 Manus
1157 2267 1260 2313 tua:
1291 2259 1535 2315 fecerunt
1562 2277 1666 2325 me,
1693 2273 1746 2316 et
1765 2263 2170 2332 plasmavernnt
2195 2282 2299 2332 me,

745 2343 810 2399 da
847 2345 975 2400 mihi
1004 2348 1348 2414 intellectum.
1378 2363 1430 2406 et
1459 2355 1663 2408 discam
1694 2358 1940 2409 mandata
1977 2366 2089 2410 tua.

818 2437 902 2492 74.
945 2439 1045 2506 Qui
1098 2443 1284 2496 tiluent
1307 2453 1358 2496 te
1386 2445 1640 2498 videbunt
1691 2463 1796 2510 nte,
1835 2459 1888 2502 et
1921 2450 2286 2505 lzetabuntur:

740 2528 870 2596 quia
905 2530 958 2583 in
990 2531 1148 2585 verba
1179 2541 1270 2586 tua
1300 2537 1700 2604 supersperavi.

2414 625 2559 695 ματὰ
2587 643 2679 680 σου
2704 626 2910 692 δίδαξόν
2939 647 3026 698 με.

2603 717 2956 790 Χρηστότητα
3001 719 3262 790 ἐποίησας
3308 719 3444 790 μετὰ
3487 721 3583 773 τοῦ
3629 720 3819 775 δούλου
3854 739 3961 786 cm,

2407 806 2595 878 Κύριε,
2629 808 2770 862 κατὰ
2799 810 2890 862 τὸν
2917 809 3072 878 λόγον
3102 828 3216 863 σου.

2472 900 2559 953 66.
2593 900 2968 970 Χρηστότητα,
2998 901 3090 954 καὶ
3112 901 3373 968 παιδείαν,
3399 903 3495 954 καὶ
3525 905 3734 970 γνῶσιν
3765 904 3961 969 δίδαξνὶν

2406 1007 2496 1060 με,
2526 992 2606 1044 ὅτι
2630 995 2746 1054 ταῖς
2779 991 3016 1057 ἐντολαῖς
3043 1011 3135 1046 σου
3164 994 3476 1048 ἐπίστευσα.

2471 1083 2557 1136 6Ἱ.
2591 1084 2702 1155 Πρὸ
2726 1083 2820 1138 τοῦ
2853 1101 2920 1156 με
2953 1085 3348 1156 ταπεινωθῆναι
3389 1085 3499 1154 ἐγὼ
3545 1085 3956 1155 ἑπλημμὲλησα.

2401 1169 2488 1222 διὰ
2515 1171 2669 1224 τοῦτο
2695 1172 2755 1224 τὸ
2789 1171 2967 1241 λόγιόν
3002 1191 3094 1226 σου
3129 1174 3386 1243 ἐφύλαξα.

2471 1262 2559 1316 68.
2589 1264 2832 1335 Χρηστὸς
2881 1260 2932 1318 εἷ
2975 1268 3060 1328 σὺ,
3094 1266 3285 1338 Κύριε,
3315 1267 3408 1319 καὶ
3448 1269 3506 1319 ἐν
3536 1270 3602 1337 τῇ
3640 1268 3958 1337 χρηστότητί

2401 1369 2495 1407 σου
2523 1354 2730 1419 δίδαξόν
2759 1373 2825 1426 με
2856 1356 2924 1410 τὰ
2957 1356 3296 1427 δικαιώματά
3319 1375 3435 1409 σου.

2471 1445 2557 1498 69.
2584 1445 2920 1518 Ἐπληθύνθη
2951 1449 3036 1500 ἐπ’
3066 1449 3163 1517 ἐμὲ
3205 1449 3384 1502 ἀδικία
3416 1449 3816 1520 ὑπερηφανωνο
3855 1451 3958 1516 ἐγὼ

2399 1537 2456 1591 δὲ
2481 1538 2537 1590 ἐν
2569 1538 2662 1609 ὅλῃ
2695 1539 2886 1611 καρδία
2918 1558 3018 1610 μου
3047 1541 3128 1606 ἐξε
3140 1541 3379 1612 ρευνὴσω
3405 1541 3502 1604 τὰς
3527 1542 3747 1605 ἐντολάς
3778 1558 3888 1596 σου.

2470 1719 2555 1771 70.
2578 1718 2853 1789 Ἑτυρώθη
2877 1720 2951 1782 ὼς
2985 1720 3124 1788 γάλα
3154 1720 3188 1792 ἡ
3209 1721 3404 1792 καρδία
3429 1719 3637 1774 αὐτῶνθ
3668 1719 3778 1789 ἐγὼ
3795 1721 3849 1772 δὲ
3870 1737 3956 1772 τον

2398 1809 2560 1879 νόμον
2588 1827 2680 1861 σου
2708 1811 2733 1861 ἐ
2744 1810 3030 1880 μελέτησα.

2469 1902 2551 1953 7l.
2576 1902 2799 1969 Ἀγαθόν
2833 1919 2942 1972 μοι,
2972 1903 3053 1956 ὅτι
3078 1902 3444 1968 ἐταπείνιοσάς
3472 1921 3562 1974 με,
3588 1903 3736 1967 ὅπως
3767 1901 3831 1956 ἂν
3856 1905 3954 1972 μὰ·

2402 1991 2476 2044 θω
2507 1991 2572 2044 τὰ
2594 1992 2939 2064 δικαιώματά
2977 2011 3092 2049 σου.

2470 2082 2556 2136 72.
2581 2084 2805 2150 Ἀγαθός
2839 2103 2926 2155 μοι
2949 2086 2977 2138 ὀ
3001 2085 3164 2156 νόμος
3188 2084 3278 2138 τοῦ
3311 2085 3574 2156 στόματός
3597 2103 3693 2139 σου
3723 2085 3861 2156 ὑπὲρ
3883 2104 3954 2155 χι-

2398 2172 2580 2237 λιάδας
2609 2176 2830 2245 χρυσίου
2864 2179 2956 2230 καὶ
2977 2177 3262 2247 ἀργυρίου.

2467 2263 2555 2317 75.
2588 2267 2650 2316 Αἰ
2674 2265 2849 2336 χεῖρές
2883 2283 2975 2318 σου
2999 2267 3258 2337 ἐποίησάν
3291 2283 3391 2336 με,
3434 2267 3531 2319 καὶ
3574 2264 3817 2318 ἔπλασαν
3862 2281 3948 2334 με,

2395 2357 2666 2409 συνέτισόν
2699 2375 2786 2428 με,
2819 2358 2911 2411 καὶ
2947 2358 3258 2428 μαθήσομαι
3281 2359 3380 2422 τὰς
3413 2357 3634 2419 ἐντολάς
3661 2374 3777 2410 σου.

2475 2448 2559 2500 74.
2592 2449 2654 2501 Οἱ
2688 2447 3009 2519 φοϐούμενοι
3036 2467 3095 2502 σε
3119 2451 3334 2519 ὖψονταί
3379 2467 3476 2519 με,
3515 2450 3610 2503 καὶ
3646 2446 3950 2519 εὐφρανθὴ-

2401 2557 2600 2604 σονται,
2635 2541 2714 2593 ὅτι
2747 2543 2826 2603 είς
2842 2542 2966 2605 τοὺς
2990 2541 3180 2610 λόγους
3214 2559 3306 2595 σου
3332 2541 3627 2613 ἐπήλπισα.

1865 2650 2231 2706 ATIIANASII
2271 2650 2842 2707 INTERPRETATIO.

816 2752 903 2808 64.
933 2750 1049 2807 Non
1076 2764 1157 2808 est
1192 2757 1371 2822 homo,
1409 2759 1564 2828 cujus
1597 2776 1703 2815 non
1754 2763 2082 2826 miserearis.
2137 2773 2298 2835 atque

739 2844 904 2897 etiam
937 2845 1037 2897 mei
1069 2845 1429 2916 misereberis,
1455 2860 1507 2903 et
1528 2852 1747 2906 docebis
1765 2870 1849 2908 me
1875 2855 2297 2924 justiﬁcationcs

741 2945 881 2988 “HIS.

811 3029 900 3081 65.
934 3029 1158 3084 Omnem
1196 3041 1340 3085 tuam
1374 3034 1667 3088 bonitatem
1701 3035 1989 3108 implevisti
2045 3041 2101 3096 in
2158 3058 2242 3099 me
2277 3084 2292 3109 ,

743 3121 1193 3186 quemadmodum
1219 3125 1346 3176 milii
1374 3128 1686 3195 promisisti.

812 3209 896 3262 66.
937 3211 1285 3276 Cliaritatem.
1310 3227 1362 3269 et
1393 3218 1762 3284 lnnnilitatem,
1787 3231 1840 3276 et
1868 3221 2117 3280 virtutem
2143 3224 2294 3283 Scri-

741 3308 1019 3367 pturarum
1057 3313 1267 3358 tuarum
1293 3308 1430 3361 scire
1464 3325 1547 3361 me
1577 3326 1671 3378 per
1708 3314 1933 3384 gratiam
1974 3325 2119 3368 tuam
2160 3335 2292 3372 eon-

739 3393 868 3444 cede
900 3394 1051 3455 mihi,
1082 3395 1208 3462 quia
1235 3398 1436 3451 credidi
1478 3401 1621 3468 quod
1660 3411 1743 3453 est
1798 3404 2084 3460 retributio
2129 3407 2294 3474 justis

738 3491 901 3547 atque
937 3481 1172 3548 injustis.

2463 2767 2550 2820 64.
2586 2767 2698 2818 Οὐκ
2726 2765 2869 2818 ἐστιν
2893 2764 3196 2835 ἄνθρωπος,
3217 2765 3273 2816 δν
3301 2763 3400 2816 οὐκ
3426 2763 3614 2826 ἐλεεῖς,
3637 2763 3784 2835 κάμὲ
3803 2764 3957 2835 £12.},—

2393 2876 2535 2922 σεις,
2559 2860 2650 2911 καὶ
2681 2856 2908 2922 διδάξεις
2938 2874 3004 2928 με
3029 2856 3098 2910 τὰ
3120 2854 3460 2926 δικαιώματα
3487 2872 3602 2907 σου.

2459 3034 2547 3089 65.
2575 3035 2758 3088 Πᾶσαν
2779 3033 2877 3105 τὴν
2897 3035 3249 3107 ἀγαθωσύνην
3272 3053 3364 3088 σου
3384 3035 3710 3106 ἐπλήρωσας
3731 3037 3818 3098 εἰς
3832 3036 3960 3105 ἐμὲ,

2391 3127 2570 3191 καθὼς
2603 3129 2911 3198 ἐπηγγείλω
2940 3146 3046 3198 μοι.

2459 3220 2547 3273 66.
2571 3219 2836 3290 Ἀγάπην,
2866 3219 2960 3273 καὶ
2985 3219 3326 3281 ταπείνωσιν,
3354 3221 3445 3272 καὶ
3475 3219 3572 3287 τὴν
3598 3220 3834 3290 δύναμιν
3849 3214 3958 3271 τῶν

2390 3311 2618 3381 Γραφῶν
2653 3329 2744 3364 σου
2773 3311 2968 3364 ειδέναι
3007 3328 3073 3380 με
3105 3310 3191 3363 διὰ
3218 3310 3312 3380 τῆς
3340 3312 3554 3381 χάριτός
3589 3329 3686 3365 σου
3716 3310 3955 3383 ὥρηααί

2395 3421 2502 3474 μοι,
2548 3404 2627 3456 ὅτι
2672 3403 2982 3466 ἐπίστευσα,
3017 3404 3097 3456 ὅτι
3144 3403 3288 3456 ἔστιν
3336 3404 3696 3468 ἁνταπόδοσις
3735 3405 3953 3457 δικαιῶν.)

2392 3496 2486 3548 καὶ
2515 3494 2732 3549 ἀδίκων.

810 3573 895 3623 67.
933 3571 1248 3642 Priusquam
1300 3576 1595 3645 snlijirerer
1641 3579 1731 3633 tibi
1767 3622 1782 3646 ,
1817 3597 1916 3651 ego
1958 3582 2008 3637 in
2044 3593 2094 3638 te
2123 3587 2288 3642 multa
2319 3565 2359 3624 ε

2461 3587 2548 3641 67.
2575 3587 2684 3656 Πρὸ
2719 3585 2812 3638 τοῦ
2858 3603 2924 3657 με
2955 3584 3286 3655 ὑποταγῆναι
3314 3601 3415 3647 σοι,
3445 3583 3553 3651 ἐγὼ
3597 3585 3681 3647 ei;
3707 3585 3766 3638 σέ
3791 3584 3951 3637 πσυά

741 3664 975 3729 peccavi,
1005 3676 1279 3734 propterea
1329 3685 1490 3735 nunc,
1521 3672 1664 3740 quod
1690 3673 1996 3743 prmcepisti
2016 3675 2170 3740 mihi,
2197 3694 2290 3733 cu-

739 3755 952 3807 SiOtﬁti.

807 3845 893 3897 68.
925 3845 1102 3900 Bonus
1127 3862 1207 3910 es,
1243 3847 1482 3909 Domine,
1501 3860 1552 3902 et
1579 3851 1631 3903 in
1661 3852 1863 3921 Spiritu
1891 3863 1985 3908 tuo
2017 3854 2159 3910 bono
2188 3857 2288 3912 do-

738 3951 798 3987 ee
825 3936 1334 4005 mejustiiicationes
1379 3951 1498 3995 tuas
1526 3953 1579 3996 et
1608 3959 1932 4014 cognoscere
1957 3957 2011 4000 et
2044 3948 2239 4002 facere.

807 4119 890 4174 69.
922 4121 1203 4177 Multitudo
1229 4124 1581 4193 cupiditatum
1637 4138 1688 4180 et
1737 4129 2124 4197 cogitationum
2172 4131 2288 4184 dia-

737 4207 1028 4261 bolicarum
1064 4211 1221 4263 irruit
1247 4212 1298 4264 in
1329 4229 1442 4267 me:
1474 4229 1572 4281 ego
1596 4225 1773 4268 autem
1806 4233 2146 4286 nequaquam
2179 4227 2288 4272 tra-

732 4296 840 4347 didi
876 4296 925 4348 in
954 4297 1095 4365 ipsas
1118 4315 1212 4352 cor
1240 4317 1438 4366 meum,
1472 4319 1594 4356 nam
1639 4314 1871 4359 mentem
1913 4323 2086 4360 meam
2122 4309 2285 4362 liabe-

737 4389 854 4440 bam
889 4388 939 4440 in
966 4391 1243 4460 praeceptis
1271 4395 1398 4447 tuis.

803 4480 888 4533 70.
918 4481 1249 4537 ()bdnratum
1277 4493 1356 4539 est
1386 4500 1480 4541 eor
1507 4503 1718 4553 eorum,
1755 4504 1856 4559 ego
1904 4500 2084 4545 autem
2132 4508 2283 4547 men-

734 4580 835 4623 tem
866 4588 1036 4626 meam
1065 4574 1118 4627 in
1146 4575 1335 4629 timore
1368 4585 1458 4630 tuo
1489 4577 1682 4634 habeo.

800 4663 884 4715 7|.
913 4661 1117 4717 Boiium
1146 4667 1297 4730 mihi,
1332 4666 1477 4737 quod
1520 4669 1922 4725 mansuefecisti
1952 4686 2048 4726 eor
2079 4688 2278 4736 meum,

732 4768 787 4808 ut
815 4755 1077 4823 excipiam
1110 4760 1333 4828 gratiam
1365 4770 1532 4812 tuam.

800 4847 884 4899 72.
920 4845 1079 4900 Bome
1104 4849 1231 4900 milii
1262 4860 1387 4903 sunt
1409 4851 1629 4914 divitiae,
1660 4867 1798 4920 quas
1824 4853 2016 4907 dedisti
2041 4848 2174 4908 mihi
2198 4854 2279 4906 di-

730 4952 856 4989 cens
879 4955 891 4990 :
912 4939 1140 5006 Accipite
1160 4938 1413 5008 Spiritum
1439 4953 1675 4996 sanctum
1693 4943 1863 5013 “,qui
1894 4960 2058 5013 super
2088 4960 2278 4999 omnes

727 5028 1053 5088 divitiasest,
1070 5032 1482 5101 quasqnispiam
1505 5050 1742 5102 unquam
1763 5035 1940 5088 animo
1954 5036 2277 5104 conceperit.

799 5119 883 5170 75.
921 5119 1000 5172 Tu
1031 5121 1098 5173 ab
1125 5121 1294 5183 initio,
1324 5141 1443 5176 eum
1479 5141 1578 5194 ego
1609 5126 1779 5179 lutulu
1814 5141 2013 5187 essem.
2039 5136 2092 5180 et
2116 5137 2280 5189 terra.

727 5207 968 5264 forumsti
1002 5228 1083 5265 me
1113 5215 1402 5267 secundum
1428 5225 1572 5268 tuam
1611 5216 1928 5286 imaginem,
1982 5227 2034 5270 et
2084 5219 2281 5271 simili-

726 5301 987 5364 tudinem,
1017 5313 1070 5356 et
1097 5321 1238 5358 nunc
1275 5317 1586 5374 Corruptuln
1621 5324 1716 5363 eor
1770 5325 1946 5362 meum
1978 5325 2006 5362 ιι
2052 5311 2281 5364 terrenis

725 5393 1172 5460 concupiscentiis
1201 5413 1393 5450 renova
1427 5399 1576 5464 illud,
1598 5409 1650 5452 et
1685 5397 1790 5465 fac,
1823 5415 1944 5453 cum
1974 5410 2063 5453 tua
2095 5401 2271 5469 imago

725 5485 811 5546 sit.
847 5495 903 5539 ut
933 5486 1126 5540 habeat
1154 5487 1204 5540 in
1243 5504 1300 5543 se
1331 5490 1586 5559 inscripta
1622 5503 1883 5562 prmeepta
1919 5501 2037 5546 tua.

792 5577 878 5631 74.
917 5577 1098 5633 Sancti
1151 5580 1227 5634 tui
1262 5591 1314 5634 et
1364 5596 1551 5637 omnes
1599 5584 1772 5655 angeli
1807 5585 1881 5639 tui
1914 5583 2261 5639 exsultabunt

727 5667 961 5724 videntes
994 5672 1134 5739 quod
1170 5687 1255 5724 me
1285 5675 1553 5742 pamituit.

791 5779 834 5808 ⁶⁶
861 5778 1016 5833 Joan.
1047 5798 1134 5840 xx.
1161 5782 1249 5833 96.

2390 3679 2419 3731 ἦ

2413 3680 2654 3749 ζμαρτον,
2676 3677 2761 3730 διὰ
2787 3677 2942 3730 τοῦτο
2963 3677 3054 3730 νῦν
3084 3679 3219 3747 ὅπερ
3249 3675 3493 3729 ἐνετείλω
3524 3693 3642 3746 μοι,
3657 3675 3914 3745 ἐφύλαξα..

2458 3854 2545 3908 68.
2567 3853 2794 3921 Ἀγαθός
2820 3849 2891 3913 εἶ,
2927 3853 3116 3924 Κῦριε,
3145 3852 3240 3905 καὶ
3265 3853 3322 3904 ἐν
3349 3851 3424 3922 τῷ
3449 3851 3732 3923 Πνεύματί
3756 3871 3853 3905 σου
3874 3847 3947 3923 τῷ

2389 3945 2575 4015 ἀγαθῷ
2605 3945 2811 4010 δίδαξόν
2845 3961 2910 4015 με
2935 3945 3002 3998 τὰ
3025 3943 3363 4014 δικαιώματά
3385 3961 3500 4009 σου,
3525 3946 3622 3998 καὶ
3638 3945 3943 4012 γινώσκειν,

2389 4040 2481 4092 καὶ
2514 4041 2704 4092 ποιεῖν.

2455 4130 2542 4184 69.
2578 4128 2784 4200 Πλῆθος
2812 4126 3109 4197 ἐπιθυμιῶν
3133 4126 3226 4179 καὶ
3260 4126 3608 4196 ἐνθυμήσεων
3629 4116 3946 4178 διαὸολικών

2386 4221 2586 4290 ἐπέστη
2621 4237 2709 4291 μοι
2727 4234 2741 4249 °
2769 4216 2877 4286 ἐγὼ
2902 4218 2958 4270 δὲ
2989 4217 3108 4270 οὐδὲ
3132 4216 3266 4279 ὅλως
3295 4215 3533 4282 ἐξέδωκα
3562 4219 3646 4278 εἰς
3683 4217 3826 4269 αὐτα

2386 4314 2609 4383 καρδίαν
2654 4328 2791 4382 μου·
2827 4311 2925 4381 τὴν
2971 4309 3075 4381 γὰρ
3107 4308 3342 4362 διάνοιάν
3391 4325 3492 4379 μου
3529 4302 3676 4376 εἶχον
3720 4309 3802 4370 εἰς
3848 4316 3939 4367 τα,

2385 4405 2600 4467 ἐντολάς
2630 4421 2720 4457 σου
2731 4444 2744 4457 .

2456 4495 2541 4550 70.
2566 4495 2924 4564 Ἐσκλὴρυται
2951 4492 2983 4561 ἡ
3010 4490 3204 4561 καρδία
3236 4489 3434 4551 αὐτῶν,
3463 4488 3574 4559 ἐγὼ
3605 4489 3664 4543 δέ
3701 4490 3804 4561 τὴν
3832 4486 3940 4541 διά*

2383 4585 2527 4638 νοιάν
2563 4601 2661 4654 μου
2687 4585 2764 4647 εἰς
2797 4582 2886 4635 τὸν
2922 4581 3083 4650 φόϐον
3116 4597 3209 4632 σου
3246 4579 3373 4648 ἔχω.

2454 4676 2538 4729 7i.
2565 4674 2792 4744 ’Ᾱγαθόν
2833 4690 2942 4744 μοι,
2977 4673 3059 4726 ὃτι
3097 4673 3370 4742 ἐπράῦνας
3410 4672 3509 4740 τὴν
3557 4672 3782 4744 καρδίαν
3816 4689 3938 4740 μου,

2382 4768 2525 4830 ὅπως
2549 4768 2612 4820 ἂν
2637 4765 2872 4837 δέξωμαι
2896 4765 2995 4837 τὴν
3022 4763 3181 4836 χάριν
3206 4780 3324 4816 σου.

2453 4858 2536 4911 7'2.
2563 4856 2788 4924 Ἀγαθός
2833 4873 2924 4928 μοι
2968 4857 2998 4909 ό
3045 4854 3269 4917 πλοῦτος
3292 4854 3351 4906 ὃν
3377 4852 3580 4917 ἔδωκάς
3615 4871 3704 4924 μοι
3733 4854 3933 4921 λέγων’

2383 4949 2595 5003 Λάϐετε
2623 4949 2860 5017 Πνεῦμα
2891 4947 3059 5016 ἅγιον
3086 4945 3223 5016 ὑπὲρ
3258 4945 3433 4999 πάντα
3467 4945 3716 5008 πλοῦτον,
3750 4945 3809 4998 ὃν
3844 4946 3938 4997 ἐὰν

2378 5056 2458 5102 τις
2486 5038 2781 5108 ἑνθυμηθῄ.

2448 5131 2531 5182 75.
2566 5129 2634 5179 Σὺ
2659 5130 2715 5179 ἐν
2743 5129 2882 5198 ἀρχῇ
2917 5124 3085 5198 πηλὸν
3128 5126 3255 5178 όντα
3285 5145 3374 5196 με,
3405 5129 3500 5182 καὶ
3543 5129 3670 5197 γῆν,
3697 5129 3933 5191 ἔπλασας

2381 5222 2495 5271 κατ’
2527 5219 2707 5271 εἰκόνα
2746 5219 2841 5288 σὴν
2874 5220 2966 5271 καί
2990 5219 3265 5288 ὁμοίωσιν,
3295 5221 3388 5272 καὶ
3411 5219 3504 5271 νῦν
3527 5220 3824 5290 φθαρείσης
3842 5221 3934 5286 τῆς

2382 5311 2601 5380 καρδίας
2631 5327 2731 5379 μου
2768 5308 2870 5361 ὑπὸ
2895 5309 3000 5360 τῶν
3031 5309 3231 5378 γηίνων
3258 5309 3560 5380 ἐπιθυμιῶν
3586 5310 3932 5363 ἀνακαίνισον

2380 5402 2564 5469 αὐτὴν,
2595 5402 2686 5453 καὶ
2717 5400 2958 5469 ποίησον,
2986 5399 3060 5463 ώς
3093 5401 3190 5469 σὴν
3220 5397 3384 5454 οὖσαν
3416 5402 3622 5470 εἰκόνα,
3652 5401 3750 5466 τὰς
3789 5405 3930 5454 ἐντο-

2381 5493 2474 5555 λὰς
2506 5494 2647 5563 ἔχειν
2682 5496 2737 5545 ἐν
2760 5493 2894 5564 αὐτῇ
2926 5492 3399 5562 ἐγγεγραμμένας.

2435 5584 2521 5638 7i.
2555 5585 2617 5638 ΟΞ
2647 5585 2787 5653 ἆγιοί
2825 5602 2917 5637 σου
2946 5585 3038 5636 καὶ
3082 5583 3281 5646 πάντες
3306 5586 3355 5637 0i
3380 5584 3598 5656 ἄγγελοι
3631 5602 3722 5639 σου
3768 5584 3932 5652 ἁγαλι

2379 5674 2648 5728 λιασονται
2672 5675 2927 5746 ὁρῶντες,
2954 5675 3033 5729 ὅτι
3053 5675 3370 5746 μετενόησα.
