4142 6494
185 434 321 493 “89

1025 426 1109 482 DE
1147 422 1421 479 TITUHS
1462 418 1909 475 PSALMORUM.
1959 451 2022 461 —-
2062 417 2256 473 PSAL
2299 415 2533 471 CXVIII.

3282 420 3421 474 H90

255 552 343 607 73.
380 551 607 619 Ἕγνων,
635 545 839 617 Κύριε,
891 545 973 598 δτι
1013 543 1325 613 δικαιοσύνη
1379 541 1445 596 τὶ
1490 539 1734 611 κρίματά

1905 536 1990 590 75.
2013 535 2275 607 Cognovi,
2310 535 2555 598 Domine,
2589 537 2718 604 quia
2751 533 2985 604 aequitas
3029 531 3231 604 judicia
3287 544 3408 601 tua,

185 662 300 704 σου.
328 642 423 696 καὶ
452 639 678 710 ἀληθείᾳ
701 636 1064 698 ὲταπείνωσάς
1099 653 1186 705 με.

254 736 342 790 76.
373 732 657 804 Γενηθήτω
680 730 745 799 δὴ
770 728 831 781 τὺ
859 728 1008 791 ἔλεός
1038 745 1129 780 σου
1163 727 1256 781 τοῦ
1280 726 1657 779 παοακαλέσαι
1680 743 1747 795 με

181 828 327 882 κατά
352 826 411 878 τὸ
438 823 615 891 λόγιόν
647 838 739 875 σου
777 819 855 890 τῷ
880 818 1051 889 δούλῳ
1086 835 1200 871 σου.

255 918 345 972 77.
388 912 717 969 Ἐλθέτωσάν
756 928 847 981 μοι
875 911 924 962 oi
964 908 1236 979 οἰκτιρμοί
1288 924 1380 959 σου
1405 945 1421 971 ,
1456 907 1550 961 καὶ
1590 908 1751 980 ζήσο-

186 1027 309 1079 μαι,
342 1008 422 1060 ὅτι
442 1008 471 1059 ὁ
495 1005 657 1075 νόμος
682 1020 775 1055 σου
810 1000 1009 1071 μελέτη
1042 1017 1143 1071 μου
1182 1000 1351 1053 ἐστίν.

259 1100 348 1153 78.
378 1096 824 1165 Αἰσχυνθήτωσαν
846 1094 1205 1164 ὑπερήφανοι,
1227 1093 1308 1145 ὅτι
1331 1092 1529 1154 ἀδίκως
1548 1092 1755 1163 ήνόμη-

185 1208 288 1244 σαν
340 1192 418 1253 εἰς
462 1188 561 1258 ἐμὲ
585 1204 597 1217 ’
649 1184 760 1254 ἐγὼ
807 1184 864 1238 δὲ
917 1184 1259 1256 ἀῶλεσχήσω
1284 1186 1341 1237 ὲν
1372 1187 1492 1248 ταῖς
1516 1186 1753 1249 ἐντολαῖς

186 1300 304 1336 σου.

260 1374 348 1427 79.
395 1369 901 1443 Ἑπιστρεψάτωσάν
938 1386 1004 1440 με
1037 1370 1087 1421 οἱ
1112 1367 1431 1440 φοϐούμενοί
1474 1386 1556 1430 σε.
1589 1369 1682 1423 καὶ⁸
1706 1369 1757 1424 οἱ

191 1461 557 1531 γινώσκοντες
583 1459 651 1513 τὰ
681 1459 956 1531 μαρτύριά
986 1474 1102 1511 σου.

262 1554 350 1606 8ο.
386 1552 669 1623 Γενηθήτω
690 1554 722 1623 ἡ
749 1552 940 1622 καρδία
967 1568 1068 1621 μου
1087 1552 1315 1622 ἄμωμος
1340 1554 1526 1617 ἐντοῖς
1546 1553 1762 1609 δικαιώ-

193 1644 329 1715 μασί
355 1661 465 1702 σου.
490 1645 638 1706 ὅπως
672 1643 737 1697 ἂν
766 1644 839 1713 μὴ
866 1643 1161 1713 αἰσχυνθώ.

263 1736 351 1790 81η.
396 1735 663 1789 Ἐκλείπει
688 1737 767 1798 εἰς
802 1735 862 1787 τὸ
886 1736 1151 1807 σωτήριόν
1182 1753 1275 1790 σου
1306 1737 1505 1810 ἡψυχὴ
1537 1756 1660 1812 μου,
1680 1740 1760 1804 είς

188 1831 319 1892 τοὺς
350 1829 537 1899 λόγους
572 1845 664 1881 σου
687 1828 979 1900 ὲπήλπισα.

1849 638 1901 682 et
1933 628 1983 680 in
2020 629 2246 682 veritate
2278 636 2367 680 tua
2400 626 2701 679 humiliasti
2735 641 2840 681 me.

1922 719 2007 773 76.
2042 718 2161 774 Fiat
2186 718 2557 774 misericordia
2610 727 2701 771 tua
2751 728 2809 772 ut
2855 718 3172 773 consoletur
3215 735 3299 772 me
3323 734 3411 774 se-

1851 811 2089 867 cuudum
2123 809 2402 879 eloquium
2439 818 2590 863 tuum
2622 825 2781 863 servo
2812 819 2925 864 tuo.

1925 902 2012 955 77.
2054 899 2284 955 Veniant
2313 901 2445 955 milii
2497 901 2876 956 miserationes
2926 910 3053 965 tum,
3110 909 3164 955 et
3200 901 3420 956 vivam:

1855 1001 1981 1066 quia
2010 996 2091 1050 lex
2122 1007 2210 1049 tua
2241 995 2522 1049 meditatio
2553 1010 2668 1048 mea
2698 1002 2804 1048 est.

1926 1087 2013 1143 78.
2041 1087 2461 1142 Confundantur
2493 1087 2737 1156 superbi,
2767 1087 2892 1157 quia
2929 1086 3127 1155 injuste
3159 1087 3414 1157 iniquita—

1854 1188 1961 1235 tem
1998 1182 2243 1233 lecerunt
2270 1180 2322 1233 in
2355 1194 2438 1233 me
2472 1196 2485 1233 :
2523 1196 2623 1248 ego
2657 1191 2837 1233 autem
2871 1180 3164 1233 exere-ebur
3194 1181 3245 1232 in
3273 1196 3425 1233 manv

1856 1271 1998 1327 datis
2022 1272 2151 1325 luis.

1930 1361 2017 1415 79.
2048 1360 2449 1415 Conrertantur
2478 1360 2608 1414 mihi
2643 1360 2898 1415 timentes
2924 1369 2995 1426 te,
3045 1370 3099 1414 et
3126 1362 3218 1430 qui
3257 1377 3422 1415 nore-

1857 1464 2056 1509 verunt
2091 1453 2399 1508 testimonia
2430 1463 2541 1507 tua.

1928 1546 2016 1600 80.
2053 1545 2170 1601 Fiat
2194 1562 2287 1599 cor
2317 1559 2493 1599 meum
2529 1546 2939 1600 immaculatum
2974 1545 3026 1598 in
3076 1544 3426 1615 iustiﬁcatio-

1859 1640 2023 1694 nilius
2049 1638 2179 1704 tuis,
2217 1647 2278 1692 ut
2310 1654 2416 1691 non
2448 1636 2774 1691 confundar.

1932 1730 2020 1785 8|.
2052 1730 2249 1785 Deiecit
2277 1730 2329 1783 in
2368 1728 2606 1783 salutare
2657 1739 2809 1783 tuum
2847 1730 3029 1784 anima
3083 1746 3225 1792 inea,
3274 1740 3329 1786 et
3372 1747 3425 1786 tn

1862 1824 2022 1878 verba
2057 1832 2147 1877 tua
2184 1822 2581 1891 supersperavi.

265 1921 354 1974 82.
400 1921 671 1985 Ἐξέλιπον
703 1923 749 1974 οἱ
777 1921 1044 1991 ὀφθαλμοί
1087 1939 1187 1992 μου
1216 1923 1295 1985 είς
1322 1921 1383 1974 τὸ
1428 1922 1606 1991 λόγιόν
1641 1940 1757 1982 σου.

1927 1914 2017 1969 82.
2054 1913 2376 1968 Defecerunt
2400 1914 2541 1968 oculi
2578 1913 2681 1967 mei
2716 1914 2767 1967 in
2799 1913 3076 1983 eloquium
3115 1923 3290 1981 tuum,
3339 1915 3424 1968 di—

190 2011 467 2079 λέγοντες·
501 2010 637 2063 Πότε
670 2012 1071 2083 παρακαλέσεις
1097 2029 1200 2082 με;

266 2100 353 2153 83.
388 2101 508 2152 Ὅτι
535 2100 797 2171 ἐγενήθην
827 2102 904 2164 ὡς
936 2102 1101 2165 ἀσκὸς
1138 2103 1197 2155 ἐν
1223 2103 1423 2175 πάχνη,
1451 2104 1520 2155 τά
1546 2101 1761 2156 δικαιώ-

195 2192 345 2261 ματά
374 2209 466 2244 σου
496 2193 596 2245 οὐκ
622 2192 988 2264 ἐπελαθόμην.

266 2280 355 2335 84.
382 2282 552 2333 Πόσαι
587 2282 725 2333 εἰσιν
764 2284 819 2335 αἱ
852 2283 1057 2354 ἡμέραι
1104 2284 1197 2337 τοῦ
1232 2284 1417 2338 δούλου
1444 2302 1576 2351 σου;
1628 2287 1756 2340 ποτε

193 2375 442 2443 ποιήσεις
471 2390 559 2443 μοι
586 2375 649 2426 ἐκ
679 2373 788 2426 τῶν
811 2375 1257 2429 καταδιωκόντιον
1293 2396 1360 2448 με
1395 2378 1611 2450 κρίσιν;

268 2462 354 2517 85.
382 2464 718 2533 Διηγήσαντὸ
763 2482 854 2535 μοι
908 2468 1210 2539 παράνομοι
1253 2469 1587 2540 ἀδολεσχίας,
1641 2470 1757 2523 ἀλλ’

190 2556 293 2626 οὐχ
317 2554 390 2620 ὡς
423 2556 452 2608 ὁ
480 2555 641 2627 νόμος
674 2575 790 2625 σου,
827 2559 1017 2632 Κύριε.

1858 2019 2074 2063 centes:
2110 2007 2337 2074 Quando
2363 2007 2734 2062 consolaberis
2758 2007 2886 2060 me?

1927 2102 2013 2156 85.
2051 2101 2187 2168 Quia
2228 2100 2404 2155 factus
2425 2116 2545 2155 sum
2578 2101 2719 2156 sicut
2752 2110 2870 2154 nter
2896 2101 2947 2154 in
2980 2103 3211 2170 pruina:
3264 2101 3425 2158 iusti-

1863 2198 2145 2251 ticationes
2181 2205 2305 2249 luas
2341 2210 2447 2247 non
2479 2209 2599 2248 smn
2633 2195 2855 2247 olditns.

1934 2289 2018 2343 84.
2050 2287 2191 2354 Qnot
2216 2295 2342 2341 sunt
2365 2286 2479 2341 dies
2513 2285 2655 2340 servi
2699 2285 2818 2339 tui?
2865 2284 3085 2355 quando
3144 2286 3313 2341 facies
3358 2286 3429 2340 de

1863 2379 2315 2450 pensi-quentibus
2350 2394 2433 2431 me
2462 2376 2771 2446 judicium?

1931 2470 2021 2522 85.
2052 2468 2418 2521 Narraverunt
2469 2468 2598 2520 milii
2654 2466 2823 2521 ini-'ni
2873 2466 3278 2533 l'abulationcs,
3332 2468 3427 2524 sed

1863 2576 1971 2614 non
2003 2571 2059 2612 tu
2091 2560 2170 2613 lex
2197 2573 2309 2623 tua,
2347 2557 2593 2611 Domine.

1312 2715 1682 2770 A'l‘llANASlI
1729 2710 2313 2769 INTERPRETATIO.

268 2882 357 2936 75.
386 2880 679 2944 Φωτισθεὶς
712 2880 819 2935 ὑπὸ
851 2882 950 2953 τῆς
969 2882 1191 2954 χάριτός
1225 2900 1319 2936 σου
1351 2882 1542 2953 ἔγνων.
1571 2884 1652 2937 ὅτι
1687 2883 1763 2936 δίο

198 2972 332 3026 καιά
364 2974 468 3026 είσι
492 2972 559 3025 τά
585 2973 981 3044 προστάγματά
1013 2991 1106 3026 σου
1132 3018 1145 3039 ,
1196 2975 1291 3027 καὶ
1332 2975 1474 3045 ἆπερ
1503 2976 1766 3045 ἀπεφήνω

184 3065 259 3117 ’ὲν
282 3065 465 3127 αὐτοῖς
491 3065 609 3115 κατ’
640 3063 773 3134 ἐμοῦ
800 3063 892 3117 τοῦ
914 3064 1238 3134 ἀμαρτωλοῦ
1268 3065 1492 3128 δικαίως
1534 3065 1760 3135 ὥρισας.

272 3158 360 3211 76.
401 3156 556 3211 Ἀλλά
581 3156 742 3209 πάλιν
768 3156 973 3225 γένοιτο
1002 3156 1062 3208 τὸ
1092 3155 1238 3218 ἔλεός
1276 3172 1370 3209 σου
1417 3156 1767 3228 παραμυθού-

1940 2882 2027 2937 75.
2067 2881 2408 2936 llluminatns
2458 2882 2629 2951 gratia
2680 2890 2771 2936 tua
2818 2879 3069 2951 cognovi.
3109 2883 3253 2952 quod
3289 2883 3434 2952 jnsta

1865 2986 1992 3032 sunt
2047 2983 2308 3042 praecepta
2345 2982 2469 3037 tua,
2504 2983 2558 3026 et
2607 2989 2728 3040 qme
2783 2972 2835 3024 in
2892 2972 3023 3040 ipsis
3073 2979 3437 3041 pronuntiasti

1865 3076 2056 3121 contra
2092 3083 2173 3119 me
2202 3076 2564 3135 peccatorem,
2590 3065 2739 3134 juste
2766 3064 3077 3120 deﬁnivisti.

1937 3159 2024 3213 7'6.
2053 3156 2156 3211 Sed
2205 3174 2395 3212 rursus
2441 3157 2535 3211 ﬁat
2588 3155 2955 3210 misericordia
3011 3166 3098 3209 tua
3145 3159 3436 3213 consolans

200 3251 361 3321 μενέν
384 3267 473 3320 με,
494 3250 574 3303 ὃτι
594 3247 766 3311 οὕτως
788 3243 1057 3312 εἴπας-Οὐ
1071 3250 1367 3319 βούλομαι
1389 3249 1494 3303 τὸν
1512 3252 1764 3303 θάνατον

1871 3267 1976 3315 me,
2012 3252 2268 3320 quoniam
2313 3250 2382 3305 ita
2410 3251 2592 3305 dixisti
2626 3268 2639 3305 :
2698 3248 2839 3302 Nolo
2886 3261 3102 3302 mortem
3125 3255 3437 3319 peccatoris,

194 3342 309 3396 τοῦ
338 3338 799 3411 ἀμαρτωλοῦ,ὠς
828 3343 891 3393 τὸ
922 3341 1273 3409 ἐπιστρέψαι
1310 3343 1406 3397 καὶ
1443 3342 1549 3413 ζῆν
1563 3346 1764 3398 αὐτόν.

272 3434 359 3487 77.
402 3433 792 3504 Ἐπισκηνὼσει
820 3434 853 3503 ἡ
882 3432 1041 3503 χάρις
1064 3450 1157 3486 σου
1186 3435 1266 3497 εἰς
1292 3434 1415 3505 ἐμὲ,
1447 3437 1540 3488 καὶ
1569 3453 1771 3507 νεκρω-

199 3523 363 3576 θέντα
394 3539 461 3592 με
490 3524 594 3575 ὑπὸ
620 3525 717 3593 τῆς
733 3523 1004 3594 ἁμαρτίας
1026 3523 1373 3595 ζωοποιήσει,
1407 3525 1489 3579 ὅτι
1512 3527 1768 3598 ἠρξάμην

201 3615 435 3685 μελετᾷν
466 3614 556 3668 τὸν
586 3614 747 3684 νόμον
780 3631 894 3669 σου.

275 3704 358 3757 78.
388 3704 836 3775 Αἱσχυνθήτωσαν
858 3706 915 3758 αί
942 3705 1179 3760 ἐναντίαι
1203 3706 1478 3778 δυνάμεις.
1502 3709 1583 3761 δτι
1608 3702 1767 3763 αὗταί

201 3811 271 3862 με
310 3792 783 3866 ὲξῃχμαλώτισαν·
840 3794 950 3864 ἐγὼ
1004 3795 1060 3850 δὲ
1088 3798 1366 3869 ἐπιστήσω
1393 3798 1490 3870 τὴν
1529 3799 1768 3855 διάνοιάν

202 3900 306 3951 μου
337 3885 415 3946 είς
443 3883 511 3936 τὰ
544 3883 824 3955 θελήματά
856 3903 973 3941 σου.

272 3974 360 4027 79.
389 3975 793 4043 Κατηχήσουσι,
843 3980 937 4031 καὶ
987 3979 1289 4045 διδάξουσιν
1322 3984 1371 4036 οί
1421 3983 1637 4054 ἔχοντες
1668 3986 1767 4058 τὴν

200 4064 362 4135 χάριν
395 4080 509 4127 σου,
538 4066 631 4117 καὶ
660 4066 859 4131 εἰδότες
905 4069 1005 4139 τὴν
1036 4070 1265 4143 δύναμιν
1303 4074 1411 4127 τῶν
1454 4077 1625 4144 ἁγίων
1673 4095 1767 4132 σου

201 4154 312 4220 Γρα
321 4153 452 4222 φῶν.

271 4245 361 4297 80.
393 4245 790 4318 Καθαρισθήτω
822 4250 854 4319 ἡ
901 4250 1095 4323 καρδία
1143 4269 1243 4323 μου
1274 4254 1379 4307 ὑπὸ
1410 4256 1510 4327 τῆς
1545 4256 1767 4328 χάριτός

201 4353 299 4389 σου
333 4339 414 4402 είς
440 4338 509 4393 τά
534 4339 875 4406 δικαιώματά
901 4361 1016 4408 σου,
1045 4345 1119 4416 μὴ
1148 4346 1344 4417 ἔχουσα
1368 4349 1425 4402 ὲν
1458 4351 1621 4421 ἑαυτῇ
1649 4351 1769 4404 ἐπι-

201 4429 460 4501 Ἷυμίανῆ
496 4434 749 4504 φροντίδα
794 4435 1010 4507 γηίνην,
1041 4438 1128 4492 ἴνα
1160 4439 1236 4510 μὴ
1284 4440 1445 4495 πάλιν
1493 4444 1768 4513 αἰσχυνθῶ

198 4523 282 4583 εἰς
309 4521 371 4573 τὸ
403 4521 552 4592 βῆμά
586 4540 700 4579 σου.

1872 3346 1960 3398 sed
1984 3354 2036 3395 ut
2070 3353 2425 3408 convertatur,
2448 3353 2496 3396 et
2528 3344 2665 3396 vivat
2705 3344 2771 3396 ".

1942 3435 2027 3489 77.
2068 3434 2281 3489 llabitet
2310 3437 2479 3505 gratia
2510 3445 2599 3488 tua
2631 3435 2682 3487 iu
2716 3450 2822 3498 uie,
2852 3442 2906 3487 et
2951 3448 3035 3485 me
3066 3443 3338 3488 mortuum
3369 3437 3440 3491 ob

1869 3535 2149 3594 peccatum
2198 3526 2513 3590 viriticabit,
2571 3525 2833 3594 quoniam
2880 3522 3017 3591 cmpi
3082 3524 3327 3578 meditari
3362 3524 3440 3580 le-

1868 3633 1987 3687 gem
2018 3627 2186 3671 tuam.

1939 3709 2027 3763 78.
2063 3708 2401 3763 EI'I'bt‘SCﬂlll
2438 3709 2727 3763 contraria:
2775 3718 3089 3779 putes-tales.
3125 3713 3264 3779 quod
3324 3712 3438 3783 ipse

1870 3817 1955 3857 me
1985 3803 2038 3857 in
2082 3802 2448 3872 captivitatem
2478 3801 2824 3871 redegerunt,
2861 3822 2959 3879 ego
2991 3817 3169 3862 autem
3208 3806 3436 3883 [irritatio

1870 3905 2104 3950 mentem
2138 3910 2313 3948 meam
2343 3894 2394 3947 in
2434 3895 2717 3963 pra-tmpus
2754 3895 2880 3948 tuis.

1946 3985 2033 4041 79.
2067 3986 2364 4050 lustruent,
2418 3996 2471 4039 et
2508 3985 2807 4050 docebunt,
2841 3988 2934 4055 qui
2967 3987 3166 4041 habent
3206 3990 3437 4057 gratiam

1871 4088 2040 4144 luam,
2069 4090 2123 4134 et
2169 4080 2261 4146 qui
2312 4093 2579 4135 noverunt
2613 4089 2933 4151 potestatem
2975 4094 3288 4137 sanctarum
3327 4093 3441 4137 tua-

1870 4189 1989 4227 rum
2028 4170 2453 4241 Scripturarum.

1938 4260 2027 4316 80.
2063 4261 2397 4317 Emundetur
2434 4278 2529 4318 cor
2567 4279 2746 4319 meum
2780 4282 2808 4320 a
2842 4265 3014 4335 gratia
3050 4275 3139 4321 tua
3176 4266 3227 4319 in
3276 4277 3440 4334 ,ustl-

1868 4351 2209 4407 ﬂcationibus
2239 4353 2367 4415 tuis.
2398 4370 2504 4408 non
2533 4355 2737 4411 halnms
2763 4357 2813 4409 in
2862 4373 3045 4426 seipso
3081 4356 3435 4427 cupiditatem

1867 4454 1921 4499 et
1960 4462 2145 4501 curam
2177 4458 2513 4501 terrenarum
2570 4464 2778 4515 rerum,
2817 4465 2883 4503 ne
2922 4465 3113 4504 rursus
3135 4450 3442 4506 confundar

1868 4548 1992 4591 ante
2028 4550 2178 4591 tuum
2213 4538 2468 4592 tribunal.

272 4610 361 4704 81.
392 4612 530 4704 Attia?
564 4613 756 4704 ηψυχή
789 4633 888 4687 μου
914 4618 1010 4689 τὴν
1038 4621 1309 4693 σωτηρίαν
1338 4639 1430 4676 σου
1462 4621 1547 4697 [τὸ
1589 4626 1764 4697 σωτή-

1938 4629 2027 4683 81.
2067 4629 2191 4683 Sitit
2218 4630 2399 4683 anima
2437 4645 2554 4685 mea
2573 4631 2812 4687 salutare
2844 4640 3021 4698 tuum,
3065 4642 3187 4704 pota
3221 4650 3304 4689 me
3328 4636 3439 4691 elo-

201 4700 320 4771 ριὸν
343 4717 435 4753 σου
452 4700 493 4774 ],
527 4702 744 4756 πότισόν
768 4722 834 4775 με
857 4706 927 4759 τὰ
946 4707 1103 4775 λόγιά
1125 4727 1239 4764 σου.

271 4792 360 4845 82.
410 4791 700 4865 Ἐξετάκην
718 4796 835 4860 ὅλος
862 4799 957 4851 ἀπ’
986 4799 1281 4871 ἐπιθυμίας
1313 4804 1615 4876 μεριμνῶν,
1639 4808 1767 4860 πότε

199 4880 443 4944 ποτίσεις
466 4900 535 4953 με
567 4882 665 4956 τὴν
686 4886 846 4957 χάριν
880 4905 992 4943 σου.

270 4970 360 5025 85.
387 4970 517 5060 ῙΟτι
548 4974 875 5048 ὲνεκρὼθην.
908 4980 999 5031 καὶ
1022 4980 1323 5053 ὲξηράνθην
1351 4985 1408 5037 ὲν
1430 4988 1494 5056 τῇ
1524 4987 1765 5060 ἁμαρτίᾳ

200 5078 329 5131 μου,
358 5055 498 5123 οἶδα,
532 5064 625 5116 καὶ
652 5066 989 5136 μνημονεύω,
1018 5069 1096 5121 ὅτι
1127 5067 1285 5134 εἴπας
1313 5074 1370 5125 ὲν
1397 5078 1508 5139 τοῖς
1544 5076 1763 5130 δικαιώ-

200 5153 340 5225 μασί
375 5169 468 5205 σου
492 5152 584 5207 τὸν
605 5156 924 5227 ἁμαρτωλὸν
956 5160 1469 5233 ἀντιλαμϐάνεσθαι.

270 5246 360 5300 δι.
399 5246 576 5310 Πόσας
602 5248 766 5314 ἄλλας
804 5251 912 5322 ἔχω
933 5252 1093 5323 ζῆσαι
1121 5257 1365 5327 ἡμέρας
1404 5260 1534 5314 πότε
1575 5262 1765 5315 τοσοῦ-

199 5355 291 5390 τον
341 5338 529 5410 χρόνον
555 5338 714 5395 δώσει
760 5341 991 5418 [δώσεις]
1038 5364 1127 5417 μοι
1159 5350 1406 5415 ἐξουσίαν
1456 5357 1642 5406 πατεῖν
1672 5355 1763 5408 ἐπὶ

198 5432 381 5484 πᾶσαν
421 5432 521 5502 τὴν
548 5432 774 5505 δύναμιν
805 5436 899 5489 τοῦ
923 5439 1117 5511 ἐχθροῦ
1150 5439 1294 5512 [τῶν
1327 5445 1594 5516 ἐχθρῶν],
1639 5448 1761 5501 ὅσον

198 5522 352 5576 αὐτοί
389 5542 479 5594 μοι
501 5526 995 5585 κατεδυνάστευσαν
1016 5549 1029 5597 ;

268 5615 356 5670 83.
405 5617 699 5672 ’Υπέθεντό
750 5639 853 5692 μου
881 5624 942 5677 τὸ
973 5626 1234 5698 πρότερον
1284 5630 1332 5682 οί
1362 5629 1613 5701 δαίμονες
1667 5632 1767 5699 τὰς

200 5708 409 5766 ἑαυτῶν
432 5712 668 5777 ἀπάτας,
703 5715 815 5768 ἀλλ’
838 5718 934 5787 οὐχ
960 5718 1033 5783 ὡς
1065 5720 1129 5775 σὺ
1158 5719 1331 5786 θέλεις
1350 5761 1365 5788 ,
1396 5722 1586 5794 Κύριε.

272 5868 311 5899 ⁸³
339 5866 538 5923 Ezecli.
573 5884 744 5937 xxxii,
775 5870 828 5925 τὶ.

1867 4720 2013 4790 quiis
2044 4721 2171 4775 tuis.

1935 4809 2022 4862 82.
2057 4809 2433 4881 Consumptus
2470 4827 2590 4866 sum
2616 4821 2762 4867 totus
2788 4813 2860 4867 οι)
2890 4815 3220 4870 desiderium
3276 4818 3438 4874 anxie

1864 4902 2131 4969 cogitans,
2168 4907 2386 4969 quando
2428 4919 2514 4957 me
2548 4905 2759 4972 potabis
2783 4907 2953 4975 gratia
2987 4918 3097 4961 tua.

1932 4992 2021 5045 85.
2049 4991 2319 5058 Quoniam
2355 4996 2716 5050 mortiticatus
2766 5010 2908 5061 sum,
2958 5008 3012 5052 et
3059 4998 3330 5054 arefactus
3380 5000 3435 5055 in

1864 5095 2088 5153 peccato
2116 5102 2260 5148 tuen,
2289 5087 2409 5140 novi
2441 5098 2493 5141 et
2542 5089 2859 5143 recordatus
2891 5107 3033 5154 sum,
3065 5092 3207 5159 quod
3250 5092 3434 5146 dixisti

1863 5178 1972 5231 tuis
1995 5178 2046 5230 in
2069 5176 2563 5245 jnstiﬁeationibus
2584 5181 2861 5249 suscipere
2889 5192 3246 5248 peceatorem.

1929 5268 2020 5321 84.
2046 5267 2189 5333 Quot
2220 5268 2311 5321 alii
2349 5267 2478 5321 mihi
2510 5278 2806 5340 supersunt
2857 5270 2974 5325 dies
3022 5272 3185 5327 vitae?
3217 5272 3437 5343 quando

1860 5368 2010 5414 tanto
2051 5372 2295 5430 tempore
2343 5361 2498 5417 dabis
2541 5362 2674 5416 mihi
2720 5370 3038 5432 potestatem
3079 5364 3431 5419 conculcandi

1860 5468 2076 5508 omnem
2108 5454 2457 5510 inimicorum
2504 5458 2825 5527 potentiam,
2874 5468 3079 5525 quanto
3114 5460 3215 5527 ipsi
3263 5460 3316 5513 in
3348 5475 3436 5516 me

1860 5546 2123 5600 doudnati
2150 5547 2321 5602 sunt?

1932 5638 2020 5693 85.
2058 5638 2431 5694 Subdideruut
2459 5641 2591 5695 milii
2616 5642 2888 5697 dmmones
2909 5642 3166 5714 pristinas
3191 5659 3322 5700 suas
3344 5643 3437 5700 fal-

1865 5729 2057 5797 lacias,
2096 5732 2191 5789 sed
2226 5748 2335 5789 non
2364 5733 2826 5803 quemadmodum
2860 5741 2914 5789 tu
2949 5734 3051 5801 vis,
3086 5732 3330 5791 Domine.
