4142 6480
737 425 868 481 1191

1538 415 1594 470 S.
1636 412 2004 468 ATHANASII
2045 412 2194 469 OPP.
2235 407 2414 465 PARS
2454 409 2538 463 ΙΙΙ.
2579 436 2643 449 -
2687 405 3097 462 EXEGETICA.

3826 398 3957 453 H92

806 535 895 589 86.
931 532 1123 586 Omnia
1154 530 1403 585 mandata
1429 539 1520 583 tua
1546 528 1781 583 veritas:
1817 528 2000 597 inique
2020 525 2283 597 persecuti
2317 530 2359 583 Α

2455 522 2541 576 86.
2572 522 2815 577 Πᾶσαιαί
2842 519 3048 574 ἐντολαί
3076 536 3166 572 σου
3186 517 3413 588 ἀλήθεια
3434 534 3445 545 ·
3472 515 3677 577 ἀδίκως
3710 513 3961 567 κατεδίω-

736 639 865 682 suut
894 642 998 688 me,
1034 625 1225 694 adjnva
1261 638 1366 677 me.

806 718 893 774 87.
927 717 1094 772 Paulo
1154 716 1334 770 minus
1368 720 1886 768 consummaverunt
1919 726 2001 765 me
2032 710 2087 765 in
2122 719 2288 772 terra,

740 826 839 880 ego
864 818 1040 862 autem
1070 823 1175 861 non
1204 805 1464 874 dereliqui
1494 805 1747 858 mandata
1778 812 1890 857 tua.

805 895 894 949 88.
927 891 1243 947 Secundum
1286 889 1711 944 misericordiam
1761 898 1907 941 tuam
1943 885 2154 941 vivitlca
2185 901 2292 949 me,

735 993 789 1038 et
820 982 1122 1039 custodiam
1157 978 1463 1033 testimonia
1501 978 1615 1032 oris
1651 977 1753 1031 tui.

806 1073 895 1131 89.
926 1076 983 1127 In
1005 1082 1286 1136 aztcrnum,
1315 1070 1561 1133 Domine,
1593 1069 1813 1124 verbum
1847 1077 1995 1122 tuum
2017 1078 2295 1137 permanet

737 1177 793 1215 \n
826 1163 965 1216 caelo
984 1180 996 1214 :

807 1252 893 1308 90.
926 1251 981 1305 ln
1008 1251 1410 1323 generationem
1443 1258 1498 1303 et
1525 1250 1923 1318 generationem
1949 1249 2145 1304 veritas
2178 1258 2290 1307 tua:

739 1339 974 1397 fundasti
1014 1356 1233 1405 terram,
1253 1351 1305 1395 et
1332 1347 1632 1410 permanet.

809 1437 898 1490 9t.
934 1434 1285 1489 Ordinatione
1337 1443 1424 1486 tua
1479 1443 1785 1503 perseverat
1840 1434 1999 1490 dies:
2035 1435 2292 1505 quoniam

736 1528 917 1582 omnia
948 1528 1193 1581 serviunt
1223 1526 1342 1580 tibi.

806 1619 896 1673 92.
928 1615 1041 1673 Nisi
1082 1617 1226 1687 quod
1281 1618 1363 1672 lex
1405 1628 1495 1672 tua
1545 1618 1826 1673 meditatio
1867 1634 1985 1674 mea
2031 1629 2136 1683 est,
2166 1627 2295 1673 tunc

736 1710 873 1765 forte
900 1710 1182 1781 periissem
1215 1710 1266 1763 in
1305 1709 1609 1763 humilitate
1635 1724 1775 1763 mea.

805 1804 894 1856 95.
934 1802 988 1857 In
1041 1810 1304 1856 aeternum
1362 1817 1467 1855 non
1536 1800 1827 1857 obliviscar
1876 1800 2293 1870 juSIiticationes

736 1904 879 1958 tuas,
912 1894 1113 1964 quiain
1144 1893 1275 1963 ipsis
1306 1892 1591 1946 vlvitlcasti
1635 1908 1740 1947 me.

806 1986 895 2042 94.
924 1986 1076 2039 Tuus
1099 2000 1218 2039 sum
1249 1999 1371 2054 ego,
1403 1985 1612 2039 salvum
1643 2000 1728 2040 me
1760 1983 1845 2040 fac
1874 2002 1887 2039 :
1922 1985 2178 2054 quoniam
2202 1985 2293 2055 ju-

738 2076 1091 2133 stitlcationes
1112 2085 1231 2131 tuas
1268 2076 1556 2145 exquisivi.

810 2168 897 2223 95.
936 2166 1017 2221 Me
1046 2176 1496 2237 exspectaverunt
1534 2178 1873 2237 peccatores,
1924 2179 1980 2223 ut
2011 2168 2297 2239 perderent

738 2277 844 2324 me,
873 2260 1181 2316 testimonia
1207 2266 1299 2313 tua
1331 2258 1593 2312 intellexi.

803 2350 891 2406 96.
916 2350 1105 2407 Omnis
1121 2348 1603 2404 consummationis
1619 2348 1724 2403 vidi
1745 2348 1904 2404 tinem
1926 2371 1935 2403 :
1959 2349 2124 2403 latum
2150 2366 2301 2403 man-

734 2440 920 2496 datum
955 2451 1106 2495 tuum
1134 2440 1319 2494 nimis.

2397 614 2489 678 ξάν
2523 632 2607 684 με.
2643 613 2902 685 βοήθησον
2934 629 3042 683 μοι.

2462 706 2550 761 87.
2586 705 2740 778 Παρά
2774 704 2944 775 βραχὺ
2976 701 3323 756 συνετέλεσάν
3356 717 3421 771 με
3454 702 3513 753 ἐν
3547 701 3615 769 τῇ
3640 701 3739 769 γῇ,
3769 698 3879 765 ἐγὼ
3909 696 3959 749 ἃ

2392 796 2493 848 οὐκ
2525 795 2879 863 ἐγκατέλιπον
2916 793 3012 856 τὰς
3031 793 3248 857 ἐντολάς
3285 809 3397 846 σου.

2462 887 2547 940 88.
2586 887 2741 942 Κατά
2767 886 2827 939 τὸ
2855 886 3001 950 ἔλεός
3032 902 3125 939 σου
3150 884 3315 957 ζῆσόν
3351 901 3417 955 με
3441 923 3456 949 ,
3494 883 3590 936 καὶ
3647 879 3868 951 φυλάξω
3898 880 3957 930 τὰ

2397 978 2669 1050 μαρτύρια
2698 976 2791 1033 τοῦ
2817 977 3084 1050 στόματός
3108 994 3221 1031 σου.

2463 1068 2548 1122 89.
2582 1070 2676 1133 Είς
2697 1068 2788 1122 τὸν
2812 1068 3004 1134 αίῶνα,
3034 1067 3230 1140 Κύριε,
3264 1067 3293 1120 ὁ
3313 1064 3470 1135 λόγος
3500 1080 3595 1118 σου
3638 1060 3885 1131 διαμένει
3910 1060 3955 1111 ὲν

2393 1160 2469 1232 τῷ
2496 1162 2553 1213 οὐ
2563 1159 2705 1231 ρανῷ
2720 1176 2733 1189 ’

2463 1252 2549 1307 90.
2578 1254 2670 1317 Είς
2696 1253 2885 1321 γενεὰν
2920 1252 3011 1306 καὶ
3036 1253 3227 1322 γενεὰν
3256 1252 3291 1321 ἠ
3331 1248 3559 1319 ἀλήθειά
3606 1264 3703 1300 σου
3727 1261 3739 1273 ·
3781 1242 3961 1296 ternae

2396 1346 2593 1409 λίωσας
2615 1347 2711 1415 τὴν
2739 1346 2861 1415 γῆν,
2887 1347 2981 1400 καὶ
3004 1342 3269 1414 διαμένει.

2463 1436 2550 1491 9|.
2586 1438 2664 1509 Τῇ
2688 1437 2924 1502 διατάξει
2960 1454 3054 1491 σου
3098 1434 3340 1507 διαμένει
3379 1430 3585 1504 ἡμέρα,
3622 1429 3800 1483 ὅτιτά
3832 1426 3962 1495 min»

2396 1548 2572 1585 πάντα
2596 1529 2758 1584 δοῦλα
2785 1530 2871 1583 σά.

2464 1620 2550 1677 9⁸2,
2588 1622 2648 1674 Et
2684 1620 2760 1691 μὴ
2786 1621 2867 1674 ὅτι
2901 1620 2929 1672 ὁ
2960 1619 3121 1689 νόμος
3156 1635 3250 1672 σου
3282 1617 3478 1691 μελέτη
3523 1630 3626 1685 μου
3658 1611 3797 1673 ἐστὶ,
3842 1609 3957 1662 τότε

2393 1713 2460 1768 ἂν
2486 1713 2783 1785 ἀπωλόμην
2813 1714 2871 1765 ἐν
2898 1714 2965 1782 τῇ
2994 1710 3316 1763 ταπεινώσει
3348 1725 3470 1779 μου.

2465 1805 2551 1861 93.
2590 1806 2685 1869 Είς
2716 1805 2805 1859 τὸν
2831 1804 3003 1858 αίῶνα
3035 1803 3095 1856 οὐ
3134 1803 3207 1874 μὴ
3238 1799 3583 1870 ἐπιλάθωμαι
3614 1794 3724 1850 τῶν
3746 1794 3960 1846 δικαιωο

2326 1888 2365 1943 Β
2398 1897 2583 1969 μάτων
2618 1914 2733 1958 σου,
2768 1897 2849 1950 ὅτι
2884 1897 2940 1949 ὲν
2970 1897 3154 1959 αὐτοῖς
3187 1892 3384 1964 ἐζησάς
3419 1908 3505 1963 με.

2462 1989 2530 2043 94
2575 1990 2673 2053 Σὸς
2701 1990 2815 2061 είμι
2844 1988 2977 2059 ἐγὼ,
3014 1987 3184 2042 σῶσόν
3234 2002 3324 2057 με,
3378 1985 3461 2038 ὅτι
3504 1981 3578 2036 τά
3620 1976 3961 2047 δικαιώματά

2396 2097 2488 2133 σου
2520 2081 2839 2152 ἑξεζήτησα.

2464 2170 2551 2225 95.
2594 2171 2722 2240 Ἐμὲ
2748 2172 3047 2241 ὑπέμειναν
3082 2166 3396 2241 ἁμαρτωλοὶ⁸
3430 2163 3527 2217 τοῦ
3569 2161 3834 2216 ἀπολέσαι
3871 2176 3956 2231 με,

2395 2262 2464 2314 τὰ
2496 2262 2767 2333 μαρτύριά
2791 2280 2883 2315 σου
2916 2262 3139 2333 συνῆκα.

2467 2353 2553 2408 96.
2589 2356 2774 2425 Πάσης
2800 2355 3109 2418 συντελείας
3148 2349 3284 2407 εἶδον
3329 2352 3523 2423 πέρας,
3560 2349 3795 2402 πλατεῖα
3821 2347 3853 2416 ἡ
3877 2345 3962 2396 ἐν·

2398 2445 2523 2517 τολή
2558 2463 2649 2499 σου
2679 2446 2902 2519 σφόδρα.

1847 2557 2216 2613 ATHANASII
2263 2560 2845 2621 INTERPRETATIO.

805 2665 889 2722 86.
924 2664 1056 2720 Novi
1084 2667 1620 2737 quodjustusjudex
1646 2682 1705 2723 es
1743 2669 1796 2722 in
1831 2684 2059 2725 omnes:
2094 2670 2302 2739 fugien—

733 2772 787 2818 te
809 2779 893 2817 me
917 2765 985 2817 ab
1012 2763 1166 2833 ipsis.
1192 2773 1248 2817 et
1278 2765 1492 2820 volente
1520 2767 1585 2818 ad
1622 2774 1671 2819 te
1716 2768 1920 2827 venire,
1964 2767 2057 2835 qui
2102 2781 2300 2821 secun-

735 2856 863 2907 dum
896 2864 1142 2907 naturam
1174 2853 1435 2911 Dominus
1473 2873 1622 2912 meus
1656 2873 1734 2919 es,
1760 2867 2161 2927 persequuntur
2213 2875 2298 2913 me

735 2955 1037 3015 quzcrentes
1062 2961 1145 2999 me
1174 2948 1423 3015 praedari,
1453 2948 1648 3019 adjuva
1675 2966 1783 3003 me.

2467 2676 2553 2733 86.
2587 2674 2733 2740 Οἶδα,
2765 2678 2844 2731 ὅτι
2894 2679 3099 2743 δίκαιος
3141 2677 3333 2749 κριτὴς
3366 2670 3417 2727 εἴ
3444 2676 3521 2737 είς
3556 2670 3767 2735 πάντας
3788 2689 3801 2701 ·
3834 2669 3960 2738 φεύ-

2398 2768 2582 2836 γοντός
2608 2785 2707 2839 μου
2743 2770 2835 2821 ἀπ’
2859 2770 3058 2833 αὐτῶν,
3090 2769 3184 2823 καὶ
3223 2767 3467 2829 θέλοντος
3511 2764 3686 2817 ἐλθεῖν
3721 2762 3858 2834 πρὸς
3903 2762 3959 2814 σὲ

2395 2859 2484 2912 τὸν
2516 2860 2655 2914 κατά
2678 2859 2837 2929 φύσιν
2861 2879 2961 2933 μου
2997 2862 3290 2931 Δεσπότην,
3340 2858 3740 2915 καταδιώκουσι
3775 2875 3843 2930 με
3872 2855 3962 2928 CT,-

2392 2951 2608 3014 τοῦντες
2639 2952 2884 3023 ἁρπάσαι
2913 2969 2979 3023 με
3002 2968 3015 2980 θ
3052 2952 3317 3025 βοήθησον
3344 2970 3453 3023 μοι.

807 3035 898 3130 87.
926 3035 1001 3091 lta
1029 3038 1201 3093 valide
1252 3041 1307 3094 in
1344 3056 1429 3095 me
1475 3042 1771 3104 irruerunt,
1812 3048 1871 3093 ut
1917 3041 2077 3109 paulo
2111 3042 2292 3097 minus
2325 3073 2367 3130 ο

2468 3042 2553 3097 87.
2580 3042 2764 3108 Οὕτως
2796 3045 3030 3118 ίσχυρῶς
3056 3045 3331 3118 ἐπέϐησάν
3363 3064 3452 3117 με,
3477 3048 3560 3101 ὅτι
3589 3051 3743 3121 παρά
3774 3055 3963 3127 μικρὸν

736 3129 1138 3184 interfecissent
1162 3146 1245 3185 me
1281 3132 1333 3185 in
1368 3139 1629 3200 peccato;
1678 3146 1777 3199 ego
1809 3142 1987 3186 autem
2039 3134 2091 3186 in
2135 3135 2296 3190 corde
2341 3129 2350 3130 ί

2399 3134 2741 3190 ἐθανάτωσαν
2779 3156 2845 3209 με
2878 3141 2935 3191 ὲν
2959 3142 3026 3211 τῇ
3048 3140 3293 3213 ἁμαρτίᾳ
3313 3155 3325 3167 ·
3363 3142 3474 3212 ἐγὼ
3495 3142 3552 3197 δέ
3593 3145 3652 3197 ἐν
3675 3148 3743 3217 τῇ
3772 3149 3964 3220 καρδία

736 3234 857 3274 meo
901 3219 1145 3273 dicebam
1203 3220 1397 3274 anima:
1445 3236 1617 3276 mete:
1655 3220 1960 3278 Recordare
2014 3223 2143 3290 quid
2196 3224 2293 3279 tibi

736 3310 1053 3379 prmceperit
1078 3310 1239 3365 Deus.

805 3399 897 3455 88.
937 3399 1402 3466 Quemadmodum
1456 3403 1821 3459 misericordia
1884 3413 1974 3458 tua
2031 3405 2294 3459 immensa

734 3499 789 3544 et
815 3491 1202 3562 investigabilis
1224 3504 1327 3556 est,
1360 3496 1431 3549 ita
1464 3498 1693 3566 gratiam
1727 3504 1873 3550 tuam
1896 3496 1961 3551 da
1992 3497 2123 3550 mihi
2157 3497 2294 3550 vivi-

737 3582 985 3639 ﬁcantem
1016 3601 1121 3653 me,
1174 3596 1229 3640 et
1278 3586 1512 3656 implebo
1559 3598 1826 3658 pracepta
1861 3604 1982 3658 qua
2023 3591 2292 3645 mandasti

737 3674 889 3728 mihi.

805 3765 892 3820 89.
922 3764 980 3818 In
1006 3766 1188 3829 corde,
1222 3767 1275 3821 in
1315 3781 1424 3836 quo
1477 3766 1815 3823 familiariter
1866 3770 2159 3837 inhabitas,
2207 3771 2293 3825 in-

737 3865 1015 3912 cessanter
1046 3868 1130 3912 est
1158 3859 1406 3913 voluntas
1441 3868 1552 3913 tua.

806 3945 894 4001 90.
930 3945 984 3999 In
1017 3950 1239 4011 sanctis,
1271 3949 1363 4017 qui
1401 3949 1549 4002 omni
1579 3957 1815 4017 tempore
1847 3951 2295 4020 complacuerunt

747 4038 863 4105 tibi,
894 4054 1017 4092 vere
1050 4048 1133 4093 est
1168 4039 1298 4094 ﬁdes
1330 4050 1453 4094 tua:
1500 4039 1739 4095 fundasti
1789 4044 2051 4097 mundum
2099 4043 2153 4097 in
2189 4045 2293 4099 title

736 4135 849 4192 tua,
876 4138 926 4182 et
956 4140 1118 4197 porta:
1144 4130 1417 4200 inferi‘nou
1439 4132 1790 4200 praevalebunt
1819 4134 2064 4188 adversus
2084 4152 2201 4189 eam
2225 4137 2291 4190 ".

806 4329 892 4383 9|.
927 4327 1079 4385 Dono
1120 4331 1411 4401 gratiarum
1465 4339 1677 4385 tuarum
1737 4342 2013 4401 permanet
2049 4333 2139 4389 lux
2174 4344 2288 4402 tua,

2401 3243 2500 3297 μου
2523 3227 2704 3296 ελεγον
2732 3232 2796 3299 τῇ
2822 3230 2967 3301 ψυχῇ
3007 3248 3106 3301 μου
3132 3249 3145 3261 ’
3181 3234 3500 3305 Μνημόνενε
3524 3237 3576 3290 τί
3608 3254 3693 3291 σοι
3728 3241 3964 3294 mem-

2395 3336 2484 3371 ται
2514 3322 2542 3372 ὁ
2568 3319 2715 3383 Θεός.

2465 3412 2552 3466 88.
2589 3411 2783 3477 Καθὼς
2814 3414 2873 3467 τὸ
2902 3413 3047 3479 ἔλεός
3072 3416 3165 3468 σου
3181 3415 3509 3490 ἀμέτρητον,
3537 3418 3633 3472 καὶ
3658 3420 3961 3492 ἀνεξιχνία-

2398 3502 2520 3555 στόν
2553 3505 2717 3567 ἐστιν,
2754 3502 2894 3557 οὕτω
2924 3505 3023 3577 τὴν
3077 3506 3236 3578 χάριν
3267 3523 3361 3560 σου
3376 3507 3464 3571 δὸς
3496 3525 3586 3579 μοι
3612 3509 3715 3581 τὴν
3742 3510 3961 3576 ζωοποι-

2394 3592 2557 3647 οῦσάν
2586 3612 2675 3665 με,
2704 3596 2796 3649 καὶ
2824 3596 3093 3668 πληρὼσω
3120 3598 3189 3651 τά
3214 3600 3632 3671 προστάγματα,
3656 3603 3694 3658 ἀ
3718 3606 3963 3660 ἐνετείλω

2398 3703 2508 3758 μοι.

2463 3779 2550 3833 89.
2587 3779 2677 3841 Ei;
2701 3778 2796 3849 τὴν
2835 3778 3080 3850 καρδίαν,
3116 3780 3174 3833 ἐν
3207 3774 3241 3855 ᾖ
3283 3781 3499 3846 οἰκείως
3539 3786 3958 3859 ἐμπεριπατεῖς,

2394 3869 2685 3933 ἀπαύστως
2707 3869 2824 3922 ἐστὶ
2856 3870 2915 3923 τὸ
2942 3870 3153 3941 θέλημά
3184 3889 3296 3928 σου.

2463 3961 2550 4017 90.
2582 3962 2675 4024 Είς
2701 3963 2827 4026 τοὺς
2852 3962 3040 4032 ἁγίους
3069 3966 3196 4028 τοὺς
3224 3964 3345 4020 καθ’
3379 3967 3620 4043 ἐκάστην
3662 3975 3958 4047 εὐαρεστιξ-

2396 4054 2593 4118 σαντάς
2618 4071 2697 4108 σοι
2726 4055 2893 4121 ὅντως
2927 4056 3073 4110 ἐστὶν
3104 4059 3138 4128 ἡ
3187 4057 3366 4123 πίστις
3415 4076 3507 4114 σου
3530 4079 3543 4091 θ
3592 4065 3958 4137 ἐθεμελίωσας

2394 4148 2483 4201 τὸν
2538 4148 2738 4219 κόσμον
2786 4149 2844 4200 ἐν
2889 4152 2955 4219 τῇ
2982 4150 3161 4203 πίστει
3202 4168 3317 4216 σου,
3358 4155 3457 4208 καί
3494 4156 3685 4211 πύλαι
3714 4159 3865 4225 ᾅδου
3888 4166 3957 4217 οὐ

2396 4240 2875 4307 κατισχύσουσιν
2917 4238 3128 4306 αὐτῆς.

2466 4328 2555 4382 9i.
2582 4330 2660 4399 Τῇ
2697 4328 2877 4401 δωρεᾲ
2926 4330 3034 4383 τῶν
3062 4332 3419 4403 χαρισμάτων
3466 4352 3559 4390 σου
3619 4338 3863 4414 διαμένει
3900 4344 3957 4397 τὸ

736 4422 991 4491 quoniam
1022 4431 1076 4477 tu
1104 4421 1364 4479 Dominus
1393 4439 1452 4480 es
1484 4425 1810 4490 caelestium,
1844 4434 1897 4481 et
1926 4429 2291 4494 terrestrium,
2328 4419 2374 4477 D

2400 4419 2514 4489 φῶς
2542 4436 2656 4482 σου,
2677 4420 2757 4473 ὅτι
2787 4421 3141 4493 ἐπουρανίων,
3172 4423 3264 4476 καὶ
3284 4424 3542 4494 ἐπιγείων
3572 4430 3668 4482 καὶ
3698 4432 3957 4504 καταχθοο

736 4522 792 4566 et.
829 4511 1181 4567 infernarum.

807 4603 893 4657 92.
919 4602 1031 4658 Nisi
1088 4605 1276 4659 saltem
1326 4622 1469 4660 nunc
1505 4606 1789 4677 coepissem
1853 4608 2062 4665 discere
2128 4611 2296 4681 legem

738 4704 907 4757 tuam.
944 4696 1034 4750 sed
1076 4697 1397 4752 mansissem
1422 4707 1479 4753 ut
1526 4700 1695 4768 prius,
1723 4702 2036 4759 omnimode
2088 4706 2296 4774 peritu-

739 4803 832 4842 rus
853 4803 999 4843 eram
1036 4789 1090 4843 in
1130 4800 1349 4860 peccato
1380 4806 1525 4847 meo.

807 4877 893 4933 93.
926 4876 1040 4933 Non
1090 4881 1273 4951 utique
1310 4882 1600 4938 obliviscar
1654 4885 1969 4955 passionum
2024 4899 2242 4947 tuarum
2276 4934 2290 4958 ,

738 4970 992 5040 quoniam
1025 4986 1108 5026 me
1139 4983 1406 5029 mortuum
1439 4979 1699 5047 sanguine
1731 4988 1822 5034 tuo
1883 4983 2187 5039 viviticasti.

807 5148 894 5202 94.
919 5146 1153 5203 Omnino
1190 5151 1461 5205 redemisti
1493 5169 1577 5209 me
1605 5155 1843 5225 pretioso
1872 5164 1967 5212 tuo
2008 5160 2295 5230 sanguine;

739 5240 887 5294 salva
909 5255 1013 5305 me,
1030 5241 1305 5310 quoniam,
1323 5244 1503 5299 audita
1531 5247 1912 5315 pradicatione
1928 5258 2042 5314 tua,
2069 5253 2294 5309 credidi.

808 5331 897 5387 95.
932 5330 1013 5385 Me
1040 5334 1406 5402 quaesiverunt
1432 5340 1716 5395 contrariae
1736 5350 2037 5410 potestates
2065 5345 2295 5413 perdere

741 5419 795 5473 in
826 5420 1160 5490 idololatria;
1191 5426 1331 5479 dicta
1360 5437 1539 5483 autem
1574 5446 1604 5484 a
1636 5437 1689 5487 te
1733 5432 1801 5488 de
1850 5432 1959 5489 ﬁde
2014 5434 2068 5490 in
2120 5445 2171 5491 te
2198 5474 2215 5501 ,
2247 5447 2302 5493 et

741 5526 835 5582 spe
863 5514 1087 5569 audiens
1107 5516 1338 5572 credidi.

812 5689 897 5742 96.
931 5688 1119 5745 Omnis
1151 5690 1353 5760 gloriae,
1390 5705 1442 5750 et
1481 5698 1712 5754 carnalis
1745 5699 2030 5771 voluptatis
2065 5701 2172 5757 vidi
2224 5702 2287 5757 tl-

821 5829 863 5862 "
894 5826 1079 5884 Matth.
1107 5842 1216 5892 va,
1246 5828 1311 5882 18

2397 4511 2523 4564 νίων
2553 4510 2712 4574 αὐτὸς
2734 4511 3032 4577 δεσπόζεις.

2466 4602 2554 4658 92.
2588 4602 2650 4655 Ei
2677 4604 2751 4675 μὴ
2780 4602 2882 4659 κᾶν
2906 4604 3000 4658 νῦν
3034 4606 3289 4679 ἠρξάμην
3327 4608 3621 4679 μανθάνειν
3662 4611 3756 4666 τὸν
3804 4616 3957 4685 νόμον

2400 4712 2513 4759 σου,
2542 4694 2654 4749 ἀλλ’
2679 4696 2886 4768 ἔμεινον
2908 4695 3078 4760 οὕτως
3096 4697 3170 4762 ὡς
3194 4698 3254 4751 τὸ
3279 4699 3562 4770 πρότερον,
3594 4705 3759 4758 παντὶ
3778 4708 3957 4778 τρόπῳ

2399 4782 2541 4857 εἶχον
2578 4786 2870 4842 ἀπολέσθαι
2900 4788 2957 4841 ἐν
2981 4791 3047 4860 τῇ
3074 4789 3314 4861 ἁμαρτία
3340 4807 3461 4861 μου.

2467 4878 2551 4933 95.
2588 4878 2700 4932 Οὐκ
2731 4877 2795 4931 ἂν
2820 4879 3162 4951 ὲπιλάθωμαί
3187 4898 3314 4935 ποτε
3347 4882 3458 4937 τῶν
3486 4885 3831 4959 παθημάτων
3848 4906 3953 4951 σου,

2395 4972 2475 5023 ὅτι
2502 4970 2692 5041 νεκρόν
2725 4987 2789 5040 με
2808 4970 2937 5026 δντα
2955 4973 3012 5027 ἐν
3042 4972 3118 5044 τῷ
3134 4973 3325 5045 αἵματί
3351 4993 3445 5030 σου
3475 4977 3747 5054 ἐζωοποίη
3774 4981 3955 5055 [ἐζωο-

2396 5059 2669 5132 ποίησας].

2466 5155 2552 5209 94.
2601 5155 2966 5228 Ἐξηγόρασάς
2989 5173 3055 5228 με
3081 5158 3158 5229 τῷ
3179 5152 3342 5229 τιμίῳ
3368 5176 3462 5213 σου
3493 5162 3684 5232 αίματι
3716 5164 3953 5230 τελείως·

2403 5242 2573 5297 σῶσόν
2600 5262 2686 5315 με,
2714 5247 2815 5305 ὅτι.
2843 5246 3079 5310 ἀκούσας
3109 5246 3170 5301 τδ
3203 5250 3464 5320 κήρυγμά
3496 5268 3611 5318 σου,
3640 5254 3954 5311 ἐπίστευσα.

2472 5335 2557 5390 95.
2600 5338 2729 5406 Ἐμέ
2763 5338 3031 5411 ἐζήτησαν
3050 5342 3106 5396 αί
3129 5342 3363 5396 ἐναντίαι
3399 5342 3659 5417 δυνάμεις
3697 5348 3955 5404 ἀπολέσαι

2404 5428 2541 5501 ἐντῇ
2569 5429 2973 5504 είδωλολατρείᾳ
2994 5448 3009 5465 ⁸
3030 5432 3099 5487 τὰ
3131 5432 3188 5486 δέ
3222 5434 3476 5505 λεχθέντα
3510 5439 3666 5509 παρά
3701 5440 3798 5493 σοῦ
3833 5440 3954 5511 περὶ

2403 5520 2503 5591 τῆς
2541 5523 2619 5585 είς
2656 5521 2713 5574 σὲ
2743 5522 2974 5589 πίστεως
3019 5524 3112 5579 καὶ
3142 5524 3350 5590 ἐλπίδος
3376 5525 3607 5581 ἀκοῦσαι
3640 5527 3952 5603 [ἀκούσας]

2404 5611 2711 5667 ἐπίστευσα.

2470 5701 2553 5756 96.
2584 5704 2767 5775 Πάσης
2786 5705 2961 5777 δόξης,
3002 5708 3096 5763 καὶ
3146 5708 3493 5776 ἀπολαύσεως
3523 5715 3791 5787 σαρκικῆς
3824 5710 3955 5773 εἶδον
