4142 6484
192 426 344 480 1193

1054 429 1141 479 ut.
1181 424 1453 482 TITULIS
1489 420 1941 477 PSALMOIIUM.
1979 453 2047 465 —
2090 423 2286 478 PSAL.
2328 424 2559 481 CXVIII.

3295 430 3430 485 1194

264 541 355 594 97.
401 538 488 599 Ὠς
515 537 774 608 ἠγάπησα
805 538 897 590 τὸν
933 554 1094 608 νόμον
1136 555 1249 601 σου,
1292 537 1483 607 Κύριε,
1517 535 1645 605 ὃλην
1671 534 1767 603 τὴν

1941 531 2029 589 97.
2068 531 2138 586 Iit
2158 533 2319 589 dilexi
2344 535 2514 606 legem
2542 544 2712 598 tuam,
2739 534 2989 601 Domine,
3012 544 3126 592 tota
3151 543 3238 594 die
3264 557 3433 597 med:-

187 629 407 700 ἡμέραν
451 628 644 698 μελέτη
675 627 776 697 μού
809 631 972 680 ἐστιν.

264 719 352 772 98.
401 718 567 789 ’Υπὲρ
594 721 716 782 τοὺς
737 717 962 788 ἐχθρούς
990 735 1091 789 μου
1126 718 1383 787 ἐσόφισάς
1408 734 1474 786 με
1502 716 1598 787 τὴν
1625 719 1771 769 ἐντο-

190 809 296 880 λήν
327 826 447 862 σουο
483 811 562 862 ὅτι
597 812 675 871 εἰς
698 810 790 862 τὸν
822 810 994 863 αἰῶνα
1023 809 1146 879 ἐμοί
1176 811 1344 862 ἐστιν.

264 898 354 953 99.
403 899 570 970 ’Υπὲρ
617 900 824 963 πάντας
858 901 984 962 τοὺς
1023 899 1372 961 διδάσκοντάς
1417 915 1483 969 με
1539 898 1769 968 συνῆκα,

191 993 278 1044 ὃτι
311 992 377 1044 τὰ
408 991 679 1064 μαρτύριά
709 1010 801 1044 σου
833 992 1028 1062 μελέτη
1062 991 1162 1062 μού
1184 993 1348 1045 ἐστιν.

271 1083 388 1136 100.
429 1083 599 1153 ’Υπὲρ
623 1083 1025 1154 πρεσϐυτέρους
1056 1084 1281 1152 συνῆκα,
1312 1082 1393 1134 ὃτι
1434 1080 1534 1144 τὰς
1556 1079 1773 1143 ἐντολάς

193 1191 292 1227 σου
328 1173 648 1242 ὲξεζήτησα.

269 1265 390 1319 101.
429 1266 522 1317 Ἐκ
553 1265 730 1336 πάσης
775 1264 896 1317 ὁδοῦ
930 1265 1170 1335 πονηρᾶς
1200 1263 1448 1317 ἐκώλυσα
1495 1265 1621 1326 τοὺς
1674 1262 1773 1314 πό-

192 1353 292 1416 δας
322 1372 442 1424 μου,
468 1355 615 1417 ὅπως
643 1354 708 1406 ἂν
731 1353 952 1422 φυλάξω
982 1355 1106 1417 τοὺς
1134 1354 1324 1422 λόγους
1356 1369 1471 1406 σου.

268 1445 388 1499 102.
438 1447 570 1499 Ἀπὸ
601 1447 709 1499 τῶν
736 1447 1018 1518 κριμάτων
1049 1464 1143 1499 σου
1163 1447 1264 1500 οὐκ
1291 1445 1559 1510 ἐξέκλινα·
1590 1446 1673 1499 ὅτι
1708 1445 1772 1498 σὺ

194 1539 592 1609 ἐνομοθέτησάς
628 1558 717 1611 με.

270 1631 392 1686 103.
443 1633 529 1696 Ὠς
580 1631 784 1699 γλυκέα
845 1631 923 1704 τῷ
955 1631 1188 1702 λάρυγγί
1227 1649 1330 1702 μου
1368 1630 1436 1686 τὰ
1463 1631 1622 1700 λόγιά
1657 1649 1770 1699 σου,

200 1721 344 1793 ὑπὲρ
369 1723 488 1793 μέλι
516 1724 592 1794 τῷ
627 1723 853 1794 στόματί
889 1740 1011 1794 μου.

269 1813 392 1868 104.
429 1814 562 1866 Ἀπὸ
616 1815 724 1866 τῶν
777 1814 1006 1867 ἐντολῶν
1066 1831 1159 1867 σου
1192 1814 1420 1885 συνῆκα·
1474 1813 1566 1868 διὰ
1614 1813 1772 1868 τοῦτο

193 1904 433 1974 ἐμίσησα
462 1906 640 1957 πᾶσαν
666 1907 784 1959 ὁδὸν
826 1905 1062 1969 ἀδικίας.

268 1996 390 2050 103.
418 1997 622 2066 Λύχνος
651 2000 762 2060 τοῖς
785 1997 912 2050 ποσί
950 2013 1051 2066 μου
1075 1998 1104 2049 ό
1141 1997 1306 2068 νόμος
1356 2014 1473 2062 σου,
1504 1997 1597 2050 καὶ
1651 1995 1768 2066 φῶς

191 2091 316 2151 ταῖς
340 2087 546 2159 τρίδοις
571 2107 693 2159 μου.

271 2180 387 2234 106.
435 2183 666 2252 Ὥμοσα,
709 2182 800 2235 καὶ
825 2180 1026 2250 ἔστησα
1060 2179 1154 2233 τοῦ
1185 2180 1525 2249 φυλάξασθαι
1559 2180 1624 2232 τὰ
1648 2180 1771 2251 κρί-

196 2290 346 2342 ματα
377 2273 474 2344 τῆς
505 2274 846 2342 δικαιοσύνης
872 2289 986 2326 σου.

1873 625 2002 677 tatio
2029 640 2147 678 mea
2181 635 2282 680 est.

1937 714 2026 770 98.
2049 714 2235 783 Super
2288 715 2538 770 inimicos
2571 731 2721 769 meos
2762 717 3080 786 prudentem
3120 735 3205 775 me
3251 720 3427 779 fecisti

1870 806 2124 860 mandato
2146 816 2270 860 tuo:
2293 807 2419 876 quia
2441 807 2494 860 in
2520 815 2781 860 aeternum
2812 808 2942 861 mihi
2968 818 3071 863 est.

1939 895 2208 965 99.Super
2239 911 2430 952 omnes
2466 899 2721 952 docentes
2750 914 2834 952 me
2861 899 3101 954 intellexi
3134 920 3146 956 :
3183 903 3312 970 quia
3352 915 3434 960 tc-

1872 985 2126 1038 stimonia
2155 996 2243 1039 tua
2277 986 2554 1040 meditatio
2579 1002 2697 1040 mea
2724 996 2831 1041 est.

1944 1076 2063 1131 100.
2091 1076 2264 1148 Super
2287 1093 2446 1132 senes
2473 1079 2729 1143 intellexi,
2752 1079 2879 1148 quia
2900 1083 3152 1139 mandata
3180 1093 3270 1140 tua
3286 1101 3434 1156 quaa-

1874 1182 1996 1219 δινι.

1945 1256 2066 1311 101.
2094 1259 2175 1311 Ab
2206 1258 2354 1311 omni
2378 1258 2462 1311 via
2497 1259 2636 1313 mala
2676 1261 2931 1330 prohibui
2970 1262 3133 1331 pedes
3170 1281 3338 1334 meos,
3376 1279 3435 1324 ut

1873 1350 2172 1404 custodiam
2197 1350 2362 1404 verba
2387 1359 2500 1404 tua.

1945 1442 2066 1496 102.
2092 1443 2136 1494 A
2168 1442 2390 1512 judiciis
2439 1445 2546 1498 tuis
2591 1461 2700 1499 non
2741 1446 3006 1502 declinavi
3037 1468 3050 1502 :
3085 1451 3211 1519 quia
3249 1460 3304 1506 tu
3359 1453 3434 1506 le-

1875 1550 1991 1605 gem
2017 1537 2249 1605 posuisti
2283 1535 2436 1589 mihi.

1945 1628 2064 1681 105.
2094 1629 2266 1693 Quam
2297 1627 2474 1682 dulcia
2510 1628 2758 1685 faucibus
2793 1632 2928 1687 meis
2952 1632 3163 1701 eloquia
3193 1643 3306 1698 tua,
3340 1650 3433 1690 su-

1876 1734 1969 1788 per
1998 1719 2103 1772 mel
2134 1717 2217 1772 ori
2247 1733 2389 1772 meo.

1949 1808 2072 1862 104.
2101 1809 2142 1861 Α
2189 1809 2458 1866 mandatis
2504 1813 2613 1866 tuis
2658 1814 2889 1868 intellexi
2924 1834 2938 1868 :
2972 1827 3252 1885 propterea
3291 1819 3435 1873 odivi

1802 1886 1844 1941 Β
1873 1917 2088 1957 onmem
2121 1902 2264 1955 viam
2297 1903 2620 1973 iniquitatis.

1949 1994 2069 2049 105.
2102 1992 2345 2049 Lucerna
2381 1995 2609 2063 pedibus
2642 1997 2778 2053 meis
2806 1999 3036 2054 Verbum
3071 2009 3247 2065 tuum,
3278 2010 3332 2056 et
3356 2001 3437 2055 lu-

1880 2102 2001 2140 meu
2035 2085 2243 2140 semitis
2272 2085 2424 2139 meis.

1951 2178 2070 2232 106.
2101 2175 2310 2241 Juravi,
2345 2184 2400 2232 et
2445 2180 2612 2234 statui
2665 2180 2938 2236 custodire
2968 2182 3170 2251 judicia
3212 2185 3439 2254 justiti:

1883 2277 2008 2322 tum.

1342 2435 1713 2490 ATIIANASII
1749 2431 2324 2491 INTERPRETATIO.

191 2569 349 2632 τέλος
369 2586 382 2600 ο
406 2587 454 2621 ο.
490 2570 546 2623 δὲ
569 2587 666 2640 την
697 2572 915 2643 εντολὴν
951 2589 1041 2624 σου
1071 2570 1428 2641 φυλάττοντες
1481 2573 1773 2642 ἀτελευτή-

192 2677 294 2714 του
321 2660 497 2730 δόξης,
523 2661 614 2714 καὶ
634 2662 983 2725 ἀπολαύσεως
1006 2663 1303 2726 ἀξιοῦνται.

270 2751 359 2804 97.
387 2752 471 2814 Ὡς
501 2752 655 2819 μόνος
676 2752 928 2824 ἠρξάμην
951 2754 1171 2823 ἀγαπᾷν
1192 2753 1282 2805 τὸν
1298 2754 1460 2824 νόμον
1487 2770 1600 2817 σου,
1626 2755 1770 2808 ἁδιαο

193 2843 433 2906 λείπτως
454 2844 638 2897 λοιπὸν
663 2843 985 2916 φωτίξομαι,
1009 2846 1102 2898 καὶ
1137 2846 1462 2917 προσκότπω
1481 2849 1538 2899 ὲν
1561 2845 1732 2916 αὐτῷ.

271 2934 358 2988 98.
392 2935 523 2998 Ταῖς
548 2937 654 3007 γὰρ
675 2937 946 3001 ἐναντίαις
970 2937 1228 3008 δυνάμεσι
1263 2939 1356 2990 καὶ
1377 2941 1512 2992 πᾶσι
1542 2942 1654 3002 τοῖς
1682 2941 1771 2993 αἱ-

195 3025 437 3094 ρετικοῖς
460 3024 559 3076 οὐκ
583 3025 788 3088 ἔδωκας
808 3026 1063 3096 τοιαύτην
1091 3026 1272 3096 χάριν,
1298 3027 1373 3089 ὡς
1398 3028 1544 3096 ἐμοὶ,
1569 3029 1663 3080 τοῦ
1693 3031 1772 3082 εί-

192 3117 348 3174 δέναι
369 3118 466 3180 τάς
486 3117 702 3181 ἐντολάς
728 3135 844 3182 σου,
871 3118 952 3171 ὅτι
978 3119 1099 3188 ἐμοὶ
1132 3116 1487 3181 ἀδιαλείπτως
1511 3119 1772 3189 ἐδωρήσω

193 3211 300 3284 τὴν
332 3210 490 3282 χάριν
523 3211 712 3282 αὐτήν.

272 3303 360 3358 99.
406 3303 576 3375 ’Υπὲρ
602 3305 724 3367 τοὺς
762 3301 1147 3372 παλαιοτέρους
1176 3319 1274 3372 μου
1314 3304 1380 3372 τῇ
1417 3300 1602 3373 ἡλικίᾳ
1633 3303 1776 3370 ἐφω-

193 3393 390 3463 τίσϐην
410 3393 479 3446 τά
507 3392 662 3460 λόγια
691 3410 804 3456 σου,
845 3393 928 3444 ὅτι
952 3389 1144 3453 νυκτὸς
1191 3391 1282 3442 καὶ
1325 3389 1538 3461 ἡμέρας
1569 3391 1626 3442 ἐν
1675 3390 1776 3442 αὐ-

195 3489 314 3548 τοῖς
351 3485 576 3554 μελετῶ.

276 3577 396 3630 100,
429 3576 598 3645 ’Υπὲρ
627 3575 751 3635 τοὺς
778 3573 885 3644 πρὸ
913 3569 1046 3642 ἐμοῦ
1067 3571 1225 3633 ὄντας
1245 3571 1311 3639 τῇ
1341 3568 1537 3638 γνώσει
1568 3569 1778 3638 συνῆκα

1874 2584 2032 2623 nem:
2066 2567 2436 2622 custodientes
2494 2575 2673 2622 autem
2726 2570 3040 2624 mandatum
3097 2582 3247 2626 tuum
3295 2575 3438 2643 digni

1869 2656 1996 2714 facti
2026 2667 2154 2713 sunt
2181 2657 2470 2713 intermina
2495 2658 2686 2728 gloria,
2724 2669 2776 2713 et
2807 2661 3103 2732 voluptate.

1942 2749 2028 2803 97.
2064 2747 2132 2803 Ut
2161 2749 2337 2804 solum
2382 2749 2520 2818 θαιρί
2554 2749 2774 2820 diligere
2818 2750 2986 2823 legem
3021 2764 3204 2822 tuam,
3237 2755 3436 2812 indesi-

1871 2852 2064 2898 uenter
2095 2852 2281 2912 postea
2318 2841 2618 2907 illuminor,
2650 2851 2705 2896 et
2729 2844 2954 2910 proficio
2977 2844 3031 2899 in
3057 2847 3198 2917 ipsa.

1941 2931 2030 2986 98.
2067 2930 2201 2986 Nam
2229 2931 2519 2986 contrariis
2546 2933 2926 3001 potestatibus,
2955 2943 3011 2988 et
3036 2937 3292 2992 omnibus
3324 2939 3435 2993 bte-

1869 3025 2054 3080 reticis
2079 3040 2186 3080 non
2215 3023 2410 3078 dedisti
2445 3023 2607 3077 talem
2635 3023 2886 3094 gratiam,
2915 3024 3056 3080 sicut
3081 3027 3237 3094 mihi,
3262 3038 3322 3083 ut
3348 3029 3433 3084 in-

1870 3117 2162 3186 telligerem
2189 3116 2440 3168 mandata
2469 3124 2580 3178 tua,
2612 3116 2870 3186 quoniam
2900 3116 3033 3171 mihi
3059 3117 3427 3176 indesinenter

1800 3223 1842 3278 ο
1875 3207 2087 3262 donasti
2115 3221 2234 3261 eam
2265 3206 2513 3277 gratiam.

1949 3299 2038 3356 99.
2085 3298 2257 3368 Super
2289 3313 2478 3353 omnes
2520 3297 2759 3354 seniores
2804 3314 2890 3354 me
2936 3301 3276 3359 illuminatus
3313 3322 3432 3360 sunt

1881 3393 1934 3446 in
1955 3392 2185 3462 eloquiis
2215 3391 2342 3457 tuis,
2373 3391 2631 3461 quoniam
2663 3399 2820 3445 necte
2855 3405 2920 3445 ac
2955 3392 3042 3447 die
3074 3393 3125 3446 in
3159 3393 3290 3464 ipsis
3323 3411 3435 3450 meo

1879 3482 2040 3536 tlitor.

1950 3571 2071 3626 100.
2108 3571 2281 3640 Super
2319 3586 2532 3633 omnes,
2559 3570 2652 3640 qui
2691 3572 3083 3628 antecedebant
3126 3589 3210 3630 me
3251 3578 3438 3648 cogni-

193 3667 300 3738 τὴν
365 3666 592 3737 δύναμιν
652 3664 758 3718 τῶν
815 3663 1067 3736 Γραφῶν,
1129 3663 1210 3715 ὃτι
1257 3662 1354 3724 τὰς
1407 3660 1626 3723 ἐντολάς
1683 3677 1772 3713 σου

1881 3663 2045 3726 tione,
2101 3663 2338 3718 intellexi
2389 3664 2644 3734 virtutem
2682 3663 3114 3734 Scripturarum,
3174 3672 3436 3739 quoniam

199 3759 468 3828 ὲπόθησα.

281 3853 396 3908 101.
436 3851 569 3903 ’Λπὺ
601 3849 779 3919 πάσης
825 3847 1098 3919 ἁμαρτίας
1146 3846 1386 3916 πονηρᾶς
1432 3843 1777 3914 ἐπαυσάμην,

197 3942 350 4003 ὅπως
390 3939 661 4010 πληρὼσω
693 3942 772 4002 είς
805 3939 867 3992 σὲ
912 3939 1005 3992 καὶ
1037 3937 1128 3990 τὸν
1188 3935 1415 4007 πλησίον
1443 3935 1684 4005 ἀγάπην.

273 4031 395 4084 102.
442 4031 529 4082 Ἐν
557 4033 668 4092 τοῖς
708 4027 1087 4099 προστάγμασί
1113 4044 1207 4079 σου
1255 4027 1482 4093 πλαγεὶς
1505 4027 1607 4078 οὐκ
1650 4028 1777 4077 ὲπο-

200 4121 392 4195 ρεύθη,
420 4122 501 4173 ὃτι
527 4122 592 4174 σὺ
625 4120 723 4190 τῆς
751 4120 969 4190 χάριτός
1001 4136 1094 4171 σου
1122 4117 1471 4190 [ἐπορεύθην,
1502 4118 1588 4170 ὅτι
1615 4119 1678 4169 σὺ
1710 4120 1774 4187 τῇ

198 4215 382 4287 χάριτί
416 4212 534 4286 σου]
561 4213 843 4284 όδηγήσεις
874 4228 961 4282 με.

275 4307 396 4362 105.
426 4307 499 4357 Τὸ
528 4306 624 4376 μὲν
652 4304 864 4376 πρῶτον
925 4302 1090 4356 tam
1118 4301 1276 4355 τοῦτό
1313 4303 1451 4366 ἐστι,
1502 4303 1583 4354 ὅτι
1637 4301 1774 4372 ὑπὲρ

195 4399 265 4453 τὸ
298 4399 419 4469 μέλι
439 4397 747 4468 γλυκύτερά
767 4399 870 4450 εἱσι
899 4397 965 4449 τά
993 4393 1148 4462 λόγιά
1173 4411 1287 4447 σουο
1322 4395 1497 4448 ἐκεῖνο
1521 4394 1627 4464 γάρ
1650 4393 1773 4446 οὔτε

199 4493 282 4555 εἰς
309 4490 407 4560 τὴν
467 4487 692 4559 καρδίαν
733 4505 833 4556 μου
868 4487 1202 4556 εἰσέρχονται
1250 4482 1626 4555 [είσὲρχεται].
1680 4485 1772 4535 καὶ

1880 3755 2130 3810 mandata
2151 3763 2242 3809 tua
2281 3754 2604 3809 desideravi.

1949 3847 2069 3902 101.
2104 3848 2185 3901 Ab
2217 3847 2364 3901 omni
2394 3861 2559 3916 pravo
2613 3855 2834 3917 peccato
2865 3850 3094 3919 cessavi,
3141 3860 3202 3906 ut
3227 3867 3351 3924 erga
3388 3861 3441 3908 te

1878 3946 1933 3992 et
1968 3938 2272 4007 proximum
2297 3939 2616 3992 cbaritatem
2645 3939 2944 4007 implerem.

1954 4029 2074 4082 102.
2102 4028 2156 4081 in
2181 4033 2462 4099 prtereptis
2489 4031 2596 4085 tuis
2620 4031 2841 4085 territus
2867 4032 3162 4100 ambulavi,
3179 4036 3437 4105 quoniam

1881 4129 1934 4173 tu
1962 4121 2194 4176 deduces
2227 4138 2313 4177 me
2341 4123 2510 4191 gratia
2538 4132 2649 4176 tua.

1952 4296 2069 4349 105.
2110 4295 2322 4351 Primus
2369 4297 2585 4366 quidem
2635 4296 2891 4366 proprius
2949 4311 3144 4354 sensus
3197 4297 3288 4354 hic
3335 4309 3439 4366 est,

1877 4388 2019 4456 quod
2043 4388 2199 4442 melle
2231 4388 2471 4442 dulciora
2511 4397 2637 4442 sunt
2675 4389 2893 4458 eloquia
2925 4397 3014 4443 tua
3053 4407 3067 4454 ;
3115 4391 3244 4446 illud
3294 4395 3439 4448 enim

1877 4496 2053 4550 neque
2087 4481 2144 4534 in
2173 4495 2269 4534 cor
2290 4496 2469 4534 meum
2499 4479 2817 4549 ingreditur,
2866 4489 2919 4534 et
2958 4490 3244 4552 postquam
3285 4500 3441 4540 acce-

202 4584 343 4656 μετὰ
363 4559 545 4637 λαϐεῖν
578 4581 728 4643 αὐτὸ,
749 4579 954 4642 εὐθέως
975 4580 1007 4647 ἡ
1031 4576 1302 4646 γλυκύτης
1324 4574 1486 4629 αὑτοῦ
1517 4575 1765 4628 παύεται·

1875 4584 2025 4641 ptum
2069 4582 2170 4634 est,
2198 4573 2377 4625 statim
2412 4580 2589 4626 cessat
2623 4570 2743 4640 ejus
2779 4571 3007 4627 dulcedo
3043 4589 3058 4637 ;
3093 4574 3202 4627 haec
3232 4585 3436 4634 autem.

196 4674 371 4728 ταῦτα
391 4674 448 4726 δὲ
479 4672 800 4743 διαμένοντα
829 4671 909 4732 εἰς
927 4668 1023 4738 τὴν
1057 4667 1285 4740 καρδίαν
1319 4684 1420 4736 μου
1448 4665 1776 4728 πλεονάζουο

202 4784 287 4821 σιν
311 4768 391 4828 είς
416 4764 512 4836 ἐμὲ
541 4764 637 4834 τὴν
667 4761 978 4831 γλυκύτητα
1011 4759 1205 4813 αὐτῶν·
1239 4758 1300 4812 τὸ
1327 4757 1382 4811 δὲ
1404 4758 1772 4830 ἀλληγορῆσαι

197 4859 357 4914 τοῦτό
385 4861 551 4923 ἐστιν,
580 4857 715 4926 ὅπερ
752 4855 892 4925 ὑπὲρ
923 4854 1100 4907 πᾶσαν
1131 4851 1368 4922 ἡδύτητα
1420 4851 1512 4903 τού
1569 4850 1771 4920 κόσμου

198 4949 510 5020 γλυκύτερα
541 4951 644 5002 εἱσι
669 4946 737 4999 τὰ
782 4946 939 5014 λόγιά
983 4962 1094 5008 σου,
1119 4946 1205 4997 ὅτι
1247 4944 1344 5012 τῆς
1386 4943 1605 4996 αἰωνίου
1636 4944 1772 4996 ἀπο·-

198 5042 443 5102 λαύσεως
483 5040 661 5109 ἔχουσι
686 5039 784 5109 τὴν
816 5035 1162 5106 προσδοκίαν.

269 5133 392 5189 104.
437 5132 567 5184 Ἀπὸ
614 5130 722 5183 τῶν
744 5128 1121 5198 δικαιωμάτων
1147 5143 1240 5179 σου
1274 5123 1653 5196 συνεπείσθηνο
1684 5124 1772 5179 διὰ

197 5224 356 5279 τοῦτο
381 5221 735 5291 ἀπεστράφην
762 5220 941 5272 πᾶσαν
968 5215 1267 5287 ἁμαρτίαν.

269 5315 394 5370 105.
420 5315 585 5367 Ὅταν
625 5311 812 5374 σκότος
840 5309 1041 5382 ἐπέλθῃ
1069 5324 1157 5378 μοι
1188 5307 1285 5377 τῆς
1318 5305 1615 5376 ἁμαρτίας,
1646 5304 1771 5374 φαί-

198 5429 280 5465 νει
309 5426 398 5480 μοι
437 5407 608 5476 ὄνομά
639 5422 755 5464 σου,
805 5403 878 5474 μὴ
919 5398 1219 5472 προσκόψαι
1246 5395 1653 5468 [προσκόψαντα
1679 5394 1769 5466 με]

195 5505 264 5574 τῇ
322 5497 566 5568 ἁμαρτίᾳ
609 5498 812 5557 πεσεῖν,
869 5493 901 5562 ἢ
942 5491 1216 5562 πληγῆναι
1263 5489 1343 5542 ἔτι
1377 5489 1479 5559 τῆς
1531 5486 1770 5551 διανοίας

199 5611 300 5666 μου
337 5591 427 5664 [τῇ
451 5591 659 5658 διανοίᾳ
681 5586 830 5658 μου].
858 5585 951 5637 καὶ
971 5581 1190 5652 φωτίζει
1251 5597 1340 5650 με,
1389 5580 1443 5632 τί
1465 5581 1696 5650 ποιήσω.

269 5687 393 5742 106.
439 5687 496 5738 Ὀ
524 5686 682 5754 ὅρκος
712 5682 893 5742 πίστις
954 5676 1092 5730 ἐστί·
1127 5673 1420 5737 πιστεύσας
1458 5670 1550 5728 οὖν
1581 5674 1660 5735 είς
1689 5672 1768 5737 σὲ,

197 5779 457 5851 ἰστήριξα
480 5779 576 5848 τὴν
603 5776 825 5847 καρδίαν
859 5790 981 5844 μου,
1020 5769 1111 5823 τοῦ
1141 5769 1424 5842 πληρῶσαι
1466 5768 1527 5821 τὸ
1558 5765 1771 5835 Θέλημα

203 5876 298 5942 τῆς
317 5869 646 5940 ἀγαοότητός
673 5885 784 5918 σου.

542 5964 801 6022 ΡΑτιιοῐ..
837 5960 952 6018 Gn.
989 5955 1250 6017 XXVII.

1874 4679 1997 4718 Cum
2024 4672 2371 4732 perseverant
2399 4663 2451 4715 in
2474 4663 2638 4716 corde
2665 4677 2807 4729 meo,
2837 4672 3037 4734 augent
3086 4664 3139 4717 in
3172 4679 3257 4718 me
3283 4680 3437 4718 suam

1875 4757 2210 4811 dulcedinem
2241 4774 2253 4808 :
2292 4755 2580 4826 allegorice
2615 4765 2794 4808 autem
2841 4754 2943 4809 hoc
2975 4755 3262 4824 signiﬁcat,
3291 4759 3436 4826 quod

1874 4850 2085 4918 eloquia
2130 4859 2220 4902 tua
2255 4849 2497 4904 dulciora
2544 4856 2670 4901 sunt
2712 4845 2860 4900 omni
2908 4845 3094 4900 mundi
3131 4848 3434 4910 dulcedine,

1875 4942 2131 5011 quoniam
2157 4941 2612 5011 exspectationem
2650 4937 2849 4992 habent
2881 4947 3096 4992 aeternas
3123 4938 3433 5005 voluptatis.

1946 5112 2068 5167 104.
2114 5113 2159 5166 Δ
2200 5111 2688 5181 justilicatiouibus
2719 5112 2830 5165 tuis
2856 5109 3081 5165 edoctus
3116 5125 3261 5175 sum,
3305 5126 3429 5181 prn-

1873 5213 2055 5272 pterea
2084 5203 2430 5257 abominatus
2449 5217 2570 5255 sum
2601 5216 2761 5255 omne
2784 5209 3083 5271 peccatum.

1945 5294 2067 5350 105.
2103 5295 2239 5349 Cum
2257 5295 2460 5362 peccati
2487 5294 2720 5348 tenebrae
2743 5293 3002 5362 ingruunt
3024 5291 3180 5357 mihi,
3213 5303 3436 5362 apparet

1873 5386 2004 5440 mihi
2039 5400 2235 5439 nomen
2271 5395 2447 5448 tuum,
2491 5400 2556 5438 ne
2592 5381 2869 5437 oﬂ‘endens
2908 5380 2960 5434 in
3006 5390 3310 5450 peccatum,
3342 5397 3436 5436 ca-

1872 5479 2019 5541 dam,
2054 5486 2148 5531 aut
2175 5476 2338 5531 etiam
2368 5485 2547 5530 mente
2587 5489 2718 5528 mea-
2757 5472 3050 5543 percutiar,
3082 5482 3137 5527 et
3163 5472 3438 5526 illuminat

1873 5585 1978 5632 me,
2007 5568 2136 5636 quid
2177 5568 2394 5620 l'aciam.

1948 5661 2065 5714 106.
2108 5659 2490 5714 Juramentum
2545 5654 2678 5710 fides
2719 5664 2804 5710 est
2843 5673 2855 5708 :
2896 5654 3121 5708 credens
3168 5651 3333 5722 igitur
3379 5651 3433 5705 in

1873 5765 1944 5819 te,
1980 5751 2263 5807 obtirmavi
2313 5765 2408 5805 cor
2452 5763 2655 5804 meum.
2707 5758 2764 5803 ut
2811 5747 3061 5816 impleam
3105 5745 3436 5800 voluntatem

1873 5846 2131 5903 bonitatis
2159 5852 2284 5897 tuae.

3081 5931 3157 5990 38
