4142 6472
184 416 325 471 1197

1030 413 1113 466 DE
1155 410 1431 467 TITUHS
1470 408 1911 464 PSALMORUM.
1950 441 2019 451 —
2056 410 2254 468 PSAL.
2292 411 2522 469 CXVIII.

3272 419 3404 471 1198

262 526 379 581 118.
438 523 821 590 Ἐξουδὲνωσας
869 523 1071 586 πάντας
1125 525 1249 586 τοὺς
1320 523 1749 587 ἁποστατοῦντας

1922 523 2045 582 118.
2079 524 2335 596 Sprevisti
2365 544 2554 584 omnes
2580 528 2914 586 discedentes
2948 547 2976 585 a
2996 530 3218 600 jndiciis
3253 536 3360 587 tuis
3391 554 3401 587 :

182 619 295 672 ἀπὸ
314 618 420 670 τῶν
443 618 823 687 δικαιωμάτων
874 633 965 668 σου
984 632 995 644 ’
1050 618 1131 669 ὅτι
1164 616 1345 671 ἄδικον
1377 616 1434 669 τὸ
1464 615 1751 687 ἐνθύμημα

182 710 386 763 αὐτῶν.

261 801 381 853 119.
454 799 887 871 Παραὸαἰνοντας
948 800 1277 871 ἐλογισάμην
1350 801 1557 863 πάντας
1627 799 1755 861 τοὺς

186 892 542 965 ἁμαρτωλοὺς
573 895 671 963 τῆς
697 892 820 963 γῆς·
856 891 945 945 διὰ
992 892 1148 944 τοῦτο
1202 893 1462 962 ἠγάπησα
1506 891 1575 944 τὰ
1608 909 1753 961 μαρ-

184 983 251 1037 τύ
257 985 350 1055 ριὰ
384 1001 496 1036 σου.

260 1078 381 1131 120.
408 1074 727 1146 Καθήλωσον
750 1075 813 1128 ἐκ
831 1074 921 1127 τοῦ
953 1074 1117 1144 φόδου
1148 1092 1237 1128 σου
1270 1075 1369 1138 τὰς
1398 1075 1605 1146 σάρκας
1628 1089 1750 1141 μου·

185 1168 296 1222 ἀπὸ
326 1168 431 1240 γὰρ
460 1168 566 1220 τῶν
596 1169 875 1239 χριμάτων
908 1185 998 1221 σου
1036 1167 1328 1237 ὲφοὸήοην.

263 1256 383 1310 121.
422 1257 678 1328 Ἐποεησα
705 1261 877 1329 κρῖμα
926 1259 1018 1311 καὶ
1062 1257 1422 1328 δικαιοσύνην·
1479 1259 1553 1331 μὴ
1583 1279 1755 1332 παρα-

184 1348 292 1419 δῷς
323 1368 388 1419 με
416 1354 525 1413 τοῖς
552 1350 794 1404 ἀδικοῦσί
821 1368 907 1421 με.

265 1439 379 1493 122.
416 1441 665 1505 Ἐκδεξαι
697 1440 786 1494 τὸν
809 1441 991 1494 δοῦλόν
1020 1458 1113 1495 σου
1164 1445 1243 1505 εἰς
1290 1442 1513 1510 ἀγαθόν·
1549 1445 1623 1515 μὴ
1661 1462 1753 1496 συ-

188 1532 679 1603 κοφαντησόπωσάν
721 1549 786 1602 με
809 1533 1163 1604 ὑπερήφανοι.

262 1622 380 1676 125.
424 1625 486 1677 Οἱ
527 1623 792 1693 ὀφθαλμοί
843 1641 943 1694 μου
994 1623 1237 1689 ἐξέλιπον
1260 1627 1352 1689 isi;
1390 1626 1451 1678 τὸ
1493 1627 1753 1696 σωτήριόν

192 1731 309 1778 σου,
333 1714 425 1768 καὶ
455 1718 533 1777 εἰς
563 1716 623 1768 τὸ
647 1714 824 1783 λόγιον
848 1715 948 1785 τῆς
975 1716 1318 1789 δικαιοσύνης
1351 1735 1464 1772 σου.

262 1806 385 1861 124.
413 1806 642 1878 Ποίησον
688 1806 825 1877 μετὰ
859 1808 953 1861 τοῦ
996 1808 1180 1861 δούλου
1216 1826 1307 1862 σου
1350 1809 1490 1862 κατὰ
1514 1809 1572 1862 τὸ
1604 1809 1751 1874 ἔλεός

192 1916 307 1961 σου,
335 1898 427 1951 καὶ⁵
456 1899 524 1952 τὰ
552 1899 892 1971 δικαιώματά
926 1918 1017 1954 σου
1041 1901 1246 1965 δίδαξόν
1279 1918 1364 1970 με.

263 1990 384 2044 125.
416 1990 608 2054 Δοῦλός
637 1990 728 2044 σού
756 1994 869 2063 ειμι
895 1991 1027 2060 ἐγὼ,
1065 1993 1340 2045 συνέτισόν
1361 2011 1450 2064 με,
1482 1995 1576 2047 καὶ
1608 1994 1749 2062 7w?)-

191 2097 355 2149 σομαι
380 2080 448 2133 τὰ
475 2081 748 2153 μαρτύριά
775 2098 891 2136 σου.

265 2171 383 2227 126.
410 2173 614 2243 Καιρὸς
654 2172 747 2224 τοῦ
785 2172 1005 2243 ποιῆσαι
1038 2172 1114 2243 τῷ
1160 2173 1347 2245 Κυρίῳ
1368 2193 1379 2204 ⁸
1404 2175 1749 2229 διεσκέδασαν

188 2262 282 2315 τὶν
310 2264 470 2333 νόμον
508 2280 623 2316 σου.

264 2355 384 2411 127.
428 2357 524 2409 Διὰ
566 2356 721 2409 τοῦτο
768 2358 1030 2430 ἠγάπησα
1055 2359 1155 2422 τὰς
1204 2361 1419 2421 ἐντολάς
1463 2378 1553 2413 σου
1620 2363 1753 2432 ὅπερ

189 2447 431 2516 χρυσίον,
452 2448 545 2500 καὶ
570 2448 842 2512 τοπάζιον.

1852 617 1977 685 quia
2005 618 2206 687 injusta
2229 622 2482 689 cogitatio
2506 636 2722 679 eorum.

1926 796 2046 849 119.
2085 795 2504 855 Przevarieantes
2547 802 2791 869 reputavi
2854 817 3041 857 omnes
3098 813 3406 871 peccatores

1854 897 2009 942 terra:
2038 907 2050 941 :
2082 888 2202 943 ideo
2226 891 2389 945 dilexi
2421 891 2728 946 testimonia
2760 902 2873 947 tua.

1925 1066 2045 1122 120.
2070 1066 2290 1139 Conﬁge
2328 1070 2522 1125 timore
2552 1080 2646 1126 tuo
2670 1086 2865 1126 carnes
2902 1086 3053 1126 meas
3085 1089 3098 1125 :
3131 1088 3160 1125 a
3184 1072 3409 1138 judiciis

1853 1160 1994 1215 enim
2021 1161 2129 1215 tuis
2156 1163 2331 1216 timui.

1923 1253 2045 1307 121.
2082 1251 2206 1308 Feci
2240 1253 2507 1322 judicium
2540 1262 2593 1309 et
2623 1253 2933 1321 justitiam:
2962 1270 3071 1307 non
3108 1255 3291 1309 tradas
3325 1270 3410 1309 me

1854 1345 2312 1400 calumniantibus
2337 1360 2444 1399 me.

1926 1437 2047 1492 122.
2066 1436 2290 1507 Suscipe
2316 1452 2530 1492 servum
2560 1444 2710 1492 tuum
2736 1438 2789 1492 in
2812 1437 3011 1492 bonum
3040 1454 3179 1494 :non
3211 1440 3413 1495 calum-

1852 1528 2072 1584 nientur
2100 1543 2187 1583 me
2232 1529 2473 1599 superbi.

1926 1619 2044 1674 123.
2069 1617 2220 1675 Oculi
2254 1619 2357 1673 mei
2389 1617 2697 1674 defecerunt
2729 1620 2781 1672 in
2812 1619 3052 1675 salutare
3112 1630 3287 1680 tuum.
3351 1629 3405 1673 et

1855 1712 1907 1764 in
1936 1713 2214 1781 eloquium
2239 1711 2464 1780 iustitiae
2490 1718 2614 1764 tum.

1923 1803 2045 1857 124.
2070 1801 2178 1858 Fac
2192 1817 2316 1857 cum
2344 1817 2503 1858 servo
2535 1812 2629 1857 tuo
2658 1803 2953 1857 secundum
2980 1802 3407 1856 misericordiam

1783 1880 1822 1936 Β
1852 1904 2021 1955 tuam.
2045 1902 2099 1948 et
2125 1893 2542 1963 iustiﬁcationes
2570 1902 2690 1948 tuas
2713 1894 2844 1948 doce
2871 1908 2977 1947 me.

1922 1983 2043 2038 125.
2072 1981 2272 2037 Servus
2298 1993 2423 2038 tuus
2452 1999 2573 2037 sum
2616 1998 2736 2052 ego,
2771 1983 2837 2037 da
2888 1984 3019 2037 mihi
3060 1982 3407 2045 intellectum,

1850 2090 1902 2132 et
1930 2079 2097 2132 sciam
2126 2076 2435 2133 testimonia
2466 2086 2576 2130 tua.

1923 2172 2043 2226 126.
2100 2170 2338 2241 Tempus
2392 2170 2623 2225 faciendi
2689 2170 2953 2225 Domino:
3010 2171 3412 2241 dissipaverunt

1852 2265 2019 2333 legem
2047 2274 2217 2318 tuam.

1922 2353 2201 2409 127.1ileo
2250 2353 2413 2409 dilexi
2463 2354 2717 2409 mandata
2752 2363 2845 2409 tua
2897 2369 3060 2424 super
3094 2370 3306 2416 aurum.
3354 2367 3409 2410 et

1852 2446 2121 2516 lopazion.

1317 2582 1684 2639 ATHANASII
1715 2576 2291 2636 INTERPRETATIO.

190 2746 287 2800 rati.
311 2744 736 2817 φυλαχθησομαι.
767 2745 856 2797 καὶ
889 2746 1105 2816 εἰρήνης
1151 2742 1317 2816 οὔσης
1350 2746 1405 2796 ὲν
1436 2744 1579 2815 ἐμοὶ,
1606 2744 1757 2796 οὔδε-

194 2841 295 2910 μῑα
326 2857 411 2909 μοι
437 2840 569 2909 ἄχλη
597 2836 777 2909 [ἄλλη]
812 2837 960 2889 ἔσται
984 2836 1221 2908 φροντὶς,
1249 2836 1281 2906 ἦ
1324 2836 1398 2907 μὴ
1448 2835 1541 2888 τοῦ
1589 2837 1759 2886 ποιεῖν

188 2929 256 2985 τὸ
280 2930 486 3001 Θέλημά
519 2946 611 2981 σου
633 2927 936 2990 διαπαντός.

265 3021 385 3075 118.
420 3020 614 3072 Ὅτιοὶ
652 3005 747 3090 μὲν
802 3019 1122 3071 ἐπίστευσαν
1158 3014 1295 3069 εἶναί
1348 3032 1407 3068 σε
1451 3015 1602 3077 Θεὸν,
1625 3017 1672 3067 οἱ
1702 3014 1757 3066 δὲ

1857 2742 1998 2804 diar,
2022 2749 2218 2794 etcum
2254 2755 2360 2809 pax
2398 2740 2501 2796 erit
2527 2739 2583 2793 in
2628 2754 2736 2801 me,
2775 2738 2921 2793 nulla
2968 2738 3071 2793 alia
3112 2739 3241 2791 mihi
3275 2754 3407 2794 cura

1855 2834 1978 2897 erit,
2004 2832 2106 2886 nisi
2131 2830 2308 2886 facere
2330 2831 2658 2885 voluntatem
2693 2840 2840 2887 tuam
2865 2847 3094 2899 semper.

1927 3001 2048 3057 118.
2079 3001 2348 3069 Quoniam
2391 3001 2483 3057 alii
2520 3002 2736 3073 quidem
2768 3004 3110 3058 crediderunt
3156 3014 3205 3058 te
3244 3006 3407 3060 Deum

189 3115 258 3182 τῇ
302 3110 571 3182 ἀσελγείᾳ,
607 3110 699 3164 καὶ
726 3112 790 3181 τῇ
818 3108 1115 3179 πλεονεξία,
1143 3108 1235 3161 καὶ
1282 3110 1391 3170 τοῖς
1424 3106 1628 3178 λοιποῖς
1668 3104 1752 3168 ἒξ-

1859 3110 1998 3152 esse.
2025 3097 2113 3151 alii
2141 3106 2321 3151 autem
2354 3096 2590 3151 lasciviae
2612 3105 2665 3151 et
2706 3097 2967 3160 avaritiae,
2994 3110 3046 3151 et
3074 3098 3298 3168 reliquis
3330 3100 3413 3152 vi-

192 3203 399 3257 έδωκαν
430 3199 673 3263 ἑαυτούς.

262 3292 383 3346 119.
422 3290 798 3362 Ἐλογισάμην,
852 3290 933 3344 ὅτι
982 3287 1342 3360 ἁπολλύμενοί
1402 3289 1507 3341 εἱσι
1560 3288 1757 3351 πάντες

189 3384 239 3435 οἱ
269 3385 334 3453 τῇ
358 3381 608 3454 ἀσελγείᾳ
636 3381 1033 3452 κεκολλημένοι·
1060 3380 1149 3435 διὰ
1176 3380 1331 3434 τοῦτο
1358 3379 1506 3433 ποοῶ
1534 3380 1600 3431 τὰ
1626 3396 1760 3450 μαρ-

190 3475 352 3545 τύριά
382 3491 493 3527 σουο
525 3475 606 3526 ὅτι
630 3471 745 3545 ζωὴ
768 3471 982 3535 αἰώνιός
1007 3473 1164 3525 εἰσιν.

265 3566 383 3620 120.
419 3563 729 3635 Πεπηγέναι
760 3564 985 3632 ποίησον
1017 3563 1309 3616 ἀσάλευτον
1341 3563 1397 3615 ὲν
1428 3565 1540 3625 τοῖς
1574 3561 1756 3631 μέλεσί

193 3674 293 3726 μου
323 3656 412 3708 τὸν
456 3654 617 3725 φόϐον
666 3671 781 3717 σου,
827 3656 913 3707 ἵνα
965 3655 1367 3727 νενεκρωμένος
1422 3654 1651 3723 ὑπάρχω
1690 3655 1754 3721 τῇ

190 3746 451 3819 ἀμαρτίῳ
483 3746 688 3817 ἥκουσα
712 3747 820 3817 γὰρ
863 3747 989 3817 περὶ
1021 3748 1128 3801 τῶν
1184 3746 1412 3801 αἰωνίων
1464 3745 1754 3803 κολάσεων.

189 3840 285 3893 καὶ
306 3837 596 3910 ἐφοϐήθην.

262 3931 383 3986 121.
442 3932 768 3985 Ἐπίστευσα
821 3930 1002 3994 καθὼς
1070 3930 1315 3984 ἐνετείλω
1383 3946 1497 3999 μοι,
1551 3930 1645 3983 καὶ
1699 3928 1758 3980 τὺ

188 4022 402 4093 θέλημά
432 4039 526 4075 σου
557 4022 910 4092 πεπλήρωκω
935 4021 1008 4091 μὴ
1027 4022 1384 4091 συγχωρήσῃς
1404 4018 1756 4089 κυριευθῆναῑ

188 4131 258 4186 με
284 4113 389 4166 ὑπὸ
416 4113 522 4166 τῶν
544 4115 795 4167 ἐναντίων
820 4113 1115 4183 δυνάμεων.

258 4202 381 4257 122.
444 4202 878 4275 Μακροθύμησον
918 4206 995 4266 εἰς
1038 4202 1135 4272 τὴν
1194 4203 1478 4272 μετάνοιάν
1525 4218 1646 4271 μου,
1680 4202 1754 4272 μὴ

185 4295 420 4366 εὕρωσιν
451 4296 507 4348 αἱ
541 4295 774 4349 ἐναντίαι
808 4295 1060 4366 δυνάμεις
1087 4294 1339 4365 ἀφορμήν
1379 4310 1500 4345 τινα
1525 4310 1755 4363 κατηγο.

188 4385 400 4460 ρείσθαι
428 4404 493 4456 με
515 4387 648 4457 πρὸς
677 4386 756 4442 σέ.

1862 3190 1949 3245 tiis
1972 3206 2029 3246 se
2056 3191 2200 3260 ipsos
2222 3189 2557 3245 tradiderunt

1930 3286 2049 3341 119.
2073 3284 2335 3354 Cogitavi,
2385 3282 2529 3351 quod
2586 3282 2778 3350 perditi
2829 3292 2958 3336 sunt
3016 3300 3251 3347 omnes,
3317 3286 3410 3356 qui

1859 3375 2132 3430 adhaerent
2162 3372 2390 3436 libidini,
2428 3371 2548 3425 ideo
2586 3387 2709 3426 amo
2762 3374 3071 3427 testimonia
3116 3382 3234 3438 tua,
3274 3390 3413 3445 quo-

1858 3470 2003 3522 niam
2038 3474 2162 3521 sunt
2192 3467 2295 3519 vita
2325 3475 2546 3520 :eterna.

1930 3557 2051 3611 120.
2081 3556 2187 3612 Fac
2230 3564 2289 3609 ut
2323 3555 2617 3610 immobilis
2654 3559 2955 3626 conligatur
2993 3558 3153 3612 timor
3191 3568 3321 3613 tuus
3356 3558 3412 3612 in

1859 3647 2114 3702 membris
2161 3647 2319 3709 meis,
2370 3654 2430 3700 ut
2475 3655 2717 3700 mortuus
2770 3648 2872 3700 sim
2928 3660 3169 3715 peccato.
3229 3651 3411 3704 audivi

1858 3740 1999 3794 enim
2029 3740 2093 3794 de
2120 3740 2333 3794 :rternis
2363 3737 2659 3806 suppliciis,
2688 3746 2743 3791 et
2778 3738 2954 3792 timui.

1928 3913 2049 3966 121.
2084 3911 2293 3967 Credidi
2321 3909 2782 3979 quomadmodum
2821 3912 2953 3967 mihi
2995 3916 3319 3985 praecepisti,
3354 3926 3411 3969 et

1857 4002 2183 4057 voluntatem
2233 4010 2378 4053 tuam
2407 3999 2621 4069 implevi
2655 4015 2761 4065 ;ne
2813 4002 3114 4069 permittas,
3153 4011 3213 4055 ut
3240 4001 3293 4055 in
3324 4016 3411 4055 me

1856 4094 2201 4148 dominentur
2227 4092 2512 4146 contrariae
2539 4101 2856 4162 potestates.

1923 4184 2043 4238 122.
2087 4184 2356 4241 Patienter
2381 4201 2467 4240 me
2502 4197 2755 4256 exspecta
2797 4186 2864 4241 ad
2904 4188 3299 4256 paenitentiam,
3337 4204 3407 4245 ne

1856 4276 2178 4332 adversariae
2220 4286 2515 4347 potestates
2576 4292 2798 4333 causam
2844 4280 3078 4349 aliquam
3133 4281 3411 4335 inveniant

1857 4370 2145 4424 accusandi
2171 4385 2258 4424 me
2292 4369 2432 4439 apud
2458 4377 2531 4423 te.

262 4479 384 4534 125.
415 4481 571 4541 ’Ὁλος
591 4482 619 4532 ὁ
648 4480 807 4543 πόθος
836 4479 924 4551 μοί
952 4481 1066 4533 ἐστι
1095 4479 1153 4532 τὸ
1181 4477 1433 4544 δέξασθαι
1467 4478 1565 4547 τὴν
1592 4478 1750 4548 χάριν

1927 4463 2048 4518 125.
2084 4463 2253 4518 Omne
2285 4479 2459 4517 meum
2494 4462 2821 4518 desiderium
2858 4473 2941 4518 est
2977 4465 3206 4533 gratiam
3262 4473 3408 4519 tuam

187 4588 311 4632 σου.
336 4572 431 4625 καὶ
463 4571 742 4641 πληρῶσαι
777 4571 918 4643 ἆπερ
943 4571 1190 4624 ὲνετείλω
1226 4586 1336 4640 μοι.

260 4662 385 4717 124.
411 4663 520 4717 Καὶ
553 4661 623 4715 τὰ
664 4660 1005 4733 δικαιώματά
1054 4679 1145 4715 σου
1190 4661 1412 4731 ποίησον
1446 4661 1561 4731 μετ’
1590 4660 1747 4729 ὲμον,

182 4756 263 4820 ὡς
306 4754 463 4808 εἴωθε
508 4755 569 4807 τὸ
610 4754 756 4817 ἔλεός
798 4771 911 4817 σου,
963 4754 1055 4807 καὶ
1103 4752 1244 4807 κατὰ
1286 4752 1346 4805 τὸ
1390 4751 1615 4824 μέγεθος
1655 4748 1748 4802 τοῦ

186 4847 370 4912 ἐλέους
414 4847 507 4901 καὶ
556 4850 619 4919 τῇ
665 4847 846 4917 χάριτί
891 4864 983 4899 σου
1026 4846 1355 4916 κατάρτισαι
1398 4845 1495 4915 τὴν
1524 4841 1749 4909 καρδίαν

188 4955 297 5007 μου
330 4936 592 4991 ἐπιτελεῖν
613 4937 681 4989 τὰ
701 4936 882 4989 δίκαια
910 4937 1045 5007 μετὰ
1073 4935 1189 4989 σοῦ.

256 5115 381 5169 123.
422 5113 789 5186 Ἐξηγόρασάς
823 5130 887 5184 με
922 5113 998 5183 τῷ
1041 5114 1201 5183 τιμίῳ
1246 5112 1457 5181 αἵματι,
1508 5112 1598 5163 καὶ
1651 5111 1752 5163 ὑπ-

182 5205 351 5269 έταξά
376 5221 455 5258 σοι
483 5205 733 5275 ἐμαυτόν·
750 5205 836 5268 δός
868 5220 956 5274 μοι
972 5204 1068 5272 τὴν
1093 5203 1272 5274 χάριν,
1302 5202 1386 5255 ἵνα
1408 5200 1610 5268 ἐπιγνῶ
1633 5201 1751 5263 πῶς

183 5296 455 5349 ἐπιτελεῖν
483 5296 623 5365 ἆπερ
650 5295 898 5347 ὲνετείλω
940 5310 1053 5364 μοι.

257 5387 377 5443 126.
414 5388 528 5441 Νῦν
570 5391 714 5441 ἐστιν
759 5387 898 5456 ὑπὲρ
928 5385 1027 5455 τῆς
1061 5384 1315 5455 ἀληθείας
1352 5401 1442 5437 σου
1483 5381 1750 5451 ἀγωνίσα-

186 5481 312 5533 σθαι
368 5480 471 5543 ἓως
521 5479 782 5543 θανάτου,
825 5477 1013 5547 ἐπειδὴ
1057 5476 1364 5547 ἠρνήσαντο
1420 5474 1517 5545 τὴν
1571 5472 1750 5525 πίστιν

185 5588 302 5624 σου.

257 5660 379 5714 127.
424 5660 521 5713 Διὰ
563 5662 717 5711 τοῦτο
783 5657 982 5729 μᾶλλον
1037 5654 1137 5718 τὰς
1182 5652 1338 5721 ἁγίας
1386 5667 1477 5703 σον
1526 5648 1748 5720 Γραφας

184 5751 462 5820 ἐκράτησα
494 5749 633 5819 ὑπὲρ
675 5748 734 5800 τὸ
776 5749 996 5821 χρυσίον
1038 5746 1098 5798 τὸ
1139 5744 1432 5815 ἐξαίρετον.
1472 5739 1747 5800 Τοπὰζὶοιο

182 5841 291 5911 τέῳ
324 5841 546 5909 ἀγαθὸν
576 5835 947 5912 ἱρμηνεύεταν
979 5838 1098 5891 ἐπεὶ
1131 5832 1223 5889 οὖν
1263 5829 1412 5896 οὗτος
1458 5834 1486 5885 ὀ
1518 5831 1745 5894 πλοῦτος

1851 4557 2113 4624 accipere,
2141 4563 2194 4610 et
2223 4555 2443 4623 implere
2485 4570 2607 4625 quae
2651 4554 2783 4609 mihi
2824 4555 3145 4624 praecepisti.

1922 4647 2042 4700 124.
2093 4646 2158 4699 Et
2186 4645 2602 4713 iustiﬁcationes
2640 4656 2761 4701 tuas
2794 4645 2881 4700 fac
2929 4662 3165 4712 mecum,
3212 4664 3407 4718 quem-

1850 4738 2136 4793 admodum
2187 4738 2469 4791 consuevit
2514 4737 2884 4792 misericordia
2927 4746 3019 4791 tua
3046 4779 3062 4803 ,
3119 4747 3170 4791 et
3214 4753 3408 4792 secun-

1847 4831 1974 4883 dum
2030 4827 2457 4899 magnitudinem
2529 4830 2915 4885 misericordiae
2976 4831 3139 4886 etiam
3208 4834 3407 4900 perﬁce

1851 4920 2020 4992 gratia
2066 4930 2158 4973 tua
2205 4934 2299 4974 eor
2347 4935 2549 4985 meum,
2578 4930 2638 4974 ut
2672 4931 2869 4987 tecum,
2898 4937 3016 4991 quia:
3061 4922 3206 4991 justa
3256 4934 3402 4987 sunt,

1850 5012 2109 5083 perﬁciat.

1920 5102 2043 5157 125.
2076 5102 2371 5159 Redemisti
2404 5119 2490 5159 me
2515 5105 2751 5175 pretioso
2783 5107 3068 5176 sanguine.
3102 5116 3158 5161 et
3196 5108 3401 5177 subjeci

1850 5194 1944 5248 tibi
1977 5208 2063 5248 me
2094 5195 2292 5263 ipsum,
2324 5194 2390 5249 da
2421 5195 2553 5250 mihi
2581 5196 2834 5264 gratiam,
2866 5207 2926 5251 ut
2956 5213 3245 5268 agnoscam
3270 5216 3405 5270 quo-

1852 5283 2011 5337 modo
2040 5283 2311 5352 perﬁciam
2341 5299 2463 5353 qua!
2499 5286 2798 5355 praecepisti
2847 5287 2999 5340 mihi.

1924 5370 2042 5424 126.
2084 5369 2239 5425 Nunc
2284 5379 2497 5442 tempus
2539 5382 2623 5428 est
2661 5374 2936 5430 decertare
2982 5391 3081 5445 pro
3126 5386 3215 5431 tua
3264 5379 3404 5432 veri-

1851 5470 1957 5515 tate
1993 5476 2166 5529 usque
2210 5461 2276 5515 ad
2306 5471 2553 5527 mortem,
2585 5466 2840 5532 quoniam
2874 5478 3205 5535 negaverunt
3246 5466 3405 5521 ﬁdem

1850 5566 2018 5609 tuam.

1925 5647 2042 5701 127.
2089 5645 2377 5718 Propterea
2419 5650 2564 5702 tenui
2614 5650 2787 5719 magis
2840 5662 3055 5708 sanctas
3097 5661 3217 5708 tuas
3258 5651 3406 5709 Scri-

1852 5751 2078 5812 pturas,
2135 5757 2297 5809 quam
2360 5757 2551 5795 aurum
2612 5744 2860 5798 electum.
2934 5743 3200 5813 Topazion
3260 5747 3404 5800 enim

1851 5834 2235 5902 interpretatur
2293 5832 2481 5887 bonum
2524 5849 2541 5886 :
2593 5836 2719 5904 quia
2762 5837 2926 5907 igitur
2985 5848 3279 5907 prmscntes
3325 5839 3408 5892 di-
