4142 6480
760 402 894 458 1199
1573 401 1630 457 S.
1674 398 2048 456 ATHANASII
2087 397 2239 454 OPP.
2282 398 2462 454 PARS
2501 397 2589 453 Ili.
2625 428 2696 439 —
2742 395 3150 454 EXEGETICA.
3860 397 3993 452 i100

832 520 950 574 128.
983 520 1268 590 Propterea
1291 521 1356 576 ad
1390 520 1572 576 omnia
1604 525 1856 577 mandata
1882 529 1970 577 tua
2000 520 2303 591 dirigebar:
2339 525 2384 581 Α

2352 525 2384 580 Α
2485 519 2606 574 128.
2639 520 2736 574 Διὰ
2772 519 2929 573 τοῦτο
2956 519 3091 591 πρὸς
3122 519 3299 583 πάσας
3345 521 3445 582 τὰς
3490 520 3714 584 ἐντολάς
3745 537 3836 572 σου
3866 537 3988 571 κατ-

756 625 970 667 omnem
1001 613 1141 666 viam
1182 613 1422 683 iniquam
1457 613 1581 668 odio
1608 613 1790 668 habui.

2419 611 2728 683 ωρθοὺμην·
2770 614 2947 666 πᾶσαν
2977 612 3092 666 ὁδὸν
3123 611 3303 665 ἄδικον
3334 611 3593 682 ἐμίσησα.

828 704 948 759 129.
987 703 1249 759 Mirabilia
1284 707 1595 762 testimonia
1630 715 1763 762 tua:
1809 707 1928 763 ideo
1963 717 2198 764 scrutata
2238 716 2320 761 est

2491 705 2609 760 1‘29.
2643 705 2941 775 Θαυμαστὰ
2973 704 3040 757 τὰ
3087 703 3362 776 μαρτύριὰ
3407 719 3530 758 σον
3568 703 3656 756 διὰ
3693 703 3850 756 τοῦτο
3915 701 3993 766 ἐξ·

754 812 818 849 ea
856 796 1034 849 anima
1070 812 1211 850 mea.

2423 797 2707 868 ἐρεύνησεν
2735 797 2873 850 αὐτὰ
2907 798 2939 867 ἡ
2978 795 3120 865 ψυχή
3158 813 3271 849 σου.

827 886 946 941 150.
987 886 1288 944 Declaratio
1320 904 1633 946 sermonum
1676 901 1891 948 tuorum
1929 893 2219 958 illuminat,
2265 900 2320 948 et

2492 889 2610 944 150.
2651 889 2713 941 'H
2743 888 2971 959 δήλωσις
2996 887 3104 940 τῶν
3131 885 3304 957 λόγων
3344 905 3437 942 σου
3485 889 3696 958 φωτιεῖ,
3735 889 3832 939 καὶ
3871 902 3989 938 ςυν-

755 979 1081 1033 intellectum
1121 981 1212 1034 dat
1250 984 1512 1050 parvulis.

2419 982 2551 1032 ετιεί
2574 980 2821 1050 νηπίους.
3621 1031 3623 1034 ι

827 1069 948 1123 151.
986 1069 1059 1125 Os
1095 1087 1272 1126 meum
1313 1075 1523 1142 aperui,
1564 1084 1615 1129 et
1640 1077 1836 1129 attraxi
1869 1075 2121 1146 spiritum
2151 1093 2162 1128 :
2191 1076 2317 1146 quia

2491 1073 2610 1126 151.
2643 1073 2714 1124 Τὸ
2747 1071 2919 1143 στόμα
2958 1088 3060 1143 μου
3099 1071 3316 1144 ἧνοιξα,
3357 1072 3448 1125 καὶ
3496 1071 3724 1124 silit-:71
3758 1070 3986 1139 πνεῦμα·

754 1164 1005 1216 mandata
1044 1175 1134 1218 tua
1163 1164 1558 1220 desiderabam.

2418 1163 2499 1216 ὃτι
2529 1165 2624 1226 τὰς
2656 1163 2873 1224 ἐντολάς
2902 1179 2993 1216 σου
3021 1162 3337 1216 ὲπεπόθουν.

825 1254 944 1308 152.
988 1255 1179 1325 Aspice
1211 1256 1264 1309 in
1312 1273 1416 1322 me,
1454 1267 1510 1312 et
1559 1259 1816 1314 miserere
1861 1275 1967 1314 mei
2021 1261 2316 1315 secundum

2489 1255 2614 1311 159...
2642 1254 2963 1325 Ἐπίσλεψον
3007 1256 3093 1310 ἐπ’
3127 1255 3248 1324 ἐμὲ,
3275 1255 3368 1307 καὶ
3399 1254 3622 1326 ἐλέησόν
3655 1271 3722 1324 με
3757 1253 3898 1307 κατὰ
3935 1252 3987 1305 τὸ

752 1345 1014 1410 iudicium
1050 1348 1388 1418 diligentium
1427 1366 1623 1404 nomen
1657 1363 1829 1406 tuum.

2419 1350 2592 1418 κρῖμα
2614 1347 2720 1401 τῶν
2746 1347 3080 1416 ἀγαπώντων
3109 1347 3169 1401 τὸ
3197 1349 3367 1418 ὄνομα
3405 1364 3528 1414 μου.

826 1439 947 1493 155.
998 1438 1228 1495 Gressus
1284 1457 1436 1496 meos
1486 1443 1654 1511 dirige
1695 1445 1992 1499 secundum
2039 1443 2316 1513 eloquium

2491 1441 2609 1494 155.
2639 1438 2717 1492 Τὰ
2748 1440 3058 1512 διαδήματα
3082 1459 3182 1512 μου
3213 1439 3539 1494 κατεύθυνον
3565 1438 3708 1492 κατὰ
3731 1437 3795 1490 τὸ
3818 1439 3985 1506 λόγιόν

752 1531 928 1588 tuum,
964 1534 1014 1578 et
1046 1540 1156 1577 non
1192 1525 1498 1579 dominetur
1528 1527 1631 1580 mei
1661 1529 1839 1581 omnis
1875 1527 2156 1596 injustitia.

2420 1550 2533 1595 σου,
2567 1534 2658 1587 καὶ
2692 1535 2764 1605 μὴ
2789 1536 3268 1605 κατακυριευσάτω
3301 1553 3400 1606 μου
3429 1537 3580 1587 πᾶσα
3613 1534 3836 1603 ἀνομία.

826 1614 948 1667 154.
992 1611 1212 1668 Redime
1264 1630 1349 1670 me
1382 1632 1412 1669 a
1458 1617 1747 1672 calumniis
1781 1617 2088 1682 hominum,
2122 1625 2176 1672 et
2221 1632 2318 1670 cu-

2488 1621 2611 1675 151.
2655 1622 2941 1693 Λύτρωσαί
2992 1641 3057 1694 με
3105 1625 3212 1677 ἀπο
3262 1623 3626 1693 συκοφαντίας
3665 1623 3979 1694 ἀνθρώπων,

753 1704 982 1759 stodiam
1017 1707 1267 1759 mandata
1300 1714 1410 1760 tua.

2418 1714 2509 1767 καὶ
2544 1713 2762 1782 φυλάξω
2789 1715 2886 1776 τὰς
2912 1713 3127 1778 ἐντολάς
3160 1733 3279 1786 μου.

826 1797 948 1850 155.
975 1796 1190 1851 Faciem
1227 1807 1372 1852 tuam
1411 1799 1652 1854 illumina
1682 1815 1844 1872 super
1870 1815 2084 1856 servum
2139 1808 2312 1859 tuum.
2350 1865 2386 1878 ﬁ

2350 1865 2386 1878 _
2488 1808 2610 1861 155.
2644 1808 2717 1860 Τὸ
2763 1807 3052 1877 πρόσωπόν
3100 1825 3192 1862 σου
3244 1809 3505 1878 ὲπίφανον
3541 1809 3637 1862 ἐπὶ
3682 1809 3772 1862 τὸν
3810 1807 3981 1862 δοῦλόν

750 1895 806 1942 et
838 1888 970 1942 doce
999 1904 1085 1942 me
1112 1889 1531 1958 justiﬁcationes
1564 1899 1704 1945 tuas.
1751 1865 1764 1872 ν
2348 1865 2386 1918 Β

2348 1865 2387 1918 Β
2419 1914 2533 1962 σου,
2571 1899 2664 1952 καὶ
2700 1899 2906 1963 δίδαξον
2942 1919 3008 1972 με
3043 1901 3109 1954 τὰ
3137 1901 3478 1972 δικαιώματὰ
3509 1920 3623 1956 σου.

825 1978 947 2032 156.
976 1977 1166 2033 Exitus
1194 1995 1457 2049 aquarum
1483 1981 1821 2035 deduxerunt
1845 1980 1986 2035 oeuli
2012 1980 2114 2034 mei
2142 1997 2156 2034 :
2188 1982 2314 2051 quia

2484 1989 2603 2044 156.
2641 1991 2918 2058 Διεξόδους
2948 1993 3152 2046 ὑδάτων
3177 1995 3474 2048 κατέδυσαν
3499 1997 3546 2048 oi
3569 1995 3838 2066 ὀφθαλμοί
3865 2010 3974 2065 μου·

755 2083 862 2122 non
891 2069 1157 2124 custodivi
1197 2070 1366 2141 legem
1397 2079 1567 2124 tuam.

2409 2081 2530 2134 ἐπεὶ
2562 2084 2660 2136 οὐκ
2689 2085 2929 2153 ἐφύλαξα
2955 2087 3047 2139 τὸν
3073 2088 3237 2158 νόμον
3274 2105 3385 2143 σου.

827 2160 947 2214 157.
996 2160 1186 2216 Justus
1231 2177 1330 2226 es,
1376 2161 1637 2226 Domine,
1682 2171 1737 2217 et
1795 2172 2000 2217 rectum
2047 2161 2314 2231 judicium

2306 2179 2314 2214 ι
2482 2175 2601 2229 157.
2636 2177 2852 2241 Δίκαιος
2879 2175 2948 2244 εἴ,
2975 2179 3167 2250 Κύριε,
3202 2182 3295 2234 καὶ
3318 2181 3492 2246 εὐθείς
3521 2184 3575 2235 αἱ
3601 2181 3812 2252 κρίσεις
3838 2198 3942 2234 σω.

755 2259 927 2305 tuum.

817 2343 939 2399 158.
969 2343 1230 2399 Mandasti
1258 2345 1524 2416 justitiam
1565 2345 1875 2401 testimonia
1912 2356 2024 2410 tua,
2073 2355 2126 2399 ct
2173 2348 2312 2400 veri-

2493 2347 2609 2402 158.
2642 2349 2923 2402 Ἐνετείλω
2955 2351 3303 2422 δικαιοσύνην
3333 2354 3398 2407 τὰ
3439 2355 3721 2427 μαρτύριά
3759 2372 3873 2421 σου,
3895 2370 3976 2406 και

753 2440 918 2487 tatem
952 2444 1098 2489 tuam
1129 2436 1314 2490 nimis.

1284 2453 1314 2490 ι.
2415 2437 2670 2509 ἀλήθειαν
2699 2439 2920 2511 σφόδρα.

1864 2570 2236 2626 ATHANASII
2281 2571 2862 2628 INTEBPRETATIO.

749 2687 896 2743 vitim
942 2690 1281 2758 temporaria:
1327 2698 1496 2757 sunt,
1549 2704 1725 2760 neque
1776 2700 1993 2760 propter
2055 2689 2307 2744 mandata

2408 2691 2737 2761 πρόσκαιρός
2771 2693 2937 2754 ἐστιν,
2977 2693 3095 2745 οὐδὲ
3131 2693 3218 2747 διὰ
3257 2691 3363 2745 τῶν
3400 2694 3628 2746 ἐντολῶν
3650 2710 3747 2745 σου
3777 2695 3978 2761 αἰώνιος

748 2788 841 2835 tua
862 2789 1074 2835 reterns:
1094 2783 1378 2848 exsistunt,
1400 2782 1520 2837 ideo
1544 2782 1715 2853 magis
1730 2781 1890 2836 dilexi
1911 2791 2175 2852 praecepta
2193 2790 2307 2836 tua.

2409 2783 2666 2854 ὑπάρχει,
2695 2781 2784 2835 διὰ
2812 2781 2904 2834 τοῦ
2934 2781 3135 2854 [τοῦτο]
3181 2784 3377 2852 μᾶλλον
3415 2786 3678 2856 ἠγάπησα
3711 2785 3811 2848 τὰς
3846 2788 3978 2840 ἐντο-

2408 2875 2504 2936 λάς
2541 2890 2658 2929 σου.

819 2963 940 3018 128.
969 2964 1255 3034 Propterea
1290 2964 1357 3018 ad
1387 2979 1575 3018 omnes
1611 2973 1732 3018 tuas
1759 2964 2062 3020 voluntates
2089 2972 2312 3033 paratus

2479 2965 2601 3021 128.
2629 2963 2731 3020 Διὰ
2765 2964 2923 3019 τοῦτο
2954 2965 3087 3036 πρὸς
3116 2965 3290 3018 πάντα
3315 2964 3382 3017 τὰ
3418 2965 3699 3035 Θελήματα
3729 2984 3824 3020 σου
3853 2968 3977 3019 ἕτοι-

747 3072 917 3120 erain,
942 3069 996 3112 et
1018 3073 1176 3112 omne
1201 3067 1478 3125 peccatum
1509 3056 1851 3112 abominatus
1874 3073 2017 3123 sum,
2048 3057 2305 3128 quoniam
2334 3093 2377 3152 ο

2341 3093 2377 3152 c
2413 3078 2508 3130 μος
2531 3061 2701 3132 ἥμην,
2723 3060 2817 3114 καὶ
2838 3061 3011 3112 πᾶσαν
3033 3060 3304 3131 ἁμαρτίαν
3327 3061 3775 3132 ἁπεστρεφόμην,
3801 3060 3977 3131 ἐπειδὴ

747 3149 802 3201 in
833 3149 1242 3202 retributionem
1277 3148 1527 3217 respicio.
2344 3148 2374 3152 “

2344 3148 2374 3152 “
2413 3152 2492 3214 εἰς
2516 3153 2614 3222 τὴν
2641 3151 3059 3222 μισθαποδοσίαν
3090 3151 3398 3204 ἀποϐλέπω.

819 3238 938 3292 ηο.
973 3237 1304 3294 Tcstimonia
1341 3249 1430 3292 tua
1462 3239 1822 3294 admiratione
1867 3240 2024 3308 plena
2060 3250 2188 3295 sunt
2237 3242 2307 3303 ei,

2485 3239 2605 3294 129.
2641 3240 2828 3310 Πάσης
2862 3238 3173 3308 ἐκπλήξεως
3210 3240 3345 3309 μετὰ
3373 3239 3388 3310 [
3400 3240 3594 3312 μεστά]
3621 3243 3729 3293 εἰσι
3755 3241 3823 3293 τὰ
3851 3258 3974 3312 μαρ-

746 3329 838 3400 qui
893 3329 981 3383 illa
1041 3331 1338 3400 intelligere
1398 3340 1614 3398 potest;
1667 3339 1952 3399 propterea
2006 3330 2306 3385 desideravi

2410 3325 2573 3399 τύριά
2603 3344 2697 3381 σου
2732 3326 3012 3398 δυναμένῳ
3046 3327 3184 3380 αὐτὰ
3213 3328 3401 3397 νοῆσαι
3423 3345 3436 3358 ο
3474 3328 3560 3381 διὰ
3597 3330 3760 3384 τοῦτο
3792 3329 3973 3383 ἐπεθύ-

745 3435 1036 3488 agnoseere
1063 3422 1169 3473 vim
1203 3431 1415 3474 tuarum
1449 3419 1874 3488 Scripturarum.

2412 3435 2559 3488 μησα
2592 3418 2792 3488 γνῶναι
2825 3419 2923 3489 τὴν
2960 3417 3185 3488 δύναμιν
3218 3417 3324 3469 τῶν
3363 3417 3591 3488 Γραᾳῶν
3620 3436 3735 3475 σου.

817 3511 939 3566 150.
975 3510 1351 3580 lnterpretatio
1403 3508 1805 3580 Scripturaruni
1848 3521 2063 3566 tuarum
2102 3512 2306 3566 illumi-

2481 3509 2601 3566 151),
2636 3511 2700 3564 Ἦ
2727 3509 2989 3583 ἑρμηνεία
3020 3508 3122 3561 τῶν
3147 3507 3374 3578 ι’ραφῶν
3397 3525 3489 3560 σου
3519 3508 3767 3575 φωτίζει,
3793 3510 3882 3562 καὶ
3904 3511 3971 3570 εἰς

744 3612 856 3670 nat,
883 3614 936 3658 et
965 3604 1017 3656 in
1045 3604 1378 3659 intellectum
1413 3603 1651 3669 adducit,
1681 3604 1775 3674 qui
1818 3604 2051 3660 infantes
2095 3616 2222 3660 sunt
2249 3606 2303 3660 in

2271 3621 2303 3660 n
2410 3600 2621 3654 σύνεσιν
2653 3602 2776 3671 ἄγει
2811 3603 2938 3665 τοὺς
2964 3600 3186 3673 νηπίους
3212 3599 3372 3664 ὄντας
3407 3603 3534 3672 περ).
3561 3601 3654 3654 τοῦ
3693 3603 3905 3674 νοῆσαι.

744 3693 1110 3765 intelligendo.

819 3786 941 3841 151.
993 3784 1193 3839 Sitiens
1241 3785 1466 3854 gratiam
1509 3795 1655 3838 tuam
1705 3786 2024 3854 deprecatus
2058 3801 2177 3840 sum
2229 3795 2300 3850 te,

2477 3783 2598 3838 151.
2627 3784 2804 3854 Διψῶν
2830 3784 2927 3854 τὴν
2953 3784 3111 3855 χάριν
3133 3800 3225 3835 σου
3256 3782 3477 3854 ἐδεήθην
3507 3800 3620 3839 σου.
3653 3785 3749 3837 καὶ
3777 3786 3967 3849 ἔδωκάς

741 3885 795 3932 et
822 3877 1016 3931 dedisti
1049 3877 1180 3931 mihi
1230 3875 1490 3946 Spiritum
1537 3888 1782 3932 sanctum
1831 3889 2003 3942 tuum,
2043 3879 2300 3948 quoniam

2409 3891 2496 3945 μοι
2535 3874 2592 3927 τὸ
2636 3875 2859 3945 Πνεῦμα
2895 3891 2986 3927 σου
3019 3876 3078 3926 τὸ
3118 3875 3292 3942 ἅγιον,
3323 3874 3511 3944 ἐπειδὴ
3540 3875 3846 3929 ἐπεπόθουν
3878 3893 3965 3946 την

740 3968 1112 4022 desiderabam
1162 3983 1460 4038 agnoscere
1514 3966 1922 4039 Scripturarum
1979 3969 2302 4040 interpreta-

1716 3985 1922 4023 irat'um
1979 3969 2302 4040 interpreta-
2403 3967 2696 4040 ἑρμηνείαν
2728 3967 2930 4021 γνῶναι
2961 3967 3069 4020 τῶν
3103 3969 3140 4020 Γ
3148 3968 3352 4039 ραφῶν.

741 4061 963 4114 tionem.

718 4179 720 4181 -
812 4152 930 4208 15ἳ.
979 4150 1444 4217 Quemadmodum
1492 4151 1717 4221 respicis
1766 4152 2053 4219 diligentes
2091 4159 2141 4205 te
2173 4167 2296 4206 cum

2473 4149 2593 4204 152.
2619 4148 2812 4212 Καθὼς
2834 4149 3034 4220 ἐφορᾷς
3056 4149 3176 4210 τοὺς
3199 4149 3526 4216 ἀγαπωντάς
3549 4168 3607 4203 σε
3635 4153 3776 4221 μετὰ
3795 4153 3961 4216 ἐλέους

740 4240 1110 4295 misericordia
1143 4249 1196 4294 et
1228 4240 1574 4295 miseratione
1604 4279 1619 4304 ,
1655 4240 1726 4292 ita
1758 4239 1920 4292 etiam
1959 4255 2044 4292 me
2092 4240 2295 4308 aspice,

2168 4240 2295 4308 pice,
2401 4240 2496 4293 καὶ
2523 4238 2837 4311 οἰκτιρμῶν,
2863 4239 3032 4303 οὕτως
3059 4239 3398 4311 κάμὲιέπιδε,
3430 4243 3523 4293 καὶ
3545 4242 3684 4296 ἐλέει
3717 4261 3804 4314 με.

739 4340 794 4386 et
822 4331 1078 4384 miserere
1108 4330 1232 4384 mei.

809 4420 930 4476 155.
974 4420 1082 4476 Fac
1137 4435 1232 4476 cor
1275 4434 1454 4474 meum
1492 4430 1736 4488 prompte
1770 4420 1924 4489 sequi
1961 4419 2290 4474 voluntatem
2326 4437 2370 4491 ι)

2326 4437 2370 4491 ι)
2472 4418 2589 4472 155.
2624 4418 2732 4489 Τὴν
2763 4419 3066 4491 προθυμίαν
3108 4421 3205 4492 τῆς
3230 4421 3456 4492 καρδίας
3486 4440 3588 4493 μου
3616 4425 3841 4496 ποίησον
3882 4428 3953 4492 ἐξ·

739 4521 909 4577 tuam,
941 4522 1124 4566 etnon
1150 4514 1344 4583 poterit
1377 4511 1558 4566 omnis
1603 4510 1804 4566 diaboli
1842 4520 2087 4582 potestas
2130 4512 2299 4566 abdu-

2397 4507 2702 4560 ακολουθεῖν
2734 4509 2809 4579 τῷ
2853 4509 3116 4580 θελήματι
3168 4513 3409 4578 σου,’καὶ
3457 4515 3530 4584 μὴ
3589 4516 3784 4590 ἰσχύσῃ
3823 4521 3954 4571 πᾶσα

737 4618 861 4659 εει-ε
897 4619 983 4659 me
1008 4604 1076 4658 ab
1106 4619 1289 4658 amore
1315 4613 1426 4658 ιιιο,
2392 4598 2616 4669 δύναμις
2674 4599 2768 4652 τοῦ
2815 4600 3058 4654 διαϐόλου
3106 4602 3409 4674 ἀποστῆσαί
3463 4623 3529 4675 μ
3577 4606 3678 4677 τῆς
3729 4611 3862 4681 πρὸς
3902 4612 3952 4661 σὲ

2395 4693 2636 4763 ἀγάπης.

809 4787 930 4843 151.
965 4786 1157 4841 Libera
1189 4801 1274 4840 me
1312 4787 1381 4841 ab
1404 4785 1553 4842 omni
1600 4786 1907 4844 dzemonum
1954 4785 2199 4852 incursu,
2242 4796 2296 4841 ct

2463 4785 2582 4839 151.
2616 4785 2899 4856 Λύτρωσαί
2931 4804 2996 4857 με
3026 4786 3132 4838 ἀπὸ
3163 4787 3342 4858 πάσης
3370 4788 3623 4860 ἀερορμῆς
3648 4790 3757 4843 τῶν
3779 4790 3949 4862 δαιμό-

737 4880 972 4951 implebo
1005 4880 1255 4936 mandata
1284 4887 1396 4934 tua.

2393 4897 2519 4941 νων,
2551 4881 2643 4932 καὶ
2673 4878 2944 4950 πληρώσω
2973 4879 3068 4942 τὰς
3100 4881 3314 4944 ἐντολάς
3352 4898 3466 4934 σου.

807 4973 928 5027 155.
961 4971 1077 5026 Lux
1115 4973 1298 5041 gratia:
1331 4983 1433 5028 tua:
1477 4971 1585 5037 fac,
1621 4981 1681 5027 ut
1721 4973 2004 5026 exoriatur
2049 4987 2103 5026 in
2133 4973 2296 5027 corde

2463 4970 2582 5024 155.
2620 4970 2691 5022 Τὸ
2718 4971 2831 5039 φῶς
2859 4971 2956 5040 τῆς
2983 4971 3198 5042 χάριτός
3225 4989 3315 5024 σου
3345 4971 3624 5026 ἀνατειλον
3654 4975 3712 5026 ὲν
3737 4979 3802 5047 τῇ
3828 4994 3945 5048 καρ-

735 5075 878 5125 meo,
923 5069 978 5114 et
1008 5062 1142 5115 doce
1168 5077 1255 5116 me
1301 5061 1621 5130 intelligere,
1656 5069 1711 5116 et
1736 5059 1916 5115 facere
1946 5060 2294 5130 justiiicatio-

2387 5061 2474 5133 δία
2505 5079 2625 5132 μου,
2656 5063 2747 5116 καὶ
2772 5063 2980 5130 δίδαξόν
3014 5081 3079 5134 με
3113 5067 3275 5128 νοεῖν,
3301 5066 3394 5117 καὶ
3426 5069 3599 5119 ποιεῖν
3635 5069 3707 5120 τὰ
3736 5070 3941 5121 δικαιὼ-

735 5167 833 5206 nes
863 5161 1002 5207 tuas.

2391 5155 2533 5224 ματά
2567 5171 2673 5208 σου.

807 5240 927 5294 156.
961 5240 1178 5296 Fluvios
1211 5241 1571 5296 lacrvmarum
1609 5241 1806 5296 deduxi
1840 5242 1908 5295 ab
1945 5240 2120 5295 oculis
2154 5242 2291 5294 meis

2461 5241 2578 5295 156.
2608 5244 2888 5311 Ποταμοὺς
2906 5242 3153 5314 δακρύων
3177 5243 3489 5311 κατήγαγον
3515 5245 3623 5297 ἀπὸ
3641 5246 3748 5298 τῶν
3769 5245 3942 5314 ὀφθαλ-

732 5348 995 5401 οθιηεηε,
1051 5348 1105 5389 et
1148 5335 1394 5405 cogitans
1439 5333 1582 5403 quod
1638 5349 1746 5387 non
1796 5334 2060 5388 custodiri
2118 5332 2289 5402 legem

2393 5333 2506 5402 μῶν
2543 5351 2640 5402 μου
2670 5333 2891 5398 κλαίων,
2921 5337 3012 5387 καὶ
3039 5334 3455 5406 ἐνθυμούμενος,
3479 5336 3560 5388 ὅτι
3592 5337 3692 5390 οὐκ
3718 5338 3937 5407 ἐφύλαξα

733 5433 899 5478 tuam.

2387 5424 2477 5475 τὸν
2513 5423 2673 5492 νόμον
2707 5441 2819 5476 σου.

805 5515 923 5568 157.
955 5513 1140 5569 Justus
1165 5514 1330 5582 judex
1366 5528 1444 5574 es,
1477 5511 1724 5578 Domine,
1758 5521 1812 5567 et
1841 5529 1946 5567 non
1992 5524 2073 5568 est
2103 5528 2288 5582 perso-

2458 5515 2574 5567 157.
2606 5515 2980 5586 Δικαιοκρίτης
3003 5511 3086 5582 εἴ,
3130 5516 3320 5587 Κύριε,
3351 5517 3442 5570 καὶ
3487 5518 3589 5572 οὐκ
3634 5518 3747 5571 εστι
3791 5535 3934 5588 προσ-

731 5620 918 5659 narum
955 5607 1192 5674 acceptio
1219 5604 1358 5673 apud
1392 5613 1463 5658 te.

1340 5604 1358 5655 l
1392 5613 1463 5658 te.
2384 5605 2665 5675 ωποληψία
2694 5624 2839 5675 παρα
2882 5606 2976 5658 σοί.

801 5695 920 5750 158.
953 5695 1256 5764 Pnecepisti
1302 5692 1477 5770 facere
1505 5691 1774 5760 justitiam
1814 5693 1867 5748 iu
1907 5694 1986 5750 tui
2031 5695 2278 5750 testimo-

2459 5696 2579 5750 158.
2614 5698 2952 5768 ΙΙροσέ-εαξας
2995 5699 3074 5761 εἰς
3122 5698 3425 5769 μαρτυρίαν
3473 5716 3567 5753 σου
3610 5699 3931 5771 δικαιοσύνην

731 5784 900 5853 nium,
926 5794 978 5840 et
1012 5785 1140 5840 nihil
1169 5800 1267 5855 per
1303 5783 1723 5840 simulationem.

2385 5790 2577 5851 ποιεῖν,
2611 5788 2706 5841 καὶ
2736 5789 2899 5861 μηδὲν
2931 5787 3047 5842 καθ’
3081 5789 3388 5861 ὑπόκρισιν.
