4142 6452
731 403 865 458 1203
1565 404 1621 460 S.
1665 406 2031 463 ATHANASII
2071 409 2217 463 OPP.
2262 407 2367 462 PA]

2402 410 2438 464 S
2475 411 2564 465 lll.
2604 440 2672 448 ——
2709 411 3113 467 EXEGETICA.
3821 417 3941 470 1204
4029 412 4031 414 ’

807 522 926 575 148.
961 521 1338 576 Ριάινειιετυιιι
1388 523 1527 576 oculi
1561 524 1662 577 mei
1724 524 1788 578 ad
1820 535 1871 580 te
1921 525 2190 593 diluculo,
2227 536 2285 582 ut
2313 537 2355 591 Α

2313 537 2355 591 Α
2461 530 2580 582 148.
2623 531 2974 600 Προέφθασαν
2999 532 3046 583 οἱ
3074 530 3336 602 ὀφθαλμοί
3359 550 3458 602 μου
3484 533 3626 603 πρὸς
3648 533 3840 605 ὄρθρον
3865 537 3941 586 τοὶ

737 612 1022 665 meditarer
1051 612 1262 680 eloquia
1294 621 1406 665 tua.

1398 653 1406 665 .
2398 623 2622 691 μελετᾷν
2648 622 2714 673 τὰ
2741 623 2891 690 λόγια
2924 640 3034 678 σου.

807 703 926 757 149.
953 702 1148 756 Vocem
1179 718 1352 756 meam
1383 704 1505 757 audi
1537 705 1833 757 secundum
1864 706 2285 759 misericordiam

2468 713 2584 766 1-19.
2609 714 2719 782 Τῆς
2741 715 2923 784 φωνῆς
2954 733 3051 785 μου
3083 718 3328 778 ἄκουσον,
3352 720 3546 789 Κύριε,
3570 717 3714 770 κατά
3736 720 3794 770 τὸ
3817 719 3891 770 ἕλε
3902 721 3947 780 ἐς

737 809 903 858 tuam,
935 794 1181 859 Domine,
1224 793 1317 866 [et]
1352 795 1646 849 secundum
1681 796 1944 864 judicium
1973 809 2122 852 tuum
2155 799 2287 852 vivi-

1926 813 1944 850 ι
1973 809 2122 852 tuum
2155 799 2287 852 vivi-
2399 821 2512 865 σου,
2549 802 2688 874 [xui]
2714 805 2854 857 κατὰ
2880 807 2939 857 τὸ
2967 806 3138 876 κρῖμά
3166 825 3256 860 σου
3281 808 3440 878 ζῇσόν
3476 826 3562 878 με.

737 889 834 940 tica
853 901 957 940 me.

809 977 930 1031 150.
964 975 1542 1045 Appropinquaverunt
1573 988 1958 1046 persequentes
1983 995 2067 1035 me
2091 981 2289 1051 iniqui-

2467 981 2588 1033 150.
2615 984 2991 1052 Προσήγγισαν
3010 984 3059 1035 οί
3079 984 3496 1049 καταδιώκοντες
3522 1005 3589 1057 με
3611 989 3834 1057 ἀνομία,
3852 990 3951 1040 ἀπὸ

740 1071 852 1134 tati,
892 1086 921 1122 a
952 1070 1065 1136 lege
1092 1078 1271 1122 autem
1308 1076 1398 1122 tua
1430 1069 1585 1139 longe
1613 1070 1740 1124 facti
1774 1080 1918 1124 sunt.

1707 1071 1740 1122 li
1774 1080 1918 1124 sunt.
2395 1074 2448 1124 δὲ
2478 1073 2570 1125 τοῦ
2595 1074 2756 1142 νόμου
2789 1091 2881 1126 σου
2913 1076 3343 1146 ὲμακρύνθησαν.

810 1160 931 1212 151.
963 1158 1135 1229 Prope
1165 1174 1223 1214 cs
1253 1167 1330 1225 tu,
1365 1159 1611 1224 Domine,
1644 1171 1697 1214 et
1735 1177 1923 1215 omnes
1951 1161 2047 1214 via:
2081 1171 2182 1215 tuae
2211 1179 2292 1216 ve.

2465 1164 2590 1217 151.
2629 1166 2827 1232 Ἐγγὺς
2857 1161 2906 1217 εἴ
2938 1168 3022 1230 σὺ,
3057 1167 3259 1237 Κύριε,
3294 1171 3386 1223 καὶ
3419 1173 3588 1224 πᾶσαι
3621 1173 3677 1224 αἱ
3864 1189 3949 1222 σου

740 1253 888 1305 ritas.

2390 1255 2631 1323 ἀλήθεια.

810 1342 930 1396 152.
966 1342 1121 1397 initio
1155 1343 1378 1412 cognovi
1406 1342 1472 1397 de
1511 1344 1834 1398 testimoniis
1883 1343 1990 1396 tuis
2014 1382 2028 1405 ,
2060 1342 2186 1410 quia
2236 1342 2289 1394 in

2465 1343 2586 1396 152.
2622 1346 2754 1396 Κατ’
2779 1346 2950 1415 ἀρχὰς
2980 1346 3147 1415 ἔγνων
3168 1349 3231 1401 ἐκ
3267 1350 3371 1403 τῶν
3402 1352 3717 1423 μαρτυρίων
3741 1371 3854 1416 σου,
3875 1356 3950 1406 δτι

738 1441 997 1487 aeternum
1034 1433 1268 1486 fundasti
1312 1449 1393 1487 ea.

2393 1439 2470 1498 είς
2501 1437 2590 1488 τὴν
2623 1437 2792 1490 αἰῶνα
2827 1439 3188 1508 ἐθεμελίωσας
3211 1442 3363 1495 αὐτὰ.

812 1523 931 1576 155.
974 1522 1103 1576 Vide
1128 1523 1482 1577 humilitatem
1515 1540 1686 1578 meam
1709 1563 1723 1587 ,
1759 1535 1812 1578 et
1844 1525 1989 1593 eripe
2019 1539 2132 1589 me,
2166 1523 2292 1592 quia

2463 1528 2582 1581 155.
2622 1530 2728 1580 Ἴδε
2763 1529 2860 1600 τὴν
2891 1530 3212 1584 ταπείνωσίν
3253 1550 3373 1602 μου,
3411 1533 3504 1586 καὶ
3532 1532 3714 1596 ἐξελοῦ
3749 1552 3837 1603 με,
3877 1536 3951 1587 ὅτι

740 1612 907 1680 legem
941 1623 1088 1665 tuam
1125 1629 1232 1666 non
1268 1630 1386 1666 sum
1422 1613 1641 1668 oblitus.

2393 1621 2485 1674 τοῦ
2519 1622 2680 1691 νόμου
2709 1639 2799 1673 σου
2829 1623 2925 1674 οὐκ
2957 1623 3309 1694 ἐπελαθόμην.

810 1703 933 1756 151.
965 1701 1153 1758 Judica
1178 1705 1437 1772 judicium
1466 1720 1668 1767 meum,
1699 1714 1753 1758 et
1780 1705 1980 1759 redime
2009 1719 2094 1758 me
2125 1722 2137 1757 :
2170 1717 2294 1772 pro-

2464 1712 2584 1765 151.
2617 1714 2815 1783 Κρῖνον
2841 1713 2936 1782 τὴν
2959 1714 3135 1783 κρίσιν
3167 1730 3289 1783 μου,
3319 1717 3411 1769 καὶ
3444 1716 3720 1786 λύτρωσαί
3754 1734 3839 1785 με,
3869 1717 3952 1768 διὰ

741 1805 856 1866 pter
883 1797 1156 1864 eloquium
1190 1807 1338 1852 tuum
1362 1798 1573 1851 vivitica
1603 1814 1706 1852 me.
2320 1869 2360 1874 _

1439 1798 1573 1851 *ilica
1603 1814 1706 1852 me.
2320 1869 2360 1874 _
2393 1804 2481 1856 τὸν
2507 1803 2657 1871 λόγον
2685 1821 2775 1855 σου
2805 1801 2964 1873 ζῆσόν
2990 1821 3075 1874 με.

810 1888 932 1941 155.
969 1885 1151 1959 Longe
1187 1904 1216 1940 a
1248 1888 1620 1956 peccatoribus
1647 1887 1798 1941 salus
1818 1927 1832 1949 ,
1883 1886 2007 1955 quia
2033 1885 2294 1954 justitica-
2320 1869 2364 1922 Β

2320 1869 2364 1922 Β
2466 1869 2586 1949 155.
2620 1869 3343 1967 Μακράν-ἀπὺνὰμαρτωλῶν
3367 1899 3631 1968 σωτηρία,
3670 1900 3751 1951 ὅτι
3790 1900 3854 1951 τὰ
3880 1900 3951 1952 δι-

745 1980 917 2033 tiones
951 1988 1072 2033 tuas
1105 1994 1212 2033 non
1243 1981 1634 2049 exquisierunt:

2395 1987 2682 2056 καιώματὰ
2707 2004 2799 2039 σου
2825 1988 2922 2041 οὐκ
2955 1986 3298 2058 ἐξεζήτησαν.

812 2068 930 2123 156.
965 2068 1344 2125 Misericordiae
1375 2080 1478 2124 tua:
1505 2069 1706 2133 multae,
1731 2067 1974 2128 Domine.
2004 2066 2297 2121 secundum

2467 2077 2585 2130 156.
2617 2079 2678 2130 Οἱ
2710 2077 2976 2148 οἰκτιρμοί
3009 2094 3100 2130 σου
3127 2077 3342 2141 πολλοὶ,
3363 2077 3556 2148 Κύριε,
3584 2079 3727 2131 κατὰ
3757 2080 3815 2131 τὸ
3841 2085 3949 2148 κρί-

737 2159 999 2226 judicium
1039 2171 1189 2214 tuum
1220 2163 1430 2216 vivitica
1467 2178 1569 2215 me.

1262 2163 1430 2216 ivilica
1467 2178 1569 2215 me.
2400 2163 2472 2232 μά
2504 2179 2594 2214 σου
2622 2164 2784 2233 ξῆσόν
2814 2182 2898 2235 με.

815 2252 935 2305 157.
962 2251 1109 2305 Multi
1139 2254 1229 2322 qui
1261 2261 1654 2323 persequuntur
1681 2268 1786 2316 me,
1810 2262 1860 2305 et
1887 2251 2146 2305 tribulant
2170 2265 2255 2302 me
2284 2268 2295 2302 :

2468 2254 2590 2308 157.
2626 2255 2815 2307 Πολλοὶ⁵
2854 2257 2902 2307 οἱ
2931 2256 3276 2320 ὲκδιὼκοντες
3306 2275 3391 2327 με,
3431 2258 3524 2310 καὶ
3547 2258 3822 2321 θλίϐοντες
3849 2276 3913 2326 με
3940 2277 3947 2286 ·

743 2364 773 2399 a
805 2340 1126 2401 testimoniis
1157 2348 1263 2403 tuis
1293 2365 1396 2403 non
1430 2348 1718 2402 declinavi.

2401 2348 2462 2398 ἐκ
2484 2345 2590 2398 τῶν
2633 2347 2940 2415 μαρτυρίων
2972 2363 3063 2398 σου
3091 2349 3189 2400 οὐκ
3217 2349 3478 2414 ἐξέκλινα.

816 2440 935 2494 158.
964 2438 1084 2493 Vidi
1106 2441 1539 2509 prazvaricantes,
1562 2448 1615 2493 et
1640 2438 1978 2493 labescebam
2009 2457 2020 2490 :
2047 2436 2172 2506 quia
2192 2437 2298 2489 elo-

2468 2434 2587 2489 158.
2615 2432 2761 2488 Εἶδον
2810 2437 3194 2500 ἁσυνετοῦντας
3216 2478 3230 2503 ,
3263 2440 3355 2491 καὶ
3380 2439 3719 2510 ἐξετηκόμην
3743 2482 3757 2503 ,
3786 2443 3862 2492 δτι
3893 2443 3951 2492 τὰ

743 2531 866 2598 quia
899 2539 987 2582 tua
1016 2544 1123 2582 non
1155 2530 1546 2583 custodierunt.

1538 2571 1546 2583 ,
2393 2527 2546 2595 λόγιά
2580 2545 2674 2579 σου
2709 2528 2806 2580 οὐκ
2830 2528 3174 2596 ἐφυλάξαντο.

815 2620 936 2673 159.
974 2619 1104 2674 Vide
1127 2660 1141 2683 ,
1171 2622 1425 2690 quoniam
1463 2622 1712 2675 mandata
1744 2631 1834 2674 tua
1862 2621 2023 2673 dilexi
2061 2637 2073 2671 :
2113 2619 2295 2672 Domi-

2463 2617 2583 2670 159.
2615 2617 2737 2679 Ἴδε,
2769 2619 2850 2671 ὃτι
2877 2620 2974 2681 τὰς
3003 2620 3219 2683 ἐντολάς
3240 2637 3330 2673 σου
3351 2622 3646 2692 ἠγάπησα·
3680 2625 3871 2694 Κύριε,
3901 2627 3951 2675 ἐν

747 2726 831 2777 ne,
865 2713 916 2764 in
947 2713 1315 2767 misericordia
1347 2723 1436 2766 tua
1462 2714 1668 2766 vivitica
1704 2729 1810 2766 me.

1418 2728 1436 2765 λ
1462 2714 1668 2766 viviiica
1704 2729 1810 2766 me.
2391 2707 2467 2776 τῷ
2502 2708 2638 2760 ἐλέει
2676 2725 2765 2761 σου
2800 2707 2960 2779 ζῆσόν
2990 2728 3054 2780 με

1854 2863 2223 2920 ATHANASII
2272 2862 2843 2918 lNTERPRETATlO.

819 3025 940 3079 148.
968 3024 1336 3096 Vigilaverunt
1357 3026 1496 3081 oculi
1525 3026 1703 3078 cordis
1727 3024 1831 3076 mei
1859 3023 1925 3075 ad
1953 3021 2190 3076 suaviter
2205 3035 2298 3074 ex-

2466 3020 2584 3075 MS.
2611 3020 2846 3092 Ἀνῆψαν
2866 3023 2913 3073 οί
2937 3022 3198 3093 ὀφθαλμοὶ
3215 3024 3313 3094 τῆς
3335 3025 3558 3095 καρδίας
3584 3043 3688 3096 μου
3711 3028 3774 3078 τὸ
3794 3027 3952 3096 ἡδέως

747 3116 1048 3184 cipiendam
1078 3117 1252 3170 lucem
1287 3115 1685 3184 Scripturarum
1719 3124 1954 3172 tuarum.

1793 3129 1954 3168 trum.
2394 3109 2645 3175 δέξασθαι
2679 3112 2738 3164 τὸ
2767 3113 2880 3180 φῶς
2911 3112 3018 3164 τῶν
3051 3112 3276 3183 Γραςρῶν
3316 3130 3429 3166 σου.

820 3206 944 3260 119.
971 3206 1121 3259 Sicut
1142 3206 1405 3261 immensa
1427 3218 1508 3261 est
1531 3209 1895 3263 misericordia
1920 3217 2030 3275 tua,
2047 3209 2118 3263 ita
2136 3224 2299 3264 exau-

2465 3202 2586 3255 149.
2620 3202 2813 3265 Καθὼς
2855 3204 3153 3275 ἀμέτρητον
3196 3207 3310 3256 ἐστι
3340 3206 3400 3257 τὸ
3431 3203 3576 3266 ἔλεός
3622 3221 3716 3256 σου
3743 3245 3756 3268 ,
3790 3205 3951 3265 οὕτως

748 3297 801 3350 di
823 3312 930 3361 me,
948 3307 1000 3350 et
1026 3296 1320 3351 secundum
1347 3297 1672 3352 voluntatem
1691 3307 1837 3352 tuam
1862 3299 1932 3352 ita
1958 3299 2166 3354 viviﬁca
2192 3316 2296 3356 me.

2195 3316 2296 3356 me,
2395 3293 2623 3347 ἄκουσόν
2658 3312 2779 3364 μου,
2805 3298 2898 3348 καὶ
2926 3296 3104 3359 καθὼς
3132 3297 3322 3360 Θέλεις,
3347 3297 3518 3359 οὕτως
3549 3299 3715 3368 ζῆσὸν
3745 3318 3831 3368 με.

819 3388 941 3442 150.
991 3388 1294 3444 Attulerunt
1347 3389 1668 3444 adversariae
1702 3400 1992 3457 potestates
2028 3391 2299 3458 improbas
2326 3418 2367 3474 α

2326 3418 2367 3474 C
2471 3383 2591 3438 150.
2623 3385 2962 3456 Προσέφερον
3011 3388 3064 3439 αἱ
3095 3387 3328 3439 ἐναντίαι
3367 3387 3624 3456 δυνάμεις
3667 3391 3951 3457 ἐπιθυμίας

749 3477 1062 3544 cupiditates
1080 3497 1093 3543 ;
1111 3487 1169 3532 ut
1185 3494 1310 3532 vero
1328 3480 1575 3533 viderunt
1596 3480 1646 3533 in
1671 3495 1752 3535 me
1772 3480 2113 3535 exsistentem
2133 3482 2297 3550 legem
2344 3473 2351 3474 ⁷

2344 3473 2351 3474 ί
2401 3476 2639 3545 πονηράς
2659 3493 2670 3504 ·
2721 3476 2848 3528 ὡσεὶ
2883 3475 2978 3548 [ὡς
3010 3477 3086 3549 δὲ]
3115 3473 3249 3530 εἶδον
3287 3479 3345 3529 ἐν
3377 3480 3498 3548 ἐμοὶ
3523 3479 3652 3532 ὄντα
3684 3481 3776 3534 τὸν
3801 3483 3949 3551 νόμον

750 3580 922 3636 tuam,
956 3569 1356 3638 disparuerunt.

2403 3584 2514 3629 σου,
2543 3569 2762 3635 ἀφανεῖς
2795 3568 3053 3635 ἐγένοντο.

825 3662 944 3715 151.
971 3661 1141 3731 Prope
1170 3677 1229 3717 es
1255 3672 1308 3716 tu
1333 3705 1346 3726 ,
1377 3661 1634 3726 Domine,
1667 3665 1966 3720 volentibus
2001 3667 2065 3720 ad
2097 3675 2147 3721 te
2173 3682 2302 3722 con-

2471 3658 2589 3711 151.
2620 3657 2849 3727 Πλησίον
2877 3655 2924 3710 εἷ
2946 3661 3029 3720 σὺ,
3054 3659 3241 3729 Κύριε,
3270 3659 3376 3712 τῶν
3395 3659 3656 3713 θελόντων
3687 3661 3951 3732 προσφεὺ-

756 3752 939 3824 fugere
960 3795 974 3819 ,
1005 3763 1057 3808 et
1082 3754 1264 3808 omnia
1302 3755 1555 3810 mandata
1595 3765 1685 3809 tua
1720 3772 1826 3810 non
1858 3767 1984 3812 sunt
2010 3774 2254 3814 onerosa.

2401 3764 2515 3814 γειν
2548 3763 2646 3810 σοι,
2680 3749 2772 3799 καὶ
2803 3750 2968 3800 πᾶσαι
2998 3749 3052 3800 αἱ
3089 3747 3292 3799 ὲντολαί
3323 3765 3414 3800 σου
3450 3751 3548 3801 οὐκ
3592 3751 3699 3801 είσὶ
3728 3751 3949 3820 βαρεῖαι.

827 3844 950 3898 152.
979 3845 1058 3898 Ab
1113 3846 1271 3898 initio
1300 3848 1532 3916 cognovi
1565 3863 1595 3900 e
1635 3846 1929 3916 Scripturis
1963 3849 2069 3905 tuis
2094 3891 2110 3915 ,
2160 3852 2302 3920 quod

2475 3839 2592 3892 152.
2627 3839 2715 3904 Ἐξ
2745 3840 2916 3909 ἀρχῆς
2947 3839 3256 3910 συνετίσθην
3293 3840 3356 3892 ἐκ
3397 3840 3504 3892 τῶν
3554 3840 3789 3911 Γραφῶν
3843 3858 3948 3899 σου,

757 3937 952 3989 invicta
983 3935 1388 4009 [immutabilia]
1416 3948 1541 3993 sunt
1562 3941 1809 3994 mandata
1845 3950 1955 3995 tua.

2401 3932 2481 3982 ὅτι
2510 3932 2739 4000 ἀνίκητὰ
2767 3930 3036 4000 [ἀκίνητά]
3065 3932 3166 3982 εἰσι
3193 3930 3258 3982 τὰ
3286 3932 3681 4000 προστάγματὰ
3704 3950 3819 3984 σου.

824 4030 944 4085 155.
976 4029 1460 4101 Recordare,quod
1478 4041 1617 4087 terra
1647 4041 1699 4087 et
1723 4033 1899 4102 pulvis
1927 4050 2066 4099 sum,
2091 4036 2301 4104 eteripe

2473 4021 2592 4073 155.
2618 4021 2916 4091 Μνήσθητι,
2937 4019 3103 4088 ὃτιγῆ
3131 4021 3222 4072 καὶ
3252 4021 3440 4082 σποδός
3465 4023 3601 4090 εἰμι,
3629 4024 3723 4073 καὶ
3751 4021 3949 4084 ἐξελοῦ-

752 4137 838 4178 me
865 4122 933 4176 ab
967 4123 1291 4177 adversariis
1317 4125 1690 4193 potestatibus.
1714 4125 1969 4193 quoniam
1994 4124 2305 4180 indesinen-

2406 4130 2499 4182 μαι
2525 4111 2728 4183 [ἐξελοῦ
2758 4111 2846 4183 με]
2876 4114 2938 4164 ὲκ
2967 4111 3072 4164 τῶν
3098 4111 3351 4164 ἐναντίων
3371 4110 3676 4180 δυνάμεων,
3701 4114 3782 4164 ὅτι
3809 4130 3951 4181 μερι-

753 4225 834 4268 ter
865 4216 1129 4270 sollicitus
1171 4231 1311 4278 sum,
1348 4217 1620 4285 quomodo
1653 4218 1898 4284 impleam
1933 4219 2099 4287 legem
2135 4228 2300 4273 tuam.

2407 4205 2519 4274 μνὼ
2553 4205 2906 4266 ἀδιαλείπτως
2945 4205 3003 4256 τὸ
3036 4204 3152 4266 πῶς
3186 4204 3454 4276 πληρώσω
3485 4205 3576 4256 τὸν
3629 4206 3794 4273 νόμον
3847 4222 3949 4255 σου.

825 4305 1395 4375 154Ωυαηᾱοηυίόθιη
1420 4305 1600 4374 justus
1627 4306 1791 4374 judex
1817 4307 2050 4370 exsistis,
2080 4324 2165 4362 me
2200 4309 2303 4361 ini-

2475 4296 2591 4349 154.
2609 4297 2693 4358 Ὠς
2713 4297 3077 4366 δικαιοκρίτης
3095 4296 3373 4366 ὑπάρχεις,
3393 4294 3742 4364 ἀδικούμενον
3769 4312 3833 4363 με
3859 4295 3952 4345 ὐπδ

751 4413 858 4465 que
882 4412 1197 4467 Oppressum
1221 4412 1248 4448 a
1276 4394 1610 4448 daemonibus
1637 4394 1800 4448 libera
1822 4436 1834 4460 ,
1865 4405 1917 4449 et
1939 4410 2186 4450 sermone
2213 4404 2305 4449 tuo

2405 4388 2510 4441 τῶν
2531 4389 2794 4457 δαιμόνων
2825 4387 3112 4458 λύτρωσαι,
3142 4389 3231 4439 καὶ
3256 4387 3342 4439 διὰ
3372 4387 3460 4440 τὸν
3483 4387 3640 4454 λόγον
3671 4403 3763 4438 σου
3790 4389 3951 4439 ἕτισόν

752 4490 962 4562 viviﬁca
991 4505 1093 4544 me.

2407 4499 2471 4550 με
2507 4481 2692 4552 madv
2725 4480 2832 4552 ee]-

823 4581 944 4635 155.
971 4580 1234 4645 Quoniam
1257 4580 1441 4633 dixisti
1469 4577 1665 4633 :Nemo
1689 4586 1919 4633 vestrum
1950 4579 2131 4648 inique
2152 4587 2300 4648 agat;

2476 4574 2595 4628 155.
2617 4575 2735 4625 Ὅτι
2759 4570 2942 4636 εἶπας·
2976 4571 3136 4625 Οὐδὲν
3167 4571 3383 4643 [οὐδεὶς]
3412 4571 3562 4641 ὑμῶν
3589 4571 3650 4623 οὺ
3679 4571 3752 4640 μὴ
3779 4571 3950 4638 eam-

755 4673 911 4728 morti
934 4671 1113 4725 traditi
1143 4680 1268 4723 sunt
1293 4681 1608 4739 peccatores
1633 4713 1645 4734 ,
1678 4673 1801 4740 quia
1836 4682 2153 4741 respuerunt
2181 4687 2304 4741 pro-

2407 4683 2475 4739 σῃ
2497 4685 2508 4697 ο
2533 4666 2960 4735 τεθανατωμένοι
2987 4665 3121 4717 εἰσὶν
3145 4665 3191 4716 οί
3217 4663 3540 4734 ἁμαρτωλοὶ,
3569 4663 3650 4714 ὅτι
3673 4663 3770 4733 τὴν
3797 4665 3947 4728 ἐπαγ·

752 4765 1065 4818 missionem
1090 4763 1211 4816 vita:
1242 4770 1498 4816 venturae.
2335 4747 2380 4802 Ι)

2335 4747 2380 4802 D
2407 4761 2587 4829 γελίαν
2617 4760 2714 4828 τῆς
2745 4759 2888 4827 ζωῆς
2925 4758 3024 4826 τῆς
3060 4757 3352 4827 μελλούσης
3385 4758 3482 4809 οὐκ
3512 4755 3801 4825 ἠθέλησαν.

823 4856 943 4910 156.
979 4853 1113 4907 Novi
1147 4856 1439 4908 immensas
1476 4870 1594 4908 esse
1625 4855 1998 4908 miserationes
2029 4863 2148 4909 tuas
2170 4894 2184 4916 ,
2216 4871 2301 4909 se.

2476 4850 2594 4904 156.
2627 4846 2754 4902 υἶδα
2794 4849 2874 4901 ὅτι
2895 4848 3186 4919 ἀμέτρητοί
3206 4851 3339 4900 εἰσιν
3372 4848 3421 4899 οἱ
3446 4847 3716 4916 οἰκτιρμοί
3747 4863 3854 4910 σου,
3883 4844 3948 4905 ὡς

752 4950 988 5002 cundum
1024 4946 1353 5001 voluntatem
1391 4956 1536 4999 tuam
1572 4945 1780 4998 viviﬁca
1817 4961 1920 4998 me.

1261 4963 1353 5001 .em
1391 4956 1536 4999 tuam
1572 4945 1780 4998 viviﬁca
1817 4961 1920 4998 me.
2405 4942 2592 5005 Θέλεις,
2624 4941 2783 5012 ζῆσόν
2815 4959 2897 5011 με.

823 5039 944 5091 157.
975 5038 1272 5092 Contraria:
1315 5047 1623 5107 potestates.
1678 5035 1810 5090 Nam
1842 5037 2153 5091 recordatus
2185 5054 2302 5092 sum

2475 5034 2594 5087 157.
2619 5036 2680 5086 Ai
2702 5033 2937 5087 ἐναντίαι
2951 5033 3224 5103 δυνάμεις.
3273 5033 3628 5103 Ἐμεμνημην
3648 5033 3757 5102 γὰρ
3786 5032 3947 5083 είπόν-

755 5136 804 5182 te
823 5128 1024 5182 dixisse
1046 5148 1056 5181 :
1078 5127 1143 5180 In
1165 5130 1422 5196 patientia
1440 5128 1765 5196 possidebitis
1791 5130 1992 5181 animas
2015 5139 2209 5182 vestras
2225 5131 2265 5159 ⁸⁷
2288 5146 2303 5193 ;

2404 5143 2492 5189 τος
2519 5143 2608 5179 σου
2630 5142 2643 5155 ·
2692 5126 2744 5176 Ἐ
2749 5143 2784 5177 ν
2802 5124 3074 5193 ὑπομονῇ
3097 5122 3399 5189 κτήσασθε
3417 5126 3521 5189 τὰς
3548 5126 3752 5192 ψυχὰς
3775 5121 3942 5192 ὑμῶν,

751 5229 805 5273 et
835 5237 846 5270 :
874 5218 974 5281 Qui
999 5219 1304 5272 sustinuerit
1328 5221 1383 5272 in
1413 5220 1565 5288 ﬁnem
1588 5261 1603 5285 ,
1637 5220 1717 5272 hic
1751 5219 1922 5272 salvus
1948 5222 2045 5272 erit
2067 5220 2130 5272 ⁸⁸.

2405 5219 2497 5271 καὶ
2524 5222 2554 5271 ό
2585 5219 2905 5286 ὑπομείνας
2924 5220 3008 5283 εἰς
3034 5216 3204 5282 τέλος
3235 5213 3409 5280 οὗτος
3440 5215 3793 5280 σωθήσεται.

824 5309 944 5362 158.
976 5309 1266 5364 Observavi
1297 5320 1600 5379 pereuntes,
1631 5322 1683 5366 et
1717 5327 1825 5381 pra:
1860 5312 2203 5366 tribulatione
2231 5321 2307 5365 ta-

2475 5310 2590 5364 158.
2613 5311 2656 5362 Π
2664 5312 2900 5380 ροσεῖχον
2920 5311 3044 5372 τοὺς
3063 5308 3258 5361 ἀπολλυ
3267 5307 3476 5378 μένους,
3501 5307 3831 5377 ἐξετηκόμην
3853 5305 3947 5356 ἀπὸ

760 5402 1063 5464 bescebam,
1098 5402 1222 5471 quia
1253 5402 1516 5456 voluntati
1550 5413 1653 5457 tua:
1691 5404 2030 5457 resistebant.

2404 5402 2503 5469 τῆς
2539 5401 2787 5470 θλίψεως,
2815 5404 2892 5454 ὅτι
2921 5402 2998 5472 τῷ
3032 5400 3325 5469 βουλήματί
3361 5416 3451 5451 σου
3482 5398 3819 5451 ἀνθίσταντο.

826 5492 948 5546 159.
971 5490 1074 5556 Qui
1126 5493 1368 5545 omnium
1418 5492 1579 5546 corda
1631 5493 1832 5559 noscis,
1897 5494 2092 5548 novisti
2146 5508 2308 5548 suave

2477 5494 2599 5549 159.
2636 5494 3052 5564 Καρδιογνώστα
3087 5494 3319 5552 πάντων,
3348 5487 3514 5553 οἶδας,
3549 5491 3630 5544 ὅτι
3669 5491 3834 5561 ἡδέως
3857 5489 3946 5558 ἔχω

756 5583 886 5637 mihi
927 5600 1045 5638 esse
1084 5584 1304 5653 implere
1341 5594 1602 5654 praecepta
1637 5594 1748 5648 tua,
1780 5585 2024 5650 Domine,
2050 5587 2309 5642 miserens

2409 5586 2688 5656 πληρῶσαι
2745 5588 2840 5649 τὰς
2873 5586 3085 5648 ἐντολάς
3117 5602 3206 5637 σου
3233 5626 3247 5648 ,
3278 5583 3449 5654 Κύριε
3468 5600 3482 5613 ο
3519 5582 3687 5635 ἐλεῶν
3717 5600 3783 5654 με
3808 5622 3822 5647 ,
3871 5582 3946 5632 καὶ

755 5675 880 5738 mei,
902 5686 955 5731 et
982 5675 1245 5745 adjuvans
1272 5692 1357 5730 me
1388 5676 1598 5732 viviﬁca
1629 5693 1713 5731 me
1739 5679 1908 5746 gratia
1943 5689 2054 5731 tua.

2023 5695 2054 5730 ι.
2412 5679 2619 5748 βοηθῶν
2657 5697 2744 5747 με,
2781 5678 2943 5748 ζῆσόν
2977 5695 3039 5748 με
3066 5677 3150 5731 διὰ
3175 5678 3268 5747 τῆς
3302 5677 3519 5747 χάριτός
3546 5693 3659 5730 σου.

737 5855 744 5861 _
832 5789 1027 5846 "an.
1069 5807 1176 5853 xxI,
1216 5791 1298 5843 19.
1408 5791 1448 5821 ⁵⁸
1480 5790 1640 5845 Marc.
1683 5808 1811 5855 xm,
1855 5793 1936 5846 l3.
