4142 6486
214 455 355 510 1905

1050 447 1135 502 DE
1178 447 1452 502 TITULIS
1497 445 1940 500 PSAIMORUM.
1979 479 2045 487 —
2083 447 2278 501 PSAL.
2328 448 2562 503 CXVI”.

3319 456 3452 510 1206

284 573 403 625 160.
424 568 589 640 Ἀρχὴ
608 568 714 620 τῶν
735 564 904 634 λόγων
923 582 1014 618 σου
1031 565 1272 635 ἀλήθεια,
1293 567 1384 617 καὶ
1406 567 1480 626 είς
1501 564 1588 616 τὸν
1611 563 1768 616 αἰῶνα

1955 561 2073 616 160.
2110 563 2442 632 Principium
2470 563 2764 618 verborum
2803 573 3023 618 tuorum
3063 566 3280 633 veritas,
3315 582 3367 624 et
3401 572 3450 624 in

211 663 390 714 πάντα
421 660 490 712 τὰ
518 658 760 728 κρίματα
787 657 883 725 τῆς
911 657 1256 726 δικαιοσύνης
1293 674 1404 708 σου.

284 750 405 804 161.
433 751 723 820 ’Ἄρχοντες
743 747 1072 814 κατεδίωξάν
1096 765 1163 817 με
1185 747 1411 817 δωρεάν,
1435 747 1526 800 καὶ
1548 746 1657 798 ἀπὸ
1678 747 1784 800 τῶν

207 842 384 909 λόγων
419 857 511 893 σου
545 839 837 892 ὲὸειλίασεν
863 841 895 908 ἡ
925 839 1116 910 καρδία
1154 856 1275 908 μου.

282 932 404 986 162.
439 932 863 1000 ’Δγαλλιάσομαι
895 930 1004 999 ἐγὼ
1037 932 1128 984 ἐπὶ
1159 931 1226 983 τά
1267 930 1422 999 λόγιά
1461 947 1553 982 σου
1584 970 1597 993 ,
1650 930 1724 992 ὼς
1755 932 1784 983 ὁ

203 1026 484 1098 εὑρίσκων
515 1023 682 1076 σκῦλα
717 1021 904 1076 πολλά.

281 1116 403 1172 163.
435 1114 670 1168 Ἀδικίαν
688 1116 947 1186 ἐμίσησα,
967 1114 1058 1168 καὶ
1081 1113 1449 1184 ὲὸδελυξάμην
1467 1131 1480 1144 ·
1504 1113 1595 1165 τὸν
1623 1113 1677 1166 δὲ
1698 1113 1783 1165 νό-

207 1222 311 1275 μον
345 1221 436 1257 σου
464 1205 651 1274 ὴγάπη
660 1221 745 1258 σα.

281 1295 401 1348 16-1.
431 1296 690 1358 Ἐπτάκις
708 1297 808 1366 τῆς
829 1295 1041 1366 ἡμέρας
1063 1295 1231 1365 ᾔνεσά
1259 1313 1317 1348 σε
1342 1295 1433 1346 ἐπὶ
1452 1296 1518 1349 τά
1539 1296 1779 1366 κρίματα

201 1386 307 1456 τῆς
332 1386 674 1457 δικαιοσύνης
704 1403 818 1440 σου.

279 1476 398 1531 165.
424 1478 626 1550 Εἰρήνη
653 1479 820 1550 πολλὴ
839 1482 952 1542 τοῖς
971 1478 1222 1547 ἀγαπῶσι
1245 1479 1333 1532 τὸν
1357 1479 1518 1550 νόμον
1544 1496 1657 1546 σου,
1684 1479 1777 1533 καὶ

201 1573 304 1624 οὐκ
342 1572 488 1624 ἔστιν
523 1574 705 1635 αὐτοῖς
739 1570 1050 1624 σκάνδαλον.

277 1663 402 1717 166.
437 1663 784 1733 Προσεδόκων
811 1663 872 1716 τὸ
900 1662 1166 1732 σωτήριόν
1203 1679 1318 1724 σου,
1343 1662 1535 1732 Κύριε,
1560 1663 1652 1716 καὶ
1676 1663 1775 1724 τὰς

200 1751 420 1814 ιντολάς
456 1768 548 1804 σου
583 1752 866 1823 ἠγάπησα.

274 1843 396 1897 167.
433 1842 727 1913 Ἐφύλαξεν
756 1846 788 1914 η
814 1843 960 1914 ψυχή
992 1860 1092 1913 μου
1123 1843 1191 1896 τὰ
1226 1841 1500 1914 μαρτύριά
1530 1858 1642 1906 σου,
1679 1841 1772 1892 καὶ

199 1933 386 2004 ηγάπη
397 1951 484 1986 σεν
515 1934 653 1988 αὐτὰ
679 1934 905 2004 σφόδρα.

276 2025 397 2080 168.
430 2025 696 2094 Ἐφύλαξα
725 2027 822 2089 τὰς
855 2026 1072 2088 ἐντολάς
1106 2043 1200 2078 σου
1245 2026 1339 2078 καὶ
1381 2024 1449 2076 τὰ
1502 2022 1776 2094 μαρτύριά

198 2134 315 2168 «ου’
353 2117 432 2169 ὃτι
462 2119 631 2171 πᾶσαι
667 2121 717 2171 αἱ
743 2118 850 2171 ὁδοί
885 2136 984 2188 μου
1009 2117 1259 2171 ,ἐναντίον
1292 2134 1408 2179 σου,
1439 2116 1631 2187 Κύριε.

275 2207 393 2264 169.
429 2210 735 2279 Ἐγγισάτω
767 2212 799 2280 ὴ
831 2209 1011 2278 δέησίς
1041 2227 1142 2280 μου
1176 2208 1403 2261 ἐνώπιόν
1426 2225 1516 2261 σου
1539 2248 1551 2271 ,
1578 2206 1769 2278 Κύριε,

198 2299 342 2351 κατὰ
369 2298 430 2354 τὸ
459 2300 634 2368 λόγιόν
669 2317 759 2354 σου
789 2301 1060 2353 συνέτισόν
1095 2316 1182 2371 με.

1889 662 2148 705 αξιοι-ηοω
2182 653 2361 706 omnia
2391 651 2597 721 judicia
2625 650 2849 720 justitia:
2871 659 2996 706 tua.

1961 744 2082 796 161.
2113 742 2393 813 Principes
2426 743 2694 812 persecuti
2720 752 2847 798 sunt
2877 758 2963 797 me
2992 744 3180 813 gratis,
3211 755 3264 800 et
3288 759 3318 798 a
3344 763 3437 801 ver

1887 837 1970 890 bis
1999 837 2107 889 tuis
2145 835 2453 890 formidavit
2480 851 2576 890 cor
2601 851 2799 889 meum.

1955 927 2076 981 169..
2111 926 2356 981 Laetabor
2379 943 2478 998 ego
2501 942 2666 995 super
2687 927 2902 997 eloquia
2930 937 3021 982 tua
3042 967 3055 992 ,
3093 929 3233 983 sicut
3254 929 3346 998 qui
3377 929 3450 981 in-

1883 1018 2029 1072 venit
2061 1019 2232 1086 spolia
2265 1019 2453 1072 multa.

1952 1103 2075 1158 165.
2102 1103 2449 1174 lniquitatem
2471 1106 2596 1161 odio
2619 1105 2806 1172 babui,
2837 1116 2890 1161 et
2919 1107 3260 1162 abominatus
3285 1123 3403 1162 sum
3430 1126 3443 1162 :

1879 1193 2050 1264 legem
2091 1205 2270 1248 autem
2314 1206 2461 1250 tuam
2493 1198 2676 1250 dilexi.

1952 1287 2074 1341 164.
2112 1288 2322 1357 Septies
2353 1289 2408 1343 in
2441 1289 2527 1345 die
2561 1290 2776 1344 laudem
2809 1289 2919 1343 dixi
2951 1290 3084 1354 tibi,
3117 1303 3280 1359 super
3303 1291 3447 1360 judi-

1879 1379 1962 1434 cia
1992 1380 2216 1447 justitite
2248 1393 2374 1434 tuae.

1950 1470 2073 1525 165.
2112 1470 2222 1526 Pax
2261 1471 2430 1524 multa
2467 1470 2820 1542 diligentibus
2852 1471 3020 1542 legem
3049 1479 3221 1537 tuam,
3252 1480 3304 1526 et
3337 1488 3443 1527 non

1876 1572 1961 1617 est
1989 1564 2097 1617 illis
2120 1564 2454 1618 scandalum.

1947 1655 2067 1709 166.
2092 1655 2478 1724 Exspectabam
2496 1655 2731 1711 salutare
2755 1665 2928 1718 tuum,
2951 1655 3196 1721 Domine,
3217 1664 3271 1710 et
3292 1671 3442 1710 man-

1874 1745 1998 1798 data
2037 1755 2127 1798 tua
2155 1745 2339 1799 dilexi.

1947 1835 2070 1891 167.
2095 1835 2400 1890 Custodivit
2429 1836 2610 1890 anima
2641 1850 2760 1890 mea
2789 1835 3100 1890 testimonia
3133 1845 3246 1902 tua,
3280 1846 3333 1890 et
3360 1836 3410 1890 di
3435 1864 3443 1875 -

1803 1912 1846 1970 Β
1874 1927 2004 1980 lexit
2035 1941 2098 1980 ea
2133 1926 2499 1981 vehementer.

1943 2017 2065 2071 168.
2093 2018 2316 2071 Servavi
2343 2017 2596 2072 mandata
2627 2027 2719 2071 tua
2741 2027 2794 2071 et
2821 2018 3131 2072 testimonia
3159 2027 3246 2072 tua
3274 2036 3286 2070 :
3312 2018 3447 2088 quia-

1871 2123 2060 2164 omnes
2089 2109 2190 2163 vite
2221 2125 2355 2164 mete
2386 2110 2438 2162 in
2470 2120 2763 2179 conspectu
2805 2120 2929 2176 tuo,
2972 2109 3217 2164 Domine.

1943 2200 2065 2255 169.
2118 2202 2528 2270 Appropinquet
2560 2201 2868 2270 deprecatio
2909 2214 3027 2255 mea
3057 2199 3112 2254 in
3141 2207 3434 2268 conspectu

1871 2303 1986 2359 tuo,
2030 2293 2279 2362 Domine,
2305 2293 2463 2363 juxta
2495 2293 2773 2363 eloquium
2807 2303 2957 2348 tuum
2997 2293 3064 2348 da
3095 2291 3228 2347 mihi
3281 2291 3436 2346 intelo

1869 2387 2088 2440 lectum.

1317 2516 1690 2570 ATHANASII
1740 2516 2325 2575 ιΝΤΕιιΡΙιΕτΑΤιΟ.

278 2625 393 2678 160.
415 2625 580 2696 Ἀρχὴ
599 2626 707 2680 τῶν
729 2629 1163 2698 προσταγμάτων
1186 2644 1276 2679 σου
1300 2626 1360 2679 τὸ
1386 2627 1656 2679 πιστεύειν
1687 2629 1768 2690 είς

1939 2628 2066 2684 160.
2101 2630 2318 2684 Initium
2351 2632 2733 2685 mandatorum
2767 2641 2983 2685 tuorum
3023 2630 3237 2685 credere
3272 2631 3322 2684 in
3360 2639 3431 2696 te,

199 2718 284 2780 σὲ,
319 2717 412 2768 καὶ
437 2719 494 2769 ὲν
521 2716 598 2787 τῷ
632 2717 876 2788 μέλλοντι
901 2719 1054 2772 αἰῶνι
1088 2717 1341 2782 ἀπόδοσις
1368 2719 1597 2772 ἑκάστου
1630 2719 1768 2772 κατὰ

1872 2729 1919 2773 et
1951 2721 2006 2773 in
2041 2730 2268 2775 venturo
2307 2721 2506 2775 saeculo
2540 2720 2954 2775 retributionem
2995 2722 3190 2790 cuique
3237 2737 3432 2777 secun-

199 2815 272 2866 τὰ
296 2813 430 2881 ἔργα
463 2812 649 2866 αὐτοῦ.

275 2899 392 2953 161.
418 2901 480 2952 Δί
501 2900 735 2952 ἐναντίαι
757 2900 1012 2971 δυνάμεις
1032 2896 1193 2972 ἦλθον
1208 2902 1456 2971 κατέχειν
1479 2919 1544 2972 με
1566 2903 1643 2964 είς
1669 2919 1771 2971 μα-

198 2991 456 3060 ταιότητα
487 2991 859 3063 ματαιοτήτων
879 3033 892 3057 ,
925 2993 1019 3047 καὶ
1046 2993 1397 3063 ἐπιμνησθεὶς
1421 2996 1521 3063 τῆς
1547 2993 1764 3044 αἰωνίου

198 3085 432 3154 κρίσεως
464 3083 702 3154 ἐφοϐήθη
731 3087 764 3154 η
795 3084 990 3155 καρδία
1026 3102 1124 3154 μου
1159 3081 1296 3137 εἶναι
1333 3085 1429 3136 σὺν
1454 3084 1654 3145 αὐτοῖς.

272 3173 393 3228 16ἒ.
423 3172 606 3235 Οὕτως
629 3174 804 3244 χαίρω
825 3175 903 3236 είς
932 3173 998 3227 τὰ
1023 3173 1180 3242 λόγιά
1207 3191 1321 3238 σου,
1352 3174 1426 3239 ὡς
1450 3175 1477 3226 ὁ
1497 3174 1762 3244 εὑρίσκων

197 3264 470 3335 θησαυρὸν
497 3263 825 3333 ἀμέτρητον.

274 3354 391 3409 163.
426 3355 610 3407 Πᾶσαν
638 3355 910 3428 ἁμαρτίαν
937 3357 1174 3428 ἐμίσησα
1195 3397 1209 3421 ,
1247 3358 1338 3410 καὶ
1373 3357 1730 3428 βδελύσσομαι
1749 3376 1761 3389 ·

199 3447 260 3499 τὸ
301 3445 356 3498 δὲ
387 3447 606 3516 ἀγαπᾷν
649 3463 708 3498 σε
761 3447 855 3499 καὶ
882 3447 972 3500 τὸν
1005 3447 1248 3518 πλησίον,
1281 3450 1424 3520 χαρά
1461 3450 1561 3520 μού
1597 3454 1762 3506 ἐστιν.

272 3535 394 3590 164.
424 3537 496 3588 Τὸ
525 3539 621 3607 μὲν
649 3537 861 3608 πρῶτον
882 3557 894 3568 ·
931 3539 1223 3603 ἀπαύστως
1250 3541 1418 3611 ᾔνεσά
1452 3559 1553 3604 σοι,
1589 3545 1768 3595 ἐπιτε-

198 3629 277 3681 λῶ
314 3628 592 3699 διεγείρων
621 3630 828 3700 ἀγαθὴν
857 3632 956 3700 τὴν
986 3632 1329 3702 δικαιοσύνην
1360 3650 1452 3687 σου
1474 3651 1487 3664 ⁶
1523 3637 1616 3688 καὶ
1645 3638 1764 3688 ἑτέ-

200 3737 312 3792 pm;
338 3720 392 3772 δὲ
428 3721 585 3774 πάλιν
617 3724 845 3774 νοεῖται·
880 3723 960 3774 ὅτι
992 3723 1080 3776 διὰ
1110 3723 1216 3776 τῶν
1243 3723 1381 3776 ἑπτά
1418 3729 1765 3797 χαρισμάτων

199 3809 297 3863 τοῦ
338 3812 513 3880 φωτός
551 3829 644 3865 σου
672 3812 781 3865 τῶν
815 3814 1002 3876 ἐντοῖς
1041 3816 1419 3886 προστάγμασι
1443 3818 1538 3888 τῆς
1563 3819 1767 3872 δικαιο-

201 3902 372 3972 σύνης
401 3919 492 3956 σου
522 3904 688 3974 ᾔνεσά
719 3922 777 3957 σε
802 3904 948 3976 ἔργῳ
979 3906 1071 3958 καὶ
1099 3907 1257 3977 λόγῳ.

280 3993 398 4048 165.
429 3993 495 4048 Οί
525 3995 685 4048 πόθον
709 3995 921 4065 ἔχοντες
957 3996 1240 4067 πληρῶσαι
1277 3997 1368 4052 τὸν
1397 4000 1558 4070 νόμον
1584 4017 1677 4053 σου
1703 4003 1764 4053 οὐ

201 4084 564 4154 πολεμοῦνται
606 4087 909 4150 ὑπάτινος,
944 4087 1062 4139 οὐδέ
1103 4089 1246 4140 ἐστιν
1275 4091 1333 4140 ἐν
1369 4092 1546 4154 αὐτοῖς
1580 4090 1767 4168 ὲπιθυς-

207 4176 310 4245 μία
332 4192 417 4239 τις
447 4177 654 4248 πονηρά
671 4195 683 4207 ·
722 4178 932 4247 ἔχοντες
958 4181 1064 4254 γὰρ
1093 4182 1149 4234 ὲν
1181 4185 1389 4246 ἑαυτοῖς
1409 4183 1506 4253 τὴν
1530 4185 1768 4256 ἀμέτρη-

200 4284 296 4322 τον
326 4268 483 4339 χάριν
511 4286 625 4334 σου,
652 4270 717 4341 ἣν
741 4273 1049 4343 ἠγάπησας,
1077 4273 1350 4345 βοηθοῦσι,
1379 4277 1470 4328 καὶ
1494 4276 1768 4330 διδάσκου-

201 4379 291 4413 σιν
321 4361 535 4424 αὐτούς.

1865 2811 1992 2866 dum
2025 2828 2186 2882 opera
2217 2813 2356 2881 ejus.

1939 2900 2060 2953 161.
2082 2900 2384 2954 Contraria:
2411 2909 2710 2968 potestates
2741 2911 3024 2963 venerunt.
3053 2913 3111 2956 ut
3132 2903 3433 2959 detinerent

1874 3009 1960 3046 me
1996 2994 2048 3046 in
2085 2994 2319 3048 vanitate
2351 2997 2643 3048 vanilatum
2671 3035 2686 3059 ,
2716 3005 2767 3048 et
2799 2998 3109 3050 recordatus
3139 3001 3323 3052 aeterni
3347 2999 3432 3067 jua

1793 3117 1836 3174 α
1873 3085 2000 3140 dicii
2030 3087 2278 3140 extimuit
2309 3101 2402 3141 cor
2431 3103 2610 3142 meum
2648 3103 2770 3142 esse
2807 3104 2929 3142 cum
2963 3090 3115 3157 ipsis.

1943 3175 2063 3229 162.
2088 3175 2160 3230 Ita
2187 3178 2395 3247 gaudeo
2428 3179 2478 3232 in
2508 3181 2742 3250 eloquiis
2769 3181 2897 3245 tuis,
2919 3180 3058 3234 sicut
3083 3179 3175 3249 qui
3205 3181 3430 3235 immen-

1870 3283 1989 3322 sum
2023 3269 2338 3323 thesaurum
2366 3270 2591 3324 invenit.

1941 3355 2059 3411 163.
2082 3356 2220 3411 Odio
2249 3359 2432 3423 habui,
2460 3371 2512 3413 ct
2534 3361 2818 3414 abominor
2837 3376 2998 3414 omne
3021 3370 3298 3430 peccatum
3321 3379 3334 3426 ;
3357 3363 3433 3415 di-

1870 3447 2041 3517 ligere
2062 3457 2240 3501 autem
2269 3459 2319 3502 te
2351 3457 2402 3501 ct
2439 3451 2776 3518 proximum,
2812 3453 3070 3520 gaudium
3109 3469 3285 3506 meum
3328 3464 3427 3508 est.

1939 3537 2061 3592 161.
2118 3538 2360 3594 Primum
2411 3542 2628 3610 quidem
2665 3562 2678 3596 :
2713 3543 3050 3600 incessanter
3100 3544 3312 3598 laudavi
3361 3553 3429 3608 te,

1868 3644 2066 3700 perago
2111 3632 2353 3685 excitans
2395 3633 2666 3701 justitiam
2703 3643 2848 3688 tuam
2879 3635 3078 3688 bonam
3111 3637 3310 3690 :aliter
3335 3650 3431 3688 au-

1872 3732 1976 3775 tem
2016 3722 2176 3776 etiam
2212 3725 2528 3794 intelligitur
2555 3744 2567 3779 :
2592 3727 2735 3794 quod
2770 3743 2868 3796 per
2901 3740 3102 3796 septem
3153 3729 3290 3782 lucis
3328 3738 3432 3782 tuae

1869 3812 2033 3876 dona,
2065 3830 2186 3882 quze
2217 3814 2269 3866 in
2296 3816 2577 3884 praeceptis
2601 3816 2826 3885 justitiin
2859 3825 2964 3870 ture
2991 3827 3136 3879 sunt,
3165 3831 3346 3886 Opere,
3379 3828 3433 3874 et

1870 3903 2034 3957 verbo
2062 3903 2273 3957 laudavi
2309 3914 2377 3957 te.

1942 3995 2062 4049 165.
2095 3994 2196 4061 Qui
2222 3995 2532 4050 desiderant
2553 3997 2777 4065 implere
2805 3999 2977 4066 legem
3003 4007 3173 4059 tuam,
3205 4011 3235 4051 a
3259 4000 3432 4050 nemi-

1869 4096 1935 4136 ne
1965 4083 2350 4150 impugnantur
2371 4122 2386 4147 ,
2418 4097 2592 4150 neque
2621 4092 2704 4136 est
2737 4084 2790 4136 in
2820 4085 2953 4152 ipsis
2983 4084 3159 4153 aliqua
3187 4085 3430 4153 improba

1869 4173 2134 4242 cupiditas
2161 4193 2174 4228 :
2201 4175 2458 4229 habentes
2479 4176 2620 4229 enim
2648 4176 2700 4229 in
2725 4178 2919 4246 seipsis
2941 4179 3259 4232 immensam
3281 4186 3428 4231 tuam

1869 4267 2121 4338 gratiam.
2149 4281 2318 4336 quam
2355 4267 2593 4323 dilexisti
2623 4307 2638 4333 ,
2671 4268 2971 4338 adjuvant,
3001 4279 3052 4324 et
3080 4270 3276 4324 docent
3309 4284 3425 4324 eos.

279 4450 403 4504 166.
440 4450 769 4504 Ἀπέσλεπον
799 4455 878 4516 είς
898 4454 994 4526 τὴν
1023 4455 1238 4508 αἰώνιον
1269 4455 1431 4528 ζωὴν,
1468 4457 1651 4529 Κύριε,
1676 4462 1768 4514 καὶ

1944 4463 2062 4517 166.
2098 4462 2327 4533 Respexi
2362 4464 2416 4517 in
2439 4472 2694 4517 :eternam
2728 4464 2912 4525 vitam,
2946 4465 3188 4528 Domine,
3219 4473 3271 4520 et
3299 4480 3429 4534 pro-

201 4542 296 4595 διὰ
326 4540 481 4595 τοῦτο
516 4543 657 4614 άπερ
689 4545 1026 4615 προσέταξάς
1063 4564 1171 4618 μοι,
1200 4547 1368 4618 ἡδέως
1396 4545 1556 4619 εἶχον.

281 4632 402 4687 167.
425 4635 711 4706 Μέμνηται
729 4637 814 4688 ἀεὶ
834 4637 942 4689 τῶν
965 4638 1303 4709 παθημάτων
1322 4657 1412 4693 σου
1435 4641 1622 4712 ἡψυχὴ
1648 4661 1769 4712 μου,

205 4727 303 4777 καὶ
334 4725 624 4794 ἐγκείμενά
654 4728 798 4779 ἐστιν
831 4729 915 4781 ἀεὶ
945 4729 1034 4782 διὰ
1060 4731 1159 4800 τῆς
1191 4733 1408 4803 μνήμης
1436 4735 1514 4798 εἰς
1544 4735 1641 4805 τὴν
1667 4735 1773 4791 διά·

203 4835 357 4872 νοιαν
381 4820 544 4887 αὐτῆς
570 4821 727 4873 πάνυ.

282 4909 405 4963 168.
445 4910 715 4976 Ἐφὺλαξα
754 4913 809 4965 ὲν
848 4914 1069 4985 ἐμαυτῷ
1109 4917 1245 4988 ὅπερ
1272 4919 1629 4990 ηπροσέταξάς
1660 4940 1768 4992 μοι,

205 5001 302 5052 καὶ
332 4999 724 5072 διεμαρτύρουν
756 5020 844 5074 μοι
871 5007 1069 5070 πάντες
1096 5009 1329 5080 σφόδρα,
1362 5010 1548 5084 ὥσπερ
1594 5013 1772 5065 ἐπιτε-

204 5089 315 5143 λῶν
343 5087 503 5160 [ὅπερ
529 5093 836 5166 ἐπετέλουν]
871 5096 1014 5167 ἔργῳ
1048 5099 1142 5150 καὶ
1171 5099 1332 5171 λόγῳ.

284 5179 404 5234 169.
428 5181 617 5245 Οὕτως
647 5185 889 5255 ἰσχυρὰν,
917 5191 1007 5240 καὶ
1030 5189 1257 5261 δυνατὴν
1283 5194 1502 5262 ποίησον
1535 5197 1630 5265 τὴν
1653 5194 1769 5266 δέη·

207 5271 295 5323 σίν
335 5287 434 5340 μου
455 5312 468 5333 ,
509 5272 648 5326 ὥστε
681 5275 971 5346 δυνηθῆναι
1001 5281 1165 5352 αὐτὴν
1191 5283 1511 5338 άνελθοῦσαν
1550 5287 1771 5358 πλησίον

208 5379 307 5413 σου
341 5363 647 5433 εὑρεθῆναι.
693 5369 760 5419 Ἦ
798 5370 989 5421 πάλιν·
1020 5373 1188 5436 Αὐτὸς
1231 5377 1417 5428 ἑαυτὸν
1465 5377 1650 5441 κλίνας
1686 5381 1772 5432 διὰ

207 5453 312 5520 τῆς
344 5453 746 5526 φιλανθρωπίας
776 5459 1000 5528 πλησίον
1042 5463 1208 5533 αὐτῆς
1235 5465 1390 5532 γένου
1419 5464 1657 5539 [γενοῦ]⁹
1688 5471 1774 5522 ἵνα

208 5542 334 5595 οὔτε
359 5541 573 5617 [οὕτως]
603 5549 793 5618 ὲγγίση
831 5566 953 5618 μου,
992 5554 1084 5605 καὶ
1115 5554 1295 5617 καθὼς
1329 5551 1510 5622 εἶπας,
1533 5559 1770 5621 Αἰτεῖτε,

209 5634 310 5688 καί
353 5633 668 5702 δοθήσεται
703 5640 861 5707 ὑμῖν,
901 5643 988 5704 δός
1023 5662 1109 5713 μοι
1141 5648 1445 5716 αἰτουμένῳ
1479 5649 1574 5719 τὴν
1618 5654 1772 5719 χάριν

209 5742 326 5786 σου.
363 5726 455 5778 καὶ
483 5728 538 5777 ἐν
569 5729 706 5799 αὐτῇ
743 5733 1014 5785 συνὲτισόν
1046 5753 1130 5803 με.

283 5842 325 5870 ⁶⁹
358 5841 540 5897 Matth.
575 5861 661 5902 \‘ll,
700 5846 746 5898 7.

1874 4563 2054 4623 pterea
2085 4570 2206 4623 qua:
2256 4554 2557 4622 praecepisti
2592 4554 2724 4607 mihi
2745 4595 2760 4620 ,
2809 4554 2998 4609 suavia
3027 4556 3158 4608 mihi
3188 4555 3426 4610 fuerunt.

1945 4644 2067 4696 167.
2095 4643 2389 4696 liecoi'data
2409 4653 2492 4697 est
2515 4659 2726 4714 semper
2746 4645 3058 4714 passionum
3081 4657 3292 4701 tuarum
3311 4648 3432 4700 ani-

1874 4749 1960 4787 ma
1991 4749 2131 4797 mea,
2147 4741 2200 4785 et
2225 4733 2597 4789 recordatione
2619 4750 2830 4804 semper
2851 4738 3028 4791 iulixa:
3051 4747 3178 4792 sunt
3201 4738 3254 4791 in
3281 4753 3434 4793 men-

1873 4835 1924 4880 te
1955 4824 2072 4893 cjus
2097 4824 2270 4878 valde.

1949 4916 2068 4970 168.
2101 4913 2382 4970 Custodivi
2418 4915 2469 4968 in
2500 4931 2586 4970 me
2618 4932 2733 4986 ipso
2762 4917 2905 4986 quod
2936 4918 3234 4987 praecepisti
3276 4920 3428 4984 mihi,

1873 5016 1927 5060 et
1955 5005 2295 5059 testabantur
2317 5003 2450 5056 mihi
2475 5019 2665 5060 omnes
2692 5005 3055 5068 vehementer,
3095 5006 3240 5074 quod
3269 5020 3432 5075 opere

1874 5106 1927 5152 et
1956 5109 2205 5150 sermone
2235 5095 2596 5165 perficiebam.

1947 5187 2066 5242 169.
2096 5187 2171 5243 lta
2201 5189 2436 5242 validam
2483 5203 2546 5243 ac
2579 5197 2846 5258 potentem
2875 5190 3037 5244 redde
3066 5193 3429 5259 precationem

1875 5295 2071 5344 meam,
2103 5288 2162 5335 ut
2189 5281 2434 5348 proxime
2461 5281 2527 5334 ad
2552 5290 2601 5334 te
2633 5281 2806 5334 valeat
2843 5283 2959 5351 ipsa
2993 5285 3290 5352 pervenire.
3327 5285 3433 5338 Aut

1875 5374 1980 5427 alio
2018 5378 2215 5427 moio:
2246 5373 2584 5428 humanitate
2644 5384 2696 5427 te
2745 5375 2919 5443 ipsum
2964 5375 3229 5431 inclinans
3265 5392 3433 5446 prope

1875 5481 1993 5517 eam
2023 5467 2118 5528 sis,
2153 5473 2212 5517 ut
2240 5465 2344 5519 hoc
2369 5467 2530 5520 modo
2561 5466 2692 5518 mihi
2719 5468 3136 5537 appropinques,
3163 5478 3216 5521 et
3243 5484 3434 5538 quem-

1878 5557 2166 5609 admodum
2221 5556 2405 5610 dixisti
2453 5574 2466 5608 :
2508 5555 2698 5620 Prtite,
2754 5569 2800 5611 et
2855 5559 3068 5611 dabitur
3111 5559 3431 5626 vobis",da

1877 5649 2010 5701 mihi
2043 5648 2239 5716 petenti
2302 5649 2491 5702 ratiam
2521 5657 2689 5706 tuam.
2719 5663 2769 5704 et
2798 5652 2848 5703 in
2887 5653 2998 5720 ipsa
3025 5651 3091 5707 da
3117 5653 3246 5709 mihi
3275 5653 3434 5708 intel-

1878 5741 2091 5794 lectum.
