4142 6484
733 422 870 476 1ἳο7

1570 422 1625 474 S.
1670 420 2040 475 ATIIANASII
2086 420 2237 473 OPI’.
2282 419 2463 472 PARS
2504 422 2590 473 Ill.
2629 452 2691 461 ——
2721 421 3134 481 EXEGETICA.

3849 439 3967 496 I208

796 536 917 591 I70.
951 536 1115 592 Intret
1144 538 1438 607 postulatio
1470 555 1584 592 mea
1619 539 1671 592 in
1702 549 1995 607 conspectu
2030 550 2143 603 tuo,
2186 540 2292 594 Do-

2362 592 2365 600 ,
2468 541 2588 596 I70.
2625 543 2869 596 Είσέλθοι
2906 545 2966 597 τὸ
2989 545 3204 617 ἀξίωμά
3235 565 3335 617 μου
3364 548 3595 602 ἐνώπιόν
3624 567 3720 603 σου
3742 592 3757 615 ,
3794 554 3969 624 Κύριε,

721 630 867 685 mine
889 671 906 696 ,
940 631 1237 684 secundum
1267 631 1542 699 eloquium
1576 641 1727 685 tuum
1761 633 1908 700 eripe
1942 648 2027 685 me

790 721 913 775 171.
948 720 1289 777 Eructabunt
1315 723 1455 776 labia
1483 738 1598 777 mea
1622 724 1904 795 hymnum,
1930 740 2055 778 cum
2087 726 2293 780 decue-

721 813 796 867 ris
830 828 916 867 me
949 814 1368 882 justiﬁcationes
1404 824 1546 870 tuas.

790 907 913 961 172.
952 907 1335 962 Pronuntiabit
1387 908 1570 978 lingua
1607 924 1726 963 mea
1777 910 2054 979 eloquium
2108 920 2285 975 tuum,

718 1000 842 1070 quia
872 1001 1056 1054 omnia
1088 1002 1340 1056 mandata
1375 1012 1466 1055 tua
1499 1005 1748 1072 aequitas.

789 1092 908 1146 173.
941 1091 1060 1147 Fiat
1086 1108 1281 1149 manus
1309 1104 1399 1148 tua
1427 1103 1486 1148 ut
1511 1094 1682 1150 salvet
1712 1108 1816 1159 me,
1842 1096 2101 1164 quoniam
2129 1112 2286 1150 man-

715 1180 837 1235 data
871 1192 961 1236 tua
989 1184 1145 1254 elegi.

785 1272 905 1327 171.
934 1273 1229 1344 Concupivi
1262 1277 1502 1331 salutare
1521 1286 1674 1331 tuum
1714 1277 1962 1342 Domine,
1989 1288 2043 1333 et
2070 1279 2156 1332 lex
2190 1290 2282 1333 tua

715 1365 990 1419 meditatio
1023 1383 1140 1421 mea
1164 1377 1266 1422 est.

787 1454 911 1509 I75.
945 1454 1289 1513 Vivetanima
1328 1476 1468 1527 mea,
1494 1472 1546 1517 et
1576 1461 1820 1518 laudabit
1851 1474 1924 1531 te,
1960 1475 2015 1520 et
2069 1466 2273 1536 judicia

717 1556 807 1602 tua
830 1548 1159 1616 adiuvabunt
1191 1567 1297 1605 me.

784 1643 905 1698 I76.
938 1644 1127 1700 Erravi
1154 1646 1295 1701 sicut
1334 1648 1451 1702 ovis
1473 1664 1593 1718 quae
1624 1650 1806 1719 periit,
1844 1667 2028 1720 quare
2052 1666 2275 1707 servum

713 1745 885 1802 tuum,
909 1737 1034 1806 quia
1066 1737 1317 1792 mandata
1349 1748 1437 1793 tua
1466 1755 1572 1793 non
1601 1755 1721 1793 sum
1750 1739 1974 1794 oblitus.

2394 637 2535 688 κατὰ
2564 637 2624 687 τὸ
2656 636 2833 705 λόγιόν
2870 655 2963 690 σου
2994 638 3151 708 ῥῦσαί
3190 657 3279 709 με.

2466 727 2586 781 171.
2608 728 3019 799 Ἐξερεύξαιντο
3048 731 3116 783 τά
3142 732 3294 803 χεῦιη
3325 750 3425 803 μου
3454 732 3648 804 ὕμνον,
3683 736 3813 787 ὅταν
3840 738 3969 790 διξα-

2392 819 2489 893 ξῃς
2526 838 2591 890 με
2618 823 2687 874 τά
2713 822 3061 893 δικαιώματά
3084 842 3196 878 σου.

2463 912 2587 966 172.
2620 914 2919 982 Φθέγξαιτο
2958 918 2991 986 ἡ
3026 916 3247 983 γλῶσσά
3294 935 3397 987 μου
3426 918 3497 971 τά
3526 919 3685 985 λόγιά
3730 938 3855 985 σου,
3896 925 3969 976 ὅτι

2391 1004 2562 1055 πᾶσαι
2592 1007 2646 1056 αἱ
2676 1005 2888 1058 ὲντολαί
2923 1022 3015 1059 σου
3048 1008 3379 1077 δικαιοσύνη.

2462 1094 2585 1150 175.
2618 1096 2863 1149 Γενέσθω
2888 1099 2921 1163 ἡ
2954 1098 3073 1168 χείρ
3099 1117 3191 1152 σου
3216 1100 3309 1155 τοῦ
3336 1102 3509 1155 σῶσαί
3541 1120 3631 1173 με,
3662 1104 3745 1157 ὅτι
3772 1106 3867 1168 τάς
3885 1107 3967 1158 ἐν-

2386 1187 2547 1251 στολάς
2575 1205 2666 1241 σου
2695 1191 2920 1261 ᾑρετισά
2929 1208 3056 1262 μην.

2462 1280 2579 1333 17-1.
2617 1282 2965 1354 Ἐπεπόθησα
3007 1285 3069 1338 τὸ
3120 1287 3388 1357 σωτήριόν
3421 1305 3538 1351 σου,
3573 1291 3773 1361 Κύριε,
3822 1293 3963 1345 καὶό

2386 1372 2545 1442 νόμος
2583 1390 2674 1425 σον
2712 1374 2907 1445 μελέτη
2939 1376 3044 1445 μού
3082 1377 3216 1430 ἐστι.

2462 1464 2581 1517 175.
2615 1467 2845 1536 Ζήσεται
2875 1471 2906 1539 ἡ
2940 1468 3089 1539 ψυχή
3130 1486 3253 1539 μου,
3291 1472 3384 1524 καὶ
3419 1472 3626 1525 αἰνέσει
3656 1490 3736 1537 σε,
3784 1475 3873 1528 καὶ
3902 1477 3962 1530 τά

2391 1557 2633 1627 κρίματά
2659 1574 2752 1610 σου
2786 1559 3042 1629 βοηθήσει
3077 1579 3188 1632 μοι.

2462 1650 2580 1703 176.
2624 1651 2960 1723 Ἑπλανήθην
2988 1654 3062 1718 ὡς
3090 1655 3364 1727 πρόϐατον
3385 1657 3669 1721 ἀπολωλός
3692 1674 3707 1688 ο
3740 1657 3962 1728 ζήτησον

2317 1757 2359 1813 Β
2387 1742 2477 1794 τὴν
2503 1741 2686 1795 δοῦλόν
2722 1760 2838 1808 σου,
2872 1745 2953 1798 ὅτι
2973 1746 3072 1809 τὰς
3105 1748 3325 1812 ἐντολάς
3358 1767 3451 1803 σου
3476 1753 3577 1804 οὐκ
3598 1752 3960 1822 ἐπελαθόμην.

1881 1924 2050 1976 ‘I’AA.
2082 1924 2234 1981 PIH'.
2264 1922 2472 1978 PSAL
2508 1922 2743 1978 CXVIII.

777 2061 826 2113 1.
864 2061 1158 2131 Μακάριοι,
1194 2071 1298 2117 etc.
1332 2061 1501 2124 Beati,
1529 2072 1636 2116 etc.

769 2152 824 2206 2.
860 2154 925 2205 0t
957 2155 1332 2223 πορευόμενοι,
1369 2166 1473 2209 etc.
1512 2152 1616 2219 Qui
1656 2152 1956 2217 ambulant,
1988 2166 2093 2207 etc.

774 2244 825 2298 5.
858 2246 1153 2315 Μακάριοι,
1185 2255 1289 2300 etc.
1322 2245 1489 2308 Beati,
1518 2255 1621 2299 etc.

2454 2062 2505 2114 4.
2549 2063 2635 2115 Ἐν
2667 2063 2784 2136 ὅλῃ,
2814 2073 2917 2118 etc.
2949 2063 3003 2117 In
3041 2073 3175 2129 toto,
3206 2077 3315 2121 etc.

2455 2153 2506 2206 5.
2533 2154 2607 2205 Οὐ
2639 2155 2769 2225 γάρ,
2799 2166 2903 2211 etc.
2930 2154 3047 2213 Non
3086 2159 3262 2223 enim,
3298 2168 3403 2215 etc.

1825 2384 2195 2439 ATIIANASII
2250 2381 2827 2441 INTERPRETATIO.

772 2523 894 2578 170.
924 2524 1085 2593 Aperi
1112 2534 1295 2593 portas
1321 2525 1580 2578 caelorum
1619 2534 1837 2580 tuorum
1861 2568 1874 2589 ,
1922 2534 1978 2579 et
2012 2524 2272 2593 depreca-

706 2615 905 2668 tionem
943 2629 1118 2668 meam
1154 2614 1334 2682 recipe
1356 2653 1371 2675 ,
1420 2615 1877 2683 quemadmodum
1924 2616 2149 2669 dixisti:
2178 2614 2272 2668 In—

704 2720 827 2757 voca
855 2721 935 2757 me
962 2706 1016 2758 in
1047 2705 1133 2759 die
1162 2705 1519 2759 tribulationis
1550 2716 1674 2771 tua,
1700 2717 1751 2762 et
1770 2724 1951 2762 eruam
1984 2718 2051 2771 te,
2081 2717 2130 2760 et
2156 2708 2272 2777 glo-

705 2796 935 2865 riﬁcabis
970 2813 1049 2849 me
1071 2797 1117 2828 ⁷⁸
1148 2816 1160 2851 :
1193 2798 1263 2851 ita
1314 2815 1459 2854 nune
1508 2800 1787 2870 excipiens
1833 2800 2270 2869 deprecationem

703 2904 879 2942 meam
918 2889 1082 2944 libera
1118 2907 1218 2945 me.

778 2981 897 3035 171.
926 2979 1194 3052 Hymnum
1220 2984 1508 3052 rependam
1536 2984 1846 3053 gloriﬁcans
1880 2994 1931 3038 te
1950 3024 1964 3046 ,
1994 2998 2118 3037 cum
2154 2982 2275 3035 illu-

702 3073 934 3128 minabis
965 3089 1052 3127 me
1087 3074 1153 3127 ad
1207 3075 1580 3145 intelligendas
1627 3084 1679 3129 ct
1708 3074 1983 3130 faciendas
2007 3074 2276 3145 justilica-

702 3167 879 3219 tiones
911 3174 1048 3218 tuas.

774 3256 895 3310 I72.
938 3254 1157 3326 Loquar
1187 3258 1515 3313 conﬁdenter
1549 3274 1855 3313 sermonem
1890 3267 2043 3311 tuum
2069 3296 2084 3321 ,
2131 3272 2271 3328 quo-

700 3348 843 3401 niam
872 3348 941 3402 ab
985 3349 1138 3403 initio
1170 3365 1339 3417 usque
1369 3350 1422 3403 in
1469 3350 1629 3404 ﬁnem
1673 3350 1883 3420 iustitia
1935 3358 2100 3411 sunt,
2150 3363 2273 3418 qua:

702 3439 971 3494 mandasti
1006 3441 1181 3494 nobis.

776 3532 894 3585 I73.
924 3530 1170 3602 Praepara
1198 3536 1425 3604 gratiam
1448 3544 1595 3589 tuam
1626 3534 1691 3588 ad
1716 3534 2128 3590 custodiendum
2159 3553 2264 3603 me,

702 3625 958 3693 quoniam
989 3635 1249 3696 praecepta
1281 3636 1370 3681 tua
1402 3627 1556 3697 elegi.

774 3718 890 3773 174.
924 3718 1255 3783 Desideravi,
1288 3720 1534 3785 Domine,
1566 3736 1897 3792 cognoscere
1945 3722 2265 3777 manilesta-

703 3810 907 3864 tionem
966 3820 1359 3880 praeceptorum
1417 3820 1655 3876 tuorum,
1699 3822 1979 3881 prapterea
2031 3814 2265 3882 exquiro

699 3900 1038 3968 singularum
1066 3898 1471 3971 Scripturarum
1508 3901 1941 3971 explicationem.

772 3991 893 4045 175.
929 3990 1149 4048 Vivilica
1195 3994 1433 4048 animam
1466 4010 1638 4049 meam
1682 4010 1776 4064 per
1811 3996 2040 4065 gratiam
2085 4003 2258 4058 tuam,

694 4085 747 4130 et
802 4077 921 4146 ejus
955 4080 1158 4134 auxilio
1211 4091 1261 4135 te
1306 4082 1553 4135 laudabit
1593 4100 1606 4135 :
1641 4090 1694 4135 et
1735 4083 1941 4152 judicia
1975 4093 2065 4137 tua
2104 4099 2255 4137 arma

693 4169 827 4221 mihi
855 4170 964 4224 sint
988 4172 1249 4227 adversus
1270 4173 1574 4227 contrarias
1598 4181 1911 4243 potestates.

2448 2520 2562 2575 I70.
2592 2521 2836 2588 Ἀνοιξον
2863 2521 2959 2586 τὰς
2986 2522 3161 2587 πύλας
3190 2524 3300 2577 τῶν
3321 2528 3567 2597 οὐρανῶν
3594 2547 3712 2595 σου,
3741 2535 3833 2586 καὶ
3862 2549 3953 2605 την

2375 2612 2717 2682 παράκλησίν
2743 2631 2841 2684 μου
2867 2613 3037 2680 δέξαι,
3066 2616 3247 2680 καθὼς
3273 2613 3460 2681 εἷπας’
3500 2622 3951 2677 Ἐπικαιέσετσί

2368 2721 2443 2773 με
2485 2703 2864 2775 [ἑπικάλεσαί
2887 2706 2986 2779 με]
3019 2708 3089 2761 ἐν
3135 2709 3323 2777 ἡμέρᾳ
3360 2712 3623 2780 θλίψεώς
3651 2730 3772 2768 σου
3797 2757 3811 2777 ,
3860 2718 3949 2769 καὶ

2372 2796 2695 2867 ἐξελοῦμαί
2735 2814 2809 2852 σε
2828 2839 2841 2863 ,
2875 2800 2973 2852 καὶ
3002 2799 3279 2868 δοξάσεις
3304 2820 3381 2871 με
3404 2821 3417 2833 ·
3450 2805 3625 2869 οὕτως
3650 2806 3770 2871 νῦν,
3802 2807 3951 2875 δεξα-

2300 2920 2347 2981 c
2380 2889 2542 2958 μένου
2577 2907 2677 2960 μου
2706 2890 2804 2961 τὴν
2831 2892 3205 2963 παράκλησιν,
3240 2894 3399 2965 ῥῦσαί
3434 2914 3522 2966 με.

2450 2978 2570 3031 171.
2605 2980 2921 3050 Ἀνέπεμψα
2957 2978 3348 3055 [Ἀναπέμψω]
3384 2984 3552 3055 ὕμνον
3581 2987 3823 3053 δοξάζων
3869 3008 3946 3053 σε,

2376 3071 2502 3122 ὅταν
2536 3071 2775 3143 φωτίσης
2802 3089 2868 3143 με
2900 3072 2966 3126 τὰ
2994 3073 3338 3145 δικαιώματά
3373 3093 3467 3129 σου
3487 3119 3501 3142 ,
3534 3080 3632 3131 καὶ
3656 3084 3798 3133 νοεῖν
3816 3124 3829 3145 ,
3859 3084 3948 3135 καὶ

2377 3162 2656 3229 πράττειν.

2446 3252 2569 3308 172.
2626 3254 2859 3325 Λαλήσω
2884 3254 2973 3307 τὸν
3001 3256 3153 3324 λόγον
3188 3275 3281 3310 σου
3323 3261 3459 3329 μετὰ
3488 3265 3835 3336 παρρησίας,
3869 3268 3946 3319 ὅτι

2374 3346 2470 3399 ἀπ’
2497 3347 2670 3418 ἀρχῆς
2692 3348 2797 3411 ἕως
2824 3347 3008 3411 τέλους
3034 3348 3343 3422 δικαιοσύνη
3382 3354 3543 3419 είσὶν,
3572 3356 3721 3427 άπερ
3751 3359 3945 3411 ἐνετεί-

2374 3436 2450 3490 λω
2477 3437 2604 3508 ὑμῖν
2636 3437 2834 3510 [ήμῖν].

2449 3527 2566 3582 175.
2608 3530 2942 3602 Εὑτρέπισον
2969 3530 3066 3602 τὴν
3101 3532 3259 3604 χάριν
3294 3551 3385 3587 σου
3420 3532 3523 3607 [εἰς
3543 3535 3629 3609 τὺ]
3665 3538 3945 3607 φυλάττειν

2379 3636 2465 3688 με,
2494 3620 2576 3671 ὅτι
2611 3620 2709 3683 τὰς
2742 3622 2961 3686 ἐντολάς
2995 3640 3087 3675 σου
3123 3624 3473 3696 ἐξελεξάμην.

2448 3708 2568 3790 174,
2605 3710 2955 3783 Ἐπεπόθησα
2992 3713 3216 3781 γνῶναι,
3258 3714 3447 3787 Κύριε,
3490 3718 3590 3790 τὴν
3641 3722 3943 3791 φανέρωσιν

2371 3800 2479 3853 τῶν
2505 3804 2943 3873 προσταγμάτων
2973 3822 3066 3858 σου
3092 3823 3105 3835 '
3144 3808 3233 3861 διά
3256 3809 3417 3862 τοῦτο
3441 3811 3689 3883 ἐπιζητῶ
3712 3816 3940 3882 ἑκάστης

2374 3892 2594 3964 Γραφῆς
2615 3894 2712 3965 τὴν
2738 3896 3002 3951 ἐπίλυσιν,

2442 3988 2563 4041 175.
2600 3990 2941 4060 Ζωοποίησον
2963 3992 3063 4063 τὴν
3093 3992 3274 4065 ψυχήν
3321 4012 3425 4066 μου
3472 3996 3561 4050 διὰ
3601 3998 3703 4068 τῆς
3729 4002 3940 4071 χάριτός

2370 4097 2484 4144 σου,
2509 4080 2603 4133 καὶ
2635 4082 2838 4135 αἰνέσει
2868 4082 3001 4156 [σε]
3034 4085 3101 4138 δι’
3122 4088 3292 4157 αὐτῆς
3317 4105 3330 4118 ⁸
3366 4091 3459 4143 καὶ
3485 4090 3555 4143 τά
3580 4092 3830 4162 κρίματά
3849 4110 3935 4147 σου

2367 4174 2505 4227 ὅπλα
2539 4192 2628 4245 μοι
2655 4175 2898 4243 γένοιντο
2926 4177 3067 4231 κατὰ
3093 4179 3201 4233 τῶν
3235 4181 3491 4235 ἐναντίων
3515 4184 3820 4254 δυνάμεων.

764 4262 885 4319 176.
920 4264 1111 4320 Erravi
1144 4268 1456 4337 relinquens
1491 4277 1542 4323 te
1576 4282 1763 4321 verum
1811 4278 2127 4336 pastorem:
2167 4268 2258 4323 sed
2298 4257 2304 4311 l

2442 4264 2564 4317 I76.
2615 4263 2952 4336 Ἐπλανήθην
2975 4266 3289 4320 καταλιπών
3313 4285 3373 4321 σε
3407 4269 3500 4322 τὸν
3526 4269 3783 4342 ἀληθινὸν
3822 4288 3935 4323 ποι-

692 4359 977 4425 cognoscis
1010 4360 1099 4413 ubi
1128 4376 1284 4426 sum;
1318 4361 1402 4417 fac
1450 4371 1509 4416 ut
1551 4363 1684 4417 velis
1721 4378 1807 4417 me
1847 4364 2103 4431 reperire,
2130 4377 2264 4432 quo-

692 4448 839 4504 niam
891 4451 1055 4505 etiam
1090 4452 1433 4508 errabundus
1483 4454 1775 4519 exsistens,
1823 4463 2081 4525 tanquam
2142 4454 2258 4509 ovis

692 4543 934 4598 clamans
980 4560 1165 4614 quaero
1208 4553 1281 4609 te,
1324 4555 1379 4600 et
1424 4560 1639 4617 gregem
1697 4556 1874 4613 tuum,
1936 4548 2139 4600 timens
2186 4562 2259 4600 ne

691 4643 911 4704 propter
933 4651 1112 4690 meum
1139 4648 1417 4706 peccatum
1442 4649 1496 4693 et
1516 4638 1568 4691 in
1597 4639 1831 4709 praedam
1877 4639 1981 4692 sim
2021 4648 2243 4691 contra—

692 4728 790 4782 riis
816 4729 1201 4799 potestatibus.

770 4875 834 4927 Ἥ
867 4876 1200 4947 προκειμένη
1240 4876 1517 4947 ἐπιγραφὴ
1565 4878 1598 4947 ἡ
1634 4876 1721 4930 διὰ
1754 4876 1855 4944 τῆς
1880 4874 2254 4944 κινναϐάρεως

688 4967 952 5037 περιέχει,
976 4976 1078 5021 etc.
1115 4968 1505 5039 Ἐρμηνεύεται
1536 4968 1808 5038 διαφόρως
1846 4970 1941 5021 καὶ
1973 4968 2243 5038 πολυτρόο

689 5075 805 5121 πως
828 5060 926 5123 εἰς,
954 5068 1059 5114 etc.
1104 5060 1251 5131 ἡμᾶς
1300 5061 1758 5132 προτρεπόμενον.
1794 5059 2011 5115 Titulus
2037 5075 2251 5130 pracpo-

689 5149 827 5205 sitns
859 5151 1139 5205 cinnabari
1166 5153 1400 5221 scriptus
1424 5154 1686 5218 continet,
1722 5164 1827 5208 etc.
1860 5152 2250 5221 Interpretatur

687 5239 897 5293 diverse
917 5248 971 5294 et
991 5241 1138 5296 varie
1162 5243 1229 5295 ad
1262 5244 1489 5313 hymnos
1505 5252 1559 5299 et
1584 5245 1795 5300 laudem
1825 5262 1923 5300 nos
1939 5246 2253 5299 exhortans.

764 5330 817 5383 1.
848 5332 1122 5403 Μακάριοι
1150 5334 1199 5386 οι
1230 5334 1369 5387 κατὰ
1400 5336 1490 5388 τὸν
1545 5334 1683 5388 Ἰώϐ.
1735 5337 1807 5389 Τὸ
1841 5339 2051 5405 Ἀλεφ,
2078 5336 2138 5388 τὸ
2170 5336 2255 5388 διὰ

686 5419 782 5487 τῆς
826 5422 1193 5495 κινναϐάρεως
1225 5426 1649 5497 παρακείμενον,
1677 5428 2037 5499 ἑρμηνεύεται
2095 5428 2251 5496 ἀρχὴ

687 5511 999 5579 στόματος,
1045 5516 1320 5568 τουτέστιν
1376 5520 1403 5569 ό
1444 5518 1740 5581 δυνάμενος
1802 5518 1877 5590 μὴ
1927 5518 2137 5571 πταίειν
2196 5521 2255 5570 ἐν

684 5602 847 5673 λόγῳ,
872 5598 1027 5669 οὗτος
1051 5607 1251 5673 τέλειος
1272 5610 1431 5679 ἀνήρ.
1466 5610 1639 5673 Beati,
1666 5613 1761 5681 qui
1791 5614 2087 5667 secundum
2114 5613 2239 5669 Job.

688 5696 851 5765 Aleph
914 5701 1193 5755 cinnabari
1258 5702 1437 5756 versui
1496 5704 1793 5772 ascriptum
1861 5705 2253 5774 interpretatur

766 5815 809 5846 '°
844 5814 987 5870 Psal.
1020 5833 1166 5881 xuii,
1204 5817 1282 5871 15.
1392 5820 1429 5849 ’⁸
1465 5817 1577 5872 Jac.
1621 5834 1701 5879 Ill,
1735 5818 1785 5871 ἢ.

2368 4357 2537 4426 μένα·
2568 4356 2703 4410 ἀλλὰ
2736 4355 3026 4426 γινώσκεις
3062 4359 3163 4413 ποῦ
3193 4362 3339 4432 εἰμι·
3367 4361 3595 4434 θέλησον
3633 4365 3812 4435 εὑρεῖν
3848 4381 3928 4434 με,

2360 4452 2441 4504 ὅτι
2466 4452 2559 4505 καὶ
2582 4451 3004 4524 πεπλανημένος
3042 4452 3117 4506 ὢν
3146 4454 3221 4517 ὠς
3266 4454 3538 4525 πρόϐατον
3567 4456 3814 4509 ἀναϐοῶν
3843 4455 3930 4526 ζη-

2358 4544 2463 4597 τῶν
2494 4543 2719 4616 [ζητῶ]
2754 4562 2835 4607 σε,
2868 4546 2965 4599 καὶ
3009 4546 3105 4617 τὴν
3139 4545 3237 4617 σὴν
3266 4547 3504 4619 ποίμνην
3530 4588 3545 4611 ,
3581 4549 3925 4619 φοϐούμενος.

2362 4635 2567 4703 μήποτε
2591 4631 2683 4685 διὰ
2708 4635 2805 4703 τῆς
2834 4634 3111 4705 ἁμαρτίας
3140 4652 3242 4704 μου
3282 4636 3377 4688 καὶ
3402 4636 3739 4709 θηριάλωτος
3763 4639 3927 4706 γένω-

2367 4741 2462 4795 μαι
2488 4722 2591 4776 ὐπὸ
2616 4722 2723 4775 τῶν
2754 4724 3010 4777 ἐναντίων
3032 4726 3334 4796 δυνάμεων.

2362 4868 2687 4936 principatus
2715 4866 2843 4932 oris,
2869 4868 2973 4921 hoc
3000 4876 3124 4931 est,
3156 4867 3248 4937 qui
3296 4875 3477 4937 potest
3520 4883 3628 4923 non
3664 4869 3922 4925 oﬂ‘endere

2364 4958 2417 5011 in
2452 4957 2638 5021 verbo,
2676 4956 2767 5011 hic
2796 4955 3067 5024 perfectus
3097 4957 3178 5009 vir
3210 4958 3279 5010 ".

2423 5049 2476 5103 Ξ.
2504 5051 2565 5103 Οἱ
2600 5049 2954 5119 ἀπεχόμενοι,
2984 5056 3089 5102 etc.
3124 5045 3226 5113 Qui
3257 5047 3553 5112 abstinent,
3584 5059 3689 5105 etc.

2425 5141 2477 5194 3.
2500 5140 2806 5211 Μακάριοι,
2832 5148 2937 5194 etc.
2965 5139 3135 5203 Beati,
3164 5148 3267 5194 etc.

2429 5233 2478 5286 4.
2509 5233 2732 5305 Θερμοί,
2763 5241 2903 5296 etc.,
2932 5231 2993 5285 τὸ
3038 5232 3181 5296 πῶς,
3224 5243 3353 5297 etc.,
3391 5232 3601 5287 ἔνοικον
3637 5236 3695 5287 ὲν
3725 5237 3914 5296 αὐτοῖς.

2359 5324 2669 5389 Ferventes,
2704 5333 2836 5389 etc.,
2862 5326 3144 5394 quomodo
3168 5339 3292 5379 eum
3318 5324 3590 5394 accipiant
3624 5326 3918 5379 inhabitan-

2353 5426 2457 5470 tem
2494 5416 2547 5469 in
2575 5431 2633 5471 se
2661 5418 2813 5485 ipsis.

2424 5508 2473 5561 5.
2504 5510 2565 5561 Οί
2586 5507 2693 5579 γάρ
2718 5508 3022 5578 λεγόμενοι,
3049 5519 3184 5571 etc.,
3216 5512 3329 5572 τοῖς
3370 5510 3788 5581 προστάγμασιν
3828 5510 3915 5562 αὐ-

2351 5598 2444 5651 τοῦ
2464 5600 2524 5650 οὐ
2547 5598 2840 5654 πείθονται.
2894 5600 3148 5657 Dicentes
3177 5603 3320 5656 enim
3366 5616 3425 5656 se
3465 5615 3608 5664 esse,
3641 5614 3918 5675 etc.,prz-

2353 5690 2520 5760 ceptis
2540 5691 2654 5759 ejus
2678 5706 2784 5745 non
2817 5690 3105 5746 obediunt.
