4142 6472
208 423 346 479 1209

278 541 334 595 6.
367 540 460 602 Σύ,
496 547 604 593 etc.
623 537 727 599 Tu,
754 549 883 600 etc.,
915 537 1007 592 τοῦ
1038 539 1211 596 deest.

279 632 330 688 7.
368 632 618 700 Ὄφελον,
653 641 758 686 etc.
788 631 1030 696 Utinam,
1061 640 1169 686 etc.

278 719 331 776 8.
367 722 520 784 Τότε,
554 730 662 776 etc.
696 720 866 783 Tunc,
898 731 1002 775 etc.

274 813 330 866 9.
365 813 882 884 Ἐξομολογήσομαι,
904 823 1009 867 etc.
1045 812 1375 875 Conﬁtebor,
1409 823 1493 866 elc

275 905 362 962 10.
408 907 496 960 Ἐν
525 905 601 976 τῷ
627 905 1026 976 μεμαθηκέναι,
1063 915 1167 960 etc.
1197 903 1252 958 In
1284 920 1370 968 eo,
1407 904 1550 973 quod
1583 904 1768 968 didicl,

199 1011 310 1053 etc.

287 1090 370 1144 ll.
404 1089 483 1142 Τὰ
513 1087 854 1158 δικαιώματά
879 1104 994 1150 σου,
1023 1097 1129 1142 etc.
1161 1083 1587 1141 Justilicationes
1621 1093 1766 1146 tuas,

211 1190 320 1233 etc.

292 1273 376 1327 η.
419 1274 505 1326 Ἐν
528 1273 653 1338 τίνι,
686 1284 788 1327 etc.
829 1270 884 1325 In
912 1286 1041 1341 quo,
1069 1280 1174 1326 etc.

280 1367 366 1420 l3.
406 1366 492 1418 Ἐν
518 1365 596 1434 τῷ
628 1362 981 1434 φυλάξασθαι,
1015 1371 1119 1416 etc.
1158 1359 1216 1414 In
1259 1357 1634 1422 custodiendo,
1663 1369 1766 1413 etc.

279 1458 364 1512 14.
404 1459 491 1509 Ἐν
519 1457 636 1529 ὅλῃ,
671 1465 776 1511 etc.
810 1454 865 1507 In
902 1463 1038 1515 toto,
1069 1462 1173 1506 etc.

275 1547 359 1600 I5.
396 1547 486 1600 Ἐν
620 1544 836 1616 καρδίᾳ,
861 1552 966 1597 etc.
993 1541 1050 1595 In
1083 1539 1268 1606 corde,
1294 1549 1398 1595 etc.

275 1641 360 1692 16.
390 1638 713 1707 Εὐλογητὸς.
741 1645 850 1691 etc.
888 1635 1231 1700 Benedictus,
1264 1642 1370 1688 etc.

274 1730 360 1784 17.
404 1731 490 1782 Ἑν
512 1732 624 1791 τοῖς
649 1726 847 1796 χείλεσί
877 1743 1002 1796 μου.
1036 1735 1140 1781 etc.
1167 1723 1223 1779 In
1247 1724 1411 1779 Iabiis
1446 1721 1603 1787 meis,
1631 1730 1736 1775 etc.

275 1820 360 1874 18.
407 1820 495 1872 Ἐν
519 1822 584 1889 τῇ
611 1817 733 1888 ὁδῷ.
769 1827 874 1872 etc.
915 1816 968 1872 In
997 1817 1102 1880 via,
1138 1826 1242 1871 etc.

1043 422 1132 476 DE
1171 418 1446 476 TI'I'ULIS
1484 414 1930 474 PSALMORUM.
1971 445 2038 453 —
2081 411 2274 467 PSAL.
2315 409 2542 466 CXVIII.

3287 401 3426 457 I2I0

1801 540 1842 596 Α
1942 552 2032 607 22.
2073 549 2418 612 Ἀνταπόδος,
2445 559 2550 603 etc.
2589 546 2864 608 Retribue,
2894 554 2999 599 etc.

1941 642 2030 696 23.
2076 639 2470 708 Ἀποκάλυψον,
2495 649 2598 692 etc.
2638 636 2867 699 Revela,’
2884 646 2987 689 etc.

1941 732 2028 785 2t.
2062 733 2350 802 Ilipomo;,
2379 739 2482 782 etc.
2521 727 2718 790 Incola,
2739 736 2840 779 etc.

1938 826 2028 880 25.
2057 827 2148 896 Μὴ
2178 823 2524 895 “exp-3cm,
2551 833 2658 874 etc.
2689 817 2808 872 Non
2835 815 3155 879 abscondas,
3182 823 3286 872 etc.

1939 919 2028 972 26.
2063 916 2456 983 Ἐπεπόοησεν,
2480 921 2581 966 etc.
2618 911 2963 979 Concupivit,
2998 918 3100 962 etc.

1938 1009 2026 1061 27.
2064 1008 2460 1077 Ἐπετίμησας,
2486 1018 2587 1058 etc.
2615 1002 2928 1070 lncrepasti,
2951 1011 3048 1056 etc.

1939 1099 2029 1152 28.
2072 1098 2518 1168 Ἐπικατάρατοι,
2547 1104 2650 1150 etc.
2689 1093 2974 1158 Maledicti,
3008 1101 3114 1146 etc.

1937 1191 2028 1246 29.
2060 1189 2303 1261 Περίελε,
2329 1199 2430 1242 etc.
2466 1187 2662 1251 Aufer,
2697 1197 2800 1241 etc.

1940 1283 2027 1336 50.
2065 1281 2173 1332 Καὶ
2201 1279 2328 1350 γάρ,
2353 1291 2456 1333 etc.
2493 1279 2722 1342 Etenim,
2758 1285 2860 1330 etc.

1937 1370 2025 1424 51.
2062 1371 2171 1423 Καὶ
2201 1371 2307 1440 γὰρ
2339 1370 2408 1422 τὰ
2445 1368 2718 1438 μαρτύριά
2744 1384 2859 1433 σου,
2890 1375 2994 1422 etc.
3026 1362 3160 1418 Nam
3191 1369 3246 1418 et
3275 1360 3427 1416 testi-

1869 1464 2047 1518 monia
2083 1475 2189 1525 tua,
2220 1471 2323 1515 etc.

1938 1555 2026 1610 52.
2073 1553 2390 1624 Ἐκολλήοη,
2417 1561 2522 1606 etc.
2563 1551 2820 1615 Adhaesit,
2847 1557 2950 1603 etc.

1935 1647 2022 1700 55.
2065 1645 2174 1708 Τὰς
2201 1644 2352 1708 ὁδούς
2379 1660 2500 1715 μου,
2534 1653 2637 1697 etc.
2677 1640 2806 1696 Vias
2839 1654 3005 1704 meas,
3041 1649 3145 1693 etc.

1937 1735 2025 1790 54.
2071 1737 2240 1798 Ὀδόν,
2272 1746 2376 1791 etc.
2419 1734 2592 1796 Viam,
2629 1743 2731 1787 etc.

1936 1826 2025 1879 55.
2065 1826 2403 1892 Ἐνύσταξεν,
2435 1838 2535 1880 etc.
2575 1825 2912 1887 Dormitat'it,
2952 1833 3055 1877 elc.

275 1909 360 1964 19.
405 1911 490 1962 Ἐν
524 1885 642 1972 ταῖς
685 1885 932 1972 *ἐντολαῖς
957 1947 974 1970 .
1031 1918 1160 1970 etc.,
1208 1906 1302 1960 καὶ
1337 1905 1658 1972 κατανοήσω
1695 1918 1764 1954 τα
1793 1885 1834 1939 Β
1931 1916 2020 1970 36,
2068 1918 2236 1978 ὀδεςνν
2269 1885 2582 1978 eicivan
2610 1925 2712 1970 εις,

200 2000 482 2070 θαυμάσια
511 2017 623 2054 σου.
678 1999 734 2055 In
771 2000 1060 2064 mandatis,
1120 2009 1262 2064 etc.,
1306 2006 1362 2052 et
1406 1995 1764 2052 considerabo

199 2092 473 2146 mirabilia
509 2102 621 2148 tua.

270 2183 360 2237 20.
397 2184 485 2235 Ἐν
520 2187 632 2246 τοῖς
665 2179 994 2251 δικαιώμασξ
1030 2196 1144 2242 σου,
1174 2189 1278 2233 etc.
1325 2175 1382 2229 In
1425 2172 1765 2245 iustiﬁcatio-

197 2273 364 2328 nibus
400 2274 529 2335 tuis,
556 2283 660 2328 etc.

272 2361 362 2417 2t.
391 2363 504 2415 Οὐκ
533 2361 879 2432 ἐπιλήσομαι,
911 2372 1014 2417 etc.
1051 2359 1169 2416 Non
1199 2359 1505 2422 obliviscar,
1545 2365 1648 2413 etc.

1929 2007 2016 2061 '57.
2063 2007 2212 2062 Ὀδὸν
2247 2008 2526 2079 ἀληθείας,
2561 2019 2690 2072 etc.,
2720 2008 2812 2061 καί
2841 2007 3008 2061 deest.
3039 2002 3193 2057 Viam
3221 2000 3420 2056 verita-

1863 2100 1952 2160 tis,
1982 2109 2083 2155 etc.

1930 2189 2016 2243 42.
2062 2189 2356 2262 Ὀδήγησὸν
2391 2209 2478 2262 με,
2511 2201 2615 2245 etc.
2652 2190 2830 2244 Deduc
2858 2203 2964 2252 me,
2999 2195 3105 2241 etc.

1930 2279 2016 2333 45.
2052 2281 2264 2346 Κλίνον,
2295 2290 2400 2336 etc.
2431 2282 2655 2348 Inciina,
2686 2291 2791 2336 etc.

1317 2472 1693 2531 ATHANASII
1727 2472 2310 2537 INTERPRETATIO.

282 2594 334 2648 6.
366 2594 436 2647 Σὺ
481 2590 658 2656 εἶπας,
693 2601 820 2655 etc.,
873 2593 941 2645 τὰ
987 2593 1121 2664 ἔργα
1150 2591 1350 2662 Κυρίου
1400 2588 1638 2660 ἀμελῶς.
1679 2586 1761 2642 Tu

199 2685 411 2747 dixisti,
445 2695 571 2748 etc.,
605 2700 767 2753 opera
797 2682 888 2737 Dei
919 2685 1264 2755 negligenter.

273 2777 326 2830 7.
363 2777 505 2848 Δῲη,
532 2787 634 2830 etc.
670 2776 786 2838 Det,
821 2784 924 2829 etc.

278 2865 328 2919 8.
375 2867 460 2918 Ἐν
487 2868 550 2936 τῇ
588 2863 766 2934 ἡμέρᾳ
791 2863 888 2932 τῆς
914 2862 1146 2934 κρίσεώς
1181 2879 1274 2915 σου
1306 2863 1404 2934 μή,
1445 2871 1548 2918 etc.
1583 2861 1638 2916 In
1675 2861 1763 2918 die

197 2958 391 3026 judicii
427 2973 528 3010 non
552 2955 789 3017 audiam,
819 2965 921 3009 etc.

273 3051 326 3105 9.
364 3047 551 3108 Ἐκδῶ,
584 3055 684 3100 etc.
719 3044 970 3110 Tradam,
1000 3055 1101 3098 etc.

275 3139 360 3194 10.
391 3139 479 3190 Ἐν
507 3136 584 3205 τῷ
614 3134 840 3188 ἀκοῦσαί
878 3150 966 3204 με,
996 3142 1101 3186 etc.
1138 3131 1272 3187 Cum
1302 3131 1547 3194 audiero,
1582 3141 1686 3186 etc.

277 3230 362 3283 11.
395 3226 476 3280 Τὰ
506 3224 847 3295 δικαιώματά
871 3241 985 3286 σου,
1019 3234 1125 3278 etc.
1161 3220 1586 3276 Justiilcationes
1615 3232 1758 3285 tuas,

199 3331 306 3374 εις.

281 3411 523 3473 12.116);
567 3409 674 3462 τῶν
719 3407 1055 3479 νεωτερικῶν
1092 3406 1398 3476 ἐπιθυμιῶν
1453 3405 1764 3459 ὲπιλάθεταῑ

201 3525 319 3570 τις;
345 3505 417 3557 Τὸ
443 3504 528 3556 διὰ
548 3502 648 3570 τῆς
675 3501 1042 3572 κινναϐάρεως
1067 3500 1465 3570 παρακείμενον
1495 3499 1681 3570 δνομα,
1705 3499 1763 3551 τὸ

210 3597 352 3663 Oho,
383 3593 740 3665 ἑρμηνεύεται
759 3589 939 3657 οἶκος.
965 3591 1124 3662 Δηλοῖ
1140 3591 1219 3654 δὲ,
1247 3592 1326 3643 ὃτι
1349 3590 1490 3643 οὕτω
1513 3591 1766 3662 κατορθοῖ

202 3687 464 3756 νεώτερος
493 3685 589 3756 τὴν
611 3684 725 3738 ὁδὸν
761 3683 923 3738 αὑτοῦ
962 3685 1018 3737 ὲν
1045 3683 1122 3754 τῷ
1159 3679 1420 3755 εἶναιτὴν
1453 3681 1626 3752 ψυχὴν
1669 3682 1762 3735 καὶ

201 3779 272 3832 τὰ
301 3779 440 3848 μέλη
495 3776 658 3830 αὑτοῦ
711 3773 858 3831 οἷκον
909 3774 1066 3830 Θεοῦ.
1127 3774 1411 3842 Quomodo
1440 3774 1758 3844 jut'euiIiuut

204 3869 561 3939 cupiditatum
632 3870 754 3938 quis
811 3866 1196 3930 obiiciscitur?
1255 3864 1392 3920 Illud
1474 3867 1757 3920 cinuabari

202 3961 500 4030 ascriptum
537 3974 730 4013 nomen
754 3979 765 4014 :
789 3959 912 4010 Beth
945 3959 1328 4027 interpretatur
1358 3958 1563 4012 domus.
1585 3956 1762 4027 Signi-

201 4054 330 4106 ticat
362 4059 566 4113 autem,
599 4049 742 4120 quod
797 4051 870 4103 ita
922 4050 1145 4119 corrigit
1197 4048 1590 4102 adolescentior
1620 4051 1759 4103 viam

201 4159 384 4207 suam,
443 4143 489 4197 si
523 4142 704 4197 anima
756 4151 810 4196 et
869 4141 1108 4196 membra
1176 4140 1346 4197 iusius
1407 4140 1515 4194 sint
1565 4141 1760 4196 domus

201 4234 320 4290 Dei.

276 4323 364 4378 13.
412 4323 499 4376 Ἑν
523 4321 619 4393 τῷ,
654 4332 781 4384 etc.,
809 4321 870 4374 τὸ
911 4319 1124 4374 αἰώνιον
1160 4320 1218 4373 τὸ
1258 4321 1652 4391 ἡτοιμασμένον
1685 4320 1760 4391 τῷ

197 4414 430 4485 διαϐόλῳ
460 4414 554 4466 καὶ¹
599 4416 710 4476 τοῖς
751 4412 1000 4480 ἀγγέλοις
1047 4411 1233 4466 αὑτοῦ.
1284 4410 1418 4466 Cum
1449 4414 1759 4467 recordatus

1935 2591 2021 2645 23.
2057 2593 2388 2668 Διαχώρισον
2415 2597 2477 2649 τὸ
2509 2597 2695 2659 σκότος
2719 2612 2836 2659 σου,
2869 2604 2974 2650 etc.
3023 2594 3223 2662 Separa
3271 2599 3419 2647 tene-

1861 2683 2009 2746 bras,
2041 2697 2144 2740 etc.

1929 2775 2018 2829 24.
2047 2777 2159 2830 Οὐκ
2187 2776 2314 2848 ἔχω,
2347 2787 2450 2832 etc.
2476 2776 2593 2831 Non
2630 2778 2824 2838 habeo,
2852 2785 2956 2830 etc.

1924 2866 2014 2920 25.
2050 2868 2140 2938 Μὴ
2165 2869 2384 2934 ἀνάξιον
2409 2872 2584 2940 ἡγήσῃ
2623 2887 2688 2938 με
2718 2869 2811 2922 τοῦ
2859 2865 3060 2936 γνῶναί
3109 2881 3175 2935 με
3200 2863 3280 2930 τό,
3312 2873 3416 2918 etc.

1861 2953 1938 3010 Ne
1962 2957 2238 3027 indignum
2265 2958 2544 3014 existimes
2581 2973 2666 3013 uie
2691 2972 2988 3027 agnoscere
3037 2971 3123 3010 tne
3168 2955 3419 3010 volunta-

1862 3055 1969 3102 tem
1997 3057 2166 3103 tuam.

1930 3137 2020 3190 26.
2059 3138 2354 3203 Ἐπιποθεῖ,
2383 3148 2518 3203 etc.,
2573 3139 2666 3192 καὶ
2702 3140 2761 3191 οὐ
2817 3136 3130 3206 κορέννυται
3169 3133 3257 3200 τά,
3310 3143 3414 3186 etc.

1863 3225 2138 3282 Desiderat
2169 3231 2348 3283 anima
2381 3246 2520 3294 mea,
2555 3240 2607 3284 et
2644 3246 2751 3284 non
2784 3229 3012 3283 satiatur
3044 3226 3243 3280 facere.

1930 3320 2018 3373 27.
2057 3320 2144 3389 Τῷ
2169 3320 2415 3391 διαϐόλῳ,
2446 3331 2551 3375 etc.
2577 3319 2884 3381 Diabolum,
2917 3331 3022 3372 etc.

1931 3411 2020 3466 28.
2057 3412 2178 3464 Ἐπὶ
2231 3411 2492 3482 ἀπωλείᾳ,
2554 3422 2682 3475 etc.,
2760 3409 3001 3479 πονηρὰς
3073 3403 3414 3476 ἀναστροφὰς

1862 3502 2231 3572 πορευόμενοι.
2261 3500 2315 3554 In
2351 3502 2647 3560 interitum.
2675 3509 2804 3565 etc.,
2839 3500 2903 3553 ad
2925 3497 3181 3568 pristinas
3205 3496 3420 3564 iniquas

1862 3610 1988 3647 suas
2017 3595 2458 3650 conversatioues
2489 3603 2860 3649 revertuntur.

1931 3687 2020 3740 29.
2057 3688 2276 3756 Ἀφελε,
2295 3699 2422 3754 etc.,
2455 3686 2869 3757 μεμαρτύρησαι
2897 3683 3126 3736 ἕκαστον
3156 3681 3284 3743 τῶν,
3309 3689 3412 3735 ctc.

1861 3779 2073 3839 Adime,
2108 3789 2211 3832 etc.

1931 3870 2018 3923 '50.
2056 3867 2158 3920 Kal
2185 3867 2310 3936 γάρ,
2337 3874 2442 3919 etc.
2465 3864 2907 3934 ὲπεσκεπτόμην,
2932 3873 3036 3918 etc.
3059 3860 3412 3926 Etenim,etc.

1931 3960 2017 4013 5|.
2053 3957 2153 4009 Καὶ
2185 3958 2292 4026 γὰρ
2331 3955 2590 4026 μελετῶν,
2626 3965 2729 4010 etc.
2769 3953 2998 4017 Etenim,
3032 3961 3136 4007 etc.

1929 4051 2014 4104 32.
2052 4046 2468 4115 Ἐταττεινώοην,
2502 4056 2604 4101 etc.
2641 4045 2964 4099 IIumiliatus
2993 4060 3134 4106 sum,
3168 4051 3274 4097 etc.

1927 4141 2012 4194 55.
2054 4137 2578 4208 Ἐξωμολογησὰμην
2623 4153 2724 4196 σοι,
2771 4145 2900 4198 etc.,
2940 4137 3032 4188 καὶ
3065 4131 3263 4194 εὐθέως
3292 4130 3410 4201 ἠθε-

1857 4233 2026 4302 mea;
2053 4247 2142 4300 με,
2174 4240 2282 4284 etc.
2311 4228 2606 4283 Confessus
2642 4243 2760 4280 sum
2799 4226 2919 4292 tibi,
2955 4235 3084 4287 etc.,
3133 4233 3186 4278 et
3227 4223 3411 4277 statim

1858 4322 2073 4376 voluisti
2103 4337 2207 4385 me,
2238 4329 2342 4374 etc.

1929 4413 2015 4467 51.
2048 4413 2148 4466 Τὸν
2174 4409 2472 4481 φωτισμόν,
2501 4419 2628 4472 etc.,
2682 4408 2775 4461 καὶ
2811 4408 2917 4460 ἀπὸ
2951 4408 3049 4476 τῆς
3087 4405 3326 4476 τέρψεως
3353 4403 3414 4457 οὗ

200 4517 351 4564 sum,
379 4516 500 4571 quae
532 4515 562 4554 a
587 4509 638 4554 te
662 4500 824 4563 dicta,
851 4511 979 4563 etc.,
1006 4502 1058 4554 in
1090 4501 1265 4571 ignem
1292 4509 1573 4565 teternum,
1611 4503 1752 4570 quod

1859 4507 2136 4572 παύσομαι
2170 4501 2407 4573 μελετῶν
2429 4504 2486 4556 ὲν
2519 4505 2606 4572 τῇ,
2637 4511 2740 4556 etc.
2785 4498 3258 4561 Iliuminatiouem,
3283 4507 3413 4563 etc.,

199 4599 451 4662 paratum
476 4601 560 4648 est
587 4591 804 4648 diabolo
832 4600 884 4645 et
909 4593 1113 4661 angelis
1142 4591 1260 4660 ejus
1289 4592 1354 4644 ⁷¹.

275 4683 362 4737 14.
406 4683 495 4748 Ἐξ
521 4683 667 4754 ὅλης,
697 4693 826 4752 etc.,
849 4685 1047 4754 ἡγήσῃ,
1081 4693 1184 4739 etc.
1210 4682 1288 4736 Ex
1325 4691 1455 4749 tota,
1490 4694 1613 4749 etc.,
1647 4686 1763 4738 exi-

202 4777 418 4838 stimes,
455 4785 560 4830 etc.

280 4864 366 4918 I7.
403 4864 514 4934 Οὐχ
540 4864 940 4936 ὑπεστειλάμην
963 4867 1056 4916 τοῦ
1089 4863 1319 4928 διδάξαι,
1367 4873 1469 4918 etc.
1526 4862 1639 4919 Non
1684 4882 1761 4921 re-

201 4956 317 5026 fugi
348 4955 564 5019 docere,
595 4965 700 5012 etc.
1042 4971 1051 4979 ο

274 5047 363 5102 18.
397 5046 581 5110 Οὕτως
613 5049 801 5118 χαρᾶς,
827 5058 930 5102 etc.
969 5046 1043 5100 Ita
1073 5047 1288 5116 gaudio,
1319 5057 1422 5104 etc.

272 5141 362 5196 19.
403 5140 490 5192 Ἐν
515 5143 632 5202 ταῖς
678 5141 917 5210 Γραφαϊς
953 5157 1066 5203 σου,
1094 5149 1223 5204 etc.,
1254 5141 1353 5211 τῆς
1374 5142 1596 5214 καρδίας
1635 5159 1756 5212 μου,

199 5242 303 5286 etc.
344 5228 401 5283 In
438 5230 721 5298 scripturis
754 5231 880 5292 tuis,
909 5241 1037 5294 etc.,
1070 5232 1247 5286 cordis
1279 5233 1382 5285 mei
1409 5273 1422 5296 ,
1450 5243 1553 5287 etc.

273 5317 363 5373 20.
400 5317 608 5380 Νυκτὸς
637 5319 730 5371 καὶ
764 5319 994 5389 ἡμέρας.
1021 5318 1114 5372 Die
1138 5330 1430 5390 noctuque.

275 5407 365 5461 2t.
399 5406 502 5460 Kal.
537 5407 803 5479 πληρὼσω
845 5410 1038 5474 αὐτοὺς
1069 5409 1233 5482 ἔργῳ.
1276 5411 1342 5466 Et
1399 5413 1632 5484 implebo
1663 5431 1756 5468 eos

197 5514 386 5568 opere.

269 5589 358 5642 22.
395 5590 513 5652 Δός,
548 5602 674 5654 etc.,
704 5590 797 5644 τοῦ
828 5592 981 5660 ἁγίου
1014 5611 1128 5658 σου,
1166 5603 1268 5650 etc.
1293 5595 1389 5657 ba,
1418 5607 1543 5661 etc.,
1583 5597 1752 5651 sancti

198 5681 275 5734 tui
311 5679 566 5750 Spiritus,
598 5691 702 5736 etc.

275 5815 313 5844 "
338 5811 527 5869 Matth.
566 5830 689 5880 xxv,
731 5813 815 5869 11.

1856 4607 1907 4652 et
1937 4612 2045 4665 pra:
2073 4593 2429 4648 delectatione
2465 4608 2568 4646 non
2595 4591 2820 4645 cessabo
2851 4591 3118 4644 meditans
3145 4589 3219 4651 in,
3251 4598 3353 4643 etc.

1926 4688 2014 4742 55.
2051 4684 2397 4747 Βεϐύθισται,
2425 4694 2530 4738 etc.
2567 4681 2858 4737 Submersa
2883 4691 2986 4744 est,
3012 4691 3116 4735 etc.

1919 4779 2008 4832 56.
2047 4777 2361 4841 Ἀπέλασον,
2393 4784 2499 4830 etc.
2531 4775 2746 4844 Expelle
2769 4815 2785 4839 ,
2835 4785 2938 4828 etc.
2959 4812 2974 4836 ,
3005 4771 3304 4826 secundum
3346 4789 3414 4844 με

1856 4874 2022 4928 deest.

1927 4963 2016 5016 57.
2047 4957 2394 5029 Ἐπεπόθησά
2425 4976 2483 5012 σε
2520 4959 2630 5022 τόν,
2665 4967 2766 5010 etc.
2801 4955 3138 5026 Μνημονεύω
3183 4954 3292 5024 γὰρ
3330 4953 3412 5015 τό,

1855 5065 1960 5110 etc.
2000 5052 2312 5108 Desideravi
2369 5061 2419 5106 te
2453 5051 2641 5114 lilium,
2691 5061 2819 5114 etc.,
2853 5048 3072 5103 memini
3107 5047 3252 5101 enim
3309 5055 3416 5099 tre-

1853 5145 2054 5206 mcudi,
2087 5154 2192 5198 etc.

1923 5237 2012 5291 42.
2044 5234 2263 5304 Ἐπειδὴ
2293 5235 2506 5304 νήπιος,
2540 5245 2642 5287 etc.
2677 5231 2910 5301 βαδίσαι,
2946 5239 3078 5292 etc.,
3112 5229 3329 5298 ζητήσω
3355 5228 3411 5281 δὲ

1851 5329 1971 5399 τήν,
2005 5339 2131 5390 etc.,
2165 5343 2231 5396 με
2265 5325 2605 5397 περιπατεῖν,
2634 5335 2735 5376 etc.
2766 5321 3034 5387 Quoniam
3058 5319 3258 5380 infans,
3281 5330 3410 5380 etc.,

1854 5417 2125 5480 incedere,
2157 5426 2286 5478 etc.,
2317 5429 2555 5483 quanam
2587 5423 2764 5465 autem
2790 5413 2955 5475 viam,
2979 5420 3108 5475 etc.,
3133 5420 3184 5464 et
3217 5407 3304 5463 fac
3326 5424 3418 5462 me

1855 5507 2192 5560 inambulare
2218 5507 2268 5557 in
2305 5506 2456 5573 ipsis.

1925 5594 2006 5649 45.
2048 5594 2365 5658 ’λ’πόταξον,
2411 5602 2552 5655 etc.,
2594 5591 2685 5644 καὶ
2735 5592 2808 5660 μὴ
2858 5593 2936 5653 εἰς
2982 5591 3099 5660 τήν,
3148 5600 3276 5652 etc.,
3325 5589 3411 5644 ἴνα

1853 5687 1984 5756 εἰμί,
2017 5695 2120 5741 etc.
2159 5683 2397 5754 Sutijice,
2429 5693 2556 5740 etc.,
2580 5694 2633 5737 et
2663 5698 2767 5738 non
2823 5695 2907 5738 etc
2985 5692 3043 5736 ιιι
3063 5682 3166 5736 sim
3220 5690 3300 5737 etc
