  <div class='ocr_page' id='page_1' title='image "/cluster/home/n/w/nwhite01/storage/ocr_20150623/27/uva.x030474749/616.png"; bbox 0 0 4142 6476; ppageno 0'>
   <div class='ocr_carea' id='block_1_1' title="bbox 232 435 373 492">
    <p class='ocr_par' dir='ltr' id='par_1_1' title="bbox 232 435 373 492">
     <span class='ocr_line' id='line_1_1' title="bbox 232 435 373 492; baseline 0.007 -1"><span class='ocrx_word' id='word_1_1' title='bbox 232 435 373 492; x_wconf 78' lang='grc'>1215</span> 
     </span>
    </p>
   </div>
   <div class='ocr_carea' id='block_1_2' title="bbox 302 554 1209 626">
    <p class='ocr_par' dir='ltr' id='par_1_2' title="bbox 302 554 1209 626">
     <span class='ocr_line' id='line_1_2' title="bbox 302 554 1209 626; baseline 0.007 -19"><span class='ocrx_word' id='word_1_2' title='bbox 302 556 388 613; x_wconf 83' lang='grc'><strong>88.</strong></span> <span class='ocrx_word' id='word_1_3' title='bbox 427 554 653 625; x_wconf 79' lang='grc' dir='ltr'>Ἔγνων,</span> <span class='ocrx_word' id='word_1_4' title='bbox 685 565 791 611; x_wconf 99' lang='lat' dir='ltr'><strong>etc.</strong></span> <span class='ocrx_word' id='word_1_5' title='bbox 816 554 1074 626; x_wconf 75' lang='lat' dir='ltr'><strong>Cognovi,</strong></span> <span class='ocrx_word' id='word_1_6' title='bbox 1104 566 1209 616; x_wconf 87' lang='lat' dir='ltr'><strong>etc.</strong></span> 
     </span>
    </p>
   </div>
   <div class='ocr_carea' id='block_1_3' title="bbox 299 647 1430 721">
    <p class='ocr_par' dir='ltr' id='par_1_3' title="bbox 299 647 1430 721">
     <span class='ocr_line' id='line_1_3' title="bbox 299 647 1430 721; baseline -0.003 -14"><span class='ocrx_word' id='word_1_7' title='bbox 299 652 389 707; x_wconf 90' lang='lat'><strong>89.</strong></span> <span class='ocrx_word' id='word_1_8' title='bbox 422 651 530 703; x_wconf 74' lang='grc' dir='ltr'><strong>Καὶ</strong></span> <span class='ocrx_word' id='word_1_9' title='bbox 550 649 793 721; x_wconf 74' lang='grc' dir='ltr'>ἀληθείᾳ,</span> <span class='ocrx_word' id='word_1_10' title='bbox 818 660 922 704; x_wconf 92' lang='lat' dir='ltr'><strong>etc.</strong></span> <span class='ocrx_word' id='word_1_11' title='bbox 956 647 1022 703; x_wconf 85' lang='lat' dir='ltr'><strong>Et</strong></span> <span class='ocrx_word' id='word_1_12' title='bbox 1054 651 1298 715; x_wconf 83' lang='lat' dir='ltr'><strong>veritate,</strong></span> <span class='ocrx_word' id='word_1_13' title='bbox 1325 659 1430 705; x_wconf 93' lang='lat' dir='ltr'><strong>etc.</strong></span> 
     </span>
    </p>
   </div>
   <div class='ocr_carea' id='block_1_4' title="bbox 296 738 1552 810">
    <p class='ocr_par' dir='ltr' id='par_1_4' title="bbox 296 738 1552 810">
     <span class='ocr_line' id='line_1_4' title="bbox 296 738 1552 810; baseline -0.007 -11"><span class='ocrx_word' id='word_1_14' title='bbox 296 740 387 799; x_wconf 87' lang='lat'><strong>90.</strong></span> <span class='ocrx_word' id='word_1_15' title='bbox 418 738 722 810; x_wconf 79' lang='grc' dir='ltr'>Γενηθήτω,</span> <span class='ocrx_word' id='word_1_16' title='bbox 752 750 853 792; x_wconf 92' lang='lat' dir='ltr'><strong>etc.</strong></span> <span class='ocrx_word' id='word_1_17' title='bbox 884 738 1003 792; x_wconf 79' lang='lat' dir='ltr'><strong>Fiat</strong></span> <span class='ocrx_word' id='word_1_18' title='bbox 1034 738 1423 805; x_wconf 82' lang='lat' dir='ltr'><strong>misericordia,</strong></span> <span class='ocrx_word' id='word_1_19' title='bbox 1448 748 1552 793; x_wconf 86' lang='lat' dir='ltr'><strong>etc.</strong></span> 
     </span>
    </p>
   </div>
   <div class='ocr_carea' id='block_1_5' title="bbox 296 827 1326 893">
    <p class='ocr_par' dir='ltr' id='par_1_5' title="bbox 296 827 1326 893">
     <span class='ocr_line' id='line_1_5' title="bbox 296 827 1326 893; baseline -0.004 -8"><span class='ocrx_word' id='word_1_20' title='bbox 296 829 387 885; x_wconf 84' lang='grc'><strong>91.</strong></span> <span class='ocrx_word' id='word_1_21' title='bbox 427 828 774 890; x_wconf 80' lang='grc' dir='ltr'>Ἑλθέτωσαν,</span> <span class='ocrx_word' id='word_1_22' title='bbox 802 838 908 882; x_wconf 87' lang='lat' dir='ltr'><strong>etc.</strong></span> <span class='ocrx_word' id='word_1_23' title='bbox 945 827 1193 893; x_wconf 84' lang='lat' dir='ltr'><strong>Veniant,</strong></span> <span class='ocrx_word' id='word_1_24' title='bbox 1222 838 1326 884; x_wconf 87' lang='lat' dir='ltr'><strong>etc.</strong></span> 
     </span>
    </p>
   </div>
   <div class='ocr_carea' id='block_1_6' title="bbox 296 920 1618 991">
    <p class='ocr_par' dir='ltr' id='par_1_6' title="bbox 296 920 1618 991">
     <span class='ocr_line' id='line_1_6' title="bbox 296 920 1618 991; baseline -0.003 -12"><span class='ocrx_word' id='word_1_25' title='bbox 296 923 385 979; x_wconf 85' lang='grc'><strong>92.</strong></span> <span class='ocrx_word' id='word_1_26' title='bbox 419 921 891 991; x_wconf 72' lang='grc' dir='ltr'>Αἰσχυνθήτωσαν,</span> <span class='ocrx_word' id='word_1_27' title='bbox 920 932 1023 977; x_wconf 90' lang='lat' dir='ltr'><strong>etc.</strong></span> <span class='ocrx_word' id='word_1_28' title='bbox 1054 920 1489 987; x_wconf 74' lang='lat' dir='ltr'><strong>Coatundantur,</strong></span> <span class='ocrx_word' id='word_1_29' title='bbox 1516 932 1618 978; x_wconf 91' lang='lat' dir='ltr'><strong>etc.</strong></span> 
     </span>
    </p>
   </div>
   <div class='ocr_carea' id='block_1_7' title="bbox 296 1012 1778 1085">
    <p class='ocr_par' dir='ltr' id='par_1_7' title="bbox 296 1012 1778 1085">
     <span class='ocr_line' id='line_1_7' title="bbox 296 1012 1778 1085; baseline -0.004 -11"><span class='ocrx_word' id='word_1_30' title='bbox 296 1018 384 1074; x_wconf 84' lang='lat'><strong>95.</strong></span> <span class='ocrx_word' id='word_1_31' title='bbox 454 1014 965 1085; x_wconf 74' lang='grc' dir='ltr'>Ἐπιστρεψὰτωσάν</span> <span class='ocrx_word' id='word_1_32' title='bbox 1028 1032 1095 1085; x_wconf 83' lang='grc' dir='ltr'>με</span> <span class='ocrx_word' id='word_1_33' title='bbox 1126 1056 1142 1082; x_wconf 94' lang='grc'><strong>,</strong></span> <span class='ocrx_word' id='word_1_34' title='bbox 1210 1024 1316 1069; x_wconf 90' lang='lat' dir='ltr'><strong>etc.</strong></span> <span class='ocrx_word' id='word_1_35' title='bbox 1379 1012 1778 1070; x_wconf 83' lang='lat' dir='ltr'><strong>Convertantur</strong></span> 
     </span>
    </p>
   </div>
   <div class='ocr_carea' id='block_1_8' title="bbox 223 1110 544 1174">
    <p class='ocr_par' dir='ltr' id='par_1_8' title="bbox 223 1110 544 1174">
     <span class='ocr_line' id='line_1_8' title="bbox 223 1110 544 1174; baseline 0 -10"><span class='ocrx_word' id='word_1_36' title='bbox 223 1110 360 1164; x_wconf 86' lang='lat' dir='ltr'><strong>mihi</strong></span> <span class='ocrx_word' id='word_1_37' title='bbox 380 1153 396 1174; x_wconf 86' lang='lat'><strong>,</strong></span> <span class='ocrx_word' id='word_1_38' title='bbox 440 1118 544 1164; x_wconf 89' lang='lat' dir='ltr'><strong>etc.</strong></span> 
     </span>
    </p>
   </div>
   <div class='ocr_carea' id='block_1_9' title="bbox 295 1198 1471 1271">
    <p class='ocr_par' dir='ltr' id='par_1_9' title="bbox 295 1198 1471 1271">
     <span class='ocr_line' id='line_1_9' title="bbox 295 1198 1471 1271; baseline -0.003 -14"><span class='ocrx_word' id='word_1_39' title='bbox 295 1200 380 1257; x_wconf 64' lang='lat'><strong>94.</strong></span> <span class='ocrx_word' id='word_1_40' title='bbox 414 1199 716 1271; x_wconf 82' lang='grc' dir='ltr'>Γενηθήτω,</span> <span class='ocrx_word' id='word_1_41' title='bbox 742 1208 845 1255; x_wconf 92' lang='lat' dir='ltr'><strong>etc.</strong></span> <span class='ocrx_word' id='word_1_42' title='bbox 873 1198 992 1253; x_wconf 84' lang='lat' dir='ltr'><strong>Fiat</strong></span> <span class='ocrx_word' id='word_1_43' title='bbox 1018 1212 1114 1253; x_wconf 89' lang='lat' dir='ltr'><strong>cor</strong></span> <span class='ocrx_word' id='word_1_44' title='bbox 1137 1214 1339 1264; x_wconf 89' lang='lat' dir='ltr'><strong>meum,</strong></span> <span class='ocrx_word' id='word_1_45' title='bbox 1364 1208 1471 1255; x_wconf 89' lang='lat' dir='ltr'><strong>etc.</strong></span> 
     </span>
    </p>
   </div>
   <div class='ocr_carea' id='block_1_10' title="bbox 295 1290 1775 1359">
    <p class='ocr_par' dir='ltr' id='par_1_10' title="bbox 295 1290 1775 1359">
     <span class='ocr_line' id='line_1_10' title="bbox 295 1290 1775 1359; baseline -0.001 -12"><span class='ocrx_word' id='word_1_46' title='bbox 295 1292 383 1347; x_wconf 86' lang='lat'><strong>95.</strong></span> <span class='ocrx_word' id='word_1_47' title='bbox 424 1292 715 1356; x_wconf 83' lang='grc' dir='ltr'>Ἐκλείπει,</span> <span class='ocrx_word' id='word_1_48' title='bbox 752 1302 879 1358; x_wconf 90' lang='lat' dir='ltr'><strong>etc.,</strong></span> <span class='ocrx_word' id='word_1_49' title='bbox 910 1290 1002 1344; x_wconf 77' lang='grc' dir='ltr'>καὶ</span> <span class='ocrx_word' id='word_1_50' title='bbox 1033 1292 1111 1355; x_wconf 74' lang='grc' dir='ltr'>εἰς</span> <span class='ocrx_word' id='word_1_51' title='bbox 1139 1293 1265 1355; x_wconf 83' lang='grc' dir='ltr'>τοὺς</span> <span class='ocrx_word' id='word_1_52' title='bbox 1294 1291 1517 1359; x_wconf 82' lang='grc' dir='ltr'><strong>λόγους,</strong></span> <span class='ocrx_word' id='word_1_53' title='bbox 1547 1301 1649 1348; x_wconf 86' lang='lat' dir='ltr'><strong>etc.</strong></span> <span class='ocrx_word' id='word_1_54' title='bbox 1674 1290 1775 1345; x_wconf 75' lang='grc' dir='ltr'><strong>Πε-</strong></span> 
     </span>
    </p>
   </div>
   <div class='ocr_carea' id='block_1_11' title="bbox 220 1382 1322 1447">
    <p class='ocr_par' dir='ltr' id='par_1_11' title="bbox 220 1382 1322 1447">
     <span class='ocr_line' id='line_1_11' title="bbox 220 1382 1322 1447; baseline -0.003 -9"><span class='ocrx_word' id='word_1_55' title='bbox 220 1382 371 1447; x_wconf 79' lang='lat' dir='ltr'><strong>fecit,</strong></span> <span class='ocrx_word' id='word_1_56' title='bbox 406 1393 533 1447; x_wconf 89' lang='lat' dir='ltr'><strong>etc.,</strong></span> <span class='ocrx_word' id='word_1_57' title='bbox 567 1392 619 1437; x_wconf 93' lang='lat' dir='ltr'><strong>et</strong></span> <span class='ocrx_word' id='word_1_58' title='bbox 646 1383 699 1437; x_wconf 91' lang='lat' dir='ltr'><strong>in</strong></span> <span class='ocrx_word' id='word_1_59' title='bbox 734 1392 859 1437; x_wconf 90' lang='lat' dir='ltr'><strong>tuos</strong></span> <span class='ocrx_word' id='word_1_60' title='bbox 887 1396 1184 1446; x_wconf 88' lang='lat' dir='ltr'><strong>sermones,</strong></span> <span class='ocrx_word' id='word_1_61' title='bbox 1217 1393 1322 1438; x_wconf 90' lang='lat' dir='ltr'><strong>etc.</strong></span> 
     </span>
    </p>
   </div>
   <div class='ocr_carea' id='block_1_12' title="bbox 292 1473 1343 1540">
    <p class='ocr_par' dir='ltr' id='par_1_12' title="bbox 292 1473 1343 1540">
     <span class='ocr_line' id='line_1_12' title="bbox 292 1473 1343 1540; baseline -0.001 -11"><span class='ocrx_word' id='word_1_62' title='bbox 292 1475 380 1530; x_wconf 84' lang='lat'><strong>96.</strong></span> <span class='ocrx_word' id='word_1_63' title='bbox 421 1475 710 1540; x_wconf 76' lang='grc' dir='ltr'>Ἐξέλιπον,</span> <span class='ocrx_word' id='word_1_64' title='bbox 738 1485 842 1530; x_wconf 91' lang='lat' dir='ltr'><strong>etc.</strong></span> <span class='ocrx_word' id='word_1_65' title='bbox 874 1473 1215 1540; x_wconf 81' lang='lat' dir='ltr'><strong>Defecerunt,</strong></span> <span class='ocrx_word' id='word_1_66' title='bbox 1238 1485 1343 1530; x_wconf 93' lang='lat' dir='ltr'><strong>etc.</strong></span> 
     </span>
    </p>
   </div>
   <div class='ocr_carea' id='block_1_13' title="bbox 292 1566 988 1633">
    <p class='ocr_par' dir='ltr' id='par_1_13' title="bbox 292 1566 988 1633">
     <span class='ocr_line' id='line_1_13' title="bbox 292 1566 988 1633; baseline -0.001 -12"><span class='ocrx_word' id='word_1_67' title='bbox 292 1567 381 1621; x_wconf 87' lang='lat'><strong>97.</strong></span> <span class='ocrx_word' id='word_1_68' title='bbox 410 1568 552 1629; x_wconf 81' lang='grc' dir='ltr'>Ὅτι,</span> <span class='ocrx_word' id='word_1_69' title='bbox 577 1578 679 1622; x_wconf 86' lang='lat' dir='ltr'><strong>etc.</strong></span> <span class='ocrx_word' id='word_1_70' title='bbox 705 1566 862 1633; x_wconf 83' lang='lat' dir='ltr'><strong>Quia,</strong></span> <span class='ocrx_word' id='word_1_71' title='bbox 884 1577 988 1620; x_wconf 87' lang='lat' dir='ltr'><strong>etc.</strong></span> 
     </span>
    </p>
   </div>
   <div class='ocr_carea' id='block_1_14' title="bbox 290 1655 1771 1729">
    <p class='ocr_par' dir='ltr' id='par_1_14' title="bbox 290 1655 1771 1729">
     <span class='ocr_line' id='line_1_14' title="bbox 290 1655 1771 1729; baseline -0.002 -15"><span class='ocrx_word' id='word_1_72' title='bbox 290 1659 377 1715; x_wconf 89' lang='lat'><strong>98.</strong></span> <span class='ocrx_word' id='word_1_73' title='bbox 408 1659 489 1713; x_wconf 84' lang='grc' dir='ltr'><strong>Τὰ</strong></span> <span class='ocrx_word' id='word_1_74' title='bbox 518 1658 855 1729; x_wconf 75' lang='grc' dir='ltr'>δικαιώματά</span> <span class='ocrx_word' id='word_1_75' title='bbox 884 1674 999 1724; x_wconf 87' lang='grc' dir='ltr'>σου,</span> <span class='ocrx_word' id='word_1_76' title='bbox 1043 1666 1150 1713; x_wconf 90' lang='lat' dir='ltr'><strong>etc.</strong></span> <span class='ocrx_word' id='word_1_77' title='bbox 1184 1655 1605 1713; x_wconf 80' lang='lat' dir='ltr'><strong>Justiticationes</strong></span> <span class='ocrx_word' id='word_1_78' title='bbox 1632 1665 1771 1719; x_wconf 88' lang='lat' dir='ltr'><strong>tuas.</strong></span> 
     </span>
    </p>
   </div>
   <div class='ocr_carea' id='block_1_15' title="bbox 215 1760 321 1805">
    <p class='ocr_par' dir='ltr' id='par_1_15' title="bbox 215 1760 321 1805">
     <span class='ocr_line' id='line_1_15' title="bbox 215 1760 321 1805; baseline 0.019 -2"><span class='ocrx_word' id='word_1_79' title='bbox 215 1760 321 1805; x_wconf 85' lang='lat' dir='ltr'><strong>etc.</strong></span> 
     </span>
    </p>
   </div>
   <div class='ocr_carea' id='block_1_16' title="bbox 290 1840 1210 1907">
    <p class='ocr_par' dir='ltr' id='par_1_16' title="bbox 290 1840 1210 1907">
     <span class='ocr_line' id='line_1_16' title="bbox 290 1840 1210 1907; baseline -0.003 -11"><span class='ocrx_word' id='word_1_80' title='bbox 290 1842 375 1896; x_wconf 88' lang='lat'><strong>99.</strong></span> <span class='ocrx_word' id='word_1_81' title='bbox 408 1842 595 1904; x_wconf 76' lang='grc' dir='ltr'>Πόσαι,</span> <span class='ocrx_word' id='word_1_82' title='bbox 618 1850 718 1896; x_wconf 89' lang='lat' dir='ltr'><strong>etc.</strong></span> <span class='ocrx_word' id='word_1_83' title='bbox 749 1840 893 1906; x_wconf 86' lang='lat' dir='ltr'><strong>Quot</strong></span> <span class='ocrx_word' id='word_1_84' title='bbox 925 1849 1072 1907; x_wconf 89' lang='lat' dir='ltr'><strong>sunt,</strong></span> <span class='ocrx_word' id='word_1_85' title='bbox 1104 1848 1210 1895; x_wconf 89' lang='lat' dir='ltr'><strong>etc.</strong></span> 
     </span>
    </p>
   </div>
   <div class='ocr_carea' id='block_1_17' title="bbox 1075 438 2565 499">
    <p class='ocr_par' dir='ltr' id='par_1_17' title="bbox 1075 438 2565 499">
     <span class='ocr_line' id='line_1_17' title="bbox 1075 438 2565 499; baseline 0.002 -6"><span class='ocrx_word' id='word_1_86' title='bbox 1075 438 1163 493; x_wconf 85' lang='lat' dir='ltr'><strong>DE</strong></span> <span class='ocrx_word' id='word_1_87' title='bbox 1197 439 1471 496; x_wconf 77' lang='lat' dir='ltr'><strong>TITULIS</strong></span> <span class='ocrx_word' id='word_1_88' title='bbox 1507 440 1952 499; x_wconf 72' lang='lat' dir='ltr'><strong>PSALMORUM.</strong></span> <span class='ocrx_word' id='word_1_89' title='bbox 1988 473 2061 484; x_wconf 97' lang='lat'><em>—</em></span> <span class='ocrx_word' id='word_1_90' title='bbox 2097 440 2291 498; x_wconf 72' lang='lat' dir='ltr'><strong>PSAL.</strong></span> <span class='ocrx_word' id='word_1_91' title='bbox 2329 440 2565 497; x_wconf 75' lang='lat' dir='ltr'><strong>CXVIII.</strong></span> 
     </span>
    </p>
   </div>
   <div class='ocr_carea' id='block_1_18' title="bbox 1807 556 3171 624">
    <p class='ocr_par' dir='ltr' id='par_1_18' title="bbox 1807 556 3171 624">
     <span class='ocr_line' id='line_1_18' title="bbox 1807 556 3171 624; baseline 0.001 -11"><span class='ocrx_word' id='word_1_92' title='bbox 1807 565 1853 619; x_wconf 75' lang='grc' dir='ltr'><strong>Δ</strong></span> <span class='ocrx_word' id='word_1_93' title='bbox 1950 558 2072 613; x_wconf 78' lang='grc'>105.</span> <span class='ocrx_word' id='word_1_94' title='bbox 2099 559 2192 622; x_wconf 80' lang='grc' dir='ltr'><strong>Εἰς</strong></span> <span class='ocrx_word' id='word_1_95' title='bbox 2216 560 2305 611; x_wconf 79' lang='grc' dir='ltr'>τὸν</span> <span class='ocrx_word' id='word_1_96' title='bbox 2335 556 2525 623; x_wconf 79' lang='grc' dir='ltr'>αἰῶνα,</span> <span class='ocrx_word' id='word_1_97' title='bbox 2552 567 2654 614; x_wconf 89' lang='lat' dir='ltr'><strong>etc.</strong></span> <span class='ocrx_word' id='word_1_98' title='bbox 2683 559 2737 613; x_wconf 91' lang='lat' dir='ltr'><strong>ln</strong></span> <span class='ocrx_word' id='word_1_99' title='bbox 2764 568 3044 624; x_wconf 71' lang='lat' dir='ltr'><strong>aeternum,</strong></span> <span class='ocrx_word' id='word_1_100' title='bbox 3069 572 3171 615; x_wconf 87' lang='lat' dir='ltr'><strong>etc.</strong></span> 
     </span>
    </p>
   </div>
   <div class='ocr_carea' id='block_1_19' title="bbox 3293 440 3432 497">
    <p class='ocr_par' dir='ltr' id='par_1_19' title="bbox 3293 440 3432 497">
     <span class='ocr_line' id='line_1_19' title="bbox 3293 440 3432 497; baseline -0.022 0"><span class='ocrx_word' id='word_1_101' title='bbox 3293 440 3432 497; x_wconf 69' lang='lat' dir='ltr'><strong>12M</strong></span> 
     </span>
    </p>
   </div>
   <div class='ocr_carea' id='block_1_20' title="bbox 1951 646 3231 719">
    <p class='ocr_par' dir='ltr' id='par_1_20' title="bbox 1951 646 3231 719">
     <span class='ocr_line' id='line_1_20' title="bbox 1951 646 3231 719; baseline 0.003 -17"><span class='ocrx_word' id='word_1_102' title='bbox 1951 648 2070 702; x_wconf 94' lang='grc'>106.</span> <span class='ocrx_word' id='word_1_103' title='bbox 2098 648 2192 710; x_wconf 80' lang='lat' dir='ltr'><strong>Et;</strong></span> <span class='ocrx_word' id='word_1_104' title='bbox 2220 646 2431 716; x_wconf 83' lang='grc' dir='ltr'>γενεὰν,</span> <span class='ocrx_word' id='word_1_105' title='bbox 2461 657 2566 702; x_wconf 89' lang='lat' dir='ltr'><strong>etc.</strong></span> <span class='ocrx_word' id='word_1_106' title='bbox 2593 646 2650 701; x_wconf 82' lang='lat' dir='ltr'><strong>In</strong></span> <span class='ocrx_word' id='word_1_107' title='bbox 2681 649 3103 719; x_wconf 77' lang='lat' dir='ltr'><strong>generationem,</strong></span> <span class='ocrx_word' id='word_1_108' title='bbox 3129 663 3231 706; x_wconf 90' lang='lat' dir='ltr'><strong>etc.</strong></span> 
     </span>
    </p>
   </div>
   <div class='ocr_carea' id='block_1_21' title="bbox 1950 737 3108 807">
    <p class='ocr_par' dir='ltr' id='par_1_21' title="bbox 1950 737 3108 807">
     <span class='ocr_line' id='line_1_21' title="bbox 1950 737 3108 807; baseline 0.003 -16"><span class='ocrx_word' id='word_1_109' title='bbox 1950 738 2068 792; x_wconf 87' lang='grc'>107.</span> <span class='ocrx_word' id='word_1_110' title='bbox 2113 738 2525 807; x_wconf 80' lang='grc' dir='ltr'>Ἐθεμελίωσας,</span> <span class='ocrx_word' id='word_1_111' title='bbox 2556 746 2660 793; x_wconf 89' lang='lat' dir='ltr'><strong>etc.</strong></span> <span class='ocrx_word' id='word_1_112' title='bbox 2695 737 2974 803; x_wconf 85' lang='lat' dir='ltr'><strong>Fundasti,</strong></span> <span class='ocrx_word' id='word_1_113' title='bbox 3002 750 3108 794; x_wconf 91' lang='lat' dir='ltr'><strong>etc.</strong></span> 
     </span>
    </p>
   </div>
   <div class='ocr_carea' id='block_1_22' title="bbox 1948 826 3115 899">
    <p class='ocr_par' dir='ltr' id='par_1_22' title="bbox 1948 826 3115 899">
     <span class='ocr_line' id='line_1_22' title="bbox 1948 826 3115 899; baseline 0.003 -18"><span class='ocrx_word' id='word_1_114' title='bbox 1948 828 2066 882; x_wconf 92' lang='grc'>108.</span> <span class='ocrx_word' id='word_1_115' title='bbox 2095 828 2172 899; x_wconf 83' lang='grc' dir='ltr'><strong>Τῇ</strong></span> <span class='ocrx_word' id='word_1_116' title='bbox 2194 827 2451 893; x_wconf 75' lang='grc' dir='ltr'><strong>διατάξει,</strong></span> <span class='ocrx_word' id='word_1_117' title='bbox 2478 837 2582 882; x_wconf 87' lang='lat' dir='ltr'><strong>etc.</strong></span> <span class='ocrx_word' id='word_1_118' title='bbox 2609 826 2979 897; x_wconf 83' lang='lat' dir='ltr'><strong>Ordinatione,</strong></span> <span class='ocrx_word' id='word_1_119' title='bbox 3008 839 3115 885; x_wconf 88' lang='lat' dir='ltr'><strong>etc.</strong></span> 
     </span>
    </p>
   </div>
   <div class='ocr_carea' id='block_1_23' title="bbox 1948 917 2722 989">
    <p class='ocr_par' dir='ltr' id='par_1_23' title="bbox 1948 917 2722 989">
     <span class='ocr_line' id='line_1_23' title="bbox 1948 917 2722 989; baseline 0.003 -18"><span class='ocrx_word' id='word_1_120' title='bbox 1948 918 2067 973; x_wconf 89' lang='grc'>109.</span> <span class='ocrx_word' id='word_1_121' title='bbox 2096 920 2158 971; x_wconf 81' lang='lat' dir='ltr'><strong>Et</strong></span> <span class='ocrx_word' id='word_1_122' title='bbox 2194 920 2292 989; x_wconf 89' lang='grc' dir='ltr'><strong>μή,</strong></span> <span class='ocrx_word' id='word_1_123' title='bbox 2318 927 2425 975; x_wconf 86' lang='lat' dir='ltr'><strong>etc.</strong></span> <span class='ocrx_word' id='word_1_124' title='bbox 2457 917 2590 983; x_wconf 84' lang='lat' dir='ltr'><strong>Nisi,</strong></span> <span class='ocrx_word' id='word_1_125' title='bbox 2618 928 2722 973; x_wconf 91' lang='lat' dir='ltr'><strong>etc.</strong></span> 
     </span>
    </p>
   </div>
   <div class='ocr_carea' id='block_1_24' title="bbox 1946 1008 3000 1073">
    <p class='ocr_par' dir='ltr' id='par_1_24' title="bbox 1946 1008 3000 1073">
     <span class='ocr_line' id='line_1_24' title="bbox 1946 1008 3000 1073; baseline -0.001 -9"><span class='ocrx_word' id='word_1_126' title='bbox 1946 1010 2066 1064; x_wconf 88' lang='lat'><strong>“0.</strong></span> <span class='ocrx_word' id='word_1_127' title='bbox 2097 1010 2189 1071; x_wconf 82' lang='lat' dir='ltr'><strong>Et;</strong></span> <span class='ocrx_word' id='word_1_128' title='bbox 2218 1010 2329 1073; x_wconf 77' lang='grc' dir='ltr'>τόν,</span> <span class='ocrx_word' id='word_1_129' title='bbox 2364 1020 2466 1064; x_wconf 89' lang='lat' dir='ltr'><strong>etc.</strong></span> <span class='ocrx_word' id='word_1_130' title='bbox 2499 1008 2554 1062; x_wconf 85' lang='lat' dir='ltr'><strong>in</strong></span> <span class='ocrx_word' id='word_1_131' title='bbox 2586 1018 2869 1073; x_wconf 67' lang='lat' dir='ltr'><strong>aeternum,</strong></span> <span class='ocrx_word' id='word_1_132' title='bbox 2895 1018 3000 1065; x_wconf 87' lang='lat' dir='ltr'><strong>etc.</strong></span> 
     </span>
    </p>
   </div>
   <div class='ocr_carea' id='block_1_25' title="bbox 1946 1100 2975 1170">
    <p class='ocr_par' dir='ltr' id='par_1_25' title="bbox 1946 1100 2975 1170">
     <span class='ocr_line' id='line_1_25' title="bbox 1946 1100 2975 1170; baseline 0.001 -17"><span class='ocrx_word' id='word_1_133' title='bbox 1946 1100 2063 1153; x_wconf 89' lang='lat' dir='ltr'><strong>“l.</strong></span> <span class='ocrx_word' id='word_1_134' title='bbox 2092 1100 2189 1163; x_wconf 75' lang='grc' dir='ltr'>Σὸς</span> <span class='ocrx_word' id='word_1_135' title='bbox 2216 1101 2351 1170; x_wconf 75' lang='grc' dir='ltr'>εἰμι,</span> <span class='ocrx_word' id='word_1_136' title='bbox 2379 1110 2485 1156; x_wconf 88' lang='lat' dir='ltr'><strong>etc.</strong></span> <span class='ocrx_word' id='word_1_137' title='bbox 2519 1100 2669 1155; x_wconf 85' lang='lat' dir='ltr'><strong>Tuus</strong></span> <span class='ocrx_word' id='word_1_138' title='bbox 2694 1115 2835 1166; x_wconf 87' lang='lat' dir='ltr'><strong>sum,</strong></span> <span class='ocrx_word' id='word_1_139' title='bbox 2871 1112 2975 1154; x_wconf 88' lang='lat' dir='ltr'><strong>etc.</strong></span> 
     </span>
    </p>
   </div>
   <div class='ocr_carea' id='block_1_26' title="bbox 1946 1192 3135 1261">
    <p class='ocr_par' dir='ltr' id='par_1_26' title="bbox 1946 1192 3135 1261">
     <span class='ocr_line' id='line_1_26' title="bbox 1946 1192 3135 1261; baseline 0 -16"><span class='ocrx_word' id='word_1_140' title='bbox 1946 1192 2064 1246; x_wconf 79' lang='grc'>112.</span> <span class='ocrx_word' id='word_1_141' title='bbox 2107 1192 2256 1261; x_wconf 79' lang='grc' dir='ltr'>Ἐμέ,</span> <span class='ocrx_word' id='word_1_142' title='bbox 2292 1202 2396 1247; x_wconf 90' lang='lat' dir='ltr'><strong>etc.</strong></span> <span class='ocrx_word' id='word_1_143' title='bbox 2425 1193 2508 1247; x_wconf 81' lang='lat' dir='ltr'><strong>Me</strong></span> <span class='ocrx_word' id='word_1_144' title='bbox 2540 1202 3001 1259; x_wconf 82' lang='lat' dir='ltr'><strong>exspectaverunt,</strong></span> <span class='ocrx_word' id='word_1_145' title='bbox 3030 1200 3135 1249; x_wconf 85' lang='lat' dir='ltr'><strong>etc.</strong></span> 
     </span>
    </p>
   </div>
   <div class='ocr_carea' id='block_1_27' title="bbox 1946 1284 2800 1355">
    <p class='ocr_par' dir='ltr' id='par_1_27' title="bbox 1946 1284 2800 1355">
     <span class='ocr_line' id='line_1_27' title="bbox 1946 1284 2800 1355; baseline 0.001 -18"><span class='ocrx_word' id='word_1_146' title='bbox 1946 1284 2064 1338; x_wconf 94' lang='grc'>115.</span> <span class='ocrx_word' id='word_1_147' title='bbox 2094 1284 2300 1355; x_wconf 75' lang='grc' dir='ltr'>Πάσης,</span> <span class='ocrx_word' id='word_1_148' title='bbox 2330 1293 2435 1339; x_wconf 90' lang='lat' dir='ltr'><strong>etc.</strong></span> <span class='ocrx_word' id='word_1_149' title='bbox 2465 1285 2673 1346; x_wconf 88' lang='lat' dir='ltr'><strong>Omnis.</strong></span> <span class='ocrx_word' id='word_1_150' title='bbox 2696 1297 2800 1339; x_wconf 88' lang='lat' dir='ltr'><strong>etc.</strong></span> 
     </span>
    </p>
   </div>
   <div class='ocr_carea' id='block_1_28' title="bbox 1944 1374 2850 1441">
    <p class='ocr_par' dir='ltr' id='par_1_28' title="bbox 1944 1374 2850 1441">
     <span class='ocr_line' id='line_1_28' title="bbox 1944 1374 2850 1441; baseline 0 -12"><span class='ocrx_word' id='word_1_151' title='bbox 1944 1376 2064 1429; x_wconf 73' lang='grc'>114.</span> <span class='ocrx_word' id='word_1_152' title='bbox 2096 1375 2345 1441; x_wconf 84' lang='grc' dir='ltr'>Πλατεία,</span> <span class='ocrx_word' id='word_1_153' title='bbox 2369 1386 2473 1430; x_wconf 90' lang='lat' dir='ltr'><strong>etc.</strong></span> <span class='ocrx_word' id='word_1_154' title='bbox 2503 1374 2718 1439; x_wconf 82' lang='lat' dir='ltr'><strong>Latum,</strong></span> <span class='ocrx_word' id='word_1_155' title='bbox 2749 1386 2850 1430; x_wconf 89' lang='lat' dir='ltr'><strong>etc.</strong></span> 
     </span>
    </p>
   </div>
   <div class='ocr_carea' id='block_1_29' title="bbox 1945 1466 2808 1531">
    <p class='ocr_par' dir='ltr' id='par_1_29' title="bbox 1945 1466 2808 1531">
     <span class='ocr_line' id='line_1_29' title="bbox 1945 1466 2808 1531; baseline -0.002 -11"><span class='ocrx_word' id='word_1_156' title='bbox 1945 1468 2064 1520; x_wconf 81' lang='lat'><strong>“5.</strong></span> <span class='ocrx_word' id='word_1_157' title='bbox 2106 1467 2209 1529; x_wconf 81' lang='grc' dir='ltr'>Ὧς,</span> <span class='ocrx_word' id='word_1_158' title='bbox 2237 1476 2340 1520; x_wconf 90' lang='lat' dir='ltr'><strong>etc.</strong></span> <span class='ocrx_word' id='word_1_159' title='bbox 2371 1466 2674 1531; x_wconf 84' lang='lat' dir='ltr'><strong>Quomodo,</strong></span> <span class='ocrx_word' id='word_1_160' title='bbox 2704 1475 2808 1520; x_wconf 91' lang='lat' dir='ltr'><strong>ctc.</strong></span> 
     </span>
    </p>
   </div>
   <div class='ocr_carea' id='block_1_30' title="bbox 1945 1555 2752 1627">
    <p class='ocr_par' dir='ltr' id='par_1_30' title="bbox 1945 1555 2752 1627">
     <span class='ocr_line' id='line_1_30' title="bbox 1945 1555 2752 1627; baseline 0 -16"><span class='ocrx_word' id='word_1_161' title='bbox 1945 1557 2063 1611; x_wconf 87' lang='grc'>116.</span> <span class='ocrx_word' id='word_1_162' title='bbox 2095 1557 2281 1627; x_wconf 85' lang='grc' dir='ltr'>Ὅλην,</span> <span class='ocrx_word' id='word_1_163' title='bbox 2314 1566 2420 1611; x_wconf 86' lang='lat' dir='ltr'><strong>etc.</strong></span> <span class='ocrx_word' id='word_1_164' title='bbox 2454 1555 2611 1619; x_wconf 86' lang='lat' dir='ltr'><strong>Tota,</strong></span> <span class='ocrx_word' id='word_1_165' title='bbox 2648 1566 2752 1611; x_wconf 88' lang='lat' dir='ltr'><strong>etc.</strong></span> 
     </span>
    </p>
   </div>
   <div class='ocr_carea' id='block_1_31' title="bbox 1945 1643 3397 1718">
    <p class='ocr_par' dir='ltr' id='par_1_31' title="bbox 1945 1643 3397 1718">
     <span class='ocr_line' id='line_1_31' title="bbox 1945 1643 3397 1718; baseline -0.001 -18"><span class='ocrx_word' id='word_1_166' title='bbox 1945 1648 2065 1702; x_wconf 90' lang='lat'><strong>“7.</strong></span> <span class='ocrx_word' id='word_1_167' title='bbox 2104 1647 2272 1718; x_wconf 83' lang='grc' dir='ltr'>’Υπὲρ</span> <span class='ocrx_word' id='word_1_168' title='bbox 2304 1648 2462 1713; x_wconf 84' lang='grc' dir='ltr'>τούς,</span> <span class='ocrx_word' id='word_1_169' title='bbox 2508 1657 2635 1713; x_wconf 88' lang='lat' dir='ltr'><strong>etc.,</strong></span> <span class='ocrx_word' id='word_1_170' title='bbox 2679 1647 2783 1718; x_wconf 74' lang='grc' dir='ltr'><strong>ἐμή</strong></span> <span class='ocrx_word' id='word_1_171' title='bbox 2815 1647 2979 1699; x_wconf 75' lang='grc' dir='ltr'>ἐστιν.</span> <span class='ocrx_word' id='word_1_172' title='bbox 3029 1643 3202 1715; x_wconf 89' lang='lat' dir='ltr'><strong>Super</strong></span> <span class='ocrx_word' id='word_1_173' title='bbox 3246 1643 3397 1699; x_wconf 84' lang='lat' dir='ltr'><strong>inimi</strong></span> 
     </span>
    </p>
   </div>
   <div class='ocr_carea' id='block_1_32' title="bbox 1873 1746 2120 1803">
    <p class='ocr_par' dir='ltr' id='par_1_32' title="bbox 1873 1746 2120 1803">
     <span class='ocr_line' id='line_1_32' title="bbox 1873 1746 2120 1803; baseline -0.008 -10"><span class='ocrx_word' id='word_1_174' title='bbox 1873 1752 1987 1803; x_wconf 91' lang='lat' dir='ltr'><strong>cos,</strong></span> <span class='ocrx_word' id='word_1_175' title='bbox 2016 1746 2120 1791; x_wconf 90' lang='lat' dir='ltr'><strong>etc.</strong></span> 
     </span>
    </p>
   </div>
   <div class='ocr_carea' id='block_1_33' title="bbox 1944 1828 3241 1901">
    <p class='ocr_par' dir='ltr' id='par_1_33' title="bbox 1944 1828 3241 1901">
     <span class='ocr_line' id='line_1_33' title="bbox 1944 1828 3241 1901; baseline -0.001 -19"><span class='ocrx_word' id='word_1_176' title='bbox 1944 1830 2062 1883; x_wconf 92' lang='lat'><strong>“8.</strong></span> <span class='ocrx_word' id='word_1_177' title='bbox 2102 1830 2273 1901; x_wconf 78' lang='grc' dir='ltr'>’Υπὲρ</span> <span class='ocrx_word' id='word_1_178' title='bbox 2303 1830 2529 1895; x_wconf 82' lang='grc' dir='ltr'><strong>πάντας,</strong></span> <span class='ocrx_word' id='word_1_179' title='bbox 2556 1839 2661 1884; x_wconf 88' lang='lat' dir='ltr'><strong>etc.</strong></span> <span class='ocrx_word' id='word_1_180' title='bbox 2695 1828 2867 1899; x_wconf 84' lang='lat' dir='ltr'><strong>Super</strong></span> <span class='ocrx_word' id='word_1_181' title='bbox 2892 1843 3100 1890; x_wconf 89' lang='lat' dir='ltr'><strong>omnes.</strong></span> <span class='ocrx_word' id='word_1_182' title='bbox 3137 1839 3241 1883; x_wconf 88' lang='lat' dir='ltr'><strong>etc.</strong></span> 
     </span>
    </p>
   </div>
   <div class='ocr_carea' id='block_1_34' title="bbox 292 1902 1766 2003">
    <p class='ocr_par' dir='ltr' id='par_1_34' title="bbox 292 1902 1766 2003">
     <span class='ocr_line' id='line_1_34' title="bbox 292 1902 1766 2003; baseline 0.001 -19"><span class='ocrx_word' id='word_1_183' title='bbox 292 1931 413 1984; x_wconf 91' lang='grc'>100.</span> <span class='ocrx_word' id='word_1_184' title='bbox 445 1902 793 2003; x_wconf 32' lang='grc' dir='ltr'>Διηγῆσαντόν</span> <span class='ocrx_word' id='word_1_185' title='bbox 810 1949 898 2001; x_wconf 90' lang='grc' dir='ltr'>μοι</span> <span class='ocrx_word' id='word_1_186' title='bbox 917 1971 933 1994; x_wconf 95' lang='grc'><strong>,</strong></span> <span class='ocrx_word' id='word_1_187' title='bbox 964 1902 1092 1994; x_wconf 68' lang='lat' dir='ltr'><strong>etc.,</strong></span> <span class='ocrx_word' id='word_1_188' title='bbox 1123 1931 1461 2002; x_wconf 83' lang='grc' dir='ltr'>ἀδολεσχίαν,</span> <span class='ocrx_word' id='word_1_189' title='bbox 1498 1940 1601 1987; x_wconf 80' lang='grc' dir='ltr'>ειι.</span> <span class='ocrx_word' id='word_1_190' title='bbox 1632 1930 1766 1986; x_wconf 82' lang='lat' dir='ltr'><strong>Nar-</strong></span> 
     </span>
    </p>
   </div>
   <div class='ocr_carea' id='block_1_35' title="bbox 1859 1902 2987 2003">
    <p class='ocr_par' dir='ltr' id='par_1_35' title="bbox 1942 1920 2987 1992">
     <span class='ocr_line' id='line_1_35' title="bbox 1942 1920 2987 1992; baseline -0.001 -17"><span class='ocrx_word' id='word_1_191' title='bbox 1942 1922 2060 1976; x_wconf 89' lang='lat'><strong>“9.</strong></span> <span class='ocrx_word' id='word_1_192' title='bbox 2100 1922 2291 1992; x_wconf 80' lang='grc' dir='ltr'>Ύπέρ,</span> <span class='ocrx_word' id='word_1_193' title='bbox 2329 1930 2434 1976; x_wconf 91' lang='lat' dir='ltr'><strong>etc.</strong></span> <span class='ocrx_word' id='word_1_194' title='bbox 2466 1920 2641 1990; x_wconf 82' lang='lat' dir='ltr'><strong>Super</strong></span> <span class='ocrx_word' id='word_1_195' title='bbox 2673 1937 2850 1983; x_wconf 90' lang='lat' dir='ltr'><strong>senes,</strong></span> <span class='ocrx_word' id='word_1_196' title='bbox 2883 1930 2987 1975; x_wconf 91' lang='lat' dir='ltr'><strong>etc.</strong></span> 
     </span>
    </p>
   </div>
   <div class='ocr_carea' id='block_1_36' title="bbox 216 2021 1387 2089">
    <p class='ocr_par' dir='ltr' id='par_1_36' title="bbox 216 2021 1387 2089">
     <span class='ocr_line' id='line_1_36' title="bbox 216 2021 1387 2089; baseline 0.003 -17"><span class='ocrx_word' id='word_1_197' title='bbox 216 2031 474 2076; x_wconf 83' lang='lat' dir='ltr'><strong>raverunt</strong></span> <span class='ocrx_word' id='word_1_198' title='bbox 506 2022 658 2087; x_wconf 84' lang='lat' dir='ltr'><strong>mihi,</strong></span> <span class='ocrx_word' id='word_1_199' title='bbox 692 2032 819 2088; x_wconf 93' lang='lat' dir='ltr'><strong>etc.,</strong></span> <span class='ocrx_word' id='word_1_200' title='bbox 845 2021 1250 2089; x_wconf 71' lang='lat' dir='ltr'><strong>tabulationem,</strong></span> <span class='ocrx_word' id='word_1_201' title='bbox 1283 2033 1387 2078; x_wconf 92' lang='lat' dir='ltr'><strong>etc.</strong></span> 
     </span>
    </p>
   </div>
   <div class='ocr_carea' id='block_1_37' title="bbox 294 2112 1159 2179">
    <p class='ocr_par' dir='ltr' id='par_1_37' title="bbox 294 2112 1159 2179">
     <span class='ocr_line' id='line_1_37' title="bbox 294 2112 1159 2179; baseline 0.003 -13"><span class='ocrx_word' id='word_1_202' title='bbox 294 2112 411 2167; x_wconf 87' lang='grc'>101.</span> <span class='ocrx_word' id='word_1_203' title='bbox 445 2114 642 2179; x_wconf 83' lang='grc' dir='ltr'>Πᾶσαι,</span> <span class='ocrx_word' id='word_1_204' title='bbox 667 2125 771 2170; x_wconf 90' lang='lat' dir='ltr'><strong>etc.</strong></span> <span class='ocrx_word' id='word_1_205' title='bbox 806 2113 1019 2178; x_wconf 80' lang='lat' dir='ltr'><strong>Omnia,</strong></span> <span class='ocrx_word' id='word_1_206' title='bbox 1053 2124 1159 2169; x_wconf 86' lang='lat' dir='ltr'><strong>etc.</strong></span> 
     </span>
    </p>
   </div>
   <div class='ocr_carea' id='block_1_38' title="bbox 290 2204 1774 2279">
    <p class='ocr_par' dir='ltr' id='par_1_38' title="bbox 290 2204 1774 2279">
     <span class='ocr_line' id='line_1_38' title="bbox 290 2204 1774 2279; baseline 0.004 -21"><span class='ocrx_word' id='word_1_207' title='bbox 290 2204 411 2259; x_wconf 80' lang='grc'>102.</span> <span class='ocrx_word' id='word_1_208' title='bbox 452 2206 694 2271; x_wconf 80' lang='grc' dir='ltr'>Ἀδίκως,</span> <span class='ocrx_word' id='word_1_209' title='bbox 722 2217 848 2272; x_wconf 88' lang='lat' dir='ltr'><strong>etc.,</strong></span> <span class='ocrx_word' id='word_1_210' title='bbox 869 2207 1135 2276; x_wconf 73' lang='grc' dir='ltr'>βοήθησον</span> <span class='ocrx_word' id='word_1_211' title='bbox 1164 2224 1252 2277; x_wconf 90' lang='grc' dir='ltr'>με,</span> <span class='ocrx_word' id='word_1_212' title='bbox 1280 2216 1384 2262; x_wconf 90' lang='lat' dir='ltr'><strong>etc.</strong></span> <span class='ocrx_word' id='word_1_213' title='bbox 1410 2207 1619 2279; x_wconf 88' lang='lat' dir='ltr'><strong>Inique,</strong></span> <span class='ocrx_word' id='word_1_214' title='bbox 1642 2217 1774 2274; x_wconf 88' lang='lat' dir='ltr'><strong>etc.,</strong></span> 
     </span>
    </p>
   </div>
   <div class='ocr_carea' id='block_1_39' title="bbox 213 2297 554 2367">
    <p class='ocr_par' dir='ltr' id='par_1_39' title="bbox 213 2297 554 2367">
     <span class='ocr_line' id='line_1_39' title="bbox 213 2297 554 2367; baseline 0.003 -15"><span class='ocrx_word' id='word_1_215' title='bbox 213 2297 414 2367; x_wconf 73' lang='lat' dir='ltr'><strong>adjnva</strong></span> <span class='ocrx_word' id='word_1_216' title='bbox 449 2314 554 2353; x_wconf 84' lang='lat' dir='ltr'><strong>me.</strong></span> 
     </span>
    </p>
   </div>
   <div class='ocr_carea' id='block_1_40' title="bbox 288 2387 1293 2458">
    <p class='ocr_par' dir='ltr' id='par_1_40' title="bbox 288 2387 1293 2458">
     <span class='ocr_line' id='line_1_40' title="bbox 288 2387 1293 2458; baseline 0.004 -16"><span class='ocrx_word' id='word_1_217' title='bbox 288 2388 410 2443; x_wconf 87' lang='grc'>105.</span> <span class='ocrx_word' id='word_1_218' title='bbox 438 2390 614 2458; x_wconf 68' lang='grc' dir='ltr'>Παρὰ,</span> <span class='ocrx_word' id='word_1_219' title='bbox 641 2399 744 2443; x_wconf 86' lang='lat' dir='ltr'><strong>etc.</strong></span> <span class='ocrx_word' id='word_1_220' title='bbox 774 2388 939 2443; x_wconf 87' lang='lat' dir='ltr'><strong>Paulo</strong></span> <span class='ocrx_word' id='word_1_221' title='bbox 968 2387 1166 2454; x_wconf 88' lang='lat' dir='ltr'><strong>minus,</strong></span> <span class='ocrx_word' id='word_1_222' title='bbox 1193 2399 1293 2446; x_wconf 90' lang='lat' dir='ltr'><strong>etc.</strong></span> 
     </span>
    </p>
   </div>
   <div class='ocr_carea' id='block_1_41' title="bbox 289 2478 1230 2547">
    <p class='ocr_par' dir='ltr' id='par_1_41' title="bbox 289 2478 1230 2547">
     <span class='ocr_line' id='line_1_41' title="bbox 289 2478 1230 2547; baseline 0 -14"><span class='ocrx_word' id='word_1_223' title='bbox 289 2478 410 2533; x_wconf 70' lang='grc'>104.</span> <span class='ocrx_word' id='word_1_224' title='bbox 436 2481 609 2543; x_wconf 82' lang='grc' dir='ltr'>Κατά,</span> <span class='ocrx_word' id='word_1_225' title='bbox 636 2488 738 2534; x_wconf 87' lang='lat' dir='ltr'><strong>etc.</strong></span> <span class='ocrx_word' id='word_1_226' title='bbox 768 2479 1098 2547; x_wconf 86' lang='lat' dir='ltr'><strong>Secundum,</strong></span> <span class='ocrx_word' id='word_1_227' title='bbox 1127 2493 1230 2535; x_wconf 86' lang='lat' dir='ltr'><strong>etc.</strong></span> 
     </span>
    </p>
   </div>
   <div class='ocr_carea' id='block_1_42' title="bbox 1936 2010 3133 2083">
    <p class='ocr_par' dir='ltr' id='par_1_42' title="bbox 1936 2010 3133 2083">
     <span class='ocr_line' id='line_1_42' title="bbox 1936 2010 3133 2083; baseline -0.001 -19"><span class='ocrx_word' id='word_1_228' title='bbox 1936 2010 2056 2064; x_wconf 89' lang='grc'>120.</span> <span class='ocrx_word' id='word_1_229' title='bbox 2099 2012 2193 2065; x_wconf 85' lang='grc' dir='ltr'>Ἐκ</span> <span class='ocrx_word' id='word_1_230' title='bbox 2227 2012 2427 2083; x_wconf 64' lang='grc' dir='ltr'>πάσης,</span> <span class='ocrx_word' id='word_1_231' title='bbox 2456 2022 2560 2066; x_wconf 88' lang='lat' dir='ltr'><strong>etc.</strong></span> <span class='ocrx_word' id='word_1_232' title='bbox 2596 2012 2679 2064; x_wconf 81' lang='lat' dir='ltr'><strong>Ab</strong></span> <span class='ocrx_word' id='word_1_233' title='bbox 2709 2011 2856 2064; x_wconf 90' lang='lat' dir='ltr'><strong>onmi</strong></span> <span class='ocrx_word' id='word_1_234' title='bbox 2886 2010 2994 2075; x_wconf 88' lang='lat' dir='ltr'><strong>via,</strong></span> <span class='ocrx_word' id='word_1_235' title='bbox 3028 2018 3133 2063; x_wconf 87' lang='lat' dir='ltr'><strong>etc.</strong></span> 
     </span>
    </p>
   </div>
   <div class='ocr_carea' id='block_1_43' title="bbox 1936 2099 3007 2168">
    <p class='ocr_par' dir='ltr' id='par_1_43' title="bbox 1936 2099 3007 2168">
     <span class='ocr_line' id='line_1_43' title="bbox 1936 2099 3007 2168; baseline -0.002 -14"><span class='ocrx_word' id='word_1_236' title='bbox 1936 2101 2059 2156; x_wconf 90' lang='grc'>121.</span> <span class='ocrx_word' id='word_1_237' title='bbox 2096 2101 2227 2154; x_wconf 72' lang='grc' dir='ltr'>Ἀπὸ</span> <span class='ocrx_word' id='word_1_238' title='bbox 2258 2101 2388 2165; x_wconf 81' lang='grc' dir='ltr'>τῶν,</span> <span class='ocrx_word' id='word_1_239' title='bbox 2418 2111 2521 2155; x_wconf 90' lang='lat' dir='ltr'><strong>etc.</strong></span> <span class='ocrx_word' id='word_1_240' title='bbox 2556 2100 2600 2153; x_wconf 80' lang='grc' dir='ltr'>Α</span> <span class='ocrx_word' id='word_1_241' title='bbox 2629 2099 2873 2168; x_wconf 83' lang='lat' dir='ltr'><strong>judiciis,</strong></span> <span class='ocrx_word' id='word_1_242' title='bbox 2902 2106 3007 2152; x_wconf 85' lang='lat' dir='ltr'><strong>etc.</strong></span> 
     </span>
    </p>
   </div>
   <div class='ocr_carea' id='block_1_44' title="bbox 1937 2192 2901 2259">
    <p class='ocr_par' dir='ltr' id='par_1_44' title="bbox 1937 2192 2901 2259">
     <span class='ocr_line' id='line_1_44' title="bbox 1937 2192 2901 2259; baseline -0.001 -13"><span class='ocrx_word' id='word_1_243' title='bbox 1937 2192 2058 2247; x_wconf 89' lang='grc'>122.</span> <span class='ocrx_word' id='word_1_244' title='bbox 2093 2194 2197 2256; x_wconf 81' lang='grc' dir='ltr'>Ὡς,</span> <span class='ocrx_word' id='word_1_245' title='bbox 2229 2200 2333 2248; x_wconf 87' lang='lat' dir='ltr'><strong>etc.</strong></span> <span class='ocrx_word' id='word_1_246' title='bbox 2364 2192 2538 2259; x_wconf 87' lang='lat' dir='ltr'><strong>Quam</strong></span> <span class='ocrx_word' id='word_1_247' title='bbox 2567 2193 2767 2256; x_wconf 86' lang='lat' dir='ltr'><strong>dulcia,</strong></span> <span class='ocrx_word' id='word_1_248' title='bbox 2797 2201 2901 2245; x_wconf 92' lang='lat' dir='ltr'><strong>etc.</strong></span> 
     </span>
    </p>
   </div>
   <div class='ocr_carea' id='block_1_45' title="bbox 1937 2282 3041 2349">
    <p class='ocr_par' dir='ltr' id='par_1_45' title="bbox 1937 2282 3041 2349">
     <span class='ocr_line' id='line_1_45' title="bbox 1937 2282 3041 2349; baseline -0.005 -9"><span class='ocrx_word' id='word_1_249' title='bbox 1937 2286 2057 2340; x_wconf 88' lang='grc'>125.</span> <span class='ocrx_word' id='word_1_250' title='bbox 2096 2285 2225 2338; x_wconf 80' lang='grc' dir='ltr'><strong>’Λπὸ</strong></span> <span class='ocrx_word' id='word_1_251' title='bbox 2254 2286 2385 2349; x_wconf 85' lang='grc' dir='ltr'>τῶν,</span> <span class='ocrx_word' id='word_1_252' title='bbox 2411 2294 2514 2339; x_wconf 86' lang='lat' dir='ltr'><strong>etc.</strong></span> <span class='ocrx_word' id='word_1_253' title='bbox 2546 2284 2589 2337; x_wconf 78' lang='grc' dir='ltr'><strong>Α</strong></span> <span class='ocrx_word' id='word_1_254' title='bbox 2623 2282 2909 2347; x_wconf 81' lang='lat' dir='ltr'><strong>mandatis,</strong></span> <span class='ocrx_word' id='word_1_255' title='bbox 2937 2290 3041 2337; x_wconf 91' lang='lat' dir='ltr'><strong>etc.</strong></span> 
     </span>
    </p>
   </div>
   <div class='ocr_carea' id='block_1_46' title="bbox 1945 2376 2853 2449">
    <p class='ocr_par' dir='ltr' id='par_1_46' title="bbox 1945 2376 2853 2449">
     <span class='ocr_line' id='line_1_46' title="bbox 1945 2376 2853 2449; baseline -0.001 -17"><span class='ocrx_word' id='word_1_256' title='bbox 1945 2378 2064 2434; x_wconf 70' lang='grc'>124.</span> <span class='ocrx_word' id='word_1_257' title='bbox 2095 2379 2318 2449; x_wconf 78' lang='grc' dir='ltr'><strong>Λύχνος,</strong></span> <span class='ocrx_word' id='word_1_258' title='bbox 2349 2388 2453 2435; x_wconf 90' lang='lat' dir='ltr'><strong>etc.</strong></span> <span class='ocrx_word' id='word_1_259' title='bbox 2482 2376 2745 2442; x_wconf 88' lang='lat' dir='ltr'><strong>Lucerna,</strong></span> <span class='ocrx_word' id='word_1_260' title='bbox 2767 2386 2853 2431; x_wconf 86' lang='lat' dir='ltr'><strong>etc</strong></span> 
     </span>
    </p>
   </div>
   <div class='ocr_carea' id='block_1_47' title="bbox 1290 2570 2281 2635">
    <p class='ocr_par' dir='ltr' id='par_1_47' title="bbox 1290 2570 2281 2635">
     <span class='ocr_line' id='line_1_47' title="bbox 1290 2570 2281 2635; baseline 0.009 -9"><span class='ocrx_word' id='word_1_261' title='bbox 1290 2570 1665 2628; x_wconf 79' lang='lat' dir='ltr'><strong>ATHANASII</strong></span> <span class='ocrx_word' id='word_1_262' title='bbox 1706 2571 2281 2635; x_wconf 79' lang='lat' dir='ltr'><strong>INTERPRETATIO.</strong></span> 
     </span>
    </p>
   </div>
   <div class='ocr_carea' id='block_1_48' title="bbox 286 2662 1365 2729">
    <p class='ocr_par' dir='ltr' id='par_1_48' title="bbox 286 2662 1365 2729">
     <span class='ocr_line' id='line_1_48' title="bbox 286 2662 1365 2729; baseline 0.001 -11"><span class='ocrx_word' id='word_1_263' title='bbox 286 2663 373 2718; x_wconf 86' lang='lat'><strong>88.</strong></span> <span class='ocrx_word' id='word_1_264' title='bbox 399 2662 708 2729; x_wconf 78' lang='grc' dir='ltr'>Φωτισθείς,</span> <span class='ocrx_word' id='word_1_265' title='bbox 728 2673 845 2718; x_wconf 91' lang='lat' dir='ltr'><strong>.etc.</strong></span> <span class='ocrx_word' id='word_1_266' title='bbox 872 2665 1230 2729; x_wconf 88' lang='lat' dir='ltr'><strong>llluminatus,</strong></span> <span class='ocrx_word' id='word_1_267' title='bbox 1260 2676 1365 2721; x_wconf 89' lang='lat' dir='ltr'><strong>etc.</strong></span> 
     </span>
    </p>
   </div>
   <div class='ocr_carea' id='block_1_49' title="bbox 292 2755 1249 2827">
    <p class='ocr_par' dir='ltr' id='par_1_49' title="bbox 292 2755 1249 2827">
     <span class='ocr_line' id='line_1_49' title="bbox 292 2755 1249 2827; baseline 0.002 -18"><span class='ocrx_word' id='word_1_268' title='bbox 292 2755 381 2809; x_wconf 90' lang='lat'><strong>89.</strong></span> <span class='ocrx_word' id='word_1_269' title='bbox 415 2756 523 2808; x_wconf 76' lang='grc' dir='ltr'><strong>Καὶ</strong></span> <span class='ocrx_word' id='word_1_270' title='bbox 547 2756 710 2827; x_wconf 77' lang='grc' dir='ltr'>ἅπερ,</span> <span class='ocrx_word' id='word_1_271' title='bbox 738 2766 843 2811; x_wconf 92' lang='lat' dir='ltr'><strong>etc.</strong></span> <span class='ocrx_word' id='word_1_272' title='bbox 882 2755 946 2807; x_wconf 79' lang='lat' dir='ltr'><strong>Et</strong></span> <span class='ocrx_word' id='word_1_273' title='bbox 973 2771 1110 2824; x_wconf 63' lang='lat' dir='ltr'><strong>quae,</strong></span> <span class='ocrx_word' id='word_1_274' title='bbox 1143 2766 1249 2811; x_wconf 90' lang='lat' dir='ltr'><strong>etc.</strong></span> 
     </span>
    </p>
   </div>
   <div class='ocr_carea' id='block_1_50' title="bbox 285 2844 1557 2914">
    <p class='ocr_par' dir='ltr' id='par_1_50' title="bbox 285 2844 1557 2914">
     <span class='ocr_line' id='line_1_50' title="bbox 285 2844 1557 2914; baseline 0.002 -14"><span class='ocrx_word' id='word_1_275' title='bbox 285 2844 375 2901; x_wconf 87' lang='lat'><strong>90.</strong></span> <span class='ocrx_word' id='word_1_276' title='bbox 417 2846 575 2899; x_wconf 84' lang='grc' dir='ltr'>Ἀλλὰ</span> <span class='ocrx_word' id='word_1_277' title='bbox 614 2847 772 2900; x_wconf 83' lang='grc' dir='ltr'>πάλιν</span> <span class='ocrx_word' id='word_1_278' title='bbox 819 2844 1023 2914; x_wconf 81' lang='grc' dir='ltr'>γένοιτο</span> <span class='ocrx_word' id='word_1_279' title='bbox 1049 2847 1129 2907; x_wconf 80' lang='grc' dir='ltr'>τό,</span> <span class='ocrx_word' id='word_1_280' title='bbox 1163 2856 1267 2901; x_wconf 91' lang='lat' dir='ltr'><strong>etc.</strong></span> <span class='ocrx_word' id='word_1_281' title='bbox 1305 2844 1430 2909; x_wconf 86' lang='lat' dir='ltr'><strong>Sed,</strong></span> <span class='ocrx_word' id='word_1_282' title='bbox 1455 2856 1557 2902; x_wconf 90' lang='lat' dir='ltr'><strong>etc.</strong></span> 
     </span>
    </p>
   </div>
   <div class='ocr_carea' id='block_1_51' title="bbox 283 2936 1769 3009">
    <p class='ocr_par' dir='ltr' id='par_1_51' title="bbox 283 2936 1769 3009">
     <span class='ocr_line' id='line_1_51' title="bbox 283 2936 1769 3009; baseline 0.001 -17"><span class='ocrx_word' id='word_1_283' title='bbox 283 2938 370 2993; x_wconf 87' lang='grc'><strong>91.</strong></span> <span class='ocrx_word' id='word_1_284' title='bbox 409 2937 824 3009; x_wconf 83' lang='grc' dir='ltr'>Ἐπισκηνὼσει,</span> <span class='ocrx_word' id='word_1_285' title='bbox 850 2945 981 3000; x_wconf 91' lang='lat' dir='ltr'><strong>etc.,</strong></span> <span class='ocrx_word' id='word_1_286' title='bbox 1013 2936 1363 3007; x_wconf 76' lang='grc' dir='ltr'>ζωοποίησον,</span> <span class='ocrx_word' id='word_1_287' title='bbox 1393 2940 1494 3005; x_wconf 84' lang='grc' dir='ltr'>ὅτι,</span> <span class='ocrx_word' id='word_1_288' title='bbox 1518 2948 1618 2993; x_wconf 92' lang='lat' dir='ltr'><strong>etc.</strong></span> <span class='ocrx_word' id='word_1_289' title='bbox 1661 2940 1769 2994; x_wconf 81' lang='lat' dir='ltr'><strong>lla-</strong></span> 
     </span>
    </p>
   </div>
   <div class='ocr_carea' id='block_1_52' title="bbox 210 3027 1241 3097">
    <p class='ocr_par' dir='ltr' id='par_1_52' title="bbox 210 3027 1241 3097">
     <span class='ocr_line' id='line_1_52' title="bbox 210 3027 1241 3097; baseline -0.004 -14"><span class='ocrx_word' id='word_1_290' title='bbox 210 3029 368 3093; x_wconf 87' lang='lat' dir='ltr'><strong>bitet,</strong></span> <span class='ocrx_word' id='word_1_291' title='bbox 399 3040 526 3091; x_wconf 91' lang='lat' dir='ltr'><strong>etc.,</strong></span> <span class='ocrx_word' id='word_1_292' title='bbox 562 3028 794 3093; x_wconf 74' lang='lat' dir='ltr'><strong>viviﬁca,</strong></span> <span class='ocrx_word' id='word_1_293' title='bbox 822 3027 1105 3097; x_wconf 90' lang='lat' dir='ltr'><strong>quoniam,</strong></span> <span class='ocrx_word' id='word_1_294' title='bbox 1138 3037 1241 3080; x_wconf 91' lang='lat' dir='ltr'><strong>etc.</strong></span> 
     </span>
    </p>
   </div>
   <div class='ocr_carea' id='block_1_53' title="bbox 283 3118 1768 3190">
    <p class='ocr_par' dir='ltr' id='par_1_53' title="bbox 283 3118 1768 3190">
     <span class='ocr_line' id='line_1_53' title="bbox 283 3118 1768 3190; baseline -0.003 -14"><span class='ocrx_word' id='word_1_295' title='bbox 283 3122 374 3177; x_wconf 83' lang='grc'><strong>95.</strong></span> <span class='ocrx_word' id='word_1_296' title='bbox 416 3121 796 3190; x_wconf 73' lang='grc' dir='ltr'>Κατηχήσονσι</span> <span class='ocrx_word' id='word_1_297' title='bbox 821 3160 834 3184; x_wconf 91' lang='grc'><strong>,</strong></span> <span class='ocrx_word' id='word_1_298' title='bbox 865 3129 967 3173; x_wconf 92' lang='lat' dir='ltr'><strong>etc.</strong></span> <span class='ocrx_word' id='word_1_299' title='bbox 992 3157 1007 3182; x_wconf 94' lang='lat'><strong>,</strong></span> <span class='ocrx_word' id='word_1_300' title='bbox 1059 3119 1153 3171; x_wconf 70' lang='lat' dir='ltr'><strong>ml.</strong></span> <span class='ocrx_word' id='word_1_301' title='bbox 1207 3118 1400 3181; x_wconf 74' lang='grc' dir='ltr'>ἰδόντες</span> <span class='ocrx_word' id='word_1_302' title='bbox 1443 3118 1550 3172; x_wconf 79' lang='grc' dir='ltr'>τῶν</span> <span class='ocrx_word' id='word_1_303' title='bbox 1601 3120 1768 3187; x_wconf 89' lang='grc' dir='ltr'>ἁγίων</span> 
     </span>
    </p>
   </div>
   <div class='ocr_carea' id='block_1_54' title="bbox 209 3211 1764 3284">
    <p class='ocr_par' dir='ltr' id='par_1_54' title="bbox 209 3211 1764 3284">
     <span class='ocr_line' id='line_1_54' title="bbox 209 3211 1764 3284; baseline 0.001 -20"><span class='ocrx_word' id='word_1_304' title='bbox 209 3212 463 3284; x_wconf 81' lang='grc' dir='ltr'>Γραφῶν.</span> <span class='ocrx_word' id='word_1_305' title='bbox 494 3211 783 3275; x_wconf 88' lang='lat' dir='ltr'><strong>Instruent,</strong></span> <span class='ocrx_word' id='word_1_306' title='bbox 814 3222 942 3276; x_wconf 92' lang='lat' dir='ltr'><strong>etc.,</strong></span> <span class='ocrx_word' id='word_1_307' title='bbox 986 3220 1039 3265; x_wconf 90' lang='lat' dir='ltr'><strong>et</strong></span> <span class='ocrx_word' id='word_1_308' title='bbox 1068 3211 1331 3277; x_wconf 87' lang='lat' dir='ltr'><strong>videntes,</strong></span> <span class='ocrx_word' id='word_1_309' title='bbox 1373 3220 1501 3278; x_wconf 90' lang='lat' dir='ltr'><strong>etc.,</strong></span> <span class='ocrx_word' id='word_1_310' title='bbox 1547 3220 1764 3267; x_wconf 84' lang='lat' dir='ltr'><strong>sancta-</strong></span> 
     </span>
    </p>
   </div>
   <div class='ocr_carea' id='block_1_55' title="bbox 213 3303 793 3373">
    <p class='ocr_par' dir='ltr' id='par_1_55' title="bbox 213 3303 793 3373">
     <span class='ocr_line' id='line_1_55' title="bbox 213 3303 793 3373; baseline -0.003 -13"><span class='ocrx_word' id='word_1_311' title='bbox 213 3320 336 3360; x_wconf 86' lang='lat' dir='ltr'><strong>rum</strong></span> <span class='ocrx_word' id='word_1_312' title='bbox 370 3303 793 3373; x_wconf 85' lang='lat' dir='ltr'><strong>Scripturarnm.</strong></span> 
     </span>
    </p>
   </div>
   <div class='ocr_carea' id='block_1_56' title="bbox 280 3393 1480 3467">
    <p class='ocr_par' dir='ltr' id='par_1_56' title="bbox 280 3393 1480 3467">
     <span class='ocr_line' id='line_1_56' title="bbox 280 3393 1480 3467; baseline -0.003 -15"><span class='ocrx_word' id='word_1_313' title='bbox 280 3395 370 3453; x_wconf 65' lang='lat'><strong>94.</strong></span> <span class='ocrx_word' id='word_1_314' title='bbox 392 3395 847 3467; x_wconf 57' lang='lat' dir='ltr'><strong>Empta-011w.</strong></span> <span class='ocrx_word' id='word_1_315' title='bbox 877 3404 981 3449; x_wconf 88' lang='lat' dir='ltr'><strong>etc.</strong></span> <span class='ocrx_word' id='word_1_316' title='bbox 1017 3393 1354 3458; x_wconf 77' lang='lat' dir='ltr'><strong>Perticiatur,</strong></span> <span class='ocrx_word' id='word_1_317' title='bbox 1376 3404 1480 3449; x_wconf 89' lang='lat' dir='ltr'><strong>etc.</strong></span> 
     </span>
    </p>
   </div>
   <div class='ocr_carea' id='block_1_57' title="bbox 281 3486 1018 3558">
    <p class='ocr_par' dir='ltr' id='par_1_57' title="bbox 281 3486 1018 3558">
     <span class='ocr_line' id='line_1_57' title="bbox 281 3486 1018 3558; baseline -0.009 -11"><span class='ocrx_word' id='word_1_318' title='bbox 281 3489 370 3547; x_wconf 84' lang='lat'><strong>95.</strong></span> <span class='ocrx_word' id='word_1_319' title='bbox 403 3490 563 3558; x_wconf 68' lang='grc' dir='ltr'>Διῴᾷ,</span> <span class='ocrx_word' id='word_1_320' title='bbox 596 3497 701 3542; x_wconf 87' lang='lat' dir='ltr'><strong>etc.</strong></span> <span class='ocrx_word' id='word_1_321' title='bbox 740 3486 884 3553; x_wconf 72' lang='lat' dir='ltr'><strong>Sitit,</strong></span> <span class='ocrx_word' id='word_1_322' title='bbox 914 3498 1018 3543; x_wconf 91' lang='lat' dir='ltr'><strong>etc.</strong></span> 
     </span>
    </p>
   </div>
   <div class='ocr_carea' id='block_1_58' title="bbox 280 3576 1772 3648">
    <p class='ocr_par' dir='ltr' id='par_1_58' title="bbox 280 3576 1772 3648">
     <span class='ocr_line' id='line_1_58' title="bbox 280 3576 1772 3648; baseline -0.005 -10"><span class='ocrx_word' id='word_1_323' title='bbox 280 3582 370 3639; x_wconf 84' lang='lat'><strong>96.</strong></span> <span class='ocrx_word' id='word_1_324' title='bbox 413 3578 668 3648; x_wconf 79' lang='grc' dir='ltr'>Ἐξετάκη</span> <span class='ocrx_word' id='word_1_325' title='bbox 703 3578 730 3628; x_wconf 86' lang='grc' dir='ltr'>ὁ</span> <span class='ocrx_word' id='word_1_326' title='bbox 759 3578 910 3646; x_wconf 83' lang='grc' dir='ltr'>λόγος</span> <span class='ocrx_word' id='word_1_327' title='bbox 932 3617 947 3639; x_wconf 91' lang='grc'><strong>,</strong></span> <span class='ocrx_word' id='word_1_328' title='bbox 996 3586 1100 3631; x_wconf 85' lang='lat' dir='ltr'><strong>etc.</strong></span> <span class='ocrx_word' id='word_1_329' title='bbox 1153 3576 1520 3644; x_wconf 79' lang='lat' dir='ltr'><strong>Consumptns</strong></span> <span class='ocrx_word' id='word_1_330' title='bbox 1545 3584 1629 3631; x_wconf 91' lang='lat' dir='ltr'><strong>est</strong></span> <span class='ocrx_word' id='word_1_331' title='bbox 1658 3592 1772 3631; x_wconf 88' lang='lat' dir='ltr'><strong>ser-</strong></span> 
     </span>
    </p>
   </div>
   <div class='ocr_carea' id='block_1_59' title="bbox 208 3667 1764 3741">
    <p class='ocr_par' dir='ltr' id='par_1_59' title="bbox 208 3667 1764 3741">
     <span class='ocr_line' id='line_1_59' title="bbox 208 3667 1764 3741; baseline -0.006 -12"><span class='ocrx_word' id='word_1_332' title='bbox 208 3690 325 3737; x_wconf 87' lang='lat' dir='ltr'><strong>mo,</strong></span> <span class='ocrx_word' id='word_1_333' title='bbox 357 3682 483 3731; x_wconf 81' lang='lat' dir='ltr'><strong>etc.,</strong></span> <span class='ocrx_word' id='word_1_334' title='bbox 519 3670 719 3741; x_wconf 82' lang='lat' dir='ltr'><strong>legend.</strong></span> <span class='ocrx_word' id='word_1_335' title='bbox 753 3682 811 3721; x_wconf 84' lang='lat' dir='ltr'><strong>ut</strong></span> <span class='ocrx_word' id='word_1_336' title='bbox 855 3672 905 3721; x_wconf 81' lang='lat' dir='ltr'><strong>in</strong></span> <span class='ocrx_word' id='word_1_337' title='bbox 947 3669 1063 3722; x_wconf 87' lang='lat' dir='ltr'><strong>cod.</strong></span> <span class='ocrx_word' id='word_1_338' title='bbox 1105 3668 1273 3722; x_wconf 85' lang='lat' dir='ltr'><strong>Barb.</strong></span> <span class='ocrx_word' id='word_1_339' title='bbox 1317 3667 1605 3739; x_wconf 84' lang='grc' dir='ltr'>Ἐξετὰκην</span> <span class='ocrx_word' id='word_1_340' title='bbox 1628 3667 1764 3731; x_wconf 78' lang='grc' dir='ltr'>ὅλος.</span> 
     </span>
    </p>
   </div>
   <div class='ocr_carea' id='block_1_60' title="bbox 280 3759 1129 3828">
    <p class='ocr_par' dir='ltr' id='par_1_60' title="bbox 280 3759 1129 3828">
     <span class='ocr_line' id='line_1_60' title="bbox 280 3759 1129 3828; baseline -0.006 -9"><span class='ocrx_word' id='word_1_341' title='bbox 280 3764 371 3821; x_wconf 87' lang='lat'><strong>97.</strong></span> <span class='ocrx_word' id='word_1_342' title='bbox 400 3764 541 3828; x_wconf 85' lang='grc' dir='ltr'><strong>Ὅτι,</strong></span> <span class='ocrx_word' id='word_1_343' title='bbox 573 3773 676 3816; x_wconf 90' lang='lat' dir='ltr'><strong>etc.</strong></span> <span class='ocrx_word' id='word_1_344' title='bbox 707 3759 995 3827; x_wconf 89' lang='lat' dir='ltr'><strong>Quoniam,</strong></span> <span class='ocrx_word' id='word_1_345' title='bbox 1027 3771 1129 3814; x_wconf 87' lang='lat' dir='ltr'><strong>etc.</strong></span> 
     </span>
    </p>
   </div>
   <div class='ocr_carea' id='block_1_61' title="bbox 280 3849 1769 3924">
    <p class='ocr_par' dir='ltr' id='par_1_61' title="bbox 280 3849 1769 3924">
     <span class='ocr_line' id='line_1_61' title="bbox 280 3849 1769 3924; baseline -0.004 -14"><span class='ocrx_word' id='word_1_346' title='bbox 280 3856 371 3910; x_wconf 89' lang='lat'><strong>98.</strong></span> <span class='ocrx_word' id='word_1_347' title='bbox 398 3850 529 3908; x_wconf 69' lang='grc' dir='ltr'>Οἶδα</span> <span class='ocrx_word' id='word_1_348' title='bbox 550 3896 565 3920; x_wconf 95' lang='grc'><strong>,</strong></span> <span class='ocrx_word' id='word_1_349' title='bbox 609 3854 703 3907; x_wconf 71' lang='grc' dir='ltr'>καὶ</span> <span class='ocrx_word' id='word_1_350' title='bbox 736 3850 1052 3924; x_wconf 75' lang='grc' dir='ltr'><strong>μνημονεύω</strong></span> <span class='ocrx_word' id='word_1_351' title='bbox 1072 3891 1086 3916; x_wconf 94' lang='grc'><strong>,</strong></span> <span class='ocrx_word' id='word_1_352' title='bbox 1132 3861 1261 3916; x_wconf 87' lang='lat' dir='ltr'><strong>etc.,</strong></span> <span class='ocrx_word' id='word_1_353' title='bbox 1296 3849 1404 3903; x_wconf 84' lang='grc' dir='ltr'><strong>τῶν</strong></span> <span class='ocrx_word' id='word_1_354' title='bbox 1431 3849 1769 3922; x_wconf 80' lang='grc' dir='ltr'><strong>ἁμαρτωλῶν</strong></span> 
     </span>
    </p>
   </div>
   <div class='ocr_carea' id='block_1_62' title="bbox 206 3940 1767 4016">
    <p class='ocr_par' dir='ltr' id='par_1_62' title="bbox 206 3940 1767 4016">
     <span class='ocr_line' id='line_1_62' title="bbox 206 3940 1767 4016; baseline -0.004 -16"><span class='ocrx_word' id='word_1_355' title='bbox 206 3943 722 4016; x_wconf 75' lang='grc' dir='ltr'>ἀντιλαμϐάνεσθαι.</span> <span class='ocrx_word' id='word_1_356' title='bbox 772 3940 931 4007; x_wconf 85' lang='lat' dir='ltr'><strong>Novi,</strong></span> <span class='ocrx_word' id='word_1_357' title='bbox 962 3952 1015 3997; x_wconf 91' lang='lat' dir='ltr'><strong>et</strong></span> <span class='ocrx_word' id='word_1_358' title='bbox 1046 3941 1323 4008; x_wconf 88' lang='lat' dir='ltr'><strong>recordor,</strong></span> <span class='ocrx_word' id='word_1_359' title='bbox 1359 3950 1489 4006; x_wconf 91' lang='lat' dir='ltr'><strong>etc.,</strong></span> <span class='ocrx_word' id='word_1_360' title='bbox 1522 3949 1767 4011; x_wconf 86' lang='lat' dir='ltr'><strong>peccato-</strong></span> 
     </span>
    </p>
   </div>
   <div class='ocr_carea' id='block_1_63' title="bbox 210 4035 701 4091">
    <p class='ocr_par' dir='ltr' id='par_1_63' title="bbox 210 4035 701 4091">
     <span class='ocr_line' id='line_1_63' title="bbox 210 4035 701 4091; baseline -0.006 0"><span class='ocrx_word' id='word_1_361' title='bbox 210 4038 368 4091; x_wconf 82' lang='lat' dir='ltr'><strong>ribus</strong></span> <span class='ocrx_word' id='word_1_362' title='bbox 397 4035 701 4089; x_wconf 84' lang='lat' dir='ltr'><strong>subvenire.</strong></span> 
     </span>
    </p>
   </div>
   <div class='ocr_carea' id='block_1_64' title="bbox 281 4120 1772 4194">
    <p class='ocr_par' dir='ltr' id='par_1_64' title="bbox 281 4120 1772 4194">
     <span class='ocr_line' id='line_1_64' title="bbox 281 4120 1772 4194; baseline -0.003 -14"><span class='ocrx_word' id='word_1_363' title='bbox 281 4124 371 4180; x_wconf 87' lang='lat'><strong>99.</strong></span> <span class='ocrx_word' id='word_1_364' title='bbox 403 4126 612 4188; x_wconf 84' lang='grc' dir='ltr'>Πόσας,</span> <span class='ocrx_word' id='word_1_365' title='bbox 640 4133 745 4178; x_wconf 91' lang='lat' dir='ltr'><strong>etc.</strong></span> <span class='ocrx_word' id='word_1_366' title='bbox 768 4161 782 4184; x_wconf 90' lang='lat'><strong>,</strong></span> <span class='ocrx_word' id='word_1_367' title='bbox 812 4120 1003 4185; x_wconf 81' lang='grc' dir='ltr'><strong>δώσεις</strong></span> <span class='ocrx_word' id='word_1_368' title='bbox 1035 4140 1152 4192; x_wconf 82' lang='grc' dir='ltr'>μοι,</span> <span class='ocrx_word' id='word_1_369' title='bbox 1190 4131 1321 4187; x_wconf 91' lang='lat' dir='ltr'><strong>etc.,</strong></span> <span class='ocrx_word' id='word_1_370' title='bbox 1359 4138 1460 4194; x_wconf 86' lang='grc' dir='ltr'>μου</span> <span class='ocrx_word' id='word_1_371' title='bbox 1487 4122 1772 4175; x_wconf 86' lang='grc' dir='ltr'>κατεδυνὰ-</span> 
     </span>
    </p>
   </div>
   <div class='ocr_carea' id='block_1_65' title="bbox 211 4210 1768 4284">
    <p class='ocr_par' dir='ltr' id='par_1_65' title="bbox 211 4210 1768 4284">
     <span class='ocr_line' id='line_1_65' title="bbox 211 4210 1768 4284; baseline -0.003 -13"><span class='ocrx_word' id='word_1_372' title='bbox 211 4234 473 4283; x_wconf 78' lang='grc' dir='ltr'>στευσαν;</span> <span class='ocrx_word' id='word_1_373' title='bbox 506 4216 648 4284; x_wconf 86' lang='lat' dir='ltr'><strong>Qu0t</strong></span> <span class='ocrx_word' id='word_1_374' title='bbox 670 4257 685 4281; x_wconf 96' lang='lat'><strong>,</strong></span> <span class='ocrx_word' id='word_1_375' title='bbox 716 4223 843 4284; x_wconf 90' lang='lat' dir='ltr'><strong>etc.,</strong></span> <span class='ocrx_word' id='word_1_376' title='bbox 881 4216 1036 4271; x_wconf 85' lang='lat' dir='ltr'><strong>dabis</strong></span> <span class='ocrx_word' id='word_1_377' title='bbox 1070 4215 1241 4281; x_wconf 85' lang='lat' dir='ltr'><strong>mihi,</strong></span> <span class='ocrx_word' id='word_1_378' title='bbox 1271 4221 1403 4280; x_wconf 92' lang='lat' dir='ltr'><strong>etc.,</strong></span> <span class='ocrx_word' id='word_1_379' title='bbox 1458 4210 1511 4268; x_wconf 81' lang='lat' dir='ltr'><strong>iit</strong></span> <span class='ocrx_word' id='word_1_380' title='bbox 1544 4228 1630 4268; x_wconf 88' lang='lat' dir='ltr'><strong>me</strong></span> <span class='ocrx_word' id='word_1_381' title='bbox 1673 4216 1768 4268; x_wconf 83' lang='lat' dir='ltr'><strong>d0-</strong></span> 
     </span>
    </p>
   </div>
   <div class='ocr_carea' id='block_1_66' title="bbox 212 4307 608 4364">
    <p class='ocr_par' dir='ltr' id='par_1_66' title="bbox 212 4307 608 4364">
     <span class='ocr_line' id='line_1_66' title="bbox 212 4307 608 4364; baseline -0.01 0"><span class='ocrx_word' id='word_1_382' title='bbox 212 4310 404 4364; x_wconf 86' lang='lat' dir='ltr'><strong>minati</strong></span> <span class='ocrx_word' id='word_1_383' title='bbox 436 4318 561 4363; x_wconf 91' lang='lat' dir='ltr'><strong>sunt</strong></span> <span class='ocrx_word' id='word_1_384' title='bbox 584 4307 608 4360; x_wconf 87' lang='lat'><strong>?</strong></span> 
     </span>
    </p>
   </div>
   <div class='ocr_carea' id='block_1_67' title="bbox 286 4398 1768 4469">
    <p class='ocr_par' dir='ltr' id='par_1_67' title="bbox 286 4398 1768 4469">
     <span class='ocr_line' id='line_1_67' title="bbox 286 4398 1768 4469; baseline -0.003 -14"><span class='ocrx_word' id='word_1_385' title='bbox 286 4401 407 4455; x_wconf 91' lang='grc'>100.</span> <span class='ocrx_word' id='word_1_386' title='bbox 448 4399 736 4453; x_wconf 80' lang='grc' dir='ltr'>’Υπέθεντό</span> <span class='ocrx_word' id='word_1_387' title='bbox 766 4415 854 4469; x_wconf 85' lang='grc' dir='ltr'>μοι</span> <span class='ocrx_word' id='word_1_388' title='bbox 878 4399 957 4464; x_wconf 75' lang='grc' dir='ltr'><strong>τό,</strong></span> <span class='ocrx_word' id='word_1_389' title='bbox 984 4406 1111 4461; x_wconf 88' lang='lat' dir='ltr'><strong>etc.,</strong></span> <span class='ocrx_word' id='word_1_390' title='bbox 1142 4398 1258 4451; x_wconf 85' lang='grc' dir='ltr'>ἁλλ’</span> <span class='ocrx_word' id='word_1_391' title='bbox 1279 4399 1378 4469; x_wconf 76' lang='grc' dir='ltr'><strong>οὐχ</strong></span> <span class='ocrx_word' id='word_1_392' title='bbox 1397 4398 1568 4461; x_wconf 70' lang='grc' dir='ltr'>οὕτως</span> <span class='ocrx_word' id='word_1_393' title='bbox 1594 4400 1655 4452; x_wconf 85' lang='grc' dir='ltr'>οὑ</span> <span class='ocrx_word' id='word_1_394' title='bbox 1682 4399 1768 4451; x_wconf 83' lang='grc' dir='ltr'><strong>θέ-</strong></span> 
     </span>
    </p>
   </div>
   <div class='ocr_carea' id='block_1_68' title="bbox 209 4490 1768 4565">
    <p class='ocr_par' dir='ltr' id='par_1_68' title="bbox 209 4490 1768 4565">
     <span class='ocr_line' id='line_1_68' title="bbox 209 4490 1768 4565; baseline 0 -19"><span class='ocrx_word' id='word_1_395' title='bbox 209 4493 353 4555; x_wconf 86' lang='grc' dir='ltr'>λεις.</span> <span class='ocrx_word' id='word_1_396' title='bbox 400 4491 589 4565; x_wconf 82' lang='grc' dir='ltr'>Κύριε.</span> <span class='ocrx_word' id='word_1_397' title='bbox 637 4491 1005 4546; x_wconf 88' lang='lat' dir='ltr'><strong>Subdiderunt</strong></span> <span class='ocrx_word' id='word_1_398' title='bbox 1048 4490 1219 4555; x_wconf 81' lang='lat' dir='ltr'><strong>mihi,</strong></span> <span class='ocrx_word' id='word_1_399' title='bbox 1256 4498 1386 4556; x_wconf 87' lang='lat' dir='ltr'><strong>etc.,</strong></span> <span class='ocrx_word' id='word_1_400' title='bbox 1428 4492 1520 4545; x_wconf 91' lang='lat' dir='ltr'><strong>sed</strong></span> <span class='ocrx_word' id='word_1_401' title='bbox 1553 4505 1659 4545; x_wconf 87' lang='lat' dir='ltr'><strong>non</strong></span> <span class='ocrx_word' id='word_1_402' title='bbox 1689 4492 1768 4546; x_wconf 87' lang='lat' dir='ltr'><strong>sic</strong></span> 
     </span>
    </p>
   </div>
   <div class='ocr_carea' id='block_1_69' title="bbox 210 4584 725 4651">
    <p class='ocr_par' dir='ltr' id='par_1_69' title="bbox 210 4584 725 4651">
     <span class='ocr_line' id='line_1_69' title="bbox 210 4584 725 4651; baseline -0.006 -9"><span class='ocrx_word' id='word_1_403' title='bbox 210 4588 319 4650; x_wconf 81' lang='lat' dir='ltr'><strong>vis,</strong></span> <span class='ocrx_word' id='word_1_404' title='bbox 349 4584 593 4651; x_wconf 88' lang='lat' dir='ltr'><strong>Domine,</strong></span> <span class='ocrx_word' id='word_1_405' title='bbox 624 4595 725 4641; x_wconf 93' lang='lat' dir='ltr'><strong>etc.</strong></span> 
     </span>
    </p>
   </div>
   <div class='ocr_carea' id='block_1_70' title="bbox 286 4669 1763 4747">
    <p class='ocr_par' dir='ltr' id='par_1_70' title="bbox 286 4669 1763 4747">
     <span class='ocr_line' id='line_1_70' title="bbox 286 4669 1763 4747; baseline 0.001 -17"><span class='ocrx_word' id='word_1_406' title='bbox 286 4676 405 4731; x_wconf 92' lang='grc'>101.</span> <span class='ocrx_word' id='word_1_407' title='bbox 450 4673 617 4740; x_wconf 77' lang='grc' dir='ltr'>Οἶδα,</span> <span class='ocrx_word' id='word_1_408' title='bbox 657 4676 739 4729; x_wconf 84' lang='grc' dir='ltr'>ὅτι</span> <span class='ocrx_word' id='word_1_409' title='bbox 764 4672 1131 4747; x_wconf 77' lang='grc' dir='ltr'>δικαιοκρξτης</span> <span class='ocrx_word' id='word_1_410' title='bbox 1173 4669 1226 4728; x_wconf 77' lang='grc' dir='ltr'><strong>εἴ</strong></span> <span class='ocrx_word' id='word_1_411' title='bbox 1266 4675 1345 4739; x_wconf 81' lang='grc' dir='ltr'><strong>είς</strong></span> <span class='ocrx_word' id='word_1_412' title='bbox 1376 4674 1568 4729; x_wconf 78' lang='grc' dir='ltr'>πάντα.</span> <span class='ocrx_word' id='word_1_413' title='bbox 1598 4673 1763 4745; x_wconf 83' lang='lat' dir='ltr'><strong>Novi,</strong></span> 
     </span>
    </p>
   </div>
   <div class='ocr_carea' id='block_1_71' title="bbox 208 4764 1182 4837">
    <p class='ocr_par' dir='ltr' id='par_1_71' title="bbox 208 4764 1182 4837">
     <span class='ocr_line' id='line_1_71' title="bbox 208 4764 1182 4837; baseline -0.002 -17"><span class='ocrx_word' id='word_1_414' title='bbox 208 4766 356 4837; x_wconf 89' lang='lat' dir='ltr'><strong>quod</strong></span> <span class='ocrx_word' id='word_1_415' title='bbox 380 4764 561 4834; x_wconf 86' lang='lat' dir='ltr'><strong>justus</strong></span> <span class='ocrx_word' id='word_1_416' title='bbox 582 4764 747 4835; x_wconf 79' lang='lat' dir='ltr'><strong>judex</strong></span> <span class='ocrx_word' id='word_1_417' title='bbox 778 4781 836 4819; x_wconf 85' lang='lat' dir='ltr'><strong>es</strong></span> <span class='ocrx_word' id='word_1_418' title='bbox 869 4765 921 4818; x_wconf 89' lang='lat' dir='ltr'><strong>in</strong></span> <span class='ocrx_word' id='word_1_419' title='bbox 945 4780 1182 4819; x_wconf 90' lang='lat' dir='ltr'><strong>omnem.</strong></span> 
     </span>
    </p>
   </div>
   <div class='ocr_carea' id='block_1_72' title="bbox 281 4854 1555 4927">
    <p class='ocr_par' dir='ltr' id='par_1_72' title="bbox 281 4854 1555 4927">
     <span class='ocr_line' id='line_1_72' title="bbox 281 4854 1555 4927; baseline 0 -16"><span class='ocrx_word' id='word_1_420' title='bbox 281 4856 404 4911; x_wconf 87' lang='grc'>102.</span> <span class='ocrx_word' id='word_1_421' title='bbox 432 4854 722 4924; x_wconf 73' lang='grc' dir='ltr'>Φεύγοντος</span> <span class='ocrx_word' id='word_1_422' title='bbox 752 4873 873 4925; x_wconf 85' lang='grc' dir='ltr'>μου,</span> <span class='ocrx_word' id='word_1_423' title='bbox 902 4867 1003 4911; x_wconf 90' lang='lat' dir='ltr'><strong>etc.</strong></span> <span class='ocrx_word' id='word_1_424' title='bbox 1030 4855 1289 4927; x_wconf 82' lang='lat' dir='ltr'><strong>aniente</strong></span> <span class='ocrx_word' id='word_1_425' title='bbox 1319 4872 1425 4923; x_wconf 89' lang='lat' dir='ltr'><strong>me,</strong></span> <span class='ocrx_word' id='word_1_426' title='bbox 1454 4866 1555 4912; x_wconf 91' lang='lat' dir='ltr'><strong>etc.</strong></span> 
     </span>
    </p>
   </div>
   <div class='ocr_carea' id='block_1_73' title="bbox 1866 2671 2697 2739">
    <p class='ocr_par' dir='ltr' id='par_1_73' title="bbox 1866 2671 2697 2739">
     <span class='ocr_line' id='line_1_73' title="bbox 1866 2671 2697 2739; baseline -0.002 -13"><span class='ocrx_word' id='word_1_427' title='bbox 1866 2671 2006 2727; x_wconf 91' lang='lat' dir='ltr'><strong>dasti</strong></span> <span class='ocrx_word' id='word_1_428' title='bbox 2034 2688 2251 2728; x_wconf 90' lang='lat' dir='ltr'><strong>omnem</strong></span> <span class='ocrx_word' id='word_1_429' title='bbox 2286 2673 2569 2739; x_wconf 86' lang='lat' dir='ltr'><strong>mundum,</strong></span> <span class='ocrx_word' id='word_1_430' title='bbox 2594 2679 2697 2727; x_wconf 92' lang='lat' dir='ltr'><strong>etc.</strong></span> 
     </span>
    </p>
   </div>
   <div class='ocr_carea' id='block_1_74' title="bbox 1937 2759 3422 2834">
    <p class='ocr_par' dir='ltr' id='par_1_74' title="bbox 1937 2759 3422 2834">
     <span class='ocr_line' id='line_1_74' title="bbox 1937 2759 3422 2834; baseline -0.002 -15"><span class='ocrx_word' id='word_1_431' title='bbox 1937 2766 2058 2821; x_wconf 85' lang='lat'><strong>“0.</strong></span> <span class='ocrx_word' id='word_1_432' title='bbox 2085 2767 2197 2819; x_wconf 80' lang='grc' dir='ltr'><strong>Οὐκ</strong></span> <span class='ocrx_word' id='word_1_433' title='bbox 2228 2766 2291 2820; x_wconf 79' lang='grc' dir='ltr'>ἄν</span> <span class='ocrx_word' id='word_1_434' title='bbox 2311 2808 2324 2831; x_wconf 88' lang='grc'><strong>,</strong></span> <span class='ocrx_word' id='word_1_435' title='bbox 2353 2775 2482 2829; x_wconf 88' lang='lat' dir='ltr'><strong>etc.,</strong></span> <span class='ocrx_word' id='word_1_436' title='bbox 2512 2762 2866 2834; x_wconf 78' lang='grc' dir='ltr'>ἐζωποίησας.</span> <span class='ocrx_word' id='word_1_437' title='bbox 2896 2759 3014 2815; x_wconf 77' lang='lat' dir='ltr'><strong>Non</strong></span> <span class='ocrx_word' id='word_1_438' title='bbox 3046 2760 3230 2830; x_wconf 88' lang='lat' dir='ltr'><strong>utique</strong></span> <span class='ocrx_word' id='word_1_439' title='bbox 3249 2802 3263 2827; x_wconf 86' lang='lat'><strong>,</strong></span> <span class='ocrx_word' id='word_1_440' title='bbox 3293 2770 3422 2825; x_wconf 92' lang='lat' dir='ltr'><strong>etc.,</strong></span> 
     </span>
    </p>
   </div>
   <div class='ocr_carea' id='block_1_75' title="bbox 1869 2858 2169 2912">
    <p class='ocr_par' dir='ltr' id='par_1_75' title="bbox 1869 2858 2169 2912">
     <span class='ocr_line' id='line_1_75' title="bbox 1869 2858 2169 2912; baseline 0 -1"><span class='ocrx_word' id='word_1_441' title='bbox 1869 2858 2169 2912; x_wconf 63' lang='lat' dir='ltr'><strong>viviticasti.</strong></span> 
     </span>
    </p>
   </div>
   <div class='ocr_carea' id='block_1_76' title="bbox 1937 2943 3425 3017">
    <p class='ocr_par' dir='ltr' id='par_1_76' title="bbox 1937 2943 3425 3017">
     <span class='ocr_line' id='line_1_76' title="bbox 1937 2943 3425 3017; baseline -0.004 -15"><span class='ocrx_word' id='word_1_442' title='bbox 1937 2949 2057 3003; x_wconf 84' lang='grc'>112.</span> <span class='ocrx_word' id='word_1_443' title='bbox 2096 2948 2244 3017; x_wconf 81' lang='grc' dir='ltr'><strong>Ἐμέ,</strong></span> <span class='ocrx_word' id='word_1_444' title='bbox 2288 2956 2417 3014; x_wconf 88' lang='lat' dir='ltr'><strong>etc.,</strong></span> <span class='ocrx_word' id='word_1_445' title='bbox 2467 2947 2618 3017; x_wconf 74' lang='grc' dir='ltr'>παρὰ</span> <span class='ocrx_word' id='word_1_446' title='bbox 2650 2945 2742 2999; x_wconf 75' lang='grc' dir='ltr'>σοῦ</span> <span class='ocrx_word' id='word_1_447' title='bbox 2784 2946 2910 3016; x_wconf 75' lang='grc' dir='ltr'>περὶ</span> <span class='ocrx_word' id='word_1_448' title='bbox 2953 2946 3049 3015; x_wconf 78' lang='grc' dir='ltr'>τῆς</span> <span class='ocrx_word' id='word_1_449' title='bbox 3092 2945 3190 3015; x_wconf 79' lang='grc' dir='ltr'>σῆς</span> <span class='ocrx_word' id='word_1_450' title='bbox 3216 2943 3425 3005; x_wconf 78' lang='grc' dir='ltr'>ἐλπίδος</span> 
     </span>
    </p>
   </div>
   <div class='ocr_carea' id='block_1_77' title="bbox 1870 3033 3423 3101">
    <p class='ocr_par' dir='ltr' id='par_1_77' title="bbox 1870 3033 3423 3101">
     <span class='ocr_line' id='line_1_77' title="bbox 1870 3033 3423 3101; baseline -0.004 -11"><span class='ocrx_word' id='word_1_451' title='bbox 1870 3038 2105 3099; x_wconf 71' lang='grc' dir='ltr'>ἀκούσας</span> <span class='ocrx_word' id='word_1_452' title='bbox 2132 3036 2443 3089; x_wconf 80' lang='grc' dir='ltr'>ἐπίστευσα.</span> <span class='ocrx_word' id='word_1_453' title='bbox 2473 3034 2575 3101; x_wconf 82' lang='lat' dir='ltr'><strong>Me,</strong></span> <span class='ocrx_word' id='word_1_454' title='bbox 2598 3046 2724 3099; x_wconf 90' lang='lat' dir='ltr'><strong>etc.,</strong></span> <span class='ocrx_word' id='word_1_455' title='bbox 2749 3034 2889 3088; x_wconf 89' lang='lat' dir='ltr'><strong>dicta</strong></span> <span class='ocrx_word' id='word_1_456' title='bbox 2915 3044 3093 3087; x_wconf 91' lang='lat' dir='ltr'><strong>autem</strong></span> <span class='ocrx_word' id='word_1_457' title='bbox 3118 3048 3149 3086; x_wconf 91' lang='lat' dir='ltr'><strong>a</strong></span> <span class='ocrx_word' id='word_1_458' title='bbox 3177 3042 3227 3088; x_wconf 90' lang='lat' dir='ltr'><strong>te</strong></span> <span class='ocrx_word' id='word_1_459' title='bbox 3245 3033 3310 3087; x_wconf 89' lang='lat' dir='ltr'><strong>de</strong></span> <span class='ocrx_word' id='word_1_460' title='bbox 3334 3041 3423 3086; x_wconf 79' lang='lat' dir='ltr'><strong>tua</strong></span> 
     </span>
    </p>
   </div>
   <div class='ocr_carea' id='block_1_78' title="bbox 1869 3128 2471 3198">
    <p class='ocr_par' dir='ltr' id='par_1_78' title="bbox 1869 3128 2471 3198">
     <span class='ocr_line' id='line_1_78' title="bbox 1869 3128 2471 3198; baseline -0.002 -16"><span class='ocrx_word' id='word_1_461' title='bbox 1869 3143 1963 3198; x_wconf 90' lang='lat' dir='ltr'><strong>spe</strong></span> <span class='ocrx_word' id='word_1_462' title='bbox 1990 3129 2213 3183; x_wconf 63' lang='lat' dir='ltr'><strong>andirns</strong></span> <span class='ocrx_word' id='word_1_463' title='bbox 2246 3128 2471 3182; x_wconf 84' lang='lat' dir='ltr'><strong>credidi.</strong></span> 
     </span>
    </p>
   </div>
   <div class='ocr_carea' id='block_1_79' title="bbox 1941 3212 3424 3290">
    <p class='ocr_par' dir='ltr' id='par_1_79' title="bbox 1941 3212 3424 3290">
     <span class='ocr_line' id='line_1_79' title="bbox 1941 3212 3424 3290; baseline -0.002 -19"><span class='ocrx_word' id='word_1_464' title='bbox 1941 3219 2061 3273; x_wconf 84' lang='grc'>11⁸5.</span> <span class='ocrx_word' id='word_1_465' title='bbox 2098 3219 2302 3290; x_wconf 79' lang='grc' dir='ltr'>Πάσης,</span> <span class='ocrx_word' id='word_1_466' title='bbox 2338 3230 2464 3283; x_wconf 90' lang='lat' dir='ltr'><strong>etc.,</strong></span> <span class='ocrx_word' id='word_1_467' title='bbox 2512 3212 2649 3271; x_wconf 77' lang='grc' dir='ltr'>εἶδον</span> <span class='ocrx_word' id='word_1_468' title='bbox 2683 3216 2871 3287; x_wconf 79' lang='grc' dir='ltr'>πέρας.</span> <span class='ocrx_word' id='word_1_469' title='bbox 2906 3214 3115 3281; x_wconf 88' lang='lat' dir='ltr'><strong>Omnis,</strong></span> <span class='ocrx_word' id='word_1_470' title='bbox 3146 3225 3250 3270; x_wconf 91' lang='lat' dir='ltr'><strong>etc.</strong></span> <span class='ocrx_word' id='word_1_471' title='bbox 3272 3255 3287 3279; x_wconf 87' lang='lat'><strong><em>.</em></strong></span> <span class='ocrx_word' id='word_1_472' title='bbox 3315 3215 3424 3269; x_wconf 85' lang='lat' dir='ltr'><strong>vidi</strong></span> 
     </span>
    </p>
   </div>
   <div class='ocr_carea' id='block_1_80' title="bbox 1870 3311 2051 3365">
    <p class='ocr_par' dir='ltr' id='par_1_80' title="bbox 1870 3311 2051 3365">
     <span class='ocr_line' id='line_1_80' title="bbox 1870 3311 2051 3365; baseline 0.011 -2"><span class='ocrx_word' id='word_1_473' title='bbox 1870 3311 2051 3365; x_wconf 79' lang='lat' dir='ltr'><strong>tinem.</strong></span> 
     </span>
    </p>
   </div>
   <div class='ocr_carea' id='block_1_81' title="bbox 1938 3400 3158 3463">
    <p class='ocr_par' dir='ltr' id='par_1_81' title="bbox 1938 3400 3158 3463">
     <span class='ocr_line' id='line_1_81' title="bbox 1938 3400 3158 3463; baseline -0.001 -8"><span class='ocrx_word' id='word_1_474' title='bbox 1938 3402 2063 3457; x_wconf 81' lang='grc'>114.</span> <span class='ocrx_word' id='word_1_475' title='bbox 2092 3403 2154 3454; x_wconf 84' lang='grc' dir='ltr'>Οί</span> <span class='ocrx_word' id='word_1_476' title='bbox 2179 3401 2256 3463; x_wconf 82' lang='grc' dir='ltr'>δέ,</span> <span class='ocrx_word' id='word_1_477' title='bbox 2285 3411 2387 3456; x_wconf 91' lang='lat' dir='ltr'><strong>etc.</strong></span> <span class='ocrx_word' id='word_1_478' title='bbox 2416 3400 2793 3455; x_wconf 87' lang='lat' dir='ltr'><strong>Custodientes</strong></span> <span class='ocrx_word' id='word_1_479' title='bbox 2822 3409 3025 3463; x_wconf 91' lang='lat' dir='ltr'><strong>autem,</strong></span> <span class='ocrx_word' id='word_1_480' title='bbox 3054 3410 3158 3455; x_wconf 92' lang='lat' dir='ltr'><strong>etc.</strong></span> 
     </span>
    </p>
   </div>
   <div class='ocr_carea' id='block_1_82' title="bbox 1938 3488 3425 3562">
    <p class='ocr_par' dir='ltr' id='par_1_82' title="bbox 1938 3488 3425 3562">
     <span class='ocr_line' id='line_1_82' title="bbox 1938 3488 3425 3562; baseline -0.001 -16"><span class='ocrx_word' id='word_1_481' title='bbox 1938 3492 2058 3546; x_wconf 79' lang='lat'><strong>“5.</strong></span> <span class='ocrx_word' id='word_1_482' title='bbox 2102 3492 2188 3555; x_wconf 86' lang='grc' dir='ltr'>Ὡς</span> <span class='ocrx_word' id='word_1_483' title='bbox 2220 3491 2397 3562; x_wconf 88' lang='grc' dir='ltr'>μόνον,</span> <span class='ocrx_word' id='word_1_484' title='bbox 2426 3501 2555 3557; x_wconf 89' lang='lat' dir='ltr'><strong>etc.,</strong></span> <span class='ocrx_word' id='word_1_485' title='bbox 2585 3492 2803 3562; x_wconf 79' lang='grc' dir='ltr'>ἀγαπᾷν</span> <span class='ocrx_word' id='word_1_486' title='bbox 2823 3491 2884 3543; x_wconf 78' lang='grc' dir='ltr'>τὸ</span> <span class='ocrx_word' id='word_1_487' title='bbox 2901 3489 3070 3561; x_wconf 80' lang='grc' dir='ltr'>ὄνομά</span> <span class='ocrx_word' id='word_1_488' title='bbox 3099 3508 3213 3545; x_wconf 80' lang='grc' dir='ltr'>σου.</span> <span class='ocrx_word' id='word_1_489' title='bbox 3248 3488 3315 3547; x_wconf 89' lang='lat' dir='ltr'><strong>Ut</strong></span> <span class='ocrx_word' id='word_1_490' title='bbox 3335 3506 3425 3545; x_wconf 78' lang='lat'><strong>80-</strong></span> 
     </span>
    </p>
   </div>
   <div class='ocr_carea' id='block_1_83' title="bbox 1869 3584 2589 3648">
    <p class='ocr_par' dir='ltr' id='par_1_83' title="bbox 1869 3584 2589 3648">
     <span class='ocr_line' id='line_1_83' title="bbox 1869 3584 2589 3648; baseline 0 -11"><span class='ocrx_word' id='word_1_491' title='bbox 1869 3584 1999 3647; x_wconf 85' lang='lat' dir='ltr'><strong>lum,</strong></span> <span class='ocrx_word' id='word_1_492' title='bbox 2032 3592 2160 3648; x_wconf 90' lang='lat' dir='ltr'><strong>etc.,</strong></span> <span class='ocrx_word' id='word_1_493' title='bbox 2188 3600 2385 3638; x_wconf 91' lang='lat' dir='ltr'><strong>nomen</strong></span> <span class='ocrx_word' id='word_1_494' title='bbox 2416 3593 2589 3637; x_wconf 87' lang='lat' dir='ltr'><strong>tuum.</strong></span> 
     </span>
    </p>
   </div>
   <div class='ocr_carea' id='block_1_84' title="bbox 1940 3674 3421 3747">
    <p class='ocr_par' dir='ltr' id='par_1_84' title="bbox 1940 3674 3421 3747">
     <span class='ocr_line' id='line_1_84' title="bbox 1940 3674 3421 3747; baseline 0 -20"><span class='ocrx_word' id='word_1_495' title='bbox 1940 3675 2061 3729; x_wconf 85' lang='grc'>116.</span> <span class='ocrx_word' id='word_1_496' title='bbox 2102 3675 2514 3740; x_wconf 83' lang='grc' dir='ltr'>’Λδιαλείπτως,</span> <span class='ocrx_word' id='word_1_497' title='bbox 2549 3683 2651 3729; x_wconf 91' lang='lat' dir='ltr'><strong>etc.</strong></span> <span class='ocrx_word' id='word_1_498' title='bbox 2674 3715 2688 3737; x_wconf 94' lang='lat'><strong>,</strong></span> <span class='ocrx_word' id='word_1_499' title='bbox 2723 3675 2814 3728; x_wconf 77' lang='grc' dir='ltr'>καὶ</span> <span class='ocrx_word' id='word_1_500' title='bbox 2856 3675 3146 3747; x_wconf 67' lang='grc' dir='ltr'>προκύπτω</span> <span class='ocrx_word' id='word_1_501' title='bbox 3171 3677 3228 3729; x_wconf 80' lang='grc' dir='ltr'>ὲν</span> <span class='ocrx_word' id='word_1_502' title='bbox 3255 3674 3421 3744; x_wconf 78' lang='grc' dir='ltr'>αὐτῷ.</span> 
     </span>
    </p>
   </div>
   <div class='ocr_carea' id='block_1_85' title="bbox 1868 3765 3003 3835">
    <p class='ocr_par' dir='ltr' id='par_1_85' title="bbox 1868 3765 3003 3835">
     <span class='ocr_line' id='line_1_85' title="bbox 1868 3765 3003 3835; baseline 0 -16"><span class='ocrx_word' id='word_1_503' title='bbox 1868 3765 2255 3831; x_wconf 85' lang='lat' dir='ltr'><strong>lndcsinenter,</strong></span> <span class='ocrx_word' id='word_1_504' title='bbox 2291 3776 2419 3831; x_wconf 90' lang='lat' dir='ltr'><strong>etc.,</strong></span> <span class='ocrx_word' id='word_1_505' title='bbox 2449 3774 2503 3820; x_wconf 93' lang='lat' dir='ltr'><strong>et</strong></span> <span class='ocrx_word' id='word_1_506' title='bbox 2534 3766 2760 3834; x_wconf 87' lang='lat' dir='ltr'><strong>proticio</strong></span> <span class='ocrx_word' id='word_1_507' title='bbox 2789 3767 2839 3818; x_wconf 89' lang='lat' dir='ltr'><strong>in</strong></span> <span class='ocrx_word' id='word_1_508' title='bbox 2868 3766 3003 3835; x_wconf 86' lang='lat' dir='ltr'><strong>ipsa.</strong></span> 
     </span>
    </p>
   </div>
   <div class='ocr_carea' id='block_1_86' title="bbox 1939 3856 3425 3928">
    <p class='ocr_par' dir='ltr' id='par_1_86' title="bbox 1939 3856 3425 3928">
     <span class='ocr_line' id='line_1_86' title="bbox 1939 3856 3425 3928; baseline -0.001 -15"><span class='ocrx_word' id='word_1_509' title='bbox 1939 3858 2059 3913; x_wconf 84' lang='grc'>117.</span> <span class='ocrx_word' id='word_1_510' title='bbox 2086 3859 2216 3921; x_wconf 87' lang='grc' dir='ltr'>Ταῖς</span> <span class='ocrx_word' id='word_1_511' title='bbox 2244 3859 2370 3928; x_wconf 81' lang='grc' dir='ltr'>γάρ,</span> <span class='ocrx_word' id='word_1_512' title='bbox 2400 3868 2529 3916; x_wconf 84' lang='lat' dir='ltr'><strong>etc.,</strong></span> <span class='ocrx_word' id='word_1_513' title='bbox 2565 3858 2664 3927; x_wconf 80' lang='grc' dir='ltr'>τὴν</span> <span class='ocrx_word' id='word_1_514' title='bbox 2697 3856 2855 3927; x_wconf 79' lang='grc' dir='ltr'>χάριν</span> <span class='ocrx_word' id='word_1_515' title='bbox 2878 3857 3097 3927; x_wconf 76' lang='grc' dir='ltr'>ταύτην.</span> <span class='ocrx_word' id='word_1_516' title='bbox 3133 3857 3265 3910; x_wconf 76' lang='lat' dir='ltr'><strong>Nam</strong></span> <span class='ocrx_word' id='word_1_517' title='bbox 3288 3873 3390 3913; x_wconf 88' lang='lat' dir='ltr'><strong>con</strong></span> <span class='ocrx_word' id='word_1_518' title='bbox 3408 3886 3425 3900; x_wconf 88' lang='lat'><strong>-</strong></span> 
     </span>
    </p>
   </div>
   <div class='ocr_carea' id='block_1_87' title="bbox 1876 3948 2681 4017">
    <p class='ocr_par' dir='ltr' id='par_1_87' title="bbox 1876 3948 2681 4017">
     <span class='ocr_line' id='line_1_87' title="bbox 1876 3948 2681 4017; baseline -0.005 -13"><span class='ocrx_word' id='word_1_519' title='bbox 1876 3951 2077 4013; x_wconf 87' lang='lat' dir='ltr'><strong>trariis,</strong></span> <span class='ocrx_word' id='word_1_520' title='bbox 2114 3962 2242 4011; x_wconf 86' lang='lat' dir='ltr'><strong>etc.,</strong></span> <span class='ocrx_word' id='word_1_521' title='bbox 2269 3948 2408 4002; x_wconf 77' lang='lat' dir='ltr'><strong>lianc</strong></span> <span class='ocrx_word' id='word_1_522' title='bbox 2432 3948 2681 4017; x_wconf 76' lang='lat' dir='ltr'><strong>gratiam.</strong></span> 
     </span>
    </p>
   </div>
   <div class='ocr_carea' id='block_1_88' title="bbox 1940 4038 2790 4112">
    <p class='ocr_par' dir='ltr' id='par_1_88' title="bbox 1940 4038 2790 4112">
     <span class='ocr_line' id='line_1_88' title="bbox 1940 4038 2790 4112; baseline -0.002 -19"><span class='ocrx_word' id='word_1_523' title='bbox 1940 4040 2059 4093; x_wconf 91' lang='lat'><strong>“8.</strong></span> <span class='ocrx_word' id='word_1_524' title='bbox 2102 4039 2291 4112; x_wconf 71' lang='grc' dir='ltr'>Ὑπὲρ,</span> <span class='ocrx_word' id='word_1_525' title='bbox 2322 4048 2424 4093; x_wconf 88' lang='lat' dir='ltr'><strong>etc.</strong></span> <span class='ocrx_word' id='word_1_526' title='bbox 2463 4038 2656 4109; x_wconf 89' lang='lat' dir='ltr'><strong>Super,</strong></span> <span class='ocrx_word' id='word_1_527' title='bbox 2684 4049 2790 4094; x_wconf 90' lang='lat' dir='ltr'><strong>etc.</strong></span> 
     </span>
    </p>
   </div>
   <div class='ocr_carea' id='block_1_89' title="bbox 1937 4130 3272 4201">
    <p class='ocr_par' dir='ltr' id='par_1_89' title="bbox 1937 4130 3272 4201">
     <span class='ocr_line' id='line_1_89' title="bbox 1937 4130 3272 4201; baseline 0 -18"><span class='ocrx_word' id='word_1_528' title='bbox 1937 4130 2057 4185; x_wconf 85' lang='lat'><strong>“9.</strong></span> <span class='ocrx_word' id='word_1_529' title='bbox 2095 4130 2267 4201; x_wconf 79' lang='grc' dir='ltr'>’Υπὲρ</span> <span class='ocrx_word' id='word_1_530' title='bbox 2292 4131 2418 4193; x_wconf 75' lang='grc' dir='ltr'>τοὺς</span> <span class='ocrx_word' id='word_1_531' title='bbox 2442 4132 2567 4200; x_wconf 82' lang='grc' dir='ltr'>πρό,</span> <span class='ocrx_word' id='word_1_532' title='bbox 2599 4143 2704 4183; x_wconf 87' lang='lat' dir='ltr'><strong>etc.</strong></span> <span class='ocrx_word' id='word_1_533' title='bbox 2733 4131 2907 4198; x_wconf 82' lang='lat' dir='ltr'><strong>Super</strong></span> <span class='ocrx_word' id='word_1_534' title='bbox 2935 4144 3146 4195; x_wconf 87' lang='lat' dir='ltr'><strong>omnes,</strong></span> <span class='ocrx_word' id='word_1_535' title='bbox 3166 4138 3272 4185; x_wconf 91' lang='lat' dir='ltr'><strong>etc.</strong></span> 
     </span>
    </p>
   </div>
   <div class='ocr_carea' id='block_1_90' title="bbox 1938 4219 3049 4291">
    <p class='ocr_par' dir='ltr' id='par_1_90' title="bbox 1938 4219 3049 4291">
     <span class='ocr_line' id='line_1_90' title="bbox 1938 4219 3049 4291; baseline -0.001 -17"><span class='ocrx_word' id='word_1_536' title='bbox 1938 4221 2060 4275; x_wconf 91' lang='grc'>120.</span> <span class='ocrx_word' id='word_1_537' title='bbox 2098 4222 2228 4274; x_wconf 74' lang='grc' dir='ltr'><strong>Ἀπὸ</strong></span> <span class='ocrx_word' id='word_1_538' title='bbox 2262 4222 2460 4291; x_wconf 82' lang='grc' dir='ltr'>πάσης,</span> <span class='ocrx_word' id='word_1_539' title='bbox 2492 4230 2595 4274; x_wconf 90' lang='lat' dir='ltr'><strong>etc.</strong></span> <span class='ocrx_word' id='word_1_540' title='bbox 2633 4219 2716 4273; x_wconf 84' lang='lat' dir='ltr'><strong>Ab</strong></span> <span class='ocrx_word' id='word_1_541' title='bbox 2744 4220 2914 4281; x_wconf 88' lang='lat' dir='ltr'><strong>omni,</strong></span> <span class='ocrx_word' id='word_1_542' title='bbox 2944 4232 3049 4273; x_wconf 79' lang='lat' dir='ltr'><strong>etc.</strong></span> 
     </span>
    </p>
   </div>
   <div class='ocr_carea' id='block_1_91' title="bbox 1936 4310 3425 4383">
    <p class='ocr_par' dir='ltr' id='par_1_91' title="bbox 1936 4310 3425 4383">
     <span class='ocr_line' id='line_1_91' title="bbox 1936 4310 3425 4383; baseline -0.002 -15"><span class='ocrx_word' id='word_1_543' title='bbox 1936 4314 2057 4368; x_wconf 89' lang='grc'>121.</span> <span class='ocrx_word' id='word_1_544' title='bbox 2100 4316 2186 4367; x_wconf 87' lang='grc' dir='ltr'>Ἐν</span> <span class='ocrx_word' id='word_1_545' title='bbox 2214 4316 2345 4377; x_wconf 86' lang='grc' dir='ltr'>τοῖς,</span> <span class='ocrx_word' id='word_1_546' title='bbox 2380 4322 2506 4376; x_wconf 91' lang='lat' dir='ltr'><strong>etc.,</strong></span> <span class='ocrx_word' id='word_1_547' title='bbox 2531 4311 2758 4379; x_wconf 78' lang='grc' dir='ltr'>πλάγιος</span> <span class='ocrx_word' id='word_1_548' title='bbox 2788 4313 2888 4365; x_wconf 82' lang='grc' dir='ltr'>οὐκ</span> <span class='ocrx_word' id='word_1_549' title='bbox 2910 4310 3234 4383; x_wconf 75' lang='grc' dir='ltr'><strong>ἐπορεύθην,</strong></span> <span class='ocrx_word' id='word_1_550' title='bbox 3257 4312 3339 4365; x_wconf 83' lang='grc' dir='ltr'>ὅτι</span> <span class='ocrx_word' id='word_1_551' title='bbox 3362 4314 3425 4365; x_wconf 64' lang='grc' dir='ltr'>σὺ</span> 
     </span>
    </p>
   </div>
   <div class='ocr_carea' id='block_1_92' title="bbox 1866 4401 3425 4477">
    <p class='ocr_par' dir='ltr' id='par_1_92' title="bbox 1866 4401 3425 4477">
     <span class='ocr_line' id='line_1_92' title="bbox 1866 4401 3425 4477; baseline -0.001 -17"><span class='ocrx_word' id='word_1_552' title='bbox 1866 4409 1930 4477; x_wconf 81' lang='grc' dir='ltr'>τῇ</span> <span class='ocrx_word' id='word_1_553' title='bbox 1960 4406 2142 4477; x_wconf 83' lang='grc' dir='ltr'>χάριτί</span> <span class='ocrx_word' id='word_1_554' title='bbox 2166 4422 2277 4467; x_wconf 88' lang='grc' dir='ltr'>σου,</span> <span class='ocrx_word' id='word_1_555' title='bbox 2297 4414 2400 4458; x_wconf 90' lang='lat' dir='ltr'><strong>etc.</strong></span> <span class='ocrx_word' id='word_1_556' title='bbox 2427 4401 2482 4455; x_wconf 90' lang='lat' dir='ltr'><strong>In</strong></span> <span class='ocrx_word' id='word_1_557' title='bbox 2508 4404 2789 4472; x_wconf 67' lang='lat' dir='ltr'><strong>praem-ptis</strong></span> <span class='ocrx_word' id='word_1_558' title='bbox 2812 4404 2918 4457; x_wconf 87' lang='lat' dir='ltr'><strong>tuis</strong></span> <span class='ocrx_word' id='word_1_559' title='bbox 2947 4405 3293 4459; x_wconf 84' lang='lat' dir='ltr'><strong>transversim</strong></span> <span class='ocrx_word' id='word_1_560' title='bbox 3318 4419 3425 4459; x_wconf 86' lang='lat' dir='ltr'><strong>non</strong></span> 
     </span>
    </p>
   </div>
   <div class='ocr_carea' id='block_1_93' title="bbox 1868 4490 3164 4561">
    <p class='ocr_par' dir='ltr' id='par_1_93' title="bbox 1868 4490 3164 4561">
     <span class='ocr_line' id='line_1_93' title="bbox 1868 4490 3164 4561; baseline -0.001 -17"><span class='ocrx_word' id='word_1_561' title='bbox 1868 4492 2029 4555; x_wconf 85' lang='lat' dir='ltr'><strong>abivi,</strong></span> <span class='ocrx_word' id='word_1_562' title='bbox 2058 4492 2312 4561; x_wconf 84' lang='lat' dir='ltr'><strong>quoniam</strong></span> <span class='ocrx_word' id='word_1_563' title='bbox 2349 4502 2402 4543; x_wconf 89' lang='lat' dir='ltr'><strong>tu</strong></span> <span class='ocrx_word' id='word_1_564' title='bbox 2438 4490 2606 4559; x_wconf 76' lang='lat' dir='ltr'><strong>gratia</strong></span> <span class='ocrx_word' id='word_1_565' title='bbox 2641 4499 2727 4543; x_wconf 86' lang='lat' dir='ltr'><strong>tna</strong></span> <span class='ocrx_word' id='word_1_566' title='bbox 2756 4490 3025 4543; x_wconf 77' lang='lat' dir='ltr'><strong>deduxisti</strong></span> <span class='ocrx_word' id='word_1_567' title='bbox 3057 4506 3164 4543; x_wconf 85' lang='lat' dir='ltr'><strong>tne.</strong></span> 
     </span>
    </p>
   </div>
   <div class='ocr_carea' id='block_1_94' title="bbox 1799 4580 3428 4655">
    <p class='ocr_par' dir='ltr' id='par_1_94' title="bbox 1799 4580 3428 4655">
     <span class='ocr_line' id='line_1_94' title="bbox 1799 4580 3428 4655; baseline 0.001 -20"><span class='ocrx_word' id='word_1_568' title='bbox 1799 4600 1845 4655; x_wconf 76' lang='grc' dir='ltr'><strong>ι)</strong></span> <span class='ocrx_word' id='word_1_569' title='bbox 1939 4581 2060 4635; x_wconf 86' lang='grc'>122.</span> <span class='ocrx_word' id='word_1_570' title='bbox 2088 4581 2159 4633; x_wconf 84' lang='grc' dir='ltr'>Τὸ</span> <span class='ocrx_word' id='word_1_571' title='bbox 2185 4581 2281 4650; x_wconf 80' lang='grc' dir='ltr'><strong>μὲν</strong></span> <span class='ocrx_word' id='word_1_572' title='bbox 2304 4580 2519 4651; x_wconf 83' lang='grc' dir='ltr'>πρῶτον</span> <span class='ocrx_word' id='word_1_573' title='bbox 2544 4580 2605 4633; x_wconf 82' lang='grc' dir='ltr'>τὸ</span> <span class='ocrx_word' id='word_1_574' title='bbox 2632 4580 2816 4639; x_wconf 83' lang='grc' dir='ltr'>ίδικόν,</span> <span class='ocrx_word' id='word_1_575' title='bbox 2839 4592 2966 4641; x_wconf 79' lang='lat' dir='ltr'><strong>etc.,</strong></span> <span class='ocrx_word' id='word_1_576' title='bbox 3000 4580 3115 4633; x_wconf 76' lang='grc' dir='ltr'>ἐστι</span> <span class='ocrx_word' id='word_1_577' title='bbox 3146 4598 3235 4651; x_wconf 91' lang='grc' dir='ltr'>μοι</span> <span class='ocrx_word' id='word_1_578' title='bbox 3264 4582 3331 4636; x_wconf 73' lang='grc' dir='ltr'><strong>τὰ</strong></span> <span class='ocrx_word' id='word_1_579' title='bbox 3350 4582 3428 4635; x_wconf 83' lang='grc' dir='ltr'>δι-</span> 
     </span>
    </p>
   </div>
   <div class='ocr_carea' id='block_1_95' title="bbox 1869 4669 3429 4743">
    <p class='ocr_par' dir='ltr' id='par_1_95' title="bbox 1869 4669 3429 4743">
     <span class='ocr_line' id='line_1_95' title="bbox 1869 4669 3429 4743; baseline 0 -16"><span class='ocrx_word' id='word_1_580' title='bbox 1869 4672 2156 4743; x_wconf 83' lang='grc' dir='ltr'>καιώματὰ</span> <span class='ocrx_word' id='word_1_581' title='bbox 2174 4688 2264 4724; x_wconf 87' lang='grc' dir='ltr'><strong>σου</strong></span> <span class='ocrx_word' id='word_1_582' title='bbox 2286 4690 2299 4703; x_wconf 70' lang='grc' dir='ltr'><strong>ο</strong></span> <span class='ocrx_word' id='word_1_583' title='bbox 2326 4674 2417 4725; x_wconf 77' lang='grc' dir='ltr'>καὶ</span> <span class='ocrx_word' id='word_1_584' title='bbox 2436 4671 2570 4742; x_wconf 76' lang='grc' dir='ltr'>μετὰ</span> <span class='ocrx_word' id='word_1_585' title='bbox 2593 4671 2652 4724; x_wconf 80' lang='grc' dir='ltr'><strong>τὸ</strong></span> <span class='ocrx_word' id='word_1_586' title='bbox 2668 4669 2995 4741; x_wconf 75' lang='grc' dir='ltr'>παραλαϐεῖν</span> <span class='ocrx_word' id='word_1_587' title='bbox 3014 4672 3164 4733; x_wconf 79' lang='grc' dir='ltr'>αὐτό,</span> <span class='ocrx_word' id='word_1_588' title='bbox 3188 4695 3202 4719; x_wconf 80' lang='grc' dir='ltr'><strong><em>ο</em></strong></span> <span class='ocrx_word' id='word_1_589' title='bbox 3222 4682 3314 4734; x_wconf 89' lang='lat' dir='ltr'><strong>tc..</strong></span> <span class='ocrx_word' id='word_1_590' title='bbox 3334 4675 3429 4727; x_wconf 80' lang='grc' dir='ltr'><strong>αὐ-</strong></span> 
     </span>
    </p>
   </div>
   <div class='ocr_carea' id='block_1_96' title="bbox 1866 4762 3423 4835">
    <p class='ocr_par' dir='ltr' id='par_1_96' title="bbox 1866 4762 3423 4835">
     <span class='ocr_line' id='line_1_96' title="bbox 1866 4762 3423 4835; baseline -0.001 -17"><span class='ocrx_word' id='word_1_591' title='bbox 1866 4765 1959 4819; x_wconf 80' lang='grc' dir='ltr'><strong>τοῦ</strong></span> <span class='ocrx_word' id='word_1_592' title='bbox 1989 4765 2196 4827; x_wconf 81' lang='grc' dir='ltr'>πέεται,</span> <span class='ocrx_word' id='word_1_593' title='bbox 2234 4773 2336 4821; x_wconf 89' lang='lat' dir='ltr'><strong>etc.</strong></span> <span class='ocrx_word' id='word_1_594' title='bbox 2368 4762 2536 4816; x_wconf 82' lang='grc' dir='ltr'>Τοῦτο</span> <span class='ocrx_word' id='word_1_595' title='bbox 2577 4762 2760 4834; x_wconf 87' lang='grc' dir='ltr'>δηλοῖ,</span> <span class='ocrx_word' id='word_1_596' title='bbox 2799 4762 2878 4815; x_wconf 83' lang='grc' dir='ltr'>ὅτι</span> <span class='ocrx_word' id='word_1_597' title='bbox 2908 4763 3046 4835; x_wconf 80' lang='grc' dir='ltr'>ὑπὲρ</span> <span class='ocrx_word' id='word_1_598' title='bbox 3081 4763 3279 4826; x_wconf 82' lang='grc' dir='ltr'>πᾶσαν,</span> <span class='ocrx_word' id='word_1_599' title='bbox 3317 4773 3423 4818; x_wconf 91' lang='lat' dir='ltr'><strong>etc.</strong></span> 
     </span>
    </p>
   </div>
   <div class='ocr_carea' id='block_1_97' title="bbox 1868 4853 3427 4925">
    <p class='ocr_par' dir='ltr' id='par_1_97' title="bbox 1868 4853 3427 4925">
     <span class='ocr_line' id='line_1_97' title="bbox 1868 4853 3427 4925; baseline -0.002 -15"><span class='ocrx_word' id='word_1_600' title='bbox 1868 4854 2084 4910; x_wconf 86' lang='lat' dir='ltr'><strong>Primus</strong></span> <span class='ocrx_word' id='word_1_601' title='bbox 2106 4855 2322 4925; x_wconf 84' lang='lat' dir='ltr'><strong>quidem</strong></span> <span class='ocrx_word' id='word_1_602' title='bbox 2354 4854 2624 4923; x_wconf 83' lang='lat' dir='ltr'><strong>proprius,</strong></span> <span class='ocrx_word' id='word_1_603' title='bbox 2668 4861 2798 4918; x_wconf 93' lang='lat' dir='ltr'><strong>etc.,</strong></span> <span class='ocrx_word' id='word_1_604' title='bbox 2841 4853 3110 4907; x_wconf 84' lang='lat' dir='ltr'><strong>dulciores</strong></span> <span class='ocrx_word' id='word_1_605' title='bbox 3136 4862 3265 4907; x_wconf 90' lang='lat' dir='ltr'><strong>sunt</strong></span> <span class='ocrx_word' id='word_1_606' title='bbox 3293 4854 3427 4908; x_wconf 87' lang='lat' dir='ltr'><strong>mihi</strong></span> 
     </span>
    </p>
   </div>
   <div class='ocr_carea' id='block_1_98' title="bbox 280 4943 1766 5019">
    <p class='ocr_par' dir='ltr' id='par_1_98' title="bbox 280 4943 1766 5019">
     <span class='ocr_line' id='line_1_98' title="bbox 280 4943 1766 5019; baseline 0.002 -21"><span class='ocrx_word' id='word_1_607' title='bbox 280 4945 405 5001; x_wconf 77' lang='grc'>105.</span> <span class='ocrx_word' id='word_1_608' title='bbox 436 4943 640 5009; x_wconf 80' lang='grc' dir='ltr'>Οὕτως,</span> <span class='ocrx_word' id='word_1_609' title='bbox 671 4956 796 5008; x_wconf 89' lang='lat' dir='ltr'><strong>etc.,</strong></span> <span class='ocrx_word' id='word_1_610' title='bbox 832 4945 1104 5017; x_wconf 74' lang='grc' dir='ltr'>ἐπέϐησάν</span> <span class='ocrx_word' id='word_1_611' title='bbox 1133 4964 1242 5017; x_wconf 89' lang='grc' dir='ltr'>μοι,</span> <span class='ocrx_word' id='word_1_612' title='bbox 1270 4955 1398 5010; x_wconf 91' lang='lat' dir='ltr'><strong>etc.,</strong></span> <span class='ocrx_word' id='word_1_613' title='bbox 1421 4949 1478 5000; x_wconf 87' lang='grc' dir='ltr'>ὲν</span> <span class='ocrx_word' id='word_1_614' title='bbox 1506 4950 1571 5019; x_wconf 83' lang='grc' dir='ltr'>τῇ</span> <span class='ocrx_word' id='word_1_615' title='bbox 1594 4948 1766 5019; x_wconf 85' lang='grc' dir='ltr'>ἁμαρ-</span> 
     </span>
    </p>
   </div>
   <div class='ocr_carea' id='block_1_99' title="bbox 1859 4943 3426 5019">
    <p class='ocr_par' dir='ltr' id='par_1_99' title="bbox 1861 4944 3426 5016">
     <span class='ocr_line' id='line_1_99' title="bbox 1861 4944 3426 5016; baseline 0 -19"><span class='ocrx_word' id='word_1_616' title='bbox 1861 4944 2277 5016; x_wconf 88' lang='lat' dir='ltr'><strong>jnstilicationcs</strong></span> <span class='ocrx_word' id='word_1_617' title='bbox 2324 4950 2467 5007; x_wconf 73' lang='lat' dir='ltr'><strong>tuae,</strong></span> <span class='ocrx_word' id='word_1_618' title='bbox 2518 4951 2645 5007; x_wconf 85' lang='lat' dir='ltr'><strong>etc.,</strong></span> <span class='ocrx_word' id='word_1_619' title='bbox 2699 4952 2753 4996; x_wconf 91' lang='lat' dir='ltr'><strong>et</strong></span> <span class='ocrx_word' id='word_1_620' title='bbox 2806 4951 3092 5012; x_wconf 84' lang='lat' dir='ltr'><strong>postquam</strong></span> <span class='ocrx_word' id='word_1_621' title='bbox 3147 4952 3426 5012; x_wconf 85' lang='lat' dir='ltr'><strong>acceptum</strong></span> 
     </span>
    </p>
   </div>
   <div class='ocr_carea' id='block_1_100' title="bbox 202 5034 1767 5107">
    <p class='ocr_par' dir='ltr' id='par_1_100' title="bbox 202 5034 1767 5107">
     <span class='ocr_line' id='line_1_100' title="bbox 202 5034 1767 5107; baseline 0.001 -18"><span class='ocrx_word' id='word_1_622' title='bbox 202 5034 301 5107; x_wconf 73' lang='grc' dir='ltr'><strong>τίᾳ</strong></span> <span class='ocrx_word' id='word_1_623' title='bbox 333 5051 454 5104; x_wconf 88' lang='grc' dir='ltr'>μου,</span> <span class='ocrx_word' id='word_1_624' title='bbox 489 5034 620 5103; x_wconf 79' lang='grc' dir='ltr'>ἐγώ,</span> <span class='ocrx_word' id='word_1_625' title='bbox 650 5043 753 5089; x_wconf 85' lang='lat' dir='ltr'><strong>etc.</strong></span> <span class='ocrx_word' id='word_1_626' title='bbox 789 5034 885 5100; x_wconf 86' lang='lat' dir='ltr'><strong>Ita,</strong></span> <span class='ocrx_word' id='word_1_627' title='bbox 918 5045 1044 5100; x_wconf 86' lang='lat' dir='ltr'><strong>etc.,</strong></span> <span class='ocrx_word' id='word_1_628' title='bbox 1078 5035 1356 5090; x_wconf 88' lang='lat' dir='ltr'><strong>irruerunt</strong></span> <span class='ocrx_word' id='word_1_629' title='bbox 1384 5037 1538 5101; x_wconf 84' lang='lat' dir='ltr'><strong>mihi,</strong></span> <span class='ocrx_word' id='word_1_630' title='bbox 1562 5049 1691 5101; x_wconf 86' lang='lat' dir='ltr'><strong>etc.,</strong></span> <span class='ocrx_word' id='word_1_631' title='bbox 1712 5038 1767 5093; x_wconf 88' lang='lat' dir='ltr'><strong>in</strong></span> 
     </span>
    </p>
   </div>
   <div class='ocr_carea' id='block_1_101' title="bbox 204 5134 885 5197">
    <p class='ocr_par' dir='ltr' id='par_1_101' title="bbox 204 5134 885 5197">
     <span class='ocr_line' id='line_1_101' title="bbox 204 5134 885 5197; baseline 0.001 -17"><span class='ocrx_word' id='word_1_632' title='bbox 204 5134 430 5197; x_wconf 89' lang='lat' dir='ltr'><strong>peccato</strong></span> <span class='ocrx_word' id='word_1_633' title='bbox 458 5141 598 5189; x_wconf 91' lang='lat' dir='ltr'><strong>meo,</strong></span> <span class='ocrx_word' id='word_1_634' title='bbox 630 5141 750 5196; x_wconf 81' lang='lat' dir='ltr'><strong>ego,</strong></span> <span class='ocrx_word' id='word_1_635' title='bbox 781 5135 885 5181; x_wconf 89' lang='lat' dir='ltr'><strong>etc.</strong></span> 
     </span>
    </p>
   </div>
   <div class='ocr_carea' id='block_1_102' title="bbox 280 5215 1765 5291">
    <p class='ocr_par' dir='ltr' id='par_1_102' title="bbox 280 5215 1765 5291">
     <span class='ocr_line' id='line_1_102' title="bbox 280 5215 1765 5291; baseline -0.001 -19"><span class='ocrx_word' id='word_1_636' title='bbox 280 5216 408 5272; x_wconf 65' lang='lat'><strong>104;</strong></span> <span class='ocrx_word' id='word_1_637' title='bbox 455 5215 682 5282; x_wconf 78' lang='grc' dir='ltr'>Καθὼς,</span> <span class='ocrx_word' id='word_1_638' title='bbox 725 5219 871 5283; x_wconf 72' lang='lat' dir='ltr'><strong>etc.,</strong></span> <span class='ocrx_word' id='word_1_639' title='bbox 915 5216 983 5270; x_wconf 79' lang='grc' dir='ltr'><strong>τὰ</strong></span> <span class='ocrx_word' id='word_1_640' title='bbox 1030 5218 1429 5291; x_wconf 76' lang='grc' dir='ltr'>προστάγματὰ</span> <span class='ocrx_word' id='word_1_641' title='bbox 1478 5235 1605 5284; x_wconf 79' lang='grc' dir='ltr'>σου,</span> <span class='ocrx_word' id='word_1_642' title='bbox 1660 5227 1765 5272; x_wconf 91' lang='lat' dir='ltr'><strong>ctc.</strong></span> 
     </span>
    </p>
   </div>
   <div class='ocr_carea' id='block_1_103' title="bbox 206 5308 1414 5378">
    <p class='ocr_par' dir='ltr' id='par_1_103' title="bbox 206 5308 1414 5378">
     <span class='ocr_line' id='line_1_103' title="bbox 206 5308 1414 5378; baseline 0.002 -16"><span class='ocrx_word' id='word_1_643' title='bbox 206 5308 694 5375; x_wconf 85' lang='lat' dir='ltr'><strong>Quemadmodum,</strong></span> <span class='ocrx_word' id='word_1_644' title='bbox 718 5317 855 5373; x_wconf 76' lang='lat' dir='ltr'><strong>etc.,”</strong></span> <span class='ocrx_word' id='word_1_645' title='bbox 878 5319 1138 5378; x_wconf 67' lang='lat' dir='ltr'><strong>praecepta</strong></span> <span class='ocrx_word' id='word_1_646' title='bbox 1170 5318 1284 5373; x_wconf 88' lang='lat' dir='ltr'><strong>tua,</strong></span> <span class='ocrx_word' id='word_1_647' title='bbox 1311 5321 1414 5365; x_wconf 91' lang='lat' dir='ltr'><strong>etc.</strong></span> 
     </span>
    </p>
   </div>
   <div class='ocr_carea' id='block_1_104' title="bbox 281 5394 1767 5473">
    <p class='ocr_par' dir='ltr' id='par_1_104' title="bbox 281 5394 1767 5473">
     <span class='ocr_line' id='line_1_104' title="bbox 281 5394 1767 5473; baseline 0.001 -21"><span class='ocrx_word' id='word_1_648' title='bbox 281 5400 403 5454; x_wconf 83' lang='grc'>105.</span> <span class='ocrx_word' id='word_1_649' title='bbox 430 5400 521 5462; x_wconf 82' lang='lat' dir='ltr'><strong>Et;</strong></span> <span class='ocrx_word' id='word_1_650' title='bbox 548 5398 644 5468; x_wconf 83' lang='grc' dir='ltr'>τὴν</span> <span class='ocrx_word' id='word_1_651' title='bbox 672 5400 917 5468; x_wconf 80' lang='grc' dir='ltr'>καρδίαν,</span> <span class='ocrx_word' id='word_1_652' title='bbox 951 5400 1006 5451; x_wconf 79' lang='grc' dir='ltr'>ἐν</span> <span class='ocrx_word' id='word_1_653' title='bbox 1095 5402 1262 5464; x_wconf 78' lang='grc' dir='ltr'><strong>οἰκεῖς</strong></span> <span class='ocrx_word' id='word_1_654' title='bbox 1280 5442 1294 5465; x_wconf 92' lang='grc'><strong>,</strong></span> <span class='ocrx_word' id='word_1_655' title='bbox 1328 5402 1421 5456; x_wconf 70' lang='grc' dir='ltr'>καὶ</span> <span class='ocrx_word' id='word_1_656' title='bbox 1455 5402 1767 5472; x_wconf 74' lang='grc' dir='ltr'>ἐμπεριπαα-</span> 
     </span>
    </p>
   </div>
   <div class='ocr_carea' id='block_1_105' title="bbox 205 5489 1765 5562">
    <p class='ocr_par' dir='ltr' id='par_1_105' title="bbox 205 5489 1765 5562">
     <span class='ocr_line' id='line_1_105' title="bbox 205 5489 1765 5562; baseline 0.004 -21"><span class='ocrx_word' id='word_1_657' title='bbox 205 5494 355 5554; x_wconf 82' lang='grc' dir='ltr'><strong>τείς,</strong></span> <span class='ocrx_word' id='word_1_658' title='bbox 402 5499 506 5544; x_wconf 89' lang='lat' dir='ltr'><strong>etc.</strong></span> <span class='ocrx_word' id='word_1_659' title='bbox 555 5489 613 5543; x_wconf 92' lang='lat' dir='ltr'><strong>ln</strong></span> <span class='ocrx_word' id='word_1_660' title='bbox 648 5492 845 5555; x_wconf 87' lang='lat' dir='ltr'><strong>corde,</strong></span> <span class='ocrx_word' id='word_1_661' title='bbox 890 5492 944 5545; x_wconf 90' lang='lat' dir='ltr'><strong>in</strong></span> <span class='ocrx_word' id='word_1_662' title='bbox 987 5507 1096 5562; x_wconf 87' lang='lat' dir='ltr'><strong>quo</strong></span> <span class='ocrx_word' id='word_1_663' title='bbox 1137 5491 1349 5547; x_wconf 86' lang='lat' dir='ltr'><strong>habitas</strong></span> <span class='ocrx_word' id='word_1_664' title='bbox 1374 5533 1389 5558; x_wconf 93' lang='lat'><strong>,</strong></span> <span class='ocrx_word' id='word_1_665' title='bbox 1424 5503 1477 5548; x_wconf 93' lang='lat' dir='ltr'><strong>et</strong></span> <span class='ocrx_word' id='word_1_666' title='bbox 1518 5494 1765 5547; x_wconf 79' lang='lat' dir='ltr'><strong>inambu-</strong></span> 
     </span>
    </p>
   </div>
   <div class='ocr_carea' id='block_1_106' title="bbox 207 5584 439 5644">
    <p class='ocr_par' dir='ltr' id='par_1_106' title="bbox 207 5584 439 5644">
     <span class='ocr_line' id='line_1_106' title="bbox 207 5584 439 5644; baseline -0.004 -9"><span class='ocrx_word' id='word_1_667' title='bbox 207 5584 310 5644; x_wconf 82' lang='lat' dir='ltr'><strong>lus,</strong></span> <span class='ocrx_word' id='word_1_668' title='bbox 335 5590 439 5636; x_wconf 90' lang='lat' dir='ltr'><strong>etc.</strong></span> 
     </span>
    </p>
   </div>
   <div class='ocr_carea' id='block_1_107' title="bbox 280 5670 1765 5748">
    <p class='ocr_par' dir='ltr' id='par_1_107' title="bbox 280 5670 1765 5748">
     <span class='ocr_line' id='line_1_107' title="bbox 280 5670 1765 5748; baseline 0.003 -24"><span class='ocrx_word' id='word_1_669' title='bbox 280 5671 399 5727; x_wconf 88' lang='grc'>106.</span> <span class='ocrx_word' id='word_1_670' title='bbox 436 5670 690 5736; x_wconf 75' lang='grc' dir='ltr'>Είςτοὺς</span> <span class='ocrx_word' id='word_1_671' title='bbox 731 5675 915 5739; x_wconf 82' lang='grc' dir='ltr'>ἁγίους</span> <span class='ocrx_word' id='word_1_672' title='bbox 958 5691 1050 5726; x_wconf 86' lang='grc' dir='ltr'><strong>σου</strong></span> <span class='ocrx_word' id='word_1_673' title='bbox 1093 5677 1216 5739; x_wconf 79' lang='grc' dir='ltr'>τοὺς</span> <span class='ocrx_word' id='word_1_674' title='bbox 1259 5675 1375 5729; x_wconf 76' lang='grc' dir='ltr'>καθ’</span> <span class='ocrx_word' id='word_1_675' title='bbox 1407 5678 1639 5748; x_wconf 75' lang='grc' dir='ltr'>ἑκάστην</span> <span class='ocrx_word' id='word_1_676' title='bbox 1672 5695 1765 5746; x_wconf 71' lang='grc' dir='ltr'>γε-</span> 
     </span>
    </p>
   </div>
   <div class='ocr_carea' id='block_1_108' title="bbox 207 5758 1247 5832">
    <p class='ocr_par' dir='ltr' id='par_1_108' title="bbox 207 5758 1247 5832">
     <span class='ocr_line' id='line_1_108' title="bbox 207 5758 1247 5832; baseline 0.001 -18"><span class='ocrx_word' id='word_1_677' title='bbox 207 5758 359 5820; x_wconf 83' lang='grc' dir='ltr'>νεάν,</span> <span class='ocrx_word' id='word_1_678' title='bbox 387 5768 491 5817; x_wconf 90' lang='lat' dir='ltr'><strong>etc.</strong></span> <span class='ocrx_word' id='word_1_679' title='bbox 519 5760 575 5815; x_wconf 94' lang='lat' dir='ltr'><strong>ln</strong></span> <span class='ocrx_word' id='word_1_680' title='bbox 602 5762 803 5815; x_wconf 76' lang='lat' dir='ltr'><strong>sanctis</strong></span> <span class='ocrx_word' id='word_1_681' title='bbox 837 5762 967 5824; x_wconf 89' lang='lat' dir='ltr'><strong>tuis,</strong></span> <span class='ocrx_word' id='word_1_682' title='bbox 994 5762 1107 5832; x_wconf 84' lang='lat' dir='ltr'><strong>qui,</strong></span> <span class='ocrx_word' id='word_1_683' title='bbox 1143 5772 1247 5818; x_wconf 88' lang='lat' dir='ltr'><strong>etc.</strong></span> 
     </span>
    </p>
   </div>
   <div class='ocr_carea' id='block_1_109' title="bbox 282 5850 1757 5929">
    <p class='ocr_par' dir='ltr' id='par_1_109' title="bbox 282 5850 1757 5929">
     <span class='ocr_line' id='line_1_109' title="bbox 282 5850 1757 5929; baseline 0.003 -21"><span class='ocrx_word' id='word_1_684' title='bbox 282 5850 403 5929; x_wconf 80' lang='grc'>107.</span> <span class='ocrx_word' id='word_1_685' title='bbox 458 5850 844 5918; x_wconf 77' lang='grc' dir='ltr'>Ἐθεμελίωσας</span> <span class='ocrx_word' id='word_1_686' title='bbox 876 5850 1047 5905; x_wconf 78' lang='grc' dir='ltr'>πάντα</span> <span class='ocrx_word' id='word_1_687' title='bbox 1090 5854 1180 5907; x_wconf 71' lang='grc' dir='ltr'><strong>τὸν</strong></span> <span class='ocrx_word' id='word_1_688' title='bbox 1212 5855 1432 5926; x_wconf 77' lang='grc' dir='ltr'>κόσμον,</span> <span class='ocrx_word' id='word_1_689' title='bbox 1462 5864 1563 5913; x_wconf 86' lang='lat' dir='ltr'><strong>etc.</strong></span> <span class='ocrx_word' id='word_1_690' title='bbox 1616 5855 1757 5913; x_wconf 75' lang='lat' dir='ltr'><strong>Fun-</strong></span> 
     </span>
    </p>
   </div>
   <div class='ocr_carea' id='block_1_110' title="bbox 1866 5035 3126 5105">
    <p class='ocr_par' dir='ltr' id='par_1_110' title="bbox 1866 5035 3126 5105">
     <span class='ocr_line' id='line_1_110' title="bbox 1866 5035 3126 5105; baseline -0.005 -12"><span class='ocrx_word' id='word_1_691' title='bbox 1866 5046 1965 5101; x_wconf 81' lang='lat' dir='ltr'><strong>est,</strong></span> <span class='ocrx_word' id='word_1_692' title='bbox 1995 5045 2123 5103; x_wconf 85' lang='lat' dir='ltr'><strong>etc.,</strong></span> <span class='ocrx_word' id='word_1_693' title='bbox 2162 5036 2342 5092; x_wconf 82' lang='lat' dir='ltr'><strong>statim</strong></span> <span class='ocrx_word' id='word_1_694' title='bbox 2374 5036 2571 5091; x_wconf 80' lang='lat' dir='ltr'><strong>excidit</strong></span> <span class='ocrx_word' id='word_1_695' title='bbox 2603 5036 2721 5105; x_wconf 84' lang='lat' dir='ltr'><strong>ejus</strong></span> <span class='ocrx_word' id='word_1_696' title='bbox 2747 5035 2998 5097; x_wconf 86' lang='lat' dir='ltr'><strong>dulcedo,</strong></span> <span class='ocrx_word' id='word_1_697' title='bbox 3020 5044 3126 5087; x_wconf 86' lang='lat' dir='ltr'><strong>etc.</strong></span> 
     </span>
    </p>
   </div>
   <div class='ocr_carea' id='block_1_111' title="bbox 1940 5125 3424 5195">
    <p class='ocr_par' dir='ltr' id='par_1_111' title="bbox 1940 5125 3424 5195">
     <span class='ocr_line' id='line_1_111' title="bbox 1940 5125 3424 5195; baseline 0 -15"><span class='ocrx_word' id='word_1_698' title='bbox 1940 5128 2060 5183; x_wconf 84' lang='grc'>125.</span> <span class='ocrx_word' id='word_1_699' title='bbox 2104 5127 2235 5181; x_wconf 81' lang='grc' dir='ltr'><strong>Ἀπὸ</strong></span> <span class='ocrx_word' id='word_1_700' title='bbox 2257 5128 2388 5193; x_wconf 79' lang='grc' dir='ltr'>τῶν,</span> <span class='ocrx_word' id='word_1_701' title='bbox 2418 5139 2549 5193; x_wconf 89' lang='lat' dir='ltr'><strong>etc.,</strong></span> <span class='ocrx_word' id='word_1_702' title='bbox 2583 5125 2914 5195; x_wconf 82' lang='grc' dir='ltr'>συνετίσθην.</span> <span class='ocrx_word' id='word_1_703' title='bbox 2948 5127 2993 5179; x_wconf 75' lang='grc' dir='ltr'>Α</span> <span class='ocrx_word' id='word_1_704' title='bbox 3022 5126 3424 5194; x_wconf 79' lang='lat' dir='ltr'><strong>justiﬂcationi-</strong></span> 
     </span>
    </p>
   </div>
   <div class='ocr_carea' id='block_1_112' title="bbox 1867 5222 2129 5284">
    <p class='ocr_par' dir='ltr' id='par_1_112' title="bbox 1867 5222 2129 5284">
     <span class='ocr_line' id='line_1_112' title="bbox 1867 5222 2129 5284; baseline -0.004 -8"><span class='ocrx_word' id='word_1_705' title='bbox 1867 5222 1989 5284; x_wconf 72' lang='lat' dir='ltr'><strong>lous,</strong></span> <span class='ocrx_word' id='word_1_706' title='bbox 2024 5230 2129 5275; x_wconf 90' lang='lat' dir='ltr'><strong>etc.</strong></span> 
     </span>
    </p>
   </div>
   <div class='ocr_carea' id='block_1_113' title="bbox 1937 5308 3424 5382">
    <p class='ocr_par' dir='ltr' id='par_1_113' title="bbox 1937 5308 3424 5382">
     <span class='ocr_line' id='line_1_113' title="bbox 1937 5308 3424 5382; baseline -0.005 -16"><span class='ocrx_word' id='word_1_707' title='bbox 1937 5312 2060 5366; x_wconf 74' lang='grc'>124.</span> <span class='ocrx_word' id='word_1_708' title='bbox 2096 5313 2281 5375; x_wconf 88' lang='grc' dir='ltr'>Ὅταν,</span> <span class='ocrx_word' id='word_1_709' title='bbox 2328 5321 2455 5372; x_wconf 87' lang='lat' dir='ltr'><strong>etc.,</strong></span> <span class='ocrx_word' id='word_1_710' title='bbox 2499 5312 2678 5379; x_wconf 81' lang='grc' dir='ltr'>φαίνει</span> <span class='ocrx_word' id='word_1_711' title='bbox 2725 5326 2814 5379; x_wconf 82' lang='grc' dir='ltr'>μοι</span> <span class='ocrx_word' id='word_1_712' title='bbox 2854 5312 2883 5363; x_wconf 81' lang='grc' dir='ltr'>ὁ</span> <span class='ocrx_word' id='word_1_713' title='bbox 2912 5309 3072 5379; x_wconf 85' lang='grc' dir='ltr'>νόμος</span> <span class='ocrx_word' id='word_1_714' title='bbox 3119 5326 3210 5362; x_wconf 77' lang='grc' dir='ltr'><strong>σου</strong></span> <span class='ocrx_word' id='word_1_715' title='bbox 3242 5308 3321 5379; x_wconf 83' lang='grc' dir='ltr'>τῷ</span> <span class='ocrx_word' id='word_1_716' title='bbox 3351 5310 3424 5382; x_wconf 66' lang='grc' dir='ltr'>μὴ</span> 
     </span>
    </p>
   </div>
   <div class='ocr_carea' id='block_1_114' title="bbox 1866 5398 3424 5476">
    <p class='ocr_par' dir='ltr' id='par_1_114' title="bbox 1866 5398 3424 5476">
     <span class='ocr_line' id='line_1_114' title="bbox 1866 5398 3424 5476; baseline -0.003 -19"><span class='ocrx_word' id='word_1_717' title='bbox 1866 5403 2229 5476; x_wconf 63' lang='grc' dir='ltr'>προσκόψαντί</span> <span class='ocrx_word' id='word_1_718' title='bbox 2275 5420 2361 5474; x_wconf 86' lang='grc' dir='ltr'>μοι</span> <span class='ocrx_word' id='word_1_719' title='bbox 2406 5401 2746 5473; x_wconf 69' lang='grc' dir='ltr'>[προσκόψαι</span> <span class='ocrx_word' id='word_1_720' title='bbox 2796 5398 2898 5472; x_wconf 84' lang='grc' dir='ltr'><strong>με]</strong></span> <span class='ocrx_word' id='word_1_721' title='bbox 2940 5403 3007 5472; x_wconf 78' lang='grc' dir='ltr'>τῇ</span> <span class='ocrx_word' id='word_1_722' title='bbox 3048 5401 3289 5472; x_wconf 81' lang='grc' dir='ltr'>ἁμαρτίᾳ</span> <span class='ocrx_word' id='word_1_723' title='bbox 3322 5416 3424 5470; x_wconf 76' lang='grc' dir='ltr'>μου</span> 
     </span>
    </p>
   </div>
   <div class='ocr_carea' id='block_1_115' title="bbox 1866 5492 3424 5566">
    <p class='ocr_par' dir='ltr' id='par_1_115' title="bbox 1866 5492 3424 5566">
     <span class='ocr_line' id='line_1_115' title="bbox 1866 5492 3424 5566; baseline -0.004 -17"><span class='ocrx_word' id='word_1_724' title='bbox 1866 5500 2049 5549; x_wconf 81' lang='grc' dir='ltr'>πεσεῖν</span> <span class='ocrx_word' id='word_1_725' title='bbox 2081 5496 2112 5566; x_wconf 80' lang='grc' dir='ltr'>ἢ</span> <span class='ocrx_word' id='word_1_726' title='bbox 2140 5493 2409 5565; x_wconf 82' lang='grc' dir='ltr'>πληγῆναί</span> <span class='ocrx_word' id='word_1_727' title='bbox 2442 5510 2492 5545; x_wconf 82' lang='grc' dir='ltr'><strong>τι</strong></span> <span class='ocrx_word' id='word_1_728' title='bbox 2522 5494 2619 5562; x_wconf 79' lang='grc' dir='ltr'>τῆς</span> <span class='ocrx_word' id='word_1_729' title='bbox 2643 5530 2658 5551; x_wconf 90' lang='grc'><strong>,</strong></span> <span class='ocrx_word' id='word_1_730' title='bbox 2698 5502 2801 5547; x_wconf 88' lang='lat' dir='ltr'><strong>etc.</strong></span> <span class='ocrx_word' id='word_1_731' title='bbox 2830 5492 2999 5556; x_wconf 85' lang='lat' dir='ltr'><strong>Cum,</strong></span> <span class='ocrx_word' id='word_1_732' title='bbox 3041 5506 3169 5554; x_wconf 88' lang='lat' dir='ltr'><strong>etc.,</strong></span> <span class='ocrx_word' id='word_1_733' title='bbox 3204 5503 3424 5561; x_wconf 85' lang='lat' dir='ltr'><strong>apparet</strong></span> 
     </span>
    </p>
   </div>
   <div class='ocr_carea' id='block_1_116' title="bbox 1867 5581 3426 5654">
    <p class='ocr_par' dir='ltr' id='par_1_116' title="bbox 1867 5581 3426 5654">
     <span class='ocr_line' id='line_1_116' title="bbox 1867 5581 3426 5654; baseline -0.005 -12"><span class='ocrx_word' id='word_1_734' title='bbox 1867 5588 1997 5642; x_wconf 89' lang='lat' dir='ltr'><strong>mihi</strong></span> <span class='ocrx_word' id='word_1_735' title='bbox 2025 5587 2110 5641; x_wconf 80' lang='lat' dir='ltr'><strong>lex</strong></span> <span class='ocrx_word' id='word_1_736' title='bbox 2139 5596 2250 5650; x_wconf 87' lang='lat' dir='ltr'><strong>tua,</strong></span> <span class='ocrx_word' id='word_1_737' title='bbox 2279 5601 2345 5639; x_wconf 90' lang='lat' dir='ltr'><strong>ne</strong></span> <span class='ocrx_word' id='word_1_738' title='bbox 2371 5584 2648 5640; x_wconf 71' lang='lat' dir='ltr'><strong>otl‘endens</strong></span> <span class='ocrx_word' id='word_1_739' title='bbox 2682 5584 2733 5637; x_wconf 91' lang='lat' dir='ltr'><strong>in</strong></span> <span class='ocrx_word' id='word_1_740' title='bbox 2767 5593 3049 5654; x_wconf 89' lang='lat' dir='ltr'><strong>peccatum</strong></span> <span class='ocrx_word' id='word_1_741' title='bbox 3098 5581 3308 5647; x_wconf 87' lang='lat' dir='ltr'><strong>cadam,</strong></span> <span class='ocrx_word' id='word_1_742' title='bbox 3332 5592 3426 5636; x_wconf 89' lang='lat' dir='ltr'><strong>aut</strong></span> 
     </span>
    </p>
   </div>
   <div class='ocr_carea' id='block_1_117' title="bbox 1866 5674 3425 5748">
    <p class='ocr_par' dir='ltr' id='par_1_117' title="bbox 1866 5674 3425 5748">
     <span class='ocr_line' id='line_1_117' title="bbox 1866 5674 3425 5748; baseline -0.003 -16"><span class='ocrx_word' id='word_1_743' title='bbox 1866 5677 2069 5748; x_wconf 83' lang='lat' dir='ltr'><strong>aliquid</strong></span> <span class='ocrx_word' id='word_1_744' title='bbox 2101 5677 2297 5731; x_wconf 86' lang='lat' dir='ltr'><strong>mentis</strong></span> <span class='ocrx_word' id='word_1_745' title='bbox 2328 5690 2459 5729; x_wconf 64' lang='lat' dir='ltr'><strong>mea:</strong></span> <span class='ocrx_word' id='word_1_746' title='bbox 2483 5677 2818 5741; x_wconf 81' lang='lat' dir='ltr'><strong>vulneretur,</strong></span> <span class='ocrx_word' id='word_1_747' title='bbox 2850 5684 2903 5729; x_wconf 90' lang='lat' dir='ltr'><strong>et</strong></span> <span class='ocrx_word' id='word_1_748' title='bbox 2933 5674 3204 5729; x_wconf 86' lang='lat' dir='ltr'><strong>illuminat</strong></span> <span class='ocrx_word' id='word_1_749' title='bbox 3233 5687 3339 5738; x_wconf 85' lang='lat' dir='ltr'><strong>me,</strong></span> <span class='ocrx_word' id='word_1_750' title='bbox 3364 5683 3425 5727; x_wconf 89' lang='lat' dir='ltr'><strong>ut</strong></span> 
     </span>
    </p>
   </div>
   <div class='ocr_carea' id='block_1_118' title="bbox 1866 5766 2462 5839">
    <p class='ocr_par' dir='ltr' id='par_1_118' title="bbox 1866 5766 2462 5839">
     <span class='ocr_line' id='line_1_118' title="bbox 1866 5766 2462 5839; baseline -0.01 -14"><span class='ocrx_word' id='word_1_751' title='bbox 1866 5772 2029 5825; x_wconf 84' lang='lat' dir='ltr'><strong>sciam</strong></span> <span class='ocrx_word' id='word_1_752' title='bbox 2063 5769 2191 5839; x_wconf 79' lang='lat' dir='ltr'><strong>quid</strong></span> <span class='ocrx_word' id='word_1_753' title='bbox 2226 5766 2462 5823; x_wconf 77' lang='lat' dir='ltr'><strong>faciam?</strong></span> 
     </span>
    </p>
   </div>
  </div>
