4142 6476
211 421 354 476 12ἳ1

473 535 594 606 ῼδὴ
635 551 751 587 των
775 533 1162 603 Ἀναεαθμών.
1196 537 1367 588 ΨΑΑ.
1409 532 1537 587 PK'.

291 627 343 680 1,
365 623 512 696 ’ἰΙρα
564 625 688 687 τοὺς
732 622 1039 694 ὀφθαλμούς
1069 641 1168 694 μου
1213 626 1291 685 εἰς
1316 631 1382 676 τά
1408 624 1528 692 ὅρη,
1561 621 1680 674 ὅθεν
1709 622 1780 690 ((ι)

205 719 336 788 ἣξει
367 721 397 788 ὴ
439 716 655 788 βοήθειά
693 733 811 785 μου.

291 808 345 862 2.
376 810 435 860 'H
472 807 692 878 βοήθειά
723 823 821 876 μου
852 805 1000 875 παρὰ
1025 804 1250 876 Κυρίου,

287 900 340 952 3.
382 899 485 951 Τοῦ
521 900 840 968 ποιήσαντος
869 897 958 948 τὸν
989 897 1212 966 ούρανδν
1237 897 1329 949 καὶ
1357 896 1453 967 τὴν
1487 895 1603 965 γῆν.

287 993 344 1045 4.
385 992 473 1050 Μὴ
503 991 641 1060 δῴης
671 992 749 1052 είς
775 989 932 1042 σάλον
955 989 1046 1041 τὸν
1081 989 1214 1040 πόδα
1246 1005 1360 1052 σου,

287 1084 343 1137 5.
383 1083 532 1152 Μηδὲ
559 1080 792 1152 νυστάξῃ
821 1083 848 1134 6
871 1081 1154 1148 φυλάσσων
1181 1096 1257 1132 σε.

286 1175 342 1230 6.
371 1175 496 1227 Ἰδοὺ
530 1174 589 1227 ού
611 1174 878 1238 νυστάξει,
906 1171 1024 1224 οὐδὲ
1051 1169 1283 1224 ὑπνώσει
1318 1171 1345 1221 ὀ
1378 1167 1662 1238 φυλάσσων
1691 1165 1780 1218 τὸν

219 1267 465 1340 Ἰσραήλ.

285 1358 340 1413 7.
377 1358 575 1430 Κύριος
599 1356 818 1428 φυλάξοι
849 1373 929 1421 σε,

283 1449 338 1504 8.
370 1449 571 1520 Κύριος
605 1449 777 1520 σκέπη
808 1464 887 1500 σοι
905 1444 1047 1519 [σου]
1071 1447 1160 1498 ἐπὶ
1185 1447 1341 1516 χεῖρα
1362 1443 1540 1510 δεξιάν
1579 1461 1693 1496 σου.

283 1646 336 1701 9.
382 1648 620 1719 Ἡμέρας
643 1649 670 1701 6
699 1649 847 1718 ἣλιος
878 1648 936 1702 ού
972 1644 1266 1714 συγκαύσει
1289 1661 1382 1698 σε·

284 1740 373 1795 10.
400 1741 529 1794 Οὐδὲ
557 1743 590 1810 ἡ
625 1739 818 1810 σελήνη
853 1739 951 1808 τὴν
968 1736 1156 1790 νύκτα.

285 1833 369 1888 11.
405 1833 608 1903 Κύριος
640 1831 863 1901 φυλάξοι
895 1847 952 1883 σε
984 1829 1089 1882 ἀπὸ
1120 1827 1318 1890 παντὸς
1340 1826 1510 1879 κακοῦ
1530 1840 1543 1854 ·

280 1922 365 1976 12.
399 1922 623 1987 Φυλάξοι
650 1923 747 1991 τὴν
773 1921 948 1990 ψυχήν
978 1937 1070 1972 σου
1094 1921 1121 1970 6
1150 1917 1372 1988 Κύριος.

1110 415 1194 471 DE
1233 415 1508 472 TITULIS
1546 409 1994 469 PSALMORUM.
2033 441 2103 449 —
2145 407 2340 462 PSAL.
2379 406 2535 464 CXX.

3312 407 3448 461 1122

2143 523 2417 581 Canticum
2450 521 2741 577 Graduum.
2775 519 2969 572 PSAL.
3005 518 3171 573 CXX.

1958 618 2005 670 1.
2048 615 2242 671 Levavi
2297 615 2483 670 oculos
2535 629 2683 666 meos
2739 613 2791 664 in
2844 618 3072 674 montes,
3109 608 3247 662 unde
3272 608 3448 662 veniet

1884 711 2140 764 auxilium
2176 709 2329 763 mihi.

1951 802 2004 855 9..
2048 800 2324 854 Auxilium
2358 812 2533 852 mcum
2562 811 2589 848 τι
2623 794 2870 854 Domino,

1950 893 2004 947 5.
2045 893 2147 959 Qui
2177 892 2304 947 fecit
2335 891 2530 946 caelum
2558 897 2609 942 et
2641 899 2860 942 terram.

1951 988 2003 1041 4.
2045 988 2161 1042 Νοη
2195 989 2284 1042 det
2313 988 2363 1040 in
2392 986 2810 1041 commotionem
2839 982 3028 1051 pedem
3058 990 3233 1043 tuum.

1950 1082 2004 1135 5.
2045 1079 2230 1151 Neque
2260 1079 2511 1134 dormitet
2538 1077 2628 1146 qui
2665 1074 2902 1130 custodit
2931 1086 3000 1127 te.

1950 1173 2003 1226 6.
2045 1172 2182 1227 Ecce
2213 1187 2320 1225 non
2355 1169 2690 1234 dormitabit,
2747 1181 2921 1236 neque
2969 1161 3202 1218 dormiet
3234 1162 3323 1231 qui
3352 1177 3446 1215 ce-

1882 1265 2043 1320 stodit
2071 1264 2252 1319 Israel.

1950 1359 2002 1411 7.
2038 1357 2296 1412 Dominus
2320 1354 2555 1412 custodit
2585 1363 2633 1408 te
2658 1372 2670 1406 :

1951 1449 2002 1504 8.
2035 1448 2295 1504 Dominus
2317 1449 2580 1518 protectio
2603 1455 2712 1510 tua,
2733 1457 2896 1519 super
2915 1454 3136 1494 manum
3166 1436 3440 1491 dexteram

1881 1550 2049 1594 tuam.

1951 1636 2000 1690 9.
2031 1633 2128 1688 Per
2152 1633 2291 1708 diem
2322 1629 2402 1685 sol
2431 1643 2537 1683 non
2567 1635 2689 1681 uret
2719 1635 2767 1680 te
2794 1642 2808 1679 :

1951 1727 2037 1780 10.
2070 1724 2252 1793 Neque
2282 1723 2406 1775 luna
2442 1735 2536 1787 per
2560 1727 2792 1772 noctem.

1951 1818 2037 1871 il.
2072 1814 2331 1869 Dominus
2354 1810 2588 1868 custodit
2616 1821 2666 1864 te
2695 1809 2762 1862 ab
2790 1807 2936 1865 omni
2967 1808 3141 1861 malo:

1806 1891 1847 1947 Β
1946 1906 2032 1960 12.
2059 1905 2344 1960 Custodiat
2371 1901 2607 1956 animam
2639 1909 2787 1952 tuam
2816 1896 3098 1952 Dominus.

284 2035 359 2104 (α)
390 2031 542 2088 Vers.
573 2033 627 2088 Ξ.
649 2033 816 2087 Πόθεν
840 2033 980 2104 ἥξει,
1009 2041 1112 2087 etc.
1145 2029 1299 2086 Vers.
1329 2030 1463 2085 ’5.’ῐ1
1487 2027 1763 2100 eoseum

1866 2069 1870 2089 ,
1909 2024 2006 2095 τὴν
2039 2021 2161 2094 γῆν.

1322 2158 1695 2214 ATHANASII
1734 2151 2320 2211 lNTERPRETATlO.

287 2304 352 2356 Ἦ
381 2303 712 2374 προκειμένη
737 2302 1009 2374 ἐπιγραφὴ
1035 2303 1294 2375 περιέχει*
1325 2302 1465 2373 ’ῼδὴ
1486 2301 1604 2355 τῶν
1623 2297 1990 2368 Ἀναϐαθμῶν
2008 2315 2021 2329 ο
2053 2293 2432 2366 ἐξομολόγησις
2461 2291 2535 2364 (1)
2563 2287 2671 2342 τῶν
2694 2286 2947 2340 ἀνιέντων
2974 2285 3082 2339 ἀπὸ
3101 2283 3195 2339 τοῦ
3226 2281 3438 2356 πρώτου

195 2392 417 2464 βαθμοῦ
454 2395 545 2447 ἐπὶ
577 2395 668 2449 τὸν
700 2394 968 2466 δεύτερον.
1001 2397 1275 2449 τουτέστιν
1300 2395 1406 2449 ἀπὸ
1436 2395 1535 2465 τῆς
1576 2394 2010 2464 ὲξομολογήσεως
2037 2390 2144 2445 τῶν
2186 2386 2466 2459 ἁμαρτιῶν
2509 2383 2623 2454 ἃμα
2653 2382 2840 2453 νήφειν
2869 2382 2934 2451 τῇ
2982 2380 3059 2450 (2)
3089 2378 3316 2448 διανοίᾳ,
3347 2375 3438 2428 καὶ

197 2487 303 2555 τὴν
334 2486 578 2557 βοήθειαν
603 2487 765 2542 αὑτοῦ
795 2490 1194 2558 ἐπιγινώσκειν,
1227 2491 1415 2560 ὅτιπερ
1443 2488 1588 2557 παρὰ
1612 2486 1744 2540 Θεοῦ
1769 2488 1937 2540 ἐστιν.

278 2575 498 2632 Titulus
517 2579 837 2647 praepositus
871 2580 1113 2633 continet
1148 2598 1160 2632 :
1192 2577 1469 2632 Canticum
1501 2574 1813 2640 Graduum;
1847 2571 2120 2630 confessio
2148 2567 2554 2627 ascendentium
2579 2580 2607 2617 a
2635 2564 2811 2632 primo
2840 2562 3008 2632 gradu
3037 2560 3088 2616 in
3118 2560 3435 2623 secundum,

196 2671 308 2723 hoc
339 2677 419 2722 est
455 2685 484 2722 a
512 2669 853 2724 confessione
880 2679 1224 2738 peccatorum
1251 2669 1318 2724 ad
1342 2669 1507 2724 simul
1535 2667 1906 2737 evigilandum
1939 2674 2139 2728 mente,
2174 2672 2228 2717 et
2252 2663 2319 2716 ad
2343 2655 2747 2731 agnoscendum
2776 2653 3037 2707 auxilium
3081 2667 3261 2718 suum,
3292 2652 3437 2722 quod

193 2778 229 2814 ι
266 2761 377 2816 Deo
401 2770 503 2817 est.

274 2855 330 2908 1.
365 2855 632 2908 Ἀνέτεινα
687 2857 811 2919 τοὺς
858 2855 1165 2926 ὀφθαλμοὺς
1225 2856 1320 2925 τῆς
1372 2853 1608 2917 διανοίας
1664 2869 1765 2924 μου

1936 2850 1989 2904 1.
2047 2846 2253 2902 Intendi
2287 2844 2473 2899 oculos
2505 2843 2701 2894 mentis
2746 2854 2879 2893 mea!
2923 2837 2989 2894 ad
3040 2835 3366 2891 audiendum
3402 2850 3434 2890 a

193 2946 432 3002 ἀκοῦσαι
476 2949 622 3019 παρὰ
666 2948 772 3002 τῶν
814 2949 983 3016 ἁγίων
1013 2950 1050 3000 Γ
1055 2948 1263 3019 ραφῶν,
1300 2948 1460 3002 πόθεν
1493 2944 1763 3000 ἐλεύσεται

1867 2939 2068 2996 sanctis
2100 2934 2409 3005 Scripturis,
2447 2930 2588 2986 unde
2619 2929 2797 2984 veniet
2825 2929 3090 2982 auxilium
3119 2927 3276 2981 mihi.

195 3042 234 3108 ἡ
259 3037 479 3109 βοήθειά
502 3057 622 3108 μου.

274 3128 329 3191 2,
370 3130 422 3182 5.
473 3131 580 3182 Καὶ
623 3131 827 3200 ἥκουσα
867 3132 923 3183 ὲν
963 3129 1170 3193 αὑταῖς,
1208 3130 1288 3183 ὅτι
1335 3131 1368 3201 ἡ
1405 3129 1623 3201 βοήθειά
1670 3145 1770 3199 μου

192 3219 352 3290 παρὰ
385 3221 588 3291 Κυρίου
619 3221 797 3274 ἔσεται
827 3222 901 3292 (5)
929 3221 1023 3276 τοῦ
1053 3221 1382 3294 δημιουργοῦ
1417 3223 1630 3275 πάντων
1663 3219 1769 3272 τῶν
1797 3255 1837 3309 C

191 3312 412 3383 ὁρατῶν
446 3314 539 3366 καὶ
570 3314 676 3366 τῶν
699 3315 965 3385 ἀοράτων.

268 3406 324 3458 4.
365 3405 704 3476 Παραγγελεῖ
740 3408 814 3476 (1)
839 3404 983 3475 αὐτῷ
1009 3405 1191 3459 λοιπὸν
1214 3406 1241 3457 6
1261 3403 1391 3468 Θεός
1410 3420 1422 3433 ·
1456 3402 1667 3473 Μηκέτι
1691 3401 1770 3466 είς

1937 3113 1992 3175 2,
2018 3113 2070 3166 5.
2109 3110 2173 3163 Et
2196 3126 2258 3163 ex
2292 3109 2422 3176 ipsis
2449 3105 2649 3168 audivi,
2673 3104 2815 3174 quod
2848 3102 3106 3157 auxilium
3128 3117 3306 3156 meum
3331 3101 3434 3154 erit

1873 3220 1902 3259 a
1932 3199 2165 3257 Domino
2199 3209 2442 3255 creatore
2487 3197 2781 3251 visibilium
2814 3195 3058 3247 onmium
3087 3203 3140 3247 et
3184 3192 3430 3247 invisibi-

1873 3298 2380 3442 hu2:.Deniiiitiabit
2409 3379 2601 3435 deinde
2629 3376 2728 3446 ipsi
2761 3375 2901 3430 Deus
2935 3371 3053 3428 :Ne
3082 3373 3315 3442 amplius
3347 3375 3429 3427 in-

192 3497 291 3549 τδν
309 3497 517 3549 ὄλισθον
533 3497 639 3548 τῶν
658 3497 819 3566 προτὲ
830 3514 935 3566 ρων
955 3513 1046 3548 σου
1064 3496 1467 3566 ἁμαρτημάτων
1484 3492 1763 3561 περιπάτει

1868 3481 2028 3534 cedas
2084 3479 2137 3530 in
2183 3476 2390 3528 lubrico
2440 3470 2773 3523 antcriorum
2816 3478 3030 3521 tuorum
3059 3473 3425 3534 peccatorum.

193 3586 590 3660 (περιπατεῖν).
638 3586 835 3650 Σάλος
880 3587 986 3655 γὰρ
1021 3583 1346 3652 πειρασμὸς
1389 3582 1762 3652 ἑρμηνεύεται.

268 3679 323 3734 5.
356 3678 506 3750 Μηδὲ
535 3679 589 3731 δὲ
635 3677 855 3750 ύπνώσῃ
897 3681 924 3730 ὀ
956 3677 1078 3740 νοῦς
1107 3693 1199 3729 σου
1229 3674 1322 3728 τοῦ
1353 3672 1535 3727 λοιποῦ
1564 3675 1641 3736 εἰς
1669 3672 1765 3743 τὴν

189 3771 491 3842 ἁμαρτίαν,
521 3769 654 3823 ἀλλὰ
705 3769 1065 3842 γρηγορείτω,
1107 3766 1203 3822 καὶ
1253 3764 1631 3840 προσευχέσθω
1671 3762 1762 3816 τοῦ

195 3864 275 3932 μὴ
304 3865 561 3932 ἐμπεσεῖν
589 3861 667 3925 είς
689 3860 1013 3931 πειρασμόν.

267 3952 324 4005 6.
353 3951 483 4005 Ἰδοὺ
531 3950 695 4023 [οὐδὲ]
753 3952 1010 4022 στιγμὴν,
1077 3946 1442 4019 οὖδὲ·χρόνον
1507 3944 1764 4018 παραλεί-

195 4060 292 4096 πει
326 4044 403 4114 (5)
437 4046 464 4097 6
497 4043 627 4105 Θεὸς
668 4042 900 4113 ἐφορῶν,
940 4041 1032 4094 καὶ
1069 4041 1354 4110 φυλάσσων
1386 4038 1476 4091 τὸν
1510 4038 1633 4093 νοῦν
1673 4037 1762 4092 τὸν

191 4135 410 4205 ὁρῶντα
429 4135 608 4189 αὐτόν.
645 4133 890 4202 Ἰσραὴλ
910 4132 1017 4204 γὰρ
1042 4130 1397 4204 ἑρμηνεύεται
1417 4129 1570 4198 ὀρῶν
1594 4129 1758 4184 Θεόν.

269 4229 400 4294 7,8.
430 4230 632 4301 Κύριος
655 4230 717 4280 ὲκ
744 4226 932 4293 δεξιῶν
982 4226 1075 4280 σού
1125 4227 1272 4278 ἐστιν
1329 4221 1614 4292 φυλάσσων
1667 4221 1761 4276 καὶ

193 4320 418 4375 σκέπων
450 4318 521 4390 (6)
560 4321 637 4381 εἰς
662 4318 729 4370 τὰ
757 4317 894 4387 ἔργα
921 4315 1287 4385 δικαιοσύνης.

266 4417 320 4469 9.
366 4414 453 4466 Ἐν
478 4411 554 4483 τῷ
590 4413 726 4480 φωτὶ
750 4410 824 4465 ὣν
849 4412 920 4482 (7)
953 4408 1124 4484 [ὄντα]
1162 4412 1308 4461 πᾶσα
1334 4407 1508 4478 θέρμη
1535 4420 1761 4477 πειρασ-

193 4502 303 4569 μοῦ
331 4502 390 4556 ού
430 4503 650 4573 ξηρανεί
682 4517 740 4554 σε
761 4515 773 4530 ⁸
811 4500 952 4571 ἔχεις
999 4499 1106 4570 γὰρ
1135 4499 1190 4552 ὲν
1219 4499 1428 4558 ἑαυτοῖς
1457 4495 1555 4566 τὴν
1582 4494 1760 4565 πηγὴν

188 4595 293 4664 τῆς
320 4593 482 4663 ζωῆς.

267 4685 352 4738 10.
382 4684 513 4737 Οὐδὲ
567 4685 600 4755 ἡ
651 4682 831 4754 ἀπάτη
863 4682 954 4736 τοῦ
986 4682 1102 4753 βίου
1136 4681 1322 4737 τούτου
1356 4681 1413 4732 ἐν
1468 4677 1546 4749 τῷ
1579 4677 1758 4730 σκότει

193 4775 474 4847 κυριεύσει
511 4791 625 4828 σου.

267 4867 356 4930 11,
394 4867 477 4920 12.
520 4868 606 4920 Ἐν
643 4869 707 4939 τῇ
738 4866 917 4939 ἡμέρᾳ
961 4866 1058 4936 τῆς
1103 4863 1330 4936 κρίσεως
1384 4863 1413 4915 ὁ
1456 4859 1657 4932 Κύριος
1695 4861 1756 4914 οὐ

193 4955 494 5022 συγκαύσει
527 4974 617 5009 σε’
647 4957 707 5009 ού
753 4957 861 5026 γὰρ
894 4955 1107 5025 μέλλεις
1152 4954 1292 5024 ἔχειν
1333 4951 1557 5004 τοιαῦτα
1595 4949 1754 5018 ἔργα,

194 5049 315 5121 μέξΓ
341 5042 413 5100 ὧν
435 5047 681 5116 ὡφείλεις
704 5047 780 5118 τῷ
808 5047 938 5117 πυρὶ
963 5044 1351 5115 παραδοθῆναι.
1378 5042 1546 5110 οῦδὲή
1584 5040 1752 5110 πρόσ-

190 5159 383 5212 καιρος
407 5141 532 5206 δόξα
559 5139 667 5193 τῶν
693 5138 964 5210 ἀρχόντων
988 5137 1080 5190 τοῦ
1121 5137 1323 5206 κόσμου
1358 5134 1544 5186 τούτου
1568 5134 1599 5201 ἡ
1634 5131 1752 5183 κατ’

189 5233 368 5300 ὀλίγον
401 5230 681 5300 φθίνουσα,
715 5230 900 5301 ὥσπερ
926 5231 960 5300 ή
1003 5228 1195 5298 σελήνη
1217 5269 1230 5292 ,
1260 5221 1752 5280 καταδυναστεύσει

191 5339 289 5374 σου
329 5320 424 5389 (8).

1785 4591 1835 4649 D

1868 3569 2020 3624 Salos
2047 3569 2188 3620 enim
2215 3564 2432 3618 tentatio
2463 3563 2865 3628 interpretatur.

1936 3659 1985 3712 5.
2025 3657 2206 3728 Neque
2237 3671 2388 3709 mens
2427 3663 2515 3706 tua
2550 3651 2785 3705 dormiat
2819 3649 2869 3700 in
2903 3658 3175 3716 posterum
3207 3647 3260 3700 in
3299 3661 3426 3717 pec-

1865 3761 2008 3815 cato,
2042 3751 2133 3807 sed
2164 3749 2365 3819 vigilet,
2392 3757 2444 3801 ct
2473 3756 2607 3810 oret,
2641 3760 2704 3798 ne
2736 3743 2937 3797 incidat
2965 3741 3016 3794 in
3046 3741 3418 3793 teutationem.

1934 3846 1986 3899 6.
2024 3843 2161 3899 Ecce
2201 3858 2373 3912 neque
2405 3850 2682 3910 punctum,
2719 3851 2893 3905 neque
2927 3843 3253 3887 momentum
3290 3845 3425 3902 prc-

1866 3938 1990 3993 terit
2024 3936 2185 3996 Deus.
2218 3935 2271 3986 in
2316 3948 2424 4002 quo
2478 3946 2584 3984 non
2625 3928 2867 3997 aspiciat,
2897 3935 2950 3979 et
2975 3924 3244 3979 custodiat
3271 3938 3423 3976 men-

1864 4039 1970 4084 tem
2001 4028 2266 4082 videntem
2298 4039 2442 4078 eum.
2474 4020 2646 4075 Israel
2676 4019 2820 4074 enim
2846 4017 3228 4086 interpretatur
3247 4014 3424 4067 videns

1863 4123 2050 4176 Deum.

1934 4211 1985 4276 7,
2013 4209 2066 4264 8.
2111 4206 2372 4262 Dominus
2408 4221 2440 4259 a
2481 4203 2686 4258 dextris
2710 4201 2818 4256 tuis
2859 4209 2942 4255 est
2988 4197 3335 4261 custodiens,
3369 4204 3425 4250 et

1861 4314 2145 4375 protegens
2171 4302 2222 4354 in
2255 4312 2415 4368 opera
2437 4295 2683 4366 iustitiae.

1928 4397 1982 4452 9.
2013 4397 2068 4449 ln
2098 4395 2215 4447 luce
2245 4397 2649 4460 permanentem
2691 4385 2868 4440 omnis
2912 4380 3224 4438 tentationis
3253 4389 3419 4433 aestus

1863 4505 1971 4544 non
2011 4498 2062 4543 te
2091 4495 2320 4550 exuret;
2366 4482 2533 4537 habes
2569 4479 2714 4535 enim
2751 4479 2803 4531 in
2831 4476 3003 4544 teipso
3031 4474 3233 4528 fontem
3269 4474 3414 4525 vitaz.

1932 4670 2009 4724 10.
2044 4666 2228 4736 Neque
2253 4663 2495 4732 dcceplio
2520 4661 2681 4731 hujus
2720 4659 2840 4713 vitae
2885 4657 2939 4711 in
2975 4655 3211 4711 tenebris
3241 4656 3417 4711 domi-

1854 4762 2070 4816 nabitur
2099 4759 2214 4814 tibi.

1926 4855 2013 4917 11,
2049 4853 2131 4906 l2.
2169 4853 2225 4904 ln
2261 4849 2347 4904 die
2375 4845 2565 4916 judicii
2594 4842 2860 4896 Dominus
2895 4854 2998 4894 non
3031 4847 3080 4892 te
3110 4837 3414 4894 comburet,

1857 4967 1962 5006 non
1991 4950 2134 5004 enim
2165 4947 2448 5000 habiturus
2479 4953 2560 4997 est
2584 4941 2706 4994 talia
2741 4952 2928 5008 Opera,
2962 4934 3284 5005 quibuscum
3308 4930 3417 4998 igni

1861 5041 2154 5096 tradendus
2198 5038 2273 5091 sis
2312 5049 2485 5103 neque
2535 5029 2861 5101 temporaria
2905 5027 3070 5096 gloria
3113 5023 3414 5091 principum

1863 5131 2024 5200 hujus
2068 5126 2252 5182 mundi
2294 5124 2547 5194 paulatim
2576 5119 2851 5182 deﬁciens,
2881 5118 3021 5171 sicut
3066 5112 3211 5166 luna.
3239 5109 3416 5166 domi-

1860 5225 2077 5277 nabitur
2108 5223 2161 5274 in
2197 5229 2266 5273 te.

1150 5408 1444 5470 Addenda
1478 5414 1537 5469 et
1577 5403 1949 5484 corrigenda
1981 5419 2059 5462 ex
2111 5399 2251 5461 cod.
2285 5397 2482 5458 V'alic.

264 5516 338 5585 (1)
365 5515 426 5566 Ἦ
454 5513 539 5565 διὰ
575 5515 671 5584 τῆς
702 5513 1066 5582 κινναϐάρεως
1107 5509 1382 5580 περιέχει·
1437 5510 1510 5579 ’ῼ.
1565 5525 1614 5560 τ.
1665 5507 1747 5560 Ἀ.

189 5590 328 5642 ὅπερ
365 5583 717 5642 ἑρμηνεύεται
747 5583 1145 5642 ἐξομολόγησις.
1177 5592 1278 5633 etc.

266 5603 328 5707 εξ
365 5601 717 5664 ερμηνευεται
747 5601 1145 5652 εζομολογησις.
1177 5601 1278 5633 ctu.

263 5655 282 5725 (
324 5663 339 5721 )
380 5657 489 5723 Της
519 5653 736 5724 πρώτης
768 5653 1196 5722 ἐξομολογήσεως
1218 5667 1266 5703 τ.
1295 5651 1348 5703 ἁ.
1372 5650 1596 5720 ἄρχεται
1621 5649 1749 5701 ἁνα-

189 5728 491 5798 νήφξινῌτῇ,
528 5738 629 5778 etc.

287 5789 568 5860 5)”Εσται,
600 5804 725 5858 etc.,
758 5795 953 5849 desunt
986 5791 1092 5844 duo
1118 5789 1241 5842 τῶν.

286 5863 339 5933 1)
380 5863 768 5933 Παραγγέλλει,
796 5876 922 5929 etc.,
960 5862 1356 5931 περιπατήσης,
1389 5868 1493 5913 etc.

1918 5503 1992 5580 (ὅ)
2011 5501 2232 5580 -Χμνον
2261 5500 2320 5551 οὐ
2349 5496 2697 5569 παραλείπει,
2727 5491 2976 5557 εις.,τῶν
3001 5487 3415 5562 ὀρώντων,ειο.,

1846 5572 1967 5633 νοῦς
2001 5574 2028 5623 ὁ
2067 5572 2159 5626 ὧν,
2191 5582 2292 5622 etc.

1916 5641 1988 5692 (6)
2020 5589 2292 5692 ιῐυλάτςωη

1916 5646 1988 5709 (ii)

2068 5640 2308 5693 υλάτςων
2334 5655 2414 5698 σε,
2445 5637 2542 5689 xui.
2566 5634 2784 5688 σκέπων
2813 5649 2892 5694 σε,
2925 5639 3029 5685 etc.

1918 5699 1992 5779 (7)
2022 5711 2160 5762 Φωτί
2190 5727 2280 5762 σου
2311 5709 2480 5779 ὄντος,
2516 5718 2644 5768 etc.,
2678 5707 2735 5758 ἐν
2764 5699 2959 5771 ἑαυτῷ.

1919 5777 1992 5850 (8)
2027 5777 2494 5834 Καταδυναστεύει
2520 5793 2633 5828 σου.
