4142 6498
741 405 877 459 1225
1556 397 1610 452 S.
1651 397 2018 453 ATIIANASH
2067 400 2216 454 OPP.
2256 400 2436 453 PARS
2477 399 2561 453 111.
2608 432 2673 442 --
2712 399 3120 456 EXEGETICA.
3849 399 3986 454 1224

810 523 892 576 13.
929 519 1182 575 Dominus
1206 519 1472 575 custodiat
1501 518 1782 572 introitum
1813 527 1962 572 tuum
1999 529 2050 572 et
2080 519 2284 572 exitum
2316 526 2362 578 Α

2348 547 2362 578 ι
2461 519 2544 571 15.
2579 519 2777 588 Κύριος
2805 520 3142 590 φυλάξοιτὴν
3171 522 3371 573 εῖσοδὸν
3405 538 3496 573 σου
3539 520 3638 574 καὶ
3661 519 3761 589 τὴν
3801 517 3984 584 ἐξοδόν

735 626 909 677 tuum,
2397 629 2486 664 σου

809 706 891 759 14.
919 703 994 756 Ex
1025 703 1125 756 llOC
1155 716 1300 755 nunc
1326 709 1379 754 et
1408 715 1576 769 usque
1607 700 1658 753 in
1697 709 1983 753 saccutum.

1929 716 1983 752 n-
2466 706 2547 758 H.
2591 705 2722 758 Ἀπὸ
2748 704 2840 758 τοῦ
2867 704 2959 756 νῦν
2981 705 3073 756 καὶ
3092 705 3194 769 ἕως
3228 705 3322 757 τοῦ
3345 706 3565 768 αἰῶνος.

992 816 1267 872 Canticum
1296 816 1571 882 graduum.
1600 815 1798 870 PSAL.
1830 815 2035 871 CXXI.
2624 819 2628 829 ‘

2624 818 2762 889 ’ῼδὴ
2789 817 2907 870 τῶν
2943 818 3328 888 Ἀναὸαθμῶν.
3361 822 3536 873 ΨΑΛ.
3571 822 3749 872 PKA’.

808 914 856 965 1.
887 919 1121 964 Lanatus
1148 924 1265 962 sum
1299 909 1352 960 in
1381 909 1464 962 his
1491 925 1610 978 qua:
1639 909 1782 962 dicta
1815 917 1938 964 sunt
1974 911 2142 965 mihi:

2053 911 2142 965 lii:
2469 915 2513 966 1.
2551 914 2626 980 (α)
2668 912 2991 983 Εὑφράνθην
3022 914 3112 964 ἐπὶ
3141 917 3252 976 τοῖς
3275 913 3522 985 είρηκόσι
3549 929 3642 982 μοι
3666 929 3680 938 ·

803 1004 856 1055 Ξ.
888 1002 943 1055 1η
977 1001 1194 1052 domum
1223 999 1430 1053 Domini
1456 1001 1678 1055 ibimus.

2465 1004 2517 1057 Ξ.
2547 1006 2638 1066 Εἰς
2673 1002 2818 1057 οἷκον
2845 1005 3051 1076 Κυρίου
3080 1005 3477 1075 πορευσόμεθα.

805 1097 858 1149 5.
889 1093 1102 1148 Stantes
1132 1102 1283 1148 erant
1309 1093 1470 1162 pedes
1505 1094 1674 1146 nostri
1713 1093 1766 1146 in
1797 1094 1948 1148 atriis
1981 1095 2108 1159 tuis,
2135 1093 2294 1151 Jeru-

2467 1095 2519 1148 5.
2559 1095 2820 1156 Ἐστῶτες
2847 1091 2984 1166 ἦσαν
3019 1097 3065 1148 οἱ
3108 1095 3266 1158 πόδες
3320 1095 3478 1165 ἡμῶν
3513 1097 3572 1151 ἐν
3613 1096 3739 1157 ταῖς
3781 1094 3977 1154 αὐλαῖς

734 1188 899 1242 salem
934 1205 945 1240 :

2401 1203 2513 1248 σου,
2545 1188 2899 1258 Ἰερουσαλήμ
2921 1187 3014 1257 (b).

799 1278 850 1331 4.
883 1275 1177 1331 Jerusalem
1209 1290 1328 1344 qua:
1350 1275 1642 1330 auiiiicatur
1673 1285 1730 1328 ut
1753 1276 1973 1343 civitas;

2467 1277 2516 1329 4.
2568 1279 2916 1348 Ἰερουσαλὴμ
2941 1279 3363 1348 οἰκοδομουμένη
3402 1278 3478 1341 ὡς
3509 1278 3663 1340 πόλις

805 1369 854 1422 5.
882 1367 1048 1438 Cujus
1077 1369 1417 1438 participatio
1440 1369 1555 1436 ejus
1578 1369 1630 1422 in
1665 1369 1922 1437 idipsum.

1870 1385 1922 1421 η.
2469 1367 2518 1421 5.
2552 1363 2709 1437 Ἶνιςὴ
2740 1368 2938 1438 μετοχὴ
2966 1369 3132 1438 αὐτῆς
3153 1369 3246 1421 ἐπὶ
3267 1369 3326 1420 τὸ
3356 1369 3506 1420 αὑτό.

802 1460 855 1514 6.
888 1461 1021 1514 Illuc
1045 1460 1188 1513 enim
1225 1460 1583 1513 ascenderunt
1611 1459 1804 1521 tribus,

1799 1499 1804 1519 ,
2466 1458 2516 1512 6.
2562 1460 2706 1511 Ἐκεῖ
2731 1460 2837 1530 γὰρ
2864 1459 3135 1530 ἀνέδησαν
3169 1462 3223 1512 at
3252 1459 3435 1527 φυλαὶ,

803 1549 853 1605 7.
885 1548 1082 1602 Tribus
1107 1547 1339 1609 Domini,
1365 1547 1732 1601 testiinonium
1755 1545 1943 1608 lsrael,

2468 1551 2516 1604 7.
2555 1552 2719 1603 Φυλαὶ
2743 1553 2969 1622 Κυρίου,
3014 1551 3310 1622 μαρτύριον
3339 1550 3445 1604 τοῦ
3481 1549 3715 1620 Ἰσραὴλ,

802 1637 855 1693 8.
889 1638 968 1692 Ad
1011 1637 1373 1692 confitendum
1411 1636 1616 1689 nomini
1662 1634 1875 1688 Domini
1913 1633 2144 1705 [nomini
2175 1642 2287 1699 tuo,

2467 1638 2515 1692 8.
2549 1639 2654 1692 Τοῦ
2684 1639 3176 1710 ἐξομολογήσασθαι
3199 1638 3276 1707 τῷ
3304 1639 3528 1708 ὀνόματι
3573 1638 3780 1707 Κυρίου
3815 1635 3969 1707 [ὀνό-

733 1731 1000 1804 Domine].

2401 1731 2526 1800 ματί
2557 1747 2670 1792 σου,
2707 1729 2935 1800 Κύριε

799 1824 850 1877 9.
883 1823 1016 1889 Quia
1049 1823 1156 1878 illic
1196 1823 1452 1878 sederunt
1481 1820 1636 1876 sedes
1669 1820 1721 1874 in
1746 1819 1975 1888 judicio,
2324 1817 2364 1871 Β

2324 1817 2364 1871 Β
2463 1819 2513 1873 9.
2555 1821 2674 1872 ’Ὁτι
2703 1821 2821 1872 ἐκεῖ
2842 1821 3102 1874 ἐκάθισαν
3135 1820 3310 1891 θρόνοι
3337 1822 3418 1884 εἰς
3453 1821 3657 1892 κρίσιν,

799 1923 874 1984 (a)
907 1920 1060 1974 Vers.
1092 1922 1114 1974 1
1149 1931 1201 1974 et
1236 1919 1289 1972 Ξ.
1318 1917 1469 1972 Vers.
1505 1933 1664 1970 unus.

800 1983 871 2060 (ο)
917 1993 1018 2043 Ἐν
1053 1990 1178 2055 ταῖς
1199 1988 1410 2054 αὐλαῖς
1438 2005 1552 2042 σου
1601 1986 2009 2055 Ἰερουσαλήμ.
2047 1985 2170 2039 Haec
2198 1984 2356 2039 verba
2397 1999 2436 2037 at

1751 1986 2009 2055 υσαλήμ.
2047 1985 2170 2039 Haec
2198 1984 2356 2039 verba
2397 1983 2579 2038 addita
2618 1991 2744 2037 sunt
2775 1984 2829 2036 in
2855 1983 2976 2038 cod.
3009 1983 3116 2038 alio
3145 1983 3387 2038 charact.

1838 2101 2216 2157 ATHANASII
2260 2099 2845 2155 INTERPRETATIO.

800 2221 884 2273 l3.
916 2219 1174 2271 Dominus
1207 2217 1475 2272 custodiat
1502 2217 1742 2270 auditum
1778 2223 1952 2274 tuum.
1985 2230 2051 2268 ne
2073 2214 2288 2268 auscul-

2469 2213 2550 2266 13.
2591 2213 2648 2264 '0
2678 2213 2877 2281 Κύριος
2909 2211 3130 2279 φυλαξοι
3156 2212 3252 2282 τὴν
3277 2215 3445 2284 ἀκοήν
3478 2229 3572 2266 σου
3605 2213 3699 2265 τοῦ
3727 2213 3800 2283 μὴ
3822 2215 3967 2266 ῦπα-

728 2322 808 2367 tes
842 2322 1082 2380 peccato,
1105 2320 1158 2363 et
1198 2324 1292 2362 cor
1326 2317 1502 2372 tuum,
1533 2324 1599 2360 ne
1640 2308 1836 2362 educat
1865 2321 2056 2376 pravas
2086 2315 2138 2359 et
2168 2321 2290 2374 pcr-

2395 2303 2586 2356 κοῦσαι
2643 2307 2708 2373 τῇ
2751 2304 2825 2373 (1)
2878 2306 3140 2375 ἁμαρτία,
3199 2307 3288 2359 καὶ
3334 2307 3432 2376 τὴν
3479 2305 3710 2376 καρδίαν
3757 2304 3852 2357 τοῦ
3894 2325 3965 2376 μη

729 2403 962 2454 niciosas
996 2399 1336 2467 cupiditates.

2393 2393 2680 2462 ἐξαγαγεῖν
2715 2396 2980 2464 πονηροὺς
3015 2396 3108 2447 καὶ
3141 2396 3432 2465 ἐπιθυμίας
3463 2396 3753 2467 βλαϐεράς.

800 2492 882 2545 lt.
921 2491 995 2543 Ex
1037 2492 1137 2544 hoc
1168 2505 1308 2542 nunc
1335 2497 1386 2542 et
1417 2503 1590 2557 usque
1621 2487 1672 2541 in
1711 2488 1868 2541 tinem

2466 2487 2551 2539 H.
2595 2487 2725 2539 Ἀπὸ
2756 2487 2848 2539 τοῦ
2874 2487 2968 2540 νῦν
3002 2489 3094 2540 καὶ
3114 2488 3218 2550 ἕως
3251 2489 3347 2558 τῆς
3372 2490 3449 2559 (Ξ)
3477 2491 3807 2552 συντελείας.

805 2584 872 2636 Ἦ
903 2582 1232 2653 προκειμένη
1262 2580 1534 2651 ἐπιγραφὴ
1559 2580 1797 2652 περιέχει
1832 2581 1905 2650 (ὅ)
1931 2597 1945 2610 ⁸
1995 2578 2132 2648 ’ῼὸἡ
2154 2578 2272 2631 τῶν
2309 2579 2708 2648 ’Δναὸαθμῶν,
2745 2583 2880 2651 ὅπερ
2909 2582 3263 2653 ἑρμηνεύεται
3285 2583 3669 2655 ἐξομολόγησις
3698 2586 3808 2636 τῶν
3861 2588 3966 2639 ἀπὸ

724 2677 818 2733 τοῦ
858 2677 1071 2749 πρώτου
1104 2675 1311 2746 βαθμοῦ
1340 2677 1438 2744 τῆς
1473 2675 1591 2728 καθ’
1625 2675 1814 2727 ἑαυτὸν
1842 2674 2299 2744 ἐξομολογήσεως,
2331 2674 2425 2728 καὶ
2451 2674 2544 2727 τοῦ
2577 2674 2828 2747 δευτέρου
2860 2677 3067 2748 βαθμοῦ
3097 2679 3194 2748 τῆς
3225 2679 3580 2750 κατηχήσεως
3609 2680 3961 2750 summa)

727 2775 818 2827 ἐπὶ
840 2774 931 2828 τὸν
957 2773 1137 2844 τρίτον
1162 2770 1365 2841 βαθμὸν
1393 2777 1486 2823 τοῦ
1531 2769 1849 2833 σπουδάζειν
1895 2770 2078 2824 λοιπὸν
2124 2769 2297 2823 ἐλθεῖν
2325 2771 2418 2822 ἐπὶ
2464 2771 2555 2824 τὸν
2584 2765 2730 2824 οἶκον
2763 2773 2856 2825 τοῦ
2884 2773 3040 2834 Θεοῦ,
3073 2775 3163 2827 καὶ
3194 2778 3304 2838 τοῖς
3357 2774 3560 2846 ἱερεῦσι
3593 2774 3689 2827 τοῦ
3724 2774 3862 2828 Θεοῦ
3890 2776 3962 2842 (ὅ)

723 2862 1175 2935 ἐξομολογεῖσθαι,
1208 2863 1298 2916 καὶ
1332 2865 1459 2933 παρ’
1499 2863 1675 2916 αὐτῶν
1704 2863 1933 2917 ἀκοῦσαι
1967 2864 2057 2915 τὸν
2084 2863 2240 2930 λόγον
2275 2863 2366 2915 τοῦ
2391 2863 2524 2916 Θεοῦ
2553 2865 2799 2928 θέλοντες
2834 2867 3188 2936 φωτισθῆναι.

798 2958 1012 3012 Titulus
1044 2959 1360 3027 pnepositus
1393 2960 1666 3012 continet:
1700 2958 1977 3012 Canticum
2010 2957 2303 3023 Graduum,
2353 2961 2497 3029 quod
2546 2961 2930 3031 interpretatur
2981 2964 3236 3031 confessio
3265 2966 3657 3019 ascendentium
3703 2981 3733 3019 ι
3787 2965 3963 3035 primo

721 3054 890 3121 gradu
919 3053 1142 3106 interna-
1168 3049 1550 3114 confessionis,
1582 3062 1635 3107 et
1669 3067 1698 3106 a
1731 3053 1969 3107 secundo
2001 3054 2167 3124 gradu
2217 3054 2583 3110 institutionis
2623 3072 2717 3111 seu
2750 3059 3066 3114 catechismi
3105 3060 3158 3113 in
3186 3060 3408 3114 tertium
3441 3061 3671 3129 gradum
3703 3047 3958 3115 desiderii

724 3148 973 3202 veniendi
1002 3146 1216 3202 demum
1247 3150 1298 3202 in
1335 3149 1557 3202 domum
1596 3148 1688 3204 Dei
1718 3159 1774 3204 et
1821 3150 2114 3206 conﬁtendi
2141 3150 2236 3206 Dei
2276 3153 2676 3219 sacerdotibus,
2705 3164 2758 3209 et
2806 3155 2877 3211 ab
2922 3156 3054 3226 ipsis
3086 3155 3275 3211 audire
3304 3156 3529 3211 verbum
3558 3153 3680 3217 Dei.
3716 3155 3957 3211 volentes

724 3235 1012 3290 illuminari
1047 3238 1261 3308 (nempe
1296 3238 1610 3308 baptizari).

802 3348 1216 3418 1,2.1πιριε1υε
1247 3363 1366 3401 sum
1416 3346 1614 3416 gaudio
1664 3343 1892 3398 audiens
1945 3345 2012 3398 ab
2059 3343 2147 3405 iis.
2195 3330 2359 3414 quiC

2318 3330 2359 3388 C
2462 3327 2515 3389 1,
2563 3328 2616 3380 2.
2656 3328 3010 3402 Ἐπληρὼθην
3047 3337 3220 3406 χαρᾶς
3261 3336 3338 3406 (6)
3367 3339 3607 3402 ἀκούσας
3657 3343 3810 3411 παρὰ
3852 3343 3950 3394 τῶι·

721 3445 854 3498 mibi
879 3444 1106 3498 consilio
1135 3442 1357 3494 aderant
1389 3457 1404 3493 :
1440 3439 1712 3493 Adeamus
1743 3437 2042 3492 Ecclesiam
2065 3436 2181 3492 Dei.

2393 3418 2865 3488 συμϐουλευόντων
2897 3442 2985 3494 μοι
3007 3441 3018 3454 ·
3051 3426 3144 3489 Εἰς
3162 3428 3258 3497 τὴν
3300 3429 3626 3501 Ἐκκλησίαν
3643 3431 3779 3484 Θεοῦ
3798 3435 3951 3486 ἀπέλα

2390 3510 2596 3564 θοιμεν.

2423 3530 2596 3583 οιμεν.

789 3623 843 3676 3.
874 3620 1074 3676 Deinde
1099 3619 1404 3690 ingrediens
1427 3619 1669 3688 loquitur
1696 3617 1761 3672 ad
1783 3617 2022 3687 seipsum
2049 3636 2064 3672 :
2087 3618 2289 3672 Ascen-

2458 3606 2510 3660 5.
2543 3602 2676 3661 Εἶτα
2705 3609 2958 3664 εἰσελθὼν
2987 3613 3337 3684 ἀποκρίνεται
3356 3613 3490 3685 πρὸς
3517 3616 3681 3670 αὐτόν
3701 3615 3951 3688 [ἐαυτόν]’

719 3714 915 3768 derunt
956 3711 1117 3780 pedes
1151 3710 1255 3764 mei
1296 3712 1350 3764 in
1395 3711 1532 3762 atria
1563 3720 1676 3774 tua,
1711 3708 1802 3762 ubi
1839 3706 2074 3777 Spiritus
2104 3707 2290 3778 gratia

2401 3697 2702 3770 Ἐπέδησαν
2741 3705 2789 3754 οἱ
2820 3703 2978 3766 πόδες
3005 3723 3102 3776 μου
3141 3707 3195 3758 ἐν
3229 3709 3345 3768 ταῖς
3377 3709 3568 3772 αὐλαῖς
3596 3726 3712 3771 σου,
3748 3710 3871 3761 ἔνθα
3898 3711 3949 3761 τε

721 3804 933 3858 Domini
978 3813 1101 3855 cst:
1135 3802 1206 3854 ita
1242 3801 1384 3854 enim
1406 3797 1704 3852 Jerusalem
1745 3797 2128 3866 interpretatur
2163 3797 2286 3866 Spi-

2389 3793 2612 3862 Πνεῦμα
2643 3796 2736 3865 τῆς
2762 3797 2980 3868 χάριτος
3003 3797 3094 3849 τοῦ
3128 3799 3329 3869 Κυρίου
3359 3800 3504 3852 ἐστί’
3540 3800 3698 3854 τοῦτο
3737 3802 3841 3872 γὰρ
3871 3803 3942 3873 ἐρ

720 3897 854 3947 ritus
881 3893 1067 3964 gratia:
1090 3891 1223 3961 ejus.

2391 3883 2680 3952 μηνεύεται
2712 3887 3116 3957 Ἰερουσαλὴμ,
3149 3889 3388 3960 Πνεῦμα
3420 3892 3606 3946 αὑτοῦ
3648 3893 3905 3962 χάριτος.

788 3985 841 4040 4.
867 3982 1109 4041 Ecclesia
1137 3983 1226 4038 Dei
1252 3982 1512 4038 :edilieata
1533 3991 1588 4037 et
1619 3984 1829 4038 munita
1853 3982 2035 4037 divina
2069 3982 2241 4054 gratia
2268 3998 2282 4035 :

2458 3973 2511 4030 4.
2559 3975 2621 4028 ’11
2664 3977 2956 4050 Ἐκκλησία
2986 3980 3078 4034 τοῦ
3108 3981 3241 4035 Θεοῦ
3273 3983 3698 4056 οἰκοδομουμένη
3724 3989 3818 4039 καὶ
3849 4004 3946 4039 τειο

720 4077 895 4134 Porta:
912 4081 1050 4133 enim
1088 4077 1243 4145 inferi
1271 4092 1371 4128 non
1400 4076 1749 4144 prwvnlebunt
1777 4077 2024 4130 adversus
2051 4092 2171 4129 eam
2207 4076 2280 4130 ⁷³.

2388 4065 2644 4140 χιξομένη
2698 4071 2800 4124 ὑπὸ
2828 4072 2924 4142 τῆς
2949 4073 3191 4145 [χάριτος
3222 4073 3316 4128 τοῦ
3373 4076 3507 4130 Θεοῦ
3532 4094 3548 4109 ο
3603 4081 3800 4132 Πύλαι
3847 4081 3945 4148 γὰρ

2387 4160 2534 4227 ᾅδου
2563 4165 2634 4215 οὑ
2664 4167 3142 4232 κατισχύσουσιν
3163 4168 3372 4236 αὐτῆς.

790 4257 844 4310 5.
873 4255 1042 4325 Cujus
1074 4256 1259 4325 gratiae
1289 4256 1459 4310 sancti
1489 4255 1564 4310 tui
1596 4255 1881 4325 participes
1912 4265 2038 4310 sunt
2070 4266 2124 4311 et
2157 4271 2279 4328 ego.

2459 4252 2510 4307 5.
2539 4253 2648 4324 Τῆς
2699 4255 2916 4325 χάριτος
2955 4259 3006 4309 οἱ
3069 4259 3213 4327 amt
3266 4277 3360 4312 σου
3396 4261 3734 4333 μετέχουσιν,
3762 4261 3827 4337 ἦς
3863 4271 3941 4322 καὶ

2387 4344 2548 4397 αὑτός
2583 4345 2677 4397 (7i.

2387 4361 2417 4396 a

781 4431 834 4494 6,
867 4431 916 4485 7.
955 4432 1032 4484 Ad
1075 4431 1244 4499 ipsam
1277 4432 1419 4485 enim
1452 4431 1812 4485 ascenderunt
1858 4433 2113 4501 apostoli,
2147 4448 2282 4502 apo-

2387 4345 2548 4408 αὑτός
2605 4345 2633 4396 7
2665 4381 2677 4397 .

2455 4437 2507 4500 6,
2548 4347 2599 4490 7f
2639 4345 2714 4508 28)
2755 4439 2841 4492 ‘Ev
2871 4440 3007 4512 αὐτῇ
3043 4441 3148 4511 γὰρ
3181 4441 3452 4515 ἀνέδησαν
3485 4448 3533 4499 oi
3565 4449 3873 4515 ἀπόστολοι,
3902 4455 3942 4504 οι

717 4521 839 4573 stoli
861 4519 1066 4572 Domini
1093 4530 1274 4586 testes,
1303 4522 1395 4591 qui
1425 4521 1674 4573 viderunt
1702 4519 1903 4576 Deum:
1934 4521 2109 4576 Israel
2134 4525 2278 4578 enim

2384 4527 2666 4579 ἀπόστολοι
2705 4530 2907 4600 Κυρίου
2941 4531 2989 4582 οί
3044 4531 3355 4604 μάρτυρες,
3409 4535 3458 4587 οἱ
3508 4537 3818 4606 ἑωρακότες
3864 4540 3941 4593 τὸν

716 4612 1122 4680 interpretatur,
1153 4621 1208 4665 ut
1233 4625 1388 4667 antea
1422 4613 1552 4677 dixi,
1586 4612 1761 4666 videns
1795 4614 1986 4668 Deum.
2315 4663 2352 4716 Β

2315 4663 2357 4716 D
2385 4617 2517 4671 Θεόν
2542 4635 2555 4648 ο
2591 4619 2828 4689 Ἰσραὴλ
2861 4620 2965 4693 γὰρ
2989 4622 3367 4694 ἑρμηνεύεται,
3398 4626 3474 4690 ὼς
3492 4632 3778 4698 προεῖπον,
3805 4632 3941 4701 ὀρῶν

2390 4713 2555 4764 Θεόν.

787 4790 839 4842 8.
865 4787 942 4841 Ad
979 4788 1372 4856 prmdicandum
1407 4791 1460 4844 in
1492 4793 1710 4848 nomine
1744 4792 1955 4849 Domini
1987 4797 2270 4851 remissio-

2454 4802 2505 4856 8.
2535 4801 2642 4856 Τοῦ
2698 4804 2930 4874 κηρύξαι
2983 4808 3075 4860 ἐπὶ
3121 4807 3201 4876 τῷ
3229 4808 3451 4880 ὀνόματι
3485 4812 3583 4866 τοῦ
3642 4815 3847 4884 Κυρίου
3875 4816 3940 4884 (9)

717 4895 836 4933 nem
875 4895 1029 4948 pec-ca
1039 4890 1233 4933 torum.

2383 4893 2573 4962 ἄφεσιν
2604 4897 2904 4965 ἁμαρτιῶν.

783 4972 835 5025 9.
863 4972 999 5038 Quia
1027 4976 1075 5026 in
1107 4974 1343 5028 Ecclesia
1365 4975 1620 5030 sederunt
1643 4979 1868 5047 apostoli
1901 4994 2023 5032 cuin
2054 4994 2271 5050 episco-

2452 4985 2501 5038 9.
2541 4987 2657 5039 Ὅτι
2684 4989 2740 5039 ἐν
2766 4992 2830 5060 τῇ
2865 4989 3156 5061 Ἐκκλησία
3179 4992 3439 5047 ἐκάθισαν
3463 4996 3513 5046 οἱ
3539 4996 3832 5052 ἀπόστολοι
3859 5004 3942 5053 σῦν

713 5061 798 5128 pis
821 5070 873 5112 et
898 5063 1244 5130 prcsbvteris.

2380 5077 2694 5140 ἐπισκόποις
2722 5081 2814 5132 καὶ
2845 5081 3251 5154 πρεσϐυτέροις.

785 5173 830 5204 ⁷³
853 5173 1040 5230 Matth.
1072 5193 1182 5242 xw,
1219 5178 1300 5232 18.

1656 5274 1961 5335 Addenda
2009 5285 2069 5337 et
2099 5280 2468 5360 corrigenda
2504 5303 2580 5346 ex
2613 5288 2753 5350 cod.
2791 5289 2990 5352 Vatic.

1444 5375 1498 5424 ἀι
1541 5389 1590 5426 σο
1621 5390 1670 5428 τι
1709 5392 1765 5445 μ.
1795 5376 2106 5445 ὑπακούειν,
2133 5393 2258 5448 etc»
2415 5388 2517 5470 _(7j
2550 5389 2659 5461 Τῆς
2685 5391 2850 5461 αὐτῆς
2870 5393 3086 5463 χάριτος
3115 5397 3162 5447 οἱ
3194 5395 3340 5463 ἆγιοί
3375 5413 3468 5450 σου
3497 5399 3818 5470 μετέχουσιν
3852 5399 3935 5452 καὶ

704 5433 996 5518 lanugo-'3';
1027 5433 1312 5510 πονηρούς,
1338 5455 1441 5497 etc.
1709 5433 1720 5445 ’
2093 5433 2105 5445 ⁷
2140 5433 2258 5448 ’Μ’
2366 5433 2537 5512 αὐτοί.

891 5507 1581 5604 ἑιξξξιῖωωημώ
1614 5601 1707 5604 -ΔΫ
1750 5586 1762 5604 ι
2725 5530 2977 5604 Ἐνκαῦτῇ
3010 5533 3116 5604 γάρ
3149 5535 3284 5588 είσιν
3335 5539 3384 5589 ot
3430 5537 3749 5595 ἀπόστολοι.
3779 5541 3853 5596 οΝ.
3883 5540 3929 5594 7.

1215 5582 1582 5654 κινναΰάρεως
1611 5586 1874 5656 περιέχει.
2449 5579 2732 5679 ἀπόστολοι
2768 5603 2859 5653 τοῦ
2893 5579 3115 5672 Κῦρίοά,
3157 5615 3259 5659 etc.
3293 5579 3749 5679 προεῖπονῖηκαῖ

2429 5737 2502 5800 (θ)
2544 5711 2796 5812 ’ωνδματί
2985 5742 3175 5816 Koma.
3207 5755 3311 5801 εις.

778 5785 852 5855 (6)
880 5785 1062 5858 Χαρᾶς
1091 5789 1432 5864 ἐπληρώθην,
1459 5803 1564 5850 etc.
1590 5794 1678 5846 τοῦ
1704 5794 1837 5850 Θεοῦ
1865 5797 2145 5854 ἀπελθεῖν.
