4142 6482
164 440 187 492 1
205 438 320 493 225

242 555 335 609 10.
367 551 663 624 Θρόνοιὲπὶ
699 545 843 604 οἷκον
880 547 1060 602 Δαϐίδ.

244 646 338 700 11.
378 646 715 716 Ἐρωτήσατε
735 642 797 713 δὴ
816 641 884 695 τὰ
909 642 987 704 είς
1003 641 1223 711 εἰρήνην
1243 638 1340 709 τὴν
1367 634 1738 707 Ἰερουσαλὴμ,

242 738 335 791 19..
373 739 481 791 Καὶ
505 737 727 807 εύθηνια
756 736 867 797 τοῖς
894 731 1149 800 ἀγαπῶσί
1170 747 1248 784 σε.

244 827 337 881 15.
370 826 608 879 Γενέσθω
630 825 692 895 δὴ
716 826 904 896 εἰρήνη
925 825 981 875 ἐν
996 826 1062 893 τῇ
1091 821 1317 891 δυνάμει
1343 836 1458 880 σου.

246 917 337 970 id.
369 918 472 969 Kal.
499 916 720 985 εύθηνία
753 917 809 966 ὲν
832 917 949 976 ταῖς
983 909 1351 983 πυργοϐάρεσί
1391 925 1504 962 σου.

247 1008 339 1061 15.
367 1007 567 1059 Ἕνεκα
591 1006 697 1057 τῶν
721 1003 961 1071 ἀδελφῶν
984 1020 1085 1073 μου
1114 1002 1206 1053 καὶ
1233 999 1340 1051 τῶν
1375 998 1598 1069 πλησίον
1618 1014 1738 1068 μου,

245 1098 335 1151 16.
374 1096 621 1149 Ἐλάλουν
651 1094 715 1165 δὴ
750 1088 1260 1165 εἰρήνη[εἰρήνην]
1298 1092 1424 1160 περὶ
1461 1089 1573 1142 σοῦ.

247 1188 338 1239 17.
374 1188 573 1239 Ἕνεκα
611 1186 703 1237 τοῦ
740 1185 889 1237 οἴκου
920 1185 1122 1255 Κυρίου
1156 1181 1249 1234 τοῦ
1286 1180 1420 1233 Θεοῦ
1455 1178 1611 1250 ἡμῶν
1658 1178 1741 1244 te.

164 1277 418 1348 εζήτησα
443 1276 620 1343 ἀγαθά
646 1292 747 1327 σοι.

393 1365 529 1434 ’ῼὸὴ
564 1362 681 1416 τῶν
726 1360 1109 1429 Ἀναϐαομῶν.
1150 1364 1319 1415 ma.
1347 1363 1521 1415 mm.

251 1456 302 1510 1.
343 1456 484 1527 Πρὸς
521 1457 578 1510 σὲ
610 1451 719 1528 ἦρα
751 1457 875 1517 τοὺς
900 1452 1205 1522 ὀφθαλμούς
1238 1470 1362 1523 μου,

246 1548 303 1602 2.
335 1547 436 1599 Τὸν
469 1546 820 1601 κατοικοῦντα
851 1548 908 1598 ὲν
936 1544 1014 1614 τῷ
1033 1545 1264 1615 οὐρανῷ.

250 1640 304 1694 '5.
350 1642 479 1694 Ἰδοὺ
508 1641 583 1704 ὡς
610 1638 875 1709 ὀφθαλμοὶ
901 1635 1098 1689 δούλων
1151 1636 1231 1700 εἰς
1277 1636 1469 1709 χεῖρας
1510 1635 1617 1690 τῶν
1652 1651 1749 1689 κυ-

176 1730 315 1799 ρίων
339 1731 533 1783 αὐτῶν·

1025 428 1112 483 DE
1149 423 1425 483 TITULIS
1461 417 1904 497 PSALMOBUM.
1946 446 2014 456 —
2054 411 2252 471 PSAL.
2297 407 2505 466 CXXII.

1764 541 1808 597 Α
1905 534 1993 589 1ο.
2026 532 2193 588 Sedes
2218 544 2381 599 super
2404 527 2626 583 domum
2655 521 2845 578 David.

3261 400 3399 457 1216

1907 627 1995 682 11.
2030 626 2232 695 Rogate
2254 636 2376 692 qua
2400 619 2467 674 ad
2495 633 2679 688 pacem
2714 625 2841 671 sunt
2872 609 3194 677 Ierusalem,

1910 716 1998 771 12.
2032 716 2094 769 Et
2121 711 2452 768 abundantia
2486 708 2837 779 diligentibus
2866 714 2937 759 te.

1919 808 2003 862 15.
2031 805 2147 859 Fiat
2177 820 2281 874 pax
2306 803 2357 856 in
2391 802 2586 855 virtute
2619 808 2732 864 tua,

1912 897 1997 952 H.
2031 897 2091 951 Et
2120 895 2450 950 abundantia
2486 895 2538 947 in
2565 890 2807 946 turribus
2837 888 2964 943 tuis.

1910 990 1995 1045 15.
2033 989 2257 1059 Propter
2288 986 2483 1041 fratres
2515 999 2665 1039 meos
2691 994 2742 1039 et
2775 980 3054 1053 proximos
3082 991 3254 1040 meos,

1913 1080 1997 1134 16.
2033 1079 2320 1149 Loquebar
2347 1091 2530 1147 pacem
2555 1076 2621 1130 de
2646 1083 2718 1129 te.

1913 1171 1998 1224 17.
2034 1170 2261 1240 Propter
2312 1171 2535 1224 domum
2578 1165 2791 1221 Domini
2826 1163 2919 1219 Dei
2962 1161 3160 1228 nostri,
3188 1158 3408 1231 quaesivi

1843 1262 1984 1316 bona
2014 1260 2132 1316 tibi.

2086 1365 2361 1421 Canticum
2398 1362 2691 1418 Graduum.
2727 1359 2926 1416 PSAL.
2962 1355 3199 1414 CXXII.

1918 1462 1965 1513 1.
2000 1457 2079 1511 Ad
2109 1468 2160 1511 te
2188 1456 2358 1509 levavi
2390 1456 2579 1510 oculos
2610 1469 2781 1519 meos,

1917 1548 1953 1601 2
2002 1545 2103 1612 Qui
2135 1546 2344 1600 habitas
2380 1545 2433 1599 in
2456 1544 2633 1599 caelis.

1920 1638 1974 1692 5.
2011 1636 2144 1691 Ecce
2192 1637 2333 1691 sicut
2361 1636 2504 1691 oculi
2538 1649 2818 1691 servorum
2860 1633 2914 1688 in
2960 1631 3209 1686 manibus
3232 1629 3410 1684 domi-

1856 1744 2049 1785 norum
2071 1743 2293 1783 suorum

1320 1892 1690 1950 ATIIANASII
1736 1892 2300 1949 INTERPRETATIO.

256 2051 344 2107 10.
369 2049 564 2112 Καθὼς
592 2047 844 2119 εἴπαμεν,
881 2048 929 2100 οί
953 2044 1233 2100 ἀπόστολοι
1262 2045 1318 2099 ὲν
1348 2048 1412 2117 τῇ
1459 2045 1751 2117 Ἐκκλησία

1928 2044 2011 2100 10.
2047 2044 2195 2100 Sicut
2222 2044 2478 2107 diximus,
2513 2046 2741 2114 apostoli
2772 2047 2826 2101 in
2859 2045 3096 2103 Ecclesia
3124 2064 3282 2103 manu
3303 2050 3413 2120 far-

177 2144 291 2199 τοῦ
325 2141 532 2197 ἱκανοῦ
554 2140 628 2209 τῇ
660 2141 843 2210 χειρί·
878 2140 1034 2192 τοῦτο
1056 2140 1163 2210 γὰρ
1186 2138 1541 2209 ἑρμηνεύεται
1571 2137 1749 2191 Δαϐὶό

178 2234 393 2300 ικαγὸς
421 2234 566 2303 χειρί
603 2233 703 2303 (ι),
734 2235 871 2303 ὅπερ
900 2232 1045 2285 ἐστὶν
1073 2232 1121 2284 ot
1157 2231 1276 2283 Υἱοὶ
1306 2229 1399 2285 τοῦ
1426 2228 1582 2283 Θεοῦ.

254 2326 344 2380 11.
378 2326 573 2379 Λοιπὸν
602 2324 650 2377 ot
680 2322 923 2385 ἐλθόντες
959 2322 1051 2374 ἐπὶ
1080 2322 1140 2375 τὸ
1171 2321 1505 2392 φωτισθῆναι
1544 2320 1752 2376 δέονται

177 2417 431 2486 λέγοντες
452 2418 561 2478 τοῖς
585 2414 897 2476 ἀποστόλοις
921 2428 933 2443 ο
956 2412 1374 2484 Παρακαλέσατε
1402 2414 1597 2477 ἱκανῶς
1622 2431 1752 2468 κατ-

176 2508 477 2577 αλλαγῆναι
513 2508 643 2576 ἡμῖν
676 2506 752 2575 ('2)
811 2506 898 2557 τὸν
945 2504 1096 2569 Θεὸν,
1145 2506 1233 2558 ἴνα
1279 2506 1372 2558 καὶ
1402 2508 1559 2575 ἡμεῖς
1594 2502 1755 2569 δεξώ-

184 2598 329 2668 μεθα
357 2598 453 2667 τὴν
482 2597 638 2667 χάριν
660 2596 824 2649 αὐτοῦ
846 2613 859 2626 ο
890 2596 967 2659 ὡς
1006 2596 1113 2667 γὰρ
1136 2598 1499 2668 προείπαμεν,
1546 2597 1752 2665 Ἰερου-

178 2692 393 2758 atatim
423 2688 778 2759 ἑρμηνεύεται
816 2687 1055 2758 Πνεῦμα
1077 2688 1260 2742 αὑτοῦ
1288 2688 1545 2756 χάριτος.

257 2779 345 2833 12.
400 2780 477 2850 ('5)
522 2780 631 2833 Καὶ
688 2778 1028 2851 coemam;
1082 2778 1273 2851 καρδία
1302 2778 1481 2831 αὐτῶν
1528 2781 1587 2831 ὲν
1636 2779 1754 2843 ταῖς

178 2870 429 2933 ἐντολαῖς
462 2871 568 2923 τῶν
600 2872 791 2939 ἀγίων.

258 2963 443 3018 15-15.
477 2964 553 3033 (4)
613 2964 670 3015 '0
722 2964 879 3033 χορὸς
914 2962 1019 3015 τῶν
1066 2960 1372 3014 ἀποστόλων
1424 2960 1571 3029 λέγει
1613 2958 1752 3031 πρὸς

176 3053 277 3110 τὸν
304 3054 453 3108 Θεόν·
480 3054 700 3106 Ἕνεκεν
727 3054 828 3123 τῆς
851 3053 1118 3124 σωτηρίας
1150 3052 1305 3124 ἡμῶν
1332 3052 1572 3120 ἀδελφῶν
1593 3054 1756 3124 ἠγουο

182 3145 391 3217 μένων,
423 3144 653 3199 καὶτῶν
702 3146 928 3216 πλησίον
973 3146 1129 3217 ἡμῶν
1175 3147 1477 3217 γενομένων
1518 3144 1605 3198 διὰ
1655 3145 1754 3215 τῆς

181 3241 445 3302 πίστεως,

260 3332 349 3385 16.
396 3329 762 3403 Ἑλαλήσαμεν
795 3331 976 3393 αὐτοῖς
1010 3330 1099 3383 τὸν
1126 3329 1283 3398 λόγον
1317 3346 1408 3383 σου
1434 3328 1526 3382 καί
1548 3327 1647 3400 τὴν
1674 3329 1755 3392 είς

182 3422 248 3476 ob
289 3420 497 3475 ἐλπίδα.

258 3511 347 3564 17.
388 3512 584 3565 Ἕνεκα
627 3510 722 3564 τοῦ
778 3508 1149 3579 καταρτισμοῦ
1197 3507 1303 3560 τῶν
1359 3508 1527 3575 ἁγίων
1572 3506 1749 3577 ᾔτησα

1853 2138 1921 2192 tis
1948 2154 1966 2192 :
1998 2139 2071 2192 ita
2112 2139 2255 2192 enim
2294 2136 2462 2193 David
2496 2139 2882 2210 interpretatur
2907 2156 3064 2194 ηιαιιιι
3090 2140 3418 2214 fortis,qua-

1851 2229 1918 2285 lis
1944 2239 2026 2284 est
2056 2228 2148 2284 Dei
2185 2229 2377 2285 Filius.

1924 2320 2009 2374 11.
2039 2319 2261 2374 Dcmum
2296 2322 2569 2377 venientes
2604 2320 2670 2377 ad
2706 2322 3163 2380 illuminationem
3198 2325 3414 2397 (nempe

1852 2412 1919 2469 ad
1947 2414 2316 2481 baptismum),
2345 2425 2635 2484 precantur
2659 2416 2899 2470 dicentes
2921 2418 3183 2487 apostolis
3208 2436 3222 2473 :
3250 2419 3412 2476 Orate

1852 2507 2025 2573 valde,
2062 2516 2121 2562 ut
2176 2507 2319 2564 Dens
2364 2508 2524 2564 nobis
2577 2509 2974 2575 reconcilietur,
3026 2520 3084 2565 ut
3129 2513 3289 2567 etiam
3313 2528 3413 2568 nos

1854 2599 2185 2669 accipiamus
2216 2600 2440 2667 gratiam
2457 2601 2574 2670 ejus
2600 2620 2612 2655 :
2634 2601 2775 2656 sicut
2795 2601 2936 2655 enim
2966 2610 3122 2657 antea
3152 2603 3411 2674 diximus,

1852 2688 2148 2743 Jerusalem
2178 2689 2562 2760 interpretatur
2589 2690 2823 2760 Spiritus
2855 2694 3044 2763 gratiae
3073 2692 3209 2762 ejus.

1927 2780 2015 2833 12.
2046 2780 2110 2835 Ει
2150 2781 2447 2838 abundabit
2495 2798 2591 2839 cor
2636 2799 2829 2840 eorum
2872 2786 2925 2841 in
2971 2787 3253 2858 praeceptis
3284 2805 3412 2845 san-

1855 2878 2088 2926 ctorum.

1925 2963 2114 3017 15ο15.
2148 2961 2362 3019 Chorus
2393 2964 2759 3033 apostolorum
2794 2965 2924 3021 dicit
2949 2966 3015 3022 ad
3044 2966 3210 3023 Deum
3238 2987 3250 3024 :
3277 2968 3410 3026 Proo

1854 3062 1971 3124 pter
2003 3055 2231 3111 salutem
2276 3064 2588 3124 nostrorum
2634 3055 2886 3123 fratrum,
2923 3059 3016 3129 qui
3062 3061 3410 3130 prmiverunt,

1854 3154 2119 3201 eteorum
2160 3146 2255 3217 qui
2300 3147 2531 3217 proximi
2563 3149 2735 3203 nostri
2778 3149 2906 3205 facti
2941 3162 3064 3208 sunt
3105 3167 3199 3223 per
3226 3150 3409 3217 ﬁdem,

1925 3327 2013 3382 16.
2044 3325 2235 3382 Loculi
2280 3342 2472 3385 sumus
2519 3327 2652 3383 ipsis
2699 3327 2920 3383 verbum
2954 3337 3129 3397 tuum,
3160 3342 3214 3386 et
3259 3347 3409 3404 spem

1857 3418 1912 3474 in
1941 3429 2012 3474 te.

1926 3508 2013 3564 17.
2050 3509 2274 3577 Propter
2324 3507 2707 3579 perfectionem
2753 3520 3063 3566 sanctorum
3121 3513 3407 3580 postulavi-

184 3598 266 3671 (5)
299 3598 622 3671 [ῂτήσαμεν]
655 3599 1077 3670 χαρίσματατοῦ
1105 3596 1419 3667 Πνεύματός
1454 3612 1548 3649 σου
1571 3595 1746 3663 ἁγίου.

1854 3613 1975 3653 mns
2005 3600 2144 3653 dona
2168 3600 2338 3653 sancti
2373 3600 2449 3653 tui
2471 3597 2725 3669 Spiritus.

272 3710 336 3763 Ἦ
361 3712 693 3783 προκειμένη
719 3710 997 3782 ὲπιγραςρὴ
1029 3712 1270 3783 περιέχει
1293 3709 1392 3779 (6)·
1429 3708 1565 3781 ’ῼδὴ
1605 3707 1724 3762 τῶν
1767 3705 2156 3778 Ἀναϐαθμῶν,
2190 3710 2327 3781 ὅπερ
2356 3708 2709 3781 ἑρμηνεύεται
2734 3709 3113 3782 ἐξομολόγησις
3144 3710 3252 3767 τῶν
3281 3715 3405 3769 ava-

182 3802 478 3857 ϐαινόντων
515 3803 623 3858 ἀπὸ
663 3804 755 3857 τοῦ
791 3805 974 3876 τρίτου
1015 3802 1222 3874 βαθμοῦ
1274 3804 1371 3874 τῆς
1404 3801 1709 3864 θεοσεϐείας
1746 3802 1837 3855 ἐπὶ
1888 3800 1977 3855 τὸν
2008 3801 2263 3872 τέταρτον
2303 3804 2382 3875 είς
2417 3801 2629 3856 σύνεσιν
2656 3802 2982 3875 ἐρχομένων,
3030 3804 3124 3857 καὶ
3151 3808 3406 3873 γινωσκόο

181 3910 326 3948 ντων
359 3896 584 3960 ἑαυτοὺς
608 3895 685 3968 (7)
717 3897 810 3948 ἐπὶ
836 3898 956 3959 ταῖς
985 3895 1295 3966 ἁμαρτίαις,
1321 3894 1756 3966 ταπεινουμένων
1782 3894 2008 3949 ὲνώπιον
2028 3893 2123 3948 τοῦ
2147 3892 2304 3959 Θεοῦ,
2327 3894 2419 3948 καὶ
2440 3894 2705 3965 δεομένων
2732 3893 2917 3958 αὑτοῦ,
2946 3893 3087 3949 ὥστε
3108 3895 3408 3970 ἐλεηθῆναι.

264 4009 477 4066 Titulus
518 4013 839 4083 prmpositns
870 4011 1144 4066 continet:
1174 4011 1451 4065 Canticum
1482 4012 1772 4077 Gruduum,
1805 4012 1949 4083 quod
1984 4013 2369 4082 interpretatur
2412 4009 2682 4065 confessio
2729 4013 3136 4070 ascendentium
3178 4030 3210 4071 ι
3252 4018 3408 4073 tertio

186 4101 363 4174 gradu
392 4104 571 4159 cultus
613 4118 739 4172 erga
785 4101 954 4157 Deum
984 4103 1037 4156 in
1070 4113 1325 4173 quartum
1368 4106 1594 4176 gradum
1641 4121 1851 4173 eorum,
1882 4106 1974 4175 qui
2013 4105 2319 4173 intelligunt
2347 4112 2402 4158 et
2426 4114 2761 4175 cognoscunt
2788 4120 2849 4161 se
2876 4107 3025 4178 ipsos
3059 4108 3112 4163 in
3138 4112 3405 4180 peccatis.

186 4199 479 4254 bumiliant
512 4214 571 4255 se
594 4214 777 4254 coram
804 4197 935 4263 Deo,
965 4212 1197 4270 eumque
1225 4200 1601 4271 deprecantur,
1636 4210 1696 4255 ut
1721 4202 1961 4272 ipsorum
1996 4200 2338 4253 misereatur.

262 4291 315 4358 1,
340 4292 393 4346 2.
425 4293 537 4347 Ούκ
570 4292 650 4347 ἔτι
674 4294 776 4367 τὴν
803 4293 990 4347 ἐλπίδα
1025 4311 1127 4364 μου
1168 4294 1275 4364 ἔχω
1306 4296 1399 4349 ἐπὶ
1430 4298 1495 4366 τῇ
1530 4295 1756 4367 ματαιό-

186 4398 310 4453 τητι
338 4381 447 4436 τῶν
472 4381 703 4436 εἰδώλων
722 4401 733 4412 ⁸
769 4383 1026 4437 ἀνένευσα
1049 4384 1158 4456 γὰρ
1180 4386 1302 4448 τοὺς
1324 4383 1630 4455 ὀφθαλμοὺς
1652 4384 1755 4454 τῆς

182 4472 423 4533 διανοίας
450 4489 551 4542 μου
578 4474 710 4543 πρὸς
736 4474 795 4527 σὲ
822 4474 914 4528 τὸν
946 4477 1006 4528 ὲν
1038 4474 1114 4546 τῷ
1133 4474 1345 4547 ούρανῷ
1371 4474 1749 4531 κατοικοῦντα.

259 4562 314 4618 3.
340 4562 549 4635 Ὠσπερ
574 4562 647 4633 (8)
673 4564 900 4630 ἕκαστος
927 4566 1034 4619 τῶν
1064 4565 1263 4620 δούλων
1310 4567 1509 4638 ἀφορᾷ,
1568 4566 1662 4618 καὶ
1692 4564 1755 4618 τὸ

187 4653 309 4725 ζῇν,
324 4657 417 4709 καὶ
426 4655 485 4708 τὸ
501 4656 679 4711 θανεῖν
690 4657 850 4711 αὐτὸν
866 4660 923 4710 ὲν
938 4658 1015 4728 τῷ
1029 4659 1270 4730 Δεσπότῃ
1286 4658 1450 4712 αὑτοῦ
1470 4673 1483 4687 ·
1505 4655 1647 4710 οὕτω
1660 4657 1755 4710 καὶ

188 4748 351 4817 ἡμεῖς
394 4746 622 4801 ἐνώπιόν
654 4765 746 4803 σου
792 4749 1171 4822 παριστάμεθα
1217 4750 1267 4802 ἴο
1304 4744 1460 4821 [οἷον]
1506 4747 1751 4819 βούλημα

189 4836 283 4889 σόν
319 4838 436 4890 ἐστι
461 4838 678 4909 ποιῆσαι
708 4842 789 4903 είς
824 4844 992 4913 ἡμᾶς·
1023 4841 1313 4910 ἀπολογίαν
1344 4841 1455 4912 γὰρ
1504 4842 1604 4894 οὐκ
1630 4839 1750 4910 ἔχο-

190 4941 292 4997 μεν
321 4925 549 4981 ἐνώπιόν
579 4946 692 4987 σου.

1928 4293 2056 4357 1,Ξ.
2081 4290 2197 4347 Νοιι
2235 4291 2467 4361 amplius
2512 4306 2685 4347 meam
2725 4305 2873 4360 spem
2919 4292 3211 4363 repositam
3237 4294 3405 4352 habeo

1858 4385 1913 4441 in
1959 4385 2225 4440 idolorum
2267 4383 2538 4449 vanitate;
2574 4382 2772 4437 sustuli
2802 4384 2946 4439 enim
2982 4386 3170 4441 oculos
3215 4386 3404 4443 mentis

1859 4491 1993 4531 meae
2020 4478 2085 4531 ad
2115 4488 2188 4543 te,
2219 4476 2310 4545 qui
2340 4474 2550 4529 habitas
2576 4474 2629 4527 in
2653 4476 2825 4529 caelis.

1927 4568 1981 4623 '5.
2011 4565 2475 4633 Quemadmodum
2511 4566 2883 4635 unusquisque
2913 4574 3192 4621 seuerum
3231 4568 3402 4623 intus.

1857 4668 1947 4715 tur
1968 4659 2130 4713 vitam
2161 4672 2339 4720 suam,
2364 4666 2418 4712 et
2448 4664 2677 4711 mortem
2700 4656 2752 4710 in
2784 4655 2997 4712 Domini
3027 4658 3111 4713 sui
3143 4665 3407 4728 potestate

1855 4765 2004 4813 esse;
2035 4748 2106 4803 ita
2137 4748 2296 4802 etiam
2326 4761 2426 4803 nos
2453 4762 2637 4804 coram
2681 4756 2732 4804 te
2768 4756 3041 4813 astamus,
3084 4760 3401 4819 exspectan-

1856 4851 1958 4904 tes,
1985 4840 2113 4910 quid
2140 4840 2275 4895 velis
2296 4840 2351 4894 in
2378 4855 2479 4895 nos
2511 4840 2687 4896 facere
2712 4859 2725 4895 :
2752 4855 2926 4910 neque
2970 4840 3113 4895 enim
3144 4855 3326 4896 coram
3355 4851 3402 4899 ts

1858 4931 2117 4986 habemus
2151 4927 2540 4985 defensionem.

1124 5085 1427 5149 Addenda
1452 5093 1511 5146 et
1542 5084 1914 5165 corrigenda
1956 5100 2035 5146 ex
2064 5082 2201 5146 cod.
2236 5082 2433 5144 Vatic.

258 5257 336 5327 (1)
363 5257 441 5377 ΤἾ
472 5270 637 5325 χειρι,
693 5264 823 5317 etc.,
855 5254 884 5305 ὁ
914 5251 1062 5314 Υἱός.

258 5328 335 5377 (Si
381 5312 424 5377 ’Ϊ
451 5329 538 5377 μῖν
571 5326 740 5377 deest.

279 5312 335 5397 Ξ)
381 5312 538 5397 ’ῐίμῖῖι
567 5312 740 5397 “seu:

258 5390 335 5521 (δὲ
369 5390 548 5476 Nili.
591 5394 698 5445 Καὶ
726 5390 1021 5473 βλαστῆσαι
1063 5390 1227 5476 ημᾶς,
1247 5393 1370 5478 ,καὶ
1400 5391 1743 5474 καρποφορῆ-

189 5483 279 5520 σαι
340 5467 393 5553 ta
420 5483 520 5553 της
542 5464 762 5535 χάριτος
787 5464 949 5516 αύτου
971 5502 985 5527 ,
1033 5479 1203 5525 ουτως
1231 5479 1306 5523 ως
1331 5464 1455 5526 τοὺς
1491 5462 1745 5529 ἀγαπων-

185 5537 566 5677 ταῗιῗυᾶῗἼό.
620 5602 1016 5677 Προσεύχονται
1054 5602 1236 5677 λοιπὸν
1285 5601 1426 5677 ύπὲμρ
1468 5600 1644 5677 adrth
1689 5601 1738 5677 οί

187 5672 469 5731 ἀπόστολοι
497 5675 761 5742 λέγοντε;’
801 5674 1044 5726 Γειέσθω
1071 5672 1133 5742 δὴ
1159 5673 1216 5724 ὲν
1250 5672 1429 5734 αὐτοῖς
1470 5672 1655 5741 εἰρήνη
1686 5672 1743 5723 ἐν

188 5749 252 5818 τῇ
276 5746 505 5818 δυνάμει
520 5761 633 5818 σου.
747 5742 832 5818 11.
856 5744 968 5818 Καὶ.
996 5743 1288 5818 εὐθήνησεν
1308 5742 1576 5818 η-καρδία,
1601 5750 1729 5818 εις..

193 5810 252 5871 ut
281 5818 333 5871 iu
363 5810 424 5870 n.
448 5815 532 5870 1‘2.
557 5812 621 5865 Ν.
647 5812 730 5866 15.
769 5814 825 5865 Ὁ
858 5812 1013 5883 χορὸς
1031 5810 1159 5876 τῶν,
1195 5824 1295 5867 etc.
1328 5810 1604 5881 Σωτηρίας
1628 5810 1735 5865 τῶν

510 5908 781 5970 ΡΑτιιοι..
812 5906 929 5969 Gn.
962 5905 1225 5969 XXVII.

1849 5248 2093 5336 6:45;}le
2117 5250 2291 5336 ημῶν,
2317 5251 2428 5336 καί,
2466 5260 2567 5305 etc.

1939 5317 1997 5389 ὃ)
2033 5317 2311 5389 ᾘτήοατο,
2342 5332 2469 5384 etc.,
2496 5337 2587 5372 σου
2616 5317 2707 5371 τοῦ
2736 5317 2910 5387 ἁγίου.

1938 5392 1991 5460 ὃ)
2032 5391 2099 5461 Ἡ
2136 5391 2221 5444 διὰ
2252 5391 2616 5461 κινναϐάρεως
2638 5405 2787 5459 περ-.

1916 5323 1992 5533 ἓὸ)
2032 5323 2311 5444 ςὲτνέσατο,
2342 5332 2469 5384 etc.,
2496 5337 2587 5372 σου
2616 5323 2707 5371 τοῦ
2736 5323 2910 5387 ἁγίου.

1938 5392 1991 5460 ὃ)
2169 5391 2221 5444 ιά
2252 5391 2616 5461 κινναϐάρεως
2638 5405 2787 5459 περ-.

1941 5463 1993 5532 7)
2024 5460 2143 5513 Τῶν
2170 5463 2248 5525 είς
2270 5478 2318 5533 σ.
2345 5463 2389 5514 ὲ.
2434 5478 2487 5514 κ.
2523 5458 2999 5527 συγγινωσκόντων
3017 5456 3246 5522 ἑαυτοῖς,
3270 5463 3399 5524 etc;

1846 5531 1940 5585 καὶ
1967 5531 2418 5601 ταπεινουμένων,
2449 5538 2551 5584 etc.

1916 5601 1990 5670 (8)
2022 5601 2129 5654 Kal.
2148 5597 2332 5669 ὥσπερ
2372 5600 2421 5670 ἒ.
2458 5616 2507 5652 τ.
2542 5598 2591 5655 δ.
2649 5597 2758 5670 τῶν

2805 5596 3199 5678 ημαρτηκότων
3229 5594 3400 5665 ἀσύγ-

1845 5664 2057 5743 metu.
2085 5671 2261 5743 ἀφορᾷ
2286 5664 2345 5721 τὸ
2364 5668 2482 5739 ζῇν,
2516 5681 2645 5735 etc.,
2680 5664 3021 5735 αύτούέἷναιξ
3070 5678 3197 5732 etc.,
3255 5682 3400 5737 παρ-

1841 5740 2102 5812 ιστάμεθα
2132 5740 2391 5811 βούλημα,
2421 5750 2527 5795 etc.

3049 5897 3121 5955 39
