4142 6526
718 435 852 492 1ἳῖ’1

1537 427 1592 481 S.
1634 422 2001 481 ATIlANASll
2040 422 2188 478 OPP.
2233 420 2410 475 PARS
2448 419 2534 475 Ill.
2577 449 2646 460 —-
2689 413 3103 473 EXEGETICA.

3830 404 3962 458 12‘28

782 552 834 604 4.
868 545 1021 605 Sicut
1044 544 1187 602 oculi
1216 543 1425 600 ancillae
1454 544 1508 597 in
1540 540 1794 596 manibus
1846 537 2081 593 dominae
2107 551 2222 594 sua:
2261 554 2274 591 :
2309 543 2354 598 Α

2452 534 2504 589 4.
2549 534 2634 597 Ὠς
2669 531 2937 603 ὀφθαλμοὶ
2973 529 3262 599 παιδίσκης
3294 527 3375 588 είς
3427 526 3623 594 χεῖρας
3647 521 3748 591 τῆς
3784 515 3973 593 κυρίας

780 724 833 780 5.
863 726 943 780 lta
973 722 1115 777 oeuli
1146 720 1318 777 nostri
1349 719 1415 774 ad
1441 717 1729 772 Dominum
1778 715 1947 771 Deum
1991 720 2239 770 nostrum
2263 753 2276 777 ,

784 899 836 953 6.
871 896 1052 952 Donec
1095 897 1419 950 misereatur
1455 893 1644 948 nostri.

783 989 836 1041 7.
876 987 1134 1044 Miserere
1184 987 1377 1049 nostri,
1416 985 1666 1048 Domine,
1699 982 1958 1037 miserere
1991 981 2206 1035 nostri:

783 1081 836 1135 8.
872 1079 1009 1146 Quia
1041 1079 1268 1132 multum
1296 1077 1484 1146 repleti
1510 1090 1703 1130 sumus
1731 1073 2102 1142 despectione.

782 1173 835 1228 9.
870 1170 1007 1237 Quia
1039 1171 1267 1224 multum
1292 1170 1492 1239 repleta
1522 1175 1606 1222 est
1634 1167 1814 1221 anima
1839 1173 2048 1221 nostra.

787 1263 873 1320 10.
903 1263 1264 1335 Opprobrium
1295 1259 1728 1322 abundantibus,

789 1357 872 1410 11.
899 1355 966 1409 Et
997 1355 1276 1424 despectio
1307 1352 1578 1422 superbis.

927 1445 1204 1500 Canticum
1240 1443 1531 1497 Cratinum.
1566 1439 1765 1495 PSAL.
1798 1437 2074 1494 CXXIII.

788 1537 840 1590 1.
866 1535 982 1591 Nisi
1012 1537 1139 1606 quia
1168 1535 1434 1588 Dominus
1469 1542 1585 1588 erat
1623 1533 1678 1586 in
1716 1532 1910 1598 nobis;

783 1627 837 1680 2.
876 1626 1026 1680 Dicat
1060 1641 1203 1679 nunc
1235 1625 1432 1678 lsrael:

785 1719 838 1773 5.
871 1716 983 1772 Nisi
1006 1717 1131 1788 quia
1169 1716 1430 1770 Dominus
1458 1721 1572 1769 erat
1601 1713 1654 1767 in
1680 1711 1860 1775 nobis,

787 1813 840 1865 4.
874 1810 1010 1866 Cum
1037 1819 1392 1880 exsurgerent
1422 1808 1667 1861 homines
1705 1807 1759 1860 in
1799 1821 1929 1871 nos,

791 1903 843 1957 5.
873 1902 1033 1958 Forte
1066 1903 1218 1956 vivos
1249 1900 1608 1971 deglutissent
1640 1913 1760 1954 nos.

2379 627 2572 697 αὺτῆςο

2450 721 2504 777 5.
2536 718 2720 781 Οὕτως
2751 718 2800 770 οἱ
2829 714 3094 786 ὀφθαλμοὶ
3122 711 3275 784 ἡμῶν
3303 709 3441 778 πρὸς
3474 706 3689 776 Κύριον
3721 704 3814 758 τὸν
3843 702 3972 757 Θεὸν

2379 811 2412 881 ἡ
2421 809 2535 879 μῶν
2544 851 2557 874 ,

2449 900 2500 954 6.
2533 900 2674 961 Ἕως
2706 890 2765 951 οὗ
2797 896 3134 966 οἱκτειρῆσαι
3161 895 3328 964 ἡμᾶς.

2449 992 2500 1044 7.
2544 991 2793 1060 Ἐλέησον
2818 992 2986 1060 ἡμᾶς,
3011 987 3196 1056 Κύριε,
3229 987 3449 1057 ἐλέησον
3482 984 3659 1055 ἡμᾶς·

2448 1080 2501 1135 8.
2534 1082 2653 1134 Ὅτι
2686 1082 2777 1132 ἐπὶ
2805 1079 2938 1132 πολὺ
2973 1077 3323 1149 ἐπλήσθημεν
3355 1073 3794 1140 ἐξουδενώσεως.

2449 1170 2504 1228 9.
2552 1171 2674 1223 Ἐπὶ
2707 1170 2888 1223 πλεῖον
2914 1169 3155 1239 ἐπλήσθη
3195 1171 3230 1238 ἡ
3261 1169 3406 1239 ψυχὴ
3439 1166 3619 1238 ἡμῶν.

2453 1262 2537 1316 10.
2581 1263 2653 1314 Τὸ
2683 1261 2882 1323 ὄνειδος
2907 1263 3018 1323 τοῖς
3045 1259 3350 1330 εὐθηνοῡσι,

2452 1353 2538 1406 11.
2573 1355 2682 1406 Καὶ
2710 1356 2742 1424 ἡ
2779 1352 3123 1419 ἐξουδένωσις
3149 1355 3263 1414 τοῖς
3295 1352 3695 1422 ὑπερηφάνοις.

2568 1447 2706 1516 ’ῼδὴ
2770 1444 2889 1499 τῶν
2957 1443 3356 1513 Ἀναϐαθμῶν.
3405 1447 3582 1500 ΨΑΛ.
3616 1443 3808 1496 ΡΚΡ.

2452 1539 2501 1591 1.
2540 1539 2601 1590 ΕΞ
2630 1539 2703 1608 μὴ
2732 1539 2814 1590 ὅτι
2841 1536 3042 1607 Κύριος
3065 1532 3130 1607 ἧν
3158 1537 3217 1588 ὲν
3252 1537 3402 1606 ἡμῖν’

2451 1629 2507 1682 2.
2540 1629 2761 1682 Είπάτω
2797 1627 2860 1698 δὴ
2906 1627 3142 1698 Ἰσραήλ·

2451 1719 2503 1772 3.
2541 1719 2602 1771 Ei
2636 1719 2710 1789 μὴ
2738 1719 2819 1770 ὅτι
2846 1716 3050 1788 Κύριος
3077 1713 3145 1787 ἦν
3175 1719 3231 1770 ἐν
3255 1719 3411 1788 ἡμῖν,

2454 1808 2506 1862 4.
2559 1810 2642 1861 'Ev
2667 1808 2744 1878 τῷ
2776 1808 3146 1877 ἐπαναστῆναι
3173 1807 3490 1878 ἀνθρώπους
3520 1808 3606 1876 ἐφ’
3635 1807 3803 1877 ἡμᾶς·

2321 1907 2363 1962 Β
2463 1899 2515 1952 5.
2551 1900 2693 1970 Ἀρα
2721 1898 2931 1963 ζῶντας
2963 1897 3029 1951 ἂν
3057 1897 3310 1951 κατέπιον
3338 1900 3505 1968 ἡμᾶς.

1832 2007 2206 2064 ATHANASII
2247 2007 2827 2065 INTERPRETATIO.

793 2155 845 2209 4.
879 2153 943 2208 Et
969 2153 1109 2208 sicut
1132 2151 1309 2205 omnis
1351 2150 1578 2214 ancilla,
1607 2164 1729 2219 qua:
1785 2147 2047 2218 peccavit,
2086 2161 2288 2216 pavens

723 2259 778 2305 et
812 2260 1048 2303 tremens
1072 2256 1212 2301 astat
1239 2246 1474 2300 domins:
1498 2259 1610 2300 suae
1630 2253 1974 2315 exspectans,
2007 2252 2102 2297 aut
2125 2243 2286 2297 morti

725 2342 885 2405 tradi,
907 2348 1000 2395 aut
1023 2340 1131 2393 vita
1154 2338 1346 2393 donari
1376 2356 1390 2392 :

796 2522 850 2587 5,
889 2520 941 2578 6.
973 2520 1048 2574 lta
1079 2521 1242 2575 etiam
1271 2534 1369 2574 nos
1399 2532 1546 2571 nunc
1573 2523 1975 2584 exspectamus,
2001 2522 2095 2568 aut
2130 2513 2294 2568 vitam

726 2613 883 2667 nobis
915 2627 946 2664 a
987 2610 1097 2664 Deo
1131 2609 1385 2673 concedi,
1432 2615 1526 2660 aut
1572 2606 1774 2675 justam
1813 2611 2160 2672 peccatorum
2201 2619 2298 2658 no-

727 2715 965 2761 strorum
997 2702 1430 2756 retributionem.

801 2797 851 2849 7.
881 2795 1174 2848 Precamur
1199 2803 1269 2858 te,
1301 2792 1550 2855 Domine,
1580 2793 1840 2846 miserere
1871 2790 2063 2844 nostri.

801 2888 850 2942 8.
888 2886 1091 2956 lmpleli
1131 2887 1276 2941 enim
1320 2901 1511 2940 sumus
1555 2884 1705 2939 omni
1756 2882 2042 2954 iniquitate
2077 2890 2131 2937 et
2175 2896 2300 2952 pec-

731 2988 875 3036 cato.

799 3073 854 3127 9.
889 3070 1207 3127 lnsanabilis
1242 3077 1325 3124 est
1366 3068 1657 3122 multitudo
1694 3075 2040 3137 peccatorum
2087 3074 2302 3120 nostro-

729 3179 872 3220 rum.

804 3257 1006 3322 ‘10,“.
1047 3252 1309 3308 Dominus
1355 3264 1530 3307 autem
1577 3253 1641 3307 ad
1686 3268 1778 3307 eos
1810 3268 1824 3306 :
1852 3253 1929 3308 Ne
1975 3253 2208 3308 timeatis
2233 3253 2303 3306 ob

729 3359 975 3422 peccata,
1007 3364 1105 3418 pro
1134 3348 1331 3416 quibus
1356 3347 1421 3400 ad
1458 3362 1543 3400 me
1569 3347 1818 3401 conversi
1848 3347 1981 3401 estis
2005 3365 2018 3411 ;
2046 3346 2305 3414 iniquita-

731 3453 817 3501 tes
841 3451 1035 3497 vestra:
1061 3448 1337 3494 vertentur
1368 3454 1530 3507 super
1563 3437 1867 3492 contrarias
1907 3445 2223 3505 potestates,
2251 3444 2306 3490 et

735 3533 1117 3590 condemnatio
1160 3540 1335 3586 vestra
1374 3532 1477 3584 erit
1512 3545 1676 3600 super
1737 3528 2075 3598 principatus
2112 3537 2165 3583 et
2204 3543 2304 3598 po-

735 3635 959 3682 testates
988 3624 1211 3679 diaboli.

2466 2149 2518 2204 4.
2550 2149 2655 2204 Καὶ
2681 2150 2756 2213 ὡς
2815 2148 3020 2220 ἑκάστη
3067 2149 3349 2220 παιδίσκη,
3408 2150 3788 2219 ἡμαρτηκυῖα,
3849 2148 3981 2217 μετὰ

2394 2241 2559 2311 φόϐου
2590 2243 2683 2294 καὶ
2712 2240 2914 2311 τρόμου
2954 2241 3284 2312 παρίσταται
3314 2241 3379 2309 τῇ
3416 2237 3580 2308 κυρίᾳ
3637 2238 3806 2306 αὐτῆς
3842 2237 3982 2288 ἐκδε-

2396 2334 2597 2403 χομένη
2645 2332 3048 2403 ῆθανατῶσαι,
3088 2332 3120 2404 ἦ
3169 2333 3244 2405 (1)
3277 2332 3561 2405 χαρίσεται
3610 2327 3981 2401 [χαρίσασθαι]

2395 2429 2532 2497 αὐτῇ
2560 2427 2620 2480 τὸ
2649 2425 2748 2497 ζῇν
2771 2442 2784 2456 °

2468 2520 2522 2581 5,
2547 2519 2596 2573 6.
2632 2519 2789 2571 Οὕτω
2824 2521 2916 2572 καὶ
2947 2520 3110 2589 ἡμεῖς
3138 2517 3556 2590 ἀπεκδεχόμεθα
3583 2517 3680 2570 νῦν
3705 2516 3781 2586 (2)
3808 2514 3848 2590 η
3891 2515 3982 2584 τὴν

2398 2609 2542 2681 ζωὴν
2574 2609 2789 2679 δοθῆναι
2811 2612 2941 2679 ἡμῖν
2971 2609 3122 2681 παρὰ
3157 2608 3312 2672 Θεοῦ,
3344 2610 3376 2679 ἢ
3412 2610 3513 2680 τὴν
3568 2609 3784 2662 δικαίαν
3820 2609 3980 2661 ἀντα-

2398 2703 2612 2755 πόδοσιν
2638 2701 2745 2753 τῶν
2769 2701 3053 2773 ἁμαρτιῶν
3082 2704 3257 2773 ἡμῶν.

2467 2797 2519 2851 7.
2555 2795 2795 2867 Δεόμεθά
2817 2812 2932 2858 σου,
2967 2795 3153 2868 Κύριε,
3179 2795 3398 2865 ἐλέησον
3429 2796 3597 2866 ἡμᾶς.

2467 2887 2519 2941 8.
2565 2887 2992 2958 Πεπληρωμένοι
3045 2888 3152 2959 γάρ
3189 2890 3355 2959 ἐσμεν
3385 2887 3568 2958 πάσης
3614 2887 3844 2956 ἀνομίας
3895 2883 3985 2936 καὶ

2399 2979 2694 3049 ἁμαρτίας.

2467 3070 2518 3123 9.
2593 3070 2922 3140 Ἀνήκαστόν
2974 3067 3356 3142 [Ἄνήκεστόν]
3415 3070 3492 3140 (5)
3537 3072 3653 3123 ἐστι
3689 3069 3752 3122 τὸ
3787 3067 3985 3137 πλῆθος

2399 3161 2506 3215 τῶν
2533 3161 2814 3231 ἁμαρτιῶν
2835 3161 3012 3232 ἡμῶν.

2473 3255 2559 3318 10,
2592 3255 2678 3309 11.
2726 3256 2782 3307 '0
2808 3255 2862 3306 δὲ
2890 3253 3088 3324 Κύριος
3140 3254 3278 3325 πρὸς
3321 3251 3534 3317 αὐτούς·
3586 3253 3679 3323 Μὴ
3716 3251 3983 3320 φοϐεῖσθε,

2402 3345 2516 3399 ἀνθ’
2547 3339 2621 3399 ὧν
2648 3345 3016 3416 ἐπεστρέψατε
3044 3345 3120 3415 (4)
3172 3346 3307 3414 πρός
3350 3363 3416 3414 με
3438 3364 3451 3374 ·
3482 3347 3538 3397 αἱ
3567 3345 3786 3414 ἀνομίαι
3836 3344 3986 3414 ὑμῶν

2404 3439 2496 3492 ἐπὶ
2523 3439 2621 3502 τὰς
2646 3439 2894 3502 ἐναντίας
2920 3438 3197 3508 δυνάμεις,
3238 3439 3334 3490 καὶ
3389 3439 3450 3491 τὸ
3495 3441 3812 3509 κατάκριμα
3840 3439 3986 3506 ὑμῶν

2407 3532 2502 3584 ἐπὶ
2537 3531 2638 3595 τὰς
2661 3532 2757 3586 τοῦ
2783 3531 3024 3585 διαϐόλου
3049 3529 3221 3602 ἀρχὰς
3254 3532 3348 3584 καὶ
3380 3530 3650 3597 ἐξουσίας.

819 3721 882 3773 Ἡ
909 3719 1237 3792 προκειμένη
1270 3718 1547 3790 ἐπιγραφὴ
1576 3718 1819 3790 περιέχει
1849 3717 1946 3786 (ὅδ’
1989 3718 2125 3788 ᾨδὴ
2155 3718 2272 3772 τῶν
2315 3719 2718 3789 Ἀναὸαθμῶν,
2744 3721 2881 3792 ὅπερ
2909 3719 3271 3792 ἑρμηνεύεται
3311 3717 3700 3790 ἐξομολόγησις
3731 3717 3837 3770 τῶν
3864 3718 3987 3770 ἀνα-

737 3810 1030 3865 ϐαινόντων
1057 3812 1164 3864 ἀπὸ
1191 3811 1268 3881 (6)
1294 3811 1552 3881 τετάρτου
1579 3809 1788 3880 βαθμοῦ
1823 3811 1921 3879 τῆς
1952 3810 2263 3874 θεοσεϐείας
2318 3812 2411 3863 ἐπὶ
2470 3812 2562 3864 τὸν
2597 3814 2872 3883 πέμπτον·
2902 3813 3146 3865 τουτέστι
3179 3813 3256 3881 (7)
3314 3811 3450 3881 μετὰ
3483 3812 3580 3880 τὴν
3611 3809 3987 3879 ἐξομολόγησιν

737 3900 1118 3967 φωτισθέντες,
1141 3899 1237 3952 καὶ
1268 3899 1601 3967 μεμνημένοι
1636 3898 1751 3960 πῶς
1778 3897 1852 3968 (8)
1881 3898 2223 3968 ἐκυριεύοντο
2251 3899 2355 3952 ὑπὸ
2383 3900 2490 3952 τῶν
2513 3902 2770 3953 ἐναντίων
2817 3901 3098 3971 δυνάμεων
3139 3901 3200 3953 τὸ
3252 3901 3537 3971 πρότερον·
3579 3900 3676 3952 καὶ
3703 3902 3784 3952 ὃτι
3819 3903 3891 3970 μὴ
3915 3899 3985 3969 (9)

735 3992 766 4044 ὁ
798 3991 928 4056 Θεὸς
946 3991 1033 4044 διὰ
1061 3991 1154 4044 τοῦ
1182 3991 1552 4062 βαπτίσματος
1581 3992 1847 4064 ἐρρύσατο
1874 3992 2070 4057 αὐτοὺς
2095 3994 2154 4061 ἐξ
2182 3995 2382 4060 αὐτῶν,
2423 3995 2653 4067 ⁸ἧμελλον
2710 3995 3075 4068 ἀποθνήσκειν
3110 3998 3166 4051 ἐν
3201 4000 3269 4069 τῇ
3318 3995 3562 4067 ἁμαρτίᾳ
3594 3996 3795 4051 αὐτῶν.

815 4101 1032 4159 Titulus
1060 4105 1384 4176 praepositus
1419 4107 1663 4162 continet
1699 4124 1713 4161 ε
1749 4107 2030 4162 Canticum
2066 4107 2362 4176 Craduum,
2392 4110 2536 4180 quod
2564 4108 2955 4178 interpretatur
2995 4108 3272 4163 confessio
3300 4107 3712 4162 ascendentium
3744 4125 3774 4163 a
3801 4115 3987 4177 quarto

739 4196 911 4268 gradu
947 4197 1127 4251 cultus
1151 4213 1276 4268 erga
1308 4198 1474 4252 Deum
1507 4200 1562 4252 in
1597 4200 1850 4268 quintum
1887 4219 1900 4253 :
1930 4201 2035 4254 hoc
2057 4210 2141 4255 est
2160 4217 2377 4266 eorum,
2405 4202 2500 4270 qui
2538 4210 2665 4270 post
2694 4200 3095 4255 confessionem
3125 4200 3415 4253 illuminati
3447 4209 3596 4263 sunt,
3625 4209 3678 4254 et
3702 4201 3754 4253 in
3787 4213 3987 4253 meme-

738 4297 878 4351 riam
909 4300 1187 4353 revocant,
1219 4295 1494 4361 quomodo
1527 4292 1746 4347 fuerunt
1785 4295 1938 4362 prius
1973 4294 2075 4349 sub
2115 4295 2360 4350 dominio
2395 4297 2793 4349 contrariarum
2833 4302 3200 4364 potestatum;
3233 4303 3288 4349 et
3320 4295 3466 4365 quod
3500 4295 3605 4349 nisi
3635 4293 3782 4350 Deus
3805 4309 3897 4349 eos
3927 4295 3989 4346 ab

743 4388 877 4459 ipsis
899 4384 1221 4454 baptismate
1247 4384 1548 4447 liberasset,
1575 4385 1827 4438 morituri
1851 4394 2007 4438 erant
2035 4386 2088 4439 in
2118 4401 2309 4441 eorum
2346 4396 2587 4458 peccato.

813 4478 862 4534 1.
893 4474 1007 4530 Nisi
1032 4474 1190 4530 Jesus
1219 4471 1314 4528 Dei
1341 4472 1510 4527 Filius
1536 4471 1800 4527 Dominus
1835 4483 2020 4528 noster
2043 4476 2307 4541 venisset,

741 4577 798 4621 et
843 4565 1180 4636 apparuisset
1232 4577 1393 4633 super
1443 4570 1679 4628 terram,
1731 4566 1784 4616 et
1827 4575 1953 4615 eum
1994 4560 2306 4618 hominibus

743 4668 1094 4715 conversatus
1122 4664 1284 4711 esset.

811 4749 867 4804 2.
904 4749 1055 4804 Dicat
1084 4757 1262 4803 autem
1287 4747 1520 4816 populus
1550 4754 1732 4802 mente
1761 4746 2122 4803 illuminatus.

813 4843 864 4895 3.
899 4839 1054 4908 Quod
1078 4840 1180 4894 nisi
1216 4839 1329 4908 ipse
1354 4837 1616 4892 Dominus
1645 4839 1972 4892 advenisset.

817 4930 867 4984 ι.
901 4930 1038 4985 Cum
1062 4931 1116 4984 in
1149 4945 1247 4984 nos
1275 4928 1544 4984 irruerent
1565 4928 1850 4983 contrarias
1871 4935 2186 4999 potestates.

816 5113 870 5167 5.
902 5111 1134 5175 Omnino
1175 5112 1249 5166 uti
1282 5113 1458 5167 adhuc
1501 5127 1718 5167 eramus
1749 5111 1804 5166 in
1849 5120 1992 5166 terra
2044 5111 2306 5175 viventes,

749 5206 908 5261 morti
937 5204 1118 5261 traditi
1152 5204 1462 5260 fuissemus.

2487 4475 2536 4528 1.
2567 4477 2628 4529 Εἰ
2661 4477 2734 4547 μὴ
2772 4476 2974 4547 Ἰησοῦς
3002 4478 3030 4529 ό
3057 4477 3184 4540 Υἱὸς
3215 4475 3311 4529 τοῦ
3344 4475 3477 4529 Θεοῦ
3523 4478 3550 4529 ὁ
3580 4475 3780 4546 Κύριος
3841 4475 3987 4545 ἡμῶν

2412 4563 2563 4639 ἦλθε,
2595 4570 2688 4621 καὶ
2737 4567 2894 4639 ὤφθη
2951 4571 3043 4622 ἐπὶ
3098 4570 3201 4640 τῆς
3248 4569 3374 4639 γῆς,
3410 4570 3503 4622 καὶ
3542 4573 3654 4631 τοῖς
3690 4567 3988 4638 ἀνθρώποις

2415 4661 2846 4731 συνανεστράφη.

2483 4748 2537 4804 2.
2569 4749 2788 4803 Είπατω
2811 4749 2874 4820 δὴ
2897 4751 2925 4802 ὁ
2951 4751 3078 4814 λαὸς
3111 4752 3139 4803 ὁ
3167 4751 3455 4820 φωτισθεὶς
3475 4751 3574 4823 τὴν
3599 4750 3855 4805 διάνοιαν.

2484 4840 2537 4894 5.
2575 4841 2695 4892 Ὅτι
2719 4843 2764 4893 εί
2807 4843 2885 4912 μὴ
2912 4842 3073 4906 αὐτὸς
3105 4844 3133 4895 ὁ
3170 4842 3364 4915 Κύριος
3396 4844 3750 4915 παρεγένετο.

2487 4931 2540 4985 4.
2588 4931 2674 4986 'Ev
2696 4932 2774 5004 τῷ
2800 4934 2898 4998 τὰς
2932 4934 3177 4998 ἐναντίας
3203 4935 3459 5007 δυνάμεις
3491 4936 3825 5008 ἐπέρχεσθαι
3877 4933 3988 4988 καθ’

2416 5025 2449 5094 ἠ
2457 5025 2591 5094 μῶν.

2488 5117 2540 5170 5.
2562 5119 2730 5171 Παντὶ
2754 5118 2964 5189 τρόπῳ,
2989 5118 3063 5181 ὡς
3087 5117 3296 5190 ἐτιξ(10)
3316 5113 3460 5191 ἦμεν
3480 5121 3573 5173 ἐπὶ
3596 5120 3696 5192 τῆς
3719 5121 3841 5192 γῆς,
3868 5116 3987 5184 ζῶν-

2417 5226 2506 5272 τες
2536 5208 2601 5261 ἂν
2635 5209 3069 5280 ἐθανατώθημεν.

1691 5319 1995 5382 Addenda
2028 5323 2088 5379 et
2115 5319 2492 5399 corrigenda
2523 5343 2602 5387 ex
2636 5325 2779 5388 cod.
2812 5324 3015 5385 Vatic.

832 5445 892 5514 ζ1)
919 5430 1303 5514 Είᾼθανατὼσέι
1331 5439 1516 5502 αὐτὴν,
1541 5439 1595 5509 ἦ,
1628 5449 1732 5494 etc,

841 5512 897 5581 τι)
921 5512 1033 5566 Νῦν
1056 5513 1222 5566 deest.

841 5578 895 5652 3)
953 5583 1284 5643 Ἀνίκαστον,
1344 5590 1472 5645 etc.,
1511 5580 1795 5650 ἁμαρτιῶν
1849 5597 1972 5651 μου.
2009 5578 2159 5637 Fort.
2208 5581 2314 5652 leg.

749 5654 1022 5726 ἀνίκητον.

819 5721 907 5794 (4)
935 5721 1344 5794 Ἐπιστρέψατε.

819 5793 897 5865 (5)
931 5793 995 5849 Ἦ
1025 5793 1114 5849 διὰ
1130 5793 1230 5864 τῆς
1260 5793 1625 5865 κινναϐάρεως
1659 5810 1807 5864 περ-.

2513 5444 2568 5574 6)
2613 5445 2743 5497 Ἀπὸ
2770 5443 2884 5498 τοῦ.

2518 5516 2544 5565 7
2597 5514 2848 5566 Τουτέστι
2871 5513 2938 5566 τιῖ

2518 5514 2568 5569 7)
2597 5514 2848 5566 Τουτέστι
2871 5514 3000 5569 τῶν.

2591 5585 2992 5726 ⁴Ιὲιὶιτριἧθέντων,
3022 5586 3115 5639 καὶ
3153 5583 3516 5657 μεμνημένων
3545 5585 3604 5638 τὸ
3633 5584 3758 5648 πιῖις

2517 5723 2602 5793 10)
2638 5721 2786 5780 Ὀτε.

2517 5723 2602 5793 10)
2638 5721 2786 5780 Ὅτε.
