4142 6480
181 429 333 485 1255

254 544 311 599 2.
341 542 705 616 Ἐγενήθημεν
730 544 860 598 ὡσεὶ
893 547 1391 619 παρακεκλημένοι.

257 636 312 690 ὅ.
354 634 485 689 Τότε
521 636 761 708 ἐπλήσθη
793 639 966 709 χαρᾶς
998 637 1058 691 τὸ
1088 639 1261 709 στόμα
1290 642 1321 711 ἡ
1333 642 1472 711 μῶν,

260 727 316 779 4.
357 726 463 779 Καὶ
490 728 524 796 ή
552 726 767 794 γλῶσσα
799 726 952 797 ήμῶν
986 727 1375 796 ἀγαλλιάσεως.

258 815 312 871 5.
356 817 488 871 Τότε
517 818 731 889 ἐροῦσιν
759 820 817 871 ἐν
849 820 961 882 τοίς
990 819 1230 873 ἔθνεσιν

261 909 314 964 6.
342 910 669 981 Ἐμεγάλυνε
701 910 901 983 Κύριος
927 911 1019 965 τοῦ
1052 912 1274 984 ποιῆσαι
1302 914 1419 984 μετ’
1448 913 1647 968 αὐτῶν.

262 1002 315 1056 7.
345 1003 669 1074 Ἐμεγάλυνε
699 1003 901 1076 Κύριος
926 1004 1020 1058 τοῦ
1050 1006 1273 1075 ποιῆσαι
1304 1006 1421 1077 μεθ’
1452 1007 1607 1077 ήμῶν
1643 1020 1657 1034 ⁸

264 1094 319 1148 8.
348 1093 715 1166 Ἐγενήθημεν
747 1096 1184 1168 εὐφραινόμενοι.

260 1185 314 1240 9.
344 1186 715 1258 Ἐπίστρεψον,
743 1186 935 1259 Κύριε,
968 1186 1063 1259 τὴν
1092 1188 1465 1260 αἰχμαλωσίαν
1490 1189 1669 1260 ήμῶν,

264 1276 351 1333 10.
377 1277 462 1341 Ὠς
486 1278 814 1350 χειμάρρους
838 1280 895 1331 ἐν
919 1278 995 1348 τῷ
1017 1279 1171 1351 νότῳ.

1110 428 1203 484 DE
1247 427 1528 488 TITULIS
1559 430 2007 488 PSALMDRUM.
2049 462 2120 473 ——
2154 430 2346 489 PSAL.
2379 429 2594 490 CXXV.

3302 435 3440 492 I236

1790 560 1838 614 Α
1931 554 1987 607 2.
2024 551 2174 607 Facti
2206 566 2399 607 sumus
2425 550 2569 608 sicut
2594 551 2887 608 consolati.

1931 644 1983 700 3.
2017 644 2175 701 Tunc
2205 644 2471 715 repletum
2502 656 2590 702 est
2625 644 2827 715 gaudio
2856 659 2918 699 os
2944 652 3214 710 nostrum,

1933 735 1985 789 4.
2014 732 2076 789 Ει
2116 735 2297 806 lingua
2335 745 2522 791 nostra
2545 732 2927 791 exsultatione.

1934 825 1987 879 5.
2026 824 2182 881 Tunc
2208 826 2392 882 dicent
2424 827 2567 882 inter
2602 836 2791 897 gentes
2821 844 2833 879 :

1935 915 1988 969 6.
2026 914 2393 987 Maguilicavit
2422 915 2687 973 Dominus
2715 915 2894 971 facere
2916 931 3041 971 cuni
3068 915 3169 971 eis.

1940 1004 1993 1062 Ἰ.
2023 1005 2394 1078 Magniiicarit
2420 1007 2684 1064 Dominus
2713 1006 2893 1065 facere
2919 1009 3205 1064 nobiscum
3230 1028 3246 1065 :

1942 1097 1997 1153 8.
2031 1096 2181 1154 Facti
2216 1114 2409 1156 sumus
2441 1100 2707 1157 laetantes.

1942 1190 1997 1246 9.
2033 1191 2323 1258 Converte,
2357 1193 2606 1256 Domine,
2641 1194 3007 1264 captivitatem
3038 1200 3304 1261 nostram,

1942 1284 2029 1339 ιο.
2063 1282 2217 1341 Sicut
2257 1296 2472 1342 torrens
2507 1286 2561 1340 in
2600 1297 2808 1341 austro.

1318 1415 1694 1472 ATHANASII
1736 1416 2321 1482 lNTEllPRETATIO.

259 1527 315 1582 2.
346 1527 670 1597 Ἕγενόμεθα
702 1527 777 1592 ὼς
806 1526 883 1599 (1)
909 1528 1217 1583 ἀνάπαυσιν
1238 1546 1251 1560 ·
1282 1529 1345 1584 '0
1376 1531 1485 1601 γὰρ
1505 1545 1774 1599 παρακα-

182 1617 317 1673 λῶν
342 1618 482 1684 τοὺς
510 1619 825 1684 ταπεινοὺς
860 1618 1278 1687 παρεκάλεσεν
1306 1620 1464 1688 ἡμᾶς
1498 1621 1665 1687 Θεός.

263 1709 317 1763 3.
350 1709 482 1761 Τότε
522 1706 869 1778 ἐπλήσοημεν
899 1706 1217 1778 Ηνεύματος
1244 1708 1398 1777 ἁγίου
1419 1724 1433 1740 ο

264 1799 318 1853 ι.
348 1798 459 1852 Καὶ
483 1797 765 1868 ἠρξάμεθα
783 1798 963 1853 λαλεῖν
981 1799 1196 1864 ἑαυτοῖς
1214 1799 1290 1870 (2)
1310 1800 1379 1853 ἐν
1396 1800 1658 1871 ψαλμοῖς
1674 1799 1771 1854 καί

1941 1536 1996 1592 2.
2028 1536 2178 1592 Facti
2210 1552 2402 1593 sumus
2438 1535 2604 1591 veluti
2637 1535 2690 1588 in
2731 1534 2959 1604 requie:
3002 1531 3107 1599 Qui
3154 1531 3294 1586 enim
3320 1546 3449 1585 con-

1870 1630 2076 1684 solatur
2109 1628 2359 1694 humiles,
2393 1628 2693 1683 consolatus
2725 1636 2801 1680 est
2830 1642 2922 1679 nos
2950 1623 3091 1678 Deus
3114 1622 3177 1680 ⁷⁵.

1936 1719 1991 1774 3.
2018 1717 2173 1774 Tunc
2204 1719 2393 1789 repleti
2418 1734 2610 1775 sumus
2645 1716 2856 1788 Spiritu
2890 1725 3081 1771 sancto
3112 1734 3125 1770 :

1936 1810 1989 1864 4.
2041 1809 2104 1864 Ει
2138 1810 2406 1880 crepiinus
2460 1809 2871 1879 nobismetipsis
2914 1800 3059 1878 lnqui
3108 1806 3162 1859 in
3196 1804 3441 1875 psalmis.

184 1890 424 1960 ὕμνοις,
441 1890 537 1943 καὶ
560 1888 737 1957 ᾠδαῖς
751 1889 1175 1960 πνευματικαῖς
1188 1888 1456 1957 ᾄδοντες,
1483 1890 1580 1945 καί
1604 1889 1765 1959 ψάλ-

1874 1911 1914 1957 rt
1946 1902 2189 1973 hymnis,
2246 1911 2297 1957 et
2340 1902 2565 1957 canticis
2606 1899 2979 1972 spiritualibus
3026 1906 3343 1963 salutantes,
3390 1903 3443 1952 et

181 1985 406 2047 λοντες
433 1982 503 2035 ἐν
529 1980 658 2047 ταῖς
695 1981 961 2051 καρδίαις
984 1980 1151 2051 ἡμῶν
1177 1981 1257 2047 τῷ
1282 1983 1521 2052 ὀνόματι
1550 1980 1755 2036 αὐτοῦ.

262 2072 318 2136 5,
355 2071 408 2127 6.
444 2073 520 2139 (3)
553 2074 687 2127 Τότε
716 2073 901 2142 ελεγον
927 2074 982 2126 αἰ
1009 2073 1245 2127 ἐναντίαι
1268 2072 1522 2144 δυνάμεις
1541 2088 1555 2103 °
1595 2070 1760 2126 Εὐδό-

185 2180 363 2235 κησεν
394 2166 422 2217 6
458 2164 584 2229 Υἰὸς
615 2166 708 2219 τοῦ
735 2165 868 2219 Θεοῦ
903 2166 996 2219 τοῦ
1029 2165 1200 2220 σῶσαι
1226 2165 1440 2230 αὐτούς.

264 2253 316 2309 7.
345 2255 531 2326 Ἡμεῖς
561 2255 616 2308 δὲ
645 2256 802 2309 πάλιν
831 2256 1174 2327 καυχώμενοι
1200 2258 1257 2310 ἐν
1287 2257 1476 2330 Κυρίῳ
1507 2256 1757 2329 λέγομεν·

187 2344 483 2399 Ἤπλωσεν
504 2347 597 2400 ἐπὶ
625 2346 852 2409 πάντας,
884 2348 978 2399 καὶ
1012 2349 1090 2411 εἰς
1116 2348 1262 2418 ἡμᾶς
1290 2348 1350 2401 τὸ
1390 2348 1538 2413 ἔλεος
1572 2348 1758 2403 αὑτοῦ.

263 2524 319 2575 8.
362 2520 682 2593 Εὑρέθημεν
709 2523 1038 2595 πλησθέντες
1066 2543 1131 2599 τῃ
1161 2543 1343 2600 χαριτι
1383 2527 1457 2597 (4)
1489 2526 1674 2583 αὐτοῦ.

262 2613 317 2675 9,
353 2612 438 2665 10.
474 2614 529 2667 '0
555 2616 885 2689 χειμάρρους
908 2611 1083 2683 οὗτος,
1128 2621 1255 2690 περί
1286 2613 1347 2673 οὗ
1375 2619 1523 2688 λέγει
1564 2620 1593 2671 6
1622 2621 1763 2691 Προ-

190 2704 392 2774 φήτης,
421 2705 478 2757 ἐν
520 2705 598 2775 τῷ
640 2707 776 2777 νότῳ
818 2709 964 2760 ἐστὶν
1005 2710 1062 2760 ἐν
1106 2711 1172 2779 τῇ
1207 2708 1623 2781 Ῥινοκουρούρςι
1661 2710 1762 2782 (5),

186 2798 315 2869 ἥτις
348 2800 493 2852 ἐστὶν
522 2801 663 2871 ἀρχὴ
710 2802 807 2867 τῆς
836 2800 1112 2869 Αἰγύπτου
1134 2820 1146 2831 ·
1178 2802 1259 2857 διὸ
1282 2805 1375 2858 καὶ
1410 2806 1439 2858 6
1470 2804 1766 2877 Προφήτης

188 2888 438 2961 εἴρηκεν,
469 2891 549 2957 ὠς
593 2895 625 2945 d
669 2891 1021 2962 χειμάρῤους
1057 2894 1126 2948 ἐν
1166 2894 1246 2961 τῷ
1272 2898 1440 2960 νότῳ.
1473 2896 1643 2951 Τοῦτο
1672 2893 1765 2951 οὖν

192 2979 594 3051 μεμαθήκαμεν
655 2982 804 3054 παρά
843 2984 1120 3048 πλειόνων,
1157 2986 1347 3058 ὅτιπερ
1373 2988 1421 3039 οἰ
1460 2987 1765 3057 Σαρακηνοὶ

191 3073 527 3142 κατήρχοντο
558 3075 636 3137 εἰς
667 3074 763 3143 τὴν
798 3075 1261 3146 Ῥινοκουρούροιν,
1292 3076 1324 3145 ἢ
1364 3074 1481 3148 [ὡς]
1517 3078 1609 3129 καὶ
1631 3094 1765 3130 κατ-

188 3164 443 3233 έρχονται
490 3163 649 3234 μέχρι
696 3164 789 3216 τοῦ
853 3164 980 3227 νῦν,
1029 3166 1124 3219 καὶ
1177 3166 1519 3231 παιδεύουσιν
1577 3166 1766 3241 ὥσπερ

1862 1994 2145 2064 psallentes
2179 1994 2234 2048 in
2256 1995 2503 2050 cordibus
2526 1998 2721 2048 nastris
2754 1994 2955 2046 nomini
2982 1992 3094 2057 eius
3117 1992 3184 2046 ".

1930 2085 1985 2151 5,
2019 2085 2071 2140 6.
2105 2083 2260 2141 Tunc
2291 2086 2548 2141 dixerunt
2583 2084 2872 2139 contrariae
2904 2091 3200 2146 potestates
3229 2099 3244 2137 :
3281 2078 3446 2136 Com-

1860 2174 2068 2246 placuit
2104 2173 2245 2228 Filio
2276 2172 2370 2228 Dei
2403 2174 2554 2244 ipsos
2584 2173 2765 2229 salvos
2796 2171 2997 2226 facere.

1938 2266 1992 2319 7.
2026 2262 2136 2321 Nos
2165 2274 2347 2320 autem
2377 2278 2571 2323 rursus
2616 2263 2914 2334 gloriantes
2950 2263 3004 2316 in
3039 2259 3270 2315 Domino
3307 2259 3447 2315 dici-

1862 2372 2025 2412 mus:
2079 2357 2348 2428 Expandit
2393 2371 2557 2427 super
2594 2370 2808 2422 omnes,
2849 2363 2903 2410 et
2941 2367 3106 2424 super
3148 2367 3251 2409 nos
3286 2352 3447 2408 mise-

1862 2452 2151 2507 ricordiam
2186 2467 2364 2507 suam.

1931 2541 1985 2597 8.
2014 2540 2220 2597 Inventi
2254 2557 2446 2597 sumus
2476 2542 2666 2613 repleti
2696 2540 2867 2612 gratia
2895 2540 3091 2610 ipsius.

1933 2634 1991 2698 9,
2028 2635 2115 2690 10.
2157 2632 2395 2690 Torrens
2446 2635 2569 2701 iste,
2619 2634 2687 2689 de
2718 2647 2828 2704 quo
2879 2632 3121 2703 loquitur
3154 2629 3446 2700 Propheta,

1862 2738 1947 2785 est
1974 2730 2027 2783 in
2064 2737 2217 2799 parte
2249 2728 2477 2783 australi
2504 2728 2557 2782 in
2595 2725 2997 2790 Rhinocorura,
3026 2738 3149 2793 qua!
3179 2731 3265 2778 est
3296 2721 3450 2792 prin-

1863 2820 2064 2890 cipium
2101 2818 2352 2890 Egypti;
2396 2819 2516 2873 ideo
2557 2828 2611 2872 et
2641 2816 2915 2889 Propheta
2946 2816 3106 2881 dixit,
3140 2815 3299 2871 veluti
3334 2822 3447 2867 tor-

1865 2926 1984 2966 rens
2033 2911 2089 2963 in
2145 2921 2351 2965 austro.
2391 2907 2504 2965 iloc
2550 2909 2695 2964 enim
2743 2909 3040 2964 didicimus
3085 2922 3115 2961 a
3172 2905 3445 2977 pluribus,

1866 3002 2011 3074 quod
2053 3000 2310 3057 Sarareni
2369 3002 2731 3059 deveniebant
2775 3002 2828 3056 in
2879 3000 3352 3063 Rhinocoruram,
3387 3006 3449 3053 ut

1865 3098 2165 3150 etiamnum
2198 3096 2444 3161 veniunt,
2474 3104 2527 3149 et
2562 3093 2964 3164 depOpulantur
3000 3105 3339 3163 quaecunque
3366 3090 3449 3144 in-

1876 3189 2124 3254 veniunt,
2154 3196 2208 3242 et
2239 3195 2588 3243 revertuntur
2615 3187 2668 3239 in
2702 3186 2818 3239 loca
2850 3199 2970 3239 sua.
3002 3183 3238 3238 Torrens
3267 3192 3446 3238 autem

190 3254 520 3327 [πορθοῦσιν
570 3256 738 3328 ὅπερ]
794 3258 1137 3328 εὑρίσκουσι,
1186 3260 1280 3312 καὶ
1330 3260 1644 3331 ἀνέρχονται
1695 3264 1774 3329 εἰς

1878 3282 1999 3346 iste,
2031 3281 2099 3335 de
2146 3295 2257 3350 quo
2308 3278 2551 3348 loquitur
2588 3277 2893 3347 Propheta,
2944 3291 3009 3329 ex
3050 3273 3445 3329 Saracenorum

188 3347 320 3409 τοὺς
356 3348 555 3411 τόπους
602 3347 802 3401 αὐτῶν.
822 3350 879 3401 '0
908 3348 963 3401 δὲ
995 3351 1325 3422 χειμάρρους
1348 3344 1523 3416 οὗτος,
1559 3352 1686 3421 περὶ
1712 3346 1773 3404 οὗ

191 3430 347 3488 εἶπεν
379 3437 407 3488 6
438 3437 753 3507 Προφήτης,
799 3439 862 3489 ἐκ
889 3438 996 3490 τῶν
1042 3438 1377 3509 Σαρακηνῶν
1412 3437 1733 3509 κατέρχεται
1757 3456 1770 3469 ·

191 3527 339 3580 κατά
367 3525 619 3597 βούλησιν
642 3524 732 3580 οὖν
756 3527 914 3592 Θεοῦ,
944 3529 1105 3599 ήνίκα
1128 3528 1350 3599 γένηται
1380 3528 1530 3592 ὑετὸς
1554 3528 1771 3600 λάϐρος,

192 3617 455 3690 πληθύνει
488 3622 515 3672 6
538 3621 1042 3692 χειμάῤῥους,ὥστε
1070 3620 1430 3691 κατέρχεσθαι
1456 3620 1616 3674 αὑτὸν
1643 3637 1773 3690 σφο-

190 3708 358 3781 δρῶς,
389 3708 729 3779 λαμϐάνοντα
767 3709 864 3774 τάς
910 3709 1114 3780 σκηνὰς
1164 3710 1271 3764 τῶν
1304 3710 1650 3781 Σαρακηνῶν,
1681 3708 1775 3763 καὶ

192 3804 393 3867 αὐτοὺς
433 3802 489 3856 δὲ
522 3803 832 3867 ἀπόλλυσιν,
870 3802 1011 3873 άπερ
1053 3803 1109 3856 δέ
1140 3802 1443 3874 διήρπασαν
1469 3801 1647 3855 λαϐὼν
1682 3800 1775 3868 φέ-

199 3910 285 3967 ρει
321 3895 399 3957 εἰς
428 3894 526 3963 τὴν
568 3893 808 3945 Ῥινοκου
820 3893 1036 3964 ρούραν,
1066 3892 1185 3945 ὅθεν
1209 3893 1302 3945 καὶ
1335 3889 1647 3961 ἐλήφθησαν
1668 3891 1775 3944 ἀπὸ

191 3988 306 4041 τῶν
332 3986 663 4058 Σαρακηνῶν
694 3988 753 4040 τὸ
784 3988 1047 4057 πρότερον
1071 4003 1083 4015 ι
1124 3985 1217 4037 καὶ
1250 3986 1406 4055 ἡμεῖς
1437 3983 1514 4047 δέ,
1549 3983 1775 4053 γενόμε-

193 4095 276 4134 νοι
322 4081 379 4133 ἐν
424 4081 560 4151 αὐτῇ
594 4083 661 4151 τῇ
704 4080 873 4141 πόλει,
906 4076 1245 4147 ἐθεασάμεθα
1288 4076 1377 4129 τὸν
1419 4076 1771 4147 χειμάρρουν.

192 4172 367 4227 Τοῦτο
405 4169 497 4227 οὖν
529 4175 682 4227 ἐστιν
726 4173 755 4227 ὅ
798 4172 943 4238 λέγει
987 4173 1015 4224 6
1045 4173 1338 4243 Προφήτης
1376 4169 1440 4221 ἐκ
1485 4168 1774 4240 προσώπου

192 4266 306 4321 τῶν
331 4266 764 4319 πεπιστευκότων
780 4282 793 4295 ’
826 4265 927 4325 ὅτι,
953 4262 1139 4333 ὥσπερ
1164 4262 1368 4324 ἐκεῖνος
1394 4263 1423 4313 6
1444 4259 1777 4331 χειμάρρους

192 4360 325 4420 τοὺς
363 4359 460 4430 μὲν
487 4357 982 4429 αἰχμαλωτίζοντας
1018 4353 1297 4416 ἀπόλλυσι,
1326 4353 1395 4405 τά
1422 4352 1478 4405 δέ
1504 4350 1777 4422 ληφθέντα

196 4448 329 4519 παρ’
362 4447 538 4500 αὐτῶν
566 4447 735 4500 σκῦλα
768 4443 1215 4513 ἀποκαθίστησιν,
1241 4441 1299 4507 ἐξ
1328 4434 1402 4493 ὧν
1427 4440 1519 4493 καὶ
1544 4438 1779 4509 ἐλήφθη-

197 4556 322 4600 σαν,
352 4537 496 4591 οὓτω
522 4539 743 4609 ποίησον
780 4537 874 4590 καὶ
902 4536 1083 4599 αὐτὸς,
1140 4535 1233 4587 καί
1260 4532 1358 4597 τὰς
1395 4532 1491 4603 μὲν
1524 4530 1775 4593 ἐναντίας

195 4630 454 4702 δυνάμεις
486 4629 583 4694 τάς
626 4627 1104 4700 αἰχμαλωτισάσας
1152 4626 1296 4696 ἡμᾶς
1344 4623 1651 4677 θανάτωσον
1697 4621 1775 4693 τῷ
1807 4610 1853 4668 υ

198 4722 353 4776 ὕδατι
382 4721 476 4775 τοῦ
511 4721 902 4792 βαπτίσματος,
931 4718 997 4771 δι’
1023 4716 1187 4771 αὐτοῦ
1212 4717 1268 4769 δὲ
1294 4714 1387 4768 τοῦ
1422 4715 1611 4777 ὓδατος
1637 4715 1772 4767 ἀπό-

196 4813 290 4876 δος
320 4814 449 4883 ἡμῖν
480 4813 576 4882 τὴν
602 4811 759 4878 δόξαν
789 4812 882 4864 καὶ
903 4811 999 4880 τὴν
1026 4807 1357 4878 ἐλευθερίαν,
1390 4808 1456 4878 ἠν
1485 4805 1773 4874 ἀφείλαντο

198 4906 334 4976 ἡμῖν
364 4905 419 4957 αἰ
455 4903 548 4956 τοῦ
589 4902 783 4975 ἐχθροῦ
808 4902 1083 4971 δυνάμεις.
1119 4898 1266 4966 Αὕτη
1311 4893 1401 4951 οὖν
1449 4899 1482 4968 ἡ
1524 4896 1774 4968 διήγησις

198 4994 309 5049 τοῦ
344 4994 682 5063 χειμὰρῤου.
726 4993 819 5046 καὶ
850 4990 985 5062 αὕτη
1015 4993 1047 5059 ή
1086 4991 1235 5045 αἰτία
1259 4988 1350 5043 τοῦ
1380 4990 1657 5062 εἰρηκέναι
1683 4990 1773 5043 τὸν

203 5086 516 5157 Προφήτην.

272 5197 321 5231 ’⁵
354 5196 396 5251 ll
426 5194 551 5251 Cor.
593 5211 663 5250 vn
717 5194 770 5250 6.
851 5195 895 5225 "
921 5192 1117 5263 Ephcs.
1154 5210 1205 5260 ν,
1238 5195 1291 5248 4.

1879 3383 2020 3427 terra
2046 3372 2312 3441 originem
2345 3370 2545 3423 habet:
2581 3369 2879 3424 secundum
2931 3368 3097 3439 igitur
3124 3366 3219 3422 Dei
3259 3366 3449 3421 volun-

1876 3474 2063 3529 tatem,
2098 3478 2221 3517 cum
2256 3462 2513 3532 copiosus
2548 3460 2723 3515 imber
2754 3461 2919 3523 cadit,
2945 3459 3080 3513 adeo
3112 3458 3308 3513 crescit
3338 3468 3448 3512 tor—

1877 3570 2023 3616 rens,
2052 3562 2113 3607 ιιι
2148 3552 2496 3607 vehementer
2530 3565 2588 3607 88
2627 3549 2822 3605 inferat
2872 3551 3094 3604 trahens
3128 3561 3311 3603 secum
3362 3556 3445 3601 ιιι·

1878 3646 2173 3701 bernacula
2211 3644 2631 3707 Saracenorum,
2682 3651 2737 3697 et
2782 3643 2928 3712 ipsos
2976 3639 3445 3722 quidei_n.penlit,

1875 3754 2219 3811 quacunque
2248 3746 2427 3792 autem
2465 3741 2790 3804 rapuerunt,
2845 3733 3119 3803 accipiens
3169 3731 3272 3786 fert
3316 3728 3448 3786 1ὶίιὶ-

1879 3822 2225 3893 noceruram,
2268 3827 2409 3881 unde
2442 3834 2497 3879 et
2520 3832 2677 3879 antea
2709 3833 2866 3895 capta
2915 3821 3138 3878 luerunt
3163 3837 3195 3877 a
3224 3820 3451 3877 Sarace-

1877 3922 2003 3975 nis:
2047 3930 2102 3974 et
2155 3934 2256 3974 nos
2302 3918 2521 3989 quidem
2574 3933 2700 3972 cum
2750 3932 2995 3973 essemus
3045 3916 3099 3970 in
3135 3931 3197 3971 ea
3233 3916 3451 3973 civitate

1876 4012 2116 4066 vidimus
2144 4019 2465 4066 torrentem.
2495 4006 2608 4064 lioc
2641 4009 2804 4075 igitur
2829 4017 2931 4071 est,
2964 4008 3110 4078 quod
3146 4007 3277 4062 dicit
3311 4005 3449 4063 Pro-

1876 4107 2032 4173 pheta
2068 4119 2134 4158 ex
2188 4118 2418 4173 persona
2457 4103 2837 4156 credentium:
2895 4099 3040 4171 quod
3094 4100 3449 4170 quemadmo-

1876 4197 2005 4252 dum
2044 4196 2133 4251 ille
2167 4204 2381 4250 torrens
2409 4208 2527 4256 eos,
2564 4192 2656 4262 qui
2689 4193 2829 4247 alios
2859 4192 2911 4247 in
2951 4173 3318 4261 captivitatem
3348 4192 3449 4245 ah-

1878 4289 2179 4353 duxerunt,
2213 4287 2408 4355 perdit,
2438 4294 2594 4356 capta
2645 4295 2825 4341 autem
2868 4286 2938 4340 ab
2989 4284 3121 4354 ipsis
3155 4284 3326 4353 spolia
3365 4297 3452 4338 re-

1880 4383 2059 4440 atituit
2088 4382 2186 4445 eis,
2221 4380 2422 4450 quibus
2448 4390 2503 4435 et
2527 4390 2711 4450 erepta
2744 4377 2991 4438 fuerant;
3020 4379 3091 4432 ita
3116 4375 3202 4433 lac
3228 4388 3281 4432 et
3310 4377 3443 4446 ipse,

1878 4484 1935 4529 et
1956 4472 2262 4529 contrarias
2290 4481 2606 4543 potestates,
2637 4468 2729 4541 qui
2762 4472 3004 4540 captivos
3026 4484 3127 4523 nos
3151 4469 3221 4524 du
3233 4477 3445 4533 serunt,

1881 4562 2128 4619 interﬁce
2161 4577 2304 4631 aqua
2355 4561 2634 4631 baptismi,
2676 4560 2863 4614 eadem
2897 4567 3077 4613 autem
3108 4572 3249 4627 aqua
3287 4557 3451 4611 redde

1880 4655 2039 4711 nobis
2086 4654 2339 4726 gloriam,
2370 4664 2426 4709 et
2473 4654 2800 4716 libertatem,
2832 4668 2997 4723 quam
3029 4651 3187 4706 nobis
3232 4650 3450 4719 eripue-

1883 4756 2010 4802 runt
2047 4755 2343 4816 potestates
2390 4744 2618 4800 inimici.
2674 4743 2799 4800 Haec
2840 4743 3007 4815 igitur
3033 4751 3115 4798 est
3160 4741 3451 4811 explicatio

1881 4837 2136 4893 dictionis
2185 4838 2333 4892 illius
2364 4877 2378 4898 ,
2417 4836 2556 4890 sicut
2610 4846 2837 4902 torrens,
2866 4844 2920 4891 ct
2951 4836 3066 4891 haec
3113 4848 3302 4901 causa,
3349 4846 3452 4890 cur

1879 4928 2147 5001 Propheta
2173 4930 2290 5001 ejus
2325 4928 2650 4984 meminerit.

1155 5310 1460 5372 Addenda
1494 5317 1553 5370 et
1586 5308 1964 5388 corrigenda
2010 5326 2089 5369 ex
2122 5305 2262 5369 cod.
2297 5307 2499 5368 Vatic.

297 5415 348 5479 l)
391 5414 482 5479 Εἰς
506 5415 834 5478 ἀνάπαυσιν,
862 5423 989 5476 etc.,
1021 5415 1049 5466 6
1077 5412 1227 5476 θεός.

295 5485 349 5548 2)
378 5485 464 5538 Ἐν
490 5488 721 5548 ἐαυτοῖς.

297 5416 321 5469 1
391 5416 482 5479 Εἰς
506 5416 834 5478 ἀνάπαυσιν,
862 5423 989 5476 etc.,
1021 5416 1049 5466 6
1077 5416 1227 5476 θεός.

295 5487 329 5539 2
378 5485 464 5538 Ἐν
490 5488 721 5548 ἐαυτοῖς.

294 5416 349 5629 ὅξ
387 5557 455 5610 Ν.
490 5557 542 5620 5,
566 5557 721 5620 Τότε,
739 5562 869 5619 etc.,
884 5553 977 5608 τοῦ
995 5552 1161 5609 deest.
1189 5552 1257 5607 N.
1276 5551 1329 5619 6,
1346 5551 1396 5619 7,
1417 5552 1627 5623 Ἡμεῖς,
1646 5560 1773 5615 etc.,

273 5416 292 5627 ἓ

1876 5412 1935 5464 ἐν
1963 5408 2040 5479 τῷ
2069 5406 2276 5479 Κυρίῳ,
2309 5416 2436 5471 etc.,
2464 5409 2544 5470 εἰς
2575 5406 2782 5471 πάντας
2807 5406 2975 5479 ἡμᾶς,
3002 5411 3108 5460 etc.

1950 5480 2039 5621 εις
2067 5478 2177 5548 Τῆς
2202 5478 2440 5566 χάριτος,
2468 5486 2573 5563 etc.
2832 5478 2835 5479 ⁷

1956 5549 2008 5621 ὶ5
2031 5547 2144 5619 ,Ἐν
2180 5549 2247 5617 τῇ
2298 5550 2617 5621 Ρινοκουρᾳ,
2659 5556 2790 5612 etc.,
2816 5546 2846 5600 ti

1956 5545 2144 5621 (5);!»
2180 5545 2247 5617 τῇ
2278 5545 2617 5621 Ῥινοκούρᾳ,
2659 5556 2790 5612 etc.,
2816 5546 2892 5612 ὡς
2924 5545 3280 5619 χειμάρρους,
3320 5551 3452 5605 etc.,

208 5684 331 5727 nem
383 5668 646 5738 ascripsi;
693 5679 841 5725 recte
870 5680 1077 5731 autem,
1130 5684 1199 5723 an
1241 5681 1402 5723 secus
1449 5665 1666 5733 benigni
1709 5661 1929 5719 lectoris
1970 5660 2180 5733 judicio
2222 5662 2548 5738 relinquam.
2582 5659 2770 5738 Neque
2817 5662 2965 5738 enim
3016 5660 3147 5714 mihi
3195 5673 3320 5728 spes
3348 5671 3452 5721 est,

208 5739 391 5796 omnia
428 5741 494 5794 ad
527 5731 728 5793 rectam
762 5749 814 5794 et
848 5755 1033 5794 veram
1066 5738 1354 5794 lectionem
1400 5731 1657 5791 revocare
1687 5749 1868 5802 posse.
1901 5742 1952 5788 et
1973 5731 2102 5805 qua:
2133 5741 2356 5787 sanctus
2410 5731 2599 5786 doctor
2638 5732 2878 5801 scripsit,
2910 5742 2965 5786 et
3010 5746 3153 5786 nunc
3181 5744 3369 5783 manca
3401 5739 3453 5783 et

212 5811 398 5866 mutila
430 5825 493 5865 ac
525 5818 782 5878 corrupta
812 5811 1084 5880 leguntur,
1115 5809 1168 5865 in
1199 5810 1465 5879 integrum
1498 5806 1802 5861 restituere.
