4142 6472
164 409 316 466 1237

241 527 294 580 5.
323 527 414 589 El;
445 526 615 596 μάτην
642 526 768 597 ύμῖν
791 529 902 580 ἐστι
921 527 981 579 τὸ
1009 527 1150 599 [τοῦ]
1178 528 1444 600 ὀρθρίζειν
1467 545 1480 560 ⁸

240 616 295 671 6.
340 616 642 686 Ἐγείρεσθε
679 617 815 687 μετά
836 617 896 668 τὸ
927 616 1216 685 καθῆσθαι,

241 706 296 759 7.
332 707 393 758 Οἱ
423 705 691 766 ἐσθίοντες
715 706 875 774 ἀρτον
895 703 1105 772 ὀδύνης.

239 798 298 852 8.
335 798 499 850 Ὅταν
533 795 605 866 δῷ
637 798 746 858 τοῖς
776 796 1079 865 ἀγαπητοῖς
1106 790 1268 846 αὑτοῦ
1303 791 1488 844 ὕπνον.

249 887 302 941 9.
348 886 475 938 Ἰδοὺ
509 888 540 954 ὴ
574 883 903 954 κληρονομία
929 883 1154 954 Κυρίου,
1183 881 1318 934 υίοίο

247 976 335 1030 10.
378 976 435 1028 Ὀ
461 975 648 1045 μισθὸς
683 974 774 1028 τοῦ
806 973 1017 1045 καρποῦ
1042 973 1140 1042 τῆς
1168 971 1418 1042 γαστρός.

249 1069 335 1122 11.
383 1067 526 1119 Ὥσεὶ
560 1066 686 1136 βέλη
715 1069 770 1119 ἐν
797 1065 938 1137 χειρὶ
957 1063 1180 1118 δυνατοῦ
1200 1082 1213 1094 ·

250 1161 338 1214 12.
369 1159 554 1223 Οῦτως
585 1161 631 1212 οἱ
671 1159 774 1211 υἱοὶ
812 1159 913 1212 τῶν
937 1156 1416 1227 ὲκτετιναγμένων.

251 1254 338 1307 13.
372 1253 674 1325 Μακάριος,
705 1251 764 1314 ὃς
791 1250 1065 1322 πληρώσει
1103 1249 1201 1320 τὴν
1253 1247 1544 1319 ἐπιθυμίαν
1573 1246 1735 1301 αὐτοῦ

171 1345 241 1410 ἐξ
268 1345 447 1398 αὐτῶν
461 1358 476 1373 ⁸

255 1435 340 1490 14.
377 1437 450 1488 Ού
521 1434 1068 1505 καταισχυνθήσονται
1097 1473 1112 1497 ,
1181 1433 1307 1488 ὅταν
1367 1431 1566 1487 λαλῶσι
1627 1433 1737 1495 τοῖς

177 1525 393 1598 ἐχθροῖς
425 1526 584 1579 αὑτοῦ
613 1524 836 1598 [αὐτῶν]
870 1527 926 1577 ὲν
956 1524 1168 1587 πύλαις.

1028 404 1116 459 DE
1154 404 1430 461 TlTULlS
1472 405 1914 464 PSALMORUM.
1949 434 2018 448 -κ
2043 405 2240 460 PSAL.
2271 401 2505 457 CXXVI.

3247 405 3388 464 1238

1754 538 1800 593 Α
1901 528 1952 582 5.
1984 527 2194 581 Vanum
2220 535 2300 581 est
2329 524 2484 580 vobis
2517 533 2642 580 ante
2670 525 2846 580 lucem
2876 541 3097 594 surgere
3123 544 3136 578 :

1897 620 1949 674 6.
1987 619 2204 690 Surgite
2230 627 2513 687 postquam
2546 617 2812 680 sederitis,

1902 712 1955 765 7.
1986 711 2088 777 Qui
2123 709 2464 764 manducatis
2496 723 2688 778 panem
2721 707 2943 760 doloris.

1903 803 1956 857 8.
1993 803 2128 856 Cum
2159 801 2369 856 dederit
2397 800 2608 854 dileCtis
2647 799 2761 853 suis
2791 813 3042 854 somnum
3062 839 3079 856 .

1907 896 1961 949 9.
2002 894 2145 949 Ecce
2176 893 2466 948 hereditas
2489 891 2726 956 Domini,
2763 891 2888 947 ﬁlii:

1907 982 1996 1037 10.
2026 982 2232 1037 Mcrccs
2264 981 2477 1036 fructus
2511 981 2737 1035 ventris.

1905 1074 1992 1127 11.
2029 1073 2179 1128 Sicut
2207 1073 2413 1143 sagitta:
2443 1074 2496 1126 in
2529 1087 2691 1126 mauu
2721 1071 2996 1142 potentis:

1907 1164 1995 1218 12.
2033 1163 2106 1218 lta
2141 1164 2236 1217 lilii
2266 1179 2644 1218 excussorum.

1908 1256 1997 1309 13.
2033 1257 2232 1311 Beatus
2260 1256 2343 1309 vir
2367 1256 2460 1325 qui
2495 1255 2743 1326 implebit
2787 1253 3116 1311 desiderium
3147 1268 3304 1309 suum
3331 1269 3395 1308 ex

1839 1346 1970 1417 ipsis
1997 1364 2011 1402 :

1919 1434 2000 1488 l4.
2030 1433 2148 1490 Non
2202 1435 2605 1494 confundentur
2665 1453 2789 1494 cum
2829 1436 3116 1507 loquentur
3165 1435 3400 1490 inimicis

1843 1527 1956 1582 suis
1984 1527 2036 1582 in
2060 1537 2236 1598 porta.

1295 1731 1665 1788 ATHANASll
1705 1717 2286 1788 INTERPRETAT'IO.

256 1930 309 1984 5.
354 1929 512 2000 Ὑμῖν
535 1930 643 1991 τοῖς
670 1929 972 1999 προφήταις
1002 1929 1080 1992 εἰς
1111 1928 1285 2000 μάτην
1323 1930 1438 1982 ἐστὶ
1470 1930 1529 1983 τὸ
1553 1931 1600 1998 (1
1610 1935 1628 2001 )
1652 1932 1745 2002 ὀρ-

1918 1931 1970 1986 5.
2005 1929 2188 1997 Vobis,
2222 1929 2512 2000 prophetae,
2542 1945 2738 1984 vanum
2784 1936 2867 1982 est
2902 1934 3028 1981 ante
3075 1925 3248 1979 lucem
3279 1942 3404 1981 sur-

181 2021 390 2095 Θρίξειν
417 2022 578 2091 ὑμᾶς,
612 2020 705 2072 καὶ
733 2020 915 2073 λαϐεῖν
937 2021 1025 2073 τὸν
1054 2021 1209 2089 λόγον
1228 2023 1319 2075 τοῦ
1350 2022 1484 2076 Θεοῦ
1523 2024 1609 2077 διά
1651 2025 1748 2096 τὴν

181 2115 469 2170 ἀπείθειαν
498 2114 606 2167 τῶν
633 2113 948 2184 ἀνθρώπων.

257 2227 312 2279 6.
348 2225 535 2294 Ὅμως
572 2222 708 2293 μετά
753 2224 847 2294 τὴν
886 2225 1139 2296 κοίμησιν
1173 2226 1324 2298 ὑμῶν
1358 2227 1677 2282 ἀνίστασθε⁹
1721 2230 1748 2282 6

185 2317 344 2384 λόγος
367 2317 474 2386 γὰρ
499 2316 650 2384 ὑμῶν
680 2315 860 2384 μέλλει
890 2317 1277 2388 κηρύσσεσθαι,
1310 2321 1403 2373 καὶ
1434 2320 1585 2388 ἄγειν
1613 2323 1748 2375 πάν-

181 2425 287 2470 τας
327 2410 404 2470 είς
435 2407 532 2477 τὴν
565 2406 747 2460 πίστιν
775 2407 868 2460 τοῦ
899 2408 1053 2462 Θεοῦ.

260 2522 313 2574 7.
345 2523 406 2573 Οί
435 2520 548 2585 νῦν,
577 2521 664 2574 διὰ
683 2521 741 2574 τὸ
774 2522 975 2592 μηδένα
1005 2522 1158 2594 ὑμῶν
1180 2523 1415 2590 ἀκούειν,
1446 2543 1513 2596 με
1542 2526 1752 2597 (2)666-

187 2624 290 2678 νης
321 2607 584 2669 ἐσθίοντες
610 2606 700 2658 τὸν
727 2607 931 2658 ἑαυτῶν
963 2608 1144 2679 ἄρτον.

263 2717 315 2769 8.
355 2717 487 2768 Πότε
515 2716 950 2786 (5)διεγείρεσθε,
971 2717 1096 2769 ὅταν
1113 2718 1141 2769 6
1170 2717 1370 2788 Κύριος
1393 2719 1601 2788 μέλλων
1628 2721 1752 2773 συλ-

187 2807 557 2877 λαμϐάνεσθαι
590 2808 693 2860 ὑπὸ
723 2808 828 2861 τῶν
869 2808 1135 2860 Ἰουδαίων
1167 2809 1258 2860 ἐπὶ
1305 2813 1414 2872 τοῖς
1452 2811 1751 2880 ἀγαπητοῖς

188 2896 378 2959 αὐτοῦ,
411 2897 652 2949 τουτέστι
678 2899 788 2958 τοῖς
813 2897 1124 2960 ἀποστόλοις
1146 2914 1159 2928 ο
1195 2899 1521 2952 Καθεύδετε
1544 2902 1608 2954 τὸ
1629 2905 1752 2954 λοι-

188 2987 329 3050 πὸν,
365 2988 462 3040 καί
507 2990 958 3041 ὰναπαύσεσθε·
1012 2988 1221 3058 {inme
1263 2989 1372 3059 γὰρ
1424 2993 1455 3044 6
1508 2993 1752 3060 παραδι-

186 3075 337 3142 δούς
363 3093 458 3144 με.

262 3185 317 3242 9.
358 3187 484 3240 Ἰδοὺ
521 3188 552 3256 ἡ
582 3186 910 3257 κληρονομία
939 3188 1139 3259 Κυρίου
1170 3189 1274 3242 υἱοὶ
1308 3190 1460 3262 ὑμῶν
1483 3191 1590 3245 τῶν
1621 3209 1752 3264 προ-

190 3280 399 3351 φητῶν,
426 3281 473 3332 οἱ
501 3279 802 3332 ἀπόστολοι.

266 3392 352 3444 10.
391 3393 498 3445 Καὶ
522 3395 549 3445 6
581 3393 767 3462 μισθὸς
791 3392 882 3445 τοῦ
916 3392 1079 3446 πόνου
1110 3395 1262 3465 ὑμῶν
1295 3397 1387 3450 καὶ
1418 3398 1514 3468 τῆς
1544 3399 1750 3470 ὀδύνης,

189 3479 260 3554 ἧς
296 3485 441 3554 ἔχετε
472 3485 546 3553 (1)
567 3486 685 3536 τότε
711 3485 1105 3554 κυριεύσοντες,
1131 3488 1352 3552 τούτους
1374 3492 1499 3552 τοὺς
1526 3492 1756 3543 ἀποστό-

190 3582 319 3644 λους
342 3583 468 3650 ἡμῖν
494 3581 693 3633 ἔτεκεν.

268 3693 355 3746 11.
397 3693 482 3757 Ὠς
519 3693 644 3764 βέλη
669 3695 990 3763 πεμπόμενα
1026 3694 1173 3764 παρά
1208 3713 1349 3758 τινος
1381 3696 1632 3767 εύστόχου
1664 3699 1756 3752 καὶ

197 3785 440 3856 ἰσχυροῦ,
479 3785 648 3848 οὕτως
683 3788 816 3838 εἰσὶν
843 3789 889 3839 οί
919 3786 1204 3840 ἀπόστολοι
1245 3789 1346 3840 ὑπὸ
1374 3791 1577 3861 Κυρίου
1613 3808 1754 3861 πεμ-

197 3879 423 3947 πόμενοι
447 3878 524 3940 είς
551 3877 612 3930 τὸ
644 3879 921 3949 κήρυγμα.

272 3991 356 4044 12.
385 3992 445 4044 Oi
479 3992 583 4043 υίοὶ
609 3991 716 4043 τῶν
747 3991 1057 4062 προφητῶν,
1089 3991 1196 4044 τῶν
1230 3991 1302 4062 μὴ
1335 3993 1564 4063 ἐχόντων
1590 3995 1646 4048 ὲν
1662 3995 1757 4048 a6-

194 4085 310 4145 τοῖς
354 4082 427 4152 (5)
477 4084 618 4144 σῖτα,
648 4083 679 4152 ἢ
711 4080 910 4152 βρῶσιν
939 4081 1036 4151 τὴν
1055 4079 1438 4149 ἀφανίζουσαν.

267 4197 354 4249 15.
387 4195 687 4266 Μακάριος,
710 4195 1026 4268 ὃτι[ὃστις]
1053 4197 1128 4268 (6)
1163 4197 1260 4268 τὴν
1307 4195 1597 4267 ἐπιθυμίαν
1618 4196 1755 4266 ἔχων

193 4289 276 4351 είς
323 4286 390 4338 τά
424 4287 686 4356 εἰρημένα
737 4286 840 4338 ὑπὸ
877 4286 982 4338 τῶν
1031 4286 1378 4350 ἀποστόλων,
1438 4287 1522 4342 καὶ
1571 4286 1757 4359 μαθὼν

193 4377 355 4442 αὐτὰ,
391 4378 485 4429 καὶ
518 4377 755 4449 πληρῶν.

267 4490 356 4545 14.
388 4492 449 4544 Οἱ
486 4491 710 4542 τοιοῦτοι
735 4490 841 4560 γὰρ
870 4489 930 4542 ού
953 4490 1418 4559 καταισχύνονται,
1447 4491 1571 4544 ὅταν
1603 4508 1757 4560 μετα-

1849 2035 1992 2092 gere,
2015 2029 2069 2075 et
2099 2035 2318 2076 sumere
2363 2021 2582 2075 verbum
2628 2019 2720 2074 Dei
2752 2026 2969 2089 propter
2998 2015 3278 2070 hominum
3320 2018 3406 2071 iu-

1847 2114 2242 2170 credulitatem.

1918 2225 1970 2280 6.
2007 2225 2391 2282 Verumtamen
2443 2235 2565 2297 post
2615 2227 2994 2282 dormitionem
3043 2236 3277 2283 vestram
3321 2240 3407 2280 re-

1850 2321 2084 2389 surgite;
2112 2328 2292 2375 vester
2329 2320 2472 2373 enim
2519 2333 2698 2372 sermo
2725 2319 3125 2388 prmdieabitur,
3152 2329 3206 2374 et
3232 2319 3407 2374 addu-

1849 2418 1934 2463 cet
1963 2425 2152 2466 omnes
2185 2411 2248 2464 ad
2276 2410 2368 2465 Dei
2393 2411 2572 2465 tidem.

1921 2521 1971 2575 7.
2000 2520 2155 2576 Nunc
2187 2531 2390 2586 autem,
2421 2523 2546 2590 quia
2592 2536 2753 2575 nemo
2798 2535 2896 2576 vos
2940 2522 3108 2590 audit,
3142 2536 3266 2579 cum
3311 2521 3408 2577 do-

1848 2611 1964 2670 lore
1992 2613 2154 2669 editis
2187 2629 2380 2683 panem
2413 2622 2674 2668 vestrum.

1920 2728 1971 2781 8.
2003 2726 2239 2781 Tandem
2272 2727 2586 2798 resurgetis,
2615 2743 2737 2782 cum
2773 2726 3033 2782 Dominus
3057 2728 3408 2797 comprehen-

1850 2819 2006 2872 detur
2051 2833 2082 2871 a
2127 2816 2327 2871 ludatis
2382 2818 2522 2870 inter
2580 2833 2709 2872 suos
2741 2818 2990 2881 dilectos,
3022 2818 3124 2871 hoc
3156 2827 3238 2873 est
3275 2833 3407 2888 apo-

1851 2912 2039 2975 stolos,
2070 2920 2123 2965 et
2159 2909 2396 2965 dixerit:
2432 2909 2666 2964 Dormite
2710 2911 2826 2979 jam
2862 2919 2910 2962 et
2952 2911 3273 2980 requiescite,
3314 2927 3411 2981 ap-

1852 3005 2217 3073 propinquavit
2248 3004 2384 3056 enim
2413 3002 2500 3072 qui
2532 3019 2610 3056 me
2639 3002 2808 3056 tradet
2833 3001 2896 3054 ⁷⁸.

1923 3199 1977 3254 9.
2005 3198 2143 3256 Ecce
2171 3199 2456 3256 hereditas
2484 3201 2694 3256 Domini
2721 3201 2814 3256 lilii
2839 3203 3026 3267 vestri,
3057 3217 3090 3258 ο
3121 3202 3406 3275 propheta,

1857 3293 2104 3363 apostoli.

1929 3408 2014 3463 10.
2052 3405 2116 3461 Et
2145 3423 2352 3464 merces
2401 3408 2599 3462 laboris
2654 3407 2849 3471 vestri,
2901 3416 2954 3463 et
2999 3408 3202 3463 doloris
3251 3423 3408 3477 quem

1855 3500 2134 3554 habebatis
2161 3509 2288 3554 tunc
2316 3501 2687 3570 pradicantcs,
2711 3502 2926 3557 eosdem
2955 3501 3229 3572 apostolos
3260 3501 3410 3556 nobis

1853 3590 2078 3660 peperit.

1927 3705 2013 3760 ll.
2045 3705 2195 3762 Sicut
2229 3706 2330 3760 tela
2355 3706 2520 3761 missa
2553 3704 2620 3760 ab
2650 3704 2832 3774 aliquo
2870 3705 3045 3774 perito
3077 3713 3132 3760 et
3167 3703 3291 3759 forti
3324 3721 3412 3760 sa-

1854 3797 2104 3867 gittario;
2135 3799 2207 3853 ita
2239 3807 2364 3854 sunt
2409 3797 2637 3869 apostoli
2667 3797 2821 3852 missi
2851 3812 2881 3852 a
2906 3795 3134 3853 Domino
3167 3797 3232 3852 ad
3271 3813 3410 3862 pra:-

1853 3888 2158 3944 dicandum.

1926 4001 2013 4056 l2.
2051 3999 2169 4053 Filii
2197 4002 2578 4069 prophetarum
2621 4015 2729 4054 non
2766 4001 3076 4055 habentium
3116 4001 3170 4054 in
3196 4016 3254 4056 se
3279 4002 3409 4070 ipsis

1857 4090 2208 4157 frumentum,
2243 4101 2336 4145 aut
2360 4106 2540 4146 escam
2576 4091 2935 4145 deiicientem.

1931 4200 2018 4254 13.
2054 4199 2249 4255 Beatus
2275 4201 2583 4270 quicunque
2608 4200 2814 4256 habens
2842 4200 3168 4255 desiderium
3200 4215 3411 4265 eorum,

1853 4306 1974 4362 quae
2002 4292 2140 4347 dicta
2163 4301 2290 4346 sunt
2322 4291 2389 4345 ab
2414 4291 2692 4360 apostolis,
2721 4301 2772 4345 et
2798 4291 2958 4346 discit
2982 4290 3097 4359 ipsa
3128 4298 3181 4344 et
3203 4291 3408 4360 implet.

1925 4491 2012 4545 14.
2043 4489 2201 4544 Tales
2230 4489 2374 4544 enim
2403 4504 2510 4543 non
2543 4487 2970 4553 confunduntur,
2999 4505 3120 4546 cum
3152 4489 3414 4545 decedunt

196 4586 453 4640 ϐαίνωσιν
485 4587 548 4639 ὲκ
593 4583 684 4637 τοῦ
718 4584 921 4653 κόσμου
958 4583 1145 4636 τούτου
1165 4626 1178 4648 ,
1222 4585 1312 4636 καὶ
1341 4584 1573 4636 ἐναντίαι
1599 4583 1752 4636 δυνά-

1859 4599 1923 4638 ex
1953 4583 2054 4637 hoc
2083 4582 2307 4646 mundo,
2326 4590 2378 4634 et
2395 4581 2680 4634 contraria:
2703 4590 2996 4650 potestates
3028 4589 3236 4636 stantes
3262 4589 3413 4634 extra

200 4693 323 4746 μεις
350 4675 584 4728 ἑστῶσαι
613 4675 806 4739 ἔξωθεν
835 4674 944 4727 τῶν
967 4674 1144 4727 πυλῶν
1169 4674 1260 4726 τοῦ
1287 4673 1514 4745 ούρανοῦ
1539 4674 1757 4744 ζητοῦσι

195 4770 320 4821 κατ’
345 4767 522 4821 αὐτῶν
550 4768 727 4837 εὑρεῖν
752 4784 871 4820 τινα
899 4766 1093 4837 πρᾶξιν
1129 4767 1367 4838 πονηρὰν
1408 4767 1482 4836 (7)
1520 4769 1601 4828 εἰς
1650 4767 1750 4820 αύ-

197 4859 343 4921 τοὺς,
374 4859 460 4910 ἵνα
488 4859 931 4929 κατηγορήσωσιν
961 4856 1138 4911 αὐτῶν
1181 4856 1318 4928 πρὸς
1359 4857 1449 4910 τὸν
1499 4855 1631 4910 Θεὸν
1682 4857 1756 4919 ὡς

199 4948 616 5021 ἡμαρτηκότων.

270 5127 317 5158 ⁷⁸
348 5125 536 5182 Matth.
577 5143 724 5191 τινι,
755 5127 843 5190 45,
875 5125 970 5187 46.

1861 4674 1981 4729 caeli
2013 4681 2197 4742 portas
2228 4682 2480 4742 quaerunt
2519 4681 2704 4726 contra
2732 4671 2879 4740 ipsos
2905 4671 3145 4726 invenire
3179 4672 3412 4740 aliquam

1863 4764 2163 4834 improbam
2190 4764 2480 4832 actionem,
2502 4774 2563 4818 ut
2590 4777 2684 4818 cos
2706 4773 2961 4834 tanquam
2985 4771 3295 4834 peccatores
3308 4760 3414 4820 Deo

1862 4863 2135 4912 accusent.

1143 5290 1442 5352 Addenda
1474 5294 1535 5352 et
1572 5285 1944 5367 corrigenda
1980 5301 2056 5346 ex
2107 5284 2247 5347 cod.
2278 5281 2476 5344 Vatic.

373 5473 768 5561 ’ξρῦόρθρίζειν
791 5478 954 5561 ύμᾶς,
989 5478 1080 5561 καὶ
1111 5476 1306 5541 λαλεῖν,
1333 5488 1436 5533 etc.

266 5546 344 5634 si
528 5546 714 5634 δέένῐις
738 5546 940 5634 ισοιξνν

268 5617 345 5685 (3)
376 5617 605 5688 [16:36}.
651 5617 946 5687 ἐγείρεσθε,
981 5619 1107 5688 ὅταν
1134 5621 1161 5670 6
1200 5619 1401 5688 Ἰησοῦς
1441 5621 1467 5671 6
1525 5619 1750 5688 μέλλων,

196 5686 606 5753 οιε.,ἰουδαίων
641 5686 778 5758 είπη
799 5692 929 5755 τοῖς,
960 5699 1061 5745 etc.
1096 5687 1216 5744 Mox
1240 5686 1387 5745 deest
1415 5690 1504 5743 καί
1527 5686 1582 5745 ct
1615 5691 1737 5756 γάρ.

1930 5478 2003 5546 (4)
2033 5477 2217 5598 Eget:
2241 5476 2360 5529 τότε
2393 5477 2772 5547 κηρύσσοντες.

1930 5550 2006 5598 (ὅ)
2052 5548 2064 5566 ’
2111 5565 2137 5598 ν
2167 5549 2374 5598 ἑαυτοῖς
2410 5552 2548 5598 σῖτα.
2583 5547 2613 5598 ἢ
2646 5547 2772 5598 Βοῶι

1930 5550 2006 5615 (ὅ)
2052 5546 2137 5632 ῖΕν
2167 5549 2374 5610 ἑαυτοῖς
2410 5546 2548 5612 σῖτα,
2583 5547 2614 5616 ἢ
2646 5546 2842 5617 βρῶσίν
2869 5560 3011 5609 τινα,
3041 5554 3152 5601 etc.

1921 5621 2010 5757 ((9))
2034 5620 2280 5757 112;qu
2306 5688 2653 5758 πεπραχότας
2685 5687 2898 5750 αύτούς.
2921 5696 3022 5740 ctc.
