4142 6490
715 418 853 472 1215

784 533 832 584 9.
869 529 1025 583 Fiant
1055 530 1192 584 sicut
1221 528 1406 583 fenum
1436 538 1726 592 tectorum,

785 621 870 674 10.
899 618 1050 685 Quod
1099 621 1412 690 priusquam
1461 621 1720 674 evellatur
1756 617 2035 690 [evellatur
2088 614 2264 686 illud],

717 713 948 766 exaruit.

793 801 874 853 11.
935 800 1009 855 De
1065 817 1175 870 quo
1224 816 1332 854 non
1385 800 1629 870 implevit
1683 813 1906 853 manum
1966 811 2121 852 suam
2174 795 2269 865 qui

713 896 889 960 metit,

784 986 869 1038 12.
902 984 968 1037 Et
1001 985 1179 1038 sinum
1218 997 1397 1048 suum,
1430 983 1520 1052 qui
1563 982 1871 1051 manipulos
1900 979 2121 1048 colligit.

784 1080 869 1132 15.
903 1077 964 1130 Et
996 1093 1098 1129 non
1144 1075 1394 1129 dixerunt
1421 1073 1513 1142 qui
1545 1073 1924 1142 praeteribant:
1964 1066 2274 1124 Benedictio

714 1171 926 1224 Domini
961 1185 1120 1236 super
1146 1182 1243 1220 vos
1278 1181 1291 1195 ·

784 1261 867 1314 14.
911 1258 1292 1313 Beucdiximus
1320 1255 1472 1308 vobis
1496 1254 1547 1306 in
1575 1252 1793 1306 nomine
1819 1250 2054 1304 Domini.

925 1345 1201 1398 Canticum
1245 1342 1537 1396 Gradiuum.
1567 1340 1768 1394 PSAL.
1801 1338 2059 1394 CXXIX.

785 1437 836 1489 1.
870 1436 945 1489 De
973 1435 1258 1504 profundis
1282 1435 1504 1488 clamavi
1532 1434 1596 1486 ad
1628 1443 1697 1495 te,
1729 1431 1954 1486 Domine
1980 1448 1995 1484 :

779 1528 834 1582 2.
877 1529 1123 1592 Domine,
1161 1528 1353 1581 exaudi
1383 1543 1566 1582 vocem
1601 1541 1797 1580 meam.

781 1621 832 1673 5.
876 1619 1033 1673 Fiant
1061 1636 1220 1674 aures
1247 1630 1351 1674 tua:
1379 1618 1719 1673 intendentes
1760 1616 1812 1669 in
1862 1627 2047 1668 vocem
2084 1613 2270 1683 depre-

712 1710 940 1764 cationis
964 1726 1114 1763 mea.

1523 411 1582 468 S.
1625 409 1997 466 ATHANASII
2035 408 2186 465 OPP.
2222 407 2400 462 PARS
2441 404 2523 458 Ill.
2567 435 2637 444 —
2673 398 3075 456 EXEGETICA.

2292 529 2339 586 Α
2436 520 2486 573 9.
2521 518 2906 588 Γενηθήτωσαν
2928 514 3059 567 ὡσεὶ
3089 512 3275 582 χόρτος
3309 508 3600 579 δωμάτων,

3809 392 3939 448 1244

2441 614 2525 667 10.
2552 609 2648 674 ⁸ος
2683 610 2788 680 πρὸ
2816 607 2911 662 τοῦ
2936 605 3306 674 ὲκσπασθῆναι
3339 599 3742 674 [ὲκσπασθῆναι
3762 596 3936 668 αὑτὸν]

2369 703 2661 776 ἐξηράνθη.

2441 796 2526 848 11.
2559 788 2633 848 OB
2661 793 2760 846 οὑκ
2795 790 3078 861 ἐπλήρωσε
3113 786 3208 857 τὴν
3239 787 3396 856 χεῖρα
3423 780 3590 836 αὐτοῦ
3622 782 3652 834 ὁ
3695 778 3936 850 θερίζων,

2443 970 2531 1026 19.
2555 970 2663 1023 Kal
2684 969 2773 1022 τὸν
2793 967 2991 1021 κόλπον
3014 962 3176 1019 αὑτοῦ
3200 961 3227 1013 ό
3248 961 3316 1013 τὰ
3336 961 3626 1031 δραγματα
3649 955 3933 1020 συλλέγων.

2444 1065 2528 1116 15.
2558 1064 2667 1115 Kal
2698 1062 2795 1115 ούκ
2819 1055 2971 1112 εἷπον
2999 1053 3206 1129 [εἶπαν]
3225 1055 3271 1106 οἱ
3301 1055 3640 1123 παράγοντες
3660 1065 3675 1077 °
3710 1045 3935 1114 Εύλογξα

2370 1156 2574 1225 Κυρίου
2603 1156 2683 1221 ἐφ’
2714 1154 2854 1224 ὑμᾶς
2876 1169 2886 1178 ·

2442 1248 2526 1300 11.
2561 1245 2947 1313 Εὑλογήκαμεν
2972 1239 3114 1308 ὑμᾶς
3140 1239 3195 1292 ὲν
3224 1236 3445 1306 ὀνόματι
3476 1233 3707 1304 Κυρίου.

2581 1337 2717 1407 ᾨδὶι
2745 1335 2862 1388 τῶν
2905 1329 3292 1398 Ἀναϐαθμῶν.
3349 1330 3512 1380 ΨᾺΛ.
3547 1327 3744 1378 ΡΚΘ¹.

2439 1430 2492 1483 1.
2541 1429 2635 1480 Ἐκ
2667 1426 2873 1496 βαθέων
2909 1419 3181 1492 ἐκέκραξά
3215 1437 3315 1480 σοι,
3348 1417 3520 1486 Κύριε
3543 1431 3557 1444 ·

2437 1519 2490 1573 2.
2526 1517 2695 1588 Κύριε
2733 1516 2829 1584 (α),
2850 1513 3161 1565 εἰσάκουσον
3189 1509 3286 1577 τῆς
3319 1507 3498 1577 φωνῆς
3531 1522 3654 1574 μου.

2439 1613 2492 1665 5.
2522 1608 2811 1678 Γενηθήτω
2832 1605 2899 1657 τά
2920 1599 3033 1657 ὢτά
3061 1620 3152 1655 σου
3176 1599 3508 1672 προσέχοντα
3535 1599 3615 1660 εἰς
3639 1594 3741 1666 τὴν
3766 1591 3933 1663 φωνὴν

2370 1702 2466 1773 τῆς
2499 1699 2731 1771 δεήσεώς
2766 1715 2886 1768 μου.

784 1931 858 2004 (α)
892 1931 1042 1988 Vcrs.
1065 1932 1116 1985 2.
1152 1931 1353 2005 Κύριε,
1390 1931 1702 1984 εἰσάκουσον
1725 1930 1821 2000 τῆς
1864 1929 2170 2003 προσευχῆς
2212 1942 2271 1996 με

2375 1935 2540 1992 usque
2565 1919 2631 1974 ad
2667 1918 3020 1990 προσέχοντα.
3044 1911 3201 1968 Vers.
3234 1911 3288 1966 3.
3319 1911 3414 1974 Et;
3439 1909 3560 1981 τήν,
3593 1915 3700 1962 etc.

1819 2139 2188 2196 ATHANASII
2230 2137 2810 2194 INTERPRETATIO.

781 2306 832 2360 9.
870 2302 947 2358 lta
980 2304 1034 2358 in
1067 2305 1242 2375 ignem
1281 2305 1525 2374 proiecti.

782 2397 870 2452 10.
900 2395 1003 2462 Qui
1030 2407 1155 2452 ante
1177 2397 1340 2452 tinem
1366 2398 1417 2450 in
1444 2397 1646 2450 mundo
1671 2396 1994 2452 exsistentcs
2020 2398 2272 2455 interem—

709 2491 784 2559 pti
817 2499 942 2544 sunt
973 2505 1000 2542 a
1032 2500 1271 2558 peccato.

785 2581 870 2645 11,
902 2581 986 2633 12.
1030 2582 1110 2648 At)
1142 2582 1225 2637 liis
1273 2598 1380 2634 non
1416 2581 1621 2635 invenit
1655 2581 2030 2651 unusquisque
2056 2584 2273 2652 angelo.

710 2687 831 2724 rum
865 2672 1247 2738 accipientium
1295 2688 1481 2726 eorum
1515 2672 1746 2737 animas,
1796 2673 1906 2727 fere
1949 2690 2109 2727 unam
2150 2676 2273 2729 dra-

710 2763 924 2816 chmam
949 2762 1190 2830 justiti-aa,
1213 2774 1265 2817 et
1287 2763 1660 2833 unusquisque
1682 2766 2019 2834 angelorum,
2037 2767 2268 2835 quicum

711 2853 844 2923 ipsis
900 2853 1114 2908 fuerunt
1155 2857 1207 2909 iu
1251 2858 1358 2910 vita
1404 2857 1666 2927 ipsorum,
1713 2869 1765 2912 et
1803 2859 2032 2913 aﬂ‘erens
2080 2875 2270 2914 eorum

711 2959 871 3013 opera
901 2944 1029 3010 Deo,
1059 2962 1165 3000 non
1195 2948 1402 3002 invenit
1429 2965 1613 3004 semen
1634 2950 1857 3018 iustitia:
1887 2951 1940 3004 iu
1980 2951 2058 3005 eis
2091 2953 2156 3006 ad
2191 2951 2273 3006 ot-

711 3033 989 3088 ferendum
1022 3036 1150 3090 Deo.

788 3125 868 3178 15.
896 3124 960 3178 Et
1006 3126 1181 3196 angeli
1230 3128 1398 3182 sancti
1448 3129 1598 3184 missi
1647 3129 1700 3183 in
1747 3132 2006 3186 mundum
2054 3144 2272 3205 propter

711 3231 806 3270 eos
855 3217 947 3286 qui
988 3217 1227 3275 lueredes
1257 3221 1447 3275 salutis
1480 3221 1646 3275 futuri
1676 3234 1824 3287 sunt,
1858 3226 2101 3280 videntes
2124 3229 2271 3298 ipsos

710 3306 969 3362 abeuntes
990 3324 1056 3362 ex
1086 3310 1191 3364 hoc
1223 3312 1423 3364 mundo
1448 3327 1554 3364 non
1594 3312 1967 3368 salutaveruut
1995 3331 2107 3371 eos.

783 3464 867 3516 14.
902 3462 1084 3532 Neque
1109 3462 1240 3532 ipsis
1267 3463 1520 3517 dixerunt
1549 3479 1563 3517 :
1616 3462 1722 3518 Pax
1750 3465 1941 3533 vobis;
1976 3466 2077 3522 hoc
2126 3469 2270 3524 enim

712 3565 794 3608 est
817 3569 1012 3608 nomen
1049 3553 1284 3610 Domini.

2291 2310 2332 2364 Β
2429 2303 2481 2356 9.
2516 2300 2699 2363 Οὕτως
2730 2301 2809 2362 εἰς
2843 2297 2954 2368 πῦρ
2989 2296 3322 2366 βαλλόμενοι.

2445 2393 2526 2446 10.
2563 2390 2625 2446 Οἱ
2660 2392 2733 2460 (1)
2777 2389 2881 2458 πρὸ
2909 2387 3000 2440 τοῦ
3035 2386 3220 2448 τέλους
3249 2386 3398 2447 ὄντες
3437 2402 3494 2436 εν
3525 2400 3606 2454 τῳ
3638 2382 3830 2450 κόσμῳ
3859 2394 3942 2432 νε-

2371 2482 2704 2551 νεκρωμένοι
2741 2479 2982 2549 ὑπῆρχον
3013 2477 3115 2529 ὑπὸ
3148 2477 3244 2546 τῆς
3281 2475 3571 2544 ἀμαρτξας.

2443 2573 2501 2623 11
2530 2611 2543 2633 ,
2580 2571 2664 2624 12.
2703 2571 2778 2639 (2)
2809 2571 2942 2621 Ἀπὸ
2975 2569 3081 2621 τῶν
3114 2566 3366 2619 τοιούτων
3398 2567 3497 2634 οὐχ
3532 2557 3692 2634 εὗρεν
3722 2562 3941 2622 ἕκαστος

2371 2663 2480 2716 τῶν
2515 2661 2759 2730 ἀγγέλων
2792 2661 2900 2712 τῶν
2951 2660 3046 2722 τὰς
3089 2658 3265 2728 ψυχὰς
3320 2656 3498 2711 αὐτῶν
3541 2653 3941 2723 λαμϐανόντων.

2376 2756 2506 2807 ὡσεὶ
2543 2754 2669 2824 μίαν
2698 2751 2943 2823 δραχμὴν
2973 2750 3309 2820 δικαιοσύνης
3339 2787 3352 2809 ,
3401 2749 3494 2800 καὶ
3524 2748 3756 2807 ἕκαστος
3784 2745 3941 2812 ἄγγεα

2373 2847 2461 2910 λος
2490 2846 2596 2898 τῶν
2630 2845 2893 2898 συνόντων
2925 2844 3102 2904 αὐτοῖς
3138 2845 3194 2894 ὲν
3226 2845 3292 2910 τῇ
3332 2839 3441 2909 ζωῇ
3478 2840 3694 2903 αὐτῶν,
3747 2839 3841 2890 καὶ
3883 2836 3945 2888 τὰ

2375 2939 2509 3010 ἔργα
2542 2939 2718 2992 αὐτῶν
2751 2936 3071 3008 προσφέρων
3100 2935 3176 3004 τῷ
3200 2933 3336 3002 Θεῷ,
3366 2934 3463 3001 οὐχ
3494 2925 3655 3001 εὗρεν
3683 2931 3740 2981 ὲν
3772 2929 3945 2989 αὒ.οἶς

2376 3029 2595 3102 σπέρμα
2634 3028 2974 3096 δικαιοσύνης
3003 3025 3308 3092 ἀνενεγκεῖν
3333 3021 3408 3092 τῷ
3436 3021 3577 3090 Θεῷ.

2448 3123 2532 3175 15.
2564 3123 2638 3189 (5)
2675 3122 2782 3172 Kal
2809 3122 2856 3172 οἱ
2893 3121 3033 3186 ἅγιοι
3056 3117 3272 3185 ἄγγελοι
3303 3112 3760 3180 ἀποστελλόμενοι
3800 3110 3854 3160 ἐν
3875 3105 3945 3174 τῷ

2377 3212 2567 3282 κόσμῳ
2601 3212 2688 3264 διὰ
2735 3211 2859 3272 τοὺς
2914 3207 3201 3278 μέλλοντας
3248 3205 3600 3273 κληρονομεῖν
3656 3199 3943 3266 σωτηρίαν.

2376 3303 2700 3372 θεωροῦντες
2729 3302 2921 3362 αὐτοὺς
2952 3297 3330 3366 ἀπαγομένους
3369 3296 3430 3345 ἐκ
3464 3293 3557 3344 τοῦ
3593 3292 3802 3359 κόσμου
3828 3287 3943 3339 τού-

2378 3410 2490 3451 του,
2519 3395 2614 3444 ούκ
2641 3393 2955 3461 ἠσπάσαντο
2984 3387 3198 3449 αὐτούς.

2450 3482 2514 3534 14
2561 3482 2692 3535 Οὐδὲ
2717 3475 2865 3533 εἷπον
2887 3480 3088 3542 αὐτοῖς,
3113 3476 3317 3548 Εἰρήνη
3342 3475 3470 3544 ύμῖν
3487 3487 3502 3504 ο
3526 3469 3686 3524 τοῦτο
3709 3469 3816 3540 γάρ
3839 3469 3944 3520 ἐστι

2300 3586 2346 3647 C
2376 3573 2433 3626 τὸ
2459 3574 2626 3643 ὄνομα
2652 3573 2874 3644 Κυρίου.

791 3691 856 3742 Ἦ
890 3691 1221 3761 προκειμένη
1249 3691 1526 3761 ἐπιγραφὴ
1559 3693 1801 3763 περιέχει
1831 3696 1925 3766 (ι)-
1972 3700 2108 3770 ’ῼδὴ
2144 3706 2260 3759 τῶν
2303 3709 2696 3782 Ἀναϐαθμῶν,
2731 3715 2866 3783 ὅπερ
2901 3708 3258 3781 ἑρμηνεύεται
3294 3702 3675 3774 ἐξομολόγησις
3707 3699 3814 3751 τῶν
3847 3697 3941 3751 ἀπὶ

711 3787 803 3838 τοῦ
833 3787 1056 3838 δεκάτου
1107 3787 1312 3856 βαθμοῦ
1353 3788 1448 3858 τῆς
1478 3788 1728 3856 γνώσεως
1759 3794 1850 3845 τοῦ
1884 3797 2080 3853 εἰδέναι
2120 3803 2186 3856 τὰ
2229 3808 2326 3876 τῆς
2360 3809 2658 3880 μελλούσης
2703 3809 2966 3879 κρίσεως·
2996 3805 3180 3857 λοιπὸν
3221 3798 3577 3855 ἀδιαλείπτως
3623 3792 3815 3853 νυκτὸς
3857 3793 3939 3843 καὶ

714 3878 921 3950 ἡμέρας
949 3880 1011 3931 ὲκ
1031 3879 1128 3949 τῆς
1165 3879 1389 3950 καρδίας
1422 3884 1598 3937 αὐτῶν
1631 3889 1767 3957 μετὰ
1787 3889 2036 3962 ὀδυρμῶν
2059 3897 2298 3970 δεόμενοι
2325 3903 2417 3956 τοῦ
2441 3905 2574 3958 Θεοῦ
2606 3878 2821 3976 προτοῦ
2847 3901 3109 3972 ἀφεθῆναι
3132 3898 3311 3958 αὐτοῖς
3341 3893 3391 3944 εἴ
3417 3907 3470 3942 τι
3491 3888 3753 3957 πάρεστιν
3775 3887 3940 3938 αὐτῶν

715 3971 1018 4039 ἁμάρτημα
1067 3973 1474 4040 πεπραγμένον.

784 4063 998 4118 Titulus
1028 4066 1352 4134 prazpositus
1378 4069 1658 4124 continet:
1698 4072 1976 4129 Canticum
2006 4077 2301 4149 Graduum,
2335 4085 2476 4154 quod
2509 4086 2895 4156 interpretatur
2931 4082 3202 4139 confessio
3229 4077 3643 4134 ascendentium
3685 4091 3713 4128 a
3738 4074 3940 4128 decumo

714 4160 882 4229 gradu
908 4162 1241 4229 cognitionis
1268 4161 1508 4230 (Christi
1548 4168 1599 4220 in
1634 4171 1981 4228 undecimum
2007 4175 2024 4245 )
2061 4177 2126 4231 ad
2156 4182 2434 4234 sciendum
2459 4198 2543 4248 ea,
2577 4198 2698 4251 quae
2739 4182 2803 4234 ad
2835 4181 3077 4234 futurum
3107 4176 3370 4246 judicium
3403 4171 3675 4240 pertinent
3701 4191 3710 4222 :
3759 4168 3938 4221 deinde

715 4255 1079 4310 indesinenter
1103 4267 1276 4323 nocte,
1309 4269 1470 4328 atque
1502 4262 1588 4315 die
1617 4279 1683 4317 ex
1715 4269 1876 4323 corde
1913 4288 2013 4326 suo
2043 4273 2405 4344 deprecantur
2433 4294 2557 4333 cum
2613 4278 2868 4348 lacrymis
2918 4276 3083 4331 Deum
3126 4287 3224 4342 pro
3275 4267 3600 4323 remissione
3645 4265 3866 4335 peccati,
3896 4263 3937 4318 si

714 4353 856 4421 quod
878 4365 1122 4422 superest
1151 4355 1218 4408 ab
1241 4356 1319 4411 eis
1343 4359 1725 4417 commissum.

787 4447 834 4498 1.
887 4446 959 4498 Ex
1013 4449 1173 4502 corde
1213 4464 1332 4504 meo
1379 4451 1580 4520 gemitu
1630 4453 1980 4509 inenarrabili
2040 4455 2271 4512 clamavi

715 4535 778 4588 ad
812 4547 879 4590 te.

782 4624 834 4689 2,
868 4626 921 4680 5.
960 4627 1230 4684 lnclinans
1255 4630 1484 4699 teipsum
1509 4634 1573 4688 ad
1603 4651 1689 4691 me
1717 4636 1912 4690 exhibe
1957 4637 2084 4691 mihi
2117 4654 2275 4694 aures

714 4725 835 4771 tuas
877 4728 1154 4788 promptas
1185 4721 1251 4776 ad
1294 4724 1660 4795 audiendum,
1693 4745 1814 4798 qua:
1856 4732 1952 4784 tibi
1991 4733 2274 4788 confessu-

714 4822 807 4860 rus
832 4822 974 4862 sum.

2450 4464 2501 4514 1.
2535 4461 2629 4513 Ἐκ
2659 4461 2758 4531 τῆς
2807 4459 3029 4530 καρδίας
3061 4476 3160 4530 μου
3204 4457 3501 4527 στεναγμὸν
3552 4454 3820 4523 ἀλάλητον
3867 4452 3938 4519 (ὅ)

2379 4551 2573 4621 ἀνεϐόη
2583 4569 2649 4604 σα
2675 4551 2807 4620 πρὸς
2836 4550 2893 4602 σέ

2446 4643 2499 4706 2,
2537 4645 2589 4697 5.
2634 4641 2956 4705 ’Υποκλίνας
2983 4659 3070 4711 μοι
3097 4638 3287 4693 ἑαυτὸν
3311 4637 3406 4706 (6),
3440 4635 3728 4707 παράσχου
3762 4651 3849 4702 μοι
3880 4631 3940 4683 τὰ

2379 4726 2492 4786 ὦτά
2519 4750 2611 4785 σου
2638 4731 2828 4802 ἕτοιμα
2852 4733 2932 4794 εἰς
2951 4731 3010 4783 τὸ
3034 4728 3295 4794 ἀκοῦσαι,
3325 4727 3466 4797 ἅπερ
3500 4726 3681 4796 μέλλω
3703 4722 3939 4795 ἐξομολο-

2301 4835 2344 4887 D
2373 4825 2578 4895 γεῖσθαί
2610 4842 2717 4895 μοι.

1652 5020 1958 5084 Addenda
2001 5031 2059 5084 et
2087 5026 2466 5104 corrigenda
2495 5045 2571 5087 ex
2606 5028 2746 5088 cod.
2782 5026 2979 5086 Vatic.

758 5219 953 5342 _(l‘;l0l
997 5223 1103 5294 πρὸ
1152 5224 1244 5278 τοῦ
1293 5225 1703 5294 τελευτήσουσιν
1753 5226 1827 5290 ὡς
1873 5228 1984 5280 ἐντὶ
2033 5224 2170 5298 ἦσαν
2222 5231 2277 5280 ἐν

758 5306 808 5342 tu.
848 5307 873 5342 ρ
904 5308 954 5342 c.

714 5304 808 5356 τῳ,
848 5304 954 5344 CIC.

786 5358 860 5428 (9.)
908 5361 972 5414 N.
1007 5364 1089 5417 11.
1149 5365 1298 5429 Ἀπό,
1337 5375 1438 5419 etc.
1471 5365 1537 5416 Ν.
1582 5367 1660 5419 12.
1705 5366 1812 5418 Καὶ
1860 5367 2085 5430 ἕκαστος
2118 5368 2281 5436 ἀγγε-

714 5426 820 5489 λος.
844 5426 956 5483 etc.

784 5497 858 5572 (3)
890 5499 954 5551 Ν.
1004 5501 1087 5555 13.
1135 5504 1243 5555 Καὶ
1267 5506 1335 5563 οἱ,
1362 5516 1489 5572 etc..
1517 5520 1686 5572 usque
1706 5505 1912 5558 τούτου.
1948 5508 2013 5558 Ν.
2055 5507 2136 5561 14.
2166 5507 2280 5561 Οὐκ

715 5565 1023 5632 ἠσπάσαντο
1051 5574 1262 5637 αὐτοὺς,
1285 5576 1402 5627 οὐδὲ
1432 5565 1610 5636 εἶπον,¹
1635 5586 1737 5628 etc.

786 5637 860 5706 (4)
887 5640 949 5691 'H
972 5641 1055 5694 διὰ
1090 5644 1175 5712 νῆς
1208 5645 1571 5717 κινναϐάρεως
1595 5646 1854 5714 περιέχει,
1883 5656 2006 5710 etc.,
2024 5649 2117 5718 τῆς
2146 5646 2279 5716 γνώ-

2378 5246 2511 5291 σεως
2540 5229 2631 5281 τοῦ
2658 5229 2790 5281 Θεοῦ
2815 5233 2890 5292 εἰς
2912 5231 2998 5282 τὸν
3023 5229 3299 5282 ἑνδέκατον
3323 5228 3602 5290 ἀνιέντων,
3633 5226 3776 5280 τοῦτ’
3803 5228 3933 5280 ἐστιν

2373 5299 2478 5380 ἀπὸ
2510 5302 2604 5369 τῆς
2620 5299 2868 5380 γγοὶσεως
2888 5299 2979 5352 τοῦ
2999 5299 3213 5358 εἰδέναι,
3240 5309 3342 5380 etc.
3359 5339 3372 5361 ,
3413 5299 3548 5366 μετά
3570 5298 3805 5368 ὀδυρμοῦ
3836 5298 3935 5348 δεο-

2380 5369 2554 5436 μένων
2579 5369 2672 5421 τοῦ
2702 5369 2856 5436 Θεοῦ,
2881 5379 3010 5431 etc.,
3036 5371 3232 5431 αὐτοῖς,
3269 5368 3323 5420 εἴ
3359 5368 3408 5420 τί
3446 5385 3550 5438 περ
3583 5369 3767 5431 αὐτοῖς
3803 5370 3934 5419 ἐστιν

2377 5438 2699 5540 animiEnn,
2719 5449 2820 5518 etc.

2512 5518 2523 5540 ι
2599 5526 2816 5540 -......,..,

2448 5509 2523 5579 (5)
2558 5509 2847 5579 Στεναγμῷ
2877 5509 3144 5579 ἁλαλήτῳ.

2448 5578 2522 5648 (6)
2567 5573 2830 5650 Ἐαυτήν,’
2851 5581 2941 5634 sed
2978 5573 3323 5650 legium-6‘1,
3356 5587 3486 5642 etc.,
3511 5573 3934 5648 ἐξομολογεῖσθσξ

2380 5664 2478 5700 σοι.
