4142 6476
212 403 363 462 1265

1077 420 1169 477 DE
1210 422 1492 481 TlTULlS
1528 424 1985 484 PSALMORUM.
2026 458 2095 469 —-
2126 429 2320 486 PSAL.
2397 429 2611 487 CXXX.

3310 433 3447 488 1246

292 524 348 577 4.
381 525 504 578 Ἐὰν
534 528 762 601 ἀνομίας
790 540 1188 613 παρατηρήσῃς
1211 542 1660 621 [παρατηρήσει],
1680 548 1791 602 Κύ-

1965 550 2021 605 4.
2055 548 2113 605 Si
2148 552 2463 622 iniquitates
2501 554 2892 623 observaveris,
2924 554 3188 613 Domine:

210 630 305 685 ριε
331 632 342 642 ·

290 708 348 762 5.
381 709 574 781 Κύριε,
599 715 682 779 τίς
708 717 1066 791 ὑποστήσεται
1100 724 1209 795 (a9;

295 796 352 851 6.
382 800 502 853 Ὀτι
524 805 672 875 παρὰ
706 808 788 860 σοὶ
818 809 1041 881 ἱλασμός
1073 813 1238 871 ἐστιν.

294 887 348 943 7.
376 890 599 946 Ἕνεκεν
624 894 715 947 τοῦ
743 897 1003 969 ὀνόματός
1026 919 1119 954 σου
1161 904 1427 975 ὑπέμεινά
1456 924 1535 972 σε,
1567 906 1754 980 Κύριε.

298 979 354 1033 8.
403 982 722 1055 Ύπέμεινεν
750 990 782 1061 ἡ
824 991 967 1063 ψυχή
1001 1010 1102 1063 μου
1133 995 1214 1059 είς
1245 996 1333 1053 τὸν
1362 997 1515 1067 λόγον
1551 979 1661 1053 σου
1687 999 1789 1072 [είς

222 1073 357 1135 τοὺς
380 1073 569 1141 λόγους
609 1095 699 1131 σου
721 1078 740 1151 ]
770 1096 785 1112 ο

301 1165 359 1218 9.
392 1167 651 1222 Ἧλπισεν
676 1173 707 1242 ἡ
733 1171 873 1245 ψυχή
900 1192 1000 1245 μου
1018 1177 1109 1229 ἐπὶ
1141 1177 1231 1230 τὸν
1256 1178 1476 1251 Κύριον.

308 1257 397 1311 10.
429 1258 558 1313 Ἀπὸ
585 1262 825 1335 φυλακῆς
856 1267 1064 1337 πρωίας
1108 1268 1269 1338 μέχρι
1301 1272 1511 1335 νυκτὸς,

311 1345 398 1400 11.
430 1348 562 1402 Ἀπὸ
599 1352 843 1425 φυλακῆς
882 1358 1090 1427 πρωίας
1125 1358 1397 1413 ἐλπισάτω
1449 1359 1663 1432 Ἰσραὴλ
1701 1360 1794 1414 ἐπὶ

230 1437 330 1491 τὸν
363 1440 583 1510 Κύριον.

304 1531 394 1583 12.
424 1532 544 1584 Ὅτι
573 1534 721 1603 παρὰ
751 1534 827 1605 τῷ
867 1536 1055 1607 Κυρίῳ
1088 1536 1149 1590 τό
1174 1538 1340 1605 ἕλεος,

304 1619 395 1674 15.
429 1622 536 1674 Καὶ
565 1624 729 1694 πολλὴ
764 1626 893 1696 παρ’
922 1628 1069 1698 αὐτῷ
1101 1630 1367 1701 λύτρωσις

307 1710 394 1765 14.
428 1714 535 1766 Καὶ
560 1715 719 1779 αὐτὸς
754 1716 1085 1793 λυτρώσεται
1118 1721 1211 1776 τὸν
1249 1721 1466 1795 Ἰσραὴλ
1509 1723 1574 1777 ὲκ
1604 1724 1794 1781 πασῶν

226 1802 344 1855 τῶν
373 1805 607 1876 ἀνομιῶν
631 1808 812 1862 αὑτοῦ.

318 1897 454 1966 ’ῼὸἡ
482 1898 601 1951 τῶν
634 1900 1001 1969 Ἁναόαθμῶν
1038 1902 1118 1968 τῷ
1150 1905 1340 1958 Δαϐίδ.
1395 1908 1567 1965 ΨΑΛ.
1592 1909 1724 1965 PA'.

304 1990 358 2042 1.
392 1990 582 2061 Κύριε,
616 1993 714 2063 οὐχ
747 1992 934 2066 ὑψώθη
967 1998 999 2066 ἡ
1030 1995 1223 2069 καρδία
1256 2012 1389 2067 μου’

302 2109 379 2179 la)
410 2109 565 2165 Vers.
594 2111 650 2178 4,
684 2112 736 2179 5,
768 2129 909 2168 vers.
945 2115 1159 2169 unicus.

1961 726 2013 780 5.
2047 723 2292 791 Domine,
2323 728 2446 797 quis
2476 728 2805 784 sustinebit?

1961 817 2013 871 6.
2053 817 2192 883 Quia
2229 820 2371 887 apud
2403 829 2454 874 te
2494 821 2807 890 propitiatio
2837 830 2957 878 est:

1961 909 2010 962 7.
2057 909 2286 978 Propter
2320 912 2491 983 legem
2526 921 2671 967 tuam
2717 914 2953 968 sustinui
2994 922 3065 979 te,
3094 913 3340 969 Domine.

1960 1002 2012 1055 8.
2053 1001 2328 1058 SuStinuit
2357 1006 2537 1060 anima
2566 1022 2681 1062 mea
2726 1008 2780 1062 in
2810 1008 2978 1063 verbo
3007 1008 3126 1079 ejus
3165 1008 3241 1081 [in
3269 1009 3449 1064 verbis

1892 1091 2020 1163 tuis]
2050 1110 2063 1145 :

1959 1184 2012 1239 9.
2060 1184 2310 1254 Speravit
2336 1188 2517 1241 anima
2547 1204 2666 1244 mea
2700 1189 2752 1244 in
2781 1188 3027 1246 Domino.

1961 1278 2047 1332 10.
2090 1282 2134 1330 Α
2170 1281 2417 1334 custodia
2462 1284 2728 1337 matutina
2761 1300 2932 1354 usque
2964 1286 3028 1339 ad
3071 1295 3305 1350 noctem,

1961 1368 2049 1425 11.
2090 1371 2136 1423 Δ
2157 1372 2405 1428 custodia
2434 1376 2701 1431 matutina
2721 1387 2900 1447 speret
2926 1376 3088 1433 Israel
3120 1379 3171 1432 in
3196 1377 3447 1433 Domino.

1963 1548 2051 1602 12.
2092 1547 2228 1614 Quia
2270 1552 2412 1620 apud
2440 1552 2729 1610 Dominum
2770 1556 3166 1626 misericordia,

1962 1640 2049 1694 13.
2087 1638 2153 1695 Ει
2177 1643 2396 1711 copiosa
2431 1646 2573 1713 apud
2607 1661 2728 1699 eum
2756 1648 3097 1717 redemptio:

1965 1730 2052 1785 14.
2098 1730 2163 1784 Et
2207 1733 2322 1802 ipse
2350 1736 2581 1791 redimet
2613 1736 2779 1793 Israel
2811 1754 2878 1793 ex
2904 1740 3158 1795 omnibus
3186 1740 3450 1811 iniquita—

1896 1821 2040 1875 tibus
2071 1822 2208 1892 ejus.

1993 1911 2267 1967 Canticum
2323 1914 2593 1971 Graduum
2656 1919 2841 1974 David.
2895 1918 3092 1975 PSAL.
3143 1920 3363 1977 CXXX.

1969 2004 2020 2059 1.
2064 2004 2313 2074 Domine,
2350 2026 2458 2064 non
2489 2020 2573 2065 est
2606 2015 2901 2067 exaltatum
2932 2029 3028 2068 eor
3054 2030 3233 2069 meum
3262 2034 3276 2069 ι

1343 2231 1723 2288 ATHANASH
1763 2234 2336 2295 INTERPRETATIO.

302 2361 357 2426 4,
381 2361 430 2415 5.
457 2360 581 2414 Ἐὰν
606 2363 846 2432 προσχῇς
869 2362 987 2424 ταῖς
1007 2360 1252 2431 ἀνομίαις
1272 2363 1305 2433 ἡ
1315 2363 1450 2433 μῶν,
1474 2364 1566 2416 καὶ
1589 2364 1664 2434 (1)
1689 2364 1793 2436 πρὸ

1958 2369 2011 2435 4,
2045 2371 2099 2425 5.
2128 2371 2183 2426 Si
2207 2374 2452 2428 attendas
2482 2375 2796 2446 iniquitates
2820 2388 3053 2445 nostras,
3078 2392 3129 2435 et
3152 2383 3449 2438 secundum

229 2454 405 2522 αὐτῆς
424 2452 565 2505 οὕτω
593 2455 820 2523 ποιήσῃς
851 2452 998 2524 ὑμῖν,
1030 2453 1221 2524 Κύριε,
1249 2453 1440 2525 Κύριε,
1458 2455 1541 2517 τίς
1569 2456 1796 2525 περιλει-

228 2544 525 2615 φΟήσεταις

302 2636 353 2689 6.
377 2636 495 2689 Ὅτι
529 2635 591 2688 σὺ
624 2630 676 2688 εἴ
707 2639 739 2689 ό
761 2638 1015 2705 ἱλασμός
1037 2636 1153 2688 τῶν
1178 2636 1251 2706 (2)
1271 2636 1567 2705 ἁμαρτιῶν
1598 2636 1788 2704 ἡμῶν·

228 2731 302 2782 οὺ
332 2730 522 2796 μόνον
558 2728 622 2781 δὲ
651 2730 781 2796 περὶ
817 2727 934 2781 τῶν
972 2728 1289 2797 ἡμετέρων,
1323 2726 1481 2781 ἀλλὰ
1516 2728 1612 2780 καί
1662 2727 1794 2794 περὶ

228 2819 380 2873 ὅλου
418 2819 523 2873 τοῦ
555 2822 802 2887 κόσμου.

305 2911 355 2964 7.
388 2912 508 2964 Ὅτι
536 2911 777 2981 ἐλεήμων
822 2912 912 2964 καὶ
957 2910 1334 2981 φιλάνθρωπος
1367 2911 1653 2983 ὑπάρχεις,
1705 2911 1792 2966 διὰ

226 3002 390 3055 ’τοῦτο
414 3002 567 3070 κάγὼ
600 3002 964 3072 ἁπεκδέχομαι
993 3003 1142 3073 παρᾶ
1182 3001 1273 3053 σοῦ
1318 3002 1619 3073 ἐλεηθῆναι.

307 3096 359 3149 8.
397 3097 505 3148 Καὶ
534 3095 792 3165 ὑπομένει
827 3096 902 3165 (5)
946 3097 978 3167 ὴ
1030 3094 1172 3164 ψυχή
1210 3111 1309 3164 μου
1340 3096 1419 3157 εἰς
1450 3095 1547 3158 τὰς
1580 3093 1796 3158 ἐντολάς

229 3207 352 3248 σου.

302 3283 357 3336 9.
392 3281 667 3345 Ἔλπισον,
702 3280 777 3352 (4)
812 3282 844 3351 ἡ
880 3280 1022 3353 ψυχή
1059 3297 1193 3350 μου,
1243 3281 1321 3344 εἰς
1348 3281 1437 3335 τὸν
1470 3280 1686 3354 Κύριον,
1716 3283 1795 3337 ὅτι

226 3376 333 3428 οὐκ
364 3374 428 3427 ἂν
454 3374 760 3446 ἁπερῤίφης
789 3375 880 3426 ἀπ’
910 3372 1092 3426 αὐτοῦ.
1208 3438 1219 3446 ,

312 3467 395 3521 10.
430 3467 715 3519 Φυλάττων
736 3466 893 3518 αὑτὸν
918 3465 995 3535 (ὅ)
1023 3464 1116 3518 τοῦ
1146 3465 1220 3535 μὴ
1244 3465 1557 3535 ἁμαρτῆσαι
1586 3465 1794 3536 ἡμέρας

227 3560 329 3615 καὶ
350 3559 559 3621 νυκτός.

306 3653 394 3704 li.
424 3650 529 3704 Kal.
560 3649 836 3719 συντηρῶν
873 3648 1061 3701 ἑαυτὸν
1101 3649 1157 3701 ὲν
1185 3650 1297 3710 τοῖς
1335 3646 1515 3718 ἔργοις
1546 3647 1638 3700 τοῦ
1686 3665 1796 3716 φω-

1895 2479 2009 2525 eas,
2054 2465 2128 2517 ita
2154 2465 2321 2520 facias
2362 2468 2539 2535 nobis,
2582 2470 2830 2539 Domine,
2859 2470 3105 2541 Domine,
3141 2475 3262 2545 quis
3292 2476 3453 2532 relin-

1897 2559 2134 2627 quetur?

1966 2646 2020 2701 6.
2060 2647 2327 2714 Quoniam
2359 2662 2413 2705 tn
2462 2666 2522 2707 es
2578 2655 2889 2722 propitiatio
2928 2672 3023 2725 pro
3073 2660 3298 2726 peccatis
3354 2678 3451 2715 no-

1895 2739 2021 2791 stris
2041 2754 2058 2792 :
2097 2755 2198 2791 non
2232 2757 2328 2809 pro
2360 2744 2557 2797 nostris
2586 2755 2763 2797 autem
2804 2755 3029 2814 tantum,
3057 2750 3145 2802 sed
3174 2752 3332 2803 etiam
3368 2760 3449 2803 to-

1897 2829 2000 2880 tius
2036 2830 2215 2882 mundi
2245 2831 2311 2885 ⁸³.

1966 2921 2019 2978 7.
2060 2922 2326 2987 Quoniam
2355 2924 2689 2992 misericors,
2714 2936 2765 2981 et
2782 2927 3047 2998 benignus
3064 2945 3144 2994 es,
3172 2942 3457 3002 propterea

1898 3010 2061 3065 etiam
2093 3027 2193 3079 ego
2226 3024 2481 3081 exspecto
2524 3016 2952 3072 misericordiam
2980 3024 3243 3091 consequi
3274 3039 3306 3077 a
3345 3034 3417 3080 te.

1967 3102 2018 3157 8.
2061 3102 2126 3158 Et
2156 3116 2438 3174 permanet
2483 3109 2664 3162 anima
2701 3126 2819 3165 mea
2855 3111 2907 3164 in
2944 3115 3225 3183 praeceptis
3258 3116 3385 3171 tuis.

1967 3286 2021 3342 9.
2075 3286 2264 3357 Spera,
2307 3288 2489 3343 anima
2524 3304 2664 3354 mea,
2702 3289 2754 3343 in
2779 3289 3030 3359 Domino,
3058 3292 3318 3361 quoniam
3350 3308 3460 3349 non

1895 3375 2140 3442 projeeta
2172 3392 2230 3430 es
2263 3377 2331 3430 ab
2360 3381 2501 3445 ipso.

1970 3464 2054 3518 10.
2104 3466 2431 3522 Custodiens
2504 3468 2812 3537 meipsum,
2863 3485 2932 3525 ne
2994 3486 3212 3541 peccem
3269 3472 3356 3528 die
3396 3490 3462 3528 ae

1896 3570 2073 3611 nocte.

1974 3650 2057 3704 11.
2103 3648 2168 3703 Ει
2212 3665 2546 3706 conservans
2586 3668 2645 3708 se
2686 3654 2860 3723 ipsum
2910 3654 2965 3708 in
3005 3656 3264 3725 Operibus
3299 3657 3457 3722 lueis,

227 3743 345 3805 τὸς,
381 3741 654 3794 ἑλπισάτω
702 3742 809 3803 πᾶς
840 3739 977 3811 ἀνὴρ
1008 3739 1117 3792 τῶν
1152 3737 1400 3809 ὁρώντων
1428 3738 1520 3791 τὸν
1560 3738 1692 3791 Θεὸν
1728 3742 1791 3810 τῇ

1898 3749 2075 3811 speret
2112 3742 2292 3795 omnis
2326 3742 2489 3796 homo
2512 3743 2704 3799 videns
2739 3743 2904 3799 Deum
2935 3756 3111 3802 mente
3139 3766 3154 3801 :
3194 3748 3267 3803 ita
3313 3750 3459 3804 enim

227 3832 443 3903 διανοίᾳ
467 3850 479 3861 ·
516 3831 671 3885 τοῦτο
713 3831 821 3902 γὰρ
864 3829 1224 3901 ἑρμηνεύεται
1259 3830 1496 3902 Ἰσραὴλ,
1540 3830 1697 3899 ἀνὴρ
1737 3833 1796 3884 ό-

227 3924 355 3992 ρῶν
396 3926 560 3977 Θεόν.

308 4017 393 4070 12.
432 4018 559 4068 Ὅτι
592 4013 749 4081 παρὰ
799 4010 877 4077 τῷ
930 4013 1124 4079 Κυρίῳ
1167 4010 1243 4082 (6)
1292 4011 1359 4063 τὸ
1392 4011 1566 4076 ἕλεος
1593 4010 1795 4063 δίδοται

228 4111 348 4169 τοῖς
376 4107 557 4177 ἀνθρώ
567 4123 702 4168 ποις.

310 4202 393 4255 1⁸5.
429 4199 537 4251 Καὶ
562 4198 721 4260 αὐτὸς
748 4195 835 4249 διὰ
864 4193 957 4251 τοῦ
988 4194 1169 4265 τιμίου
1211 4192 1441 4263 αἵματος
1463 4193 1538 4264 (7)
1591 4192 1798 4255 πάντας

231 4291 561 4359 ἑξαγοράσει
588 4291 713 4352 τοὺς
748 4288 1097 4349 πιστεύοντας
1124 4289 1200 4349 είς
1232 4286 1411 4340 αὐτόν.

310 4381 395 4435 14.
430 4379 536 4433 Καὶ
566 4378 663 4440 τὰς
689 4378 914 4447 ἀνομίας
948 4376 1160 4429 πάντων
1191 4375 1267 4444 (8)
1310 4373 1596 4444 ἐξαλείψει.

1900 3834 2073 3890 Israel
2110 3836 2519 3905 interpretatur,
2551 3855 2630 3892 vir
2659 3840 2839 3893 videns
2886 3841 3074 3897 Deum.

1964 4008 2051 4062 12.
2094 4007 2235 4073 Quia
2278 4012 2417 4077 apud
2450 4009 2732 4065 Dominum
2762 4015 3127 4070 misericordia
3168 4017 3216 4052 "
3258 4018 3462 4089 imper-

1901 4100 2033 4155 titur
2067 4102 2403 4155 hominibus.

1978 4191 2065 4245 13.
2110 4190 2173 4244 Et
2231 4192 2343 4261 ipse
2396 4193 2639 4261 pretioso
2683 4199 2947 4268 sanguine
3004 4216 3191 4257 omnes
3236 4202 3463 4257 redimet

1902 4284 2185 4339 credentes
2227 4284 2279 4337 in
2316 4300 2460 4339 eum.

1978 4368 2064 4423 14.
2110 4368 2175 4423 Et
2209 4372 2451 4425 omnium
2485 4372 2797 4442 iniquitates
2827 4377 3041 4433 delebit.

319 4477 383 4529 Ἡ
406 4472 738 4545 προκειμένη
769 4470 1043 4541 ἐπιγραφὴ
1078 4467 1320 4540 περιέχει
1352 4467 1427 4539 (9)
1448 4484 1460 4497 σ
1512 4465 1649 4537 ’ῼδὴ
1680 4465 1796 4519 τῶν
1839 4464 2210 4533 Ἀναϐαθμῶν
2246 4464 2324 4530 τῷ
2354 4467 2549 4531 Δαϐίδ,
2580 4470 2716 4540 ὅπερ
2745 4472 3104 4541 ἑρμηνεύεται
3132 4473 3457 4546 ἐξομολόγη-

234 4588 323 4631 σις
355 4566 432 4633 τῷ
458 4563 638 4631 ἱκανῷ
668 4562 741 4630 τῇ
772 4564 941 4631 χειρὶ,
975 4563 1216 4613 τουτέστι
1246 4559 1322 4629 τῷ
1357 4560 1471 4631 Υἱῴ
1499 4560 1589 4613 τοῦ
1625 4558 1781 4621 Θεοῦ,
1815 4558 1920 4611 τῶν
1964 4558 2358 4612 ἀναϐαινόντων
2398 4559 2504 4612 ἀπὸ
2541 4560 2635 4612 τοῦ
2670 4561 2951 4615 ἑνδεκάτου
2986 4564 3191 4635 βαθμοῦ
3242 4568 3333 4620 ἐπὶ
3371 4570 3463 4623 τὸν

245 4646 478 4735 ‘l-qaoiv,
506 4658 703 4714 ὡσανεὶ
728 4658 837 4710 ἀπὸ
862 4656 958 4725 τῆς
989 4654 1448 4724 ἐξομολογήσεως,
1484 4652 1576 4706 καὶ
1623 4651 1719 4720 τῆς
1759 4650 1990 4715 ἐλπίδος,
2037 4650 2127 4703 καὶ
2162 4650 2494 4720 τελειότητος
2522 4652 2619 4723 τῆς
2648 4655 2726 4716 εἰς
2754 4654 2842 4707 τὸν
2866 4656 3097 4727 Χριστὸν
3126 4658 3462 4730 ἀναϐέϐηκεν

232 4762 319 4820 εἰς
340 4756 399 4809 τὸ
427 4757 523 4826 τῆς
552 4750 1043 4822 ταπεινοφροσύνης
1072 4748 1223 4817 ὕψος,

306 4849 521 4903 Titulus
553 4844 881 4917 prtepositus
916 4841 1158 4895 continet
1194 4857 1206 4891 :
1238 4837 1517 4893 Canticum
1544 4835 1818 4889 Graduum
1851 4836 2041 4901 David,
2074 4837 2216 4907 quod
2244 4838 2631 4907 interpretatur
2676 4840 2948 4897 confessio
2977 4836 3318 4913 manu'forti,
3360 4848 3463 4905 hoc

231 4955 322 5002 est
356 4945 449 4999 Dei
478 4943 651 5007 Filio,
681 4936 1089 4995 ascendentium
1126 4936 1194 4989 ab
1240 4934 1525 4989 undecimo
1551 4934 1718 5003 gradu
1758 4934 1808 4985 in
1836 4932 2043 4994 Jesum,
2072 4934 2320 4989 videlicet
2348 4952 2377 4989 a
2409 4936 2573 5005 gradu
2609 4935 2986 5001 confessionis,
3022 4944 3075 4990 et
3100 4938 3236 5008 spei,
3262 4952 3317 4995 et
3343 4954 3463 5010 per-

230 5035 511 5097 fectionis,
543 5048 664 5101 qua:
685 5029 841 5085 estin
872 5026 1110 5089 Christo,
1140 5024 1381 5079 ascendit
1412 5026 1465 5077 in
1493 5024 1832 5078 altitudinem
1867 5024 2207 5078 humilitatis.

310 5132 361 5185 1.
388 5128 578 5201 Κύριε,
609 5126 708 5179 οὐκ
732 5122 1065 5193 ἐλογισάμην
1099 5116 1235 5173 εἷναί
1262 5137 1353 5172 σου
1383 5117 1549 5184 ἄξιος.

306 5244 352 5277 ³³
389 5240 589 5296 lJoan.
624 5254 685 5303 tt,
716 5237 769 5291 2.
847 5236 894 5268 ⁸⁸
922 5231 1069 5288 Psal.
1104 5248 1289 5297 cxxtx,
1321 5232 1372 5285 7.

1840 5128 1883 5183 ι)
1986 5119 2039 5172 1.
2080 5118 2331 5187 Domine,
2361 5135 2469 5175 non
2501 5121 2806 5178 existimavi
2838 5137 2925 5178 me
2950 5138 3072 5179 esse
3097 5124 3318 5196 dignum
3354 5136 3424 5181 te.

1198 5349 1503 5412 Addenda
1545 5356 1605 5409 et
1637 5349 2008 5427 corrigenda
2041 5366 2118 5410 ex
2149 5348 2289 5408 cod.
2327 5348 2525 5410 Vatic.

307 5489 327 5549 ί
335 5485 388 5556 1)
419 5484 529 5539 Καὶ
575 5483 708 5553 πρὸς
736 5481 903 5542 αὑτὰς
933 5477 1107 5540 οὓτως
1134 5478 1267 5546 ἡμῖν
1302 5474 1543 5545 ποιήσεις
1564 5514 1578 5537 ,
1610 5473 1801 5543 Κύριε,

233 5578 269 5615 κ
283 5560 331 5612 ιὶ
365 5557 469 5619 τίς,
502 5566 607 5607 διες.

308 5628 384 5697 (2)
417 5625 559 5697 Περὶ,
574 5622 702 5678 τῶν,
733 5630 839 5676 etc.

308 5695 387 5761 (ὅ)
430 5695 769 5766 ’Υπὲμεινεν.
890 5760 903 5766 _
956 5759 966 5766 .
1044 5755 1053 5766 .
1173 5764 1178 5766 _
1316 5755 1325 5766 ,

310 5755 387 5832 «ιδ
417 5755 697 5817 Ἤλπίσεν.
725 5770 851 5825 elc.,
889 5759 977 5812 ὲπί
1002 5755 1107 5819 τόν,
1137 5764 1261 5821 etc.,
1305 5755 1631 5825 ἁπερῤίιρην,
1658 5764 1756 5811 etc,

313 5837 389 5899 (5)
425 5833 665 5896 Ἐαυτὸν,
693 5841 794 5889 etc.

1978 5476 2054 5616 26)
2087 5474 2192 5555 T09
2223 5472 2443 5562 Κυρίου.
2466 5546 2479 5563 ⁹
2555 5544 2582 5556 _
2654 5545 2677 5559 _

2000 5548 2053 5615 7)
2080 5548 2389 5616 Τουτιμιου
2422 5562 2584 5598 αυτου
2616 5562 2670 5598 αι

2000 5548 2053 5615 7)
2080 5548 2182 5599 Τοῦ
2208 5548 2389 5615 τιμίου
2422 5548 2584 5598 αὐτοῦ
2616 5548 2861 5615 αἵματος.

1996 5618 2048 5681 8)
2074 5615 2259 5669 Αὐτῶν
2296 5630 2392 5684 pro
2426 5615 2659 5668 πάντων.

1996 5624 2048 5681 8)
2074 5624 2259 5669 Λῡτων
2296 5630 2392 5684 pro
2426 5624 2659 5668 πάντων.

1973 5624 2069 5772 liii).
2090 5684 2270 5772 'Hft'a'
2297 5686 2394 5755 τῆς
2416 5686 2780 5772 κινναϐάρεως
2801 5686 3063 5757 περιέχει,
3091 5696 3219 5750 etc.,
3252 5680 3458 5757 βαθμοῦ

1901 5761 1991 5813 ἐπὶ
2022 5758 2113 5809 τὸν
2142 5756 2460 5819 δωδέκατον,
2489 5756 2710 5821 ὡσανεί,
2736 5767 2839 5811 etc.
