4142 6492
177 452 323 506 1249
1093 440 1179 494 DE
1218 440 1493 498 TITULIS
1533 436 1988 496 PSALMOBUM.
2022 466 2092 477 —
2125 435 2321 489 PSAL.
2353 434 2595 491 CXXXI.
3275 431 3412 489 1250

244 565 301 618 Δ.
340 563 401 617 El
429 562 770 633 ἀναϐήσομαι
792 561 883 613 ἐπὶ
907 560 1093 629 κλίνης
1125 560 1414 631 στρωμνῆς
1442 575 1566 631 μου.
1773 562 1819 618 Α

1442 575 1566 631 μου.
1773 562 1819 618 Α
1918 553 1967 607 ι.
2013 549 2070 606 Si
2096 552 2390 606 ascendero
2422 551 2475 605 in
2521 551 2718 606 lectum
2747 550 2902 605 strati
2932 547 3060 609 mel.

247 657 308 713 5.
342 657 402 710 Ei
422 653 577 708 δώσω
609 652 774 707 ῦπνον
797 654 908 715 τοῖς
929 650 1224 721 ὀφθαλμοῖς
1260 667 1381 722 μου,

1354 670 1381 715 μ,
1916 643 1970 696 5.
2014 640 2071 695 Si
2099 642 2298 696 dedero
2333 655 2590 695 somnum
2626 640 2805 695 oculis
2833 640 2990 706 meis,

246 743 305 799 6.
338 743 445 796 Καὶ
466 743 577 804 τοῖς
602 739 888 811 βλεφάροις
918 756 1019 810 μου
1040 738 1368 810 νυσταγμὸν,

1924 734 1976 788 6.
2019 732 2085 788 Et
2131 732 2405 803 palpebris
2440 734 2576 788 meis
2609 732 3080 792 dormilalionem.

250 834 307 888 7.
337 835 440 887 Καὶ
462 834 763 886 ἀνάπαυσιν
788 833 898 894 τοῖς
925 831 1217 901 κροτάφοις
1243 848 1342 903 μου
1376 871 1392 896 ,

1288 848 1342 884 ου
1376 871 1392 896 ,
1920 832 1971 887 7.
2011 832 2077 885 Et
2116 832 2359 901 requiem
2392 831 2732 899 temporibus
2766 831 2924 885 meis.

250 924 458 987 8.Ἕως
487 918 546 979 οῦ
566 922 709 994 εῦρω
736 923 898 975 τόπον
932 922 1009 992 τῷ
1038 924 1257 995 Κυρίῳ,

1918 923 1973 979 8.
2014 922 2199 979 Donec
2232 923 2503 977 inveniam
2536 924 2716 977 locum
2755 922 3008 987 Domino,

248 1015 308 1070 9.
342 1016 611 1086 Σκήνωμα
638 1013 715 1084 τῷ
748 1013 866 1084 Θεῷ
903 1012 1116 1068 Ἰακώϐ.

1927 1017 1979 1071 9.
2025 1015 2459 1071 Tabernacnlum
2496 1014 2606 1070 Deo
2630 1014 2817 1069 Jacob.

258 1109 348 1163 10.
369 1108 497 1161 Ἰδοὺ
524 1107 833 1177 ἠκούσαμεν
860 1107 1028 1177 αὐτὴν
1059 1107 1117 1159 ὲν
1154 1105 1398 1176 Ἐφραθά
1419 1123 1432 1136 ’

1422 1123 1432 1136 ·
1920 1105 2006 1161 10.
2047 1105 2184 1162 Ecce
2211 1107 2518 1161 audivimus
2546 1122 2661 1160 eam
2698 1106 2749 1159 in
2784 1102 3058 1174 Ephratha

256 1200 348 1255 11.
381 1200 622 1271 Εὖρομεν
656 1200 821 1270 αὐτὴν
850 1202 905 1251 ὲν
936 1202 1048 1262 τοῖς
1093 1197 1297 1260 πεδίοις
1325 1197 1419 1251 τοῦ
1448 1195 1677 1269 δρυμοῦ.

1414 1198 1419 1245 ι
1448 1195 1677 1269 δρυμοῦ.
1919 1198 2003 1251 11.
2049 1196 2359 1250 Invenimus
2397 1211 2516 1250 eam
2548 1197 2600 1249 in
2636 1197 2845 1267 campis
2880 1196 3050 1251 silvai.

252 1290 345 1346 1Ξ.
376 1290 803 1361 Είσελευσὸμεθα
836 1292 916 1355 είς
944 1292 1011 1345 τὰ
1041 1292 1373 1362 σκηνώματα
1404 1289 1567 1344 αὐτοῦ
1590 1306 1604 1319 ·

1406 1289 1567 1344 αὐτοῦ
1590 1306 1604 1319 ·
1923 1287 2006 1339 η.
2042 1285 2388 1341 lntroibimus
2420 1288 2472 1340 in
2506 1287 2851 1341 tabernacula
2878 1286 2997 1356 ejus
3029 1304 3042 1341 :

254 1385 342 1439 13.
389 1384 839 1453 Προσκυνὴσομεν
881 1384 961 1447 εἰς
991 1383 1081 1436 τὸν
1110 1383 1293 1445 τόπον,
1334 1379 1395 1437 οῦ
1433 1382 1667 1454 ἔστησαν
1701 1385 1751 1438 οί

1922 1377 2011 1432 13.
2057 1378 2420 1433 Adorabimus
2460 1378 2515 1432 in
2570 1378 2725 1444 loco,
2787 1378 2877 1433 ubi
2934 1384 3200 1433 steterunt
3254 1376 3418 1447 pedes

177 1476 346 1539 πόδες
376 1473 562 1528 αὑτοῦ.
1852 1469 1992 1540 ejus.

259 1569 347 1622 H.
392 1568 699 1639 Ἀνάστηθι,
731 1568 923 1639 Κύριε,
951 1567 1030 1629 εἰς
1055 1567 1151 1637 τὴν
1182 1567 1487 1622 ἀνάπαυσιν
1518 1584 1632 1633 σου,

1430 1567 1487 1621 ·ίν
1518 1584 1632 1633 σου,
1924 1562 2010 1615 14.
2043 1560 2231 1633 Surge,
2265 1561 2509 1628 Domine,
2542 1562 2594 1617 in
2627 1562 2867 1633 requiem
2898 1571 3066 1627 tuam,

256 1657 346 1711 15.
376 1658 446 1711 Σὺ
476 1659 569 1711 καὶ
598 1660 630 1729 ὴ
661 1657 889 1720 κιϐωτὸς
917 1656 1011 1708 τοῦ
1043 1658 1381 1728 ἀγιάσματός
1412 1645 1525 1711 σου.

1361 1675 1381 1721 ς
1412 1645 1525 1711 σου.
1931 1658 2016 1710 15.
2056 1655 2135 1709 Tu
2164 1666 2216 1711 et
2241 1674 2364 1713 arca
2394 1656 2841 1712 sanctiﬁcationis
2871 1666 2997 1710 tute.

256 1748 344 1803 16.
376 1751 437 1803 Οἱ
476 1753 639 1820 ἱερεῖς
670 1766 760 1802 σου
788 1749 1095 1803 ὲνδύσονται
1122 1748 1485 1818 δικαιοσύνην,

1476 1789 1485 1812 ,
1926 1747 2014 1801 16.
2053 1744 2373 1801 Sacerdotes
2406 1747 2479 1801 tui
2508 1747 2798 1801 indncntur
2825 1747 3112 1815 justitiam,

258 1841 347 1895 17.
378 1842 486 1895 Καὶ
527 1843 576 1894 οἱ
622 1841 755 1893 ὅσιοί
811 1858 904 1894 σου
950 1840 1362 1910 ἀγαλλιάσονται
1411 1839 1751 1913 [ἀγαλλιάσει

1929 1842 2014 1895 17.
2045 1840 2108 1894 Et
2136 1841 2308 1895 sancti
2336 1841 2411 1894 tui
2442 1840 2788 1896 exsultabant
2821 1839 3206 1912 [exsultatione
3228 1837 3413 1894 exsul-

181 1929 646 2003 ἀγαλλιάσονται].
1786 1931 1817 1987 Ε

457 1929 646 2003 aveat].
1786 1931 1826 1987 Β
1856 1931 2093 2005 tabunt].

258 2020 347 2074 18.
382 2022 603 2074 Ἕνεκεν
637 2020 800 2076 Δασὶδ
830 2021 923 2076 τοῦ
952 2020 1137 2075 δούλου
1170 2038 1264 2075 σου

1932 2023 2018 2079 18.
2050 2023 2276 2094 Propter
2306 2023 2478 2080 David
2506 2040 2725 2080 servum
2756 2032 2908 2081 tuum

1300 2199 1670 2255 ATIIANASII
1710 2199 2296 2257 INTERPRETATIO.

258 2353 315 2407 ι.
345 2354 407 2407 Et
435 2354 508 2426 μὴ
544 2356 627 2407 ἐπ’
655 2354 727 2424 (1)
759 2354 987 2424 ἐδάφους
1014 2354 1239 2409 ῦπνωσα
1256 2354 1349 2408 τοῦ
1378 2353 1588 2409 λοιποῦ.

1924 2357 1972 2414 1.
2013 2355 2125 2413 Nisi
2154 2357 2208 2411 in
2234 2356 2473 2413 futurum
2507 2358 2658 2413 humi
2694 2372 2946 2414 somnum
2989 2357 3239 2429 capiam:

258 2445 315 2508 5,
343 2445 392 2499 6.
427 2446 488 2497 Εἰ
526 2445 802 2513 παύσομαι
832 2444 1146 2516 ἀγρυπνῶν,
1179 2446 1270 2499 καὶ
1301 2448 1753 2519 προσευχόμενος,

1925 2449 1978 2512 5,
2007 2449 2061 2505 ϐ.
2105 2448 2159 2502 Si
2196 2464 2484 2505 cessavere
2517 2450 2759 2521 vigilare,
2791 2458 2843 2506 et
2877 2465 3056 2517 orare,
3094 2459 3149 2506 et
3172 2449 3419 2505 meditari

184 2533 284 2589 καὶ
310 2530 547 2602 μελετῶν
577 2531 767 2593 νυκτὸς
795 2532 887 2584 καὶ
917 2531 1127 2602 ἡμέρας
1153 2533 1209 2585 ὲν
1249 2531 1326 2601 τῷ
1357 2533 1504 2602 νόμῳ
1534 2549 1647 2586 σου.

944 2531 1127 2602 ίμέρας
1153 2533 1209 2585 ὲν
1249 2531 1326 2601 τῷ
1357 2533 1504 2602 νόμῳ
1534 2549 1647 2586 σου.
1848 2537 1934 2591 die
1960 2553 2022 2591 ac
2048 2549 2203 2592 nocte
2240 2539 2292 2591 in
2328 2540 2440 2608 lege
2466 2548 2580 2595 tua.

263 2624 317 2678 7.
355 2619 462 2677 Καὶ
484 2625 531 2676 εἰ
557 2621 710 2676 δώσω
736 2622 915 2676 ἄνεσιν
944 2626 1009 2694 τῇ
1038 2623 1245 2694 διανοίᾳ
1268 2624 1365 2694 τῆς
1392 2624 1620 2695 καρδίας
1653 2642 1752 2696 μου

1921 2629 1974 2683 7.
2014 2628 2081 2683 Et
2136 2630 2181 2685 si
2231 2630 2431 2685 dedero
2487 2631 2728 2701 requiem
2788 2633 2952 2689 menti
2987 2633 3168 2688 cordis
3212 2633 3316 2688 mei
3369 2632 3422 2689 in

188 2716 321 2785 περὶ
340 2713 409 2767 τά
433 2715 680 2783 νοήματα
702 2714 810 2767 τῶν
844 2713 1091 2785 Γραφῶν,

990 2713 1091 2771 δῶν,
1863 2719 2156 2789 Scripturis
2200 2723 2626 2791 perscrutandis.

264 2806 320 2867 8,
348 2807 402 2858 9.
434 2805 575 2867 Ἕως
604 2799 664 2857 οῦ
690 2803 778 2856 διὰ
812 2805 909 2871 τῆς
953 2804 1173 2875 χάριτος
1206 2802 1373 2856 αὐτοῦ
1421 2804 1757 2875 οἰκοδομήσω

1930 2812 1983 2877 8,
2014 2813 2065 2867 9.
2103 2811 2285 2867 Donec
2331 2814 2500 2882 gratia
2545 2823 2633 2867 tua
2682 2814 2959 2868 azdillcabo
3003 2828 3090 2869 me
3141 2813 3317 2883 ipsum
3369 2814 3423 2869 in

190 2897 429 2968 ἐμαυτὸν
452 2892 599 2950 οἷκον
627 2893 703 2963 τῷ
733 2892 935 2965 Κυρίῳ,
964 2896 1056 2948 καὶ
1084 2896 1385 2949 ἀνάπαυσιν
1407 2894 1481 2965 τῷ
1508 2894 1627 2964 Θεῷ
1648 2896 1754 2948 ὐπ-

1859 2904 2079 2958 domum
2134 2903 2384 2970 Domino,
2418 2915 2472 2958 et
2521 2906 2762 2973 requiem
2801 2904 2911 2960 Deo
2959 2905 3422 2961 auscultatioiiis:

186 2990 361 3059 ακοῆς
405 2988 480 3059 (2)
508 3004 521 3015 ·
568 2985 804 3056 εἴπαμεν
833 2986 962 3057 γὰρ,
1007 2987 1220 3041 Ἰακὼϐ
1253 2986 1613 3059 ἑρμηνεύεται
1644 2989 1754 3041 ὑπ·

186 3078 368 3130 ακοή.
1785 3075 1822 3130 C

1862 2996 2100 3051 diximus
2133 2998 2277 3051 enim
2302 2996 2445 3067 quod
2466 2995 2634 3050 Iacob
2670 2997 3053 3065 interpretatur
3084 2996 3423 3061 auscultatio.

1787 3075 1825 3130 C

184 3078 368 3145 ακοή.

265 3169 351 3225 10.
381 3169 509 3222 Ἰδοὺ
545 3167 862 3238 ἠκούσαμεν
909 3169 966 3220 ὲν
1014 3167 1348 3238 Εὐαγγελίῳ,
1380 3169 1462 3221 ὅτι
1504 3168 1640 3239 αὕτη
1678 3168 1755 3239 (5)

1928 3169 2014 3222 10.
2054 3170 2189 3225 Ecce
2214 3171 2523 3225 audivimus
2554 3172 2607 3225 in
2648 3172 2963 3244 Evangelia,
3013 3174 3158 3244 quod
3193 3175 3305 3229 haec
3344 3182 3423 3229 est

190 3265 342 3318 ἐστὶν
373 3266 405 3334 ὴ
436 3263 739 3324 ἀνάπαυσις
782 3260 874 3314 τοῦ
914 3258 1084 3325 Θεοῦ,
1134 3261 1260 3313 ὃταν
1304 3276 1385 3322 τις
1431 3259 1655 3330 πωλήσῃ
1694 3260 1761 3313 τὰ

1860 3262 2072 3328 requies
2112 3259 2225 3321 Dei.
2256 3276 2379 3314 cum
2403 3264 2527 3331 quis
2560 3264 2863 3318 vendiderit
2894 3266 3079 3319 omnia
3116 3265 3255 3320 bona
3298 3281 3420 3336 sua,

190 3355 506 3425 ὑπάρχοντα
530 3351 714 3416 αὑτοῦ,
744 3352 840 3404 καὶ
885 3349 959 3421 δῷ
990 3353 1240 3420 πτωχοῖς,
1272 3350 1365 3403 καὶ
1402 3349 1635 3423 ἀπέλθῃ,
1670 3351 1762 3403 καὶ

1858 3360 1913 3404 et
1937 3350 2146 3404 dederit
2193 3352 2539 3421 pauperibus,
2578 3361 2632 3407 et
2665 3352 2914 3414 abiverit,
2958 3362 3011 3405 et
3040 3354 3295 3409 onmibus
3341 3370 3424 3409 re-

190 3445 530 3517 ἀποτάξηται
557 3460 569 3473 ·
608 3445 869 3513 Ἐφραθὰ
907 3441 1015 3514 γὰρ
1052 3442 1408 3513 ἑρμηνεύεται
1444 3441 1761 3512 παραδιδόνο

1863 3444 2225 3497 nuntiaverit:
2254 3443 2526 3506 Epitratlm
2552 3448 2695 3499 enim
2729 3445 3113 3513 interpretatur
3135 3446 3202 3501 de
3230 3462 3316 3509 eo,
3335 3449 3424 3518 qui

191 3553 284 3598 τος
312 3535 741 3603 καρποφορίαν.

1862 3534 2063 3602 praebet
2085 3533 2353 3601 fructuum
2382 3534 2688 3587 ubertatem.

272 3628 357 3681 11.
386 3625 631 3696 Εὖρομεν
671 3624 747 3689 (1)
792 3623 891 3693 τὴν
939 3622 1242 3677 ἀνάπαυσιν
1291 3622 1494 3695 ταύτην
1545 3625 1624 3687 είς
1665 3625 1764 3695 τὴν

1933 3623 2016 3677 11.
2056 3621 2366 3677 Invenimus
2403 3622 2645 3691 requiem
2689 3624 2828 3679 hanc
2861 3624 2914 3679 in
2972 3641 3176 3693 eremo,
3224 3627 3312 3682 ubi
3346 3637 3429 3684 est

190 3720 423 3792 ιρημον,
458 3718 586 3771 ἔνθα
617 3716 677 3769 τὸ
705 3715 906 3786 πλῆθός
947 3717 1061 3769 ἐστι
1096 3715 1204 3767 τῶν
1235 3715 1444 3787 ἀνδρῶν
1471 3715 1577 3769 τῶν
1611 3717 1761 3785 ἐχόν-

1864 3714 2157 3770 multitudo
2188 3715 2430 3769 virorum
2478 3714 2796 3769 habentium
2843 3717 3007 3771 corda
3055 3733 3154 3772 sua
3192 3733 3428 3787 expansa

192 3828 306 3864 των
331 3808 655 3881 ὴπλωμένας
680 3807 778 3871 τὰς
821 3806 1043 3878 καρδίας
1088 3806 1223 3878 πρὸς
1252 3806 1343 3859 τὸν
1383 3806 1543 3861 Θεόν’
1575 3806 1729 3879 δῆλον
1748 3847 1765 3873 ,

1866 3806 1933 3860 ad
1972 3807 2137 3862 Deum
2186 3805 2558 3875 (manifestum
2596 3816 2714 3872 est,
2747 3806 2895 3879 quod
2933 3807 3232 3864 monachos
3257 3810 3428 3879 signi-

193 3904 325 3967 ςοὺς
361 3902 626 3974 μοναχοὺς
655 3901 823 3968 λέγει.
1868 3898 2037 3965 beat).

272 3994 361 4048 12.
392 3993 824 4063 Εἰσελευσόμεθα
852 3995 930 4055 είς
947 3992 1015 4045 τά
1039 3992 1370 4064 μοναστήρια
1397 3991 1530 4064 πρὸς
1556 3992 1617 4045 τὸ
1640 3994 1771 4046 ἀπο-

1943 3990 2028 4044 12.
2063 3988 2410 4044 lntroibimus
2452 4005 2509 4044 in
2543 3992 2875 4047 monasteria
2914 3993 2981 4048 ad
3012 3996 3430 4052 renuntiandum

197 4088 483 4156 τάξασθαι.

450 4108 483 4141 ι.
1872 4082 2084 4135 mundo.

274 4182 363 4236 15.
416 4179 519 4233 Τὸν
582 4176 811 4249 σταυρὸν
868 4175 1032 4231 αὐτοῦ
1091 4177 1538 4248 προσκυνήσομεν
1566 4215 1582 4241 ,
1647 4174 1774 4230 ἔνθα

1946 4174 2031 4229 15.
2066 4172 2295 4230 Crucem
2340 4175 2459 4246 ejus
2486 4175 2872 4242 adorabimus,
2921 4177 3012 4233 ubi
3057 4178 3256 4233 conﬁxi
3304 4193 3431 4237 sunt

200 4275 490 4346 ἐπάγησαν
518 4274 565 4325 οἱ
593 4272 747 4335 πόδες
769 4269 955 4324 αὑτοῦ.

564 4316 565 4319 η
593 4272 747 4335 πόδες
769 4269 955 4324 αὑτοῦ.
1874 4267 2035 4338 pedes
2064 4267 2200 4336 ejus.

273 4366 363 4419 M.
397 4364 792 4437 Προσεύχονται
828 4364 877 4416 οἱ
910 4362 1200 4433 ἡγούμενοι
1228 4360 1369 4434 ὑπὲρ
1394 4360 1502 4415 τῶν
1536 4362 1772 4415 ἀποτασ-
1805 4431 1837 4437 Α

1805 4431 1837 4437 Α
1948 4360 2031 4413 ﬂ.
2070 4359 2239 4413 Orant
2286 4361 2542 4429 praesides
2594 4362 2986 4416 monachorum
3034 4379 3134 4433 pro
3192 4363 3296 4429 iis,
3342 4368 3435 4435 qui

204 4431 469 4530 σομένων,
518 4431 795 4523 λέγοντες⁸
838 4431 1015 4518 Ἐλθὲ,
1060 4453 1255 4524 Κύριε,
1306 4431 1383 4517 είς
1424 4452 1521 4523 τὴν
1548 4452 1772 4524 καρδίαν
1804 4431 1840 4486 Π

1804 4431 1848 4486 D
1878 4454 2069 4507 mundo
2116 4455 2523 4517 renuntiarunt,
2561 4453 2800 4509 dicentes
2845 4471 2857 4506 :
2891 4431 3059 4517 Veni,
3097 4431 3434 4523 Domine,‘in

200 4553 409 4607 τούτων
431 4549 537 4604 τῶν
562 4549 659 4620 τὴν
688 4547 988 4603 ἀνάπαυσίν
1014 4564 1107 4600 σου
1138 4547 1429 4600 τελούντων
1463 4546 1564 4617 (5).

1463 4546 1564 4617 (5).
1876 4561 1969 4603 cor
2002 4547 2250 4609 istorum,
2281 4545 2372 4615 qui
2400 4546 2642 4615 requiem
2675 4554 2821 4599 tuam
2844 4544 3098 4599 elﬁeiunt.

278 4641 369 4697 15.
401 4641 473 4693 Σὺ
506 4638 648 4705 ἐλθὲ,
681 4639 775 4693 καὶ
802 4641 836 4710 ἡ
869 4639 1023 4710 χάρις
1054 4654 1154 4705 σου
1192 4638 1287 4692 σὺν
1329 4640 1440 4700 τοῖς
1476 4636 1651 4705 ἁγίοις
1683 4652 1775 4688 σου

1950 4636 2035 4691 15.
2070 4634 2201 4689 Veni
2237 4644 2327 4699 tu,
2372 4645 2426 4690 et
2456 4635 2627 4705 gratia
2662 4645 2753 4690 tua
2784 4652 2908 4691 cum
2950 4637 3205 4693 omnibus
3238 4638 3439 4693 sanctis

205 4736 396 4790 ⁸πᾶσιν.
1876 4728 2004 4784 tuis.

281 4825 369 4880 16.
411 4824 601 4894 Ἡμεῖς
632 4823 680 4876 ot
732 4824 893 4894 ἱερεῖς
926 4839 1019 4875 σου
1068 4819 1401 4892 ὲνδυσόμεθα
1439 4820 1516 4892 (6)
1560 4817 1649 4873 διὰ
1680 4819 1779 4890 τῆς

1949 4821 2039 4876 18.
2068 4820 2179 4877 Nos
2208 4822 2520 4878 sacerdotes
2568 4821 2645 4877 tui
2677 4820 2965 4877 induemur
3005 4837 3102 4892 per
3135 4821 3440 4877 doctrinam

206 4920 553 4984 διδασκαλίας
583 4919 802 4981 τούτους
820 4918 945 4982 τοὺς
966 4917 1063 4988 τῆς
1093 4915 1438 4986 δικαιοσύνης
1470 4914 1638 4978 υίούς.

741 4936 802 4981 υς
820 4918 945 4982 τοὺς
966 4917 1063 4988 τῆς
1093 4915 1438 4986 δικαιοσύνης
1470 4914 1638 4978 υἱούς.
1881 4913 1966 4969 his
1986 4914 2208 4984 justitia:
2235 4916 2377 4969 ﬁliis.

282 5013 370 5068 17.
404 5014 513 5066 Καὶ
558 5010 756 5075 πάντες
790 5012 838 5063 οἱ
868 5009 1085 5079 ἄγγελοί
1120 5025 1214 5061 σου
1244 5007 1340 5060 καὶ
1378 5009 1524 5061 πᾶσα
1558 5008 1590 5076 ἡ
1625 5005 1777 5058 ἀδελ-

1955 5005 2041 5059 17.
2071 5004 2138 5059 Ει
2182 5021 2373 5060 omnes
2421 5005 2595 5075 angeli
2646 5005 2746 5071 tui,
2801 5016 2855 5060 et
2900 5006 3078 5061 omnis
3131 5003 3441 5059 fraternitas

210 5107 384 5178 φότης
429 5104 840 5174 άγαλλιάσονται
875 5104 968 5156 ἐπὶ
1008 5105 1075 5174 τῇ
1119 5102 1369 5171 ἀποταγῇ
1420 5098 1625 5152 τούτων
1672 5096 1780 5150 τῶν

1877 5098 2227 5152 exsultabant
2254 5098 2305 5151 in
2337 5100 2735 5154 renuntiationc
2761 5116 2849 5152 seu
2871 5098 3193 5168 professione
3227 5097 3441 5161 horum,

212 5197 606 5270 προελθόντων.

1880 5189 1970 5259 qui
2002 5190 2073 5241 ad
2105 5192 2449 5243 monasticam
2483 5192 2643 5244 vitam
2672 5199 2951 5245 venerunt.

284 5287 373 5343 18.
419 5286 517 5341 Διά
562 5286 654 5339 τὸν
696 5284 853 5358 χορὸν
897 5286 985 5339 τὸν
1027 5284 1405 5357 πεπυοημένον
1457 5284 1565 5337 τῶν
1615 5283 1783 5351 ἁγίων

1952 5280 2038 5334 18.
2072 5280 2296 5350 Propter
2328 5283 2559 5337 chorum
2590 5283 2953 5337 desideratum
2983 5290 3296 5337 sanctorum
3331 5290 3427 5338 tuo

215 5397 311 5433 σου
330 5394 345 5408 ⁸
375 5370 553 5432 Audit?
579 5377 685 5450 γὰρ
718 5376 1074 5450 ἑρμηνεύεται
1104 5375 1537 5445 πεποθημένος.

1881 5388 2002 5425 rum
2038 5390 2053 5426 :
2086 5371 2256 5425 David
2284 5375 2426 5427 enim
2459 5374 2844 5446 interpretatur
2872 5374 3219 5427 desideratus.

1159 5512 1464 5575 Addenda
1496 5522 1556 5573 et
1603 5508 1977 5587 corrigenda
2015 5523 2093 5568 ex
2124 5507 2266 5569 cod.
2300 5507 2503 5569 Vatic.

284 5647 362 5717 (1)
403 5644 522 5699 Ἐπ’
553 5645 722 5701 deest.
1884 5649 1920 5689 e1

288 5718 368 5787 (‘2)
398 5717 508 5787 Τῆς
531 5716 773 5787 ύπακοῆς
796 5730 807 5743 '
836 5712 1068 5785 εἴπαμεν
1093 5711 1222 5784 γὰρ,
1244 5712 1325 5765 ὄτι
1351 5707 1569 5774 Ἰακώῦ,
1593 5715 1695 5763 etc.

1560 5715 1695 5774 ,αα
1884 5643 2032 5787 Ἥ)
2074 5703 2562 5787 Ῑὲκεελρύνῑωνο.
2730 5773 2753 5787 .
2902 5774 2926 5787 -
3049 5775 3061 5787 .
3174 5772 3196 5785 .

311 5729 368 5782 ‘2)
398 5729 508 5787 ἰἠς
531 5729 773 5786 υπακοης
796 5730 807 5743 ’
836 5729 1068 5785 ειπαμεν
1093 5729 1222 5784 γάρ,
1244 5729 1325 5765 οτι
1356 5729 1569 5774 ἰακωο,
1593 5729 1695 5763 CIC.
1955 5729 2032 5776 (υ)
2095 5729 2489 5759 ιυκτεΑουντων.
3174 5772 3197 5785 .

285 5729 365 5859 (ᾗ)
394 5786 649 5859 Ῑοιαύτη,
672 5797 773 5840 etc.
952 5852 963 5859 _
1075 5853 1087 5859 _
1169 5852 1196 5859 Α
1236 5851 1248 5859 _
1342 5854 1356 5859 _
1494 5848 1509 5859 Δ
1701 5847 1713 5859 ⁸
1947 5774 2435 5858 (ὀλᾞνδυσόμεθα
2475 5773 2693 5839 τούτους
2724 5773 2771 5830 δ.
2815 5791 2866 5830 τ.
2897 5774 2944 5831 δ.
2984 5775 3109 5839 τοὺς
3142 5790 3237 5844 της
3269 5771 3318 5829 δ.
3346 5770 3444 5829 αὖ·

289 5844 369 5929 (ι)
398 5844 828 5929 Εὖραμε’ν,νεις.,
875 5852 1007 5925 πρὸς
1042 5853 1131 5907 τὸν
1162 5851 1314 5918 Θεὸν,
1336 5848 1601 5905 ’τουτέστι
1624 5847 1771 5911 τούς.
1882 5844 1975 5899 τοῦ
2009 5844 2175 5908 υἱούς.
