4142 6472
753 411 886 468 1251

823 538 909 593 19.
941 532 1061 590 Non
1094 545 1304 590 avertas
1334 532 1526 587 faciem
1555 533 1755 588 Christi
1787 536 1891 590 tui.

820 628 910 684 20.
939 627 1148 684 Juravit
1172 628 1435 681 Dominus
1463 626 1627 680 David
1660 626 1964 688 veritatem.

822 721 909 773 2|.
948 719 1010 773 Et
1039 736 1143 773 non
1184 719 1532 773 frustrabitur
1558 734 1675 772 eam
1705 717 1877 789 [eum]
1921 737 1932 770 :

823 813 911 865 22.
944 812 1020 867 De
1068 812 1246 865 fructu
1299 813 1502 867 ventris
1551 811 1629 865 tui
1675 826 1872 880 ponam
1925 824 2084 878 super
2135 808 2316 863 sedem

754 911 924 958 tuam.

821 997 912 1050 25.
945 994 1000 1048 Si
1032 993 1381 1050 custodierint
1420 993 1511 1046 lilii
1555 992 1632 1046 tui
1663 1001 2040 1046 testamentum
2077 1005 2275 1053 meum,

823 1089 912 1142 2i.
946 1088 1010 1141 Et
1042 1088 1346 1141 testimonia
1378 1102 1498 1140 mea
1531 1088 1665 1147 hac,
1697 1100 1815 1152 qua:
1838 1085 2039 1137 docebo
2072 1099 2187 1147 eos,

824 1179 914 1234 25.
950 1179 1014 1232 Et
1055 1179 1148 1232 lilii
1197 1193 1386 1232 eorum
1435 1192 1608 1244 usque
1655 1175 1706 1228 in
1760 1175 2016 1229 saeculum
2058 1173 2318 1228 sedebunt

756 1287 917 1339 super
946 1270 1123 1324 sedem
1159 1278 1329 1323 tuam.

823 1360 910 1413 26.
944 1359 1209 1424 Quoniam
1238 1356 1397 1426 elegit
1431 1353 1691 1408 Dominus
1718 1350 1848 1405 Sion
1883 1365 1897 1402 :

822 1455 912 1507 27.
942 1453 1112 1523 Elegit
1139 1468 1254 1505 eam
1288 1452 1339 1503 in
1369 1449 1753 1502 habitationem
1783 1446 1903 1499 sibi.

821 1545 910 1598 28.
946 1545 1070 1598 llaec
1099 1544 1311 1611 requies
1345 1557 1463 1594 mea
1498 1541 1550 1593 in
1581 1538 1837 1593 szeculum
1875 1536 2054 1590 smculi
2091 1550 2106 1600 ;

822 1635 913 1688 29.
953 1633 1048 1688 llic
1077 1633 1348 1698 habitabo,
1379 1630 1639 1700 quoniam
1681 1629 1814 1696 elegi
1851 1643 1992 1683 eam.

822 1727 912 1780 50.
942 1725 1166 1779 Viduam
1204 1726 1321 1795 ejus
1356 1723 1681 1777 benedicens
1708 1720 2018 1774 benedicam
2054 1732 2068 1768 :

823 1818 912 1872 51.
943 1817 1211 1886 Pauperes
1241 1817 1360 1886 ejus
1393 1814 1650 1870 saturabo
1681 1813 1931 1882 panibus.

827 1910 917 1963 52.
947 1909 1265 1964 Sacerdotes
1297 1908 1415 1977 ejus
1443 1905 1662 1960 induam
1694 1903 1940 1966 salutari,

827 2002 915 2054 '55.
951 2001 1012 2054 Et
1042 2001 1209 2056 sancti
1237 2000 1355 2069 ejus
1390 1997 1751 2053 exsultatione
1776 1994 2143 2050 exsultabunt.

828 2093 912 2149 54.
945 2093 1074 2148 Illuc
1101 2093 1390 2164 producam
1427 2106 1593 2146 cornu
1628 2089 1793 2143 David
1831 2106 1842 2139 :

1600 405 1658 462 S.
1697 405 2065 460 ATHANASH
2108 405 2257 461 OPP.
2301 405 2479 460 PARS
2519 404 2604 460 Ill.
2645 435 2713 445 —
2753 401 3158 459 EXEGETICA.

2339 538 2386 593 Α
2483 531 2568 585 19.
2594 532 2682 602 Μὴ
2709 528 3055 600 ἀποστρέψῃς
3083 526 3142 578 τὸ
3167 523 3455 592 πρόσωπον
3479 516 3576 571 τοῦ
3603 510 3847 588 Χριστοῦ
3878 529 3982 565 σου.

3856 392 3984 446 1252

2491 622 2579 675 20.
2612 622 2812 691 Ὠμοσε
2846 620 3046 690 Κύριος
3078 618 3153 687 τῷ
3182 614 3341 668 Δαϐὶδ
3371 610 3654 681 ἀλήθειαν,

2490 714 2577 765 21.
2607 713 2716 764 Καὶ
2746 713 2805 763 ού
2838 711 2912 782 μὴ
2937 711 3186 778 άθετήσει
3213 707 3380 774 αὐτήν
3409 699 3641 773 [αὑτόν]-

2490 806 2578 858 22.
2623 807 2716 858 Ἐκ
2744 802 2955 873 καρποῦ
2999 802 3097 871 τῆς
3138 798 3341 860 κοιλίας
3379 812 3470 848 σου
3505 793 3747 862 θήσομαι
3779 786 3872 841 ἐπὶ
3901 785 3985 838 τοῦ

2425 898 2607 970 Θρόνου
2637 916 2748 950 σου.

2491 990 2578 1042 25.
2614 989 2736 1040 Ἐὰν
2766 985 3099 1056 φυλάξωνται
3121 985 3170 1035 οἱ
3194 981 3296 1033 υἱοί
3325 996 3415 1032 σου
3450 979 3547 1048 τὴν
3574 973 3847 1042 διαθήκην
3877 988 3985 1038 μου,

2491 1080 2578 1133 24.
2612 1079 2718 1130 Καὶ
2743 1079 2807 1129 τὰ
2842 1075 3112 1146 μαρτύριά
3148 1089 3244 1142 μου
3277 1069 3466 1126 ταῦτα,
3491 1068 3525 1119 δι
3549 1063 3751 1125 διδάξω
3783 1061 3986 1117 αὐτοὺς,

2491 1165 2578 1219 25.
2613 1165 2720 1218 Καὶ
2763 1167 2810 1216 οἱ
2853 1165 2956 1216 υἱοὶ
2983 1163 3157 1214 αὐτῶν
3184 1161 3288 1222 ἓως
3321 1157 3414 1210 τοῦ
3446 1155 3642 1214 αἰῶνος
3677 1148 3986 1204 καϐιοῦιδται

2424 1257 2515 1308 ἐπὶ
2548 1255 2640 1308 τοῦ
2667 1255 2854 1326 Ορὸνου
2891 1271 3005 1306 σου.

2491 1348 2579 1400 26.
2617 1349 2736 1399 Ὅτι
2767 1346 3042 1410 ἐξελέξατο
3074 1344 3272 1414 Κύριος
3301 1341 3398 1411 τὴν
3423 1335 3579 1390 Σιών·

2492 1439 2581 1492 27.
2629 1438 2941 1508 ᾘρετίσατο
2971 1434 3138 1504 αὐτὴν
3166 1436 3242 1496 εἰς
3265 1429 3546 1484 κατοικίαν
3579 1422 3784 1492 ἐαυτῷ.

2492 1531 2580 1585 28.
2609 1531 2752 1599 Λύτη
2785 1531 2816 1598 ἡ
2851 1527 3187 1587 κατάπαυσίς
3220 1542 3318 1593 μου
3353 1525 3430 1585 εἰς
3454 1520 3626 1572 αἰῶνα
3654 1515 3888 1575 αἱῶνος’

2492 1621 2579 1674 29.
2618 1614 2741 1671 Ὠδε
2770 1619 3097 1688 κατοικήσω,
3128 1618 3208 1666 ὅτι
3243 1612 3575 1684 ᾑρετισάμην
3610 1607 3805 1675 αὐτὴν.

2493 1713 2579 1766 '50.
2609 1711 2717 1780 Τὴν
2748 1710 2917 1778 χήραν
2942 1708 3108 1776 αὐτῆς
3132 1703 3365 1771 εὐλογῶν
3397 1701 3677 1768 εὐλογήσω
3696 1713 3710 1725 ·

2493 1805 2576 1856 51.
2617 1802 2754 1863 Τοὺς
2786 1800 3032 1868 πτωχοὺς
3058 1798 3222 1866 αὐτῆς
3249 1794 3498 1865 χορτάσω
3523 1793 3730 1859 άρτων.

2349 1906 2389 1959 Β
2487 1894 2574 1947 '52.
2609 1893 2744 1953 Τοὺς
2774 1892 2935 1960 ἱερεῖς
2961 1888 3126 1956 αὐτῆς
3155 1885 3356 1937 ἐνδύσω
3393 1881 3692 1951 σωτηρίαν,

2495 1987 2582 2038 55.
2621 1985 2728 2036 Καὶ
2758 1984 2807 2034 οἱ
2838 1983 2972 2034 ὅσιοι
2999 1979 3165 2048 αὐτῆς
3202 1976 3516 2043 ἀγαλλιάσει
3547 1967 3982 2040 ἀγαλλιάσονται.

2494 2081 2580 2134 54.
2630 2079 2774 2131 Ἐκεῖ
2803 2073 3105 2142 ἐξανά-τελῶ
3134 2072 3301 2142 κέρας
3326 2068 3402 2139 τῷ
3433 2066 3620 2120 Δαϐίδ.

1873 2292 2240 2350 ATHANASII
2281 2286 2867 2345 INTERPRETATIO.

827 2509 911 2563 19.
947 2507 1061 2561 Νοη
1092 2505 1307 2562 auferas
1337 2521 1365 2558 a
1396 2505 1547 2558 nobis
1575 2503 1800 2574 gratiam
1831 2500 1952 2555 Filii
1983 2501 2085 2555 tui.

824 2600 914 2665 20,
945 2600 1034 2654 21.
1077 2599 1144 2652 lis
1190 2598 1378 2659 rebus,
1427 2613 1561 2665 quas
1595 2596 1839 2665 promisit
1886 2592 2148 2645 Dominus
2195 2590 2321 2644 dili-

754 2691 1004 2763 gentibus
1041 2706 1098 2744 se
1121 2731 1135 2753 ,
1189 2704 1296 2742 non
1333 2688 1566 2757 privabit
1599 2701 1692 2740 cos
1719 2701 1732 2737 ε
1763 2684 1932 2737 David
1977 2684 2120 2737 enim
2158 2683 2323 2737 inter-

754 2790 1000 2854 pretatur
1029 2781 1276 2833 dilectus.

826 2873 914 2928 22.
946 2873 1063 2926 Filii
1097 2872 1283 2935 vestri,
1318 2887 1455 2942 quos
1486 2871 1677 2940 parilis
1721 2885 1815 2941 per
1847 2869 2072 2940 gratiam
2120 2883 2317 2931 meam,

757 2966 859 3036 ipsi
915 2965 1307 3019 lmreditabunt
1361 2978 1586 3032 regnum
1648 2963 1909 3015 cmlorum
1967 2978 1979 3011 :
2028 2960 2142 3013 lmc
2194 2959 2323 3013 dicit

756 3057 1006 3112 omnibus
1037 3054 1358 3124 praesidibus
1392 3054 1804 3104 monachorum.

824 3147 914 3208 23,
957 3145 1048 3197 24.
1095 3144 1198 3209 Qui
1249 3143 1350 3195 sub
1401 3150 1662 3210 potestate
1715 3153 1842 3195 sunt
1889 3141 2322 3210 uniuscujusque

755 3247 1032 3303 vestrum,
1085 3237 1128 3290 si
1181 3235 1411 3288 habeant
1461 3236 1515 3288 in
1560 3235 1724 3288 corde
1779 3250 1878 3288 suo
1939 3243 2320 3288 testamentum

2490 2498 2574 2552 19.
2601 2497 2690 2566 Μὴ
2714 2492 3007 2564 ἀντανὲλῃς
3028 2489 3119 2558 ἀφ’
3137 2485 3291 2558 ἡμῶν
3313 2483 3410 2554 τὴν
3427 2482 3587 2552 χάριν
3610 2478 3707 2533 τοῦ
3730 2476 3862 2530 Υἱοῦ

2487 2587 2576 2648 20,
2607 2565 2694 2638 21.
2729 2586 2795 2636 Ἀ
2825 2579 3185 2652 ἐπηγγείλατο
3225 2579 3253 2628 ὁ
3304 2573 3509 2643 Κύριος
3550 2573 3665 2631 τοῖς
3711 2565 3987 2635 ἀγαπῶσιν

2420 2678 2602 2737 αὐτὸν,
2638 2677 2696 2727 οὺ
2731 2677 2802 2746 μὴ
2848 2673 3080 2744 στερήσῃ
3110 2666 3303 2729 αὐτούς
3346 2665 3446 2736 (1).
3479 2660 3659 2715 Δαϐὶδ
3683 2661 3795 2730 γάρ
3827 2660 3985 2726 ἑρμη-

2419 2765 2627 2820 νεύεται
2655 2765 2976 2834 ἀγαπητός.

2489 2857 2578 2911 22.
2609 2854 2689 2908 Τὰ
2737 2854 2905 2907 τέκνα
2949 2850 3135 2920 ὑμῶν,
3179 2848 3216 2901 ἃ
3258 2847 3467 2900 τίκτε-τε
3508 2844 3596 2897 διὰ
3629 2843 3731 2913 τῆς
3779 2839 3984 2911 χάριτός

2421 2967 2541 3023 μου,
2587 2948 2722 3002 αὐτὰ
2756 2944 3215 3016 κληρονομήσουσι
3247 2940 3347 3010 τὴν
3390 2937 3667 3007 βασιλείαν
3690 2935 3802 2986 τῶν
3835 2934 3985 3003 οὖρα-

2417 3046 2539 3099 νῶν·
2571 3042 2742 3096 ταῦτα
2777 3040 2908 3112 πρὸς
2939 3038 3165 3090 ’ἑκαστον
3193 3033 3299 3086 τῶν
3327 3030 3648 3102 ἡγουμένων
3684 3029 3859 3095 λέγει.

2487 3137 2577 3199 23,
2620 3135 2713 3188 24.
2763 3133 2838 3202 (2)
2879 3130 3004 3184 Ἐὰν
3048 3123 3158 3182 οἶόν
3195 3144 3255 3179 τε
3287 3125 3389 3178 ὑπὸ
3411 3123 3509 3194 τὴν
3539 3124 3700 3193 χεῖρα
3729 3120 3847 3179 ἑνὸς
3875 3116 3984 3168 Exa-

2424 3246 2546 3282 στου
2574 3225 2726 3296 ὑμῶν
2756 3224 2948 3293 ἔχωσιν
2985 3223 3041 3272 ἐν
3071 3223 3134 3290 τῇ
3170 3219 3366 3290 καρδία
3395 3215 3572 3269 αὐτῶν
3597 3214 3699 3283 τὴν
3739 3210 3986 3280 διαθήκην

758 3346 960 3395 meum,
995 3341 1047 3384 et
1092 3330 1190 3383 bas
1236 3343 1383 3382 meas
1431 3328 1747 3396 passiones,
1801 3341 1938 3395 quas
1988 3334 2046 3378 ut
2087 3325 2318 3389 discant,
2348 3303 2389 3361 (ἶ
2427 3339 2460 3392 μ

2427 3337 2547 3392 μου,
2578 3319 2670 3372 καὶ
2699 3316 2763 3369 τὰ
2796 3311 3093 3383 παθήματά
3124 3328 3223 3381 μου
3249 3309 3422 3361 ταῦτα
3442 3348 3456 3371 ,
3483 3307 3519 3360 ἃ
3551 3306 3778 3374 φωτίσω
3807 3302 3986 3358 αὐτοὺς

756 3439 851 3478 eos
880 3423 1126 3476 illumino
1159 3421 1328 3490 gratia
1359 3434 1515 3481 mea;

829 3517 918 3568 25.
958 3515 1020 3567 Et
1052 3515 1104 3566 in
1141 3515 1529 3582 sempiternum
1556 3526 1718 3580 opera
1750 3510 1976 3581 justitiaz
2016 3524 2203 3564 eorum
2233 3525 2322 3564 re-

761 3607 1021 3676 gnabunL

829 3701 916 3756 26.
949 3700 1214 3766 Quoniam
1243 3698 1399 3768 elegit
1426 3697 1689 3753 Dominus
1715 3713 1810 3751 eor
1835 3696 2037 3750 faciens
2060 3704 2321 3764 praecepta

759 3808 904 3848 sua:
939 3791 1067 3845 Sion
1117 3791 1261 3843 enitn
1311 3790 1697 3858 interpretatur
1743 3784 1990 3854 specula,
2037 3785 2194 3853 quale
2243 3789 2324 3836 est

759 3903 876 3942 COI'.

829 3977 917 4030 27.
950 3974 1008 4029 In
1042 3975 1133 4028 tali
1164 3973 1325 4029 corde
1352 3973 1578 4028 libenter
1613 3969 1936 4024 tnhabitabit
1958 3967 2120 4022 Deus.

826 4157 915 4211 28.
948 4154 1304 4224 Requiescam
1338 4153 1391 4207 iu
1427 4152 1522 4206 tali
1562 4151 1744 4215 corde,
1772 4156 1824 4203 et
1864 4163 2029 4212 nunc,
2061 4155 2115 4202 et
2147 4145 2200 4200 in
2235 4143 2320 4198 fu-

761 4259 881 4304 turo
914 4250 1130 4304 sarculo.

827 4344 917 4398 29.
951 4342 1002 4394 ln
1053 4343 1168 4410 ipso
1208 4337 1543 4400 inbabitabo,
1575 4345 1628 4390 et
1664 4333 2032 4398 inambulaho,
2062 4332 2320 4402 quoniam

758 4432 918 4487 dilexi
950 4431 1100 4483 illttd.

828 4522 914 4576 30.
951 4522 1078 4590 Ejus
1109 4518 1531 4590 hospitalitatem
1566 4515 1893 4570 benedicens
1923 4513 2261 4567 benedicam.

829 4614 889 4668 3|
952 4612 1414 4668 Mansuetudinem
1454 4610 1594 4679 ejus,
1645 4616 1699 4661 et
1744 4606 2020 4660 silentium
2065 4605 2320 4659 saturabo

748 4709 990 4783 ,eloquiis
1021 4708 1178 4761 meis.

829 4804 916 4860 32.
949 4800 1363 4872 Deprecationes
1394 4797 1531 4867 ejus,
1579 4801 1631 4848 et
1675 4792 2096 4863 supplicationes
2148 4792 2320 4847 salute

759 4896 1128 4951 circumdabo.

827 4991 915 5044 '53.
946 4989 1009 5042 Et
1038 5003 1199 5057 opera
1231 4986 1350 5056 ejus
1381 4983 1727 5040 immaculata
1766 4982 1820 5034 in
1856 4995 2023 5050 regno
2053 4980 2317 5034 cmlorum

759 5081 1125 5136 exsultabunl.

828 5174 916 5227 54.
948 5173 1003 5225 In
1049 5187 1279 5241 superna
1323 5168 1629 5226 Jerusalem
1677 5166 1923 5221 excitabo
1977 5180 2201 5235 regnum
2263 5163 2317 5216 in

759 5266 956 5334 populo
984 5265 1288 5320 desiderato
1317 5281 1330 5316 :
1367 5262 1532 5316 David
1576 5261 1720 5316 enim
1765 5261 2150 5330 interpretatur
2175 5257 2316 5310 desi-

760 5367 924 5414 ratus.

2426 3415 2618 3467 εἰδέναι
2651 3412 2737 3464 διὰ
2766 3411 2864 3479 τῆς
2896 3408 3116 3480 χάριτός
3143 3423 3265 3477 μου.

2493 3503 2582 3556 25.
2611 3503 2719 3554 Καὶ
2747 3500 2814 3553 τὰ
2843 3499 2978 3570 ἔργα
3020 3499 3117 3569 τῆς
3158 3491 3500 3562 δικαιοσύνης
3533 3488 3714 3542 αὐτῶν
3755 3482 3985 3556 βασιλεύο

2427 3614 2577 3650 σουσι
2607 3594 2994 3663 άτελευτήτως.

2490 3683 2580 3737 26.
2615 3685 2732 3737 Ὅτι
2769 3680 3045 3746 ἐξελέξατο
3071 3679 3274 3751 Κύριος
3319 3674 3544 3746 καρδίαν
3588 3673 3688 3742 τὴν
3743 3669 3985 3722 ποιοῦσιν

2422 3778 2518 3841 τάς
2552 3776 2768 3838 ἐντολὰς
2790 3773 2953 3827 αὐτοῦ
2974 3790 2988 3804 ο
3025 3771 3177 3826 Σιὼν
3208 3769 3316 3838 γὰρ
3346 3763 3708 3837 ἑρμηνεύεται
3735 3777 3982 3814 σκωπευ-

2421 3870 2644 3938 τήριον,
2673 3869 2806 3935 ὅπερ
2831 3866 2978 3916 ἐστὶν
3012 3866 3044 3934 ἡ
3075 3860 3289 3932 καρδία.

2491 3962 2579 4015 27.
2606 3961 2694 4013 Ἐν
2734 3961 2800 4029 τῇ
2849 3956 3070 4027 τοιαύτῃ
3114 3952 3313 4024 καρδία
3348 3950 3519 4021 ἡδέως
3559 3947 3831 4016 ἐνοικήσει
3870 3942 3984 4004 (5)ὁ

2422 4055 2573 4118 Θεός.

2492 4148 2581 4202 28.
2622 4144 3024 4214 Ἀναπαύσομαι
3053 4143 3108 4194 ὲν
3133 4143 3201 4212 τῇ
3233 4137 3456 4210 τοιαύτῃ
3483 4133 3682 4204 καρδία
3710 4133 3805 4184 καὶ
3833 4131 3888 4181 ὲν
3918 4127 3984 4195 τῷ

2421 4242 2534 4305 νῦν,
2571 4241 2664 4293 καὶ
2697 4242 2751 4292 ὲν
2778 4237 2854 4306 τῷ
2891 4236 3132 4308 μέλλοντι
3167 4232 3341 4285 αἰῶνι.

2491 4332 2578 4384 29.
2619 4331 2708 4382 Ἐν
2747 4329 2881 4397 αὐτῇ
2930 4324 3237 4394 ὲνοικήσω,
3273 4321 3366 4372 καὶ
3408 4316 3866 4388 ἐμπεριπατήσω,
3909 4312 3980 4362 ὅτι

2422 4421 2683 4492 ἠγάπησα
2710 4419 2878 4486 αὑτήν

2491 4514 2579 4567 30.
2613 4513 2684 4564 Τὸ
2722 4510 2992 4580 φιλόξενον
3016 4507 3184 4576 αὐτῆς
3215 4502 3450 4571 εὐλογῶν
3477 4498 3773 4569 εὐλογήσω.

2493 4606 2579 4659 51.
2607 4605 2680 4657 Τὸ
2707 4605 2879 4675 πρᾶον
2909 4601 3076 4671 αὐτῆς
3109 4599 3202 4652 καὶ
3227 4596 3450 4668 ἡσύχιον
3491 4593 3740 4666 χορτάσω
3775 4590 3877 4642 τῶν
3904 4589 3979 4641 λο-

2424 4698 2556 4767 γίων
2589 4714 2709 4765 μου.

2496 4791 2584 4844 52.
2619 4789 2728 4851 Τὰς
2756 4786 2968 4857 δεήσεις
2996 4784 3185 4852 αὐτῆς,
3215 4780 3308 4832 καὶ
3337 4778 3547 4840 ἱκεσίας
3583 4772 3854 4846 περιϐαλῶ
3888 4788 3980 4824 σω·

2425 4883 2639 4954 τηρίαν.

2495 4974 2582 5029 53.
2616 4973 2724 5027 Καὶ
2751 4972 2816 5025 τὰ
2855 4970 2989 5043 ἔργα
3025 4969 3194 5038 αὐτῆς
3222 4965 3291 5019 τά
3324 4965 3532 5035 ἄμωμα
3574 4962 3634 5015 ἑν
3659 4963 3725 5031 τῇ
3755 4955 3979 5029 βασιλείᾳ

2421 5069 2533 5122 τῶν
2562 5066 2803 5138 οὐρανῶν
2828 5062 3264 5132 άγαλλιάσονται.

2493 5162 2583 5217 54.
2625 5163 2711 5213 Ἐν
2741 5161 2805 5227 τῇ
2848 5159 2960 5212 ἄνω
2997 5150 3350 5226 Ἰερουσαλὴμ
3388 5146 3696 5214 ἐξανατελῶ
3727 5151 3820 5215 τὴν
3847 5142 3978 5213 βασι·

2421 5255 2567 5307 λείαν
2590 5255 2666 5323 τῷ
2693 5250 2806 5320 λαῷ
2830 5249 2907 5319 τῷ
2933 5246 3299 5318 πεποθημένῳ
3319 5261 3332 5274 ·
3362 5241 3544 5296 Δαὸὶδ
3571 5241 3680 5311 γὰρ
3707 5235 3978 5310 ἑρμηνεύεδ

2420 5365 2506 5399 ται
2541 5342 2971 5412 πεποθημὲνος.

1711 5574 2013 5637 Addenda
2047 5581 2107 5634 et
2137 5567 2520 5648 corrigenda.
2556 5584 2633 5626 ex
2666 5563 2805 5626 cod.
2844 5559 3040 5621 Vatic.

829 5765 906 5830 (ι)
936 5763 1123 5826 Αὐτόν,
1148 5772 1252 5819 etc.
1717 5811 1734 5831 ,

830 5828 907 5904 (2)
938 5833 999 5886 N.
1033 5835 1122 5888 23.
1162 5836 1283 5889 Ἐὰν
1316 5833 1363 5887 οἱ
1399 5834 1541 5897 ὂντας
1573 5832 1694 5892 ὑπό.
1717 5828 1825 5888 etc.
1858 5831 1919 5885 Ν.
1946 5830 2034 5885 21.
2072 5829 2178 5884 Καὶ
2229 5828 2294 5882 τὶ

2423 5752 2718 5825 παθήματά
2754 5767 2872 5825 μου,
2906 5758 3004 5802 etc.

2476 5824 2563 5896 (ὃ)
2602 5824 2849 5884 Ἐνοικεῖ,
2878 5830 2999 5894 etc.‘
