4142 6480
753 405 890 458 1255

1593 403 1646 454 S.
1684 399 2052 455 ATHANASII
2091 398 2241 455 OPP.
2284 396 2465 452 PARS
2504 395 2588 453 Ill.
2628 427 2697 439 —
2731 397 3137 456 EXEGETICA.

3844 407 3963 462 1256

1865 519 2236 575 ATIIANASII
2277 514 2853 572 INTERPRETATIO.

748 637 947 699 Aaron,
984 636 1055 689 ita
1105 644 1254 699 sunt,
1287 644 1340 690 et
1371 651 1459 705 qut
1503 636 1703 689 mundo
1748 638 2043 691 morientes
2078 637 2178 706 ipsi
2221 652 2303 689 re-

2408 629 2627 701 ὲχρίσθη
2679 628 2904 700 Ἀαρὼν,
2937 626 3107 691 οὕτως
3134 629 3239 681 είσὶ
3265 631 3359 682 καὶ
3396 630 3445 681 οε
3484 629 3886 706 ἀποταξάμενοι
3906 635 3969 701 τῷ

749 729 1083 789 nuntiarunt,
1102 736 1155 779 et
1182 728 1460 779 unanimes
1486 735 1631 779 sunt.
1654 724 1786 779 Nam
1816 728 1941 779 illml
1972 742 2300 797 unguentum

747 820 1170 888 componebatur
1193 834 1256 871 ex
1286 819 1523 889 myrrha,
1551 827 1604 871 et
1630 818 1994 881 cinnamomo,
2018 828 2070 872 et
2098 820 2305 872 calamo

749 910 882 963 bene
915 911 1099 970 olenti,
1130 919 1181 963 et
1205 910 1337 963 iride
1367 910 1441 980 (ο)
1468 929 1480 965 :
1509 912 1620 964 haec
1649 911 1795 963 enim
1846 913 2213 964 miscebantur
2249 912 2301 964 in

748 1002 885 1065 oleo,
916 1012 1074 1069 atque
1105 1002 1171 1053 ita
1204 1002 1362 1054 Iiebat
1387 1011 1717 1068 unguentum
1751 1009 2169 1069 unguentorum,
2195 1017 2303 1070 quo

748 1093 1048 1161 ungebatur
1090 1093 1360 1152 sacerdos,
1389 1108 1510 1145 eum
1541 1092 1854 1145 initiabatur
1900 1094 1965 1145 ad
2001 1108 2152 1145 saera
2194 1092 2303 1144 Deo

748 1182 989 1235 facienda
1018 1200 1029 1233 :
1065 1182 1133 1234 ita
1178 1182 1320 1233 enim
1353 1190 1680 1249 praeceperat
1718 1181 1858 1235 Deus
1888 1180 2053 1250 Moysi
2083 1183 2134 1235 in
2163 1184 2302 1237 libro

746 1270 915 1325 Exodi
941 1272 1004 1325 ".
1031 1271 1246 1340 Myrr/ia
1284 1272 1444 1342 igitur
1492 1275 1871 1341 intelpretatur
1914 1285 2186 1325 concentus
2220 1290 2303 1325 εο-

748 1380 895 1428 rum;
924 1366 1307 1417 cinnamomum
1337 1376 1512 1417 autem
1548 1368 1799 1423 possessio
1824 1364 2193 1425 immaculata;
2217 1383 2304 1417 ca-

749 1456 917 1508 lamus
942 1470 1068 1508 vero
1092 1456 1383 1506 benevolens
1408 1464 1485 1507 est
1509 1451 1741 1521 Spiritus
1772 1464 2004 1507 sanctus.
2044 1452 2302 1507 Dominus

746 1547 887 1598 enim
924 1546 1135 1611 inquit:
1170 1545 1375 1612 Lingua
1422 1561 1531 1596 mea
1573 1544 1809 1597 calamus
1855 1545 2040 1599 scriba:
2064 1545 2304 1598 velociter

745 1638 1019 1690 scribentis
1051 1637 1117 1701 ⁸⁸,
1147 1636 1350 1689 scilicet
1396 1634 1659 1703 Spiritus;
1693 1637 1783 1688 iris
1820 1650 1998 1689 autem
2041 1638 2304 1707 interpre-

746 1737 889 1781 tatur
922 1728 1217 1797 vigilantia.
1247 1726 1320 1780 lta
1355 1728 1518 1796 igitur
1550 1728 1710 1779 etiam
1761 1727 1844 1779 isti
1887 1728 2174 1795 compositi
2209 1744 2304 1780 ex-

746 1818 974 1881 sistunt,
1013 1817 1415 1880 renuntiantes,
1460 1818 1702 1884 inquam,
1748 1818 1948 1871 mundo
2003 1817 2300 1871 secundum

746 1907 934 1971 Deum,
963 1917 1177 1976 propter
1207 1922 1393 1961 eorum
1430 1917 1772 1969 concentum,
1804 1907 1946 1976 quod
1983 1909 2301 1977 interpreta-

2406 724 2592 791 κόσμῳ
2614 720 3024 783 καταθανόντες,
3058 722 3150 772 καὶ
3175 722 3221 772 οἱ
3252 720 3405 783 ὀντες
3458 722 3746 790 ὁμὸψυχοι.
3788 704 3971 775 Ἐκεῖνο

2401 814 2507 882 γὰρ
2531 813 2589 864 τὸ
2625 811 2791 882 μύρον
2817 812 3215 863 κατεσκεύαστο
3246 812 3351 863 ἀπὸ
3381 810 3650 882 σμύρνης,
3684 812 3782 863 καὶ
3803 830 3969 863 κιννα-

2407 904 2615 973 μώμου,
2645 906 2738 956 καὶ
2764 903 3009 971 καλάμου
3043 902 3295 965 εὐώδους,
3330 903 3424 954 καὶ
3490 902 3673 972 ἴρεως·
3731 903 3969 971 ἐμίγνυτο

2400 996 2507 1065 γὰρ
2539 994 2708 1047 ταῦτα
2733 996 2788 1045 ὲν
2822 992 3007 1061 ἐλαίῳ,
3054 991 3148 1044 καὶ
3200 992 3406 1058 ἐγίνετο
3455 990 3625 1061 μύρον
3664 990 3965 1059 μυρεψικὴν

2400 1087 2491 1138 καὶ
2514 1086 2686 1155 τούτῳ
2716 1084 2965 1155 ἐχρίσατο
2988 1086 3015 1136 ὁ
3041 1084 3234 1151 ἱερεὺς,
3257 1084 3381 1136 ὅταν
3404 1081 3818 1152 προεχειρίζετο
3846 1084 3969 1149 ἱερα-

2400 1176 2571 1229 τεύειν
2600 1177 2676 1246 τῷ
2704 1176 2839 1245 Θεῷ·
2874 1175 3014 1227 οὕτω
3046 1176 3152 1244 γὰρ
3189 1170 3255 1243 ἦν
3302 1173 3612 1243 προστάξας
3660 1175 3689 1224 ὁ
3722 1172 3855 1234 Θεὸς
3909 1172 3969 1239 τῷ

2399 1270 2622 1322 Μωῦσεί
2653 1271 2708 1320 ὲν
2738 1272 2802 1337 τῇ
2845 1266 3007 1335 βίϐλῳ
3053 1267 3150 1335 τῆς
3191 1264 3419 1330 Ἐξόδου.
3462 1262 3864 1334 Ἐρμηνεύεται
3894 1258 3967 1313 οἷν

2401 1362 2636 1429 σμύρνα
2646 1360 2906 1428 μελῳδία
2921 1356 3133 1411 αὐτῶν
3154 1356 3528 1425 κιννάμωμον
3539 1357 3597 1408 δὲ
3616 1355 3967 1426 ἑρμηνεύεται

2400 1452 2593 1515 κτίσις
2615 1451 2870 1517 ἄμωμος·
2893 1448 3158 1517 κάλαμος
3176 1448 3231 1501 δὲ
3263 1446 3489 1513 εὐώδης
3512 1448 3631 1498 ἐστὶ
3652 1447 3723 1499 τὸ
3747 1447 3969 1513 Πνεῦμα

2400 1540 2464 1591 τὸ
2503 1539 2689 1607 (ig-tor"
2739 1541 2767 1592 ὁ
2816 1539 2925 1609 γὰρ
2980 1538 3183 1610 Κύριός
3222 1553 3407 1606 φησιν’
3466 1538 3536 1591 ’ῐΙ
3573 1536 3835 1605 γλῶσσά
3867 1554 3968 1605 μου

2400 1629 2668 1697 κάλαμος
2723 1630 3097 1698 γραμματέως
3157 1627 3534 1698 ὀξυπράφου,
3608 1628 3861 1680 τουτέστι
3921 1628 3969 1679 τὺ

2402 1719 2639 1790 Πνεῦμα·
2684 1720 2878 1787 ιερέως
2912 1716 3065 1791 [ἶρις]
3115 1721 3171 1772 δὲ
3194 1721 3549 1792 ἑρμηνεύεται
3595 1723 3965 1788 Tan-emere.

2401 1810 2584 1874 Οὕτως
2605 1809 2696 1864 οῦν
2724 1813 2817 1864 καὶ
2840 1807 2983 1865 οὗτοι
3014 1812 3309 1882 ὑπάρχουσι
3340 1800 3713 1881 συγκείμενοι,
3757 1812 3896 1879 λέγω
3918 1812 3967 1877 δὴ

2401 1904 2449 1953 οἱ
2503 1902 2897 1972 ἀπο-ταξάμενοι
2951 1902 3088 1955 κατὰ
3137 1901 3267 1954 θεὸν
3314 1902 3400 1953 διὰ.
3451 1902 3726 1971 μελῳδίας
3778 1902 3967 1959 αὐτῶν.

745 2009 831 2051 tur
862 1998 1100 2066 myrrha;
1132 2006 1184 2049 et
1218 2006 1433 2065 prepter
1483 1998 1881 2064 possessionem
1929 2000 2301 2051 immaculata-

2402 1995 2536 2064 ὅπερ
2563 1992 2920 2063 ἑρμηνεύεται
2949 1995 3202 2060 σμύρνα
3232 1992 3324 2045 καὶ
3362 1992 3450 2044 διὰ
3472 1992 3569 2061 τῆς
3604 1995 3854 2062 κτήσεως
3877 1994 3969 2044 τῶν

745 2106 864 2143 rum
896 2104 1116 2142 suarum
1140 2093 1535 2157 operationurn,
1556 2088 1698 2157 quod
1727 2090 2104 2155 interpretatur
2123 2090 2305 2140 cinna-

744 2194 1004 2241 momum;
1043 2190 1096 2232 et
1134 2187 1349 2247 propter
1371 2185 1594 2246 gratiam
1628 2178 1858 2247 Spiritus
1885 2180 2076 2240 sancti,
2105 2179 2197 2247 qui
2223 2189 2306 2232 est

744 2269 983 2323 caIamus
1017 2272 1345 2327 benevolens;
1383 2278 1435 2323 et
1471 2279 1683 2337 progiter
1720 2269 1914 2322 anima:
1952 2270 2301 2339 vigilantiam,

744 2378 904 2432 quam
939 2364 1202 2432 signiﬁcat
1248 2364 1398 2417 iridis
1435 2378 1648 2416 nomen.
1680 2361 1801 2414 Haec
1836 2362 1997 2431 igitur
2025 2363 2301 2428 habentes,

743 2455 839 2524 qui
870 2458 1071 2509 mundo
1104 2456 1436 2516 renuntiant,
1462 2456 1668 2508 scilicet
1700 2463 2021 2507 concentum
2059 2456 2196 2506 inter
2226 2456 2304 2523 ip.

748 2563 842 2602 sus
882 2558 935 2601 et
983 2548 1376 2616 possessionem
1422 2546 1889 2600 inimaculatnruni
1931 2548 2222 2610 actionum,
2252 2556 2305 2599 ct

748 2638 1098 2706 ﬂagrantium
1127 2639 1309 2708 gratia:
1330 2679 1345 2702 ,
1374 2648 1427 2691 et
1458 2639 1808 2705 vigilantiam,
1836 2639 2063 2691 miscent
2089 2655 2150 2691 ea
2179 2657 2300 2693 cum

748 2730 1140 2791 misericordia,
1163 2740 1213 2782 ct
1243 2730 1300 2783 iit
1335 2739 1664 2798 unguentum
1702 2729 1808 2785 Deo
1836 2733 1887 2784 in
1919 2733 2138 2785 odorem
2172 2749 2301 2785 sua-

744 2821 945 2874 vitatis.
978 2819 1265 2889 Propterea
1303 2822 1465 2891 igitur
1498 2822 1764 2877 assimilat
1804 2838 1897 2876 eos
1925 2834 2196 2892 unguento
2223 2823 2301 2876 ef-

744 2908 865 2965 fuso
912 2912 964 2964 in
1010 2921 1170 2980 caput
1219 2914 1537 2967 sacerdotis.
1571 2914 1744 2967 Aliam
1780 2916 1939 2968 etiam
1977 2919 2298 2982 interpreta-

745 3004 946 3058 tionem
998 3006 1239 3073 acciperc
1289 3015 1511 3072 possunt
1562 3007 1719 3057 iidem
1784 3005 1975 3073 psalmi
2029 3006 2296 3059 versiculi.

743 3092 877 3147 Nam
912 3110 1031 3146 eum
1068 3106 1399 3162 unguentum
1439 3095 1664 3148 electum
1710 3094 2001 3148 eil‘uuditur
2041 3095 2094 3147 in
2142 3104 2301 3163 caput

746 3184 1063 3246 sacerdotis,
1114 3185 1415 3238 necessario
1457 3186 1732 3239 descendit
1791 3186 1841 3238 in
1883 3186 2001 3255 ejus
2054 3186 2296 3247 barbam,

742 3276 1193 3344 quemadmodum
1239 3276 1374 3328 dixit
1414 3276 1651 3344 psalmus
1688 3296 1699 3329 :
1733 3286 1786 3330 et
1828 3277 1881 3328 iu
1940 3279 2297 3344 super-hume—

745 3368 856 3421 rale
890 3405 905 3428 ,
957 3368 1098 3436 quod
1170 3367 1287 3434 ejus
1350 3367 1545 3419 collum
1616 3367 1839 3429 circuit,
1892 3376 1945 3420 et
1996 3368 2301 3420 necessario

743 3471 970 3529 utraque
1033 3468 1305 3527 unguento
1380 3459 1711 3523 implentur,
1772 3460 1935 3512 barba
2002 3460 2206 3513 scilicet
2250 3469 2301 3513 et

743 3565 836 3603 ora
864 3550 1169 3603 vestimenti
1207 3550 1343 3617 ejus.
1382 3547 1456 3601 ita
1503 3550 1682 3618 igitur,
1721 3551 1931 3618 inquit,
1975 3562 2100 3604 sunt
2138 3552 2299 3605 etiam

743 3639 836 3707 qui
888 3638 1212 3691 unanimiter
1270 3638 1565 3692 secundum
1637 3639 1802 3693 Deum
1855 3642 2054 3694 mundo
2100 3657 2300 3694 renun-

742 3733 909 3793 tiant;
950 3730 1241 3784 etl‘uuditur
1274 3732 1417 3783 enim
1466 3732 1517 3783 in
1551 3734 1695 3799 ipsos
1744 3731 1978 3800 Spiritus
2020 3744 2241 3788 sanctus
2270 3750 2299 3788 a

745 3819 872 3881 Deo,
906 3820 997 3888 qui
1041 3830 1124 3873 est
1154 3829 1483 3887 unguentum
1528 3821 1828 3888 Spirituale,
1864 3832 1918 3875 et
1967 3823 2301 3879 descendens

744 3911 796 3963 in
848 3919 1042 3979 caput,
1073 3910 1176 3965 hoc
1219 3920 1301 3964 est
1349 3912 1401 3964 iu
1447 3924 1701 3978 mentem,
1735 3912 1918 3982 implet
1975 3916 2145 3983 gratia
2203 3930 2298 3969 sua

741 4001 903 4056 etiam
936 4002 1188 4057 minimos
1235 4004 1412 4057 cordis
1441 4018 1653 4069 sensus,
1693 4006 1857 4060 veluti
1905 4008 2148 4063 barbam.
2184 4009 2302 4065 Cir-

740 4114 1055 4182 cumimplet
1108 4116 1267 4169 etiam
1300 4116 1598 4173 dulcedinis
1626 4118 1870 4174 doctrina
1906 4122 2161 4184 animam,
2187 4140 2302 4193 per-

744 4206 867 4260 inde
912 4222 976 4259 ae
1005 4222 1154 4260 oram
1208 4209 1533 4268 vestimenti,
1572 4221 1628 4263 ut
1666 4212 1852 4267 dicat:
1895 4213 2092 4268 Christi
2138 4216 2299 4270 bonus

745 4297 874 4350 odor
899 4314 1076 4350 sumus
1100 4301 1153 4351 in
1179 4298 1265 4362 iis,
1293 4300 1381 4367 qui
1414 4300 1547 4353 salvi
1574 4302 1786 4369 ﬁunt".
1810 4301 2019 4358 Rursus
2053 4306 2299 4359 animad-

748 4397 951 4443 vertere
1000 4390 1143 4451 licet,
1180 4390 1320 4454 quod
1350 4402 1562 4459 propter
1613 4392 1714 4446 hoc
1750 4393 1889 4447 idem
1940 4404 2298 4464 unguentum,

745 4490 1018 4547 unguento
1060 4481 1133 4535 illi
1181 4496 1275 4535 eos
1314 4483 1650 4550 assimilavit,
1679 4486 1934 4553 quoniam
1964 4501 2028 4541 ex
2066 4488 2134 4543 iis
2167 4504 2302 4557 qua-

748 4580 891 4635 tuor,
917 4587 1037 4639 quae.
1067 4574 1466 4637 recensuimus,
1500 4585 1832 4643 praeparatur
1871 4589 2205 4648 unguentum
2238 4581 2303 4633 il-

747 4661 837 4715 lud
873 4662 925 4715 iu
966 4662 1113 4728 oleo;
1149 4664 1219 4715 ita
1243 4663 1404 4717 etiam
1460 4666 1547 4719 isti
1598 4681 1661 4719 ex
1716 4678 1953 4737 quatuor
1998 4670 2303 4742 Evangeliis
2333 4684 2377 4738 ι)

746 4753 1028 4821 praeparati
1064 4761 1190 4806 sunt
1223 4753 1275 4805 in
1312 4754 1404 4806 Dei
1434 4757 1716 4823 charitate,
1742 4774 1864 4827 qua:
1887 4768 1971 4812 est
1998 4760 2150 4829 plena
2176 4763 2303 4827 olei,

744 4860 797 4899 et
828 4846 1097 4900 fructuum
1128 4844 1497 4915 paciﬁcorum.
1529 4847 1644 4902 Non
1672 4850 1847 4903 solum
1880 4861 2058 4904 autem
2088 4853 2139 4905 in
2162 4853 2305 4907 hunc

745 4937 987 4997 modum,
1019 4939 1109 4990 sed
1162 4936 1322 4989 etiam
1375 4937 1527 4990 aliter
1568 4939 1862 5008 intelligere
1903 4940 2023 4994 licet
2069 4952 2299 4994 mentem

744 5028 1050 5095 huiusmodi
1094 5027 1305 5095 psalmi,
1334 5042 1494 5095 quant
1526 5030 1594 5081 ob
1634 5045 1852 5083 causam
1903 5042 2176 5100 unguento
2225 5034 2300 5086 illi

742 5119 1005 5188 spirituali
1053 5134 1146 5172 eos
1196 5122 1595 5183 assimilaverit,
1642 5125 1899 5190 quoniam
1945 5127 2172 5181 omnino
2210 5128 2295 5181 isti

743 5212 982 5265 membra
1023 5220 1147 5264 sunt
1173 5210 1393 5279 Christi,
1431 5214 1495 5266 de
1527 5229 1631 5281 quo
1654 5218 1912 5284 propheta
1952 5220 2158 5287 inquit:
2191 5219 2299 5273 Un-

741 5334 982 5391 guentum
1007 5339 1194 5375 novum
1223 5339 1404 5376 nomen
1436 5336 1602 5379 tuum.
1633 5320 1892 5395 Apposite
1922 5331 2106 5398 igitur,
2131 5332 2294 5386 veluti

740 5414 907 5467 divini
949 5415 1226 5483 unguenti,
1263 5416 1512 5471 videlicet
1553 5418 1776 5486 Christi,
1825 5425 2122 5477 secundum
2178 5442 2297 5494 gra-

739 5511 869 5563 tiam
917 5514 1153 5565 membra
1208 5512 1563 5576 exsisteutes,
1604 5517 1796 5570 merito
1828 5518 1989 5573 etiam
2022 5533 2295 5589 unguento

742 5601 901 5655 iidem
934 5601 1219 5656 assimilati
1250 5613 1394 5657 sunt.

815 5738 863 5771 ⁸⁸
894 5736 1059 5793 Exod.
1094 5756 1223 5808 xxx,
1250 5740 1341 5806 25,
1375 5743 1463 5796 21.
1541 5744 1584 5774 ⁸⁸
1616 5743 1757 5799 Psal.
1786 5762 1928 5811 λιιν,
1961 5749 2013 5803 2.

2407 2082 2579 2154 ἔργων
2602 2082 2776 2135 αὐτῶν
2799 2082 2905 2134 τῶν
2933 2082 3195 2152 ἀμώμων,
3215 2084 3350 2153 ὅπερ
3368 2082 3736 2153 ἑρμηνεύεται
3769 2082 3835 2135 τὸ
3858 2102 3969 2136 xtr-

2404 2174 2701 2242 νάμωμον·
2734 2176 2826 2226 καὶ
2858 2174 2943 2226 διὰ.
2968 2176 3064 2244 τῆς
3086 2176 3303 2246 χάριτος
3331 2174 3421 2227 τοῦ
3448 2175 3605 2242 ἁγίου
3639 2175 3967 2243 Πνεῦματος,

2404 2264 2539 2333 ὅπερ
2568 2265 2713 2315 ἐστὶν
2748 2266 2778 2316 ό
2810 2263 3074 2332 κάλαμος
3102 2268 3133 2317 ὀ
3162 2262 3405 2330 εὐώδης·
3438 2264 3531 2316 καὶ
3554 2263 3645 2316 διὰ
3681 2268 3785 2334 τῆς
3817 2267 3968 2333 ἐγρη-

2404 2353 2643 2422 γόρσεως
2664 2354 2761 2423 τῆς
2811 2354 3007 2423 ψυχῆς,
3041 2356 3175 2424 ὅπερ
3197 2354 3513 2425 ἡρμηνεύθη
3537 2356 3598 2408 τὸ
3634 2356 3731 2407 τοῦ
3794 2355 3969 2423 ἱερέως

2403 2442 2590 2511 ὄνομα.
2625 2443 2807 2496 Ταῦτα
2834 2440 2923 2496 οὖν
2951 2444 3160 2513 ἔχοντες
3188 2448 3235 2496 οἱ
3270 2447 3698 2517 ἀποταξάμενοι,
3740 2447 3838 2517 τὴν
3886 2463 3970 2516 με·

2404 2530 2594 2599 λῳδίαν
2616 2532 2811 2595 αὐτῶν,
2836 2534 2926 2585 καὶ
2943 2535 3039 2603 τὴν
3057 2534 3243 2604 κτῆσιν
3260 2536 3366 2587 τῶν
3386 2538 3561 2607 ἔργων
3583 2540 3692 2591 τῶν
3710 2539 3967 2611 ἀμώμω,

2405 2622 2494 2673 καὶ
2514 2623 2611 2692 τὴν
2640 2623 2867 2676 εὐωδίαν
2917 2624 3016 2693 τῆς
3070 2626 3303 2697 χάριτος,
3346 2631 3439 2680 καὶ
3492 2629 3590 2699 τὴν
3625 2634 3965 2701 ἐγρήγορσιν,

2406 2712 2685 2781 μίσγουσιν
2717 2714 2857 2766 αὐτὰ
2883 2713 3237 2787 ἐλεημοσύνη,
3275 2720 3366 2769 καὶ
3413 2718 3529 2771 ἔστι
3558 2720 3731 2790 μύρον
3756 2722 3832 2791 τῷ
3860 2723 3967 2790 Θεῷ

2401 2805 2479 2866 εἰς
2539 2804 2709 2874 ὀσμὴν
2766 2806 3009 2868 εὐωδίας.
3067 2807 3165 2859 Διὰ
3224 2809 3383 2861 τοῦτο
3444 2806 3537 2863 οὖν
3594 2812 3801 2882 ἀπηκλ.
3841 2855 3855 2867 .
3897 2856 3908 2868 .
3950 2855 3963 2867 .

2403 2892 2731 2965 [ἀπεικάζει]
2764 2898 2957 2959 αὐτοὺς
3018 2897 3092 2965 τῷ
3126 2898 3280 2968 μύρῳ
3314 2900 3391 2969 τῷ
3445 2901 3697 2973 βληθέντι
3735 2904 3829 2956 ἐπὶ
3876 2907 3965 2975 τὴν

2402 2985 2638 3056 κεφαλὴν
2666 2986 2757 3038 τοῦ
2796 2988 3005 3057 ἱερέως.
3036 2987 3140 3041 Καὶ
3176 2990 3340 3060 ἄλλην
3390 2991 3446 3043 δὲ
3492 2993 3790 3062 ἑρμηνείαν
3825 2997 3967 3064 {Xo-J-

2402 3094 2483 3130 σιν
2513 3080 2558 3130 oi
2588 3079 2737 3131 αὐτοὶ
2767 3080 2962 3148 στίχοι.
3002 3081 3193 3135 Ήνίκα
3225 3081 3331 3152 γὰρ
3379 3084 3569 3154 ἑπέχεε
3604 3087 3666 3137 τὸ
3706 3087 3872 3157 μύρον
3913 3088 3965 3137 τὺ

2400 3170 2700 3241 προλεχθὲν
2728 3172 2822 3222 ἐπὶ
2850 3172 2947 3241 τὴν
2978 3174 3217 3244 κεφαλὴν
3272 3174 3362 3228 τοῦ
3399 3177 3609 3247 ἱερέως,
3665 3178 3965 3246 ἀναγκαίως

2400 3261 2591 3330 κατῄει
2631 3262 2721 3312 ἐπὶ
2748 3261 2837 3312 τὸν
2866 3262 3101 3329 πώγωνα
3152 3265 3313 3317 αὐτοῦ
3340 3268 3400 3319 τὸ
3430 3267 3618 3338 μύρον,
3673 3269 3855 3332 καθὼς
3892 3270 3963 3321 εί-

2330 3341 2368 3393 C
2407 3365 2568 3419 ρηκεν
2596 3351 2623 3402 ὁ
2646 3350 2877 3421 ψαλμὸς,
2911 3354 3003 3403 και
3030 3352 3120 3404 ἐπὶ
3158 3354 3216 3404 τὸ
3247 3356 3593 3425 περιστόμιον
3632 3358 3694 3410 τὸ
3747 3359 3964 3412 κυκλοὶν

2400 3441 2489 3492 τὸν
2510 3441 2799 3511 τράχηλον,
2832 3442 2925 3495 καὶ
2962 3442 3293 3513 ἐπληροῦντο
3324 3446 3635 3513 ἀναγκαίως
3666 3447 3764 3501 τοῦ
3802 3449 3962 3519 μύρου

2400 3531 2466 3584 τὰ
2501 3533 2800 3604 ἀμφότερα,
2832 3535 2860 3587 ὃ
2901 3552 2961 3586 τε
2988 3534 3184 3603 πώγων
3214 3538 3307 3589 καὶ
3346 3539 3377 3605 ἡ
3428 3537 3510 3607 ᾦα
3530 3537 3627 3591 τοῦ
3682 3540 3964 3610 ἐνδύματος

2400 3621 2583 3674 αὐτοῦ.
2605 3622 2788 3685 Οῦτως
2822 3619 2935 3685 οῦν,
2967 3623 3135 3692 λέγει,
3177 3625 3281 3677 εἰσὶ
3310 3626 3403 3678 καὶ
3425 3628 3475 3679 oi
3515 3629 3811 3700 δμοψύχως
3836 3632 3965 3683 κατὰ

2400 3709 2534 3762 Θεὸν
2565 3709 2983 3780 ἀποταξάμενοι·
3012 3712 3286 3781 ὲπιχέεται
3304 3713 3411 3781 γὰρ
3439 3715 3625 3778 αὐτοῖς
3655 3717 3718 3767 τὸ
3753 3716 3965 3787 Πνεῦμα

2398 3800 2461 3853 τὸ
2494 3802 2644 3869 ἅγιον
2675 3802 2783 3855 ἀπὸ
2840 3802 2935 3854 τοῦ
2987 3801 3144 3862 Θεοῦ,
3203 3803 3333 3874 ὅπερ
3379 3804 3496 3856 ἐστὶ
3539 3804 3600 3858 τὸ
3655 3807 3848 3877 μύρον,
3881 3809 3966 3859 καὶ

2402 3890 2656 3944 κατελθὸν
2710 3892 2801 3945 ἐπὶ
2852 3892 2951 3962 τὴν
3005 3893 3261 3964 κεφαλὴν,
3312 3896 3557 3949 τουτέστι
3590 3899 3671 3961 είς
3714 3898 3964 3961 διάνοιαν,

2402 3982 2597 4054 πληροῖ
2615 3984 2713 4054 τῆς
2741 3983 2958 4056 χάριτος
2979 3983 3164 4049 αὑτοῦ,
3189 3984 3282 4038 καὶ
3308 3984 3376 4038 τὰ
3402 3985 3573 4040 λεπτᾶ
3602 3990 3853 4059 νοήματα
3877 3988 3965 4059 τῆς

2401 4075 2642 4145 καρδίας,
2696 4076 2896 4130 ὡσανεὶ
2933 4077 3024 4129 τὸν
3083 4076 3337 4143 πώγωνα.
3398 4078 3604 4150 Πληροῖ
3653 4081 3750 4133 καὶ
3792 4081 3965 4150 κύκλῳ

2400 4164 2729 4236 γλυκύτητος
2785 4168 2883 4237 τὴν
2937 4168 3279 4222 διδασκαλίαν
3310 4169 3409 4238 τῆς
3453 4168 3633 4238 ψυχῆς
3687 4167 3809 4240 [τῆς
3830 4170 3964 4223 διδα-

2402 4256 2626 4320 σκαλίας
2652 4257 2750 4327 τὴν
2778 4258 2997 4331 ψυχὴν],
3026 4260 3161 4332 ὅπερ
3189 4261 3389 4331 ἐστὶνὴ
3416 4260 3499 4330 ᾦα
3525 4261 3618 4313 τοῦ
3654 4261 3961 4334 ἐνδύματος,

2400 4350 2486 4401 ἵνα
2507 4348 2669 4417 λέγει·
2706 4352 2959 4418 Χριστοῦ
2988 4352 3203 4406 εὐωδία
3237 4353 3423 4421 ἐσμὲν
3445 4353 3517 4406 ἐν
3560 4353 3687 4420 τοῖς
3724 4353 3965 4423 σωζομέ-

2400 4453 2545 4502 νοις.
2595 4438 2704 4491 Καὶ
2754 4439 2912 4491 πάλιν
2966 4440 3080 4493 ἐστι
3134 4441 3380 4504 συνιδεῖν,
3429 4444 3511 4503 ὅτι
3559 4443 3649 4498 διὰ
3705 4443 3865 4498 τοῦτο
3910 4445 3965 4495 τὸ

2403 4525 2570 4597 μύρον
2598 4530 2768 4579 ἐκεῖνο
2803 4528 2864 4581 τὸ
2899 4529 3069 4601 μύρον
3099 4530 3311 4602 [ἐκείνῳ
3341 4533 3417 4603 τῷ
3452 4532 3631 4605 μύρῳ]
3678 4535 3965 4589 ἀπείκασεν

2402 4618 2614 4683 αὐτοὺς,
2651 4618 2835 4691 ἐπειδὴ
2861 4620 2925 4672 ἐκ
2950 4621 3057 4674 τῶν
3100 4624 3380 4694 τεσσάρων
3437 4626 3684 4688 ἐκείνων,
3715 4619 3793 4679 ὦν
3826 4628 3965 4696 είρήο

2406 4725 2598 4777 καμεν,
2628 4709 3027 4765 κατεσκεύαστο
3052 4713 3129 4776 είς
3155 4712 3330 4767 ἔλαιον
3362 4716 3536 4768 ἐκεῖνο
3557 4716 3618 4769 τὸ
3659 4715 3850 4787 μύρον·
3884 4716 3963 4770 οῦο

2400 4816 2505 4861 τως
2529 4795 2621 4851 οῦν
2647 4800 2740 4853 καὶ
2765 4795 2910 4854 οῦτοι
2932 4804 2995 4856 ὲκ
3026 4803 3133 4857 τῶν
3157 4807 3435 4878 τεσσάρων
3455 4808 3808 4875 [εὐαγγελίων
3838 4825 3959 4861 κατα

2398 4891 2802 4961 εσκευὰσοησαν
2842 4895 2921 4956 είς
2943 4895 3040 4963 τὴν
3084 4897 3304 4968 ἀγάπην
3334 4897 3426 4949 τοῦ
3466 4898 3625 4961 Θεοῦ,
3648 4900 3770 4970 ἥτις
3800 4900 3947 4970 ύπάρ

2399 5000 2479 5052 χει
2517 4984 2686 5054 μεστὴ
2716 4987 2893 5037 ἐλαίου
2915 4987 3007 5038 καὶ
3042 4987 3267 5057 καρπῶν
3323 4989 3631 5066 εἰρηνικῶν.
3683 4992 3757 5043 Οὐ
3816 4992 3959 5061 μόνον

2397 5073 2452 5124 δὲ
2485 5074 2661 5138 τοῦτο,
2686 5076 2819 5129 ἀλλὰ
2847 5077 2938 5129 καὶ
2999 5077 3173 5141 ἄλλως
3207 5078 3353 5131 ἔστιν
3388 5084 3681 5153 ἐπιστῆσαι
3710 5083 3801 5136 τὸν
3830 5082 3957 5135 νοῦν

2401 5165 2487 5216 διὰ
2510 5166 2666 5218 ποίαν
2721 5169 2896 5221 αἰτίαν
2928 5169 3005 5238 τῷ
3066 5169 3219 5241 μύρῳ
3273 5172 3463 5242 ἐκείνῳ
3503 5172 3579 5242 τῷ
3622 5172 3959 5245 πνευματικιῇ

2403 5255 2725 5325 ἁφωμοίωσε
2746 5262 2870 5322 τοὺς
2892 5261 3184 5325 τοιούτους-
3218 5263 3400 5333 ἐπειδὴ
3459 5264 3628 5328 ὅντως
3662 5269 3710 5318 οἱ
3744 5266 3954 5319 τοιοῦτοι

2404 5346 2636 5414 Χριστοῦ
2677 5350 2809 5420 μέλη
2862 5352 3207 5422 τυγχάνουσι,
3259 5355 3384 5424 περὶ
3416 5351 3476 5409 οὗ
3505 5357 3533 5407 ὁ
3569 5359 3853 5428 προφήτης
3888 5357 3957 5408 λέ-

2402 5452 2507 5501 γει’
2539 5440 2742 5506 Μύρον
2774 5442 3104 5497 ἐκκενωθὲν
3132 5444 3320 5513 ὄνομά
3370 5460 3492 5499 σοι·
3530 5448 3854 5515 ἀναγκαίως
3881 5444 3959 5500 οὖν

2401 5528 2476 5590 ὡς
2532 5529 2623 5581 τοῦ
2663 5530 2807 5584 Θείου
2866 5533 3077 5603 μύρου,
3122 5535 3608 5606 ὡσανειχριστοῦ,
3639 5540 3786 5592 κατὰ
3818 5540 3959 5609 χάριν

2406 5619 2535 5689 μέλη
2564 5620 2734 5688 ὄντες,
2766 5626 2987 5688 είκῦτως
3025 5626 3119 5678 καὶ
3148 5627 3299 5682 αὐτοὶ
3338 5627 3497 5703 μύρῳ
3523 5630 3951 5704 ἀπεικὰσῦησαν.

2106 5754 2148 5783 ⁸⁷
2181 5753 2225 5807 ll
2296 5755 2421 5810 Cor.
2461 5759 2633 5820 11,15.

809 5852 889 5914 (α)
927 5848 1099 5907 Herba
1156 5856 1489 5925 aromatica;
1558 5860 1700 5914 casia
1761 5861 1956 5916 dicitur
2008 5864 2063 5919 in
2117 5864 2291 5922 Latin.
2333 5870 2472 5936 vulg.
2509 5872 2633 5927 edit.
