4142 6466
210 421 238 474 1
253 421 362 476 357

1087 415 1173 471 DE
1210 414 1482 471 TITULIS
1514 412 1959 471 PSALIORUM.
2001 443 2073 455 —
2104 413 2295 470 PSAL.
2326 414 2610 470 CXXXIII.

3286 417 3420 472 1258

280 562 336 617 6.
377 563 462 625 Ὠς
491 561 675 634 δρόσος
708 559 952 630 ’Δερμὼν
979 561 1013 630 ἡ
1035 561 1429 614 καταϐαίνουσα
1460 561 1552 612 ἐπὶ
1579 560 1646 612 τὰ
1667 560 1766 633 ὅρη

1939 560 1991 615 6.
2022 557 2172 614 Sicut
2220 573 2310 614 ros
2358 557 2616 624 Hermon,
2649 559 2741 628 qui
2793 557 3072 612 descendit
3120 558 3175 611 in
3216 566 3426 614 montes

205 651 370 707 Σιών.

277 744 334 796 7.
367 743 486 795 Ὅτι
514 744 630 794 ὲκεῑ
655 740 951 793 ἐνετείλατο
977 739 1177 812 Κύριος
1201 741 1299 812 τὴν
1323 741 1588 810 εὐλογίαν,

279 835 333 891 8.
368 836 518 906 Ζωὴν
547 834 650 898 ἕως
670 833 761 886 τοῦ
785 833 995 897 αίῶνος.

437 949 573 1020 ’ῼδὴ
605 947 721 1002 τῶν
743 947 1113 1017 ἀναϐαθμῶν.
1172 950 1342 1003 ΨΑΛ.
1371 949 1556 1002 PAF'.

280 1042 334 1094 1.
373 1039 499 1095 Ἰδοὺ
525 1041 586 1110 δὴ
617 1040 884 1107 εὐλογεῖτε
906 1040 996 1092 τὸν
1029 1038 1245 1110 Κύριον,
1287 1039 1482 1103 πάντες
1509 1039 1558 1092 οῑ
1595 1037 1774 1093 δοῦλοι

205 1133 440 1203 Κυρίου.

278 1224 333 1278 2.
357 1224 418 1277 Ol
443 1221 668 1285 ἑστῶτες
713 1224 768 1273 ἐν
795 1221 926 1291 οἴκῳ
952 1222 1177 1292 Κυρίου,

280 1316 336 1370 5.
375 1316 458 1368 Ἐν
479 1315 664 1376 αὐλαῖς
690 1313 836 1366 οἴκου
866 1312 1000 1365 Θεοῦ
1037 1311 1208 1383 ήμῶν.

1877 652 2026 708 Sion.

1945 743 1996 797 7.
2011 742 2274 809 Quoniam
2293 743 2402 796 illic
2416 742 2689 795 mandavit
2705 739 2963 796 Dominus
2975 741 3426 806 benedictionem,

1947 830 1998 886 8.
2029 830 2206 885 Vitam
2239 845 2409 900 usque
2434 831 2488 885 in
2515 831 2791 886 saeculum.

2047 945 2321 1000 Canticum
2346 946 2623 1017 graduum.
2656 944 2854 999 PSAL.
2890 943 3216 1000 CXXXIII.

1940 1036 1992 1092 I.
2016 1034 2152 1091 Ecce
2184 1053 2329 1092 nunc
2371 1036 2667 1091 benedicite
2705 1033 3017 1098 Dominum,
3045 1050 3236 1090 omnes
3281 1049 3400 1090 serv

1873 1124 2107 1182 Domini.

1946 1219 1997 1273 2.
2030 1218 2132 1285 Qui
2165 1221 2321 1276 statis
2351 1221 2403 1274 in
2433 1220 2593 1275 domo
2617 1219 2851 1286 Domini,

1943 1312 1994 1363 5.
2032 1311 2086 1364 In
2117 1313 2267 1367 atriis
2297 1312 2491 1369 domus
2519 1311 2613 1368 Dei
2643 1313 2836 1367 nostri.

1333 1485 1694 1539 ATIIANASII
1735 1482 2311 1541 INTERPRETATIO.

278 1691 331 1727 ο.
366 1672 586 1740 Δρόσος
625 1670 864 1739 Αερμὼν
893 1671 1247 1741 ἑρμηνεύεται
1293 1668 1509 1738 δρόσος
1527 1669 1768 1734 ἐνδοξα-

1948 1667 2000 1722 6.
2029 1667 2130 1721 Ro:
2154 1667 2382 1721 Hermon
2424 1669 2806 1740 interpretatur
2832 1686 2917 1723 ros
2939 1670 3300 1741 gloriﬁcatus:
3327 1676 3431 1734 hoc

204 1754 465 1834 ζόμέγος·
529 1761 686 1814 τοῦτο
732 1756 824 1815 οὖν
877 1761 1042 1830 λέγει,
1079 1763 1158 1815 ὅτι
1211 1761 1382 1825 οὕτως
1449 1761 1769 1833 ὑπάρχουσι,

207 1857 339 1928 περὶ
364 1848 438 1908 ὧν
460 1853 570 1907 ἄνω
595 1854 914 1925 εἰρήκαμεν,
939 1854 1015 1918 ὡς
1041 1856 1074 1924 ή
1102 1853 1257 1924 χάρις
1285 1853 1376 1906 τοῦ
1412 1852 1488 1924 (II
1520 1853 1772 1925 Πνεύμα-

205 1965 300 2011 τος
325 1949 358 2018 ή
380 1945 776 2010 πολυποίκιλος,
804 1948 839 2017 ἡ
885 1945 1145 1999 κατιοῦσα
1171 1944 1260 1996 ἐπὶ
1312 1945 1436 2008 τοὺς
1468 1947 1770 2017 προφήτας,

207 2041 306 2095 καὶ
338 2039 657 2112 ἐπουρανίου
685 2040 910 2104 πόλεως’
946 2041 984 2108 ἠ
1031 2037 1247 2106 δρόσος
1274 2038 1379 2109 γὰρ
1406 2038 1443 2106 ἡ
1467 2037 1774 2102 ἐνδοξαζο-

200 2124 378 2193 μένην
404 2124 580 2192 δῆλον,
607 2126 690 2178 ὅτι
714 2123 781 2178 τὰ
819 2122 1129 2195 χαρίσματα
1161 2124 1262 2175 εισι
1300 2122 1393 2174 τοῦ
1425 2121 1576 2190 ἁγίου
1607 2121 1774 2175 Πνεύ-

208 2234 378 2286 ματος
407 2217 577 2272 διὰτὸ
620 2217 943 2270 λεπτότατον
989 2213 1188 2276 αὐτῶν,
1241 2214 1335 2267 καὶ
1383 2213 1674 2285 ὠφέλιμον·
1703 2213 1775 2267 τὰ

203 2309 264 2362 δὲ
288 2309 388 2382 δρη
413 2309 648 2382 δηλονότι
680 2310 728 2360 οἱ
762 2305 1035 2378 προφῆταί
1068 2309 1219 2359 είσιν·
1244 2307 1277 2375 ἡ
1329 2305 1385 2358 δὲ
1413 2302 1564 2358 Σιὼν
1589 2305 1775 2373 σαφῶς

203 2403 239 2470 ἡ
425 2379 772 2472 Ἰερουσαλὴμ
801 2402 857 2452 ὲν
913 2397 1121 2461 πολλοῖς
1169 2395 1557 2451 ἀποδέδεικται.
1588 2393 1774 2458 Οὕτως

204 2488 300 2547 οῦν
320 2493 415 2546 καὶ
440 2485 586 2545 οῦτοι
612 2492 894 2564 ὀμοψύχως
920 2491 1313 2559 ἀποταξάμενοι
1338 2488 1516 2557 ἔχουσι
1544 2485 1774 2557 διάφορα

206 2582 542 2652 χαρίσματα,
599 2581 690 2634 καὶ
723 2581 797 2644 ὡς
834 2583 890 2635 ὲν
926 2583 991 2651 τῇ
1021 2581 1131 2634 ἄνω
1192 2575 1544 2648 Ἰερουσαλὴμ
1599 2575 1771 2640 ὄντες,

204 2670 380 2734 οὕτως
402 2671 787 2726 πολιτεύονται.

279 2764 331 2828 7,
359 2765 412 2819 8.
443 2766 562 2818 Ὅτι
622 2767 739 2818 ἐκεῖ
779 2765 858 2826 είς
894 2761 989 2833 τὴν
1033 2762 1143 2815 ἄνω
1203 2759 1552 2831 Ἰερουσαλὴμ
1606 2759 1774 2830 ἐπηγ-

204 2857 424 2925 γείλατο
446 2857 476 2911 ὁ
499 2857 697 2926 Κύριος
721 2856 917 2925 λέγειν’
950 2854 1145 2917 Δεῦτε,
1169 2856 1223 2906 οὶ
1265 2849 1649 2922 εὐλογημένοι
1670 2850 1775 2904 τοῦ

202 2949 436 3017 Πατρός
465 2965 602 3018 μου,
636 2946 965 3002 ἀπολάϐετε
991 2944 1102 3014 τὴν
1149 2944 1594 3012 ἡτοιμασμένην
1632 2939 1776 3010 ὑμῖν

1877 1760 2040 1832 igitur
2070 1760 2352 1829 signiﬁcat,
2386 1761 2529 1831 quod
2571 1762 2643 1817 ita
2690 1771 2816 1818 sunt
2841 1762 2900 1827 ii,
2927 1762 2994 1817 de
3038 1765 3237 1832 quibus
3267 1783 3431 1838 supra

1876 1851 2042 1907 locuti
2070 1867 2276 1916 sumus,
2307 1851 2447 1907 sicut
2472 1853 2644 1922 gratia
2680 1852 2915 1924 Spiritus
2951 1854 3272 1922 multifaria,
3309 1875 3431 1929 quas

1876 1943 2154 2000 descendit
2193 1943 2248 1997 in
2281 1943 2593 2012 prophetas,
2622 1954 2676 1999 et
2707 1961 2830 2015 qua:
2863 1947 3264 2016 supercmlestis
3289 1950 3425 2005 civi-

1877 2033 2004 2089 tatis
2033 2042 2154 2102 est;
2207 2051 2290 2089 ros
2333 2036 2477 2090 enim
2521 2037 2844 2108 gloriﬁcatur
2887 2038 3106 2094 evidens
3154 2049 3259 2105 est,
3285 2044 3432 2112 quod
3537 2063 3540 2066 ’

1878 2135 2002 2182 sunt
2027 2125 2168 2179 dona
2200 2126 2435 2196 Spiritus
2457 2127 2625 2182 sancti
2651 2135 2870 2198 prepter
2904 2143 3091 2183 eorum
3125 2130 3430 2188 sublimita-

1878 2223 1984 2270 tem
2003 2222 2059 2269 et
2083 2213 2373 2269 utilitatem
2401 2257 2417 2271 .
2440 2228 2649 2271 montes
2678 2225 2854 2272 autem
2876 2218 3152 2288 prophetae
3174 2219 3433 2275 nimirum

1882 2306 2204 2364 sunt:Sion
2249 2319 2426 2362 autem
2474 2307 2763 2364 manifeste
2798 2324 3086 2380 supernam
3131 2309 3432 2368 Jerusalem

1878 2400 2064 2454 multis
2093 2399 2146 2454 in
2181 2400 2313 2456 locis
2336 2399 2637 2470 signiﬁcare
2676 2410 2953 2457 ostensum
3001 2411 3106 2458 est.
3151 2400 3227 2458 Ita
3268 2404 3433 2474 igitur

1876 2491 2041 2545 etiam
2081 2490 2166 2544 isti
2215 2491 2542 2546 unanimiter
2576 2493 2780 2548 mundo
2815 2493 3185 2550 renuntiantes
3227 2494 3429 2549 habent

1877 2582 2088 2637 diversa
2118 2582 2278 2644 dona,
2309 2593 2363 2636 et
2401 2583 2623 2652 perinde
2660 2600 2723 2638 ac
2767 2585 2819 2639 in
2869 2600 3105 2655 superna
3129 2584 3429 2642 Jerusalem

1879 2677 2082 2736 essent,
2115 2669 2186 2724 ita
2221 2671 2390 2725 vitam
2423 2679 2606 2742 agunt.

1947 2763 2002 2828 7,
2029 2761 2082 2816 8.
2115 2762 2383 2828 Quoniam
2423 2763 2529 2818 illic
2553 2762 2608 2817 in
2635 2778 2868 2833 superna
2891 2762 3191 2820 Jerusalem
3225 2768 3432 2837 promi-

1879 2856 1950 2912 sit
1973 2854 2235 2910 Dominus
2276 2869 2335 2910 se
2376 2855 2684 2909 dicturum:
2725 2855 2922 2920 Venite,
2950 2857 3200 2912 benedicti
3252 2858 3433 2913 Patria

1880 2945 2003 3010 mei,
2039 2945 2257 3012 accipite
2285 2954 2641 3014 prwparatum
2672 2945 2813 2998 vobis
2847 2963 3064 3017 regnum
3089 2958 3211 3002 ante
3240 2950 3434 3004 consti-

204 3039 536 3104 ,βασιλείαν
578 3039 688 3108 πρὸ
713 3037 1048 3104 καταϐολῆς
1090 3036 1320 3102 κόσμου
1352 3035 1437 3097 εἰς
1481 3034 1623 3096 τοὺς
1642 3032 1772 3086 ἀτε-

1879 3035 2128 3088 ιιιιὶοηεπι
2163 3035 2345 3090 mundi
2372 3033 2417 3066 ⁸⁸
2447 3038 2500 3088 in
2526 3036 2838 3106 sempiterna
2871 3037 3082 3091 uacula.

202 3131 534 3200 λευτήτους
548 3132 782 3200 αἰῶνας.

292 3265 355 3319 Ἦ
386 3265 715 3339 προκειμένη
760 3262 1036 3336 ἐπιγραφὴ
1080 3259 1321 3332 περιέχει
1350 3255 1458 3327 (2)'
1505 3255 1643 3327 ’ῼδὴ
1690 3253 1808 3308 τῶν
1836 3253 2190 3324 ἀναϐαθμῶν
2221 3254 2300 3320 τῷ
2326 3256 2522 3322 Δασὶδ,
2556 3258 2585 3309 ὅ
2626 3258 2794 3319 ἐστιν,
2825 3259 2906 3310 ὅτι
2935 3259 2968 3328 ή
2997 3258 3108 3328 ᾠδὴ
3145 3259 3283 3328 αὕτη
3325 3257 3435 3312 τῶν

204 3359 534 3430 ἀναϐαθμῶν
579 3357 674 3412 τοῦ
728 3357 889 3411 Δαὸίδ
949 3359 1096 3410 ἐστι·
1120 3353 1418 3416 τουτέστιν,
1453 3350 1553 3402 οὐκ
1584 3349 1664 3402 ἔτι
1714 3351 1779 3403 ὲκ
1828 3347 2118 3421 προσώπου
2160 3348 2269 3402 τῶν
2310 3349 2747 3422 ἐπιστρεψάντων
2790 3350 2936 3402 ἐστὶν
2968 3351 3001 3420 ή
3029 3349 3159 3420 ᾠδὴ,
3193 3351 3328 3405 ἀλλὰ
3349 3351 3429 3418 τῷ

204 3449 394 3516 ικανῷ
415 3449 491 3520 τῇ
519 3449 691 3519 χειρί,
716 3448 859 3516 λέγω
888 3446 952 3518 δή
976 3445 1054 3515 τῷ
1080 3443 1194 3514 Υίῷ
1217 3444 1309 3497 τοῦ
1338 3441 1502 3496 Θεοῦ·
1538 3439 1679 3493 οὕτω
1699 3439 1807 3512 γὰρ
1835 3438 2194 3510 ἑρμηνεύεται
2221 3439 2282 3492 τὸ
2318 3440 2482 3494 Δαϐὶδ
2503 3441 2669 3511 ὄνομα
2697 3440 2902 3506 ἱκανὸς
2937 3442 3106 3510 χειρί.
3154 3441 3433 3512 Προστάσυ

207 3563 295 3598 σει
315 3543 423 3614 γὰρ
451 3543 610 3605 αὐτὸς
628 3543 657 3594 ὁ
690 3541 818 3603 rte;
837 3539 929 3593 τοῦ
958 3539 1092 3592 Θεοῦ
1116 3540 1228 3601 τοῖς
1251 3535 1684 3604 ἀποταξαμένοις
1712 3533 1805 3585 καὶ
1831 3532 2175 3587 κατοικοῦσιν
2199 3535 2314 3604 ἅμα
2335 3536 2428 3588 ἐπὶ
2458 3534 2519 3588 τὸ
2544 3535 2674 3589 αὐτὸ
2709 3535 2992 3607 λατρεύειν
3028 3535 3174 3607 αὐτῷ
3210 3536 3269 3590 ιν
3301 3536 3432 3590 εἰλι-

207 3637 384 3708 κρινεῖ
411 3633 636 3703 διανοίᾳ.

279 3772 489 3828 Titulus
512 3769 827 3842 praepositus
847 3765 1120 3821 continet:
1144 3763 1420 3820 Canticum
1450 3759 1708 3831 graduum
1734 3757 1903 3812 David
1919 3799 1934 3824 ,
1963 3759 2069 3814 hoc
2097 3767 2200 3826 est,
2235 3760 2379 3831 quod
2402 3760 2507 3816 hoc
2531 3759 2799 3815 canticum
2827 3760 3091 3828 graduum
3119 3761 3286 3817 David
3312 3772 3429 3819 est:

205 3885 401 3941 nempe
429 3883 538 3923 non
575 3864 804 3936 amplius
829 3878 892 3917 ex
921 3875 1156 3932 persona
1181 3873 1395 3922 eorum,
1431 3856 1525 3926 qui
1570 3869 1628 3910 se
1657 3863 2047 3910 converterunt
2089 3854 2359 3910 canticum
2399 3855 2504 3910 hoc
2545 3853 2766 3919 dicitur,
2799 3856 2894 3909 sed
2935 3855 3003 3910 ad
3036 3871 3202 3911 manu
3239 3855 3430 3913 fortem

205 3958 461 4030 pertinet,
495 3955 596 4010 hoc
631 3963 714 4008 est
741 3951 808 4006 ad
833 3950 926 4005 Dei
957 3949 1155 4003 Filium
1183 3967 1194 4001 :
1229 3947 1304 4001 ita
1324 3946 1470 4001 enim
1498 3945 1887 4014 interpretatur
1927 3960 2124 4000 nomen
2165 3943 2334 3999 David
2377 3960 2536 3998 manu
2571 3944 2746 4014 fortis.
2789 3944 2904 4014 Ipse
2936 3946 3082 4000 enim
3123 3945 3218 4002 Dei
3261 3947 3432 4003 Filius

205 4049 452 4122 praecipit
474 4047 540 4102 iis
565 4061 659 4116 qut
685 4042 886 4098 mundo
915 4041 1313 4102 renuntiarunt,
1337 4051 1390 4092 et
1414 4038 1575 4092 simul
1603 4037 1656 4091 in
1682 4053 1848 4092 unum
1878 4037 2138 4103 habitant,
2167 4043 2228 4091 ut
2248 4035 2464 4092 sincero
2487 4036 2650 4092 corde
2682 4035 2758 4090 illi
2782 4036 3043 4091 serviant.

283 4189 333 4243 ί.
376 4187 532 4258 Ὑμῖν
573 4185 716 4254 λέγω
775 4186 887 4247 τοῖς
950 4179 1392 4250 ἀποταξαμένοις·
1455 4174 1621 4247 [Ἰδοὺ
1680 4173 1770 4245 δή]

218 4279 439 4344 Ἰκανῶς
465 4278 543 4350 (ὅ)
571 4276 870 4345 εὐλογεῖτε
920 4275 1024 4329 τὸν
1067 4274 1306 4342 Κύριον,
1353 4267 1626 4322 τουτέστιν
1655 4266 1771 4337 ἐμέ·

204 4374 270 4427 τὸ
294 4371 404 4441 γὰρ
441 4369 504 4440 δὴ
534 4366 732 4431 ἱκανῶς
752 4365 1104 4438 ἑρμηνεύεται
1127 4361 1279 4436 [ιδοὺ
1295 4359 1358 4432 δὴ
1373 4355 1772 4431 ἑρμηνεύεται],

202 4465 254 4519 oi
284 4463 360 4533 (δ)
393 4459 746 4523 summa;
799 4457 1022 4521 ἑαυτοὺς
1080 4457 1160 4518 είς
1203 4453 1302 4522 τὴν
1367 4449 1651 4520 ὑπομονὴν
1677 4445 1771 4500 τοῦ

206 4552 464 4625 Χριστοῦ,
487 4553 537 4606 οῑ
579 4553 646 4623 τῇ
674 4549 880 4623 διανοίᾳ
909 4550 1187 4621 νήφοντες,
1255 4546 1348 4598 καὶ
1404 4543 1770 4613 ἀνιστάμενοι,

205 4644 374 4715 αὐτὴν
401 4640 768 4714 παριστῶντες
829 4639 908 4710 τῷ
950 4636 1244 4708 βουλήματι
1301 4632 1392 4686 τοῦ
1427 4632 1561 4685 Θεου
1610 4633 1670 4685 ὲν
1695 4628 1773 4701 τῷ

207 4733 332 4803 ὕψει
356 4731 465 4786 τῶν
483 4729 741 4802 οὐρανῶν.

274 4825 329 4891 2,
351 4825 403 4879 5.
427 4823 536 4876 Καὶ
562 4822 760 4893 ἑδραῖοι
786 4822 935 4884 ὄντες
963 4821 1019 4873 ὲν
1045 4821 1162 4872 ταῖς
1196 4817 1433 4878 ἐντολαῖς
1485 4812 1580 4866 τοῦ
1609 4819 1766 4877 Θεοῦ,

205 4921 300 4974 καὶ
318 4920 377 4973 ὲν
397 4919 582 4982 αὑταῖς
606 4914 961 4983 αὐλιζόμενοι.

282 5055 532 5110 “Matth.
565 5070 687 5118 xxv,
717 5052 803 5107 54.

1944 4172 1994 4226 1.
2026 4170 2187 4226 Vobis
2208 4171 2349 4238 dico,
2378 4173 2470 4243 qui
2493 4171 2697 4227 mundo
2719 4169 3100 4224 renuntiastis:
3127 4169 3419 4225 Abundan-

1871 4275 1952 4321 ter
1973 4265 2254 4318 benedicite
2278 4263 2578 4331 Dominum,
2605 4263 2708 4318 hoc
2728 4271 2810 4318 est
2837 4277 2956 4317 me:
2985 4262 3114 4316 illud
3138 4263 3283 4317 enim
3304 4277 3418 4316 ecce

1871 4371 2007 4409 nunc
2027 4355 2384 4422 abundanter,
2415 4370 2510 4409 seu
2542 4353 2744 4408 aﬂ‘atim
2789 4353 3176 4422 interpretatur
3217 4351 3284 4406 de
3328 4350 3417 4414 iis,

1869 4447 1962 4517 qui
1987 4448 2196 4517 seipsos
2221 4447 2556 4502 tradiderunt
2585 4446 2640 4500 in
2657 4444 2856 4500 Christi
2881 4442 3216 4512 patientiam,
3242 4451 3422 4497 mente

1871 4538 2175 4609 vigilantes,
2217 4547 2380 4609 atque
2431 4546 2797 4608 assurgentes,
2835 4536 2980 4591 illam
3035 4546 3420 4606 praesentantes

1870 4631 2131 4687 voluntati
2167 4630 2259 4685 Dei
2290 4630 2344 4684 in
2377 4631 2708 4687 sublimitate
2737 4629 3019 4684 ccelorum.

1939 4813 1993 4876 2,
2020 4814 2072 4866 5.
2104 4812 2167 4865 Et
2210 4812 2351 4867 ﬁrmi
2398 4814 2720 4866 exsistentes
2746 4811 2800 4864 in
2831 4810 2923 4865 Dei
2953 4810 3255 4879 praceptis,
3280 4816 3334 4862 et
3369 4807 3423 4861 in

1794 4915 1838 4969 ι)
1869 4900 1997 4970 ipsis
2028 4902 2396 4956 immorantes.

1148 5227 1449 5289 Addenda
1493 5230 1552 5284 et
1599 5219 1965 5299 corrigenda
1995 5236 2071 5281 ex
2103 5219 2240 5279 cod.
2273 5216 2477 5279 Vatic.

271 5403 351 5478 μ)
380 5400 484 5484 Τοῦ
514 5397 666 5468 ἁγίου
692 5393 1019 5462 Πνεύματος,
1048 5397 1151 5442 etc.
1182 5387 1318 5471 Τοςυς
1346 5383 1626 5505 προφήτας
1653 5376 1751 5484 τῆς

271 5486 546 5515 mmmam-
574 5477 678 5515 etc.
706 5464 785 5515 Τὰ
812 5463 869 5515 δὲ
897 5461 1018 5515 bon.
1048 5459 1225 5515 δῆλον.
1253 5473 1334 5509 οτι
1357 5471 1385 5507 ο
1412 5493 1426 5514 ,
1450 5461 1552 5507 etc.
1607 5450 1723 5500 Απο

204 5464 678 5545 ετέου’ραν’ίου,ὀιο.
706 5464 785 5517 Τὰ
812 5464 869 5515 δὲ
897 5464 1018 5532 ὅρη,
1044 5464 1225 5544 δῆλον,
1253 5464 1334 5509 δτι
1357 5464 1426 5514 οι,
1450 5464 1552 5507 etc.
1596 5464 1749 5500 Ἀπο-

203 5544 465 5602 assum,
493 5549 595 5593 etc.
625 5529 778 5590 Οὗτοι
800 5534 848 5584 oi
887 5529 1172 5602 ὁμοψυχως
1202 5524 1342 5580 κατά
1381 5523 1511 5576 Θεὸν
1544 5522 1749 5575 ἀποτα-

206 5616 445 5684 ξάμενοι,
473 5619 572 5663 etc.
1578 5661 1602 5673 -

279 5683 355 5745 (Ξ)
397 5683 458 5733 Ἢ
481 5678 565 5731 διὰ
591 5678 686 5747 τῆς
713 5671 1080 5747 κινναδίὶρεως
1105 5666 1366 5747 περιέχει,
1383 5674 1492 5747 etc...
1511 5663 1612 5747 ‘1'qu
1645 5664 1749 5714 Δα-

207 5733 471 5822 οὶδξδπερ
496 5733 869 5820 ἑρμηνεύεται,
897 5733 997 5805 ὅτι,
1024 5749 1126 5794 etc.
1149 5733 1222 5791 Τὸ
1248 5733 1339 5790 τοῦ
1372 5734 1534 5790 Δαὸὶδ
1557 5733 1750 5804 δνομα,

208 5835 312 5880 ac.
527 5910 787 5970 Ωιι-λοι..
827 5903 942 5966 αι.
979 5899 1246 5962 XXVII.

1919 5377 1994 5447 (3)
2026 5375 2088 5447 _N_.
2113 5373 2519 5447 Δ1.*(ίοτηιιιςεῃι.
2558 5368 2747 5447 incipit
2769 5381 2805 5447 ξ
2829 5365 2981 5447 verb.
3029 5363 3271 5447 ξίκαγως.

1917 5431 1996 5516 {ti
2025 5444 2084 5498 N.
2107 5443 2396 5516 52.11am;
2409 5440 2575 5516 tem
2589 5431 3013 5516 ot_t_‘xs_e59m;¢
3033 5434 3080 5516 ε.
3108 5431 3175 5486 εί.
3203 5449 3252 5484 τ.
3310 5431 3416 5516 ῠπτ

1846 5502 2012 5584 ακὸὴν
2041 5514 2133 5567 τοῦ
2167 5502 2419 5583 Χριστοῦ.
2451 5502 2515 5562 Ν.
2545 5511 2596 5563 5.
2623 5510 2767 5580 Οἰτῇ
2795 5505 3301 5584 διανοίᾳ-νήφοντες,
3325 5502 3417 5584 καὶ

1848 5573 2247 5654 ἀνατεταμένην
2274 5584 2462 5649 αὑτήν,
2497 5589 2600 5654 etc.
2630 5573 2809 5654 usque»
2831 5577 2938 5630 τῶν
2965 5573 3227 5654 οὐρανῶν.
3357 5573 3414 5634 ι,

1850 5659 1902 5718 5,
1938 5657 1991 5710 6.
2033 5643 2120 5707 Ἑν
2156 5643 2273 5716 ταῖς
2319 5643 2737 5722 ἐπερχομέναις,
2766 5652 2870 5704 etc.
2913 5643 3083 5717 usque
3137 5644 3203 5696 ad
3252 5643 3417 5712 εὐχα-

1852 5726 2054 5784 οιστίας
2085 5725 2175 5778 τὸν
2201 5722 2421 5795 Κύριον.

3019 5870 3094 5930 to
