4142 6500
708 420 729 474 1
741 419 843 475 263

777 539 863 594 16.
898 537 1000 605 Qui
1035 534 1280 607 producit
1305 539 1496 589 ventos
1521 533 1588 588 de
1618 534 1892 590 thesauris
1927 535 2064 589 suis.

778 629 862 684 17.
894 628 997 696 Qui
1029 627 1296 698 percussit
1322 624 1682 697 primOgenita
1717 624 1961 698 Egypti,

779 724 863 780 18.
907 723 988 776 Ah
1015 723 1238 778 homine
1263 734 1439 789 usque
1471 718 1537 774 ad
1571 733 1757 789 pecus.

779 815 863 870 19.
906 814 1050 870 Misit
1089 813 1244 884 signa
1287 821 1341 866 et
1374 809 1617 881 prodigia

775 904 866 959 20.
911 906 968 960 In
999 903 1180 959 medio
1209 903 1309 966 tui,
1338 899 1588 972 Egypte,

774 1000 863 1055 2|.
909 998 966 1053 In
997 997 1358 1059 Pharaonem,
1388 1002 1442 1049 et
1472 1007 1662 1048 omnes
1688 1006 1873 1047 servos
1912 990 2026 1052 eius

775 1092 868 1146 22.
911 1090 1014 1157 Qui
1044 1089 1312 1160 percussit
1341 1096 1529 1159 gentes
1555 1085 1752 1141 multas
1787 1106 1797 1138 :

773 1185 864 1238 25.
907 1181 972 1237 Et
998 1182 1196 1238 occidit
1231 1195 1387 1252 reges
1417 1178 1608 1234 fortes.

773 1275 862 1329 24.
907 1273 1086 1330 Sehon
1117 1288 1297 1344 regem
1329 1271 1768 1326 Amorrhaaorum
1796 1288 1806 1322 :

776 1366 866 1422 25.
910 1367 974 1420 lit
997 1363 1076 1436 0g
1115 1380 1294 1436 regem
1324 1362 1521 1428 Basan,

776 1456 866 1511 26.
906 1455 970 1511 Et
1001 1455 1184 1510 omnia
1214 1468 1381 1525 regna
1411 1451 1694 1507 Chanaan.

774 1548 860 1602 27.
905 1547 968 1602 Et
994 1545 1140 1602 dedit
1167 1554 1364 1601 terram
1387 1559 1575 1601 eorum
1603 1541 1986 1606 hmreditatcm,

775 1642 864 1696 28.
906 1639 1282 1695 llmreditatem
1324 1637 1486 1694 Israel
1517 1634 1715 1708 populo
1741 1649 1862 1689 suo.

775 1735 863 1789 29.
905 1733 1150 1793 Domine.
1181 1747 1376 1788 nomen
1417 1741 1569 1786 tuum
1606 1729 1657 1783 in
1686 1737 1945 1783 aiternum
1977 1745 1991 1782 :

777 1827 863 1882 50.
908 1827 971 1880 Et
1011 1823 1327 1881 memoriale
1363 1831 1516 1878 tuum
1551 1820 1605 1876 in
1638 1820 2044 1892 generationem
2090 1831 2147 1876 et
2186 1833 2278 1892 ge-

709 1919 1059 1974 ncrationem.

1548 411 1604 467 S.
1647 409 2012 465 ATIIANASII
2047 409 2195 466 OPP.
2239 410 2417 466 PARS
2448 411 2535 466 ΙίΙ.
2566 441 2631 452 ——
2653 409 3056 469 EXEGETICA.

3813 409 3935 468 1261

2296 541 2340 596 Α
2443 533 2523 588 16.
2568 534 2624 587 Ὀ
2649 533 2856 601 ἐξάγων
2884 534 3117 604 ἀνέμους
3142 533 3204 588 ἑκ
3233 533 3529 606 θησαυρῶν
3559 530 3753 586 αὑτοῦ.

2446 625 2534 678 17.
2575 625 2666 687 Ὃς
2700 623 2934 688 ἐπάταξε
2959 624 3027 677 τὰ
3057 625 3368 696 πρωτότοκα
3405 623 3721 692 Αἰγύπτου,

2447 714 2532 769 18.
2563 714 2692 767 Ἀπὸ
2727 714 3011 784 ἀνθρώπου
3045 714 3148 780 ἕως
3182 716 3433 787 κτήνους.

2445 804 2530 858 19.
2553 803 2928 870 Ἐξαπέστειλε
2957 806 3153 874 σημεῖα
3185 805 3277 858 καὶ
3300 805 3500 859 τέοατα

2443 899 2530 954 20.
2559 900 2648 952 Ἐν
2679 901 2826 970 μέσῳ
2856 916 2972 962 σου,
3003 900 3246 968 Αἴγυπτε

2444 991 2532 1045 21.
2556 991 2644 1044 Ἐν
2665 990 2883 1062 Φαραὼ,
2915 992 3008 1045 καὶ
3032 993 3089 1044 ὲν
3119 993 3252 1045 πᾶσι
3281 994 3392 1055 τοῖς
3418 991 3628 1054 δούλοις
3659 988 3850 1044 αὑτοῦ.

2444 1084 2531 1138 22.
2554 1087 2646 1148 ⁸⁸ος
2676 1084 2940 1149 ἐπάταξεν
2979 1083 3103 1154 ἔθνη
3136 1084 3332 1137 πολλά·

2445 1177 2532 1231 25.
2574 1178 2682 1230 Καὶ
2709 1178 2992 1231 ἀπέκτεινε
3024 1177 3260 1246 βασιλεῖς
3283 1177 3580 1249 κραταιούς
3617 1194 3632 1210 ·

2443 1267 2535 1323 24.
2578 1269 2680 1320 Τὸν
2710 1267 2864 1340 Σηὼν
2899 1266 3122 1338 βασιλέα
3157 1267 3266 1321 τῶν
3296 1267 3668 1340 Ἀμορραίων,

2444 1361 2532 1415 25.
2575 1362 2683 1415 Kai.
2709 1361 2801 1415 τὸν
2831 1363 2930 1430 Ὂγ
2961 1359 3184 1430 βασιλέα
3206 1361 3307 1430 τῆς
3326 1359 3524 1424 Βασὰν,

2442 1453 2531 1510 26.
2575 1456 2685 1507 Καὶ
2717 1456 2895 1517 πάσας
2924 1454 3021 1517 τὰς
3050 1452 3326 1524 βασιλείας
3355 1452 3600 1507 Χαναάν.

2444 1546 2532 1600 27.
2574 1547 2683 1600 Καὶ
2711 1546 2876 1599 ἔδωκε
2908 1545 3004 1615 τὴν
3038 1545 3140 1616 γῆν
3168 1545 3346 1600 αὐτῶν
3372 1543 3764 1615 κληρονομίαν,

2444 1637 2532 1692 28.
2577 1637 2956 1710 κληρονομίαν
2977 1637 3191 1710 Ἰσραὴλ
3219 1636 3335 1708 λαῷ
3364 1636 3556 1691 αὑτοῦ.

2446 1730 2534 1784 29.
2577 1730 2768 1802 Κύριε,
2804 1731 2864 1783 τὸ
2893 1729 3063 1800 δνομά
3085 1747 3176 1783 σου
3212 1731 3290 1795 είς
3315 1730 3407 1784 τὸν
3427 1727 3634 1784 αἰῶναο

2447 1822 2533 1879 50.
2577 1824 2686 1877 Καὶ
2731 1823 2792 1877 τὸ
2840 1821 3181 1893 μνημόσυνόν
3229 1839 3322 1876 σου
3365 1823 3444 1887 είς
3489 1819 3690 1890 γενεὰν
3729 1820 3823 1873 καὶ
3862 1836 3941 1888 γεο

2301 1901 2345 1957 Β
2372 1915 2516 1970 νεάν.

1828 2093 2195 2150 ATHANASII
2235 2093 2813 2156 INTERPRETATIO.

782 2265 866 2320 16.
901 2262 1129 2319 Eosdem
1158 2259 1434 2332 apostolos
1484 2258 1616 2314 dicit
1653 2258 1951 2312 instructos
1985 2257 2269 2327 praeceptis

712 2357 879 2429 ipsius
913 2353 1287 2411 circumivisse
1311 2361 1479 2407 totam
1509 2359 1727 2406 terram.

779 2528 865 2581 17.
896 2525 1234 2596 Principatus
1263 2524 1626 2579 tenebrarum.
1661 2521 1928 2592 /Egyptus
1963 2522 2106 2578 enim
2136 2531 2272 2576 tene-

711 2621 818 2674 bia:
851 2619 1248 2689 interpretatur.

783 2711 867 2766 18.
896 2711 940 2764 Α
976 2711 1212 2774 diabolo,
1241 2719 1294 2764 et
1343 2723 1515 2779 usque
1564 2707 1631 2762 ad
1665 2715 1960 2777 potestates
1988 2705 2130 2776 ejus,
2155 2721 2277 2777 qua:

710 2806 812 2877 ipsi
863 2804 1138 2867 obediunt,
1180 2800 1636 2872 quemadmodum
1666 2801 1732 2856 de
1767 2801 1875 2856 illis
1903 2800 2165 2870 scriptum
2195 2808 2278 2857 est

711 2901 763 2954 in
786 2897 910 2954 Job.

779 2992 868 3059 19,
894 2990 982 3044 20.
1018 2989 1212 3045 Emisit
1243 3004 1338 3059 per
1368 2989 1642 3058 apostolos
1671 3003 1801 3044 suos
1848 2987 1901 3041 in
1941 2986 2176 3043 tenebris
2206 2986 2279 3042 si-

706 3100 832 3157 gna,
864 3091 919 3140 et
945 3081 1188 3153 prodigia
1217 3096 1314 3151 per
1354 3081 1685 3147 sanationes,
1711 3096 1849 3153 quas
1876 3088 2276 3151 perpetrarunt,

779 3266 866 3321 21.
907 3263 966 3321 In
998 3263 1273 3321 diabolum
1301 3273 1356 3320 et
1386 3263 1607 3336 angelos
1627 3264 1768 3334 ejus.

779 3356 868 3412 22.
908 3355 1260 3412 Adversarias
1296 3355 1524 3410 virtutes
1557 3355 1609 3408 in
1637 3355 1909 3425 baptismo

776 3448 868 3504 25.
907 3446 1207 3505 Potestates
1228 3455 1284 3504 et
1306 3446 1642 3516 principatus
1669 3444 1894 3501 diaboli.

2443 2254 2530 2309 16.
2561 2253 2698 2318 Τοὺς
2725 2255 2921 2319 αὐτοὺς
2953 2254 3281 2319 ἀποστόλους
3309 2251 3477 2323 λέγει,
3522 2253 3652 2317 τοὺς
3696 2269 3938 2325 καταριιρ

2375 2346 2596 2410 σθέντας
2653 2346 2716 2399 ἑκ
2765 2345 2871 2400 τῶν
2919 2346 3351 2417 προσταγμάτων
3391 2345 3557 2400 αὑτοῦ
3606 2344 3916 2416 περιοδεῦσα

2373 2440 2551 2492 πᾶσαν
2573 2437 2672 2507 τὴν
2697 2437 2822 2507 γῆν.

2442 2530 2529 2585 17.
2567 2529 2676 2593 Τάς
2699 2529 2873 2601 ἀρχὰς
2902 2528 2994 2584 τοῦ
3028 2528 3278 2595 σκότους·
3321 2530 3628 2600 Αἴγυπτος
3667 2530 3776 2601 γάρ
3801 2533 3936 2584 σκό-

2374 2641 2476 2690 τος
2509 2623 2889 2695 ἑρμηνεύεται.

2447 2713 2532 2768 18.
2559 2715 2694 2768 Ἀπὸ
2717 2715 2810 2769 τοῦ
2835 2714 3098 2779 διαϐόλου,
3135 2716 3229 2769 καὶ
3257 2715 3360 2778 ἕως
3393 2714 3502 2768 τῶν
3537 2715 3824 2785 δυνάμεων
3856 2716 3941 2768 a5-

2377 2807 2468 2863 τοῦ
2517 2808 2622 2861 τῶν
2671 2808 2838 2861 ὄντων
2876 2809 2956 2871 εἰς
2987 2808 3256 2879 ἀκουστὴν
3303 2807 3594 2880 [ὑπακοὴν]
3629 2809 3675 2878 (1
3682 2812 3727 2876 ),
3776 2807 3942 2869 καθὼς

2376 2901 2686 2972 γέγραπται
2717 2901 2845 2971 περὶ
2866 2899 3045 2953 αὐτῶν
3079 2900 3136 2952 ἑν
3170 2899 3246 2969 τῷ
3283 2899 3420 2955 Ἰώϐ.

2449 2994 2536 3059 19,
2573 2994 2664 3047 20.
2695 2991 3067 3057 Ἐξαπέστειλε
3094 2991 3181 3045 διὰ
3205 2991 3315 3045 τῶν
3343 2991 3657 3046 ἀποστόλων
3697 2991 3860 3046 αύτοῦ
3889 2994 3941 3044 ἑν

2379 3082 2456 3152 τῷ
2502 3084 2682 3136 σκότει
2729 3086 2948 3153 σημεῖα,
2979 3082 3071 3136 καὶ
3118 3082 3320 3154 τέρατα
3364 3082 3453 3135 διά
3482 3082 3591 3135 τῶν
3640 3083 3851 3148 ίάσεων,
3875 3076 3940 3135 ὧν

2379 3174 2686 3237 ἐπετέλουν,

2451 3264 2538 3318 21.
2568 3265 2691 3318 Ἐπὶ
2711 3263 2957 3320 διάϐολον
2990 3264 3065 3335 (21
3091 3266 3330 3330 καὶτοὺς
3363 3267 3628 3335 ἀγγέλους
3657 3268 3842 3323 αὑτοῦ.

2451 3357 2540 3413 22.
2580 3359 2692 3423 Τάς
2721 3359 2967 3424 ἐναντίας
2999 3361 3254 3432 δυνάμεις
3287 3361 3345 3412 ἐν
3364 3361 3442 3431 τῷ
3469 3361 3804 3433 βαπτίσματι
3826 3363 3914 3433 (ὃ).

2447 3452 2538 3507 25.
2581 3451 2690 3518 Τὰς
2720 3452 2965 3521 ἐξουσίας
2993 3457 3086 3510 καὶ
3115 3455 3212 3518 τὰς
3237 3455 3408 3527 ἀρχὰς
3444 3457 3538 3510 τού
3573 3457 3843 3513 διαϐόλου.

777 3539 869 3594 21.
912 3538 1080 3592 Sehon
1124 3537 1268 3593 enim
1313 3537 1696 3607 interpretatur
1721 3535 1937 3590 tentatio
1966 3535 2270 3590 venenum:

2445 3544 2534 3598 24.
2576 3543 2749 3612 Σηὼν
2779 3544 2885 3618 γὰρ
2919 3545 2997 3616 (4)
3046 3546 3403 3618 ἑρμηνεύεται
3443 3550 3777 3619 πειρασμὸς
3827 3553 3941 3618 θεί-

711 3630 1135 3685 Amorrhaeornm
1191 3628 1571 3696 interpretatur
1613 3629 2041 3684 exacerbantium
2103 3643 2269 3697 aqua-

713 3743 829 3780 rum
865 3739 883 3776 :
915 3722 1190 3781 diabolum
1241 3721 1403 3792 igitur
1439 3721 1723 3777 manifeste
1776 3719 2047 3791 signiﬁcat
2088 3734 2270 3791 regem

712 3818 1017 3874 daemonum
1046 3813 1487 3870 exacerbantium
1513 3825 1726 3867 omnem
1754 3810 2008 3865 animam.

777 3910 869 3968 25.
906 3909 986 3980 Og
1017 3922 1208 3964 rursus
1240 3907 1628 3976 interpretatur
1676 3917 1992 3973 congregans
2035 3918 2054 3956 :
2097 3899 2274 3956 Busan

712 4011 892 4056 autem
924 4001 1309 4069 interpretatur
1335 3996 1623 4067 ignominia
1648 4003 1804 4048 acuta
1833 3992 2145 4066 [ignominia
2166 3993 2274 4047 sic-

711 4095 910 4158 citatis,
945 4100 1040 4148 aut
1084 4092 1225 4147 sicca
1253 4089 1315 4162 ]:
1355 4088 1702 4144 manifestum
1761 4097 1844 4143 est
1901 4087 2086 4159 igitur,
2129 4085 2273 4158 quod

713 4197 938 4241 mortem
967 4183 1237 4256 signiﬁcat
1261 4180 1632 4237 dominantem
1662 4194 1759 4250 per
1785 4188 2089 4248 peccatum.

779 4275 867 4329 26.
900 4273 963 4329 Et
998 4289 1187 4330 omnes
1219 4271 1574 4344 principatus,
1599 4279 1654 4326 et
1682 4278 1998 4339 potestates,
2028 4282 2087 4327 ut
2121 4282 2274 4328 antea

711 4366 842 4430 dixi,
888 4367 1180 4423 colentium
1231 4365 1602 4436 iniquitatem;
1657 4363 1761 4418 hoc
1823 4363 1966 4419 enim
2011 4364 2275 4435 signiﬁcat

711 4458 932 4515 verbum
965 4459 1115 4523 illud,
1147 4456 1422 4521 Chanaan,
1457 4455 1738 4510 colentium
1782 4457 2133 4525 iniquitatem.

778 4545 869 4613 27,
902 4545 990 4601 28.
1026 4545 1089 4600 Et
1118 4554 1324 4616 gentes,
1360 4561 1499 4617 quas
1529 4544 1681 4615 prius
1711 4544 1843 4616 ipsae
1875 4560 1968 4615 per
1994 4553 2271 4615 peccatum

711 4638 982 4706 tenebant,
1011 4653 1104 4692 eas
1151 4638 1298 4692 dedit
1343 4636 1605 4706 apostolis
1649 4638 1702 4691 in
1749 4636 2137 4700 haereditatem,
2173 4636 2275 4691 hoc

710 4739 794 4786 est
839 4731 894 4786 in
938 4729 1341 4800 possessionem
1399 4727 1712 4785 hominibus
1757 4729 2066 4785 videntibus
2099 4743 2268 4784 eum:

713 4818 882 4877 Israel
909 4822 1053 4877 enim
1078 4822 1458 4878 interpretatur
1489 4822 1566 4876 vir
1585 4821 1762 4876 videns
1787 4821 1974 4876 Deum.

776 5002 865 5059 29.
906 5003 1216 5061 lndelebile.

777 5095 866 5152 30.
906 5094 973 5152 Et
992 5097 1252 5153 memoria
1273 5098 1588 5167 passionum
1619 5109 1835 5152 tuarum
1859 5106 2120 5168 perpetuo
2148 5114 2274 5169 per-

717 5198 909 5244 manet.

2369 3637 2516 3706 μόςο
2557 3636 2908 3705 Ἀμορῤαίων
2935 3637 3290 3710 ἑρμηνεύεται
3337 3640 3769 3708 πικραινόντων
3811 3641 3941 3698 ὑδά-

2375 3742 2520 3778 των·
2569 3724 2763 3778 ούκοῦν
2804 3727 2894 3780 τὸν
2937 3726 3178 3781 διάϐολον
3213 3730 3398 3798 σαφῶς
3431 3731 3578 3800 λέγει
3606 3731 3696 3784 τὸν
3732 3732 3943 3801 βασιλέα

2373 3818 2480 3871 τῶν
2503 3817 2771 3888 δαιμόνων
2797 3818 2904 3871 τῶν
2934 3821 3325 3888 πικραινόντων
3351 3825 3534 3876 πᾶσαν
3553 3823 3755 3895 ψυχήν.

2447 3908 2536 3962 25.
2563 3911 2664 3978 "(Ir
2710 3908 2867 3963 πάλιν
2905 3911 3261 3982 ἑρμηνεύεται
3303 3913 3585 3983 ἀθροίζων
3607 3932 3621 3944 ·
3654 3916 3865 3970 Bucar
3891 3919 3941 3970 δὲ

2377 3999 2734 4071 ἑρμηνεύεται
2757 4002 3020 4072 αἰσχύνη
3051 4003 3201 4074 ξυρά
3227 4003 3511 4076 [αἰσχύνη
3536 4005 3836 4077 ξηρασίας
3863 4022 3944 4064 aut

2376 4090 2550 4164 ξηρά]
2583 4093 2678 4163 (5)°
2719 4093 2875 4164 δῆλον
2909 4090 3022 4159 οὖν,
3071 4097 3151 4150 δτι
3201 4095 3426 4151 θάνατον
3473 4097 3619 4166 λέγει
3664 4101 3756 4153 τὸν
3798 4102 3942 4172 βασι-

2376 4183 2596 4238 λεύοντα
2626 4186 2727 4257 τῆς
2766 4187 3063 4258 ἁμαρτίας.

2445 4272 2534 4328 26.
2564 4274 2640 4346 (α)
2669 4276 2780 4329 Καὶ
2824 4275 3004 4340 πάσας
3046 4276 3142 4340 τὰς
3191 4277 3381 4348 ἀρχάς,
3418 4278 3511 4331 καὶ
3546 4276 3646 4341 τὰς
3677 4278 3942 4344 ἐξουσίας.

2375 4363 2449 4428 ὡς
2482 4366 2763 4436 προεῖπον,
2798 4365 2906 4420 τῶν
2933 4367 3375 4439 προσκυνούντων
3412 4372 3479 4440 τῇ
3512 4369 3749 4441 ἀνομίαο
3795 4372 3946 4424 τοῦτο

2375 4457 2482 4528 γὰρ
2510 4457 2874 4530 ἑρμηνεύεται
2893 4459 3133 4513 Χαναὰν
3151 4461 3657 4528 προσκυνούντων
3675 4462 3941 4532 ἀνομίαν.

2444 4545 2536 4611 27,
2565 4548 2655 4603 28.
2688 4550 2797 4603 Καὶ
2823 4549 2894 4603 τά
2926 4548 3072 4621 ἔθνη,
3105 4549 3142 4604 ἀ
3174 4549 3248 4620 (6)
3273 4549 3334 4602 τὸ
3377 4549 3644 4622 πρότερον
3697 4553 3850 4606 αὐτοὶ
3871 4550 3944 4607 εἱ-

2375 4655 2467 4709 χον
2517 4639 2606 4695 διά
2650 4641 2749 4713 τῆς
2793 4642 3020 4713 πλάνης,
3059 4641 3264 4696 ἑδωκαν
3297 4641 3436 4695 αὐτά
3479 4645 3593 4707 τοῖς
3637 4643 3944 4705 ἀποστόλοις

2375 4727 2800 4802 κληρονομῆσαι,
2831 4732 3077 4787 τουτέστι
3108 4732 3566 4804 περιποιήσασθαι
3594 4736 3708 4799 τοῖς
3731 4736 3943 4807 ἀνδράσι

2374 4822 2485 4884 τοῖς
2531 4820 2886 4893 θεασαμένοις
2924 4825 3119 4880 αὐτόν·
3164 4823 3408 4894 Ἰσραὴλ
3445 4825 3556 4896 γάρ
3594 4827 3944 4898 ἑρμηνεύεται

2308 4888 2351 4944 υ
2380 4912 2536 4984 ἀνὴρ
2557 4888 2718 4984 ὀρῶν.
2737 4888 2904 4970 θεά..

2452 5005 2543 5062 29.
2569 5008 2992 5076 Ἀνεξάλειπτον.

2453 5095 2542 5152 30.
2583 5099 2690 5152 Καὶ
2733 5103 2764 5171 ἡ
2810 5100 2996 5171 μνήμη
3023 5101 3129 5154 τῶν
3153 5100 3493 5171 παθημάτων
3528 5119 3624 5156 σου
3658 5103 3749 5158 ἀεὶ
3776 5100 3928 5171 διαμέ

2411 5205 2461 5243 ει
2490 5191 2586 5262 (7).

1658 5299 1966 5363 Addenda
1991 5308 2052 5363 et
2079 5303 2462 5383 corrigenda
2513 5322 2588 5366 ex
2645 5307 2787 5369 cod.
2834 5309 3011 5370 Vatic

781 5448 858 5517 (1)
899 5449 987 5511 Είς
1016 5450 1267 5516 ἄϐυσσον,
1299 5450 1498 5515 καθώς,
1527 5460 1628 5506 etc.

780 5519 857 5588 (2)
884 5519 1002 5572 Ἐπὶ
1039 5521 1128 5574 τὸν
1151 5522 1411 5585 διάϐολον,
1441 5531 1545 5576 etc.

778 5590 853 5662 (3)
895 5590 1232 5662 Βαπτίσματι
1267 5592 1595 5662 συνέτριψεν.

782 5660 856 5730 (4)
897 5662 1004 5734 Γάρ
1031 5660 1200 5718 deest.

2559 5456 2729 5541 Ξηρά,
2753 5459 3003 5541 etc.,'51:tr
3017 5458 3105 5511 τὸν
3120 5458 3377 5541 θάνατον,
3407 5470 3513 5517 etc.

2468 5527 2524 5597 6)
2562 5527 2652 5580 Τά
2667 5545 2762 5598 pro
2787 5529 2822 5583 ἃ
2847 5530 2926 5587 τό.
2959 5540 3085 5593 ctc.,
3119 5528 3336 5594 ἔδωκεν,
3375 5542 3483 5587 etc.

2458 5598 2524 5669 [7)
2564 5600 2830 5654 Atausvei.

775 5819 852 5893 (ο)
876 5817 990 5876 Non
1019 5821 1211 5892 legitur
1249 5838 1300 5876 In
1336 5823 1455 5878 cod.
1489 5833 1779 5879 connnent.
1813 5823 1881 5880 ad
1911 5822 2070 5893 lhunc
2100 5839 2265 5889 vers.,
2301 5822 2428 5894 quia
2454 5831 2505 5879 et
2531 5821 2585 5878 in
2615 5825 2822 5894 psalmo
2853 5823 3183 5880 desideratur
3219 5837 3360 5878 vers.
3392 5822 3485 5878 26.
