4142 6472
207 412 363 472 {265

285 530 375 585 51.
394 531 515 584 Ὅτι
541 535 715 603 κρινεί
741 534 942 605 Κύριος
972 536 1059 587 τὸν
1099 537 1224 589 λαὸν
1252 539 1417 593 αὐτοῦ
1438 558 1452 572 ·

283 619 375 675 52.
416 620 522 674 Καὶ
556 624 647 676 ἐπὶ
678 627 791 689 τοῖς
816 624 1020 691 δούλοις
1051 628 1215 684 αὐτοῦ
1250 634 1747 707 παρακληθησεται.

284 712 375 769 55.
416 714 497 768 Τὰ
534 715 725 772 εἴδωλα
762 718 869 773 τῶν
920 720 1088 776 ὲθνῶν
1121 725 1383 799 ἀργύριον
1416 730 1511 784 καὶ
1544 733 1766 804 χρυσίον

199 804 356 876 ἔργα
380 806 575 878 χειρῶν
607 809 926 882 ἀνθρώπων.

286 894 377 949 51.
419 897 601 968 Στόμα
630 898 831 969 ἔχουσι,
863 904 954 957 καὶ
977 905 1037 958 ού
1070 905 1394 980 λαλήσουσιν
1414 935 1427 947 ·

248 1054 255 1059 1
284 987 373 1042 55.
400 987 742 1062 Ὀφθαλμοὺς
769 992 972 1064 ἔχουσι,
989 999 1084 1053 καὶ
1104 1000 1203 1053 ούκ
1228 1002 1467 1073 ὄψονται.

282 1077 374 1134 56.
392 1074 527 1135 Ὦτα
560 1082 761 1154 ἔχουσι,
792 1089 887 1141 καὶ
913 1089 1012 1142 οὐκ
1033 1092 1483 1165 ὲνωτισθήσονται
1507 1096 1787 1169 [ἀκούσον-

196 1168 348 1243 ται]-

282 1266 371 1320 37.
412 1266 547 1322 Ούδὲ
573 1270 681 1341 γάρ
702 1272 818 1326 ἐστι
849 1274 1065 1345 πνεῦμα
1091 1279 1148 1330 ὲν
1182 1277 1258 1349 τῷ
1287 1279 1515 1350 στόματι
1548 1282 1745 1339 αὐτῶν.

288 1358 377 1413 58.
396 1358 612 1432 Ὀμοιοι
638 1364 823 1431 αὐτοῖς
847 1366 1089 1435 γένοιντο
1117 1371 1166 1423 oi
1198 1372 1475 1437 ποιοῦντες
1502 1376 1662 1441 αὐτὰ,

283 1450 372 1505 59.
415 1453 525 1506 Καὶ
556 1454 753 1519 πάντες
780 1458 828 1510 οἱ
855 1460 1172 1525 πεποιθότες
1197 1463 1283 1514 ἐπ’
1312 1464 1512 1529 αὐτοῖς.

280 1545 371 1601 40.
410 1544 572 1614 Οἶκος
602 1550 837 1623 Ἰσραὴλ,
866 1553 1194 1627 εύλογήσατε
1221 1556 1310 1611 τὸν
1334 1558 1565 1630 Κύριον·

279 1638 369 1692 41.
409 1637 573 1704 Οἶκος
599 1642 830 1714 Ἀαρὼν,
857 1645 1186 1720 εύλογήσατε
1216 1650 1307 1704 τὸν
1326 1651 1530 1724 Κύριον
1548 1670 1561 1683 ·

281 1729 369 1787 ιε.
409 1726 572 1796 Οἶκος
600 1733 750 1799 Λευῒ,
790 1736 1121 1811 εύλογήσατε
1149 1741 1241 1795 τὸν
1274 1740 1475 1813 Κύριον
1499 1758 1513 1773 ·

282 1823 369 1878 45.
409 1822 475 1879 Οί
523 1824 847 1898 φοϐούμενοι
893 1831 984 1885 τὸν
1031 1832 1253 1905 Κύριον,
1313 1833 1641 1907 εύλογήσατε
1691 1840 1779 1892 τὸν

203 1913 253 1966 Κ
264 1913 430 1985 ύριον.

284 2004 371 2060 44.
414 2004 718 2081 Εὐλογητὸς
756 2013 959 2085 Κύριος
988 2017 1051 2069 ὲκ
1085 2016 1240 2081 Σιὼν,

280 2093 369 2150 45.
398 2095 458 2152 Ὀ
492 2100 760 2156 κατοικῶν
803 2104 1176 2176 Ἰερουσαλήμ.

1105 424 1194 479 DE
1236 425 1512 484 τιτιωδ
1561 431 2015 498 PSALMORUM.
2060 473 2129 490 --
2169 442 2362 499 PSAL.
2398 442 2675 500 CXXXIV.

3336 459 3357 513 1
3368 460 3472 517 266

1962 553 2054 607 51.
2099 552 2237 621 Quia
2268 554 2539 625 judicabit
2564 557 2828 616 Dominus
2866 567 3128 636 pupulum
3163 586 3320 626 suum
3346 595 3361 625 -.

1965 643 2054 696 52.
2098 643 2165 699 Et
2188 646 2240 699 in
2265 647 2439 703 servis
2474 650 2591 705 suis
2617 650 3015 722 deprecabitur.

1960 736 2047 791 55.
2089 737 2394 795 Simulacra
2429 742 2675 809 gentium
2701 756 2981 817 argentum
3013 759 3069 805 et
3100 766 3318 821 aurum,
3344 770 3469 825 ope-

1889 841 1947 880 ra
1978 842 2240 883 manuum
2271 831 2573 891 hominum.

1959 920 2049 976 54.
2090 920 2165 979 Os
2195 924 2415 993 habent,
2446 937 2501 983 et
2529 942 2637 983 non
2671 930 2960 1002 loquentur
2993 954 3005 988 :

1958 1013 2046 1069 35.
2085 1013 2287 1072 Oculos
2318 1017 2536 1083 habent,
2567 1030 2622 1076 et
2652 1036 2759 1078 non
2796 1024 3068 1082 videbunt.

1958 1105 2043 1160 36.
2088 1105 2263 1164 Aures
2298 1107 2520 1175 habent,
2547 1120 2601 1167 et
2632 1128 2739 1169 non
2774 1114 2997 1170 audient
3026 1135 3039 1170 :

1959 1283 2047 1337 37.
2088 1282 2274 1355 Neque
2298 1286 2445 1342 enim
2476 1296 2564 1343 est
2590 1288 2815 1359 spiritus
2849 1289 2901 1344 in
2932 1304 3027 1347 ore
3058 1292 3322 1363 ipsorum.

1956 1374 2043 1430 38.
2088 1374 2304 1433 Similes
2332 1378 2439 1434 illis
2472 1378 2607 1435 ﬁant
2631 1380 2724 1452 qui
2760 1381 2967 1437 faciunt
2995 1398 3082 1452 ea,

1957 1465 2044 1520 59.
2088 1464 2155 1521 Et
2179 1481 2369 1523 omnes
2402 1468 2496 1539 qui
2534 1470 2813 1527 conﬁdunt
2840 1472 2893 1527 in
2918 1473 3018 1530 eis.

1958 1564 2045 1619 ιο.
2084 1563 2290 1621 Domus
2320 1564 2505 1635 lsracl,
2544 1568 2849 1626 benedieite
2874 1570 3142 1628 Domino;

1955 1655 2044 1711 41.
2087 1654 2293 1714 Domus
2322 1658 2524 1727 Aaron,
2558 1659 2863 1718 benedicite
2892 1662 3122 1719 Domino
3150 1683 3162 1719 :

1955 1747 2043 1802 ἢ.
2088 1746 2295 1805 Domus
2320 1747 2472 1817 Levi,
2504 1750 2807 1809 benedicite
2842 1752 3111 1811 Domino:

1956 1839 2042 1894 .t3.
2082 1837 2187 1906 Qui
2215 1841 2421 1898 timetis
2454 1841 2767 1913 Dominum,
2802 1845 3104 1904 benedicitc
3138 1846 3382 1906 Domino.

1956 2018 2044 2071 41.
2089 2018 2410 2075 Benedictus
2442 2020 2704 2075 Dominus
2737 2037 2801 2076 ex
2831 2023 2983 2087 Sion,

1956 2110 2045 2164 45.
2086 2108 2191 2176 Qui
2223 2109 2432 2166 habitat
2458 2110 2512 2167 in
2537 2109 2859 2170 Jerusalem.

1332 2304 1613 2363 A'l‘llANA
1627 2307 1710 2364 Sll
1752 2307 2331 2368 INTERPRETATIO.

276 2478 364 2534 51.
384 2479 501 2532 Ὅτι
529 2481 739 2553 ποιήσει
764 2480 968 2554 Κύριος
989 2484 1088 2556 τὴν
1111 2486 1385 2558 ἐκδίκησιν
1413 2488 1504 2542 τοῦ
1529 2489 1657 2542 λαοῦ
1678 2492 1763 2543 αύ-

198 2571 299 2627 τοῦ
332 2573 396 2625 ὲκ
427 2570 534 2625 τῶν
562 2575 817 2628 ἐναντίων
845 2574 1144 2648 δυνάμεων.

272 2664 362 2719 52.
398 2666 507 2720 Καὶ
557 2668 648 2722 ἐπὶ
680 2670 792 2732 τοῖς
839 2669 1170 2723 ὑπακούουσι
1199 2670 1275 2741 τῷ
1311 2670 1452 2744 λόγῳ
1474 2671 1567 2727 τοῦ
1599 2674 1775 2746 Εὐαγ-

195 2758 381 2827 γε).ίου
413 2759 604 2813 ἑαυτὸν
634 2761 961 2833 δυσωπήσας
994 2762 1483 2836 καταλλαγήσεται.

272 2850 362 2904 55.
408 2852 488 2905 Τὰ
522 2849 748 2923 σώματα
779 2854 871 2908 καὶ
905 2854 962 2907 αί
1004 2853 1172 2926 ψυχαὶ
1208 2857 1316 2911 τῶν
1350 2857 1576 2923 ἐθνικῶς
1602 2859 1775 2931 βιούνο

194 2959 310 2997 των
364 2942 680 2998 δεδούλωται
723 2946 799 3019 (1)
846 2949 911 3020 τῇ
956 2946 1318 3020 φιλαργυρίᾳ·
1364 2950 1426 3003 τὸ
1464 2950 1561 3022 μὲν
1616 2952 1778 3006 ίδικὸν

194 3033 279 3095 ὡς
304 3033 397 3086 καὶ
428 3033 659 3106 ἀλλαχοῦ
680 3040 892 3111 εἴρηται
923 3039 1080 3109 δῆλόν
1110 3040 1277 3101 ἐστιν,
1303 3042 1336 3110 ἡ
1356 3040 1412 3093 δὲ
1438 3040 1637 3113 θεωρία
1657 3041 1777 3095 τοῦ·

194 3141 261 3179 το
294 3124 563 3196 βούλεται.

268 3221 359 3275 54.
397 3220 563 3275 Οὐδὲν
593 3220 701 3293 γὰρ
729 3224 1001 3294 εἰρηνικὸν
1033 3226 1090 3278 ὲν
1118 3224 1195 3296 τῷ
1220 3225 1446 3297 στόματι
1471 3227 1666 3283 αὐτῶν.

1951 2491 2037 2545 51.
2072 2490 2339 2558 Quoniam
2371 2492 2636 2551 Dominus
2667 2494 2965 2552 vindicabit
3007 2499 3266 2567 pOpulum
3294 2516 3453 2560 suum

1881 2594 1910 2631 a
1943 2580 2236 2636 contrariis
2268 2584 2648 2651 potestatibus.

1950 2669 2039 2724 52.
2102 2669 2167 2726 Et
2224 2670 2279 2727 in
2336 2672 2715 2731 obedientibus
2744 2676 2911 2734 verbo
2959 2680 3237 2754 Evangelii
3284 2685 3366 2741 sui
3396 2702 3455 2743 se

1880 2764 2058 2833 ipsum
2091 2778 2330 2822 exorans
2357 2768 2823 2825 reconciliabitur.

1949 2856 2041 2911 33.
2068 2854 2337 2928 Corpora,
2370 2868 2425 2915 et
2452 2862 2649 2918 anima:
2695 2878 2907 2933 eorum,
2948 2866 3038 2937 qui
3076 2869 3349 2939 gentiliter
3374 2872 3452 2927 vi-

1875 2956 2032 3011 vunt,
2061 2947 2364 3005 inserviunt
2393 2953 2637 3008 avaritiae
2686 2972 2699 3008 :
2746 2957 2970 3027 proprie
3004 2971 3185 3017 autem
3216 2962 3346 3034 quid
3376 2965 3452 3020 si-

1875 3037 2093 3109 gniticet
2114 3039 2243 3096 alibi
2261 3041 2426 3098 etiam
2456 3043 2661 3101 dictum
2691 3055 2794 3113 est,
2813 3048 3071 3121 allegoria
3103 3062 3284 3110 autem
3310 3055 3450 3113 hanc

1873 3128 2041 3200 exigit
2066 3130 2511 3202 explicationem.

1945 3223 2034 3278 54.
2075 3221 2224 3281 Nihil
2249 3228 2396 3282 enim
2430 3230 2719 3300 pacificum
2752 3232 2805 3288 in
2841 3248 2937 3289 ore
2971 3235 3233 3305 ipsorum.

270 3312 359 3367 55.
387 3313 473 3365 Ἑν
503 3313 683 3367 σκότει
713 3315 820 3388 γὰρ
869 3316 1309 3390 διαπορευόμενοι
1334 3319 1409 3391 (2)
1436 3322 1535 3375 ούκ
1577 3323 1774 3394 ἀνανή-
1801 3306 1844 3364 C

1948 3316 2035 3370 35.
2080 3316 2137 3372 In
2193 3318 2431 3376 tenebris
2462 3336 2678 3395 semper
2704 3325 3048 3384 ambulantes
3082 3330 3146 3384 ad
3182 3329 3440 3386 sobrieta-

196 3418 412 3472 τίουσιν.

269 3491 358 3547 56.
378 3492 488 3563 Ούχ
516 3495 846 3551 ὑπακούουσι
877 3499 983 3571 γὰρ
1008 3504 1118 3564 τοῖς
1140 3503 1231 3555 τοῦ
1262 3502 1396 3556 Θεοῦ
1420 3507 1771 3577 προστάγμα-

197 3598 308 3648 σιν,
340 3581 417 3644 ὡς
444 3583 550 3665 Δκαὶ
600 3585 630 3636 ὀ
678 3585 883 3657 Κύριος
927 3590 1065 3660 πρὸς
1092 3592 1217 3655 τοὺς
1252 3592 1521 3658 τοιούτους
1554 3595 1767 3665 ἔλεγεν·

206 3672 270 3725 '0
295 3662 453 3743 ἔχων·
479 3668 599 3728 ὦτα
631 3677 894 3747 ἀκούειν,
926 3681 1209 3738 ἀκουέτω.

267 3763 357 3819 57.
398 3765 531 3819 Οὐδὲ
564 3768 639 3839 (5)
676 3768 783 3843 γὰρ
813 3771 993 3843 ἔχουσι
1022 3775 1244 3847 Πνεῦμα
1278 3778 1450 3848 ἀγιον.

269 3856 357 3912 58.
384 3856 611 3930 Ὁμοίως
636 3862 744 3917 τῶν
769 3867 1064 3937 χρημάτων
1091 3870 1167 3941 τῷ
1200 3871 1331 3943 πυρὶ
1371 3874 1769 3949 παραδοθήσον-

190 3968 287 4005 ται
315 3951 365 4005 oi
396 3952 816 4025 θησαυρίζοντες
841 3962 1007 4018 αύτά.

269 4044 357 4101 59.
398 4047 506 4101 Καὶ
545 4050 744 4115 πάντες
766 4054 815 4105 οί
845 4054 1162 4120 πεποιθότες
1195 4059 1287 4112 ἐπὶ
1314 4058 1543 4114 πλούτου
1578 4060 1767 4132 ἀδηλό-

197 4152 340 4208 τητι.

268 4230 359 4285 40.
395 4230 458 4285 01
489 4232 703 4288 εὐθεῖαν
735 4235 946 4307 ἔχοντες
971 4239 1069 4312 τὴν
1099 4241 1323 4303 καρδίαν
1346 4243 1481 4316 πρὸς
1501 4247 1592 4299 τὸν
1614 4246 1766 4310 Θεὸν,

197 4322 454 4389 δοξάσατε
483 4326 573 4381 τὸν
602 4328 805 4401 Κύριον
824 4348 838 4363 ·
875 4332 1122 4403 Ἰσραὴλ
1149 4334 1254 4407 γὰρ
1289 4337 1648 4408 ἑρμηνεύεται
1674 4343 1743 4395 εὐ

198 4415 383 4483 θύτης
408 4418 576 4473 Θεοῦ.

269 4506 357 4563 41.
397 4508 457 4561 Οἱ
488 4508 689 4581 ἑδραῖοι
710 4512 860 4576 ὄντες
886 4517 1011 4585 περὶ
1034 4516 1133 4587 τὴν
1164 4518 1346 4572 πίστιν
1372 4522 1463 4573 καὶ
1489 4520 1586 4585 τὰς
1617 4522 1765 4575 ἐντο-

197 4601 295 4665 λὰς
320 4600 414 4655 τοῦ
440 4602 596 4667 Θεοῦ,
627 4604 880 4671 δοξάσατε
912 4608 987 4678 (1)
1013 4609 1105 4662 τὸν
1128 4610 1328 4681 Κύριον
1351 4628 1364 4641 ·
1405 4613 1622 4682 Ἀαρὼν
1658 4615 1766 4687 γὰρ
1796 4653 1841 4707 D

197 4694 556 4765 ἑρμηνεύεται
585 4696 721 4765 ὄρος
744 4698 1024 4754 δυνατόν.

267 4781 357 4837 42.
381 4785 442 4837 Oi
473 4787 853 4859 προσκείμενοι
881 4788 959 4859 τῷ
982 4789 1121 4861 Θεῷ,
1145 4791 1402 4858 δοξάσατε
1429 4794 1518 4848 τὸν
1538 4794 1758 4867 Κύριον·

196 4872 343 4927 Acut
373 4873 449 4945 (5)
475 4874 583 4945 γὰρ
606 4877 961 4950 ἑρμηνεύεται
989 4884 1439 4953 προσκείμενος.

266 4964 353 5018 45.
390 4967 452 5019 Ol
478 4967 721 5035 εύλαόεἶς
745 4973 809 5044 τῇ
832 4973 1046 5046 καρδίᾳ,
1071 4976 1447 5046 ὲγκωμιάσατε
1472 4976 1652 5031 αὐτόν.

265 5053 356 5119 44,
380 5056 466 5111 45.
499 5058 651 5114 Σιὼν
671 5062 1024 5135 ἑρμηνεύεται
1053 5063 1292 5134 διψῶσα
1309 5083 1325 5097 ·
1369 5065 1759 5136 Ἰερουσαλὴμ

197 5145 555 5216 ἑρμηνεύεται
592 5148 799 5218 ὅρασις
825 5152 1066 5221 εἰρήνης
1088 5171 1101 5184 ·
1131 5157 1195 5208 ὲκ
1224 5156 1444 5226 καρδίας
1469 5151 1561 5210 οὖν
1594 5155 1759 5226 διψώ-

198 5252 299 5307 σης
333 5235 409 5308 (6)
437 5238 723 5310 εὐλογητὸς
748 5242 948 5315 Κύριος
978 5246 1006 5298 ὁ
1039 5246 1304 5301 κατοικῶν
1336 5249 1395 5302 ὲν
1428 5249 1582 5320 αὐτῇ.

1876 3418 1981 3463 tem
2016 3409 2216 3466 mentis
2244 3426 2355 3468 non
2380 3414 2629 3471 redeunt.

1943 3502 2030 3557 36.
2083 3501 2198 3558 Non
2234 3504 2379 3560 enim
2422 3506 2679 3561 obediunt
2726 3506 2924 3564 divinis
2968 3514 3272 3581 prmceptis,
3305 3512 3444 3569 sicut

1872 3603 1927 3649 ct
1952 3594 2215 3651 Dominus
2237 3594 2356 3651 istis
2384 3596 2522 3652 dixit
2552 3598 2690 3665 :Qui
2714 3599 2866 3656 habet
2891 3618 3045 3658 aures
3074 3603 3324 3659 audiendi
3346 3622 3441 3660 att-

1871 3687 2006 3741 dial.

1940 3780 2027 3835 57.
2069 3779 2252 3852 Neque
2281 3782 2426 3838 enim
2463 3782 2664 3840 habent
2697 3784 2963 3858 Spiritutn
2995 3798 3265 3845 sanctum.

1942 3872 2031 3928 38.
2072 3873 2303 3931 Perinde
2349 3889 2413 3932 ac
2457 3877 2699 3944 pecunia:
2725 3879 2833 3951 igni
2866 3881 3148 3938 tradentur
3174 3883 3443 3941 thesauri-

1872 3974 2058 4020 zantes
2078 3982 2190 4023 eas.

1940 4056 2028 4111 39.
2069 4055 2134 4113 Et
2162 4060 2479 4131 omnes,qui
2510 4061 2861 4118 conliduntin
2882 4064 3086 4121 incerto
3102 4065 3434 4125 divitiarum.

1938 4234 2024 4289 40.
2066 4232 2170 4301 Qui
2209 4245 2417 4292 rectum
2448 4235 2660 4293 habetis
2709 4252 2805 4293 cor
2835 4240 2902 4294 ad
2941 4238 3108 4296 Deum
3143 4241 3440 4313 gloriﬁcate

1869 4326 2155 4384 Dominum
2184 4347 2196 4383 :
2230 4327 2402 4383 Israel
2438 4329 2582 4385 enim
2610 4330 3001 4402 interpretatur
3030 4333 3287 4389 rectitudo
3316 4333 3435 4393 Dei.

1938 4508 2028 4561 41.
2060 4506 2162 4573 Qui
2190 4506 2330 4563 tirmi
2356 4508 2490 4566 estis
2515 4510 2569 4565 in
2597 4510 2701 4566 (ide
2732 4519 2784 4565 et
2818 4513 3101 4583 praeceptis
3126 4512 3242 4581 Dei,
3270 4514 3435 4585 glori-

1868 4599 2025 4654 ﬁcate
2070 4597 2359 4655 Dominum
2412 4618 2425 4654 :
2482 4607 2661 4656 Aaron
2698 4603 2842 4657 enim
2879 4604 3258 4675 interpretatur
3289 4623 3435 4663 mons

1869 4694 2040 4765 fortis.

1936 4788 2024 4843 42.
2058 4788 2303 4858 Appositi
2330 4788 2440 4843 Deo
2464 4789 2759 4860 gloriticate
2783 4792 3071 4849 Dominum
3099 4813 3112 4850 :
3144 4794 3267 4850 Levi
3289 4798 3434 4853 enim

1866 4881 2251 4950 interpretatur
2278 4881 2570 4951 appositus.

1928 4969 2013 5023 45.
2043 4966 2124 5025 Pii
2148 4978 2201 5026 et
2226 4971 2474 5027 timentes
2506 4974 2690 5038 corde.
2718 4977 2954 5031 exaltate
2982 4991 3130 5033 eum.

1930 5062 2020 5130 44,
2051 5062 2140 5117 45.
2173 5060 2303 5119 Sion
2334 5063 2722 5135 interpretatur
2750 5068 2931 5122 sitiens
2960 5086 2979 5123 :
3012 5068 3309 5125 Jerusalem
3353 5072 3435 5126 in-

1868 5164 2193 5226 terpretatur
2225 5157 2357 5212 visio
2384 5159 2531 5227 pacis
2560 5174 2577 5211 :
2607 5175 2673 5214 ex
2702 5160 2862 5216 corde
2891 5162 3053 5231 igitur
3096 5165 3310 5221 sitiente
3348 5165 3437 5221 be-

1870 5247 2120 5304 nedictus
2148 5247 2435 5317 Dominus,
2460 5252 2552 5322 qui
2586 5252 2793 5308 habitat
2827 5253 2880 5307 in
2908 5254 3045 5326 ipso.

1147 5427 1451 5490 Addenda
1494 5434 1556 5490 et
1587 5429 1961 5510 corrigenda
1994 5446 2071 5491 ex
2112 5430 2251 5492 cod.
2286 5430 2487 5495 Vatic.

267 5612 347 5745 (1)
382 5611 759 5699 Δεδούλωνται.

293 5681 344 5745 Ξ)
383 5683 759 5745 Πορευομενοι.

293 5681 344 5755 ἓ)
383 5683 761 5755 ῌορευὸμενοι.

270 5747 349 5824 (5)
388 5747 520 5835 Quae
540 5747 642 5811 sub
669 5772 723 5810 ιι.
750 5755 1056 5835 57Αι1ςξειιιιι.
1076 5760 1141 5815 At
1178 5760 1265 5835 57,
1292 5761 1379 5828 58,
1399 5760 1471 5835 ita
1498 5780 1511 5815 :
1546 5762 1756 5835 Ομοίως

196 5821 306 5882 τῶν
332 5821 633 5896 χρημάτων
663 5826 1117 5897 παραδοθήσονται
1147 5830 1223 5900 τῷ
1254 5821 1455 5902 αἰωνίῳ
1497 5821 1625 5905 πυρὶ
1665 5821 1759 5905 en".

1870 5624 2209 5687 σαυρίζοντες
2235 5624 2391 5679 αὐτὰ.

1939 5642 1968 5676 υ
2012 5641 2209 5687 ιςοντες
2235 5641 2391 5679 αυτα.

1936 5641 2011 5771 (ὃ
2050 5691 2317 5771 ᾼοξᾴσατε
2349 5695 2437 5749 τὸν
2470 5698 2691 5771 Κύριον,
2722 5700 2871 5757 deest
2903 5703 2957 5758 in
2984 5704 3105 5761 cod.

1935 5766 2011 5837 (ὃ)
2049 5764 2211 5837 Λενῒς
2243 5766 2369 5837 γάρ.
2398 5778 2499 5825 etc.

1938 5835 2013 5909 (6)
2048 5835 2301 5909 Διψώσης
2321 5835 2516 5903 αὐτὸν.
2546 5840 2852 5912 εύλογητός,
2886 5853 2991 5902 etc.
