4142 6484
766 384 897 440 1271
1681 398 1738 452 S.
1780 400 2155 460 ATHANASH
2189 407 2337 466 OPP.
2381 412 2556 468 PARS
2593 413 2679 468 Ill.
2722 446 2788 456 -—-
2828 414 3231 474 EXEGETICA.
3871 423 3987 478 1272

830 497 922 552 50.
960 498 1226 565 Quoniam
1251 503 1302 556 in
1334 513 1590 561 :eternum
1623 509 2000 568 misericordia
2037 519 2182 587 ejus.
2355 528 2400 583 Α

2037 519 2182 587 ejus.
2355 528 2400 583 Α
2502 525 2589 578 50.
2617 526 2738 578 Ὅτι
2764 529 2844 590 εἰς
2873 529 2964 580 τὸν
3001 527 3171 581 αἰῶνα
3207 530 3267 582 τὸ
3297 530 3443 592 ἕλεος
3468 530 3655 585 αὐτου.

828 590 917 644 51.
957 590 1061 656 Qui
1092 593 1329 648 traduxit
1377 598 1633 666 populum
1666 617 1823 656 suum
1860 621 1956 674 per
1985 607 2292 666 desertum:

2501 617 2590 671 3i.
2623 618 2711 688 Τῷ
2739 618 3055 688 ὃιαγαγόντι
3088 620 3177 672 τὸν
3202 620 3326 674 λαὸν
3358 590 3522 674 αὐτοῦ
3547 623 3606 674 ὲν
3647 625 3717 694 τῇ

827 681 919 735 52.
954 682 1220 748 Quoniam
1246 687 1299 740 in
1331 697 1595 744 aeternum
1633 694 2007 753 misericordia
2039 701 2177 770 ejus.

2039 701 2177 770 ejus.
2503 709 2592 762 52.
2630 711 2749 763 Ὅτι
2776 713 2855 773 εἰς
2886 712 2978 765 τὸν
3008 712 3178 765 αἰῶνα
3210 713 3270 766 τὸ
3302 713 3449 778 ἕλεος
3473 715 3664 769 αὐτοῦ.

826 771 916 826 55.
948 772 1050 840 Qui
1079 778 1348 844 percussit
1388 795 1538 850 reges
1573 797 1832 853 magnos:

2498 800 2586 854 33.
2621 802 2711 873 Τῷ
2740 771 3038 868 πατάξαντι
3080 803 3317 874 βασιλεῖς
3350 771 3616 878 μεχάλους
3636 828 3649 840 ·

825 865 916 918 54.
951 865 1221 932 Quoniam
1260 869 1312 922 in
1339 880 1599 927 aeternum
1637 877 2014 934 misericordia
2044 882 2179 951 ejus.

2044 882 2179 951 eius.
2501 890 2589 947 34.
2629 865 2750 947 Ὅτι
2779 896 2860 958 είς
2885 865 2975 948 τὸν
3001 865 3173 950 αἰῶνα
3204 898 3269 950 τὸ
3297 865 3447 962 έλεοξ
3475 897 3663 952 αὑτοῦ.

823 957 912 1012 55.
947 957 1011 1012 Et
1032 961 1231 1016 occidit
1258 978 1410 1034 reges
1438 965 1637 1023 fortes:

2497 985 2586 1039 55.
2620 985 2730 1039 Kal
2751 987 3129 1041 ἀποκτείναντι
3154 988 3393 1058 βασιλεῖς
3423 991 3753 1065 κραταιούς·

826 1051 914 1106 56.
958 1051 1230 1118 Quoniam
1262 1056 1313 1109 in
1352 1068 1614 1114 mternum
1650 1063 2025 1119 misericordia
2048 1066 2187 1137 ejus.

2003 1082 2025 1119 υ
2048 1066 2187 1137 ejus.
2494 1074 2584 1128 36.
2623 1077 2742 1129 Ὅτι
2769 1080 2848 1142 εἰς
2871 1078 2959 1131 τὸν
2990 1079 3158 1132 αἰῶνα
3189 1081 3250 1133 τὸ
3279 1081 3422 1144 ἔλεος
3455 1081 3639 1135 αὑτοῦ.

823 1143 913 1197 37.
951 1143 1129 1200 Sehon
1160 1163 1337 1218 regem
1364 1150 1844 1209 Amorrhaeorum:
2167 1149 2171 1152 ’

2167 1149 2171 1152 ’
2493 1166 2580 1220 57.
2617 1168 2719 1220 Τὸν
2751 1170 2904 1240 Σηὼν
2939 1169 3162 1241 βασιλέα
3197 1171 3305 1225 τῶν
3346 1174 3692 1245 ’Δμορῤαίων
3716 1189 3731 1202 ⁸

827 1234 915 1287 58.
955 1235 1224 1300 Quoniam
1256 1241 1308 1294 in
1337 1252 1600 1297 aeternum
1635 1246 2004 1303 misericordia
2034 1249 2176 1320 ejus.

2034 1249 2176 1320 ejl'S-
2492 1259 2583 1315 38.
2613 1262 2738 1314 ’Ότι
2766 1265 2844 1328 εἰς
2878 1264 2966 1317 τὸν
2990 1266 3164 1319 αἰῶνα
3189 1265 3249 1319 τὸ
3279 1266 3430 1330 ἔλεος
3463 1266 3647 1321 αὐτοῦ.

828 1327 916 1382 59.
954 1328 1017 1382 Ει
1045 1330 1123 1404 0g
1149 1348 1325 1404 regem
1355 1335 1530 1390 Basan
1555 1356 1567 1390 :

2497 1351 2583 1405 39.
2619 1353 2731 1406 Kal
2755 1327 2844 1407 τὸν
2872 1357 2971 1424 Ὢγ
3003 1358 3229 1427 βασιλέα
3251 1361 3346 1430 τῆς
3370 1327 3549 1414 Βασάν
3568 1379 3581 1392 °

822 1420 911 1474 40.
941 1420 1206 1488 Quoniam
1237 1427 1288 1479 in
1314 1437 1574 1482 :eternum
1604 1431 1974 1506 misericordia
2005 1437 2142 1505 ejus.

2029 1437 2142 1505 “jus-
2494 1443 2583 1497 40.
2615 1445 2739 1497 Ὅτι
2766 1447 2846 1510 εἰς
2877 1420 2968 1500 τὸν
3003 1420 3177 1504 αἰῶνα
3209 1450 3270 1503 τὸ
3297 1420 3443 1516 ἕλεος
3474 1453 3665 1508 αὑτοῦ.

819 1512 908 1567 41.
944 1512 1187 1570 Et-dedit
1216 1526 1413 1573 terram
1444 1536 1636 1575 eorum
1665 1523 2031 1580 lnereditatem
2059 1547 2071 1581 :

2495 1536 2583 1590 41.
2622 1539 2732 1591 Καὶ
2757 1540 2899 1592 δόντι
2933 1542 3032 1612 τὴν
3066 1542 3170 1613 γῆν
3204 1544 3384 1597 αὐτῶν
3412 1512 3784 1617 κληρονομίαν
3805 1564 3822 1580 ο

820 1603 908 1658 42.
947 1603 1218 1670 Quoniam
1256 1610 1308 1662 in
1338 1620 1598 1668 aeternum
1624 1615 2004 1672 misericordia
2036 1619 2173 1689 ejus.

1994 1635 2004 1671 ι
2036 1619 2173 1689 ejus.
2488 1626 2575 1680 42.
2603 1628 2723 1680 Ὀτι
2753 1631 2833 1693 εἰς
2863 1627 2954 1682 τὸν
2977 1603 3151 1685 αἰῶ-να
3177 1633 3239 1686 τὸ
3260 1633 3409 1698 ἔλεος
3441 1603 3630 1690 αύτοῦ.

817 1695 908 1750 45.
948 1693 1324 1754 Hazreditatcm
1356 1701 1517 1758 Israel
1546 1719 1714 1758 servo
1732 1721 1866 1763 suo:

2491 1720 2579 1774 45.
2617 1721 2997 1793 κληρονομίαν
3044 1725 3258 1796 Ἰσραὴλ
3282 1693 3454 1798 δούλῳ
3481 1729 3647 1782 αὐτοῦ
3674 1747 3687 1760 ·

816 1787 906 1840 44.
947 1787 1213 1854 Quoniam
1247 1791 1300 1845 in
1336 1802 1599 1850 aeternum
1630 1799 2005 1857 misericordia
2031 1804 2170 1874 ejus.
2351 1877 2382 1884 _

1983 1818 2005 1857 Ἀ
2031 1804 2170 1874 ejus.
2351 1877 2382 1884 _
2488 1813 2575 1866 44.
2609 1787 2827 1879 Ὅτιηείς
2853 1787 2946 1869 τὸν
2973 1787 3145 1872 αἰῶνα
3177 1787 3237 1872 to
3257 1819 3406 1884 ἔλεος
3426 1787 3619 1874 ἀὺτοῦ.

821 1879 911 1933 45.
942 1880 1077 1945 Quia
1109 1882 1162 1936 in
1196 1883 1498 1941 humilitate
1531 1900 1717 1945 nostra
1745 1908 1955 1949 memor
1986 1893 2092 1950 fuit
2139 1899 2314 1954 nostri
2350 1877 2389 1932 Β

2291 1899 2314 1953 ’ἰ
2350 1877 2389 1932 Β
2491 1905 2581 1960 45.
2611 1906 2733 1959 ’Ὁτι
2766 1877 2823 1960 ὲν
2849 1911 2914 1961 τῆ
2958 1909 3282 1964 ταπεινώσει
3313 1877 3468 1966 ὑμῶν
3501 1913 3750 1986 ἐμνήσθη
3781 1912 3927 1985 ἡμῶν

749 1969 1041 2028 Dominus:

1032 1993 1041 2026 ;
2421 1998 2623 2068 Κύριος
2649 2016 2661 2027 ·

819 2066 904 2120 46.
941 2067 1211 2132 Quoniam
1244 2071 1296 2125 in
1322 2083 1586 2128 aeternum
1612 2077 1988 2135 misericordia
2008 2082 2149 2154 ejus.

1977 2082 2149 2154 Iejus.
2488 2066 2574 2142 46.
2604 2089 2728 2142 Ὅτι
2758 2092 2836 2154 εἰς
2856 2092 2947 2144 τὸν
2975 2092 3148 2146 αἰῶνα
3179 2093 3238 2146 τὸ
3258 2093 3403 2156 ἔλεος
3427 2096 3613 2150 αὑτοῦ.

816 2159 907 2213 47.
940 2159 1007 2212 Ει
1033 2163 1260 2216 redemit
1285 2180 1384 2220 nos
1419 2167 1488 2219 ab
1511 2167 1746 2224 inimicis
1777 2171 2010 2229 nostris:

2490 2179 2579 2234 47.
2614 2182 2726 2234 Kal
2758 2182 3100 2254 ἐλυτρὼσατο
3129 2186 3278 2255 ἡμᾶς
3302 2188 3366 2239 ὲκ
3389 2186 3498 2240 τῶν
3521 2188 3734 2259 ἐχθρῶν
3763 2190 3935 2261 ἡμῶν·

814 2249 903 2304 48.
941 2251 1208 2317 Quoniam
1246 2255 1299 2309 in
1327 2265 1590 2313 aeternum
1619 2262 1993 2320 misericordia
2033 2268 2170 2338 ejus.

1977 2281 1993 2319 ι
2033 2268 2170 2338 ejus.
2487 2269 2575 2324 48.
2606 2272 2726 2324 Ὅτι
2753 2273 2831 2335 εἰς
2863 2249 2952 2326 τὸν
2976 2249 3228 2328 αἰῶναντὸ
3250 2274 3398 2340 ἔλεος
3428 2249 3613 2332 αὐτού.

815 2341 903 2395 49.
939 2342 1041 2408 Qui
1068 2344 1158 2399 dat
1186 2361 1367 2400 escam
1401 2350 1548 2403 omni
1578 2352 1761 2405 carni:

2488 2362 2576 2418 49.
2617 2364 2674 2416 Ὀ
2704 2364 2879 2428 διδοὺς
2903 2369 3108 2439 τροφὴν
3138 2369 3286 2439 πάσῃ
3318 2371 3481 2440 σαρκί
3500 2389 3513 2403 ⁸

1874 2511 2246 2570 ATHANASII
2284 2513 2862 2578 INTERPRETATIO.

747 2639 951 2690 smum,
983 2626 1107 2695 quia
1133 2631 1592 2697 quemadmodum
1627 2633 1682 2688 in
1721 2636 1858 2690 mari
1894 2636 2178 2693 vivescunt
2200 2639 2318 2709 ejus

2421 2657 2519 2694 σαν
2542 2641 2629 2695 διὰ
2663 2642 2819 2696 τοῦτο
2846 2643 2990 2713 λέγει
3025 2646 3085 2699 τὸ
3116 2647 3399 2718 βάπτισμα
3449 2648 3573 2701 ἐπεὶ
3603 2649 3676 2718 (1)
3724 2651 3801 2714 ὡς
3839 2653 3893 2704 ἐν
3916 2654 3971 2722 τῇ

744 2715 942 2783 pisces,
975 2716 1049 2771 ita
1082 2726 1136 2772 et
1187 2719 1240 2773 in
1289 2719 1392 2777 hoc
1440 2725 1645 2778 mundo
1681 2734 1930 2782 natantes
1974 2727 2318 2784 viviﬁcantur

2417 2732 2657 2805 θαλάσσῃ
2681 2734 3067 2805 ζωογονοῦνται
3104 2739 3153 2791 οἱ
3188 2739 3366 2810 ἰχθύες
3401 2741 3593 2811 αὐτῆς,
3639 2741 3783 2796 οὕτω
3822 2745 3910 2797 καὶ
3931 2747 3971 2796 o!

746 2809 996 2864 homines
1029 2810 1284 2879 baptizati
1319 2813 1372 2867 in
1401 2816 1664 2885 sanguine
1695 2815 1909 2872 Domini
1941 2820 2115 2874 nostri
2146 2819 2308 2877 Jesu:

2413 2823 2470 2878 ἐν
2493 2824 2570 2895 τῷ
2605 2827 2792 2897 κόσμῳ
2808 2828 2980 2899 τούτῳ
3009 2809 3294 2900 νηχόμενοι
3344 2809 3623 2903 ἄνθρωποι
3667 2832 3971 2897 ζωοποιοῦν-

747 2909 1033 2968 propterea
1051 2901 1194 2955 enim
1228 2903 1430 2959 dicitur
1457 2907 1725 2975 Rubrum,
1755 2918 1815 2963 ut
1840 2911 2066 2982 sanguis
2095 2911 2312 2968 Domini

2419 2931 2537 2980 ται,
2585 2916 2965 2988 βαπτιζόμενοι
3018 2921 3076 2971 ἐν
3103 2920 3180 2990 τῷ
3203 2921 3393 2990 αἵματι
3438 2923 3534 2975 τοῦ
3585 2925 3790 2994 Κυρίου
3832 2927 3969 2997 ἡμῶν

744 2991 901 3045 nobis
936 2991 1289 3062 signiﬁcetur.

2423 3006 2598 3078 Ἰησοῦ
2629 3025 2642 3037 °
2663 3009 2749 3062 διὰ
2776 3010 2883 3082 γὰρ
2912 3011 3070 3064 τοῦτο
3102 3013 3314 3084 εἰρηται
3356 3014 3612 3086 Ἐρυθρὰ,
3641 2991 3726 3068 ἵνα
3754 3018 3814 3070 τὺ
3849 2991 3965 3088 Ern:

2407 3099 2497 3152 τοῦ
2524 3099 2596 3171 (2)
2640 3102 2842 3173 Κυρίου
2873 3105 3108 3175 σημαίνῃ
3131 3107 3279 3175 ἡμῖν.

812 3170 903 3221 51.
932 3170 1033 3234 Qui
1066 3171 1330 3240 gubernat
1359 3176 1616 3244 populum
1647 3192 1805 3233 suum
1833 3181 1888 3234 in
1920 3183 2144 3238 mundo.

2476 3190 2563 3242 51.
2596 3191 2685 3260 Τῷ
2723 3194 3058 3262 ποιμαίνοντι
3082 3196 3172 3248 τὸν
3201 3197 3327 3251 λαὸν
3355 3199 3521 3252 αὐτοῦ
3554 3202 3613 3254 ἐν
3643 3201 3722 3270 τῷ
3743 3203 3938 3273 κόσμῳ.

812 3260 902 3312 55.
929 3257 1276 3330 Principatus
1307 3264 1530 3320 diaboli.

2477 3280 2564 3334 55.
2605 3257 2715 3345 Τάς
2741 3257 2914 3354 ἀρχὰς
2941 3286 3038 3338 τοῦ
3067 3287 3333 3342 διαϐόλου·

813 3351 902 3404 55.
934 3351 998 3405 Ει
1029 3362 1321 3422 potestates
1348 3357 1488 3425 ejus.

2478 3370 2566 3423 '55.
2597 3372 2706 3424 Kal
2738 3351 3108 3439 τάξὲξουσίας
3132 3377 3315 3430 αὑτοῦ.

810 3443 899 3498 57.
937 3444 1070 3499 Seon
1095 3448 1479 3517 interpretatur
1525 3457 1743 3509 tentatio
1789 3459 1967 3512 calida
2013 3475 2111 3516 seu
2163 3464 2304 3518 velie-
2331 3450 2373 3508 Ο

2331 3450 2373 3508 C
2474 3463 2560 3516 57.
2595 3464 2767 3534 Σηὼν
2795 3468 2870 3538 (5)
2895 3468 3251 3540 ἑρμηνεύεται
3291 3473 3626 3542 πειρασμὸς
3659 3475 3886 3543 θερμὸς,
3911 3474 3957 3535 ὃς

759 3551 913 3596 nens,
951 3538 1127 3603 qualis
1158 3548 1242 3591 est
1287 3539 1538 3595 diabolus
1571 3558 1664 3597 rex
1701 3548 2098 3605 mundanarum
2151 3554 2307 3608 volu-

2407 3554 2552 3610 ἐστιν
2584 3559 2612 3611 ὁ
2639 3558 2882 3624 διάϐολος
2965 3538 3216 3632 βασιλεὺς
3239 3564 3346 3619 τῶν
3369 3538 3572 3637 ἡδονῶν
3601 3538 3703 3620 τοῦ
3720 3538 3735 3542 v
3752 3538 3957 3638 κόσμου.

743 3635 952 3696 ptatum
989 3645 1002 3681 :
1034 3627 1461 3684 Aman/urorum
1512 3645 1688 3691 autem
1718 3639 2103 3711 interpretatur
2136 3663 2303 3716 aqua-

2416 3647 2769 3718 Ἀμοῤῥαίων
2791 3653 2846 3706 δὲ
2873 3627 3235 3726 ἑρμηνεύεται
3260 3627 3701 3728 πικραινόντων
3724 3627 3961 3724 ὑδάτων,

739 3739 857 3776 rum
885 3725 1336 3790 exacerbantium,
1368 3727 1557 3795 quales
1585 3742 1709 3784 sunt
1739 3736 2024 3791 contraria:
2071 3750 2305 3808 poteSta-

2404 3737 2540 3812 ὅπερ
2567 3746 2706 3798 εἰσίν
2732 3749 2787 3799 αἰ
2818 3749 3060 3802 ἐναντίαι
3088 3749 3369 3820 δυνάμεις,
3398 3753 3454 3804 αἰ
3474 3753 3857 3824 πικραίνουσαι
3876 3757 3962 3808 πᾶν·

742 3827 822 3872 tes
847 3818 1237 3872 exacerbantes
1264 3835 1481 3872 omnem
1522 3821 1778 3878 animam.

1085 3828 1237 3872 antes
1264 3835 1481 3872 omnem
1522 3821 1778 3878 animam.
2406 3843 2504 3884 σαν
2525 3832 2719 3905 ψυχήν.

810 3912 900 3965 59.
935 3911 1015 3982 0g
1049 3912 1438 3982 interpretatur
1468 3930 1785 3987 congregans
1822 3937 1840 3974 .'
1890 3923 2070 3980 Busan
2123 3939 2300 3985 autem

2473 3923 2557 3978 39.
2598 3927 2701 3994 Ὢγ
2731 3928 3090 3998 ἑρμηνεύεται
3125 3929 3405 3997 αθροίζων
3429 3947 3443 3959 ⁸
3476 3933 3690 3986 Βασὰν
3717 3934 3775 3988 δὲ
3802 3935 3957 4009 ἑρμη-

739 4004 1129 4074 interpretatur
1154 4007 1442 4076 ignominia
1472 4009 1650 4061 sicca:
1682 4023 1909 4070 mortem
1945 4018 2111 4088 igitur
2134 4023 2302 4091 signi-

2403 4018 2612 4071 νεύεται
2641 4021 2902 4088 αἰσχύνη
2952 4021 3102 4090 ξηρά
3134 4040 3147 4053 ⁸
3183 4023 3272 4076 τὸν
3304 4022 3530 4078 θάνατον
3572 4020 3667 4079 οὖν
3707 4027 3854 4097 λέγει
3883 4027 3959 4079 τὸν

737 4097 865 4150 ﬁcat
908 4109 1328 4169 congregantem
1375 4101 1590 4169 quidem
1629 4114 1894 4173 mortuos,
1932 4113 2298 4172 dominantem

2404 4108 2703 4177 συνάγοντα
2758 4111 2856 4181 μὲν
2901 4113 3026 4175 τοὺς
3069 4114 3330 4182 νεκροὺς,
3380 4113 3734 4182 βασιλεύοντα
3781 4116 3837 4170 δὲ
3875 4117 3959 4184 τῆς

737 4200 916 4244 autem
947 4207 1041 4260 per
1064 4203 1344 4262 peccatum
1357 4236 1368 4246 .

1064 4203 1368 4262 peccatum.
2401 4200 2687 4272 ἁμαρτίας.

807 4283 894 4336 41.
931 4283 996 4338 Et
1018 4285 1170 4339 dedit
1205 4288 1406 4357 populo
1463 4291 1602 4347 lideli
1655 4310 1943 4365 supernam
1978 4298 2297 4369 Jerusalem,

2476 4292 2564 4345 41.
2596 4292 2706 4345 Kal
2726 4293 2869 4346 δόντι
2899 4295 2976 4366 τῷ
3005 4296 3116 4366 λαῷ
3150 4297 3226 4368 τῷ
3265 4297 3442 4368 πιστῷ
3473 4297 3573 4369 τὴν
3615 4298 3731 4352 ἄνω
3779 4301 3958 4371 Ἰερουο

738 4375 792 4429 in
825 4391 930 4445 qua
967 4377 1055 4432 isti
1093 4379 1411 4436 habitabant
1451 4385 1767 4456 priusquam
1808 4405 1837 4443 e
1883 4391 2020 4445 cado
2072 4395 2299 4466 projice-

2402 4381 2602 4454 σαλὴμο
2658 4386 2715 4436 ἐν
2834 4382 2977 4441 οὗτοι
3027 4388 3308 4459 κατῴκουν
3341 4389 3448 4462 πρὸ
3493 4389 3588 4444 τοῦ
3647 4392 3866 4463 ῥιφῆναι
3893 4394 3954 4461 (4)

736 4479 944 4524 rentur.

2405 4475 2512 4528 ἀπὸ
2550 4475 2641 4529 τοῦ
2674 4478 2919 4549 οὐρανοῦ.

808 4562 896 4616 45.
927 4561 1302 4620 [hereditatem
1337 4570 1540 4624 sanctis
1566 4572 1701 4626 suis.

2471 4567 2555 4623 45.
2593 4570 2707 4640 Κλη
2719 4573 2970 4644 ρονομίαν
2994 4576 3105 4636 τοῖς
3127 4575 3301 4643 ἁγίοις
3325 4575 3508 4630 αὐτοῦ.

807 4653 893 4707 45.
929 4653 1067 4720 Quia
1101 4657 1236 4710 vidit
1260 4673 1358 4713 nos
1388 4660 1439 4713 in
1479 4662 1796 4718 servitutem
1826 4665 2072 4723 redactos
2108 4685 2136 4723 a
2162 4687 2293 4726 con-

2469 4661 2550 4714 45.
2589 4663 2706 4715 Ὀτι
2753 4659 2886 4716 εἶδεν
2929 4664 3008 4735 (5)
3043 4668 3190 4737 ἡμᾶς
3228 4666 3660 4736 δεδουλωμένους
3715 4668 3820 4721 ὑπὸ
3861 4668 3954 4722 τῶν

733 4747 916 4802 trariis
969 4751 1348 4818 potestatibus,
1381 4763 1433 4806 et
1460 4753 1834 4812 misericordia
1869 4769 2047 4815 motus
2096 4771 2196 4827 est,
2245 4775 2298 4819 et
2333 4815 2369 4831 ,π

2333 4815 2370 4831 n
2402 4753 2658 4806 ἐναντίων
2676 4754 2976 4826 δυνάμεων,
3008 4759 3101 4812 καὶ
3133 4757 3557 4830 ἐσπλαγχνίσθη,
3611 4762 3706 4813 καὶ
3745 4760 3953 4831 ἠλέησεν

731 4840 988 4896 misertus
1013 4851 1095 4896 est
1130 4844 1325 4898 nostri.
2333 4815 2373 4869 Β
2405 4845 2563 4914 ἡμᾶς-

802 4931 889 4984 47.
921 4931 983 4986 Et
1039 4935 1266 4990 redemit
1319 4953 1417 4994 nos
1464 4942 1720 5010 passione
1769 4960 1868 4999 sua
1901 4947 1968 5000 ab
2002 4947 2295 5005 immundis

2466 4935 2550 4990 47.
2594 4939 2702 4992 Kal
2736 4939 3081 5011 ὲλυτρώσατο
3122 4945 3268 5014 ἡμᾶς
3317 4944 3407 4998 διὰ
3444 4944 3539 4998 τοῦ
3572 4946 3780 5012 πάθους
3808 4947 3949 5000 αὐτοῦ

727 5023 1032 5092 spiritibus.

2395 5029 2456 5080 ἐκ
2483 5029 2589 5082 τῶν
2623 5033 2947 5106 ἀκαθάρτων
2971 5037 3311 5107 πνευμάτων.

798 5116 884 5171 49.
924 5117 1130 5174 Sensus
1174 5122 1391 5189 quidem
1417 5128 1669 5197 proprius
1702 5131 2024 5186 manifestus
2056 5142 2156 5199 est,
2211 5133 2292 5187 in-

2461 5123 2548 5176 49.
2586 5124 2657 5176 Τό
2690 5125 2788 5194 μὲν
2836 5127 3033 5180 είδικὸν
3076 5129 3232 5199 δῆλόν
3282 5131 3459 5196 ἐστιν,
3515 5133 3548 5201 ἡ
3602 5131 3659 5183 δὲ
3711 5132 3949 5204 ἑρμηνεία

730 5211 1039 5279 terpretatio
1096 5223 1276 5269 autem
1338 5217 1627 5290 allegorica
1678 5224 1964 5278 verborum
2008 5223 2291 5295 Propheta:

2388 5214 2480 5266 τοῦ
2510 5215 2582 5288 (6)
2621 5219 2904 5292 Προφήτου
2941 5219 3099 5275 τοῦτο
3157 5222 3307 5294 δηλοῖ
3337 5241 3348 5253 ·
3417 5226 3446 5277 ὁ
3483 5225 3677 5278 ἑαυτὸν
3719 5227 3949 5296 παρέχων

727 5305 830 5358 hoc
852 5305 1152 5375 signiﬁcat:
1183 5311 1275 5380 qui
1310 5314 1768 5384 prrebetseipsum
1812 5318 1991 5373 cibum
2039 5319 2089 5373 in
2129 5321 2290 5376 vitam

2400 5309 2570 5380 τροφὴ
2629 5312 2708 5374 εἰς
2737 5311 2879 5383 ζωὴν
2906 5313 3122 5369 αἰώνιον
3156 5316 3318 5369 παντὶ
3344 5317 3624 5391 ἀνθρώπῳ
3642 5319 3946 5394 βουλομένῳ.

722 5406 979 5453 τρισί-ηοω
1007 5402 1152 5455 omni
1193 5403 1400 5458 homini
1431 5408 1650 5462 volenti.

1670 5529 1973 5592 Addenda
2008 5543 2065 5594 et
2104 5539 2473 5618 corrigenda
2513 5564 2587 5606 ex
2617 5548 2753 5607 cod.
2795 5549 2990 5609 \‘atic.

793 5620 1138 5724 ,ξίῑεξξήυ
1186 5700 1207 5708 -
1358 5703 1369 5716 ,
1475 5707 1485 5718 ο
1549 5708 1568 5720 ο
2464 5650 2531 5724 (ι)
2568 5651 2823 5724 ςιξιςῶςιν
2849 5653 2941 5704 ἀπ’
2976 5654 3238 5724 οὐρανῶν.

789 5691 865 5778 (El
895 5693 996 5778 ’[οὲ
1038 5691 1210 5767 ἰη’σοῦ
1235 5703 1614 5778 σημάνῃήμῖν-
2457 5691 2532 5778 is")
2567 5707 2733 5774 maév.

902 5765 1056 5868 ξιέύν.
1080 5761 1190 5854 etc.
1245 5761 1372 5868 (l'cg.
1641 5779 1774 5860 ὅπερ
1833 5781 2060 5868 ύπαρχει
2101 5788 2126 5836 ὁ
2164 5787 2267 5840 διά-

1418 5761 1444 5774 u
1487 5761 1516 5773 η
2568 5761 2733 5774 ων-..

1423 5775 1609 5859 Σνῃὼν)
1641 5779 1774 5860 ὅπερ
1833 5781 2060 5853 ύπαρχει
2101 5788 2126 5836 ὁ
2164 5787 2267 5840 διὰ·
2457 5761 2529 5857 (ὕ)
2558 5793 2664 5865 Τῆς
2699 5794 3045 5868 προφητείας.

720 5831 871 5897 ὣλος
902 5838 928 5886 ό
954 5831 1266 5910 βασιλεύω-λ’,
1297 5831 1421 5913 etc,
1453 5831 1604 5916 ἔντερ’
1634 5831 1786 5911 εἰσίν,
1813 5862 1914 5904 etc.
