4142 6524
250 456 390 513 1277
1085 459 1170 512 DE
1209 458 1482 517 TlTULlS
1521 460 1961 518 PSALMORUM.
1994 493 2047 504 —
2091 462 2283 517 PSAL.
2325 461 2633 516 CXXXVII.
3327 461 3458 518 1278

313 574 370 628 2.
397 572 502 628 Kal
525 574 763 628 ἐναντίον
790 574 1032 644 ἀγγέλων
1065 575 1220 644 ψαλῶ
1243 593 1320 629 σοι
1346 597 1356 611 ·
1832 584 1872 640 Α

1832 584 1872 640 Α
1975 580 2032 633 2.
2067 578 2132 635 Et
2164 579 2216 634 in
2257 591 2546 649 conspectu
2584 579 2896 649 angelorum
2925 579 3150 648 psallam
3179 581 3313 637 tibi:

314 665 369 720 '5.
405 666 523 719 Ὀτι
556 667 791 736 ἦκουσας
836 668 1008 721 πάντα
1041 667 1110 720 τὰ
1137 670 1353 739 ῥήματα
1392 671 1481 723 τοῦ
1539 672 1799 739 στόματός

1611 672 1799 739 ὑματός
1973 673 2024 726 3.
2065 670 2328 738 Quoniam
2360 671 2555 726 audisti
2583 671 2764 725 omnia
2796 671 2952 725 verba
2981 670 3091 725 oris
3122 672 3247 725 mei.

243 773 370 827 μου.

314 845 368 902 ι.
403 847 768 921 Προσκυνήσω
792 849 927 921 πρὸς
965 848 1088 902 ναὸν
1116 852 1266 919 ᾶγιόν
1293 868 1412 904 σου·

1979 856 2024 908 1.
2061 853 2313 908 Adorabo
2341 852 2405 905 ad
2437 851 2689 921 templum
2720 858 2966 906 sanctum
3002 859 3148 904 tuum
3174 869 3187 902 :

315 937 368 994 5.
404 941 510 993 Kal
542 939 998 1013 ὲξομολογήσομαι
1027 944 1100 1014 τῷ
1122 944 1341 1015 ὀνόματί
1367 961 1458 996 σου
1481 985 1495 1007 ,

1193 944 1341 1015 ίματί
1367 961 1458 996 σου
1481 985 1495 1007 ,
1977 941 2029 994 5.
2062 938 2127 993 Et
2154 940 2447 994 contitebor
2483 939 2688 993 nomini
2717 947 2829 1004 tuo,

315 1030 369 1085 6.
417 1033 536 1086 Ἐπὶ
564 1033 640 1104 τῷ
673 1033 810 1087 ἐλέει
841 1051 934 1088 σου
959 1036 1052 1088 καὶ
1085 1039 1148 1107 τῇ
1189 1034 1414 1107 ἀληθεία
1444 1052 1536 1088 σου
1559 1052 1572 1065 ’

1975 1032 2026 1084 6.
2066 1030 2238 1101 Super
2264 1030 2631 1086 misericordia
2661 1040 2774 1096 tua,
2801 1038 2855 1084 et
2881 1031 3102 1086 veritate
3126 1038 3212 1084 tua
3237 1047 3249 1082 :

313 1124 368 1178 ’1.
399 1122 519 1177 Ὅτι
549 1125 882 1196 ἐμεγάλυνας
911 1126 1002 1180 ὲπὶ
1033 1129 1137 1180 πᾶν
1173 1126 1423 1199 [πάντας]
1464 1129 1525 1181 τὸ
1545 1129 1712 1198 ὄνομα
1744 1127 1802 1183 τὸ

1975 1123 2025 1180 7.
2049 1123 2314 1190 Quoniam
2345 1122 2700 1192 inagnilicasti
2729 1137 2892 1192 super
2917 1137 3078 1177 omne
3101 1119 3333 1194 [omnes]
3360 1137 3456 1176 no-

241 1217 407 1285 ἅγιόν
428 1234 539 1271 σου.

1902 1235 2023 1274 men
2048 1226 2293 1272 sanctum
2327 1226 2501 1271 tuum.

311 1312 366 1362 8.
413 1309 499 1361 'Ev
617 1308 682 1363 ἂν
715 1310 896 1382 ἡμέρα
928 1313 1316 1384 ὲπικαλέσομαί
1373 1329 1430 1365 σε
1456 1354 1468 1375 ,
1500 1313 1635 1384 ταχυ
1701 1314 1802 1366 ἐπ-

1973 1312 2022 1366 8.
2048 1310 2103 1364 1η
2134 1323 2456 1380 quacunquc
2477 1309 2564 1365 die
2590 1313 2908 1369 invocavero
2927 1318 2999 1375 te,
3025 1310 3282 1364 velociter
3302 1324 3459 1363 exau-

237 1400 470 1453 άκουσόν
494 1419 612 1472 μου·

467 1420 470 1441 ι
494 1419 612 1472 μου·
1902 1407 1953 1460 di
1983 1422 2065 1460 me
2091 1422 2103 1457 :

311 1493 363 1548 9.
397 1495 770 1569 Πολυωρήσεις
805 1517 870 1569 με
903 1503 957 1553 ὲν
982 1503 1121 1572 ψυχῇ
1167 1519 1265 1572 μου
1293 1502 1516 1571 δυνάμει
1546 1520 1658 1555 σου.

1978 1502 2030 1550 9.
2064 1497 2440 1565 Multiplicabis
2467 1514 2552 1553 me
2589 1500 2640 1552 in
2672 1501 2854 1553 anima
2887 1513 3002 1552 mea
3029 1498 3224 1550 virtute
3258 1505 3361 1549 tua.

313 1585 398 1640 10.
449 1588 1055 1661 Ἑξομολογησάσθωσάν
1111 1611 1234 1658 σοι,
1279 1595 1448 1664 Κύριε
1475 1635 1488 1657 ,
1524 1597 1721 1657 πάντες
1754 1596 1802 1647 οἱ

1978 1591 2061 1644 10.
2101 1590 2468 1645 Conﬁteantur
2505 1593 2621 1657 tibi,
2652 1591 2914 1654 Domine,
2947 1605 3133 1645 omnes
3169 1605 3318 1658 reges
3348 1599 3457 1642 ter-

238 1678 479 1748 βασιλεῖς
507 1683 604 1752 τῆς
637 1688 737 1754 γῆς
757 1702 770 1715 ο
1904 1701 1976 1739 τε
2000 1704 2013 1738 :

315 1770 398 1824 11.
432 1769 555 1826 Ὀτι
585 1774 821 1841 ήκυυσαν
856 1776 1030 1829 πάντα
1058 1778 1127 1833 τὰ
1156 1778 1373 1848 ῥήματα
1411 1776 1503 1830 τοῦ
1541 1779 1803 1845 στόματός

1581 1779 1803 1845 ripa-.6;
1980 1776 2067 1830 11.
2103 1775 2240 1842 Quia
2270 1776 2556 1830 audierunt
2585 1775 2762 1830 omnia
2795 1775 2959 1830 verba
2986 1776 3095 1830 oris
3125 1776 3217 1830 tui.

237 1878 337 1914 σου

314 1949 394 2002 l2.
431 1951 535 2001 Kal
565 1951 848 2019 ᾀσάτωσαν
885 1957 940 2008 ὲν
965 1958 1080 2020 ταῖς
1111 1958 1248 2021 ὁδοῖς
1269 1958 1472 2030 Κυρίου
1499 1958 1655 2030 [ὁδοῖς
1681 1976 1795 2026 σου,
1829 1931 1871 1989 Β

1829 1931 1871 1989 ⁸
1975 1959 2059 2014 te.
2088 1957 2152 2013 Et
2182 1968 2397 2014 cantent
2415 1960 2468 2012 in
2495 1959 2598 2013 viis
2618 1957 2830 2013 Domini
2859 1956 2986 2028 [viis
3013 1957 3140 2018 tuis,
3167 1952 3410 2028 Domine]
3437 1973 3451 2008 .-

235 2039 466 2111 Κύριε]-

310 2131 395 2185 13.
430 2135 548 2186 Ὀτι
581 2138 785 2206 μεγάλη
812 2140 842 2207 ὴ
871 2138 993 2202 δόξα
1017 2139 1238 2209 Κυρίου.

1975 2138 2060 2192 15.
2098 2115 2586 2206 Ουοηίιιιηήηεηο
2613 2142 2695 2189 est
2723 2132 2892 2204 gloria
2916 2129 3143 2185 Domini.

309 2223 395 2277 14.
424 2225 544 2278 Ὀτι
574 2227 772 2297 ὑψηλὸς
797 2227 1018 2298 Κύριος,
1050 2230 1141 2282 καὶ
1172 2230 1240 2283 τὰ
1270 2232 1493 2284 ταπεινὰ
1521 2231 1722 2303 ἐφορᾷο

1973 2229 2059 2282 lt.
2077 2228 2342 2293 Quoniam
2360 2227 2607 2282 excelsus
2622 2225 2900 2288 Dominus,
2917 2232 2968 2277 et
2983 2221 3203 2276 humilia
3216 2220 3451 2292 respicit:

307 2315 393 2371 15.
428 2316 537 2370 Kal
565 2317 633 2371 τὰ
659 2319 835 2389 ὑψηλὰ
873 2321 980 2374 ἀπὸ
1014 2323 1284 2394 μακρόθεν
1313 2323 1587 2392 γινώσκει.

1245 2339 1284 2375 εν
1313 2323 1587 2392 γινώσκει.
1975 2322 2061 2376 15.
2094 2320 2160 2374 Et
2192 2322 2296 2376 alta
2337 2337 2366 2375 a
2397 2321 2554 2390 longe
2592 2317 2881 2390 cognoscit.

1347 2493 1722 2548 ATHANASII
1761 2492 2344 2548 INTERPRETATIO.

301 2645 354 2699 2.
389 2644 490 2701 Kal
533 2649 623 2702 ἐπὶ
654 2648 761 2702 τῶν
809 2649 977 2718 ἁγίων
1011 2650 1254 2720 ἀγγέλων
1282 2649 1389 2704 τῶν
1433 2649 1796 2722 παρεστώτων

1959 2648 2011 2702 2.
2049 2645 2111 2700 ἐι
2163 2647 2300 2699 inter
2352 2654 2572 2700 sanctos
2625 2659 2843 2716 angelos
2897 2655 3136 2702 astantes
3185 2645 3293 2701 luci
3351 2654 3453 2700 tua

227 2738 306 2808 τῷ
339 2741 645 2811 φωτίσματί
671 2760 762 2795 σου
789 2743 1080 2813 ἀνυμνὴσω
1111 2760 1190 2795 σε.

671 2760 762 2795 σου
789 2743 1080 2813 ἀνυμνὴσω
1111 2760 1190 2795 σε.
1892 2739 2204 2810 gloriﬁcabo
2241 2748 2307 2792 te.

303 2830 355 2882 ’5.
387 2831 507 2884 Ὀτι
540 2831 840 2902 προσεδέξω
856 2832 950 2901 τὴν
973 2830 1353 2904 ἐξομολόγησιν
1373 2850 1500 2903 μου,
1527 2833 1621 2888 καὶ
1645 2833 1799 2903 ἠξίω-

1784 2863 1799 2873 -
1966 2832 2020 2885 5.
2061 2830 2328 2896 Quoniam
2364 2830 2617 2898 accepisti
2650 2829 3044 2885 confessionem
3075 2847 3267 2896 meam,
3291 2844 3341 2885 ct
3368 2831 3420 2885 di

228 2920 328 2982 ei;
364 2937 428 2990 με
465 2922 560 2990 τῆς
593 2923 806 2992 χάριτός
832 2939 945 2974 σου.

1891 2932 2090 2995 gnatus
2117 2938 2176 2977 es
2209 2937 2295 2976 me
2323 2923 2495 2991 gratia
2525 2934 2636 2975 tua.

303 3023 356 3065 4.
388 3013 653 3066 Εἰσελθὼν
680 3015 735 3064 ἐν
764 3013 840 3083 τῷ
874 3014 946 3081 (1)
981 3014 1118 3086 ἁγίῳ
1148 3017 1261 3086 ναῷ
1307 3032 1400 3070 σου
1437 3015 1798 3086 προσκυνήσω
1821 3045 1865 3105 C

1821 3045 1865 3105 ο
1967 3014 2020 3068 4.
2054 3014 2364 3085 ingrediens
2392 3014 2445 3067 in
2475 3015 2730 3084 templum
2760 3024 3004 3069 sanctum
3039 3024 3187 3068 tuum
3223 3016 3455 3069 θύοι-οἰκ)

227 3121 334 3165 σοι,
369 3104 504 3173 μετὰ
528 3105 588 3156 τὸ
624 3105 955 3174 φωτισθῆναί
986 3123 1072 3176 με.
1838 3104 1846 3105 ί

1838 3104 1846 3105 ί
1897 3114 1970 3171 te,
2007 3117 2293 3178 postquam
2324 3107 2661 3162 illuminatus
2690 3107 2863 3163 fuero.

299 3197 351 3250 5.
387 3198 492 3250 Kal
525 3197 900 3268 ὲξομολογήσω
940 3198 1014 3267 (2)
1049 3195 1281 3266 ἐμαυτὸν
1326 3197 1681 3250 δεδουλῶσθαι
1715 3192 1796 3266 τῷ

1962 3195 2016 3250 5.
2051 3193 2121 3252 Et
2149 3196 2447 3251 confitebor
2471 3239 2485 3262 ,
2512 3214 2595 3251 mc
2628 3198 2800 3268 ipsum
2834 3213 3047 3252 servum
3082 3212 3200 3251 esse
3225 3198 3454 3250 nominis

223 3288 453 3358 ὀνόματί
482 3304 573 3340 σου
596 3327 610 3351 ,
1893 3289 1969 3345 tui
1993 3329 2008 3352 ,

301 3381 353 3434 6.
378 3380 474 3432 Διὰ
494 3380 551 3433 τὸ
577 3380 722 3443 ἔλεός
745 3397 861 3444 σου,
886 3381 979 3434 καὶ
999 3382 1096 3453 τὴν
1117 3381 1369 3454 ἀλήθειάν
1394 3399 1506 3446 σου,
1528 3382 1593 3451 ἢν
1617 3379 1801 3451 ἐποίη-

1963 3380 2017 3437 6.
2063 3379 2294 3452 Propter
2355 3381 2785 3435 misericordiam
2834 3387 2978 3430 tuam
3010 3415 3024 3440 ,
3082 3383 3135 3428 et
3177 3373 3452 3427 veritatem

229 3489 332 3535 σας
363 3475 441 3536 είς
476 3473 590 3543 ἐμὲ.

1893 3481 2042 3530 tuam
2069 3516 2084 3539 ,
2121 3489 2281 3543 quam
2315 3473 2485 3526 iecisti
2520 3474 2570 3524 in
2605 3487 2707 3526 me.

303 3561 356 3614 7.
381 3561 504 3614 Ὀτι
527 3561 618 3613 καὶ
641 3562 731 3613 ἐπὶ
758 3562 831 3629 (3)
856 3565 1056 3624 πάντας
1085 3560 1392 3626 δεδόξασται
1416 3561 1476 3612 τὸ
1491 3560 1658 3613 ὄνοιιά
1675 3577 1790 3614 σου.

1966 3561 2012 3613 7.
2047 3560 2314 3626 Quoniam
2351 3570 2408 3614 ct
2436 3576 2598 3628 super
2645 3575 2834 3614 omnes
2865 3557 3218 3629 gloriﬁcatum
3249 3565 3331 3608 est
3359 3570 3454 3607 no-

1897 3669 2017 3708 men
2051 3661 2222 3705 tuum.

301 3733 354 3787 8.
370 3734 487 3802 Ἀφ’
504 3727 564 3786 οὗ
588 3731 822 3801 ἠξίωσας
851 3750 915 3804 με
940 3733 1036 3802 τῆς
1058 3733 1346 3801 υἱοθεσίας,
1381 3735 1538 3806 μόνον
1559 3734 1755 3807 βοῶμ)
1777 3751 1793 3764 ⁸

1966 3743 2018 3797 8.
2053 3741 2127 3796 Ex
2163 3758 2270 3813 quo
2301 3743 2552 3813 dignatus
2589 3755 2647 3795 es
2683 3755 2768 3793 me
2799 3738 3087 3806 adoptione
3114 3776 3128 3800 ,
3189 3739 3278 3791 vix
3327 3737 3452 3792 dum

223 3825 418 3894 Πάτερ
444 3823 629 3894 ἡμῶν,
656 3828 684 3878 ό
700 3826 769 3877 ὲν
791 3826 913 3890 τοῖς
935 3825 1229 3894 οὐρανοῖς,
1251 3826 1408 3890 εὐθὺς
1430 3827 1643 3889 ἀκούεις
1670 3844 1790 3896 μου.

1896 3836 2069 3891 clamo
2103 3855 2114 3890 :
2149 3834 2310 3889 Pater
2340 3846 2535 3899 noster,
2575 3834 2664 3905 qui
2701 3849 2752 3887 es
2794 3833 2852 3886 in
2881 3831 3056 3886 calis‘
3084 3871 3098 3895 ,
3143 3831 3322 3885 statim
3369 3846 3455 3884 me

1893 3928 2139 3983 exaudis.

292 4004 348 4059 9.
379 4006 472 4068 Εἰς
499 4005 567 4058 τὰ
604 4006 707 4076 ὕψη
745 4007 970 4060 ὲντολων
1003 4024 1095 4061 σου
1124 4007 1420 4077 ἀναγὰγεις
1448 4008 1522 4078 (5)
1555 4010 1653 4081 τὴν
1691 4009 1792 4078 ψυ-

1965 4017 2017 4072 9.
2073 4015 2128 4070 ln
2166 4015 2477 4070 altitudines
2510 4018 2897 4081 praeceptorum
2955 4019 3170 4064 tuorum
3221 4008 3453 4063 deduees

224 4101 328 4168 χήν
355 4115 455 4167 μου
487 4100 553 4167 τῇ
589 4097 810 4168 δυνάμει
844 4116 955 4152 σου.

1903 4109 2141 4162 animam
2176 4123 2348 4162 meam
2378 4107 2576 4158 virtute
2609 4113 2715 4156 tua.

303 4189 386 4242 10.
416 4187 703 4253 Δοξάσουσί
740 4207 808 4260 με
839 4191 1036 4254 πάντες
1067 4193 1115 4243 οἰ
1149 4192 1570 4254 πεπιστευκότες
1603 4194 1683 4254 εἰς
1711 4193 1789 4247 σέ.

1967 4200 2055 4256 10.
2083 4197 2474 4253 Gloriticabunt
2503 4204 2557 4248 te
2584 4207 2792 4255 omnes,
2823 4192 2913 4260 qui
2943 4191 2994 4243 in
3021 4200 3068 4244 te
3089 4189 3449 4244 crediderunt.

301 4283 386 4336 11.
421 4281 543 4336 Ὅτι
571 4263 834 4350 ἐδέξαντο,
869 4283 962 4336 καὶ
986 4283 1304 4354 ἐπλήρωσας
1336 4283 1412 4353 (6)
1445 4283 1585 4354 ἆπερ
1615 4285 1794 4350 αὐτοῖς

1967 4289 2054 4344 11.
2085 4289 2222 4357 Quia
2253 4292 2577 4355 acceperunt
2640 4292 2692 4339 et
2724 4283 3042 4353 implevisti,
3079 4299 3197 4351 qua:
3223 4283 3328 4336 illis
3357 4283 3452 4336 de-

223 4373 444 4442 ἁπηγγε
453 4370 563 4424 ίλω.
1825 4396 1859 4451 ι]

538 4391 563 4424 ὀ
1825 4396 1870 4451 ι)
1895 4383 2174 4438 nuntiaSIi.

302 4465 384 4518 ιε.
418 4465 526 4518 Kal
557 4467 612 4518 ὲν
634 4465 945 4533 ἀγαλλιάσει
978 4467 1202 4538 καρδίας
1222 4466 1586 4537 ἁνυμνήσουσί
1613 4465 1686 4537 (7)
1712 4484 1791 4532 σε,

1965 4475 2054 4529 12.
2092 4474 2156 4528 Ει
2186 4473 2239 4526 in
2287 4470 2647 4525 exsultatione
2681 4467 2860 4523 cordis
2907 4465 3202 4521 laudabunt
3231 4475 3280 4520 te
3301 4505 3316 4529 ,
3349 4465 3453 4519 Do-

224 4557 419 4627 Κύριε·
1891 4567 2052 4622 mine.

303 4651 388 4705 15.
418 4647 540 4704 Ὅτι
566 4650 923 4720 ἀνεκλὰλητός
946 4649 1021 4720 (8)
1052 4650 1197 4701 ἐστιν
1224 4651 1258 4719 ὴ
1295 4648 1668 4719 φιλανθρωπία
1695 4647 1788 4699 τοῦ

1618 4648 1668 4699 ία
1695 4647 1788 4699 τοῧ
1961 4659 2044 4712 15.
2084 4654 2352 4724 Quoniam
2383 4653 2669 4711 ineﬂ‘abilis
2701 4661 2783 4707 est
2811 4652 3114 4722 benignitas
3141 4651 3254 4706 Dei.

221 4743 383 4797 Θεοῦ.

298 4837 386 4890 14.
417 4837 536 4891 Ὅτι
563 4837 833 4900 τοσοῦτος,
878 4838 970 4889 καὶ
997 4835 1311 4906 τηλικοῦτος
1338 4834 1412 4887 ὢν
1431 4876 1445 4898 ,
1481 4835 1574 4888 καὶ
1603 4850 1788 4886 κατοι-

1957 4840 2041 4893 H.
2067 4838 2328 4906 Quoniam
2359 4840 2499 4902 talis,
2530 4848 2585 4894 et
2610 4849 2791 4894 tantus
2819 4838 3108 4898 exsistens,
3137 4845 3192 4890 et
3220 4836 3272 4889 in
3298 4835 3448 4889 cretis

221 4930 337 4986 κῶν
361 4931 418 4984 ἐν
447 4933 557 4994 τοῖς
588 4931 834 5001 οὐρανοῖς
854 4971 865 4991 ,
900 4930 1152 5004 πρόνοιαν
1183 4929 1403 4999 ποιῆσαι
1432 4928 1505 4998 (9)
1535 4929 1790 4998 ἁμαρτω-

1888 4934 2171 4999 habitans,
2203 4949 2386 4988 curam
2420 4934 2563 5004 geris
2592 4932 2658 4986 de
2704 4929 3075 5002 peccatoribus
3099 4968 3112 4993 ,
3155 4943 3220 4982 ac
3252 4926 3447 4981 vilibus

219 5023 349 5086 λῶν,
384 5024 477 5075 καὶ
504 5023 770 5076 ταπεινῶν
808 5022 1131 5094 ἀνθρώπων,
1163 5022 1442 5077 τουτέστιν
1473 5022 1644 5092 ἡμῶν.

1060 5041 1131 5088 ›ν,
1163 5022 1442 5077 τουτέστιν
1473 5022 1644 5092 ἡμῶν.
1887 5027 2231 5090 hominibus,
2268 5025 2370 5080 hoc
2410 5034 2492 5079 est
2525 5025 2696 5079 nobis.

299 5115 384 5170 15.
403 5117 511 5169 Kal
533 5117 656 5180 τοὺς
682 5117 867 5182 ἁγίους
885 5117 993 5185 (10)
1017 5115 1122 5168 ἀπὸ
1151 5114 1562 5186 προκαταόο).ἧς
1584 5114 1786 5184 κόσμου

1962 5119 2049 5172 15.
2082 5119 2145 5172 Ει
2182 5127 2400 5174 sanctos
2435 5134 2464 5172 a
2513 5117 2900 5173 constitutione
2935 5113 3120 5168 mundi
3157 5109 3446 5182 prescivit.

221 5207 496 5280 προέγνω,
538 5209 628 5260 καὶ
665 5206 985 5278 προώρισεν.

751 5206 985 5278 οώρισεν.
1887 5218 1938 5265 et
1969 5211 2387 5268 praedestinavit.

297 5355 311 5384 '
350 5347 536 5405 Matth.
573 5363 645 5411 γι,
679 5346 728 5399 9.

1164 5457 1474 5519 Addenda
1505 5466 1567 5519 et
1597 5459 1965 5537 corrigenda
2003 5478 2078 5521 ex
2109 5463 2245 5521 cod.
2281 5462 2480 5522 Vatic.

291 5612 368 5684 )
407 5611 495 5684 Ἐν
514 5609 590 5684 τῷ
619 5607 730 5678 ναῷ
755 5626 846 5661 σου
867 5607 944 5679 τῷ
967 5609 1124 5678 ἁγίῳ.
1158 5619 1263 5664 etc.
1955 5614 2029 5684 (ti)
2067 5611 2588 5684 ‘Enkﬁpwaav‘azep
2615 5612 2797 5674 αὐτοῖς
2826 5611 3092 5666 ἐνετείλω.

290 5681 773 5754 (2),’9μολογήσςυο
934 5750 945 5754 -
999 5751 1008 5754 _
1091 5749 1109 5754 _

1091 5749 1109 5754 ,
1150 5749 1165 5754 Α
1188 5749 1229 5754 ,μ
1953 5681 2028 5751 (7)
2060 5681 2432 5754 ’Λνυμνήσωσί
2460 5698 2537 5741 σε,
2559 5681 2692 5754 εις..

291 5754 369 5823 (3)
398 5751 520 5824 Ἐπὶ
549 5749 673 5812 τοὺς
703 5750 1058 5824 αμαρτωλους
1086 5749 1412 5816 δεδόξασται,
1433 5760 1536 5824 etc.
1634 5822 1641 5824 _
1954 5749 2028 5824 (8)
2057 5749 2448 5814 ’Λνέκλεὶπτος,
2473 5762 2599 5824 etc.,
2621 5751 2714 5806 τοῦ
2740 5752 2966 5820 Κυρίου.

295 5820 370 5893 (4)
404 5822 594 5893 Βοήσω
627 5821 760 5890 πρὸς
797 5820 886 5873 σέ·
918 5820 1096 5890 Πάτερ
1129 5838 1252 5889 μου,
1286 5831 1412 5883 etc.,
1447 5820 1674 5874 ἄκουσόν
1694 5838 1757 5889 με

1131 5838 1252 5889 μου,
1286 5831 1412 5883 etc.,
1447 5820 1674 5874 ἄκουσόν
1694 5838 1757 5889 με
1951 5820 2026 5893 (9)
2051 5825 2309 5890 Καταξιοῖ
2340 5823 2636 5893 ποιεῖσθαι.
2662 5836 2767 5876 etc.

295 5892 370 5966 (ὅ)
406 5892 688 5958 Ἀναγαγε.
1954 5892 2062 5962 (10)
2103 5896 2314 5963 Ἀγίους
2346 5893 2507 5948 αὐτοῦ
2541 5892 2660 5964 πρό,
2697 5901 2799 5948 etc.
