4142 6526
723 429 858 485 1279

789 544 874 599 16.
908 543 965 598 Si
998 545 1346 599 ambulavero
1389 544 1440 596 in
1472 544 1647 596 medio
1680 541 2076 606 tribulationis,
2106 537 2280 594 vivili-
2311 543 2355 598 Α

718 638 865 693 cabis
893 653 980 691 me
1004 655 1018 690 :

789 729 874 782 17.
905 727 1077 797 Super
1127 727 1262 780 iram
1315 723 1661 778 inimicorum
1701 738 1944 777 meorum
1993 721 2280 777 extendisti

715 835 913 874 manus
943 827 1064 872 tuas
1097 817 1342 888 [manum
1381 813 1554 883 tuam]
1585 832 1596 866 :

788 912 873 965 18.
912 909 977 964 Et
1003 911 1210 964 salvum
1239 923 1324 962 me
1348 907 1472 963 fecit
1497 908 1714 963 dextera
1750 917 1863 962 tua.

788 1003 874 1057 19.
911 1001 1172 1056 Dominus
1201 1001 1462 1056 retribuet
1488 1015 1584 1068 pro
1620 1016 1703 1054 me
1731 1017 1745 1054 :

781 1095 872 1148 20.
900 1094 1146 1162 Domine,
1176 1095 1545 1149 misericordia
1577 1104 1667 1148 tua
1694 1093 1746 1147 in
1792 1092 2069 1149 saecuium.

782 1186 871 1240 21.
903 1185 1076 1256 Opera
1108 1203 1366 1241 manuum
1408 1198 1621 1242 tuarum
1654 1203 1717 1240 ne
1757 1185 2046 1256 despicias.

784 1275 850 1333 In
889 1279 1042 1344 ﬁnem
1062 1296 1080 1332 :
1103 1278 1344 1334 Psalmus
1378 1280 1563 1334 David.
1593 1278 1794 1333 PSAL.
1828 1278 2028 1334 CXXX
2048 1274 2213 1335 ΗΠ.

787 1371 838 1425 1.
867 1371 1091 1426 Domine
1118 1413 1131 1436 ,
1163 1371 1403 1440 probasti
1437 1387 1543 1437 me,
1574 1381 1626 1427 ct
1651 1373 1946 1442 e0gnovisti
1984 1388 2068 1426 me
2095 1389 2108 1426 :

784 1464 836 1517 2.
872 1463 952 1516 Tu
980 1463 1278 1532 cognovisti
1307 1465 1602 1520 sessionem
1629 1479 1802 1519 meam
1823 1504 1838 1526 .
1863 1477 1915 1519 et
1940 1463 2286 1519 resurrectio-

716 1569 837 1609 nem
873 1569 1066 1606 meam.

787 1647 838 1700 5.
880 1644 1192 1699 Intellexisti
1227 1641 1583 1713 cogitationes
1617 1656 1766 1696 meas
1798 1643 1861 1696 de
1892 1644 2067 1714 longe.

788 1737 839 1790 4.
869 1735 1128 1790 Semitam
1159 1750 1334 1789 meam
1365 1744 1419 1789 et
1447 1733 1749 1788 funiculum
1782 1750 1960 1790 meum
1991 1737 2254 1808 investiga

717 1828 812 1894 sti,

787 1923 840 1977 5.
871 1920 938 1975 Et
972 1936 1162 1974 omnes
1197 1922 1313 1976 vias
1344 1936 1494 1976 meas
1517 1921 1808 1991 praevidisti
1834 1939 1848 1976 :

787 2015 840 2070 ϐ.
888 2015 1025 2079 Quia
1061 2030 1164 2067 non
1197 2024 1279 2068 est
1309 2013 1465 2067 dolus
1501 2014 1552 2066 in
1608 2013 1957 2084 linguamea.

791 2126 836 2178 7.
877 2125 1032 2191 Ecce,
1076 2125 1319 2191 Domine,
1347 2138 1402 2180 tu
1445 2125 1744 2192 cognovisti
1775 2126 1956 2182 omnia
1990 2132 2283 2190 novissima

719 2228 774 2275 ct
803 2220 1021 2290 antiqua
1050 2238 1062 2271 :

1554 423 1614 481 ἓ.
1653 421 2022 478 ἒίΤΙΙΑΝΑΞΠ
2057 423 2210 478 ΟΡΡ.
2256 420 2435 476 PARS
2473 421 2560 476 lll.
2601 451 2672 462 -ν
2712 416 3115 474 ΕΧΕΟΕΤΙΩΑ.

3824 405 3959 461 1280

2459 538 2540 591 16.
2580 535 2702 589 Ἐὰν
2732 529 2978 604 πορευθῶ
3013 523 3238 596 ἐνμέσῳ
3261 522 3510 589 θλίψεως.
3539 520 3725 589 ζήσεις
3747 533 3816 584 με
3845 517 3952 582 1.2+:-

2388 645 2485 698 σῃς
2510 625 2620 696 ne].

2460 719 2541 770 17.
2590 717 2705 770 Ἐπ’
2757 712 2924 783 ὀργὴν
2957 709 3164 778 ἐχθρῶν
3219 708 3373 776 μουὲ

2387 805 2566 876 [χεῖρά
2598 804 2733 875 con].

2457 897 2541 948 18.
2576 893 2684 948 Καὶ
2714 893 2883 946 ἔσωσέ
2922 907 2986 961 με
3022 886 3224 959 magna
3250 901 3365 937 σου.

2459 988 2542 1042 19.
2574 986 2775 1058 Κύριος
2806 981 3172 1037 ἅνταποδὼσει
3198 979 3332 1051 ὑπὲρ
3360 976 3513 1047 ἐμοῦ.

2454 1080 2543 1134 20.
2577 1077 2769 1148 Κύριε,
2796 1076 2856 1129 τὸ
2880 1075 3024 1136 ἔλεός
3057 1089 3149 1124 σου
3189 1073 3268 1132 εἰς
3295 1069 3383 1122 τὸν
3413 1068 3616 1120 αίῶνεν

2453 1170 2543 1225 21.
2575 1170 2655 1223 Τὰ
2681 1170 2815 1241 ἔργα
2844 1167 2950 1219 τῶν
2979 1163 3174 1235 χειρῶν
3218 1179 3307 1214 σου
3341 1160 3413 1230 μὴ
3441 1160 3687 1231 παρίδῃς.

2591 1265 2692 1326 Εἰς
2724 1261 2786 1314 τὰ
2821 1259 2992 1322 τέλος
3015 1255 3092 1320 τῷ
3118 1254 3311 1308 Δαϐίδ.
3346 1257 3512 1306 ΨΑΛ.
3535 1255 3629 1305 ΡΛ
3643 1250 3688 1302 Η
3708 1258 3718 1276 ⁸

2457 1357 2508 1411 1.
2534 1354 2725 1425 Κύριε,
2757 1347 3083 1420 ὲδοκίμασάς
3112 1363 3199 1416 με,
3235 1347 3327 1398 καὶ
3354 1344 3519 1412 ἔγνως
3550 1360 3638 1412 με.

2453 1447 2508 1501 2.
2537 1448 2607 1500 Σὺ
2629 1445 2794 1514 ἔγνως
2815 1443 2912 1512 τὴν
2934 1439 3200 1510 καθέδραν
3232 1456 3331 1508 μου
3354 1437 3444 1490 καὶ
3465 1437 3560 1506 τὴν
3584 1434 3801 1505 Ξγερσίν
3834 1451 3950 1502 μου.

3385 705 3621 770 ξέτεινας
3645 700 3839 771 χεῖράς
3875 716 3958 752 πυ

2454 1626 2509 1681 5.
2528 1627 2598 1678 Σὺ
2620 1623 2854 1693 συνῆκας
2872 1622 2995 1684 τοὺς
3015 1620 3393 1688 διαλογισμους
3417 1634 3514 1685 μου
3532 1614 3639 1668 ἀπὸ
3659 1613 3948 1684 μακρόθεν.

2455 1718 2509 1774 4.
2535 1719 2645 1789 Τὴν
2670 1715 2853 1788 τρίϐον
2886 1731 2987 1785 μου
3035 1714 3125 1765 καὶ
3156 1710 3361 1779 ηοῖνόν
3398 1726 3495 1778 μου
3525 1708 3587 1760 σὺ
3623 1704 3953 1776 ἐξιχνίααας,

2534 1921 2642 1974 Καὶ
2669 1920 2846 1982 πάσας
2873 1915 2974 1979 τὰς
3003 1913 3156 1976 ὀδοὺς
3195 1931 3295 1983 μου
3332 1910 3575 1982 προεῖδες

2461 2013 2510 2065 6.
2550 2011 2672 2063 Ὅτι
2693 2009 2792 2062 οὐκ
2812 2006 2924 2062 ἐστι
2953 2004 3100 2066 δόλος
3129 2006 3186 2057 ὲν
3215 2001 3431 2070 γλώσσῃ
3465 2017 3587 2070 μου.

2458 2106 2511 2158 7.
2552 2104 2702 2166 Ἰδοὺ,
2725 2099 2916 2174 Κύριε,
2944 2100 3007 2155 σὺ
3042 2099 3211 2159 ἔνδιος
3247 2095 3422 2148 πάντα
3447 2093 3514 2147 τὰ
3545 2093 3748 2162 ἔσχατα
3772 2093 3861 2144 καὶ
3891 2091 3951 2142 τὰ

2390 2199 2588 2269 ἀρχαῖα
2608 2215 2622 2227 ·

1826 2378 2193 2433 ATHANASII
2236 2381 2295 2431 IN
2318 2369 2816 2431 IERPRETATlO.

793 2494 880 2547 16.
915 2492 970 2546 Si
1004 2493 1058 2546 in
1103 2492 1189 2546 via
1225 2501 1464 2562 angusta
1504 2501 1892 2566 praceptorum
1931 2506 2143 2550 tuorum
2172 2513 2284 2549 am—

723 2583 1000 2645 bt.lavero,
1033 2582 1333 2637 viviticabis
1362 2599 1465 2637 me.

796 2675 879 2728 17.
915 2675 1049 2728 Cum
1107 2675 1312 2728 inimici
1349 2677 1450 2728 mei
1494 2684 1809 2744 quaererent
1835 2690 1920 2726 me
1958 2678 2284 2740 nitet-ficere,

722 2768 1020 2838 opitulatns
1045 2783 1104 2822 es
1132 2768 1261 2820 mihi
1299 2783 1393 2836 per
1422 2767 1709 2820 adventum
1743 2774 1918 2820 tuum.

793 2861 872 2915 l8.
913 2860 975 2913 Et
1007 2861 1215 2914 salvum
1250 2874 1335 2912 me
1369 2858 1494 2912 fecit
1529 2859 1697 2928 gratia
1732 2867 1847 2914 tua.

797 2955 879 3008 19.
913 2953 1175 3006 Dominus
1201 2952 1487 3007 debellabit
1509 2951 1814 3007 contrarias
1837 2960 2136 3022 potestates
2164 2969 2288 3022 pro-

724 3059 841 3116 pter
867 3061 950 3108 ea,
987 3060 1085 3114 pro
1114 3044 1312 3113 quibus
1346 3059 1431 3096 me
1466 3043 1938 3112 impugnaverunt.

792 3137 881 3190 20.
919 3134 980 3189 Et
1013 3150 1288 3204 nunquam
1330 3133 1588 3186 oblivioni
1637 3131 1879 3187 tradetur
1920 3133 2287 3190 misericordia

724 3237 816 3281 tua
843 3227 976 3290 haec,
1011 3242 1174 3294 quam
1207 3225 1380 3278 fecisti
1415 3225 1596 3293 generi
1626 3225 1885 3280 humano.

792 3318 882 3374 21.
916 3317 981 3372 Et
1012 3333 1183 3386 usque
1220 3318 1272 3370 in
1305 3317 1464 3370 linem
1497 3333 1565 3371 ne
1598 3317 1864 3386 despicias
1890 3360 1904 3384 ,
1939 3334 2078 3388 quos
2114 3318 2284 3374 fecisti

725 3410 1019 3466 secundum
1053 3410 1339 3480 imaginem
1377 3419 1543 3463 tuam.

2453 2488 2538 2544 16.
2561 2487 2688 2540 Ἐὰν
2725 2488 2780 2538 ἐν
2807 2487 2875 2556 τῇ
2902 2481 3006 2554 ὁδῷ
3045 2481 3114 2553 τῇ
3143 2482 3303 2550 στενῇ
3326 2479 3433 2533 τῶν
3467 2476 3694 2532 ἐντολῶν
3736 2491 3827 2528 σου
3859 2491 3949 2528 πο-

2385 2579 2583 2651 ρευθῶ,
2614 2577 2796 2648 ζήσεις
2829 2594 2917 2646 με.

2457 2670 2542 2724 17.
2583 2670 2670 2721 Ἐν
2715 2667 2791 2736 τῷ
2841 2668 2964 2728 τοὺς
3010 2662 3236 2735 ἐχθρούς
3273 2679 3374 2732 μου
3406 2660 3592 2731 ζητεῖν
3636 2659 3711 2730 (ι’)
3763 2676 3826 2730 με
3856 2656 3945 2710 τοῦ

2385 2763 2611 2824 ἀνελεῖν,
2645 2758 2938 2814 ἁντελὰδου
2977 2775 3075 2828 μου
3105 2757 3194 2809 διὰ
3217 2757 3312 2826 τῆς
3345 2754 3650 2828 παρουσίας
3685 2770 3794 2806 σου.

2454 2855 2539 2909 18.
2575 2855 2682 2906 Καὶ
2715 2852 2883 2905 ἔσωσέ
2921 2868 2986 2921 με
3021 2852 3052 2919 ἡ
3089 2850 3246 2918 χάρις
3277 2866 3388 2899 σου.

2457 2944 2540 2997 19.
2580 2944 2779 3013 Κύριος
2807 2942 3244 3010 καταπολεμήσει
3270 2941 3365 3001 τὰς
3391 2940 3638 3001 ἐναντίας
3682 2939 3940 3007 δυνάμεις,

2387 3038 2526 3108 ὑπὲρ
2563 3029 2633 3089 ὧν
2665 3034 3006 3105 ἐπολέμησαν
3047 3050 3132 3103 με.

2453 3132 2544 3188 20.
2581 3131 2690 3184 Καὶ
2711 3129 3084 3200 ἁληθὰργητον
3120 3127 3179 3177 τὸ
3209 3123 3353 3186 ἔλεός
3391 3140 3486 3175 σου
3511 3121 3688 3185 τοῦτο,
3716 3123 3743 3172 ὃ
3777 3122 3945 3189 ἐποίη-

2393 3239 2488 3285 σας
2516 3221 2590 3292 τῷ
2621 3221 2764 3288 γένει
2795 3221 2900 3272 τῶν
2938 3217 3254 3288 ἀνθρώπων.

2465 3314 2524 3366 21
2542 3355 2553 3368 .
2589 3314 2697 3366 Καὶ
2723 3313 2826 3375 ἕως
2850 3311 3032 3373 τέλους
3065 3311 3138 3381 μὴ
3167 3309 3416 3378 παρίδῃς,
3443 3307 3536 3369 οὒς
3563 3307 3820 3376 ἐποίησας
3840 3305 3944 3357 κατ’

2398 3406 2578 3457 είκὸνα
2611 3408 2725 3475 σήν.

807 3505 870 3555 Ἢ
912 3503 1244 3574 προκειμένη
1291 3500 1571 3572 ὲπιγραερὴ
1618 3499 1858 3572 περιέχει
1894 3499 2000 3568 (9.)'
2033 3500 2135 3562 Εἰς
2169 3500 2235 3552 τὸ
2283 3498 2453 3565 τέλος
2487 3498 2728 3568 ψαλμὸς
2764 3497 2842 3564 τῷ
2874 3496 3078 3561 Δαϐὶδ,
3124 3497 3258 3565 ὅπερ
3295 3492 3657 3564 ἑρμηνεύεται
3710 3493 3834 3565 περὶ
3872 3496 3946 3546 ἐπ’

726 3596 965 3664 ἐσχάτων
991 3593 1097 3646 τῶν
1119 3593 1336 3663 ἡμερῶν
1367 3592 1669 3662 μελλόντων
1697 3590 1936 3654 ἔσεσθαι,
1965 3590 2178 3662 εἴρηται
2201 3592 2227 3643 ὀ
2255 3589 2462 3661 ψαλμὸς
2490 3589 2567 3654 τῷ
2594 3589 2778 3653 ἱκανῷ
2808 3588 2879 3656 τῇ
2915 3588 3059 3656 χειρὶ
3081 3629 3094 3653 ,
3121 3586 3196 3658 τῷ
3221 3587 3331 3656 Υἱῷ
3350 3587 3446 3638 τοῦ
3473 3587 3630 3641 Θεοῦ.

798 3688 1010 3743 Titulus
1039 3688 1318 3758 appositus
1347 3688 1588 3742 continet
1615 3706 1625 3740 :
1655 3685 1892 3756 Iuﬁnem
1919 3686 2154 3754 psalmus
2199 3685 2391 3752 David,
2424 3687 2570 3756 quod
2600 3687 2986 3754 interpretatur
3013 3685 3193 3765 deiis,
3225 3684 3316 3753 qui
3347 3683 3399 3736 in
3430 3682 3748 3739 novissimis
3775 3683 3948 3738 diebus

725 3782 890 3838 futuri
933 3791 1091 3844 sunt,
1123 3781 1298 3836 dictus
1323 3791 1406 3835 est
1432 3781 1674 3849 psalmus
1706 3797 1864 3834 manu
1897 3781 2023 3848 forti
2052 3820 2067 3844 ,
2106 3781 2208 3834 hoc
2235 3790 2317 3835 est
2349 3779 2438 3835 Dei
2471 3779 2624 3834 Filio.

798 3876 849 3928 1.
881 3872 1127 3936 Domine,
1152 3873 1465 3927 discernens
1490 3874 1842 3942 cogitationes
1870 3889 2037 3939 meas,
2064 3884 2116 3928 et
2134 3891 2282 3929 men-
2311 3881 2352 3937 C

727 3976 834 4022 tem
860 3966 1040 4023 cordis
1061 3965 1166 4020 mei
1191 3966 1513 4037 cognovisti,
1533 3966 1710 4036 qualis
1731 3966 1974 4022 incedam
2000 3983 2182 4022 coram
2213 3979 2280 4024 te.

795 4145 849 4199 2.
887 4145 966 4199 Tu
1009 4147 1350 4214 cognovisti,
1392 4164 1514 4218 quae
1547 4147 1613 4203 sit
1665 4148 1883 4218 requies
1935 4150 2114 4204 cordis
2160 4149 2285 4212 mei,

727 4248 783 4291 et
806 4237 1131 4291 desiderium
1159 4239 1354 4294 animae
1385 4255 1537 4294 mem.

799 4329 850 4382 5.
889 4327 968 4381 Τυ
1010 4328 1326 4398 priusquam
1360 4346 1458 4402 ego
1497 4333 1679 4386 ﬁerem
1706 4370 1720 4394 ,
1752 4332 1958 4385 seu-isti
1988 4346 2108 4399 qua:
2138 4331 2289 4401 cogi-

728 4428 940 4475 taturus
971 4436 1112 4475 sum.

802 4514 852 4566 4.
888 4511 1368 4568 Conversationem
1400 4529 1575 4568 meam
1610 4515 1661 4569 in
1687 4515 1793 4570 boc
1819 4516 2052 4578 mundo,
2084 4525 2135 4570 et
2161 4531 2292 4584 qua-

730 4601 862 4655 lium
888 4604 1262 4672 Operationum
1288 4606 1550 4660 bonarum
1581 4623 1685 4669 me,
1709 4623 1776 4662 an
1809 4608 2070 4662 nialarum
2097 4608 2292 4663 seriem

730 4694 1042 4764 cxplcturus
1071 4710 1242 4758 eram,
1278 4697 1357 4750 vel
1389 4714 1506 4752 sum
1537 4698 1589 4751 in
1621 4698 1809 4753 diebus
1841 4699 1997 4760 meis.
2037 4708 2089 4752 tu
2125 4714 2294 4768 usque

732 4787 786 4842 in
823 4788 980 4844 tinem
1016 4788 1082 4843 ad
1113 4789 1394 4843 minimum
1428 4791 1623 4846 novisti
1656 4807 1841 4845 earum
1878 4792 2100 4845 exitum.

803 4882 854 4937 5.
885 4884 1142 4940 Actiones
1172 4899 1320 4939 meas
1350 4885 1765 4954 praacognoseis.

802 4976 852 5030 6.
885 4973 950 5029 Et
975 4977 1192 5041 novisti,
1222 4976 1366 5046 quod
1395 4991 1502 5031 non
1531 4976 1654 5031 dico
1683 4976 1838 5030 falsa.

805 5067 855 5122 7.
900 5067 979 5122 Tu
1016 5070 1160 5124 enim
1214 5069 1392 5124 futura
1447 5080 1500 5125 et
1541 5072 1807 5140 praeterita
1857 5069 2073 5124 novisti.
2130 5067 2296 5122 Aliter

735 5153 894 5208 etiam
952 5165 1125 5224 potest
1175 5158 1473 5212 versiculus
1522 5158 1623 5213 iste
1660 5158 1945 5229 allegorice
1997 5157 2292 5228 explicari;

733 5250 988 5316 quoniam
1033 5252 1329 5306 secundum
1352 5251 1675 5321 Prophetam
1729 5226 1931 5306 dictum
1981 5226 2107 5305 est:
2141 5249 2292 5312 Ecce,
2328 5226 2372 5281 D
2400 5254 2427 5306 ὃ

2400 5254 2479 5306 ὅτι
2506 5255 2644 5305 κατὰ
2681 5253 2968 5324 Προφήτην
3007 5253 3251 5322 εἴρηται·
3324 5226 3477 5306 ’1ὃοῖῦ
3505 5226 3531 5316 -,

734 5337 974 5404 Domine,
1009 5350 1063 5392 tu
1099 5344 1384 5411 cognovisti
1417 5346 1593 5397 omnia
1629 5345 1940 5403 novissima,
1962 5353 2010 5396 et
2054 5345 2292 5412 antiqua,

737 5430 840 5484 hoc
872 5442 992 5495 est,
1024 5442 1078 5487 tu
1116 5434 1397 5490 habiturus
1421 5451 1480 5490 es
1514 5435 1838 5490 novissimas
1869 5450 2057 5490 omnes
2085 5445 2290 5503 gentes,

734 5531 788 5573 et
816 5523 1066 5592 antiquas
1097 5524 1401 5582 Judzeorum
1432 5529 1739 5598 progenies.

2459 3876 2507 3928 1.
2538 3875 2741 3946 Κύριε,
2777 3873 3058 3944 διακρίνας
3099 3888 3193 3934 τας
3244 3875 3570 3940 ενθυμησεις
3613 3887 3714 3940 μου
3751 3871 3842 3923 καὶ
3868 3871 3948 3941 τὴν

2388 3966 2624 4020 διάνοιαν
2651 3967 2747 4035 τῆς
2777 3964 3000 4027 καρδίας
3029 3981 3128 4032 μου
3163 3962 3332 4029 ἔγνως
3356 4000 3370 4026 ,
3399 3959 3582 4023 ὁποῖος
3620 3960 3947 4032 ἀποϐήσομαι

2391 4059 2618 4111 ἐνώπιόν
2654 4075 2769 4111 σου.

2461 4151 2514 4202 2.
2540 4150 2609 4202 Συ
2639 4150 2826 4217 ἔγνως,
2848 4149 2899 4200 τί
2922 4150 3066 4200 ἐστιν
3089 4151 3120 4218 ὴ
3143 4147 3444 4212 ἀνάπαυσις
3465 4149 3564 4218 τῆς
3593 4147 3819 4218 καρδίας
3843 4164 3945 4217 μου.

2391 4245 2485 4296 καὶ
2515 4244 2547 4312 ἡ
2575 4241 2848 4314 προθυμία
2881 4243 2974 4312 τῆς
3014 4241 3188 4311 ψυχῆς
3223 4259 3346 4310 μου.

2460 4335 2512 4388 5.
2549 4334 2619 4386 Σὺ
2648 4333 2751 4404 πρὸ
2784 4333 2875 4386 τοῦ
2914 4350 2977 4403 με
3006 4332 3297 4402 γενηθῆναι
3332 4333 3479 4402 εῖδης
3505 4329 3700 4404 [οἶδας]
3725 4333 3802 4401 (3)
3825 4331 3948 4398 ἅπερ

2397 4427 2575 4499 μέλλω
2604 4426 3022 4496 διαλογίζεσθαι.

2466 4520 2516 4573 ι1.
2549 4520 2660 4591 Τὴν
2691 4521 2747 4571 ὲν
2789 4519 2866 4589 τῷ
2911 4519 3097 4589 κόσμῳ
3117 4518 3288 4587 τούτῳ
3320 4517 3668 4588 αναστροφήν
3702 4535 3804 4587 μου
3826 4558 3839 4578 ,
3872 4515 3946 4568 καὶ

2394 4609 2592 4663 ὁποίων
2622 4609 2799 4680 ἔργων
2827 4608 3065 4678 ἀγαθῶν,
3096 4610 3127 4680 ἢ
3157 4606 3408 4678 πονηρῶν
3433 4607 3698 4679 ἤμελλον,
3726 4610 3759 4679 ἦ
3795 4606 3947 4678 μέλλω

2395 4701 2630 4754 ἐκτελεῖν
2660 4701 2863 4772 πλοκὴν
2898 4703 2955 4754 ὲν
2982 4703 3102 4764 ταῖς
3124 4701 3353 4778 ἡμέραις
3379 4718 3480 4771 μου
3508 4739 3521 4763 ,
3553 4701 3618 4752 σὺ
3647 4701 3753 4762 ἕως
3786 4700 3944 4760 τέλους

2397 4795 2729 4848 κατάλεπτον
2760 4791 2907 4858 οἶδας
2934 4795 3032 4865 τὴν
3056 4794 3320 4849 ἀπόΰασιν
3348 4793 3548 4847 αὐτῶν.

2467 4887 2521 4940 5.
2558 4888 2666 4950 Τὰς
2692 4886 2768 4956 (ι)
2804 4887 3030 4958 πράξεις
3066 4903 3165 4958 μου
3195 4885 3611 4959 προ-γινώσκεις.

2466 4979 2518 5033 6.
2551 4979 2659 5032 Καὶ
2681 4975 2845 5044 οἶδας,
2872 4980 2953 5031 ὃτι
2986 4979 3048 5031 οὐ
3071 4977 3212 5046 λέγω
3231 4977 3419 5048 ψευδῆ.

2468 5073 2521 5126 7.
2543 5073 2613 5124 Συ
2634 5072 2740 5142 γὰρ
2759 5071 2829 5125 τὰ
2854 5071 3114 5142 μέλλοντα
3135 5071 3350 5124 ἔσεσθαι
3368 5113 3383 5134 ,
3399 5071 3493 5124 καὶ
3519 5071 3587 5124 τὰ
3614 5070 3867 5139 γεγονότα
3881 5069 3943 5138 (ξς)

2400 5161 2710 5215 ἐπίστασαι.
2746 5161 2900 5213 Ἐστι
2926 5161 2984 5214 δὲ
3014 5162 3108 5214 καὶ
3130 5161 3301 5226 ἄλλως
3336 5161 3611 5231 θεωρῆσαι
3647 5162 3739 5214 τὸν
3766 5162 3941 5230 στίχον.

3592 5255 3769 5320 Κύριε
3809 5291 3822 5312 ,
3879 5250 3942 5301 σὺ

2401 5345 2587 5412 ἔγνως
2603 5343 2794 5398 πάντα
2813 5346 2882 5397 τὰ
2901 5343 3148 5412 ἔσχατα,
3163 5343 3258 5396 καὶ
3279 5342 3348 5396 τὰ
3364 5343 3604 5412 ἀρχαῖα,
3617 5341 3872 5405 τουτέστι,
3893 5346 3940 5390 σν

2407 5435 2617 5505 μέλλεις
2650 5435 2794 5504 ἔχειν
2829 5434 3006 5488 πάντα
3035 5433 3100 5486 τὰ
3127 5434 3326 5504 ἔσχατα
3355 5432 3484 5502 ἔθνη
3506 5473 3521 5497 ,
3548 5432 3644 5485 καὶ
3674 5432 3743 5484 τὰ
3769 5432 3940 5500 ἀρχαῖα

2400 5525 2506 5578 τῶν
2531 5525 2797 5578 Ἰουδαίων
2825 5525 2954 5596 γένη

1679 5640 1980 5702 Addenda
2008 5648 2067 5702 et
2091 5637 2460 5716 corrigenda
2492 5655 2568 5696 ex
2607 5637 2748 5697 cod.
2782 5637 2958 5697 Vatic

902 5742 1218 5814 ’ζητεῖντοῦ
1251 5744 1454 5797 ἀνελεῖν
1485 5763 1572 5814 με,
1608 5754 1708 5799 etc.

812 5807 961 5888 (9)1]
974 5807 1060 5864 διὰ
1076 5813 1173 5888 τῆς
1207 5807 1571 5888 κινναὸρρέῳς
1601 5817 1860 5888 περέέχεῆ
1890 5828 1969 5873 eu,
2003 5860 2014 5884 ,
2041 5820 2164 5888 περὶ
2190 5816 2293 5870 τῶν

744 5880 854 5935 αι’.
883 5889 1009 5947 etc.,
1039 5885 1102 5953 τῇ
1132 5880 1292 5953 χειρὶ,
1321 5880 1464 5940 τοῦτ’
1490 5887 1634 5940 ἔστιν
1656 5880 1881 5956 {quiete

2476 5740 2547 5808 (ὅ)
2584 5740 2782 5810 ᾚδεις.

2475 5811 2548 5878 (4)
2582 5812 2689 5862 Kal.
2718 5812 2895 5873 πάσας
2921 5812 3047 5875 τὰς.
3085 5820 3187 5866 etc.

2475 5815 2527 5878 (4
2582 5815 2689 5862 Kal.
2718 5815 2895 5873 πάσας
2921 5815 3047 5875 τὰς.
3085 5820 3187 5866 etc.

2475 5815 2548 5955 (Si
2580 5882 2945 5951 Προγεγονότα
2968 5925 2980 5949 ,
3007 5893 3132 5950 etc.,
3160 5882 3296 5938 κατᾶ
3325 5883 3692 5953 προφητείαν,
3719 5891 3815 5939 etc.
