4142 6478
185 437 328 494 1281
1001 430 1085 486 DE
1122 427 1396 486 TITULIS
1435 428 1555 484 PSA
1568 422 1821 482 LMORUI

1769 422 1878 479 UH.
1904 453 1970 467 ι-
1993 419 2186 477 PSAL.
2226 417 2556 473 CXXXVIII.
3270 413 3405 473 1282

263 553 320 606 8.
351 552 420 605 Σὺ
452 551 685 613 ἔπλασας
718 567 783 620 με
810 589 824 614 ,
853 549 946 603 καὶ
976 548 1176 621 ἔθηκας
1225 548 1309 600 ἐπ’
1339 547 1438 617 ἐμὲ
1468 545 1563 618 τὴν
1591 543 1745 615 χεῖρά
1772 548 1820 604 Α

1772 548 1820 604 Α
1916 539 1966 594 8.
2006 537 2085 592 Tu
2118 536 2360 592 formasti
2392 552 2498 602 me,
2529 543 2581 590 ct
2611 532 2835 604 posuisti
2868 547 3028 602 super
3066 547 3154 588 me
3187 548 3405 588 manum

185 661 310 697 σου.
1847 642 2003 688 tuam.

257 735 313 788 9.
351 731 768 804 Ἐθαυμαστὼθη
806 731 839 802 ἡ
865 729 1063 800 γνῶσίς
1096 747 1186 784 σου
1214 728 1272 794 ἐξ
1298 727 1430 798 ἐμοῦ
1449 740 1462 754 °

1917 725 1970 780 9.
2002 721 2264 778 Mirabilis
2288 719 2428 774 facta
2462 729 2546 774 est
2574 718 2803 774 scientia
2827 727 2918 773 tua
2949 732 3016 772 ex
3044 733 3131 773 me
3158 736 3169 770 :

257 826 347 880 I0.
386 822 780 896 Ἐκραταιὼθη,
805 823 865 876 οὐ
897 821 969 893 μὴ
999 821 1237 891 δύνωμαι
1264 819 1401 890 πρὸς
1429 818 1613 888 αὑτήν.

1472 818 1613 888 ὑτήν.
1919 815 2003 869 I0.
2036 812 2352 870 Confortata
2382 820 2484 874 est,
2517 823 2626 864 non
2656 818 2842 879 potero
2876 809 2943 863 ad
2971 822 3108 862 eam.

260 919 348 972 II.
386 917 496 970 Ποῦ
531 914 777 986 πορευθῶ
814 914 918 967 άπὸ
949 911 1042 967 τοῦ
1069 911 1382 982 Πνεύματός
1411 927 1536 976 σου;

1092 911 1382 982 Ινεύματός
1411 927 1536 976 σου;
1920 908 2005 963 11.
2034 907 2152 975 Quo
2191 906 2281 962 ibo
2313 920 2342 960 a
2367 903 2569 974 Spiritu
2597 904 2728 958 tuo?

259 1007 346 1062 I2.
378 1007 487 1060 Kal
509 1005 615 1058 ἀπὸ
640 1004 732 1057 τοῦ
764 1002 1052 1076 προσώπου
1085 1019 1176 1056 σου
1217 1001 1319 1055 ποῦ
1359 1000 1542 1071 φύγω;

1236 1001 1319 1055 τοῦ
1359 1000 1542 1071 φύγω
1921 1001 2007 1054 I2.
2047 999 2112 1054 Et
2136 1013 2244 1070 quo
2273 1013 2303 1052 a
2331 996 2470 1052 facie
2504 1005 2593 1050 tua
2631 994 2872 1066 fugiam?

257 1101 348 1154 I3.
395 1099 518 1152 Ἐάν
542 1097 724 1153 άναόὦ
755 1100 831 1162 είς
857 1097 945 1150 τὸν
973 1096 1217 1168 οὐρανὸν,
1248 1096 1312 1149 σὺ
1347 1098 1462 1149 ἐκεῖ
1489 1089 1568 1147 εἴ·

1490 1089 1568 1147 εἴ·
1920 1093 2006 1147 I5.
2051 1090 2106 1146 Si
2137 1090 2430 1146 ascendero
2460 1089 2514 1144 in
2543 1089 2764 1151 malum,
2796 1096 2854 1142 tu
2887 1085 2997 1140 illic
3025 1098 3085 1140 es
3115 1125 3126 1137 .

255 1191 344 1247 14.
384 1191 505 1245 Ἐὰν
534 1191 750 1244 καταϐῶ
773 1195 851 1256 εἰς
878 1193 966 1245 τὺν
995 1193 1146 1264 ᾅδην,
1183 1193 1362 1263 πάρει.

1922 1185 2007 1240 II.
2052 1185 2108 1239 Si
2137 1183 2469 1240 descendero
2495 1182 2550 1236 in
2586 1181 2880 1245 infernum,
2909 1179 3057 1234 ades.

259 1279 346 1334 15.
367 1280 488 1334 Ἐὰν
509 1280 830 1353 ἁναλάϐοιμι
851 1282 950 1346 τὰς
971 1283 1244 1354 πτέρυγάς
1268 1300 1367 1353 μου
1390 1282 1508 1335 κατ’
1532 1279 1746 1352 ὄρθρον,

1470 1282 1508 1334 c‘
1532 1279 1746 1352 ὄρθρον,
1921 1282 2007 1336 15.
2048 1279 2106 1336 Si
2133 1293 2416 1350 sumpsero
2442 1293 2648 1348 pennas
2671 1290 2821 1331 meas
2846 1273 3106 1336 diluculo,

260 1371 346 1425 I6.
367 1373 471 1425 Kal
492 1374 898 1443 κατασκηνὼσω
924 1377 1002 1438 είς
1017 1376 1084 1429 τά
1098 1375 1302 1445 ἔσχατα
1328 1375 1422 1445 τῆς
1441 1373 1712 1444 θαλάσσης
1737 1387 1751 1404 ⁸

1412 1373 1712 1444 ςθαλάσσης
1737 1387 1751 1404 ο
1924 1372 2009 1429 I6.
2041 1371 2104 1426 Et
2136 1371 2451 1426 habitavero
2480 1370 2536 1423 in
2557 1367 2813 1424 extremis
2845 1365 3011 1422 maris
3036 1380 3048 1415 :

258 1465 346 1521 I7.
379 1466 488 1520 Kal
521 1466 628 1537 γὰρ
653 1469 768 1520 ἐκεί
798 1470 829 1537 ἡ
861 1469 980 1539 χείρ
1006 1485 1099 1521 σου
1131 1468 1382 1540 ὁδηγήσει
1408 1485 1504 1538 με’

1921 1465 2009 1520 I7.
2043 1464 2256 1519 Etenim
2288 1464 2415 1519 illuc
2447 1477 2645 1518 manus
2672 1471 2762 1516 tua
2793 1460 3024 1515 deducet
3047 1470 3134 1512 me
3163 1470 3177 1508 :

260 1556 346 1610 I8.
379 1558 486 1610 Kal
514 1559 726 1624 καθέξει
763 1576 826 1630 με
863 1562 895 1630 η
927 1559 1075 1625 δεξιά
1101 1577 1216 1614 σου.

1924 1559 2009 1613 I8.
2052 1557 2117 1612 Et
2149 1557 2352 1613 tenebit
2383 1571 2467 1612 me
2494 1557 2715 1612 dextera
2751 1566 2861 1610 tua.

255 1650 341 1706 I9.
370 1653 478 1704 Kal
503 1648 656 1704 εἶπα·
686 1654 826 1724 Ἀρα
861 1653 1047 1717 σκότος
1080 1654 1452 1725 καταπατήσει
1490 1669 1573 1704 με.

1924 1650 2010 1705 19.
2056 1651 2121 1704 Et
2147 1649 2259 1704 dixi
2285 1666 2298 1702 :
2329 1649 2582 1705 Forsitan
2610 1650 2848 1704 tenebrae
2871 1645 3262 1704 conculcabunt
3286 1656 3401 1697 me:

255 1741 345 1796 90.
373 1742 481 1796 Kal
513 1742 608 1808 νὺξ
641 1745 916 1816 φωτισμὸς
947 1748 1004 1800 ἐν
1032 1748 1097 1817 τῇ
1130 1747 1305 1816 τρυφῇ
1334 1762 1454 1815 μου.

1923 1741 2012 1795 20.
2052 1740 2117 1796 Et
2140 1755 2247 1795 nox
2272 1740 2598 1796 illuminatio
2625 1741 2679 1795 in
2709 1740 2916 1794 deliciis
2941 1739 3093 1794 meis.

257 1833 347 1888 2I.
376 1835 492 1887 Ὅτι
525 1836 708 1900 σκότος
738 1838 798 1890 οὐ
828 1838 1234 1908 σκοτισθήσεται
1265 1837 1373 1890 ἀπὸ
1404 1833 1520 1900 σοῦ,
1783 1897 1827 1952 Β

1783 1897 1827 1952 Β
1923 1833 2015 1890 2I.
2055 1831 2191 1900 Quia
2226 1832 2461 1889 tenebras
2493 1847 2601 1888 non
2629 1831 3067 1887 obscurabuntur
3099 1843 3128 1883 a
3157 1836 3229 1882 te.

1297 2061 1671 2119 ATHANASII
1734 2058 2303 2118 INTERPRETATIO.

262 2286 313 2340 8.
343 2288 416 2341 Σὺ
442 2287 871 2359 ἐδημιούργησάς
905 2305 970 2360 με
992 2330 1005 2353 ,
1037 2305 1131 2341 και
1174 2286 1373 2359 ἔθηκας
1411 2287 1498 2340 ἐπ’
1525 2286 1624 2358 ἐμὲ
1654 2285 1752 2358 τὴν

1927 2285 1981 2340 8.
2012 2282 2092 2338 Tu
2119 2283 2314 2339 creasti
2342 2297 2456 2347 me,
2489 2291 2542 2337 et
2571 2281 2798 2352 posuisti
2830 2294 2994 2350 super
3021 2293 3108 2332 me
3153 2278 3409 2334 auxilium

189 2380 444 2450 βοήθειάν
475 2396 564 2431 σου
593 2379 897 2434 σκέπουσάν
927 2397 1015 2452 με.

886 2397 897 2430 ο
927 2397 1015 2452 με.
1857 2387 2008 2432 tuum
2036 2385 2320 2447 protegens
2347 2389 2453 2430 me.

258 2471 311 2526 9.
336 2466 608 2541 Μνησθεῐς
636 2473 812 2536 τὸ,τίς
835 2473 1068 2546 ὑπάρχει
1091 2475 1122 2543 ἡ
1153 2471 1380 2542 δύναμίς
1404 2488 1519 2537 σου,
1547 2469 1651 2535 ἔξω
1674 2470 1751 2542 (1)

1925 2468 1974 2524 9.
2022 2467 2391 2532 Recordatus,
2427 2483 2547 2538 quae
2593 2467 2662 2523 sit
2689 2466 2926 2536 potentia
2962 2474 3053 2520 tua
3080 2505 3094 2530 ,
3146 2472 3298 2520 extra
3327 2477 3413 2516 me

186 2559 429 2632 ἐμαυτοῦ
469 2562 669 2630 γέγονα
707 2562 1108 2632 ἀποθαυμάζων
1142 2563 1199 2613 ἐν
1237 2557 1476 2630 ἐμαυτῷ.

1301 2557 1476 2630 αυτῷ.
1856 2563 2032 2633 ipsum
2066 2560 2240 2616 factus
2275 2577 2394 2616 sum
2425 2577 2532 2630 pra:
2563 2561 2937 2620 admiratione.

262 2652 346 2711 I0.
376 2653 715 2717 Ἀνείκαστος
743 2653 974 2724 ὑπάρχει
1014 2656 1047 2724 η
1075 2651 1301 2723 δύναμίς
1334 2668 1427 2705 σου
1451 2691 1468 2716 ,
1499 2649 1559 2705 οὐ
1591 2647 1753 2703 δύνα-

1929 2653 2016 2708 10.
2049 2651 2438 2723 Investigabilis
2466 2662 2546 2708 est
2571 2654 2740 2708 virtus
2772 2663 2883 2718 tua,
2909 2669 3018 2730 non
3039 2668 3260 2723 possum
3285 2667 3412 2708 con-

191 2761 291 2815 μαι
324 2745 636 2815 ἀντιστῆναι
667 2744 802 2815 πρὸς
830 2745 1018 2815 αὑτήν.

749 2744 802 2808 ὸς
830 2745 1018 2815 αὑτήν.
1858 2755 1938 2801 tra
1969 2762 2088 2802 eam
2117 2747 2385 2802 resistere.

266 2838 350 2891 II.
379 2836 489 2889 Ποῦ
514 2836 620 2908 γὰρ
642 2835 870 2907 δύναμαι
891 2836 1154 2909 κρυϐῆναι
1178 2836 1254 2908 (2)
1279 2836 1386 2891 ἀπὺ
1407 2833 1466 2889 τὺ
1485 2833 1640 2904 ἅγιόν
1663 2849 1754 2886 σου

1927 2839 2013 2894 11.
2045 2838 2150 2894 Ubi
2175 2838 2319 2893 enim
2349 2837 2608 2892 abscondi
2642 2851 2865 2906 possum
2916 2851 2946 2890 a
2989 2835 3191 2906 Spiritu
3225 2847 3412 2890 sancto

186 2927 434 2999 Πνεῦμα,
465 2928 524 2979 τὸ
543 2928 804 2996 γινῶσκον
827 2929 942 3001 [τοῦ
971 2929 1124 2997 ἁγίου
1157 2945 1247 2982 σου
1277 2926 1592 2997 Πνεῦματος
1616 2964 1632 2989 ,
1661 2924 1754 2978 τοῦ

922 2929 942 2982 3
971 2929 1124 2997 ἁγίου
1157 2945 1247 2982 σου
1277 2926 1592 2997 Πνεῦματος
1616 2964 1632 2989 ,
1661 2924 1754 2978 τοῦ
1857 2940 1972 2996 tuo,
2002 2929 2093 3000 qui
2124 2929 2297 2984 noscit
2333 2929 2558 2983 omnia?

186 3020 568 3094 γινώσκοντος]
603 3021 671 3075 τὰ
700 3023 875 3076 πάντα
899 3039 912 3086 ;

261 3113 349 3168 I2.
381 3113 489 3165 Kal
513 3113 620 3166 άπὸ
654 3112 747 3166 σοῦ
773 3115 840 3166 τὰ
870 3113 945 3183 (5)
981 3114 1158 3167 πάντα
1178 3111 1500 3184 ἐφορῶντος,
1531 3107 1634 3162 ποῦ
1659 3105 1747 3160 δύο
1787 3176 1819 3184 _

1787 3176 1819 3184 _
1924 3108 2011 3162 I2.
2041 3106 2108 3161 Et
2138 3122 2168 3162 a
2193 3115 2264 3170 te,
2295 3107 2387 3176 qui
2410 3105 2590 3160 omnia
2615 3105 2782 3168 vides,
2811 3118 2920 3173 quo
2948 3117 3168 3172 possum
3194 3098 3412 3171 fugere?

186 3219 359 3273 ναμαι
386 3205 608 3271 φυγείν;
634 3204 716 3257 ὃτι
754 3176 949 3256 πάήᾲ
979 3203 1192 3274 γυμνὰ,
1221 3176 1337 3256 ’καὶ
1367 3202 1754 3270 τετραχηλισ-
1779 3176 1822 3234 C

1563 3202 1754 3269 ίηλισ-
1779 3176 1822 3234 C
1856 3200 2113 3273 quoniam
2141 3201 2316 3253 omnia
2345 3199 2517 3267 nuda,
2549 3208 2596 3252 et
2625 3208 2804 3267 aperta
2841 3195 3004 3250 oculis
3037 3196 3137 3247 tuis
3159 3195 3199 3247 ¹.

179 3294 339 3365 μέγα
365 3294 489 3361 τοῖς
521 3294 846 3364 ὀφθαλμοῖς
873 3308 1011 3349 σου.

259 3388 348 3442 I3.
386 3387 710 3460 ’Δχώριστος
734 3387 810 3460 (ι)
841 3383 894 3441 εἷ
911 3386 1020 3439 τῶν
1042 3383 1322 3455 πατρικῶν
1345 3381 1578 3436 κόλπων.

1309 3381 1578 3436 θκόλπων·
1932 3407 2013 3461 15.
2043 3404 2420 3476 Inseparabilis
2446 3419 2506 3458 es
2537 3419 2567 3457 a
2602 3403 2722 3457 sinu
2753 3401 2945 3458 Patris.

261 3481 348 3534 14.
383 3479 753 3550 Ἐθανατώθης
781 3480 888 3550 γὰρ
915 3479 982 3530 δι’
1008 3478 1128 3546 ἐμέ.

1930 3495 2017 3550 II.
2054 3494 2211 3551 Morti
2236 3495 2382 3550 enim
2412 3493 2642 3549 traditus
2676 3510 2734 3549 es
2765 3503 2981 3564 propter
3007 3510 3109 3547 me.

259 3573 348 3625 I5.
374 3570 542 3624 Τοῦτό
589 3588 676 3641 μοι
726 3571 883 3641 μόνον
917 3569 1324 3642 περιλείπεται,
1357 3568 1450 3622 ἐὰν
1479 3568 1585 3639 ἄρα
1626 3567 1754 3620 άνα-

1929 3586 2019 3642 15.
2045 3585 2158 3642 ﬂoc
2184 3588 2360 3642 solum
2389 3586 2519 3641 mihi
2560 3586 2828 3654 reliquum
2863 3597 2943 3641 est
2967 3627 2981 3650 ,
3017 3587 3058 3641 si
3092 3584 3226 3640 forte
3255 3603 3411 3641 assu-

186 3661 338 3717 λάϐω
357 3663 453 3726 τὰς
474 3661 797 3733 ἐνθυμήσεις
828 3662 924 3733 τῆς
947 3661 1170 3733 καρδίας
1213 3678 1337 3731 μου,
1371 3660 1667 3730 καταφύγω
1698 3662 1753 3713 ἐν

1856 3693 1999 3732 mam
2028 3679 2382 3748 cogitationes
2413 3678 2594 3732 cordis
2629 3678 2754 3742 mei,
2785 3687 2838 3732 et
2865 3677 3171 3748 confugiam
3200 3680 3265 3733 ad
3290 3680 3409 3733 illu-

186 3753 267 3826 τῷ
297 3753 604 3825 φωτίσματι
626 3753 726 3824 τῆς
758 3753 990 3816 πίστεώς
1030 3771 1121 3806 σου
1149 3753 1249 3824 (5).

874 3753 990 3816 τεώς
1030 3771 1121 3806 σου
1149 3753 1249 3824 (5)ο
1857 3773 2206 3828 minationem
2235 3771 2353 3826 Iidei
2388 3783 2510 3825 tuae.

262 3850 350 3906 I6.
384 3851 494 3905 Kal
519 3849 675 3903 δώσω
700 3850 933 3921 ἐμαυτὸν
963 3852 1041 3914 εἰς
1071 3851 1129 3903 τὸ
1153 3851 1452 3922 βάπτισμα.

1425 3869 1452 3903 1-
1926 3864 2011 3920 I6.
2041 3864 2105 3919 Et
2138 3864 2276 3919 dabo
2309 3879 2393 3918 me
2425 3864 2599 3934 ipsum
2628 3863 2680 3916 in
2714 3859 3061 3931 baptismum.

262 3943 361 4010 I7,
400 3942 487 3996 I8.
519 3943 630 3995 Kal
666 3943 774 4013 γὰρ
828 3944 943 3996 ἐκεῖ
976 3944 1008 4014 ἡ
1041 3943 1200 4014 χάρις
1244 3943 1324 4014 (6)
1376 3960 1466 3997 σου
1506 3942 1754 4015 ὁδηγήσει
1891 3951 1894 3954 ’

1891 3951 1894 3954 ’
1926 3957 2010 4023 17,
2038 3957 2122 4010 I8.
2154 3956 2363 4010 Etenim
2390 3957 2519 4012 illuc
2551 3956 2719 4026 gratia
2755 3964 2845 4009 tua
2872 3955 3101 4010 deducet
3129 3971 3232 4018 me,
3269 3966 3320 4009 et
3355 3957 3403 4010 in

192 4050 283 4105 με,
313 4032 408 4086 καὶ
439 4033 829 4103 περικρατήσει
867 4049 953 4103 με.

711 4033 829 4102 ήσει
867 4049 953 4103 με.
1857 4063 1942 4103 me
1964 4047 2347 4103 dominabitur.

264 4124 350 4180 I9.
393 4123 501 4177 Kal
552 4123 881 4196 ἐλογισάμην
927 4125 1046 4178 κατ’
1101 4123 1333 4194 ἐμαυτὸν
1376 4126 1579 4194 λέγων’
1611 4123 1756 4200 Ἆρα

1931 4138 2017 4192 19.
2048 4137 2113 4192 Ει
2141 4153 2353 4194 mecum
2380 4137 2608 4209 cogitavi
2637 4137 2821 4193 dicens
2850 4154 2863 4190 :
2899 4139 2978 4193 An
3006 4139 3081 4195 ita
3115 4141 3289 4211 patiar
3318 4158 3406 4198 us-

184 4217 362 4280 οὖτως
406 4217 724 4288 ἀνάσχωμαι
755 4216 860 4282 ἕως
895 4217 1080 4279 τέλους
1123 4218 1476 4286 κυριεύεσθαι
1517 4219 1622 4271 ὑπὸ
1655 4221 1752 4290 τῆς

185 4308 498 4365 ἁμαρτίαςε

1449 4236 1476 4271 ιι
1517 4219 1622 4271 ὑπὺ
1655 4221 1752 4290 τῆς
1856 4246 1960 4302 que
1995 4231 2048 4285 in
2080 4231 2238 4287 finem
2265 4232 2535 4287 dominari
2569 4233 2623 4286 in
2652 4247 2735 4286 me
2765 4231 3085 4302 peccatum?

273 4327 306 4362 a
382 4325 434 4361 ta
483 4325 498 4374 ;

231 4325 492 4449 μεέΚΣὶ
533 4395 862 4470 ἐλογισάμην
907 4398 1089 4453 δοῦναι
1127 4401 1360 4469 ἐμαυτὸν
1389 4401 1466 4471 (³7)
1492 4404 1556 4474 τῇ
1589 4418 1754 4456 κατα-

1925 4403 2010 4457 Ξο.
2059 4403 2123 4458 Et
2168 4405 2399 4475 cogitavi
2448 4406 2659 4462 tradere
2705 4423 2790 4462 me
2840 4407 3012 4476 ipsum
3065 4406 3404 4476 baptismatis

184 4490 339 4544 δύσει
363 4488 455 4544 τοῦ
488 4488 875 4560 βαπτίσματος,
907 4493 987 4545 ὃτι
1021 4493 1297 4562 φωτισμὸς
1323 4495 1418 4546 καὶ
1444 4496 1624 4568 τρυφή
1649 4497 1749 4566 μού
1780 4534 1820 4592 Π

1780 4534 1829 4592 D
1857 4495 2188 4550 immersioni
2215 4537 2229 4560 ,
2258 4498 2513 4566 quoniam
2552 4499 2896 4562 illuminatio,
2935 4508 2984 4553 et
3020 4499 3226 4555 deliciae
3273 4516 3403 4554 mea:

185 4583 306 4634 ἐστι
331 4581 392 4634 τὸ
417 4581 636 4654 λουτρὸν
661 4584 757 4654 τῆς
782 4581 1077 4647 ἀθανασίας
1096 4601 1110 4615 ο
1136 4585 1251 4637 ἐκεῖ
1274 4585 1380 4654 γάρ
1408 4587 1752 4659 καταλιμπά-
1780 4581 1821 4592 ”

1780 4581 1824 4592 ”
1853 4595 1979 4640 sunt
2026 4587 2300 4642 lavacrum
2337 4589 2801 4645 immortalitatis:
2843 4591 2914 4645 ibi
2962 4592 3106 4647 enim
3158 4593 3403 4661 relinquo

185 4691 265 4729 νω
293 4674 391 4737 τὰς
421 4675 693 4747 ἁμαρτίας
722 4695 843 4749 μου.

609 4677 693 4742 ίας
722 4695 843 4749 μου.
1852 4689 2071 4748 peccata
2100 4696 2239 4735 mea.

256 4767 347 4822 2I.
380 4768 500 4822 Ὅτι
531 4771 680 4824 πᾶσα
710 4770 854 4844 ψυχὴ
883 4775 939 4827 ἐν
976 4770 1153 4825 σκότει
1183 4772 1494 4844 καθημενη,
1522 4774 1747 4828 ελθουσα

1919 4771 2006 4824 2I.
2040 4771 2177 4839 Quia
2212 4773 2392 4828 omnis
2438 4774 2618 4828 anima
2662 4775 2716 4828 in
2771 4775 3006 4831 tenebris
3052 4776 3246 4830 sedens
3280 4791 3403 4832 curn

185 4857 282 4910 ἐπὶ
310 4859 375 4912 τὸ
400 4859 696 4932 βάπτισμα,
727 4863 827 4916 οὐκ
853 4863 929 4918 ἔτι
956 4863 1398 4934 σκοτισθήσεται,
1425 4864 1530 4918 ἀπὸ
1563 4865 1653 4918 τοῦ
1689 4885 1746 4920 σε

1850 4863 2053 4918 venerit
2078 4864 2142 4919 ad
2173 4864 2522 4935 baptismum,
2546 4882 2652 4922 non
2676 4867 2906 4936 amplius
2938 4867 3401 4934 obtenebrabitur,

185 4948 246 5003 τὸ
272 4949 468 5022 ἀληθὲς
491 4950 571 5020 (8)
603 4951 717 5021 φῶς
741 4954 991 5007 ἐπιϐῆναι
1023 4956 1080 5007 ὲν
1107 4955 1266 5026 αὐτῇ.

1849 4956 2104 5025 quoniam
2139 4965 2193 5011 tu
2214 4998 2228 5024 ,
2252 4958 2346 5028 qui
2376 4974 2499 5014 vera
2532 4958 2623 5014 lux
2654 4975 2734 5028 es,
2763 4959 3013 5016 ascendis
3043 4959 3098 5014 in
3135 4959 3327 5032 ipsam.

256 5129 280 5161 '
314 5126 478 5185 Hebr.
513 5145 589 5198 ιν,
624 5131 710 5187 I3.

1135 5292 1438 5358 Addenoa
1468 5303 1528 5358 et
1561 5297 1927 5377 corrigendo
1974 5315 2053 5361 ex
2086 5301 2225 5362 cod.
2254 5302 2453 5364 Vatic.

259 5474 338 5616 QI;
362 5475 453 5542 Ἐξ
479 5476 669 5560 ἐαηυτοῦ
694 5480 1055 5550 γέγονα,ειρ.,
1083 5485 1139 5535 ἐν
1165 5484 1356 5556 ἐαυτῷ.

281 5546 316 5598 2
373 5546 649 5616 Κρυσηναι
681 5551 741 5602 τὸ
785 5552 1006 5616 Πνεῦμα
1043 5552 1103 5606 τὸ
1130 5553 1282 5616 ἆγιόν
1315 5573 1404 5608 σου
1458 5557 1518 5611 τὸ
1571 5559 1742 5613 πάντα

694 5480 1055 5550 γέγονα,ειρ.,
1083 5485 1139 5535 ἐν
1165 5484 1356 5556 ἐαυτῷ.
1920 5488 1993 5562 (5)
2028 5489 2128 5542 Σοῦ
2153 5491 2319 5545 deost.

683 5551 741 5602 τὸ
785 5552 1006 5616 Πνεῦμα
1043 5552 1103 5606 τὸ
1130 5553 1282 5616 ἆγιόν
1315 5573 1404 5608 σου
1458 5557 1518 5611 τὸ
1571 5559 1742 5613 πάντα
1921 5561 1997 5616 I6)
2034 5561 2095 5612 Ἡ
2125 5561 2240 5616 γείο
2270 5579 2319 5614 σε

281 5546 1282 5648 El.l‘£?f§‘f.‘:fl.'l“§ﬂ3.33.???"
1310 5546 1404 5608 ⁵ου
1458 5557 1518 5611 τδ
1571 5559 1742 5613 πάντα
1920 5546 1997 5648 ἓξὲξ)
2029 5561 2095 5648 3!!
2124 5561 2240 5648 χείρ
2270 5579 2380 5648 6°9-

186 5620 710 5743 ytygibgawajleig.
746 5622 855 5678 vid.
892 5620 1233 5692 γιγνῶσκον).

257 5689 337 5826 id;
713 5702 838 5826 yedig:
869 5772 972 5820 etc.

1915 5620 1991 5702 (7)
2029 5620 2270 5694 Ἐαῧτ6ν,
2299 5643 2402 5686 etc.

1917 5701 1992 5772 (8)
2033 5702 2301 5773 Ἀληθινὸν
2334 5702 2447 5771 φῶς
2477 5704 2730 5774 ἐπιϐῆναι
2765 5707 2819 5758 ἐν
2845 5705 3032 5778 ταύτῃ.

282 5755 337 5826 4)
371 5757 692 5830 Ἀχώριστος
713 5764 836 5834 γάρ,
869 5772 972 5820 etc.
