2071 3236
418 258 463 286 22.
483 258 517 286 Et
528 266 580 286 nox
597 258 664 287 sicut
678 259 736 286 dies
750 258 945 286 illuminabitur
957 266 964 284 :

417 305 462 333 25.
482 304 559 333 Sicut
573 305 688 333 tenebrat
705 305 773 340 ejus,
791 306 824 332 ita
842 310 868 333 et
884 305 974 332 lumen
987 305 1057 340 ejus.

418 350 462 379 24.
481 351 548 383 Quia
561 356 588 378 tu
603 350 748 385 possedisti
760 357 838 377 rencs
855 358 931 377 meos
946 359 952 376 :

417 396 462 424 25.
482 396 631 431 Suscepisti
648 403 691 423 me
705 396 738 423 de
754 400 829 423 utero
846 396 942 423 matris
959 403 1034 423 mete.

366 436 368 439 ’
417 440 461 468 26.
482 440 636 469 C0niitcbot-
657 441 703 468 tibi
716 460 724 472 ,
746 441 809 476 quia
830 441 987 468 terribiliter
1005 441 1161 476 magniﬁca-

384 490 426 521 tus
439 493 468 513 es
482 494 489 512 :

414 529 458 557 27.
479 529 611 558 Mirabilia
626 538 707 566 opera
732 536 790 564 tua,
805 535 832 558 et
844 531 932 558 anima
948 539 1006 558 mea
1022 531 1160 564 cognoscit

381 584 473 604 ηιιηιε.

413 621 458 650 28.
477 620 535 649 Non
548 626 589 650 est
602 623 767 651 occultatum
780 631 812 651 os
824 630 913 650 meum
935 630 950 649 a
967 628 1001 655 te,

413 667 457 694 29.
479 666 555 700 Quod
571 667 659 696 fecisti
676 669 703 696 in
721 669 838 699 occulto.

413 715 457 743 50.
477 715 508 743 Et
523 715 675 743 substantia
688 724 744 743 mea
757 717 784 743 in
799 715 973 743 interioribus
987 719 1064 742 terra'.
1080 723 1086 741 :

412 760 456 786 51.
477 759 664 795 Imperfectum
684 768 771 788 meum
789 761 912 788 viderunt
929 760 1000 788 oculi
1014 760 1062 787 tui.

412 803 456 833 32.
478 805 510 833 Et
526 807 552 833 in
569 806 638 834 libro
654 811 698 833 tuo
711 814 806 835 omnes
823 807 976 834 scribentur
990 814 997 831 :

408 851 452 879 55.
475 851 536 879 Dies
553 852 753 885 formabuntur,
766 858 793 880 et
805 860 885 879 netno
902 853 929 880 in
943 853 992 880 eis.

410 897 453 925 54.
474 896 538 925 Mihi
552 903 641 925 autem
656 898 736 926 nimis
748 898 918 926 lmnoriiieati
933 901 996 925 sunt
1009 896 1089 925 amici
1104 897 1153 929 tui,

374 942 445 971 Deus
460 951 468 969 :

409 990 452 1019 55.
472 989 558 1018 Nimis
572 989 739 1018 confortatus
753 995 794 1018 est
810 989 976 1024 principatus
991 994 1096 1015 corunt.

795 197 822 224 S.
844 195 1029 223 ATHANASII
1049 195 1123 224 OPP.
1141 196 1231 224 PARS
1257 196 1300 224 lll.
1313 211 1347 218 —-
1369 197 1563 226 EXEGETICA

1171 261 1194 289 Α
1244 257 1289 285 22.
1305 258 1359 286 Καὶ
1369 259 1418 292 νὺξ
1432 258 1470 291 ὡς
1485 259 1575 295 ἡμέρα
1587 262 1787 297 φωτιυοήσεται
1798 270 1804 276 “

1933 204 1991 233 mc

1245 304 1289 330 25.
1310 304 1353 335 Ὠς
1366 303 1397 330 τὸ
1412 304 1508 335 σκότος
1520 304 1606 339 αὐτῆς
1617 324 1624 337 ,
1640 306 1712 333 οὕτω
1726 306 1773 334 καὶ
1788 307 1818 333 τὸ
1832 306 1894 341 φῶς
1905 308 1989 343 αὐτῆς.

1243 348 1286 376 τι.
1300 349 1360 375 Ὅτι
1376 349 1408 375 σὺ
1424 349 1531 384 ἐκτήσω
1546 350 1609 382 τοὺς
1624 352 1739 387 νεφρούς
1756 361 1807 388 μου
1818 361 1826 368 ο

1244 394 1289 421 25.
1308 395 1464 422 ’Λντελάὃου
1481 403 1531 430 μου
1545 396 1579 423 ἐκ
1590 398 1707 433 γαστρὸς
1721 399 1826 434 μητρός
1844 408 1907 434 μου.

1245 439 1289 466 26.
1312 440 1558 477 Ἐξομολογήσομαί
1584 451 1646 477 σοι,
1667 445 1708 471 ὅτι
1730 444 1856 480 φοεερῶς
1880 445 1989 480 ἐθαυμα-

1212 485 1325 521 στώοης.

1240 531 1283 558 ‘27.
1299 531 1443 567 Θαυμάσια
1462 532 1497 560 τὰ
1516 532 1584 570 ἔργα
1606 542 1665 567 σου,
1684 536 1731 562 καὶ
1756 538 1773 572 ὴ
1792 537 1865 573 ψυχή
1889 545 1940 572 μου
1956 545 1990 571 τι-

1210 576 1306 604 νὼσκει
1323 578 1433 614 σφόδρα.

1244 623 1287 650 28.
1302 624 1358 650 Οὐκ
1375 623 1478 660 ἐκρύϐη
1492 624 1523 651 τὸ
1536 624 1632 653 ὀστοῦν
1649 636 1700 663 μου
1716 628 1770 655 ἀπὸ
1786 628 1845 660 σοῦ,

1243 669 1286 696 29.
1304 670 1335 695 Ὃ
1352 669 1482 705 ἐποίησας
1496 672 1527 698 ὲν
1542 673 1633 707 κρυφῇ
1644 692 1651 703 ,

1244 716 1369 752 50.1(αὶὴ
1382 717 1528 750 ὑπόστασίς
1539 727 1589 754 μου
1600 720 1629 746 ὲν
1639 721 1695 752 τοῖς
1703 722 1872 753 κατωτὰτοις
1879 722 1986 758 τῆςτῆς.

1239 763 1282 789 51.
1298 763 1334 789 Τὸ
1348 764 1553 800 ἀκατέργαστόν
1568 774 1618 801 μου
1633 765 1702 793 εἶδον
1714 768 1739 793 oi
1754 767 1889 803 ὀφθαλμοί
1904 777 1958 795 σου.

1242 808 1276 835 52
1302 809 1356 835 Καὶ
1372 809 1418 836 ἐπὶ
1432 809 1464 836 τὺ
1480 809 1581 845 βιϐλίον
1604 820 1651 839 σου
1671 812 1772 844 πάντες
1789 814 1986 849 γραφήσονται·

1242 855 1286 882 55.
1309 854 1431 891 Ἡμέρας
1444 855 1643 892 πλασθήσονται
1655 877 1663 889 .
1685 859 1732 885 καὶ
1746 858 1833 890 οὐδεὶς
1851 859 1880 885 ἐν
1893 858 1986 890 αὐτοῖς.

1241 901 1285 927 54.
1304 900 1380 936 Ἐμοὶ
1393 900 1421 927 δὲ
1435 900 1495 929 λίαν
1505 902 1673 938 ἐτιμήθησαν
1686 904 1711 930 oi
1721 903 1794 938 φίλοι
1808 912 1867 937 σου,
1884 904 1899 930 ό
1911 903 1983 935 Θεός·

1241 987 1285 1014 55.
1302 987 1368 1014 Λίαν
1383 987 1607 1024 ὲκραταιώθησαν
1623 989 1651 1015 αι
1665 988 1748 1023 ἀρχαὶ
1763 988 1864 1015 αἰετῶν.

928 1065 1110 1094 ΑΤΗᾹΝᾹΞΙΙ
1139 1064 1431 1093 INTERPRETATIO.

406 1128 451 1156 22.
476 1127 508 1155 Et
526 1135 585 1163 qum
599 1128 625 1154 in
649 1128 767 1163 peccatis
779 1132 890 1162 aegrotat
903 1128 993 1154 anima
1008 1126 1149 1154 sublevata

373 1175 398 1202 in
413 1175 556 1209 baptismo,
569 1174 651 1202 veluti
675 1174 732 1201 dics
748 1174 953 1205 illuminabitur,
969 1172 1107 1200 exoriente
1124 1177 1150 1200 te

371 1221 397 1246 in
413 1220 481 1254 ipsa.

405 1266 450 1294 25.
464 1265 500 1293 Ita
516 1265 588 1293 enim
600 1265 689 1292 omnis
706 1265 795 1292 anima
811 1263 961 1290 illuminata
978 1270 993 1290 τι
1011 1267 1047 1295 te,
1059 1262 1148 1290 imita-

369 1319 413 1340 tur
429 1314 454 1340 in
465 1312 600 1347 baptismo
614 1313 734 1339 triduum
746 1311 840 1338 mortis
852 1315 904 1337 tum
927 1313 954 1336 et
970 1309 1146 1336 resurrectio-

368 1360 422 1391 nis,
435 1365 542 1387 noctem
565 1364 647 1393 atque
662 1358 744 1385 diem.

402 1405 446 1432 2t.
475 1404 542 1438 Quia
563 1409 591 1431 tn
618 1403 754 1431 redemisti
775 1409 883 1430 omnem
908 1408 994 1429 meam
1018 1400 1145 1428 virtutem

368 1450 486 1485 pretioso
502 1455 548 1477 tuo
565 1449 706 1485 sanguine.

403 1492 448 1520 25.
461 1492 617 1528 Adjutorem
634 1493 699 1520 mihi
715 1492 811 1520 dedisti
826 1494 919 1520 statim
933 1500 948 1520 a
961 1492 1071 1519 lavacro
1087 1490 1148 1526 Spi-

366 1539 447 1567 ritum
465 1545 588 1567 sanetum
604 1544 690 1567 tuum.

398 1585 444 1613 26.
462 1585 579 1613 Tradam
596 1590 681 1613 totum
697 1593 739 1613 me
754 1586 842 1621 ipsum
859 1586 924 1618 tibi,
937 1585 1000 1620 quia
1012 1585 1147 1612 excellen-

365 1634 405 1658 ter
421 1630 589 1666 gloriiieatus
604 1638 645 1658 es.

398 1676 443 1704 27.
459 1676 654 1704 Admirationis
678 1676 765 1712 plena:
788 1681 853 1704 sunt
869 1677 1012 1710 passiones
1031 1679 1102 1707 tuae,
1120 1678 1146 1701 et

362 1721 453 1750 anima
469 1730 527 1750 mea
539 1722 626 1750 credit
640 1723 667 1749 in
684 1721 751 1757 ipsis
766 1730 852 1756 usque
866 1722 892 1748 in
905 1723 997 1748 linem.

398 1767 442 1796 28.
453 1766 512 1795 Non
527 1767 691 1802 despiciatur
709 1775 724 1794 a
738 1773 763 1794 tc
785 1767 929 1794 intirmitas
943 1766 1040 1793 anima:
1066 1773 1144 1798 meat,

397 1856 441 1885 29.
454 1855 487 1883 Et
501 1856 652 1884 substantia
671 1857 755 1891 ipsius
770 1856 919 1885 inveterata
937 1858 964 1884 in
983 1858 1113 1892 peccatis.

396 1942 440 1971 50.
453 1941 600 1970 Benevasti
612 1941 684 1968 enim
706 1949 749 1969 me
762 1942 788 1969 in
801 1942 917 1975 occulto,
936 1943 985 1970 hoc
996 1947 1037 1970 est
1050 1943 1077 1970 in
1095 1943 1137 1970 ba-

359 1989 470 2025 ptismo,
487 1996 535 2016 cor
550 1996 651 2015 meum.

394 2033 438 2062 51.
453 2032 652 2068 Corruptelam,
664 2038 690 2061 et
707 2033 878 2061 inutilitatem
892 2033 991 2061 mentis
1006 2041 1074 2062 mea:
1086 2042 1138 2062 non

357 2079 515 2115 despexisti,
532 2079 578 2107 sed
593 2079 618 2107 ei
635 2080 789 2122 providisti.

392 2126 437 2154 52.
454 2125 488 2153 Et
501 2126 547 2161 qui
561 2125 635 2160 digni
651 2125 713 2153 facti
733 2130 798 2153 sunt
818 2126 950 2160 baptismo
963 2131 1012 2155 tuo
1023 2146 1031 2161 ,
1043 2133 1139 2155 omnes

358 2173 386 2200 in
400 2173 470 2201 libro
481 2172 542 2200 vita:
554 2172 647 2208 scripti
661 2177 725 2200 sunt
743 2173 770 2199 in
786 2172 874 2201 caelis.

392 2262 436 2291 55.
452 2261 481 2289 In
497 2261 556 2291 luce
570 2262 696 2297 baptismi
722 2268 898 2297 renovantur,
919 2267 947 2291 et
963 2271 1044 2291 nemo
1069 2264 1138 2292 alius

366 2309 422 2341 llic.
437 2309 489 2336 nisi
502 2314 530 2336 tu
545 2309 619 2337 solus
632 2309 659 2337 in
677 2310 753 2344 ipsis.

390 2355 436 2382 δι.
457 2353 522 2382 Mihi
544 2359 634 2382 autem
653 2355 779 2390 deinceps
802 2355 976 2384 honorabiles
990 2362 1055 2384 sunt
1070 2364 1137 2392 apo-

355 2401 417 2429 stoli
429 2401 478 2435 tui,
494 2401 527 2429 ad
540 2409 609 2437 quos
622 2401 711 2429 dixisti
725 2412 730 2428 :
752 2401 802 2429 Vua
820 2402 900 2429 amici
916 2403 980 2430 estis
989 2403 1010 2430 '.

385 2487 430 2517 55.
446 2487 563 2516 Fortiter
584 2489 719 2517 dominata
736 2494 778 2517 est
798 2490 919 2524 potentia
932 2490 1133 2526 pradicationis

352 2543 446 2564 eorum
451 2556 458 2563 .

389 2592 400 2608 ⁸
416 2591 496 2619 Joan.
515 2599 560 2624 xv,
579 2592 622 2619 ιι.

1234 1125 1278 1151 22.
1295 1125 1348 1152 Καὶ
1360 1126 1376 1161 ἠ
1389 1125 1428 1161 (i)
1443 1127 1472 1152 ὲν
1494 1126 1644 1162 ἁμαρτίαις
1667 1126 1831 1153 ὲπινοσοῦσα
1850 1126 1934 1162 ψυχὴ,
1954 1127 1984 1153 διν

1199 1169 1342 1205 εγερθεῖσα
1352 1171 1380 1197 ἐν
1389 1170 1427 1206 τῷ
1440 1171 1617 1207 βαπτίσματι,
1629 1172 1669 1204 ὡς
1678 1172 1770 1207 ἡμέρα
1781 1172 1984 1208 φωτισθήσεται,

1199 1216 1388 1249 ἁνατείλαντός
1403 1225 1450 1243 σου
1466 1218 1494 1244 ὲν
1510 1218 1590 1253 αὐτῇ.

1234 1261 1278 1288 25.
1301 1261 1393 1293 Οὖτως
1418 1261 1457 1298 (2)
1490 1261 1545 1298 γὰρ
1568 1263 1691 1297 μιμεῖται
1714 1264 1744 1289 ὲν
1768 1263 1808 1298 τῷ
1824 1263 1984 1299 βαπτίσματι

1200 1309 1275 1335 πᾶσα
1297 1308 1369 1343 ψυχὴ
1390 1308 1561 1344 φωτιζομὲνη
1577 1309 1629 1335 ὑπὸ
1642 1308 1688 1335 σοῦ
1703 1309 1753 1345 τὴν
1775 1311 1924 1345 τριήμερον
1942 1309 1983 1336 τοῦ

1200 1353 1316 1380 θανάτου
1334 1362 1380 1380 σου
1397 1354 1445 1380 καὶ
1459 1354 1508 1388 τῆς
1522 1354 1696 1386 ἀναστάσεως
1710 1354 1796 1382 νύκτα
1811 1356 1858 1381 καὶ
1873 1355 1982 1391 ἡμέραν.

1235 1399 1280 1427 24.
1302 1399 1364 1427 Ὅτι
1390 1400 1422 1427 σὺ
1452 1399 1621 1436 ὲξηγόρασας
1646 1402 1738 1428 πᾶσαν
1760 1401 1811 1437 τὴν
1839 1401 1916 1437 ίσχύν
1938 1410 1983 1437 μου

1160 1434 1185 1465 c
1198 1445 1239 1483 τῷ
1254 1446 1293 1483 (5)
1305 1446 1388 1482 τιμίῳ
1404 1454 1450 1473 σου
1464 1434 1570 1482 αἵματι.

1233 1492 1278 1521 25.
1297 1492 1396 1529 Βοηθόν
1410 1493 1448 1528 (ι)
1468 1501 1513 1528 μοι
1533 1492 1652 1525 δέδωκας
1678 1492 1779 1524 εὐθέως
1795 1493 1851 1520 ἀπὸ
1881 1493 1930 1528 τῆς
1943 1502 1982 1520 κο-

1198 1538 1358 1575 λυμϐήθρας
1368 1540 1399 1566 τὸ
1408 1539 1522 1575 Πνεῦμά
1533 1547 1580 1566 σου
1591 1539 1622 1566 τὸ
1635 1539 1721 1573 ἅγιον.

1233 1584 1278 1611 26.
1298 1584 1424 1611 Ἐκδώσω
1437 1593 1478 1612 σοι
1490 1585 1551 1612 ὅλον
1568 1586 1696 1621 ἐμαυτὸν,
1712 1586 1752 1612 ὅτι
1766 1585 1982 1622 ὑπερϐαλλόντως

1198 1630 1350 1662 δεδόξασαι.

1231 1677 1276 1704 27.
1286 1676 1456 1711 Ἐκπλήξεως
1475 1676 1546 1711 μετὰ
1561 1676 1600 1712 (5)
1621 1677 1775 1713 ὑπάρχουσι
1788 1677 1823 1703 τὰ
1841 1675 1982 1712 παθήματά

1198 1731 1255 1755 σου,
1276 1723 1323 1749 καὶ
1336 1723 1352 1758 ὴ
1365 1722 1437 1758 ψυχή
1454 1731 1505 1758 μου
1519 1723 1642 1749 πιστεύει
1659 1723 1687 1749 ὲν
1700 1723 1793 1755 αὐτοῖς
1810 1723 1865 1754 ἕως
1884 1722 1980 1752 τέλους.

1231 1767 1276 1795 28.
1293 1768 1332 1803 (6)
1350 1768 1387 1795 Οὐ
1409 1768 1574 1805 παρεωράθη
1607 1769 1683 1804 παρὰ
1699 1769 1747 1795 σοῦ
1768 1769 1799 1795 τὸ
1812 1768 1927 1800 ἀσθενὲς
1938 1768 1981 1802 τῆς

1195 1813 1283 1849 ψυχῆς
1297 1814 1336 1848 (7)
1349 1822 1411 1849 μου»

1230 1858 1275 1887 29.
1304 1859 1358 1885 Καὶ
1383 1860 1400 1895 ἡ
1427 1859 1575 1892 ὑπόστασις
1596 1861 1682 1895 αὑτῆς
1705 1861 1722 1896 ὴ
1746 1860 1935 1888 παλαιωθεϊσα
1954 1861 1979 1886 tv

1195 1905 1353 1941 ἁμαρτίαις.

1228 1950 1272 1977 50.
1298 1950 1485 1982 Ἀνεκαίνισας
1502 1950 1556 1986 γάρ
1571 1959 1604 1986 με
1619 1952 1649 1978 ἓν
1671 1953 1763 1987 κρυφῇ
1773 1971 1781 1983 ,
1801 1952 1941 1979 τουτέστιν
1953 1951 1980 1977 ἑν

1192 1996 1230 2032 τῷ
1246 1997 1413 2033 βαπτίσματι
1429 1996 1479 2033 τὴν
1493 1997 1606 2033 καρδίαν
1620 2006 1682 2033 μου.

1227 2043 1271 2070 51.
1292 2042 1330 2070 Τδ
1344 2042 1541 2079 διεφθαρμένον
1556 2052 1606 2078 μου
1616 2063 1623 2075 ,
1644 2043 1692 2070 καὶ
1707 2044 1847 2080 ἄχρηστον
1861 2045 1912 2080 τῆς
1925 2045 1978 2072 δια-

1192 2088 1265 2120 νοίας
1275 2088 1306 2115 οὐ
1319 2088 1456 2124 παρεῖδες,
1472 2089 1529 2116 ἀλλ’
1543 2089 1664 2124 ἐποιήσω
1680 2090 1820 2124 πρόνοιαν.

1225 2134 1270 2162 32.
1285 2134 1342 2162 Καὶ
1351 2135 1376 2161 oi
1387 2134 1547 2167 ἀξιωθέντες
1557 2135 1603 2162 τοῦ
1614 2135 1803 2170 βαπτίσματός
1817 2143 1865 2162 σου
1882 2135 1978 2167 πάντες

1188 2182 1215 2207 ὲν
1231 2180 1314 2218 βίϐλῳ
1335 2181 1434 2217 σμιλίῳ
1454 2181 1493 2217 (8)
1516 2181 1652 2217 ὲτάγησαν
1679 2180 1750 2217 [τῆς
1764 2180 1839 2217 ζωῆς
1859 2182 1978 2218 ἐγράφη-

1188 2227 1249 2265 σαν]
1260 2229 1290 2256 ἑν
1304 2229 1360 2260 τοῖς
1373 2228 1508 2264 οὐρανοῖς.

1222 2273 1268 2301 53.
1287 2273 1331 2300 Ἑν
1346 2273 1384 2309 τῷ
1402 2274 1472 2309 φωτὶ
1483 2272 1531 2300 τοῦ
1548 2272 1736 2309 βαπτίσματος
1752 2273 1974 2306 ἀνακαινοῦνται,

1187 2320 1234 2347 καὶ
1250 2320 1337 2353 οὐδεὶς
1351 2321 1429 2353 ἄλλος
1441 2321 1500 2348 ἐκεῖ
1521 2321 1546 2348 el.
1563 2321 1600 2357 μὴ
1626 2321 1658 2348 σὺ
1674 2321 1755 2357 μόνος
1770 2322 1799 2349 tv
1812 2322 1910 2355 αὐταῖς
1925 2322 1972 2358 (9).

1223 2365 1267 2393 54.
1286 2366 1364 2401 Ἐμοὶ
1378 2366 1406 2394 δὲ
1420 2365 1468 2394 τοῦ
1482 2366 1577 2393 λοιποῦ
1594 2365 1680 2401 τίμιοι
1697 2366 1756 2402 (10)
1770 2367 1937 2403 ὑπάρχωσιν
1949 2368 1972 2394 οι

1188 2411 1331 2440 ἀπόστολοι
1346 2421 1410 2446 σου,
1434 2413 1502 2450 πρδς
1523 2413 1570 2446 οὓς
1589 2413 1759 2450 εἰρήκαμεν·
1778 2413 1872 2449 Ὑμεῖς
1893 2414 1973 2449 φίλοι

1188 2457 1268 2486 ἐστέ.

1223 2503 1268 2531 55.
1287 2504 1414 2540 ’ἰσχυρῶς
1439 2504 1715 2541 κατιδυνάστιυσσνή
1737 2505 1847 2537 ιξουσία
1862 2504 1909 2533 τοῦ
1924 2513 1972 2532 tat-

1188 2547 1325 2583 ρύγματος
1337 2549 1437 2576 αὐτῶν.

828 2628 980 2660 Addenda
998 2635 1030 2662 et
1045 2634 1231 2675 corrigenda
1248 2646 1287 2668 ex
1309 2638 1379 2669 cod.
1395 2639 1496 2670 Vatic.

349 2688 423 2757 mp)
444 2689 498 2751 K52.
518 2690 546 2715 ὲν
572 2690 719 2725 ἁμαρτίαις
736 2689 855 2717 ﬁmo-35a
873 2690 945 2728 ψυχή
956 2713 963 2726 ,
979 2698 1045 2727 etc.,
1061 2695 1099 2728 ὡς
1115 2697 1131 2732 ἡ

393 2733 453 2757 ερα.
494 2733 517 2750 c.

372 2729 453 2759 μέρα.
466 2729 517 2751 etc.

386 2759 423 2793 (2)
438 2759 524 2790 Οὕτω,
540 2764 590 2788 etc.

387 2796 424 2826 (5)
444 2795 486 2820 Ἐν
500 2794 548 2828 τῷ,
564 2801 616 2822 etc.

385 2830 422 2861 (ιί)
440 2830 547 2864 nonem.
562 2839 616 2865 μοι,
632 2836 675 2859 etc

385 2865 423 2897 (5)
440 2866 541 2895 Mea-xi,
556 2871 608 2893 etc.

382 2899 418 2932 (6)
431 2900 461 2927 Ν.
477 2901 521 2934 28,
534 2901 577 2932 29.
592 2902 633 2930 50.
646 2902 750 2929 Comm.
766 2902 871 2931 unicus.

1217 2700 1256 2735 (7)
1269 2700 1324 2736 Τῆς
1338 2700 1444 2735 ψυχῆς,
1464 2701 1511 2728 καὶ
1529 2702 1544 2736 ἡ
1566 2701 1715 2736 ὑπόστασις
1735 2704 1787 2738 τῆς
1808 2703 1897 2739 ψυχῆς
1919 2710 1968 2739 μου

1182 2735 1199 2770 ἡ
1212 2755 1220 2767 ,
1242 2741 1295 2763 etc.

1272 2770 1415 2837 ξῖτὲἐξλῳ
1428 2770 1501 2807 ζωῆς
1512 2772 1690 2809 ὶνετάγησαν,
1707 2779 1761 2801 etc.

1289 2841 1390 2875 Τίμῆςι
1407 2847 1472 2876 etc.,
1489 2843 1556 2878 πρδς
1572 2843 1618 2876 οὓς
1634 2852 1749 2883 εῳηκας
1762 2852 1768 2859 ⁸
1792 2844 1888 2881 ’Υμιῖς
1902 2842 1967 2879 φίλοι

1181 2875 1232 2911 μού
1249 2877 1320 2903 ἐστι.
