4142 6472
195 409 227 460 ι
237 409 344 464 285

1020 406 1106 463 DE
1149 409 1425 467 TITULIS
1462 410 1908 469 PSALMORUM.
1951 443 2018 453 --
2057 413 2228 466 PSAL
2289 412 2618 467 αςχχνιιι.

3283 415 3415 472 ί286

264 519 360 623 5ξῖ
390 521 852 596 Ἑξαριθμήσομαι
883 524 1098 590 αὐτοὺς,
1124 527 1217 580 καὶ
1251 527 1388 598 ὺπέρ
1411 528 1593 599 ἀμμον
1627 529 1762 600 πλη·
1793 538 1838 593 Α

1751 561 1762 569 -
1793 538 1838 593 Α
1930 529 2017 584 36.
2051 528 2411 584 Dinumerabo
2444 544 2558 592 eos,
2611 538 2663 581 et
2692 541 2850 596 super
2891 541 3111 623 arenam
3158 525 3387 598 multipli

191 611 554 683 συνθήσονται
574 630 589 646 ο

269 704 360 759 57.
400 705 748 778 Ἐξηγέρθην,
775 710 868 762 καὶ
903 709 981 762 ἔτι
1011 711 1126 779 είμὶ
1151 709 1288 780 μετά
1324 711 1439 764 σοῦ.

269 795 363 852 38.
401 797 522 849 Ἐὰν
553 798 875 870 ἀποκτείνῃς
908 801 1282 872 ἁμαρτωλοὺς,
1315 803 1341 854 6
1365 801 1494 866 Θεός
1515 819 1527 832 ·

264 885 356 943 39.
389 889 610 964 Ἄνδρες
641 891 906 961 αἱμάτων,
932 893 1212 946 ἐκκλίνατε
1246 894 1338 946 ἀπ’
1369 893 1502 964 ἐμοῦ
1523 910 1537 924 ⁶

271 978 364 1032 40.
397 980 513 1034 ’Ὁτι
539 982 749 1051 ἐρισταί
783 986 903 1036 ἐστε
939 986 1017 1046 εἰς
1044 983 1428 1056 διαλογισμούς
1447 1002 1460 1016 ·

270 1068 362 1123 41.
386 1071 654 1140 Λήψονται
686 1074 765 1138 είς
799 1074 1126 1145 ματαιότητα
1151 1076 1249 1138 τάς
1279 1077 1459 1140 πόλεις
1492 1075 1654 1150 [seu].

270 1156 362 1212 ‘2.
398 1162 530 1230 υὺχὶ
558 1163 682 1226 τοὺς
716 1164 1001 1234 μισοῦντας
1035 1183 1115 1231 σε,
1145 1166 1335 1238 Κύριε,
1368 1171 1636 1240 ἐμίσησας

267 1250 357 1306 45.
395 1253 500 1306 Καὶ
539 1254 630 1307 ἐπὶ
671 1258 794 1320 τοὺς
822 1257 1048 1329 ἐχθρούς
1093 1275 1186 1312 σου
1215 1257 1362 1330 [τοῖς
1388 1261 1600 1332 ἐχθροῖς
1630 1263 1760 1336 σου]

193 1340 534 1414 ἐξετηκόμην
554 1361 571 1411 ;

267 1434 356 1488 44.
382 1435 594 1489 Τέλειον
621 1441 772 1508 μῖσος
798 1441 1014 1511 ἐμίσουν
1039 1443 1232 1507 αὐτούς
1253 1461 1267 1475 ·

263 1525 353 1580 45.
390 1527 482 1590 Εἰς
510 1530 735 1600 ἐχθροὺς
770 1533 1013 1601 ἐγένοντό
1041 1552 1151 1605 μοι.
1411 1573 1416 1578 ο

261 1617 354 1673 46.
381 1620 675 1690 Δοκίμασόν
707 1641 772 1691 με
793 1664 806 1686 ,
840 1627 868 1678 6
904 1625 1067 1690 Θεὸς⁸
1096 1627 1188 1680 καὶ
1213 1627 1379 1692 γνῶθι
1405 1627 1502 1696 τὴν
1531 1628 1756 1701 καρδίαν

193 1729 306 1782 μου
328 1729 340 1742 ·

267 1805 355 1860 47.
392 1807 620 1861 Ἔτασόν
649 1827 736 1879 με,
762 1811 852 1864 καὶ
875 1813 1044 1882 γνῶθι
1071 1815 1168 1879 τὰς
1191 1815 1410 1886 τρίϐους
1444 1831 1564 1886 μου.

1867 624 2132 678 caliuntur
2158 641 2172 676 :

1936 714 2022 768 37.
2063 711 2377 774 Exsurrexi.
2404 721 2457 765 et
2480 710 2658 765 adhuc
2687 726 2807 765 sum
2837 719 3030 765 tecum.

1936 803 2023 857 38.
2065 801 2122 856 Si
2151 802 2437 864 occideris,
2472 801 2635 867 Deus,
2666 807 2978 870 peccatores
3005 816 3019 851 :

1933 893 2019 948 39.
2059 892 2171 946 Viri
2201 894 2548 964 sanguinum,
2585 892 2847 946 declinate
2877 906 2907 944 a
2942 905 3067 944 me:

1934 988 2022 1041 40.
2059 985 2196 1052 Quia
2223 983 2550 1040 contentiosi
2583 984 2712 1038 estis
2744 984 2796 1036 in
2828 981 3247 1054 cogitationibus
3275 1000 3289 1034 :

1932 1083 2019 1137 41.
2057 1082 2335 1152 Accipient
2366 1081 2420 1135 in
2448 1080 2684 1134 vanitate
2709 1078 2957 1133 civitates
2994 1075 3181 1150 [tuas].

1931 1176 2019 1230 42.
2058 1172 2246 1228 Nonne
2276 1173 2370 1243 qui
2401 1173 2633 1228 oderunt
2663 1181 2732 1234 te,
2771 1169 3016 1232 Domine,
3048 1166 3314 1224 oderam?

1930 1265 2018 1320 4⁸5.
2061 1265 2127 1319 Et
2151 1278 2313 1334 super
2337 1263 2586 1317 inimicos
2611 1268 2733 1316 tuos
2761 1257 3141 1314 tabescebam?

1932 1453 2021 1508 44.
2062 1448 2306 1504 Perfecto
2339 1450 2464 1503 odio
2489 1447 2713 1502 oderam
2751 1447 2870 1500 illos

1923 1546 2012 1601 45.
2053 1543 2264 1600 Inimici
2297 1541 2423 1597 facti
2447 1548 2575 1597 sunt
2602 1541 2754 1595 mihi.

1926 1635 2016 1691 46.
2033 1633 2209 1690 Proba
2240 1649 2346 1702 me,
2368 1631 2511 1689 Deus
2535 1672 2550 1700 ,
2568 1641 2622 1687 et
2646 1631 2782 1687 scito
2797 1643 2891 1685 cor
2906 1642 3112 1684 meum:

1927 1813 2015 1868 47.
2057 1815 2334 1882 Interroga
2362 1826 2468 1878 me,
2491 1821 2545 1866 et
2574 1825 2841 1878 cognosce
2867 1810 3088 1864 semitas
3117 1823 3286 1864 meas.

267 1897 358 1952 48.
382 1901 488 1952 Καὶ
516 1899 611 1966 ίδε,
641 1877 688 1954 εἰ
707 1901 820 1965 ὁδὸς
842 1877 911 1976 [εί
940 1904 1083 1959 ἔστιν
1266 1877 1494 1977 ἀνομίας
1517 1907 1574 1961 ἐν
1595 1906 1720 1962 ἐιιοί
1737 1923 1751 1938 ο
1783 1877 1830 1938 Β

1646 1906 1751 1962 ιοί⁹
1783 1877 1830 1938 Β
1927 1906 2017 1962 48.
2055 1905 2120 1959 rit
2144 1877 3138 1977 videstvia[siestvua]iniquitatlsin
3159 1916 3282 1956 me:

271 1988 356 2045 49.
384 1992 492 2045 Καὶ
517 1992 778 2065 όδήγησόν
809 2013 876 2067 με
902 1999 961 2051 ἐν
989 1997 1092 2070 ὁδῷ
1121 1999 1332 2070 αίωνίᾳ.

1927 1997 2018 2053 49.
2059 1995 2125 2052 Et
2146 1996 2318 2052 deduc
2345 2010 2431 2051 me
2461 1996 2516 2050 in
2545 1996 2630 2050 via
2656 2007 2874 2050 aeterna.

1300 2176 1670 2235 ATHANASII
1734 2174 1849 2232 INT
1858 2175 2312 2234 ERPRETATIO.

264 2346 353 2404 36.
383 2348 601 2403 Δώδεκα
628 2351 753 2416 είσι,
776 2351 870 2406 καὶ
896 2351 985 2406 τὸν
1005 2352 1207 2424 κόσμον
1237 2353 1356 2407 ὅλον
1375 2352 1461 2408 διὰ
1482 2354 1572 2408 τοῦ
1596 2354 1754 2424 λόγου

187 2440 372 2496 αὐτῶν
395 2445 831 2515 περιποιήσονται
859 2447 939 2509 είς
961 2445 1108 2509 υἱοὺς
1135 2447 1227 2499 καὶ
1258 2446 1577 2517 θυγατέρας.

261 2619 349 2675 37.
387 2619 784 2694 Ἑζωοποιήθην
809 2623 895 2678 διὰ
922 2621 1015 2676 τοῦ
1061 2622 1456 2694 βαπτίσματος,
1483 2626 1576 2677 καὶ
1603 2625 1752 2678 ἀδια-

185 2705 424 2770 λείπτως
450 2707 639 2779 ἔσομαι
674 2711 808 2779 μετά
837 2709 950 2764 σοῦ.

184 2881 216 2943 ὃ
245 2797 351 2943 e38.
391 2797 513 2852 Ἐάν
540 2799 946 2874 θανατὼσῃςταύ
967 2819 1063 2866 τας
1079 2802 1177 2868 τὰς
1203 2804 1450 2870 ἐναντίας
1476 2806 1751 2877 δυνάμεις,

295 2891 380 2943 εός
399 2907 414 2921 ·

245 2889 380 2953 Θεός
399 2907 414 2921 ·

260 2981 349 3036 59.
396 2983 519 3046 Τοῖς
558 2984 773 3056 δαίμοσι
821 2987 1001 3055 λέγει·
1024 2988 1325 3059 Δίμοπόται
1361 2987 1752 3060 μισάνθρωπος,

186 3074 577 3145 ἀναχωρήσατε
605 3078 697 3130 ἀπ’
725 3078 858 3147 ἐμοῦ
881 3096 893 3108 ·

261 3166 349 3220 40.
392 3168 509 3220 ’Ὁτι
563 3168 882 3242 ἐνθυμήσεις
932 3171 1174 3244 πονηρὰς
1222 3172 1541 3226 ὑποτίθεσθε
1599 3174 1753 3228 πολε-

187 3261 417 3334 μοῦντες
453 3263 495 3329 (1
509 3264 547 3329 ).

1933 2336 2020 2392 36.
2053 2333 2342 2390 Duodecim
2378 2339 2540 2396 sunt,
2571 2340 2624 2385 et
2651 2338 2824 2384 totum
2874 2328 3133 2396 mundum
3168 2342 3416 2384 sermone

1860 2442 1961 2484 suo
1995 2429 2047 2481 in
2080 2427 2218 2483 ﬁlios
2265 2435 2317 2480 et
2357 2424 2496 2479 ﬁlias
2551 2438 2648 2493 per
2706 2420 3046 2489 adoptionem
3082 2421 3409 2488 spiritualen:

1858 2519 2157 2590 acquirent.

1931 2612 2016 2666 37.
2045 2609 2321 2680 Baptismo
2346 2605 2645 2662 vivilicatus
2673 2619 2818 2669 sum,
2842 2611 2895 2658 et
2924 2601 3290 2656 indesinenter
3317 2615 3414 2656 ero

1855 2713 2054 2761 tecnm.

1925 2797 2012 2851 38.
2047 2793 2104 2848 Si
2136 2792 2294 2847 morti
2326 2790 2629 2856 tradideris,
2667 2788 2826 2854 Deus,
2855 2788 2954 2842 has
2979 2785 3280 2843 contrarias
3315 2800 3413 2856 po-

1857 2902 2077 2950 testates
2104 2904 2118 2944 :

1929 2985 2018 3040 39.
2065 2983 2412 3039 Daemonmus
2445 2983 2578 3037 dicit
2608 2999 2620 3034 :
2652 2986 3072 3048 banguipotores
3099 2990 3287 3033 osores
3315 2975 3414 3030 ho-

1856 3080 2086 3143 minum,
2116 3076 2348 3131 recedite
2370 3091 2400 3129 a
2433 3090 2518 3128 me
2549 3093 2561 3126 :

1925 3174 2013 3228 40.
2030 3170 2168 3238 Quia
2183 3169 2541 3241 cegitationes
2563 3179 2757 3237 pravas
2780 3169 3083 3234 pugnantes
3109 3160 3410 3230 subjicitis:

259 3355 349 3409 4Ἰ.
379 3355 840 3425 Αἱχμαλωτίζουσι
864 3375 963 3422 τας
1000 3375 1174 3429 ψυχας
1210 3364 1317 3412 τῶν
1352 3361 1651 3433 ἀνθρώπιον
1675 3364 1753 3426 εἰς
1781 3382 1822 3438 C

1781 3382 1822 3438 ο
1922 3355 2011 3410 41.
2042 3352 2294 3422 Captivas
2335 3345 2838 3404 abducentauimas
2866 3332 3232 3398 Inominum'in
3259 3335 3411 3390 vani-

189 3448 371 3520 μάτην
387 3465 400 3478 ⁸
426 3449 584 3501 πάλιν
606 3449 713 3520 γὰρ
740 3451 1122 3521 ἐπιστρέφουσι
1147 3451 1283 3522 πρὸς
1307 3451 1388 3504 σέ.

263 3541 347 3596 42.
368 3540 504 3608 Ἐγὼ
521 3541 577 3593 δὲ
609 3541 811 3603 πάντας
835 3541 959 3605 τοὺς
987 3540 1410 3613 ἀνθισταμένους
1434 3546 1501 3613 τῇ
1528 3542 1753 3615 ἀληθείᾳ

188 3650 310 3694 σου,
341 3631 529 3702 Κύριε,
564 3631 819 3702 ἐμίσησα.

263 3723 352 3776 45.
381 3722 490 3775 Kal
533 3723 623 3774 ἐπὶ
655 3725 765 3786 τοῖς
797 3720 1108 3776 ἀπειθοῦσιν
1136 3719 1212 3792 (2)
1257 3721 1592 3793 ἐξετηκόμην
1646 3723 1751 3776 ἀπὸ

185 3812 286 3867 τοῦ
312 3813 488 3884 ζήλου.
524 3815 632 3867 Kal
657 3813 827 3877 ἄλλως
857 3813 914 3866 δὲ
946 3816 1142 3867 νοεῖται
1170 3816 1198 3867 6
1229 3813 1389 3878 αὐτὸς
1417 3813 1596 3885 στίχος
1621 3832 1635 3846 ·
1660 3816 1752 3867 καὶ

188 3906 286 3959 ἐπὶ
329 3909 445 3968 ταῖς
495 3907 761 3970 ἐναντίαις
799 3905 1058 3976 δυνάμεσι
1089 3904 1178 3959 διά
1219 3905 1324 3978 τῆς
1367 3907 1618 3978 νηστείας
1663 3908 1752 3960 καὶ

187 3995 535 4067 ἐγκρατείας.

261 4084 346 4138 44.
376 4084 509 4138 Οὔτε
537 4084 932 4156 προσηγόρευον
977 4086 1100 4148 τοὺς
1131 4085 1359 4157 ἐχθροὺς
1386 4086 1481 4155 τῆς
1515 4085 1750 4150 πίστεώς

187 4195 285 4232 σου
294 4219 308 4232 .

262 4272 348 4326 45.
378 4271 562 4335 Οὕτως
595 4271 987 4342 ἐϐδελυσσόμην
1019 4271 1214 4335 αὐτοὺς
1236 4312 1250 4337 ,
1285 4273 1360 4336 ὡς
1399 4272 1747 4343 ἐπισυστῆναι

183 4363 382 4427 αὐτοὺς
411 4362 526 4434 ἅμα
553 4364 637 4415 ἐπ’
669 4363 789 4434 ἐμὲ,
817 4365 897 4428 είς
930 4363 988 4417 τὸ
1022 4363 1278 4432 φονεῦσαί
1310 4382 1398 4435 με.

256 4456 342 4512 46.
396 4455 713 4525 Ἐπίσκεψαι
754 4455 852 4528 τὴν
897 4455 1118 4528 καρδίαν
1167 4473 1289 4526 μου,
1338 4456 1432 4511 καὶ
1474 4457 1745 4530 πρόσχες,

181 4548 232 4600 εί
266 4547 340 4616 (3)
371 4548 448 4609 είς
477 4546 650 4601 πάντα
677 4545 932 4600 ἐπακούει
957 4564 1070 4600 σου.

253 4638 337 4692 47.
386 4640 696 4710 Ἀνάκρινον
717 4639 814 4710 τὴν
842 4641 1066 4712 καρδίαν
1095 4659 1216 4713 μου,
1242 4641 1335 4696 κα)⁵
1367 4642 1625 4711 ἐπίγνωθι
1647 4643 1745 4707 τὰς

188 4730 506 4802 ἐνθυμήσεις
537 4748 660 4802 μου.

255 4823 341 4878 48.
390 4823 497 4877 Καὶ
534 4822 627 4876 ἐὰν
671 4823 836 4898 εὕρῃς
883 4825 941 4878 ἐν
983 4828 1105 4896 ἐμοὶ
1149 4827 1442 4899 ἐπιθυμίαν
1477 4827 1742 4900 πονηρὰν,

183 4915 514 4985 φυγάδευσον
539 4915 705 4986 αὐτὴν
729 4920 794 4989 τῇ
826 4917 1005 4990 χάριτί
1041 4936 1155 4974 σου.

254 5007 338 5062 49.
367 5007 475 5061 Καὶ
501 5008 762 5080 όδήγησόν
790 5028 856 5081 με
889 5014 946 5064 ἐν
971 5014 1036 5082 τῇ
1085 5013 1285 5085 αίωνίῳ
1308 5012 1384 5084 (4)
1410 5014 1543 5084 ζωῇ.

1862 3457 1989 3510 tate,
2013 3461 2202 3499 rursus
2228 3444 2369 3497 enim
2396 3446 2774 3495 convertentur
2797 3435 2863 3488 ad
2889 3444 2958 3490 te.

1927 3537 2014 3591 ιε.
2067 3534 2177 3603 Ego
2221 3542 2398 3587 autem
2433 3544 2621 3586 omnes
2648 3529 2994 3583 adversantes
3022 3523 3238 3581 veritati
3282 3531 3408 3587 tua,

1860 3629 2105 3689 Domine,
2139 3628 2376 3681 oderam.

1927 3720 2013 3773 45.
2061 3717 2127 3772 Ει
2159 3733 2316 3787 super
2358 3715 2726 3772 inobedientes
2773 3713 2866 3768 tibi
2914 3710 3252 3767 tabescebam
3300 3723 3410 3778 pra;

1858 3813 1991 3867 zelo.
2036 3811 2206 3866 Aliter
2256 3819 2434 3864 autem
2487 3809 2799 3879 intelligitur
2847 3809 2945 3862 iste
2991 3804 3293 3860 versiculus
3353 3803 3408 3856 in

1858 3906 2004 3960 hunc
2049 3904 2268 3958 modum
2309 3915 2363 3959 et
2411 3919 2572 3974 super
2621 3903 2920 3959 contrarias
2951 3909 3244 3972 potestates
3269 3897 3410 3970 jeju«

1857 3998 1950 4053 nio
1972 4004 2026 4052 et
2050 3995 2379 4052 continentia
2406 3996 2768 4050 tabescebam.

1923 4087 2014 4144 44.
2038 4086 2221 4145 Neaue
2247 4086 2547 4143 salutabam
2583 4085 2832 4140 inimicos
2865 4085 2987 4139 [luet
3020 4092 3144 4139 tua.

1924 4273 2011 4327 45.
2044 4270 2118 4325 Ita
2147 4283 2241 4324 eos
2271 4266 2615 4323 abominatus
2645 4280 2786 4331 sum,
2811 4273 2870 4319 ut
2897 4262 3060 4319 simul
3087 4261 3189 4333 ipsi
3221 4261 3406 4317 consi-

1855 4373 2057 4420 sterent
2080 4364 2134 4416 in
2167 4376 2272 4424 me,
2299 4369 2358 4414 ut
2386 4375 2471 4414 me
2498 4357 2825 4413 occiderent.

1923 4457 2011 4512 46.
2049 4453 2218 4508 Visita
2244 4468 2337 4507 cor
2361 4467 2565 4516 meum,
2605 4457 2659 4505 et
2705 4449 2938 4510 attende,
2983 4449 3029 4501 si
3057 4447 3113 4499 in
3151 4443 3406 4499 omnibus

1851 4549 1946 4606 tibi
1975 4547 2322 4614 obtemperet.

1923 4641 2014 4696 47.
2042 4639 2284 4710 Dijudica
2328 4651 2422 4691 cor
2459 4649 2662 4700 meum,
2694 4641 2748 4688 et
2788 4645 3020 4703 agnosce
3048 4629 3404 4703 cogitationes

1777 4744 1819 4799 ο
1849 4750 2014 4792 meas.

1920 4826 2008 4881 48.
2044 4824 2108 4880 Et
2138 4825 2185 4880 si
2215 4819 2485 4878 inveneris
2512 4819 2566 4874 in
2591 4833 2676 4874 me
2706 4817 3173 4888 concupiscentias
3206 4830 3403 4880 mtas.

1848 4921 1982 4992 ejice
2010 4935 2123 4984 eas,
2156 4915 2324 4986 gratia
2357 4923 2467 4967 tua.

1915 5013 2005 5068 49.
2037 5010 2102 5065 Ει
2131 5009 2305 5064 deduc
2333 5021 2420 5062 me
2452 5007 2507 5060 in
2540 5005 2704 5062 vitam
2737 5012 3016 5060 ater-nam.

1129 5189 1436 5252 Addenda
1471 5194 1532 5250 et
1563 5186 1933 5268 corrigenda
1968 5205 2046 5248 ex
2092 5185 2233 5248 cod.
2263 5185 2462 5249 Vatic.

252 5377 331 5518 μ)
361 5379 730 5450 Πολεμοῦντές
763 5397 848 5450 με.

277 5450 331 5517 ‘2)
369 5448 672 5503 Ἀπειθοῦσι
724 5453 836 5512 τοῖς

277 5444 331 5517 ‘2)
369 5444 672 5503 Ἀπεὶθοῦσι
712 5444 836 5512 τοῖς
904 5447 1280 5518 προστάγμασι
1348 5444 1740 5518 σουέξετηκό-

181 5515 320 5591 μην.
343 5529 473 5587 etc.,
501 5519 558 5574 δὲ
589 5522 805 5592 νοητέον
831 5519 920 5573 τὸν
951 5515 1108 5571 αὑτὸν
1143 5515 1349 5588 στίχον·
1382 5515 1495 5582 καί,
1530 5527 1632 5570 etc.

1919 5375 1994 5444 (5)
2020 5376 2134 5429 Ἵνα
2162 5377 2261 5437 είς,
2290 5385 2397 5434 etc.

1915 5446 1990 5521 (4)
2017 5446 2239 5516 Δίωνίᾳ,
2274 5456 2380 5502 etc.
