4142 6474
761 401 902 458 1987
1623 395 1682 451 S.
1723 392 2088 449 ATIIANASll
2127 392 2276 453 OPP.
2320 395 2500 453 PARS
2539 394 2626 452 Ill.
2665 426 2733 437 —
2772 394 3178 455 EXEGETICA.
3847 404 3971 462 1288

851 517 918 575 In
937 520 1094 589 ﬁnem
1116 535 1134 572 :
1157 516 1398 595 Psalmis
1426 517 1608 575 David.
1643 515 1844 572 PSAL.
1881 517 2195 574 CXXXIX.
2336 524 2382 581 Α
2468 522 2487 574 l

2336 524 2382 581 Α
2468 521 2572 585 Εἰς
2600 517 2666 572 τὸ
2691 517 2868 586 τέλος
2901 521 3141 590 ψαλμὸς
3165 520 3245 585 τῷ
3273 521 3467 576 Δαϐίδ.
3511 524 3689 577 ΨΑΛ.
3724 525 3896 578 PAO.

824 609 874 666 1.
905 609 1066 680 Eripe
1096 626 1201 676 me,
1238 609 1482 674 Domine,
1511 611 1578 664 ab
1612 610 1833 665 homine
1863 610 2006 664 malo
2039 633 2050 665 :

2483 611 2533 666 1.
2563 613 2772 678 Ἑξελοῦ
2801 631 2888 683 με,
2921 612 3112 684 Κύριε,
3147 613 3206 678 ἐξ
3232 613 3518 685 ἀνθρώπου
3553 614 3821 686 πονηροῦ·

821 702 876 758 2.
903 702 944 756 A
975 703 1090 758 viro
1117 703 1302 774 iniquo
1324 703 1472 773 eripe
1507 719 1612 758 me.

2477 702 2532 756 2.
2563 703 2693 756 Ἀπὸ
2725 703 2922 775 ἀνδρὸς
2953 703 3137 757 ἀδίκου
3171 703 3332 775 ῥῦσαί
3363 723 3447 776 με.

821 794 876 850 3.
905 795 1007 860 Qui
1031 795 1399 865 cogitaverunt
1433 795 1741 865 iniquitates
1782 797 1835 850 in
1870 797 2068 851 corde:

2477 791 2529 845 5.
2575 792 2783 857 Οἴτινες
2816 792 3126 863 ὲλογίσαντο
3156 795 3368 850 ἀδικίαν
3393 798 3450 849 ὲν
3479 797 3678 868 καρδίᾳ
3697 815 3709 827 ·

822 887 873 940 4.
910 887 1042 942 Tota
1071 887 1156 942 die
1185 889 1583 943 constituebant
1619 889 1820 958 prwlia.

2477 880 2530 934 4.
2547 880 2712 952 Ὅλην
2733 881 2830 952 τὴν
2863 883 3076 954 ἡμέραν
3100 883 3498 954 παρετάσσοντο
3529 884 3819 954 πολέμους.

823 979 873 1035 5.
909 979 1183 1034 Acuerunt
1219 981 1426 1051 linguas
1450 996 1576 1036 suas
1619 981 1757 1036 sicut
1783 983 2045 1050 serpentis
2074 999 2087 1034 :

2086 1003 2087 1009 η
2479 972 2531 1026 5.
2557 974 2858 1044 Ἥκόνησαν
2883 974 3132 1044 γλῶσσαν
3153 975 3330 1030 αὐτῶν
3354 976 3484 1030 ὡσεὶ
3513 977 3691 1046 ὄφεως
3707 989 3722 1008 ⁸

819 1070 872 1126 6.
901 1070 1178 1126 Venenum
1213 1073 1460 1144 aspidum
1489 1074 1589 1129 sub
1617 1074 1775 1128 labiis
1803 1089 2015 1128 eorum.

2478 1063 2533 1117 6.
2559 1064 2658 1128 Ἰὸς
2685 1065 2924 1120 ἀσπίδιον
2949 1068 3053 1121 ὑπὸ
3071 1068 3140 1123 τά
3168 1070 3318 1141 χείλη
3342 1068 3539 1122 αὐτῶν.

821 1163 870 1217 7.
899 1162 1120 1219 Custodi
1147 1181 1260 1229 me,
1295 1163 1554 1232 Domine,
1579 1165 1644 1220 de
1672 1181 1832 1220 manu
1865 1168 2162 1236 peccatoris

2478 1156 2529 1210 7.
2566 1156 2804 1223 Φύλαξόν
2833 1175 2924 1230 με,
2955 1159 3148 1231 Κύριε,
3174 1164 3238 1215 ὲκ
3268 1162 3447 1235 χειρὸς
3472 1161 3826 1233 άμαρτωλοῦ·

818 1255 870 1311 8.
906 1257 986 1310 Ab
1009 1257 1317 1313 hominibus
1351 1258 1550 1328 iniquis
1571 1257 1719 1327 eripe
1747 1274 1830 1312 me
1855 1279 1870 1314 :

2471 1249 2523 1307 8.
2550 1250 2682 1306 Ἀπὸ
2706 1251 3005 1325 ἀνθρώπων
3031 1254 3228 1310 ἀδίκων
3260 1255 3443 1323 ἐξελοῦ
3478 1273 3543 1328 με
3565 1273 3576 1282 ·

818 1349 868 1403 9.
909 1347 1010 1416 Qui
1033 1351 1405 1421 cngitaverunt
1426 1352 1771 1422 supplantare
1801 1367 2021 1422 gressus
2053 1368 2226 1409 meos.

2473 1360 2525 1415 9.
2567 1359 2775 1425 Οἴτινες
2799 1361 3162 1434 διελογίσαντο
3185 1363 3279 1418 τοῦ
3301 1366 3374 1436 (a‘,
3397 1365 3750 1420 ὑποσκελίσαι
3772 1365 3844 1419 τά
3871 1364 3972 1419 δια-

2405 1449 2471 1521 ϐή
2481 1449 2625 1521 ματά
2651 1469 2773 1521 μου.

815 1525 899 1580 10.
933 1525 1341 1585 Absconderunt
1371 1532 1586 1602 superbi
1620 1533 1871 1602 laqueum
1905 1534 2059 1588 mihi.

1986 1534 2059 1588 hi.
2479 1542 2564 1596 10.
2587 1543 2868 1615 Ἐκρυψαν
2894 1545 3230 1618 ὑπερήφανοι
3266 1549 3468 1618 παγίδα
3499 1567 3620 1620 μοι·

821 1617 906 1672 11.
938 1618 1862 1696 Etfunibusextenderuntlaqueum
1887 1627 2114 1696 pedibus
2135 1628 2299 1686 meis:

2485 1631 2570 1687 11.
2612 1634 2722 1688 Καὶ
2755 1617 3011 1707 σχοινίοις
3032 1617 3289 1695 διέτειναν
3316 1617 3516 1710 παγίδα
3546 1647 3658 1708 τοῖς
3689 1646 3816 1699 ποσί
3843 1664 3932 1717 μου
3954 1664 3966 1677 ·

818 1708 902 1762 12.
935 1707 1092 1764 Juxta
1120 1712 1220 1767 iter
1247 1714 1497 1769 scandala
1541 1726 1841 1785 posuerunt
1871 1716 2021 1772 mihi.

2481 1723 2566 1778 12.
2594 1725 2854 1797 Ἐχόμενα
2878 1729 3064 1801 τρίϐου
3097 1734 3363 1789 σκάνδαλα
3394 1707 3575 1790 έθεντό
3611 1755 3721 1808 μοι.

820 1825 893 1894 (a)
927 1824 1075 1882 Vers.
1106 1829 1159 1881 3.
1196 1827 1405 1896 Omnes,
1431 1839 1532 1885 etc.
1558 1832 1587 1900 ᾗ
1614 1831 1668 1886 4.
1696 1832 1819 1900 Qui,
1849 1842 1979 1898 etc.,
2010 1842 2060 1888 et
2090 1833 2168 1888 sic
2194 1833 2472 1905 deinceps,
2500 1835 2554 1890 Ιι.
2579 1854 2626 1892 e.
2657 1853 2800 1896 vers.
2843 1841 2896 1896 in
2929 1842 3049 1898 cod.
3080 1842 3198 1898 Vat.
3225 1857 3350 1900 sunt
3377 1864 3433 1902 n.
3457 1847 3490 1901 8

1849 1994 2218 2053 ATHANASII
2277 1999 2868 2064 INTERPRETATIO.

822 2140 1555 2244 Ἦπροκειμένηὲπιγρατρη
1574 2149 1820 2244 περιέχει
1849 2150 1945 2244 (1)*
1977 2155 2080 2219 Εἰς
2106 2154 2172 2208 τὸ
2204 2155 2376 2223 τέλος
2403 2159 2484 2225 τῷ
2508 2163 2686 2216 Δαϐὶδ
2714 2165 2978 2235 ψαλμὸς,
3013 2166 3151 2239 ὅπερ
3184 2170 3543 2243 ἑρμηνεύεται
3583 2171 3713 2244 περὶ
3749 2173 3854 2226 τῶν
3889 2178 3972 2228 ἐπὶ

745 2234 1020 2306 συντελείᾳ
1051 2235 1160 2287 τῶν
1189 2235 1398 2290 αἰώνων
1428 2237 1723 2308 μελλόντων
1766 2239 1981 2295 ἔσεσθαι
2029 2247 2143 2308 τοῖς
2185 2246 2600 2321 άνθισταμένοις
2633 2256 2698 2325 τῇ
2733 2234 2982 2328 ἀληθείᾳ,
3014 2234 3264 2334 καὶ
3285 2234 3385 2334 τῆς
3413 2234 3833 2336 μισθαποδοσίας
3873 2269 3972 2321 τῶν

744 2331 912 2400 άγίων
960 2332 1170 2404 εῐρηται
1211 2331 1423 2405 ψαλμδς
1464 2334 1544 2401 τῷ
1589 2334 1773 2402 ικανῷ
1806 2336 1880 2405 τῇ
1916 2339 2086 2408 χειρὶ,
2110 2342 2390 2399 τουτέστιν
2415 2344 2493 2417 τῷ
2523 2347 2639 2419 Υἱῷ
2659 2348 2754 2402 τοῦ
2779 2349 2916 2404 Θεοῦ
2937 2370 2949 2383 ·
2975 2355 3134 2410 τοῦτο
3155 2331 3263 2428 γάρ
3297 2331 3658 2432 ἑρμηνεύεται
3688 2362 3880 2427 Δαϐίδ,
3903 2365 3972 2422 ὡς

745 2425 1003 2490 πολλάκις
1034 2426 1354 2498 εἰρήκαμεν.

819 2542 1034 2643 Titulus
1069 2545 1393 2643 praepositus
1426 2546 1666 2643 continet
1695 2565 1708 2601 :
1745 2546 1813 2603 In
1841 2549 1996 2620 ﬁnem
2017 2556 2255 2622 psalmus
2285 2557 2481 2628 David,
2514 2564 2661 2633 quod
2689 2565 3076 2635 interpretatur
3144 2570 3212 2626 de
3272 2571 3358 2635 iis,
3387 2587 3510 2643 qua:
3539 2573 3592 2628 in
3625 2575 3734 2631 fine
3759 2577 3973 2632 saeculo-

739 2651 864 2689 rum
898 2635 1079 2689 futura
1108 2645 1239 2691 sunt
1269 2637 1401 2701 illis,
1435 2637 1530 2706 qui
1562 2639 1826 2696 resistunt
1855 2646 2091 2712 veritati,
2118 2659 2170 2703 et
2202 2650 2269 2706 de
2292 2653 2650 2712 retributione
2683 2667 3032 2717 sanctorum:
3063 2663 3240 2721 dictus
3268 2674 3352 2722 est
3379 2635 3624 2737 psalmus
3653 2671 3971 2738 manufesti,

742 2727 846 2784 hoc
873 2738 956 2784 est
985 2728 1077 2784 Dei
1111 2729 1267 2796 Filio,
1294 2731 1368 2787 ita
1397 2734 1542 2788 enim
1573 2734 1957 2808 interpretatur
1988 2738 2175 2808 David,
2201 2752 2262 2802 ut
2285 2745 2491 2817 pluries
2514 2749 2774 2809 diximus.

812 2886 864 2939 1.
902 2883 1091 2942 Libera
1125 2904 1242 2952 me,
1272 2888 1533 2961 Domine,
1565 2893 1632 2948 ab
1661 2894 1751 2961 iis,
1785 2898 1880 2967 qui
1913 2902 2147 2970 speciem
2176 2906 2301 2974 qui-
2330 2915 2375 2971 Β

2336 2915 2375 2971 Β
2475 2910 2528 2966 1.
2567 2911 2854 2984 Δύτρωσαί
2877 2933 2966 2986 με,
2994 2915 3187 2985 Κύριε,
3213 2918 3279 2971 ὲκ
3299 2917 3408 2972 τῶν
3439 2919 3673 2990 ἑχόντων
3705 2922 3972 2994 μόρφωσιν

740 2978 859 3032 dem
891 2979 1090 3034 habent
1117 2981 1490 3054 pietatis,ejus
1513 2995 1696 3042 autem
1725 2988 1996 3060 denegarat
2018 2994 2300 3054 virtutem.

2290 3037 2300 3054 .
2407 2999 2506 3072 μὲν
2531 2978 2830 3071 εὐσεϐείας,
2982 3006 3038 3060 δὲ
3064 2978 3291 3078 δύναμιν
3319 2978 3926 3082 αὑτῆξὴρνημᾈόιβ).

810 3072 863 3125 2.
899 3073 982 3127 Ab
1007 3073 1155 3126 omni
1192 3074 1340 3138 viro,
1375 3077 1472 3146 qui
1515 3089 1760 3138 armatus
1805 3091 1890 3139 est
1934 3095 2124 3145 contra
2156 3091 2304 3146 veri-

2475 3095 2527 3150 2.
2550 3096 2681 3151 Ἀπὸ
2712 3072 3291 3172 παντὸς-ὁπλιζομένου
3310 3072 3455 3156 κατά
3475 3072 3576 3167 τῆς
3600 3072 3857 3175 ἀληθείας
3876 3072 3966 3176 (3)·

740 3173 926 3219 tatem.

813 3257 865 3310 5.
899 3257 1000 3324 Qui
1026 3258 1428 3316 simulationem
1458 3262 1660 3320 habent
1689 3266 1743 3321 in
1772 3284 1830 3324 se
1861 3269 2016 3342 ipsis.

2475 3276 2526 3330 5.
2569 3275 2776 3342 Οἶτινες
2795 3278 2893 3349 τὴν
2918 3279 3204 3351 ὑπόκρισιν
3238 3281 3451 3351 ἔχουσιν
3477 3285 3534 3338 ὲν
3565 3286 3798 3351 ἑαυτοῖς.

813 3348 863 3402 ι.
903 3347 1126 3420 Semper
1156 3348 1338 3406 festini
1363 3361 1490 3408 sunt
1509 3356 1576 3409 ad
1609 3355 1935 3416 fundendum
1955 3365 2297 3437 sanguinem.

2181 3381 2297 3422 lem.
2474 3369 2528 3424 4.
2549 3347 2928 3435 ’Ᾱδιαλείπτως
2955 3347 3162 3442 ταχινοί
3191 3347 3298 3426 εἰσι
3320 3373 3413 3427 τοῦ
3437 3376 3624 3445 ἐκχέαι
3656 3347 3817 3444 αἷμα.

813 3439 865 3496 5.
903 3439 1182 3511 Decipiunt
1236 3443 1394 3499 bonis
1449 3445 1503 3501 in
1559 3449 1792 3518 speciem
1827 3457 2195 3526 sermonibus,
2245 3470 2301 3515 et

2476 3461 2526 3516 5.
2565 3461 2662 3516 Διά
2695 3463 2793 3534 τῆς
2817 3439 3204 3535 χρηστολογίας
3231 3467 3324 3520 καὶ
3345 3439 3590 3537 εὐλογίας
3613 3439 3860 3523 ἀπατῶσι
3879 3470 3967 3536 τὰς

740 3533 880 3588 ﬁctis
923 3533 1168 3588 laudibus
1205 3535 1418 3591 animas
1462 3538 1810 3610 simplicium,
1842 3550 2299 3618 quemadmodum

2401 3552 2578 3625 ψυχὰς
2605 3561 2714 3608 τῶν
2737 3533 2978 3621 ἀκάκων,
3013 3556 3201 3629 ὥσπερ
3233 3561 3262 3612 ό
3291 3559 3413 3629 ὄφις
3442 3533 3530 3613 διά
3561 3561 3671 3615 τῶν
3692 3563 3861 3631 λόγων
3880 3533 3966 3615 αὖΞ

740 3637 962 3692 serpens
991 3625 1331 3683 sermonibus
1364 3628 1477 3684 suis
1493 3629 1658 3686 Evam
1687 3635 1920 3707 decepit.

1419 3628 1477 3684 lis
1493 3629 1658 3686 Evam
1687 3635 1920 3707 decepit.
2403 3645 2497 3698 τοῦ
2525 3644 2667 3700 Εὕαν
2697 3637 3055 3720 ἐξηπάτησεν.

810 3715 863 3770 6.
890 3714 1142 3772 Doctrina
1172 3733 1358 3774 eorum
1384 3761 1399 3785 ,
1445 3733 1498 3778 et
1540 3726 1839 3784 admonitio
1882 3731 2165 3789 mortifera
2195 3750 2298 3804 est,

2474 3739 2528 3793 6.
2553 3740 2619 3792 Ἠ
2657 3714 2975 3797 διδασκαλία
3001 3743 3179 3796 αὐτῶν
3204 3744 3299 3797 καὶ
3328 3746 3360 3815 ή
3391 3744 3642 3800 νουθεσία
3675 3747 3966 3819 θανατηφό-

739 3808 904 3863 veluti
941 3824 1204 3863 venenum
1233 3813 1458 3881 aspidis.

2406 3850 2497 3904 ρος
2528 3832 2806 3904 τυγχάνει,
2842 3835 2918 3899 ὡς
2948 3837 2976 3888 ό
3009 3835 3085 3900 ίὸς
3114 3835 3214 3907 τῆς
3242 3808 3486 3902 ἀσπίδος.

811 3899 862 3952 7.
895 3898 977 3952 Ab
1011 3900 1322 3970 huiusmodi
1359 3904 1672 3965 hominibus
1699 3913 1912 3968 custodi
1948 3930 2069 3981 me,
2113 3915 2300 3975 Domi-
2406 3898 2417 3904 ⁷

2406 3898 2417 3904 ⁷
2473 3925 2525 3980 7.
2551 3898 2800 3993 Φόλαξόν
2827 3945 2915 3997 με,
2955 3898 3148 3997 Κύριε,
3172 3898 3238 3980 ἔκ
3263 3927 3371 3981 τῶν
3407 3898 3684 3994 τοιούτων,
3734 3932 3816 3984 ὅτι
3860 3932 3967 4002 χεὶρ

740 4007 826 4056 ne,
855 3994 1111 4064 quoniam
1145 4011 1337 4051 manus
1368 3998 1567 4056 diaboli
1609 4013 1755 4058 sunt.

1515 4002 1567 4055 ili
1609 4013 1755 4058 sunt.
2403 4017 2496 4071 τοῦ
2530 4017 2774 4073 διαϐόλου
2802 3994 3151 4091 ὑπάρχουσιν.

811 4083 865 4138 8.
898 4085 1054 4154 Eripe
1077 4102 1162 4140 me
1191 4085 1259 4140 ab
1289 4088 1600 4150 hominibus
1624 4097 1990 4157 detinentibus
2014 4105 2298 4162 veritatem

2474 4112 2527 4166 8.
2567 4111 2700 4165 ’Δπὸ
2738 4083 3038 4184 ἀνθρώπων
3087 4111 3196 4166 τῶν
3244 4113 3344 4186 τὴν
3376 4113 3634 4180 ἀλήθειαν
3694 4117 3752 4169 ἑν
3798 4117 3966 4184 ἀδικίᾳ

739 4175 793 4231 in
823 4177 1086 4246 iniustitia
1110 4180 1151 4235 ⁸.

2405 4204 2738 4274 κατεχόντων
2770 4175 2952 4272 ἐξελοῦ
2978 4223 3063 4276 με.

806 4267 859 4323 9.
895 4269 998 4334 Qui
1037 4273 1278 4326 meditati
1315 4283 1440 4329 sunt
1483 4282 1868 4345 persuasibiles
1910 4301 2189 4345 sermones
2231 4291 2298 4346 ad
2327 4290 2368 4349 C

2328 4290 2368 4349 C
2473 4267 2765 4362 9.'Di1tvec
2811 4267 3102 4370 εσκέχαντο
3145 4298 3221 4369 (ι)
3268 4298 3633 4371 πιθανότητας
3663 4301 3837 4369 λόγων
3869 4301 3964 4354 ἀπὸ

739 4358 1107 4466 deducendum
1143 4379 1228 4418 me
1259 4380 1286 4417 a
1313 4365 1518 4466 Christi
1540 4369 1661 4466 lid‘e.
2399 4393 2493 4448 τοῦ
2521 4358 2852 4463 καταγαγεῖν
2878 4358 3077 4465 uenisse
3107 4358 3214 4464 τῆξ
3244 4396 3323 4457 εἰς
3353 4358 3586 4466 Χριστὸν
3611 4358 3870 4460 πίστεως.

812 4451 896 4554 ιο.
934 4451 1409 4529 Congregaverunt
1455 4462 1557 4516 sibi
1601 4463 1753 4534 ipsis,
1807 4469 1900 4536 qui
1948 4469 2041 4526 Dei
2089 4475 2304 4531 veritati

2475 4482 2562 4538 10.
2595 4451 2903 4554 Συνήγαγον
2931 4451 3437 4556 ὲαυτοὺςΙίὲαυτοῖςΙ]
3467 4484 3545 4556 (5)
3573 4486 3621 4538 οἱ
3655 4488 3720 4557 τῇ
3750 4451 3964 4558 ἀληθείᾳ

740 4543 1020 4610 resistunt,
1055 4563 1335 4606 sermones
1390 4555 1657 4624 quosdam
1714 4561 2011 4629 captiosos,
2063 4564 2304 4622 volentes

2403 4575 2495 4630 τοῦ
2525 4575 2658 4628 Θεοῦ
2687 4543 3062 4647 άνυθιστάμενοι
3107 4543 3296 4644 λόγους
3321 4543 3486 4641 τινάς
3870 4545 3965 4632 παλ

741 4649 828 4688 me
863 4635 1177 4706 illaqueare.

1391 4733 1402 4736 _
2405 4655 2644 4735 γιδεῦσαί
2671 4683 2737 4736 με
2769 4635 3027 4730 Θέλοντες.

813 4723 898 4780 11.
939 4723 1004 4780 Et
1029 4744 1200 4786 nexus
1232 4733 1498 4801 quosdam
1548 4751 1774 4805 eorum,
1816 4743 1909 4811 qui
1958 4745 2011 4798 in
2055 4762 2307 4805 sermone
2415 4723 2428 4735 ’

2415 4723 2428 4735 ¹
2485 4758 2570 4812 11.
2598 4723 2707 4813 κᾴι
2737 4759 2937 4823 πλοκάς
2965 4723 3115 4823 τινας
3150 4758 3225 4830 (6)
3254 4760 3361 4814 τῶν
3398 4761 3846 4836 διεστραμμένων
3872 4766 3960 4820 αὑ-

741 4829 843 4869 suo
878 4820 1110 4885 perversi
1137 4830 1284 4887 sunt,
1319 4823 1386 4878 ad
1410 4828 1975 4897 comprehendendum
2014 4852 2100 4894 me
2130 4850 2306 4897 teten-

741 4907 936 4962 derunt
956 4910 1111 4964 mihi.

2210 4857 2306 4897 en-
2405 4847 2512 4903 τῶν
2537 4847 2706 4918 λόγων
2737 4820 3322 4923 προσέτεινάννμοιὲπὶ
3350 4852 3411 4907 τὸ
3438 4820 3703 4914 Μσὲσὸοἰι
3729 4875 3846 4929 μου.

779 4917 936 4962 erunt
956 4912 1111 4966 mihi.

813 5000 900 5056 12.
935 5001 999 5058 Et
1028 5007 1353 5076 questiones
1397 5011 1662 5083 quasdam
1701 5016 1928 5085 noxias,
1986 5029 2040 5076 et
2082 5023 2305 5081 inutiles

2475 5029 2560 5084 12.
2614 5032 2722 5086 Καὶ
2768 5031 3022 5105 ζητήσεις
3064 5034 3214 5099 τινάς
3248 5035 3519 5110 βλαϐερὰς
3549 5039 3647 5094 καὶ
3686 5039 3960 5110 ἀνωφελεῖς

742 5092 1041 5163 iniecerunt
1065 5098 1217 5155 mihi.
2162 5113 2167 5117 ’

2162 5113 2167 5117 ’
2407 5092 2797 5192 προσεϐάλοντό
2936 5092 3043 5196 μοι.

810 5255 828 5286 ⁸
856 5255 1008 5315 Rom.
1037 5278 1052 5316 ι
1101 5263 1185 5318 18.

1685 5431 1985 5497 Addenda
2034 5445 2094 5500 et
2126 5439 2501 5518 corrigenda
2548 5457 2626 5502 ει
2658 5442 2794 5504 cod.
2824 5444 3020 5506 Vatic.

813 5587 891 5728 ξι)
913 5587 976 5643 Ἦ
998 5589 1087 5644 διὰ
1110 5593 1208 5664 τῆς
1231 5599 1597 5672 κινναϐάρεως
1621 5619 1879 5674 περιεχει,
1920 5615 2025 5660 etc.

833 5657 888 5726 2)
906 5659 1273 5728 Ἤρνημένων.

1422 5599 1597 5672 άρεως
1621 5619 1879 5674 περιεχει,
1920 5615 2025 5660 etc.
2573 5617 2664 5728 ’ἓν
2692 5619 2927 5728 ξαιὲτοις,
2955 5627 3058 5678 etc.

2638 5706 2694 5728 πυ.
2724 5707 2750 5728 ρ
2809 5708 3053 5728 ιεηφηηοη

833 5657 889 5808 ἐξ
906 5657 1402 5808 sese...
1432 5657 1517 5808 μζ..
1691 5657 1703 5674 ’
1777 5657 1808 5674 “
1867 5657 1879 5670 ’
2410 5657 3214 5808 ..ἰδὲπὶτεειάξξέξέέεῖεξὲὲνων
3242 5696 3421 5753 αὐτῶν
3443 5698 3626 5768 λάτων
3664 5695 3959 5772 ww"

907 5729 1208 5855 ξέληρέίας,
1245 5738 1402 5809 ῥῦσαί
1432 5760 1517 5814 με.
1854 5816 1863 5828 ,
2409 5729 2620 5826 pomeri.-

965 5802 1229 5869 ψευσαντο
1251 5811 1606 5869 πιθανότητάς
1630 5832 1779 5869 τινας
1807 5815 1998 5869 λογων.
2034 5826 2137 5869 elc.
2475 5827 2549 5869 m
2589 5828 2951 5869 Πωεῆᾶληυφᾶ
2987 5850 3070 5869 ..η

965 5802 1229 5873 ψεύσαντο
1245 5802 1606 5877 πιθανότητάς
1630 5832 1779 5882 τινας
1807 5815 1998 5886 λόγων,
2034 5826 2137 5875 etc.
