4142 6478
187 420 338 476 1289
1094 421 1181 475 DE
1222 420 1500 476 TITULIS
1541 419 1992 475 PSALMORUM.
2035 452 2102 461 —-
2139 420 2333 476 PSAL.
2365 418 2653 476 CXXXIX.
3305 420 3442 478 1290

265 539 353 592 13.
395 535 533 591 Eine
563 538 638 609 τῷ
666 540 854 608 Κυρίῳ
873 556 886 569 ο
917 538 1048 602 Θεὸς
1084 558 1184 608 μου
1214 537 1263 592 εἶ
1292 540 1376 593 σύ.
1798 553 1843 604 Α

1798 553 1843 604 Α
1948 540 2028 593 13.
2067 538 2186 590 Dixi
2219 538 2444 591 Domino
2473 559 2484 591 :
2520 537 2662 594 Deus
2695 554 2850 594 meus
2879 555 2937 595 es
2963 548 3040 595 tu.

263 629 354 684 14.
383 629 682 691 Ἐνώτισαι,
703 631 894 700 Κύριε,
920 631 1020 700 τὴν
1049 632 1231 699 φωνὴν
1260 632 1358 699 τῆς
1386 629 1620 701 δεήσεως
1651 647 1772 699 μου.

1766 669 1772 680 .
1946 629 2030 681 fl.
2069 629 2296 691 Exaudi,
2323 627 2572 694 Domine,
2609 645 2792 684 vocem
2823 632 3223 700 deprecationis
3252 650 3402 692 mea.

263 722 353 774 15.
395 723 586 792 Κύριε,
619 723 809 794 Κύριε,
842 721 1071 790 δύναμις
1096 722 1194 790 τῆς
1231 723 1504 793 σωτηρίας
1541 738 1666 791 μου,

1594 738 1666 784 δυ,
1948 719 2033 772 15.
2073 717 2322 781 Domine,
2357 718 2608 785 Domine,
2645 721 2817 775 virtus
2850 722 3042 777 salutis
3065 740 3230 789 mea,

270 814 356 868 16.
385 815 739 879 Ἐπεσκίασας
768 817 858 867 ἐπὶ
885 814 983 885 τὴν
1015 814 1252 883 κεφαλήν
1279 831 1378 884 μου
1403 817 1458 866 ὲν
1479 814 1660 884 ἡμέρα
1681 830 1776 865 πο-

1730 830 1776 864 υ-
1950 807 2034 860 16.
2063 805 2408 862 Obuinbrasti
2438 823 2600 878 super
2623 819 2785 880 caput
2810 826 2989 866 meum
3022 812 3075 866 in
3110 814 3196 867 die
3224 815 3366 868 belli.

189 904 250 955 λέ
263 921 387 973 μου.

269 994 356 1048 17.
397 994 485 1065 Μὴ
537 994 792 1066 παραδῴς
836 1012 902 1064 με
934 994 1031 1065 (a),
1060 992 1252 1062 Κύριε,
1289 993 1396 1044 ἀπὸ
1438 992 1537 1061 τῆς
1587 991 1777 1044 ἐπιθυ-

1951 981 2033 1035 17.
2066 979 2144 1037 Ne
2169 983 2348 1038 tradas
2376 1000 2478 1052 me,
2508 983 2755 1049 Domine,
2803 1004 2832 1042 a
2856 989 3125 1046 desiderio
3168 1007 3287 1047 meo
3317 1010 3444 1062 pec-

195 1087 330 1157 μίας
367 1104 463 1157 μου
491 1085 822 1157 ἁμαρτωλῷ.
1875 1075 2062 1128 (ἴδιοι-ἰ.

273 1179 358 1233 18.
400 1178 772 1247 Διελογίσαντο
802 1179 919 1231 κατ’
947 1177 1102 1247 ἐμοῦ,
1137 1177 1211 1248 μὴ
1259 1175 1629 1246 ὲγκαταλίπῃς
1685 1194 1772 1247 με,

1948 1167 2033 1221 18.
2063 1169 2449 1239 Cogitaverunt
2477 1181 2664 1228 contra
2695 1190 2781 1230 me
2806 1216 2821 1240 ,
2854 1189 2921 1229 ne
2950 1177 3292 1250 derennquas
3333 1197 3437 1249 me,

201 1270 416 1338 μήποτε
445 1267 753 1335 ὑψωθῶσιν.

1879 1278 1946 1315 ne
1976 1261 2114 1316 forte
2141 1264 2464 1319 exaltentur.

275 1361 358 1414 19.
384 1361 447 1412 Ἡ
476 1360 683 1431 κεφαλὴ
712 1358 804 1410 τοῦ
835 1357 1189 1428 κυκλώματος
1223 1355 1421 1410 αὐτῶν.

1143 1374 1189 1420 >;
1223 1355 1421 1410 αὐτῶν.
1953 1355 2039 1408 19.
2077 1354 2252 1425 Caput
2278 1357 2544 1412 circuitus
2570 1374 2779 1413 eorum.

269 1449 360 1502 20.
401 1451 579 1513 Κόττος
601 1450 707 1502 τῶν
733 1448 952 1518 χειλέων
978 1446 1154 1500 αὑτῶν
1182 1446 1407 1515 καλύψει
1438 1445 1631 1509 αὐτούς
1653 1463 1668 1476 ο

1594 1446 1631 1509 ὥς
1653 1463 1668 1476 ο
1949 1447 2037 1500 20.
2077 1447 2254 1503 Labor
2280 1449 2551 1504 labiorum
2584 1452 2824 1520 ipsorum
2853 1463 3059 1521 operiet
3097 1469 3190 1509 eos
3219 1474 3230 1508 :

267 1541 357 1594 21.
403 1541 694 1592 ΙΙεσοῦνται
718 1540 804 1591 ἐπ’
830 1538 1023 1601 αὐτοὺς
1049 1537 1322 1609 ἄνθρακες
1341 1552 1354 1565 ·

1277 1555 1322 1601 ες
1341 1552 1354 1565 ·
1947 1540 2034 1592 21.
2077 1540 2282 1594 Cadent
2313 1556 2473 1610 super
2498 1557 2593 1596 eos
2620 1543 2913 1598 carbones:

268 1633 356 1685 22.
389 1635 473 1685 Ἐν
499 1632 629 1702 πυρὶ
659 1632 982 1694 καταϐαλεῖς
1012 1631 1208 1694 αὐτούς
1241 1629 1322 1702 [ἐν
1343 1632 1408 1700 τῇ
1437 1628 1554 1700 ﬂ].

1404 1653 1408 1699 ι
1437 1628 1554 1700 ﬁ].
1948 1632 2038 1685 22.
2077 1631 2132 1685 in
2161 1632 2339 1702 ignem
2363 1633 2581 1702 dejicics
2615 1649 2708 1688 eos
2742 1633 2822 1706 [in
2854 1634 3040 1708 terra].

265 1725 356 1779 25.
379 1727 469 1779 Ἐν
490 1724 897 1794 ταλαιπωρίαις,
935 1724 1026 1776 καὶ
1056 1724 1115 1776 οὑ
1155 1723 1228 1794 μὴ
1265 1723 1592 1777 ὑποστῶσιν.

1265 1723 1592 1777 ὑποστῶσιν.
1948 1725 2038 1778 25.
2077 1721 2132 1775 ιη
2160 1723 2396 1777 miseriis
2425 1735 2532 1777 non
2568 1724 2882 1778 subsistent.

265 1815 357 1869 21.
381 1814 542 1886 Ἀνὴρ
573 1812 896 1885 γλωσσώδης
923 1813 984 1865 οὑ
1017 1811 1505 1883 κατευθυνθήσεται
1539 1812 1632 1864 ἐπὶ
1681 1812 1777 1882 τῆς

1572 1812 1632 1864 πὶ
1681 1812 1777 1882 τῆς
1949 1815 2037 1868 24.
2069 1815 2162 1867 Vir
2185 1815 2468 1882 linguosus
2513 1829 2621 1868 non
2645 1815 2907 1886 dirigetur
2929 1815 2983 1871 in
3014 1827 3157 1873 terra
3186 1835 3200 1872 ε

270 1926 332 1972 ς’
1805 1927 1847 1979 Β

191 1926 576 2072 γη25.¹Ἀνδρα
625 2000 808 2055 ἄδικον
854 2001 1000 2055 κακὰ
1044 1999 1296 2072 θηρεύσει
1346 1997 1636 2071 [θηρεύσῃ]
1689 1927 1827 2059 ei;I

1689 1998 1770 2059 είς
1805 1927 1847 1979 Β
1949 1993 2038 2047 25.
2074 1993 2257 2045 Virum
2282 1992 2543 2062 injustum
2580 1995 2720 2047 mala
2747 1995 2961 2065 capient
2985 1998 3037 2052 in
3061 1998 3302 2056 interitu.

190 2091 506 2163 διαφθοράν.

262 2184 603 2253 26.Ἔγνων,
654 2184 735 2238 ὅτι
781 2186 993 2254 ποιήσει
1047 2182 1249 2255 Κύριος
1303 2182 1400 2253 τὴν
1443 2181 1620 2252 κρίσιν
1662 2180 1769 2233 τῶν

1947 2171 2037 2224 26.
2069 2170 2347 2241 Cognovi,
2389 2171 2519 2241 quia
2566 2171 2726 2228 faciet
2763 2173 3026 2233 Dominus
3064 2178 3329 2248 judicium
3362 2181 3446 2236 in-

194 2273 449 2343 πτωχῶν,

444 2316 449 2334 ι
1878 2281 2038 2335 opum
2069 2305 2080 2327 ,

266 2370 349 2439 (a)
394 2371 476 2424 Me
515 2369 688 2424 deest.

1324 2435 1701 2491 ATHANASll
1739 2430 2331 2489 INTERPRETATIO.

263 2558 352 2619 15,
387 2557 472 2612 14.
515 2555 753 2625 (1)⁹Εγὼ
783 2557 839 2610 δὲ
867 2551 998 2612 εἶπα
1037 2557 1113 2630 τῷ
1138 2558 1357 2630 Κυρίῳ·
1394 2556 1527 2619 Θεός
1575 2572 1675 2626 μου
1720 2550 1772 2606 ei

1952 2551 2035 2614 15,
2075 2550 2159 2602 14.
2203 2548 2316 2616 Ego
2347 2557 2526 2603 autem
2562 2548 2674 2604 dixi
2703 2548 2934 2605 Domino
2967 2569 2980 2605 :
3013 2549 3154 2607 Deus
3193 2569 3348 2610 mens
3387 2572 3446 2612 es

193 2651 259 2703 σὺ
290 2652 318 2701 ὁ
347 2649 676 2721 σταυρωθείς
733 2647 981 2712 ἄκουσον,
1013 2648 1208 2722 Κύριε,
1232 2649 1326 2703 τοῦ
1352 2664 1654 2718 στεναγμου
1675 2647 1771 2716 τῆς

1879 2651 1955 2705 tn,
1982 2643 2073 2711 qui
2104 2639 2399 2696 cruciﬁxus
2431 2653 2520 2703 es;
2555 2641 2712 2704 andi,
2755 2639 3009 2707 Domine,
3037 2644 3295 2713 gemitum
3325 2660 3448 2702 cor-

190 2741 423 2811 καρδίας
454 2757 576 2811 μου.

480 2757 576 2793 ιου.
1877 2734 1962 2788 dis
1991 2733 2116 2787 mei.

266 2831 352 2884 15.
383 2831 574 2900 Κύριε,
607 2831 798 2900 Κύριε,
830 2830 898 2882 τὰ
927 2829 1225 2901 παθήματά
1251 2847 1344 2883 σου
1377 2831 1513 2883 εἰσὶν
1550 2831 1628 2893 είς
1665 2846 1768 2882 σω·-

1949 2825 2038 2878 15.
2072 2821 2320 2889 Domine,
2347 2821 2596 2888 Domine,
2620 2825 2899 2893 passiones
2921 2835 3026 2882 tua:
3044 2837 3172 2884 sunt
3192 2829 3246 2883 in
3270 2845 3445 2888 meam

189 2939 258 2992 τη
270 2923 387 2994 ρίαν
417 2940 535 2992 μου.

497 2940 535 2974 δ.
1881 2917 2133 2972 salutem.

265 3015 350 3067 16.
388 3013 757 3084 Κατέπεμψας
786 3015 885 3086 τὴν
921 3015 1082 3087 χάριν
1109 3030 1204 3069 σου
1235 3020 1490 3087 φρουρεῖν
1512 3017 1609 3088 τὴν
1638 3035 1771 3088 καρ-

1949 3008 2037 3063 16.
2072 3007 2263 3063 Misisti
2315 3009 2541 3078 gratiam
2596 3018 2745 3066 tuam
2789 3014 2856 3068 ad
2896 3015 3316 3072 custodiendum
3357 3033 3449 3074 eor

189 3107 309 3158 δίαν
337 3122 435 3174 μου
456 3106 512 3157 ὲν
530 3105 606 3175 τῷ
636 3105 812 3176 καιρῷ
831 3105 932 3175 τῆς
955 3105 1280 3169 ἀντιθέσεως
1298 3107 1397 3176 τῆς
1423 3107 1770 3176 ψευδωνύμου

1880 3116 2060 3155 meum
2139 3100 2194 3153 in
2269 3110 2510 3170 tempore
2591 3104 2948 3174 appositionis
3027 3105 3176 3164 falsae
3255 3124 3445 3166 eorum

190 3199 371 3250 αὑτῶν
404 3197 669 3260 συνέσεως
695 3198 793 3267 (2).
1804 3198 1826 3254 (

504 3197 669 3260 ἐσεως
695 3198 793 3267 (2).
1804 3197 1846 3254 C
1881 3194 2139 3250 scientiae.

263 3289 349 3342 17.
385 3290 475 3360 Μὴ
509 3289 885 3359 συγχωρήσῃς,
922 3289 1115 3360 Κύριε,
1163 3288 1240 3360 τῷ
1270 3288 1500 3360 διαϐόλῳ
1535 3289 1777 3361 ἀποστῆ-

1951 3288 2037 3343 17.
2074 3285 2151 3342 Ne
2183 3288 2488 3357 permittas,
2524 3288 2773 3355 Domine,
2800 3291 3039 3357 diabolo,
3081 3303 3139 3348 ut
3170 3310 3255 3349 me
3297 3310 3447 3350 arer-

191 3379 282 3432 σαί
318 3396 386 3448 με
413 3380 509 3449 τῆς
541 3378 773 3443 πίστεώς
803 3398 897 3432 σου
919 3397 932 3411 ⁸
970 3381 1109 3452 αὓτη
1134 3381 1241 3449 γὰρ
1265 3381 1499 3451 ὑπάρχει
1528 3385 1560 3452 ἡ
1588 3381 1778 3434 ἐπιθυ-

1880 3389 1954 3433 tat
1979 3395 2008 3432 a
2035 3379 2138 3433 fide
2163 3389 2253 3433 tua
2276 3417 2291 3439 ,
2319 3379 2579 3448 quoniam
2614 3379 2730 3450 ipsa
2759 3391 2844 3436 est
2871 3381 3200 3438 desiderium
3241 3401 3444 3442 meum.

194 3489 292 3542 μια
325 3488 444 3541 μου.

266 3565 353 3619 18.
377 3564 704 3632 Ἐσκεψαντό
751 3581 900 3626 τινας
945 3564 1319 3635 ἐξερευνήσας
1367 3565 1486 3615 κατ’
1515 3562 1648 3632 ἐμοῦ
1678 3563 1777 3634 (5),

1944 3552 2030 3606 18.
2062 3551 2297 3606 Meditati
2337 3562 2464 3607 sunt
2507 3554 2922 3612 adinventiones
2950 3559 3212 3628 quasdam
3256 3571 3446 3620 contra

187 3655 330 3726 πρὸς
354 3653 414 3705 τὸ
445 3653 724 3723 ἀπατῆσαί
749 3671 815 3722 με
838 3670 851 3682 ·
889 3653 1285 3726 μὴ-ἀντανέλης
1325 3651 1422 3725 τὴν
1461 3654 1618 3725 χάριν
1657 3669 1773 3714 σου,

1880 3661 1965 3699 me
1988 3684 2002 3708 ,
2056 3653 2114 3699 nt
2160 3660 2247 3700 me
2280 3645 2591 3715 deciperent
2622 3664 2636 3713 ;
2677 3664 2744 3703 ne
2782 3649 3001 3708 auferas
3032 3668 3063 3707 a
3097 3669 3181 3707 me
3221 3656 3446 3723 gratiam

190 3748 405 3819 μήποτε
431 3745 836 3817 καυχήσωνται,
860 3747 937 3810 ὠς
967 3748 1316 3820 ἡδικήσαντο.

1879 3743 2060 3802 tuam,
2104 3737 2392 3807 nequando
2453 3736 2772 3808 glorientur,
2809 3743 2952 3810 quod
2997 3758 3084 3799 me
3117 3745 3305 3817 inique
3346 3763 3445 3819 0p-

1917 3836 2212 3882 resserunt.

263 3924 350 3980 19.
391 3924 463 3977 Τὸ
496 3923 750 3994 φρόνημα
769 3923 868 3994 τῆς
893 3922 1117 3993 καρδίας
1139 3921 1320 3977 αὐτῶν
1345 3919 1567 3985 ἀσθενὲς
1606 3919 1779 3991 ὑπάρ-
1877 3843 1899 3896 Ι

1877 3843 2212 3896 presserunt.

1492 3920 1567 3985 θὲς
1606 3919 1779 3991 ὑπάρ-
1951 3919 2037 3973 19.
2076 3918 2282 3976 Sensus
2307 3920 2488 3976 cordis
2518 3937 2715 3977 eorum
2751 3922 3001 3981 infirmus
3029 3936 3128 3982 est.

192 4035 282 4089 χει
308 4017 407 4087 (ι).

262 4109 352 4162 20.
386 4107 703 4178 Ἀσθενῆσαι
726 4107 950 4177 ποίησαι
976 4107 1051 4174 (5)
1078 4105 1168 4157 καὶ
1203 4105 1326 4166 τοὺς
1361 4103 1549 4171 λόγους
1570 4105 1669 4174 τῆς
1693 4119 1777 4157 σο-

1947 4089 2035 4142 20.
2067 4089 2310 4145 lnfirmos
2335 4091 2484 4147 eﬂice
2509 4093 2675 4148 etiam
2701 4110 2982 4153 sermones
3029 4101 3307 4171 sapientia
3351 4119 3442 4160 eo-

191 4198 320 4268 φίας
340 4197 540 4261 αὑτῶν,
556 4197 648 4250 καὶ
670 4195 931 4250 πεσοῦντε
950 4193 1384 4267 [ἐπιπεσοῦνται]
1403 4194 1516 4264 ἅμα
1539 4194 1736 4247 αὐτῶν.

1254 4193 1384 4264 και]
1403 4194 1516 4264 ἅμα
1539 4194 1736 4247 αὐτῶν,
1877 4195 2018 4242 rum,
2053 4190 2106 4233 et
2132 4195 2235 4234 una
2273 4197 2396 4236 cum
2428 4183 2561 4253 ipsis
2583 4186 2890 4242 concident.

264 4290 352 4345 21.
383 4289 446 4345 Οἱ
476 4290 584 4361 γὰρ
603 4289 749 4359 λόγοι
777 4288 879 4359 τῆς
919 4289 1139 4359 χάριτος
1158 4286 1254 4355 (6),
1288 4284 1380 4349 οὓς
1403 4286 1619 4357 λαλήσω
1641 4285 1775 4357 πρὸς

1944 4273 2032 4326 21.
2075 4271 2366 4331 Sermones
2391 4282 2537 4331 enim
2558 4279 2765 4349 gratiae,
2795 4297 2932 4350 quos
2969 4283 3158 4354 loquar
3182 4285 3248 4341 ad
3275 4287 3444 4359 ipsos,

189 4384 411 4446 αὐτοὺς,
443 4382 518 4444 ὡς
547 4381 813 4451 ἄνθρακες
843 4378 986 4449 [σου]
1023 4377 1409 4431 ἐπιπεσοῦνται
1445 4378 1529 4429 ἐπ’
1552 4377 1770 4440 αὑτούς.

1263 4377 1409 4430 ῡνται
1445 4378 1529 4429 ἐπ’
1552 4377 1770 4440 αὐτούς,
1875 4365 2040 4420 veluti
2072 4366 2337 4423 carbones
2372 4370 2565 4423 cadent
2593 4386 2756 4438 super
2785 4387 2899 4427 eos.

263 4473 351 4526 22.
372 4472 479 4524 Καὶ
495 4469 570 4540 τῷ
587 4468 859 4538 Πνεύματί
878 4485 969 4520 σου
988 4466 1063 4537 τῷ
1080 4467 1220 4537 ἁγίῳ
1237 4464 1530 4536 νεκρώσεις
1549 4466 1765 4528 αὑτούς.

1489 4485 1530 4530 ες
1549 4466 1765 4528 αὐτούς,
1945 4455 2034 4508 22.
2069 4454 2134 4510 Et
2170 4455 2375 4526 Spiritu
2412 4469 2600 4514 sancto
2635 4470 2727 4515 tuo
2767 4464 2982 4520 occides
3012 4481 3125 4522 eos.

263 4564 448 4618 25.Ἐν
469 4565 584 4625 ταῖς
609 4559 1002 4630 ταλαιπωρίαις
1029 4557 1135 4611 τῶν
1165 4557 1572 4627 σεσοφισμένων
1590 4556 1766 4608 αὐτῶν
1801 4560 1841 4613 I)

1808 4560 1841 4613 ο
1945 4547 2033 4601 23.
2066 4548 2119 4601 1η
2158 4551 2394 4604 miseriis
2430 4565 2742 4608 sermonum
2775 4571 3022 4623 suorum,
3064 4576 3202 4631 quos
3229 4563 3444 4635 excogi-

189 4655 368 4721 λὸγων
393 4652 454 4704 οὑ
481 4653 555 4722 μὴ
582 4650 879 4722 δυνηθῶσιν
909 4648 1220 4719 ἀντιστῆναι
1258 4646 1394 4718 πρὸς
1423 4647 1479 4699 σὲ
1506 4646 1604 4718 τὴν
1637 4646 1763 4717 ἁλὴο

1662 4646 1763 4717 ιλὴ.
1878 4649 2146 4703 taverunt,
2175 4656 2282 4695 non
2319 4653 2616 4711 potuerunt
2647 4647 2902 4703 resistere
2932 4652 3144 4706 veritati
3177 4664 3298 4710 tua.

193 4745 345 4796 θειαν
389 4743 490 4812 (7).

262 4834 352 4888 24.
373 4834 781 4904 Ἀνδριζὸμενος
814 4831 956 4886 κατὰ
991 4832 1106 4896 σοῦ,
1149 4831 1243 4885 καὶ
1276 4828 1450 4884 λαλῶν
1477 4827 1770 4900 διεστραμ-

1944 4818 2032 4872 24.
2064 4817 2384 4875 Obstinatus
2409 4834 2597 4877 contra
2625 4833 2696 4890 te,
2728 4832 2782 4880 et
2803 4843 3057 4897 perverse
3078 4831 3308 4903 loquens
3331 4853 3438 4892 non

197 4928 373 4999 ειένως
401 4926 500 4995 (8),
529 4926 628 4978 οὐκ
670 4924 1033 4978 εἰσελεύσεται
1063 4926 1144 4987 είς
1177 4924 1289 4977 ἄνω
1329 4918 1697 4993 Ἰερουσαλήμ.

1330 4918 1697 4993 Ἰερουσαλήμ,
1877 4910 2210 4978 ingredietur
2242 4913 2295 4966 in
2321 4929 2610 4982 supernam
2643 4917 2966 4976 Jerusalem.

263 5015 354 5069 25.
380 5015 582 5084 Ἀνδρα
608 5013 992 5083 ἀνθιστάμενον
1024 5014 1088 5081 τῇ
1116 5010 1342 5081 ἀληθεία
1384 5009 1478 5063 τοῦ
1513 5007 1646 5061 Θεοῦ
1675 5007 1769 5062 καὶ

1946 5000 2036 5056 25.
2069 4999 2354 5057 Hominem
2383 5007 2726 5064 resistentem
2761 5011 2954 5067 divina:
2989 5016 3197 5070 veritati
3223 5028 3276 5073 et
3312 5020 3442 5076 reli—

193 5109 253 5161 αἱ
299 5107 486 5160 λοιπαὶ
536 5103 796 5176 ἁμαρτίαι
845 5101 1357 5175 περικυκλώσουσι,
1405 5099 1766 5170 φυλάττουσαι

1874 5107 1978 5162 qna
2012 5104 2233 5163 peccata
2262 5095 2677 5155 circumdabant
2697 5139 2714 5169 ,
2753 5117 2874 5172 qua:
2905 5104 3211 5161 custodient
3232 5123 3358 5164 eum
3388 5112 3442 5165 in

195 5201 358 5255 αὑτὸν
381 5202 458 5262 εἰς
492 5197 785 5252 ἀπώλειαν.

537 5197 785 5252 πώλειαν.
1876 5185 2173 5242 interitum.

264 5291 356 5346 26.
409 5285 558 5355 Οἶδα,
585 5291 665 5342 ὅτι
721 5289 934 5358 ποιήσει
964 5286 1166 5356 Κύριος
1205 5287 1304 5358 τὴν
1346 5285 1619 5355 ἐκδίκησιν
1659 5281 1766 5336 τῶν

1945 5281 2034 5333 26.
2071 5279 2224 5345 Novi,
2251 5284 2394 5353 quod
2420 5283 2582 5342 faciet
2612 5285 2875 5344 Dominus
2905 5288 3196 5345 vindictam
3223 5301 3443 5350 sancto-

195 5385 364 5454 ἁγίων
393 5382 578 5438 αὐτοῦ.

1875 5387 1996 5424 TUI“
2032 5386 2276 5428 suorum.

1148 5496 1453 5557 Addenda
1499 5503 1557 5555 et
1589 5489 1964 5572 corrigenda
2002 5506 2080 5547 ex
2111 5489 2252 5550 cod.
2288 5493 2488 5554 Vatic.

267 5599 343 5681 (1)
382 5599 448 5681 Ν.
482 5599 567 5663 15,
592 5596 754 5666 Ἐγώ,
801 5608 906 5654 etc.
957 5597 1023 5650 N.
1058 5597 1418 5662 14,Ἀκουσον
1450 5595 1541 5650 τοῦ
1580 5611 1768 5648 στενα-
2044 5589 2335 5681 ’ξπξρξοω

194 5657 361 5740 γμοῧ,
397 5680 504 5724 etc.
555 5657 564 5663 ⁷
664 5657 677 5666 ’
742 5657 751 5662 ⁷
1133 5657 1142 5662 ’
1257 5657 1263 5660 ⁷

269 5739 344 5787 l2)
383 5741 668 5787 Γενέσεωςο
696 5739 796 5787 lea-
825 5738 1036 5787 videtur
1065 5738 1346 5787 συνέσεως.

2059 5657 2302 5783 ξέιήσέι.
2338 5671 2468 5728 etc.,
2501 5665 2615 5736 ἅμα
2642 5666 2737 5719 σὺν
2767 5670 2967 5734 αὑτοῖς.

1333 5777 1346 5787 _
2148 5730 2291 5787 ριτός
2319 5742 2433 5787 σου.
2468 5744 2574 5787 etc.

269 5728 357 5808 (2)
383 5741 668 5802 Γενὲσεως·
696 5739 796 5808 leg.
825 5738 1036 5792 videtur
1065 5738 1346 5801 συνέσεως.
1379 5807 1383 5808 ν
1681 5805 1691 5808 _
1748 5800 1763 5808 Α

937 5747 1036 5791 :tur
1065 5738 1346 5801 συνέσεως.
1379 5807 1383 5808 ν
1681 5805 1691 5808 _
1748 5800 1763 5808 Α
2059 5728 2291 5808 ζάριτός
2319 5728 2573 5808 «9,916.

269 5798 348 5879 (ὅ)
388 5812 507 5863 Ἀπ’
535 5798 701 5880 ty.on
746 5798 822 5879 μὴ
861 5809 1151 5880 ἁντανέλῃς
1195 5798 1482 5880 τῆν’χάριν
1529 5824 1620 5859 σου
1669 5800 1764 5860 ἀπ’
2062 5798 2204 5880 ῌρδς
2229 5801 2326 5872 τὴν
2363 5804 2634 5880 ἀλήθειαν.

197 5868 354 5954 ἐμοῖί,
380 5889 510 5941 etc.,
547 5868 620 5945 ὧς
651 5868 1145 5955 ήδη’νίκήσαντεςί”
1250 5868 1261 5879 ’
1327 5868 1357 5878 ”
1401 5868 1412 5880 ’

1950 5868 2025 5941 (8)
2067 5868 2512 5944 Διεστραμμένα,
2540 5889 2667 5946 elc.,
2707 5882 2784 5944 είς
2821 5881 2918 5957 τὴν
2951 5882 3083 5942 ἄνω,
3119 5882 3227 5936 etc.

487 5976 750 6036 PATROL.
781 5973 896 6036 Gn.
935 5972 1199 6034 XXV".
3042 5975 3111 6034 1ι1
