4142 6478
746 396 885 455 1295
1554 397 1613 451 S.
1651 399 2027 455 ATHANASII
2066 401 2216 455 OPP.
2260 398 2440 456 PARS
2480 400 2566 455 lli.
2609 429 2677 439 —-
2713 398 3130 455 EXEGETICA.
3832 403 3953 459 1298

810 516 898 573 24.
928 516 1281 587 Siugnlariter
1316 534 1434 572 sum
1467 535 1566 590 ego
1593 522 1763 576 donec
1801 532 2096 577 transeam.
2326 526 2374 583 Α

2326 526 2374 583 Α
2475 521 2563 573 24.
2594 520 2911 589 Καταμόνας
2934 519 3046 589 εἰμὶ
3074 517 3197 586 ἐγὼ,
3215 517 3315 579 ἔως
3338 516 3401 569 ἂν
3420 513 3548 588 [ἕως
3573 508 3662 587 οὖ]
3688 518 3938 588 παρέλθω

834 626 1142 687 Intellectus
1167 631 1355 695 David,
1382 648 1497 686 cum
1519 644 1650 687 esset
1678 635 1731 687 in
1765 634 2013 703 spelunca
2044 651 2221 689 orans.

2472 637 2779 698 Συνέσεως
2801 631 2880 697 τῷ
2906 630 3101 694 Δαὸὶδ,
3128 631 3197 684 ἐν
3224 631 3301 697 τῷ
3324 627 3475 684 εἶναι
3508 631 3698 683 αὐτὸν
3732 632 3803 684 ἐν
3825 630 3897 695 τῷ

1295 721 1498 777 ΡΞΑΙ..
1536 723 1732 778 CXLI.
2542 726 2820 792 σπηλαίῳ
2866 738 2931 791 πί

2542 726 2820 792 σπηλαίῳ
2866 724 3371 791 προσευχόμενον.
3420 724 3594 775 ΨΑΛ.
3634 725 3823 775 PMA'.

814 816 863 869 ι.
905 813 1043 868 Voce
1077 830 1193 868 mea
1230 815 1293 868 ad
1320 815 1606 869 Dominum
1640 816 1870 870 clamavi
1899 831 1912 866 :

2475 817 2524 870 i.
2558 819 2708 886 Φωνῇ
2739 834 2836 886 μου
2874 817 3008 886 πρὸς
3043 814 3240 884 Κύριον
3272 813 3545 884 ἐκέκραςα
3569 830 3583 844 ο

807 902 859 958 9..
893 904 1033 957 Voce
1071 921 1186 958 mea
1224 906 1287 957 ad
1321 904 1605 958 Dominum
1630 905 1720 977 [ad
1755 904 1946 977 Deum]
1982 905 2297 974 deprecatus

2468 909 2520 961 2.
2553 911 2704 979 Φωνῇ
2732 926 2831 977 μου
2858 907 2993 978 πρὸς
3028 907 3227 979 Κύριον
3250 905 3409 978 [πρὸς
3430 906 3521 958 τὸν
3536 900 3696 978 Θεὸν]
3718 904 3951 976 ἐδεήθην.

738 1010 880 1050 sum.

802 1086 855 1139 5.
884 1085 1113 1139 Eﬂ‘untlo
1140 1086 1191 1139 in
1223 1096 1514 1156 conspectu
1546 1089 1662 1157 ejus
1695 1090 1999 1143 oralionem
2029 1104 2204 1143 meam
2247 1109 2257 1141 :

2131 1104 2204 1143 tm
2247 1109 2257 1141 :
2473 1088 2523 1139 5.
2576 1085 2778 1156 Ἐκχεῶ
2817 1083 3044 1137 ἐνώπιον
3077 1081 3240 1136 αὑτοῦ
3275 1082 3373 1153 τὴν
3408 1081 3593 1151 δέησίν
3629 1099 3730 1153 μου
3755 1099 3767 1111 ·

805 1177 858 1230 4.
893 1175 1319 1231 Tribulationem
1356 1193 1529 1231 meam
1567 1187 1691 1233 ante
1732 1178 1911 1249 ipsum
1962 1181 2296 1249 pronuntio,

2168 1181 2260 1234 Ilio
2282 1222 2296 1247 ,
2468 1178 2519 1231 4.
2562 1178 2669 1248 Τὴν
2700 1176 2875 1245 θλίψιν
2911 1192 3011 1245 μου
3039 1173 3266 1228 ἐνώπιον
3292 1172 3457 1227 αὑτοῦ
3487 1173 3804 1241 ἀπαγγελῶ.

804 1270 856 1327 5.
895 1268 950 1323 ln
978 1269 1280 1325 deiiciendo
1313 1285 1378 1325 ex
1416 1286 1500 1325 mc
1530 1270 1781 1339 spiritum
1815 1287 1995 1327 meum
2017 1313 2033 1337 ,

2466 1271 2518 1323 5.
2543 1270 2631 1322 ’Ev
2663 1269 2739 1339 τῷ
2772 1268 3044 1321 ἐκλείπειν
3070 1267 3128 1333 ἐξ
3155 1266 3289 1337 ἐμοῦ
3318 1266 3377 1318 τὸ
3408 1264 3623 1335 πνεῦμά
3652 1284 3774 1335 μου,

802 1359 852 1413 6.
894 1359 959 1413 Ει
990 1370 1045 1414 ιιι
1087 1360 1392 1429 cognovisti
1432 1362 1655 1415 semitas
1687 1377 1855 1416 meas.

2466 1364 2517 1415 6.
2558 1362 2665 1413 Kal.
2700 1362 2761 1413 σὺ
2792 1360 2963 1429 ἔγνως
2996 1358 3096 1422 τὰς
3125 1357 3346 1429 τρίϐους
3376 1375 3497 1428 μου.

803 1451 851 1506 7.
894 1451 948 1506 1η
973 1453 1058 1506 via
1088 1453 1210 1515 hac,
1243 1468 1350 1523 qua
1385 1453 1753 1520 ambulabam,
1786 1452 2185 1511 absconderunt
2206 1453 2285 1506 ιλιι

2468 1454 2519 1508 7.
2542 1453 2632 1505 Ἐν
2663 1452 2764 1521 ὁδῷ
2793 1452 2984 1523 ταύτῃ,
3108 1452 3471 1522 ἐπορευόμην,
3500 1450 3738 1522 ἔκρυψαν
3765 1451 3950 1517 παγῖδα

730 1560 927 1613 qucum
953 1544 1104 1597 mihi.
2400 1562 2507 1614 μοι.

798 1635 849 1687 8.
892 1635 1321 1690 Cousiderabam
1353 1635 1419 1689 ad
1450 1635 1751 1701 dexteram,
1787 1645 1842 1689 et
1864 1634 2114 1690 videbam
2142 1654 2153 1688 ε

2142 1654 2153 1688 :
2465 1636 2516 1688 8.
2560 1636 2861 1688 Κατενόουν
2895 1638 2974 1699 είς
3003 1635 3072 1689 τὰ
3094 1636 3262 1701 δεξιά,
3292 1639 3386 1688 καὶ
3418 1635 3715 1688 ἐπέϐλεπον
3738 1654 3750 1663 ·

796 1729 849 1781 9.
892 1726 955 1780 Et
980 1743 1087 1782 non
1117 1739 1234 1783 erat
1257 1728 1347 1799 qui
1376 1737 1726 1799 cognosceret
1755 1742 1877 1782 me:

1835 1746 1841 1779 ε
1864 1746 1877 1782 :
2470 1725 2520 1779 9.
2566 1726 2672 1777 Καὶ
2700 1727 2798 1778 ούκ
2821 1722 2888 1796 ἦν
2916 1728 2943 1778 ό
2972 1726 3347 1794 ἐπιγινώσκων
3383 1744 3471 1797 με.

797 1817 881 1871 10.
926 1817 1084 1875 Periit
1120 1819 1243 1890 fuga
1276 1836 1306 1874 a
1342 1836 1426 1874 me
1462 1841 1472 1873 :
2320 1813 2367 1869 Β

2320 1813 2367 1869 Β
2468 1817 2547 1869 10.
2578 1817 2848 1871 Ἀπώλετο
2876 1818 3020 1889 φυγὴ
3059 1818 3150 1870 ἀπ’
3174 1817 3307 1887 ἐμοῦ
3326 1833 3340 1847 ·

1840 1911 2215 1967 ATHANASII
2260 1911 2847 1968 INTERPRETATIO.

808 2025 867 2077 'H
890 2026 1219 2099 προκειμένη
1250 2029 1526 2101 ἐπιγραφὴ
1550 2029 1792 2098 περιέχει
1824 2028 1899 2097 (1)
1922 2045 1933 2056 ⁸
1969 2026 2278 2092 Συνέσεως
2302 2027 2380 2092 τῷ
2400 2026 2576 2080 Δαϐὶδ
2594 2027 2663 2080 ἐν
2692 2025 2768 2092 τῷ
2792 2027 2945 2080 εἶναι
2975 2027 3162 2081 αὑτὸν
3190 2029 3259 2080 ἐν
3286 2026 3365 2092 τῷ
3392 2028 3675 2093 σπηλαίῳ
3710 2042 3953 2095 προσευ-

726 2117 995 2185 χόμενον.
1033 2118 1202 2171 Τοῦτο
1221 2114 1311 2171 οὖν
1338 2122 1485 2171 ἐστι·
1539 2120 1597 2171 τὸ
1632 2120 1737 2173 τοῦ
1778 2119 1951 2171 Δαῖὶδ
1986 2120 2152 2189 ὄνομα
2195 2119 2462 2190 διαφόρως
2510 2118 2891 2189 ἑρμηνεύεται,
2928 2117 3001 2181 ὡς
3055 2119 3314 2182 πολλάκις
3362 2119 3695 2188 είρήκαμεν’
3739 2117 3825 2169 ὅτε
3855 2116 3953 2185 γάρ

725 2213 804 2274 είς
837 2212 1124 2280 πρόσωπον
1179 2212 1272 2266 τοῦ
1316 2214 1521 2287 Κυρίου
1568 2215 1821 2285 εὑρήσεις
1863 2214 1993 2266 αύτὸ
2039 2214 2310 2287 κείμενον,
2339 2212 2699 2281 ἑρμηνεύεται
2745 2212 2950 2277 ἱκανὰς
2989 2213 3172 2280 χειρί·
3213 2215 3303 2265 ὅτε
3335 2211 3391 2264 δὲ
3419 2213 3500 2275 είς
3529 2208 3818 2281 πρόσωπον
3855 2210 3953 2261 τῶν

724 2306 961 2370 δικαίων,
1001 2307 1357 2378 ἑρμηνεύεται
1382 2310 1795 2377 πεποθήμενος
1815 2325 1828 2338 ’
1871 2310 1957 2360 ὅτε
1985 2307 2041 2359 δὲ
2067 2308 2146 2368 εἰς
2176 2306 2465 2375 πρόσωπον
2493 2305 2601 2357 τῶν
2631 2306 3053 2379 ἁμαρτανόντων
3106 2308 3199 2358 καὶ
3237 2304 3677 2374 ἐπιστρεφόντων
3718 2302 3954 2374 εὑρήσεις

724 2401 853 2453 αὐτὸ
884 2402 1148 2471 κείμενον,
1172 2404 1640 2472 ἐξουθενημένον
1664 2404 1748 2456 διὰ
1774 2403 1868 2466 τὰς
1903 2404 2174 2473 ἁμαρτίας
2208 2400 2389 2455 αὐτοῦ.
2426 2400 2676 2472 ptum;
2700 2396 2791 2454 οὖν
2821 2399 3058 2472 εἴρηται]
3088 2401 3167 2462 είς
3200 2399 3289 2451 τὸν
3312 2398 3438 2451 λαὸν
3470 2399 3563 2450 τὸν
3586 2396 3950 2470 ἡμαρτηκότα,

725 2493 818 2544 καὶ
854 2494 933 2554 εἰς
968 2492 1178 2546 σύνεσιν
1209 2495 1448 2559 ἐλθόντα,
1481 2497 1575 2547 καὶ
1601 2498 1657 2547 ἐν
1687 2493 1933 2565 σπηλαίῳ
1958 2492 2147 2545 ἑαυτὸν
2185 2490 2637 2553 κατακλείσαντα,
2676 2492 2769 2543 καὶ
2807 2491 3241 2561 προσευχόμενον
3276 2486 3414 2558 μετά
3438 2486 3690 2557 δακρύων
3730 2489 3953 2560 ίσχυρῶν

723 2582 1206 2653 ἐξομολογούμενον
1225 2598 1239 2614 ·
1265 2583 1341 2645 ὡς
1366 2583 1421 2636 δὲ
1447 2582 1579 2637 αὐτὸ
1611 2582 1767 2635 τοῦτο
1793 2582 1962 2651 δηλοῖ,
1993 2581 2193 2650 ὁμοίως
2224 2578 2279 2631 δὲ
2316 2579 2410 2631 καὶ
2432 2581 2459 2630 ὁ
2483 2578 2695 2643 ψαλμος
2730 2580 2913 2648 σαφῶς
2935 2580 3091 2632 τοῦτο
3119 2579 3383 2633 διδάσκει.

794 2672 1007 2728 Titulus
1038 2674 1359 2744 praepositus
1389 2675 1632 2727 continet
1666 2688 1680 2723 :
1727 2671 2031 2724 Intellectus
2058 2669 2249 2736 David,
2272 2685 2386 2722 cum
2410 2682 2544 2723 esset
2576 2687 2684 2739 ipse
2717 2674 2768 2723 in
2800 2672 3051 2741 spelunca
3086 2688 3264 2725 oram.
3294 2673 3369 2725 Ita
3400 2670 3569 2741 igitur
3593 2686 3681 2725 res
3702 2680 3787 2725 est
3814 2687 3829 2723 :
3857 2684 3951 2725 uo-

722 2784 844 2822 mcn
873 2768 1045 2822 David
1070 2770 1218 2823 varie
1242 2769 1645 2838 interpretatur,
1680 2778 1737 2820 ut
1772 2768 1971 2835 saepius
1994 2766 2233 2819 diximus
2261 2783 2273 2819 :
2311 2766 2470 2819 modo
2494 2767 2638 2820 enim
2684 2768 2921 2837 positum
2954 2768 3199 2823 invenies
3223 2768 3288 2821 ad
3314 2767 3732 2839 signiﬁcandam
3777 2782 3953 2837 perso-

721 2875 846 2914 nam
870 2858 1105 2921 Domini,
1129 2867 1183 2913 et
1205 2869 1332 2913 tunc
1361 2860 1742 2928 interpretatur
1782 2874 1941 2911 manu
1978 2858 2128 2926 fortis
2165 2873 2181 2910 :
2212 2858 2371 2911 modo
2401 2868 2580 2911 autem
2608 2859 2673 2911 ad
2701 2874 2987 2927 persmiam
3012 2858 3289 2927 justorum
3310 2898 3324 2921 ,
3345 2869 3397 2912 et
3419 2867 3552 2913 tunc
3576 2861 3951 2928 interpretatur

720 2951 1044 3005 desideratus
1072 2970 1088 3005 :
1124 2954 1284 3007 modo
1310 2970 1435 3007 vero
1470 2954 1535 3007 ad
1567 2969 1856 3023 personam
1886 2968 2101 3016 eorum,
2151 2953 2244 3022 qui
2278 2962 2595 3022 peccat-unt,
2626 2964 2678 3007 et
2706 2969 2764 3007 se
2798 2962 3207 3018 converterunt,
3247 2953 3375 3007 illud
3425 2954 3665 3023 positum
3692 2955 3947 3017 invenies,

718 3056 770 3098 et
792 3057 920 3102 tunc
950 3048 1337 3118 interpretatur
1368 3059 1688 3119 contemptus
1721 3050 1792 3104 ob
1821 3059 2038 3120 peccata
2064 3064 2181 3105 sua.
2208 3047 2463 3104 l’salmus
2490 3049 2652 3120 igitur
2685 3050 2865 3106 dictus
2890 3060 2972 3106 est
2999 3049 3066 3105 de
3097 3050 3295 3121 populo
3318 3092 3331 3114 ,
3369 3050 3462 3119 qui
3510 3050 3775 3120 peccavit,
3805 3060 3856 3104 et
3898 3050 3948 3101 in

721 3140 1052 3194 intellectum
1086 3142 1253 3201 venit,
1287 3151 1341 3195 et
1361 3142 1621 3197 claudens
1665 3158 1725 3197 se
1758 3143 1810 3195 in
1845 3143 2125 3211 spelunca,
2162 3150 2285 3195 orat
2308 3158 2431 3196 cum
2461 3143 2718 3213 lacrymis
2748 3142 2962 3209 validis,
2993 3153 3046 3198 et
3075 3142 3400 3198 conﬁtetur:
3451 3142 3599 3211 quod
3628 3150 3809 3197 autem
3854 3142 3949 3196 hoc

720 3229 895 3295 ipsum
944 3230 1227 3298 signiticet,
1260 3231 1508 3283 similiter
1532 3242 1585 3285 et
1616 3230 1858 3301 psalmus
1886 3232 2000 3299 ipse
2049 3230 2335 3283 manifeste
2367 3234 2469 3287 IIOC
2514 3232 2691 3287 docet.

787 3345 875 3399 24.
914 3344 1027 3398 Non
1059 3360 1145 3397 me
1193 3345 1309 3414 ipse
1341 3346 1546 3397 tradant
1603 3346 1654 3398 in
1690 3350 2001 3401 servitutem
2029 3361 2275 3419 peccato,
2306 3335 2346 3392 ε

2311 3335 2346 3392 C
2448 3344 2539 3399 24.
2575 3346 2687 3397 Οὐκ
2712 3346 2775 3399 ἂν
2806 3345 3055 3399 δουλώσω
3085 3345 3319 3414 ἐμαυτὸν
3353 3348 3419 3415 τῇ
3457 3347 3726 3417 ἁμαρτία,
3755 3349 3857 3411 ἕως
3889 3348 3947 3401 ἂν

720 3439 891 3490 donec
920 3436 1191 3504 perficiam
1222 3450 1438 3486 cursum
1478 3448 1679 3486 meum.

1478 3448 1679 3486 meum.
2382 3437 2589 3491 τελέσω
2625 3437 2713 3490 τὸν
2744 3438 2938 3508 δῴμον
2974 3454 3094 3507 μου.

789 3530 841 3581 1.
872 3528 927 3582 In
955 3528 1141 3582 dolore
1164 3528 1345 3581 cordis
1374 3530 1477 3582 mei
1518 3528 1751 3597 ingemui
1789 3529 1852 3582 ad
1885 3540 1953 3583 le.

2456 3532 2507 3584 1.
2556 3532 2642 3584 Ἐν
2680 3532 2840 3604 ὀδύνῃ
2869 3532 2966 3601 τῆς
2995 3529 3217 3600 καρδίας
3246 3546 3346 3600 μου
3382 3530 3641 3594 ἐττέναξα
3672 3533 3811 3602 πρὸς
3834 3532 3908 3583 σέ.

787 3620 841 3673 2.
868 3620 930 3673 Ει
963 3635 1067 3672 non
1099 3620 1302 3672 audens
1337 3622 1543 3689 aperire
1576 3621 1715 3674 labia
1753 3637 1872 3676 mea
1914 3641 2095 3680 coram
2139 3626 2275 3694 ipso,

2449 3623 2504 3676 2.
2533 3623 2643 3677 Kal
2668 3626 2741 3694 μὴ
2771 3623 2949 3692 τολμῶ
2976 3622 3050 3692 (2)
3075 3622 3145 3674 τά
3176 3620 3327 3692 χείλη
3357 3639 3456 3690 μου
3486 3620 3697 3685 ἀνοῖξαι
3729 3622 3944 3674 ἐνώπιον

718 3710 1037 3782 deprecatus
1068 3726 1187 3764 sum
1223 3710 1288 3765 ad
1324 3727 1446 3765 eum
1484 3713 1697 3768 ﬂetibus
1728 3714 2205 3774 inenarrabilibus.

2380 3713 2565 3777 αὑτοῦ,
2602 3716 2919 3783 στεναγμοῖς
2950 3712 3238 3783 ἀλαλήτοις
3270 3713 3407 3783 πρὸς
3428 3711 3591 3764 αὑτὸν
3637 3712 3879 3783 ἐδεήθην.

790 3803 843 3855 5.
873 3802 1167 3871 Propterea
1200 3801 1419 3855 ell‘undo
1452 3803 1504 3855 in
1536 3815 1829 3874 conspectu
1865 3809 1983 3876 ejus
2008 3808 2279 3878 lacrymas

2449 3808 2499 3860 5.
2534 3807 2623 3860 Διὸ
2656 3806 2863 3877 δάκρυα
2899 3806 2973 3875 (3)
3004 3806 3102 3875 τῆς
3141 3805 3318 3874 ψυχῆς
3372 3821 3474 3872 μου
3515 3802 3752 3857 ἐνώπιον
3791 3804 3940 3859 αὐτοῦ

719 3896 914 3948 anima:
945 3908 1098 3946 more.
2378 3897 2573 3967 ἐκχεῶ.

786 3988 840 4040 4.
881 3985 947 4038 Ει
979 3984 1276 4039 confitebor
1314 3995 1436 4038 ante
1478 3986 1655 4056 ipsum
1697 4002 1914 4056 peccata
1946 4005 2062 4043 mea
2092 4004 2274 4043 coram

2448 3992 2499 4043 4.
2531 3989 2638 4042 Kal.
2663 3988 2761 4052 τὰς
2786 3986 3054 4060 ἁμαρτίας
3075 4003 3196 4057 μου,
3219 3985 3396 4058 ἇσπερ
3414 3982 3519 4040 οἶδε
3543 3986 3650 4059 πρὸ
3670 3987 3781 4042 τῶν
3808 3988 3942 4059 ἐμῶν

718 4083 856 4143 inso,
886 4094 1005 4147 qua
1036 4079 1346 4147 priusquam
1377 4096 1474 4147 ego
1506 4082 1752 4149 eloquar,
1793 4082 1959 4135 norit.

2380 4081 2655 4153 ῥημάτων,
2691 4080 2915 4133 ἐνώπιον
2952 4079 3115 4132 αὑτοῦ
3149 4078 3632 4148 ἐξομολογήσομαι.

786 4172 839 4226 5.
882 4171 947 4223 Et
974 4186 1138 4234 nunc,
1181 4181 1234 4224 et
1264 4172 1314 4224 in
1354 4173 1555 4224 ultimis
1586 4173 1779 4226 diebus
1812 4175 1965 4227 meis.-

2447 4172 2499 4225 5.
2541 4172 2650 4223 Καὶ
2682 4170 2796 4234 νῦν,
2826 4170 2918 4223 καὶ
2937 4170 3011 4239 (4)
3031 4170 3109 4231 εἰς
3139 4167 3206 4221 τὰ
3231 4169 3433 4237 ἔσχατα
3462 4168 3810 4241 τῶνήμερῶν
3830 4187 3938 4239 μου.

786 4266 840 4325 β.
881 4262 946 4317 Ει
981 4275 1071 4328 tu,
1129 4264 1222 4333 qui
1277 4265 1521 4316 omnium
1566 4265 1727 4317 corda
1776 4267 1951 4330 nosti,
1992 4268 2276 4335 cognoscis

2444 4262 2495 4316 6.
2538 4263 2645 4315 Καὶ
2694 4262 2778 4325 σὺ,
2820 4260 3221 4332 καρδιογνῶστα
3254 4260 3498 4320 πάντων,
3531 4260 3823 4327 γινώσκεις
3855 4262 3940 4323 τὰς

718 4355 989 4423 improbas
1024 4369 1171 4410 meas
1215 4354 1474 4409 actiones.

1398 4369 1474 4409 es.
2376 4372 2507 4424 ττονη
2518 4355 2613 4423 pi;
2655 4369 2753 4422 μου
2787 4350 3026 4421 πράξεις.

787 4444 838 4497 7.
884 4445 936 4496 In
986 4447 1132 4499 omni
1180 4455 1419 4513 tempore
1469 4445 1589 4500 vitm
1636 4462 1802 4509 mea,
1834 4458 2185 4501 inseruerunt
2220 4448 2272 4501 in

2443 4445 2496 4497 7.
2528 4444 2615 4494 Ἐν
2647 4442 2806 4494 παντὶ
2832 4441 3007 4511 χρόνῳ
3036 4440 3133 4510 τῆς
3167 4440 3310 4511 ζωῆς
3347 4458 3449 4509 μου
3482 4439 3849 4510 ἐνεφύτευσαν
3872 4442 3939 4501 εἰς

718 4535 879 4590 corde
908 4550 1027 4588 meo
1055 4551 1243 4603 pravas
1272 4538 1395 4591 vitae
1432 4535 1782 4605 cupiditates.

2373 4535 2468 4603 τὴν
2502 4534 2725 4604 καρδίαν
2762 4549 2860 4602 μου
2894 4533 2991 4603 τὴν
3023 4532 3264 4604 πονηρὰν
3291 4531 3385 4583 τοῦ
3422 4532 3538 4600 βίου
3575 4532 3887 4602 ἐπιθυμίαν.

785 4628 839 4681 8.
880 4625 945 4680 Et
973 4626 1231 4695 evigilans
1260 4630 1571 4697 reputabam
1624 4630 1674 4680 in
1716 4644 1799 4683 me
1847 4630 1987 4698 ipso,
2026 4646 2091 4683 an
2131 4629 2270 4686 forte

2441 4623 2492 4676 8.
2529 4624 2637 4676 Καὶ
2653 4621 2928 4693 ἀνανήψας
2945 4621 3262 4692 ἐλογιζόμην
3279 4622 3335 4672 ἐν
3355 4622 3558 4692 ἐαυτῷ,
3576 4625 3626 4675 εί
3648 4623 3754 4694 ἀρα
3770 4622 3934 4691 ἐποίη-

716 4717 930 4786 aliquod
968 4718 1165 4771 bonum
1189 4732 1368 4771 coram
1395 4727 1445 4771 te
1477 4717 1750 4774 fecissem.

1510 4719 1750 4774 ecisscm.
2374 4716 2440 4769 σά
2464 4733 2514 4768 τι
2546 4716 2745 4783 ἀγαθὸν
2779 4715 3006 4767 ἐνώπιόν
3035 4730 3146 4768 σου.

785 4810 837 4862 9.
881 4808 945 4863 Et
978 4810 1181 4863 nullum
1218 4809 1432 4877 penitus
1465 4809 1519 4863 in
1550 4826 1635 4864 me
1663 4820 1779 4865 erat
1805 4811 2104 4880 repositum
2130 4826 2267 4880 opus
2300 4814 2341 4867 D

2300 4814 2341 4867 D
2440 4809 2490 4861 9.
2526 4809 2633 4860 Καὶ
2668 4806 2944 4871 παντελῶς
2968 4807 3066 4860 ούκ
3092 4802 3160 4879 ἦν
3198 4807 3257 4861 ἐν
3301 4808 3425 4878 ἐμοὶ
3465 4808 3826 4880 ἀποκείμενον
3852 4807 3928 4879 ἐρ-

714 4898 936 4951 bonum.

2374 4917 2467 4968 γον
2499 4899 2698 4967 ἀγαθόν
2729 4898 2823 4969 (5).

784 4987 869 5042 10.
913 4986 976 5040 Ει
1007 4990 1307 5058 cogitabam
1342 5003 1408 5043 an
1458 5006 1619 5059 quem
1669 4992 2038 5065 confugerem,
2086 5001 2140 5047 et
2187 4993 2269 5047 iu-

2449 4995 2535 5047 10.
2571 4995 2677 5046 Καὶ
2704 4993 3080 5065 διελογιζόμην
3120 4991 3183 5046 τὺ
3209 4992 3345 5063 πρὸς
3383 4992 3509 5045 τίνα
3544 4992 3735 5065 φύγω,
3766 4994 3853 5048 καὶ
3880 4994 3931 5048 ἐν

714 5088 913 5145 certus,
945 5089 1107 5149 atque
1143 5081 1296 5149 in0ps
1325 5084 1535 5136 consilii
1577 5100 1746 5137 eram.

1325 5084 1535 5136 consilii
1577 5100 1746 5137 eram.
2375 5085 2450 5155 (6)
2468 5084 2746 5156 ἀμηχανέα
2775 5084 2943 5155 ήμην.

1614 5197 1926 5260 Addenda
1984 5208 2044 5261 et
2094 5201 2471 5280 corrigenda
2530 5218 2607 5262 ex
2640 5200 2784 5262 cod.
2821 5198 3023 5261 Vatic.

782 5297 861 5375 (1.)
902 5297 961 5375 ᾞ
990 5296 1075 5349 διὶ
1111 5298 1205 5367 τῆς
1232 5295 1594 5375 κινχαϐἀρεως
1624 5296 1864 5375 περιέχει
1884 5314 1897 5327 ·
1934 5307 2037 5353 etc.
2086 5300 2177 5375 Ἑν
2192 5298 2270 5369 τῷ
2366 5307 2502 5375 etc._,_
2522 5297 2720 5375 σαφῶς
2745 5296 2879 5350 αὐτὸ
2903 5295 3059 5351 τοῦτο
3082 5295 3345 5352 διδάσκει.

713 5366 961 5437 σπηλαίῳ
990 5369 1282 5437 προσευχῇ.
1306 5366 1494 5427 Τοῦτο,
1529 5377 1657 5430 etc.,
1681 5366 2000 5437 εἰρήκαμεν,
2033 5368 2128 5421 καὶ
2152 5366 2267 5421 διαὲ
2433 5368 2511 5437 (2)
2537 5368 2783 5437 Τολμῶν,
2817 5376 2923 5423 etc.

714 5436 893 5506 φόρως
925 5436 1017 5489 καὶ
1046 5436 1373 5508 λαμϐάνεται
1401 5458 1409 5468 η
1441 5436 1529 5488 ὅτε
1559 5438 1671 5508 γάρ
1689 5477 1703 5499 ,
1731 5436 1860 5501 etc.,
1886 5436 2000 5491 τῶν
2042 5438 2264 5493 δικαίων

1699 5478 1703 5496 ,
1731 5436 1860 5501 etc.,
1886 5436 2000 5491 τῶν
2042 5438 2264 5493 δικαίων
2434 5436 2512 5507 (ὅ)
2542 5438 2622 5490 Τὰ
2643 5436 2876 5508 δάκρυα,
2908 5444 3011 5494 etc.
3038 5439 3140 5492 Διό
3164 5438 3335 5493 deest.

713 5507 961 5578 εὑρήσεις
988 5506 1413 5578 αύτὸᾼκείμενον,
1446 5506 1982 5578 ἑρμηνεύεταιςεια,
2019 5510 2265 5577 κείμενον
2432 5508 2507 5577 (4)
2548 5510 2658 5561 Καί
2686 5506 2858 5564 deest.

712 5574 1526 5649 ἐρμηνεύεται-ἐξουθενημένος,
1552 5574 1796 5649 τουτέστι
1961 5578 2059 5649 τὰς
2088 5574 2266 5648 ἆμαρ·
2433 5574 2510 5646 (5)
2528 5580 2726 5649 Ἔργον
2754 5577 3051 5646 τιάγαθόν.

713 5643 830 5720 ne;
845 5643 1180 5720 ;a0?05.AN§‘I
1204 5643 1294 5720 οὖν
1323 5643 1451 5699 αὐτὸ
1486 5645 1912 5720 τοῦτο-τοᾼΔαϐὶδ
1946 5643 2260 5720 ὄνομα’ξστι
2428 5643 2501 5718 (ti)
2539 5649 2581 5702 Τ
2584 5643 2612 5701 δ
2644 5643 2768 5713 ποῦ,
2799 5649 2832 5720 ἢ
2863 5643 2997 5720 πρὸς
3028 5648 3149 5703 τίνα.
3174 5646 3361 5718 φυγὼν
3392 5649 3482 5703 ἀεὶ
3517 5652 3604 5719 ἐν,
3632 5661 3745 5709 etc.

711 5714 894 5770 λαϐεῖν
916 5718 993 5779 εἰς
1024 5715 1110 5769 τὸν
1135 5717 1279 5784 λαόν,
1314 5726 1440 5783 etc.,
1463 5716 1695 5788 ἰσχυρῶν
1717 5718 1790 5782 ὡς
1823 5720 1915 5772 καὶ
1932 5714 2063 5773 αὐτὸ
2083 5718 2259 5783 τοῦτο,
