4142 6472
182 428 331 484 1297

261 550 351 605 11.
392 550 497 602 Καὶ
531 551 628 604 ούκ
653 548 799 602 ἔστιν
825 549 852 600 ὀ
882 549 1125 619 ἐκζητῶν
1163 551 1260 624 τὴν
1286 552 1463 623 ψυχήν
1498 572 1621 624 μου.

262 639 349 693 η.
378 640 673 712 Ἐκέκραξα
708 642 842 712 πρὸς
871 640 950 707 σὲ,
983 640 1176 713 Κύριε,

264 730 351 787 15.
394 729 559 785 Εἴπω
593 735 662 787 Σὺ
685 731 791 803 εῐὴ
826 734 977 797 ὲλπίς
1013 752 1133 803 μου,

263 824 351 877 14.
392 825 563 895 Μερίς
589 842 685 895 μου
722 821 771 878 εἴ
803 828 859 878 ὲν
887 828 956 896 γῇ
994 825 1227 889 ζώντων.

266 914 352 966 15.
393 914 631 983 Πρὸσχες
664 915 797 983 πρὸς
823 914 921 984 τὴν
947 914 1129 985 δέησίν
1163 932 1262 984 μου
1282 931 1297 945 ·

264 1004 354 1058 16.
371 1006 489 1057 Ὀτι
516 1004 882 1074 ἐταπεινώθην
909 1006 1134 1077 σφόδρα.

263 1095 351 1147 17.
379 1094 563 1148 Ῥῦσαί
597 1112 662 1165 με
694 1096 759 1148 ἐκ
784 1095 893 1147 τῶν
922 1096 1362 1149 καταδιωκόντων
1392 1113 1458 1167 με
1476 1112 1492 1128 ’

266 1187 489 1241 18.Ὄτι
516 1188 959 1259 ἐκραταιώθησαν
990 1190 1130 1260 ὑπὲρ
1164 1190 1282 1259 ἐμέ.

261 1277 348 1331 19.
379 1278 637 1347 Ἐξάγαγε
671 1281 734 1331 ἐκ
763 1279 1007 1349 φυλακῆς
1036 1280 1134 1348 τὴν
1158 1279 1334 1349 ψυχήν
1371 1296 1493 1349 μου,

260 1368 351 1422 20.
393 1369 498 1422 Τοῦ
524 1365 1013 1441 ἐξομολογήσασθαι
1044 1368 1121 1439 τῷ
1149 1371 1368 1439 ὀνόματί
1401 1388 1513 1424 σου.

260 1461 352 1516 21.
379 1460 506 1531 Ἐμὲ
527 1461 849 1531 ὑπομενοῦσι
868 1460 1083 1524 δίκαιοι,
1101 1462 1201 1525 ἕως
1225 1456 1284 1514 οῦ
1310 1463 1620 1532 ἀνταποδῷς
1644 1480 1750 1531 μοι.

190 1551 441 1621 Ψαλμὸς
464 1549 543 1614 τῷ
572 1551 765 1617 Δαόὶδ,
803 1551 977 1603 ὁπότε
1011 1550 1365 1605 κατεδίωκεν
1391 1552 1575 1604 αὐτὸν
1613 1552 1760 1605 Ἀϐε-

427 1645 639 1711 ca.pr
670 1646 701 1695 ὀ
728 1644 854 1708 υἱὸς
880 1643 1085 1698 αὑτοῦ,
1127 1646 1295 1697 ΨΑΛ.
1332 1646 1514 1697 PMB'.

262 1734 313 1787 1.
353 1733 547 1804 Κύριε,
582 1734 896 1787 εἰσάκουσον
926 1733 1024 1802 τῆς
1054 1735 1359 1805 προσευχῆς
1391 1750 1490 1802 μου
1512 1749 1528 1765 σ

259 1827 320 1883 2.
345 1826 622 1880 Ἐνώτισαι
654 1826 754 1898 τὴν
779 1825 962 1897 δέησιν
989 1844 1088 1896 μου
1116 1828 1174 1878 ἐν
1202 1828 1266 1896 τῇ
1301 1824 1527 1896 ἀληθείᾳ
1553 1842 1666 1880 σου.

1052 431 1140 485 DE
1181 432 1455 490 TITULIS
1494 435 1943 492 PSALMORUM.
1980 467 2052 478 --
2086 434 2287 492 PSAL.
2328 432 2531 492 CXLII.

1778 559 1823 615 Α
1923 553 2008 607 11.
2053 550 2120 606 Et
2157 565 2264 605 non
2291 560 2375 605 est
2403 550 2496 619 qui
2540 546 2777 616 requirat
2810 545 3045 599 animam
3080 559 3279 600 meam.

3287 422 3422 480 1898

1932 644 2017 698 12.
2059 642 2299 697 Clamavi
2334 641 2401 696 ad
2426 651 2499 704 te,
2527 638 2780 699 Domine,

1931 735 2019 789 15.
2060 733 2123 788 Et
2157 733 2269 788 dixi
2307 751 2319 787 :
2353 732 2434 785 Tu
2460 747 2520 787 es
2548 745 2673 800 spes
2696 744 2812 784 mea

1929 827 2017 880 11.
2060 825 2243 880 Portio
2274 840 2391 879 mea
2421 824 2473 877 in
2508 833 2649 876 terra
2684 822 2999 875 viventium.

1928 918 2016 975 15.
2060 918 2284 974 lntende
2316 917 2383 971 ad
2418 916 2849 985 deprecationem
2887 929 3059 967 meam
3096 932 3108 965 :

1931 1008 2019 1064 16.
2060 1008 2198 1074 Quia
2227 1008 2547 1062 humiliatus
2581 1021 2702 1060 sum
2747 1005 2933 1059 nimis.

1930 1098 2021 1154 17.
2064 1097 2257 1153 Libera
2287 1113 2372 1151 me
2406 1113 2435 1150 a
2469 1094 2919 1166 persequentibus
2948 1109 3032 1146 me
3064 1112 3077 1146 :

1932 1190 2017 1244 18.
2060 1189 2197 1256 Quia
2230 1187 2520 1244 eonfortati
2547 1197 2673 1241 sunt
2705 1202 2868 1255 super
2897 1200 3001 1239 me.

1933 1284 2018 1338 19.
2059 1281 2209 1339 Educ
2239 1283 2306 1337 de
2329 1281 2577 1336 custodia
2602 1280 2838 1333 animam
2864 1294 3035 1332 meam
3058 1318 3072 1343 ,

1930 1372 2021 1428 20.
2065 1374 2146 1427 Ad
2181 1370 2549 1427 conﬁtendum
2588 1369 2793 1423 nomini
2821 1377 2933 1422 tuo.

1931 1464 2021 1517 21.
2062 1463 2143 1519 Me
2169 1463 2558 1533 exspectabunt
2584 1461 2738 1529 justi,
2763 1460 2933 1514 donec
2960 1458 3229 1513 retriluas
3266 1458 3417 1512 mihi.

1867 1555 2113 1610 Paalmus
2156 1554 2346 1617 David,
2376 1554 2585 1623 quando
2615 1553 3020 1622 persequebatur
3043 1567 3159 1603 eum
3188 1550 3421 1604 Absalon

2239 1646 2381 1713 ﬁlius
2408 1645 2541 1713 ejus.
2580 1642 2781 1699 PSAL.
2822 1641 3050 1696 CXLII.

1936 1738 1984 1789 1.
2033 1737 2291 1797 Domine,
2322 1735 2522 1789 exaudi
2560 1734 2864 1788 orationem
2892 1749 3066 1787 meam
3096 1751 3108 1786 :

1935 1829 1989 1883 9..
2030 1828 2270 1882 Auribus
2300 1827 2514 1897 percipe
2558 1827 2990 1881 obsecrationem
3030 1841 3203 1880 meam
3251 1824 3303 1879 in
3335 1839 3425 1878 ve-

1862 1921 2021 1975 ritate
2041 1930 2151 1975 tua.

1301 2009 1689 2067 ATHANASII
1728 2011 2315 2071 INTERPRETATIO.

266 2104 353 2158 11.
392 2103 524 2159 Ούδὲ
569 2102 677 2174 γὰρ
734 2096 801 2173 ἦν
854 2102 1108 2173 πρόνοιάν
1158 2118 1259 2171 μου
1308 2099 1626 2170 ποιούμενος
1662 2100 1762 2171 τῆς

1934 2104 2019 2159 11.
2052 2103 2235 2175 Neque
2288 2105 2434 2161 enim
2495 2119 2651 2169 erat,
2718 2106 2811 2176 qui
2873 2105 3179 2175 provideret
3232 2106 3427 2159 anima:

185 2197 386 2267 ψυχῆς·

264 2287 352 2351 12,
387 2286 473 2341 13.
501 2285 589 2349 Ὠς
632 2278 723 2338 οῦν
772 2279 930 2350 εἶδον,
959 2283 1190 2353 ἐμαυτὸν
1225 2284 1525 2353 ἀπήλπισα,
1549 2286 1641 2339 καὶ
1670 2303 1763 2355 με-

184 2378 258 2430 τὰ
290 2377 363 2447 (1)
384 2375 628 2447 δακρύων
668 2375 937 2447 ἀνεδόησα
978 2376 1113 2446 πρὸς
1143 2375 1224 2438 σὲ,
1258 2375 1447 2447 Κύριε,
1473 2376 1569 2430 καὶ
1593 2372 1721 2431 εἶπα
1745 2394 1757 2406 ·

201 2467 522 2537 Ἀπολογίαν
549 2467 648 2521 οὐκ
675 2467 783 2537 ἔχω
808 2466 1035 2521 ἐνώπιόν
1069 2484 1161 2520 σου
1181 2483 1193 2495 ·
1224 2469 1305 2531 εἰς
1341 2467 1396 2519 δὲ
1434 2468 1534 2536 τὴν
1578 2467 1763 2536 φιλαν-

190 2563 439 2632 θρωπίαν
470 2578 562 2616 σου
587 2560 809 2627 ἐλπίζω,
840 2560 922 2614 ὃτι
942 2560 1183 2631 ὲλεήσεις
1220 2575 1307 2629 με.

268 2744 355 2798 14.
393 2744 738 2815 κληρονομία
769 2736 819 2795 εἷ
852 2741 928 2813 (2)
963 2744 1020 2796 ἐν
1063 2743 1129 2812 τῇ
1176 2741 1288 2795 ἄνω
1324 2739 1674 2812 Ἰερουσαλὴμ
1697 2743 1761 2811 τῇ

188 2838 347 2892 πόλει
375 2836 482 2889 τῶν
515 2834 684 2904 ἁγίων
716 2851 832 2888 σου.

266 2929 355 2993 15,
384 2928 469 2983 16.
506 2928 748 2998 Πρόσχες
778 2925 913 2996 πρὸς
937 2926 1036 2996 τὴν
1059 2924 1241 2995 δέησίν
1274 2942 1398 2995 μου,
1426 2925 1518 2976 καὶ
1544 2923 1762 2995 πλήρω-

193 3040 289 3076 σον
326 3021 513 3092 αὐτὴν,
541 3021 617 3072 ὅτι
651 3016 1039 3086 δεδουλωμένος
1070 3015 1187 3083 εἰμὶ
1214 3017 1279 3085 τῇ
1315 3013 1561 3083 ἁμαρτίᾳ
1594 3014 1690 3082 (ὖ).

272 3175 361 3231 17.
392 3174 576 3229 Ῥῦσαί
609 3190 675 3242 με
706 3171 813 3226 ἀπὸ
833 3170 939 3224 τῶν
960 3169 1219 3224 ἐναντίων
1239 3167 1520 3238 δυνάμεων
1550 3166 1656 3219 τῶν
1681 3168 1766 3221 θε-

192 3270 395 3323 λόντων
429 3285 495 3339 με
527 3267 830 3335 ἀποστῆσαι
862 3263 969 3317 ἀπὸ
1004 3262 1119 3316 σοῦ.

271 3360 357 3414 18.
397 3361 539 3423 Ὅτι,
591 3357 726 3430 ἐμοῦ
756 3355 1154 3429 ἡμαρτηκότος,
1207 3348 1364 3407 αὗται
1427 3353 1765 3423 ἰσχυρότεραί

201 3471 305 3526 μου
345 3452 419 3523 (4)
455 3451 757 3519 γεγόνασιν.

276 3544 358 3595 19.
390 3541 647 3609 Ἐξάγαγε
680 3541 743 3591 ὲκ
770 3536 876 3589 τῶν
909 3536 1120 3606 δεσμῶν
1151 3535 1244 3588 καὶ
1274 3534 1367 3587 τοῦ
1402 3535 1623 3598 σκότους
1660 3533 1768 3586 τῶν

197 3633 439 3705 ἀνομιῶν
465 3634 562 3704 τὴν
588 3632 762 3703 ψυχήν
795 3649 894 3703 μου
919 3649 931 3663 ’

273 3727 364 3781 20.
384 3727 589 3789 Ὅπως,
624 3724 789 3778 ἐλθὼν
824 3727 879 3777 ἐν
913 3723 987 3794 τῷ
1020 3721 1155 3791 φωτί
1196 3738 1309 3783 σου,
1341 3720 1551 3790 δυνηθῶ
1584 3719 1771 3791 egesta-.-

200 3817 533 3889 λογήσασθαι
566 3833 666 3882 σοι,
690 3817 830 3887 ἅπερ
848 3813 1153 3885 πέπρακταί
1189 3829 1275 3883 μοι
1294 3829 1307 3842 ’
1335 3814 1440 3866 πᾶν
1465 3818 1571 3884 γὰρ
1591 3813 1651 3865 τὸ
1667 3824 1770 3882 φα-

204 3909 531 3980 νερούμενον
565 3907 679 3976 φῶς
704 3908 836 3959 ὲστι.

275 3999 364 4053 21.
396 3998 524 4067 Ἐμὲ
558 3996 883 4066 ὑπομενοῦσι
911 3994 1108 4057 πάντες
1137 3996 1187 4051 οἱ
1209 3994 1400 4048 δέκαιοε
1433 4011 1523 4047 σου
1561 3996 1659 4065 (5),
1682 3997 1776 4050 καὶ

205 4094 264 4145 αἱ
298 4091 447 4160 ἆγιαί
483 4107 573 4142 σου
615 4089 888 4159 δυνάμεις,
918 4088 1002 4139 ἵνα
1038 4086 1368 4158 ἐπιστρέψω,
1399 4088 1491 4140 καὶ
1531 4088 1651 4140 ἀντὶ
1682 4090 1774 4142 τοῦ

208 4183 456 4246 πένθους,
491 4175 549 4234 οῦ
602 4180 708 4251 ἔχω
737 4182 794 4234 ὲν
830 4182 895 4251 τῇ
945 4179 1087 4250 ψυχῇ
1134 4196 1254 4250 μου,
1288 4177 1530 4251 δὼρησαι
1566 4197 1657 4249 μοι
1690 4182 1777 4234 εύ-

209 4276 502 4349 φροσύνην,
541 4275 899 4346 συγχωρήσας
946 4288 1035 4344 μοι
1076 4271 1148 4325 τὰ
1199 4270 1636 4343 παραπτώματα,
1685 4275 1777 4325 καὶ

208 4370 394 4423 λοιπὸν
427 4367 669 4441 συνήθως
696 4367 867 4438 χαρὰν
900 4368 1195 4438 ποιήσωσιν
1239 4364 1534 4435 ύμνοῦντές
1585 4381 1644 4417 σε
1685 4366 1777 4418 ἐπὶ

211 4461 293 4513 ἑνὶ
323 4458 629 4531 ἁμαρτωλῷ
657 4456 1019 4529 μετανοοῦντι,
1061 4455 1335 4509 τουτέστιν
1360 4454 1504 4525 ὲμοί.

1863 2207 2015 2248 meat.

1937 2282 2034 2347 12,
2066 2282 2152 2336 13.
2187 2282 2321 2337 Cum
2358 2283 2521 2353 igitur
2557 2284 2854 2349 aspicerem
2884 2300 2969 2337 me
2996 2284 3205 2353 ipsum,
3237 2285 3427 2354 despe-

1863 2374 2008 2436 ravi,
2060 2384 2116 2429 et
2167 2390 2290 2430 cum
2348 2375 2602 2448 lacrymis
2653 2376 2880 2431 clamavi
2912 2377 2976 2432 ad
3036 2386 3107 2439 te,
3166 2375 3429 2442 Domine,

1863 2473 1916 2518 et
1972 2463 2084 2518 dixi
2141 2482 2155 2519 :
2208 2464 2585 2521 DefensiOuem
2659 2482 2764 2521 non
2838 2468 3012 2521 habeo
3082 2482 3263 2521 coram
3341 2476 3425 2533 te;

1864 2553 1921 2609 in
1947 2555 2280 2627 benignitate
2320 2566 2499 2610 autem
2547 2566 2636 2611 tua
2672 2574 2863 2629 spero,
2902 2560 3047 2629 quod
3082 2560 3429 2615 misereberis

1864 2647 1992 2701 mei.

1939 2737 2023 2793 14.
2071 2737 2370 2794 Hereditas
2409 2757 2469 2795 es
2514 2741 2568 2795 in
2611 2756 2845 2811 superna
2882 2738 3183 2795 Jerusalem
3214 2741 3431 2798 civitate

1866 2837 2179 2884 sanctorum
2220 2838 2459 2885 tuorum.

1937 2920 2024 2985 15,
2060 2921 2146 2975 16.
2182 2922 2403 2977 Intende
2428 2923 2495 2977 ad
2526 2924 2965 2994 deprecationem
2993 2940 3169 2978 meam
3190 2965 3205 2991 ,
3245 2934 3300 2978 et
3332 2924 3431 2979 im-

1867 3012 1952 3082 ple
1993 3012 2179 3079 illam,
2222 3016 2485 3084 quoniam
2528 3016 2582 3069 in
2622 3016 2936 3071 servitutem
2968 3016 3219 3071 redactus
3250 3032 3371 3071 sum
3401 3032 3431 3070 ι

1868 3111 2110 3172 peccato.

1944 3192 2027 3246 17.
2066 3191 2258 3248 Libera
2283 3210 2367 3249 me
2396 3211 2424 3249 a
2457 3195 2745 3251 contrariis
2774 3198 3149 3265 potestatibus,
3184 3213 3303 3267 qua:
3340 3212 3435 3253 vo-

1869 3288 1985 3339 lunt
2009 3302 2094 3339 me
2122 3302 2149 3339 a
2186 3296 2237 3341 te
2277 3296 2539 3342 avertere.

1941 3374 2025 3429 18.
2060 3374 2194 3441 Quia
2226 3390 2311 3428 me
2347 3385 2603 3443 peccante
2628 3415 2641 3439 ,
2706 3380 2835 3445 ipsa:
2872 3377 3126 3431 fortiores
3169 3393 3254 3432 me
3282 3378 3436 3434 facta!

1796 3444 1836 3499 ε
1874 3474 2019 3520 sunt.

1949 3549 2033 3602 19.
2072 3547 2219 3603 Edne
2252 3567 2281 3604 e
2313 3550 2573 3618 vinculis,
2606 3568 2635 3606 e
2665 3554 2900 3609 tenebris
2944 3552 3288 3624 iniquitatum
3323 3554 3440 3608 ani-

1876 3657 2020 3696 mam
2049 3658 2246 3707 meam,

1943 3732 2032 3784 20.
2070 3730 2138 3786 Ut
2168 3735 2392 3786 veniens
2436 3734 2490 3787 in
2542 3734 2717 3788 lucem
2762 3743 2906 3789 tuam
2949 3737 3152 3806 possim
3193 3737 3440 3792 conﬁteri

1882 3819 2001 3882 tibi,
2027 3836 2146 3889 qua:
2169 3819 2308 3875 facta
2340 3830 2465 3876 sunt
2498 3823 2625 3876 mihi
2662 3842 2673 3877 :
2702 3838 2862 3877 omne
2889 3824 3053 3891 enim,
3087 3826 3233 3894 quod
3266 3828 3442 3880 Inani-

1880 3910 2125 3974 l'estatur,
2156 3913 2245 3967 lux
2279 3922 2385 3968 est.

1950 4001 2037 4055 21.
2075 4001 2157 4057 Me
2198 4012 2591 4073 exspectammt
2617 4020 2805 4061 omnes
2843 4008 2976 4076 justi
3019 4008 3127 4072 tui,
3163 4016 3216 4062 et
3242 4017 3445 4065 saneta

1881 4101 1989 4146 tua:
2025 4091 2286 4158 virtutes,
2317 4103 2375 4149 ut
2402 4106 2708 4161 convertar,
2744 4107 2797 4152 et
2845 4114 2943 4167 pro
2976 4113 3229 4163 nimrorc,
3282 4113 3441 4167 quem

1882 4184 2054 4240 habeo
2083 4186 2133 4239 in
2165 4190 2344 4241 anima
2371 4203 2507 4253 mea,
2542 4189 2682 4244 dona
2701 4189 2832 4243 mihi
2867 4190 3103 4245 laetitiam
3129 4191 3445 4245 condonans

1882 4275 2017 4329 mihi
2048 4286 2267 4345 peccata
2290 4318 2306 4344 ,
2362 4287 2417 4332 et
2456 4289 2571 4333 tum
2600 4279 2665 4335 de
2692 4294 2845 4335 more
2890 4281 3070 4336 laztitia
3102 4282 3447 4337 exsultabunt

1884 4365 2169 4422 laudantes
2239 4378 2290 4423 te
2341 4385 2504 4440 super
2560 4387 2671 4426 uno
2731 4382 3014 4440 peccatore
3073 4373 3444 4443 paenitentiam

1889 4468 2080 4527 agente
2102 4460 2143 4525 ⁸,
2172 4460 2272 4515 hoc
2294 4470 2375 4516 est
2400 4477 2565 4533 super
2586 4476 2691 4517 me.

295 4552 357 4605 Ἦ
387 4553 715 4624 προκειμένη
762 4551 1038 4636 ἐπιγραφὴ
1078 4549 1316 4622 περιέχει
1343 4547 1440 4619 (6)·
1478 4549 1721 4618 Ψαλμὸς
1744 4549 1823 4615 τῷ
1854 4552 2048 4618 Δαὸιδ,
2086 4556 2265 4609 ὁπότε
2286 4558 2471 4610 αὐτὸν
2506 4558 2859 4611 κατεδίωκεν
2894 4558 3228 4628 ’Λϐεσαλὼμ
3258 4564 3291 4613 o’
3320 4560 3448 4626 υιύς

211 4646 415 4700 αὐτοῦ.
459 4644 633 4698 Δαὸὶδ
659 4639 750 4699 οῦν
781 4642 1139 4717 ἑρμηνεύεται
1169 4641 1295 4695 ἔνθα
1326 4640 1753 4709 πεποθημένος,
1793 4644 2032 4698 τουτέστι
2064 4646 2092 4698 ὁ
2116 4647 2454 4718 ἐπιστρέφων
2485 4649 2617 4720 πρὸς
2667 4652 2756 4704 τὸν
2781 4651 2981 4724 Κύριον
3020 4652 3146 4715 λαὸς
3173 4652 3280 4704 τῶν
3319 4653 3448 4707 ἰου-

288 4739 502 4795 Titulus
539 4740 860 4811 praepositus
890 4739 1129 4795 continet
1163 4757 1176 4792 :
1206 4736 1456 4791 Psalmus
1512 4736 1683 4789 David
1707 4779 1720 4799 ,
1768 4739 1977 4807 quando
2026 4744 2432 4811 persequebatur
2463 4761 2579 4798 eum
2607 4744 2854 4800 Absalam
2900 4748 3043 4815 ﬁlius
3089 4747 3220 4815 ejus.
3282 4745 3448 4802 David

217 4836 383 4906 igitur
438 4834 528 4890 hic
576 4834 967 4906 interpretatur
1018 4832 1345 4886 desideratus
1370 4869 1386 4896 ,
1422 4831 1525 4884 hoc
1558 4839 1641 4885 est
1683 4834 1917 4901 populus
1964 4833 2270 4891 Judaaorum
2307 4848 2630 4894 convertens
2672 4856 2730 4894 se
2769 4844 2832 4895 ad
2875 4840 3185 4895 Dominum.
3234 4840 3433 4897 Deinde

297 4930 345 4989 1.
368 4929 420 4983 2.
458 4927 534 5000 (7)
568 4928 760 4999 Κύριε,
792 4928 1075 4998 πλήρωσον
1100 4926 1198 4996 τὴν
1226 4924 1533 4994 προσευχήν
1553 4941 1674 4994 μου,
1694 4925 1786 4977 καὶ

220 5022 449 5075 ἄκουσον
482 5020 577 5089 τὴν
607 5020 788 5090 δέησίν
821 5036 920 5089 μου
949 5019 1007 5070 ἐν
1035 5016 1110 5086 τῷ
1142 5015 1254 5085 Υἱῷ
1290 5032 1382 5067 σου
1418 5015 1693 5084 ὑπάρχων.

292 5113 312 5142 ⁸
345 5110 475 5165 Luc.
508 5128 595 5176 xv,
631 5111 712 5163 10.

1965 4930 2014 4991 1,
2045 4929 2097 4984 2.
2132 4929 2389 4996 Domine,
2428 4933 2589 5004 imple
2617 4934 2914 4988 orationem
2969 4950 3176 5000 meam,
3217 4944 3269 4989 et
3318 4916 3444 4989 audi

1894 5017 2326 5088 deprecationem
2361 5039 2538 5079 meam
2571 5024 2627 5081 in
2651 5022 2787 5080 Filio
2826 5034 2916 5079 tuo
2940 5026 3225 5081 exsisteus.

1129 5209 1435 5272 Addenda
1474 5216 1534 5271 et
1597 5209 1967 5288 corrigenda
2032 5210 2282 5273 excod.
2338 5210 2539 5271 Vatic.

296 5313 370 5385 (1)
396 5312 614 5385 Ἑαυτὸν
647 5314 1055 5385 ἀπηλπισμένον
1085 5316 1239 5385 μετὰ,
1266 5325 1367 5367 etc.

298 5381 369 5449 (‘2)
410 5381 756 5454 Κληρονομξα
792 5381 990 5454 μούεῖ,
1025 5381 1124 5440 etc.

296 5454 371 5524 (5)
395 5454 664 5524 ’Λμαρτίᾳ
686 5455 845 5506 πάνυ.

296 5460 350 5509 (5
395 5460 664 5523 ’Δμαρτία
686 5460 845 5506 πάνυ.

296 5460 372 5591 (1νῖ
395 5509 747 5594 ’ἰσχυρλιτὲροί
783 5542 902 5593 μου,
932 5534 1036 5579 etc.

1888 5315 2100 5385 τηρίαν,
2134 5325 2263 5385 etc.,
2295 5314 2477 5385 ἔλεγεν
2506 5315 2665 5385 μετὰ
2714 5312 2812 5385 καὶ.
2858 5311 2953 5385 τῇς
2999 5311 3191 5385 ,ἄλλ-ης.
3219 5321 3344 5385 etc.,
3376 5312 3452 5385 τῷ

1892 5381 2057 5455 στίχῳ
2089 5384 2163 5453 τῷ
2202 5384 2344 5455 ύκτῲ
2372 5386 2464 5436 καὶ
2498 5381 2705 5454 δεκάτῳ
2728 5381 2921 5455 ψαλμῷ
2940 5397 2951 5409 ·
2987 5381 3183 5455 δμοίως
3214 5381 3304 5433 καὶ
3333 5382 3454 5455 τοῦ-

1894 5452 2145 5518 τοίεὶα,
2165 5457 2228 5506 ἐκ
2254 5454 2359 5506 τῶν
2389 5455 2650 5524 οὐρανῶν,
2681 5452 2775 5505 καὶ
2802 5452 2861 5504 τὸ
2883 5452 3454 5524 ἀναϐεϐηκέναι-αὐτὸν

1893 5526 1950 5575 ὲν
1981 5527 2089 5588 τοῖς
2122 5525 2389 5594 οὐρανοῖς,
2415 5519 2472 5576 ὲν
2496 5524 2576 5593 τῷ
2605 5524 2781 5589 λέγειν
2813 5519 3145 5594 αὐτόνηειεζ,
3178 5519 3455 5594 συλλαϐεῖν

297 5588 374 5664 (5)
421 5588 793 5664 ’Υπομένουσί
820 5596 1015 5657 πάντες
1049 5597 1095 5647 οἱ
1129 5594 1271 5663 ἆγιοί
1313 5612 1425 5656 σου,
1451 5604 1577 5657 etc.,
1622 5592 1791 5663 χαρὰν
1897 5594 2028 5646 αὐτὸ
2070 5596 2167 5657 εἰς.
2190 5588 2331 5656 ’θιειν
2362 5588 2603 5664 δτιπερὁ
2630 5588 2739 5657 υίδῖ
2771 5594 2860 5645 τὸν
2884 5588 3305 5664 πατέραοέτωτοῧ
3326 5608 3456 5664 κςτε

230 5666 564 5725 ποιήσουσιν,
590 5674 694 5719 etc.

301 5708 375 5806 (ὅ)
410 5735 471 5787 Ἦ
497 5734 711 5806 διὰίτῆς
739 5735 1107 5806 κινναϐάρεως
1133 5734 1394 5806 περιέχει,
1421 5742 1524 5785 etc.
1576 5734 1663 5806 ὅτε
1696 5734 1788 5785 αύ-

226 5802 499 5865 16v.'etc.,
530 5805 638 5857 τῶν
661 5802 943 5859 Ἰουδαίων,
974 5802 1041 5857 Ἐἰ
1072 5802 1408 5865 τότεάἱτόν,
1437 5812 1563 5863 etc...
1592 5802 1687 5870 τῆς
1713 5805 1785 5855 εἰ-

232 5877 396 5949 ρήνης
418 5874 613 5930 ὡσανεὶ
640 5876 669 5926 ὸ
690 5874 963 5945 δρομαῖος,
995 5886 1119 5936 etc.,
1152 5875 1240 5929 τοῦ
1268 5877 1555 5943 κατασχεῖν
1578 5874 1654 5934 εἰς
1689 5889 1791 5926 σωο

1900 5665 2107 5742 εδξωκε,
2141 5664 2303 5742 ,δῆλον
2342 5662 2577 5735 εύρήσῄς
2622 5663 2715 5715 καὶ
2761 5663 2935 5715 τοῦτο.
2973 5662 3030 5714 Ὀ
3052 5662 3177 5731 γὰρ,
3211 5662 3462 5742 ειο.,ἰη-

1901 5735 2025 5796 σοῦς
2058 5734 2207 5796 Υἱός,
2233 5744 2336 5788 etc.

1969 5802 2047 5884 (7)
2087 5804 2153 5858 Ν.
2196 5804 2239 5856 1.
2272 5804 2461 5875 Κύριε,
2491 5812 2593 5859 elc.
2624 5804 2687 5856 Ν.
2716 5803 2769 5855 9.
2803 5803 2909 5856 Καὶ
2944 5802 3192 5863 ἄκουσον,
3228 5810 3333 5855 etc.
