4142 6474
750 414 887 471 1999
1580 423 1635 477 S.
1676 419 2047 479 ATHANASN
2088 426 2237 482 OPP.
2280 428 2459 487 PARS
2496 434 2582 491 Ill.
2626 468 2693 477 --
2723 438 3133 497 EXEGETICA.
3839 447 3957 503 1300

814 536 868 634 ξ.
912 532 1114 634 Exaudi
1136 552 1225 634 tne
1257 539 1309 593 in
1342 549 1430 595 tua
1462 540 1671 607 justitia
1694 584 1710 607 ,
2328 568 2371 620 Α
2471 558 2523 610 5.
2566 558 2891 612 Εἰσάκουσόν
2929 578 3028 629 μου
3052 562 3109 613 ὲν
3136 564 3201 631 τῇ
3232 561 3547 634 δικαιοσύνῃ
3575 580 3691 627 σου,

811 628 865 679 4.
911 626 974 680 Et
1004 644 1107 683 non
1134 631 1303 687 intres
1338 634 1389 685 in
1415 634 1679 701 judicium
1720 650 1843 689 cum
1876 650 2038 689 servo
2064 646 2155 690 tuo
2186 656 2200 690 :

2475 650 2527 703 4.
2575 651 2675 703 Kal
2711 652 2783 720 μὴ
2809 626 3051 721 εἰσέλθῃς
3071 655 3149 714 είς
3170 626 3350 723 κρίσιν
3377 626 3630 723 μετὰ-τοῦ
3651 626 3839 707 δούλου
3857 672 3954 708 σω·

811 719 864 771 5.
905 717 1043 785 Quia
1061 736 1167 777 non
1195 723 1588 795 justilicabitur
1612 727 1663 779 iu
1689 738 1985 795 conspectu
2014 738 2105 781 tuo
2123 728 2305 783 omnis

2246 728 2305 783 nis
2474 740 2523 793 5.
2544 742 2666 796 Ὅτι
2698 742 2757 793 οὐ
2787 742 3203 813 δικαιωθήσεται
3237 743 3467 797 ἐνώπιόν
3498 761 3593 797 σου
3622 746 3733 807 πᾶς
3760 744 3882 810 ζῶν.

740 823 942 866 ὶἸὶἘΙΙδ.

807 902 858 955 6.
902 902 1043 968 Quia
1075 917 1394 972 persecutus
1429 918 1512 962 est
1538 908 1794 963 inimicus
1825 911 2063 965 animam
2087 925 2300 965 meam:

2161 926 2262 965 iam
2288 930 2300 963 :
2478 910 2527 964 6.
2549 912 2670 963 “Ou
2704 909 3023 976 κατεδίωξεν
3052 914 3079 965 ὁ
3106 912 3298 984 ἐχθρὸς
3322 913 3419 984 τὴν
3444 913 3627 984 ψυχήν
3663 932 3766 984 μου
3783 929 3797 945 ⁸

808 993 858 1047 7.
905 994 1217 1052 llumiliavit
1256 1000 1309 1053 in
1344 1009 1483 1055 terra
1519 1003 1683 1055 vitam
1718 1020 1913 1057 meam.

2479 1005 2529 1055 Ἷ.
2560 1002 2949 1055 Ἐταπείνωσεν
2975 1006 3053 1067 είς
3080 1005 3183 1074 γῆν
3212 1004 3307 1074 τὴν
3331 1004 3473 1075 ζωήν
3503 1022 3625 1076 μου.

805 1084 868 1137 8.’
893 1087 1182 1144 Collocavit
1230 1106 1315 1145 me
1358 1092 1412 1145 in
1444 1093 1693 1148 obscuris
1725 1096 1864 1149 sicut
1906 1106 2151 1153 mortuos
2204 1110 2296 1149 εωι

2280 1121 2296 1136 ι
2479 1094 2529 1148 8.
2568 1094 2813 1146 Ἐκάθισέ
2850 1110 2917 1163 με
2950 1096 3006 1146 ὲν
3040 1098 3330 1158 σκοτεινοῖς
3352 1095 3424 1159 ὡς
3455 1099 3683 1167 νεκροὺς
3711 1096 3916 1161 αἰῶνος,

733 1176 867 1240 culi.

806 1270 860 1324 9.
890 1269 954 1324 Et
980 1272 1231 1327 anxiatus
1261 1283 1345 1328 est
1381 1289 1544 1344 super
1578 1291 1663 1330 me
1697 1275 1920 1345 spiritus
1956 1291 2152 1331 meus:

2089 1292 2109 1331 s
2136 1292 2152 1329 :
2478 1278 2529 1332 9.
2565 1277 2674 1330 Kal
2695 1278 2988 1347 ἠκηδίασεν
3016 1278 3102 1329 ἐπ’
3130 1276 3227 1347 ἐμὲ
3255 1276 3317 1329 τὸ
3338 1275 3553 1347 πνεῦμά
3586 1294 3687 1345 μου
3712 1294 3725 1306 ·

809 1362 892 1416 ιο.
920 1362 975 1415 In
1010 1380 1093 1418 me
1121 1366 1394 1421 turbatum
1429 1378 1510 1422 est
1542 1385 1636 1422 cor
1663 1384 1867 1427 meum.

2476 1368 2562 1423 10.
2612 1370 2699 1421 Ἐν
2730 1370 2850 1438 ἐμοὶ
2883 1367 3157 1439 ἐταράχθη
3190 1370 3222 1438 ἡ
3253 1368 3448 1437 καρδία
3485 1384 3607 1437 μου.

1857 1543 2234 1600 ΑΤΗΑΝΑειι
2274 1542 2855 1601 ιΝΤΕιιΡιιΕΤΑΤιο.

730 1718 990 1774 δαίων.Ἢ
1026 1726 1157 1776 τότε
1189 1719 1345 1795 [είτα,
1373 1724 1557 1797 ὁπότε]
1589 1724 1774 1780 αὐτὸν
1798 1726 2154 1779 κατεδίωκον
2183 1726 2511 1797 Ἀϐεσαλὼμ
2538 1730 2570 1781 ό
2598 1728 2725 1794 υίὸς
2755 1726 2939 1781 αὑτοῦ
2958 1743 2972 1756 ’
3014 1727 3347 1796 Ἀϐεσαλὼμ
3379 1726 3739 1798 ἑρμηνεύεται
3783 1723 3961 1790 πατὴρ

730 1817 971 1885 εἰρήνης
990 1831 1014 1851 ⁶’
1032 1820 1121 1872 τὸν
1149 1821 1274 1873 λαὸν
1296 1818 1387 1874 οὖν
1422 1822 1512 1874 τὸν
1541 1823 1931 1894 ἐπιστρέφοντα
1956 1821 2065 1875 τῶν
2100 1822 2364 1875 Ἰουδαίων
2394 1823 2715 1876 κατεδίωκεν
2735 1826 2763 1876 ὁ
2787 1822 2964 1896 πατὴρ
2987 1822 3085 1891 τῆς
3110 1822 3325 1892 εἰρήνης
3358 1819 3560 1892 Ἰησοῦς
3584 1818 3782 1872 ὡσανεὶ
3806 1821 3833 1872 ὁ
3858 1819 3962 1887 δροι

735 1908 877 1976 μέως
908 1908 1205 1985 [δρομεὺς]·
1238 1912 1593 1983 κατεληλυθεν
1636 1913 1838 1983 Ἰησοῦς
1869 1916 1931 1965 ὲκ
1966 1912 2071 1965 τῶν
2104 1911 2347 1982 οὐρανῶν
2375 1910 2469 1964 τοῦ
2496 1915 2785 1981 κατασχεῖν
2820 1912 2979 1965 αὑτὸν
3009 1912 3088 1974 εἰς
3122 1910 3411 1981 σωτηρίαν.
3434 1910 3603 1962 Τοῦτο
3625 1909 3734 1979 γὰρ
3774 1924 3961 1977 μεμνη-

734 2004 893 2073 μένος
914 2008 940 2058 ό
965 2007 1248 2079 Προφήτης
1279 2009 1460 2078 ἔλεγεν
1481 2027 1494 2039 ⁸
1522 2010 1658 2080 μετὰ
1688 2009 1744 2062 δὲ
1776 2009 1874 2077 τῆς
1905 2008 2067 2077 ἄλλης
2096 2007 2388 2078 ἑρμηνείας
2419 2008 2515 2077 τῆς
2540 2008 2946 2079 παρακειμένης
2976 2006 3051 2077 τῷ
3085 2006 3251 2075 στίχῳ
3273 2002 3364 2055 τοῦ
3390 2003 3738 2070 ὀγδοδεκάτου
3766 1999 3960 2070 ψαλμοῦ

730 2099 928 2168 ὁμοίως
951 2100 1004 2152 δὲ
1033 2102 1188 2156 τοῦτο
1223 2103 1395 2176 δηλῶν
1424 2103 1484 2156 τὸ
1516 2100 1948 2170 καταϐεϐηκέναι
1978 2100 2136 2153 αὑτὸν
2170 2100 2235 2151 ὲκ
2266 2099 2371 2152 τῶν
2403 2100 2644 2171 οὐρανῶν
2673 2100 2732 2153 ὲν
2759 2099 2837 2171 τῷ
2866 2100 3039 2168 λέγειν
3066 2099 3222 2152 αὐτόν
3241 2115 3255 2128 ·
3287 2095 3733 2165 Ἀγαλλιάσετειιη
3773 2097 3851 2160 ὡς
3889 2096 3960 2161 γί-

728 2208 838 2261 γας
874 2192 1113 2261 δραμεῖν
1140 2194 1299 2259 ὁδὸν,
1329 2196 1429 2249 ἀπ’
1461 2194 1645 2260 ἄκρου
1681 2191 1788 2245 τοῦ
1818 2191 2074 2259 οὐρανοῦ
2106 2193 2142 2258 ὴ
2172 2189 2380 2255 ἔξοδος
2408 2191 2612 2255 αὐτοῦ,
2644 2192 2739 2245 καί
2792 2191 2859 2243 τὸ
2903 2189 3241 2258 κατάντημα
3283 2187 3465 2241 αὑτοῦ
3507 2186 3616 2251 ἕως
3650 2184 3833 2251 ἄκρου
3870 2182 3960 2234 τοῦ

729 2286 1005 2349 οὐρανοῦ.
1039 2288 1186 2358 Αὕτη
1219 2284 1310 2341 οὖν
1340 2291 1373 2357 ἡ
1405 2288 1666 2359 ἑρμηνεία
1691 2287 1783 2340 τοῦ
1807 2287 2221 2356 ἐπιγράμματος
2241 2303 2252 2314 ·
2290 2284 2508 2355 Ψαλμὸς
2537 2285 2614 2355 τῷ
2643 2285 2753 2356 λαῷ
2780 2285 2885 2339 τῶν
2930 2285 3193 2338 Ἰουδαίων
3220 2283 3295 2352 τῷ
3311 2282 3695 2352 ἐπιστρέψαντι
3727 2278 3859 2347 πρὸς
3885 2278 3959 2329 τὸν

730 2375 884 2436 Θεὸν,
910 2376 997 2429 ὅτε
1026 2379 1053 2429 ὁ
1084 2377 1263 2447 πατὴρ
1286 2378 1383 2447 τῆς
1416 2379 1637 2449 εἰρήνης
1680 2376 1884 2447 Ἰησοῦς
1912 2376 2236 2429 κατεδίωκεν
2267 2377 2373 2428 ἀπὸ
2399 2374 2509 2428 τῶν
2534 2376 2775 2447 οὐρανῶν
2806 2375 2865 2427 τὸ
2889 2374 3041 2441 γένος
3068 2372 3178 2425 τῶν
3217 2373 3533 2444 ἀνθρώπων.
3565 2370 3842 2425 συλλαϐεῖν
3877 2370 3961 2420 αξι-

729 2465 854 2526 τοὺς
883 2466 961 2527 είς
992 2467 1283 2536 σωτηρίαν.
1323 2469 1395 2520 Τὸ
1422 2468 1476 2521 δὲ
1508 2470 1679 2521 εἰπεῖν
1713 2470 1769 2522 ὲν
1794 2466 1871 2538 τῷ
1904 2468 2299 2537 ἐπιγράμματι,
2330 2466 2427 2519 ὅτε
2468 2468 2501 2519 ό
2542 2467 2671 2531 υίὸς
2704 2465 2808 2518 τὸν
2846 2463 3068 2532 πατέρα
3096 2462 3279 2516 αὑτοῦ
3314 2462 3649 2522 κατεδίωκε,
3687 2460 3842 2529 δῆλον
3878 2458 3956 2509 εὑ-

730 2560 915 2628 ρήσεις
938 2559 1109 2615 τοῦτο.
1127 2562 1185 2615 '0
1214 2564 1318 2635 γὰρ
1347 2564 1533 2635 Πατὴρ
1560 2566 1655 2637 τῆς
1686 2566 1905 2635 εἰρήνης
1934 2562 2158 2631 Ἰησοῦς,
2176 2565 2203 2614 ὁ
2226 2562 2351 2623 Υίὸς
2372 2560 2606 2629 γεγονὼς
2641 2560 2777 2613 κατὰ
2803 2559 2957 2630 χάριν
2988 2557 3118 2610 ίδίαν
3144 2555 3251 2609 τῶν
3279 2554 3567 2622 Ἰουδαίων,
3587 2551 3757 2612 οὕτως
3778 2548 3956 2603 ἐσπού-

728 2649 856 2713 δαζε
892 2652 1169 2709 συλλαϐεῖν
1203 2658 1399 2719 αὐτοὺς
1423 2658 1527 2711 ὑπὸ
1555 2659 1649 2720 τὰς
1676 2660 1950 2728 πτέρυγας
1982 2654 2149 2710 αὑτοῦ
2179 2656 2258 2718 εἰς
2298 2654 2587 2725 σωτηρίαν.

727 2746 937 2811 quando
979 2761 1094 2798 eum
1138 2748 1540 2815 persequebatur
1577 2747 1821 2800 Absalom
1864 2748 2007 2814 ﬁlius
2042 2747 2152 2814 ejus
2186 2759 2205 2797 :
2236 2745 2482 2799 Absalom
2535 2746 2917 2815 interpretatur
2944 2755 3093 2814 pater
3130 2746 3277 2815 pacis
3310 2759 3330 2798 :
3356 2743 3613 2814 populum
3656 2740 3822 2812 igitur
3867 2735 3954 2792 Ju-

736 2837 973 2889 daeorum
1009 2846 1410 2892 convertentem
1437 2853 1493 2893 se
1519 2840 1943 2908 persequebatur
1976 2847 2125 2908 pater
2153 2837 2299 2907 pacis
2328 2836 2487 2892 Jesus
2510 2836 2672 2893 veluti
2702 2852 2894 2892 cursor
2922 2855 2934 2891 :
2966 2836 3243 2892 descendit
3270 2837 3417 2892 enim
3445 2836 3603 2891 Jesus
3648 2850 3683 2889 e
3702 2834 3868 2895 uelo,
3905 2839 3955 2885 ut

737 2946 861 2984 eum
898 2932 1317 2999 apprclicnderet
1345 2974 1357 2998 ,
1394 2950 1455 2987 ac
1496 2935 1702 2989 salvum
1738 2933 1956 2987 faceret.
1993 2932 2103 2987 Hoc
2141 2933 2283 2986 enim
2327 2947 2757 2987 commemorans
2806 2928 3069 3001 Propheta
3101 2932 3297 2986 cecinit
3329 2930 3547 3000 (juncta
3600 2928 3817 2997 quidem
3864 2924 3953 2978 alia

737 3024 1182 3093 interpretatione
1226 3028 1467 3096 apposita
1517 3030 1787 3083 versiculo
1840 3030 2029 3099 psalmi
2060 3029 2255 3083 decimi
2304 3030 2515 3093 octavi,
2552 3029 2645 3097 qui
2677 3029 2778 3083 hoc
2814 3028 2988 3099 ipsum
3034 3028 3337 3098 significat,
3377 3024 3723 3081 descendisse
3751 3038 3871 3077 eum
3898 3024 3955 3074 de.

734 3120 931 3185 cazlis).
958 3119 1143 3174 dicens
1168 3138 1179 3172 :
1202 3118 1497 3175 Exsultavit
1547 3132 1601 3174 ut
1646 3125 1791 3193 gigas
1828 3130 1894 3175 au
1921 3124 2229 3174 currendum
2260 3122 2414 3183 viam,
2442 3140 2473 3174 a
2506 3138 2707 3174 summa
2737 3123 2863 3175 casto
2888 3122 3110 3190 egressio
3148 3121 3283 3191 ejus,
3311 3130 3359 3174 et
3382 3136 3630 3174 occursus
3656 3119 3770 3187 ejus
3812 3132 3957 3184 usque

738 3212 806 3263 ad
841 3228 1100 3263 summum
1128 3210 1263 3280 ejus.
1292 3211 1415 3267 llaec
1445 3213 1607 3282 igitur
1638 3227 1718 3269 est
1743 3214 2112 3281 interpretatio
2150 3212 2518 3282 inscriptionis
2555 3232 2567 3266 :
2603 3212 2851 3267 Psalmus
2876 3213 3074 3280 populo
3106 3209 3415 3268 Iudaeorum
3450 3210 3783 3265 convertenti
3812 3225 3868 3265 se
3892 3209 3949 3262 ad

742 3300 949 3367 Deum,
994 3305 1206 3371 quando
1253 3314 1404 3375 pater
1450 3307 1596 3375 pacis
1639 3305 1798 3363 Jesus
1836 3306 2259 3375 persequebatur
2287 3324 2315 3360 e
2354 3305 2505 3360 cwlis
2546 3320 2714 3373 genus
2746 3304 3064 3367 humanum,
3111 3315 3168 3358 ut
3196 3303 3675 3372 comprehenderet
3716 3320 3874 3367 eum,
3904 3312 3950 3355 et

737 3395 988 3451 aaivaret.
1035 3397 1188 3461 Quod
1246 3407 1422 3452 autem
1464 3400 1660 3452 dicitur
1700 3400 1751 3453 in
1796 3400 2151 3467 inscriptione
2186 3416 2199 3451 :
2234 3401 2440 3467 quando
2483 3400 2626 3467 [ilius
2667 3407 2869 3465 patrem
2911 3414 3063 3450 suum
3110 3396 3533 3468 persequebatur,
3580 3394 3867 3449 manifesto
3909 3394 3953 3448 id

746 3489 1067 3557 comperics.
1095 3487 1253 3541 Pater
1280 3490 1422 3543 enim
1450 3491 1595 3558 pacis
1625 3488 1805 3556 Jesus,
1838 3491 2004 3545 Filius
2034 3507 2124 3561 per
2162 3494 2390 3556 gratiam
2422 3508 2576 3548 suam
2622 3489 2929 3547 Judzeorum
2960 3490 3153 3559 lactus,
3180 3491 3253 3545 ita
3278 3489 3486 3547 studuit
3511 3490 3954 3559 comprehendere

734 3595 829 3635 eos
864 3580 965 3633 sub
998 3581 1111 3633 alas
1140 3594 1288 3644 suas,
1322 3590 1379 3635 ut
1409 3583 1587 3636 salvus
1616 3581 1833 3638 faceret.

804 3694 856 3748 '5.
900 3696 964 3748 Et
996 3695 1159 3765 imple
1192 3712 1310 3750 eam
1348 3712 1444 3766 per
1476 3698 1672 3768 ipsum.
2331 3687 2374 3741 Β

2331 3687 2374 3741 Β
2472 3700 2525 3754 3.
2566 3700 2674 3753 Kal
2702 3700 2988 3773 πλήρωσον
3018 3700 3188 3770 αὐτὴν
3215 3698 3282 3751 δι’
3308 3698 3494 3751 αὑτοῦ.

800 3786 852 3837 4.
898 3783 960 3837 Et
990 3800 1055 3839 ne
1083 3786 1217 3840 velis
1259 3788 1519 3839 rationem
1560 3803 1769 3841 mecum
1807 3804 2040 3856 ponere,
2078 3789 2182 3843 hoc
2209 3798 2289 3843 est

2464 3793 2516 3847 6.
2558 3794 2666 3846 Kal
2699 3794 2773 3864 μὴ
2805 3794 3034 3863 θελήσῃς
3059 3793 3285 3860 συνᾶραι
3315 3789 3471 3857 λόγον
3502 3791 3617 3859 μετ’
3639 3788 3795 3859 ἐμοῦ,
3815 3804 3951 3841 τουτ-

732 3892 957 3929 ελοιηίιη
995 3874 1171 3930 l‘.:cerc
1204 3877 1551 3947 iniquitatum
1594 3893 1860 3931 mearum.

2395 3885 2538 3937 ἐστιν
2574 3885 2815 3950 ἐξέτασιν
2849 3882 3170 3954 ποιήσασθαι
3192 3882 3298 3933 τῶν
3327 3882 3565 3952 ἀνομιῶν
3595 3899 3696 3951 μου
3728 3882 3824 3950 (Ι).

802 3968 854 4021 5.
897 3966 1164 4033 Quoniam
1200 3984 1305 4022 nou
1338 3968 1646 4037 estjustus,
1680 3986 1855 4040 neque
1891 3986 2065 4025 unus:
2101 3970 2289 4024 Omnes

2465 3975 2517 4029 5.
2541 3975 2662 4027 Ὅτι
2695 3976 2793 4027 οὐκ
2824 3973 2969 4028 ἔστιν
2998 3972 3240 4043 ,δίκαιος,
3282 3970 3403 4024 οὔτε
3444 3965 3556 4034 εἷς·
3589 3970 3815 4035 Πάντες
3858 3970 3954 4036 γὰρ

728 4060 867 4111 enim
894 4068 1251 4126 peccaverunt,
1285 4070 1333 4114 et
1356 4070 1500 4132 egent
1528 4060 1697 4131 gloria
1726 4070 1836 4127 trra,
1856 4062 2145 4131 justiﬁcuti
2165 4080 2292 4134 gra-

2399 4062 2682 4132 ἥμαρτον,
2702 4065 2796 4118 καί
2820 4063 3205 4131 ὑστεροῦνται
3227 4060 3333 4129 τῆς
3349 4059 3534 4127 δόξης
3559 4075 3695 4123 σου,
3711 4059 3952 4113 δικαιούο

732 4152 795 4206 tis
825 4154 998 4221 gratia
1024 4162 1112 4205 tua
1138 4153 1178 4206 ‘.

2393 4172 2563 4223 μεγοι
2600 4155 2824 4223 δωρεὰν
2846 4152 2920 4221 τῇ
2949 4153 3032 4221 σῇ
3065 4152 3278 4222 χάριτι.

801 4242 855 4295 6.
897 4240 1322 4311 Comprehendit
1346 4243 1598 4298 diabolus
1626 4244 1861 4297 animam
1888 4263 2083 4300 meam.

2465 4245 2515 4297 6.
2557 4245 2819 4314 Συνέσχεν
2850 4244 2922 4315 (2)
2960 4247 2988 4297 ὁ
3014 4243 3254 4305 διάϐολος
3277 4244 3375 4311 τὴν
3402 4242 3581 4313 ψυχήν
3613 4258 3734 4311 μου.

800 4333 854 4388 '.'.
896 4333 1239 4391 Mortiﬁcavit
1281 4337 1337 4391 in
1387 4336 1618 4392 terrenis
1668 4340 2127 4406 concupiscentiis
2175 4338 2295 4392 aui—

2470 4336 2519 4390 7.
2548 4336 2912 4391 Ἐθανάτωσεν
2943 4338 3022 4401 είς
3053 4336 3149 4399 τὰς
3182 4334 3373 4403 γηίνας
3404 4334 3699 4405 ἐπιθυμίας
3735 4334 3831 4405 την
3858 4333 3946 4402 ψυ-

730 4440 871 4478 manu
902 4441 1093 4480 uicani.

1021 4442 1093 4480 m.
2397 4432 2496 4501 χήν
2534 4446 2655 4499 μου.

801 4519 852 4571 8.
890 4518 1353 4583 Quemadmoaum
1380 4530 1625 4576 mortuos
1647 4522 1702 4576 in
1726 4523 2097 4576 monumentis
2127 4522 2301 4576 inclu-

2472 4522 2526 4577 8.
2573 4522 2659 4584 Ὠς
2692 4523 2817 4585 τοὺς
2846 4522 2920 4592 (3)
2974 4520 3196 4591 νεκροὺς
3249 4520 3307 4570 ἑν
3350 4520 3462 4581 τοῖς
3513 4521 3790 4588 μνήμασιν
3828 4518 3947 4569 ἁπο-

730 4608 885 4674 dunt,
914 4618 967 4663 ct
1003 4610 1285 4665 dimittunt
1314 4627 1409 4667 eos
1452 4613 1507 4666 in
1546 4612 1715 4668 fetore
1762 4631 1875 4670 sua:
1908 4616 2295 4684 corruptionis.

2405 4612 2661 4677 κλείουσι,
2694 4613 2787 4666 καὶ
2821 4612 2981 4665 ἐῶσιν
3013 4612 3205 4674 αὐτοὺς
3258 4611 3314 4662 ὲν
3357 4612 3422 4680 τῇ
3456 4608 3687 4679 δυσωδίξέτ⁵
3712 4608 3808 4678 τῆς
3844 4608 3948 4659 δια-

731 4702 803 4754 ita
832 4702 997 4755 etiam
1036 4702 1169 4757 mihi
1198 4702 1322 4757 fecit
1350 4704 1617 4761 diabolus.
1656 4705 1932 4761 Conclusit
1957 4707 2099 4762 enim
2134 4721 2219 4761 me
2245 4707 2297 4762 in

2402 4702 2605 4773 φθορᾶς
2639 4703 2839 4768 αὐτῶν,
2874 4703 3045 4765 οὕτως
3078 4700 3345 4771 πεποίηκὲ
3397 4719 3485 4772 μοι
3525 4702 3617 4754 καὶ
3645 4699 3941 4762 ὁδιάϐολος.

732 4791 922 4848 latore
949 4804 1291 4863 peccatorum
1326 4811 1593 4861 meorum,
1620 4807 1679 4852 ut
1706 4813 2106 4868 corrumperer.
2137 4808 2191 4853 et
2220 4798 2296 4852 ita

2413 4794 2721 4849 Ἀπέκλεισε
2750 4796 2853 4866 γάρ
2887 4812 2953 4866 με
2977 4797 3032 4847 ἐν
3057 4798 3120 4865 τῇ
3154 4793 3382 4847 δυσωδία
3405 4793 3514 4846 τῶν
3542 4791 3821 4864 ἁμαρτιῶν
3852 4809 3942 4861 μου

729 4885 1058 4953 computrui,
1080 4894 1138 4939 ut
1163 4885 1406 4941 faetorem
1446 4902 1658 4951 eorum,
1683 4905 1803 4959 qua:
1830 4888 1953 4955 feci,
1985 4906 2092 4945 non
2129 4890 2294 4945 ferret
2321 4898 2364 4960 ε

2321 4898 2364 4960 c
2397 4885 2837 4958 διαφθείρεσθαι,
2898 4886 2991 4939 καὶ
3034 4885 3206 4949 οὕτως
3249 4885 3635 4959 προσώζουσα,
3670 4887 3808 4939 ὥστε
3853 4885 3942 4953 τὴν

728 4978 905 5031 anima
943 4994 1083 5044 mea,
1117 4979 1211 5033 sed
1233 4996 1290 5035 sc
1318 4981 1489 5050 ipsam
1517 4981 1937 5035 abominaretur.

2395 4975 2657 5030 δυσωδίαν
2697 4970 2770 5029 ὧν
2796 4977 3006 5046 ἔπραξα
3037 4978 3111 5048 μὴ
3142 4975 3326 5047 φέρειν
3358 4976 3455 5045 τὴν
3480 4975 3655 5048 ιξυχήν
3688 4993 3808 5047 μου,
3836 4974 3940 5027 ἀλλ’

2393 5068 2588 5139 ἑαυτὴν
2618 5068 3007 5138 βδελύττεσθαι.

796 5154 849 5208 9.
880 5155 945 5209 Et
972 5157 1303 5211 conscientia
1334 5159 1516 5214 cordis
1543 5162 1675 5223 mei,

2462 5158 2513 5212 9.
2554 5160 2659 5211 Kal
2684 5159 2744 5211 τὸ
2779 5159 3014 5223 συνειδὸς
3040 5160 3134 5229 τῆς
3168 5158 3391 5228 καρδίας
3428 5175 3529 5229 μου
3552 5196 3568 5220 ,

800 5245 884 5300 10.
920 5246 1059 5302 Cum
1094 5250 1410 5307 recordarer
1439 5251 1611 5305 futuri
1634 5250 1849 5319 judicii,
1880 5250 2074 5308 timore
2103 5266 2281 5304 corre-

2469 5252 2549 5305 lO.
2584 5252 2925 5323 Μνησθέντος
2954 5270 3052 5322 μου
3072 5254 3169 5322 τῆς
3202 5251 3498 5324 μελλούσης
3529 5252 3779 5324 κρίσεως,
3800 5250 3936 5319 φόϐῳ

724 5346 814 5408 pta
850 5347 932 5392 est

2397 5342 2708 5412 συνεσχέθη.

795 5452 814 5478 ⁸
853 5449 1009 5503 Rom.
1040 5466 1117 5510 ιη,
1160 5452 1243 5515 l0,
1275 5453 1362 5507 25.

1644 5521 1946 5583 Addenda
2014 5532 2074 5585 et
2129 5526 2497 5607 corrigenda
2548 5547 2627 5591 ex
2658 5531 2795 5591 cod.
2843 5530 3043 5594 Vatic.

888 5621 1199 5703 ᾉμαρτιιῖδν
1228 5643 1349 5693 μονα
2396 5631 2675 5703 ἁμαρτιῶν
2702 5631 3123 5703 διαφθείρεσθαι,
3148 5629 3237 5703 καὶ
3255 5630 3427 5703 οὕτως
3457 5629 3791 5703 προσῶζεσα,
3809 5634 3931 5703 _etc.,

1036 5689 1443 5772 συνέσχενηεις.
1588 5766 1598 5772 _
1722 5765 1733 5772 _
1787 5765 1797 5772 _
2028 5767 2037 5772 _
2164 5767 2177 5772 _
2397 5689 2469 5771 μῆ
2502 5689 2738 5771 ᾠθείρειν
2768 5689 2883 5772 τὴν,
2908 5689 3037 5763 ἐισ..
3070 5689 3467 5768 βδελύσσεσθαι.
3500 5689 3577 5754 ’Ν
3619 5689 3698 5755 Ιῧ.
3730 5689 3830 5753 Kal
3858 5697 3931 5758 τό,

795 5752 871 5828 (5i
898 5760 960 5843 Ν..
986 5761 1040 5843 8,
1062 5752 1383 5843 9.1321069
1413 5775 1542 5843 etc_..
1577 5765 1949 5843 ἀποκλείουσιν
1995 5767 2040 5816 οἱ
2100 5767 2285 5843 nev;-
2392 5752 2431 5825 £31

1508 5805 1542 5822 ι.
1577 5765 1949 5843 ἀειοκλείουσιν
1995 5767 2040 5816 οἱ
2100 5767 2285 5843 τεθνῃ-
2392 5752 3144 5843 ac“.“usq'aesa‘awéﬁéi;

725 5832 873 5895 κότις
895 5833 1109 5897 αὐτοὺς,
1149 5836 1259 5895 καί,
1291 5847 1417 5891 etc.,
1449 5836 1541 5904 τῆς
1571 5835 1773 5909 φθορᾶς
1815 5835 2010 5899 αὐτῶν,
2040 5845 2139 5888 etc.
2176 5839 2280 5887 τῶν
