4142 6474
180 429 318 485 1501
1085 428 1174 484 DE
1208 429 1480 490 TlTULlS
1518 431 1967 490 PSALMORUM.
2001 463 2072 476 -—-
2111 433 2303 492 PSAL.
2347 437 2531 494 CXLII
3273 442 3414 497 {302

258 550 348 603 11.
392 546 694 619 Ἐμνήσθην
717 548 935 618 ἡμερῶν
959 548 1199 621 ἀρχαίων
1221 566 1235 581 ο
1771 560 1820 612 Α

1771 560 1820 612 Α
1917 556 2005 609 11.
2039 553 2241 611 Memor
2265 556 2340 612 l'ui
2375 557 2587 613 dierum
2612 558 2992 628 antiquorum:

257 641 347 694 12.
393 639 721 710 Ἐμελέτησα
753 643 810 694 ἐν
835 643 966 694 πᾶσι
988 645 1100 706 τοίς
1131 642 1310 713 ἔργοις
1338 660 1454 700 σου.

1930 643 2016 697 12.
2046 643 2333 701 Meditatus
2362 661 2484 701 sum
2520 648 2572 701 in
2605 647 2858 704 omnibus
2891 648 3147 718 operibus
3182 648 3307 707 tuis.

257 730 347 786 15.
387 730 472 784 Ἐν
499 732 762 801 ποιήμασι
786 731 894 784 τῶν
917 732 1118 804 χειρῶν
1144 750 1236 786 σου
1271 734 1556 803 ἐμελέτων.

1553 777 1556 788 ,
1930 737 2016 790 15.
2055 737 2110 790 In
2145 735 2304 793 factis
2333 754 2592 793 manuum
2623 749 2841 794 tuarum
2869 739 3189 795 meditabar.

257 819 346 873 14.
381 821 684 874 Διεπέτασα
714 820 850 892 πρὸς
872 822 931 874 σὲ
957 823 1056 885 τὰς
1077 822 1264 892 χεῖράς
1300 840 1400 892 μου
1426 839 1442 855 ·

1261 841 1264 849 λ
1300 840 1400 892 μου
1426 839 1442 855 ο
1927 828 2014 884 11.
2047 827 2291 899 Expandi
2312 845 2506 884 manus
2533 844 2683 885 meas
2713 828 2779 882 ad
2812 838 2897 884 te:

257 913 348 967 15.
390 913 454 965 Ἦ
480 912 621 983 ψυχή
651 930 752 983 μου
781 913 858 977 ὼς
880 913 954 983 γῆ
983 914 1208 984 ἄνυδρός
1237 931 1338 968 σοι.

1929 920 2018 974 15.
2044 919 2237 976 Anima
2272 934 2390 974 mea
2421 920 2562 975 sicut
2594 929 2734 974 terra
2765 919 2883 974 sine
2908 934 3047 990 aqua
3079 917 3195 974 tibi.

262 1001 353 1056 16.
381 1003 527 1073 Ταχὺ
551 1004 864 1057 εἰσάκουσόν
901 1022 1022 1075 μου,
1058 1003 1226 1075 Κύριε
1253 1020 1265 1033 ·

1928 1010 2016 1064 16.
2048 1009 2320 1065 Velociter
2344 1008 2540 1065 exaudi
2575 1024 2682 1071 me,
2716 1008 2975 1065 Domine:

264 1095 354 1149 17.
396 1095 637 1161 Ἐξέλιπε
662 1096 724 1148 τὸ
751 1094 970 1166 πνεῦμά
1005 1114 1126 1166 μου.

1075 1115 1126 1149 υ.
1931 1101 2022 1156 17.
2049 1101 2256 1158 Deiecit
2280 1102 2507 1172 spiritus
2541 1116 2711 1156 meus.

261 1187 351 1241 18.
380 1186 473 1256 Μὴ
506 1186 853 1260 ἀποστρέψῃς
880 1187 942 1240 τὸ
963 1187 1252 1259 πρόσωπόν
1283 1204 1377 1241 σου
1403 1187 1497 1241 ἀπ’
1528 1187 1686 1259 ἐμοῦ,

1403 1187 1497 1241 ἀπ’
1528 1187 1686 1259 ἐμοῦ,
1930 1191 2015 1246 18.
2052 1190 2169 1247 Non
2201 1202 2416 1248 avertas
2445 1190 2638 1247 faciem
2668 1200 2816 1247 tuam
2851 1207 2882 1245 a
2909 1206 3015 1255 me,

261 1275 349 1329 19.
379 1275 488 1328 Kal
511 1276 920 1347 ὁμοιωθήσομαι
950 1279 1061 1338 τοῖς
1092 1276 1510 1330 καταϐαίνουσιν
1534 1279 1613 1340 είς
1636 1278 1739 1333 λάκ

1636 1278 1739 1333 λάκ
1930 1284 2015 1339 19.
2042 1283 2106 1340 Et
2135 1284 2333 1340 similis
2361 1300 2457 1340 ero
2485 1283 2943 1340 descendentibus
2975 1283 3028 1337 in
3054 1283 3250 1338 lacum.

191 1385 293 1421 κον
300 1410 312 1422 .

259 1462 352 1516 20.
395 1461 682 1514 Ἀκουστὸν
709 1459 932 1530 ποίησόν
965 1477 1053 1531 μοι
1083 1460 1142 1512 τὸ
1169 1460 1312 1530 πρωὶ
1347 1460 1408 1513 τὸ
1442 1459 1590 1524 ἔλεός
1624 1477 1714 1513 σου
1742 1477 1756 1491 ο

1932 1463 2023 1516 20.
2051 1459 2305 1519 Anditam
2332 1457 2416 1514 fac
2437 1458 2572 1514 mihi
2597 1474 2757 1514 mane
2783 1457 3212 1514 misericordiam
3242 1466 3423 1512 tuam:

263 1553 354 1606 21.
392 1553 510 1606 Ὀτι
547 1554 639 1605 ἐπὶ
675 1552 756 1605 col
787 1552 1010 1624 ἧλπισα.

1001 1594 1010 1608 .
1931 1551 2023 1608 21.
2059 1550 2200 1618 Quia
2233 1551 2286 1604 in
2323 1557 2376 1605 te
2403 1548 2637 1620 speravi.

264 1646 356 1699 22.
393 1645 662 1717 Γνώρισόν
693 1663 804 1716 μοι,
839 1646 1031 1717 Κύριε,
1054 1646 1189 1713 ὁδὸν,
1226 1648 1284 1700 ὲν
1381 1645 1717 1718 πορεύσομαι

1651 1664 1717 1700 αι
1929 1640 2022 1696 22.
2049 1638 2243 1696 Notam
2271 1638 2357 1695 tae
2387 1638 2520 1693 mihi
2552 1637 2718 1704 viam,
2746 1636 2802 1691 in
2835 1650 2944 1707 qua
2978 1635 3244 1690 ambulem
3272 1652 3287 1688 :

265 1739 359 1794 23.
391 1738 513 1790 Ὀτι
544 1737 677 1808 πρὸς
706 1737 765 1789 σὲ
789 1732 899 1808 ἦρα
920 1737 1017 1808 τὴν
1038 1737 1216 1809 ψυχήν
1251 1755 1374 1808 μου.

1932 1733 2024 1788 23.
2054 1731 2190 1798 Quia
2215 1731 2282 1786 ad
2314 1739 2364 1786 te
2390 1729 2562 1785 levavi
2595 1729 2830 1783 animam
2860 1742 3055 1781 meam.

263 1830 354 1883 24.
397 1827 608 1892 Ἐξελοῦ
637 1844 702 1899 με
733 1830 796 1881 ὲκ
815 1828 922 1881 τῶν
953 1829 1162 1901 ἐχθρῶν
1193 1845 1314 1899 μου,
1354 1825 1548 1899 Κύριε,
1797 1900 1800 1901 ν

1542 1868 1548 1890 ,
1797 1900 1800 1901 ν
1933 1825 2024 1879 24.
2054 1822 2215 1892 Eripe
2243 1835 2332 1876 me
2362 1820 2429 1876 de
2463 1818 2701 1875 inimicis
2733 1819 2891 1882 meis,
2931 1814 3178 1876 Domine.

260 1921 354 1976 25.
383 1920 525 1993 Πρὸς
558 1920 615 1973 σὲ
640 1920 970 1989 κατέφυγον.
1057 1900 1061 1901 ν
1793 1900 1837 1955 Β

853 1936 970 1988 γον.
1057 1900 1061 1901 ί
1793 1900 1837 1955 Β
1939 1915 2030 1970 εδ.
2056 1914 2136 1968 Ad
2167 1923 2217 1969 te
2247 1910 2489 1982 confugi.

266 2015 357 2069 26.
391 2014 607 2079 Δίδαξὸν
637 2029 704 2084 με
725 2012 817 2066 τοῦ
850 2015 1022 2066 ποιεῖν
1046 2013 1106 2066 τὺ
1131 2013 1341 2085 Θὲλημά
1367 2030 1483 2077 σου,
1510 2013 1594 2067 ὅτι
1624 2012 1688 2065 σὺ
1715 2006 1767 2066 εἴ

1938 2005 2030 2060 26.
2066 2004 2206 2060 Doce
2235 2018 2323 2059 me
2352 2002 2530 2059 facere
2558 2003 2891 2057 voluntatem
2930 2009 3100 2068 tuam,
3134 1999 3259 2070 quia
3292 1995 3431 2053 Dens

191 2109 225 2163 ὃ
246 2107 379 2170 Θεός
397 2110 529 2178 ’μου.

1872 2113 2030 2154 meus
2054 2113 2112 2153 88
2141 2107 2217 2153 ιιι.

1311 2354 1688 2410 ATHANASI]
1730 2349 2312 2413 INTERPRETATIO.

277 2579 364 2634 11.
411 2577 716 2651 Ἐμνήσθην
750 2578 857 2651 γάρ
889 2579 997 2632 τῶν
1052 2576 1331 2650 προτέρων
1396 2594 1495 2631 aeu
1550 2576 1771 2648 ἡμερῶν

1948 2575 2036 2630 11.
2061 2571 2278 2628 Memini
2298 2571 2444 2627 enim
2468 2568 2802 2623 anteriorum
2827 2563 3038 2621 dierum
3059 2569 3327 2621 meorum,
3343 2554 3437 2625 qui

198 2670 313 2724 τῶν
336 2668 742 2724 παλαιωθεισῶν
776 2671 834 2722 ὲν
857 2669 1127 2740 ἀνομίαις.

1879 2667 2318 2724 inveteraverunt
2347 2661 2402 2716 in
2435 2658 2834 2730 iniquitatibus.

279 2762 367 2816 12.
401 2763 511 2815 Καὶ
539 2760 790 2832 ἠρξάμην
839 2759 1172 2831 ἐπιστρέψας
1199 2759 1494 2830 γυμνάζειν
1539 2759 1773 2829 ἐμαυτὸν

1952 2759 2039 2814 12.
2075 2757 2142 2812 Et
2163 2769 2461 2813 conversus
2490 2750 2630 2823 coepi
2659 2749 2924 2820 meipsum
2950 2757 3203 2802 exercere
3227 2741 3280 2796 in
3314 2755 3443 2811 ope-

206 2855 290 2925 (1)
315 2857 372 2909 ὲν
397 2857 508 2917 τοῖς
540 2855 720 2926 ἔργοις
751 2853 849 2923 τῆς
881 2851 1180 2916 εὐσεϐείας.

661 2872 720 2917 »ις
751 2853 849 2923 τῆς
881 2851 1180 2916 εὐσεϐείας.
1879 2851 2032 2908 ribus
2061 2850 2297 2920 pietatis.

286 2947 367 3000 l3.
402 2947 511 3000 Kal
536 2946 612 3008 ὡς
635 2945 694 3011 ἐξ
727 2943 901 3015 ἀρχῆς
934 2943 1373 3016 ὲδημιούργησάς
1414 2961 1502 3014 με,
1543 2943 1775 3016 ἐπειρὼ-

1954 2947 2042 3000 15.
2072 2944 2139 2998 Et
2163 2939 2616 3013 quemadmodum
2641 2938 2709 2991 ab
2735 2935 2889 2989 initio
2916 2948 3002 2987 me
3032 2931 3250 2993 oreasti,
3279 2927 3440 2982 talem

211 3053 321 3102 ιιην
345 3036 582 3099 τοιοῦτος
607 3037 894 3106 εὑρεθῆναι
925 3034 1156 3088 ἐνώπιόν
1192 3051 1308 3091 σου.

1192 3051 1308 3091 σου·
1882 3050 2111 3095 conatus
2139 3051 2259 3092 sum
2291 3031 2518 3088 inveniri
2536 3045 2728 3085 'coram
2753 3035 2823 3081 te.

284 3128 372 3183 14.
415 3129 720 3190 Ἀνατείνας
740 3129 839 3199 τὴν
868 3127 1093 3198 καρδίαν
1121 3144 1244 3198 μου,
1271 3126 1385 3195 μετ’
1414 3127 1604 3197 ὀδύνης
1628 3127 1779 3199 ἐϐόη-

1955 3135 2042 3191 14.
2071 3132 2379 3188 Extendens
2405 3145 2500 3185 cor
2523 3142 2724 3191 meum,
2753 3137 2877 3180 cum
2911 3119 3097 3177 dolore
3121 3115 3346 3174 clamavi
3376 3113 3441 3168 ad

208 3237 285 3273 σα
309 3219 387 3290 (ε)
419 3221 556 3291 πρὸς
581 3220 639 3273 σέ
1883 3239 1954 3285 te.

289 3310 376 3365 15.
409 3313 690 3382 Ἀκαρπος
715 3311 974 3384 ὑπάρχει,
1003 3310 1097 3367 καὶ
1121 3307 1450 3380 κεχώρισται
1487 3309 1561 3381 μὴ
1583 3309 1779 3380 ἔχουσα
1807 3317 1849 3372 c

1811 3317 1849 3372 Β
1952 3320 2041 3375 ts.
2071 3313 2411 3373 lniructil’era
2444 3322 2528 3369 est
2552 3321 2606 3367 et
2630 3311 2892 3372 desorata,
2931 3320 3040 3360 non
3069 3301 3275 3358 habens
3301 3299 3353 3354 in
3388 3313 3447 3354 se

208 3405 274 3456 ἐν
299 3404 464 3473 ἑαυτῇ
490 3403 550 3455 τὸ
574 3403 714 3456 ΙΙνεῦ
727 3403 804 3474 μά
827 3421 922 3457 σου
949 3406 1010 3458 τὸ
1042 3406 1217 3475 ἅγιον.

1129 3424 1217 3460 ιον.
1883 3410 1996 3482 ipsa
2029 3410 2289 3482 Spiritum
2316 3415 2560 3461 sanctum
2593 3413 2765 3456 tuum.

286 3492 374 3546 16.
404 3493 602 3563 Δέομαί
629 3510 743 3556 σου,
775 3494 946 3564 Κύριε
967 3509 982 3523 ⁸
1017 3498 1154 3565 ταχὺ
1207 3495 1493 3568 πλήρωσον
1518 3493 1656 3560 ὅπερ
1696 3491 1777 3542 αί-
1906 3481 1909 3482 ν

1906 3481 1909 3482 ν
1953 3503 2039 3557 16.
2086 3501 2356 3570 Deprecor
2402 3508 2474 3561 te,
2521 3495 2766 3559 Domine,
2797 3491 3045 3548 celeriter
3088 3485 3251 3556 imple
3301 3481 3451 3554 quod

212 3584 420 3653 τοῦμαι
452 3583 528 3656 (3)
550 3599 565 3616 °
1882 3603 2003 3664 peto
2024 3609 2038 3660 ;

289 3674 377 3727 17.
409 3673 799 3746 Τεθανάτωμαι
821 3674 929 3747 γὰρ
952 3675 1058 3729 ὑπὸ
1086 3676 1184 3746 τῆς
1219 3674 1510 3746 ἁμαρτίας.

1438 3691 1510 3737 ιςο
1955 3683 2040 3738 17.
2067 3679 2200 3736 Nam
2228 3679 2587 3735 mortiﬁcatus
2611 3691 2732 3732 sum
2766 3691 2795 3729 a
2829 3682 3074 3744 peccato.

290 3765 377 3820 18.
409 3766 501 3838 Μὴ
526 3765 752 3838 βδελύξῃ
781 3783 848 3838 με
875 3766 964 3821 διὰ
986 3766 1047 3820 τὸ
1075 3767 1150 3840 (4)
1176 3766 1348 3838 ὄνομά
1375 3782 1488 3819 σου.

1957 3774 2042 3830 18.
2074 3771 2152 3827 Ne
2174 3769 2507 3826 abomineris
2537 3783 2621 3822 me
2651 3773 2870 3837 propter
2901 3775 3099 3816 nomen
3131 3766 3306 3814 tuum.

292 3858 377 3914 19.
407 3860 516 3913 Kal
534 3859 714 3930 ὅμοιος
740 3859 985 3931 γένωμαι
1007 3858 1114 3914 τῶν
1147 3859 1221 3932 μὴ
1258 3857 1505 3931 ὁρώντων
1543 3853 1698 3908 τοῦτο
1725 3853 1784 3906 τὸ

1956 3866 2045 3921 19.
2072 3863 2137 3918 Et
2154 3861 2348 3919 similis
2373 3860 2496 3914 llam
2517 3859 2624 3914 illis
2647 3872 2754 3911 non
2779 3852 3090 3910 videntibus
3115 3849 3254 3903 hanc
3272 3846 3447 3900 lucem

218 3951 359 4020 φῶς,
393 3951 486 4005 καὶ
511 3951 814 4005 πιπτόντων
833 3952 912 4014 είς
947 3951 1157 4024 βόθρον,
1182 3951 1276 4005 καὶ
1296 3950 1404 4004 ἀπὸ
1425 3947 1518 4003 τοῦ
1547 3948 1688 4019 κάμὲ
1702 3945 1785 4000 οὖ-

1884 3966 1939 4015 et
1961 3951 2324 4011 incidentibus
2348 3950 2403 4004 in
2428 3947 2661 4014 foveam,
2685 3945 2813 4016 quia
2842 3942 3005 3999 etiam
3030 3953 3131 4011 ego
3159 3937 3237 3994 sic
3262 3934 3447 4000 incidi,

217 4062 330 4107 τως
359 4043 652 4114 ἐμπίπτειν
676 4043 773 4114 (5),
811 4044 904 4097 καὶ
930 4043 1280 4113 ὲναπομένειν
1308 4045 1374 4113 τῇ
1415 4041 1678 4113 ἁμαρτίᾳ.

959 4043 1280 4113 ναπομένειν
1308 4045 1374 4113 τῇ
1415 4041 1678 4113 ἁμαρτίᾳ.
1886 4059 1938 4105 et
1960 4044 2232 4119 permansi
2264 4044 2317 4097 in
2354 4050 2591 4112 peccato.

292 4135 382 4200 20,
407 4134 496 4188 21.
515 4135 592 4206 (6)
611 4135 731 4188 Ὅτι
772 4135 866 4188 ἐπὶ
895 4136 978 4188 σοὶ
997 4135 1222 4206 ἤλπισα,
1243 4133 1413 4196 οὓτως
1448 4133 1669 4204 ἐλέησόν
1697 4151 1782 4204 με.

1731 4151 1782 4186 ε·
1956 4118 2047 4204 20,
2077 4137 2166 4192 21.
2199 4135 2336 4203 Quia
2370 4135 2423 4188 in
2456 4142 2508 4187 te
2539 4128 2775 4202 speravi,
2809 4126 2929 4180 ideo
2953 4122 3211 4178 miserere
3240 4118 3367 4206 mei.

291 4227 381 4282 22.
421 4203 580 4281 Ὥστε
628 4227 835 4293 πάντας
863 4203 1084 4297 γνῶναι,
1129 4228 1318 4297 ὅτιπερ
1346 4203 1583 4296 ἡλέησάς
1617 4203 1706 4296 με
1731 4227 1787 4277 ὲν

1955 4203 2045 4278 22.
2085 4220 2156 4276 Ut
2173 4235 2362 4277 omnes
2386 4225 2632 4281 noscant,
2651 4212 2797 4286 quod
2825 4209 2931 4266 mei
2952 4208 3208 4265 misertus
3226 4220 3305 4272 es,
3325 4203 3452 4258 dum

220 4317 302 4390 τῷ
329 4319 391 4372 τὺ
414 4318 530 4388 φῶς
557 4335 650 4372 σου
680 4318 954 4374 ἀνατεῖλαι
976 4320 1034 4372 ὲν
1060 4318 1206 4389 ὲμοί.

943 4337 954 4373 ι
976 4320 1034 4372 ὲν
1060 4318 1206 4389 ὲμοί.
1887 4319 1981 4373 lux
2007 4325 2098 4370 tua
2123 4312 2366 4370 exoritur
2393 4311 2446 4364 in
2474 4323 2579 4362 me.

295 4409 388 4465 23.
424 4409 548 4462 Ὀτι
575 4426 657 4463 σοι
680 4411 1027 4481 προσήγαγον
1053 4410 1153 4480 τὴν
1184 4407 1360 4479 ψυχήν
1403 4426 1526 4480 μου,
1559 4411 1639 4462 ὅτι
1683 4406 1789 4460 ἀπὸ

1960 4407 2050 4462 25.
2082 4405 2226 4472 Quia
2252 4402 2347 4460 tibi
2374 4399 2546 4455 obtuli
2573 4397 2809 4451 animam
2828 4408 3027 4455 meam,
3047 4390 3302 4462 quoniam
3328 4401 3358 4481 a
3380 4395 3455 4440 te—

227 4499 453 4563 σκότους
475 4499 590 4570 eiul
622 4479 1043 4571 Ιὲσκοτισμὲνος]
1072 4479 1180 4553 τῶν
1222 4497 1452 4570 πρώτων
1484 4517 1584 4568 μου
1611 4499 1789 4569 ἁμαρ-

1889 4498 2072 4555 nebris
2100 4495 2434 4550 anteriorum
2475 4504 2718 4546 meorum
2757 4495 3102 4555 peccatorum
3134 4479 3456 4536 obtenebra-

222 4591 382 4656 τιῶν,
414 4592 506 4646 καὶ
531 4592 634 4645 οὐκ
659 4587 774 4646 οῐδα
799 4593 860 4645 τδ
885 4591 1002 4656 πῶς
1039 4591 1288 4664 πορευθῶ
1315 4591 1450 4664 πρὸς
1484 4591 1546 4644 τὸ
1570 4592 1787 4660 ἐγγίσαι
1823 4652 1857 4664 ἢ

1823 4652 1857 4664 ,ι
1891 4600 1979 4647 tus
1997 4605 2141 4652 sum,
2165 4597 2220 4642 et
2247 4588 2438 4658 ignoro
2455 4597 2566 4654 quo
2591 4579 2920 4650 progrediar,
2947 4584 3006 4630 ut
3032 4579 3454 4664 appropinquem

227 4701 332 4752 σοι,
360 4652 448 4749 δός
480 4702 570 4756 μοι
600 4684 698 4756 τὴν
725 4652 1024 4757 ὁδηγοῦσαν
1150 4684 1287 4757 πρὸς
1309 4652 1388 4738 σέ.
1433 4652 1442 4654 ἡ
1611 4652 1622 4660 ⁷
1649 4652 1659 4660 ν
1823 4652 1863 4708 D

1823 4652 1864 4708 θ
1894 4683 2098 4750 tibi,da
2126 4652 2520 4749 mihivgratiar—n
2548 4685 2692 4729 tuam
2721 4670 3074 4727 deducentem
3105 4680 3194 4721 me
3217 4662 3284 4717 ad
3312 4671 3384 4717 te.

293 4774 389 4830 24.
435 4775 645 4843 Ἐξελοῦ
677 4793 743 4848 με
771 4777 834 4831 ἐκ
854 4777 963 4831 τῶν
994 4777 1280 4849 δαιμόνων,
1319 4777 1510 4848 Κύριε.

1380 4777 1510 4848 ὗριε.
1962 4776 2057 4831 21.
2089 4772 2251 4842 Eripe
2283 4785 2368 4825 me
2391 4786 2423 4824 a
2443 4765 2746 4825 daemoniis.
2771 4760 3016 4816 Domine.

296 4869 389 4924 25.
429 4869 550 4922 Ὅτι
574 4846 797 4940 ὐπὺντὴν
827 4869 924 4942 σὴν
957 4846 1269 4922 δεσποτείαν
1292 4846 1429 4921 θέλω
1450 4863 1614 4921 εἶναι.

1962 4868 2054 4923 25.
2088 4864 2356 4933 Quoniam
2386 4861 2488 4918 sub
2511 4867 2662 4914 tuum
2687 4854 2986 4911 dominium
3015 4863 3137 4906 esse
3168 4846 3314 4903 volo.

293 4960 385 5020 26.
416 4961 526 5014 Kal
554 4935 949 5034 ἐπειδὴ-νήπιός
978 4963 1092 5032 ειμι
1116 4961 1299 5032 ἀκμὴν
1327 4961 1385 5014 ὲν
1409 4963 1526 5025 ταῖς
1555 4960 1792 5022 ἐντολαῖς

1963 4957 2055 5014 26.
2079 4955 2147 5013 Ει
2182 4955 2311 5027 quia
2343 4951 2529 5009 infans
2557 4964 2679 5007 sum
2713 4947 2892 5003 adhuc
2928 4944 2983 5001 in
3018 4938 3290 4998 mandatis
3320 4935 3447 4999 tuis.

229 5073 351 5122 σου,
375 5055 684 5127 κατήχησόν
715 5071 802 5126 με,
831 5054 882 5108 τί
912 5054 973 5108 τὺ
999 5053 1201 5108 τέλειον
1226 5054 1320 5107 καὶ
1364 5053 1653 5125 εὐάρεστον
1709 5054 1791 5105 ὲν-

1893 5051 2104 5105 instrue
2137 5063 2241 5113 me,
2268 5044 2398 5117 quid
2443 5041 2736 5114 perfectum
2774 5049 2827 5094 ct
2858 5036 3114 5109 placitum
3149 5033 3221 5089 sit
3269 5045 3468 5088 coram.

227 5144 400 5198 ώπιόν
425 5160 538 5199 σου.
1899 5151 1969 5197 te.

1146 5320 1448 5383 Addenda
1483 5330 1543 5382 et
1588 5319 1976 5399 corrigenda.
2014 5338 2090 5381 ex
2150 5319 2286 5381 cod.
2343 5315 2543 5377 Vatic.

309 5489 384 5555 (1)
420 5489 662 5551 'Eauzdv,
687 5498 790 5544 etc.

1970 5483 2044 5550 (6)
2073 5485 2140 5538 N.
2168 5485 2258 5544 20,
2291 5483 2381 5536 21.
2416 5482 2558 5542 ”Οτι,
2584 5489 2706 5555 etc.
2759 5492 2936 5555 usque
2974 5478 3038 5530 ad
3088 5477 3153 5555 ’ἐν
3215 5473 3356 5555 ξμοί.
3382 5473 3448 5554 Νὶ

423 5544 732 5631 ’Λνεδόησα,
761 5569 868 5631 etc.
979 5629 996 5631 η
1255 5628 1274 5631 Α
1375 5629 1381 5631 _
1900 5544 1995 5631 22ζΔ
2024 5544 2109 5608 25.
2159 5556 2280 5631 ’.Οτι
2317 5570 2398 5631 σοι
2427 5551 2772 5631 προσήγαγον
2827 5544 2876 5631 τ.
2907 5544 3328 5631 ψιμλξτιηάπδη
3359 5545 3454 5600 τοῦ

416 5615 730 5701 Πλήρωσον,
756 5630 947 5701 Κύριε,
973 5629 1105 5701 ὅπερ
1132 5628 1382 5698 αἰτοῦμαί
1421 5647 1497 5682 σε.
1903 5626 2120 5688 σκότους
2147 5625 2259 5693 εἰμὶ
2291 5622 2398 5701 των
2421 5615 2650 5701 πρώτων
2683 5636 2801 5688 μου,
2834 5615 2934 5701 etc.
3056 5618 3147 5701 21ζ
3175 5615 3265 5670 25.
3290 5615 3422 5701 com
3449 5645 3457 5654 -

307 5633 386 5768 fr)
416 5633 725 5752 Πλίγλρωσον,
756 5633 947 5751 Κύριε,
973 5633 1105 5701 ὅπερ
1132 5633 1382 5698 αἰτοῦμαί
1421 5647 1497 5682 σε.
1903 5643 1943 5677 σς

331 5700 385 5763 4)
420 5701 517 5754 Βδε
553 5700 665 5766 υξει
702 5718 768 5770 με
810 5718 890 5770 τ,
924 5709 1025 5754 clc.
1573 5768 1577 5770 _
1656 5767 1677 5770 _
1901 5712 1943 5748 Ill

1903 5633 2120 5688 σκότους
2147 5633 2259 5693 εἰμὶ
2291 5641 2398 5674 των
2424 5633 2650 5690 πρωτων
2683 5636 2801 5688 μου,
2834 5633 2934 5673 etc.
2960 5633 3024 5672 LV.
3056 5633 3147 5679 :4,
3175 5633 3265 5670 zu.
3290 5633 3422 5670 hom
3449 5645 3453 5654 ι

1901 5705 2063 5749 ment.
2094 5711 2253 5750 unus.
2302 5691 2514 5759 ἘξεΜῦ
2542 5708 2626 5760 με,
2673 5700 2798 5753 etc.,
2839 5689 2934 5759 τὴν
2977 5689 3073 5759 σὴν
3119 5687 3453 5753 δεσποτείαν,

242 5840 253 5850 .
307 5771 386 5850 (5.)
435 5767 744 5824 Πιπτόντων
785 5769 876 5823 καὶ
928 5772 1032 5824 ἀπὸ
1083 5769 1304 5830 τούτου,
1359 5773 1450 5824 καὶ
1496 5768 1593 5840 ἐμὲ
1625 5767 1792 5832 οὓτως
1897 5776 2000 5820 etc.

239 5841 525 5894 ἐκπίπτειν
539 5879 554 5908 ,
593 5850 695 5896 etc.
