4142 6482
216 424 366 484 1505

294 545 349 600 ri.
394 548 759 621 Ἀντιλήπτωρ
800 568 899 621 μου
939 552 1031 605 καὶ
1064 552 1266 623 ρύστης
1300 572 1436 625 μου,

294 636 350 689 ὅ.
397 638 836 712 ’Υπερασπιστής
868 659 986 712 μου,
1024 644 1120 697 καὶ
1147 646 1234 698 ἐπ’
1263 645 1409 716 αὐτῷ
1437 646 1675 718 ἤλπισα,

292 728 349 782 6.
390 730 448 783 Ὀ
478 731 797 786 ὑποτάσσων
828 733 919 788 τὸν
951 734 1078 788 λαόν
1112 754 1213 807 μου
1244 739 1328 791 ἐπ’
1358 740 1456 809 ἐμέ
1489 738 1601 811 [ὑπ’
1620 741 1719 809 ὲμὲ
1741 741 1782 813 ].

295 819 349 872 7.
378 819 566 893 Κύριε,
599 824 651 877 τί
685 826 829 877 ἐστιν
869 826 1175 897 ἄνθρωπος,
1200 831 1285 882 ὅτι
1313 831 1593 901 ὲγνὼσΟης
1611 834 1781 905 αὐτῷς

290 903 345 956 8.
386 906 455 959 Ἦ
489 908 598 971 υίὸς
621 909 926 981 ἀνθρώπου,
955 914 1035 966 ὅτι
1073 913 1260 985 λογίζῃ
1292 917 1439 988 αὐτῷ
1483 916 1713 990 [αὐτόν]

288 993 344 1047 9.
386 996 699 1067 Ἀνθρωπος
723 1000 1040 1071 ματαιότητι
1067 1002 1320 1075 ὡμοιώθη
1352 1022 1367 1037 ’

291 1083 381 1139 10.
408 1086 470 1138 Ai
502 1086 700 1157 ἡμέραι
726 1090 889 1143 αὑτοῦ
923 1090 1052 1145 ὡσεὶ
1082 1094 1209 1147 σκιὰ
1243 1097 1568 1165 παράγουσι.

288 1175 380 1228 11.
410 1175 604 1247 Κύριε,
634 1178 809 1232 κλῖνον
834 1182 1118 1250 οὐρανοὺς,
1151 1186 1244 1237 καὶ
1277 1185 1567 1256 κατάϐηθι·

287 1266 375 1319 12.
413 1268 581 1337 “Atla:
607 1270 715 1323 τῶν
748 1272 940 1342 ὀρέων,
968 1275 1061 1328 καὶ
1096 1277 1578 1347 καπνισθῇονται.

291 1357 377 1415 13.
414 1361 724 1431 Ἀστραψον
751 1366 1059 1437 ἀστραπὴν,
1095 1370 1191 1422 καὶ
1215 1374 1497 1441 σκορπιεῖς
1526 1373 1722 1436 αὐτούς

290 1449 375 1503 14.
420 1450 827 1516 Ἐξαπόστειλον
854 1458 920 1509 τά
953 1457 1081 1528 βέλη
1119 1476 1236 1524 σου,
1283 1462 1377 1515 καὶ
1421 1466 1781 1536 συνταράξεις

207 1556 431 1605 αυτους.

1736 961 1748 983 9

290 1627 375 1682 15.
425 1632 831 1698 Ἐξαπόστειλον
859 1636 956 1707 τὴν
986 1640 1142 1711 χεῖρά
1170 1658 1260 1693 σου
1298 1643 1356 1709 ἐξ
1383 1644 1571 1713 ὕψους·

285 1719 371 1773 16.
422 1723 631 1787 Ἐξελοῦ
662 1744 752 1796 με,
787 1728 880 1781 καὶ
915 1729 1077 1799 ῥῦσαί
1105 1749 1172 1801 με
1199 1732 1257 1796 ἐξ
1283 1735 1487 1789 ὑδάτων
1520 1737 1750 1803 πολλῶν,

284 1812 374 1867 17.
420 1815 511 1867 Ἐκ
541 1818 721 1888 χειρὸς
755 1819 888 1873 υίῶν
920 1821 1215 1894 ἀλλοτρίων
1236 1842 1249 1855 ’

286 1904 371 1958 18.
404 1900 502 1959 Ὧν
526 1910 587 1962 τὸ
620 1912 793 1983 στόμα
814 1914 1039 1985 ὲλάλησε
1080 1918 1433 1991 ματαιότητα,

1098 436 1184 490 DE
1225 434 1501 491 TITULIS
1540 435 1994 493 PSALMORUM.
2030 469 2099 479 —
2139 436 2331 494 PSAL.
2386 440 2607 496 CXLIII.

3321 448 3457 505 1⁸506

1815 556 1864 614 Α
1960 553 2013 607 4.
2050 553 2344 627 Susceptor
2377 572 2534 613 meus
2553 567 2607 613 et
2630 557 2887 614 liberator
2919 575 3106 627 meus,

1963 647 2016 701 5.
2052 646 2329 704 Protector
2360 665 2535 713 meus,
2570 660 2625 707 et
2654 650 2709 705 in
2741 653 2858 722 ipso
2879 656 3130 725 speravi,

1962 730 2016 785 6.
2059 731 2163 797 Qui
2197 733 2378 788 subdit
2405 736 2663 804 p0pulum
2703 752 2885 792 meum
2913 741 3014 795 sub
3044 757 3150 795 me.

1961 821 2014 875 7.
2059 821 2306 889 Domine,
2332 826 2461 895 quid
2489 838 2571 882 est
2602 829 2785 893 homo,
2819 831 2945 901 quia
2986 832 3268 891 innotuisti
3296 838 3380 892 ei?

1960 910 2013 965 8.
2051 912 2157 966 Aut
2179 913 2322 969 Iilius
2346 916 2599 980 hominis,
2630 919 2754 987 quia
2783 930 3002 989 reputas
3022 924 3186 977 eum?

1962 1002 2015 1057 9.
2052 1002 2226 1058 lIomo
2260 1007 2482 1060 vanitati
2516 1010 2710 1064 similis
2742 1009 2915 1066 factus
2950 1022 3031 1067 est
3060 1033 3071 1067 :

1959 1094 2047 1147 10.
2084 1093 2205 1150 Dies
2228 1096 2346 1163 ejus
2372 1099 2514 1153 sicut
2540 1100 2731 1155 umbra
2758 1111 3101 1171 praetereunt.

1960 1184 2046 1237 11.
2086 1183 2331 1251 Domine,
2366 1188 2564 1244 inclina
2592 1192 2758 1246 cazlos
2783 1234 2797 1258 ,
2839 1203 2893 1247 et
2923 1194 3188 1251 descende
3217 1212 3231 1250 :

1963 1273 2045 1327 12.
2082 1272 2266 1346 Tange
2291 1288 2521 1344 montes,
2549 1289 2601 1334 et
2633 1281 2996 1351 fumigabunt.

1960 1364 2045 1419 15.
2084 1364 2320 1437 Fulgura
2357 1372 2792 1427 coruscationem
2820 1415 2834 1439 ,
2884 1384 2937 1431 et
2991 1376 3284 1448 dissipabis
3315 1394 3411 1435 eos
3441 1395 3459 1439 .‘

1960 1458 2046 1511 M.
2086 1456 2285 1516 Emitte
2319 1463 2543 1532 sagittas
2571 1474 2713 1532 tuas,
2738 1476 2792 1522 et
2825 1470 3176 1527 conturbabis
3199 1486 3314 1527 eos.

1957 1655 2046 1710 15.
2076 1654 2279 1713 Emitte
2310 1675 2531 1716 manum
2574 1670 2724 1719 tuam
2754 1666 2821 1721 de
2860 1668 2969 1725 alto
3007 1688 3019 1723 :

1960 1747 2044 1803 16.
2081 1748 2243 1821 Eripe
2273 1769 2380 1819 me,
2413 1764 2465 1809 et
2489 1756 2655 1812 libera
2690 1774 2777 1813 me
2799 1759 2865 1815 de
2887 1762 3042 1832 aquis
3066 1764 3251 1820 multis
3272 1807 3286 1830 ,

1959 1839 2046 1894 I7.
2084 1841 2158 1896 De
2186 1859 2349 1902 manu
2376 1846 2614 1903 filiorum
2638 1850 2939 1906 alienorum
2964 1870 2979 1907 :

1813 1928 1856 1982 Β
1956 1929 2042 1984 18.
2080 1930 2324 1999 Quorum
2361 1952 2422 1993 os
2453 1939 2692 1995 locutum
2730 1952 2813 1998 est
2851 1945 3175 2011 vanitatem,

1326 2076 1699 2136 ATHANASII
1740 2080 2306 2148 INTERPRETATIO

282 2228 332 2282 4.
385 2229 556 2303 Ὑπὲρ
581 2229 712 2301 ἐμοῦ
746 2230 932 2287 ὲδίδων
958 2232 1021 2305 [ὁ
1059 2235 1267 2308 διδοὺς]
1322 2238 1399 2308 (1)
1444 2240 1634 2296 ἑαυτὸν
1677 2243 1781 2308 ἕως

205 2320 461 2386 οανάτου,
498 2324 591 2375 καὶ
616 2323 876 2394 ρυὁμενός
907 2342 994 2397 με.

278 2413 335 2495 5.
359 2412 619 2483 Πρόνοιάν
650 2430 751 2483 μου
778 2417 1032 2480 ποιεῖται,
1059 2418 1152 2471 καὶ
1173 2420 1353 2472 πᾶσαν
1373 2420 1471 2492 τὴν
1508 2424 1779 2497 μέριμνάν

206 2523 312 2577 μου
334 2492 432 2557 Ὶὲπ⁹
456 2506 618 2559 αὐτὸν
640 2506 931 2580 ὲπέῥριψα.

278 2594 331 2649 6.
377 2596 436 2648 '0
462 2596 673 2667 ἐκχύων
698 2615 763 2669 με
786 2598 863 2670 (2)
893 2600 1216 2665 ὑποπιάζειν
1246 2620 1348 2672 μου
1378 2604 1437 2657 τὸ
1478 2604 1657 2676 σῶμα,
1688 2611 1781 2663 καὶ

197 2686 567 2756 δουλαγωγεῖν
600 2689 751 2743 αὐτό.

277 2779 328 2835 7.
354 2780 547 2850 Κύριε,
583 2782 636 2833 τί
683 2782 830 2834 ἐστιν
863 2781 937 2851 (3)
979 2781 1285 2856 ἄνθρωπος,
1318 2785 1399 2837 ὃτι
1435 2788 1781 2858 κατηξίωσας

200 2873 355 2943 αὖτῷ
388 2872 619 2943 ὀφθῆναι
648 2875 738 2927 ἐπὶ
768 2873 867 2944 τῆς
899 2875 1041 2945 γῆς;

275 2965 328 3020 8.
369 2966 439 3017 Ἦ
467 2966 518 3017 τί
546 2967 661 3018 ἐστι
696 2966 769 3036 (1)
805 2966 968 3020 πάλιν
1016 2968 1131 3031 υἱὸς
1180 2969 1373 3038 πηλοῦ,
1413 2971 1495 3024 ὅτι
1523 2973 1622 3025 οὐκ
1657 2976 1779 3027 ἐπι-

198 3056 483 3120 λανθάνεις
504 3056 690 3125 αὑτοῦ,
706 3058 1063 3123 ἀδιαλείπτως
1084 3061 1176 3113 καὶ
1201 3062 1456 3131 πρόνοιαν
1484 3065 1648 3117 αὐτοῦ
1690 3084 1779 3118 το-

201 3150 411 3211 σαύτην
440 3149 761 3220 ποιούμενος
782 3167 795 3215 ;

274 3243 329 3297 9.
362 3243 632 3305 Ἕκαστος
681 3242 786 3295 τῶν
832 3240 1133 3315 ἀνθρώπων
1201 3243 1279 3315 τῷ
1346 3246 1537 3318 κόσμῳ
1608 3250 1780 3323 τούτῳ

195 3332 480 3405 ὡμοιώθη.

273 3426 361 3480 10.
394 3427 716 3497 Ἀνωφελείς
741 3428 834 3480 καὶ
859 3429 1242 3485 ἀνυπόστατοι.

277 3518 363 3570 11.
394 3517 583 3587 Κύριε,
619 3517 805 3579 κλίνας
840 3533 933 3569 σου
968 3518 1096 3579 τοὺς
1129 3519 1426 3588 οὐρανοὺς,
1477 3520 1597 3573 ἐλθὲ
1640 3521 1775 3595 πρὸς

198 3612 371 3681 itii:-

270 3703 358 3756 l9...
385 3703 617 3773 Πλησίον
648 3703 806 3774 μόνον
837 3701 994 3772 γενοῦ
1029 3702 1138 3756 τῶν
1167 3704 1426 3758 ἐναντίων
1468 3703 1773 3775 δυνάμεων,

201 3796 297 3850 καὶ
328 3794 528 3859 εὐθέως
557 3793 811 3866 ἄρξονται
838 3794 1297 3863 καταφλέγεσθαι.

275 3889 360 3942 15.
410 3886 668 3959 ὐράθητι
711 3886 870 3956 μόνον
898 3886 989 3938 ἐπὶ
1021 3887 1120 3956 τῆς
1160 3886 1284 3955 γῆς,
1320 3888 1415 3940 καὶ
1451 3886 1773 3957 θεασάμενοι

197 3981 259 4033 τὸ
283 3978 640 4045 ἀπαύγασμα,
682 3978 761 4037 εἰς
802 3974 899 4045 τὴν
924 3974 999 4045 (5)
1051 3975 1156 4044 γῆν
1193 3981 1482 4031 πεσοῦνται
1532 3978 1635 4031 ὑπὸ
1667 3978 1773 4030 τῶν

198 4072 297 4126 ἀνθ
307 4069 522 4141 ρώπων.

274 4167 361 4222 1-1.
398 4164 738 4219 Ἀπόστειλον
777 4165 901 4227 τοὺς
928 4163 1261 4226 ἀποστόλους
1295 4180 1388 4217 σου
1433 4165 1551 4218 κατ’
1594 4165 1771 4219 αὐτῶν

196 4257 514 4330 ἡκονημένη
543 4253 657 4327 [ὡς
688 4254 816 4325 βέλη
849 4254 1199 4327 ἠκονημένα]
1233 4256 1328 4324 (6),
1360 4255 1501 4320 ὀξεῖς
1524 4255 1682 4319 ὄντας
1702 4259 1767 4326 τῇ

197 4352 381 4423 χάριτι
415 4348 509 4401 τοῦ
540 4348 695 4415 ἁγίου
728 4346 1041 4418 Πνεῦματος
1064 4387 1079 4411 ,
1120 4349 1214 4402 καὶ
1248 4348 1494 4411 ἀσθενεῖς
1540 4349 1620 4413 είς
1669 4350 1769 4402 αὑ-

195 4442 327 4503 τοὺς
360 4438 681 4511 ποιήσωσιν.

270 4532 358 4588 15.
388 4531 479 4602 Τῷ
512 4530 631 4601 Θεῷ
684 4530 857 4601 Πατρὶ
905 4530 1066 4583 πάλιν
1123 4529 1485 4602 προσεύχεται
1540 4530 1714 4600 λέγων
1749 4548 1765 4563 ο

197 4622 422 4694 Πέμψον
444 4621 535 4674 τὸν
559 4620 687 4674 Υἰόν
715 4638 808 4673 σου
838 4623 901 4674 ὲκ
931 4621 1041 4674 τῶν
1070 4621 1239 4690 ἁγίων
1283 4638 1377 4675 σου
1409 4621 1737 4692 ὑψωμάτων.

1959 2251 2013 2306 4.
2049 2249 2155 2306 Pro
2197 2269 2283 2308 me
2315 2255 2463 2311 dedit
2505 2273 2564 2314 se
2606 2261 2784 2331 ipsum
2819 2281 2989 2336 usque
3025 2269 3091 2323 ad
3132 2281 3378 2337 mortem,
3404 2284 3458 2329 et

1884 2340 2132 2397 liberavit
2162 2359 2268 2400 me.

1958 2433 2011 2487 5.
2043 2434 2297 2492 Providet
2321 2439 2475 2505 mihi,
2504 2450 2557 2497 et
2578 2457 2679 2514 ego
2698 2459 2916 2503 omnem
2946 2464 3131 2505 curam
3161 2470 3335 2510 meam
3364 2476 3458 2513 su-

1884 2538 1978 2592 per
2010 2524 2187 2594 ipsum
2222 2530 2447 2598 projeci.

1955 2622 2007 2669 b.
2042 2616 2421 2675 Corrohorans
2458 2638 2574 2688 me,
2625 2637 2682 2681 ut
2723 2632 2980 2703 castigem
3011 2650 3207 2707 corpus
3251 2656 3456 2707 meum,

1882 2716 1938 2762 et
1968 2708 2146 2778 ipsum
2178 2710 2230 2764 in
2260 2714 2573 2770 servitutem
2603 2720 2861 2789 redigam.

1958 2799 2006 2853 7.
2049 2799 2277 2857 Domine
2307 2844 2322 2869 ,
2368 2806 2498 2875 quid
2545 2818 2627 2864 est
2665 2811 2864 2880 homo,
2909 2817 3052 2885 quod
3100 2818 3353 2890 dignatus
3396 2842 3456 2882 es

1884 2890 1985 2960 ipsi
2010 2892 2348 2949 manifestari
2380 2912 2545 2968 super
2574 2911 2716 2958 terra
2742 2905 2765 2959 ἲ

1955 2981 2006 3036 8.
2047 2982 2155 3039 Aut
2187 2986 2317 3055 quid
2362 3003 2555 3044 rursus
2582 3001 2668 3046 est
2698 2994 2841 3050 ﬁlius
2887 2997 2985 3051 Iuti
3008 3040 3023 3063 ,
3060 3006 3319 3071 quoniam
3349 3025 3454 3062 non

1885 3073 2224 3130 Oblivisceris
2277 3079 2458 3147 illius,
2509 3090 2561 3135 et
2604 3082 2973 3143 indesinenter
3004 3101 3203 3147 tantam
3237 3096 3303 3150 de
3337 3099 3455 3167 ipso

1883 3181 2067 3220 curam
2112 3167 2278 3224 habes
2305 3170 2328 3223 ?

1954 3259 2007 3313 9.
2048 3258 2438 3333 Unusquisque
2485 3264 2770 3323 hominum
2820 3271 2950 3328 huic
2993 3276 3198 3333 mundo
3239 3282 3457 3335 assimi-

1805 3352 1846 3407 C
1881 3350 2023 3405 latur

1952 3442 2035 3495 10.
2072 3442 2295 3497 Inutiles
2329 3454 2495 3514 atque
2526 3448 2831 3508 instabiles.

1950 3533 2036 3585 11.
2070 3532 2319 3597 Domine,
2361 3536 2632 3595 inclinans
2667 3545 2835 3602 cmlos
2860 3555 2981 3604 tuos
3014 3551 3135 3606 veni
3167 3553 3232 3608 ad
3258 3570 3375 3613 nos.

1950 3710 2034 3764 12.
2070 3711 2244 3783 Prope
2282 3725 2659 3775 tantummodo
2696 3724 2794 3778 [ias
2827 3729 3118 3783 contrariis
3165 3733 3447 3799 potestati-

1876 3802 1998 3867 bus,
2022 3812 2073 3859 et
2108 3808 2289 3861 statim
2329 3809 2588 3879 incipient
2617 3813 2886 3867 comburi.

1948 3895 2037 3951 15.
2070 3898 2283 3967 Appare
2330 3902 2507 3956 solum
2550 3903 2603 3957 in
2639 3914 2801 3971 terra,
2835 3916 2887 3961 et
2923 3906 3166 3966 videntes
3199 3912 3455 3982 splendo-

1875 3998 1988 4039 rem
2021 3988 2216 4043 cadent
2258 3989 2313 4043 in
2357 4002 2557 4048 terram
2591 3996 2695 4051 sub
2730 3998 3067 4059 hominibus.

1944 4168 2027 4222 M.
2056 4169 2206 4225 Mitte
2234 4175 2517 4242 apostolos
2558 4186 2703 4238 tuos,
2732 4178 2895 4231 veluti
2925 4178 3029 4233 tela
3060 4192 3285 4233 exacuta
3320 4196 3452 4236 cnn-

1873 4266 1955 4311 tra
2005 4263 2223 4316 easdem
2272 4275 2606 4333 potestates,
2665 4278 2861 4323 acutos
2911 4272 3235 4327 exsisteutes
3278 4273 3449 4344 gratia

1872 4354 2050 4407 sancti
2093 4352 2353 4425 Spiritus,
2387 4367 2441 4412 et
2470 4358 2714 4413 inﬁrmas
2756 4360 2811 4414 in
2849 4362 2994 4431 ipsos
3027 4364 3269 4419 reddent.

1945 4529 2027 4583 I5.
2065 4529 2234 4587 Deum
2276 4534 2490 4590 Patrem
2531 4552 2728 4592 rursus
2768 4546 2888 4592 orat
2916 4538 3103 4593 dicens
3136 4558 3147 4594 :
3178 4538 3327 4597 Mitte
3357 4541 3446 4596 Fi-

2135 4642 2187 4680 m
2220 4642 2286 4681 ex
2316 4629 2522 4685 sanctis
2555 4630 2665 4684 tuis
2694 4630 3097 4687 altitudinibus.

271 4689 359 4768 16.
406 4711 801 4783 Ἐλευθέρωσόν
830 4729 894 4784 με
920 4689 1163 4767 διἀὐτοῦ
1192 4714 1300 4767 ἀπὸ
1323 4714 1430 4768 τῶν
1448 4689 1770 4785 πνευμάτων

1948 4717 2034 4771 16.
2076 4717 2269 4773 Libera
2300 4734 2387 4773 me
2422 4735 2517 4789 per
2552 4720 2728 4789 ipsum
2764 4735 2791 4775 a
2827 4721 3106 4791 spiritibus
3139 4723 3255 4779 istis
3285 4724 3444 4781 malis

199 4805 406 4860 τούτων
463 4802 708 4875 πονηρῶν
745 4804 820 4875 (7)
864 4804 972 4857 τῶν
1012 4805 1240 4869 πολλῶν,
1284 4805 1392 4861 τῶν
1448 4805 1771 4877 βυθιζόντων

202 4918 241 4970 μ
269 4987 359 5040 17.
405 4983 501 5039 Ἐκ
544 4986 640 5055 τῆς
675 4984 991 5048 δυναστείας
1026 4984 1131 5039 τῶν
1166 4984 1297 5040 υἱῶν
1340 4986 1433 5040 τοῦ
1483 4984 1719 5057 πονηροῦ
1750 5027 1765 5050 ,

195 5080 304 5132 τῶν
334 5078 589 5131 ἐναντίων
624 5077 905 5147 δυνάμεων
931 5093 943 5105 ·

271 5169 358 5223 18.
387 5163 487 5220 Ὧν
512 5170 544 5238 ἡ
576 5167 892 5223 διδασκαλία
939 5170 1088 5221 πᾶσα
1119 5168 1272 5222 οὐδὲν
1318 5168 1579 5233 ζωοποιὺν
1613 5168 1725 5240 ἔχει
1752 5207 1766 5234 ,

198 5262 336 5315 ἀλλὰ
387 5261 563 5314 πάντα
592 5260 667 5331 (8)
709 5262 788 5323 εἰς
812 5259 1107 5331 διαφθορὰν
1136 5260 1229 5314 καὶ
1261 5259 1555 5313 ἀπώλειαν.

1872 4812 1926 4857 et
1954 4804 2162 4867 multis,
2185 4804 2663 4876 submergentibus
2697 4820 2804 4861 me.

1941 4978 2029 5032 17.
2059 4976 2100 5031 E
2131 4987 2399 5049 potestate
2436 4978 2674 5033 ﬁliorum
2720 4978 2974 5049 improbi,
3000 4978 3104 5033 hoc
3131 4990 3213 5035 est
3247 4997 3275 5035 a
3310 4997 3440 5037 con-

1869 5070 2052 5125 trariis
2078 5069 2438 5140 Potestatibus
2464 5087 2475 5122 :

1949 5164 2033 5218 l8.
2066 5162 2308 5230 Quarum
2356 5161 2532 5216 omnis
2576 5162 2820 5217 doctrina
2861 5161 2992 5215 nihil
3025 5162 3300 5217 viviticans
3345 5165 3438 5218 ha-

1876 5256 1986 5320 bet,
2024 5256 2117 5311 sed
2151 5255 2334 5311 omnia
2372 5255 2427 5309 in
2457 5256 2857 5325 corruptionem
2888 5263 2943 5310 et
2966 5256 3209 5310 exitium.

1104 5416 1412 5478 Addenda
1468 5422 1529 5477 et
1584 5412 1959 5493 corrigenda
2019 5430 2099 5474 ex
2149 5410 2289 5473 cod.
2326 5410 2524 5473 Vatic.

297 5572 346 5637 I)
379 5567 549 5629 Δίὸον,
585 5573 689 5620 etc.
732 5564 835 5633 leg.
872 5559 1043 5624 διδούς
1070 5571 1164 5616 aut
1184 5559 1363 5623 διδῶν,
1390 5560 1543 5615 deest
1568 5576 1654 5629 με.

267 5568 346 5709 ίὲ)
392 5641 449 5693 'U
471 5636 732 5709 ἐνισχύων
768 5651 858 5705 με,
888 5642 989 5688 etc.
1082 5703 1094 5709 _
1142 5702 1154 5709 _
1235 5701 1248 5709 ι
1301 5700 1359 5709 __
1554 5708 1557 5709 ν

269 5639 346 5709 (ἓ)
392 5641 449 5693 'U
471 5639 732 5706 ἐνισχύων
768 5651 858 5705 με,
888 5642 989 5688 etc.
1235 5701 1248 5713 .
1335 5700 1359 5711 θ

269 5712 348 5781 (5)
379 5708 676 5781 Κύριῃτίς
700 5708 868 5767 ἐστιν,
899 5702 1197 5781 «δίθηαὺτὸν
1225 5700 1477 5771 οφθηναι,
1512 5708 1621 5754 etC.

267 5772 341 5849 (ἢ
372 5781 441 5854 “il
465 5772 701 5854 τίςὲστι,
742 5786 845 5854 etc:
874 5772 1199 5854 πεποίησαις
1390 5840 1399 5853 ⁹

269 5842 345 5924 (5)
389 5849 750 5919 Ἀπαύγασμα
783 5846 876 5916 τῆς
906 5842 1067 5915 δόξης
1092 5845 1184 5897 τοῦ
1231 5842 1517 5917 προσώπου
1552 5857 1644 5895 σου
1679 5842 1759 5903 είς

1872 5566 2483 5696 τηῖὼθξῗίκονημένους,
2515 5634 2645 5691 etc.,
2680 5623 2924 5690 ἀσθενεῖς
2960 5624 3151 5688 αὐτοὺς
3183 5623 3432 5685 ποιήσου-

1910 5714 1974 5749 ιν.

1874 5714 1904 5749 σ
1939 5765 2015 5838 (7)
2048 5766 2268 5819 Τούτων
2304 5768 2409 5822 τῶν
2442 5766 2709 5838 πονηρῶν,
2744 5778 2851 5825 etc.

1965 5767 2015 5833 7)
2048 5767 2268 5819 Τούτων
2304 5768 2409 5822 τῶν

1939 5767 2017 5912 E8)
2059 5837 2292 5903 Πάντας,
2328 5848 2428 5893 etc.
