4142 6476
741 411 876 468 1507

810 531 895 587 19.
933 529 995 585 Et
1022 531 1240 587 dextera
1259 545 1470 594 eorum,
1495 529 1711 585 dextera
1737 529 2061 598 iniquitatis.

807 623 896 676 20.
940 621 1099 687 Deus,
1140 622 1410 677 canticum
1451 637 1648 676 novum
1679 621 1910 676 cantabo
1949 619 2044 672 tibi
2078 637 2092 672 :

807 713 894 766 21.
934 712 988 768 In
1019 714 1277 784 psalterio
1311 712 1647 768 decachordo
1677 711 1905 781 psallam
1937 710 2053 765 tibi.

806 803 897 859 22.
930 803 1032 870 Qui
1058 805 1158 858 das
1185 803 1412 858 salutem
1443 803 1698 872 regibus:

806 892 894 948 23.
927 891 1028 958 Qui
1069 892 1347 948 redemisti
1379 890 1550 945 David
1581 906 1801 946 servum
1840 899 1991 944 tuum
2023 889 2088 944 de
2125 889 2305 960 gladio

739 987 979 1056 maligno
1004 985 1281 1058 [liberabit
1301 984 1471 1057 eum].

803 1078 892 1132 24.
933 1076 1090 1146 Eripe
1119 1091 1222 1142 me,
1251 1084 1304 1130 et
1335 1091 1467 1131 erue
1495 1091 1582 1129 me
1604 1074 1670 1129 de
1702 1090 1863 1130 manu
1903 1075 2141 1129 ﬁliorum
2173 1073 2304 1127 alie-

737 1183 933 1222 norum
966 1185 979 1220 ζ

805 1258 895 1314 25.
927 1257 1167 1325 Quorum
1193 1274 1254 1314 os
1275 1258 1515 1313 locutum
1539 1267 1622 1312 est
1648 1259 1936 1312 vanitatem
1953 1297 1968 1322 ,

804 1349 893 1404 26.
927 1349 991 1403 Et
1015 1349 1236 1404 dextera
1269 1363 1479 1414 eorum,
1511 1350 1728 1405 dextera
1765 1349 2089 1418 iniquitatis.

805 1437 892 1493 27.
927 1438 1172 1504 Quorum
1198 1438 1291 1494 tilii
1316 1439 1459 1494 sicut
1480 1441 1706 1494 novella:
1731 1439 2098 1508 plantationes
2126 1437 2179 1491 in
2216 1437 2301 1506 ju-

735 1540 952 1586 ventute
978 1547 1097 1586 sua.

803 1623 894 1678 28.
928 1622 1078 1680 Filia:
1124 1639 1315 1680 eorum
1371 1622 1727 1693 compositae,
1783 1621 2200 1676 circumornata:
2247 1626 2306 1673 ut

737 1714 1035 1770 similitudo
1069 1715 1277 1784 templi.

807 1804 897 1859 29.
935 1804 1312 1875 Prompluaria
1335 1821 1522 1861 eorum
1547 1807 1728 1875 plena,
1765 1803 2072 1861 eructantia
2103 1818 2168 1856 ex
2193 1801 2298 1856 hoc

736 1896 791 1950 in
834 1896 989 1952 illud.

803 1985 892 2042 50.
929 1986 1068 2044 Oves
1099 2002 1288 2044 eorum
1330 1986 1570 2054 fmtosze,
1620 1987 1960 2042 abundantes
1985 1983 2040 2036 in
2065 1981 2302 2052 egressi-

735 2077 838 2132 bus
866 2078 982 2133 suis
1006 2095 1019 2131 :

1600 410 1657 466 S.
1700 409 2070 466 ATHANASII
2113 407 2260 464 ΟΡΡ.
2311 408 2495 463 PARS
2535 406 2619 461 Ill.
2662 436 2728 446 —
2759 404 3163 461 EXEGETICA.

3841 403 3960 457 1308

2328 532 2375 586 Α
2477 527 2559 580 19.
2599 526 2703 578 Kal.
2733 526 2764 594 ὴ
2799 523 2950 589 δεξιά
2977 520 3156 576 αὐτῶν
3184 521 3332 585 δεξιά
3356 520 3594 582 ἀδικίας.

2476 619 2566 672 20.
2604 617 2660 670 '0
2691 617 2845 679 Θεὸς,
2874 615 3014 686 ᾠδὴν
3047 613 3239 684 καινὴν
3267 612 3465 683 ᾁσομαί
3505 629 3608 665 σοι.

2473 711 2562 764 21.
2602 713 2688 764 Ἑν
2718 708 3000 780 ψαλτηρίῳ
3030 707 3338 778 δεκαχόρδῳ
3367 704 3522 773 ψαλῶ
3555 718 3659 756 σοι’

2476 804 2565 857 22.
2603 803 2691 873 Τῷ
2719 803 2911 855 διδόντι
2938 799 3034 870 τὴν
3059 798 3328 868 σωτηρίαν
3357 799 3468 858 τοῖς
3496 792 3774 864 βασιλεῦσι
3813 809 3828 823 ο

2474 896 2564 950 25.
2598 895 2687 965 Τῷ
2733 891 3086 964 λυτρουμένῳ
3116 890 3276 943 Δασὶδ
3323 889 3412 942 τὸν
3456 887 3640 941 δοῦλον
3693 883 3854 938 αὐτοῦ
3905 887 3958 935 ἐκ

2408 987 2677 1057 ῥομφαίας
2710 986 2952 1054 πονηρᾶς
2985 982 3244 1054 [ῥύσεται
3274 979 3493 1051 αὑτόν].

2476 1077 2562 1129 21.
2606 1076 2794 1129 Ῥῦσαί
2825 1092 2913 1146 με,
2950 1075 3041 1126 καὶ
3070 1072 3254 1138 ἐξελοῦ
3297 1089 3362 1141 με
3406 1074 3470 1123 ἐκ
3510 1071 3688 1142 χειρὸς
3719 1068 3848 1120 υἱῶν
3877 1067 3958 1118 άλ-

2407 1168 2635 1240 λοτρίων
2663 1187 2674 1197 ·

2478 1259 2568 1311 25.
2606 1252 2706 1310 Ὧν
2742 1257 2802 1309 τὸ
2833 1256 3005 1324 στόμα
3039 1255 3264 1326 ὲλάλησε
3305 1268 3637 1324 ματαιοτητα
3676 1289 3690 1312 ,

2478 1347 2568 1400 26.
2601 1347 2709 1400 Kal
2737 1349 2769 1417 ἡ
2800 1346 2948 1410 δεξιά
2979 1347 3156 1399 αὐτῶν
3182 1343 3331 1410 δεξιά
3362 1343 3596 1405 ἀδικίας.

2474 1437 2564 1492 27.
2604 1431 2702 1490 Ὧν
2735 1438 2784 1489 οί
2815 1438 2921 1491 υίοὶ
2953 1437 3129 1491 αὐτῶν
3163 1436 3237 1500 ὡς
3257 1436 3488 1504 νεόφυτα
3515 1433 3773 1504 ἱδρυμένα
3815 1432 3870 1484 ὲν
3899 1434 3954 1499 τῇ

2407 1529 2616 1598 νεότητι
2647 1527 2845 1581 αὐτῶν.

2473 1620 2562 1673 28.
2598 1621 2662 1672 Αἱ
2693 1619 2990 1693 Θυγατέρες
3013 1619 3190 1672 αὐτῶν
3236 1616 3765 1686 κεκαλλωπισμέναι,
3821 1631 3958 1684 περι-

2404 1712 2812 1784 κεκοσμημέναι
2847 1713 2920 1781 (α)
2951 1710 3026 1774 ὡς
3049 1711 3298 1781 ὁμοίωμα
3332 1709 3484 1762 ναοῦ.

2475 1804 2564 1859 29.
2599 1805 2678 1856 Ta
2719 1808 2939 1875 ταμιεῖα
2986 1802 3163 1856 αὐτῶν
3199 1803 3379 1873 πλήρη
3406 1841 3420 1866 ,
3472 1798 3869 1871 ἐξερευγόμενα
3907 1799 3959 1848 ἐκ

2336 1888 2378 1942 Β
2407 1893 2596 1946 τούτου
2630 1895 2706 1956 εἰς
2738 1893 2914 1948 τοῦτο.

2480 1983 2570 2040 50.
2602 1982 2683 2035 Τὰ
2712 1983 2958 2052 πρόϐατα
2987 1981 3166 2036 αὐτῶν
3198 1981 3468 2034 πολυτόκα
3491 2021 3506 2045 ,
3538 1979 3871 2052 πληθύνοντα
3911 1995 3961 2030 εν

2409 2077 2530 2138 ταῖς
2562 2074 2760 2138 ἐξόδοις
2793 2075 2970 2128 αὐτῶν
2986 2091 2999 2106 ο

803 2189 880 2258 (a)
917 2184 1069 2242 Vers.
1099 2187 1190 2250 29,
1221 2185 1762 2257 Περικεκοσμημέναι
1793 2184 1870 2247 ὡς
1909 2182 2159 2254 ὁμοίωμα
2188 2178 2498 2252 ἀνθρώπου.
2537 2182 2691 2237 Vers.
2726 2184 2816 2248 50,
2846 2185 2926 2238 Τὰ
2959 2187 3204 2256 ταμιεῖα,
3234 2193 3341 2242 etc.

1845 2301 2224 2358 ATIIANASII
2262 2296 2852 2360 lNTEllPRETATlO.

807 2393 892 2451 19.
935 2392 1054 2450 Non
1093 2395 1271 2451 solum
1301 2395 1522 2452 sinistra
1561 2412 1749 2452 earum
1798 2396 2030 2466 perditio
2061 2403 2165 2458 est,
2203 2392 2298 2448 sed

733 2487 896 2542 etiam
927 2502 1117 2542 earum
1152 2487 1376 2541 dextera
1407 2503 1555 2542 mors
1577 2488 1810 2543 exsistit.

802 2579 895 2636 20.
925 2579 1220 2643 Mundum,
1257 2579 1662 2635 immaculatum
1690 2580 1756 2635 de
1793 2580 2046 2651 passione
2081 2590 2192 2633 tua.

805 2671 896 2727 21.
934 2671 1114 2725 Gratia
1165 2674 1338 2727 sancti
1389 2672 1624 2742 Spiritus
1677 2674 1732 2726 in
1788 2674 1976 2726 decem
2020 2670 2301 2741 praeceptis

735 2761 1022 2834 perticiens
1052 2777 1138 2816 me
1165 2762 1366 2832 ipsum,
1391 2761 1708 2832 gloriﬁcabo
1737 2770 1788 2816 te
1821 2761 1980 2817 bonis
2019 2759 2296 2831 operibus.

804 2939 895 2993 22.
935 2938 1038 3006 Qui
1076 2938 1318 2994 vivificas
1349 2940 1522 3009 gratia
1550 2949 1640 2993 tua
1668 2947 1890 2993 sanctos
1928 2947 2216 3007 regnantes
2248 2938 2299 2988 in

2481 2394 2566 2448 19.
2592 2396 2665 2447 Οὐ
2699 2397 2858 2467 μόνον
2891 2395 2961 2448 τά
2995 2395 3256 2466 ἀριστερὰ
3293 2395 3471 2447 αὐτῶν
3520 2395 3769 2449 ἀπώλειά
3810 2396 3961 2456 ἐστιν,

2406 2485 2541 2540 ἀλλὰ
2570 2487 2661 2540 καὶ
2692 2489 2725 2558 ἡ
2760 2486 2908 2551 δεξιά
2932 2486 3107 2541 αὐτῶν
3131 2486 3361 2540 θανάτου
3395 2486 3472 2554 (1)
3507 2487 3763 2558 ὑπάρχει.

2475 2577 2563 2633 20.
2600 2578 2882 2648 Καθαράν,
2911 2578 3139 2648 ἄμωμον
3173 2577 3310 2647 ὑπὲρ
3345 2575 3438 2628 τοῦ
3478 2578 3685 2641 πάθους
3713 2595 3826 2631 σου.

2476 2668 2564 2722 21.
2610 2667 2697 2722 Ἐν
2724 2672 2788 2740 τῇ
2820 2669 3003 2740 χάριτι
3033 2668 3129 2721 τοῦ
3175 2669 3331 2737 ἁγίου
3389 2668 3711 2738 Πνεύματος
3755 2671 3813 2720 ἐν
3855 2672 3962 2729 ταῖς

2406 2760 2538 2816 δέκα
2587 2761 2830 2825 ἐντολαῖς
2863 2762 3197 2834 καταρτίσας
3255 2760 3510 2831 ἐμαυτὸν,
3545 2760 3756 2826 δοξάσω
3806 2775 3862 2812 σε
3904 2759 3960 2810 δι’

2408 2852 2585 2923 ἔργων
2613 2853 2851 2921 ἀγαθῶν.

2479 2944 2568 3000 22.
2603 2945 2693 3015 Τῷ
2726 2943 3074 3010 ζωοποιοῦντι
3126 2945 3213 2998 διὰ
3249 2945 3350 3016 τῆς
3397 2944 3619 3016 χάριτος
3659 2943 3824 2996 αὐτοῦ
3853 2945 3962 3002 τοὺς

737 3039 879 3082 terra
911 3042 1098 3085 contra
1129 3038 1410 3100 peccatum
1431 3070 1446 3095 ,
1490 3037 1544 3082 et
1593 3031 1645 3081 in
1677 3028 1816 3082 coelo
1861 3029 1914 3081 in
1949 3029 2159 3083 inlinita
2201 3044 2298 3082 επι-
2331 3023 2373 3081 C

2409 3038 2596 3106 ἁγίους
2628 3038 2755 3100 τοὺς
2788 3039 2845 3090 ἐν
2875 3041 2938 3109 τῇ
2974 3041 3044 3109 γῇ
3077 3037 3460 3108 βασιλεύοντας
3495 3036 3638 3090 κατά
3669 3039 3767 3107 τῆς
3798 3038 3962 3108 ἀμαρ-

736 3121 879 3175 cula.

804 3295 893 3348 25.
929 3292 1032 3360 Qui
1062 3293 1281 3349 tradidit
1323 3310 1382 3352 se
1423 3295 1598 3365 ipsum
1631 3296 1794 3351 morti
1829 3297 1883 3350 in
1919 3296 2306 3366 redemptionis

737 3385 972 3456 pretium
1017 3400 1117 3455 pro
1163 3385 1366 3456 populo
1409 3388 1753 3454 desiderato,
1794 3398 1851 3442 ut
1887 3388 2119 3457 eriperet
2144 3403 2245 3442 nos
2275 3402 2306 3441 a

736 3478 974 3532 diabolo.

804 3569 895 3623 24.
939 3567 1154 3634 Libera,
1185 3579 1239 3624 et
1271 3570 1524 3626 abstrabe
1559 3588 1644 3627 me
1669 3587 1700 3627 e
1728 3573 1974 3627 dominio
2005 3573 2308 3627 contraria-

736 3677 858 3716 rum
882 3670 1207 3732 potestatum
1241 3682 1254 3718 :

808 3755 898 3809 25.
930 3754 1172 3821 Quarum
1229 3755 1480 3811 doctrina
1523 3757 1847 3813 disseminat
1895 3759 1950 3812 in
1994 3759 2304 3814 hominibus

737 3846 1106 3916 iniquitatem,
1135 3857 1189 3902 et
1217 3859 1500 3916 peccatum
1530 3868 1543 3903 :

809 3938 901 3994 26.
936 3939 1003 3992 Et
1033 3954 1222 3992 earum
1259 3941 1496 4009 potentia
1558 3941 1673 3995 haec
1701 3951 1817 4007 est,
1861 3951 1922 3996 ut
1963 3942 2167 4012 aliquid
2219 3959 2306 3997 ra-

739 4031 912 4098 niant,
934 4039 988 4084 et
1010 4029 1060 4083 vi
1089 4030 1143 4084 in
1176 4032 1490 4086 servitutem
1524 4033 1792 4102 redigant.

811 4122 900 4176 27.
931 4121 997 4176 Et
1019 4122 1070 4176 in
1102 4123 1583 4192 concupiscentiis,
1616 4133 1670 4177 et
1698 4124 2009 4179 daemonum
2052 4127 2308 4198 iniquita-

739 4213 886 4269 tibus
930 4213 1099 4283 geniti
1150 4212 1432 4266 abundant
1460 4212 1699 4278 divitiis,
1746 4221 1800 4268 et
1841 4214 2047 4282 gloria,
2081 4226 2136 4271 et
2177 4231 2308 4273 con-

737 4305 910 4374 specti
962 4305 1031 4360 ab
1079 4305 1392 4358 hominibus
1450 4305 1503 4358 in
1557 4319 1746 4359 eorum
1804 4304 2020 4361 fallacia
2073 4308 2304 4364 laudan-

739 4406 849 4464 tur,
905 4408 1164 4468 tanquam
1215 4396 1443 4453 novella:
1491 4397 1857 4467 plantationes
1885 4398 2094 4464 valida,
2123 4410 2176 4454 et
2207 4401 2303 4456 tio-

739 4497 943 4543 rentes.

808 4578 899 4633 28.
936 4576 1003 4632 Et
1042 4578 1238 4633 anima:
1272 4593 1462 4633 eorum
1491 4579 1638 4633 omni
1665 4580 1904 4650 pretioso
1932 4581 2133 4636 amictu
2178 4599 2306 4638 coo-

739 4680 927 4742 perta,
969 4679 1024 4724 et
1066 4683 1224 4736 auro,
1265 4677 1322 4723 et
1349 4679 1596 4740 argento,
1640 4681 1694 4725 et
1725 4671 1903 4742 lapide
1930 4675 2169 4743 pretioso
2201 4674 2303 4731 cir-

740 4761 1103 4832 cumstipataa.

811 4853 904 4911 29.
937 4853 1110 4909 Corda
1148 4867 1335 4908 eorum
1378 4853 1535 4925 plena
1575 4855 1722 4909 omni
1757 4855 2058 4926 iniquitate,
2093 4866 2147 4913 et
2175 4873 2301 4928 pec-

741 4955 884 5010 cato,
931 4955 985 5001 et
1029 4961 1096 5001 ex
1146 4961 1257 5001 uno
1309 4947 1557 5018 improbo
1607 4947 1878 5005 desiderio
1924 4960 2209 5006 transeunt
2247 4951 2302 5006 in

740 5037 905 5092 aliam
936 5037 1174 5108 peiorem
1203 5041 1722 5110 concupiscentiam.

810 5129 899 5184 30.
939 5128 1104 5182 Iidem
1138 5130 1389 5184 homines
1418 5145 1540 5184 cum
1584 5131 1789 5199 peccati
1819 5131 1999 5201 cupidi
2046 5133 2186 5194 sint,
2223 5133 2298 5185 in-

742 5231 992 5277 ventores
1019 5229 1146 5275 sunt
1179 5222 1445 5276 malorum
1469 5264 1482 5288 ,
1514 5223 1805 5278 educentes
1834 5241 1865 5278 e
1893 5223 2150 5278 cordibus
2186 5225 2302 5279 suis

741 5325 936 5381 pravas
973 5308 1345 5381 cogitationes.

2407 3130 2544 3194 τίας,
2579 3131 2670 3182 καὶ
2696 3131 2754 3183 ἐν
2778 3129 2990 3200 οὐρανῷ
3017 3133 3096 3195 είς
3139 3131 3214 3199 (2)
3256 3131 3381 3193 τοὺς
3415 3129 3808 3199 ἀτελευτήτους
3849 3126 3962 3181 αἰῶ·

2408 3230 2525 3276 νας.

2478 3303 2568 3356 23.
2606 3300 2696 3372 Τῷ
2740 3303 2995 3357 δεδωιοτι
3045 3303 3237 3356 ἑαυτὸν
3285 3303 3604 3373 ἀντίλυτρον
3646 3302 3725 3371 τῷ
3766 3302 3962 3367 θανάτῳ

2408 3391 2548 3464 ὑπὲρ
2575 3392 2670 3445 τοῦ
2701 3392 2830 3446 λαοῦ
2854 3393 2950 3446 τοῦ
2990 3393 3392 3463 πεποθημένου,
3429 3397 3576 3458 ὅπως
3609 3393 3858 3464 ἐξέληται
3897 3393 3959 3460 (ὅ)

2405 3487 2554 3556 ἡμᾶς
2581 3487 2645 3539 ἐκ
2670 3485 2765 3539 τοῦ
2797 3485 3063 3540 διαϐόλου.

2475 3577 2566 3632 24.
2613 3577 2820 3641 Ῥῦσαι,
2867 3578 2962 3630 καί
3015 3577 3090 3647 (4)
3124 3577 3438 3630 ἀπόσπασόν
3486 3593 3554 3648 με
3597 3577 3663 3629 ἐκ
3692 3577 3794 3645 τῆς
3827 3575 3962 3638 ἐξου-

2410 3669 2530 3732 σίας
2554 3668 2660 3721 τῶν
2693 3669 2947 3723 ἐναντίων
2974 3668 3255 3739 δυνάμεων
3279 3686 3292 3700 ·

2475 3758 2564 3812 25.
2595 3752 2694 3811 Ὧν
2726 3761 2759 3830 ἠ
2788 3758 2975 3828 διδαχὴ
2997 3757 3275 3827 διέσπειρε
3298 3758 3528 3828 ἀνομίαν
3558 3758 3637 3828 (5)
3669 3759 3767 3810 καὶ
3797 3759 3964 3829 ἀμαρ-

2407 3849 2530 3902 τίαν
2558 3851 2616 3902 ἐν
2647 3852 2760 3912 τοῖς
2790 3848 3096 3919 ἀνθρώποις
3122 3865 3136 3878 ο

2477 3940 2568 3994 26.
2605 3939 2709 3992 Kal.
2736 3943 2770 4010 ἡ
2802 3935 3029 4010 δύναμις
3057 3939 3235 3994 αὐτῶν
3275 3941 3413 4013 αὕτη
3464 3941 3635 4005 ἐστὶν,
3671 3943 3724 3995 τί
3775 3942 3858 3994 ἵνα
3883 3941 3965 4008 ἁρ-

2409 4031 2622 4084 πάσωσι
2653 4031 2752 4102 (θ),
2785 4033 2878 4084 καὶ
2909 4031 2999 4103 βίᾳ
3023 4030 3552 4086 καταδουλώσωνται.

2475 4122 2565 4177 27.
2602 4122 2705 4177 Καὶ
2739 4126 2798 4177 ἐν
2825 4126 2942 4186 ταῖς
2978 4122 3294 4193 ἐπιθυμίαις
3324 4125 3418 4176 καὶ
3448 4126 3571 4187 ταῖς
3606 4123 3863 4193 ἀνομίαις
3895 4122 3961 4191 (7)

2407 4215 2514 4269 τῶν
2535 4215 2802 4287 δαιμόνων
2844 4215 3252 4286 γεγεννημένοι,
3293 4213 3583 4284 εὐθηνοῦσι
3631 4213 3848 4283 πλούτῳ
3882 4213 3963 4264 καὶ

2409 4306 2555 4378 δόξῃ,
2589 4304 2855 4377 ὁρώμενοι
2886 4305 3034 4377 παρὰ
3078 4303 3184 4359 τῶν
3231 4301 3534 4376 ἀνθρώπων
3577 4303 3635 4355 ἐν
3679 4305 3745 4374 τῇ
3792 4302 3961 4372 ἀπάτῃ

2409 4397 2589 4450 αὐτῶν
2610 4396 2991 4468 ἐπαινούμενοι
3020 4397 3094 4459 ὡς
3126 4396 3360 4466 νεόφυτα
3389 4394 3585 4466 ίσχυρά
3608 4395 3704 4449 καὶ
3727 4393 3936 4464 εὐθαλῆ.

2477 4490 2566 4544 28.
2603 4489 2679 4561 (8)
2713 4490 2822 4542 Kal.
2856 4491 2910 4543 αἱ
2940 4487 3109 4559 ψυχαὶ
3141 4487 3320 4542 αὐτῶν
3368 4489 3516 4559 πάσῃ
3562 4486 3822 4556 περιϐολῇ
3874 4503 3956 4537 πο-

2407 4580 2616 4634 λυτελεῖ
2647 4579 3038 4653 ἠμφιεσμέναι.
3088 4582 3181 4634 καὶ
3211 4578 3414 4652 χρυσῷ,
3451 4578 3546 4632 καὶ
3585 4577 3831 4649 ἀργύρῳ,
3877 4579 3956 4631 καὶ

2406 4672 2539 4743 λίθῳ
2564 4671 2846 4725 πολυτελεῖ
2873 4669 3359 4743 δορυφορούμεναι.

2475 4765 2564 4821 29.
2593 4766 2658 4819 Δί
2691 4764 2909 4837 καρδίαι
2941 4763 3121 4818 αὐτῶν
3167 4760 3590 4832 πεπληρωμέναι
3623 4761 3805 4831 πάσης
3844 4760 3952 4812 ἀνο-

2412 4858 2540 4929 μίας
2568 4859 2662 4912 καὶ
2686 4857 2977 4928 ἁμαρτίας,
3007 4856 3100 4910 καὶ
3125 4856 3190 4908 ἐκ
3217 4853 3405 4907 τούτου
3441 4852 3534 4906 τοῦ
3579 4852 3816 4926 πονηροῦ
3847 4855 3952 4904 ἐπι-

2409 4949 2745 5021 τηδεύματος
2793 4951 2872 5012 είς
2921 4947 3049 5003 ἄλλο
3079 4946 3374 5017 δεινότερον
3407 4944 3758 5016 μετέρχονται
3783 4941 3951 4996 ἐπιθυ-

2450 5059 2584 5112 ημα-

2409 5060 2657 5185 Mallio!
2681 5127 2835 5185 αὐτοὶ
2858 5128 3154 5200 ἄνθρωποι,
3185 5127 3282 5196 τῆς
3307 5125 3580 5196 ἁμαρτίας
3603 5123 3754 5186 ὄντες
3779 5121 3943 5176 me».

2409 5225 2596 5293 μηταὶ,
2630 5221 2918 5294 ἐφευρεταί
2940 5223 3046 5274 είσι
3076 5218 3282 5282 κακῶν,
3309 5216 3592 5286 ἐξάγοντες
3623 5219 3688 5271 ἐκ
3705 5217 3802 5287 τῆς
3828 5232 3941 5287 καρ-

2405 5315 2522 5379 δίας
2547 5313 2724 5369 αὐτῶν
2755 5311 3136 5383 διαλογισμοὺς
3169 5308 3457 5380 πονηρούς.

1650 5405 1956 5471 Addenda
2011 5415 2071 5472 et
2110 5409 2481 5491 corrigenda
2527 5427 2607 5472 ex
2642 5408 2781 5472 cod.
2821 5408 3020 5469 Vatic.

845 5504 893 5637 1)
926 5504 1188 5569 Θάνατος,
1216 5519 1319 5561 etc.

845 5577 869 5629 Ξ
920 5575 1144 5637 Οὐρανῷ
1178 5575 1319 5637 βασι]

835 5573 890 5637 2)
920 5575 1144 5646 Οὐρανῷ
1178 5573 1558 5645 βασιλεύοντας
1583 5579 1682 5643 είς,
1716 5589 1822 5637 etc.

813 5645 888 5713 (5)
931 5645 1244 5710 Ἐξελεῖται,
1270 5656 1372 5700 etc.

847 5715 894 5786 ⁸ο)
924 5715 1100 5786 ξῦσαί
1137 5732 1224 5786 με,
1249 5716 1362 5777 καί,
1393 5725 1496 5771 etc.

847 5722 894 5786 4)
929 5722 1100 5768 Ρῠσαί
1211 5756 1224 5777 ,
1249 5722 1362 5777 καί,

815 5722 891 5856 ἓξ)
920 5785 1107 5856 Πᾶσαν
1127 5732 1376 5856 ἀῗομίαν.

820 5853 893 5926 (6)
928 5855 1072 5928 Αὕτη
1107 5853 1330 5926 eum,
1363 5856 1414 5908 τί
1441 5858 1782 5929 ἁρπάσωσιν,
1807 5872 1912 5920 etc.

2474 5513 2552 5588 (il)
2583 5509 2998 5588 §“l_§"9l“.“'1¢v
3030 5519 3134 5588 etc-

2473 5577 2549 5651 (8)
2583 5581 2649 5634 Ν.
2678 5581 2768 5642 28,
2803 5577 2906 5663 Kal
2922 5581 3089 5650 ψυχαὶ
3103 5579 3285 5661 αὐτῶν
3301 5581 3470 5633 πᾶσαι
3485 5593 3659 5662 usque
3678 5577 3744 5632 ad
3767 5577 3943 5699 ἡμῖὲε-

2473 5654 2617 5699 έναι-
2635 5650 2699 5699 Ν-
2718 5652 2807 5699 29-
2835 5661 2979 5699 quta
3016 5661 3441 5699 sunrnscrlmam
3473 5651 3791 5699 dtVtstonem
3820 5665 3832 5699 :
3899 5648 3941 5697 al.

2404 5648 2617 5724 σμέναι.
2635 5650 2699 5704 Ν.
2718 5651 2979 5724 ἳυρίυξιδ
3001 5648 3442 5724 βυρταεςῖῖριωη
3473 5649 3791 5724 ἀίχίδὶρηεει)
3820 5648 3941 5724 τίίαὲ

2403 5717 2608 5794 χρυσῷ,
2644 5731 2748 5776 etc.
2782 5717 2846 5774 Ν.
2881 5721 2969 5786 50,
3002 5717 3336 5790 Δίκαρδίαὶ.
3372 5732 3477 5776 etc.
3519 5718 3584 5774 N.
3613 5719 3702 5784 3|,
3725 5719 3786 5771 Οἱ
3815 5717 3942 5770 αὐτοὶ

2407 5793 2681 5841 ἄνθρωποι
2714 5793 2761 5841 οἱ
2791 5793 2887 5841 τῆς
2909 5790 3198 5841 ἁμαρτίας.
3236 5801 3338 5841 etc.
3368 5788 3433 5841 Ν.
3468 5789 3570 5841 52.
3609 5791 3673 5841 Ol
3721 5788 3933 5841 διδάσκει·

2407 5788 2681 5862 ἀνθρωττοι
2714 5793 2761 5844 οἱ
2791 5793 2887 5861 τῆς
2909 5788 3198 5860 ἁμαρτίας,
3236 5801 3338 5845 etc.
3368 5788 3433 5843 Ν.
3468 5789 3570 5855 52,
3609 5791 3673 5844 Ol
3721 5788 3855 5841 διδάο

2407 5865 2506 5929 λοι,
2538 5875 2640 5919 etc.
2678 5861 2740 5916 N.
2776 5864 2863 5928 33,
2895 5863 3007 5916 Οὐκ
3034 5861 3146 5914 ἔστι
3169 5862 3286 5915 τινὰ
3317 5861 3573 5931 ἐπιϐῆναι
3595 5864 3727 5927 τοῖς,
3757 5870 3855 5915 etc.
