4142 6518
282 468 430 527 1309

357 584 447 639 51.
485 583 547 636 Oi
581 582 700 653 βόες
728 581 907 635 αὐτῶν
937 584 1148 652 παχεῖς.

356 676 450 732 33.
482 675 593 728 Οὐκ
622 674 734 727 ἔστι
761 674 1097 743 κατάπτωμα
1127 674 1379 745 φραγμοῦ
1412 674 1530 727 οὐδὲ
1550 671 1797 738 διέξοδος·

354 769 446 824 55.
478 766 609 822 Οὐδὲ
641 766 853 838 κραυγὴ
887 768 943 818 ἐν
970 768 1090 829 ταῖς
1118 766 1398 829 πλατείαις
1427 764 1627 819 αὐτῶν.

351 857 443 912 36.
482 857 852 928 Ἐμακάρισαν
876 857 966 908 τὸν
991 854 1136 920 λαὸν,
1171 849 1214 924 ᾧ
1238 856 1411 908 ταῦτα
1440 858 1553 908 ἐστι
1584 871 1597 886 ·
1627 861 1641 875 ⁸

352 948 442 1004 35.
478 947 760 1018 Μακάριος
789 948 816 1000 6
843 945 987 1011 λαὸς,
1011 939 1071 999 οὗ
1104 946 1299 1017 Κύριος
1330 948 1359 998 6
1388 947 1519 1011 Θεὸς
1549 945 1735 1001 αὐτοῦ.

556 1058 799 1124 Αἴνεσις
822 1055 901 1123 τῷ
929 1058 1122 1112 Δαϐίδ.
1161 1060 1332 1114 ΨΑΛ.
1370 1062 1552 1113 ΡΜΔ’.

353 1150 407 1205 1.
434 1148 512 1222 [In
540 1165 711 1219 marg.
743 1150 810 1204 ad
838 1166 979 1205 vers.
1007 1149 1055 1205 ι.
1084 1150 1265 1222 Ἀλέῳ]
1303 1150 1531 1220 Ύψώσω
1549 1168 1628 1214 σε,
1652 1153 1680 1204 6
1707 1150 1839 1214 Θεός

279 1258 386 1312 μου
413 1242 443 1293 6
471 1240 719 1311 βασιλεύς
756 1258 855 1311 μου
877 1257 890 1271 ·

351 1334 406 1389 2.
440 1333 543 1388 Καὶ
567 1334 843 1406 εὐλογήσω
870 1334 931 1387 τὸ
951 1334 1120 1405 ὄνομά
1155 1352 1248 1388 σου
1282 1338 1361 1400 εἰς
1384 1336 1475 1390 τὸν
1508 1337 1699 1401 αἰῶνα,

350 1424 405 1481 3.
435 1426 542 1478 Καὶ
565 1427 644 1488 εἰς
672 1424 763 1477 τὸν
789 1424 961 1478 αἰῶνα
982 1425 1079 1478 τοῦ
1109 1426 1323 1489 αἰῶνος.

350 1516 406 1572 4.
440 1514 605 1588 [Βήθ]
636 1514 767 1569 Καθ’
800 1515 1035 1585 ἑκάστην
1073 1516 1284 1587 ἡμέραν
1315 1517 1591 1588 εὐλογήσω
1616 1534 1697 1584 σε,

350 1608 403 1664 5.
437 1606 540 1663 Καὶ
562 1607 761 1663 αἰνέσω
783 1605 843 1660 τὸ
873 1607 1042 1677 δνομά
1074 1623 1169 1661 σου
1192 1610 1273 1671 εἰς
1307 1608 1399 1661 τὸν
1423 1607 1593 1660 αἰῶνα
1612 1646 1627 1672 ,

1154 464 1247 522 DE
1284 465 1558 522 TITULIS
1596 463 2043 525 PSAIJAORUM.
2082 497 2151 507 -—-
2190 466 2387 524 PSAL.
2430 466 2658 524 CXLIV.

1873 587 1922 643 Α
2019 580 2107 634 3|.
2141 580 2311 636 Boves
2342 596 2530 636 eorum
2574 597 2793 637 crassae.

3378 470 3516 529 1310

2018 670 2109 724 32.
2153 668 2270 724 Non
2305 680 2389 726 est
2426 673 2587 727 ruina
2622 673 2896 737 maceriae,
2927 687 3105 742 neque
3139 672 3443 731 transitus:

2015 760 2104 815 33.
2139 760 2325 832 Neque
2350 763 2558 819 clamor
2586 765 2639 818 in
2667 765 2859 834 plateis
2886 778 3098 819 eorum.

2015 852 2104 907 3.1.
2149 851 2370 908 Beatum
2396 854 2651 907 dixerunt
2680 855 2961 924 populum,
2995 854 3085 908 cui
3111 855 3225 909 bac
3246 864 3410 909 sunt:
3470 862 3476 868 '

2014 943 2105 999 35.
2146 945 2347 1001 Beatus
2390 946 2660 1016 populus,
2700 946 2859 1015 cujus
2910 945 3176 1001 Dominus
3204 945 3346 1002 Deus
3374 945 3515 1016 ejus.

2158 1058 2418 1112 Laudatio
2459 1059 2559 1129 ipsi
2597 1058 2788 1113 David.
2825 1056 3025 1113 PSAL.
3055 1057 3305 1115 CXLIV.

2021 1152 2072 1207 1.
2110 1151 2328 1225 [Alepbj
2367 1152 2628 1208 Exaltabo
2665 1162 2734 1219 te,
2762 1152 2906 1209 Deus
2939 1168 3096 1209 meus
3136 1169 3229 1210 rex
3287 1168 3439 1208 meus
3470 1168 3485 1207 :

2011 1328 2066 1382 ‘2.
2112 1329 2177 1383 Et
2207 1329 2522 1384 benedicam
2554 1330 2761 1385 nomini
2803 1339 2895 1385 tuo
2929 1330 2981 1385 in
3014 1330 3304 1395 szeculum,

2016 1422 2070 1476 3.
2114 1422 2178 1475 Et
2216 1422 2269 1475 in
2310 1422 2565 1477 saeculum
2598 1422 2803 1478 saeculi.

2016 1510 2069 1564 4.
2113 1508 2295 1582 [Βοιιι]
2314 1509 2417 1565 Per
2442 1511 2686 1581 singulos
2710 1510 2825 1565 dies
2848 1511 3160 1566 benedicam
3192 1512 3269 1566 tib

2017 1602 2069 1657 5.
2112 1602 2177 1659 Et
2214 1603 2446 1658 laudabo
2484 1619 2683 1659 nomen
2724 1612 2875 1658 tuum
2916 1604 2969 1658 in
3010 1605 3264 1659 saeculum
3289 1643 3303 1668 ,

1381 1713 1759 1773 ATHANASII
1794 1711 2389 1770 INTERPRETATIO.

346 1832 406 1887 3i
422 1873 435 1886 .
460 1831 523 1885 Οἰ
549 1830 853 1886 διδάσκαλοι
877 1832 1055 1887 αὐτῶν
1083 1833 1462 1898 σπαταλῶντες
1492 1834 1550 1887 ὲν
1594 1835 1715 1896 ταῖς
1749 1832 1834 1885 εὐ-

2005 1830 2096 1884 3t.
2132 1828 2378 1900 Magistri
2420 1844 2613 1885 eorum
2654 1830 2994 1885 luxuriantes
3048 1830 3103 1884 in
3157 1829 3515 1886 comessatio-

271 1923 468 1993 ωχίαις
482 1921 682 1987 αὐτῶν,
705 1924 799 1977 καὶ
817 1924 1278 1995 μεγαλαυχοῦντες
1290 1925 1430 1979 κατὰ
1443 1925 1544 1996 τῆς
1560 1924 1837 1997 ἀληθείας.

347 2011 435 2065 32.
470 2010 587 2064 Οὐκ
613 2010 728 2065 ἐστι
753 2012 876 2066 τινὰ
908 2014 1301 2084 ὲπιμῆναιτοῖς
1331 2014 1603 2085 κτήμασιν
1633 2014 1835 2077 αὐτῶν,

269 2101 395 2155 οὑδὲ
426 2102 716 2175 παρελθεῖν
747 2106 957 2169 ἑαυτοῖς
979 2124 992 2138 ·
1026 2106 1174 2179 πάσῃ
1211 2106 1317 2177 γὰρ
1352 2106 1563 2177 φυλακῇ
1610 2104 1838 2177 τηροῦν-

269 2209 385 2246 ται.

344 2284 431 2338 55.
463 2284 595 2338 Οὑδέ
635 2302 753 2338 τινα
776 2284 1041 2358 τολμῆσαι
1077 2288 1135 2342 ὲν
1162 2291 1280 2352 ταῖς
1308 2288 1381 2359 (1)
1407 2286 1600 2351 οἰκίαις
1624 2286 1801 2341 αὐτῶν
1819 2303 1834 2318 ο

267 2376 529 2429 τοσοῦτον
550 2376 710 2444 φόϐον
743 2376 977 2449 ἔχουσιν.

341 2466 429 2521 34.
461 2466 565 2521 Καὶ
607 2468 790 2523 λοιπὸν
819 2471 869 2523 οἰ
896 2471 1169 2544 ἄνθρωποι
1193 2472 1556 2543 ἐμακάρισαν,
1590 2465 1634 2541 ᾧ
1666 2472 1839 2527 ταῦτα

267 2557 513 2629 ὑπῆρξεν

344 2652 432 2707 '53.
470 2651 610 2722 ἐγω
641 2654 698 2707 δὲ
723 2653 866 2724 λέγω
893 2671 905 2683 ·
939 2656 1225 2724 Μακάριος
1251 2659 1278 2710 6
1308 2656 1456 2721 λαὸς,
1499 2648 1560 2710 οὗ
1589 2656 1785 2729 Κυριος
1810 2659 1839 2712 6

266 2742 403 2808 Θεὸς
434 2745 621 2809 αὐτοῦ,
659 2745 888 2810 πλοῦτος
914 2747 1078 2800 αὑτοῦ
1120 2749 1213 2802 καὶ
1251 2748 1377 2815 δόξα
1429 2749 1687 2820 ὑπάρχων
1737 2749 1831 2821 (2).

267 2833 379 2890 Καὶ
411 2834 582 2899 ἄλλως
610 2836 668 2889 δὲ
696 2835 812 2890 ἔστι
841 2835 1114 2908 θεωρῆσαι
1145 2840 1275 2903 τοὺς
1303 2843 1693 2912 προκειμένους
1726 2842 1840 2897 στί-

268 2940 402 2996 χους
434 2923 591 2977 πάλιν
629 2927 710 2988 εἰς
740 2927 865 2990 τοὺς
894 2927 1081 2996 ἁγίους
1103 2929 1267 2983 αὐτοῦ
1291 2946 1303 2959 ·
1335 2931 1416 2985 ὅτι
1439 2931 1547 2986 τῶν
1585 2933 1681 3003 μὲν
1719 2934 1837 2989 δαι-

269 3011 452 3079 μόνων
478 3014 547 3067 τὰ
580 3016 826 3087 πρόϐατα
861 3019 953 3071 καὶ
984 3020 1033 3071 οἱ
1062 3018 1183 3087 βόες
1221 3022 1351 3086 εἰσί,
1382 3022 1522 3077 καθὰ
1548 3024 1840 3094 ἑρμηνεύε-

268 3120 361 3157 ται
395 3106 519 3176 περὶ
550 3107 727 3161 αὐτῶν
750 3125 762 3138 ·
788 3110 844 3161 ἐν
873 3108 929 3162 δὲ
950 3112 1062 3172 τοῖς
1094 3110 1321 3174 δικαίοις
1368 3114 1467 3165 οὑκ
1507 3112 1587 3166 ἔτι
1618 3115 1714 3183 τὴν
1751 3115 1839 3185 βο-

272 3195 461 3265 ήθειαν
476 3195 771 3270 [βόσκημα]
795 3198 971 3252 αὐτῶν
997 3199 1388 3272 παλαιωθῑψαι,
1412 3203 1506 3257 καὶ
1523 3207 1705 3257 πεσεῖν
1722 3204 1835 3277 [βό-

270 3286 455 3359 σκειν]
488 3304 501 3317 ’
528 3288 679 3343 οὐδὲν
708 3290 816 3363 γὰρ
852 3291 1226 3362 ὑπερηφανίας
1244 3294 1301 3346 ἐν
1326 3296 1443 3358 ταῖς
1463 3294 1721 3361 διανοίαις
1745 3299 1838 3352 αὑ-

264 3380 379 3434 τῶν
406 3398 419 3411 ’
452 3382 790 3455 ὲμακάρισαν
839 3386 895 3439 at
931 3386 971 3438 Γ
975 3387 1173 3456 ραφαί,
1203 3379 1248 3454 ᾧ
1278 3386 1450 3441 ταῦτα
1484 3390 1719 3461 ὑπάρχει
1757 3391 1839 3445 λέ-

266 3489 480 3540 γουσαν
510 3473 808 3543 Μακάριος
836 3477 870 3530 ό
894 3474 1062 3543 λαὸς,
1079 3472 1150 3533 οὗ
1180 3478 1393 3547 Κύριος
1420 3482 1452 3533 o'
1469 3480 1610 3547 Θεὸς
1626 3481 1831 3537 αὐτοῦ.

1946 1920 2106 1975 nibus
2134 1920 2274 1983 suis,
2305 1928 2360 1975 et
2388 1921 2683 1990 gloriantes
2720 1931 2909 1976 contra
2935 1920 3231 1975 veritatem.

2014 2011 2105 2069 3‘2.
2145 2010 2265 2066 Non
2319 2022 2404 2068 est
2459 2013 2551 2082 qui
2602 2012 2982 2082 possessiones
3039 2026 3226 2065 eorum
3272 2010 3511 2076 invadat,

1944 2116 2120 2171 neque
2156 2117 2250 2157 eas
2294 2112 2682 2175 pertranseat:
2716 2102 2864 2157 omni
2912 2103 3059 2156 enim
3106 2101 3353 2157 custodia
3393 2116 3510 2157 ser-

1944 2202 2160 2247 vantur.

2011 2283 2100 2338 33.
2134 2282 2317 2355 Neque
2349 2286 2619 2356 quispiam
2672 2286 2726 2339 in
2776 2300 2964 2341 eorum
3010 2284 3261 2340 domibus
3306 2284 3511 2355 aliquid

1940 2375 2127 2440 audet,
2169 2376 2305 2433 adeo
2338 2377 2461 2433 illos
2493 2393 2683 2433 omnes
2713 2378 2929 2433 timent.

2011 2471 2100 2525 34.
2136 2471 2203 2527 Et
2252 2473 2470 2528 demum
2516 2472 2735 2528 beatum
2785 2472 3040 2527 homines
3088 2472 3378 2537 dixerunt,
3422 2471 3513 2526 cui

1941 2562 2070 2617 talia
2100 2574 2248 2619 sunt.

2010 2652 2105 2708 35.
2138 2650 2251 2725 Ego
2272 2662 2453 2710 autem
2480 2654 2604 2710 dico
2635 2673 2648 2709 :
2676 2654 2880 2713 Beatus
2913 2656 3145 2727 populus
3165 2697 3179 2722 ,
3221 2656 3380 2725 cujus
3403 2652 3511 2707 Do-

1941 2744 2126 2800 minus
2156 2743 2299 2802 Deus
2342 2746 2462 2817 ejus
2496 2746 2698 2802 divitize
2744 2746 2917 2818 ipsius
2960 2755 3014 2801 et
3056 2747 3227 2817 gloria
3270 2744 3508 2801 exsistit.

1940 2833 2007 2889 Et
2054 2836 2213 2892 aliter
2264 2838 2428 2894 etiam
2481 2839 2807 2909 pmpositos
2854 2853 3045 2893 versus
3093 2837 3381 2908 allegorice
3427 2836 3512 2889 in-

1942 2930 2231 2998 terpretari
2267 2930 2463 2989 iterum
2512 2930 2640 2985 licet
2675 2930 2743 2985 de
2787 2930 2994 2985 sanctis
3045 2929 3165 2999 ejus
3205 2947 3218 2982 :
3252 2928 3510 2998 quoniam

1941 3019 2249 3077 dzemonum
2288 3022 2506 3093 quidem
2548 3036 2679 3078 oves
2704 3061 2719 3085 ,
2759 3031 2815 3075 et
2849 3023 3013 3076 boves
3036 3031 3184 3086 sunt,
3210 3021 3510 3076 secundum

1941 3115 2085 3182 quod
2140 3116 2429 3185 allegorice
2478 3116 2545 3170 de
2598 3115 2731 3184 ipsis
2765 3115 3213 3183 interpretantur.
3250 3113 3308 3166 In
3343 3112 3509 3182 jnstis

1864 3190 1905 3248 C
1939 3213 2120 3259 autem
2166 3221 2273 3259 non
2319 3205 2553 3275 amplius
2595 3205 2856 3258 auxilium
2891 3202 3101 3276 [pecus]
3145 3220 3334 3258 eorum
3364 3213 3510 3257 vetc-

1947 3311 2199 3359 rascere,
2235 3304 2288 3349 et
2314 3295 2511 3350 cadere
2548 3292 2850 3367 {pascere};
2885 3294 3028 3348 nulla
3075 3295 3219 3347 enim
3256 3292 3509 3362 superbia

1939 3388 1994 3443 in
2038 3388 2310 3442 mentibus
2351 3402 2576 3454 eorum;
2616 3387 2831 3441 beatum
2880 3385 3136 3440 dixerunt
3187 3384 3505 3455 Scriptura.

1937 3475 2024 3531 cui
2055 3475 2171 3529 luec
2202 3483 2349 3539 sunt,
2380 3474 2625 3528 dicentes
2656 3490 2670 3528 :
2708 3472 2900 3526 Beatus
2931 3472 3154 3541 populus
3175 3511 3190 3539 ,
3221 3471 3372 3533 cuius
3400 3469 3509 3523 Da-

1936 3568 2107 3621 minus
2144 3564 2278 3619 Deus
2314 3563 2448 3635 ejus.

350 3655 417 3708 Ἦ
450 3657 780 3730 προκειμένη
812 3659 1089 3732 ἐπιγραφὴ
1119 3662 1364 3733 περιέχει
1399 3663 1474 3732 (5)
1496 3680 1510 3696 ο
1543 3665 1792 3731 Atr-eme:
1825 3663 1903 3731 τῷ
1938 3662 2136 3730 Δαϐἰδ,
2188 3662 2433 3714 τουτέστι
2463 3660 2542 3727 τῷ
2577 3659 2763 3719 ἱκανῶ
2795 3660 2871 3731 τῇ
2902 3662 3075 3731 χειρὶ,
3131 3659 3209 3731 τῷ
3254 3659 3368 3730 Υἱῷ
3413 3654 3508 3711 τοῦ

268 3749 405 3803 Θεοῦ
425 3766 438 3780 °
473 3751 631 3805 τοῦτο
653 3751 762 3824 γὰρ
791 3754 1154 3824 ἑρμηνεύεται
1189 3755 1386 3820 Δαϐἰδ,
1413 3756 1489 3819 ὡς
1526 3757 1785 3822 πολλάκις
1810 3759 2132 3830 εἰρήκαμεν.

341 3842 554 3899 Titulus
585 3845 908 3915 prepositus
932 3846 1177 3901 continet
1208 3863 1224 3902 :
1260 3845 1400 3901 Laus
1418 3845 1613 3911 David,
1650 3849 1753 3903 hoc
1777 3857 1863 3904 est
1893 3865 2053 3903 manu
2083 3847 2234 3917 forti,
2272 3845 2325 3901 id
2347 3853 2432 3901 est
2457 3842 2553 3901 Dei
2581 3842 2718 3900 Filio
2746 3862 2761 3899 :
2794 3844 2867 3900 ita
2917 3843 3062 3899 enim
3118 3844 3507 3915 interpretatur

268 3936 467 4002 David,
496 3947 555 3993 ut
581 3939 783 4010 saepius
814 3939 1053 3995 diximus
1084 3939 1187 4011 (τ).

343 4030 393 4084 1.
428 4030 644 4098 Δοξὰσω
670 4048 727 4084 σε
752 4074 769 4099 ,
801 4034 831 4086 6
863 4032 995 4097 Θεὸς
1036 4034 1111 4104 (1)
1146 4035 1174 4086 6
1208 4033 1462 4104 βασιλεύς
1484 4054 1608 4107 μου,
1638 4038 1667 4090 6
1689 4037 1831 4092 διδά-

270 4122 370 4188 ξας
394 4138 460 4191 με
495 4120 692 4189 γνῶναι
712 4136 726 4151 ⁸
753 4121 814 4176 τὸ
836 4122 944 4195 γὰρ
986 4125 1393 4196 παρακείμενον
1425 4126 1501 4197 τῷ
1527 4131 1694 4198 στίχῳ
1720 4128 1833 4181 δνο-

271 4229 349 4283 μα
370 4211 430 4265 τὸ
461 4210 629 4280 Ἁνίὲφ
655 4210 1013 4283 ἑρμηνεύεται
1040 4212 1423 4269 διδασκαλία.

340 4302 393 4359 2.
436 4300 525 4357 Ἐν
545 4304 623 4374 (5)
653 4302 729 4373 τῷ
760 4302 880 4369 νῦν,

341 4391 393 4447 5.
423 4390 527 4446 Καὶ
556 4394 614 4445 ὲν
637 4393 714 4465 τῷ
743 4393 1179 4465 μέλλοπιαίῶνι.

340 4483 395 4542 4.
429 4482 561 4538 Καθ’
587 4485 823 4559 ἑκάστην
851 4488 1049 4560 πρᾶξιν
1078 4488 1173 4543 τοῦ
1199 4490 1375 4559 φωτός
1414 4507 1506 4544 σου
1546 4490 1752 4557 δοξάσω
1774 4506 1835 4543 σε

269 4577 331 4629 ιν
358 4578 427 4647 τῇ
448 4576 643 4648 καρδίᾳ
678 4594 778 4648 μου
804 4578 880 4650 (6)
904 4595 917 4608 ⁸
944 4579 1103 4633 τοῦτο
1130 4580 1240 4653 γὰρ
1281 4581 1433 4652 δηλοῖ
1460 4585 1491 4653 ἡ
1531 4582 1767 4653 συλλαϐὴ
1799 4585 1833 4653 η

270 4668 652 4739 παρακειμένη
696 4670 776 4739 τῷ
814 4670 1012 4743 στίχῳ·
1060 4673 1416 4745 ἑρμηνεύεται
1463 4674 1570 4746 γὰρ
1597 4676 1657 4729 τὸ
1685 4676 1831 4745 BM,

270 4757 458 4827 οἶκος,
491 4762 627 4836 ὅπερ
649 4763 797 4817 ἐστὶν
826 4767 859 4836 ἡ
897 4764 1107 4836 καρδία.

344 4853 398 4909 5.
428 4854 502 4908 Οὐ
531 4853 781 4929 suum
809 4854 974 4926 ὕμνος
1012 4859 1076 4911 ὲκ
1109 4856 1203 4911 τοῦ
1239 4857 1503 4929 στόματός
1534 4874 1635 4929 μου
1665 4858 1830 4911 ἐκπο-

274 4946 560 5019 ρευόμενος
585 4948 643 5001 ὲν
670 4948 748 5018 (7)
772 4947 847 5019 τῷ
866 4947 960 5001 νῦν
986 4949 1165 5005 αἰῶνι.

2010 4037 2063 4091 1.
2104 4034 2433 4091 Gloriﬁcabo
2464 4043 2550 4099 te,
2580 4032 2725 4089 Deus
2763 4050 2856 4089 rex
2904 4050 3057 4089 meus
3081 4075 3096 4097 ,
3131 4033 3224 4104 qui
3270 4033 3502 4088 docuisti

1937 4142 2026 4182 me
2056 4126 2340 4181 scientiam
2374 4144 2388 4181 :
2417 4140 2541 4180 nam
2567 4140 2763 4179 nomen
2796 4125 2960 4194 Alcph
2985 4125 3163 4180 versui
3204 4125 3504 4194 ascriptum

1938 4215 2325 4285 interpretatur
2360 4215 2621 4268 doctrina.

2008 4307 2064 4363 ἰ.
2099 4306 2152 4359 ln
2182 4307 2431 4376 praesenti
2456 4348 2475 4372 ,

2011 4400 2067 4458 5.
2105 4399 2168 4455 Et
2207 4401 2258 4455 in
2308 4401 2490 4454 futuro
2523 4399 2741 4455 smculo.

2010 4491 2064 4545 4.
2112 4490 2424 4547 Secundum
2472 4491 2718 4562 singulas
2754 4490 2998 4546 actiones
3032 4490 3170 4545 lucis
3207 4498 3314 4545 tuae
3338 4490 3498 4559 glori-

1937 4581 2115 4639 ﬁcabo
2147 4594 2198 4639 te
2230 4584 2283 4638 in
2319 4581 2484 4639 corde
2512 4599 2657 4650 meo,
2696 4585 2801 4638 hoc
2829 4582 2972 4637 enim
2997 4582 3267 4652 signiﬁcat
3297 4582 3501 4655 syllaba

1936 4676 2121 4730 versui
2162 4676 2412 4745 apposita
2455 4694 2469 4732 :
2506 4674 2638 4730 Bella
2681 4675 2826 4730 enim
2861 4674 3250 4745 interpretatur
3292 4675 3499 4740 domus,

1935 4781 2058 4834 quae
2088 4776 2174 4822 est
2205 4783 2323 4822 cor.

2006 4859 2065 4913 5.
2104 4857 2221 4913 Non
2256 4858 2494 4915 cessabit
2521 4860 2756 4930 hymnus
2784 4858 3042 4929 prodiens
3072 4873 3139 4913 ex
3169 4871 3263 4913 ore
3286 4872 3406 4911 meo
3442 4858 3496 4913 in

1936 4951 2191 5022 prmsenti
2231 4952 2452 5007 saeculo.

1179 5060 1488 5124 Addenda
1535 5069 1597 5124 et
1648 5062 2025 5143 corrigenda
2081 5080 2155 5123 ex
2192 5064 2333 5125 cod.
2369 5062 2569 5123 Velie.

340 5164 417 5233 (1)
450 5165 731 5237 Τολμῆσαι
759 5164 989 5237 λαλῆσαι
1015 5168 1073 5220 ἔν
1104 5169 1247 5230 ταῖς,
1281 5174 1387 5221 etc.

340 5183 417 5233 μ)
464 5183 731 5289 minusca:
762 5183 989 5237 λαλησαι
1015 5183 1073 5220 εν
1104 5183 1247 5230 ταις,
1281 5183 1387 5221 etc.

340 5237 419 5307 (2)
448 5236 581 5300 Δόξα
642 5236 1018 5307 ganeaeth
1048 5237 1131 5291 ὅτι
1154 5237 1261 5291 τῶν
1286 5236 1383 5307 μὲν
1408 5235 1735 5307 εὐδαιμονῶν
1764 5236 1834 5291 τὰ

270 5305 539 5393 πρόϐατα.
570 5306 665 5359 καὶ
692 5305 750 5389 αἰ
774 5305 917 5377 βόες,
957 5316 1087 5370 etc..
1135 5308 1235 5361 οὐκ
1276 5305 1393 5360 ἔστι
1442 5305 1540 5377 τὴν
1566 5305 1831 5377 ’βοήθειαν

265 5375 868 5458 αυτωνπαλαιωξηναι,
899 5377 1251 5458 καὶ-ιπεσεῖν,
1289 5377 1409 5458 οὐδὲ
1444 5376 1702 5458 τελευτὴν
1731 5378 1831 5458 αὑ-

265 5445 410 5519 τῶνῃ·
560 5445 670 5519 γαρ
692 5444 858 5519 ζῶσιν
876 5462 890 5477 ·
921 5447 1042 5519 οὐδὲ
1064 5448 1414 5519 ὑπερηφανία
1441 5448 1499 5504 ἐν
1533 5444 1673 5510 ταῖς.
1690 5457 1794 5519 etc.

339 5515 417 5579 (ὅ)
458 5515 522 5597 ᾘ
555 5514 649 5597 διᾷ
678 5516 777 5586 τῆς
814 5514 1185 5597 κινγαϐἀρεως
1210 5514 1825 5597 περιέχει,-εξο.,-εἰρή-

339 5535 417 5579 (ο)
474 5535 522 5569 ιι
555 5535 643 5570 οια
678 5535 777 5586 της
814 5535 1040 5571 κινναοα
1078 5535 1180 5581 εως
1210 5535 1279 5572 πε
1324 5535 1486 5588 ιεχει,
1518 5535 1648 5584 elc.,
1672 5535 1697 5571 ε

267 5601 463 5657 καμεν,
494 5586 673 5651 ἱκανὸς
701 5588 864 5659 χειρὶ,
889 5590 1025 5661 ὅπερ
1045 5535 1197 5642 εστὶν
1220 5591 1248 5642 6
1279 5535 1403 5653 ξίίδς
1428 5587 1520 5641 τοῦ
1545 5586 1697 5642 Θεοῦ.

2011 5168 2087 5237 (ι)
2130 5167 2187 5221 '0
2212 5167 2344 5230 Θεός
2377 5183 2498 5237 μου,
2520 5176 2625 5220 etc.
2661 5167 2691 5237 6
2712 5164 2927 5231 διδάξας
2957 5182 3023 5235 με
3043 5166 3238 5232 γνῶσιν
3261 5182 3274 5197 ·
3302 5166 3366 5218 τὸ
3390 5165 3496 5236 γὰρ

1936 5242 2037 5311 τῆς
2067 5238 2435 5362 κινναϐάςεως
2456 5236 2877 5314 παρακείμενον,
2912 5248 3012 5290 etc.

2008 5308 2085 5362 (5)
2117 5307 2183 5362 Ν.
2215 5309 2269 5362 Ξ.
2339 5350 2351 5362 .
2390 5306 2495 5361 Καὶ
2525 5308 2582 5359 ἐν
2608 5307 2685 5362 τῷ
2704 5322 2815 5362 νυν.
2849 5314 2979 5362 elc..
3011 5305 3105 5358 αἰιῖ

2032 5308 2085 5380 5)
2117 5307 2183 5362 N.
2215 5309 2269 5367 Ξ.
2299 5305 2351 5363 3.
2390 5306 2495 5361 Καὶ
2525 5305 2582 5359 ἒν
2608 5307 2685 5428 τὲξι
2704 5308 2815 5367 νῦν,
2849 5314 2979 5385 εις..
3011 5305 3183 5358 αἰῶνι.

2032 5383 2080 5430 ω
2111 5384 2239 5430 Μου
2262 5379 2433 5430 deest.
2463 5376 2627 5430 συλλα
2665 5376 2698 5430 ὴ
2720 5379 2750 5430 ἠ
2778 5374 2866 5429 διὰ
2901 5393 2999 5430 της
3024 5384 3183 5429 κινναι

2004 5379 2080 5465 (6)
2111 5384 2239 5434 Μου
2262 5379 2433 5439 deest,
2463 5379 2660 5430 συλλαϐ

1937 5448 2529 5521 στιχῳγπαρακειμένη,
2554 5456 2660 5502 etc.

1998 5515 2088 5644 ρ)
2109 5518 2175 5577 Ν.
2205 5515 2259 5581 5,
2290 5518 2341 5574 6.
2375 5515 2588 5573 Comm.
2624 5515 2821 5603 unicus
2850 5558 2864 5571 .
2900 5556 2915 5571 .

1998 5634 1999 5639 η
2050 5592 2097 5644 ὲ.
2126 5608 2175 5644 τ.
2213 5607 2268 5644 α.
2299 5590 2390 5642 καὶ
2411 5587 2604 5644 εἰςτὰς
2625 5604 2874 5644 αιωνιους
2907 5607 2915 5640 ι

2720 5379 2751 5447 η
2778 5374 2866 5429 διὰ
2901 5377 2999 5446 τῆς
3024 5374 3388 5446 κινναϐάρεως
3420 5375 3496 5446 τῷ

2954 5556 2967 5568 .
3004 5515 3097 5569 καὶ
3129 5516 3187 5568 ὲν
3222 5532 3272 5569 τ.
3321 5534 3365 5570 ν.
3411 5518 3492 5572 α’.

1931 5586 2021 5644 καί
2050 5586 2097 5648 ἑ.
2126 5608 2175 5646 τ.
2213 5607 2268 5645 α.
2299 5590 2390 5642 καὶ
2411 5590 2488 5652 εἰς
2505 5587 2604 5651 τὰς
2625 5586 2874 5651 αἰωνίους
2907 5586 3073 5650 αὐλάς
3099 5603 3212 5639 σου.

338 5721 420 5791 (ﬂ
445 5721 689 5796 Quatuor
724 5726 964 5795 psalmos
992 5728 1292 5783 secundum
1319 5725 1566 5781 ordinem
1600 5726 1949 5782 llehrreorum
1984 5726 2220 5796 incipere
2250 5725 2666 5793 elementorum,
2716 5735 2817 5781 etc.
2866 5725 2923 5779 in
2962 5722 3258 5780 centesimo
3281 5723 3489 5779 decimo

266 5803 461 5847 octavo
492 5795 723 5869 psalmo,
760 5796 1002 5869 singulas
1033 5798 1239 5869 litteras
1272 5799 1450 5869 octoni
1486 5814 1678 5853 versus
1706 5806 2025 5867 sequuntur.
2071 5796 2135 5869 ln_
2162 5797 2487 5869 centesimo
2540 5796 2965 5869 quadragesimo
3023 5802 3222 5865 quarto
3291 5796 3489 5866 singuli

266 5877 457 5919 versus
475 5864 821 5937 deputantur.
854 5864 1001 5925 Hier.
1037 5870 1088 5924 in
1109 5868 1283 5939 Epist.
1314 5866 1379 5921 ad
1414 5866 1660 5934 Paulam,
1700 5869 1765 5924 de
1785 5864 2075 5939 interpret.
2111 5866 2339 5936 Alphab.
2389 5865 2549 5923 llebr.
