4142 6478
190 434 340 488 1313

1059 431 1147 485 DE
1186 428 1462 485 TITULIS
1499 426 1951 483 PSALMORBM.
1993 458 2057 466 -—
2099 425 2291 480 PSAL.
2336 424 2565 480 CXLIV.

3296 422 3434 477 {3M

274 555 357 609 16.
395 553 574 625 ['HO]
612 552 706 606 Ka‘v
748 557 814 624 τῇ
843 553 1153 625 δικαιοσύνῃ
1188 569 1279 605 σου
1302 548 1734 619 ἀγαλλιάσονται.

1933 548 2018 602 16.
2053 545 2235 618 Illeth]
2277 545 2341 600 Et
2376 546 2589 615 justitia
2619 554 2707 599 tua
2734 545 3104 599 exsullahunt.

273 648 363 700 17.
394 647 701 717 Οίκτίρμων
735 648 827 701 καὶ
856 646 1101 716 ἐλεήμων
1132 648 1160 698 ὁ
1197 643 1413 715 Κύριος,

274 739 361 793 18.
395 740 756 809 Μακρόουμος
779 739 872 793 καὶ
906 738 1206 800 πολυέλιεος.

274 831 361 885 19.
396 832 640 901 Χρηστὺς
668 830 862 901 Κύριος
889 833 1001 893 τοῖς
1031 830 1303 899 σύμπασι,

272 923 363 975 20.
384 920 487 973 Καὶ
508 923 555 973 οἱ
572 920 839 991 οίκτιρμοὶ
860 918 1020 973 αὑτοῦ
1039 919 1129 969 ἐπὶ
1147 918 1321 971 πάντα
1339 916 1410 969 τὰ
1431 917 1565 987 ἔργα
1579 916 1671 969 αὐτ
1681 914 1761 969 οὗ.

272 1014 363 1066 21.
396 1010 578 1083 [Ἰὼϐ]
610 1008 1221 1081 Ἐξομολογησάτοωσάν
1252 1025 1351 1072 σοι,
1385 1006 1573 1080 Κύριε,
1594 1007 1765 1059 πάντα

196 1104 272 1156 τὰ
306 1103 438 1173 ἔργα
472 1117 587 1164 σου,

272 1195 361 1248 22.
397 1193 598 1265 [Χάμ]
629 1192 733 1244 Kal.
762 1194 811 1245 οἱ
843 1192 977 1245 ὅσιοί
1004 1208 1095 1243 σου
1126 1188 1576 1259 εύλογησάτωσάν
1610 1205 1689 1243 σε.

271 1285 359 1338 23.
396 1284 558 1348 Δόξαν
588 1284 685 1354 τῆς
714 1282 985 1353 βασιλείας
1015 1299 1106 1334 σου
1137 1280 1339 1351 ἐροῦσι,

274 1375 363 1429 24.
400 1374 631 1447 [Σαϐἑδ]
660 1375 762 1429 Καὶ
788 1375 883 1445 τὴν
912 1372 1224 1426 δυναστείαν
1265 1387 1361 1423 σου
1388 1370 1696 1441 λαλήσουσι.

272 1467 364 1521 25.
394 1466 499 1519 Τοῦ
534 1466 794 1538 γνωρίσαι
838 1468 950 1529 τοῖς
1004 1466 1137 1527 υἱοῖς
1182 1462 1288 1515 τῶν
1332 1462 1633 1534 ἀνθρώπων
1668 1461 1766 1533 τὴν

197 1559 514 1610 δυναστείαν
540 1575 631 1610 σου
655 1598 668 1617 ,

272 1650 363 1703 26.
397 1648 497 1701 Καὶ
530 1648 624 1717 τὴν
662 1648 815 1713 δόξαν
843 1649 941 1719 τῆς
976 1646 1445 1717 μεγαλοπρεπείας
1475 1644 1573 1714 τῆς
1618 1642 1768 1713 βασι-

197 1740 353 1804 λείας
394 1759 504 1793 σου.

272 1834 363 1886 27.
410 1833 470 1884 Ἢ
499 1830 739 1901 βασιλεία
768 1848 859 1884 σου
890 1830 1129 1899 βασιλεία
1154 1830 1370 1887 πάντων
1400 1827 1505 1881 τῶν
1534 1826 1763 1892 αἰώνων,

274 1923 360 1977 28.
397 1922 497 1976 Kal.
524 1926 555 1993 ὴ
591 1923 873 1977 δεσποτεία
904 1941 997 1976 σου
1030 1926 1086 1976 ἐν
1108 1923 1260 1995 πάσῃ
1284 1922 1445 1993 γενεᾷ
1469 1920 1561 1973 καὶ
1581 1919 1761 1989 γενεᾷ.

1943 639 2029 692 l7.
2066 637 2347 691 Miserator
2377 646 2430 689 et
2470 635 2778 690 misericors
2803 634 3099 698 Dominus,

1942 732 2027 787 18.
2071 730 2150 802 In]
2188 729 2403 783 Patiens
2425 737 2478 782 et
2516 727 2746 782 multum
2781 728 3114 786 misericors.

1943 824 2027 878 l9.
2062 822 2154 894 ιω]
2188 823 2380 878 Suavis
2407 822 2669 879 Dominus
2704 822 2972 877 universis
2995 862 3009 884 .

1940 916 2030 969 20.
2065 914 2132 969 Et
2162 914 2535 969 miserationes
2554 914 2673 984 ejus
2702 929 2865 983 super
2888 914 3069 968 omnia
3101 928 3262 983 opera
3287 914 3425 983 ejus.

1942 1006 2025 1058 21.
2076 1003 2247 1076 [10th]
2300 1004 2673 1060 Conliteantur
2735 1005 2870 1072 tibi,
2924 1004 3182 1070 Domine,
3247 1008 3427 1061 omnia

1872 1112 2033 1167 opera
2076 1106 2164 1149 tua
2185 1134 2201 1155 .

1943 1188 2029 1241 22.
2072 1188 2127 1259 Ι)
2160 1186 2317 1259 liam]
2354 1186 2417 1241 Et
2444 1187 2615 1241 sancti
2650 1188 2727 1241 tui
2761 1187 3084 1241 benedicant
3121 1187 3237 1241 tibi.

1941 1282 2027 1335 25.
2065 1282 2303 1334 Gloriam
2335 1282 2483 1349 regni
2522 1280 2597 1333 tui
2624 1278 2835 1342 dicent,

1940 1372 2030 1426 24.
2066 1356 2118 1442 [Β
2143 1370 2341 1441 Sabed]
2383 1370 2447 1423 Et
2480 1371 2771 1439 potentiam
2803 1379 2948 1424 tuam
2981 1370 3289 1441 loquentur.

1941 1463 2028 1517 25.
2058 1461 2127 1517 Ut
2180 1472 2364 1517 notam
2400 1460 2601 1517 faciant
2642 1463 2768 1517 tiliis
2811 1464 3091 1518 hominum
3134 1463 3429 1533 potentiam

1873 1564 2018 1609 tuam
2039 1596 2053 1619 ,

1941 1644 2030 1700 26.
2073 1645 2136 1697 Et
2167 1644 2389 1712 gloriam
2422 1644 2831 1715 magniﬁcentia:
2870 1645 3015 1714 regni
3046 1646 3143 1698 tui.

1939 1736 2030 1789 27.
2065 1734 2305 1803 lle-gnum
2334 1744 2483 1788 tuum
2506 1773 2520 1798 ,
2562 1750 2784 1802 regnum
2812 1737 3053 1790 omnium
3085 1738 3429 1803 saeculorum,

1942 1825 2011 1877 28
2071 1824 2134 1877 Et
2163 1824 2457 1878 dominatio
2481 1833 2593 1889 tua,
2634 1823 2686 1877 in
2717 1824 2863 1877 omni
2905 1826 3249 1893 generatione
3269 1835 3320 1881 et
3344 1843 3435 1897 ge-

1875 1918 2176 1972 neratione.

1323 2136 1694 2195 ATHANASII
1732 2131 2320 2192 INTERPRETATIO.

279 2338 366 2392 16.
419 2339 526 2390 Καὶ
569 2340 633 2407 τῇ
677 2337 988 2407 ἀνατροφῇ,
1118 2338 1427 2409 ἀνετράφης
1473 2337 1547 2406 (1)
1592 2338 1647 2389 ὲν
1693 2334 1770 2405 τῷ

1943 2334 2030 2389 16.
2080 2334 2146 2389 Ει
2178 2334 2682 2400 conversationem,
2733 2348 2841 2404 qua
2890 2342 3242 2389 conversatus
3279 2351 3337 2390 os
3378 2339 3432 2393 io

201 2430 417 2499 κόσμῳ,
458 2428 718 2498 μαθόντες
747 2430 804 2479 ὲν
831 2429 967 2497 αὐτῇ
1000 2428 1428 2481 πολιτεύσονται.
1478 2428 1541 2478 'H
1568 2426 1673 2496 γὰρ
1696 2426 1770 2495 τῷ

202 2522 376 2589 στίχῳ
400 2519 777 2589 παρακειμένη
806 2519 1063 2589 συλλαϐὴ,
1094 2521 1128 2589 ή
1174 2518 1437 2588 λεγομένη
1487 2518 1629 2585 Χὴθ,
1683 2520 1771 2590 ἑρ-

203 2610 502 2683 μηνεύεται
535 2611 822 2677 ἔκστασις
855 2631 868 2643 ·
923 2611 1175 2672 ἔκστασις
1208 2610 1315 2679 γὰρ
1348 2605 1481 2678 εἶχε,
1516 2611 1608 2661 καὶ
1661 2610 1771 2677 ἔχει

201 2704 437 2767 πάντας,
480 2705 560 2757 ὅτι
588 2704 705 2756 ἐστὶ
733 2703 885 2768 Θεὸς,
916 2704 1008 2756 καὶ
1037 2704 1150 2765 τοϊς
1186 2700 1492 2773 ἀνθρώποις
1544 2701 1635 2753 ἐπὶ
1674 2701 1771 2771 τῆς

199 2796 312 2865 γῆς
352 2795 778 2865 συνανεστράφη.

280 2889 367 2952 17,
400 2888 484 2942 18.
520 2886 649 2939 Ἀπὸ
679 2886 785 2938 τῶν
811 2884 1170 2954 παθημάτων,
1198 2876 1278 2937 ὧν
1305 2884 1594 2953 ὑπέμεινεν
1634 2882 1771 2953 ὑπὲρ

201 2982 386 3051 ἡμῶν,
417 2979 707 3031 δείκνυται.

279 3072 365 3126 19.
405 3069 631 3138 Ἀγαοὺς
654 3067 857 3139 Κύριος
878 3068 987 3128 τοῖς
1015 3068 1179 3119 πᾶσιν
1208 3066 1529 3135 ἀνθρώποις.

276 3164 365 3218 20.
400 3163 503 3217 Kal.
526 3166 576 3218 οἱ
603 3161 875 3233 οίκτιρμοὶ
908 3160 1074 3214 αὐτοῦ
1102 3160 1195 3212 ἐπὶ
1231 3160 1406 3212 πάντα
1432 3159 1735 3231 ἄνθρωπον.

276 3336 366 3391 21.
415 3337 894 3407 Ἐξομολογήσουσι
926 3337 1125 3401 πάντες
1161 3340 1209 3390 οί
1244 3336 1539 3407 ἄνθρωποι,
1570 3338 1651 3390 ὅτι
1706 3338 1771 3390 σὺ

200 3424 259 3482 εἴ
281 3428 546 3498 κυριεύων
576 3428 791 3481 πάντων
816 3442 831 3458 ⁶
853 3426 1010 3479 τοῦτο
1025 3429 1130 3498 γὰρ
1156 3427 1396 3496 βούλεται
1416 3428 1475 3480 τὸ
1504 3427 1580 3497 τῷ
1600 3428 1768 3497 στίχῳ

204 3521 287 3592 (2)
334 3520 734 3592 παρακείμενον
775 3521 941 3591 ὄνομα
988 3518 1050 3571 τὸ
1090 3518 1379 3587 λεγόμενον
1419 3517 1577 3581 Ἰὼϐ,
1610 3518 1639 3570 δ
1683 3520 1771 3589 ἑρ-

204 3612 501 3685 μηνεύεται
531 3612 838 3679 κιφιεύων.

1873 2430 2108 2493 mundo,
2163 2430 2465 2484 ediscentes
2527 2428 2580 2482 in
2647 2429 2763 2497 ipsa
2803 2429 3005 2483 vivent.
3052 2426 3184 2482 Nam
3226 2430 3432 2500 syllaba

1872 2520 2049 2573 versui
2089 2520 2356 2587 ascripta,
2393 2533 2513 2587 qua:
2572 2518 2773 2573 dicitur
2827 2517 3012 2580 Cheth,
3050 2519 3434 2589 interpretatur

1870 2618 2052 2675 smpor
2084 2622 2102 2657 :
2128 2616 2318 2676 stupor
2344 2607 2487 2660 enim
2522 2606 2743 2671 habuit,
2774 2616 2828 2659 et
2868 2608 3028 2661 habet
3054 2623 3265 2675 omnes,
3290 2610 3434 2677 quod

1872 2696 2012 2753 Deus
2050 2708 2173 2767 est,
2212 2709 2266 2754 et
2302 2714 2428 2754 cum
2470 2698 2779 2753 hominibus
2808 2698 2863 2751 in
2897 2708 3039 2753 terra
3071 2711 3431 2756 conversatus

1869 2800 1972 2846 est.

1942 2882 2029 2945 17,
2073 2882 2155 2937 18.
2201 2882 2276 2937 Ex
2318 2884 2385 2939 lis
2422 2900 2545 2954 quae
2582 2900 2681 2955 pro
2708 2885 2864 2939 nobis
2902 2900 3097 2955 passus
3129 2895 3232 2952 est,
3261 2897 3439 2943 ostrei-

1870 2972 2037 3029 ditur.

1938 3065 2025 3117 19.
2068 3064 2251 3121 Bonus
2285 3064 2544 3120 Dominus
2575 3082 2701 3136 erga
2736 3082 2926 3121 omnes
2967 3066 3237 3123 homines.

1938 3156 2027 3212 20.
2066 3158 2130 3211 Et
2168 3157 2546 3212 miserationes
2600 3157 2717 3225 ejus
2772 3172 2926 3226 super
2988 3172 3205 3210 omnem
3258 3157 3435 3210 homi-

1872 3262 2014 3303 ηριη.

1939 3348 2025 3401 21.
2065 3347 2472 3402 Conﬁtebuntur
2520 3361 2709 3400 omnes
2750 3346 3033 3408 homines,
3078 3346 3333 3416 quoniam
3373 3356 3433 3399 tu

1870 3454 1926 3493 es
1964 3440 2272 3493 dominator
2305 3440 2580 3501 omnium;
2633 3438 2735 3490 hoc
2797 3439 2940 3491 enim
3010 3438 3276 3503 signiﬁcat
3340 3454 3435 3489 no-

1871 3544 1995 3582 men
2026 3527 2153 3581 Joth
2190 3529 2367 3583 versui
2398 3528 2714 3598 ascriptum,
2757 3527 2899 3597 quod
2931 3528 3317 3596 interpretatur
3341 3529 3436 3578 do-

1874 3636 2102 3673 nimam.

275 3704 365 3758 22.
403 3700 509 3755 Kal.
540 3704 588 3755 οί
618 3701 693 3773 τῷ
735 3702 1001 3773 πνεύματι
1033 3700 1250 3765 ζῶντες,
1291 3701 1385 3754 καὶ
1428 3700 1503 3769 (5)
1544 3700 1770 3755 κοπιῶν-

1943 3712 2031 3765 22.
2070 3711 2133 3766 Et
2176 3712 2367 3782 spiritu
2402 3712 2673 3773 viventes,
2715 3718 2769 3763 et
2806 3709 3115 3762 laborantes
3152 3709 3203 3762 in
3253 3710 3434 3777 operi-

200 3813 295 3858 τες
334 3798 392 3847 ἐν
419 3799 531 3859 τοῖς
557 3796 735 3867 ἔργοις
764 3796 861 3867 τῆς
904 3794 1244 3865 δικαιοσύνης
1271 3793 1548 3860 δοξάσουσί
1582 3811 1659 3849 σε.
1698 3793 1772 3848 Τὸ

202 3888 315 3954 γὰρ
336 3885 414 3957 τῷ
438 3887 600 3956 στίχῳ
616 3887 1018 3958 παρακείμενον
1042 3883 1168 3954 Χὰμ
1190 3885 1551 3955 ἑρμηνεύεται
1568 3885 1767 3954 θέρμη,

202 3981 300 4033 καὶ
330 3978 348 4050 [
372 3979 535 4031 κόπον
560 3978 575 4048 ]
603 3980 772 4047 ὅμως,
805 3978 1048 4031 τουτέστι
1072 3979 1131 4031 τὸ
1157 3978 1355 4047 θερμὸν
1391 3978 1490 4046 τῆς
1517 3976 1767 4041 πίστεως,

203 4072 300 4124 καὶ
330 4071 582 4123 ἐπίπονον
602 4070 707 4121 τῶν
730 4071 898 4138 ἁγίων
926 4068 1157 4122 ἐνταῦθα
1182 4068 1349 4139 δηλοῖ.

274 4159 365 4222 23,
396 4159 481 4213 24.
520 4159 620 4211 Καὶ
648 4160 745 4231 τὴν
780 4157 994 4213 αἰώνιον
1026 4158 1244 4211 κόλασιν
1277 4155 1634 4225 ἀναγγελοῦσι
1658 4173 1673 4189 ο
1713 4156 1773 4210 τὸ

203 4253 315 4321 γὰρ
370 4253 769 4321 παρακείμενον
806 4251 961 4303 τοῦτο
1012 4250 1163 4321 δηλοῖ
1200 4250 1314 4320 (ι),
1368 4249 1553 4320 ἐπειδὴ
1602 4250 1773 4320 ἑρμη-

203 4342 420 4396 νεύεται
448 4343 637 4411 Σαμές
670 4342 923 4413 [Λαμέδ]
956 4343 1191 4410 ῥάϐδος,
1218 4343 1458 4395 τουτέστι
1477 4342 1771 4408 βάσανοςο

274 4520 369 4581 25,
410 4519 498 4573 26.
528 4519 602 4588 (5)
652 4516 757 4572 Τοῦ
815 4522 1052 4589 σημᾶναι
1102 4522 1233 4574 πᾶσι
1293 4521 1392 4591 τὴν
1448 4521 1624 4591 κρίσιν
1679 4519 1774 4589 τῆς

206 4612 508 4683 παρουσίας
553 4628 667 4673 σου,
716 4612 809 4663 καὶ
852 4611 948 4681 τὴν
1000 4611 1350 4664 ἀνταπόδοσιν
1387 4610 1493 4662 τῶν
1544 4611 1774 4663 αἰωνίων

204 4704 428 4773 ἀγαθῶν
465 4704 520 4756 ὲν
545 4706 609 4773 τῇ
639 4702 882 4774 βασιλείᾳ
910 4721 1018 4756 σου.

277 4794 368 4848 27.
419 4792 795 4865 Ἀτελεύτητος
820 4831 835 4861 ,

279 4884 370 4939 28.
412 4882 517 4937 Kal.
540 4886 633 4937 ἐπὶ
654 4886 778 4948 τοὺς
806 4886 1201 4947 πιστεύσαντας
1226 4882 1301 4953 τῷ
1330 4885 1470 4954 λόγῳ
1490 4885 1580 4937 τοῦ
1606 4885 1774 4954 Εὐαγ-

207 4976 414 5046 γε).ίου,
452 4976 546 5029 καὶ
568 4978 658 5029 ἐπὶ
685 4979 811 5042 τοὺς
848 4978 921 5047 μὴ
959 4975 1372 5040 πιστεύσαντας.

1877 3803 1978 3858 bus
2001 3804 2226 3873 justitizn
2260 3802 2638 3873 glorilicabunt
2665 3810 2733 3855 te.
2764 3797 2897 3853 Nam
2930 3798 3096 3853 Citam
3123 3800 3303 3853 versui
3344 3814 3436 3867 ap-

1878 3897 2113 3967 positum
2160 3895 2543 3963 interpretatur
2569 3893 2716 3947 (πίον
2736 3903 2789 3947 et
2820 3893 2989 3958 labor,
3025 3892 3127 3946 hoc
3158 3901 3259 3955 est,
3292 3893 3435 3945 calo-

1876 4000 1988 4039 rem
2026 3984 2146 4039 ndei
2172 4024 2186 4049 ,
2228 3992 2283 4037 et
2326 3983 2563 4039 laborem
2624 3993 2938 4040 sanctorum
2985 3984 3036 4037 in
3089 3984 3191 4039 hoc
3232 3983 3435 4039 mundo

1869 4075 2151 4146 signiﬁcat.

1937 4168 2028 4233 23,
2068 4167 2158 4219 24.
2196 4166 2262 4221 Ει
2297 4177 2558 4222 :rtcrnum
2614 4168 2936 4236 supplicium
2985 4168 3385 4220 annuntiahunt
3420 4186 3431 4221 ;

1872 4273 2063 4313 nomen
2118 4260 2383 4329 siquidem
2439 4260 2734 4328 ascriptum
2792 4260 2893 4314 hoc
2949 4260 3259 4328 signilieat,
3308 4262 3435 4328 quia

1873 4346 2054 4403 Same:
2096 4348 2338 4421 [Lamed]
2376 4350 2758 4420 interpretatur
2808 4353 2989 4419 virga,
3052 4351 3157 4406 hoc
3196 4361 3279 4406 est
3318 4369 3436 4404 cru—

1872 4440 2042 4492 ciatus
2071 4456 2087 4491 :

1942 4525 2033 4585 25.
2064 4526 2150 4580 26.
2181 4524 2249 4579 Ut
2301 4526 2605 4595 signiﬁcent
2646 4528 2899 4583 omnibus
2938 4528 3203 4598 judicium
3237 4530 3437 4584 adven-

1873 4623 1962 4671 tus
1993 4618 2109 4683 tui,
2158 4626 2210 4670 et
2258 4618 2664 4674 retributionem
2712 4628 3037 4674 mteruorum
3073 4620 3335 4675 bonorum
3382 4622 3434 4673 in

1875 4725 2038 4779 regno
2071 4718 2179 4762 tuo.

1941 4798 2029 4852 27.
2062 4796 2188 4853 Sine
2220 4802 2357 4863 line,

1946 4888 2036 4941 28.
2075 4888 2138 4942 Et
2176 4904 2337 4960 super
2384 4905 2573 4944 omnes
2615 4891 2895 4947 credentes
2934 4889 3096 4945 verbo
3140 4889 3434 4960 Evangelii,

1809 4993 1853 5049 ι)
1877 4988 1931 5034 et
1959 4994 2120 5049 super
2146 4996 2251 5035 non
2279 4983 2578 5037 credentes.

1125 5180 1430 5243 Addenda
1482 5184 1541 5242 et
1572 5182 1945 5261 corrigenda
1976 5200 2052 5244 ex
2108 5183 2247 5245 cod.
2276 5185 2474 5246 Vatic.

284 5392 360 5461 (1)
392 5390 774 5475 ,Ἀναστροῳῗμ
886 5388 1268 5475 ανείττράφηςο,
1327 5400 1429 5443 etc.
1463 5387 1776 5475 'ﬂ‘oltted'ov-

284 5407 330 5461 (α
342 5407 360 5461 )
414 5407 602 5444 ’Λναστ
648 5416 667 5442 λ
710 5407 743 5461 ῃ
761 5432 774 5453 ,
819 5407 866 5475 η
886 5407 1268 5473 ανεὶττραφηςο,
1327 5407 1429 5443 etc.
1470 5407 1773 5442 πολιτεύον-

208 5478 323 5533 ται,
354 5470 483 5524 etc.,
506 5407 761 5533 magis,
788 5459 1485 5533 ﬂatam;_xtvvabap_amq._ﬂ
1509 5458 1773 5533 λεγομένη

213 5532 345 5589 ⁸110.
381 5542 508 5593 etc.,
533 5528 623 5583 καὶ
641 5527 751 5599 ἔχει
783 5527 1011 5590 πάντας.
1036 5530 1114 5581 ὅτι
1136 5527 1384 5592 Θεὺςὲπὶ
1402 5527 1501 5597 τῆς
1532 5527 1773 5599 γῆς’τοῖς

210 5600 519 5669 ἀνθρώποις
546 5599 1004 5669 συνανεστράφης.

283 5666 362 5741 (2)
397 5671 469 5755 'le
495 5671 580 5725 διὰ
613 5669 711 5755 τῇς
760 5666 1124 5751 κινναξὶάρεως
1159 5684 1236 5737 τῳ
1270 5667 1455 5738 στίχῳ,
1483 5676 1611 5731 etc.,
1631 5666 1768 5719 'lu'ill'

214 5739 300 5815 ἐρ
363 5740 572 5794 νεύεται
610 5739 719 5809 γὰρ
753 5739 1039 5809 κυριεύων.

285 5758 363 5884 ϊῒδ
416 5812 656 5876 Ζέοντες,
688 5810 798 5872 καί,
830 5818 968 5874 etc.,
1006 5808 1425 5880 παρακείμενον,
1457 5807 1517 5861 τὸ
1546 5805 1769 5876 λεγόμε-

1880 5393 2118 5480 νονιχὰμ
2144 5395 2716 5480 ὲρμηνεύεταιβέρμη,
2745 5396 2836 5447 καὶ
2850 5395 3017 5464 ὅμως,
3043 5403 3173 5457 etc.;
3206 5394 3305 5465 leg.
3328 5394 3431 5448 vid.

1876 5464 2127 5607 “72in
2148 5535 2255 5606 γὰρ
2299 5536 2376 5607 τῷ
2414 5536 2579 5606 στίχῳ
2622 5534 3019 5607 παρακείμενον
3056 5536 3223 5605 ὄνομα
3284 5535 3439 5589 τοῦτο

1874 5605 2039 5677 δηλοῖ,
2058 5615 2186 5677 etc.,
2200 5675 2211 5677 ᾗ
2226 5604 2582 5677 ἑρμηνεύεται
2603 5608 2660 5659 τὸ
2678 5607 2847 5659 Σαεὲδ
2865 5604 2871 5605 ί
2886 5604 3098 5677 ράᾇδος,
3121 5604 3223 5660 etc-

1946 5674 2021 5747 (5)
2072 5674 2133 5727 N.
2188 5674 2277 5738 25,
2309 5674 2437 5743 Τοῦ,
2489 5690 2619 5745 etc.,
2666 5677 2764 5747 τῆς
2812 5674 3057 5743 ἐξουσίας
3095 5692 3208 5733 σου.
3243 5674 3304 5730 Ν.
3340 5674 3432 5737 26,

1873 5745 1979 5799 Καὶ
2010 5751 2124 5815 την,
2161 5756 2267 5801 etc.
