4142 6524
710 425 849 481 1315

1547 418 1608 473 S.
1644 416 2013 471 ATHANASH
2059 414 2205 469 OPP.
2250 412 2429 469 PARS
2467 412 2554 469 Ill.
2587 443 2656 453 —
2682 413 3091 469 EXEGETICA.

3809 413 3940 468 13i6

779 533 865 588 29.
900 530 971 604 [Ὠ
997 529 1122 586 Sam
1149 530 1245 603 (1)]
1273 530 1472 585 Fidelis
1501 528 1762 584 Dominus
1790 530 1843 582 in
1874 527 2126 582 omnibus
2161 542 2271 580 ver-

2442 526 2528 579 29.
2565 525 2757 597 [Σάμῖ
2789 527 2981 589 Πιστὸς
3011 525 3206 596 Κύριος
3238 527 3294 578 ὲν
3315 527 3449 579 πᾶσι
3474 527 3588 589 τοῖς
3620 525 3802 593 λόγοις
3848 524 3942 578 αὖ·

711 627 794 683 bis
833 625 975 688 suis,

777 717 865 772 50.
903 716 967 770 Et
991 723 1214 770 sanctus
1244 713 1296 767 in
1324 712 1577 770 omnibus
1610 712 1872 780 operibus
1901 710 2037 765 suis.

779 809 866 860 3|.
905 807 965 878 [υ
1010 805 1173 877 Kam]
1227 804 1436 858 Allevat
1495 802 1761 857 Dominus
1796 816 1986 855 omnes
2028 800 2121 869 qui
2155 814 2275 853 cor-

711 912 909 964 ruunt,

779 990 867 1043 52.
901 989 966 1042 Et
990 988 1144 1057 erigit
1169 1002 1358 1042 omnes
1390 986 1573 1040 elisos.

778 1082 868 1135 35.
910 1080 968 1153 [π
993 1081 1119 1152 Mei]
1148 1079 1302 1134 Oculi
1330 1080 1572 1133 omnium
1603 1078 1657 1131 in
1695 1088 1744 1131 te
1780 1085 2032 1146 sperant,

779 1172 866 1225 54.
900 1172 965 1225 Ει
1002 1182 1054 1227 ιιι
1098 1173 1196 1225 das
1228 1186 1409 1225 escam
1451 1171 1666 1223 illorum
1711 1170 1764 1222 in
1798 1179 2042 1238 tempore
2081 1183 2276 1238 oppor-

710 1274 842 1320 tuno
875 1262 1075 1334 [escam
1111 1264 1190 1317 eis
1225 1262 1561 1331 temporibus
1596 1261 1971 1332 Opportunis].

780 1356 867 1409 55.
899 1355 958 1427 [5
990 1355 1120 1425 ΡΙιεῖ
1159 1355 1352 1424 Aperis
1402 1364 1457 1408 tu
1504 1370 1724 1408 manum
1785 1364 1963 1417 tuam,
1997 1363 2050 1407 et
2089 1350 2277 1421 imples

709 1462 870 1503 omne
901 1449 1102 1502 animal
1133 1447 1530 1502 benedictione.

2371 615 2489 676 τοῦ,

2439 709 2527 761 50.
2564 706 2666 760 Καὶ
2697 709 2840 770 ὅσιος
2867 710 2922 759 ὲν
2952 709 3085 760 πᾶσι
3116 710 3226 769 τοῖς
3252 707 3436 779 ἔργοις
3467 709 3654 762 αὑτοῦ.

2440 801 2528 854 Si.
2563 799 2762 872 [Χάμ]
2798 799 3175 870 ’Υποστηρίζει
3214 799 3412 873 Κύριος
3441 800 3652 864 πάντας
3677 801 3808 864 τοὺς
3847 817 3941 852 κα-

2371 892 2736 955 ταπίπτοντας
2753 932 2767 955 ,

2445 985 2532 1038 5‘2.
2563 981 2666 1038 Καὶ
2697 983 2911 1055 ἀνορθοῖ
2939 983 3144 1048 πάντας
3171 984 3297 1048 τοὺς
3327 984 3834 1057 κατεῤῥαγμένους.

2445 1077 2534 1129 35.
2569 1075 2587 1147 [
2610 1074 2748 1148 Mei]
2777 1078 2838 1128 Οἱ
2865 1075 3128 1146 ὀφθαλμοὶ
3154 1077 3370 1130 πάντων
3397 1079 3475 1140 εἰς
3500 1079 3558 1130 σὲ
3581 1077 3885 1140 ἐλπίζουσι,

2443 1167 2530 1220 54.
2567 1167 2669 1220 Καὶ
2701 1168 2764 1220 σὺ
2808 1168 2962 1230 δίδως
2985 1168 3079 1237 τὴν
3111 1169 3317 1240 τροφὴν
3354 1169 3530 1222 αὐτῶν
3583 1172 3642 1222 ἐν
3689 1170 3942 1241 εὐκαιρία

2373 1257 2598 1329 [αὐτοῖς
2629 1261 2685 1310 ἐν
2709 1258 3048 1330 εὐκαιρίαις]
3075 1275 3088 1286 ·

2445 1352 2531 1404 55.
2565 1349 2715 1421 [Φή]
2758 1349 3020 1416 Ἀνοίγεις
3059 1351 3122 1402 σὺ
3160 1351 3257 1423 τὴν
3283 1353 3444 1425 χεῖρά
3479 1371 3594 1417 σου,
3642 1370 3737 1410 και
3775 1357 3938 1425 ἐμπι-

2377 1440 2515 1509 πλᾷς
2555 1441 2661 1492 πᾶν
2693 1437 2828 1502 ζῶον
2858 1437 3120 1502 εὐδοκίας.

1828 1582 2205 1638 ATHANASII
2242 1577 2817 1635 ΙΝΤΕΒΡΒΕΤΑΤΙΟ.

778 1702 866 1756 29.
901 1701 1071 1755 Verax
1093 1743 1107 1760 .
1139 1702 1325 1756 firmus
1347 1741 1360 1765 ,
1394 1701 1749 1756 immutabilis
1779 1702 1831 1755 in
1863 1703 1962 1766 iis,
1995 1720 2114 1774 qua:
2142 1703 2271 1758 deli-

2442 1698 2527 1752 ‘29.
2575 1697 2824 1767 Ἀληθὴς,
2860 1696 3092 1768 ἑδραῖος,
3136 1698 3552 1772 ἀμετακίνητος,
3596 1702 3686 1770 ἐφ’
3716 1699 3801 1765 οἷς
3825 1704 3940 1776 ὥρι-

710 1793 845 1845 nivit
895 1793 946 1846 in
987 1791 1229 1861 judicio;
1286 1792 1388 1845 hoc
1420 1793 1563 1846 enim
1612 1792 1879 1861 significat
1907 1794 2274 1864 syllaba,qu:e

710 1881 907 1939 dicitur
934 1883 1094 1947 Sam,
1123 1885 1228 1939 hoc
1253 1892 1334 1938 est
1366 1884 1644 1948 stabilivit,
1676 1896 1728 1940 et
1750 1887 1912 1940 etiam
1956 1888 2275 1956 interpreta-

711 1985 798 2030 tur
829 1977 961 2038 illic,
995 1976 1096 2031 hoc
1122 1988 1203 2030 est
1232 1976 1283 2029 in
1314 1975 1541 2045 judicio.

779 2068 868 2122 30.
906 2069 970 2122 Et
1011 2068 1496 2137 irreprehensibilis
1527 2069 1580 2122 in
1608 2068 1863 2123 omnibus
1889 2083 2008 2138 quae
2035 2068 2270 2132 creavit;

709 2168 762 2215 et
801 2159 854 2212 in
895 2160 1148 2213 omnibus
1176 2160 1458 2228 praeceptis
1503 2160 1647 2223 suis;
1684 2171 1736 2213 et
1766 2159 1819 2213 in
1874 2161 2126 2213 omnibus
2154 2176 2274 2229 qua:

711 2252 965 2322 suscepit,
995 2261 1047 2306 et
1071 2267 1263 2321 passus
1299 2260 1382 2305 est
1405 2261 1625 2320 propter
1651 2260 1891 2306 nostram
1925 2253 2177 2306 salutem.

778 2432 866 2486 51.
901 2431 1132 2502 Subjicit
1167 2431 1429 2486 Dominus
1457 2431 1685 2502 gratiam
1723 2446 1900 2485 suam.

779 2521 867 2574 52.
903 2521 967 2574 Et
1009 2536 1229 2590 surgere
1259 2519 1386 2574 facit
1415 2536 1604 2576 omnes
1647 2521 1926 2590 prolapsos
1967 2518 2018 2572 in
2059 2517 2270 2583 faciem,

710 2609 817 2664 hoc
867 2618 949 2666 est
990 2610 1041 2663 in
1089 2610 1248 2666 corda
1299 2627 1434 2674 sua,
1463 2621 1515 2666 et
1546 2610 1844 2665 infirmatos
1890 2610 1942 2664 in
1991 2611 2269 2680 peccatis:

710 2701 914 2773 syllaba
940 2702 1083 2756 enim
1113 2701 1377 2771 apposita,
1417 2717 1536 2771 quae
1566 2702 1764 2755 dicitur
1792 2701 1978 2764 Citam,
2013 2709 2275 2752 sustenta-

713 2793 887 2846 culum
919 2793 1322 2863 interpretatur,
1357 2793 1576 2863 perinde
1610 2808 1674 2846 ac
1727 2793 1771 2846 si
1826 2792 2027 2846 diceret
2057 2791 2276 2860 subjicit

708 2897 766 2938 se
795 2883 969 2951 ipsum
1003 2882 1284 2949 Dominus,
1305 2894 1357 2936 et
1385 2890 1559 2952 portat
1582 2882 1848 2946 infirmos,
1880 2891 1940 2938 ut
1972 2897 2166 2938 versus
2197 2883 2273 2937 si-

711 2971 928 3042 gniﬁcat
963 2991 975 3026 :
1017 2981 1065 3026 et
1101 2981 1475 3042 permanentes
1522 2981 1699 3028 mente
1761 2989 1860 3029 sua
1915 2973 1968 3028 in
2012 2975 2271 3044 peccatis,

2379 1808 2468 1844 σεν
2497 1793 2551 1842 ὲν
2578 1794 2643 1860 τῇ
2676 1791 2852 1860 κρίσει
2873 1807 2885 1818 ⁸
2923 1789 3078 1843 τοῦτο
3103 1790 3542 1862 γάρ.βούλεταιή
3582 1795 3825 1865 συλλαϐὴ
3867 1799 3938 1865 (1)

2377 1882 2407 1950 ὴ
2447 1880 2712 1950 λεγομένη
2743 1880 2890 1944 Σὰμ,
2927 1879 2954 1930 ὃ
2997 1879 3142 1930 ἐστιν
3182 1879 3482 1947 ἐστήριξε,
3530 1884 3624 1934 καὶ
3656 1877 3819 1936 πάλιν
3853 1886 3940 1953 έρ-

2379 1973 2671 2042 μηνεύεται
2704 1969 2851 2033 ἐκεῖ,
2883 1969 3153 2022 τουτέστιν
3194 1971 3250 2021 ἐν
3282 1973 3346 2040 τῇ
3376 1973 3576 2042 κρίσει.

2446 2064 2532 2116 50.
2563 2061 2666 2113 Καὶ
2697 2061 2982 2131 ἄμεμπτος
3019 2063 3076 2113 ὲν
3109 2064 3272 2114 πᾶσιν
3298 2103 3312 2124 ,
3368 2057 3448 2126 οἷς
3487 2064 3938 2136 ἐδημιούργησεν,

2375 2156 2468 2208 καὶ
2491 2155 2546 2206 ὲν
2571 2156 2701 2206 πᾶσι
2740 2156 2851 2215 τοῖς
2881 2155 3293 2224 προστάγμασιν
3335 2153 3520 2217 αὑτοῦ,
3549 2156 3644 2207 καί
3674 2159 3733 2209 ἐν
3758 2162 3936 2220 πᾶσιν,

2374 2245 2453 2309 οἷς
2499 2246 2838 2310 κατεδέξατο,
2871 2246 2962 2298 καὶ
3014 2246 3242 2298 πέπονθε
3285 2245 3361 2316 (9.)
3392 2246 3480 2298 διὰ
3525 2247 3622 2316 τὴν
3675 2249 3938 2319 ἡμετέραν

2377 2337 2666 2407 σωτηρίαν.

2442 2429 2526 2481 51.
2562 2427 2638 2495 (3)
2673 2426 2988 2496 Ὑποτίθησι
3023 2425 3218 2497 Κύριος
3248 2427 3344 2498 τὴν
3388 2428 3547 2497 χάριν
3573 2427 3765 2482 αὑτοῦ.

2442 2521 2528 2574 52.
2567 2518 2668 2572 Καὶ
2700 2519 2960 2587 ἀνέστησε
2994 2519 3198 2582 πάντας
3231 2523 3352 2582 τοὺς
3383 2521 3831 2585 καταπίπτοντας
3851 2525 3934 2575 ἐπι

2375 2610 2440 2664 τὰ
2466 2610 2749 2681 πρόσωπα,
2781 2611 3057 2663 τουτέστιν
3102 2611 3195 2663 ἐπὶ
3221 2611 3317 2673 τὰς
3353 2611 3580 2680 καρδίας
3614 2613 3815 2678 αὐτῶν,
3854 2615 3938 2668 καὶ

2374 2699 2728 2760 ἀσθενοῦντας
2751 2701 2808 2751 ἐν
2846 2704 2909 2771 τῇ
2941 2700 3214 2773 ἁμαρτία·
3245 2703 3277 2772 ἡ
3315 2699 3370 2752 δὲ
3414 2704 3800 2775 παρακειμένη
3827 2707 3938 2758 συλ-

2375 2789 2510 2859 λαϐὴ
2542 2791 2574 2858 ἡ
2609 2788 2876 2858 λεγομένη
2923 2793 3050 2860 Χὰμ
3102 2792 3249 2861 ὅμως
3302 2791 3701 2861 ἑρμηνεύεται,
3747 2795 3937 2848 ὡσανεὶ

2377 2884 2690 2954 ὑποτίθησιν
2721 2884 2904 2936 ἑαυτὸν
2936 2884 2965 2934 6
3000 2882 3216 2953 Κύριος,
3242 2883 3334 2935 καὶ
3356 2883 3616 2952 βαστάζει
3645 2888 3774 2951 τοὺς
3795 2888 3936 2941 ἀσθε·

2374 2977 2501 3038 νεῖς,
2546 2975 2620 3038 ὠς
2661 2977 2688 3027 6
2719 2975 2898 3044 στίχος
2932 2973 3082 3043 δηλοῖ
3117 2991 3130 3004 ’
3173 2976 3267 3026 κα)⁵
3307 2977 3430 3038 τοὺς
3478 2978 3935 3050 ὲναπομείναντας

711 3062 873 3116 veluti
921 3078 987 3117 ex
1042 3078 1234 3117 somno
1264 3063 1528 3127 suscitat,
1561 3079 1929 3134 compungens
1965 3079 2058 3119 eos
2103 3065 2271 3134 gratia

2374 3067 2439 3135 τῇ
2471 3065 2677 3138 διανοίᾳ
2704 3069 2783 3128 εἰς
2806 3068 2904 3138 τὴν
2928 3065 3224 3136 ἁμαρτίαν,
3267 3065 3341 3129 ὡς
3370 3068 3428 3133 ἐξ
3463 3067 3634 3122 ὕπνου
3667 3071 3931 3142 διεγείρει,

711 3171 832 3219 sua,
861 3165 914 3210 et
941 3171 1163 3226 surgere
1187 3155 1390 3210 faciens
1410 3195 1425 3219 ,
1460 3165 1519 3209 ut
1549 3156 1929 3223 confiteantur,
1969 3165 2024 3211 et
2058 3156 2278 3227 vigilent

712 3245 985 3315 deinceps,
1024 3262 1090 3300 ne
1119 3246 1350 3314 amplius
1380 3255 1624 3315 peccent.

780 3417 867 3471 33.
905 3415 1078 3472 Corda
1117 3417 1357 3471 omnium
1396 3416 1734 3472 credentium
1766 3414 1819 3471 in
1855 3426 1906 3471 te
1935 3415 2161 3487 gratiam
2191 3433 2275 3471 re-

710 3509 935 3580 cipiunt.

778 3602 866 3654 5-5.
904 3601 966 3653 Et
996 3609 1083 3663 tu,
1143 3615 1264 3654 cum
1316 3613 1468 3654 mens
1515 3614 1701 3654 eorum
1751 3599 1986 3669 quiescit
2029 3597 2097 3653 ab
2128 3600 2273 3653 omni

712 3693 982 3746 mundana
1036 3708 1186 3754 cura,
1236 3703 1289 3746 et
1335 3692 1796 3761 concupiscentia,
1848 3693 2124 3746 illuminas
2180 3707 2274 3746 eos

713 3784 931 3838 scientia
961 3793 1350 3854 praeceptorum
1385 3793 1624 3838 tuorum.

780 3881 866 3935 55.
902 3879 1254 3934 Abundanter
1281 3880 1534 3932 donando
1563 3878 1793 3947 gratiam
1827 3878 1997 3932 sancti
2037 3876 2271 3948 Spiritus

712 3973 859 4027 omni
913 3969 1158 4031 homini,
1217 3969 1307 4039 qui
1369 3969 1604 4023 adimeret
1657 3970 1920 4024 voluntati
1978 3979 2082 4023 tute
2116 3989 2128 4024 :
2163 3969 2269 4023 Plte

710 4065 852 4118 enim
887 4064 1264 4132 interpretatur
1294 4077 1350 4115 os
1376 4104 1388 4126 ,
1426 4062 1526 4115 hoc
1560 4071 1642 4116 est
1674 4061 1953 4115 insulllans
2003 4062 2177 4129 ipsum
2214 4063 2265 4114 in

711 4155 902 4210 faciem
958 4163 1268 4209 sanctorum
1348 4161 1402 4208 et
1453 4154 1640 4208 dicens
1685 4171 1697 4206 :
1738 4153 1968 4222 Accipite
2009 4152 2265 4221 Spiritum

709 4258 947 4298 sanctum
963 4247 1004 4298 ⁸.

781 4363 800 4392 ⁸
835 4361 990 4417 Joan.
1026 4380 1115 4432 xx,
1150 4370 1236 4424 29..

2373 3155 2689 3225 κατανύγων
2711 3158 2906 3220 αὐτοὺς
2937 3159 3001 3227 τῇ
3043 3157 3225 3226 χάριτι
3267 3159 3452 3218 αὐτοῦ.
3486 3162 3582 3212 καὶ
3609 3161 3932 3226 ἀναστάντας

2373 3244 2567 3306 αὐτοὺς
2597 3245 3054 3314 ἐξομολογεῖσθαι,
3073 3245 3166 3300 καὶ
3194 3251 3381 3319 νήφειν
3404 3249 3497 3302 τοῦ
3524 3250 3714 3304 λοιποῦ
3739 3251 3831 3304 τοῦ
3863 3254 3927 3323 μὴ

2373 3336 2722 3406 ἁμαρτάνειν.

2443 3431 2530 3483 55.
2562 3433 2624 3483 Ai
2659 3431 2874 3502 καρδίαι
2911 3433 3126 3485 πάντων
3179 3433 3285 3484 τῶν
3337 3435 3700 3490 πιστευόντων
3749 3441 3826 3503 εἰς
3875 3440 3925 3491 σὲ

2373 3523 2470 3591 τὴν
2497 3523 2652 3592 χάριν
2685 3524 3090 3594 ἁπεκδέχονται.

2441 3612 2528 3666 54.
2560 3612 2659 3666 Καὶ
2692 3616 2776 3680 σὺ,
2803 3615 2930 3667 ὅταν
2964 3613 3222 3685 ἡσυχάζει
3265 3619 3292 3668 6
3327 3615 3452 3680 νοῦς
3488 3618 3671 3670 αὐτῶν
3723 3619 3797 3690 (tl)
3834 3621 3927 3674 ἀπὺ

2372 3703 2550 3772 πάσης
2592 3704 2849 3774 βιωτικῆς
2883 3706 3160 3776 φροντίδος
3194 3706 3288 3758 καὶ⁸
3328 3707 3622 3779 ἐπιθυμίας
3643 3750 3657 3773 ,
3691 3713 3927 3781 φωτίζεις

2371 3795 2566 3859 αὐτοὺς
2595 3794 2692 3866 τὴν
2711 3797 2910 3864 γνῶσιν
2937 3796 3043 3849 τῶν
3080 3797 3514 3868 προσταγμάτων
3537 3816 3649 3852 σου.

2439 3885 2528 3939 35.
2563 3885 2835 3948 Πλουσίως
2854 3886 3090 3957 δώρησαι
3128 3887 3225 3956 τὴν
3259 3888 3416 3956 χάριν
3456 3887 3550 3941 τοῦ
3586 3889 3744 3957 ἁγίου
3777 3890 3928 3943 1]νεῦ-

2381 3993 2548 4045 ματος
2582 3976 2658 4046 (5)
2685 3978 2845 4029 παντὶ
2867 3976 3135 4047 ἀνθρώπῳ
3167 3977 3512 4049 προκειμένῳ
3557 3979 3636 4050 τῷ
3681 3981 3926 4052 θελήματί

2377 4084 2501 4121 σου·
2544 4069 2604 4121 τὸ
2637 4069 2742 4140 γὰρ
2795 4071 2882 4136 Φῆ
2920 4069 3278 4140 ἑρμηνεύεται
3323 4073 3554 4140 στόμα,
3587 4075 3834 4127 τουτέστι
3875 4075 3926 4127 τὸ

2375 4163 2625 4233 ὲμφυσᾷν
2647 4163 2808 4216 αὑτὸν
2837 4165 2915 4227 εἰς
2947 4163 3014 4215 τά
3054 4163 3318 4234 πρόσωπα
3361 4162 3469 4216 τῶν
3498 4164 3693 4232 ἁγίων,
3736 4167 3825 4220 καὶ
3852 4166 3925 4220 λέ-

2300 4241 2344 4296 Ῐ)
2374 4271 2490 4321 γειν
2514 4273 2525 4284 ·
2557 4255 2775 4310 Λάϐετε
2803 4255 3040 4325 Πνεῦμα
3063 4255 3250 4325 ἅγιον.

1612 4454 1915 4515 Addenda
1974 4462 2033 4516 et
2086 4458 2463 4539 corrigenda
2521 4475 2597 4519 ex
2657 4460 2795 4522 cod.
2831 4461 3033 4520 Vatic.

785 4558 858 4628 (Ι)
893 4559 960 4632 ξιι
996 4558 1080 4610 διά
1104 4560 1204 4632 τῆς
1253 4557 1888 4632 κινναᾷάρεωςμσυλλαϐὴ
1928 4557 2260 4632 ήᾼλεγομένη

712 4630 850 4699 Σὰμ.
887 4628 1258 4699 ἑρμηνεύεται,
1282 4630 1528 4699 στηρίξαι
1549 4628 1659 4691 καί,
1680 4639 1806 4691 ctc.,
1831 4629 2104 4681 τουτέστιν
2130 4628 2259 4684 ἐκεῖξ

782 4697 856 4766 (2)
892 4697 1168 4752 Πέττοιθεν.

778 4771 854 4842 (ὅ)
887 4767 957 4842 N.
980 4769 1087 4842 5|._
1111 4768 1445 4842 ⁴ὶ“ποτίθησι,
1471 4778 1599 4842 ctc.,
1628 4771 1721 4821 καὶ
1758 4769 2004 4840 ἀνίστησι
2055 4772 2260 4834 πάντας

709 4838 843 4902 τοὺς
867 4838 1240 4900 ἀσθενοῦντας,
1275 4840 1364 4890 καὶ
1393 4839 1847 4902 καταπίπτοντας,
1877 4838 2005 4903 etc.,
2039 4842 2129 4894 ἐπὶ
2164 4843 2258 4904 τάς

710 4909 929 4978 καρδίας
957 4907 1130 4979 αὐτῶν
1151 4925 1163 4937 ⁸
1193 4909 1224 4976 ἠ
1254 4909 1308 4960 δὲ
1353 4908 1722 4978 παρακειμένη
1757 4909 1841 4960 διὰ
1879 4911 1974 4979 τῆς
2011 4912 2259 4965 κινναῦά-

713 4997 848 5048 ρεως
871 4978 1122 5047 συλλαϐὴ,
1151 4982 1181 5048 ἡ
1211 4979 1472 5050 λεγομένη
1509 4979 1649 5050 Χάμ,
1674 4993 1802 5032 ctc..
1829 4978 2141 5050 ὑποτίθησιν
2165 4982 2258 5032 αὺ-

708 5047 797 5102 τὸν
831 5052 876 5111 ὁ,
911 5061 1036 5111 ctc.,
1073 5051 1194 5111 τοὺς
1222 5047 1484 5110 ἀσθενεῖς.
1523 5049 1702 5112 καθὼς
1731 5050 1823 5102 καὶ
1850 5053 1876 5103 ὁ
1909 5047 2086 5121 στίχος
2109 5052 2265 5103 τοῦτο

2364 4564 2528 4634 δηλοῖ.
2554 4562 2617 4616 Ν.
2637 4564 2733 4636 βΞ,
2771 4563 3024 4636 Καὶλτοὺς
3056 4564 3535 4634 ὲναπομείναντας,
3577 4573 3709 4628 ctc.,
3746 4565 3805 4635 τῇ
3835 4565 3916 4636 χάο

2367 4633 2473 4704 ριτι
2499 4634 2662 4686 αὐτοῦ
2693 4633 3049 4696 ἀναστάντας,
3087 4643 3192 4687 etc.

2437 4705 2513 4770 (4)
2562 4704 2746 4775 Αὐτῶν
2791 4707 2819 4757 6
2861 4704 3002 4766 νοῦς,
3046 4714 3172 4775 ctc.,
3206 4702 3313 4755 τῶν
3359 4705 3797 4775 προσταγμάτων
3836 4723 3914 4759 σου

2362 4774 2726 4853 tax-69:13:61:
2736 4792 2872 4853 ντων
2910 4773 3125 4853 αὑιξεύςἷ

2433 4844 2508 4916 (5)
2541 4843 2654 4927 Τοῦ.
2677 4844 2830 4927 ἁγίου
2855 4861 2947 4927 οξομ
2979 4843 3494 4927 ,Πνεῦματοςλοθιοη
3532 4845 3911 4927 προσκειμένῳ,

2359 4913 2488 4978 ctc.,
2516 4915 2576 4967 τὸ
2598 4914 2705 4985 γάρ
2730 4916 2830 4986 (bin,
2845 4915 2903 4967 τὺ
2918 4913 3002 4966 διὰ
3024 4914 3122 4983 τῆς
3138 4913 3531 4985 κινναϐάρεως,
3551 4913 3911 4986 ἑρμηνεῦεται,

2361 4996 2464 5039 εις.

780 5164 855 5234 (1)
883 5164 1039 5218 Deest
1074 5164 1126 5218 in
1165 5173 1311 5218 textu
1344 5163 1568 5220 Hebraeo
1604 5166 1776 5219 littera
1807 5179 1854 5226 λ.
1905 5167 2029 5235 quia
2085 5167 2267 5221 deficit
2317 5181 2540 5226 versus,
2599 5167 2689 5237 qui
2735 5168 2801 5221 ab
2839 5167 2928 5221 illa
2969 5167 3206 5237 incipere
3248 5165 3496 5231 debebat,
3545 5179 3742 5235 nempe
3767 5174 3907 5250 pom.

714 5257 770 5312 id
802 5266 886 5309 est
913 5256 1134 5318 Fidelis,
1176 5265 1234 5309 ut
1267 5258 1555 5312 advertunt
1578 5255 1869 5320 Vatablus,
1901 5269 1954 5311 ct
1985 5257 2207 5311 Simeon
2242 5257 2308 5314 de
2342 5258 2481 5311 Muis
2504 5298 2518 5319 ,
2547 5258 2769 5327 aliique.
2801 5256 2956 5312 Hunc
2991 5268 3170 5313 autem
3200 5274 3418 5312 versum
3452 5271 3677 5313 necesse
3707 5271 3815 5317 ρει.
3838 5256 3908 5309 vel

713 5327 1054 5381 librariorum
1096 5327 1250 5394 culpa
1296 5329 1565 5381 excidisse
1590 5369 1604 5384 .
1645 5328 1726 5380 vel
1758 5328 1823 5380 de.
1862 5329 2129 5382 industria
2166 5329 2233 5382 ab
2264 5327 2499 5383 Hebraeis
2523 5327 2693 5384 fuisse
2733 5329 3027 5382 sublatum.
3069 5328 3200 5382 Nam
3236 5329 3385 5382 illum
3433 5328 3488 5380 in
3522 5337 3668 5381 textu
3705 5327 3906 5381 Hebraeo

707 5398 956 5463 originali
992 5405 1145 5448 antea
1178 5397 1451 5467 exstitisse
1495 5398 1688 5467 probat
1719 5400 1852 5452 ordo
1880 5400 2182 5452 litterarum
2220 5398 2492 5466 alpliabeti
2531 5397 2779 5452 Hebraici
2810 5439 2824 5460 ,
2869 5407 3124 5467 certoque
3152 5399 3439 5453 confirmat
3487 5399 3670 5452 versio
3698 5397 3905 5464 Septua-

708 5471 853 5538 ginta
879 5467 1156 5538 ,Aaliteque
1194 5465 1391 5520 Grzecm
1422 5465 1728 5525 ver—siones:
1763 5479 1815 5522 et
1848 5477 2042 5537 praeter
2070 5465 2376 5538 Vulgatam,
2409 5483 2528 5536 quae
2563 5484 2625 5522 ex
2660 5465 3043 5537 Septuaginta
3072 5480 3284 5538 sumpta
3328 5477 3445 5533 est,
3476 5469 3640 5520 etiam
3699 5467 3902 5520 Arabica

706 5535 759 5591 ἐι
799 5535 1052 5605 Syriaca,
1094 5552 1214 5606 quas
1258 5552 1444 5591 omnes
1479 5553 1692 5591 versum
1728 5535 1877 5591 illum
1932 5535 2270 5600 habentfet
2322 5535 2799 5606 conSequenter’in
2840 5535 3122 5592 codicibus
3156 5535 3395 5592 Hebraris
3421 5578 3434 5600 ,
3477 5538 3622 5590 unde
3651 5542 3901 5589 adornata:

709 5604 855 5670 sunt,
893 5604 1152 5675 legerunt.
1189 5604 1368 5670 Quare
1406 5609 1595 5661 merito
1621 5619 1807 5661 contra
1841 5609 2226 5661 Masoretarum
2262 5604 2612 5662 veneratores
2638 5608 2816 5676 inquit
2855 5607 3074 5662 Grotius
3110 5627 3120 5661 :
3156 5608 3427 5673 Quomodo
3456 5607 3525 5659 ad
3562 5607 3671 5659 Iitrc
3712 5622 3900 5674 respon-

706 5679 914 5736 debunt,
944 5677 1031 5745 qui
1066 5692 1157 5731 na“.
1179 5676 1361 5744 jubent
1394 5694 1484 5745 per
1515 5681 1690 5730 omnia
1728 5678 2108 5731 Masoretarum
2137 5689 2277 5730 stare
2307 5678 2571 5731 decretis?
2618 5678 2681 5730 Et
2731 5679 2953 5745 insuper
2986 5679 3086 5732 hac
3117 5678 3183 5731 de
3217 5693 3270 5730 re
3298 5678 3458 5745 digna
3492 5677 3712 5744 quidem
3741 5679 3900 5745 obsere

707 5748 920 5799 vatione
953 5754 1078 5800 sunt
1104 5787 1117 5804 .
1163 5761 1284 5815 quae
1324 5744 1546 5801 adnotat
1573 5746 1788 5801 Clarius
1816 5747 2056 5802 referens
2083 5765 2094 5798 :
2121 5757 2312 5801 veteres
2349 5745 2595 5800 llebrtros
2633 5750 2828 5802 dixisse
2864 5744 3092 5816 tempore
3132 5749 3335 5801 Messias
3359 5744 3517 5798 ’Itunc
3572 5763 3800 5812 versum,
3826 5744 3897 5814 qui

709 5827 816 5869 tum
850 5816 1045 5882 deerat,
1079 5817 1418 5884 reponendum
1445 5819 1581 5886 quod
1615 5821 1894 5881 cernimus,
1931 5819 2026 5884 ait,
2052 5817 2268 5884 factum.
