4142 6486
704 403 839 458 1319
1547 407 1602 460 S.
1645 407 2015 465 ATHANASII
2050 409 2200 465 OPP.
2244 410 2426 466 PARS
2460 409 2547 466 111.
2587 443 2656 452 -
2695 410 3105 470 EXEGETICA.
3829 418 3956 471 1320

811 516 1056 571 Alleluia.
1093 518 1271 589 Aggtzi
1290 528 1337 572 et
1379 519 1674 578 Zachariae.
1716 524 1919 581 PSAL.
1947 526 2164 582 CXLV.
2306 540 2345 596 Α

2392 530 2764 597 ’AJJnloui'a.
2785 532 3044 600 Ἀγγαίου
3069 532 3166 587 καὶ
3204 535 3526 602 Ζαχαρίου.
3567 538 3742 587 ΨΑΑ.
3778 538 3957 588 PME'.

777 630 826 685 1.
862 628 1066 693 Lauda,
1111 630 1292 683 anima
1321 645 1463 696 mea,
1499 630 1789 686 Dominum
1816 677 1829 700 ,

2457 625 2506 677 1.
2549 625 2716 689 Αἴνει,
2751 625 2947 697 ἡψυχὴ
2984 643 3106 696 μου,
3137 627 3228 680 τὸν
3255 627 3479 697 Κύριον,

773 719 827 771 2.
865 718 1119 771 Laudabo
1154 715 1440 771 Dominum
1473 720 1526 773 in
1557 722 1665 775 vita
1701 738 1860 776 mea:

2453 711 2508 764 ‘2.
2548 713 2992 791 ΑἰνέοωΚύριον
3021 716 3077 767 ὲν
3101 718 3164 787 τῇ
3197 716 3306 788 ζωῇ
3339 734 3462 787 μου·

775 811 827 863 '5.
862 808 1094 864 Psallam
1139 808 1250 862 Deo
1285 822 1408 864 meo
1437 813 1678 881 quandiu
1718 814 1887 869 fuero.

2458 802 2509 856 5.
2552 803 2718 856 Ψαλῶ
2747 805 2822 874 τῷ
2856 805 2974 877 Θεῴ
3014 824 3115 876 μου
3153 807 3257 871 ἓως
3287 807 3536 881 ὑπάργω.

775 901 828 955 4.
863 899 1038 956 Nolite
1072 902 1342 956 conlidere
1377 903 1431 955 in
1475 904 1833 973 principibus,
1891 906 1944 958 in
2001 908 2124 963 ﬁliis
2180 909 2279 961 lto—

2452 893 2506 947 4.
2547 895 2638 965 Μὴ
2669 895 2960 950 πεποίοατε
2987 900 3071 950 ἐπ’
3103 899 3390 968 ἄρχοντας,
3426 900 3520 952 ἐπὶ
3564 900 3637 967 (τι)
3691 898 3837 959 υἱοὺς
3871 914 3956 949 av-

708 993 938 1060 minum,
972 995 1023 1047 in
1059 994 1258 1064 quibus
1287 1009 1393 1048 non
1434 1004 1518 1048 est
1547 995 1716 1052 salus.

2386 986 2618 1056 Θρώπων
2645 987 2725 1053 οἷς
2761 991 2860 1042 οὐκ
2885 991 2999 1045 ἐστι
3031 993 3292 1063 σωτηρία.

779 1081 828 1135 5.
867 1081 1048 1136 Exibit
1081 1081 1309 1150 spiritus
1344 1082 1460 1151 ejus
1482 1125 1496 1150 ,

2454 1078 2507 1133 5.
2537 1080 2904 1144 Ἐξελεύσεται
2930 1084 2989 1136 τὸ
3022 1083 3240 1155 πνεῦμα
3269 1083 3452 1148 αὑτοῦ,

779 1172 831 1226 6.
875 1172 939 1227 Et
969 1182 1271 1228 revertetur
1306 1174 1358 1228 in
1401 1183 1600 1228 terram
1631 1192 1808 1231 suam.

2457 1175 2509 1229 6.
2550 1177 2658 1228 Καὶ
2685 1177 2996 1248 ἐπιστρέψει
3027 1181 3105 1241 εἰς
3128 1178 3224 1249 τὴν
3253 1179 3355 1247 γῆν
3386 1178 3574 1231 αὐτοῦ’

781 1267 830 1320 7.
872 1266 928 1320 1η
976 1268 1064 1322 illa
1094 1268 1182 1323 die
1231 1269 1485 1339 peribunt
1513 1283 1706 1324 omnes
1735 1270 2091 1339 cogitationes
2137 1273 2275 1343 ejus.

2459 1265 2509 1321 7.
2538 1267 2624 1320 Ἐν
2656 1269 2836 1342 ἐκείνῃ
2870 1274 2935 1342 τῇ
2974 1273 3154 1343 ἡμέρᾳ
3185 1271 3508 1325 ἀπολοῦνται
3544 1273 3748 1334 πάντες
3777 1271 3826 1324 0i
3853 1270 3960 1321 6:3-

2388 1355 2636 1428 λογισμοὶ
2668 1360 2854 1416 αὑτοῦ.

780 1441 831 1495 8.
870 1441 1066 1496 Beatus
1087 1480 1102 1506 ,
1134 1441 1293 1511 cujus
1321 1440 1464 1496 Deus
1497 1440 1664 1497 Jacob
1688 1444 1902 1513 adjutor
1924 1445 2043 1514 ejus
2075 1464 2088 1499 :

2459 1449 2513 1502 8.
2553 1451 2853 1522 Μακάριος,
2884 1448 2944 1505 οὗ
2973 1456 3000 1506 6
3029 1453 3160 1517 Θεὸς
3184 1453 3379 1506 Ἰακὼὸ
3412 1452 3606 1525 βοηθὸς
3640 1452 3808 1507 αὐτοῦ
3827 1471 3841 1482 ·

778 1532 831 1585 9.
868 1531 1002 1600 Spes
1032 1533 1149 1602 ejus
1173 1533 1225 1586 in
1263 1532 1488 1586 Domino
1517 1533 1625 1588 Deo
1668 1536 1861 1604 ipsius,

2462 1541 2513 1594 9.
2542 1541 2603 1594 Ἦ
2631 1545 2781 1606 ἐλπὶς
2814 1547 2978 1598 αὑτοῦ
3010 1549 3102 1600 ἐπὶ
3125 1549 3326 1618 Κύριον
3359 1548 3447 1599 τὸν
3473 1546 3605 1599 Θεὸν
3637 1545 3828 1618 αὑτοῦ,

781 1624 866 1676 10.
910 1623 1010 1688 Qui
1047 1623 1176 1676 fecit
1218 1624 1415 1678 caelum
1457 1634 1509 1678 et
1547 1633 1781 1688 terram,
1820 1641 1970 1682 mare
2015 1636 2068 1682 et
2097 1630 2279 1682 omnia

2464 1634 2548 1689 10.
2593 1637 2693 1688 Τὸν
2727 1640 3028 1709 ποιήσαντα
3069 1641 3158 1693 τὸν
3197 1615 3424 1715 οὐρανὸν
3452 1642 3548 1694 καὶ
3580 1640 3682 1710 τὴν
3711 1615 3838 1708 ἧῆν,
3868 1639 3959 1708 τὴν

709 1730 832 1781 quae
863 1715 914 1768 in
943 1716 1023 1769 eis
1053 1723 1180 1770 sunt
1216 1733 1230 1769 :

2393 1722 2661 1779 Θάλασσαν
2686 1729 2780 1780 καὶ
2813 1730 2989 1783 πάντα
3014 1732 3081 1784 τὰ
3115 1734 3170 1785 ὲν
3203 1734 3415 1794 αὐτοῖς·

781 1832 856 1919 (ο)
900 1829 1047 1885 Vers.
1078 1831 1390 1919 δηιξαὶκὲπὶ
1417 1832 1729 1919 υξορςκεξο.
1772 1834 1835 1888 ν.
1873 1835 1925 1889 6.
1970 1837 2340 1902 Ἐξελεύσεται

2399 1851 2530 1906 etc.,
2569 1845 2924 1916 ἀποστρέψει,
2961 1858 3090 1913 etc.,
3139 1865 3311 1919 usque
3346 1851 3411 1904 ad
3463 1851 3653 1905 αὑτοῦ.
3695 1850 3755 1904 ν.
3797 1851 3847 1901 '7.
3880 1849 3959 1903 Ἐν

711 1899 914 1973 λκείνῃ,
944 1913 1068 1965 etc.,
1102 1903 1149 1952 oi
1182 1902 1520 1972 διαλογισμοὶ
1545 1905 1741 1958 αὐτῶν.

1849 2021 2219 2076 ATHANASII
2261 2024 2840 2084 INTERPRETATIO.

790 2103 855 2155 Ἥ
882 2103 1212 2177 προκειμένη
1244 2106 1522 2179 ἐπιγραφὴ
1549 2108 1794 2181 περιέχει
1823 2111 1919 2181 (1)’
1954 2101 2325 2180 Ἀλληλούϊα,
2344 2115 2607 2184 Ἀγγαίου
2640 2117 2738 2169 καὶ
2770 2120 3066 2188 Ζαχαρίου
3085 2139 3098 2151 ο
3126 2121 3466 2189 ἀλληλούὶὶι
3489 2116 3582 2174 οὖν
3604 2123 3958 2192 ἑρμηνεύεται

710 2197 1009 2264 αἱνέσατε,
1053 2199 1363 2268 ὑμνήσατε
1390 2202 1496 2255 τὸν·
1537 2201 1680 2254 ὄντα
1720 2204 1899 2256 Θεόν·
1949 2204 2212 2273 Ἀγγαίου
2260 2205 2315 2258 δὲ
2351 2209 2707 2279 ἑρμηνεύεται
2749 2210 3150 2278 ἐορτὰζὶνιπτος·
3185 2214 3485 2283 Ζαχαρίου
3517 2214 3576 2265 δὲ
3606 2215 3960 2283 ἑρμηνεύεται

712 2292 847 2360 νίκη
876 2292 1138 2359 λέοντος.
1165 2295 1422 2349 Αἰνέσατε
1453 2292 1545 2350 οὖν
1572 2297 1668 2368 τὴν
1702 2300 1896 2370 ἑορτὴν
1919 2300 2026 2353 τῶν
2060 2302 2396 2372 παθημάτων
2419 2306 2510 2357 τοῦ
2545 2306 2758 2370 λέοντος
2783 2308 2876 2360 τοῦ
2910 2310 3152 2380 νικητοῦ,
3172 2309 3346 2381 Ἰησοῦ
3385 2309 3482 2364 τοῦ
3529 2311 3743 2381 Κυρίου
3792 2311 3957 2380 ἡμῶν.

708 2387 800 2439 Διὸ
829 2389 922 2441 καὶ
953 2391 981 2442 6
1011 2389 1303 2461 Προφήτης
1328 2392 1460 2444 αὐτὸ
1483 2390 1642 2443 τοῦτο
1671 2393 1896 2462 ἄρχεται
1924 2395 2009 2447 διὰ
2042 2396 2134 2448 τοῦ
2168 2397 2379 2467 λέγειν·
2412 2401 2597 2465 Αἵνει,
2632 2403 2670 2470 ἡ
2702 2405 2871 2473 ψυχή
2901 2423 3041 2475 μου.

781 2481 994 2536 Titulus
1022 2482 1344 2552 prmpositus
1378 2483 1658 2538 continet:
1693 2485 1961 2553 Alleluia,
2012 2488 2228 2559 Aggwi,
2275 2504 2325 2545 et
2378 2491 2695 2548 lac/carice:
2732 2496 2950 2550 alleluia
2993 2497 3158 2566 igitur
3196 2497 3592 2567 interpretatur
3623 2511 3877 2560 .auaate,
3919 2511 3960 2550 et

712 2573 965 2640 hymnum
989 2573 1148 2625 dicite
1180 2572 1286 2625 Deo
1318 2590 1435 2628 vero
1468 2591 1486 2628 :
1522 2576 1702 2646 Aggwi
1740 2587 1920 2632 autem
1953 2580 2343 2650 interpretatur
2387 2585 2577 2651 festum
2621 2589 2820 2655 agentis
2856 2604 2874 2640 :
2908 2586 3187 2643 Zachariae
3222 2605 3350 2643 vero
3381 2590 3775 2660 interpretatur
3807 2596 3960 2644 ricta-

712 2664 808 2716 rite
851 2661 1035 2716 leonis.
1089 2660 1330 2719 Laudate
1361 2667 1528 2737 igitur
1563 2667 1762 2722 lestum
1790 2671 2062 2737 passionis
2093 2672 2290 2737 leonis,
2325 2677 2418 2744 qui
2469 2677 2753 2731 victoriam
2791 2679 2998 2748 retulit,
3025 2678 3151 2734 Jesu
3186 2679 3404 2734 Domini
3440 2683 3639 2735 nostri.
3678 2680 3959 2751 Propterea

708 2763 763 2807 et
787 2752 1056 2822 Propheta
1093 2769 1156 2808 ex
1203 2755 1307 2809 hoc
1336 2757 1456 2825 ipso
1494 2758 1779 2811 exorditur
1816 2760 2046 2816 dicendo
2079 2781 2093 2818 :
2130 2763 2338 2833 Lauda,
2372 2768 2548 2820 aui'ma
2574 2785 2709 2835 mea,
2745 2778 2849 2824 etc.

782 2850 832 2901 1.
870 2847 1084 2904 Laudes
1126 2849 1318 2920 dignas
1350 2852 1582 2921 repende
1624 2851 1855 2909 Domino
1887 2865 2001 2922 tuo,
2030 2861 2123 2929 qui
2157 2862 2277 2916 red»
2309 2877 2345 2930 Β

2451 2861 2500 2918 1.
2526 2864 2809 2929 Ἐπαῑνους
2842 2866 3022 2931 ἀξίου,
3057 2865 3350 2936 ἀνάπεμπε
3376 2866 3452 2937 τῷ
3479 2867 3732 2941 Δεσπότῃ
3772 2885 3866 2920 σου
3893 2868 3960 2934 τῷ

711 2941 842 2996 emit
880 2949 929 2994 te
962 2941 1183 3010 proprio
1210 2945 1496 3013 sanguine.

2389 2957 2777 3028 ὲξαγορὰσαντί
2813 2975 2870 3010 σε
2898 2959 2976 3029 τῷ
3006 2959 3118 3030 ἰδίῳ
3151 2960 3364 3030 αἵματι.

779 3032 833 3094 9.,
855 3032 907 3086 5.
930 3029 1187 3086 Laudabo
1202 3049 1348 3100 eum,
1364 3035 1535 3091 donec
1553 3038 1783 3109 accipiat
1801 3041 2050 3109 spiritum
2081 3059 2282 3109 meum,

2455 3048 2509 3116 2,
2545 3051 2596 3103 5.
2621 3050 2941 3121 Ἀνυμνήσω
2982 3029 3143 3103 αὑτὸν
3172 3029 3275 3112 ἕως
3302 3049 3368 3103 ἂν
3395 3049 3618 3122 δέξηται
3653 3051 3716 3103 τὸ
3749 3051 3963 3120 πνεῦμα

707 3134 762 3179 et
784 3141 974 3179 rursus
1000 3134 1288 3197 postquam
1321 3131 1592 3184 acceperit
1621 3131 1737 3186 iuse
1784 3134 2034 3188 soit’itum
2080 3153 2282 3202 meum,

2390 3157 2510 3208 μου,
2553 3141 2646 3192 καὶ
2688 3141 2848 3194 πάλιν
2886 3142 3022 3212 μετὰ
3062 3142 3121 3194 τὸ
3162 3140 3418 3205 δέξασθαι
3457 3141 3628 3195 αὐτὸν
3659 3142 3724 3194 τὸ
3754 3141 3964 3212 πνεῦμὰ

709 3217 821 3270 illic
846 3216 1079 3270 laudabo
1114 3232 1262 3270 eum.

2389 3247 2514 3301 μου,
2541 3234 2654 3284 ἐκεῖ
2683 3233 2976 3303 ἁνυμνήσω
3003 3234 3185 3286 αὐτόν.

780 3308 832 3361 4.
871 3306 1047 3363 Nolite
1088 3308 1384 3378 confugere
1433 3313 1499 3366 ad
1549 3315 1810 3368 auxilium
1844 3331 2068 3384 eorum,
2103 3321 2194 3388 qui
2230 3321 2284 3374 in

2455 3324 2508 3377 4.
2548 3323 2622 3394 (2)
2657 3326 2747 3396 Μὴ
2783 3325 3122 3393 καταφύγετε
3154 3328 3247 3378 ἐπὶ
3273 3326 3372 3396 τὴν
3410 3327 3665 3397 βοήθειαν
3708 3328 3886 3381 αὐτῶν
3911 3331 3960 3380 ἐν

710 3399 1042 3455 sublimitate
1092 3407 1255 3467 sunt,
1305 3417 1476 3472 neque
1530 3403 1596 3458 ad
1649 3403 1793 3459 filios
1839 3406 2157 3473 hominum,
2191 3410 2285 3478 qui

2386 3417 2622 3489 ὑπεροχῇ
2655 3418 2842 3483 ὄντων,
2888 3418 3020 3489 μηδὲ
3044 3419 3135 3471 ἐπὶ
3176 3419 3326 3481 υἱοὺς
3361 3419 3689 3491 ἀνθρώπων,
3725 3423 3851 3483 τοὺς
3895 3423 3959 3491 μὴ

709 3506 818 3546 non
870 3500 1102 3561 possunt
1152 3507 1211 3546 se
1258 3493 1408 3562 ipsos
1469 3496 1700 3562 salvare,
1750 3497 1841 3552 sed
1879 3497 1933 3552 in
1976 3499 2128 3555 illum
2161 3516 2284 3571 spe-

2386 3512 2710 3582 δυναμένους
2739 3512 2962 3576 ἑαυτοὺς
2989 3512 3194 3566 σῶσαι·
3230 3514 3343 3566 ἀλλ’
3379 3516 3465 3567 ἐπ’
3483 3518 3693 3569 ἐκεῖνον
3717 3515 3960 3568 ἐλπίσατε

707 3595 857 3648 rate,
904 3585 998 3654 qui
1041 3584 1221 3638 dictus
1263 3592 1346 3639 est
1394 3584 1565 3642 Filius
1604 3587 1844 3644 hominis
1894 3602 2112 3660 propter
2157 3609 2285 3663 pro-

2386 3607 2472 3659 τὸν
2504 3605 2793 3676 λεγόμενον
2822 3606 2946 3657 Υιὺν
2976 3605 3262 3678 ἀνθρώπου
3293 3608 3383 3659 διὰ
3424 3609 3523 3678 τὴν
3552 3610 3763 3661 οἰκείαν
3790 3609 3961 3678 9:159-

707 3678 882 3746 priam
912 3675 1336 3744 humanitatem,
1366 3675 1617 3733 Salvator
1650 3687 1833 3735 autem
1867 3696 1992 3736 cum
2019 3682 2090 3738 sit
2117 3700 2282 3754 gene-

2386 3675 2651 3770 θρωπίαν,
2676 3696 2902 3768 Σωτῆρα
2932 3697 2987 3750 δὲ
3024 3675 3154 3752 ὄντα
3185 3697 3278 3751 τοῦ
3302 3675 3490 3767 γένους
3512 3699 3621 3753 τῶν
3645 3675 3956 3772 ἀνθρώπων.

708 3769 785 3823 ris
817 3767 1063 3822 humani.

781 3858 841 3922 5,
880 3859 932 3912 6.
994 3856 1434 3930 Uniuscujusque
1494 3861 1733 3918 hominis
1793 3864 2082 3920 morientis
2142 3866 2282 3922 redit

2452 3882 2504 3945 5,
2543 3881 2595 3934 6.
2631 3881 2889 3934 Ἐκὰστου
2918 3878 3203 3951 ἀνθρώπου
3234 3879 3662 3951 τελευτήσαντος
3710 3881 3961 3951 ὑποστρέ-

711 3950 1015 4004 substantia
1049 3951 1103 4004 in
1134 3959 1353 4015 terram,
1387 3967 1456 4006 ex
1505 3969 1610 4023 qua
1657 3965 1870 4025 sumpta
1900 3965 1983 4011 est
2015 3973 2029 4009 :
2061 3956 2152 4012 ille
2178 3973 2279 4011 au-

2386 3991 2470 4044 φει
2500 3973 2794 4036 ὑπόστασις
2833 3975 2911 4036 εἰς
2940 3950 3038 4044 τὴν
3069 3975 3191 4044 γῆν,
3229 3973 3289 4039 ἐξ
3319 3968 3386 4044 ἦς
3408 3950 3618 4044 ἐλήφθη
3637 3990 3652 4002 ·
3691 3950 3957 4036 ἐκεῖνοςᾶ

712 4052 818 4098 tem
859 4041 1029 4097 Filius
1058 4043 1317 4110 hominis,
1348 4047 1511 4099 etiam
1544 4056 1835 4116 postquam
1886 4057 2140 4105 mortuus
2176 4048 2281 4105 fuit

2386 4041 2510 4127 i‘ib;
2542 4063 2636 4118 τοῦ
2666 4041 3102 4137 ἁνθρώπουξκαὶ
3127 4041 3136 4044 ν
3160 4065 3299 4136 μετὰ
3343 4041 3405 4119 τὸ
3456 4041 3640 4119 Θανεὶίν
3693 4066 3860 4120 αὐτὸν
3901 4066 3957 4119 δι’

710 4144 928 4208 prOpter
957 4150 1075 4203 nos,
1107 4145 1160 4192 et
1192 4138 1543 4208 incorruptus
1566 4142 1865 4208 permansit
1904 4143 2124 4206 prooria
2166 4143 2277 4197 vir-

2386 4161 2549 4230 ἡμᾶς,
2583 4162 2678 4214 καὶ
2731 4157 3004 4230 ἄφθαρτος
3049 4159 3314 4227 διέμεινεν
3370 4158 3549 4230 οἰκείᾳ
3598 4159 3851 4229 δυνάμει,
3878 4162 3958 4212 καὶ

712 4238 844 4296 tute,
871 4240 924 4284 et
961 4235 1205 4286 mortuos
1234 4230 1547 4285 viviﬁcavit.

781 4323 833 4374 7.
863 4322 922 4375 In
945 4322 1029 4376 die
1049 4322 1238 4392 judicii
1266 4324 1475 4377 occulta
1496 4324 1776 4378 hominum
1804 4323 2074 4394 judieahit
2105 4326 2271 4392 Deus,

712 4415 1094 4471 accusantibus
1136 4415 1558 4485 cogitationibus
1609 4433 2055 4489 unumquemque
2090 4420 2157 4474 de
2189 4435 2280 4475 ac-

714 4506 950 4560 tionibus
983 4507 1098 4562 suis
1124 4509 1166 4562 ’.

781 4597 832 4650 8.
871 4595 1064 4651 Beatus
1100 4598 1284 4664 homo,
1313 4598 1469 4668 cujus
1502 4598 1878 4669 inseparabilis
1904 4601 2120 4671 adjutor
2159 4603 2279 4673 ejus

713 4698 797 4744 est
819 4689 984 4744 Deus.

780 4780 833 4836 9.
870 4780 934 4833 Et
961 4795 1180 4835 omnem
1230 4797 1384 4836 suam
1417 4800 1603 4840 curam
1638 4785 1891 4857 projiciet
1921 4788 1976 4842 in
2007 4788 2209 4859 ipsum.

2307 4235 2348 4290 (ἶ
2381 4257 2506 4318 τοὺς
2539 4256 2762 4325 νεκροὺς
2793 4252 3176 4324 ὲζωοποίησεν.

2457 4349 2505 4402 7.
2531 4350 2621 4401 Ἐν
2648 4351 2713 4420 τῇ
2749 4348 2933 4420 ἡμέρᾳ
2970 4348 3070 4420 τῆς
3117 4347 3353 4420 κρίσεως
3394 4349 3462 4402 τὰ
3493 4349 3716 4420 κρυπτὰ
3737 4349 3843 4402 τῶν
3878 4351 3956 4402 ἁν-

2386 4442 2617 4514 Θρώπων
2648 4444 2871 4515 κρινεῖὸ
2900 4442 3052 4507 Θεὸς,
3077 4440 3532 4512 κατηγορούντων
3564 4441 3672 4496 τῶν
3697 4442 3956 4513 λογισμῶν

2384 4534 2613 4589 ἕκαστον
2645 4534 2719 4605 (5)
2752 4533 3009 4605 περὶτῶν
3042 4533 3216 4605 ἔργων
3247 4534 3435 4588 αὑτοῦ.

2457 4627 2510 4681 8.
2543 4626 2823 4697 Μακάριος
2856 4627 2883 4680 6
2919 4625 3223 4699 ἄνθρωπος,
3282 4617 3344 4678 οὗ
3387 4629 3415 4680 6
3460 4627 3594 4690 Θεὸς
3626 4645 3722 4680 του
3765 4628 3949 4682 ἀπελά-

2395 4736 2518 4771 στου
2556 4717 2904 4789 [ἀπέλαστος]
2941 4717 3132 4788 βοηθὸς
3165 4717 3240 4788 (4)
3271 4717 3437 4771 αὑτοῦ
3463 4719 3634 4774 ἐστιν.

2461 4812 2516 4867 9.
2556 4811 2665 4864 Καὶ
2710 4812 2889 4864 πᾶσαν
2917 4810 3014 4881 τὴν
3051 4809 3321 4881 μέριμναν
3360 4809 3524 4863 αὑτοῦ
3571 4812 3850 4882 ὲπιρῤίψει
3879 4810 3952 4863 ἐπ’

2431 4903 2572 4957 ὐτόν.

784 4974 870 5030 10.
903 4975 1065 5043 Mare,
1090 4987 1143 5032 et
1169 4979 1351 5033 omnia
1384 4996 1504 5051 qua:
1534 4982 1586 5036 in
1617 4984 1696 5038 eis
1735 4995 1860 5040 sunt
1884 5027 1898 5052 ,
1940 4985 2170 5042 Creator
2202 4989 2281 5042 vi-

2464 4919 2490 4954 τ
2560 4945 2572 4957 .

2391 4919 2552 5047 “vix
2589 4994 2700 5064 Τὴν
2735 4992 3137 5056 Θάλασσαν,καὶ
3161 4993 3340 5046 πάντα
3365 4993 3432 5045 τὰ
3465 4994 3524 5045 ὲν
3559 4994 3765 5056 αὐτοῖς,
3783 4993 3867 5045 τὸν
3886 4991 3947 5064 (5)

713 5071 974 5138 sibilium,
1005 5083 1058 5127 et
1098 5073 1452 5130 iuvisibilium
1479 5080 1748 5133 omnium.

2386 5087 2723 5159 Δημιουργὸν
2746 5086 2854 5140 τῶν
2882 5087 3130 5157 ἀοράτων
3158 5087 3252 5138 καὶ
3279 5085 3491 5156 ὁρατῶν
3517 5086 3758 5142 πάντων.

781 5205 802 5238 ⁹
836 5206 988 5263 Rom.
1015 5223 1075 5272 ιι,
1105 5205 1190 5272 15,
1223 5208 1308 5264 16.

1550 5327 1856 5388 Addenda
1894 5334 1954 5390 et
1992 5331 2368 5410 corrigenda
2400 5351 2476 5393 ex
2505 5333 2646 5396 cod.
2681 5334 2884 5396 Vatic.

783 5423 857 5493 (1)
978 5423 1072 5508 διὰ,
1093 5424 1191 5495 τῆς
1233 5428 1602 5508 κινναϐάρεως
1642 5430 1905 5508 περιέχει.
1951 5439 2054 5508 etc.
2073 5433 2279 5508 ’ἴξμνη-
2387 5435 2612 5506 Σωτῆρα
2641 5437 2734 5490 τοῦ
2761 5438 2964 5508 γένους
2992 5438 3110 5508 τῶν
3157 5435 3480 5508 ἀνθρώπων.
3513 5433 3582 5490 Ν.
3612 5438 3666 5491 6.
3686 5437 3943 5499 Ἐκάστσυ,

716 5508 840 5546 σατε
876 5493 966 5577 cev
995 5493 1212 5577 μύρτον.
1233 5493 1487 5577 Ἀγγέουξ
1510 5505 1612 5552 etc.
1649 5493 1906 5577 Αιξέάάτε
1939 5498 2064 5577 οὖν,
2106 5493 2282 5577 favi}:
2387 5493 2639 5567 etc.,"xal
2671 5493 3208 5577 ἄφθαρτος-ἔμεινεν,
3243 5493 3346 5562 etc.

716 5563 1202 5645 aafsjhvﬁopfijg,
1239 5563 1365 5645 etc.,
1400 5569 1769 5645 706_vtxqtoﬁ_,
1796 5563 2080 5645 τουτέστιν
2106 5563 2276 5645 Ἰησόῦ
2459 5563 2532 5645 (3)
2563 5563 2844 5636 Ἐκάοίτουξ
2870 5563 2976 5632 etc.

714 5632 803 5718 τοῦ
837 5632 1242 5718 Κυρίουήμῷν,
1274 5638 1348 5701 ὼς
1377 5639 1469 5691 καὶ
1496 5640 1542 5701 6,
1566 5632 1696 5705 etc.,
1725 5641 1965 5710 ἄρχεται.
1997 5642 2096 5694 Διὰ
2120 5632 2278 5694 τοῦτο
2457 5632 2532 5718 (4)
2559 5632 2854 5700 Ἀπλάστου
2884 5648 3010 5701 λαοῦ
3042 5647 3251 5718 βοηθός,
3285 5660 3390 5703 etc.

714 5650 803 5684 του
837 5650 1039 5702 λυριου
1069 5650 1242 5705 ημων,
1274 5650 1348 5701 ως
1377 5650 1469 5691 καὶ
1496 5650 1542 5701 ο,
1566 5650 1696 5705 etc.,
1725 5650 1965 5710 ἄρχεται.
1997 5650 2096 5694 Διὰ
2120 5658 2278 5694 τουτο

713 5700 1224 5794 “emissae
1393 5780 1402 5793 .
1595 5779 1607 5792 .
1662 5779 1672 5794 .
1767 5783 1777 5794 .
1880 5780 1904 5794 .
1953 5780 2006 5794 ..
2211 5781 2234 5793 -

2480 5650 2512 5698 4
2559 5650 2854 5700 Ἀπλάστου
2884 5650 3010 5701 λαοῦ
3042 5650 3251 5718 βοηθός,
3285 5660 3390 5703 etc.

2457 5650 2534 5787 (δέ
2573 5718 2640 5773 Ν.
2679 5719 2763 5773 10.
2807 5718 2999 5788 Incipit
3038 5721 3217 5773 abhis
3249 5720 3448 5787 verbis,
3480 5721 3576 5774 τὸν
3616 5719 3936 5794 δημιουργόν,

781 5774 854 5852 (2)
893 5774 960 5826 Ν.
993 5773 1047 5852 4.
1075 5776 1165 5852 Μὴ
1197 5780 1545 5852 καταφ-ύγητε
1565 5779 1682 5852 ’ἐπὶ
1710 5783 1826 5852 τὴν
1879 5780 2129 5852 βοήθειαν
2170 5781 2276 5832 τῶν
2382 5773 2484 5842 etc‘.

713 5845 769 5898 tv
814 5846 1050 5921 ὑπεροχῇ
1101 5848 1269 5901 ὄντων
1340 5845 1404 5901 Ν.
1426 5845 1490 5904 75..
1527 5849 1676 5920 Μηδὲ
1704 5845 1813 5909 ἐπί,
1844 5845 1972 5921 etc.,
2003 5867 2174 5922 usque
2205 5854 2271 5906 ad
