4142 6474
211 401 348 456 1321
1084 396 1172 452 DE
1210 396 1483 454 TITULIS
1515 394 1847 454 ΡεΑιιιοευ

1801 397 1962 453 RUM.
2004 429 2073 439 —
2112 399 2308 454 PSAL.
2353 398 2582 457 CXLVI.
3303 407 3437 460 132?.

281 518 371 571 11.
409 517 509 569 Τὸν
536 517 871 585 φυλάσσοντα
897 517 1152 590 ἀλήθειαν
1185 521 1265 584 εἰς
1284 520 1376 574 τὸν
1402 520 1574 574 αἰῶνα
1593 537 1609 553 ·
1800 524 1844 579 Α

1542 537 1609 573 α·
1800 524 1844 579 Α
1945 519 2033 573 11.
2074 519 2177 585 Qui
2204 519 2445 575 custodit
2463 520 2746 575 veritatem
2780 519 2834 573 in
2868 521 3127 577 saeculum
3165 539 3178 575 :

282 608 371 661 12.
411 606 669 660 Ποιοῦντα
701 611 875 679 κρῖμα
902 610 1014 673 τοῖς
1038 609 1413 681 ἀδικουμένοις
1433 628 1447 641 ·

1950 612 2035 667 12.
2070 611 2219 667 Facit
2242 612 2509 683 judicium
2536 611 2791 681 injuriam
2823 612 3157 681 patientibus
3189 628 3204 666 :

280 699 368 753 15.
408 700 626 753 Διδόντα
646 701 849 771 τροφὴν
870 704 982 762 τοῖς
1007 702 1255 757 πεινῶσι.

1164 704 1255 757 ισι.
1952 705 2036 758 15.
2070 703 2172 758 Dat
2205 719 2385 759 eseam
2412 703 2800 759 esurientibus.

279 790 369 845 11.
409 791 607 861 Κύριος
639 791 752 845 λύει
782 791 987 863 πεπεδη
998 793 1188 861 μένους
1208 810 1222 823 ο

1949 795 2035 849 14.
2074 794 2337 849 Dominus
2366 794 2529 850 solvit
2560 796 2935 865 compeditos:

280 882 367 935 15.
409 882 608 955 Κύριος
641 887 795 952 σοφοί
821 882 1050 952 τυφλούς
1075 902 1089 914 ο

1949 884 2035 938 15.
2074 882 2338 938 Dominus
2364 883 2638 937 illuminat
2663 898 2839 939 caecos
2870 900 2884 938 :

278 973 367 1026 16.
407 973 607 1044 Κύριος
639 974 853 1045 ἀνορθοί
880 976 1383 1047 κατερῤαγμένους’

1140 976 1383 1047 τμένουςυ
1952 974 2035 1029 16.
2080 974 2344 1030 Dominus
2380 973 2538 1044 erigit
2563 974 2729 1029 elisos
2765 992 2776 1027 :

278 1064 367 1118 17.
408 1064 607 1135 Κύριος
638 1065 827 1137 ἀγαπᾷ
852 1065 1095 1129 δικαίους
1116 1082 1130 1098 ο

1950 1066 2037 1119 1Ἰ.
2071 1064 2339 1120 Dominus
2363 1064 2541 1135 diligit
2563 1065 2741 1134 iustos
2772 1084 2786 1119 :

279 1155 367 1211 18.
408 1156 608 1227 Κύριος
637 1156 897 1226 φυλάσσει
920 1158 1045 1221 τοὺς
1078 1157 1460 1229 προσηλύτους.

1262 1157 1460 1222 iocoue.
1951 1157 2037 1212 18.
2074 1156 2331 1211 Dominus
2363 1158 2605 1212 custodit
2639 1157 2898 1211 advenas.

277 1247 365 1300 19.
388 1248 649 1317 Ὀρςρανὸν
682 1249 774 1301 καὶ
809 1250 985 1319 χήραν
1016 1249 1365 1320 ἀναλήψεται,

1952 1246 2039 1303 19.
2066 1245 2359 1317 Pupillum,
2388 1256 2443 1302 et
2472 1247 2691 1301 viduam
2724 1246 2987 1315 suscipiet
3007 1284 3023 1311 .

274 1337 368 1391 20.
409 1338 516 1390 Καὶ
545 1338 661 1392 ὁδὸν
689 1338 1025 1411 ἁμαρτωλῶν
1053 1340 1291 1409 ἀφανιεῖ.

1949 1337 2042 1393 20.
2078 1339 2144 1393 Ει
2178 1338 2296 1393 vias
2324 1346 2672 1409 peccatorum
2700 1338 3000 1408 disperdet.

275 1428 368 1481 21.
408 1429 715 1483 Βασιλεύσει
762 1430 961 1501 Κύριος
1004 1432 1083 1494 εἰς
1135 1430 1226 1483 τὸν
1269 1430 1511 1493 αἰῶνα,ὁ
1540 1430 1614 1501 (a)
1645 1430 1775 1494 Θεύς

1948 1430 2041 1485 21.
2075 1429 2343 1499 Regnabit
2363 1429 2626 1485 Dominus
2653 1428 2706 1483 in
2745 1429 2940 1485 saecula
2972 1427 3115 1483 Deus
3136 1430 3265 1482 tuus'
3285 1423 3438 1492 Sion,

203 1537 305 1573 σου
335 1520 492 1585 Σιὼν,

272 1612 364 1666 22.
405 1614 496 1677 Εἰς
526 1612 716 1682 γενεάν
746 1614 837 1667 καί
875 1613 1089 1682 γενεάν.

1944 1606 2036 1661 22.
2073 1607 2129 1661 In
2159 1607 2560 1676 generationem
2592 1616 2648 1662 et
2687 1606 3107 1677 generationem.

197 1704 578 1771 Ἀλληλούτω
598 1707 863 1775 Ἀγγαίου
892 1706 991 1759 καί
1022 1705 1339 1774 Ζαχαρίου.
1377 1706 1546 1758 ΨΑΛ.
1572 1705 1765 1771 ΡΜςν.

1733 1708 1765 1756 ³.
1958 1699 2206 1753 Alleluia.
2244 1698 2425 1768 Aggati
2453 1708 2503 1753 et
2534 1697 2835 1755 Zacharias.
2880 1697 3077 1755 PSAL.
3118 1694 3369 1753 CXLVI.

278 1798 329 1850 1.
370 1798 571 1850 Αἰνεῖτε
595 1796 685 1849 τὸν
719 1796 940 1867 Κύριον,
972 1797 1053 1849 ὅτι
1082 1793 1283 1862 ἀγαθὸν
1310 1793 1521 1864 ψαλμός
1542 1811 1554 1824 ·

1945 1792 1996 1845 1.
2034 1789 2275 1844 Laudate
2309 1787 2598 1845 Dominum
2620 1832 2636 1858 ,
2680 1791 2940 1863 quoniam
2965 1791 3164 1846 bonum
3194 1798 3278 1845 est
3305 1788 3443 1858 psal-

1875 1896 1999 1936 mus
2040 1898 2053 1933 ἒ

276 2002 353 2070 (α)
395 1998 543 2055 Vers.
574 2000 734 2054 22311
769 1999 899 2063 Θεὸς
935 2016 1051 2063 σου,
1083 2007 1214 2063 etc.,
1257 2013 1429 2068 usque
1458 1998 1526 2052 ad
1560 1999 1653 2051 καὶ
1684 1998 1899 2067 γενεάν.

1314 2132 1694 2187 ATHANASII
1736 2128 2322 2190 INTERPRETATIO.

278 2250 337 2304 11
353 2293 364 2306 .
405 2249 506 2303 Τὸν
533 2250 734 2320 ἀψευδῆ
748 2248 877 2302 Θεὸν
896 2248 985 2302 τὸν
1006 2249 1342 2322 φρουροῦντα
1359 2252 1534 2304 πᾶσαν
1554 2251 1777 2323 καρδίαν
1808 2257 1853 2315 Β

1808 2257 1853 2315 Β
1950 2252 2034 2305 11.
2071 2251 2177 2318 Qui
2208 2266 2372 2307 verax
2409 2249 2551 2305 Deus
2587 2256 2671 2305 est
2717 2250 3030 2306 custodiens
3057 2251 3225 2306 corda
3262 2251 3442 2307 omnia

194 2344 315 2397 τῶν
338 2342 504 2411 άγίων
528 2340 713 2395 αὑτοῦ.

1879 2352 2191 2401 sanctorum
2227 2358 2474 2399 suorum.

279 2434 361 2487 12.
402 2432 657 2485 Ποιοῦντα
697 2432 968 2502 ἐκδίκησιν
1014 2433 1107 2485 καὶ
1152 2435 1207 2484 ἐν
1237 2431 1312 2502 τῷ
1344 2432 1457 2495 νῦν,
1492 2435 1585 2486 καὶ
1617 2435 1673 2485 ἐν
1698 2433 1775 2504 τῷ

1949 2433 2035 2489 12.
2065 2432 2394 2496 Vindicans,
2436 2440 2493 2488 et
2522 2431 2575 2485 in
2616 2430 2898 2502 praesenti,
2934 2438 2987 2486 et
3026 2432 3078 2486 in
3114 2432 3300 2489 futuro
3341 2450 3442 2490 sae-

199 2525 450 2597 μέλλοντι
486 2524 638 2577 αἰῶνι
667 2528 781 2589 τοῖς
814 2523 1327 2594 καταπονουμένοις,
1361 2523 1394 2595 ἢ
1430 2524 1532 2576 ὑπὸ
1564 2523 1773 2597 ἀνθρώ-

1876 2525 1999 2579 eulo
2055 2524 2309 2588 afﬂictos,
2349 2534 2445 2579 aut
2491 2524 2561 2578 ab
2590 2523 2934 2591 hominibus,
2968 2532 3061 2579 aut
3084 2540 3115 2580 ε
3151 2526 3442 2581 contrariis

195 2636 342 2682 πων,
364 2619 396 2689 ἢ
425 2618 527 2671 ὑπὸ
554 2618 661 2671 τῶν
692 2619 948 2672 ἐναντίων
972 2618 1272 2689 δυνάμεων.

634 2638 661 2671 ν
692 2619 948 2672 ἐναντίων
972 2618 1272 2689 δυνάμεων.
1876 2614 2265 2686 potestatibus.

275 2710 363 2767 15,
393 2710 464 2764 Τὸ
489 2712 584 2783 μὲν
614 2711 777 2765 ἰδικὸν
805 2711 960 2782 δῆλόν
989 2712 1255 2775 ἐστιν,δτι
1278 2710 1438 2773 αύτὸς
1460 2710 1647 2783 τρέφει
1668 2711 1774 2764 πᾶ-

1948 2708 2033 2763 15.
2064 2706 2326 2779 Proprius
2345 2708 2567 2776 quidem
2594 2721 2790 2761 sensus
2814 2705 3137 2762 manifestus
3153 2716 3258 2773 est,
3291 2696 3438 2778 ἧιιοά

194 2820 305 2857 σαν
329 2803 505 2875 σάρκα
531 2822 544 2835 ·
576 2805 725 2874 ὅμως
749 2804 805 2857 δέ
832 2804 907 2872 (1)
934 2804 1028 2857 καὶ
1050 2803 1205 2856 τοῦτο
1229 2802 1534 2874 θεωρεῖται,
1560 2802 1642 2854 ὅτι
1664 2805 1776 2867 τοῖς

1876 2799 1993 2869 ipse
2031 2814 2252 2853 omnem
2284 2814 2504 2853 carnem
2530 2797 2625 2852 alit
2652 2839 2665 2851 .
2693 2809 3064 2853 verumtamen
3088 2798 3138 2852 id
3155 2798 3441 2869 allegorice

194 2897 425 2952 ποθοῦσι
451 2898 550 2969 τὴν
582 2898 740 2969 χάριν
764 2894 930 2951 αὑτοῦ
968 2895 1232 2958 πλουσίως
1262 2893 1429 2965 αὐτὴν
1463 2894 1707 2965 παρέχει.

1873 2888 2034 2942 etiam
2071 2888 2336 2958 explicari
2400 2896 2617 2957 potest,
2671 2887 2817 2956 quod
2854 2888 3286 2944 desiderantibus
3315 2905 3438 2960 gra-

1874 2980 2003 3035 tiam
2030 2996 2185 3035 suam
2219 2980 2562 3035 abundanter
2604 2980 2774 3050 ipsam
2808 2980 3044 3035 exhibet.

274 3072 360 3126 11.
399 3072 535 3133 Τοὺς
567 3069 1021 3140 συνεσφιγμένους
1051 3069 1156 3123 ὑπὸ
1188 3069 1292 3123 τῶν
1324 3068 1466 3123 ἰδίων
1497 3069 1568 3140 (2)
1595 3072 1773 3142 ἀμαρ-

1944 3070 2031 3123 14.
2073 3070 2415 3125 Constrietos
2456 3086 2485 3124 a
2532 3070 2767 3141 propriis
2820 3070 3055 3141 peccatis
3107 3071 3301 3125 liberat
3346 3087 3439 3127 eos

194 3162 329 3216 τιῶν
361 3162 685 3215 ἀπαλλάττει
712 3161 909 3224 αὐτοὺς
938 3162 1025 3215 διὰ
1052 3163 1148 3233 τῆς
1170 3162 1389 3233 χάριτος
1418 3162 1605 3218 αὑτοῦ.

549 3163 685 3215 άττει
712 3161 909 3224 αὐτοὺς
938 3162 1025 3215 διὰ
1052 3163 1148 3233 τῆς
1170 3162 1389 3233 χάριτος
1418 3162 1605 3218 αὑτοῦ.
1871 3162 2043 3233 gratia
2067 3178 2185 3216 sua.

272 3254 359 3307 15.
390 3254 525 3316 Τοὺς
550 3252 977 3324 πεπηρωμένους
1009 3254 1084 3324 (5)
1112 3254 1209 3324 τὴν
1228 3253 1464 3307 διάνοιαν
1493 3257 1646 3323 σοφοῖ
1677 3255 1772 3310 αύ-

1942 3253 2029 3309 15.
2079 3252 2255 3309 Mente
2300 3261 2604 3309 excaecatos
2657 3254 2933 3323 sapientes
2980 3254 3157 3308 reddit
3184 3270 3297 3320 eos,
3333 3271 3437 3309 non

193 3348 345 3409 τοὺς,
378 3348 437 3399 ού
484 3346 582 3417 τὴν
631 3347 822 3414 σοφίαν
865 3344 959 3399 τοῦ
1000 3345 1204 3417 κᾴσμου
1244 3346 1453 3412 τούτου,
1489 3347 1622 3401 ἀλλά
1673 3350 1769 3419 τὴν

1871 3346 2135 3415 sapientia
2162 3346 2326 3414 hujus
2366 3344 2592 3411 mundi,
2624 3346 2716 3400 sed
2767 3345 3126 3414 insuperabili
3160 3346 3437 3416 [immuta-

194 3438 452 3509 ἀνίκητον
481 3437 777 3509 [ἀκίνητον]
809 3439 902 3491 καὶ
927 3437 1299 3509 ἀτελεύτητον.

701 3438 777 3509 ον]
809 3439 902 3491 καὶ
927 3437 1299 3509 ἀτελεύτητον.
1867 3434 1986 3505 bili]
2026 3447 2079 3489 et
2115 3442 2337 3489 aeterna.

272 3529 357 3585 16.
404 3528 605 3597 Κύριος
639 3527 903 3599 ἀνεγείρει
935 3528 1061 3591 τοὺς
1093 3527 1501 3589 καταπεσόντας
1546 3530 1602 3580 ὲν
1648 3531 1767 3591 ταῖς

1451 3544 1501 3589 ις
1546 3530 1602 3580 ἐν
1648 3531 1767 3591 ταῖς
1940 3523 2035 3578 16.
2064 3523 2328 3581 Dominus
2362 3525 2525 3598 erigit
2548 3540 2733 3595 lapsos
2756 3526 2810 3581 in
2846 3538 3087 3597 peccata.

194 3618 514 3689 ἁμαρτίαις.
1792 3631 1836 3689 c

271 3710 295 3763 1
309 3710 526 3763 ’1.Ὣστε
542 3710 634 3761 καὶ
648 3706 745 3779 τὴν
760 3706 937 3779 ψυχὴν
949 3706 1113 3761 αὐτοῦ
1132 3707 1211 3779 (4)
1231 3707 1401 3761 θεῖναι
1418 3708 1556 3780 ὑπὲρ
1572 3708 1768 3763 αὐτῶν.

1952 3716 2038 3771 17.
2074 3716 2224 3775 Adeo
2254 3729 2314 3773 ut
2343 3729 2397 3775 et
2426 3722 2665 3777 animam
2706 3738 2857 3777 suam
2890 3740 2987 3793 pro
3012 3726 3143 3793 ipsis
3174 3726 3430 3794 posuerit.

271 3802 358 3856 18.
397 3803 534 3865 Τοὺς
580 3800 1017 3873 προσφεύγοντας
1052 3798 1199 3872 αὑτῷ
1251 3800 1437 3854 σκέπει
1477 3804 1542 3872 τῇ
1592 3802 1771 3873 χάριτι

1725 3819 1771 3855 τι
1948 3807 2034 3863 18.
2070 3808 2459 3882 Conlugientes
2487 3812 2553 3866 ad
2586 3813 2764 3882 ipsum
2794 3814 3029 3885 protegit
3050 3813 3219 3885 gratia
3243 3829 3361 3871 sua.

194 3890 386 3946 αὐτοῦ.

272 3984 357 4039 19.
398 3984 470 4035 Τὸ
522 3983 618 4051 μὲν
662 3982 857 4035 εἰδικὸν
886 3980 1042 4051 δῆλόν
1075 3981 1243 4045 ἐστιν,
1301 3982 1379 4034 ’ὁτι
1420 3982 1652 4053 ὀρφανὸν
1678 3984 1772 4036 καὶ

1946 3988 2032 4042 19.
2067 3987 2275 4044 Sensus
2297 3990 2514 4059 quidem
2542 3993 2797 4062 proprius
2821 3994 3141 4048 manifestus
3165 4003 3267 4056 est,
3288 3994 3431 4063 quod

192 4077 369 4145 χήραν
401 4072 833 4143 ἀναλαμϐάνεται
855 4087 870 4102 ⁶
918 4072 1047 4143 περί
1084 4072 1140 4124 δέ
1172 4072 1265 4125 τοῦ
1295 4074 1575 4127 νεανίσκου
1601 4074 1767 4143 λέγει,

1876 4079 2063 4147 pupilli
2103 4088 2157 4133 et
2198 4080 2372 4134 vidua:
2395 4096 2579 4136 curam
2614 4083 2879 4151 suscipit:
2915 4084 3202 4155 allegorice
3254 4095 3432 4139 autem

193 4160 259 4219 οὗ
287 4162 577 4235 ἀνέστησεν
610 4164 639 4215 ὁ
665 4162 867 4234 Κύριος
911 4164 969 4215 ἐν
1009 4164 1073 4232 τῇ
1119 4160 1275 4226 Ναίν,
1310 4162 1404 4215 καὶ
1443 4163 1541 4233 τῆς
1580 4162 1767 4216 τούτου

1873 4167 2111 4236 loquitur
2155 4169 2221 4225 de
2266 4170 2498 4241 juvene,
2545 4188 2705 4241 quem
2755 4174 3012 4230 Dominus
3051 4177 3332 4231 suscitavit
3380 4178 3430 4231 in

198 4256 427 4328 μητρόςο

1874 4260 2008 4314 urbe
2030 4260 2189 4327 Nain,
2214 4271 2269 4316 et
2296 4264 2361 4318 de
2384 4264 2529 4319 illius
2555 4274 2748 4322 matre.

266 4341 357 4419 2t).
398 4338 505 4392 Καὶ
549 4340 727 4392 πᾶσαν
758 4340 855 4410 τὴν
888 4339 1201 4411 ἐπιθυμίαν,
1250 4342 1344 4395 καί
1385 4341 1483 4413 τὴν
1530 4340 1766 4411 ἀπάτην,

1942 4349 2031 4404 20.
2070 4351 2133 4405 Et
2161 4368 2373 4407 omnem
2399 4356 2895 4424 concupiscentiam
2922 4400 2937 4423 ,
2984 4368 3036 4413 et
3059 4360 3452 4428 deceptionem‘

194 4432 292 4488 καί
321 4432 417 4504 τὴν
441 4431 783 4486 διδασκαλίαν
813 4431 920 4485 τῶν
943 4433 1217 4504 ἀρχόντων
1242 4433 1336 4487 τοῦ
1365 4434 1555 4497 αἰῶνος
1580 4433 1766 4486 τούτου

1654 4433 1766 4486 ἱτου
1872 4448 1927 4493 et
1961 4440 2262 4495 doctrinam
2290 4443 2595 4513 principum
2626 4446 2788 4517 hujus
2817 4448 2999 4502 saeculi
3023 4449 3290 4503 conﬁciet.

198 4524 525 4580 συντελέσει.

267 4616 357 4681 21,
383 4616 473 4669 22.
516 4615 593 4685 (5)
629 4614 1018 4686 Ἀτελευτήτως
1060 4617 1088 4667 ὁ
1128 4616 1259 4680 Θεός
1314 4632 1405 4668 σου
1438 4622 1470 4686 ἡ
1521 4614 1631 4669 ἄνω
1675 4616 1768 4668 Ἱε-

1942 4615 2032 4681 21,
2056 4616 2145 4669 22.
2173 4616 2232 4670 In
2255 4625 2517 4672 aeternum
2544 4616 2685 4672 Deus
2713 4626 2838 4673 tuus
2860 4634 3095 4688 superna
3112 4618 3430 4685 Jerusalem,

198 4708 497 4781 ρουσαλὴμ,
522 4708 649 4761 ἔνθα
678 4709 737 4761 τὸ
762 4709 1076 4779 ἐπουράνιον
1100 4707 1479 4778 θυσιαστήριον
1507 4707 1763 4778 ὑπάρχει·

1870 4708 1961 4762 υὺί
1995 4709 2383 4777 ειιρετοωιεειε
2425 4709 2595 4763 altare
2625 4710 2839 4764 exsistit
2872 4724 2887 4764 :
2920 4709 3044 4765 Sion
3080 4711 3221 4765 enim
3269 4712 3432 4764 inter-

196 4803 355 4857 Σιὼν
380 4803 488 4873 γὰρ
521 4801 878 4873 ἑρμηνεύεται
912 4802 1091 4866 τόπος
1112 4800 1263 4853 ὅπου
1296 4801 1334 4865 ἡ
1364 4798 1587 4868 σκηνὴ,
1610 4817 1765 4852 τουτ-

1868 4806 2110 4867 pretatur
2149 4798 2294 4851 locus
2351 4800 2439 4852 ubi
2470 4798 2899 4865 tabernaculum,
2937 4804 3040 4855 hoc
3076 4810 3158 4855 est
3194 4801 3283 4855 ubi
3341 4818 3432 4856 su-

193 4894 344 4948 ἐστιν
371 4895 500 4947 ὅπου
534 4896 596 4947 τὸ
623 4894 938 4964 ἐπουράνιον
970 4892 1371 4964 θυσιαστήριον.
1801 4909 1844 4963 ι)
1871 4890 2187 4960 ροτοωὶοειο
2211 4891 2398 4947 altare.

279 5008 343 5060 Ἦ
383 5009 712 5080 προκειμένη
747 5008 1023 5079 ἐπιγραφὴ
1056 5007 1295 5080 περιέχει
1325 5006 1421 5078 (6)°
1463 5007 1831 5073 Ἁλληλούῖα,
1884 5005 2145 5075 Ἀγγαίου
2180 5006 2278 5059 καί
2306 5006 2603 5074 Ζαχαρίου
2622 5023 2635 5036 ·
2661 5007 2994 5074 ἀλληλοιπα
3023 5002 3114 5060 οὖν
3139 5007 3431 5079 ἐρμηνεύετ

270 5094 486 5151 Titulus
513 5098 832 5166 praepositus
867 5098 1107 5151 continet
1138 5116 1150 5149 :
1185 5096 1412 5150 Alleluia
1433 5136 1447 5160 ,
1480 5097 1656 5165 Aggwi
1678 5137 1691 5161 ,
1732 5107 1782 5149 et
1809 5095 2088 5151 lac/tario:
2120 5112 2138 5149 :
2166 5098 2381 5151 alleluia
2418 5099 2583 5168 igitur
2609 5099 2991 5169 interpretatur
3018 5102 3133 5153 laus
3193 5114 3239 5155 et
3280 5101 3431 5170 hym-

270 5184 322 5240 1.
363 5186 567 5239 Αἰνεῖτε
608 5187 697 5239 τὸν
744 5187 963 5259 Κύριον,
993 5189 1072 5242 ὅτι
1116 5188 1214 5259 ἡδὺ
1259 5185 1337 5257 τῷ
1386 5187 1506 5257 Θεῷ
1539 5188 1597 5240 τὸ
1630 5186 1769 5258 ψάλ-

1947 5189 1998 5241 1.
2034 5186 2275 5243 Laudate
2320 5188 2651 5255 Dominum,
2699 5192 2958 5261 quoniam
3001 5191 3301 5262 jucundum
3351 5200 3428 5245 est

199 5277 256 5328 λε
266 5294 311 5329 ιν
344 5277 421 5347 (7)
454 5279 621 5349 αὐτῷ.

1877 5277 2007 5345 Deo,
2037 5288 2097 5333 ut
2121 5280 2221 5349 ipsi
2246 5280 2526 5349 psallatur.

1067 5392 1369 5454 Addenda
1399 5399 1462 5454 et
1498 5391 1869 5470 corrigenda
1902 5409 1976 5452 ex
2010 5393 2148 5454 cod.
2184 5394 2387 5456 Vatic.

273 5484 347 5553 (1)
381 5487 454 5558 (Δέ
481 5487 649 5545 deest.
1872 5502 1909 5544 el

1872 5498 1999 5551 etc.,
2030 5491 2300 5543 τουτέστιν
2328 5494 2506 5556 τόπος,
2537 5495 2691 5558 ὃπου,
2717 5504 2820 5550 etc.

272 5558 349 5637 (gl
377 5557 540 5637 16in
575 5559 743 5637 deest.
832 5630 844 5637 ᾔ
1002 5631 1013 5637 _
1035 5631 1048 5637 _
1492 5630 1502 5637 .

1944 5560 2017 5637 (6)
2049 5560 2111 5612 Ἠ
2150 5561 2237 5637 διά
2269 5562 2763 5637 τῆςίκιν-ναδάρεως
2794 5567 3053 5637 περιέχει,
3084 5572 3214 5622 etc.,
3245 5564 3421 5637 ﬁgat}:

384 5628 933 5705 nenopwuévougleg.
963 5631 1173 5685 videtur
1205 5630 1649 5701 πεπηρωμένους.
1871 5630 2081 5705 Vsus-ut
2126 5628 2575 5705 μνήμηΚυρίου,
2611 5628 2741 5702 etc.,
2781 5628 3161 5705 αἶνος,“ὖμνος
3203 5631 3289 5703 τῷ.
3312 5628 3424 5703 Θεῖίὲ

388 5697 733 5771 έὺτῷνηίρε,
764 5701 947 5771 αὑτοῦ,
1086 5770 1093 5771 7
1168 5768 1218 5771 __
1342 5697 1370 5701 ’⁷
1404 5770 1411 5771 7
1442 5697 1452 5701 ⁷
1650 5770 1655 5771 7
1869 5716 1908 5751 τι

776 5701 947 5771 κὺτοῦ.
1086 5770 1093 5771 ί
1168 5768 1218 5771 __
1342 5697 1370 5701 ’⁷
1404 5770 1411 5771 ί
1442 5697 1452 5701 ⁷
1650 5770 1655 5771 ν
1869 5699 1945 5769 τῷ
1982 5697 2412 5771 Mtewﬁicw.

273 5766 349 5835 (5)
386 5766 454 5821 Ν.
498 5766 1011 5839 21.Ἀτελευτήτως.
1050 5770 1117 5824 Ν.
1159 5768 1249 5823 22.
1286 5771 1342 5824 Ὀ
1387 5770 1515 5833 Θεὸς
1554 5773 1586 5840 ἡ
1630 5770 1759 5833 ἄνω,

756 5770 1011 5839 ευτήτως.
1050 5770 1117 5824 Ν.
1159 5768 1249 5823 22.
1286 5771 1342 5824 Ὀ
1387 5770 1515 5833 Θεὸς
1554 5773 1586 5840 ἡ
1630 5770 1759 5833 ἄνω,
1918 5766 2015 5839 ’(7)
2054 5766 2253 5837 Tum,
2286 5782 2389 5826 cm.

520 5861 786 5922 PATnOL.
819 5863 935 5920 (in.
976 5860 1232 5920 XXVII.

3110 5867 3180 5930 12
