4142 6478
766 362 901 418 1525

825 478 879 534 2.
915 478 1024 535 Deo
1055 491 1242 537 nostro
1270 483 1340 538 sit
1363 484 1604 554 jucunda
1642 488 1902 544 laudatio.

825 571 880 626 5.
913 569 1212 628 Ediﬁcans
1240 572 1540 631 Jerusalem
1568 577 1827 635 Dominus
1863 596 1877 634 :

824 662 878 717 ι.
914 663 1285 733 Dispersiones
1313 667 1524 724 lsraelis
1550 672 1916 740 congregabit.

823 754 874 809 5.
904 753 1006 821 Qui
1037 765 1192 810 sanat
1223 758 1487 813 contritus
1523 760 1719 825 corde;

822 844 870 899 6.
905 845 964 900 Et
1005 847 1188 916 alligat
1217 848 1573 906 contritiones
1599 868 1805 916 eorum,

818 937 868 992 7.
907 937 1008 1004 Qui
1042 951 1290 996 numerat
1318 943 1718 999 multitudinem
1751 946 2028 1001 stellarum
2051 989 2066 1012 ,

819 1025 869 1081 8.
903 1025 969 1082 Et
1000 1031 1252 1085 omnibus
1291 1031 1371 1087 eis
1404 1033 1620 1087 nomina
1656 1044 1829 1089 vocat.

1562 370 1618 424 S.
1659 369 2036 428 ATHANASII
2075 370 2223 430 OPP.
2267 373 2447 432 PARS
2485 377 2570 434 Ill.
2618 409 2684 421 —
2724 382 3137 443 EXEGETICA.

3859 395 3978 461 ιδει

2353 502 2397 558 Α
2492 496 2545 552 2.
2585 498 2702 570 Θεῷ
2728 500 2973 573 ἡδυνθείη
2996 503 3217 569 αἰνεσις.

2492 591 2545 644 5.
2586 592 2893 663 Οἰκοδομιῖη·
2932 595 3282 668 Ἰερουσαλὴμ
3303 599 3332 652 ὁ
3359 598 3592 672 Κύριος·

2486 683 2539 736 5.
2579 684 2689 747 Τάς
2721 684 3018 758 διασπορὰς
3046 687 3139 740 τοῦ
3167 690 3387 761 Ἰσραὴλ
3412 692 3758 760 ἐπισυνάξει.

2485 772 2537 826 5.
2585 774 2640 826 '0
2673 773 2896 844 ἰώμενος
2924 778 3048 841 τοὺς
3073 781 3566 852 συντετριμμένους
3591 783 3695 849 τὴν
3739 783 3975 855 καρδίανο

2484 862 2535 916 6.
2573 865 2679 916 Kal
2700 865 2976 937 δεσμεύων
3009 869 3077 922 τά
3101 873 3483 943 συντρίμματα
3503 873 3712 928 αὐτῶν.

2485 954 2537 1006 7.
2582 954 2643 1008 '0
2668 956 2913 1028 ἀριθμῶν
2940 959 3118 1030 πλήθη
3139 962 3352 1032 ἄστρων
3371 1002 3386 1026 ,

2483 1043 2536 1098 8.
2573 1046 2680 1098 Kal
2712 1048 2875 1100 πᾶσιν
2897 1049 3079 1113 αὐτοῖς
3107 1051 3346 1121 ὀνόματα
3372 1052 3572 1108 καλῶν.

1860 1182 2236 1240 ATHANASII
2273 1187 2858 1254 lNTERPRETATlU.

747 1335 833 1372 ται
858 1313 1024 1383 αἶνος
1053 1317 1148 1371 καί
1190 1318 1408 1387 ὕμνοςο
1435 1320 1697 1420 Ἀγγαίου
1729 1320 1784 1373 δὲ
1815 1323 2172 1391 ἑρμηνεύεται
2200 1326 2575 1399 ἑορτάζοντος
2595 1350 2608 1364 ·
2640 1339 2934 1407 Ζαχαρίου
2962 1340 3018 1394 δὲ
3073 1343 3431 1413 ἑρμηνεύεται
3457 1347 3710 1417 μνήμης
3743 1348 3974 1420 Κυρίου.

745 1416 936 1486 Σαφῶς
961 1416 1054 1473 οὖν
1083 1415 1236 1469 τοῦτο
1267 1415 1432 1486 λέγει,
1465 1413 1609 1480 αἶνος
1634 1417 1726 1470 καὶ
1761 1417 1926 1488 ὕμνος
1947 1418 2025 1490 τῷ
2054 1419 2166 1473 ὄντι
2196 1421 2315 1493 Θεῷ
2355 1429 2502 1502 παρά
2531 1429 2622 1484 τοῦ
2652 1434 2999 1506 ἐορτάζοντος
3027 1437 3154 1491 λαοῦ
3193 1441 3286 1510 τὴν
3324 1445 3544 1516 μνήμην
3571 1446 3686 1500 τῶν
3730 1449 3974 1520 memmi-

743 1529 848 1565 των
872 1514 1054 1568 αὐτοῦ.

742 1623 840 1659 nus
871 1623 888 1660 :
914 1608 1090 1677 Aggwi
1131 1617 1308 1661 autem
1364 1606 1547 1674 festum
1575 1615 1775 1675 agentis
1803 1619 1821 1657 :
1854 1605 2132 1662 Zachariae
2154 1618 2331 1664 autem
2375 1612 2760 1687 interpretatur
2799 1626 3065 1679 memoria:
3094 1626 3323 1681 Domini.
3355 1631 3551 1700 Aperte
3583 1633 3753 1704 igitur
3784 1637 3885 1691 hoc
3911 1639 3972 1691 si-

742 1701 980 1772 gniﬁcat,
1012 1702 1130 1754 laus
1160 1714 1212 1754 et
1242 1703 1474 1771 hymnus
1503 1699 1613 1754 Deo
1659 1713 1790 1753 vero
1823 1715 1852 1752 a
1889 1701 2086 1770 populo
2106 1743 2118 1766 ,
2147 1706 2238 1774 qui
2275 1705 2474 1766 festum
2507 1715 2616 1788 agit
2652 1719 2931 1774 memoria:
2961 1723 3231 1790 passionis
3257 1726 3397 1797 ejus.

808 1813 862 1869 2.
895 1813 1254 1869 Delectabitur
1281 1815 1424 1868 enim
1457 1813 1767 1883 bujusmodi
1793 1813 1955 1871 laude
1990 1815 2154 1873 Deus.

807 1906 861 1960 5.
889 1904 1186 1958 Jerusalem
1228 1907 1609 1973 interpretatur
1643 1905 1772 1959 visio
1813 1907 1981 1975 pacis,
2024 1910 2184 1978 quale
2219 1921 2302 1966 est

737 2009 832 2048 eor
864 1993 1062 2047 ﬁdele:
1095 1994 1306 2065 singula
1359 1993 1522 2064 igitur
1571 1995 1885 2062 hujusmodi
1926 1998 2090 2052 corda
2139 2000 2302 2054 mlifi-

735 2097 826 2142 eat
857 2087 1139 2140 Dominus.
1200 2083 1681 2140 Verumenimvero
1729 2102 2017 2156 supernam
2081 2088 2300 2146 Jerusa-

737 2181 838 2233 lem
871 2181 985 2250 ipse
1011 2179 1332 2246 aadilicavit;
1380 2189 1436 2234 et
1467 2181 1755 2236 multitudo
1798 2184 2118 2253 angelorum
2164 2187 2300 2241 dici-

733 2283 823 2326 tur
874 2271 1171 2326 Jerusalem
1198 2313 1212 2335 ,
1258 2282 1310 2325 et
1348 2273 1605 2327 omnibus
1638 2273 1987 2329 manifestum
2015 2285 2118 2339 est,
2152 2278 2296 2345 quod

734 2365 848 2431 ipse
874 2378 969 2418 eos
1000 2363 1230 2416 :edilicat
1257 2362 1480 2414 domum
1528 2362 1867 2430 spiritualem
1887 2406 1905 2432 ,
1937 2365 2296 2434 quemadmo-

731 2455 860 2508 dum
885 2455 1061 2522 inquit
1089 2455 1370 2522 apostolus
1400 2454 1464 2506 ¹⁰.

801 2544 853 2598 4.
888 2543 1140 2614 Dispersa
1174 2546 1414 2599 membra
1441 2557 1778 2612 sanctorum,
1803 2547 1907 2602 hoc
1932 2555 2017 2603 est
2040 2548 2291 2618 populos,

730 2636 822 2705 qui
847 2652 910 2690 ex
942 2634 1143 2691 Iudaeis
1170 2648 1331 2702 sunt,
1361 2647 1414 2692 et
1455 2639 1548 2708 qui
1589 2654 1658 2693 ex
1694 2639 1967 2706 gentibus,
1993 2654 2292 2710 congrega-

730 2727 807 2781 bit
833 2741 927 2795 per
951 2729 1260 2798 passionem
1286 2745 1462 2784 suam.
1490 2730 1666 2784 Aliam
1695 2729 1859 2784 etiam
1892 2732 2293 2800 interpretatio-

729 2833 852 2871 nem
899 2818 1060 2887 hujus
1088 2834 1277 2873 versns
1308 2819 1505 2873 dicam.
1558 2819 1730 2874 Israel
1775 2821 2161 2890 interpretatur
2214 2824 2290 2876 vi-

728 2909 852 2961 dens
904 2907 1069 2962 Deum
1105 2925 1124 2963 :
1165 2913 1362 2965 mentis
1403 2911 1564 2982 igitur
1599 2913 1833 2968 videntis
1889 2929 2014 2968 eum
2071 2929 2287 2968 omnem

726 3001 1087 3070 captivitatem
1117 3003 1500 3072 congregabit,
1549 3011 1604 3059 et
1637 3004 1691 3058 in
1728 3020 1882 3060 suam
1933 3006 2159 3060 liberam
2193 3021 2290 3076 po-

727 3102 971 3149 testatem
1010 3095 1181 3164 ipsam
1224 3097 1489 3150 restituet.

2331 1811 2374 1865 Β
2470 1829 2523 1882 2.
2565 1830 2938 1903 Τερφθήσεται
2965 1837 3073 1908 γὰρ
3095 1840 3185 1891 ἐπί
3204 1844 3269 1911 τῇ
3299 1842 3518 1914 τοιαύτῃ
3547 1844 3757 1898 αἰνέσει
3783 1848 3811 1900 ὁ
3831 1845 3968 1912 Θεός.

2468 1921 2520 1974 5.
2549 1922 2932 2016 ’ζερουσαλὴμ
3001 1931 3354 2000 ἑρμηνεύεται
3420 1936 3629 2004 ὅρασις
3696 1938 3968 2016 εἰρήνης,

2399 2008 2534 2080 ὅπερ
2568 2011 2800 2083 ὑπάρχει
2841 2017 3037 2088 καρδία
3085 2023 3247 2090 πιστή
3275 2039 3288 2052 ·
3338 2024 3574 2096 ἑκάστην
3603 2022 3700 2080 οὖν
3726 2008 3968 2100 τοιαύτην

2399 2100 2623 2169 καρδίαν
2655 2105 2925 2175 οἰκοδομεί
2968 2113 2996 2162 ὁ
3026 2110 3443 2184 Κύριος.”ομως
3492 2115 3549 2168 δὲ
3595 2116 3672 2185 (l)
3723 2120 3824 2188 τὴν
3869 2121 3967 2174 ἀνω

2407 2191 2760 2266 Ἰερουσαλὴμ
2803 2198 2963 2261 αὐτὸς
3004 2200 3419 2274 ἐδημιούργησε,
3455 2207 3547 2259 καὶ
3594 2207 3657 2260 τὸ
3687 2210 3888 2281 πλῆθος
3917 2213 3964 2264 δὲ

2396 2282 2502 2334 τῶν
2527 2285 2771 2353 ἀγγέλων
2795 2287 3010 2356 λέγεται
3039 2293 3408 2367 Ἰερουσαλὴμ,
3433 2299 3524 2352 καὶ
3552 2300 3712 2370 δῆλόν
3734 2303 3850 2354 ἐστι
3873 2306 3963 2356 πᾶ-

2397 2388 2468 2435 σι,
2500 2373 2689 2445 ὅτιπερ
2718 2377 2875 2439 αὐτὸς
2898 2378 3091 2442 αὐτοὺς
3112 2382 3384 2453 οἰκοδομεῖ
3403 2380 3549 2438 οἷκον
3580 2390 3961 2459 πνευματικὸν,

2394 2462 2572 2526 καθὼς
2604 2464 2678 2533 (2)
2710 2460 2862 2518 εἶπεν
2891 2469 3267 2534 ὁἈπόστολος.

2461 2554 2513 2606 4.
2557 2556 2634 2606 Τά
2666 2555 3121 2628 διεσκορπισμένα
3170 2562 3306 2632 μέλη
3355 2562 3463 2618 τῶν
3508 2566 3701 2634 ἁγίων,
3728 2569 3960 2623 τουτέστι

2390 2645 2514 2708 τοὺς
2563 2645 2620 2711 ἐξ
2662 2647 2928 2702 Ἰουδαίων
2973 2650 3152 2714 λαοὺς,
3213 2654 3306 2706 καὶ
3349 2656 3474 2719 τοὺς
3511 2657 3570 2721 ἐξ
3613 2659 3817 2724 ἐθνῶν,
3851 2664 3960 2714 ἐπι-

2393 2735 2606 2801 συνάξει
2633 2735 2720 2788 διά
2747 2738 2840 2790 τοῦ
2877 2739 3078 2802 πάθους
3101 2741 3286 2795 αὑτοῦ.
3321 2744 3428 2796 Kal
3462 2744 3629 2816 ἀλλην
3670 2746 3727 2800 δὲ
3758 2750 3837 2819 τῷ
3866 2753 3957 2803 αύ-

2388 2823 2464 2894 τῷ
2486 2825 2650 2896 στίχῳ
2681 2827 2972 2898 ἑρμηνείαν
2989 2827 3230 2900 λέξομεν.
3250 2831 3482 2900 Ἰσραὴλ
3504 2836 3579 2905 (5)
3607 2836 3956 2906 ἑρμηνεύεται

2389 2912 2541 2980 ὀρῶν
2575 2916 2722 2969 Θεόν
2741 2931 2754 2945 ’
2790 2919 2886 2986 τῆς
2917 2917 3152 2982 διανοίας
3185 2917 3277 2974 οὖν
3307 2923 3404 2992 τῆς
3431 2923 3644 2995 ὁρώσης
3672 2927 3834 2982 αὑτὸν
3868 2932 3954 2982 7:5-

2390 3019 2487 3056 σαν
2511 3005 2884 3076 αἰχμαλωσίαν
2907 3009 3240 3074 ἐπισυνάξει,
3271 3015 3364 3066 καὶ
3393 3015 3472 3077 εἰς
3515 3016 3614 3087 τὴν
3639 3018 3808 3090 αὐτῆς
3836 3022 3954 3073 αὺτ-

2394 3095 2743 3169 εξουσιότητα
2768 3098 2928 3153 αὑτὸν
2962 3099 3419 3176 ἀποκαταστήσει.

1103 3207 1470 3280 Interpretatio
1501 3211 1743 3266 versiculi
1776 3215 1944 3283 quinti
1970 3229 2131 3284 usque
2166 3214 2236 3267 ad
2263 3213 2519 3268 decimum
2549 3223 2787 3267 octavum
2816 3232 2917 3270 non
2943 3227 3117 3272 exstat
3149 3221 3202 3272 in
3237 3221 3354 3279 cod.
3389 3221 3553 3277 Barb.

794 3325 856 3389 5,
910 3324 962 3378 6.
1023 3324 1085 3378 Et
1163 3325 1627 3394 concupiscentias
1692 3341 1879 3381 eorum
1937 3336 2316 3383 conterentest

2452 3327 2505 3395 5,
2539 3329 2592 3382 6.
2655 3330 2765 3383 Kal
2813 3331 2911 3393 τὰς
2971 3333 3268 3403 ἐπιθυμίας
3333 3337 3509 3390 αὐτῶν
3551 3340 3651 3402 τάς
3701 3343 3950 3414 πρότερον

724 3426 877 3471 antea
902 3415 1062 3471 corda
1091 3414 1365 3468 hominum
1407 3415 1635 3482 alligans
1674 3417 1904 3475 vinculis
1933 3416 2152 3472 aeternis
2180 3457 2194 3479 ,
2231 3425 2284 3472 et

724 3509 940 3564 tradens
971 3506 1078 3578 igni
1107 3516 1309 3561 aitcrno
1332 3547 1346 3570 ,
1385 3507 1488 3562 hoc
1512 3518 1596 3562 cst
1629 3510 1929 3563 contrarias
1963 3517 2278 3578 potestates.

791 3681 843 3745 7,
892 3679 942 3735 8.
1000 3677 1341 3734 Manifestum
1412 3678 1629 3748 quidem
1678 3687 1790 3744 est,
1846 3679 1990 3750 quod
2051 3679 2167 3750 ipse
2224 3689 2281 3734 ut

722 3770 928 3833 laetor,
987 3771 1137 3823 novit
1168 3769 1521 3836 quantitatem
1565 3785 1752 3824 earum
1789 3772 2067 3826 stellarum
2096 3811 2110 3835 ,
2145 3787 2280 3840 quas

721 3865 866 3919 fecit.
908 3865 980 3918 De
1006 3864 1206 3918 sanctis
1238 3863 1398 3917 etiam
1428 3864 1712 3933 allegorice
1741 3865 1996 3935 explicari
2031 3875 2276 3935 possunt,

716 3970 840 4025 qua:
865 3955 930 4010 ile
958 3955 1229 4009 Stellarum
1269 3971 1491 4010 numero
1520 3956 1808 4024 dicuntur;
1841 3959 2089 4013 similiter
2131 3960 2275 4013 enim

719 4059 772 4102 et
799 4048 988 4102 horum
1018 4063 1299 4100 munerum
1329 4048 1590 4117 agnoscit.
1621 4047 1734 4102 Nisi
1785 4052 1928 4103 enim
1962 4051 2278 4119 praevideret

715 4153 840 4209 quae
865 4139 934 4191 sit
957 4152 1143 4191 eorum
1170 4137 1448 4205 quantitas
1468 4177 1482 4199 ,
1516 4153 1621 4191 non
1657 4148 2013 4208 praeparassct
2042 4139 2172 4208 ipsis
2197 4140 2276 4192 ci-

717 4230 934 4282 vitatem
956 4268 971 4293 ,
1004 4243 1124 4296 quae
1150 4236 1331 4295 posset
1359 4243 1452 4281 eos
1482 4228 1750 4296 excipere.
1778 4226 2087 4283 Numerans
2116 4229 2279 4300 igitur

718 4318 1111 4376 multitudinem
1169 4319 1480 4382 stellarum,
1544 4319 1874 4387 perspiciens
1931 4329 1984 4372 et
2044 4320 2278 4388 probans

719 4411 878 4482 quale
929 4408 1199 4465 charisma
1229 4451 1243 4474 ,
1287 4418 1340 4463 et
1386 4417 1648 4478 quantum
1697 4411 1865 4479 possit
1904 4411 2277 4481 unusquisque

718 4510 1027 4557 sanctorum
1061 4501 1300 4568 accipere
1321 4542 1334 4562 ,
1363 4508 1416 4553 et
1446 4499 1516 4553 ita
1545 4499 1825 4555 exhibens.
1873 4500 2072 4556 Deinde
2096 4507 2277 4572 sequi-

717 4605 804 4648 tur
833 4591 887 4645 in
917 4590 1123 4660 psalmo
1151 4609 1164 4644 :
1194 4590 1259 4643 Et
1289 4590 1525 4642 omnibus
1554 4591 1628 4642 eis
1660 4592 1873 4644 nomina
1905 4607 2090 4645 vocans
2115 4607 2134 4645 :
2156 4608 2276 4646 mos

2386 3420 2774 3493 συντριδούσας
2806 3424 2905 3485 τὰς
2933 3424 3156 3495 καρδίας
3185 3426 3292 3477 τῶν
3337 3427 3639 3498 ἀνθρώπων
3685 3431 3949 3502 δεσμεύων

2382 3513 2600 3582 δεσμοῖς
2620 3513 2833 3576 ἀϊδίοις,
2856 3514 2949 3567 καὶ
2973 3515 3296 3586 παραδιδοὺς
3318 3517 3395 3588 τῷ
3416 3518 3619 3590 αἰωνίῳ
3642 3523 3797 3593 πυρὶ,
3815 3541 3941 3576 τουτ·

2383 3604 2496 3656 ἐστι
2521 3603 2620 3664 τὰς
2656 3604 2903 3666 ἐναντίας
2932 3604 3211 3676 δυνάμεις.

2472 3694 2524 3758 7,
2554 3694 2606 3748 8.
2667 3695 2834 3764 Δῆλον
2895 3696 2991 3767 μέν
3045 3699 3212 3760 ἐστιν,
3240 3699 3342 3762 ὅτι,
3373 3701 3448 3764 ὡς
3479 3707 3821 3774 πεποιηκὼς,
3851 3703 3946 3760 οἶδε

2380 3786 2477 3856 τὴν
2517 3786 2786 3856 ποσότητα
2810 3781 2884 3840 ὧν
2914 3787 3232 3857 πεποίηκεν.
3284 3791 3392 3844 Kal
3425 3794 3504 3855 εἰς
3537 3793 3662 3857 τοὺς
3693 3797 3882 3864 ἁγίους
3903 3799 3947 3851 δὲ

2383 3874 2663 3946 θεωρεῖται
2685 3879 2711 3927 ὁ
2738 3875 2940 3929 τούτων
2962 3878 3212 3948 ἀριθμὸς.
3239 3881 3331 3932 καὶ
3345 3881 3545 3950 ὁμοίως
3559 3883 3725 3937 πάλιν
3750 3888 3844 3938 καὶ
3870 3890 3932 3940 αὖ

2379 3965 2486 4019 τῶν
2508 3965 2762 4034 γινώσκει
2788 3967 2876 4019 τὸν
2904 3967 3152 4038 ἀριθμόν.
3173 3971 3236 4023 Εἰ
3261 3971 3333 4042 μὴ
3359 3970 3467 4043 γάρ
3494 3973 3688 4045 προῖδῃ
3707 3975 3802 4044 (3‘)
3822 3978 3945 4030 πόστ

2381 4058 2532 4110 ἔσται
2563 4061 2594 4129 ἡ
2630 4059 2863 4130 ποσότης
2895 4062 3095 4126 αὐτῶν,
3119 4064 3220 4116 οὐκ
3249 4065 3313 4117 ἂν
3346 4067 3755 4138 προητοίμασεν
3779 4073 3947 4135 αὐτοῖς

2381 4149 2533 4202 πόλιν
2578 4152 2676 4221 τὴν
2710 4152 3011 4224 δυναμένην
3050 4156 3246 4219 αὐτοὺς
3271 4157 3546 4222 δέξασθαι.
3622 4161 3682 4212 '0
3711 4162 3944 4232 ἀριθμῶν

2377 4239 2468 4296 οὖν
2504 4244 2678 4315 πλήθη
2712 4244 2926 4316 ἄστρων
2950 4286 2964 4308 ,
3013 4248 3040 4298 ὁ
3070 4247 3290 4318 θεωρῶν
3320 4250 3413 4302 καὶ
3459 4251 3772 4321 δοκιμάζων
3810 4260 3944 4310 ποῖον

2377 4335 2619 4403 χάρισμα
2643 4375 2656 4394 ,
2693 4336 2786 4388 καὶ
2843 4336 3004 4388 πόσον
3033 4337 3255 4390 δύναται
3286 4338 3540 4403 δέξασθαι
3587 4341 3819 4405 ἕκαστος
3849 4346 3943 4397 τῶν

2379 4425 2567 4491 ἁγίων,
2600 4427 2693 4479 καὶ
2723 4425 2865 4479 οὕτω
2905 4428 3178 4498 παρέχων.
3215 4426 3364 4495 Εἶτα,
3394 4432 3506 4486 Καὶ
3539 4434 3733 4489 πᾶσιν
3753 4440 3945 4504 αὐτοῖς

2378 4518 2637 4585 ὀνόματα
2662 4519 2893 4571 καλῶν*
2936 4518 3084 4579 ἐθνος
3127 4519 3234 4589 γὰρ
3280 4522 3337 4572 ἐν
3389 4525 3457 4592 τῇ
3503 4523 3800 4596 Ἐκκλησία
3827 4532 3942 4591 τοὺς

2379 4606 2564 4672 ἁγίους
2589 4606 2755 4676 αὐτῆς
2775 4608 2900 4670 τοὺς
2927 4607 3025 4676 μὲν
3047 4609 3394 4673 ἀποστόλους,
3411 4613 3537 4674 τοὺς
3560 4613 3617 4665 δέ
3645 4618 3937 4688 προφήτας,

709 4686 857 4740 enim
891 4685 942 4738 in
979 4682 1212 4738 Ecclesia
1242 4692 1316 4737 est
1350 4692 1567 4737 sanctos
1593 4698 1724 4738 suos
1770 4683 1905 4737 alios
1935 4684 2152 4752 quidem
2181 4699 2275 4738 vo-
2308 4666 2316 4720 Ῑ

2427 4666 2437 4672 .
2551 4666 2554 4667 ν
2712 4666 2748 4676 .-
2880 4666 2941 4676 -.
3353 4666 3392 4673 --
3517 4666 3534 4674 -
3691 4666 3937 4688 ,νη-κ..

2384 4697 2502 4759 τοὺς
2525 4697 2581 4749 δέ
2610 4697 2978 4761 διδασκάλους·
3009 4695 3128 4751 εἷτα
3147 4700 3423 4771 δυνάμεις,
3451 4705 3647 4770 οἵτινες
3680 4710 3940 4780 ὑπάρχου-

709 4790 839 4829 care
873 4775 1166 4844 apostolos,
1197 4773 1332 4827 alios
1365 4782 1542 4827 autem
1576 4773 1866 4842 prephetas
1891 4811 1906 4834 ,
1935 4773 2070 4825 alios
2092 4782 2270 4828 autem

716 4863 1039 4934 magistros;
1069 4864 1259 4918 deinde
1286 4864 1532 4926 lectores,
1565 4863 1755 4917 deinde
1781 4863 2098 4931 interpretes
2127 4863 2274 4918 Scri-

715 4966 989 5025 pturarum
1009 4971 1072 5009 ex
1103 4971 1207 5010 una
1238 4956 1416 5021 lingua
1448 4955 1499 5007 in
1521 4955 1697 5008 aliam.
1719 4951 1816 5008 Hic
1845 4955 2007 5023 igitur
2037 4970 2154 5010 mos
2169 4965 2271 5021 est,

713 5050 959 5116 inquam,
1007 5045 1256 5100 omnibus
1280 5046 1358 5099 eis
1387 5044 1603 5098 nomina
1634 5059 1834 5098 vocans
1862 5044 1958 5114 (a).

786 5163 826 5192 ¹⁰
856 5161 874 5213 l
909 5159 1052 5212 Petr.
1085 5177 1144 5226 ιι,
1180 5160 1230 5212 εἰ.

2381 4803 2463 4839 σιν
2501 4788 2549 4839 οἰ
2574 4787 2808 4842 διάκονοι
2832 4805 2846 4820 °
2886 4785 3003 4843 εἶτα
3034 4791 3157 4854 τοὺς
3184 4791 3566 4858 ἐπιτελοῦντας
3611 4799 3710 4861 τὰς
3745 4803 3933 4865 ἰάσεις·

2379 4872 2494 4930 εἶτα
2518 4878 2895 4946 ἀναγνώστας·
2924 4877 3044 4934 εἶτα
3064 4881 3189 4942 τοὺς
3217 4884 3618 4953 ἐρμηνεύοντας
3649 4891 3759 4945 ἀπὸ
3788 4894 3936 4963 τῆσδε

2379 4969 2475 5036 τῆς
2514 4967 2762 5040 γλώσσης
2791 4973 2871 5034 εἰς
2900 4972 3055 5042 τήνδε
3088 4972 3186 5034 τάς
3220 4975 3464 5047 Γραφάς.
3501 4981 3680 5036 Τοῦτο
3706 4981 3800 5038 οὖν
3833 4987 3934 5038 ἐστι

2380 5055 2457 5120 τὸ,
2496 5061 2659 5112 πᾶσιν
2686 5063 2869 5125 αὐτοῖς
2893 5062 3130 5134 ὀνόματα
3158 5065 3350 5120 καλῶν.

1663 5229 1962 5290 Addenda
2005 5239 2062 5291 et
2095 5234 2468 5316 corrigenda
2503 5257 2576 5298 ex
2611 5239 2746 5301 cod.
2777 5240 2976 5302 \‘atic.

983 5353 998 5404 ί
1028 5369 1120 5406 pro
1154 5353 1228 5406 δέ.

983 5355 998 5404 ί
1075 5371 1086 5380 -
1154 5355 1228 5406 δέ.

893 5356 1267 5545 ιίἑςῗθιὲὲοεῖπεν
1293 5425 1318 5473 ὁ
1356 5425 1689 5487 ’Δπόστολος,
1719 5425 1912 5480 desunt
1939 5429 2049 5480 hmr
2080 5429 2265 5483 ultima

776 5512 796 5545 ι·
834 5509 864 5545 a
902 5511 950 5545 tu
989 5509 1069 5545 cm
1095 5531 1106 5543 .

705 5496 864 5548 verba
902 5499 950 5546 iu
989 5496 1084 5545 cmi
1095 5531 1106 5543 .

2446 5362 2524 5444 (3).
2550 5362 2762 5433 Ἰσραὴλ
2793 5363 2901 5447 γάρ
2945 5365 3302 5434 ἑρμηνεύεται
3332 5371 3454 5436 νοῦς
3496 5375 3660 5447 ὁρῶν,
3691 5387 3821 5442 etc.,
3849 5378 3932 5433 αὐ-

2371 5432 2470 5497 τὴν
2503 5432 2959 5503 ἀποκαταπήάει.

2437 5505 2527 5571 (5‘)
2561 5502 2643 5565 l..,
2674 5502 2910 5574 προῄδει.
2936 5505 3087 5562 Eutr.

772 5612 851 5732 Sa)
889 5613 968 5664 Ex
1002 5614 1312 5680 hujusmmli
1363 5625 1540 5668 autem
1573 5619 1822 5686 loquendi
1869 5623 2076 5676 ratione
2102 5663 2116 5684 ,
2153 5640 2256 5691 qua
2292 5626 2394 5677 hoc
2439 5626 2560 5679 loco
2596 5627 2860 5697 interpres
2890 5641 3079 5686 noster
3109 5635 3290 5688 varios
3332 5648 3646 5692 sanctorum
3703 5642 3922 5696 fideliam

772 5684 918 5732 tiucs
950 5682 1000 5732 in
1028 5681 1082 5732 Β.
1116 5683 1265 5732 Pauli
1297 5683 1548 5732 Epistolis
1593 5704 1880 5732 ριιηιρςίιης
1925 5691 2081 5732 mfan
2168 5696 2401 5732 ιιιιῑςηιιρ
2454 5712 2631 5732 ,ειη-ηπ.
2673 5701 2990 5732 ..θριδάκια
3013 5719 3164 5732 ..........
3193 5721 3395 5732 ..η-...ω
3616 5722 3841 5732 -.-.-γ,.-.
3877 5726 3919 5732 _.

701 5681 918 5762 ordines
950 5682 1000 5733 in
1028 5681 1082 5775 Β,
1116 5683 1265 5775 Pauli
1297 5683 1548 5764 Epistolis
1593 5681 1880 5767 eipressos
1906 5681 2125 5775 refers,
2168 5681 2401 5773 quisque
2454 5712 2632 5775 rerum
2673 5681 3164 5775 ερὶ-ιρέίάέιῖζεῖί-υηλι

701 5752 971 5846 ξύειῙὶιηὶτο
999 5761 1193 5819 polusl,
1227 5765 1339 5846 tum
1365 5757 1525 5834 ctiam
1559 5774 1621 5846 c'x
1652 5752 1718 5838 its
1751 5775 1871 5846 qttrc
1905 5763 1958 5812 in
1982 5752 2518 5846 esplica'tizmea-ers.
2552 5766 2643 5846 l2“,
2676 5769 2810 5833 psnl.
2841 5752 3937 5846 xxiii,

703 5820 867 5871 fuisse
904 5822 1078 5874 locum
1112 5827 1383 5877 occultum
1415 5825 1467 5877 in
1497 5829 1747 5881 ecclesia.
1772 5820 1917 5881 Nam
1952 5820 2142 5894 primis
2167 5830 2420 5888 Ecclesia:
2450 5820 2757 5890 smculi's'et
2802 5820 3535 5908 nl'ipsh'iﬁbé'Kléx'éHJES
