4142 6482
762 387 892 443 1327
1543 393 1600 448 S.
1644 391 2016 447 ATHANASH
2056 392 2204 445 ΟΡΡ.
2252 391 2427 444 PARS
2469 392 2553 446 ill.
2595 421 2659 431 —
2702 393 3111 452 EXEGETICA.
3841 399 3966 457 i328

808 507 896 561 22.
925 505 1041 560 Non
1075 508 1126 560 in
1165 507 1482 564 fortitudine
1520 515 1642 582 equi
1676 515 2004 569 voluntatem
2037 515 2250 569 habebit
2283 533 2296 568 :
2331 522 2371 575 Α

2167 515 2250 568 :bit
2283 533 2296 568 :
2331 522 2371 575 Α
2472 513 2558 568 22.
2591 519 2700 569 Ούκ
2738 519 2792 569 ἐν
2829 521 2894 588 τῇ
2922 517 3204 588 δυναστείᾳ
3233 519 3330 571 τοῦ
3361 519 3530 571 ἵππου
3566 520 3803 590 θελήσει’

808 597 896 652 23.
931 595 1039 652 Nec
1069 598 1120 651 in
1156 599 1301 653 tibiis
1329 601 1427 655 viri
1453 603 1840 672 beneplaeitum
1872 608 1976 660 erit
2003 608 2068 661 ei.

2472 607 2559 660 23.
2589 608 2720 659 Οὐδὲ
2749 610 2803 659 ἐν
2838 611 2953 671 ταῖς
2987 611 3219 678 κνήμαις
3245 609 3336 662 τοῦ
3367 611 3560 682 ἀνδρὸς
3587 612 3834 665 εὐδοκιεῖ.

807 689 898 743 24.
922 689 1320 760 Beneplacitum
1342 702 1424 746 est
1449 693 1672 750 Domino
1697 713 1860 766 super
1883 698 2131 752 timentes
2152 715 2296 760 eum,

2228 716 2296 760 m,
2470 699 2556 752 24.
2598 699 2822 752 Εύδοκεῖ
2846 701 3039 771 Κύριος
3069 705 3123 755 ἑν
3149 707 3260 766 τοῖς
3290 702 3648 772 φοϐουμένοις
3688 705 3864 766 αὐτὸν,

807 783 891 837 25.
931 781 993 835 Et
1014 783 1067 836 in
1097 783 1177 837 eis
1204 785 1297 852 qui
1329 797 1546 855 sperant
1576 804 1736 857 Super
1761 790 2125 844 misericordia
2159 792 2294 856 ers.

2468 788 2557 840 25.
2593 789 2701 840 Καὶ
2735 791 2790 840 ἐν
2819 792 2892 858 (a)
2917 795 3028 854 τοῖς
3053 791 3358 854 ἐλπίζουσιν
3387 794 3481 846 ἑπὶ
3513 793 3576 845 τὸ
3605 794 3753 857 ἕλεος
3787 795 3956 847 αὑτοῦ.

795 889 1046 944 Alleluia.
1091 891 1268 961 Aggtei
1299 904 1347 947 et
1379 895 1676 960 Zacharia’,
1713 898 1911 953 PSAL.
1944 899 2225 955 CXLVII.
2410 901 2431 952 ἰ

2410 901 2777 966 Ἀλληλούῖα.
2815 902 3088 970 Ἀγγαίου
3110 903 3204 955 καὶ
3225 907 3542 971 Ζαχαρίου.
3584 908 3761 960 ΨΑΛ.
3781 910 3959 960 PMZ'.

803 981 852 1034 l.
885 981 1092 1045 Lauda,
1130 981 1486 1047 Hierusalem.
1525 988 1812 1044 Dominum
1835 1031 1851 1056 ,

2470 992 2520 1044 l.
2565 991 2821 1056 Ἐπαίνει,
2856 993 3228 1064 Ἰερουσαλὴμ,
3261 995 3350 1047 τὸν
3391 995 3618 1066 Κύριον,

799 1072 853 1127 2.
895 1071 1078 1127 Lauda
1113 1073 1277 1128 Deum
1310 1086 1485 1140 tuum,
1521 1078 1670 1134 Sion.

2465 1081 2516 1136 2.
2550 1081 2696 1135 Αἶνει
2732 1083 2821 1135 τὸν
2851 1083 2981 1135 Θεόν
3007 1101 3098 1135 σου
3120 1123 3134 1147 ,
3162 1085 3319 1136 Σιών.

799 1163 852 1217 5.
887 1162 1150 1229 Quoniam
1181 1168 1507 1223 confortavit
1539 1187 1688 1226 seras
1721 1181 1998 1240 portarum
2039 1184 2287 1229 tuarum:

2466 1174 2518 1227 5.
2556 1175 2677 1227 Ὅτι
2725 1175 2972 1245 ὲνίσχυσε
3028 1179 3153 1240 τοὺς
3195 1177 3423 1248 μοχλοὺς
3455 1196 3567 1230 των
3611 1178 3793 1231 πυλῶν
3838 1196 3960 1231 σου·

801 1252 850 1306 4.
890 1252 1163 1311 Benedixit
1199 1259 1322 1312 filiis
1353 1259 1457 1314 tuis
1489 1260 1543 1314 in
1572 1269 1640 1314 te.

2463 1264 2518 1318 4.
2555 1263 2825 1337 Εύλόγησε
2858 1270 2982 1331 τοὺς
3011 1269 3159 1331 υἱούς
3189 1286 3281 1320 σου
3304 1271 3362 1321 ἑν
3391 1269 3493 1325 σοί.

797 1344 852 1398 5.
893 1344 994 1411 Qui
1029 1349 1207 1416 posuit
1236 1349 1368 1403 lines
1400 1361 1521 1404 Iuos
1556 1368 1764 1419 pacem,

2465 1355 2516 1410 5.
2567 1355 2624 1408 '0
2648 1357 2814 1420 τιθεὶς
2841 1358 2907 1410 τὰ
2935 1359 3058 1430 ὃριά
3088 1377 3179 1412 σου
3205 1362 3450 1432 εἰρήνην,

797 1433 848 1488 6.
894 1435 953 1490 Et
988 1437 1143 1505 adipe
1178 1437 1434 1493 frumenti
1465 1442 1625 1495 satiat
1659 1451 1729 1496 te.

2457 1447 2506 1501 6.
2551 1448 2658 1500 Καὶ
2687 1449 2850 1520 στέαρ
2880 1452 3051 1522 πυροῦ
3081 1451 3370 1521 ἐμπιπλῶν
3407 1469 3487 1505 σε.

785 1648 1036 1734 ῖοῇὲςε.
1062 1663 1150 1714 24.
1178 1661 1230 1716 in
1255 1663 1371 1717 cod.
1406 1665 1516 1716 Καὶ
1548 1666 1603 1716 ἑν
1638 1666 1772 1718 πᾶσι
1803 1669 1935 1732 τοῖς,
1968 1677 2071 1722 etc.

1840 1821 2214 1905 ATHANASII
2259 1823 2840 1881 INTEBPRETATIO.

787 1973 876 2027 22.
909 1972 1023 2028 Non
1049 1975 1101 2028 in
1126 1973 1441 2032 fortitudine
1465 1977 1766 2048 insipientis
1788 1980 2110 2035 voluntatem
2131 1981 2286 2037 habe-
2317 1988 2360 2045 Β

2317 1988 2360 2045 Β
2457 1983 2526 2036 22
2571 1983 2685 2038 Ούκ
2711 1986 2767 2038 ἑν
2786 1987 2850 2054 τῇ
2873 1984 3158 2056 δυναστείᾳ
3183 1984 3274 2036 τοῦ
3304 1983 3565 2037 ἀσυνέτου
3594 1984 3811 2056 θελήσει
3833 1989 3952 2040 tvo:-

720 2064 817 2128 bit,
847 2073 905 2118 ut
933 2065 1195 2121 inhabitet
1223 2070 1394 2138 gratia
1423 2085 1542 2124 sua.

1423 2085 1542 2124 sua.
2380 2074 2544 2142 κῆσαι
2573 2073 2668 2144 τὴν
2688 2075 2845 2144 χάριν
2864 2072 3046 2126 αὑτοῦ.

788 2155 876 2209 23.
907 2155 1090 2228 Neque
1135 2161 1539 2230 magnitudine,
1584 2171 1637 2216 et
1681 2161 1845 2216 corde
1890 2162 2155 2232 cujusque
2184 2161 2279 2217 de-

2449 2163 2540 2218 25.
2573 2150 2706 2218 Οὐδὲ
2733 2164 2809 2235 τῷ
2844 2163 3085 2234 μεγέθει,
3119 2163 3214 2215 καὶ
3241 2164 3307 2232 τῇ
3345 2161 3543 2232 καοδίᾳ⁵
3575 2160 3806 2214 ἑκάστου
3835 2163 3950 2232 τέρ-

718 2248 964 2303 lectatur.
2384 2273 2540 2308 πεται

784 2343 874 2396 24.
911 2342 1016 2398 Sed
1049 2344 1101 2397 in
1155 2342 1321 2397 corde
1353 2343 1587 2398 contrito
1642 2353 1694 2397 et
1721 2344 2003 2398 humilialo
2030 2359 2058 2396 a
2091 2345 2284 2399 timore

2453 2349 2540 2401 24.
2584 2347 2722 2401 Ἀλλ’
2749 2350 2804 2401 ἑν
2837 2345 3031 2418 καρδία
3059 2345 3510 2415 συντετριμμένῃ.
3544 2342 3944 2412 τεταπεινωμέ-

715 2452 816 2493 suo
847 2437 1241 2506 beneplacitum
1282 2448 1365 2491 est
1391 2437 1437 2490 ei
1463 2479 1477 2500 ,
1503 2446 1555 2490 et
1588 2438 1870 2491 inhabitat.

2388 2456 2452 2513 νη
2482 2441 2585 2494 ὑπὸ
2615 2440 2708 2492 τοῦ
2744 2438 2908 2507 φόϐου
2944 2436 3106 2490 αὐτοῦ
3137 2437 3362 2497 εὐδοκεῖ,
3395 2437 3490 2489 καὶ
3516 2439 3783 2489 κατοικεῖ.

781 2526 869 2580 25.
898 2526 963 2582 Et
995 2543 1099 2582 non
1141 2529 1192 2581 in
1233 2528 1314 2582 eis
1337 2568 1352 2589 .
1383 2527 1475 2596 qui
1502 2527 1781 2581 conlidunt
1805 2530 1857 2580 in
1887 2543 1943 2582 se
1973 2528 2102 2596 ipsis
2129 2525 2274 2596 quod

2451 2533 2540 2586 25.
2580 2533 2686 2585 Καὶ
2714 2533 2770 2585 ὲν
2798 2533 2908 2594 τοῖς
2946 2529 3020 2600 μὴ
3050 2528 3362 2580 πεποιθόσιν
3396 2531 3453 2581 ἑν
3482 2529 3717 2591 ἑαυτοῖς,
3744 2531 3824 2582 ὅτι
3853 2531 3945 2581 εἰσὶ

713 2617 1004 2686 sintjusti;
1045 2621 1134 2672 sed
1161 2620 1212 2673 in
1236 2619 1314 2672 eis
1338 2622 1428 2689 qui
1459 2630 1700 2688 sperant,
1723 2619 1867 2689 quod
1890 2619 1961 2672 ob
1984 2619 2101 2687 ejus
2125 2619 2277 2672 boni-

2380 2620 2573 2673 δίκαιοι
2613 2619 2954 2682 ἐλπίζοντας·
2987 2620 3067 2671 διὸ
3100 2619 3192 2671 καὶ
3224 2615 3363 2688 [ἀλλ’
3396 2619 3454 2669 ἑν
3481 2621 3593 2680 τοῖς
3624 2617 3941 2680 ἐλπίζουσιν,

714 2718 874 2764 tatem
908 2711 1051 2779 digni
1085 2711 1210 2764 ﬁent
1239 2711 1628 2766 misericordia.

2381 2712 2460 2763 ὅτι
2485 2710 2689 2782 κα“ι]διὰ
2715 2711 2810 2780 τὴν
2834 2710 3142 2780 ἁγαθότητα
3157 2709 3319 2763 αὑτοῦ
3337 2709 3730 2781 ἁξιωθήσονται
3753 2710 3940 2772 ἐλέους.

791 2881 856 2934 Ἦ
884 2883 1213 2955 προκειμένη
1247 2884 1522 2955 ἐπιγραφὴ
1549 2886 1790 2958 περιέχει
1823 2886 1898 2954 (1)
1922 2902 1934 2913 '
1978 2887 2359 2953 Ἀλληλούῖα,
2392 2886 2664 2956 Ἀγγαίου
2693 2884 2789 2936 καὶ
2824 2883 3121 2951 Ζαχαρίου
3141 2925 3154 2948 ,
3184 2882 3257 2946 ὡς
3288 2884 3620 2954 προείρηκα,
3664 2885 3760 2936 καὶ
3795 2884 3940 2936 πάλιν

714 2975 869 3043 λέγω,
891 2977 1224 3043 ἀλληλούτα
1253 2978 1606 3050 ἑρμηνεύεται
1637 2979 1851 3034 αἰνεῖτε
1873 2980 1978 3033 τὸν
2007 2982 2154 3034 Θεόν
2174 2997 2188 3012 ο
2217 2983 2482 3050 Ἀγγαίου
2510 2981 2564 3034 δὲ
2592 2980 2951 3052 ἑρμηνεύεται
2983 2980 3120 3048 νίκη
3144 2977 3391 3039 λέοντος
3422 2972 3596 3044 Ἰησοῦ
3631 2972 3726 3024 τοῦ
3750 2972 3938 3041 Κυρίου

713 3068 885 3137 ημῶν,
911 3070 976 3144 ἦν
1006 3073 1295 3134 ἐποιήσατο
1318 3071 1404 3123 διὰ
1427 3074 1523 3143 τῆς
1555 3076 1852 3144 παρουσίας
1886 3075 1980 3128 καὶ
2007 3076 2116 3129 τῶν
2154 3067 2490 3147 παθημάτων
2517 3076 2702 3131 αὑτοῦ.

779 3156 991 3212 Titulus
1024 3162 1345 3229 praepositus
1378 3167 1617 3218 continet
1649 3184 1661 3219 :
1698 3166 1947 3229 Alleluia,
1983 3168 2163 3236 Aggwi
2207 3177 2256 3220 et
2286 3167 2562 3221 lac/carice
2591 3184 2608 3219 :
2647 3177 2705 3220 ut
2745 3167 2880 3230 dixi,
2922 3176 2976 3221 et
3011 3181 3202 3221 rursus
3248 3164 3403 3226 dico,
3433 3160 3651 3214 alleluia
3684 3160 3932 3228 interpre

710 3258 852 3306 tatur
882 3251 1096 3305 laudate
1117 3252 1284 3308 Deum
1314 3272 1332 3310 :
1362 3256 1582 3326 Aggmus
1613 3266 1792 3311 autem
1826 3256 2212 3328 interpretatur
2243 3259 2464 3311 victoria
2484 3252 2672 3310 Leonis
2698 3254 2826 3312 Jesu
2847 3256 3060 3311 Domini
3091 3255 3284 3321 nostri,
3313 3266 3476 3323 quam
3504 3251 3689 3305 retulit
3714 3250 3932 3304 adventu

708 3351 758 3395 et
791 3343 1043 3412 passione
1073 3359 1190 3398 sua.

777 3490 825 3541 l.
861 3485 1008 3540 Visio
1038 3489 1185 3556 pacis
1220 3489 1457 3559 gloriﬁca
1491 3491 1802 3556 Dominum,
1831 3493 1935 3545 hoc
1963 3500 2047 3545 est
2077 3489 2263 3544 Eccle-
2292 3497 2334 3553 ο

2292 3497 2334 3553 C
2439 3489 2488 3542 1.
2520 3485 2748 3557 ’Ὁρασις
2781 3486 2881 3556 τῆς
2914 3487 3157 3558 είρήνης,
3184 3487 3406 3552 δόξασον
3438 3489 3527 3542 τδν
3544 3489 3926 3560 Κύριον,τουτ·

707 3581 785 3633 sia
825 3595 888 3633 ex
927 3581 1190 3651 gentibus,
1225 3582 1276 3636 in
1311 3600 1415 3653 qua
1444 3586 1557 3639 visa
1590 3597 1704 3651 est,
1736 3595 1788 3639 et
1817 3585 2030 3639 videtur
2058 3598 2159 3652 pax
2187 3591 2269 3636 to-

2374 3581 2520 3632 ἐστιν
2575 3580 2608 3649 ἡ
2637 3578 2695 3642 ἑξ
2722 3577 2888 3631 ἑθνῶν
2929 3577 3221 3646 Ἐκκλησία
3244 3621 3258 3642 ,
3286 3581 3341 3630 ἑν
3426 3581 3662 3650 ἑωράθη,
3697 3582 3790 3632 καὶ
3819 3581 3920 3649 ὁρᾶν

706 3671 813 3724 tius
847 3672 1034 3726 mundi
1061 3672 1318 3730 Dominus
1348 3687 1528 3732 noster
1547 3676 1707 3734 Jesus
1729 3697 1740 3732 :
1761 3676 2092 3731 Hierusalem
2121 3677 2266 3733 enim

2372 3690 2459 3725 ται
2493 3672 2683 3742 εἰρήνη
2727 3670 2803 3741 (2.)
2852 3669 2945 3722 τοῦ
2981 3670 3180 3732 παντὸς
3235 3671 3438 3740 κόσμου
3485 3674 3513 3723 ὁ
3546 3671 3749 3740 Κύριος
3785 3669 3923 3740 ἡμῶι

706 3760 1089 3831 interpretatur
1124 3767 1250 3818 visio
1280 3768 1444 3834 pacis.

2388 3763 2588 3832 Ἰησοῦς
2609 3778 2620 3791 °
2667 3761 3049 3829 Ἰερουσαλὴμ
3081 3761 3188 3832 γὰρ
3217 3761 3578 3832 ἑρμηνεύεται
3622 3762 3832 3829 ὅρασις
3864 3765 3907 3815 ει

2361 3855 2577 3923 mirac-

770 3937 822 3990 2.
867 3936 1046 3992 Lauda
1079 3939 1243 3995 Deum
1271 3953 1444 4008 tuum,
1468 3943 1706 3999 Ecclesia
1743 3945 1930 4014 ipsius,
1963 3948 2016 3999 in
2055 3962 2161 4016 qua
2183 3955 2266 4001 est

2437 3946 2491 4000 2.
2527 3945 2676 3998 Αίνει
2708 3945 2796 3999 τὸν
2823 3945 2955 3998 Θεόν
2989 3960 3105 4006 σου,
3135 3945 3167 4014 ἡ
3200 3943 3364 3998 αὑτοῦ
3391 3945 3467 4014 (5)
3507 3942 3824 4014 Ἐκκλησία.
3855 3942 3922 3995 εν.

703 4033 1070 4083 sanctuarium
1118 4033 1301 4100 gratia:
1330 4035 1446 4101 ejus
1479 4053 1490 4087 :
1522 4032 1648 4088 Sion
1690 4036 1833 4088 enim
1882 4035 2264 4106 interpretatur

2369 4034 2435 4087 θα
2463 4035 2523 4086 τὸ
2567 4033 2814 4105 ἁγίασμα
2841 4035 2938 4104 τῆς
2966 4032 3183 4102 χάριτος
3215 4032 3377 4086 αὑτοῦ
3413 4034 3562 4085 ἑστι·
3635 4033 3789 4087 Σιὼν
3833 4033 3921 4102 γάί

702 4118 844 4172 locus
876 4119 963 4172 ubi
996 4123 1402 4179 tabernaculum.

2367 4125 2724 4196 ἑρμηνεύεται
2757 4126 2936 4189 τόπος
2973 4123 3125 4176 ὅπου
3160 4126 3196 4191 ἡ
3230 4124 3453 4191 σκηνή.

770 4211 820 4264 5.
851 4208 1117 4276 Quoniam
1149 4214 1519 4268 corroboravit
1545 4214 1841 4283 potentiam
1864 4215 2256 4284 apostolorum,

2433 4219 2486 4271 5.
2524 4216 2648 4270 Ὀτι
2679 4216 3049 4284 ἑνεδυνάμωσε
3078 4214 3176 4277 τὰς
3201 4214 3523 4275 δυναστείας
3566 4213 3675 4266 τῶν
3710 4214 3906 4267 ἀποστό

700 4315 796 4366 per
823 4318 961 4372 quos
991 4318 1181 4358 omnes
1213 4305 1588 4376 ingrediuntur
1614 4307 1680 4361 ad
1716 4317 1787 4361 te.

2364 4307 2490 4370 λων,
2515 4307 2581 4360 δι’
2614 4301 2687 4359 ὧν
2717 4307 2913 4370 πάντες
2941 4308 3275 4376 εἰσέρχονται
3302 4305 3438 4376 πρὸς
3462 4304 3543 4358 σέ.

769 4393 822 4447 4.
866 4394 1230 4452 Sanctificavit
1260 4414 1354 4452 eos
1379 4399 1432 4452 in
1458 4409 1642 4454 ventre
1669 4416 1790 4466 suo,
1838 4403 1939 4455 hoc
1963 4409 2048 4454 est
2082 4399 2137 4454 in
2175 4400 2258 4453 la—

2432 4397 2484 4449 4.
2522 4397 2772 4463 Ἰῐγίασεν
2801 4397 2994 4459 αὐτοὺς
3029 4397 3085 4448 ἑν
3117 4398 3182 4466 τῇ
3209 4395 3405 4466 γαστρί
3434 4411 3549 4455 σου,
3581 4395 3856 4448 τουτέστιν
3878 4397 3921 4446 ἑν

700 4501 881 4540 νεα-ο.

2361 4489 2427 4557 τῇ
2457 4485 2827 4557 κολυμϐήθρᾳ.

777 4579 829 4632 5.
870 4577 1045 4634 Porta:
1083 4581 1224 4634 enim
1259 4581 1416 4636 inferi
1449 4598 1552 4637 non
1603 4584 1968 4652 pravalebunt
1997 4583 2256 4638 adversus

2086 4598 2256 4638 ιρι-ευρ,
2432 4575 2482 4630 5.
2513 4575 2680 4629 Πύλαι
2716 4577 2824 4648 γὰρ
2853 4575 2977 4646 ᾅδου
3002 4575 3063 4628 οὐ
3091 4574 3492 4646 κατασχύσουσί
3524 4592 3584 4628 σε
3622 4575 3722 4646 (4).

699 4680 752 4725 te
775 4674 837 4724 η.

767 4762 818 4816 6.
877 4763 940 4820 Et
981 4764 1137 4835 adipe
1183 4767 1584 4834 supercmlestis
1632 4766 1888 4821 frumenti
1945 4767 2107 4821 satiat
2167 4776 2251 4830 te,

2429 4771 2481 4825 6.
2509 4771 2618 4824 Καὶ
2649 4771 2710 4823 τὸ
2745 4771 2911 4843 στέαρ
2955 4771 3047 4825 τοῦ
3093 4773 3414 4842 ἐπουρανίου
3449 4777 3598 4827 σίτου
3648 4776 3917 4846 ἐμπιπλῶν

698 4855 838 4925 quod
888 4858 1113 4911 moritur
1157 4859 1208 4911 in
1245 4866 1405 4921 terra,
1451 4868 1506 4913 et
1548 4860 1852 4929 germinare
1896 4858 2026 4914 facit
2072 4860 2252 4930 spicas
2284 4861 2329 4920 Ι)

2284 4861 2329 4920 D
2357 4877 2438 4923 σε,
2468 4861 2560 4914 τοῦ
2598 4860 2960 4925 ἀποθανόντος
2992 4863 3049 4914 ἑν
3082 4864 3147 4932 τῇ
3176 4865 3244 4932 γῇ
3267 4901 3282 4924 ,
3315 4863 3408 4919 καὶ
3443 4863 3519 4934 (5)
3552 4865 3917 4927 ἀνατείλαντος

698 4964 826 5004 suas
861 4949 912 5003 in
939 4958 1050 5003 toto
1083 4951 1285 5004 mundo
1302 4953 1364 5005 ¹³.

2357 4955 2482 5016 τοὺς
2511 4952 2749 5022 στάχυας
2781 4952 2943 5008 αὑτοῦ
2972 4955 3029 5005 ἑν
3054 4952 3157 5024 ὅλῳ
3180 4953 3259 5024 τῷ
3284 4954 3494 5026 κόσμῳ.

769 5150 809 5180 ³¹
848 5147 1035 5204 Matth.
1076 5166 1186 5215 xvn,
1228 5151 1312 5206 l8.
1391 5153 1434 5184 ⁸⁸
1470 5149 1629 5207 Joan.
1673 5168 1769 5217 xu,
1807 5151 1898 5214 24,
1937 5152 2030 5209 25.

1632 5378 1934 5441 Addenda
1959 5385 2019 5440 et
2069 5376 2438 5456 corrigenda
2473 5395 2550 5440 ex
2581 5379 2722 5442 cod.
2755 5378 2958 5442 Vatic.

763 5568 837 5633 (1)
869 5569 931 5621 Ἡ
948 5568 1032 5650 διᾲ
1053 5569 1540 5650 τῆςκινναόαρειιὲς
1570 5569 1969 5650 περιέχει,ςῑς.,
1987 5570 2062 5650 ῲβς
2080 5585 2252 5650 προει-
2640 5569 2988 5650 εἰρήνη,Λθις.

729 5636 1334 5712 ηκαμεν,‹ξιε.,ἀίνεῖτε,
1356 5636 1570 5710 ὑμνεῖτε
1588 5636 1674 5691 τὸν
1691 5636 1976 5712 ὄνταγθεόν.
1997 5636 2248 5712 Ἀγγαίου
2429 5639 2505 5712 ᾇ)
2534 5636 2705 5712 ᾼ-ὑτοῦ
2731 5636 2824 5712 τᾷῦ
2849 5637 2982 5712 Θεοῦ
3017 5636 3328 5712 Ἐκκλησία,
3357 5648 3466 5697 etc.

729 5656 1096 5708 ηκαμεν,ριιι.,
1118 5656 1334 5700 αινειτε,
1356 5656 1570 5710 ομνειτε
1588 5656 1674 5691 τον
1691 5656 1814 5692 οντα
1829 5656 1976 5691 vsov.
2002 5656 2248 5706 Λγγαιου
2429 5656 2505 5704 (ος
2534 5656 2705 5690 Αυτου
2731 5656 2822 5690 του
2849 5656 2982 5691 σεου
3022 5656 3082 5690 n1

691 5656 747 5760 ge
767 5709 1115 5780 ἑρμηνεύεται
1134 5711 1475 5779 ἑορτάζοντος
1494 5727 1505 5738 °
1527 5709 1790 5780 Ζαχαρίου
1812 5711 1867 5762 δὲ
1891 5710 2248 5780 ἑρμηνεύεται
2425 5709 2503 5780 (ί)
2545 5707 2938 5780 Κατισῖχύσουσί
2971 5725 3082 5780 σου.

691 5779 811 5838 νίκη
852 5777 1077 5841 λέοντος,
1104 5777 1204 5833 etc.
1682 5777 1690 5780 ⁷
1922 5777 1931 5780 ⁷
1962 5777 1971 5779 ’
2025 5777 2029 5778 ν

1682 5777 1690 5780 ⁷
1922 5777 1931 5780 ⁷
1962 5777 1971 5779 ’
2025 5777 2029 5778 ί
2427 5777 2504 5847 (5)
2545 5779 2638 5842 Είς
2668 5777 2763 5832 τὶν
2784 5779 2906 5846 γῆν,
2941 5777 3053 5842 καί,
3077 5787 3180 5833 etc.
