4142 6476
194 447 336 502 1333

263 568 320 624 8.
361 567 467 620 Καὶ
501 567 558 618 τὸ
589 565 730 636 ὕδωρ
763 567 821 618 τὸ
857 567 1109 635 ὑπεράνω
1137 567 1244 618 τῶν
1277 567 1540 638 οὐρανῶν,

264 659 316 712 9.
355 658 726 710 Αίνεσάτωσαν
756 657 815 709 τὸ
846 657 1012 726 ὅνομα
1045 657 1280 727 Kupiou'

266 745 353 800 10.
391 749 511 800 Ὀτι
537 748 692 810 αὑτὸς
719 741 858 809 εἶπε,
889 749 980 800 καὶ
1007 747 1340 817 ἐγενήθησαν
1364 766 1377 778 ·

268 839 356 892 11.
391 839 557 901 Δὺτὸς
587 839 902 899 ἐνετείλατο,
935 841 1027 891 καὶ
1055 838 1402 908 ἐκτίσθησαν.

269 929 354 983 12.
394 930 654 998 Ἐστησεν
692 930 830 982 αὑτὰ
860 932 937 993 εἰς
965 930 1054 982 τὸν
1077 930 1267 992 αἰῶνα,

269 1021 355 1076 13.
387 1021 494 1073 Καὶ
521 1022 599 1084 είς
626 1020 714 1073 τὸν
739 1021 906 1073 αἰῶνα
931 1020 1023 1073 τοῦ
1056 1022 1245 1082 αἰῶνος
1267 1037 1279 1049 ⁸

269 1111 354 1163 14.
386 1110 714 1181 Πρόσταγμα
741 1111 909 1176 ἔθετο,
938 1112 1029 1164 καὶ
1057 1113 1118 1165 οὑ
1153 1113 1563 1183 παρελεύσεται.

271 1201 357 1256 15.
385 1203 590 1254 Αἰνεῖτε
621 1203 709 1255 τὸν
733 1202 934 1272 Κύριον
963 1204 1026 1255 ὲκ
1047 1204 1144 1272 τῆς
1167 1204 1288 1272 γῆς,

273 1291 358 1346 16.
388 1294 686 1365 Δράκοντες
716 1294 809 1346 καὶ
833 1295 1000 1346 πᾶσαι
1027 1294 1270 1348 ἄὸυσσοι.

1007 448 1092 500 DE
1134 445 1412 502 TlTULlS
1455 446 1906 502 PSALMURUM.
1942 477 2012 487 —
2053 446 2248 501 PSAL.
2285 444 2561 499 CXLVIII.

3291 441 3430 499 1334

1789 601 1830 653 Λ
1932 568 1985 620 8.
2029 565 2094 620 Et
2125 582 2266 635 aqua
2297 581 2418 635 qua:
2460 579 2626 634 super
2667 563 2853 625 caelos,

1932 658 1984 711 9.
2029 656 2272 710 Laudent
2299 669 2498 708 nomen
2536 654 2751 707 Domini
2785 672 2796 706 :

1936 750 2016 801 1υ.
2060 747 2194 813 Quia
2225 748 2337 814 ipse
2371 746 2511 800 dixit
2534 787 2548 802 .
2583 755 2636 799 et
2673 745 2816 799 facta
2851 752 3015 798 sunt:

1938 842 2023 895 11.
2071 841 2188 908 Ipse
2219 839 2517 902 mandavit,
2547 849 2599 891 et
2629 847 2806 891 creata
2831 845 2977 891 sunt.

1930 928 2009 981 19..
2059 926 2259 980 Statuit
2279 941 2342 981 ea
2369 927 2421 980 in
2446 936 2732 992 aeternum,

1931 1020 2014 1076 15.
2053 1020 2118 1074 Et
2157 1020 2208 1073 in
2240 1019 2502 1074 saculum
2535 1020 2715 1073 seculi
2752 1039 2764 1074 :

1937 1113 2022 1166 H.
2066 1112 2396 1183 Praeceptum
2427 1116 2631 1182 posuit,
2665 1121 2719 1166 et
2751 1127 2857 1166 non
2887 1111 3198 1180 praeteribit.

1939 1204 2023 1256 15.
2070 1205 2308 1258 Laudate
2344 1203 2634 1259 Dominum
2661 1207 2728 1258 de
2767 1217 2930 1267 terra,

1937 1294 2022 1350 16.
2065 1294 2337 1351 Draconcs
2367 1305 2420 1350 et
2463 1310 2651 1350 omnes
2673 1295 2872 1365 abyssi.

1309 1463 1690 1520 ATHANASII
1730 1461 2311 1520 INTERPRETATIO.

277 1626 328 1688 8,
350 1627 402 1680 9.
432 1625 504 1678 Τὸ
536 1626 631 1696 μὲν
659 1625 801 1697 ὕδωρ
835 1625 895 1676 τὸ
925 1624 1180 1695 ὑπεράνω
1225 1621 1331 1675 τῶν
1355 1619 1600 1691 οὐρανῶν
1635 1619 1761 1690 ᾔνεο
1795 1626 1818 1678 ε

1933 1618 1986 1684 8,
2011 1620 2064 1674 9.
2097 1618 2250 1690 Aqua
2286 1621 2523 1690 quidem,
2547 1638 2667 1693 qua:
2695 1638 2860 1693 super
2886 1625 3056 1681 caelos
3087 1637 3169 1679 cst
3195 1626 3435 1682 laudavit

199 1735 294 1770 σεν
317 1719 475 1770 αὑτὸν
498 1719 588 1770 ἐπὶ
614 1715 706 1770 τοῦ
739 1716 879 1779 Νῶε,
903 1717 1088 1785 σαφῶς
1116 1714 1398 1779 ἀποδεῖξαν
1420 1714 1516 1784 τὴν
1537 1712 1764 1782 δύναμιν

199 1808 294 1861 τοῦ
333 1806 691 1877 Δημιουργοῦ,
734 1807 814 1859 ὅτι
863 1805 1243 1876 προστάγματι
1277 1801 1439 1857 αὑτοῦ
1474 1803 1568 1854 καὶ
1596 1817 1764 1853 κατα-

198 1896 436 1967 ϐέϐηκεν
460 1899 536 1960 είς
562 1897 658 1968 τὴν
693 1897 811 1967 γῆν,
839 1896 959 1948 ὅθεν
989 1894 1198 1965 ἀνήχθη
1232 1895 1290 1945 ὲν
1319 1896 1384 1964 τῇ
1420 1891 1764 1962 κοσμοποιία,

201 1989 300 2044 καὶ
337 1989 494 2043 πάλιν
539 1988 842 2059 ἀναϐέϐηκε
886 1987 1021 2057 μετὰ
1064 1987 1154 2039 τὸν
1194 1985 1596 2056 κατακλυσμὸν,
1647 1982 1768 2036 ὅθεν

201 2080 583 2151 κατελήλυθεν,
606 2080 880 2133 τουτέστιν
909 2082 972 2132 ὲκ
997 2079 1106 2132 τῶν
1135 2078 1378 2150 οὐρανῶν
1399 2095 1412 2108 °
1448 2079 1596 2148 ὅμως
1623 2075 1765 2145 τάχα

202 2171 301 2224 νῦν
355 2172 604 2244 εὑρήσεις
648 2171 706 2223 τὺ
753 2169 894 2242 ὕδωρ
947 2170 1006 2222 τὸ
1061 2170 1315 2239 ὑπεράνω
1365 2167 1472 2221 τῶν
1528 2165 1772 2237 οὑρανῶν

203 2261 472 2336 [δουλοῦν]
494 2263 554 2315 τὸ
573 2262 665 2315 τοῦ
692 2263 1064 2333 βαπτίσματος
1092 2262 1258 2334 ὓδωρ,
1282 2261 1343 2314 τὸ
1367 2262 1506 2332 ὑπὲρ
1532 2259 1772 2328 κεφαλῆς

207 2355 308 2424 μὲν
359 2352 738 2422 εὑρισκόμενον
777 2350 884 2403 τῶν
925 2350 1188 2420 οὐρανῶν,
1235 2350 1434 2402 ὡσανεὶ
1464 2350 1572 2402 τῶν
1611 2365 1772 2400 πεπι-

205 2443 538 2508 στευκότων,
567 2442 875 2512 ἐκχεόμενοι
918 2440 992 2512 (1)
1026 2441 1080 2494 δὲ
1114 2441 1276 2494 πάλιν
1302 2440 1526 2504 ἑαυτούς
1556 2439 1767 2512 [ἐκχεόο

207 2551 370 2606 μενον
413 2533 468 2586 δὲ
511 2535 648 2604 ὑπὲρ
687 2532 905 2605 αὑτούς]
930 2551 944 2564 ο
975 2535 1050 2596 ὼς
1081 2533 1188 2604 γὰρ
1226 2533 1286 2586 τὸ
1332 2532 1472 2605 ὓδωρ
1510 2531 1572 2586 τό
1607 2533 1746 2605 ὑπερ

1869 1725 1992 1766 eum
2026 1714 2127 1766 sub
2153 1711 2300 1777 Noe,
2333 1714 2618 1770 manifeste
2662 1718 2953 1773 ostendens
2982 1719 3239 1772 virtutem
3271 1719 3437 1775 Crea-

1872 1804 2026 1866 toris,
2076 1806 2333 1874 quoniam
2371 1816 2639 1875 praecepto
2671 1808 2791 1876 ejus
2834 1817 2885 1862 et
2930 1809 3206 1865 descendit
3242 1811 3294 1865 in
3325 1821 3427 1866 ter-

1875 1908 1990 1946 ram
2013 1935 2027 1957 ,
2056 1895 2199 1948 unde
2230 1907 2506 1964 assumpta
2538 1897 2714 1951 fuerat
2743 1898 2794 1950 in
2833 1899 3019 1952 mundi
3048 1899 3356 1964 creatione;
3384 1910 3439 1955 et

1875 2002 2066 2042 rursus
2098 1988 2343 2042 ascendit
2372 1997 2493 2057 post
2536 1989 2798 2043 diluvium
2820 2031 2835 2057 ,
2865 1991 3007 2044 unde
3040 2003 3294 2059 venerat,
3335 1992 3439 2048 hoc

1873 2087 2008 2132 este
2031 2079 2180 2133 cmlis
2203 2095 2216 2142 ;
2242 2087 2420 2132 tamen
2456 2078 2594 2134 forte
2641 2097 2784 2136 nunc
2819 2081 3062 2137 invenies
3092 2097 3288 2152 aquam
3321 2100 3441 2154 qua:

1874 2187 2036 2241 supra
2066 2173 2236 2228 cenios
2259 2183 2362 2236 est,
2395 2189 2514 2228 esse
2546 2173 2906 2247 [significare]
2934 2189 3132 2245 aquam
3157 2175 3438 2246 baptismi,

1875 2279 1995 2333 quae
2027 2279 2190 2333 supra
2233 2273 2396 2334 caput
2426 2264 2641 2333 quidem
2695 2265 2971 2320 invenitur
3008 2265 3272 2320 caelorum
3294 2306 3308 2330 ,
3338 2265 3442 2320 hoc

1875 2364 1959 2409 est
1985 2355 2340 2418 credentium,
2382 2353 2549 2408 effusa
2582 2368 2713 2408 vero
2747 2369 2909 2423 super
2937 2357 3102 2422 ipsos.
3134 2353 3268 2408 Nam
3303 2355 3443 2410 sicut

1878 2461 2041 2514 aqua,
2071 2461 2193 2514 qua:
2226 2462 2388 2513 super
2432 2446 2603 2501 ccelos
2634 2457 2750 2511 est,
2781 2445 3106 2514 submersit,
3131 2457 3184 2503 et
3214 2447 3444 2518 perdidit

1880 2550 2068 2590 omnes
2093 2533 2184 2587 Dei
2217 2533 2502 2599 inimicos;
2535 2536 2608 2588 ita
2642 2550 2784 2602 aqua
2810 2536 3061 2605 baptismi
3096 2537 3312 2591 inventa
3349 2552 3444 2592 su-

207 2629 323 2681 άνω
363 2627 470 2680 τῶν
514 2628 756 2698 οὑρανῶν
789 2627 1086 2680 κατέκλυσε
1107 2667 1120 2688 ,
1156 2627 1250 2680 καὶ
1281 2627 1524 2680 ἀπώλεσε
1573 2627 1778 2690 πάντας

1883 2643 1996 2696 per,
2027 2629 2268 2696 inquam,
2297 2636 2457 2695 caput
2481 2627 2840 2691 credentium,
2874 2628 3171 2699 submergit
3199 2637 3248 2683 et
3273 2630 3446 2698 perdit

206 2721 333 2783 τοὺς
360 2720 582 2792 ἐχθροὺς
613 2719 704 2771 τοῦ
733 2717 866 2770 Θεοῦ
887 2732 900 2746 °
939 2717 1079 2770 οὑτω
1131 2717 1191 2768 τὸ
1221 2718 1315 2770 καὶ
1341 2716 1432 2770 τοῦ
1478 2717 1782 2788 βαπτίσμα-

1885 2716 2186 2770 contrarias
2218 2724 2534 2785 potestates,
2560 2715 3021 2785 quemadmodum
3054 2719 3106 2771 in
3135 2717 3338 2772 diluvio
3368 2715 3444 2774 fe-

208 2831 300 2875 τος
344 2812 724 2884 εὑρισκόμενον
764 2810 1050 2882 ὑπεράνω,
1101 2807 1242 2878 λέγω
1275 2809 1330 2862 δὲ
1363 2809 1502 2882 ὑπὲρ
1545 2811 1782 2881 κεφαλῆς

1890 2812 1962 2866 cit
1991 2809 2250 2864 adversus
2276 2809 2491 2879 iniquos
2517 2825 2680 2879 aqua,
2715 2824 2834 2880 qua:
2865 2824 3026 2878 super
3059 2810 3226 2864 caelos
3253 2818 3354 2864 est.

208 2905 318 2960 τῶν
369 2905 786 2967 πιστευσάντων,
833 2900 1158 2966 κατακλύζει
1219 2901 1312 2954 καὶ
1359 2903 1617 2956 ἀπόλλυσι
1667 2905 1764 2968 τὰς
1794 2903 2040 2966 ἐναντίας
2099 2901 2385 2972 δυνάμεις·
2425 2899 2500 2964 ὡς
2540 2901 2598 2952 ὲν
2631 2898 2706 2969 τῷ
2746 2899 3112 2970 κατακλυσμῷ
3150 2902 3446 2973 πεποίηκεν

209 3002 304 3055 ἰπὶ
331 3002 455 3063 τοὺς
482 2999 712 3069 ἀνόμους
735 2998 794 3051 τὸ
822 2997 1074 3068 ὑπεράνω
1109 2995 1217 3050 τῶν
1245 2997 1488 3068 οὑρανῶν
1523 2998 1583 3050 τὸ
1611 2997 1775 3071 ὕδωρ.

284 3094 372 3150 10.
402 3094 570 3155 Αὑτδς
609 3093 718 3163 γὰρ
779 3088 930 3145 εἶπεν
987 3090 1417 3164 ὰναγεννηθῆναι
1463 3094 1658 3158 αὑτοὺς
1704 3095 1818 3157 δι’(

1944 3090 2029 3144 10.
2069 3087 2142 3159 (a)
2193 3085 2312 3155 Ipse
2370 3082 2517 3138 enim
2564 3081 2701 3136 dixit
2746 3097 2842 3137 eos
2879 3078 3276 3151 regenerandos
3327 3095 3448 3136 esse

212 3185 405 3249 ὓδατος
429 3183 524 3237 καὶ
552 3183 891 3253 Πνεὺματος.

284 3277 371 3330 11.
399 3274 569 3338 Δὺτὸς
584 3274 692 3346 γὰρ
711 3270 1013 3327 ἐνετείλατο
1037 3275 1146 3336 τοῖς
1163 3272 1479 3341 ἀποστόλοις
1503 3275 1667 3331 αὑτοῦ
1687 3276 1776 3331 λέ-

212 3387 346 3439 γων·
366 3370 757 3438 Πορευθέντες
784 3367 1196 3436 μαθητεύσατε
1208 3367 1402 3422 πάντα
1417 3371 1487 3424 τὰ
1497 3369 1781 3438 tamen.

213 3456 518 3524 κτίζοντες
530 3457 752 3522 αὐτοὺς
771 3458 858 3521 εις
875 3455 942 3508 τὸ
957 3454 1152 3523 ὄνομα
1170 3455 1276 3510 τοῦ
1293 3458 1541 3524 Πατρός,
1561 3459 1657 3511 καί
1677 3457 1781 3511 τοῦ

226 3551 382 3612 Ποῦ.
406 3550 502 3604 καί
515 3549 622 3604 τοῦ
644 3545 816 3618 ἁγὼν
837 3545 1078 3617 Πνεύμα
1086 3563 1202 3612 τος,
1219 3547 1308 3599 καὶ
1324 3545 1494 3608 οὑτως
1508 3547 1784 3600 άνεκαινο-

215 3643 519 3712 ποιήθησαν
541 3642 598 3695 tv
624 3639 703 3711 τῷ
737 3639 1094 3710 βαπτίσματι.

288 3731 376 3795 12,
410 3731 497 3785 15.
527 3730 672 3801 Δῆλα
697 3729 795 3801 μέν
822 3731 928 3783 είσι
954 3729 1024 3782 τὰ
1053 3734 1184 3798 περὶ
1229 3727 1336 3782 τῶν
1376 3727 1616 3781 είδικῶν·
1660 3728 1694 3798 ὴ
1725 3726 1782 3780 δὲ

217 3823 524 3896 προφητεία
553 3822 681 3894 περὶ
723 3815 797 3875 ὧν
839 3823 970 3893 ἡμῖν
997 3825 1025 3876 ὁ
1074 3821 1233 3888 λόγος
1278 3822 1441 3886 ἐστὶν,
1475 3819 1663 3891 δηλοῖ,
1703 3821 1783 3873 ὅτι

217 3916 346 3977 τοὺς
379 3915 436 3966 ὲν
486 3912 562 3984 τῷ
614 3912 948 3982 βαπτίσματι
993 3913 1022 3965 ό
1077 3912 1282 3984 Κύριος
1337 3911 1634 3984 προσέταξε
1686 3909 1786 3981 ζῇν

219 4000 609 4072 ἀτελευτήτως,
625 3999 802 4063 καθὼς
819 4002 875 4053 ὲν
891 4001 1206 4070 Εὑαγγελίῳ
1226 4003 1460 4072 εῐρηκενσ
1483 4003 1787 4056 Πιστεύωγ

219 4094 308 4158 εις
333 4091 456 4161 ἐμὲ,
490 4089 605 4144 κᾶν
632 4087 924 4158 ἀποθάνῃ,
951 4089 1209 4156 ζήσεται.

298 4289 382 4343 14.
413 4288 524 4360 Τὴν
551 4288 766 4360 ἡμέραν
795 4290 896 4360 τῆς
931 4288 1139 4352 δικαίας
1166 4287 1588 4350 άνταποδόσεως.

303 4385 384 4440 15.
412 4383 498 4438 16.
535 4384 599 4436 Αἱ
632 4381 726 4435 τοῦ
776 4381 969 4453 ἐχθροῦ
1000 4381 1259 4452 δυνάμεις
1292 4382 1346 4433 al
1402 4380 1665 4447 ἓρπουσαι
1697 4377 1790 4431 ἐπὶ

1881 3202 1976 3260 per
1997 3197 2193 3253 aquam
2223 3189 2278 3234 et
2309 3176 2590 3249 Spiritum.

1957 3278 2044 3332 11.
2080 3275 2199 3345 Ipse
2245 3272 2390 3327 enim
2440 3269 2687 3341 praecipit
2734 3267 2996 3338 apostolis
3046 3266 3162 3322 suis
3213 3266 3445 3323 dicens:

1887 3371 2082 3425 Euntes
2114 3367 2292 3420 docete
2325 3377 2500 3417 omnes
2541 3369 2738 3432 gentes,
2775 3359 3101 3428 baptizames
3129 3375 3216 3413 eos
3263 3359 3319 3413 in
3365 3376 3452 3411 no-

1885 3463 2022 3516 mine
2065 3457 2271 3524 Patris,
2314 3465 2362 3510 et
2407 3452 2568 3516 Filii,
2610 3461 2658 3506 et
2704 3449 2937 3521 Spiritus
2973 3449 3142 3504 sancti
3170 3450 3233 3517 “,
3281 3458 3336 3504 et
3379 3450 3450 3504 ita

1887 3549 2132 3608 renovati
2157 3556 2285 3604 sunt
2314 3545 2370 3600 in
2404 3543 2700 3615 baptismo.

1963 3730 2050 3794 12,
2081 3729 2167 3784 15.
2209 3723 2495 3780 Manifesta
2539 3720 2756 3793 quidem
2793 3729 2942 3784 sunt,
2974 3732 3095 3788 quae
3127 3719 3192 3771 ad
3233 3731 3455 3771 sensum

1889 3822 2170 3894 proprium
2197 3826 2472 3890 spectant;
2508 3814 2792 3886 prophetia
2819 3823 3000 3868 autem
3028 3826 3214 3868 earum
3248 3826 3452 3872 rerum,

1889 3915 1956 3968 de
1983 3913 2179 3982 quibus
2207 3911 2363 3964 nobis
2390 3921 2568 3963 sermo
2600 3915 2703 3970 est,
2741 3905 3028 3975 significat,
3055 3903 3198 3973 quod
3241 3911 3457 3956 renatos

1891 4005 1947 4058 in
1972 4003 2261 4074 baptismo,
2306 3999 2570 4054 Dominus
2598 3996 2902 4062 constituit,
2931 4003 2990 4050 ut
3021 3995 3198 4047 vivant
3221 3993 3274 4047 in
3303 4003 3458 4047 aeter-

1895 4114 2048 4162 num,
2084 4093 2540 4167 quemadmodum
2571 4091 2628 4147 iu
2671 4088 2964 4158 Evangelio
3001 4087 3179 4142 dixit:
3212 4084 3315 4153 Qui
3349 4100 3455 4138 rre-

1895 4191 1974 4242 dit
2004 4189 2056 4242 in
2091 4204 2190 4254 me,
2219 4185 2430 4240 etiamsi
2457 4193 2695 4238 mortuus
2727 4181 2908 4250 fuerit,
2939 4181 3065 4235 vivet
3094 4179 3180 4233 “‘.

1969 4279 2056 4335 14.
2100 4276 2248 4332 Diem
2275 4276 2435 4345 justas
2474 4270 2872 4328 retributionis.

1975 4370 2063 4435 15,
2102 4371 2188 4424 16.
2226 4368 2529 4423 Potestates
2560 4363 2764 4418 inimici
2798 4370 3046 4432 repentes
3075 4374 3237 4430 super
3259 4367 3458 4414 terram

224 4480 331 4550 τῆς
355 4477 458 4548 γῆς
497 4450 980 4546 συντριϐεῖσαινὺπ⁹
1003 4450 1199 4538 αὑτοὺ,
1236 4474 1329 4527 καὶ
1366 4471 1440 4544 μὴ
1477 4471 1796 4541 βουλόμεναι

1901 4464 2150 4520 contrita
2177 4460 2246 4516 ab
2284 4459 2426 4530 ipso,
2473 4467 2528 4513 et
2557 4459 2804 4512 nolentes
2854 4452 3099 4510 contiteri
3132 4461 3347 4506 aeterna
3374 4450 3462 4504 di-

226 4547 506 4643 ὁμολογεῖν
554 4570 652 4641 τῆς
697 4569 865 4622 άῖδίου
901 4567 1152 4638 Θεότητος
1180 4565 1345 4620 αὑτοῦ
1407 4563 1692 4618 αὑθεντίαν
1738 4580 1796 4615 τε

1901 4557 2144 4612 vinitatis
2171 4555 2291 4625 ejus
2342 4551 2720 4608 auctoritatem
2752 4558 2808 4604 et
2838 4548 3090 4602 virtutem
3122 4547 3420 4601 clamantes
3447 4562 3462 4598 :

229 4636 326 4719 καὶ
348 4636 580 4736 δύναμιν
610 4636 816 4733 βοῶσαι
839 4679 851 4691 ο
889 4662 1022 4725 Ἔα,
1047 4636 1114 4713 Ϋτί
1149 4659 1293 4727 ἡμῖν
1327 4658 1424 4712 καὶ
1454 4659 1577 4723 σοι,
1603 4653 1797 4722 Ἰησοῦ

1905 4650 2050 4714 Sine,
2083 4651 2205 4720 quid
2234 4647 2381 4702 nobis
2411 4655 2460 4700 et
2492 4645 2604 4707 tibi,
2641 4642 2769 4697 Jesu
2811 4641 3021 4695 Christe
3069 4637 3181 4694 Fili
3223 4636 3338 4703 Dei,
3376 4652 3464 4690 nec

230 4755 448 4826 Χριστὲ
471 4730 564 4808 Ῠιὲ
601 4730 705 4807 τοῦ
731 4752 899 4816 Θεοῦ,
925 4747 1107 4822 ἦλθες
1132 4748 1244 4818 πρὸ
1267 4747 1475 4816 καιροῦ
1505 4745 1800 4801 ἀπολέσαι

1905 4747 2033 4800 nisti
2071 4753 2192 4797 ante
2223 4757 2422 4810 teinpiu
2451 4740 2663 4810 perdere
2709 4752 2804 4790 nos
2848 4734 2925 4786 "‘l
2948 4741 3004 4788 et
3030 4743 3286 4802 tanquam
3317 4730 3464 4800 judi-

231 4823 421 4916 Wc;
452 4847 542 4899 καὶ
574 4847 720 4907 ὅπως
757 4842 947 4916 κριτὴν
989 4841 1082 4896 τοῦ
1126 4840 1404 4911 μέλλοντος
1432 4839 1525 4892 καὶ
1565 4837 1638 4909 μὴ
1679 4837 1803 4908 βου·

1905 4851 2021 4891 cem
2053 4832 2222 4888 futuri
2254 4832 2498 4888 nolentes
2525 4829 2688 4884 etiam
2723 4823 2972 4881 confiteri
3008 4825 3210 4895 ipsum,
3236 4831 3295 4877 ut
3322 4837 3464 4893 prae-

232 4937 454 5008 λόμεναι
480 4935 758 5006 ὁμολογεῖν
795 4933 978 4995 αὑτὸν,
1017 4931 1158 4985 καθὰ
1201 4930 1560 5002 προείπαμεν.
1836 4925 1881 4982 Ι)
1905 4928 2160 4984 diximus.

307 5074 350 5105 ¹⁶
388 5072 576 5127 Matth.
603 5088 804 5136 nvm,
837 5072 925 5126 19.
1006 5072 1069 5101 ¹⁶⁶
1105 5068 1261 5125 Juan.
1294 5084 1346 5122 ιι
1369 5110 1382 5134 ,
1413 5067 1503 5121 25.
1582 5067 1623 5097 "
1664 5065 1818 5122 Marc.

1890 5109 1905 5131 ,
1937 5066 2039 5134 23;
2069 5063 2200 5119 Luc.
2233 5079 2308 5130 tv,
2343 5064 2430 5118 35.

1177 5251 1480 5315 Addenda
1512 5257 1576 5310 et
1614 5245 1988 5326 corrigenda
2020 5261 2097 5306 ex
2127 5242 2266 5304 cod.
2299 5241 2500 5302 Vatic.

316 5410 391 5478 (1)
429 5405 773 5476 Ἐκχεόμενον
793 5404 1041 5478 δὲᾼπάλιν
1084 5405 1168 5478 ἐπ’
1198 5403 1435 5478 ςιὺτοὺς,Δ
1455 5400 1529 5462 ὼς
1560 5399 1634 5478 ,τὸ
1659 5396 1827 5468 ὑδωρυ
1905 5405 2034 5460 etc.,
2071 5393 2214 5478 λέγω
2240 5393 2324 5464 δή,
2359 5402 2486 5458 etc.,
2511 5389 2584 5454 ὡς
2632 5391 2688 5442 ὲν
2728 5387 2804 5460 τῷ
2858 5383 3222 5458 κατακλυσμῷ
3255 5385 3472 5454 πεποίη-

241 5469 774 5548 τὸ’ὑ’περάῖὶω,ὐιε.,
823 5474 993 5536 οὑτως
1039 5474 1131 5526 καὶ
1163 5475 1224 5526 τὸ
1260 5471 1354 5525 τοῦ
1411 5469 1799 5542 βαπτίσματος,
1906 5482 2022 5529 κεν,
2053 5473 2156 5519 etc.

314 5637 391 5706 (a)
430 5633 720 5689 Comment.
756 5649 787 5685 α
822 5648 953 5685 vers.
993 5630 1078 5693 10,
1121 5645 1281 5706 usque
1315 5628 1382 5679 ad
1433 5625 1591 5694 ﬁnem
1633 5623 1964 5706 desideratur
1996 5638 2100 5674 una
2130 5636 2246 5674 cum
2291 5619 2562 5706 aersiculis
2615 5615 2838 5699 Psalmi,
2879 5615 2970 5698 qui
3017 5612 3473 5706 alteriiatitnfam

245 5681 1216 5775 int‘e-rlpr‘etva't'i'o'nctqamin'tcrlineahri;
1253 5707 1349 5760 est,
1387 5681 1475 5748 seu
1526 5694 1746 5775 singulis
1801 5694 2128 5775 psalmorum
2157 5689 2450 5775 luersicnlis
2497 5688 2829 5769 interposita,
2867 5681 3050 5767 scripti
3085 5694 3225 5738 sunt.
3261 5681 3474 5775 integra

244 5757 596 5846 enimrpagina
616 5757 754 5828 deest
785 5775 837 5846 in
879 5773 1075 5846 codice.
1121 5757 1346 5846 Sequens
1388 5778 1563 5820 autem
1600 5757 2006 5834 pagina-incipit
2038 5761 2101 5813 ab
2151 5763 2231 5814 his
2260 5760 2425 5813 verbis
2472 5757 2849 5824 commentarii,
2893 5773 2980 5810 seu
3029 5757 3476 5822 interpretationis

247 5841 490 5902 versiculi
514 5846 679 5916 quinti
720 5843 910 5912 psalmi
949 5841 1206 5910 sequentis
1243 5853 1420 5892 ωσι.
