4142 6478
772 425 910 481 1335

833 543 918 596 17.
963 541 1103 612 Ignis
1128 544 1352 614 grando,
1400 543 1511 608 nix,
1550 544 1886 613 crystallum,
1931 547 2154 614 spiritus
2187 564 2314 618 pro-
2346 557 2389 610 Α

761 635 928 698 οειιω,

828 725 914 780 18.
958 725 1084 791 Qure
1113 725 1316 781 faciunt
1342 727 1564 781 verbum
1609 728 1751 796 ejus,

826 818 910 872 19.
955 816 1161 871 Montes
1184 828 1234 871 et
1265 833 1454 872 omnes
1483 819 1670 882 colles,

824 907 910 959 20.
955 905 1123 975 Ligna
1150 906 1425 960 fructifera
1457 917 1509 961 ct
1541 923 1730 961 omnes
1775 908 1942 971 cedri,

821 1000 907 1052 21.
949 999 1142 1053 Bestia!
1176 1011 1228 1054 et
1279 1001 1526 1055 universa
1575 1017 1795 1070 pecora,

816 1091 906 1144 22.
952 1091 1236 1160 Serpentes
1267 1104 1320 1146 et
1347 1095 1593 1148 volucres
1627 1103 1894 1163 pennatae,

812 1182 903 1234 25.
947 1179 1120 1250 Reges
1144 1192 1300 1237 terra:
1324 1195 1378 1237 et
1409 1197 1599 1238 omnes
1626 1186 1829 1254 populi,

813 1272 903 1323 24.
949 1270 1223 1342 Principes
1250 1281 1304 1327 et
1338 1288 1530 1328 omnes
1567 1274 1778 1343 judices
1812 1284 1989 1341 terrae,

812 1364 901 1416 23.
937 1362 1170 1420 Iuvenes
1202 1377 1255 1421 et
1283 1369 1540 1437 virgines,

805 1453 894 1507 26.
966 1452 1134 1508 Senes
1169 1471 1292 1509 cum
1324 1456 1652 1524 junioribus,

807 1543 895 1596 27.
937 1541 1182 1598 Laudent
1217 1560 1412 1598 nomen
1452 1545 1666 1599 Domini
1703 1566 1714 1598 :

805 1632 893 1688 28.
934 1631 1070 1698 Quia
1097 1635 1390 1688 exaltatum
1414 1645 1492 1690 est
1530 1650 1726 1690 nomen
1772 1637 1890 1705 ejus
1928 1638 2120 1691 solius.

1593 424 1647 476 S.
1690 423 2062 477 ATllANASll
2101 425 2249 485 ΟΡΡ.
2292 427 2471 483 PARS
2510 430 2597 484 Ill.
2638 464 2705 471 —
2747 432 3152 490 EXEGETICA.

3861 440 3974 495 1356

2496 553 2574 604 l7.
2606 554 2740 624 Ιίῦρ,
2766 556 2992 624 χάλαζα,
3029 555 3157 627 χιὼν
3179 596 3192 618 ,
3234 556 3589 627 κρύσταλλος,
3631 557 3841 611 rtus-Sua
3865 579 3955 613 κατ

2425 645 2648 710 αιγίδος,

2494 735 2578 787 18.
2621 736 2698 788 Τὰ
2734 737 2984 789 ποιοῦντα
3018 737 3286 806 τὸνλόγον
3310 737 3497 803 αὑτοῦ,

2494 828 2574 880 19.
2615 829 2693 879 Τὰ
2715 829 2810 899 ὅρη
2836 830 2928 881 καὶ
2959 831 3158 891 πάντες
3184 831 3232 881 oi
3267 829 3460 897 βουνοὶ,

2485 918 2572 971 20.
2599 919 2738 970 Ξόλα
2769 919 3088 990 καρποφόρα
3113 921 3205 972 καὶ
3234 923 3399 973 πᾶσαι
3434 920 3635 991 κέδροι,

2484 1010 2572 1062 21.
2606 1011 2685 1062 Τά
2714 1011 2875 1081 θηρία
2901 1014 2992 1064 καὶ
3016 1013 3190 1066 πάντα
3211 1012 3278 1065 τὰ
3308 1014 3502 1083 κτήνη,

2483 1100 2571 1153 22.
2617 1102 2848 1171 Ἐρπετά
2876 1105 2969 1155 καὶ
3008 1104 3228 1156 πετεινά
3256 1105 3523 1173 πτερωτὰ,

2483 1188 2573 1241 25.
2607 1188 2850 1251 Βασιλεῖς
2877 1190 2974 1259 τῆς
2996 1191 3098 1260 γῆς
3124 1192 3215 1244 καὶ
3249 1193 3446 1256 πάντες
3474 1193 3614 1257 λαοὶ,

2481 1279 2570 1330 21.
2612 1281 2899 1350 ’Λρχοντες
2929 1283 3023 1333 καὶ
3058 1284 3255 1346 πάντες
3284 1284 3465 1355 κριταὶ
3491 1284 3629 1354 γῆς,

2480 1367 2568 1421 23.
2605 1369 2888 1422 Νεανίσκοι
2922 1372 3014 1422 καὶ
3044 1372 3321 1442 παρθένοι,

2481 1457 2569 1512 26.
2602 1460 2963 1531 Πρεσϐύτεροι
2993 1463 3128 1531 μετὰ
3151 1465 3445 1534 νεωτέρων,

2479 1549 2566 1603 27.
2597 1550 2972 1604 Λίνεσάτωσαν
3007 1551 3066 1603 τὸ
3084 1551 3252 1621 ἔννομα
3282 1553 3486 1622 Κυρίου
3511 1569 3525 1582 ·

2479 1640 2565 1693 28.
2603 1640 2724 1692 Ὅτι
2752 1639 2938 1710 ὑψώθη
2961 1642 3021 1694 τὸ
3053 1642 3219 1712 ὄνομα
3249 1641 3412 1695 αὑτοῦ
3439 1642 3623 1712 μόνου.

1856 1812 2232 1868 ATHANASII
2275 1812 2850 1870 INTERPRETATIO.

812 2002 902 2065 1⁸7,
945 1999 1036 2056 18.
1078 1996 1344 2052 Nimirum
1403 1998 1514 2067 igni
1588 1998 1873 2052 assimilati
1930 2005 2058 2050 sunt
2129 1998 2302 2050 sancti

2472 1993 2558 2057 17,
2592 1994 2680 2047 18.
2716 1995 2964 2064 Δηλονότι
3010 1995 3087 2065 τῷ
3121 1999 3254 2069 πυρὶ
3294 1998 3535 2052 ἐοίκασιν
3573 2001 3620 2051 οἱ
3658 2000 3804 2066 ἅγιοι
3840 1999 3958 2052 ἀπό-

730 2094 959 2166 apostoli
1010 2092 1393 2147 comburentes
1435 2091 1742 2144 contrarias
1792 2096 2110 2158 potestates,
2158 2103 2294 2157 quo-

731 2186 874 2240 niam
919 2199 983 2238 ex
1017 2184 1160 2252 igne,
1197 2182 1290 2252 qui
1323 2182 1438 2235 haec
1472 2181 1654 2233 omnia
1694 2180 1986 2241 consumit.
2015 2178 2292 2234 constituti

729 2285 878 2341 sunt,
902 2286 953 2330 et
984 2275 1186 2345 impleti
1218 2282 1366 2340 sunt,
1399 2275 1502 2328 hoc
1527 2282 1607 2328 est
1644 2272 1844 2341 Spiritu
1881 2280 2089 2326 sancto.
2131 2271 2292 2325 Simi-

728 2370 848 2423 liter
876 2368 1096 2438 perinde
1124 2382 1189 2421 ac
1220 2366 1428 2436 grando
1462 2373 1590 2418 sunt
1615 2365 1775 2419 iidem
1803 2363 2059 2433 apostoli,
2093 2363 2292 2416 cadeno

726 2470 809 2516 tes
841 2462 984 2515 enim
1017 2475 1180 2529 super
1229 2468 1505 2527 serpentes
1536 2466 1591 2512 et
1625 2457 1959 2526 scorpiones,
1999 2465 2051 2510 et
2076 2470 2289 2510 omnem

727 2550 934 2605 inimici
978 2558 1320 2619 potestatem,
1356 2549 1814 2604 conculcaverunt
1854 2563 1948 2602 eos
1992 2561 2293 2616 eorumque

725 2644 1020 2714 potentiam
1053 2644 1095 2674 “'
1130 2661 1142 2695 :
1182 2645 1272 2696 nix
1305 2655 1486 2697 autem
1514 2642 1677 2697 etiam
1706 2650 1835 2695 sunt
1857 2649 2076 2710 propter
2109 2640 2291 2694 cordis

724 2735 1074 2798 munditiem;
1100 2747 1152 2789 et
1178 2735 1495 2806 crystallum
1543 2748 1761 2804 quoque
1791 2743 1919 2787 sunt
1945 2742 2167 2802 propter
2195 2749 2290 2787 eo-

724 2843 846 2882 rum
868 2826 1240 2882 claritudinem
1273 2836 1325 2882 et
1352 2826 1473 2882 fidei
1503 2826 1815 2880 ﬁrmitatem
1855 2845 1868 2880 :
1905 2827 2088 2895 itaque
2129 2826 2286 2896 ignis,

725 2918 946 2986 grando,
979 2917 1092 2980 nix,
1135 2918 1456 2988 crystallum
1508 2917 1821 2989 signiﬁcant
1869 2917 1973 2971 hoc
2008 2918 2125 2970 loco
2158 2931 2288 2984 apo-

723 3008 915 3071 stolos,
941 3008 1399 3079 quemadmodum
1425 3011 1857 3065 demonstratum
1889 3018 1991 3062 est.
2024 3006 2287 3076 Spiritum

722 3109 904 3157 autem
960 3103 1211 3172 procellae
1247 3104 1490 3157 invenies
1545 3103 1695 3155 illum
1748 3101 2206 3170 obtemperantem
2238 3101 2286 3154 ei

725 3196 778 3247 in
817 3193 983 3247 ﬂuctu
1027 3194 1212 3256 maris,
1259 3193 1477 3262 quando
1521 3193 1770 3247 dicebant
1825 3193 2054 3262 apostoli
2090 3211 2102 3245 :
2154 3191 2284 3256 Quis

719 3295 794 3339 est
825 3285 930 3350 hic,
962 3285 1088 3356 quia
1116 3295 1163 3337 et
1190 3287 1324 3338 venti
1362 3295 1409 3338 et
1450 3301 1590 3338 mare
1631 3285 1874 3338 obediunt
1906 3285 1952 3337 ei
1987 3283 2063 3334 "‘I
2088 3283 2152 3336 de
2178 3300 2286 3352 quo

2399 2086 2597 2148 στολοι,
2623 2087 2719 2149 τὰς
2748 2088 2990 2151 ἐναντίας
3011 2089 3261 2159 δυνάμεις
3297 2090 3730 2157 καταφλέγοντες
3749 2107 3761 2118 ·
3791 2091 3958 2142 ἐπειδῦ

2396 2179 2487 2232 καὶ
2526 2181 2589 2233 ὲκ
2620 2179 2710 2232 τοῦ
2748 2182 2914 2251 πυρὸς
2939 2181 3105 2236 ταῦτα
3130 2185 3302 2236 πάντα
3331 2184 3823 2246 καταναλίσκοντος
3853 2186 3957 2237 stri-

2395 2269 2620 2339 χθησαν,
2675 2271 2769 2324 καὶ
2813 2273 3302 2344 ὲνεπληρώθησαν,
3355 2277 3603 2328 τουτέστι
3654 2276 3956 2344 Πνεύματος

2393 2361 2567 2428 ἁγίου.
2621 2361 2849 2432 Ὁμοίως
2902 2366 2995 2417 καὶ
3043 2366 3248 2434 χάλαζα
3301 2370 3661 2437 τυγχάνουσιν
3721 2371 3770 2421 οξ
3818 2370 3955 2421 αὐτοὶ

2393 2452 2674 2504 ἀπόστολοι
2700 2471 2711 2482 ·
2748 2455 3106 2522 ἐμπίπτοντες
3125 2456 3230 2526 γὰρ
3251 2459 3328 2519 εἰς
3349 2459 3473 2519 τοὺς
3500 2459 3667 2525 όφεας
3691 2459 3785 2511 καὶ
3812 2473 3954 2527 σκορ-

2394 2543 2567 2603 πίους,
2600 2544 2690 2595 καὶ
2734 2546 2910 2596 πᾶσαν
2952 2546 3050 2616 τὴν
3089 2547 3311 2616 δύναμιν
3341 2546 3432 2599 τοῦ
3466 2547 3687 2618 ἐχθροῦ,
3723 2548 3952 2601 κατεπάο

2393 2651 2517 2686 τουν
2554 2636 2770 2698 αὐτοὺς,
2801 2639 2893 2690 καὶ
2918 2639 3018 2708 τὴν
3050 2640 3226 2693 αὐτῶν
3255 2640 3483 2710 δύναμιν
3509 2657 3522 2669 ⁶
3555 2641 3689 2710 χιὼν
3725 2642 3780 2693 δὲ
3806 2642 3952 2694 πάλιν

2393 2727 2696 2798 ὑπάρχουσι
2761 2729 2849 2782 διά
2914 2731 2975 2783 τὸ
3022 2732 3256 2803 καθαρὸν
3324 2734 3501 2786 αὐτῶν
3551 2735 3650 2803 τῆς
3698 2734 3949 2804 καρδίας,

2392 2819 2483 2868 καί
2531 2818 2858 2888 κρύσταλλός
2902 2825 3006 2874 είσι
3059 2825 3145 2876 διὰ
3204 2825 3262 2877 τὸ
3302 2826 3566 2894 τηλαυγὲς
3621 2827 3834 2890 αὐτῶν,
3870 2828 3947 2879 καί

2395 2909 2610 2979 ἰσχυρὸν
2633 2911 2732 2980 τῆς
2765 2913 3033 2974 πίστεως·
3081 2915 3268 2968 οὐκοῦν
3326 2918 3458 2988 πῦρ.
3513 2919 3744 2986 χάλαζα,
3805 2919 3945 2988 χιὼν,

2392 3000 2718 3070 κρύσταλλος
2789 3005 3119 3076 ὑπάρχουσιν
3194 3007 3425 3059 ἐνταῦθα
3506 3009 3554 3060 οί
3647 3009 3944 3073 ἀπόστολοι,

2388 3092 2568 3156 καθὼς
2592 3095 2987 3150 ἀποδέδεικται.
3034 3097 3255 3168 Πνεῦμα
3279 3099 3332 3151 δὲ
3363 3099 3669 3167 καταιγίδος
3707 3102 3943 3172 εὑρήσεις

2388 3184 2561 3236 ἐκεῖνο
2588 3187 2648 3238 τὸ
2679 3187 2991 3242 ὑπακοῦσαι)
3027 3189 3171 3259 αὐτῷ
3197 3192 3253 3242 ὲν
3279 3190 3354 3260 τῷ
3381 3192 3609 3244 κλύδωνι
3634 3192 3732 3261 τῆς
3758 3191 3940 3245 θαλασ-

2391 3291 2509 3345 σης,
2536 3277 2623 3328 ὅτε
2653 3278 2834 3346 ἔλεγον
2865 3281 2912 3330 οἱ
2941 3281 3227 3334 ἀπόστολοι
3249 3298 3262 3310 ’
3301 3283 3395 3346 Τίς
3419 3285 3589 3335 ἐστιν
3618 3281 3826 3350 οὗτος,
3862 3284 3939 3337 ὁτι

719 3374 880 3428 etiam
916 3343 1188 3444 i’roplieta
1233 3375 1371 3429 dixit
1423 3376 1475 3429 in
1521 3375 1664 3429 libro
1713 3372 2057 3428 Psalmorum
2086 3373 2130 3403 ¹⁶
2165 3343 2330 3425 τἘι(

2387 3365 2483 3418 καὶ
2517 3366 2739 3434 ἄνεμοι,
2776 3368 2873 3420 καὶ
2895 3369 2932 3436 ἡ
2984 3368 3264 3422 θάλασσα
3295 3372 3713 3424 ὑπακούουσιν
3759 3373 3938 3437 αὐτῷ;

718 3466 989 3531 imperavit
1019 3466 1282 3535 procellis,
1315 3478 1360 3518 et
1397 3467 1543 3520 stetit
1569 3467 1622 3518 in
1649 3482 1786 3530 aere,
1812 3476 1859 3518 et
1896 3465 2149 3519 siluerunt
2181 3466 2284 3535 ﬂu-

718 3565 832 3607 ctus
883 3555 1018 3623 ejus.
1073 3554 1317 3623 Apostoli
1372 3555 1537 3625 igitur
1581 3555 1743 3609 simul
1793 3567 1845 3611 et
1895 3567 2087 3613 ventus
2130 3568 2284 3611 erant

716 3654 849 3698 tunc
871 3645 922 3697 in
956 3645 1223 3714 idipsum;
1256 3647 1483 3716 apostoli
1515 3647 1731 3716 quidem
1781 3658 2086 3718 spectantes
2111 3650 2280 3703 mira-

717 3738 925 3801 culum,
967 3747 1160 3793 ventus
1206 3748 1386 3792 autem
1417 3740 1615 3794 cedens
1646 3741 1812 3795 verbo
1859 3741 2113 3811 imperii:
2157 3741 2279 3795 ideo

717 3829 939 3898 subiicit
989 3831 1056 3884 de
1097 3831 1356 3900 apostolis
1397 3839 1451 3884 et
1496 3829 1688 3900 spiritu
1740 3833 2117 3902 tempestatis:
2150 3831 2279 3897 Quae

716 3921 917 3991 faciunt
964 3921 1174 3976 verbum
1202 3923 1336 3991 ejus.

783 4181 870 4246 19,
913 4179 1000 4233 20.
1044 4178 1316 4236 Sublimes
1363 4187 1680 4253 praeceptis,
1732 4193 1789 4240 et
1823 4186 2059 4242 humiles
2114 4189 2276 4243 corde

713 4273 969 4326 facientes
1014 4271 1250 4326 fructum
1301 4273 1546 4344 iustitiae,
1597 4285 1652 4330 et
1702 4276 1997 4347 incorrupti
2060 4295 2273 4349 perma—

713 4371 921 4415 nentes.

780 4453 869 4505 21.
911 4450 968 4506 lu
1009 4452 1206 4507 eremis
1238 4453 1501 4523 viventes,
1532 4464 1580 4510 et
1618 4459 1884 4513 mansueti
1913 4459 2096 4514 corde.

779 4627 868 4680 22.
909 4625 1146 4696 Corpora
1176 4636 1231 4681 et
1279 4630 1477 4685 animm
1527 4641 1864 4689 sanctorum.

775 4717 863 4772 25.
907 4717 1181 4787 Episcopi,
1211 4728 1263 4773 et
1301 4735 1493 4776 omnes
1528 4726 1709 4794 populi
1741 4729 2040 4784 credentes.

778 4809 867 4862 24.
912 4809 1236 4880 Presbyteri.
1265 4819 1320 4865 et
1348 4813 1440 4881 qui
1475 4816 1680 4871 mundo
1726 4821 2124 4876 renuntiarunt.

778 4899 871 4953 25.
907 4899 1010 4965 Qui
1055 4900 1196 4954 malo
1224 4903 1500 4970 resistunt,
1529 4914 1583 4960 et
1612 4910 1796 4963 mundi
1825 4921 1953 4966 sunt
1981 4915 2161 4969 corde.

780 5074 869 5127 26.
908 5069 1010 5139 Qui
1055 5085 1177 5128 ante
1208 5089 1564 5143 speraverant
1608 5081 1660 5136 in
1711 5083 1952 5150 Christo,
1996 5097 2050 5142 et
2083 5089 2269 5161 cogni-

711 5168 857 5220 tione
889 5165 1122 5235 perfecta
1150 5181 1402 5239 aguntur,
1433 5183 1487 5226 et
1524 5173 1716 5229 ﬂorent
1744 5178 1793 5228 in
1831 5178 1950 5234 ﬁde.

769 5255 858 5309 27.
901 5255 1238 5315 Unaniniitcr
1303 5280 1490 5318 omnes
1532 5281 1640 5320 uno
1689 5283 1784 5322 ore
1833 5281 1887 5325 et
1938 5289 2053 5327 uno
2104 5275 2264 5328 corde

709 5343 1004 5404 laudabunt
1041 5366 1235 5405 nomen
1273 5351 1507 5408 Domini.

771 5437 859 5492 28.
901 5437 1168 5505 Quoniam
1234 5459 1429 5500 nomen
1497 5448 1615 5516 ejus
1680 5448 2110 5508 demonstratum
2181 5464 2262 5509 est

707 5529 950 5583 omnium
988 5532 1297 5590 dominans.

802 5791 842 5822 “'
903 5792 1030 5848 Lnr.
1097 5816 1146 5860 τ,
1205 5801 1286 5858 19.
1387 5802 1783 5872 "Matth.vm,
1831 5807 1917 5862 27.

2385 3457 2512 3528 περὶ
2545 3450 2604 3509 οὗ
2651 3459 2740 3510 καὶ
2777 3459 2805 3510 ὀ
2834 3461 3117 3531 προφήτης
3161 3460 3346 3529 ἔλεγεν
3381 3464 3439 3513 ὲν
3470 3461 3638 3533 βίϐλῳ
3664 3463 3901 3532 Ψαλμῶν
3922 3480 3934 3491 ·

2384 3550 2490 3602 Καὶ
2526 3549 2775 3616 ἐπέταξε
2808 3551 2880 3620 τῇ
2908 3552 3194 3620 καταιγίδι
3221 3592 3235 3616 ,
3271 3554 3366 3606 καὶ
3400 3554 3547 3620 ἔστη
3600 3556 3689 3620 εις
3739 3555 3936 3621 αὔραν,

2385 3641 2478 3692 καί
2513 3641 2808 3710 ἐσίγησαν
2840 3643 2909 3695 τὰ
2936 3645 3166 3710 κύματα
3200 3643 3408 3711 αὐτῆς.
3441 3647 3501 3697 Οί
3547 3645 3832 3698 ἀπόστολοι
3855 3641 3935 3698 οὖν

2382 3729 2536 3800 ὁμοῦ,
2561 3733 2653 3783 καὶ
2683 3733 2710 3784 ὁ
2733 3731 2927 3802 ἄνεμος
2953 3731 3020 3803 ἦν
3045 3735 3342 3786 ἐπαναυτὸν
3373 3735 3500 3802 [ἐπὶ
3521 3735 3580 3786 τὸ
3600 3735 3768 3807 αὐτὸ]
3793 3738 3902 3788 τότε
3919 3751 3931 3765 ⁸

2380 3825 2427 3875 oi
2465 3823 2561 3892 μὲν
2595 3823 2878 3876 ἀπόστολοι
2912 3826 3213 3895 ἑωρακότες
3249 3825 3310 3876 τὸ
3345 3824 3548 3894 θαῦμα,
3594 3826 3623 3876 ὁ
3654 3826 3708 3878 δὲ
3753 3827 3933 3896 ἄνεμος

2379 3913 2728 3983 καταπτήξας
2781 3913 2858 3984 τῷ
2896 3915 3036 3985 λόγῳ
3068 3914 3160 3968 τοῦ
3205 3915 3654 3985 προστάγματος·
3703 3917 3791 3969 διὰ
3845 3918 3933 3989 γὰρ

2377 4001 2532 4054 τοῦτο
2565 4003 2755 4072 ἐπάγει
2789 4005 2914 4075 περὶ
2958 4004 3065 4058 τῶν
3114 4005 3422 4059 ἀποστόλων
3454 4007 3547 4058 καὶ
3579 4006 3675 4063 τοῦ
3708 4010 3930 4078 πνευμα-

2378 4111 2465 4156 τος
2486 4094 2585 4164 τῆς
2609 4097 2915 4164 καταιγίδος
2935 4115 2947 4126 '
2986 4096 3061 4151 Τὰ
3087 4098 3373 4152 ποιοῦντα
3405 4099 3716 4169 τὸνλόγον
3736 4101 3928 4178 αὐτοῦ.

2450 4186 2534 4248 19,
2571 4186 2658 4241 2t).
2691 4186 2756 4241 Οί
2786 4187 2976 4258 ὑψηλοὶ
3002 4191 3119 4252 ταῖς
3147 4190 3405 4253 ἐντολαῖς,
3451 4191 3546 4243 καὶ
3577 4193 3822 4244 ταπεινοὶ
3872 4193 3927 4261 τῇ

2375 4277 2590 4349 καρδία,
2633 4280 2671 4326 ι)
2698 4279 2972 4344 ποιοῦντες
2993 4281 3199 4351 καρπὸν
3213 4281 3574 4352 δικαιοσύνης,
3595 4284 3689 4335 καὶ
3716 4285 3926 4353 ἇσηπτοι

2373 4368 2731 4438 διαμένονεες.

2440 4457 2528 4511 21.
2569 4459 2658 4512 Ἐν
2684 4461 2801 4522 ταῖς
2836 4460 3060 4530 ἐρήμοις
3087 4459 3450 4531 διαιτώμενοι,
3487 4464 3583 4515 καὶ
3636 4468 3831 4535 πραεῖς
3869 4467 3923 4534 τῇ

2375 4566 2443 4601 κα
2454 4550 2592 4621 ρδία.

2441 4641 2529 4694 22.
2561 4641 2639 4694 Τὰ
2664 4642 2886 4712 σώματα
2919 4644 3012 4696 καὶ
3036 4645 3089 4696 αἱ
3122 4643 3290 4713 ψυχαὶ
3319 4662 3425 4697 των
3450 4646 3645 4714 ἁγίων.

2305 4699 2346 4753 D
2438 4733 2528 4786 25.
2565 4736 2624 4786 Οἱ
2656 4737 2958 4798 ἐπίσκοποι,
2983 4739 3074 4790 καὶ
3109 4738 3306 4800 πάντες
3328 4737 3445 4792 λαοὶ
3488 4740 3538 4791 oi
3571 4742 3920 4802 πιστεύοντες.

2439 4827 2526 4878 24.
2559 4829 2619 4878 Οἱ
2650 4826 3005 4898 πρεσῦύτεροι
3031 4829 3120 4880 καὶ
3147 4830 3195 4881 οἱ
3216 4828 3292 4899 τῷ
3310 4831 3496 4900 κόσμῳ
3514 4831 3919 4901 ἀποταξάμενοι.

2439 4916 2528 4970 25.
2560 4919 2620 4969 Ol
2643 4917 3016 4989 ἀνθιστάμενοι
3043 4920 3120 4990 τῷ
3143 4921 3382 4991 πονηρῷ,
3411 4922 3504 4975 καὶ
3525 4924 3697 4995 ἁγνὴν
3725 4924 3918 4994 ἔχοντες

2367 5007 2464 5078 τὴν
2503 5008 2744 5079 καρδίαν.

2439 5098 2530 5153 26.
2565 5101 2626 5151 Οἱ
2666 5100 3056 5170 προηλπικότες
3080 5105 3137 5155 ἐν
3155 5102 3233 5172 τῷ
3253 5104 3492 5175 Χριστῷ,
3517 5106 3611 5158 καὶ
3642 5108 3708 5176 τῇ
3740 5105 3914 5175 γνώσει

2369 5190 2584 5254 τελείως
2607 5192 2913 5263 φερόμενοι,
2948 5193 3107 5246 καὶοὶ
3135 5193 3422 5258 ἀνθοῦντες
3452 5198 3580 5266 περὶ
3600 5198 3698 5268 τὴν
3730 5198 3913 5250 πίστιν.

2438 5280 2526 5333 27.
2567 5281 2932 5352 Ὀμοθυμαδδν
2956 5285 3012 5336 ἐν
3043 5285 3122 5337 ἐνὶ
3156 5286 3412 5354 στόματι,
3460 5289 3554 5339 καὶ
3595 5290 3694 5358 μιᾷ
3740 5286 3911 5358 καρδίᾳ

2366 5370 2729 5441 ἀνυμνήσουσι
2757 5372 2812 5424 τδ
2850 5371 3019 5444 ὄνομα
3053 5373 3254 5443 Κυρίου
3289 5373 3508 5438 πάντες.

2435 5461 2522 5517 23.
2559 5464 2680 5516 Ὅτι
2705 5465 2764 5517 τὸ
2792 5464 2962 5536 ὄνομα
2987 5465 3148 5519 αὑτοῦ
3171 5465 3463 5538 ἀπεδείχθη
3513 5467 3767 5523 κυοιεῦον
3795 5466 3906 5520 πᾶν·

2372 5570 2496 5606 των.

2001 5810 2042 5841 ⁸⁸
2084 5808 2228 5864 Psal.
2270 5829 2389 5878 cvl,
2439 5813 2526 5869 29.
