4142 6468
218 442 355 498 1337

290 564 382 617 29.
424 561 487 614 ’Π
516 560 895 631 ἐξομολόγησις
919 553 1080 609 αὐτοῦ
1110 556 1200 607 ἐπὶ
1224 557 1324 623 γῆς
1358 555 1451 607 καὶ
1476 550 1723 623 οὐρανοῦ,

289 658 380 711 50.
406 656 516 709 Καὶ
546 651 745 723 ὑψώσει
778 649 943 720 κέρας
968 645 1095 700 λαοῦ
1118 645 1303 699 αὐτοῦ.

291 748 380 800 51.
414 747 617 814 ’Ύμνος
646 744 778 795 πᾶσι
801 743 908 802 τοῖς
937 738 1102 801 ὁσίοις
1126 736 1310 799 αὑτοῦ,

291 835 376 889 52.
410 835 535 897 Τοῖς
556 834 690 893 υἱοῖς
734 828 967 900 Ἰσραὴλ,
998 827 1109 897 λαῷ
1138 826 1405 894 ἐγγίζοντι
1432 823 1598 894 αὐτῷ.

598 942 948 1009 Ἀλληλούτα
1009 943 1179 994 ΨΑΑ.
1211 942 1393 994 PMB’.

295 1034 345 1086 1.
376 1035 571 1104 ¹’ᾼοάτε
602 1032 677 1103 τῷ
702 1032 889 1101 Κυρίῳ
916 1028 1063 1102 ᾆσμα
1095 1030 1276 1083 καινόν
1294 1046 1309 1061 ο

292 1126 347 1179 2.
386 1126 447 1178 Ἡ
474 1124 674 1187 αῖνεσις
697 1123 858 1176 αὐτοῦ
891 1125 947 1175 ἑν
976 1122 1233 1191 ἐκκλησίᾳ
1258 1122 1439 1174 ὁσίων.

292 1218 345 1272 3.
376 1217 739 1289 Εὑφρανθήτω
768 1214 978 1285 Ἰσραὴλ
1006 1216 1097 1267 ἐπὶ
1134 1209 1212 1283 τῷ
1227 1214 1514 1282 ποιήσαντι
1546 1209 1724 1273 αὑτὸν,

293 1308 346 1363 4.
384 1310 492 1362 Καὶ
524 1306 630 1361 υἱοὶ
654 1306 788 1359 Σιὼν
814 1304 1252 1375 ἀγαλλιὰσοωσαν
1303 1303 1393 1355 ἐπὶ
1448 1302 1524 1371 τῷ
1573 1298 1781 1370 βασιλεί

220 1399 423 1455 αὐτῶν.

296 1492 347 1546 5.
378 1491 752 1545 Αίνεσάτωσαν
774 1488 832 1541 τὸ
854 1488 1021 1556 ὄνομα
1046 1483 1208 1537 αὑτοῦ
1247 1486 1302 1535 ὲν
1332 1481 1497 1553 χορῷ,

1135 440 1222 494 DE
1259 439 1531 496 TITULIS
1562 437 2012 494 PSALMORUM.
2050 468 2121 479 —
2168 436 2358 490 PSAL.
2401 434 2621 491 CXLIX.

1807 557 1853 612 Α
1947 553 2037 606 29.
2074 549 2361 605 Confessio
2388 550 2508 617 ejus
2536 562 2698 617 super
2725 556 2922 603 terram
2959 559 3012 603 et
3033 547 3252 613 caelum,

3297 438 3429 497 l338

1945 644 2032 698 30.
2074 642 2139 696 Et
2166 642 2423 697 exaltabit
2450 657 2620 695 cornu
2667 641 2849 710 populi
2882 642 2986 695 sui.

1945 734 2030 787 51.
2077 733 2318 802 Hymnus
2350 731 2603 784 omnibus
2629 731 2833 784 sanctis
2866 730 3006 799 ejus,

1948 824 2038 878 '52.
2079 822 2231 877 Filiis
2255 821 2442 886 Israel,
2476 819 2677 890 p0pulo
2711 819 3162 889 appropinquanti
3203 818 3326 874 sibi.

2248 933 2493 988 Alleluia.
2555 929 2683 985 PSA
2696 930 2755 987 L.
2806 929 3055 986 CXLIX.

1949 1029 1999 1081 l.
2050 1025 2275 1081 Cantale
2309 1024 2537 1078 Domino
2565 1024 2832 1078 canticum
2878 1039 3076 1078 novum
3104 1040 3121 1078 :

1946 1118 1999 1172 2.
2042 1117 2183 1171 Laus
2224 1116 2342 1185 ejus
2384 1118 2437 1169 in
2477 1114 2704 1169 ecclesia
2753 1124 3086 1169 sanctorum.

1953 1211 2005 1261 3.
2048 1209 2279 1262 Lmtetur
2311 1206 2477 1261 Israel
2500 1207 2551 1259 in
2578 1222 2663 1269 eo,
2691 1206 2784 1276 qui
2819 1205 2945 1261 fecit
2973 1222 3122 1273 eum,

1952 1297 2006 1351 4.
2045 1297 2109 1350 Ει
2148 1296 2240 1349 lilii
2279 1294 2408 1348 Sion
2456 1296 2727 1349 exsultent
2759 1296 2811 1349 in
2844 1311 2967 1366 rege
3000 1310 3120 1350 suo.

1957 1475 2010 1529 5.
2048 1472 2291 1527 Laudent
2337 1486 2533 1524 nomen
2568 1470 2686 1541 ejus
2713 1471 2767 1525 in
2793 1471 2982 1536 choro,

1333 1631 1709 1689 ATIlANASll
1746 1625 2328 1683 INTERPRETATIO.

293 1800 382 1855 29.
411 1799 520 1853 Kal
541 1798 632 1853 ἐπὶ
673 1799 773 1869 γῆς
808 1798 915 1868 γὰρ
952 1796 1100 1857 ὄντες
1134 1792 1280 1863 αύτῷ
1320 1787 1781 1862 ἐξομολογούμεθα

1950 1788 2039 1841 29.
2081 1785 2213 1840 Nam
2253 1795 2307 1841 et
2352 1786 2407 1839 in
2454 1793 2598 1840 terra
2631 1783 2955 1839 exsistentes
2986 1791 3202 1852 peccata
3248 1791 3434 1838 nostra

220 1893 323 1955 τὰς
356 1890 625 1962 ἁμαρτίας
670 1889 846 1961 ἡμῶν,
882 1888 975 1941 καὶ
1012 1886 1170 1940 πάλιν
1209 1888 1264 1937 ἐν
1312 1880 1523 1953 οὐρανῷ
1574 1881 1777 1943 πάντας

1885 1884 1983 1953 ipsi
2032 1884 2388 1947 conﬁtemur,
2438 1892 2492 1936 et
2558 1899 2749 1938 rursus
2802 1883 2857 1937 in
2906 1882 3044 1938 casio
3098 1898 3285 1938 omnes
3336 1899 3435 1939 uos

220 1985 372 2056 ἡμᾶς
401 1983 481 2036 δεῖ
508 1982 846 2053 παραστῆναι
870 1980 947 2050 τῷ
979 1980 1176 2049 βήματι
1214 1976 1375 2029 αὑτοῦ
1399 1974 1489 2028 τοῦ
1523 1972 1777 2045 Χριστοῦ,

220 2075 405 2140 καθὼς
437 2072 585 2128 εἶπεν
612 2078 641 2128 ὁ
684 2071 1015 2133 Ἀπόστολος.

294 2164 382 2217 50.
415 2163 522 2216 Καὶ
546 2161 643 2233 τὴν
671 2160 942 2231 βασιλείαν
973 2158 1066 2211 τοῦ
1090 2156 1218 2211 λαοῦ
1241 2156 1590 2228 ἀτελεύτητον
1623 2156 1779 2227 ποιή-

222 2270 330 2307 σει.

299 2345 386 2399 31.
424 2344 679 2405 Ἐπαινος
708 2342 840 2394 πᾶσι
864 2343 976 2403 τοῖς
1003 2340 1192 2404 ὁσίοις.

292 2431 381 2487 52.
408 2433 529 2493 Τοῖς
564 2432 695 2494 υἱοῖς
718 2430 822 2483 τῶν
853 2428 1020 2497 ἁγίων
1046 2426 1373 2491 ἀποστόλων,
1399 2425 1505 2480 τῶν
1534 2426 1779 2497 ὁρώντων

222 2522 383 2575 αὑτὸν
405 2524 468 2591 τῇ
487 2518 693 2591 διανοίᾳ
715 2538 727 2550 ο
753 2519 907 2572 τοῦτο
946 2517 1053 2589 γὰρ
1091 2515 1447 2590 ἑρμηνεύεται
1514 2516 1777 2585 Ἰσραὴλ,

166 2638 174 2643 ·
231 2612 388 2681 ἀνὴρ
417 2610 568 2679 ὁρῶν
600 2612 765 2664 Θεόν.

1881 1983 2092 2043 oportet
2124 1984 2269 2028 stare
2304 1982 2429 2027 ante
2474 1974 2707 2027 tribunal
2739 1973 2907 2043 ipsius
2934 1973 3154 2037 Christi,
3177 1974 3436 2043 quemad-

1881 2066 2098 2135 modum
2144 2066 2280 2120 dixit
2310 2066 2601 2136 Apostolus
2640 2066 2706 2119 “.

1950 2154 2038 2209 '50.
2079 2154 2143 2209 Et
2175 2171 2399 2226 regnum
2431 2157 2613 2227 populi
2645 2156 2836 2212 elliciet
2870 2156 3277 2226 sempiternum.

1954 2338 2043 2392 5|.
2084 2338 2227 2394 Laus
2261 2340 2513 2393 omnibus
2555 2339 2777 2396 sanctis.

1956 2428 2045 2481 59...
2090 2427 2242 2484 Filiis
2318 2440 2630 2483 sanctorum
2708 2429 3073 2499 apostolorum
3141 2428 3437 2483 videntium

1883 2533 2007 2573 eum
2039 2529 2249 2585 mente;
2277 2520 2349 2573 ita
2384 2520 2530 2574 enim
2574 2520 2966 2591 interpretatur
3013 2517 3207 2585 Israel,
3236 2518 3317 2574 vir
3360 2519 3437 2574 vi-

1886 2610 2012 2665 dens
2037 2609 2226 2667 Deum.

297 2769 370 2820 Ἦ
423 2765 749 2839 προκειμένη
797 2764 1073 2835 ἐπιγραφὴ
1117 2763 1390 2835 περιέχει·
1445 2762 1816 2831 Ἁλληλούῖα,
1856 2763 1992 2835 ὅπερ
2047 2764 2407 2836 ἑρμηνεύεται
2453 2764 2751 2831 αὶνέσατε,
2797 2762 3103 2834 ὐμνήσατε
3147 2763 3254 2817 τὸν
3298 2761 3441 2817 ὄντα

223 2860 391 2914 Θεόν.

295 2952 506 3008 Titulus
543 2952 863 3023 praepositus
913 2950 1190 3005 continet:
1229 2950 1482 3016 Alleluia,
1520 2950 1665 3020 quod
1714 2950 2101 3018 interpretatur
2151 2945 2387 3010 laudate,
2424 2944 2674 3013 hymnum
2716 2942 2877 2994 dicite
2919 2939 3024 2994 Deo
3056 2954 3193 2997 vero.

294 3072 345 3124 i.
377 3070 581 3140 ’Ὕμνον
614 3067 968 3138 ἀναπέμψατε
992 3066 1069 3136 τῷ
1102 3065 1289 3136 Κυρίῳ
1336 3066 1601 3136 καθαρόν*
1634 3065 1781 3134 ὅμως
1807 3050 1849 3107 C

224 3162 321 3215 καὶ
374 3160 545 3222 ἄλλως
600 3162 799 3212 νοεῖται
845 3162 872 3212 ὁ
913 3158 1071 3220 αὐτὸς
1104 3157 1304 3227 στίχος,
1329 3157 1409 3209 ὃτι
1436 3155 1601 3227 ὕμνον
1631 3155 1786 3224 δόξης

223 3255 414 3308 εἴπατε
439 3251 517 3322 τῷ
543 3250 728 3322 Κυρίῳ
760 3251 898 3321 ὑπὲρ
930 3248 1022 3302 τοῦ
1065 3247 1266 3310 πάθους
1298 3246 1483 3312 αὑτοῦ,
1528 3247 1585 3299 ὃν
1617 3246 1787 3310 οὐδεὶς

223 3345 412 3414 εἴρηκε
448 3342 553 3394 τῶν
587 3340 891 3412 ἔμπροσθεν
916 3337 1134 3407 γενεῶν,
1164 3340 1211 3391 εί
1245 3339 1318 3409 μὴ
1354 3337 1510 3409 μόνον
1534 3338 1713 3408 ἡμεῖς,
1739 3338 1785 3388 οἱ

222 3434 549 3505 Θεασάμενοι
584 3433 676 3487 καὶ
704 3432 1029 3494 ἀκούσαντες
1051 3431 1140 3483 τὸν
1171 3430 1323 3482 Θεόν.

290 3526 348 3577 2.
393 3526 456 3576 Ἠ
508 3523 613 3593 γὰρ
664 3523 864 3583 αῖνεσις
926 3521 1090 3574 αὐτοῦ
1145 3520 1360 3587 λέγεται
1417 3520 1474 3571 ἑν
1526 3517 1788 3587 ἐκκλησίᾳ,

221 3618 407 3678 ὁσίων,
432 3614 702 3667 τουτέστιν
738 3615 793 3665 ὲν
824 3616 1097 3685 συστροφῇ
1129 3612 1235 3665 τῶν
1258 3611 1445 3679 ἁγίων.
1479 3610 1665 3681 Ὅμως
1695 3609 1787 3661 καὶ

222 3709 397 3771 ἄλλως
430 3708 674 3760 νοεῖταιό
712 3705 871 3769 αὐτὸς
923 3706 1132 3775 στίχος·
1179 3704 1243 3756 Ἦ
1281 3703 1484 3765 αῖνεσις
1536 3700 1697 3753 αὑτοῦ
1731 3701 1785 3751 ὲν

220 3803 344 3865 ταῖς
370 3798 615 3871 καρδίαις
640 3798 731 3852 καὶ
760 3799 813 3850 ὲν
853 3800 962 3860 τοῖς
996 3797 1177 3868 μέλεσι
1214 3794 1319 3847 τῶν
1351 3793 1517 3862 ἁγίων
1601 3792 1787 3861 Ὑμεῖς

223 3893 356 3963 γὰρ,
409 3891 568 3960 φησιν
593 3892 621 3943 ὁ
663 3889 1001 3952 Ἀπόστολος,
1031 3887 1175 3953 ναὸς
1202 3886 1347 3941 Θεοῦ
1372 3887 1537 3939 ἐστε·
1574 3885 1666 3937 καὶ
1689 3882 1789 3936 πὰ-

222 3985 337 4036 λιν·
371 3985 492 4035 Οὐκ
521 3981 737 4052 οἴδατε,
774 3981 859 4033 ὅτι
887 3981 957 4033 τὰ
992 3980 1231 4048 σώματα
1271 3978 1436 4047 ὑμῶν
1477 3980 1621 4042 ναῖς
1660 3977 1789 4029 ἐστι

222 4074 331 4127 τοῦ
363 4072 586 4142 ἐνὺμῖν
608 4072 777 4141 ἁγίου
806 4071 1167 4139 Πνεύμιιτος,
1196 4066 1266 4125 οὗ
1293 4071 1457 4139 ἔχετε
1480 4068 1597 4122 ἀπὸ
1619 4066 1785 4121 Θεοῦ.

295 4265 349 4320 '5.
383 4261 749 4333 Εὐφρανοήτω
786 4262 814 4313 ὁ
840 4258 966 4322 λαὸς
1018 4276 1045 4312 ο
1080 4256 1489 4327 πεφωτισμένος
1534 4255 1631 4327 τὴν
1676 4256 1789 4309 διὰ-

221 4373 373 4412 νοιαν
402 4356 492 4408 ἑπὶ
508 4353 585 4423 τῷ
617 4350 803 4421 Κυρίῳ
832 4350 907 4421 τῷ
932 4351 1216 4419 ποιήσαντι
1242 4348 1422 4412 αὑτὸν,
1447 4346 1537 4399 καὶ
1570 4348 1625 4398 ἑν
1646 4347 1783 4417 ἀρχῇ
1817 4382 1861 4437 D

222 4450 321 4504 καὶ
363 4448 420 4499 ἑν
461 4444 538 4515 τῷ
570 4443 930 4515 βαπτίσματι·
976 4440 1211 4506 Ἰσραὴλ
1249 4438 1355 4509 γὰρ
1410 4436 1783 4508 ἑρμηνεύεται,

222 4542 303 4605 ὡς
334 4539 589 4601 πολλάκις
625 4538 943 4608 εἰρήκαμεν,
972 4535 1116 4599 νοῦς
1144 4532 1295 4600 ὀρῶν
1318 4531 1481 4584 Θεόν.

298 4632 351 4686 4.
386 4632 493 4685 Καὶ
524 4632 573 4684 οἱ
603 4632 705 4682 υἱοὶ
724 4629 820 4697 τῆς
849 4626 1166 4697 ἐπουρανίου
1212 4622 1559 4695 Ἰερουσαλὴμ
1586 4620 1785 4682 πόλεως

222 4721 668 4794 ἁγαλλιὰσθωσαν
700 4719 790 4771 ἐπὶ
818 4716 894 4788 τῷ
919 4718 1101 4787 Κυρίῳ
1146 4714 1316 4782 Ἰησοῦ
1349 4712 1425 4783 τῷ
1453 4711 1657 4782 βασιλεί
1689 4710 1785 4762 αύ-

223 4816 360 4871 τῶν·
396 4814 549 4868 Σιὼν
568 4812 675 4883 γὰρ
701 4810 1057 4882 ἑρμηνεύεται
1092 4808 1270 4871 τόπος
1309 4804 1458 4857 ὅπου
1496 4805 1532 4871 ἡ
1562 4798 1779 4867 σκηνή.

298 4908 349 4961 5.
386 4905 762 4959 Αἰνεσὰτωσαν
790 4901 949 4954 αὑτὸν
983 4901 1039 4951 ἑν
1071 4898 1163 4968 ὅλῃ
1190 4895 1405 4967 καρδίᾳ,
1443 4894 1536 4946 καὶ
1568 4894 1623 4945 ἑν
1645 4893 1782 4955 ὅλοις

223 5006 338 5065 τοῖς
369 4999 580 5070 μέλεσιν
614 4996 789 5048 αὐτῶν
809 5013 820 5023 ο
850 4993 925 5057 ὡς
962 4991 1067 5061 γὰρ
1093 4993 1121 5041 ὁ
1168 4989 1325 5060 χορὸς
1353 4988 1633 5039 ὑπόκειται
1678 4983 1783 5034 ὑπὸ

228 5092 311 5163 (ll
327 5091 596 5160 διαφόρων
638 5085 956 5157 ἀνθρώπων,
982 5081 1122 5135 οὕτω
1160 5083 1251 5135 καὶ
1276 5079 1343 5132 τὰ
1374 5080 1505 5149 μέλη
1537 5076 1782 5145 σύγκειν-

225 5202 313 5239 ται
340 5185 397 5235 ἑν
428 5182 503 5251 τῷ
529 5177 799 5251 ἀνθρώπῳ
856 5180 913 5230 ἐν
943 5176 1080 5238 ὅλοις
1106 5170 1196 5226 οὖν
1224 5176 1334 5235 τοῖς
1366 5171 1573 5240 σώμασι
1610 5169 1703 5223 καὶ
1722 5169 1778 5220 ἑν

226 5278 291 5347 τῇ
322 5274 517 5346 καρδία
551 5272 799 5326 αἰνέσατε
823 5266 982 5323 αὐτὸν
1012 5268 1078 5321 δι’
1105 5266 1279 5337 ἔργων
1312 5261 1548 5332 ἀγαθῶν.

292 5460 332 5491 ⁸¹
386 5455 546 5512 Hebr.
590 5454 761 5519 v.15.

861 5453 906 5484 ⁸³
938 5448 1113 5505 lCor.
1144 5463 1227 5515 ιιι,
1260 5445 1358 5511 16;
1413 5443 1455 5498 ll
1484 5442 1614 5497 Cor.
1646 5456 1717 5508 vr,
1758 5438 1846 5495 16.

1957 3066 2008 3119 1.
2049 3062 2318 3135 llymnum
2369 3057 2630 3113 mundum
2680 3056 2909 3111 emittite
2961 3052 3189 3107 Domino
3210 3054 3233 3105 ':
3288 3051 3442 3105 aliter

1882 3157 2045 3213 etiam
2070 3155 2159 3210 hic
2189 3152 2494 3208 versiculus
2532 3146 2756 3218 intelligi
2798 3153 2994 3216 potest,
3027 3142 3252 3206 scilicet,
3283 3140 3441 3212 bym-

1884 3266 2014 3304 num
2040 3248 2223 3320 gloria:
2250 3233 2413 3300 dicite
2465 3242 2693 3296 Domino
2730 3239 2797 3293 de
2823 3236 3075 3305 passione
3102 3234 3243 3304 ejus,
3277 3248 3441 3303 quem

1886 3318 2200 3388 nulla'dixit
2243 3327 2637 3398 prteteritarum
2683 3321 3096 3392 generationum
3127 3318 3230 3373 nisi
3266 3318 3441 3373 solum

1886 3436 2005 3479 nos.
2038 3419 2128 3488 qui
2163 3417 2397 3471 vidimus
2422 3424 2477 3469 et
2503 3412 2810 3468 audivimus
2845 3410 3033 3463 Deum.

1951 3513 2007 3567 2.
2047 3511 2191 3567 Laus
2222 3511 2366 3565 enim
2396 3507 2513 3576 ejus
2538 3504 2734 3559 dicitur
2756 3503 2808 3556 in
2847 3498 3077 3556 ecclesia
3106 3505 3440 3553 sanctorum.

1886 3604 1989 3660 hoc
2014 3614 2097 3658 est
2130 3604 2183 3656 in
2214 3599 2629 3670 congregatione
2674 3606 3007 3650 sanctorum.
3061 3589 3444 3646 Verumtamen

1886 3698 2041 3752 aliter
2064 3696 2224 3750 etiam
2251 3690 2590 3761 interpretari
2620 3686 2945 3757 potestidem
2973 3698 3165 3737 versus
3191 3700 3204 3736 :
3231 3694 3442 3749 nempe,

1885 3789 2004 3844 laus
2033 3788 2149 3857 ejus
2195 3787 2249 3839 in
2284 3782 2539 3837 cordibus
2584 3789 2636 3833 et
2668 3779 2719 3831 in
2769 3774 3031 3832 membris
3085 3780 3440 3826 sanctorum:

1886 3880 1997 3935 Vos
2034 3880 2177 3934 enim
2199 3917 2213 3941 ,
2245 3875 2421 3945 inquit
2451 3869 2769 3942 Apostolus,
2806 3865 3051 3936 templum
3082 3861 3176 3915 Dei
3208 3860 3332 3914 estis
3361 3860 3441 3925 ";

1886 3983 1939 4029 et
2000 3986 2237 4027 rursus:
2287 3973 2365 4021 An
2426 3965 2660 4029 nescitis,
2709 3962 2957 4031 quoniam
3008 3970 3231 4024 corpora
3277 3962 3445 4006 vestra

1889 4063 2130 4132 templum
2163 4068 2281 4113 sunt
2309 4056 2537 4125 Spiritus
2562 4053 2752 4117 sancti,
2785 4050 2874 4119 qui
2908 4048 2961 4099 in
2994 4046 3135 4099 vobis
3167 4052 3266 4106 est,
3292 4057 3443 4110 quem

1886 4154 2086 4206 habetis
2111 4169 2140 4203 a
2176 4150 2278 4202 Deo
2313 4146 2403 4197 ’3?

1956 4245 2009 4298 ’5.
2050 4242 2279 4295 Laetetur
2302 4235 2530 4307 p0pulus
2556 4240 2735 4286 mente
2756 4225 3166 4283 illuminatusin
3190 4222 3441 4288 Domino,

1889 4336 1981 4406 qui
2012 4333 2137 4388 fecit
2162 4345 2308 4391 cum,
2341 4338 2393 4380 et
2425 4327 2492 4380 ab
2544 4324 2721 4389 initio,
2760 4322 2887 4375 etin
2930 4319 3219 4388 baptismo.
3272 4313 3443 4368 Israel

1888 4427 2031 4481 enim
2096 4425 2507 4489 interpretatur,
2575 4425 2635 4469 ut
2696 4414 2892 4483 saepius
2965 4410 3242 4472 diximus,
3300 4421 3441 4459 mem

1885 4513 2059 4567 videns
2104 4508 2284 4562 Deum.

1954 4608 2007 4659 4.
2049 4601 2113 4655 Et
2142 4600 2233 4654 lilii
2274 4595 2510 4652 caelestis
2540 4592 2775 4648 civitatis
2801 4587 3138 4642 Hierusalem
3171 4585 3441 4640 exsultent

1885 4699 1938 4753 in
1968 4696 2196 4751 Domino
2229 4690 2353 4745 Jesu
2405 4689 2645 4758 ipsorum
2682 4699 2848 4752 rege:
2899 4680 3026 4735 Sion
3072 4678 3216 4734 enim
3268 4678 3440 4731 inter-

1884 4799 2126 4861 pretatur
2171 4785 2309 4838 locus
2354 4781 2443 4834 ubi
2474 4775 2893 4833 tabernaculum.

1956 4881 2009 4937 5.
2060 4876 2305 4932 Laudent
2332 4888 2453 4928 eum
2487 4871 2540 4924 in
2568 4879 2681 4923 tcto
2711 4867 2895 4932 corde,
2936 4873 2992 4919 et
3020 4863 3073 4918 in
3109 4859 3237 4915 totis
3270 4874 3443 4921 mem-

1887 4975 2000 5031 bris
2026 4972 2139 5027 suis
2165 4986 2180 5035 ;
2209 4963 2660 5036 quemadmodum
2691 4959 2835 5013 enim
2878 4958 3077 5011 chorus
3099 4951 3441 5021 componitur

1888 5085 1918 5124 a
1952 5060 2181 5122 diversis
2205 5056 2535 5115 hominibus,
2566 5054 2639 5106 ita
2677 5050 2841 5105 etiam
2875 5046 3114 5102 membra
3138 5043 3439 5127 composita

1887 5168 2011 5217 sunt
2056 5160 2107 5213 in
2148 5157 2408 5211 homine:
2442 5155 2493 5207 iu
2554 5161 2669 5206 toto
2713 5149 2876 5219 igitur
2908 5160 3133 5217 corpore
3177 5151 3233 5199 et
3275 5139 3440 5198 corde

1884 5252 2099 5309 laudate
2129 5263 2253 5305 eum
2277 5262 2372 5317 per
2400 5244 2542 5299 bona
2572 5256 2753 5311 opera.

1936 5436 1981 5468 ”
2017 5432 2036 5487 l
2072 5430 2198 5487 Cor.
2238 5444 2311 5493 νι,
2341 5425 2425 5481 l9.

1124 5624 1425 5695 Addenda
1474 5630 1536 5684 et
1566 5615 1936 5697 corrigenda
1991 5630 2068 5675 ex
2115 5611 2253 5674 cod.
2298 5606 2499 5671 V’atic.

294 5794 372 5864 (l)
419 5793 554 5847 Ὑπὸ
581 5790 850 5861 διαφόρων
879 5789 1020 5841 ἰδίων
1046 5787 1249 5857 κύκλῳ,
1280 5784 1420 5839 οὕτω
1457 5787 1568 5846 τοῖς
1598 5782 1833 5853 σώμασι,
1866 5778 2002 5833 καθὰ
2028 5776 2388 5850 προείπαμεν,
2412 5771 2506 5826 καὶ
2525 5771 2583 5823 ἑν
2604 5783 2694 5841 τῃ,
2729 5782 2835 5825 etc.
