4142 6496
711 431 843 487 1559

774 543 827 600 6.
870 541 927 596 In
959 551 1210 611 tympano
1234 549 1287 595 et
1321 541 1577 610 psalterio
1627 542 1860 610 psallant
1913 544 1982 598 ei.

773 636 827 691 7.
868 634 1004 699 Quia
1037 633 1424 702 beneplacitum
1454 644 1537 687 est
1572 632 1800 686 Domino
1831 634 1883 685 in
1919 635 2113 703 populo
2142 650 2261 697 suo,

775 727 828 782 8.
872 725 936 778 Et
975 726 1233 780 exaltabit
1267 735 1578 779 mansuetos
1620 727 1673 778 in
1701 726 1950 780 salutem.

776 820 827 874 9.
866 817 1226 872 Exsultabunt
1255 819 1426 872 sancti
1455 819 1506 870 in
1533 818 1700 886 gloria
1736 836 1750 871 :

781 911 868 965 10.
907 908 974 963 Et
1002 911 1329 964 laetabuntur
1355 910 1407 962 in
1448 910 1716 964 cubilibus
1757 908 1894 963 suis.

780 1000 864 1054 11.
907 998 1589 1070 Exaltationeslexaltatio]
1612 999 1704 1053 Dei
1735 1001 1786 1053 in
1809 1010 2022 1070 gutture
2050 1014 2262 1065 eorum,

779 1183 868 1237 ιε.
910 1181 972 1236 Ει
1003 1180 1162 1251 gladii
1196 1180 1460 1249 ancipites
1511 1180 1564 1232 in
1617 1177 1864 1232 manibus
1913 1192 2124 1233 eorum.

780 1274 866 1329 15.
906 1271 987 1324 Ad
1032 1270 1332 1324 faciendam
1367 1270 1663 1322 vindictam
1705 1269 1757 1321 in
1795 1268 2122 1331 nationibus,

781 1364 867 1418 M.
908 1361 1310 1430 lncrepationes
1345 1361 1399 1413 itt
1444 1359 1678 1428 populis.

780 1454 865 1509 15.
905 1454 986 1507 Ad
1013 1452 1314 1522 alligandos
1344 1465 1497 1519 reges
1546 1465 1732 1504 eorum
1788 1449 1840 1502 in
1889 1447 2265 1516 compedibus,

785 1547 872 1602 16.
914 1547 980 1602 Et
1002 1547 1208 1601 nobiles
1235 1558 1424 1598 eorum
1457 1543 1510 1597 in
1548 1543 1777 1597 manicis
1810 1541 2026 1596 ferreis.

782 1725 869 1780 17.
907 1723 974 1780 Ut
1004 1723 1206 1778 faciant
1247 1724 1300 1775 in
1333 1723 1412 1776 eis
1442 1719 1705 1790 judicium
1749 1718 2111 1786 conscriptum
2145 1759 2158 1772 .

781 1817 868 1873 18.
907 1816 1088 1871 Gloria
1121 1817 1234 1868 haec
1258 1822 1340 1868 est
1361 1812 1614 1867 omnibus
1660 1811 1861 1866 sanctis
1896 1810 2033 1879 ejus.

1571 429 1627 483 S.
1672 430 2037 488 ATHANASII
2081 431 2229 488 OPP.
2264 431 2442 487 PARS
2483 433 2568 490 Ill.
2605 465 2675 477 -—
2710 433 3120 490 EXEGETICA.

3807 443 3928 496 1540

2295 550 2339 604 Α
2434 545 2486 597 6.
2531 545 2618 596 Ἐν
2645 545 2910 614 τυμπάνῳ
2941 548 3034 597 καὶ
3065 546 3344 618 ψαλτηρίῳ
3371 549 3703 617 ψαλάτωσαν
3735 553 3890 623 αὐτῷ.

2434 635 2485 688 7.
2522 635 2640 687 Ὀτι
2670 635 2877 688 εὐδοκεῖ
2901 637 3100 706 Κύριος
3129 639 3183 689 ἐν
3216 639 3292 709 τῷ
3321 642 3434 711 λαῴ
3458 643 3625 695 αὑτοῦ
3644 684 3656 706 ,

2431 725 2484 779 8.
2527 727 2634 778 Καὶ
2658 725 2861 794 ὑψώσει
2894 731 3088 796 πραεῖς
3111 728 3166 780 ἐν
3193 732 3458 802 σωτηρία.

2430 817 2482 870 9.
2532 818 2906 887 Καυχήσονται
2935 819 3070 870 ὅσιοι
3104 821 3162 870 ἐν
3189 819 3336 892 δόξῃο

2435 906 2521 960 10.
2559 907 2667 958 Καὶ
2697 907 3113 974 ἁγαλλιάσονται
3137 910 3228 961 ἐπὶ
3255 909 3363 962 τῶν
3392 910 3587 963 κοιτῶν
3609 912 3804 966 αὐτῶν.

2438 997 2523 1049 11.
2558 998 2621 1049 At
2645 997 2875 1066 ὑψώσεις
2899 997 2954 1070 [ἡ
2980 999 3206 1071 ῦψωσις]
3230 1000 3324 1053 τοῦ
3357 1000 3492 1054 Θεοῦ
3521 1004 3578 1054 ἐν
3605 1003 3679 1073 τῷ
3705 1004 3927 1074 λάρυγγι

2368 1087 2565 1151 αὐτῶν,

2443 1179 2529 1231 19...
2563 1179 2671 1232 Καὶ
2702 1182 2963 1250 ρομφαῖαι
2995 1182 3232 1253 δίστομοι
3276 1185 3334 1236 ἐν
3363 1187 3482 1248 ταῖς
3513 1185 3699 1257 χερσὶν
3734 1184 3925 1239 αὐτῶν.

2438 1266 2524 1319 15.
2554 1267 2658 1320 Τοῦ
2699 1270 2918 1338 ποιῆσαι
2945 1272 3222 1342 ἐκδίκησιν
3245 1277 3302 1327 ἐν
3333 1277 3444 1338 τοῖς
3470 1276 3695 1340 ἔθνεσιν,

2443 1356 2524 1408 14.
2574 1357 2862 1427 Ἐλεγμοὺς
2896 1363 2951 1413 ἐν
2976 1366 3087 1425 τοῖς
3119 1363 3282 1428 λαοῖς.

2443 1447 2528 1501 15.
2561 1449 2665 1501 Τοῦ
2698 1450 2855 1520 δῆσαι
2889 1454 3012 1517 τοὺς
3045 1456 3282 1524 βασιλεῖς
3305 1458 3482 1510 αὐτῶν
3503 1460 3562 1512 ἐν
3586 1460 3794 1526 πέδαις,

2443 1541 2527 1594 16.
2560 1544 2667 1595 Καὶ
2695 1548 2819 1610 τοὺς
2842 1548 3084 1615 ἐνδόξους
3106 1553 3281 1607 αὐτῶν
3316 1557 3373 1607 ἐν
3410 1557 3749 1626 χειροπέδαις
3786 1560 3925 1630 σιδη-

2372 1634 2511 1701 ραῖς.

2441 1723 2526 1776 17.
2564 1726 2669 1780 Τοῦ
2703 1732 2921 1800 ποιῆσαι
2948 1733 3005 1783 ἐν
3040 1734 3220 1798 αὐτοῖς
3251 1740 3425 1808 κρῖμα
3448 1739 3758 1810 ἔγγραπτον
3780 1758 3795 1773 ο

2447 1814 2530 1868 18.
2558 1817 2694 1881 Δόξα
2727 1819 2864 1892 αῦτη
2903 1822 3052 1877 ἔσται
3086 1828 3216 1879 πᾶσι
3256 1832 3367 1892 τοῖς
3397 1831 3564 1895 ὁσίοις
3594 1833 3761 1886 αὑτοῦ

1833 1990 2203 2047 ATHANASII
2244 1989 2819 2057 INTERPRETATIO.

780 2177 834 2232 6.
874 2176 938 2231 Et
985 2174 1372 2230 mortiﬁcantes
1420 2187 1479 2226 se
1522 2171 1691 2241 ipsos.
1734 2178 1788 2224 et
1833 2169 2017 2239 repleti
2065 2168 2267 2238 Spiritu

2441 2174 2492 2228 6.
2517 2176 2626 2228 Καὶ
2650 2178 3016 2249 νεκρὼσαντες
3040 2183 3281 2247 ἑαυτοὺς,
3303 2186 3396 2238 καὶ
3416 2185 3747 2256 πλησθέντες
3770 2186 3905 2240 Πνεύ

715 2275 900 2322 sancto
925 2264 1299 2334 gloriﬁcabunt
1329 2278 1474 2317 eum.

783 2358 832 2411 7.
874 2359 1009 2424 Quia
1040 2359 1287 2412 voluntas
1323 2357 1440 2426 ejus
1477 2355 1530 2410 in
1554 2354 1684 2424 ipsis
1715 2361 1817 2408 est.

781 2447 835 2502 8.
875 2447 940 2500 Et
963 2448 1285 2518 glorilicabit
1316 2446 1629 2500 obedientes
1661 2445 1715 2496 in
1750 2441 2032 2512 praeceptis
2070 2440 2182 2496 suis
2214 2440 2269 2495 in

713 2539 871 2592 vitam
904 2548 1179 2591 aeternam.

777 2630 831 2683 9.
874 2627 1261 2681 Gloriabuntur
1290 2625 1521 2695 apostoli
1571 2625 1626 2678 in
1676 2623 1795 2693 ipso
1828 2622 2058 2677 Domino
2119 2630 2172 2676 et
2213 2621 2266 2674 in

714 2734 872 2774 cruce
903 2719 1096 2790 ipsius,
1133 2718 1590 2790 quemadmodum
1624 2716 1756 2770 dicit
1787 2713 2120 2783 Apostolus:
2165 2711 2268 2776 Qui

715 2821 884 2863 autem
930 2811 1186 2881 gloriatur
1219 2811 1273 2862 in
1314 2808 1538 2862 Domino
1569 2808 1821 2878 glorietur
1867 2805 1943 2872 ";
1994 2814 2094 2860 et:
2134 2803 2269 2857 Mihi

715 2912 882 2955 autem
927 2902 1064 2956 absit
1102 2902 1344 2971 gloriari,
1394 2902 1500 2955 nisi
1535 2902 1590 2954 in
1639 2916 1788 2954 cruce
1841 2899 2050 2954 Domini
2100 2899 2268 2953 nostri

715 2995 836 3049 Iesu
869 2994 1064 3050 Christi
1095 2997 1160 3048 ’⁸.

781 3087 866 3142 10.
909 3086 972 3142 Et
1003 3088 1353 3143 exsultabunt
1379 3087 1430 3140 in
1477 3087 1692 3142 aeternis
1731 3086 2088 3156 requietibus.

783 3181 867 3234 11.
911 3179 1354 3235 Pra'dicationem
1418 3178 1614 3232 divina
1684 3178 1956 3246 passionis
2006 3176 2267 3231 inclama-

714 3273 866 3327 bunL

784 3364 872 3419 12.
914 3361 1120 3419 Veteris
1159 3371 1213 3418 et
1258 3360 1391 3417 Novi
1448 3360 1781 3418 Testamenti
1815 3375 2008 3418 sensus
2049 3359 2106 3414 in
2137 3374 2262 3416 cor-

711 3456 870 3510 dibus
920 3471 1134 3513 eorum.
1184 3455 1433 3508 Attamen
1483 3455 1642 3510 etiam
1696 3453 1854 3508 aliter
1907 3451 2261 3519 intelligitur:

712 3549 943 3614 scilicet,
982 3549 1123 3602 dona
1155 3547 1326 3602 sancti
1376 3545 1614 3615 Spiritus
1643 3545 1698 3598 in
1748 3543 1999 3597 manibus
2034 3556 2264 3606 eorum;

712 3647 980 3708 quotquot
1002 3639 1144 3693 enim
1170 3651 1306 3708 opus
1333 3636 1659 3692 habentibus
1680 3633 2027 3704 imponebant
2051 3649 2266 3700 manus,

713 3732 916 3786 dabant
938 3731 1071 3801 ipsis
1094 3730 1355 3801 Spiritum
1380 3739 1650 3796 sanctum,
1675 3736 1729 3782 et
1751 3735 2018 3798 quotquot
2040 3726 2269 3782 inﬁrmis

714 3837 911 3878 manus
968 3821 1354 3892 imponebant,
1403 3820 1669 3875 sanabant
1718 3835 1832 3875 eos.
1897 3817 2267 3888 Egritudines

715 3917 884 3981 enim,
919 3915 1022 3969 hoc
1053 3924 1135 3968 est
1163 3915 1468 3968 contrarias
1516 3920 1836 3984 potestates,
1867 3910 2270 3966 mortiﬁcabant

714 4007 912 4061 virtute
943 4005 1116 4061 sancti
1144 4003 1402 4073 Spiritus.

785 4096 868 4151 15.
909 4097 990 4150 Ad
1025 4095 1335 4150 liberandas
1375 4108 1563 4164 gentes
1601 4107 1629 4146 a
1657 4091 1946 4147 contrariis
1990 4089 2271 4162 potestati-

713 4189 836 4253 bus,
863 4203 984 4257 quaz
1008 4197 1165 4241 antea
1192 4189 1244 4240 in
1281 4187 1430 4257 ipsas
1455 4186 1896 4240 dominabantur.

784 4278 872 4334 14.
911 4279 992 4332 Atl
1021 4277 1452 4348 redarguendam
1489 4278 1542 4330 in
1582 4277 1796 4346 populis
1826 4275 2130 4341 audaciam,
2162 4290 2268 4345 qua

712 4380 900 4425 contra
932 4371 1099 4426 Deum
1137 4371 1221 4424 usi
1252 4379 1402 4426 sunt.

784 4463 869 4520 15.
914 4460 995 4514 Ad
1023 4461 1323 4532 alligandos
1348 4460 1621 4516 daemones
1651 4468 1940 4529 regnantes
1967 4459 2019 4512 in
2046 4459 2152 4513 illis
2177 4473 2270 4528 per

711 4560 991 4622 peccatum
1005 4592 1018 4609 .

782 4644 864 4697 16.
907 4643 1247 4713 Principatns
1295 4653 1346 4698 et
1398 4651 1695 4713 potestates
1753 4642 1959 4697 inimici
2037 4642 2269 4698 vinculis

709 4736 922 4790 a-ternis
956 4736 1056 4790 sub
1089 4736 1375 4805 caliginem
1423 4736 1791 4799 tradiderunt,
1831 4745 1888 4787 ut
1927 4733 2269 4788 custodiren-

710 4838 798 4881 tur
827 4829 878 4881 in
912 4829 1050 4882 diem
1076 4828 1264 4894 iudicii
1291 4831 1358 4887 “.

779 4919 868 4986 17,
903 4919 990 4974 18.
1029 4917 1101 4975 Ut
1133 4918 1336 4975 faciant
1383 4920 1675 4975 vindictam
1711 4919 1764 4972 in
1805 4918 2014 4988 populis
2038 4925 2091 4974 et
2126 4934 2260 4990 gen-

709 5013 870 5068 tibus.

775 5211 822 5242 “
871 5209 892 5263 ι
924 5211 1047 5266 Cor.
1086 5227 1140 5274 ι,
1174 5211 1234 5264 51
1365 5214 1409 5243 ³⁸
1439 5210 1614 5266 Galat.
1650 5226 1722 5275 Vl,
1765 5211 1853 5266 14.
1930 5210 1976 5242 ⁸⁸
2014 5209 2140 5265 Jud.
2189 5210 2242 5266 6.

2375 2281 2541 2335 ματος
2571 2269 2726 2336 ἁγίου
2755 2271 3151 2342 ἀνυμνήσουσιν
3180 2277 3359 2330 αὐτόν.

2440 2356 2492 2408 7.
2531 2358 2650 2410 Ὅτι
2671 2359 2878 2430 θέλημα
2912 2363 3074 2416 αὑτοῦ
3119 2367 3175 2416 tv
3205 2367 3386 2429 αὐτοῖς
3413 2369 3551 2420 ἐστι.

2438 2443 2488 2497 8.
2526 2445 2635 2498 Καὶ
2659 2447 2868 2513 δοξάσει
2898 2451 3023 2513 τοὺς
3055 2452 3427 2516 ὑπακούοντας
3455 2455 3512 2507 tv
3545 2459 3668 2519 ταῖς
3701 2455 3931 2519 ἐντολαῖς

2368 2534 2531 2587 αὐτοῦ
2560 2539 2637 2600 είς
2671 2539 2812 2608 ζωὴν
2841 2542 3075 2595 αἰώνιον.

2437 2627 2487 2680 9.
2527 2631 2903 2700 Καυχήσονται
2932 2636 2982 2686 οἱ
3019 2636 3303 2689 ἀποστόλοι
3340 2639 3397 2690 ἐν
3432 2637 3582 2708 αὑτῷ
3617 2638 3699 2708 τῷ
3729 2640 3930 2709 Κυρίῳ.

2369 2720 2460 2771 καὶ
2489 2721 2544 2772 ὲν
2569 2721 2644 2791 τῷ
2675 2725 2892 2796 σταυρῷ
2917 2727 3104 2789 αὑτοῦ,
3133 2729 3310 2792 καθώς
3335 2746 3496 2799 φησιν
3526 2733 3554 2783 ὁ
3594 2731 3931 2796 Ἀπόστολος·

2378 2808 2431 2861 Ὀ
2465 2810 2532 2864 δὲ
2571 2816 2949 2884 καυχώμενος
3000 2819 3069 2871 ὲν
3100 2819 3178 2883 τῷ
3203 2819 3399 2888 Κυρίῳ
3433 2823 3792 2890 καυχάσθω⁶
3825 2826 3934 2886 καὶ,

2379 2903 2536 2972 Ἐμοὶ
2577 2905 2649 2974 (1)
2683 2905 2750 2958 δὲ
2789 2907 2873 2976 μὴ
2920 2908 3147 2978 γένοιτο
3187 2912 3546 2981 καυχᾶσθαι,
3570 2918 3622 2968 ει
3648 2915 3738 2984 μὴ
3766 2917 3838 2969 ἐν
3860 2919 3936 2984 τῷ

2365 2995 2600 3065 σταυρῷ
2634 2999 2736 3051 τοῦ
2769 3001 2985 3068 Kvpiov
3015 3001 3184 3071 ἡμῶν
3217 3003 3412 3070 Ἰησοῦ
3444 3007 3726 3073 Χριστοῦ.

2435 3086 2521 3140 10.
2551 3088 2661 3142 Καὶ
2675 3089 3082 3158 ἁγαλλιάσονται
3100 3095 3179 3158 είς
3192 3093 3290 3157 τὰς
3308 3097 3558 3160 αἰωνίους
3574 3097 3930 3162 ἀναπαύσεις.

2435 3179 2521 3232 11.
2559 3179 2630 3231 Τὸ
2659 3183 2918 3252 κήρυγμα
2952 3182 3058 3236 τῶν
3111 3185 3447 3256 παθημάτων
3501 3187 3595 3240 τοῦ
3628 3188 3768 3242 Θεοῦ
3807 3190 3932 3243 ἁνα-

2366 3263 2507 3318 6οῶσ
2529 3284 2578 3319 ν.

2433 3356 2520 3411 12.
2553 3357 2662 3428 Τῆς
2680 3358 2922 3422 Παλαιᾶς
2958 3361 3052 3413 καὶ
3082 3362 3227 3425 Νέας
3279 3363 3550 3436 Διαθήκης
3587 3366 3656 3420 τὰ
3691 3369 3931 3437 νοήματα

2297 3483 2339 3541 C
2371 3452 2429 3541 tv
2595 3451 2840 3522 καρδίαις
2874 3451 3068 3506 αὐτῶν.
3101 3454 3288 3524 Ὅμως
3315 3454 3372 3508 δὲ
3392 3455 3466 3524 (2)
3488 3455 3662 3520 ἄλλως
3703 3461 3927 3510 νοεῖταιο

2374 3539 2500 3613 [ὅτι]
2527 3534 2602 3595 ὧν
2628 3542 2693 3595 τὰ
2722 3543 3032 3614 χαρίσματα
3052 3543 3144 3596 τοῦ
3178 3544 3331 3612 ἁγίου
3377 3545 3695 3616 Πνεῦματος
3736 3549 3796 3601 ἐν
3819 3551 3928 3612 ταῖς

2367 3635 2549 3704 χερσὶν
2580 3634 2964 3698 αὑτῶν.”οσοις
2989 3635 3096 3707 γὰρ
3118 3635 3392 3707 ἐπέθηκαν
3417 3637 3516 3701 τὰς
3537 3642 3726 3710 χεῖρας
3754 3641 3928 3712 χρείαν

2368 3724 2616 3795 ἔχουσιν,
2647 3725 2846 3779 ἐδίδουν
2906 3729 3084 3790 αὐτοῖς
3116 3726 3338 3797 Πνεῦμα
3393 3729 3578 3796 ἆγιον·
3645 3731 3741 3784 καὶ
3793 3733 3928 3794 ὅσοις

2367 3815 2666 3889 ἀρρώστοις
2712 3818 2992 3872 ἐπετίθουν
3026 3820 3123 3882 τὰς
3149 3822 3355 3889 χεῖρας,
3389 3821 3542 3872 ἰῶντο
3587 3821 3803 3885 αὐτούς.
3854 3821 3928 3874 Τὰ

2365 3908 2473 3980 γὰρ
2498 3909 2682 3981 πάθη,
2722 3911 2966 3963 τουτέστι
3006 3911 3103 3973 τὰς
3145 3911 3393 3973 ἐναντίας
3420 3910 3701 3981 δυνάμεις,
3753 3912 3927 3966 ἐθανά-

2365 4019 2489 4055 τουν
2513 4005 2579 4074 τῇ
2609 4003 2834 4074 δυνάμει
2865 4003 2959 4056 τοῦ
2991 4004 3145 4072 ἁγίου
3169 4006 3502 4078 Πνεύματος.

2437 4093 2523 4146 15.
2552 4093 2657 4145 Τοῦ
2707 4092 3066 4163 ἐλευθερῶσαι
3103 4093 3166 4147 τὰ
3217 4094 3344 4166 ἔθνη
3403 4095 3510 4147 ἀπὸ
3539 4095 3648 4148 τῶν
3682 4096 3924 4149 ἐναντίων

2365 4183 2641 4254 δυνάμεων
2661 4185 2768 4238 τῶν
2790 4186 2850 4238 τὸ
2866 4186 2970 4257 πρό
2981 4203 3125 4257 τερον
3147 4186 3721 4241 καταδυναστευόντων
3737 4185 3921 4239 αὐτῶν.

2436 4278 2520 4330 14.
2558 4279 2662 4331 Τοῦ
2694 4278 2905 4345 ἐλέγξαι
2942 4281 2999 4331 ἐν
3030 4282 3139 4342 τοῖς
3169 4279 3313 4342 λαοῖς
3347 4278 3423 4348 (5)
3468 4277 3813 4350 τὴν⁹τόλμαν
3834 4279 3922 4331 αὑ-

2366 4369 2492 4432 τῶν,
2527 4371 2622 4440 τὴν
2654 4369 2792 4422 κατὰ
2825 4369 2918 4422 τοῦ
2951 4370 3085 4422 Θεοῦ
3124 4370 3516 4441 γεγενημένην.

2441 4461 2526 4514 15.
2553 4460 2657 4514 Τοῦ
2687 4461 2844 4531 δῆσαι
2878 4463 3001 4521 τοὺς
3052 4461 3312 4533 δαίμονας
3368 4463 3495 4526 τοὺς
3555 4461 3924 4532 βασιλεύοντας

2367 4550 2542 4604 αὐτῶν
2570 4552 2656 4604 διὰ
2681 4551 2778 4621 τῆς
2802 4552 3092 4622 ἁμαρτίας.

2441 4640 2524 4693 16.
2557 4641 2764 4710 Tac”)
2794 4641 2966 4712 ἀρχὰς
3007 4642 3100 4693 καὶ
3147 4642 3245 4706 τὰς
3293 4641 3542 4706 ἐξουσίας
3591 4642 3687 4696 τοῦ
3745 4642 3923 4714 ἐχθροῦ

2366 4731 2580 4800 δεσμοῖς
2607 4731 2796 4795 ἀϊδίοις
2830 4733 2933 4785 ὑπὸ
2960 4731 3121 4802 ζόφου
3167 4731 3492 4805 παρέδωκαν
3528 4734 3812 4806 τηρεῖσθαι
3855 4737 3926 4798 είς

2293 4839 2336 4892 ι)
2363 4825 2574 4899 ἡμέραν
2606 4823 2856 4896 κρίσεως.

2437 4923 2524 4987 17,
2560 4923 2645 4978 18.
2673 4922 2779 4974 Τοῦ
2814 4923 2983 4974 ποιεῖν
3028 4921 3104 4994 (5)
3147 4923 3201 4974 ἐν
3232 4923 3346 4986 τοῖς
3390 4921 3542 4988 λαοῖς
3573 4924 3671 4978 καὶ
3722 4926 3780 4977 ἐν
3828 4925 3926 4984 τοῖς

2367 5015 2570 5068 ἔθνεσιν
2600 5013 2893 5085 ἐκδίκησιν.

1605 5389 1904 5451 Addenda
1942 5396 2004 5450 et
2036 5388 2420 5468 Corrigenda
2467 5407 2545 5452 ex
2593 5397 2728 5454 cod.
2780 5391 2981 5454 Vatic.

775 5534 848 5600 (1)
884 5533 992 5587 Καὶ
1021 5534 1142 5604 ἐμοὶ
1176 5533 1250 5607 μὴ
1287 5535 1370 5606 εἴη
1400 5534 1720 5605 καυχᾶσθαι,
1757 5538 1804 5589 εί
1836 5539 1934 5608 μή,
1956 5547 2083 5604 etc.;
2131 5541 2256 5595 mel.

705 5617 852 5738 suis)
884 5674 949 5725 "0
996 5691 1069 5736 ως
1099 5674 1192 5726 καὶ
1217 5673 1389 5739 ἄλλως
1415 5675 1630 5744 νοητέον
1671 5678 1738 5730 τὰ
1775 5679 1936 5748 χαρίσ
1982 5696 2116 5738 ατα.
2154 5690 2255 5735 ctc.

708 5743 888 5796 Ὄσοις
912 5692 1018 5796 γῖο
1045 5743 1139 5796 ἐὰν
1169 5745 1464 5796 ἐπέθηκαν.
1493 5757 1598 5796 etc.
1633 5746 1712 5796 Τὰ
1727 5749 1834 5796 γὰο
1860 5697 2002 5796 πάδη
2037 5751 2255 5796 ἔκοπτον

708 5743 888 5819 ’ςοσοις
912 5743 1018 5819 γαρ
1045 5743 1139 5819 ὲὸιν
1169 5745 1464 5819 ἐπέθηκαν,
1493 5743 1598 5819 etc.
1633 5743 2002 5819 Thaemon
2037 5751 2260 5805 ἔκοπτον

704 5813 797 5860 ἀπ’
828 5812 1024 5877 αὐτῶν,
1053 5815 1151 5878 τὰς
1175 5815 1229 5868 δὲ
1254 5812 1508 5880 ποιούσας
1537 5816 1606 5870 τὰ
1628 5812 2256 5889 πάθηζτουτέστινβιο,

2363 5539 2675 5617 ἐθανὰτουν-
2699 5539 2790 5617 τοῦ
2849 5540 3005 5617 ᾁγίου
3036 5541 3351 5617 ῌνεύματος
3375 5546 3442 5615 τῇ
3477 5544 3728 5617 δυνάμει.

2434 5612 2512 5678 (5)
2543 5613 2704 5674 Λαοῖς
2722 5610 2830 5663 τῶν
2867 5610 3152 5672 Ἰουδαίων,
3187 5610 3298 5665 etc.

2433 5681 2508 5754 (1)
2539 5682 2648 5754 ἐξα).
2682 5683 2801 5754 τὰς,
2818 5690 2919 5737 etc.
2952 5683 3056 5734 ὑπὸ
3076 5683 3234 5754 ζόφον
3257 5683 3604 5754 παρέδωκεν,
3628 5695 3733 5738 etc.

2434 5751 2648 5824 (5)_To§
2686 5751 2927 5821 ποιῆσαι,
2963 5762 3067 5808 etc.
3104 5751 3381 5824 ἐκδίκησιν
3434 5761 3582 5807 κατὰ
3633 5756 3739 5809 τῶν
3782 5755 3918 5808 ὲναν·

2362 5821 2490 5874 τίων
2515 5821 2815 5891 δυνάμεων.
