4142 6464
198 438 337 496 1341

611 558 749 614 Ἀλλ
758 559 985 628 ηλούτα.
1021 560 1196 617 ΨΑΛ.
1229 564 1360 617 PN'.

268 648 322 703 1.
358 647 562 701 Αἰνεῖτε
597 648 685 703 τὸν
708 648 838 701 Θεὸν
863 650 920 700 ὲν
952 650 1063 713 τοῖς
1088 651 1265 718 ἁγίοις
1286 653 1448 705 αὑτοῦ
1468 670 1485 685 ο

265 737 320 791 2.
340 740 542 791 Αἰνεῖτε
566 739 726 793 αὑτὸν
748 742 805 792 ὲν
822 757 910 792 στε
921 738 1025 809 ρεὼ
1032 758 1158 811 ματι
1175 745 1272 812 τῆς
1286 743 1563 815 δυνάμεως
1580 746 1763 800 αὑτοῦ.

264 829 316 883 5.
344 831 549 883 Αἰνεῖτε
574 831 735 883 αὑτὸν
758 832 848 884 ὲπὶ
876 833 995 894 ταῖς
1022 832 1362 898 δυναστείαις
1388 836 1552 889 αὐτοῦ
1573 850 1587 865 ο

265 920 318 974 4.
350 923 554 975 Αἰνεῖτε
593 923 753 976 αὐτὸν
786 922 1005 977 κατὰτὸ
1039 924 1237 996 πλῆθος
1266 927 1364 998 τῆς
1398 928 1767 999 μεγαλοσύνης

192 1011 386 1067 αὐτοῦ.

266 1105 321 1159 5.
350 1106 556 1158 Αἰνεῖτε
584 1105 746 1159 αὑτὸν
766 1106 824 1158 ὲν
849 1106 965 1177 ήχῳ
993 1106 1310 1175 σάλπιγγος’

264 1197 319 1250 6.
350 1197 559 1248 Αἰνεῖτε
588 1197 751 1249 αὐτὸν
774 1199 830 1249 ἐν
855 1197 1136 1269 ψαλτηρίῳ
1159 1200 1253 1251 καὶ
1284 1199 1503 1270 κιθάρᾳ.

267 1285 318 1339 7.
345 1286 553 1339 Αἰνεῖτε
584 1287 746 1341 αὑτὸν
772 1290 830 1341 ὲν
860 1289 1127 1359 τυμπάνῳ
1151 1290 1244 1344 καὶ
1266 1291 1409 1362 χορῷ
1429 1307 1442 1320 ⁸

266 1377 318 1432 8.
349 1378 556 1431 Αἰνεῖτε
584 1379 745 1433 αὐτὸν
780 1381 838 1432 ἐν
859 1380 1074 1451 χορδαῖς
1108 1384 1201 1435 καὶ
1228 1383 1462 1453 ὀργάνῳ.

267 1465 320 1521 9.
346 1468 555 1522 Αἰνεῖτε
587 1469 750 1522 αὑτὸν
777 1471 833 1522 ὲν
864 1469 1166 1539 κυμϐάλοις
1194 1472 1436 1541 εὑήχοις·

270 1553 355 1611 10.
383 1557 592 1610 Αἰνεῖτε
623 1558 784 1612 αὑτὸν
816 1559 874 1611 ὲν
896 1558 1196 1630 κυμϐάλοις
1216 1559 1553 1632 ἀλαλαγμοῦ.

1152 440 1241 495 DE
1279 441 1560 501 TITULIS
1603 443 2051 503 PSALMORUM.
2094 476 2166 487 —
2196 445 2392 502 PSAL.
2436 446 2542 502 CL.

1793 570 1843 629 Α

3305 448 3440 507 ιειε

2308 563 2573 634 unum.
2629 562 2829 621 PSAL.
2883 565 2988 625 CL.

1943 654 1995 708 1.
2052 651 2289 707 Laudate
2326 651 2615 707 Dominum
2644 654 2698 707 in
2728 656 2930 710 sanctis
2957 655 3075 726 ejus
3109 675 3123 711 :

1937 745 1997 799 2.
2037 744 2281 800 Laudate
2309 760 2431 799 eum
2462 746 2514 799 in
2555 745 2899 802 ﬁrmamento
2925 748 3139 803 virtutis
3168 749 3309 819 ejus.

1945 836 1997 888 '5.
2041 833 2284 889 Laudate
2314 850 2437 889 eum
2470 835 2525 889 in
2554 836 2852 892 virtutibus
2881 839 2998 907 ejus
3030 856 3043 892 :

1946 927 1996 980 4.
2042 926 2283 982 Laudate
2332 943 2457 982 eum
2516 929 2817 984 secundum
2870 930 3276 988 multitudinem
3324 948 3441 987 ma-

1875 1018 2177 1087 gnitudinis
2222 1018 2363 1087 ejus.

1945 1108 1995 1162 5.
2040 1107 2281 1162 Laudate
2314 1123 2439 1163 eum
2482 1110 2537 1163 in
2564 1125 2700 1166 sono
2730 1111 2873 1166 tubae
2903 1130 2919 1167 :

1944 1199 1996 1252 6.
2038 1197 2277 1253 Laudate
2306 1213 2433 1253 eum
2464 1200 2518 1254 in
2564 1201 2820 1271 psalterio
2851 1213 2904 1257 et
2938 1203 3171 1262 cithara.

1947 1287 1998 1342 7.
2040 1287 2281 1344 Laudate
2314 1304 2438 1343 eum
2471 1290 2527 1344 in
2571 1300 2827 1363 tympano
2849 1303 2903 1348 et
2928 1294 3095 1349 choro
3127 1314 3143 1350 :

1943 1379 1997 1434 8.
2038 1379 2280 1437 Laudate
2307 1397 2432 1437 eum
2478 1384 2533 1438 in
2566 1384 2788 1440 chordis
2818 1396 2872 1441 ct
2903 1402 3128 1457 organo.

1943 1470 1997 1526 9.
2037 1471 2281 1528 Laudate
2307 1488 2431 1527 eum
2458 1473 2513 1527 in
2544 1476 2815 1545 cymbalis
2839 1477 3340 1533 benesonantibus:

1944 1563 2032 1619 10.
2072 1562 2315 1621 Laudate
2341 1581 2464 1621 eum
2498 1566 2553 1621 in
2579 1567 2849 1638 cymbalis
2877 1568 3242 1640 jubilationis.

1309 1737 1679 1794 ATllANASll
1718 1739 2318 1800 INTERPRETATIO.

263 1883 640 1958 Interprelalio
663 1930 681 1955 ,
713 1905 803 1943 seu
846 1891 1107 1959 expositio
1152 1892 1324 1946 ultimi
1352 1893 1547 1961 psalmi
1582 1895 1726 1951 deest
1768 1898 1824 1950 in
1864 1898 2044 1953 codice
2082 1899 2399 1957 Barberino.

813 2047 959 2099 ΨΛΛ
974 2087 986 2099 .
1018 2048 1149 2099 PN'.

276 2135 342 2188 Ἦ
366 2138 702 2209 προκειμένη
745 2138 1025 2210 ἐπιγραφὴ
1056 2141 1089 2209 ἡ
1125 2137 1212 2191 διὰ
1256 2139 1355 2210 τῆς
1400 2139 1771 2211 κινναϐάρεως

2477 2054 2685 2112 PSAL.
2728 2055 2837 2111 CL.

1941 2141 2157 2200 Titulus
2188 2146 2516 2216 prazpositus
2554 2148 2838 2203 cinnabari
2882 2148 3124 2218 scriptus
3164 2152 3443 2206 continet:

190 2226 466 2300 περιέχει’
501 2228 858 2297 Ἀμηλούτα
883 2268 896 2293 ,
952 2228 1027 2291 ὡς
1076 2230 1416 2302 προείρηκα,
1466 2230 1561 2283 καὶ
1609 2230 1772 2284 πάλιν

1886 2234 2128 2301 Alleluia,
2180 2246 2239 2291 ut
2271 2247 2427 2293 antea
2469 2238 2603 2305 dixi,
2650 2249 2704 2295 et
2743 2240 2940 2295 iterum
2970 2241 3094 2297 dico
3136 2258 3151 2297 :
3184 2240 3446 2313 Laudate,

191 2316 367 2387 λέγω·
394 2321 700 2383 Αἰνέσατε,
736 2318 1048 2389 ὐμνήσατε
1078 2321 1185 2373 τὸν
1211 2319 1355 2373 ὄντα
1392 2322 1559 2375 Θεόν.

265 2412 318 2464 1.
348 2413 555 2464 Αἰνεῖτε
571 2411 663 2464 τὸν
683 2411 814 2464 Θεὸν
840 2414 898 2465 ὲν
929 2414 1040 2475 τοῖς
1066 2412 1237 2479 ἁγίοις
1264 2411 1449 2466 αὐτοῦ.

261 2501 470 2553 Αἰνεῖτε
516 2501 608 2553 τὸν
660 2501 791 2554 Θεὸν
838 2503 896 2553 ὲν
948 2504 1061 2563 τοῖς
1102 2501 1279 2568 ἁγίοις
1318 2501 1480 2554 αὑτοῦ
1512 2542 1527 2567 ,
1573 2502 1667 2554 καὶ
1715 2502 1773 2555 ὲν

193 2594 306 2654 τοῖς
330 2591 505 2659 ἁγίοις
536 2593 956 2664 προστάγμασιν
989 2592 1177 2645 αὐτοῦ.

261 2683 317 2736 2.
345 2686 551 2736 Αἰνεῖτε
567 2685 729 2738 αὐτὸν
748 2686 805 2738 ἐν
822 2683 1160 2756 στερεώματι
1175 2684 1273 2754 τῆς
1287 2684 1563 2756 δυνάμεως
1585 2683 1771 2738 αὐτοῦ.

278 2777 367 2829 Ἐν
395 2779 459 2849 τῇ
496 2776 676 2831 πίστει
718 2778 817 2849 τῆς
840 2777 1061 2849 χάριτος
1090 2775 1279 2829 αὑτοῦ.

261 2868 318 2922 5.
350 2870 555 2922 Αἰνεῖτε
584 2869 745 2922 αὑτὸν
774 2870 865 2922 ἐπὶ
892 2872 1012 2933 ταῖς
1035 2868 1375 2930 δυναστείαις
1399 2867 1565 2921 αὐτοῦ
1586 2881 1602 2898 ·

278 2960 369 3013 Ἐν
392 2963 507 3025 τοῖς
532 2960 848 3031 παθήμασιν
870 2961 1058 3015 αὑτοῦ.

265 3052 320 3106 4.
352 3054 557 3107 Αἰνεῖτε
579 3054 739 3108 αὐτὸν
763 3054 903 3107 κατὰ
934 3053 996 3105 τὸ
1028 3052 1230 3123 πλῆθος
1261 3052 1361 3124 τῆς
1391 3052 1777 3125 μεγαλωσύνης

193 3143 384 3197 αὑτοῦ.

267 3234 463 3299 Καθὼς
494 3234 751 3305 ἀνίκητος
774 3236 1040 3307 ὑπάρχεις
1073 3235 1175 3305 (ιι).

267 3328 323 3383 5.
348 3328 556 3381 Αἰνεῖτε
581 3326 741 3380 αὐτὸν
766 3327 822 3379 ὲν
846 3328 964 3398 ἧχῳ
1000 3328 1300 3398 σάλπιγγος
1319 3345 1334 3359 ’

279 3420 369 3472 Ἐν
398 3418 475 3489 τῷ
497 3420 810 3490 κηρύγματι
832 3418 1019 3473 αὐτοῦ.

268 3510 324 3564 6.
348 3512 555 3564 Αἰνεῖτε
584 3510 745 3563 αὐτὸν
774 3512 831 3562 ὲν
858 3509 1147 3581 ψαλτηρίῳ
1182 3509 1274 3563 καὶ
1305 3506 1526 3577 κιθάρᾳ.

279 3600 373 3654 Ἐν
401 3604 469 3671 τῇ
495 3600 676 3671 χάριτι
700 3598 792 3652 τοῦ
817 3598 1128 3667 Πνεῦματος
1157 3595 1251 3649 τοῦ
1277 3596 1433 3665 ἁγίου
1477 3594 1775 3666 ἀνυμνοῦν-

1872 2327 2081 2396 hymnis
2116 2328 2372 2383 celebrate
2396 2328 2585 2391 Deum.
2610 2333 2700 2400 qui
2727 2344 2829 2386 est.

1888 2458 1889 2461 η
1944 2420 1996 2476 1.
2036 2418 2279 2476 Laudate
2311 2421 2482 2477 Deum
2512 2422 2564 2476 in
2595 2424 2804 2478 sanctis
2836 2422 2955 2493 ejus
2992 2441 3006 2477 :

1942 2507 2184 2564 Laudate
2212 2510 2382 2566 Deum
2416 2514 2471 2567 in
2502 2515 2711 2570 sanctis
2743 2515 2886 2584 ejus,
2917 2523 2973 2569 et
2997 2514 3051 2568 in
3078 2525 3283 2571 sanctis
3312 2532 3449 2587 prae-

1873 2604 2047 2672 ceptis
2072 2603 2214 2673 ejus.

1942 2694 1999 2749 2.
2038 2694 2280 2750 Laudate
2306 2711 2433 2750 eum
2460 2696 2513 2751 in
2539 2697 2891 2753 ﬁrmamento
2920 2698 3139 2756 virtutis
3165 2700 3306 2770 ejus.

1943 2785 2001 2840 ιιι
2042 2789 2147 2841 ﬁde
2181 2788 2474 2845 charitatis
2506 2790 2647 2861 ejus.

1944 2882 1999 2939 3.
2037 2882 2281 2938 Laudate
2310 2899 2439 2939 eum
2486 2886 2542 2939 in
2576 2886 2871 2942 virtutibus
2900 2886 3064 2956 ejus:

1944 2975 2004 3029 ln
2042 2975 2394 3044 passionibus
2430 2976 2569 3047 ejus.

1944 3064 1999 3119 1.
2040 3063 2285 3121 Laudate
2317 3081 2444 3121 eum
2481 3068 2782 3123 secundum
2812 3068 3217 3125 multitudinem
3245 3071 3453 3143 magni-

1877 3154 2082 3210 tudinis
2103 3155 2245 3225 ejus.

1946 3247 2084 3303 Cun
2126 3248 2464 3304 invincibilis
2499 3248 2588 3304 sit.

1948 3340 2002 3395 5.
2043 3338 2285 3395 Laudate
2314 3354 2440 3394 eum
2469 3340 2523 3393 in
2562 3353 2699 3394 sono
2733 3339 2921 3393 tubae:

1801 3412 1844 3469 (ἶ
1945 3428 2005 3485 1η
2049 3430 2438 3511 praedicatione
2467 3430 2610 3499 ejus.

1943 3518 1997 3573 6.
2039 3517 2284 3575 Laudate
2310 3533 2437 3574 eum
2479 3518 2533 3572 in
2568 3518 2832 3588 psalterio
2858 3526 2912 3572 et
2937 3516 3170 3572 cithara-

1946 3610 2002 3666 ln
2027 3612 2204 3681 gratia
2235 3610 2475 3680 Spiritus
2508 3609 2685 3664 sancti
2724 3609 3008 3665 laudantes
3036 3624 3161 3664 eum
3188 3608 3246 3663 in
3269 3608 3456 3674 corde.

193 3708 292 3757 τες
338 3692 498 3745 αὑτὸν
550 3692 607 3744 ὲν
639 3691 705 3759 τῇ
746 3689 962 3760 καρδία,
1000 3688 1094 3741 καὶ
1142 3690 1209 3760 τῇ
1253 3686 1493 3758 γλώσσῃ,
1541 3688 1775 3749 καὶτοῖς

1886 3713 1927 3760 et
1954 3705 2166 3776 lingua,
2190 3714 2241 3759 et
2274 3704 2435 3760 labiis
2460 3704 2678 3761 vestris.

194 3786 433 3859 χείλεσιν
466 3783 639 3855 ὑμῶν.

269 3879 326 3931 7.
355 3879 561 3930 Αἰνεῖτε
591 3874 751 3929 αὑτὸν
779 3876 836 3926 ὲν
862 3871 1128 3943 τυμπάνῳ
1159 3872 1252 3923 καὶ
1290 3871 1464 3941 χόρῳ·

270 3968 350 4039 Τῇ
383 3964 647 4036 νεκρώσει
683 3963 881 4025 παντὸς
915 3961 1009 4014 τοῦ
1049 3962 1299 4031 σώματος
1330 3960 1485 4031 ὑμῶν
1539 3960 1776 4029 ἁνυμῖῖῆ-

200 4073 336 4111 σατε
371 4055 549 4107 αὐτόν.

274 4148 329 4202 8.
355 4147 561 4198 Αἰνεῖτε
589 4143 748 4197 αὐτὸν
775 4144 832 4195 ὲν
862 4142 1079 4213 χορδαῖς
1101 4141 1196 4193 καὶ
1230 4139 1465 4211 ὀργάνῳ.

273 4237 497 4309 Χορδαὶ,
544 4233 871 4306 λογίζομαι,
908 4233 1076 4304 νεῦρά
1124 4235 1260 4298 ἐστι,
1313 4231 1434 4283 καθ’
1461 4230 1630 4285 ἑαυτὰ
1681 4230 1779 4300 μὲν

202 4329 379 4401 νεκρὰ
432 4330 579 4391 ὄντα,
644 4328 738 4381 καὶ
780 4325 1147 4395 ἀωδεδεμένα
1194 4327 1249 4376 ὲν
1307 4323 1445 4392 ξύλῳ
1508 4323 1648 4375 τινίο
1699 4340 1782 4374 κι-

201 4424 442 4496 νούμενα
473 4423 529 4475 δὲ
556 4421 659 4474 ὑπό
689 4438 832 4482 τινος
868 4419 976 4472 τῶν
1021 4417 1298 4489 τεχνιτῶν,
1355 4415 1536 4486 φωνὴν
1586 4415 1781 4467 ἀποτε-

204 4515 391 4568 λοῦσιν
411 4532 423 4544 ο
456 4514 684 4585 ὄργανον
712 4511 769 4564 δὲ
800 4511 951 4564 αὐλοὶ
976 4508 1319 4578 συγκείμενοί
1348 4510 1473 4571 εἰσι,
1499 4506 1593 4559 καὶ
1621 4504 1783 4575 ἀλλή-

204 4606 319 4668 λοις
345 4603 662 4677 μεταδίδωσι
694 4602 754 4655 τὸ
808 4602 969 4672 μέλος
999 4600 1343 4671 ἐμπνεόμενα
1373 4598 1476 4650 ὑπὸ
1504 4595 1599 4649 τοῦ
1630 4594 1783 4647 πνεύ-

209 4716 401 4771 ματος,
436 4697 595 4767 ἡνίκα
626 4695 806 4765 ἔχουσι
843 4696 969 4758 τοὺς
998 4694 1132 4765 πρὸς
1163 4690 1321 4744 τοῦτο
1342 4690 1536 4754 αὐτοὺς
1570 4686 1782 4741 κινοῦν-

206 4810 327 4862 τας.
360 4792 565 4845 Αἰνεῖτε
598 4785 690 4842 οὖν
720 4787 880 4842 αὐτὸν
908 4790 966 4841 ὲν
991 4790 1109 4849 ταῖς
1135 4784 1369 4847 ἐντολαῖς
1393 4787 1510 4847 ταῖς
1538 4781 1779 4845 λεπταῖς,

207 4884 307 4939 καὶ
339 4883 602 4953 ἰσχυραῖς,
627 4881 720 4934 καὶ
740 4883 858 4944 ταῖς
880 4878 1293 4948 ἀπώεδεμέναις
1314 4879 1379 4947 τῇ
1400 4872 1660 4947 νεκρώσει
1687 4870 1781 4925 τοῦ

210 4975 485 5045 σώματος,
517 4975 608 5028 καί
632 4975 689 5026 ὲν
722 4976 786 5043 τῇ
824 4972 1012 5044 ἀγάπῃ
1046 4972 1111 5041 τῇ
1146 4969 1516 5042 ἐνεργουμένη
1553 4966 1656 5021 ὑπὸ
1686 4965 1780 5019 τοῦ

209 5062 527 5130 Πνεύματος
556 5059 649 5113 τοῦ
691 5060 847 5129 ἁγίου
873 5103 886 5122 ,
923 5061 1015 5113 καὶ
1051 5059 1401 5129 μεταδιδοῦσα
1451 5057 1557 5111 ἀπὸ
1589 5054 1779 5109 τούτου

212 5157 293 5217 εἰς
319 5153 477 5206 τοῦτο
500 5192 515 5217 ,
548 5153 643 5206 καί
677 5150 958 5222 πληροῦσα
1000 5152 1180 5213 πάσας
1228 5148 1363 5219 ὁμοῦ
1397 5147 1493 5211 τὰς
1544 5146 1785 5212 ἐντολὰς,

212 5246 310 5300 καὶ
336 5247 500 5299 πᾶσιν
523 5243 851 5315 ἁκουομένη,
880 5245 929 5296 εἰ
953 5244 1315 5315 διατυγχάνει,
1346 5241 1477 5294 ὼσεί
1498 5239 1590 5294 τοῦ
1623 5239 1786 5310 ὀργά-

211 5354 307 5391 νου
340 5336 490 5406 φωνή
501 5376 514 5388 .

286 5430 338 5484 9.
367 5430 573 5482 Αἰνεῖτε
608 5426 769 5480 αὑτὸν
801 5429 858 5479 ἐν
894 5424 1190 5497 κυμδάλοις
1218 5424 1435 5493 εὐήχοις
1456 5438 1469 5451 ο

299 5522 611 5591 Ἀνυμνεῖτε
634 5519 794 5572 αὐτὸν
811 5521 867 5571 ὲν
882 5520 993 5581 τοῖς
1010 5517 1210 5588 χείλεσι
1228 5514 1320 5567 τοῦ
1342 5512 1587 5583 σώματος
1608 5511 1636 5563 ὑ
1644 5508 1782 5581 μῶν.

291 5612 378 5665 10.
404 5612 614 5665 Αἰνεῖτε
639 5610 799 5663 αὑτὸν
829 5610 885 5662 ἐν
908 5608 1205 5679 κυμόἀλοις
1228 5605 1562 5675 ἀλαλαγμοῦ.

291 5702 401 5756 Καὶ
428 5704 485 5755 ὲν
514 5703 836 5772 στεναγμοῖς
866 5700 1150 5771 ἀλαλήτοις
1173 5699 1271 5769 τῆς
1295 5695 1526 5759 διανοίας
1553 5695 1726 5767 ὑμῶν.

298 5860 371 5935 (ιι)
409 5859 537 5931 ch.
574 5861 825 5932 ὑπάρχει.

1951 3886 2002 3943 7.
2043 3885 2285 3939 Laudate
2316 3897 2439 3937 eum
2465 3882 2519 3935 in
2554 3854 2815 3953 tympano
2839 3890 2893 3936 et
2922 3880 3092 3935 clioro
3126 3897 3141 3934 :

1949 3976 2368 4031 Mortiﬁcatione
2392 3974 2561 4030 totius
2586 3975 2835 4045 corporis
2860 3972 3029 4028 vestri
3061 3969 3281 4026 laudate
3307 3985 3454 4025 eum.

1948 4150 2001 4203 8.
2044 4149 2289 4205 Laudate
2321 4165 2446 4205 eum
2479 4150 2532 4204 in
2562 4148 2783 4204 chordis
2822 4157 2877 4203 et
2908 4162 3136 4218 organo.

1946 4243 2197 4309 Chordae,
2227 4254 2284 4298 ut
2319 4251 2471 4313 puto,
2514 4241 2666 4296 nervi
2700 4249 2827 4296 sunt
2859 4241 2914 4294 in
2964 4255 3023 4295 se
3070 4238 3207 4311 ipsis
3235 4236 3453 4310 quidem

1883 4334 2105 4398 mortui,
2151 4343 2206 4389 ct
2234 4333 2467 4404 colligati
2512 4335 2567 4385 in
2607 4332 2847 4402 quodam
2895 4330 3068 4402 ligno,
3099 4331 3231 4386 moti
3274 4338 3453 4383 autem

1882 4429 1949 4479 αἱ)
1978 4426 2163 4495 aliqua
2194 4424 2370 4494 perito
2400 4422 2612 4478 artiﬁce
2634 4438 2824 4478 vocem
2863 4422 3122 4477 elliciunt.
3179 4417 3453 4490 Organum

1883 4524 2064 4570 autem
2101 4515 2294 4570 ﬁstulae
2336 4523 2635 4584 compacta:
2682 4523 2831 4576 sunt,
2867 4521 2921 4567 et
2961 4512 3191 4567 invicem
3239 4512 3455 4565 harmo-

1886 4611 2030 4663 niam
2062 4608 2316 4663 emittunt
2350 4607 2546 4677 spiritu
2579 4605 2793 4669 inﬂata,
2829 4620 2953 4659 cum
2985 4604 3204 4664 habent,
3248 4603 3337 4672 qui
3361 4617 3455 4655 eas

1887 4703 1952 4756 ad
1985 4701 2035 4754 id
2088 4709 2361 4754 moveant.
2399 4698 2639 4753 Laudate
2686 4698 2851 4766 igitur
2898 4712 3022 4751 eum
3068 4696 3121 4749 in
3171 4692 3455 4765 praeceptis

1889 4790 2223 4852 subtilibus.
2282 4799 2338 4845 et
2381 4790 2598 4851 validis,
2658 4798 2712 4843 et
2772 4787 2996 4859 illigatis
3049 4781 3455 4839 mortillcatiuni

1887 4880 2153 4952 corporis,
2181 4887 2237 4934 et
2279 4880 2333 4933 in
2377 4881 2662 4942 charitate,
2710 4892 2831 4947 qua:
2882 4874 3111 4929 eﬁicitur
3157 4887 3185 4927 a
3247 4869 3454 4942 Spiritu

1889 4984 2095 5037 sancto,
2128 4982 2183 5027 et
2215 4972 2409 5027 tradita
2439 4987 2502 5024 ex
2540 4970 2643 5023 hoc
2677 4970 2729 5022 in
2756 4967 2907 5026 illud.
2937 4976 2992 5021 et
3021 4965 3251 5034 impleas
3272 4962 3452 5017 omnia

1889 5066 2049 5120 simul
2080 5073 2366 5134 praecepta,
2388 5072 2441 5118 et
2465 5062 2532 5116 ab
2554 5060 2811 5115 omnibis
2844 5058 3050 5122 audita,
3076 5058 3121 5110 si
3144 5055 3307 5118 adsit,
3334 5053 3451 5109 vel-
3530 5063 3535 5067 ‘

1893 5170 1951 5213 ut
1984 5158 2175 5228 organi
2208 5171 2334 5214 vox.

1960 5417 2013 5471 9.
2056 5413 2299 5468 Laudate
2328 5428 2451 5467 eum
2484 5413 2537 5465 in
2570 5409 2832 5481 cymbalis
2863 5408 2997 5462 bene
3019 5406 3380 5461 sonantibus:

1963 5503 2205 5560 Laudate
2235 5518 2357 5557 eum
2391 5502 2444 5555 in
2484 5500 2646 5553 labiis
2676 5497 2925 5567 corporis
2953 5496 3140 5554 vestri.

1964 5595 2051 5651 10.
2093 5592 2334 5648 Laudate
2372 5606 2494 5646 eum
2544 5591 2598 5645 in
2626 5589 2887 5661 cymbalis
2914 5586 3276 5659 jubilationis.

1962 5689 2027 5745 Et
2052 5689 2106 5744 in
2143 5686 2432 5758 gemitibus
2462 5683 2915 5739 ineuarrabilibus
2949 5687 3146 5738 mentis
3172 5688 3384 5736 vestrm.
