  <div class='ocr_page' id='page_1' title='image "/cluster/home/n/w/nwhite01/storage/ocr_20150623/27/uva.x030474749/681.png"; bbox 0 0 4142 6486; ppageno 0'>
   <div class='ocr_carea' id='block_1_1' title="bbox 714 449 849 504">
    <p class='ocr_par' dir='ltr' id='par_1_1' title="bbox 714 449 849 504">
     <span class='ocr_line' id='line_1_1' title="bbox 714 449 849 504; baseline 0 -2"><span class='ocrx_word' id='word_1_1' title='bbox 714 449 849 504; x_wconf 72' lang='grc'><strong>1543</strong></span> 
     </span>
    </p>
   </div>
   <div class='ocr_carea' id='block_1_2' title="bbox 785 559 1905 633">
    <p class='ocr_par' dir='ltr' id='par_1_2' title="bbox 785 559 1905 633">
     <span class='ocr_line' id='line_1_2' title="bbox 785 559 1905 633; baseline -0.007 -11"><span class='ocrx_word' id='word_1_2' title='bbox 785 567 868 626; x_wconf 74' lang='lat' dir='ltr'><strong>ll.</strong></span> <span class='ocrx_word' id='word_1_3' title='bbox 908 565 1096 621; x_wconf 86' lang='lat' dir='ltr'><strong>Om:.is</strong></span> <span class='ocrx_word' id='word_1_4' title='bbox 1129 563 1350 633; x_wconf 79' lang='lat' dir='ltr'><strong>spiritus</strong></span> <span class='ocrx_word' id='word_1_5' title='bbox 1387 562 1568 615; x_wconf 84' lang='lat' dir='ltr'><strong>laudet</strong></span> <span class='ocrx_word' id='word_1_6' title='bbox 1595 559 1905 614; x_wconf 88' lang='lat' dir='ltr'><strong>Dominum.</strong></span> 
     </span>
    </p>
   </div>
   <div class='ocr_carea' id='block_1_3' title="bbox 1562 419 3098 495">
    <p class='ocr_par' dir='ltr' id='par_1_3' title="bbox 1562 419 3098 495">
     <span class='ocr_line' id='line_1_3' title="bbox 1562 419 3098 495; baseline -0.002 0"><span class='ocrx_word' id='word_1_7' title='bbox 1562 442 1618 495; x_wconf 91' lang='lat' dir='ltr'><strong>s.</strong></span> <span class='ocrx_word' id='word_1_8' title='bbox 1661 439 2032 494; x_wconf 79' lang='lat' dir='ltr'><strong>ATIIANASII</strong></span> <span class='ocrx_word' id='word_1_9' title='bbox 2066 439 2213 494; x_wconf 74' lang='lat' dir='ltr'><strong>opp.</strong></span> <span class='ocrx_word' id='word_1_10' title='bbox 2257 438 2435 492; x_wconf 79' lang='lat' dir='ltr'><strong>PARS</strong></span> <span class='ocrx_word' id='word_1_11' title='bbox 2467 437 2552 493; x_wconf 91' lang='grc' dir='ltr'><strong>ιιι.</strong></span> <span class='ocrx_word' id='word_1_12' title='bbox 2589 468 2657 476; x_wconf 90' lang='grc'><strong>-</strong></span> <span class='ocrx_word' id='word_1_13' title='bbox 2697 419 3098 492; x_wconf 57' lang='lat' dir='ltr'><strong>ductarius.</strong></span> 
     </span>
    </p>
   </div>
   <div class='ocr_carea' id='block_1_4' title="bbox 3811 446 3930 500">
    <p class='ocr_par' dir='ltr' id='par_1_4' title="bbox 3811 446 3930 500">
     <span class='ocr_line' id='line_1_4' title="bbox 3811 446 3930 500; baseline 0.008 -1"><span class='ocrx_word' id='word_1_14' title='bbox 3811 446 3930 500; x_wconf 70' lang='lat'><strong>13“</strong></span> 
     </span>
    </p>
   </div>
   <div class='ocr_carea' id='block_1_5' title="bbox 2451 555 3544 634">
    <p class='ocr_par' dir='ltr' id='par_1_5' title="bbox 2451 555 3544 634">
     <span class='ocr_line' id='line_1_5' title="bbox 2451 555 3544 634; baseline 0.001 -21"><span class='ocrx_word' id='word_1_15' title='bbox 2451 561 2533 613; x_wconf 81' lang='grc' dir='ltr'><strong>Η.</strong></span> <span class='ocrx_word' id='word_1_16' title='bbox 2571 561 2722 612; x_wconf 72' lang='grc' dir='ltr'>Πᾶσα</span> <span class='ocrx_word' id='word_1_17' title='bbox 2753 561 2886 629; x_wconf 78' lang='grc' dir='ltr'>πνοὴ</span> <span class='ocrx_word' id='word_1_18' title='bbox 2920 562 3186 613; x_wconf 76' lang='grc' dir='ltr'>αἰνεσάτῶ</span> <span class='ocrx_word' id='word_1_19' title='bbox 3204 555 3298 612; x_wconf 74' lang='grc' dir='ltr'><strong>τὸν</strong></span> <span class='ocrx_word' id='word_1_20' title='bbox 3321 561 3544 634; x_wconf 83' lang='grc' dir='ltr'>Κυριον.</span> 
     </span>
    </p>
   </div>
   <div class='ocr_carea' id='block_1_6' title="bbox 1828 690 2827 746">
    <p class='ocr_par' dir='ltr' id='par_1_6' title="bbox 1828 690 2827 746">
     <span class='ocr_line' id='line_1_6' title="bbox 1828 690 2827 746; baseline 0 -2"><span class='ocrx_word' id='word_1_21' title='bbox 1828 691 2200 746; x_wconf 76' lang='lat' dir='ltr'><strong>ATllANASll</strong></span> <span class='ocrx_word' id='word_1_22' title='bbox 2247 690 2827 746; x_wconf 70' lang='lat' dir='ltr'><strong>INTERPRETATIO.</strong></span> 
     </span>
    </p>
   </div>
   <div class='ocr_carea' id='block_1_7' title="bbox 791 804 1924 876">
    <p class='ocr_par' dir='ltr' id='par_1_7' title="bbox 791 804 1924 876">
     <span class='ocr_line' id='line_1_7' title="bbox 791 804 1924 876; baseline -0.004 -13"><span class='ocrx_word' id='word_1_23' title='bbox 791 812 867 863; x_wconf 84' lang='lat' dir='ltr'><strong>ll.</strong></span> <span class='ocrx_word' id='word_1_24' title='bbox 907 805 1098 864; x_wconf 86' lang='lat' dir='ltr'>Omnis</span> <span class='ocrx_word' id='word_1_25' title='bbox 1131 807 1355 876; x_wconf 80' lang='lat' dir='ltr'><strong>spiritus</strong></span> <span class='ocrx_word' id='word_1_26' title='bbox 1399 805 1581 860; x_wconf 79' lang='lat' dir='ltr'><strong>laudet</strong></span> <span class='ocrx_word' id='word_1_27' title='bbox 1611 804 1924 860; x_wconf 82' lang='lat' dir='ltr'><strong>Dominum.</strong></span> 
     </span>
    </p>
   </div>
   <div class='ocr_carea' id='block_1_8' title="bbox 782 895 2277 968">
    <p class='ocr_par' dir='ltr' id='par_1_8' title="bbox 782 895 2277 968">
     <span class='ocr_line' id='line_1_8' title="bbox 782 895 2277 968; baseline -0.004 -14"><span class='ocrx_word' id='word_1_28' title='bbox 782 899 999 954; x_wconf 74' lang='lat' dir='ltr'><strong>Psallite</strong></span> <span class='ocrx_word' id='word_1_29' title='bbox 1032 899 1247 968; x_wconf 78' lang='lat' dir='ltr'><strong>spiritu,</strong></span> <span class='ocrx_word' id='word_1_30' title='bbox 1283 896 1494 966; x_wconf 88' lang='lat' dir='ltr'><strong>psallite</strong></span> <span class='ocrx_word' id='word_1_31' title='bbox 1535 906 1587 949; x_wconf 88' lang='lat' dir='ltr'><strong>et</strong></span> <span class='ocrx_word' id='word_1_32' title='bbox 1616 905 1816 957; x_wconf 89' lang='lat' dir='ltr'><strong>mente,</strong></span> <span class='ocrx_word' id='word_1_33' title='bbox 1855 896 1956 950; x_wconf 93' lang='lat' dir='ltr'><strong>hoc</strong></span> <span class='ocrx_word' id='word_1_34' title='bbox 2003 905 2084 949; x_wconf 90' lang='lat' dir='ltr'><strong>est</strong></span> <span class='ocrx_word' id='word_1_35' title='bbox 2109 895 2277 966; x_wconf 74' lang='lat' dir='ltr'><strong>glori-</strong></span> 
     </span>
    </p>
   </div>
   <div class='ocr_carea' id='block_1_9' title="bbox 713 988 1925 1057">
    <p class='ocr_par' dir='ltr' id='par_1_9' title="bbox 713 988 1925 1057">
     <span class='ocr_line' id='line_1_9' title="bbox 713 988 1925 1057; baseline -0.003 -13"><span class='ocrx_word' id='word_1_36' title='bbox 713 992 866 1046; x_wconf 88' lang='lat' dir='ltr'><strong>tieate</strong></span> <span class='ocrx_word' id='word_1_37' title='bbox 895 990 1061 1044; x_wconf 90' lang='lat' dir='ltr'><strong>Deum</strong></span> <span class='ocrx_word' id='word_1_38' title='bbox 1100 998 1151 1042; x_wconf 94' lang='lat' dir='ltr'><strong>et</strong></span> <span class='ocrx_word' id='word_1_39' title='bbox 1177 988 1357 1042; x_wconf 87' lang='lat' dir='ltr'><strong>anima</strong></span> <span class='ocrx_word' id='word_1_40' title='bbox 1386 997 1437 1041; x_wconf 94' lang='lat' dir='ltr'><strong>et</strong></span> <span class='ocrx_word' id='word_1_41' title='bbox 1467 1002 1696 1057; x_wconf 83' lang='lat' dir='ltr'><strong>corpore</strong></span> <span class='ocrx_word' id='word_1_42' title='bbox 1727 995 1925 1040; x_wconf 87' lang='lat' dir='ltr'><strong>vestro.</strong></span> 
     </span>
    </p>
   </div>
   <div class='ocr_carea' id='block_1_10' title="bbox 2452 806 3561 882">
    <p class='ocr_par' dir='ltr' id='par_1_10' title="bbox 2452 806 3561 882">
     <span class='ocr_line' id='line_1_10' title="bbox 2452 806 3561 882; baseline 0.005 -24"><span class='ocrx_word' id='word_1_43' title='bbox 2452 806 2536 858; x_wconf 80' lang='grc' dir='ltr'><strong>Η.</strong></span> <span class='ocrx_word' id='word_1_44' title='bbox 2573 807 2730 860; x_wconf 75' lang='grc' dir='ltr'>Πᾶσα</span> <span class='ocrx_word' id='word_1_45' title='bbox 2762 809 2896 878; x_wconf 83' lang='grc' dir='ltr'>πνοὴ</span> <span class='ocrx_word' id='word_1_46' title='bbox 2927 808 3189 861; x_wconf 85' lang='grc' dir='ltr'>αίνεσάτω</span> <span class='ocrx_word' id='word_1_47' title='bbox 3211 809 3301 862; x_wconf 83' lang='grc' dir='ltr'><strong>τὸν</strong></span> <span class='ocrx_word' id='word_1_48' title='bbox 3334 809 3561 882; x_wconf 82' lang='grc' dir='ltr'><strong>Κύριον.</strong></span> 
     </span>
    </p>
   </div>
   <div class='ocr_carea' id='block_1_11' title="bbox 2447 897 3933 971">
    <p class='ocr_par' dir='ltr' id='par_1_11' title="bbox 2447 897 3933 971">
     <span class='ocr_line' id='line_1_11' title="bbox 2447 897 3933 971; baseline 0.005 -22"><span class='ocrx_word' id='word_1_49' title='bbox 2447 897 2666 950; x_wconf 81' lang='grc' dir='ltr'>Ψὰλατε</span> <span class='ocrx_word' id='word_1_50' title='bbox 2720 899 2796 968; x_wconf 78' lang='grc' dir='ltr'>τῷ</span> <span class='ocrx_word' id='word_1_51' title='bbox 2845 898 3106 968; x_wconf 84' lang='grc' dir='ltr'>πνεύματι</span> <span class='ocrx_word' id='word_1_52' title='bbox 3134 939 3148 961; x_wconf 88' lang='grc'><strong>,</strong></span> <span class='ocrx_word' id='word_1_53' title='bbox 3184 900 3388 970; x_wconf 70' lang='grc' dir='ltr'>ψάλατε</span> <span class='ocrx_word' id='word_1_54' title='bbox 3418 904 3529 970; x_wconf 41' lang='grc' dir='ltr'>καὶ,</span> <span class='ocrx_word' id='word_1_55' title='bbox 3551 901 3632 971; x_wconf 80' lang='grc' dir='ltr'>τῷ</span> <span class='ocrx_word' id='word_1_56' title='bbox 3663 901 3761 964; x_wconf 71' lang='grc' dir='ltr'>νοῒ,</span> <span class='ocrx_word' id='word_1_57' title='bbox 3791 920 3933 957; x_wconf 73' lang='grc' dir='ltr'>τουτο</span> 
     </span>
    </p>
   </div>
   <div class='ocr_carea' id='block_1_12' title="bbox 2380 985 3934 1063">
    <p class='ocr_par' dir='ltr' id='par_1_12' title="bbox 2380 985 3934 1063">
     <span class='ocr_line' id='line_1_12' title="bbox 2380 985 3934 1063; baseline 0.005 -25"><span class='ocrx_word' id='word_1_58' title='bbox 2380 986 2513 1050; x_wconf 83' lang='grc' dir='ltr'>ἐστι,</span> <span class='ocrx_word' id='word_1_59' title='bbox 2547 985 2800 1052; x_wconf 78' lang='grc' dir='ltr'><strong>δοξάσατε</strong></span> <span class='ocrx_word' id='word_1_60' title='bbox 2832 987 2895 1059; x_wconf 85' lang='grc' dir='ltr'>δὴ</span> <span class='ocrx_word' id='word_1_61' title='bbox 2944 990 3033 1042; x_wconf 78' lang='grc' dir='ltr'><strong>τὸν</strong></span> <span class='ocrx_word' id='word_1_62' title='bbox 3062 990 3192 1042; x_wconf 80' lang='grc' dir='ltr'>Θεὸν</span> <span class='ocrx_word' id='word_1_63' title='bbox 3217 991 3308 1044; x_wconf 77' lang='grc' dir='ltr'><strong>καὶ</strong></span> <span class='ocrx_word' id='word_1_64' title='bbox 3335 993 3400 1060; x_wconf 77' lang='grc' dir='ltr'>τῇ</span> <span class='ocrx_word' id='word_1_65' title='bbox 3431 991 3576 1061; x_wconf 66' lang='grc' dir='ltr'><strong>ψυχῇ</strong></span> <span class='ocrx_word' id='word_1_66' title='bbox 3612 993 3705 1045; x_wconf 73' lang='grc' dir='ltr'><strong>καὶ</strong></span> <span class='ocrx_word' id='word_1_67' title='bbox 3737 993 3812 1063; x_wconf 83' lang='grc' dir='ltr'>τῷ</span> <span class='ocrx_word' id='word_1_68' title='bbox 3841 993 3934 1046; x_wconf 82' lang='grc' dir='ltr'><strong>σώ-</strong></span> 
     </span>
    </p>
   </div>
   <div class='ocr_carea' id='block_1_13' title="bbox 2381 1094 2704 1147">
    <p class='ocr_par' dir='ltr' id='par_1_13' title="bbox 2381 1094 2704 1147">
     <span class='ocr_line' id='line_1_13' title="bbox 2381 1094 2704 1147; baseline -0.003 -17"><span class='ocrx_word' id='word_1_69' title='bbox 2381 1094 2507 1145; x_wconf 81' lang='grc' dir='ltr'>ματι</span> <span class='ocrx_word' id='word_1_70' title='bbox 2534 1095 2704 1147; x_wconf 86' lang='grc' dir='ltr'>υμων.</span> 
     </span>
    </p>
   </div>
   <div class='ocr_carea' id='block_1_14' title="bbox 1611 1427 3012 1489">
    <p class='ocr_par' dir='ltr' id='par_1_14' title="bbox 1611 1427 3012 1489">
     <span class='ocr_line' id='line_1_14' title="bbox 1611 1427 3012 1489; baseline 0.002 -3"><span class='ocrx_word' id='word_1_71' title='bbox 1611 1429 1690 1488; x_wconf 84' lang='grc' dir='ltr'><strong>ΙΝ</strong></span> <span class='ocrx_word' id='word_1_72' title='bbox 1736 1430 2159 1489; x_wconf 72' lang='lat' dir='ltr'><strong>EXCERPTA</strong></span> <span class='ocrx_word' id='word_1_73' title='bbox 2208 1429 2285 1488; x_wconf 89' lang='lat' dir='ltr'><strong>IN</strong></span> <span class='ocrx_word' id='word_1_74' title='bbox 2351 1428 2493 1486; x_wconf 79' lang='lat' dir='ltr'><strong>JOB</strong></span> <span class='ocrx_word' id='word_1_75' title='bbox 2546 1427 3012 1489; x_wconf 81' lang='lat' dir='ltr'><strong>ADMONITIO</strong></span> 
     </span>
    </p>
   </div>
   <div class='ocr_carea' id='block_1_15' title="bbox 788 1614 3934 1690">
    <p class='ocr_par' dir='ltr' id='par_1_15' title="bbox 788 1614 3934 1690">
     <span class='ocr_line' id='line_1_15' title="bbox 788 1614 3934 1690; baseline 0 -17"><span class='ocrx_word' id='word_1_76' title='bbox 788 1621 1061 1673; x_wconf 71' lang='lat' dir='ltr'><strong>Athanasii</strong></span> <span class='ocrx_word' id='word_1_77' title='bbox 1085 1619 1378 1688; x_wconf 80' lang='lat' dir='ltr'><strong>fragmenta</strong></span> <span class='ocrx_word' id='word_1_78' title='bbox 1407 1617 1584 1680; x_wconf 68' lang='lat' dir='ltr'><strong>ist/nec</strong></span> <span class='ocrx_word' id='word_1_79' title='bbox 1623 1632 1686 1668; x_wconf 73' lang='lat' dir='ltr'><strong>ex</strong></span> <span class='ocrx_word' id='word_1_80' title='bbox 1733 1614 1937 1668; x_wconf 71' lang='lat' dir='ltr'><strong>Nicetaz</strong></span> <span class='ocrx_word' id='word_1_81' title='bbox 1993 1614 2318 1669; x_wconf 76' lang='lat' dir='ltr'><strong>lleracleottc</strong></span> <span class='ocrx_word' id='word_1_82' title='bbox 2359 1630 2540 1672; x_wconf 86' lang='lat' dir='ltr'><strong>catena</strong></span> <span class='ocrx_word' id='word_1_83' title='bbox 2596 1619 2873 1684; x_wconf 80' lang='lat' dir='ltr'><strong>desumpta</strong></span> <span class='ocrx_word' id='word_1_84' title='bbox 2922 1617 3178 1671; x_wconf 80' lang='lat' dir='ltr'><strong>habentur</strong></span> <span class='ocrx_word' id='word_1_85' title='bbox 3227 1622 3280 1671; x_wconf 86' lang='lat' dir='ltr'><strong>in</strong></span> <span class='ocrx_word' id='word_1_86' title='bbox 3309 1621 3457 1688; x_wconf 79' lang='lat' dir='ltr'><strong>prius</strong></span> <span class='ocrx_word' id='word_1_87' title='bbox 3489 1621 3669 1674; x_wconf 79' lang='lat' dir='ltr'><strong>editis.</strong></span> <span class='ocrx_word' id='word_1_88' title='bbox 3709 1620 3934 1690; x_wconf 78' lang='lat' dir='ltr'><strong>Scdjaut</strong></span> 
     </span>
    </p>
   </div>
   <div class='ocr_carea' id='block_1_16' title="bbox 718 1711 3933 1781">
    <p class='ocr_par' dir='ltr' id='par_1_16' title="bbox 718 1711 3933 1781">
     <span class='ocr_line' id='line_1_16' title="bbox 718 1711 3933 1781; baseline 0 -15"><span class='ocrx_word' id='word_1_89' title='bbox 718 1717 952 1768; x_wconf 81' lang='lat' dir='ltr'><strong>auctiora</strong></span> <span class='ocrx_word' id='word_1_90' title='bbox 980 1723 1028 1768; x_wconf 87' lang='lat' dir='ltr'><strong>et</strong></span> <span class='ocrx_word' id='word_1_91' title='bbox 1055 1714 1410 1767; x_wconf 78' lang='lat' dir='ltr'><strong>emendutiora</strong></span> <span class='ocrx_word' id='word_1_92' title='bbox 1455 1714 1711 1780; x_wconf 77' lang='lat' dir='ltr'><strong>prodeunt</strong></span> <span class='ocrx_word' id='word_1_93' title='bbox 1759 1727 1822 1763; x_wconf 73' lang='lat' dir='ltr'><strong>ex</strong></span> <span class='ocrx_word' id='word_1_94' title='bbox 1864 1712 2036 1764; x_wconf 82' lang='lat' dir='ltr'><strong>codice</strong></span> <span class='ocrx_word' id='word_1_95' title='bbox 2082 1711 2238 1780; x_wconf 79' lang='lat' dir='ltr'><strong>Regio</strong></span> <span class='ocrx_word' id='word_1_96' title='bbox 2284 1712 2442 1766; x_wconf 67' lang='grc'><strong>2434.</strong></span> <span class='ocrx_word' id='word_1_97' title='bbox 2485 1711 2618 1767; x_wconf 86' lang='lat' dir='ltr'><strong>Sunt</strong></span> <span class='ocrx_word' id='word_1_98' title='bbox 2661 1724 2836 1766; x_wconf 83' lang='lat' dir='ltr'><strong>autem</strong></span> <span class='ocrx_word' id='word_1_99' title='bbox 2864 1724 3106 1781; x_wconf 71' lang='lat' dir='ltr'><strong>excerpta</strong></span> <span class='ocrx_word' id='word_1_100' title='bbox 3128 1723 3176 1766; x_wconf 85' lang='lat' dir='ltr'><strong>et</strong></span> <span class='ocrx_word' id='word_1_101' title='bbox 3199 1728 3443 1780; x_wconf 76' lang='lat' dir='ltr'><strong>expressa</strong></span> <span class='ocrx_word' id='word_1_102' title='bbox 3474 1730 3538 1767; x_wconf 80' lang='lat' dir='ltr'><strong>ea:</strong></span> <span class='ocrx_word' id='word_1_103' title='bbox 3569 1715 3729 1766; x_wconf 76' lang='lat' dir='ltr'><strong>variis</strong></span> <span class='ocrx_word' id='word_1_104' title='bbox 3776 1714 3933 1767; x_wconf 81' lang='lat' dir='ltr'><strong>Atha-</strong></span> 
     </span>
    </p>
   </div>
   <div class='ocr_carea' id='block_1_17' title="bbox 717 1802 3860 1875">
    <p class='ocr_par' dir='ltr' id='par_1_17' title="bbox 717 1802 3860 1875">
     <span class='ocr_line' id='line_1_17' title="bbox 717 1802 3860 1875; baseline 0 -17"><span class='ocrx_word' id='word_1_105' title='bbox 717 1807 852 1858; x_wconf 82' lang='lat' dir='ltr'><strong>nasii</strong></span> <span class='ocrx_word' id='word_1_106' title='bbox 896 1821 1105 1875; x_wconf 72' lang='lat' dir='ltr'><strong>operum</strong></span> <span class='ocrx_word' id='word_1_107' title='bbox 1134 1807 1282 1871; x_wconf 79' lang='lat' dir='ltr'><strong>locis,</strong></span> <span class='ocrx_word' id='word_1_108' title='bbox 1317 1805 1405 1858; x_wconf 87' lang='lat' dir='ltr'><strong>sed</strong></span> <span class='ocrx_word' id='word_1_109' title='bbox 1440 1821 1540 1857; x_wconf 89' lang='lat' dir='ltr'><strong>non</strong></span> <span class='ocrx_word' id='word_1_110' title='bbox 1573 1805 1756 1857; x_wconf 84' lang='lat' dir='ltr'><strong>iisdem</strong></span> <span class='ocrx_word' id='word_1_111' title='bbox 1784 1805 1970 1858; x_wconf 71' lang='lat' dir='ltr'><strong>verbis.</strong></span> <span class='ocrx_word' id='word_1_112' title='bbox 2019 1802 2139 1855; x_wconf 78' lang='lat' dir='ltr'><strong>Non</strong></span> <span class='ocrx_word' id='word_1_113' title='bbox 2180 1806 2315 1857; x_wconf 87' lang='lat' dir='ltr'><strong>enim</strong></span> <span class='ocrx_word' id='word_1_114' title='bbox 2353 1806 2520 1874; x_wconf 78' lang='lat' dir='ltr'><strong>fertur</strong></span> <span class='ocrx_word' id='word_1_115' title='bbox 2549 1805 2874 1859; x_wconf 78' lang='lat' dir='ltr'><strong>Athanasius</strong></span> <span class='ocrx_word' id='word_1_116' title='bbox 2905 1809 3278 1860; x_wconf 85' lang='lat' dir='ltr'><strong>commentaria</strong></span> <span class='ocrx_word' id='word_1_117' title='bbox 3309 1808 3364 1859; x_wconf 90' lang='lat' dir='ltr'><strong>in</strong></span> <span class='ocrx_word' id='word_1_118' title='bbox 3403 1806 3596 1859; x_wconf 80' lang='lat' dir='ltr'><strong>Jobum</strong></span> <span class='ocrx_word' id='word_1_119' title='bbox 3618 1806 3860 1861; x_wconf 74' lang='lat' dir='ltr'><strong>edidisse.</strong></span> 
     </span>
    </p>
   </div>
   <div class='ocr_carea' id='block_1_18' title="bbox 785 2116 2268 2186">
    <p class='ocr_par' dir='ltr' id='par_1_18' title="bbox 785 2116 2268 2186">
     <span class='ocr_line' id='line_1_18' title="bbox 785 2116 2268 2186; baseline 0.002 -14"><span class='ocrx_word' id='word_1_120' title='bbox 785 2118 1085 2172; x_wconf 82' lang='lat' dir='ltr'><strong>Athanasii.</strong></span> <span class='ocrx_word' id='word_1_121' title='bbox 1140 2116 1294 2183; x_wconf 87' lang='lat' dir='ltr'><strong>Quod</strong></span> <span class='ocrx_word' id='word_1_122' title='bbox 1337 2128 1513 2171; x_wconf 89' lang='lat' dir='ltr'><strong>autem</strong></span> <span class='ocrx_word' id='word_1_123' title='bbox 1561 2116 1842 2186; x_wconf 75' lang='lat' dir='ltr'><strong>Scriptura</strong></span> <span class='ocrx_word' id='word_1_124' title='bbox 1883 2118 2027 2173; x_wconf 85' lang='lat' dir='ltr'><strong>dicat</strong></span> <span class='ocrx_word' id='word_1_125' title='bbox 2065 2139 2076 2173; x_wconf 94' lang='lat'><strong>:</strong></span> <span class='ocrx_word' id='word_1_126' title='bbox 2112 2120 2268 2175; x_wconf 88' lang='lat' dir='ltr'><strong>Facti</strong></span> 
     </span>
    </p>
   </div>
   <div class='ocr_carea' id='block_1_19' title="bbox 718 2209 2271 2277">
    <p class='ocr_par' dir='ltr' id='par_1_19' title="bbox 718 2209 2271 2277">
     <span class='ocr_line' id='line_1_19' title="bbox 718 2209 2271 2277; baseline 0.001 -15"><span class='ocrx_word' id='word_1_127' title='bbox 718 2219 832 2262; x_wconf 80' lang='lat' dir='ltr'><strong>sunt</strong></span> <span class='ocrx_word' id='word_1_128' title='bbox 885 2211 931 2262; x_wconf 83' lang='lat' dir='ltr'><strong>ei</strong></span> <span class='ocrx_word' id='word_1_129' title='bbox 980 2220 1169 2274; x_wconf 80' lang='lat' dir='ltr'><strong><em>septem</em></strong></span> <span class='ocrx_word' id='word_1_130' title='bbox 1211 2210 1312 2277; x_wconf 80' lang='lat' dir='ltr'><strong>ﬁlii</strong></span> <span class='ocrx_word' id='word_1_131' title='bbox 1352 2210 1417 2269; x_wconf 78' lang='grc'><strong>’⁷,</strong></span> <span class='ocrx_word' id='word_1_132' title='bbox 1478 2209 1528 2261; x_wconf 84' lang='lat' dir='ltr'><strong>id</strong></span> <span class='ocrx_word' id='word_1_133' title='bbox 1588 2211 1744 2262; x_wconf 88' lang='lat' dir='ltr'><strong>nobis</strong></span> <span class='ocrx_word' id='word_1_134' title='bbox 1809 2210 2068 2266; x_wconf 88' lang='lat' dir='ltr'><strong>adversus</strong></span> <span class='ocrx_word' id='word_1_135' title='bbox 2114 2214 2271 2266; x_wconf 83' lang='lat' dir='ltr'><strong>Ariu-</strong></span> 
     </span>
    </p>
   </div>
   <div class='ocr_carea' id='block_1_20' title="bbox 718 2299 2271 2370">
    <p class='ocr_par' dir='ltr' id='par_1_20' title="bbox 718 2299 2271 2370">
     <span class='ocr_line' id='line_1_20' title="bbox 718 2299 2271 2370; baseline 0.003 -17"><span class='ocrx_word' id='word_1_136' title='bbox 718 2301 945 2353; x_wconf 83' lang='lat' dir='ltr'><strong>manilas</strong></span> <span class='ocrx_word' id='word_1_137' title='bbox 1006 2299 1106 2352; x_wconf 80' lang='lat' dir='ltr'><strong>fert</strong></span> <span class='ocrx_word' id='word_1_138' title='bbox 1169 2316 1321 2368; x_wconf 80' lang='lat' dir='ltr'><strong>opem</strong></span> <span class='ocrx_word' id='word_1_139' title='bbox 1372 2319 1383 2354; x_wconf 92' lang='lat'>:</span> <span class='ocrx_word' id='word_1_140' title='bbox 1433 2301 1523 2370; x_wconf 83' lang='lat' dir='ltr'><strong>qui</strong></span> <span class='ocrx_word' id='word_1_141' title='bbox 1577 2301 1732 2369; x_wconf 88' lang='lat' dir='ltr'><strong>quasi</strong></span> <span class='ocrx_word' id='word_1_142' title='bbox 1786 2317 2008 2370; x_wconf 83' lang='lat' dir='ltr'><strong>magnas</strong></span> <span class='ocrx_word' id='word_1_143' title='bbox 2052 2304 2271 2358; x_wconf 70' lang='lat' dir='ltr'><strong>haeresis</strong></span> 
     </span>
    </p>
   </div>
   <div class='ocr_carea' id='block_1_21' title="bbox 718 2393 2272 2463">
    <p class='ocr_par' dir='ltr' id='par_1_21' title="bbox 718 2393 2272 2463">
     <span class='ocr_line' id='line_1_21' title="bbox 718 2393 2272 2463; baseline -0.001 -16"><span class='ocrx_word' id='word_1_144' title='bbox 718 2408 824 2447; x_wconf 70' lang='lat' dir='ltr'><strong>Sua:</strong></span> <span class='ocrx_word' id='word_1_145' title='bbox 870 2393 1141 2460; x_wconf 82' lang='lat' dir='ltr'><strong>suppetias</strong></span> <span class='ocrx_word' id='word_1_146' title='bbox 1191 2393 1318 2444; x_wconf 86' lang='lat' dir='ltr'><strong>illud</strong></span> <span class='ocrx_word' id='word_1_147' title='bbox 1372 2401 1656 2461; x_wconf 86' lang='lat' dir='ltr'><strong>usurpant,</strong></span> <span class='ocrx_word' id='word_1_148' title='bbox 1697 2395 1839 2460; x_wconf 88' lang='lat' dir='ltr'><strong>quod</strong></span> <span class='ocrx_word' id='word_1_149' title='bbox 1898 2395 1965 2446; x_wconf 90' lang='lat' dir='ltr'><strong>ab</strong></span> <span class='ocrx_word' id='word_1_150' title='bbox 2014 2395 2272 2463; x_wconf 82' lang='lat' dir='ltr'><strong>Apostolo</strong></span> 
     </span>
    </p>
   </div>
   <div class='ocr_carea' id='block_1_22' title="bbox 718 2481 2274 2554">
    <p class='ocr_par' dir='ltr' id='par_1_22' title="bbox 718 2481 2274 2554">
     <span class='ocr_line' id='line_1_22' title="bbox 718 2481 2274 2554; baseline 0.001 -17"><span class='ocrx_word' id='word_1_151' title='bbox 718 2485 777 2537; x_wconf 86' lang='lat' dir='ltr'><strong>de</strong></span> <span class='ocrx_word' id='word_1_152' title='bbox 833 2482 1117 2551; x_wconf 82' lang='lat' dir='ltr'><strong>Unigenito</strong></span> <span class='ocrx_word' id='word_1_153' title='bbox 1159 2483 1360 2534; x_wconf 83' lang='lat' dir='ltr'><strong>dictum</strong></span> <span class='ocrx_word' id='word_1_154' title='bbox 1427 2493 1509 2534; x_wconf 89' lang='lat' dir='ltr'><strong>est</strong></span> <span class='ocrx_word' id='word_1_155' title='bbox 1561 2501 1572 2534; x_wconf 93' lang='lat'>:</span> <span class='ocrx_word' id='word_1_156' title='bbox 1622 2481 1855 2534; x_wconf 82' lang='lat' dir='ltr'><strong>Fidelem</strong></span> <span class='ocrx_word' id='word_1_157' title='bbox 1906 2484 1952 2536; x_wconf 82' lang='lat' dir='ltr'><strong>ei</strong></span> <span class='ocrx_word' id='word_1_158' title='bbox 2008 2487 2098 2554; x_wconf 84' lang='lat' dir='ltr'><strong>qui</strong></span> <span class='ocrx_word' id='word_1_159' title='bbox 2154 2487 2274 2554; x_wconf 79' lang='lat' dir='ltr'><strong>fecit</strong></span> 
     </span>
    </p>
   </div>
   <div class='ocr_carea' id='block_1_23' title="bbox 719 2574 2276 2643">
    <p class='ocr_par' dir='ltr' id='par_1_23' title="bbox 719 2574 2276 2643">
     <span class='ocr_line' id='line_1_23' title="bbox 719 2574 2276 2643; baseline 0.004 -16"><span class='ocrx_word' id='word_1_160' title='bbox 719 2576 884 2643; x_wconf 82' lang='lat' dir='ltr'><strong>ipsum</strong></span> <span class='ocrx_word' id='word_1_161' title='bbox 902 2575 945 2604; x_wconf 79' lang='lat'><strong>&quot;</strong></span> <span class='ocrx_word' id='word_1_162' title='bbox 975 2592 985 2626; x_wconf 95' lang='lat'>:</span> <span class='ocrx_word' id='word_1_163' title='bbox 1020 2584 1181 2640; x_wconf 83' lang='lat' dir='ltr'><strong>atque</strong></span> <span class='ocrx_word' id='word_1_164' title='bbox 1209 2575 1402 2626; x_wconf 82' lang='lat' dir='ltr'><strong>acriter</strong></span> <span class='ocrx_word' id='word_1_165' title='bbox 1424 2575 1772 2640; x_wconf 88' lang='lat' dir='ltr'><strong>contendunt,</strong></span> <span class='ocrx_word' id='word_1_166' title='bbox 1804 2574 1998 2628; x_wconf 82' lang='lat' dir='ltr'><strong>Filium</strong></span> <span class='ocrx_word' id='word_1_167' title='bbox 2033 2577 2127 2631; x_wconf 88' lang='lat' dir='ltr'><strong>Dei</strong></span> <span class='ocrx_word' id='word_1_168' title='bbox 2159 2595 2276 2633; x_wconf 88' lang='lat' dir='ltr'><strong>rem</strong></span> 
     </span>
    </p>
   </div>
   <div class='ocr_carea' id='block_1_24' title="bbox 719 2660 2278 2732">
    <p class='ocr_par' dir='ltr' id='par_1_24' title="bbox 719 2660 2278 2732">
     <span class='ocr_line' id='line_1_24' title="bbox 719 2660 2278 2732; baseline 0.004 -17"><span class='ocrx_word' id='word_1_169' title='bbox 719 2677 834 2715; x_wconf 88' lang='lat' dir='ltr'><strong>esse</strong></span> <span class='ocrx_word' id='word_1_170' title='bbox 880 2660 1094 2714; x_wconf 81' lang='lat' dir='ltr'><strong>factam.</strong></span> <span class='ocrx_word' id='word_1_171' title='bbox 1129 2661 1197 2714; x_wconf 85' lang='lat' dir='ltr'><strong>At</strong></span> <span class='ocrx_word' id='word_1_172' title='bbox 1243 2662 1548 2730; x_wconf 87' lang='lat' dir='ltr'><strong>hujusmodi</strong></span> <span class='ocrx_word' id='word_1_173' title='bbox 1584 2661 1816 2716; x_wconf 79' lang='lat' dir='ltr'><strong>fulcrum</strong></span> <span class='ocrx_word' id='word_1_174' title='bbox 1849 2669 2003 2732; x_wconf 70' lang='lat' dir='ltr'><strong>quasi</strong></span> <span class='ocrx_word' id='word_1_175' title='bbox 2034 2668 2278 2721; x_wconf 82' lang='lat' dir='ltr'><strong>calamus</strong></span> 
     </span>
    </p>
   </div>
   <div class='ocr_carea' id='block_1_25' title="bbox 719 2753 2279 2822">
    <p class='ocr_par' dir='ltr' id='par_1_25' title="bbox 719 2753 2279 2822">
     <span class='ocr_line' id='line_1_25' title="bbox 719 2753 2279 2822; baseline 0.004 -16"><span class='ocrx_word' id='word_1_176' title='bbox 719 2755 981 2806; x_wconf 68' lang='lat' dir='ltr'><strong>enutritus</strong></span> <span class='ocrx_word' id='word_1_177' title='bbox 1006 2763 1088 2806; x_wconf 89' lang='lat' dir='ltr'><strong>est</strong></span> <span class='ocrx_word' id='word_1_178' title='bbox 1117 2753 1268 2821; x_wconf 89' lang='lat' dir='ltr'><strong>ipsis.</strong></span> <span class='ocrx_word' id='word_1_179' title='bbox 1318 2753 1546 2818; x_wconf 83' lang='lat' dir='ltr'><strong>Quando</strong></span> <span class='ocrx_word' id='word_1_180' title='bbox 1573 2770 1806 2822; x_wconf 80' lang='lat' dir='ltr'><strong>namque</strong></span> <span class='ocrx_word' id='word_1_181' title='bbox 1839 2755 2141 2810; x_wconf 78' lang='lat' dir='ltr'><strong>substantia</strong></span> <span class='ocrx_word' id='word_1_182' title='bbox 2196 2768 2279 2812; x_wconf 86' lang='lat' dir='ltr'><strong>est</strong></span> 
     </span>
    </p>
   </div>
   <div class='ocr_carea' id='block_1_26' title="bbox 719 2844 2276 2912">
    <p class='ocr_par' dir='ltr' id='par_1_26' title="bbox 719 2844 2276 2912">
     <span class='ocr_line' id='line_1_26' title="bbox 719 2844 2276 2912; baseline 0.005 -17"><span class='ocrx_word' id='word_1_183' title='bbox 719 2844 841 2912; x_wconf 74' lang='lat' dir='ltr'><strong>quid</strong></span> <span class='ocrx_word' id='word_1_184' title='bbox 883 2846 1080 2896; x_wconf 83' lang='lat' dir='ltr'><strong>factum</strong></span> <span class='ocrx_word' id='word_1_185' title='bbox 1131 2855 1221 2896; x_wconf 90' lang='lat' dir='ltr'><strong>aut</strong></span> <span class='ocrx_word' id='word_1_186' title='bbox 1265 2855 1524 2909; x_wconf 84' lang='lat' dir='ltr'><strong>creatum,</strong></span> <span class='ocrx_word' id='word_1_187' title='bbox 1572 2854 1701 2900; x_wconf 85' lang='lat' dir='ltr'><strong>tunc</strong></span> <span class='ocrx_word' id='word_1_188' title='bbox 1753 2846 1920 2909; x_wconf 87' lang='lat' dir='ltr'><strong>illud,</strong></span> <span class='ocrx_word' id='word_1_189' title='bbox 1969 2850 2188 2911; x_wconf 80' lang='lat' dir='ltr'><strong>creavit,</strong></span> <span class='ocrx_word' id='word_1_190' title='bbox 2223 2859 2276 2903; x_wconf 90' lang='lat' dir='ltr'><strong>et</strong></span> 
     </span>
    </p>
   </div>
   <div class='ocr_carea' id='block_1_27' title="bbox 719 2934 2278 3005">
    <p class='ocr_par' dir='ltr' id='par_1_27' title="bbox 719 2934 2278 3005">
     <span class='ocr_line' id='line_1_27' title="bbox 719 2934 2278 3005; baseline 0.008 -23"><span class='ocrx_word' id='word_1_191' title='bbox 719 2935 858 3001; x_wconf 74' lang='lat' dir='ltr'><strong>fecit,</strong></span> <span class='ocrx_word' id='word_1_192' title='bbox 905 2934 1122 3002; x_wconf 80' lang='lat' dir='ltr'><strong>proprie</strong></span> <span class='ocrx_word' id='word_1_193' title='bbox 1147 2934 1212 2986; x_wconf 92' lang='lat' dir='ltr'><strong>de</strong></span> <span class='ocrx_word' id='word_1_194' title='bbox 1244 2934 1310 2987; x_wconf 87' lang='lat' dir='ltr'><strong>iis</strong></span> <span class='ocrx_word' id='word_1_195' title='bbox 1359 2937 1519 2988; x_wconf 86' lang='lat' dir='ltr'><strong>rebus</strong></span> <span class='ocrx_word' id='word_1_196' title='bbox 1550 2937 1821 2999; x_wconf 88' lang='lat' dir='ltr'><strong>dicuntur,</strong></span> <span class='ocrx_word' id='word_1_197' title='bbox 1869 2948 1921 2991; x_wconf 82' lang='lat' dir='ltr'><strong>et</strong></span> <span class='ocrx_word' id='word_1_198' title='bbox 1969 2939 2278 3005; x_wconf 72' lang='lat' dir='ltr'><strong>signiﬁcant</strong></span> 
     </span>
    </p>
   </div>
   <div class='ocr_carea' id='block_1_28' title="bbox 718 3025 2276 3098">
    <p class='ocr_par' dir='ltr' id='par_1_28' title="bbox 718 3025 2276 3098">
     <span class='ocr_line' id='line_1_28' title="bbox 718 3025 2276 3098; baseline 0.004 -19"><span class='ocrx_word' id='word_1_199' title='bbox 718 3042 827 3079; x_wconf 86' lang='lat' dir='ltr'><strong>rem</strong></span> <span class='ocrx_word' id='word_1_200' title='bbox 857 3025 1072 3079; x_wconf 80' lang='lat' dir='ltr'><strong>factam.</strong></span> <span class='ocrx_word' id='word_1_201' title='bbox 1109 3026 1244 3078; x_wconf 82' lang='lat' dir='ltr'><strong>Cum</strong></span> <span class='ocrx_word' id='word_1_202' title='bbox 1301 3038 1481 3080; x_wconf 90' lang='lat' dir='ltr'><strong>autem</strong></span> <span class='ocrx_word' id='word_1_203' title='bbox 1536 3029 1838 3081; x_wconf 85' lang='lat' dir='ltr'><strong>substantia</strong></span> <span class='ocrx_word' id='word_1_204' title='bbox 1886 3031 2065 3098; x_wconf 84' lang='lat' dir='ltr'><strong>proles</strong></span> <span class='ocrx_word' id='word_1_205' title='bbox 2113 3040 2276 3086; x_wconf 89' lang='lat' dir='ltr'><strong>estet</strong></span> 
     </span>
    </p>
   </div>
   <div class='ocr_carea' id='block_1_29' title="bbox 718 3116 2274 3189">
    <p class='ocr_par' dir='ltr' id='par_1_29' title="bbox 718 3116 2274 3189">
     <span class='ocr_line' id='line_1_29' title="bbox 718 3116 2274 3189; baseline 0.004 -19"><span class='ocrx_word' id='word_1_206' title='bbox 718 3117 878 3179; x_wconf 81' lang='lat' dir='ltr'><strong>ﬁlius,</strong></span> <span class='ocrx_word' id='word_1_207' title='bbox 915 3125 1042 3170; x_wconf 92' lang='lat' dir='ltr'><strong>tunc</strong></span> <span class='ocrx_word' id='word_1_208' title='bbox 1087 3117 1240 3178; x_wconf 85' lang='lat' dir='ltr'><strong>illud,</strong></span> <span class='ocrx_word' id='word_1_209' title='bbox 1289 3116 1432 3185; x_wconf 80' lang='lat' dir='ltr'><strong>fecit,</strong></span> <span class='ocrx_word' id='word_1_210' title='bbox 1483 3129 1535 3172; x_wconf 92' lang='lat' dir='ltr'><strong>et</strong></span> <span class='ocrx_word' id='word_1_211' title='bbox 1575 3119 1769 3186; x_wconf 81' lang='lat' dir='ltr'><strong>factum</strong></span> <span class='ocrx_word' id='word_1_212' title='bbox 1805 3134 1913 3183; x_wconf 80' lang='lat' dir='ltr'><strong>est,</strong></span> <span class='ocrx_word' id='word_1_213' title='bbox 1963 3133 2017 3174; x_wconf 90' lang='lat' dir='ltr'><strong>et</strong></span> <span class='ocrx_word' id='word_1_214' title='bbox 2062 3125 2274 3189; x_wconf 85' lang='lat' dir='ltr'><strong>creavit,</strong></span> 
     </span>
    </p>
   </div>
   <div class='ocr_carea' id='block_1_30' title="bbox 718 3207 2275 3281">
    <p class='ocr_par' dir='ltr' id='par_1_30' title="bbox 718 3207 2275 3281">
     <span class='ocr_line' id='line_1_30' title="bbox 718 3207 2275 3281; baseline 0.003 -21"><span class='ocrx_word' id='word_1_215' title='bbox 718 3224 822 3260; x_wconf 90' lang='lat' dir='ltr'><strong>non</strong></span> <span class='ocrx_word' id='word_1_216' title='bbox 856 3207 1071 3275; x_wconf 86' lang='lat' dir='ltr'><strong>proprie</strong></span> <span class='ocrx_word' id='word_1_217' title='bbox 1107 3217 1458 3274; x_wconf 89' lang='lat' dir='ltr'><strong>usurpantnr,</strong></span> <span class='ocrx_word' id='word_1_218' title='bbox 1493 3223 1666 3276; x_wconf 89' lang='lat' dir='ltr'><strong>neque</strong></span> <span class='ocrx_word' id='word_1_219' title='bbox 1702 3225 1813 3262; x_wconf 92' lang='lat' dir='ltr'><strong>rem</strong></span> <span class='ocrx_word' id='word_1_220' title='bbox 1866 3209 2065 3264; x_wconf 80' lang='lat' dir='ltr'><strong>factam</strong></span> <span class='ocrx_word' id='word_1_221' title='bbox 2111 3213 2275 3281; x_wconf 85' lang='lat' dir='ltr'><strong>signi-</strong></span> 
     </span>
    </p>
   </div>
   <div class='ocr_carea' id='block_1_31' title="bbox 719 3296 2276 3369">
    <p class='ocr_par' dir='ltr' id='par_1_31' title="bbox 719 3296 2276 3369">
     <span class='ocr_line' id='line_1_31' title="bbox 719 3296 2276 3369; baseline 0.003 -18"><span class='ocrx_word' id='word_1_222' title='bbox 719 3298 899 3360; x_wconf 80' lang='lat' dir='ltr'><strong>ﬁcant,</strong></span> <span class='ocrx_word' id='word_1_223' title='bbox 929 3296 1019 3350; x_wconf 87' lang='lat' dir='ltr'><strong>sed</strong></span> <span class='ocrx_word' id='word_1_224' title='bbox 1058 3311 1156 3365; x_wconf 87' lang='lat' dir='ltr'><strong>pro</strong></span> <span class='ocrx_word' id='word_1_225' title='bbox 1186 3298 1271 3350; x_wconf 93' lang='lat' dir='ltr'><strong>illa</strong></span> <span class='ocrx_word' id='word_1_226' title='bbox 1298 3312 1448 3356; x_wconf 86' lang='lat' dir='ltr'><strong>voce.</strong></span> <span class='ocrx_word' id='word_1_227' title='bbox 1487 3301 1685 3367; x_wconf 82' lang='lat' dir='ltr'><strong>genuit,</strong></span> <span class='ocrx_word' id='word_1_228' title='bbox 1720 3300 1841 3365; x_wconf 70' lang='grc' dir='ltr'><strong>ἰδίει,</strong></span> <span class='ocrx_word' id='word_1_229' title='bbox 1877 3301 2019 3369; x_wconf 81' lang='lat' dir='ltr'><strong>fecit,</strong></span> <span class='ocrx_word' id='word_1_230' title='bbox 2067 3302 2276 3356; x_wconf 68' lang='lat' dir='ltr'><strong>intliil‘e-</strong></span> 
     </span>
    </p>
   </div>
   <div class='ocr_carea' id='block_1_32' title="bbox 719 3387 2272 3456">
    <p class='ocr_par' dir='ltr' id='par_1_32' title="bbox 719 3387 2272 3456">
     <span class='ocr_line' id='line_1_32' title="bbox 719 3387 2272 3456; baseline 0.003 -15"><span class='ocrx_word' id='word_1_231' title='bbox 719 3398 899 3441; x_wconf 87' lang='lat' dir='ltr'><strong>renter</strong></span> <span class='ocrx_word' id='word_1_232' title='bbox 951 3388 1074 3456; x_wconf 90' lang='lat' dir='ltr'><strong>quis</strong></span> <span class='ocrx_word' id='word_1_233' title='bbox 1112 3387 1302 3440; x_wconf 85' lang='lat' dir='ltr'><strong>utitur.</strong></span> <span class='ocrx_word' id='word_1_234' title='bbox 1343 3387 1526 3456; x_wconf 87' lang='lat' dir='ltr'><strong>Itaque</strong></span> <span class='ocrx_word' id='word_1_235' title='bbox 1570 3405 1687 3442; x_wconf 84' lang='lat' dir='ltr'><strong>sese</strong></span> <span class='ocrx_word' id='word_1_236' title='bbox 1737 3391 1917 3442; x_wconf 81' lang='lat' dir='ltr'><strong>Ariani</strong></span> <span class='ocrx_word' id='word_1_237' title='bbox 1969 3389 2272 3445; x_wconf 84' lang='lat' dir='ltr'><strong>damnaturi</strong></span> 
     </span>
    </p>
   </div>
   <div class='ocr_carea' id='block_1_33' title="bbox 718 3477 2272 3549">
    <p class='ocr_par' dir='ltr' id='par_1_33' title="bbox 718 3477 2272 3549">
     <span class='ocr_line' id='line_1_33' title="bbox 718 3477 2272 3549; baseline 0.003 -16"><span class='ocrx_word' id='word_1_238' title='bbox 718 3488 865 3540; x_wconf 85' lang='lat' dir='ltr'><strong>sunt,</strong></span> <span class='ocrx_word' id='word_1_239' title='bbox 903 3477 948 3532; x_wconf 88' lang='lat' dir='ltr'><strong>si</strong></span> <span class='ocrx_word' id='word_1_240' title='bbox 1001 3477 1296 3539; x_wconf 63' lang='lat' dir='ltr'><strong>Scriptura:</strong></span> <span class='ocrx_word' id='word_1_241' title='bbox 1356 3495 1522 3533; x_wconf 71' lang='lat' dir='ltr'><strong>sacra:</strong></span> <span class='ocrx_word' id='word_1_242' title='bbox 1573 3483 1953 3549; x_wconf 79' lang='lat' dir='ltr'><strong>proprie&#39;atcm</strong></span> <span class='ocrx_word' id='word_1_243' title='bbox 2009 3483 2272 3538; x_wconf 79' lang='lat' dir='ltr'><strong>ediscant.</strong></span> 
     </span>
    </p>
   </div>
   <div class='ocr_carea' id='block_1_34' title="bbox 717 3567 2274 3642">
    <p class='ocr_par' dir='ltr' id='par_1_34' title="bbox 717 3567 2274 3642">
     <span class='ocr_line' id='line_1_34' title="bbox 717 3567 2274 3642; baseline 0.006 -22"><span class='ocrx_word' id='word_1_244' title='bbox 717 3568 853 3621; x_wconf 68' lang='lat' dir='ltr'><strong>Nam</strong></span> <span class='ocrx_word' id='word_1_245' title='bbox 885 3569 929 3621; x_wconf 91' lang='lat' dir='ltr'><strong>si</strong></span> <span class='ocrx_word' id='word_1_246' title='bbox 968 3567 1158 3633; x_wconf 83' lang='lat' dir='ltr'><strong>factos,</strong></span> <span class='ocrx_word' id='word_1_247' title='bbox 1201 3570 1395 3631; x_wconf 89' lang='lat' dir='ltr'><strong>editos,</strong></span> <span class='ocrx_word' id='word_1_248' title='bbox 1427 3581 1656 3633; x_wconf 79' lang='lat' dir='ltr'><strong>creatos,</strong></span> <span class='ocrx_word' id='word_1_249' title='bbox 1688 3587 1716 3623; x_wconf 88' lang='lat' dir='ltr'><strong>a</strong></span> <span class='ocrx_word' id='word_1_250' title='bbox 1747 3590 1804 3625; x_wconf 92' lang='lat' dir='ltr'><strong>se</strong></span> <span class='ocrx_word' id='word_1_251' title='bbox 1835 3575 2046 3642; x_wconf 80' lang='lat' dir='ltr'><strong>genitos</strong></span> <span class='ocrx_word' id='word_1_252' title='bbox 2076 3576 2274 3629; x_wconf 88' lang='lat' dir='ltr'><strong>liberos</strong></span> 
     </span>
    </p>
   </div>
   <div class='ocr_carea' id='block_1_35' title="bbox 719 3661 2273 3735">
    <p class='ocr_par' dir='ltr' id='par_1_35' title="bbox 719 3661 2273 3735">
     <span class='ocr_line' id='line_1_35' title="bbox 719 3661 2273 3735; baseline 0.005 -24"><span class='ocrx_word' id='word_1_253' title='bbox 719 3668 968 3728; x_wconf 87' lang='lat' dir='ltr'><strong>parentes</strong></span> <span class='ocrx_word' id='word_1_254' title='bbox 993 3661 1194 3721; x_wconf 84' lang='lat' dir='ltr'><strong>dicant,</strong></span> <span class='ocrx_word' id='word_1_255' title='bbox 1230 3676 1336 3714; x_wconf 90' lang='lat' dir='ltr'><strong>non</strong></span> <span class='ocrx_word' id='word_1_256' title='bbox 1377 3672 1552 3714; x_wconf 86' lang='lat' dir='ltr'><strong>tamen</strong></span> <span class='ocrx_word' id='word_1_257' title='bbox 1585 3673 1829 3716; x_wconf 84' lang='lat' dir='ltr'><strong>naturam</strong></span> <span class='ocrx_word' id='word_1_258' title='bbox 1865 3665 1940 3717; x_wconf 92' lang='lat' dir='ltr'><strong>illi</strong></span> <span class='ocrx_word' id='word_1_259' title='bbox 1988 3666 2273 3735; x_wconf 81' lang='lat' dir='ltr'><strong>abnegant.</strong></span> 
     </span>
    </p>
   </div>
   <div class='ocr_carea' id='block_1_36' title="bbox 720 3749 2274 3825">
    <p class='ocr_par' dir='ltr' id='par_1_36' title="bbox 720 3749 2274 3825">
     <span class='ocr_line' id='line_1_36' title="bbox 720 3749 2274 3825; baseline 0.006 -20"><span class='ocrx_word' id='word_1_260' title='bbox 720 3749 981 3806; x_wconf 80' lang='lat' dir='ltr'><strong>Ezechias</strong></span> <span class='ocrx_word' id='word_1_261' title='bbox 1025 3751 1201 3821; x_wconf 75' lang='lat' dir='ltr'><strong>igitur.</strong></span> <span class='ocrx_word' id='word_1_262' title='bbox 1242 3761 1299 3805; x_wconf 84' lang='grc' dir='ltr'><strong>ιιι</strong></span> <span class='ocrx_word' id='word_1_263' title='bbox 1346 3753 1397 3806; x_wconf 79' lang='lat' dir='ltr'><strong>in</strong></span> <span class='ocrx_word' id='word_1_264' title='bbox 1434 3754 1564 3808; x_wconf 77' lang='lat' dir='ltr'><strong>Isaia</strong></span> <span class='ocrx_word' id='word_1_265' title='bbox 1616 3755 1878 3825; x_wconf 78' lang='lat' dir='ltr'><strong>scriptum</strong></span> <span class='ocrx_word' id='word_1_266' title='bbox 1922 3767 2025 3822; x_wconf 77' lang='lat' dir='ltr'><strong>est,</strong></span> <span class='ocrx_word' id='word_1_267' title='bbox 2069 3759 2274 3813; x_wconf 65' lang='lat' dir='ltr'><strong>orando</strong></span> 
     </span>
    </p>
   </div>
   <div class='ocr_carea' id='block_1_37' title="bbox 719 3843 2278 3918">
    <p class='ocr_par' dir='ltr' id='par_1_37' title="bbox 719 3843 2278 3918">
     <span class='ocr_line' id='line_1_37' title="bbox 719 3843 2278 3918; baseline 0.006 -22"><span class='ocrx_word' id='word_1_268' title='bbox 719 3843 926 3897; x_wconf 77' lang='lat' dir='ltr'><strong>dicebat</strong></span> <span class='ocrx_word' id='word_1_269' title='bbox 947 3863 958 3896; x_wconf 92' lang='lat'><strong>:</strong></span> <span class='ocrx_word' id='word_1_270' title='bbox 982 3843 1057 3895; x_wconf 76' lang='lat' dir='ltr'><strong>Ex</strong></span> <span class='ocrx_word' id='word_1_271' title='bbox 1082 3844 1182 3897; x_wconf 83' lang='lat' dir='ltr'><strong>hoc</strong></span> <span class='ocrx_word' id='word_1_272' title='bbox 1208 3845 1294 3899; x_wconf 88' lang='lat' dir='ltr'><strong>die</strong></span> <span class='ocrx_word' id='word_1_273' title='bbox 1324 3847 1460 3900; x_wconf 89' lang='lat' dir='ltr'><strong>tilios</strong></span> <span class='ocrx_word' id='word_1_274' title='bbox 1483 3848 1698 3912; x_wconf 81' lang='lat' dir='ltr'><strong>iaciam,</strong></span> <span class='ocrx_word' id='word_1_275' title='bbox 1720 3864 1871 3914; x_wconf 76' lang='lat' dir='ltr'><strong>voce,</strong></span> <span class='ocrx_word' id='word_1_276' title='bbox 1898 3849 2117 3918; x_wconf 81' lang='lat' dir='ltr'><strong>facium,</strong></span> <span class='ocrx_word' id='word_1_277' title='bbox 2149 3867 2278 3906; x_wconf 84' lang='lat' dir='ltr'><strong>usus</strong></span> 
     </span>
    </p>
   </div>
   <div class='ocr_carea' id='block_1_38' title="bbox 720 3935 2280 4011">
    <p class='ocr_par' dir='ltr' id='par_1_38' title="bbox 720 3935 2280 4011">
     <span class='ocr_line' id='line_1_38' title="bbox 720 3935 2280 4011; baseline 0.006 -26"><span class='ocrx_word' id='word_1_278' title='bbox 720 3949 819 4003; x_wconf 91' lang='lat' dir='ltr'><strong>pro</strong></span> <span class='ocrx_word' id='word_1_279' title='bbox 860 3949 1008 3998; x_wconf 74' lang='lat' dir='ltr'><strong>voce,</strong></span> <span class='ocrx_word' id='word_1_280' title='bbox 1045 3935 1272 4003; x_wconf 83' lang='lat' dir='ltr'><strong>gignam,</strong></span> <span class='ocrx_word' id='word_1_281' title='bbox 1326 3936 1455 3988; x_wconf 90' lang='lat' dir='ltr'><strong>dum</strong></span> <span class='ocrx_word' id='word_1_282' title='bbox 1492 3937 1559 3990; x_wconf 91' lang='lat' dir='ltr'><strong>de</strong></span> <span class='ocrx_word' id='word_1_283' title='bbox 1598 3937 1665 3990; x_wconf 92' lang='lat' dir='ltr'><strong>iis</strong></span> <span class='ocrx_word' id='word_1_284' title='bbox 1710 3940 1802 4006; x_wconf 89' lang='lat' dir='ltr'><strong>qui</strong></span> <span class='ocrx_word' id='word_1_285' title='bbox 1857 3955 1885 3991; x_wconf 93' lang='lat' dir='ltr'><strong>a</strong></span> <span class='ocrx_word' id='word_1_286' title='bbox 1938 3956 1995 3994; x_wconf 88' lang='lat' dir='ltr'><strong>se</strong></span> <span class='ocrx_word' id='word_1_287' title='bbox 2029 3941 2280 4011; x_wconf 76' lang='lat' dir='ltr'><strong>gignendi</strong></span> 
     </span>
    </p>
   </div>
   <div class='ocr_carea' id='block_1_39' title="bbox 721 4025 2001 4096">
    <p class='ocr_par' dir='ltr' id='par_1_39' title="bbox 721 4025 2001 4096">
     <span class='ocr_line' id='line_1_39' title="bbox 721 4025 2001 4096; baseline 0.005 -18"><span class='ocrx_word' id='word_1_288' title='bbox 721 4034 875 4079; x_wconf 90' lang='lat' dir='ltr'><strong>erant</strong></span> <span class='ocrx_word' id='word_1_289' title='bbox 909 4025 1234 4093; x_wconf 87' lang='lat' dir='ltr'><strong>loqueretur.</strong></span> <span class='ocrx_word' id='word_1_290' title='bbox 1270 4025 1454 4096; x_wconf 86' lang='lat' dir='ltr'><strong>Neque</strong></span> <span class='ocrx_word' id='word_1_291' title='bbox 1496 4028 1672 4083; x_wconf 81' lang='lat' dir='ltr'><strong>diﬂ&#39;ert</strong></span> <span class='ocrx_word' id='word_1_292' title='bbox 1706 4030 2001 4084; x_wconf 89' lang='lat' dir='ltr'><strong>ullatenus.</strong></span> 
     </span>
    </p>
   </div>
   <div class='ocr_carea' id='block_1_40' title="bbox 792 4203 2279 4276">
    <p class='ocr_par' dir='ltr' id='par_1_40' title="bbox 792 4203 2279 4276">
     <span class='ocr_line' id='line_1_40' title="bbox 792 4203 2279 4276; baseline 0.001 -18"><span class='ocrx_word' id='word_1_293' title='bbox 792 4208 857 4259; x_wconf 75' lang='lat' dir='ltr'><strong>Et</strong></span> <span class='ocrx_word' id='word_1_294' title='bbox 901 4207 988 4259; x_wconf 88' lang='lat' dir='ltr'><strong>hic</strong></span> <span class='ocrx_word' id='word_1_295' title='bbox 1017 4205 1083 4260; x_wconf 83' lang='lat' dir='ltr'><strong>de</strong></span> <span class='ocrx_word' id='word_1_296' title='bbox 1135 4203 1234 4259; x_wconf 80' lang='lat' dir='ltr'><strong>Job</strong></span> <span class='ocrx_word' id='word_1_297' title='bbox 1266 4205 1471 4259; x_wconf 85' lang='lat' dir='ltr'><strong>dictum</strong></span> <span class='ocrx_word' id='word_1_298' title='bbox 1523 4216 1656 4259; x_wconf 89' lang='lat' dir='ltr'><strong>est:</strong></span> <span class='ocrx_word' id='word_1_299' title='bbox 1699 4205 1855 4259; x_wconf 84' lang='lat' dir='ltr'><strong>Facti</strong></span> <span class='ocrx_word' id='word_1_300' title='bbox 1910 4219 2032 4260; x_wconf 83' lang='lat' dir='ltr'><strong>sunt</strong></span> <span class='ocrx_word' id='word_1_301' title='bbox 2086 4209 2132 4261; x_wconf 85' lang='lat' dir='ltr'><strong>ei</strong></span> <span class='ocrx_word' id='word_1_302' title='bbox 2180 4208 2279 4276; x_wconf 82' lang='lat' dir='ltr'><strong>ﬁlii</strong></span> 
     </span>
    </p>
   </div>
   <div class='ocr_carea' id='block_1_41' title="bbox 721 4295 2277 4370">
    <p class='ocr_par' dir='ltr' id='par_1_41' title="bbox 721 4295 2277 4370">
     <span class='ocr_line' id='line_1_41' title="bbox 721 4295 2277 4370; baseline 0.001 -19"><span class='ocrx_word' id='word_1_303' title='bbox 721 4299 990 4364; x_wconf 76' lang='lat' dir='ltr'><strong>septem&quot;.</strong></span> <span class='ocrx_word' id='word_1_304' title='bbox 1009 4295 1607 4361; x_wconf 85' lang='lat' dir='ltr'><strong>Quemadmadmodum</strong></span> <span class='ocrx_word' id='word_1_305' title='bbox 1632 4308 1684 4352; x_wconf 91' lang='lat' dir='ltr'><strong>et</strong></span> <span class='ocrx_word' id='word_1_306' title='bbox 1709 4297 1918 4368; x_wconf 82' lang='lat' dir='ltr'><strong>Moyses</strong></span> <span class='ocrx_word' id='word_1_307' title='bbox 1945 4300 1994 4351; x_wconf 89' lang='lat' dir='ltr'><strong>in</strong></span> <span class='ocrx_word' id='word_1_308' title='bbox 2022 4300 2134 4370; x_wconf 74' lang='lat' dir='ltr'><strong>lege</strong></span> <span class='ocrx_word' id='word_1_309' title='bbox 2163 4302 2237 4352; x_wconf 87' lang='lat' dir='ltr'><strong>ait</strong></span> <span class='ocrx_word' id='word_1_310' title='bbox 2265 4319 2277 4353; x_wconf 87' lang='lat'><strong>:</strong></span> 
     </span>
    </p>
   </div>
   <div class='ocr_carea' id='block_1_42' title="bbox 724 4384 1186 4440">
    <p class='ocr_par' dir='ltr' id='par_1_42' title="bbox 724 4384 1186 4440">
     <span class='ocr_line' id='line_1_42' title="bbox 724 4384 1186 4440; baseline -0.006 0"><span class='ocrx_word' id='word_1_311' title='bbox 724 4388 780 4440; x_wconf 87' lang='lat' dir='ltr'><strong>Si</strong></span> <span class='ocrx_word' id='word_1_312' title='bbox 809 4387 934 4440; x_wconf 77' lang='lat' dir='ltr'><strong>facti</strong></span> <span class='ocrx_word' id='word_1_313' title='bbox 970 4384 1186 4440; x_wconf 78' lang='lat' dir='ltr'><strong>fuerint.</strong></span> 
     </span>
    </p>
   </div>
   <div class='ocr_carea' id='block_1_43' title="bbox 792 4476 2278 4546">
    <p class='ocr_par' dir='ltr' id='par_1_43' title="bbox 792 4476 2278 4546">
     <span class='ocr_line' id='line_1_43' title="bbox 792 4476 2278 4546; baseline 0.003 -19"><span class='ocrx_word' id='word_1_314' title='bbox 792 4476 1036 4530; x_wconf 83' lang='lat' dir='ltr'><strong>Primum</strong></span> <span class='ocrx_word' id='word_1_315' title='bbox 1084 4477 1458 4546; x_wconf 63' lang='lat' dir='ltr'><strong>quierendutn,</strong></span> <span class='ocrx_word' id='word_1_316' title='bbox 1503 4493 1569 4529; x_wconf 90' lang='lat' dir='ltr'><strong>an</strong></span> <span class='ocrx_word' id='word_1_317' title='bbox 1627 4476 1768 4530; x_wconf 82' lang='lat' dir='ltr'><strong>ﬁlius</strong></span> <span class='ocrx_word' id='word_1_318' title='bbox 1819 4487 1921 4532; x_wconf 88' lang='lat' dir='ltr'><strong>est.</strong></span> <span class='ocrx_word' id='word_1_319' title='bbox 1982 4476 2095 4531; x_wconf 90' lang='lat' dir='ltr'><strong>Hoc</strong></span> <span class='ocrx_word' id='word_1_320' title='bbox 2137 4479 2278 4532; x_wconf 91' lang='lat' dir='ltr'><strong>enim</strong></span> 
     </span>
    </p>
   </div>
   <div class='ocr_carea' id='block_1_44' title="bbox 727 4570 2278 4634">
    <p class='ocr_par' dir='ltr' id='par_1_44' title="bbox 727 4570 2278 4634">
     <span class='ocr_line' id='line_1_44' title="bbox 727 4570 2278 4634; baseline 0.001 -11"><span class='ocrx_word' id='word_1_321' title='bbox 727 4579 1171 4634; x_wconf 80' lang='lat' dir='ltr'><strong>commonstrato,</strong></span> <span class='ocrx_word' id='word_1_322' title='bbox 1227 4571 1366 4624; x_wconf 88' lang='lat' dir='ltr'><strong>cadit</strong></span> <span class='ocrx_word' id='word_1_323' title='bbox 1420 4570 1507 4623; x_wconf 92' lang='lat' dir='ltr'><strong>illa</strong></span> <span class='ocrx_word' id='word_1_324' title='bbox 1554 4571 1620 4623; x_wconf 89' lang='lat' dir='ltr'><strong>de</strong></span> <span class='ocrx_word' id='word_1_325' title='bbox 1671 4585 1725 4622; x_wconf 88' lang='lat' dir='ltr'><strong>re</strong></span> <span class='ocrx_word' id='word_1_326' title='bbox 1782 4570 1920 4624; x_wconf 78' lang='lat' dir='ltr'><strong>facta</strong></span> <span class='ocrx_word' id='word_1_327' title='bbox 1972 4571 2050 4625; x_wconf 83' lang='lat' dir='ltr'><strong>vel</strong></span> <span class='ocrx_word' id='word_1_328' title='bbox 2101 4580 2278 4624; x_wconf 88' lang='lat' dir='ltr'><strong>creata</strong></span> 
     </span>
    </p>
   </div>
   <div class='ocr_carea' id='block_1_45' title="bbox 725 4660 2278 4730">
    <p class='ocr_par' dir='ltr' id='par_1_45' title="bbox 725 4660 2278 4730">
     <span class='ocr_line' id='line_1_45' title="bbox 725 4660 2278 4730; baseline -0.001 -16"><span class='ocrx_word' id='word_1_329' title='bbox 725 4661 961 4730; x_wconf 81' lang='lat' dir='ltr'><strong>suspicio</strong></span> <span class='ocrx_word' id='word_1_330' title='bbox 997 4678 1010 4714; x_wconf 90' lang='lat'>:</span> <span class='ocrx_word' id='word_1_331' title='bbox 1044 4661 1404 4729; x_wconf 87' lang='lat' dir='ltr'><strong>omnibusque</strong></span> <span class='ocrx_word' id='word_1_332' title='bbox 1447 4660 1794 4729; x_wconf 87' lang='lat' dir='ltr'><strong>perspicuum</strong></span> <span class='ocrx_word' id='word_1_333' title='bbox 1844 4672 1941 4725; x_wconf 87' lang='lat' dir='ltr'><strong>est,</strong></span> <span class='ocrx_word' id='word_1_334' title='bbox 1993 4661 2278 4715; x_wconf 85' lang='lat' dir='ltr'><strong>dictionem</strong></span> 
     </span>
    </p>
   </div>
   <div class='ocr_carea' id='block_1_46' title="bbox 728 4753 2282 4823">
    <p class='ocr_par' dir='ltr' id='par_1_46' title="bbox 728 4753 2282 4823">
     <span class='ocr_line' id='line_1_46' title="bbox 728 4753 2282 4823; baseline 0 -18"><span class='ocrx_word' id='word_1_335' title='bbox 728 4770 848 4823; x_wconf 72' lang='lat' dir='ltr'><strong>qua:</strong></span> <span class='ocrx_word' id='word_1_336' title='bbox 892 4754 969 4806; x_wconf 86' lang='lat' dir='ltr'><strong>sic</strong></span> <span class='ocrx_word' id='word_1_337' title='bbox 1000 4753 1187 4816; x_wconf 87' lang='lat' dir='ltr'><strong>habet,</strong></span> <span class='ocrx_word' id='word_1_338' title='bbox 1241 4754 1330 4822; x_wconf 88' lang='lat' dir='ltr'><strong>qui</strong></span> <span class='ocrx_word' id='word_1_339' title='bbox 1379 4753 1500 4816; x_wconf 70' lang='lat' dir='ltr'><strong>fecit</strong></span> <span class='ocrx_word' id='word_1_340' title='bbox 1532 4770 1672 4818; x_wconf 86' lang='lat' dir='ltr'><strong>eum,</strong></span> <span class='ocrx_word' id='word_1_341' title='bbox 1708 4753 1909 4805; x_wconf 88' lang='lat' dir='ltr'><strong>nullam</strong></span> <span class='ocrx_word' id='word_1_342' title='bbox 1960 4769 2149 4805; x_wconf 90' lang='lat' dir='ltr'><strong>eorum</strong></span> <span class='ocrx_word' id='word_1_343' title='bbox 2183 4753 2282 4806; x_wconf 71' lang='lat' dir='ltr'><strong>hae-</strong></span> 
     </span>
    </p>
   </div>
   <div class='ocr_carea' id='block_1_47' title="bbox 726 4845 2278 4915">
    <p class='ocr_par' dir='ltr' id='par_1_47' title="bbox 726 4845 2278 4915">
     <span class='ocr_line' id='line_1_47' title="bbox 726 4845 2278 4915; baseline 0 -17"><span class='ocrx_word' id='word_1_344' title='bbox 726 4847 829 4898; x_wconf 86' lang='lat' dir='ltr'><strong>resi</strong></span> <span class='ocrx_word' id='word_1_345' title='bbox 880 4847 1161 4900; x_wconf 80' lang='lat' dir='ltr'><strong>utilitatem</strong></span> <span class='ocrx_word' id='word_1_346' title='bbox 1205 4845 1418 4906; x_wconf 70' lang='lat' dir='ltr'><strong>afferre,</strong></span> <span class='ocrx_word' id='word_1_347' title='bbox 1472 4847 1580 4898; x_wconf 90' lang='lat' dir='ltr'><strong>imo</strong></span> <span class='ocrx_word' id='word_1_348' title='bbox 1629 4845 1807 4915; x_wconf 85' lang='lat' dir='ltr'><strong>potius</strong></span> <span class='ocrx_word' id='word_1_349' title='bbox 1855 4845 2278 4898; x_wconf 84' lang='lat' dir='ltr'><strong>damnationem.</strong></span> 
     </span>
    </p>
   </div>
   <div class='ocr_carea' id='block_1_48' title="bbox 727 4935 2282 5004">
    <p class='ocr_par' dir='ltr' id='par_1_48' title="bbox 727 4935 2282 5004">
     <span class='ocr_line' id='line_1_48' title="bbox 727 4935 2282 5004; baseline -0.002 -14"><span class='ocrx_word' id='word_1_350' title='bbox 727 4935 1014 4990; x_wconf 87' lang='lat' dir='ltr'><strong>Ostensum</strong></span> <span class='ocrx_word' id='word_1_351' title='bbox 1055 4938 1195 4990; x_wconf 89' lang='lat' dir='ltr'><strong>enim</strong></span> <span class='ocrx_word' id='word_1_352' title='bbox 1232 4936 1351 4997; x_wconf 77' lang='lat' dir='ltr'><strong>fuit,</strong></span> <span class='ocrx_word' id='word_1_353' title='bbox 1390 4951 1595 4998; x_wconf 83' lang='lat' dir='ltr'><strong>vocem,</strong></span> <span class='ocrx_word' id='word_1_354' title='bbox 1642 4941 1814 5004; x_wconf 76' lang='lat' dir='ltr'><strong>[actus</strong></span> <span class='ocrx_word' id='word_1_355' title='bbox 1850 4947 1944 5000; x_wconf 84' lang='lat' dir='ltr'><strong>est,</strong></span> <span class='ocrx_word' id='word_1_356' title='bbox 1973 4937 2134 4990; x_wconf 90' lang='lat' dir='ltr'><strong>etiam</strong></span> <span class='ocrx_word' id='word_1_357' title='bbox 2187 4949 2282 5004; x_wconf 89' lang='lat' dir='ltr'><strong>pro</strong></span> 
     </span>
    </p>
   </div>
   <div class='ocr_carea' id='block_1_49' title="bbox 727 5027 2280 5099">
    <p class='ocr_par' dir='ltr' id='par_1_49' title="bbox 727 5027 2280 5099">
     <span class='ocr_line' id='line_1_49' title="bbox 727 5027 2280 5099; baseline -0.002 -17"><span class='ocrx_word' id='word_1_358' title='bbox 727 5029 998 5099; x_wconf 78' lang='lat' dir='ltr'><strong>germanis</strong></span> <span class='ocrx_word' id='word_1_359' title='bbox 1024 5038 1077 5082; x_wconf 89' lang='lat' dir='ltr'><strong>et</strong></span> <span class='ocrx_word' id='word_1_360' title='bbox 1120 5030 1458 5082; x_wconf 72' lang='lat' dir='ltr'><strong>naturalibus</strong></span> <span class='ocrx_word' id='word_1_361' title='bbox 1504 5029 1628 5082; x_wconf 91' lang='lat' dir='ltr'><strong>liliis</strong></span> <span class='ocrx_word' id='word_1_362' title='bbox 1664 5029 1716 5081; x_wconf 86' lang='lat' dir='ltr'><strong>in</strong></span> <span class='ocrx_word' id='word_1_363' title='bbox 1763 5029 1946 5082; x_wconf 73' lang='lat' dir='ltr'><strong>divina</strong></span> <span class='ocrx_word' id='word_1_364' title='bbox 2001 5027 2280 5096; x_wconf 85' lang='lat' dir='ltr'><strong>Scriptura</strong></span> 
     </span>
    </p>
   </div>
   <div class='ocr_carea' id='block_1_50' title="bbox 2444 2117 3928 2191">
    <p class='ocr_par' dir='ltr' id='par_1_50' title="bbox 2444 2117 3928 2191">
     <span class='ocr_line' id='line_1_50' title="bbox 2444 2117 3928 2191; baseline -0.008 -13"><span class='ocrx_word' id='word_1_365' title='bbox 2444 2119 2868 2177; x_wconf 67' lang='lat' dir='ltr'><strong>&#39;AOANAZIOY.</strong></span> <span class='ocrx_word' id='word_1_366' title='bbox 2906 2117 2978 2171; x_wconf 78' lang='grc' dir='ltr'><strong>Τό</strong></span> <span class='ocrx_word' id='word_1_367' title='bbox 3005 2135 3067 2186; x_wconf 85' lang='grc' dir='ltr'><strong>γε</strong></span> <span class='ocrx_word' id='word_1_368' title='bbox 3091 2118 3165 2189; x_wconf 73' lang='grc'><strong>(1)</strong></span> <span class='ocrx_word' id='word_1_369' title='bbox 3198 2119 3303 2191; x_wconf 87' lang='grc' dir='ltr'>μὴν</span> <span class='ocrx_word' id='word_1_370' title='bbox 3330 2119 3504 2187; x_wconf 85' lang='grc' dir='ltr'>λέγειν</span> <span class='ocrx_word' id='word_1_371' title='bbox 3551 2120 3648 2188; x_wconf 86' lang='grc' dir='ltr'>τὴν</span> <span class='ocrx_word' id='word_1_372' title='bbox 3679 2121 3928 2191; x_wconf 77' lang='grc' dir='ltr'>Γραφήνο</span> 
     </span>
    </p>
   </div>
   <div class='ocr_carea' id='block_1_51' title="bbox 2388 2211 3942 2285">
    <p class='ocr_par' dir='ltr' id='par_1_51' title="bbox 2388 2211 3942 2285">
     <span class='ocr_line' id='line_1_51' title="bbox 2388 2211 3942 2285; baseline -0.001 -17"><span class='ocrx_word' id='word_1_373' title='bbox 2388 2216 2687 2285; x_wconf 73' lang='grc' dir='ltr'><strong>Ἐγένοντο</strong></span> <span class='ocrx_word' id='word_1_374' title='bbox 2709 2211 2776 2266; x_wconf 84' lang='grc' dir='ltr'>δὲ</span> <span class='ocrx_word' id='word_1_375' title='bbox 2804 2211 2963 2275; x_wconf 86' lang='grc' dir='ltr'><strong>αὑτῷ</strong></span> <span class='ocrx_word' id='word_1_376' title='bbox 2979 2211 3125 2264; x_wconf 75' lang='grc' dir='ltr'><strong>ἑπτὰ</strong></span> <span class='ocrx_word' id='word_1_377' title='bbox 3149 2213 3283 2278; x_wconf 80' lang='lat' dir='ltr'><strong>vlol,</strong></span> <span class='ocrx_word' id='word_1_378' title='bbox 3309 2213 3402 2266; x_wconf 80' lang='grc' dir='ltr'><strong>καὶ</strong></span> <span class='ocrx_word' id='word_1_379' title='bbox 3426 2211 3563 2281; x_wconf 82' lang='grc' dir='ltr'>πρὸς</span> <span class='ocrx_word' id='word_1_380' title='bbox 3583 2214 3709 2274; x_wconf 75' lang='grc' dir='ltr'>τοὺς</span> <span class='ocrx_word' id='word_1_381' title='bbox 3748 2214 3942 2282; x_wconf 79' lang='grc' dir='ltr'>’Δρειο-</span> 
     </span>
    </p>
   </div>
   <div class='ocr_carea' id='block_1_52' title="bbox 2380 2302 3942 2376">
    <p class='ocr_par' dir='ltr' id='par_1_52' title="bbox 2380 2302 3942 2376">
     <span class='ocr_line' id='line_1_52' title="bbox 2380 2302 3942 2376; baseline -0.003 -16"><span class='ocrx_word' id='word_1_382' title='bbox 2380 2308 2604 2376; x_wconf 86' lang='grc' dir='ltr'>μανίτας</span> <span class='ocrx_word' id='word_1_383' title='bbox 2635 2308 2762 2376; x_wconf 72' lang='grc' dir='ltr'>ἡμῖν</span> <span class='ocrx_word' id='word_1_384' title='bbox 2795 2302 3167 2373; x_wconf 75' lang='grc' dir='ltr'>συμϐαλεῖται·</span> <span class='ocrx_word' id='word_1_385' title='bbox 3199 2304 3247 2356; x_wconf 86' lang='grc' dir='ltr'>οἳ</span> <span class='ocrx_word' id='word_1_386' title='bbox 3284 2305 3358 2367; x_wconf 83' lang='grc' dir='ltr'><strong>ὡς</strong></span> <span class='ocrx_word' id='word_1_387' title='bbox 3391 2305 3531 2374; x_wconf 86' lang='grc' dir='ltr'>μέγα</span> <span class='ocrx_word' id='word_1_388' title='bbox 3572 2302 3827 2374; x_wconf 71' lang='grc' dir='ltr'>βοήθημα</span> <span class='ocrx_word' id='word_1_389' title='bbox 3853 2306 3942 2374; x_wconf 76' lang='grc' dir='ltr'>τῆς</span> 
     </span>
    </p>
   </div>
   <div class='ocr_carea' id='block_1_53' title="bbox 2376 2394 3943 2470">
    <p class='ocr_par' dir='ltr' id='par_1_53' title="bbox 2376 2394 3943 2470">
     <span class='ocr_line' id='line_1_53' title="bbox 2376 2394 3943 2470; baseline -0.003 -19"><span class='ocrx_word' id='word_1_390' title='bbox 2376 2400 2635 2470; x_wconf 77' lang='grc' dir='ltr'>αἱρέσεως</span> <span class='ocrx_word' id='word_1_391' title='bbox 2663 2395 2840 2450; x_wconf 69' lang='grc' dir='ltr'>αὐτῶν</span> <span class='ocrx_word' id='word_1_392' title='bbox 2889 2395 3176 2463; x_wconf 82' lang='grc' dir='ltr'>κατέχουσι</span> <span class='ocrx_word' id='word_1_393' title='bbox 3213 2395 3273 2446; x_wconf 83' lang='grc' dir='ltr'><strong>τὸ</strong></span> <span class='ocrx_word' id='word_1_394' title='bbox 3320 2395 3449 2465; x_wconf 74' lang='grc' dir='ltr'>περὶ</span> <span class='ocrx_word' id='word_1_395' title='bbox 3487 2394 3580 2448; x_wconf 88' lang='grc' dir='ltr'><strong>τοῦ</strong></span> <span class='ocrx_word' id='word_1_396' title='bbox 3615 2396 3943 2462; x_wconf 83' lang='grc' dir='ltr'>Μονογενοῦς</span> 
     </span>
    </p>
   </div>
   <div class='ocr_carea' id='block_1_54' title="bbox 2380 2483 3945 2560">
    <p class='ocr_par' dir='ltr' id='par_1_54' title="bbox 2380 2483 3945 2560">
     <span class='ocr_line' id='line_1_54' title="bbox 2380 2483 3945 2560; baseline -0.003 -17"><span class='ocrx_word' id='word_1_397' title='bbox 2380 2490 2531 2560; x_wconf 68' lang='grc' dir='ltr'>παρὰ</span> <span class='ocrx_word' id='word_1_398' title='bbox 2561 2488 2654 2541; x_wconf 84' lang='grc' dir='ltr'><strong>τοῦ</strong></span> <span class='ocrx_word' id='word_1_399' title='bbox 2689 2485 3007 2540; x_wconf 81' lang='grc' dir='ltr'>’Λποστόλου</span> <span class='ocrx_word' id='word_1_400' title='bbox 3040 2485 3329 2555; x_wconf 84' lang='grc' dir='ltr'>λεγόμενον</span> <span class='ocrx_word' id='word_1_401' title='bbox 3351 2501 3363 2511; x_wconf 78' lang='lat'><strong><em>°</em></strong></span> <span class='ocrx_word' id='word_1_402' title='bbox 3416 2484 3644 2537; x_wconf 80' lang='grc' dir='ltr'>Πιστὸν</span> <span class='ocrx_word' id='word_1_403' title='bbox 3691 2485 3839 2538; x_wconf 74' lang='grc' dir='ltr'>ὄντα</span> <span class='ocrx_word' id='word_1_404' title='bbox 3875 2483 3945 2549; x_wconf 81' lang='grc' dir='ltr'>τῷ</span> 
     </span>
    </p>
   </div>
   <div class='ocr_carea' id='block_1_55' title="bbox 2379 2572 3945 2646">
    <p class='ocr_par' dir='ltr' id='par_1_55' title="bbox 2379 2572 3945 2646">
     <span class='ocr_line' id='line_1_55' title="bbox 2379 2572 3945 2646; baseline -0.003 -13"><span class='ocrx_word' id='word_1_405' title='bbox 2379 2582 2696 2646; x_wconf 72' lang='grc' dir='ltr'>ποιήσαντι</span> <span class='ocrx_word' id='word_1_406' title='bbox 2745 2579 2959 2630; x_wconf 78' lang='grc' dir='ltr'><strong>αὐτόν·</strong></span> <span class='ocrx_word' id='word_1_407' title='bbox 3009 2577 3102 2627; x_wconf 65' lang='grc' dir='ltr'>καὶ</span> <span class='ocrx_word' id='word_1_408' title='bbox 3157 2575 3514 2643; x_wconf 78' lang='grc' dir='ltr'><strong>φιλονεικοῦσι</strong></span> <span class='ocrx_word' id='word_1_409' title='bbox 3564 2577 3780 2646; x_wconf 81' lang='grc' dir='ltr'>ποίημα</span> <span class='ocrx_word' id='word_1_410' title='bbox 3819 2572 3945 2630; x_wconf 76' lang='grc' dir='ltr'>εἶναι</span> 
     </span>
    </p>
   </div>
   <div class='ocr_carea' id='block_1_56' title="bbox 2378 2664 3945 2735">
    <p class='ocr_par' dir='ltr' id='par_1_56' title="bbox 2378 2664 3945 2735">
     <span class='ocr_line' id='line_1_56' title="bbox 2378 2664 3945 2735; baseline -0.001 -15"><span class='ocrx_word' id='word_1_411' title='bbox 2378 2670 2466 2721; x_wconf 73' lang='grc' dir='ltr'><strong>τὸν</strong></span> <span class='ocrx_word' id='word_1_412' title='bbox 2493 2668 2586 2721; x_wconf 86' lang='grc' dir='ltr'><strong>τοῦ</strong></span> <span class='ocrx_word' id='word_1_413' title='bbox 2612 2666 2744 2720; x_wconf 86' lang='grc' dir='ltr'>Θεοῦ</span> <span class='ocrx_word' id='word_1_414' title='bbox 2773 2666 2918 2719; x_wconf 84' lang='grc' dir='ltr'>Υίόν.</span> <span class='ocrx_word' id='word_1_415' title='bbox 2959 2666 3113 2717; x_wconf 86' lang='grc' dir='ltr'>Ἐστι</span> <span class='ocrx_word' id='word_1_416' title='bbox 3163 2664 3219 2717; x_wconf 84' lang='grc' dir='ltr'>δὲ</span> <span class='ocrx_word' id='word_1_417' title='bbox 3257 2666 3436 2727; x_wconf 71' lang='grc' dir='ltr'>αὐτοῖς</span> <span class='ocrx_word' id='word_1_418' title='bbox 3482 2667 3725 2735; x_wconf 69' lang='grc' dir='ltr'>κάλαμος</span> <span class='ocrx_word' id='word_1_419' title='bbox 3767 2667 3945 2719; x_wconf 80' lang='grc' dir='ltr'>τεθλα-</span> 
     </span>
    </p>
   </div>
   <div class='ocr_carea' id='block_1_57' title="bbox 2380 2753 3945 2827">
    <p class='ocr_par' dir='ltr' id='par_1_57' title="bbox 2380 2753 3945 2827">
     <span class='ocr_line' id='line_1_57' title="bbox 2380 2753 3945 2827; baseline -0.003 -17"><span class='ocrx_word' id='word_1_420' title='bbox 2380 2758 2570 2827; x_wconf 79' lang='grc' dir='ltr'>σμένος</span> <span class='ocrx_word' id='word_1_421' title='bbox 2622 2756 2776 2809; x_wconf 85' lang='grc' dir='ltr'>τοῦτο</span> <span class='ocrx_word' id='word_1_422' title='bbox 2833 2759 2888 2807; x_wconf 81' lang='grc' dir='ltr'><strong>τὸ</strong></span> <span class='ocrx_word' id='word_1_423' title='bbox 2920 2754 3168 2825; x_wconf 76' lang='grc' dir='ltr'>ἔρεισμα.</span> <span class='ocrx_word' id='word_1_424' title='bbox 3218 2753 3387 2806; x_wconf 83' lang='grc' dir='ltr'>Ὅταν</span> <span class='ocrx_word' id='word_1_425' title='bbox 3441 2755 3538 2823; x_wconf 82' lang='grc' dir='ltr'><strong>μὲν</strong></span> <span class='ocrx_word' id='word_1_426' title='bbox 3593 2756 3769 2825; x_wconf 79' lang='grc' dir='ltr'>γὰρὴ</span> <span class='ocrx_word' id='word_1_427' title='bbox 3803 2756 3945 2807; x_wconf 72' lang='grc' dir='ltr'>οὐσία</span> 
     </span>
    </p>
   </div>
   <div class='ocr_carea' id='block_1_58' title="bbox 2379 2844 3944 2922">
    <p class='ocr_par' dir='ltr' id='par_1_58' title="bbox 2379 2844 3944 2922">
     <span class='ocr_line' id='line_1_58' title="bbox 2379 2844 3944 2922; baseline -0.001 -22"><span class='ocrx_word' id='word_1_428' title='bbox 2379 2850 2587 2920; x_wconf 84' lang='grc' dir='ltr'>ποίημα</span> <span class='ocrx_word' id='word_1_429' title='bbox 2615 2845 2762 2922; x_wconf 61' lang='lat' dir='ltr'><strong>ﬁxa!</strong></span> <span class='ocrx_word' id='word_1_430' title='bbox 2791 2848 3013 2917; x_wconf 84' lang='grc' dir='ltr'>κτίσμα,</span> <span class='ocrx_word' id='word_1_431' title='bbox 3052 2844 3351 2916; x_wconf 82' lang='grc' dir='ltr'>τηνικαῦτα</span> <span class='ocrx_word' id='word_1_432' title='bbox 3391 2847 3450 2898; x_wconf 79' lang='grc' dir='ltr'><strong>τὸ</strong></span> <span class='ocrx_word' id='word_1_433' title='bbox 3477 2885 3490 2908; x_wconf 86' lang='grc'><strong>,</strong></span> <span class='ocrx_word' id='word_1_434' title='bbox 3531 2846 3809 2912; x_wconf 77' lang='grc' dir='ltr'>ἐποίησε,</span> <span class='ocrx_word' id='word_1_435' title='bbox 3863 2848 3944 2898; x_wconf 73' lang='grc' dir='ltr'><strong>καὶ</strong></span> 
     </span>
    </p>
   </div>
   <div class='ocr_carea' id='block_1_59' title="bbox 2375 2937 3943 3010">
    <p class='ocr_par' dir='ltr' id='par_1_59' title="bbox 2375 2937 3943 3010">
     <span class='ocr_line' id='line_1_59' title="bbox 2375 2937 3943 3010; baseline -0.002 -16"><span class='ocrx_word' id='word_1_436' title='bbox 2375 2944 2454 3004; x_wconf 77' lang='grc' dir='ltr'>τὸ,</span> <span class='ocrx_word' id='word_1_437' title='bbox 2485 2939 2935 3009; x_wconf 78' lang='grc' dir='ltr'>ἐκτισε,·κυρίως</span> <span class='ocrx_word' id='word_1_438' title='bbox 2969 2937 3060 2990; x_wconf 64' lang='grc' dir='ltr'><strong>ἐπὶ</strong></span> <span class='ocrx_word' id='word_1_439' title='bbox 3091 2938 3268 2990; x_wconf 84' lang='grc' dir='ltr'>αὐτῶν</span> <span class='ocrx_word' id='word_1_440' title='bbox 3297 2938 3532 3006; x_wconf 87' lang='grc' dir='ltr'>λέγεται,</span> <span class='ocrx_word' id='word_1_441' title='bbox 3569 2940 3666 2991; x_wconf 75' lang='grc' dir='ltr'>καὶ</span> <span class='ocrx_word' id='word_1_442' title='bbox 3693 2940 3943 3010; x_wconf 75' lang='grc' dir='ltr'>σημαίνει</span> 
     </span>
    </p>
   </div>
   <div class='ocr_carea' id='block_1_60' title="bbox 2374 3027 3944 3101">
    <p class='ocr_par' dir='ltr' id='par_1_60' title="bbox 2374 3027 3944 3101">
     <span class='ocr_line' id='line_1_60' title="bbox 2374 3027 3944 3101; baseline -0.002 -16"><span class='ocrx_word' id='word_1_443' title='bbox 2374 3033 2435 3085; x_wconf 83' lang='grc' dir='ltr'>τὸ</span> <span class='ocrx_word' id='word_1_444' title='bbox 2464 3032 2691 3101; x_wconf 71' lang='grc' dir='ltr'>ποίημαο</span> <span class='ocrx_word' id='word_1_445' title='bbox 2721 3031 2845 3082; x_wconf 81' lang='grc' dir='ltr'>ὅταν</span> <span class='ocrx_word' id='word_1_446' title='bbox 2867 3029 2923 3082; x_wconf 84' lang='grc' dir='ltr'>δὲ</span> <span class='ocrx_word' id='word_1_447' title='bbox 2951 3029 2984 3098; x_wconf 85' lang='grc' dir='ltr'>ἡ</span> <span class='ocrx_word' id='word_1_448' title='bbox 3007 3029 3162 3080; x_wconf 78' lang='grc' dir='ltr'>οὐσία</span> <span class='ocrx_word' id='word_1_449' title='bbox 3180 3029 3427 3098; x_wconf 77' lang='grc' dir='ltr'>γέννημα</span> <span class='ocrx_word' id='word_1_450' title='bbox 3511 3033 3605 3082; x_wconf 75' lang='grc' dir='ltr'>καὶ</span> <span class='ocrx_word' id='word_1_451' title='bbox 3629 3031 3768 3095; x_wconf 85' lang='grc' dir='ltr'>υίὸς,</span> <span class='ocrx_word' id='word_1_452' title='bbox 3796 3031 3855 3082; x_wconf 85' lang='grc' dir='ltr'>τό</span> <span class='ocrx_word' id='word_1_453' title='bbox 3872 3047 3944 3092; x_wconf 86' lang='grc' dir='ltr'><strong>τε,</strong></span> 
     </span>
    </p>
   </div>
   <div class='ocr_carea' id='block_1_61' title="bbox 2374 3121 3944 3190">
    <p class='ocr_par' dir='ltr' id='par_1_61' title="bbox 2374 3121 3944 3190">
     <span class='ocr_line' id='line_1_61' title="bbox 2374 3121 3944 3190; baseline -0.003 -13"><span class='ocrx_word' id='word_1_454' title='bbox 2374 3125 2642 3190; x_wconf 69' lang='grc' dir='ltr'>ἐποίησε,</span> <span class='ocrx_word' id='word_1_455' title='bbox 2676 3122 2766 3174; x_wconf 72' lang='grc' dir='ltr'><strong>καὶ</strong></span> <span class='ocrx_word' id='word_1_456' title='bbox 2797 3121 2879 3183; x_wconf 85' lang='grc' dir='ltr'><strong>τὸ,</strong></span> <span class='ocrx_word' id='word_1_457' title='bbox 2909 3121 3166 3189; x_wconf 77' lang='grc' dir='ltr'>ἐγένετο,</span> <span class='ocrx_word' id='word_1_458' title='bbox 3199 3124 3291 3174; x_wconf 72' lang='grc' dir='ltr'><strong>καὶ</strong></span> <span class='ocrx_word' id='word_1_459' title='bbox 3319 3122 3399 3180; x_wconf 82' lang='grc' dir='ltr'><strong>τὸ,</strong></span> <span class='ocrx_word' id='word_1_460' title='bbox 3434 3121 3699 3180; x_wconf 79' lang='grc' dir='ltr'>ἔκτισεν,</span> <span class='ocrx_word' id='word_1_461' title='bbox 3727 3121 3826 3173; x_wconf 81' lang='grc' dir='ltr'><strong>οὑκ</strong></span> <span class='ocrx_word' id='word_1_462' title='bbox 3872 3121 3944 3172; x_wconf 82' lang='grc' dir='ltr'>ἔτι</span> 
     </span>
    </p>
   </div>
   <div class='ocr_carea' id='block_1_62' title="bbox 2378 3209 3945 3286">
    <p class='ocr_par' dir='ltr' id='par_1_62' title="bbox 2378 3209 3945 3282">
     <span class='ocr_line' id='line_1_62' title="bbox 2378 3209 3945 3282; baseline -0.002 -17"><span class='ocrx_word' id='word_1_463' title='bbox 2378 3213 2576 3282; x_wconf 82' lang='grc' dir='ltr'><strong>κυρίως</strong></span> <span class='ocrx_word' id='word_1_464' title='bbox 2605 3211 2689 3263; x_wconf 74' lang='grc' dir='ltr'><strong>ἐπ’</strong></span> <span class='ocrx_word' id='word_1_465' title='bbox 2729 3209 2889 3262; x_wconf 74' lang='grc' dir='ltr'>αὑτοῦ</span> <span class='ocrx_word' id='word_1_466' title='bbox 2921 3213 3114 3272; x_wconf 85' lang='grc' dir='ltr'>κεῖται,</span> <span class='ocrx_word' id='word_1_467' title='bbox 3144 3211 3263 3264; x_wconf 79' lang='grc' dir='ltr'>οὐδὲ</span> <span class='ocrx_word' id='word_1_468' title='bbox 3295 3212 3500 3281; x_wconf 81' lang='grc' dir='ltr'>ποίημα</span> <span class='ocrx_word' id='word_1_469' title='bbox 3541 3210 3945 3280; x_wconf 76' lang='grc' dir='ltr'>σημαίνει,ἁλλ⁹</span> 
     </span>
    </p>
   </div>
   <div class='ocr_carea' id='block_1_63' title="bbox 2377 3301 3939 3373">
    <p class='ocr_par' dir='ltr' id='par_1_63' title="bbox 2377 3301 3939 3373">
     <span class='ocr_line' id='line_1_63' title="bbox 2377 3301 3939 3373; baseline -0.001 -18"><span class='ocrx_word' id='word_1_470' title='bbox 2377 3304 2493 3355; x_wconf 77' lang='grc' dir='ltr'>ἀντὶ</span> <span class='ocrx_word' id='word_1_471' title='bbox 2525 3302 2617 3354; x_wconf 87' lang='grc' dir='ltr'><strong>τοῦ</strong></span> <span class='ocrx_word' id='word_1_472' title='bbox 2643 3301 2933 3370; x_wconf 63' lang='grc' dir='ltr'>ἐγέννησε</span> <span class='ocrx_word' id='word_1_473' title='bbox 2989 3301 3067 3371; x_wconf 83' lang='grc' dir='ltr'>τῷ</span> <span class='ocrx_word' id='word_1_474' title='bbox 3097 3303 3382 3368; x_wconf 77' lang='grc' dir='ltr'>ἐποίησεν</span> <span class='ocrx_word' id='word_1_475' title='bbox 3405 3303 3713 3373; x_wconf 77' lang='grc' dir='ltr'><strong>ἀδιαφόρως</strong></span> <span class='ocrx_word' id='word_1_476' title='bbox 3741 3320 3822 3365; x_wconf 88' lang='grc' dir='ltr'><strong>τις</strong></span> <span class='ocrx_word' id='word_1_477' title='bbox 3855 3303 3939 3354; x_wconf 80' lang='grc' dir='ltr'>κέ-</span> 
     </span>
    </p>
   </div>
   <div class='ocr_carea' id='block_1_64' title="bbox 2378 3390 3934 3464">
    <p class='ocr_par' dir='ltr' id='par_1_64' title="bbox 2378 3390 3934 3464">
     <span class='ocr_line' id='line_1_64' title="bbox 2378 3390 3934 3464; baseline -0.001 -20"><span class='ocrx_word' id='word_1_478' title='bbox 2378 3410 2573 3464; x_wconf 81' lang='grc' dir='ltr'>χρηται</span> <span class='ocrx_word' id='word_1_479' title='bbox 2621 3394 2842 3462; x_wconf 82' lang='grc' dir='ltr'>ῥήματι.</span> <span class='ocrx_word' id='word_1_480' title='bbox 2911 3392 3072 3443; x_wconf 77' lang='grc' dir='ltr'>Ὥστε</span> <span class='ocrx_word' id='word_1_481' title='bbox 3127 3390 3566 3458; x_wconf 80' lang='grc' dir='ltr'>καταγνώσονται</span> <span class='ocrx_word' id='word_1_482' title='bbox 3625 3393 3834 3445; x_wconf 79' lang='grc' dir='ltr'>ἑαυτῶν</span> <span class='ocrx_word' id='word_1_483' title='bbox 3889 3395 3934 3444; x_wconf 83' lang='grc' dir='ltr'><strong>οι</strong></span> 
     </span>
    </p>
   </div>
   <div class='ocr_carea' id='block_1_65' title="bbox 2390 3481 3942 3554">
    <p class='ocr_par' dir='ltr' id='par_1_65' title="bbox 2390 3481 3942 3554">
     <span class='ocr_line' id='line_1_65' title="bbox 2390 3481 3942 3554; baseline -0.001 -18"><span class='ocrx_word' id='word_1_484' title='bbox 2390 3485 2671 3554; x_wconf 75' lang='grc' dir='ltr'>Ἀρειανοὶ,</span> <span class='ocrx_word' id='word_1_485' title='bbox 2704 3486 2750 3535; x_wconf 83' lang='grc' dir='ltr'><strong>εί</strong></span> <span class='ocrx_word' id='word_1_486' title='bbox 2777 3481 2994 3553; x_wconf 85' lang='grc' dir='ltr'>μάθοιεν</span> <span class='ocrx_word' id='word_1_487' title='bbox 3015 3482 3075 3534; x_wconf 86' lang='grc' dir='ltr'><strong>τὸ</strong></span> <span class='ocrx_word' id='word_1_488' title='bbox 3094 3481 3194 3550; x_wconf 82' lang='grc' dir='ltr'>τῆς</span> <span class='ocrx_word' id='word_1_489' title='bbox 3227 3481 3446 3551; x_wconf 66' lang='grc' dir='ltr'>Γραφῆς</span> <span class='ocrx_word' id='word_1_490' title='bbox 3471 3481 3696 3551; x_wconf 86' lang='grc' dir='ltr'>ἰδίωμα·</span> <span class='ocrx_word' id='word_1_491' title='bbox 3729 3485 3824 3534; x_wconf 66' lang='grc' dir='ltr'>καὶ</span> <span class='ocrx_word' id='word_1_492' title='bbox 3846 3483 3942 3552; x_wconf 69' lang='grc' dir='ltr'><strong>γὰρ</strong></span> 
     </span>
    </p>
   </div>
   <div class='ocr_carea' id='block_1_66' title="bbox 2377 3572 3942 3644">
    <p class='ocr_par' dir='ltr' id='par_1_66' title="bbox 2377 3572 3942 3644">
     <span class='ocr_line' id='line_1_66' title="bbox 2377 3572 3942 3644; baseline -0.002 -18"><span class='ocrx_word' id='word_1_493' title='bbox 2377 3577 2424 3627; x_wconf 86' lang='grc' dir='ltr'><strong>εί</strong></span> <span class='ocrx_word' id='word_1_494' title='bbox 2465 3575 2830 3644; x_wconf 81' lang='grc' dir='ltr'>ποιουμένους,</span> <span class='ocrx_word' id='word_1_495' title='bbox 2853 3573 2945 3626; x_wconf 78' lang='grc' dir='ltr'><strong>καὶ</strong></span> <span class='ocrx_word' id='word_1_496' title='bbox 2973 3572 3305 3642; x_wconf 87' lang='grc' dir='ltr'>γινομένους,</span> <span class='ocrx_word' id='word_1_497' title='bbox 3330 3575 3422 3625; x_wconf 72' lang='grc' dir='ltr'>καὶ</span> <span class='ocrx_word' id='word_1_498' title='bbox 3450 3572 3800 3642; x_wconf 75' lang='grc' dir='ltr'>κτιζομένους</span> <span class='ocrx_word' id='word_1_499' title='bbox 3827 3574 3942 3635; x_wconf 77' lang='grc' dir='ltr'>τοὺς</span> 
     </span>
    </p>
   </div>
   <div class='ocr_carea' id='block_1_67' title="bbox 2378 3652 3942 3735">
    <p class='ocr_par' dir='ltr' id='par_1_67' title="bbox 2378 3652 3942 3735">
     <span class='ocr_line' id='line_1_67' title="bbox 2378 3652 3942 3735; baseline -0.003 -17"><span class='ocrx_word' id='word_1_500' title='bbox 2378 3667 2437 3730; x_wconf 80' lang='grc' dir='ltr'>ἐξ</span> <span class='ocrx_word' id='word_1_501' title='bbox 2488 3666 2663 3719; x_wconf 77' lang='grc' dir='ltr'>αὐτῶν</span> <span class='ocrx_word' id='word_1_502' title='bbox 2697 3665 2994 3735; x_wconf 74' lang='grc' dir='ltr'>φυομένους</span> <span class='ocrx_word' id='word_1_503' title='bbox 3042 3663 3251 3732; x_wconf 82' lang='grc' dir='ltr'>λέγοιεν</span> <span class='ocrx_word' id='word_1_504' title='bbox 3292 3665 3341 3715; x_wconf 79' lang='grc' dir='ltr'><strong>οἱ</strong></span> <span class='ocrx_word' id='word_1_505' title='bbox 3380 3668 3575 3732; x_wconf 81' lang='grc' dir='ltr'>γονεῖς,</span> <span class='ocrx_word' id='word_1_506' title='bbox 3607 3652 3756 3717; x_wconf 77' lang='grc' dir='ltr'>οὐδὲν</span> <span class='ocrx_word' id='word_1_507' title='bbox 3793 3660 3942 3734; x_wconf 73' lang='grc' dir='ltr'>ἦττον</span> 
     </span>
    </p>
   </div>
   <div class='ocr_carea' id='block_1_68' title="bbox 2378 3752 3941 3828">
    <p class='ocr_par' dir='ltr' id='par_1_68' title="bbox 2378 3752 3941 3828">
     <span class='ocr_line' id='line_1_68' title="bbox 2378 3752 3941 3828; baseline -0.004 -17"><span class='ocrx_word' id='word_1_508' title='bbox 2378 3760 2476 3812; x_wconf 73' lang='grc' dir='ltr'><strong>οὐκ</strong></span> <span class='ocrx_word' id='word_1_509' title='bbox 2506 3757 2789 3828; x_wconf 78' lang='grc' dir='ltr'>ἀρνοῦνται</span> <span class='ocrx_word' id='word_1_510' title='bbox 2826 3756 2921 3824; x_wconf 80' lang='grc' dir='ltr'>τὴν</span> <span class='ocrx_word' id='word_1_511' title='bbox 2963 3755 3140 3822; x_wconf 80' lang='grc' dir='ltr'>φύσιν.</span> <span class='ocrx_word' id='word_1_512' title='bbox 3189 3753 3247 3805; x_wconf 91' lang='lat'><strong>&#39;0</strong></span> <span class='ocrx_word' id='word_1_513' title='bbox 3278 3752 3406 3820; x_wconf 88' lang='grc' dir='ltr'>γοῦν</span> <span class='ocrx_word' id='word_1_514' title='bbox 3461 3753 3736 3824; x_wconf 68' lang='grc' dir='ltr'>Ἐζεκίας,</span> <span class='ocrx_word' id='word_1_515' title='bbox 3789 3755 3861 3817; x_wconf 84' lang='grc' dir='ltr'>ὼς</span> <span class='ocrx_word' id='word_1_516' title='bbox 3893 3756 3941 3806; x_wconf 80' lang='grc' dir='ltr'>ὲν</span> 
     </span>
    </p>
   </div>
   <div class='ocr_carea' id='block_1_69' title="bbox 2334 3843 3941 3918">
    <p class='ocr_par' dir='ltr' id='par_1_69' title="bbox 2334 3843 3941 3918">
     <span class='ocr_line' id='line_1_69' title="bbox 2334 3843 3941 3918; baseline -0.005 -14"><span class='ocrx_word' id='word_1_517' title='bbox 2334 3845 2348 3865; x_wconf 84' lang='grc'><strong><em>⁸</em></strong></span> <span class='ocrx_word' id='word_1_518' title='bbox 2381 3851 2458 3905; x_wconf 80' lang='grc' dir='ltr'>τῶ</span> <span class='ocrx_word' id='word_1_519' title='bbox 2513 3850 2707 3918; x_wconf 72' lang='grc' dir='ltr'>Ἠσαίᾳ</span> <span class='ocrx_word' id='word_1_520' title='bbox 2735 3847 3077 3918; x_wconf 82' lang='grc' dir='ltr'>γέγραπται,</span> <span class='ocrx_word' id='word_1_521' title='bbox 3113 3843 3402 3914; x_wconf 82' lang='grc' dir='ltr'>εὐχόμενος</span> <span class='ocrx_word' id='word_1_522' title='bbox 3436 3844 3620 3910; x_wconf 75' lang='grc' dir='ltr'>ἔλεγεν</span> <span class='ocrx_word' id='word_1_523' title='bbox 3644 3863 3655 3874; x_wconf 88' lang='grc'><strong>·</strong></span> <span class='ocrx_word' id='word_1_524' title='bbox 3682 3846 3816 3897; x_wconf 79' lang='grc' dir='ltr'><strong>Ἀπὸ</strong></span> <span class='ocrx_word' id='word_1_525' title='bbox 3842 3846 3941 3912; x_wconf 75' lang='grc' dir='ltr'>γὰρ</span> 
     </span>
    </p>
   </div>
   <div class='ocr_carea' id='block_1_70' title="bbox 2381 3936 3938 4010">
    <p class='ocr_par' dir='ltr' id='par_1_70' title="bbox 2381 3936 3938 4010">
     <span class='ocr_line' id='line_1_70' title="bbox 2381 3936 3938 4010; baseline -0.004 -15"><span class='ocrx_word' id='word_1_526' title='bbox 2381 3943 2475 4010; x_wconf 81' lang='grc' dir='ltr'><strong>τῆς</strong></span> <span class='ocrx_word' id='word_1_527' title='bbox 2524 3942 2761 4010; x_wconf 81' lang='grc' dir='ltr'>σή-μερον</span> <span class='ocrx_word' id='word_1_528' title='bbox 2810 3939 2995 3990; x_wconf 83' lang='grc' dir='ltr'>παιδία</span> <span class='ocrx_word' id='word_1_529' title='bbox 3037 3939 3266 4006; x_wconf 77' lang='grc' dir='ltr'>ποιήσω,</span> <span class='ocrx_word' id='word_1_530' title='bbox 3307 3936 3427 3990; x_wconf 78' lang='grc' dir='ltr'>ἀντὶ</span> <span class='ocrx_word' id='word_1_531' title='bbox 3454 3936 3568 3998; x_wconf 86' lang='grc' dir='ltr'>τοῦ,</span> <span class='ocrx_word' id='word_1_532' title='bbox 3604 3939 3863 4006; x_wconf 81' lang='grc' dir='ltr'>γεννήσω,</span> <span class='ocrx_word' id='word_1_533' title='bbox 3889 3938 3938 3989; x_wconf 78' lang='grc' dir='ltr'><strong>τὸ</strong></span> 
     </span>
    </p>
   </div>
   <div class='ocr_carea' id='block_1_71' title="bbox 2383 4025 3938 4100">
    <p class='ocr_par' dir='ltr' id='par_1_71' title="bbox 2383 4025 3938 4100">
     <span class='ocr_line' id='line_1_71' title="bbox 2383 4025 3938 4100; baseline -0.003 -18"><span class='ocrx_word' id='word_1_534' title='bbox 2383 4030 2612 4097; x_wconf 74' lang='grc' dir='ltr'>ποιήσω</span> <span class='ocrx_word' id='word_1_535' title='bbox 2635 4027 3007 4100; x_wconf 44' lang='grc' dir='ltr'>είρτῖκὼῇκαὶ</span> <span class='ocrx_word' id='word_1_536' title='bbox 3020 4029 3144 4091; x_wconf 71' lang='grc' dir='ltr'>τοὺς</span> <span class='ocrx_word' id='word_1_537' title='bbox 3172 4028 3230 4091; x_wconf 75' lang='grc' dir='ltr'>ἐξ</span> <span class='ocrx_word' id='word_1_538' title='bbox 3255 4025 3418 4080; x_wconf 80' lang='grc' dir='ltr'>αὑτοῦ</span> <span class='ocrx_word' id='word_1_539' title='bbox 3439 4027 3739 4098; x_wconf 78' lang='grc' dir='ltr'>φυομένους</span> <span class='ocrx_word' id='word_1_540' title='bbox 3761 4026 3938 4078; x_wconf 73' lang='grc' dir='ltr'>εἰπών.</span> 
     </span>
    </p>
   </div>
   <div class='ocr_carea' id='block_1_72' title="bbox 2383 4121 2942 4190">
    <p class='ocr_par' dir='ltr' id='par_1_72' title="bbox 2383 4121 2942 4190">
     <span class='ocr_line' id='line_1_72' title="bbox 2383 4121 2942 4190; baseline -0.005 -17"><span class='ocrx_word' id='word_1_541' title='bbox 2383 4121 2491 4174; x_wconf 69' lang='grc' dir='ltr'><strong>Καὶ</strong></span> <span class='ocrx_word' id='word_1_542' title='bbox 2524 4125 2581 4172; x_wconf 84' lang='grc' dir='ltr'><strong>οὑ</strong></span> <span class='ocrx_word' id='word_1_543' title='bbox 2613 4121 2942 4190; x_wconf 71' lang='grc' dir='ltr'>διαφέρεται.</span> 
     </span>
    </p>
   </div>
   <div class='ocr_carea' id='block_1_73' title="bbox 2455 4207 3937 4281">
    <p class='ocr_par' dir='ltr' id='par_1_73' title="bbox 2455 4207 3937 4281">
     <span class='ocr_line' id='line_1_73' title="bbox 2455 4207 3937 4281; baseline -0.003 -17"><span class='ocrx_word' id='word_1_544' title='bbox 2455 4212 2742 4266; x_wconf 82' lang='grc' dir='ltr'>Κάνταῦθα</span> <span class='ocrx_word' id='word_1_545' title='bbox 2769 4212 2824 4264; x_wconf 86' lang='grc' dir='ltr'>δὲ</span> <span class='ocrx_word' id='word_1_546' title='bbox 2865 4209 2992 4281; x_wconf 75' lang='grc' dir='ltr'>περὶ</span> <span class='ocrx_word' id='word_1_547' title='bbox 3031 4207 3126 4263; x_wconf 88' lang='grc' dir='ltr'><strong>τοῦ</strong></span> <span class='ocrx_word' id='word_1_548' title='bbox 3182 4207 3301 4262; x_wconf 72' lang='grc' dir='ltr'><strong>’1ὼὸ</strong></span> <span class='ocrx_word' id='word_1_549' title='bbox 3344 4207 3594 4279; x_wconf 84' lang='grc' dir='ltr'>εἴρηται·</span> <span class='ocrx_word' id='word_1_550' title='bbox 3645 4207 3937 4278; x_wconf 75' lang='grc' dir='ltr'>Ἐγένοντο</span> 
     </span>
    </p>
   </div>
   <div class='ocr_carea' id='block_1_74' title="bbox 2381 4300 3937 4372">
    <p class='ocr_par' dir='ltr' id='par_1_74' title="bbox 2381 4300 3937 4372">
     <span class='ocr_line' id='line_1_74' title="bbox 2381 4300 3937 4372; baseline -0.003 -17"><span class='ocrx_word' id='word_1_551' title='bbox 2381 4303 2447 4356; x_wconf 80' lang='grc' dir='ltr'>δὲ</span> <span class='ocrx_word' id='word_1_552' title='bbox 2469 4304 2627 4369; x_wconf 83' lang='grc' dir='ltr'>αὐτῷ</span> <span class='ocrx_word' id='word_1_553' title='bbox 2653 4304 2764 4357; x_wconf 77' lang='grc' dir='ltr'>υἱοὶ</span> <span class='ocrx_word' id='word_1_554' title='bbox 2792 4303 2941 4354; x_wconf 75' lang='grc' dir='ltr'>ἑπτα</span> <span class='ocrx_word' id='word_1_555' title='bbox 2960 4319 2971 4330; x_wconf 88' lang='grc'><strong>·</strong></span> <span class='ocrx_word' id='word_1_556' title='bbox 3009 4300 3194 4371; x_wconf 82' lang='grc' dir='ltr'>ὥσπερ</span> <span class='ocrx_word' id='word_1_557' title='bbox 3223 4302 3318 4354; x_wconf 73' lang='grc' dir='ltr'>καὶ</span> <span class='ocrx_word' id='word_1_558' title='bbox 3342 4301 3580 4372; x_wconf 84' lang='grc' dir='ltr'>Μωῦσῆς</span> <span class='ocrx_word' id='word_1_559' title='bbox 3615 4301 3670 4353; x_wconf 76' lang='grc' dir='ltr'>ὲν</span> <span class='ocrx_word' id='word_1_560' title='bbox 3697 4301 3774 4370; x_wconf 78' lang='grc' dir='ltr'><strong>τῷ</strong></span> <span class='ocrx_word' id='word_1_561' title='bbox 3805 4300 3937 4369; x_wconf 80' lang='grc' dir='ltr'>νόμῳ</span> 
     </span>
    </p>
   </div>
   <div class='ocr_carea' id='block_1_75' title="bbox 2383 4391 3048 4464">
    <p class='ocr_par' dir='ltr' id='par_1_75' title="bbox 2383 4391 3048 4464">
     <span class='ocr_line' id='line_1_75' title="bbox 2383 4391 3048 4464; baseline -0.005 -18"><span class='ocrx_word' id='word_1_562' title='bbox 2383 4393 2543 4464; x_wconf 83' lang='grc' dir='ltr'>φησίν</span> <span class='ocrx_word' id='word_1_563' title='bbox 2563 4410 2576 4422; x_wconf 92' lang='grc'><strong>·</strong></span> <span class='ocrx_word' id='word_1_564' title='bbox 2623 4393 2746 4444; x_wconf 75' lang='grc' dir='ltr'><strong>Ἐὰν</strong></span> <span class='ocrx_word' id='word_1_565' title='bbox 2770 4391 3048 4460; x_wconf 82' lang='grc' dir='ltr'>γένωνται.</span> 
     </span>
    </p>
   </div>
   <div class='ocr_carea' id='block_1_76' title="bbox 2454 4477 3937 4556">
    <p class='ocr_par' dir='ltr' id='par_1_76' title="bbox 2454 4477 3937 4556">
     <span class='ocr_line' id='line_1_76' title="bbox 2454 4477 3937 4556; baseline -0.005 -19"><span class='ocrx_word' id='word_1_566' title='bbox 2454 4485 2573 4556; x_wconf 81' lang='grc' dir='ltr'><strong>Χρὴ</strong></span> <span class='ocrx_word' id='word_1_567' title='bbox 2605 4484 2862 4554; x_wconf 83' lang='grc' dir='ltr'>πρότερον</span> <span class='ocrx_word' id='word_1_568' title='bbox 2911 4480 3111 4550; x_wconf 75' lang='grc' dir='ltr'>ζητεῖν,</span> <span class='ocrx_word' id='word_1_569' title='bbox 3143 4482 3190 4532; x_wconf 82' lang='grc' dir='ltr'><strong>εί</strong></span> <span class='ocrx_word' id='word_1_570' title='bbox 3227 4479 3337 4544; x_wconf 85' lang='grc' dir='ltr'>υίός</span> <span class='ocrx_word' id='word_1_571' title='bbox 3367 4479 3534 4533; x_wconf 79' lang='grc' dir='ltr'>ἐστιν.</span> <span class='ocrx_word' id='word_1_572' title='bbox 3592 4478 3794 4531; x_wconf 78' lang='grc' dir='ltr'>Τούτου</span> <span class='ocrx_word' id='word_1_573' title='bbox 3841 4477 3937 4547; x_wconf 74' lang='grc' dir='ltr'><strong>γὰρ</strong></span> 
     </span>
    </p>
   </div>
   <div class='ocr_carea' id='block_1_77' title="bbox 2381 4569 3937 4644">
    <p class='ocr_par' dir='ltr' id='par_1_77' title="bbox 2381 4569 3937 4644">
     <span class='ocr_line' id='line_1_77' title="bbox 2381 4569 3937 4644; baseline -0.006 -15"><span class='ocrx_word' id='word_1_574' title='bbox 2381 4574 2854 4644; x_wconf 82' lang='grc' dir='ltr'>ἀποδεικνυμένου,</span> <span class='ocrx_word' id='word_1_575' title='bbox 2894 4571 3124 4625; x_wconf 76' lang='grc' dir='ltr'>παύεται</span> <span class='ocrx_word' id='word_1_576' title='bbox 3149 4573 3180 4642; x_wconf 83' lang='grc' dir='ltr'><strong>ὴ</strong></span> <span class='ocrx_word' id='word_1_577' title='bbox 3206 4572 3333 4640; x_wconf 82' lang='grc' dir='ltr'>περὶ</span> <span class='ocrx_word' id='word_1_578' title='bbox 3375 4569 3468 4623; x_wconf 87' lang='grc' dir='ltr'><strong>τοῦ</strong></span> <span class='ocrx_word' id='word_1_579' title='bbox 3505 4571 3807 4640; x_wconf 81' lang='grc' dir='ltr'>ποιήματος</span> <span class='ocrx_word' id='word_1_580' title='bbox 3855 4571 3937 4621; x_wconf 75' lang='grc' dir='ltr'><strong>καὶ</strong></span> 
     </span>
    </p>
   </div>
   <div class='ocr_carea' id='block_1_78' title="bbox 2382 4658 3937 4733">
    <p class='ocr_par' dir='ltr' id='par_1_78' title="bbox 2382 4658 3937 4733">
     <span class='ocr_line' id='line_1_78' title="bbox 2382 4658 3937 4733; baseline -0.006 -15"><span class='ocrx_word' id='word_1_581' title='bbox 2382 4666 2673 4733; x_wconf 85' lang='grc' dir='ltr'>κτίσματος</span> <span class='ocrx_word' id='word_1_582' title='bbox 2706 4664 2948 4724; x_wconf 83' lang='grc' dir='ltr'>ὑπόνοια,</span> <span class='ocrx_word' id='word_1_583' title='bbox 2988 4663 3080 4715; x_wconf 79' lang='grc' dir='ltr'>καὶ</span> <span class='ocrx_word' id='word_1_584' title='bbox 3114 4660 3321 4730; x_wconf 67' lang='grc' dir='ltr'>φανερὰ</span> <span class='ocrx_word' id='word_1_585' title='bbox 3350 4663 3516 4714; x_wconf 79' lang='grc' dir='ltr'>πᾶσιν</span> <span class='ocrx_word' id='word_1_586' title='bbox 3550 4659 3842 4724; x_wconf 77' lang='grc' dir='ltr'>ἀπόδειξις,</span> <span class='ocrx_word' id='word_1_587' title='bbox 3873 4658 3937 4721; x_wconf 82' lang='grc' dir='ltr'>ὡς</span> 
     </span>
    </p>
   </div>
   <div class='ocr_carea' id='block_1_79' title="bbox 2380 4749 3937 4826">
    <p class='ocr_par' dir='ltr' id='par_1_79' title="bbox 2380 4749 3937 4826">
     <span class='ocr_line' id='line_1_79' title="bbox 2380 4749 3937 4826; baseline -0.006 -19"><span class='ocrx_word' id='word_1_588' title='bbox 2380 4759 2413 4826; x_wconf 83' lang='grc' dir='ltr'>ἡ</span> <span class='ocrx_word' id='word_1_589' title='bbox 2467 4755 2610 4818; x_wconf 77' lang='grc' dir='ltr'>λέξις</span> <span class='ocrx_word' id='word_1_590' title='bbox 2659 4754 2972 4824; x_wconf 82' lang='grc' dir='ltr'>ὴλέγουσα,</span> <span class='ocrx_word' id='word_1_591' title='bbox 3018 4751 3096 4816; x_wconf 84' lang='grc' dir='ltr'>τῷ</span> <span class='ocrx_word' id='word_1_592' title='bbox 3149 4749 3471 4816; x_wconf 75' lang='grc' dir='ltr'>ποιήσαντι</span> <span class='ocrx_word' id='word_1_593' title='bbox 3501 4749 3708 4813; x_wconf 80' lang='grc' dir='ltr'>αὐτὸν,</span> <span class='ocrx_word' id='word_1_594' title='bbox 3744 4750 3842 4802; x_wconf 79' lang='grc' dir='ltr'><strong>οὐκ</strong></span> <span class='ocrx_word' id='word_1_595' title='bbox 3871 4749 3937 4809; x_wconf 82' lang='grc' dir='ltr'><strong>εις</strong></span> 
     </span>
    </p>
   </div>
   <div class='ocr_carea' id='block_1_80' title="bbox 2381 4841 3936 4916">
    <p class='ocr_par' dir='ltr' id='par_1_80' title="bbox 2381 4841 3936 4916">
     <span class='ocr_line' id='line_1_80' title="bbox 2381 4841 3936 4916; baseline -0.004 -18"><span class='ocrx_word' id='word_1_596' title='bbox 2381 4847 2562 4910; x_wconf 75' lang='grc' dir='ltr'>ὄνησίν</span> <span class='ocrx_word' id='word_1_597' title='bbox 2587 4849 2697 4899; x_wconf 80' lang='grc' dir='ltr'>ἐστι</span> <span class='ocrx_word' id='word_1_598' title='bbox 2725 4849 2790 4916; x_wconf 84' lang='grc' dir='ltr'>τῇ</span> <span class='ocrx_word' id='word_1_599' title='bbox 2821 4846 3030 4914; x_wconf 75' lang='grc' dir='ltr'>αἱρέσει</span> <span class='ocrx_word' id='word_1_600' title='bbox 3059 4843 3254 4907; x_wconf 78' lang='grc' dir='ltr'>αὐτῶν,</span> <span class='ocrx_word' id='word_1_601' title='bbox 3277 4841 3413 4896; x_wconf 76' lang='grc' dir='ltr'>ἀλλὰ</span> <span class='ocrx_word' id='word_1_602' title='bbox 3444 4842 3643 4912; x_wconf 71' lang='grc' dir='ltr'>μᾶλλον</span> <span class='ocrx_word' id='word_1_603' title='bbox 3671 4843 3752 4903; x_wconf 84' lang='grc' dir='ltr'><strong>είς</strong></span> <span class='ocrx_word' id='word_1_604' title='bbox 3778 4841 3936 4893; x_wconf 77' lang='grc' dir='ltr'>κατά-</span> 
     </span>
    </p>
   </div>
   <div class='ocr_carea' id='block_1_81' title="bbox 2382 4927 3937 5006">
    <p class='ocr_par' dir='ltr' id='par_1_81' title="bbox 2382 4927 3937 5006">
     <span class='ocr_line' id='line_1_81' title="bbox 2382 4927 3937 5006; baseline -0.004 -19"><span class='ocrx_word' id='word_1_605' title='bbox 2382 4954 2596 5006; x_wconf 79' lang='grc' dir='ltr'>γνωσιν.</span> <span class='ocrx_word' id='word_1_606' title='bbox 2629 4935 2898 4987; x_wconf 85' lang='grc' dir='ltr'>Δέδεικται</span> <span class='ocrx_word' id='word_1_607' title='bbox 2957 4933 3083 5004; x_wconf 85' lang='grc' dir='ltr'>γὰρ,</span> <span class='ocrx_word' id='word_1_608' title='bbox 3130 4933 3210 4984; x_wconf 86' lang='grc' dir='ltr'>ὅτι</span> <span class='ocrx_word' id='word_1_609' title='bbox 3254 4934 3287 5002; x_wconf 78' lang='grc' dir='ltr'>ἡ</span> <span class='ocrx_word' id='word_1_610' title='bbox 3330 4931 3458 4993; x_wconf 88' lang='grc' dir='ltr'>τοῦ,</span> <span class='ocrx_word' id='word_1_611' title='bbox 3489 4930 3770 4998; x_wconf 76' lang='grc' dir='ltr'>ἐποίησε,</span> <span class='ocrx_word' id='word_1_612' title='bbox 3811 4927 3937 4994; x_wconf 79' lang='grc' dir='ltr'>λέξις</span> 
     </span>
    </p>
   </div>
   <div class='ocr_carea' id='block_1_82' title="bbox 2384 5021 3934 5096">
    <p class='ocr_par' dir='ltr' id='par_1_82' title="bbox 2384 5021 3934 5096">
     <span class='ocr_line' id='line_1_82' title="bbox 2384 5021 3934 5096; baseline -0.006 -15"><span class='ocrx_word' id='word_1_613' title='bbox 2384 5032 2475 5081; x_wconf 79' lang='grc' dir='ltr'><strong>καὶ</strong></span> <span class='ocrx_word' id='word_1_614' title='bbox 2508 5028 2598 5081; x_wconf 74' lang='grc' dir='ltr'><strong>ἐπὶ</strong></span> <span class='ocrx_word' id='word_1_615' title='bbox 2648 5028 2752 5078; x_wconf 83' lang='grc' dir='ltr'>τῶν</span> <span class='ocrx_word' id='word_1_616' title='bbox 2781 5025 3016 5096; x_wconf 79' lang='grc' dir='ltr'>γνησίων</span> <span class='ocrx_word' id='word_1_617' title='bbox 3050 5025 3141 5078; x_wconf 74' lang='grc' dir='ltr'>καὶ</span> <span class='ocrx_word' id='word_1_618' title='bbox 3173 5024 3278 5076; x_wconf 84' lang='grc' dir='ltr'>τῶν</span> <span class='ocrx_word' id='word_1_619' title='bbox 3331 5021 3490 5092; x_wconf 83' lang='grc' dir='ltr'>φύσει</span> <span class='ocrx_word' id='word_1_620' title='bbox 3541 5023 3747 5075; x_wconf 88' lang='grc' dir='ltr'>τέκνων</span> <span class='ocrx_word' id='word_1_621' title='bbox 3789 5023 3844 5074; x_wconf 76' lang='grc' dir='ltr'>ὲν</span> <span class='ocrx_word' id='word_1_622' title='bbox 3879 5021 3934 5089; x_wconf 73' lang='grc' dir='ltr'>τῇ</span> 
     </span>
    </p>
   </div>
   <div class='ocr_carea' id='block_1_83' title="bbox 727 5114 2282 5212">
    <p class='ocr_par' dir='ltr' id='par_1_83' title="bbox 727 5118 2275 5188">
     <span class='ocr_line' id='line_1_83' title="bbox 727 5118 2275 5188; baseline -0.004 -14"><span class='ocrx_word' id='word_1_623' title='bbox 727 5121 997 5188; x_wconf 88' lang='lat' dir='ltr'><strong>usurpari.</strong></span> <span class='ocrx_word' id='word_1_624' title='bbox 1027 5120 1203 5184; x_wconf 82' lang='lat' dir='ltr'><strong>Quare</strong></span> <span class='ocrx_word' id='word_1_625' title='bbox 1243 5137 1363 5173; x_wconf 93' lang='lat' dir='ltr'><strong>cum</strong></span> <span class='ocrx_word' id='word_1_626' title='bbox 1405 5122 1836 5174; x_wconf 89' lang='lat' dir='ltr'><strong>demonstratum</strong></span> <span class='ocrx_word' id='word_1_627' title='bbox 1886 5121 1955 5173; x_wconf 90' lang='lat' dir='ltr'><strong>sit</strong></span> <span class='ocrx_word' id='word_1_628' title='bbox 1990 5118 2275 5172; x_wconf 89' lang='lat' dir='ltr'><strong>Dominum</strong></span> 
     </span>
    </p>
   </div>
   <div class='ocr_carea' id='block_1_84' title="bbox 2377 5114 3934 5212">
    <p class='ocr_par' dir='ltr' id='par_1_84' title="bbox 2386 5114 3934 5190">
     <span class='ocr_line' id='line_1_84' title="bbox 2386 5114 3934 5190; baseline -0.006 -18"><span class='ocrx_word' id='word_1_629' title='bbox 2386 5121 2503 5190; x_wconf 67' lang='grc' dir='ltr'>θεία</span> <span class='ocrx_word' id='word_1_630' title='bbox 2530 5121 2700 5172; x_wconf 84' lang='grc' dir='ltr'>κεῖται</span> <span class='ocrx_word' id='word_1_631' title='bbox 2723 5117 2930 5188; x_wconf 79' lang='grc' dir='ltr'>Γραφῇ.</span> <span class='ocrx_word' id='word_1_632' title='bbox 2965 5116 3124 5169; x_wconf 79' lang='grc' dir='ltr'>Ὅθεν</span> <span class='ocrx_word' id='word_1_633' title='bbox 3149 5114 3241 5167; x_wconf 89' lang='grc' dir='ltr'><strong>τοῦ</strong></span> <span class='ocrx_word' id='word_1_634' title='bbox 3264 5115 3468 5186; x_wconf 83' lang='grc' dir='ltr'>Κυρίου</span> <span class='ocrx_word' id='word_1_635' title='bbox 3495 5114 3934 5184; x_wconf 76' lang='grc' dir='ltr'>ἀποδεικνυμένου</span> 
     </span>
    </p>
   </div>
   <div class='ocr_carea' id='block_1_85' title="bbox 726 5209 2283 5274">
    <p class='ocr_par' dir='ltr' id='par_1_85' title="bbox 726 5209 2283 5274">
     <span class='ocr_line' id='line_1_85' title="bbox 726 5209 2283 5274; baseline -0.002 -9"><span class='ocrx_word' id='word_1_636' title='bbox 726 5227 844 5265; x_wconf 89' lang='lat' dir='ltr'><strong>esse</strong></span> <span class='ocrx_word' id='word_1_637' title='bbox 880 5213 1174 5264; x_wconf 88' lang='lat' dir='ltr'><strong>naturalem</strong></span> <span class='ocrx_word' id='word_1_638' title='bbox 1209 5227 1269 5264; x_wconf 91' lang='lat' dir='ltr'><strong>ac</strong></span> <span class='ocrx_word' id='word_1_639' title='bbox 1297 5227 1482 5264; x_wconf 82' lang='lat' dir='ltr'><strong>verum</strong></span> <span class='ocrx_word' id='word_1_640' title='bbox 1516 5211 1684 5263; x_wconf 82' lang='lat' dir='ltr'><strong>tilium</strong></span> <span class='ocrx_word' id='word_1_641' title='bbox 1707 5250 1722 5274; x_wconf 90' lang='lat'><strong>,</strong></span> <span class='ocrx_word' id='word_1_642' title='bbox 1755 5211 1879 5264; x_wconf 87' lang='lat' dir='ltr'><strong>licet</strong></span> <span class='ocrx_word' id='word_1_643' title='bbox 1903 5211 1970 5263; x_wconf 88' lang='lat' dir='ltr'><strong>de</strong></span> <span class='ocrx_word' id='word_1_644' title='bbox 2013 5209 2104 5263; x_wconf 92' lang='lat' dir='ltr'><strong>illo</strong></span> <span class='ocrx_word' id='word_1_645' title='bbox 2134 5209 2283 5263; x_wconf 86' lang='lat' dir='ltr'><strong>dica-</strong></span> 
     </span>
    </p>
   </div>
   <div class='ocr_carea' id='block_1_86' title="bbox 727 5303 2280 5373">
    <p class='ocr_par' dir='ltr' id='par_1_86' title="bbox 727 5303 2280 5373">
     <span class='ocr_line' id='line_1_86' title="bbox 727 5303 2280 5373; baseline -0.003 -14"><span class='ocrx_word' id='word_1_646' title='bbox 727 5319 834 5366; x_wconf 89' lang='lat' dir='ltr'><strong>tur.</strong></span> <span class='ocrx_word' id='word_1_647' title='bbox 886 5305 1056 5373; x_wconf 79' lang='lat' dir='ltr'><strong>factus</strong></span> <span class='ocrx_word' id='word_1_648' title='bbox 1103 5314 1200 5368; x_wconf 79' lang='lat' dir='ltr'><strong>est,</strong></span> <span class='ocrx_word' id='word_1_649' title='bbox 1251 5315 1341 5358; x_wconf 82' lang='lat' dir='ltr'><strong>aut</strong></span> <span class='ocrx_word' id='word_1_650' title='bbox 1377 5305 1627 5359; x_wconf 89' lang='lat' dir='ltr'><strong>conditus</strong></span> <span class='ocrx_word' id='word_1_651' title='bbox 1671 5303 1790 5367; x_wconf 78' lang='lat' dir='ltr'><strong>fuit,</strong></span> <span class='ocrx_word' id='word_1_652' title='bbox 1841 5303 1892 5356; x_wconf 92' lang='lat' dir='ltr'><strong>id</strong></span> <span class='ocrx_word' id='word_1_653' title='bbox 1943 5317 2280 5371; x_wconf 83' lang='lat' dir='ltr'><strong>nequaquam</strong></span> 
     </span>
    </p>
   </div>
   <div class='ocr_carea' id='block_1_87' title="bbox 727 5393 2280 5464">
    <p class='ocr_par' dir='ltr' id='par_1_87' title="bbox 727 5393 2280 5464">
     <span class='ocr_line' id='line_1_87' title="bbox 727 5393 2280 5464; baseline -0.003 -14"><span class='ocrx_word' id='word_1_654' title='bbox 727 5399 798 5451; x_wconf 92' lang='lat' dir='ltr'><strong>ita</strong></span> <span class='ocrx_word' id='word_1_655' title='bbox 832 5398 1027 5451; x_wconf 87' lang='lat' dir='ltr'><strong>dicitur</strong></span> <span class='ocrx_word' id='word_1_656' title='bbox 1051 5413 1114 5450; x_wconf 91' lang='lat' dir='ltr'><strong>ac</strong></span> <span class='ocrx_word' id='word_1_657' title='bbox 1148 5397 1191 5451; x_wconf 91' lang='lat' dir='ltr'><strong>si</strong></span> <span class='ocrx_word' id='word_1_658' title='bbox 1218 5397 1288 5450; x_wconf 81' lang='lat' dir='ltr'><strong>sit</strong></span> <span class='ocrx_word' id='word_1_659' title='bbox 1322 5396 1435 5464; x_wconf 86' lang='lat' dir='ltr'><strong>ipse</strong></span> <span class='ocrx_word' id='word_1_660' title='bbox 1478 5411 1564 5448; x_wconf 89' lang='lat' dir='ltr'><strong>res</strong></span> <span class='ocrx_word' id='word_1_661' title='bbox 1590 5404 1792 5457; x_wconf 88' lang='lat' dir='ltr'><strong>creata,</strong></span> <span class='ocrx_word' id='word_1_662' title='bbox 1829 5395 1922 5449; x_wconf 84' lang='lat' dir='ltr'><strong>sed</strong></span> <span class='ocrx_word' id='word_1_663' title='bbox 1967 5393 2280 5447; x_wconf 79' lang='lat' dir='ltr'><strong>iuditIeren-</strong></span> 
     </span>
    </p>
   </div>
   <div class='ocr_carea' id='block_1_88' title="bbox 729 5487 1678 5544">
    <p class='ocr_par' dir='ltr' id='par_1_88' title="bbox 729 5487 1678 5544">
     <span class='ocr_line' id='line_1_88' title="bbox 729 5487 1678 5544; baseline -0.003 -2"><span class='ocrx_word' id='word_1_664' title='bbox 729 5499 808 5542; x_wconf 91' lang='lat' dir='ltr'><strong>ter</strong></span> <span class='ocrx_word' id='word_1_665' title='bbox 838 5506 898 5544; x_wconf 85' lang='lat' dir='ltr'><strong>ea</strong></span> <span class='ocrx_word' id='word_1_666' title='bbox 935 5505 1063 5544; x_wconf 84' lang='lat' dir='ltr'><strong>voce</strong></span> <span class='ocrx_word' id='word_1_667' title='bbox 1095 5497 1319 5543; x_wconf 89' lang='lat' dir='ltr'><strong>utuntur</strong></span> <span class='ocrx_word' id='word_1_668' title='bbox 1346 5489 1518 5541; x_wconf 89' lang='lat' dir='ltr'><strong>sancti</strong></span> <span class='ocrx_word' id='word_1_669' title='bbox 1559 5487 1678 5539; x_wconf 83' lang='lat' dir='ltr'><strong>viri.</strong></span> 
     </span>
    </p>
   </div>
   <div class='ocr_carea' id='block_1_89' title="bbox 1794 5660 2138 5725">
    <p class='ocr_par' dir='ltr' id='par_1_89' title="bbox 1794 5660 2138 5725">
     <span class='ocr_line' id='line_1_89' title="bbox 1794 5660 2138 5725; baseline 0 -11"><span class='ocrx_word' id='word_1_670' title='bbox 1794 5664 1838 5694; x_wconf 81' lang='lat'><strong>”</strong></span> <span class='ocrx_word' id='word_1_671' title='bbox 1873 5660 1996 5715; x_wconf 75' lang='lat' dir='ltr'><strong>Job-</strong></span> <span class='ocrx_word' id='word_1_672' title='bbox 2020 5678 2057 5725; x_wconf 87' lang='grc' dir='ltr'>ι,</span> <span class='ocrx_word' id='word_1_673' title='bbox 2085 5660 2138 5714; x_wconf 74' lang='grc'><strong>2.</strong></span> 
     </span>
    </p>
   </div>
   <div class='ocr_carea' id='block_1_90' title="bbox 803 5664 1690 5730">
    <p class='ocr_par' dir='ltr' id='par_1_90' title="bbox 803 5664 1690 5730">
     <span class='ocr_line' id='line_1_90' title="bbox 803 5664 1690 5730; baseline -0.006 -9"><span class='ocrx_word' id='word_1_674' title='bbox 803 5667 846 5700; x_wconf 72' lang='grc'><strong>⁸⁷</strong></span> <span class='ocrx_word' id='word_1_675' title='bbox 881 5666 983 5724; x_wconf 81' lang='lat' dir='ltr'><strong>Job</strong></span> <span class='ocrx_word' id='word_1_676' title='bbox 1029 5683 1068 5729; x_wconf 88' lang='lat' dir='ltr'><strong>t,</strong></span> <span class='ocrx_word' id='word_1_677' title='bbox 1092 5668 1145 5722; x_wconf 73' lang='grc'><strong>2.</strong></span> <span class='ocrx_word' id='word_1_678' title='bbox 1251 5667 1296 5698; x_wconf 73' lang='grc'><strong>’⁸</strong></span> <span class='ocrx_word' id='word_1_679' title='bbox 1327 5665 1486 5719; x_wconf 84' lang='lat' dir='ltr'><strong>llehr.</strong></span> <span class='ocrx_word' id='word_1_680' title='bbox 1528 5681 1608 5730; x_wconf 89' lang='grc' dir='ltr'><strong>ιιι,</strong></span> <span class='ocrx_word' id='word_1_681' title='bbox 1637 5664 1690 5717; x_wconf 72' lang='grc'><strong>2.</strong></span> 
     </span>
    </p>
   </div>
   <div class='ocr_carea' id='block_1_91' title="bbox 2391 5201 3935 5282">
    <p class='ocr_par' dir='ltr' id='par_1_91' title="bbox 2391 5201 3935 5282">
     <span class='ocr_line' id='line_1_91' title="bbox 2391 5201 3935 5282; baseline -0.006 -18"><span class='ocrx_word' id='word_1_682' title='bbox 2391 5214 2544 5282; x_wconf 75' lang='grc' dir='ltr'>φύσει</span> <span class='ocrx_word' id='word_1_683' title='bbox 2574 5213 2666 5264; x_wconf 77' lang='grc' dir='ltr'><strong>καὶ</strong></span> <span class='ocrx_word' id='word_1_684' title='bbox 2699 5211 2917 5280; x_wconf 81' lang='grc' dir='ltr'>γνησίου</span> <span class='ocrx_word' id='word_1_685' title='bbox 2948 5207 3084 5272; x_wconf 87' lang='grc' dir='ltr'>υἱοῦ,</span> <span class='ocrx_word' id='word_1_686' title='bbox 3116 5207 3218 5260; x_wconf 70' lang='grc' dir='ltr'>κᾶν</span> <span class='ocrx_word' id='word_1_687' title='bbox 3249 5206 3474 5277; x_wconf 82' lang='grc' dir='ltr'>λέγηται</span> <span class='ocrx_word' id='word_1_688' title='bbox 3529 5208 3614 5258; x_wconf 72' lang='grc' dir='ltr'><strong>ἐπ’</strong></span> <span class='ocrx_word' id='word_1_689' title='bbox 3641 5205 3803 5258; x_wconf 77' lang='grc' dir='ltr'>αὑτοῦ</span> <span class='ocrx_word' id='word_1_690' title='bbox 3829 5201 3935 5273; x_wconf 79' lang='lat' dir='ltr'><strong>(sic)</strong></span> 
     </span>
    </p>
   </div>
   <div class='ocr_carea' id='block_1_92' title="bbox 2389 5296 3937 5369">
    <p class='ocr_par' dir='ltr' id='par_1_92' title="bbox 2389 5296 3937 5369">
     <span class='ocr_line' id='line_1_92' title="bbox 2389 5296 3937 5369; baseline -0.007 -13"><span class='ocrx_word' id='word_1_691' title='bbox 2389 5305 2467 5367; x_wconf 83' lang='grc' dir='ltr'><strong>τὸ,</strong></span> <span class='ocrx_word' id='word_1_692' title='bbox 2522 5303 2828 5369; x_wconf 78' lang='grc' dir='ltr'>ἐποίησεν,</span> <span class='ocrx_word' id='word_1_693' title='bbox 2883 5302 2914 5368; x_wconf 84' lang='grc' dir='ltr'>ἢ</span> <span class='ocrx_word' id='word_1_694' title='bbox 2952 5300 3184 5364; x_wconf 75' lang='grc' dir='ltr'>ἐγένετο,</span> <span class='ocrx_word' id='word_1_695' title='bbox 3237 5298 3335 5367; x_wconf 68' lang='grc' dir='ltr'><strong>οὐχ</strong></span> <span class='ocrx_word' id='word_1_696' title='bbox 3363 5297 3439 5360; x_wconf 84' lang='grc' dir='ltr'>ὡς</span> <span class='ocrx_word' id='word_1_697' title='bbox 3473 5300 3776 5367; x_wconf 83' lang='grc' dir='ltr'>ποιήματος</span> <span class='ocrx_word' id='word_1_698' title='bbox 3806 5296 3937 5356; x_wconf 63' lang='lat' dir='ltr'><strong>om;</strong></span> 
     </span>
    </p>
   </div>
   <div class='ocr_carea' id='block_1_93' title="bbox 2391 5385 3938 5461">
    <p class='ocr_par' dir='ltr' id='par_1_93' title="bbox 2391 5385 3938 5461">
     <span class='ocr_line' id='line_1_93' title="bbox 2391 5385 3938 5461; baseline -0.007 -13"><span class='ocrx_word' id='word_1_699' title='bbox 2391 5394 2552 5449; x_wconf 80' lang='grc' dir='ltr'>αὑτοῦ</span> <span class='ocrx_word' id='word_1_700' title='bbox 2585 5391 2819 5461; x_wconf 86' lang='grc' dir='ltr'>λέγεται,</span> <span class='ocrx_word' id='word_1_701' title='bbox 2850 5390 2964 5445; x_wconf 80' lang='grc' dir='ltr'>ἀλλ’</span> <span class='ocrx_word' id='word_1_702' title='bbox 2991 5389 3296 5460; x_wconf 84' lang='grc' dir='ltr'>αδιαφόρως</span> <span class='ocrx_word' id='word_1_703' title='bbox 3355 5391 3420 5458; x_wconf 78' lang='grc' dir='ltr'>τῇ</span> <span class='ocrx_word' id='word_1_704' title='bbox 3453 5387 3596 5454; x_wconf 78' lang='grc' dir='ltr'>λέξει</span> <span class='ocrx_word' id='word_1_705' title='bbox 3631 5387 3863 5459; x_wconf 81' lang='grc' dir='ltr'>χρῶνται</span> <span class='ocrx_word' id='word_1_706' title='bbox 3897 5385 3938 5436; x_wconf 77' lang='lat' dir='ltr'><strong>oi</strong></span> 
     </span>
    </p>
   </div>
   <div class='ocr_carea' id='block_1_94' title="bbox 2392 5503 2554 5553">
    <p class='ocr_par' dir='ltr' id='par_1_94' title="bbox 2392 5503 2554 5553">
     <span class='ocr_line' id='line_1_94' title="bbox 2392 5503 2554 5553; baseline 0.006 -15"><span class='ocrx_word' id='word_1_707' title='bbox 2392 5503 2554 5553; x_wconf 90' lang='grc' dir='ltr'>αγιοι.</span> 
     </span>
    </p>
   </div>
   <div class='ocr_carea' id='block_1_95' title="bbox 816 5837 2411 5910">
    <p class='ocr_par' dir='ltr' id='par_1_95' title="bbox 816 5837 2411 5910">
     <span class='ocr_line' id='line_1_95' title="bbox 816 5837 2411 5910; baseline -0.009 -6"><span class='ocrx_word' id='word_1_708' title='bbox 816 5848 891 5906; x_wconf 79' lang='lat' dir='ltr'><strong>ll)</strong></span> <span class='ocrx_word' id='word_1_709' title='bbox 927 5845 1048 5902; x_wconf 65' lang='lat' dir='ltr'><strong>Haec</strong></span> <span class='ocrx_word' id='word_1_710' title='bbox 1085 5861 1336 5910; x_wconf 77' lang='lat' dir='ltr'><strong>expressa</strong></span> <span class='ocrx_word' id='word_1_711' title='bbox 1368 5852 1491 5899; x_wconf 86' lang='lat' dir='ltr'><strong>sunt</strong></span> <span class='ocrx_word' id='word_1_712' title='bbox 1520 5857 1585 5897; x_wconf 84' lang='lat' dir='ltr'><strong>ex</strong></span> <span class='ocrx_word' id='word_1_713' title='bbox 1618 5842 1848 5894; x_wconf 82' lang='lat' dir='ltr'><strong>oratione</strong></span> <span class='ocrx_word' id='word_1_714' title='bbox 1885 5854 1920 5892; x_wconf 91' lang='grc' dir='ltr'><strong>ιι</strong></span> <span class='ocrx_word' id='word_1_715' title='bbox 1952 5849 2134 5892; x_wconf 86' lang='lat' dir='ltr'><strong>contra</strong></span> <span class='ocrx_word' id='word_1_716' title='bbox 2165 5837 2411 5891; x_wconf 74' lang='lat' dir='ltr'><strong>Arianos.</strong></span> 
     </span>
    </p>
   </div>
  </div>
