4142 6478
218 445 358 501 1545

1478 430 1901 488 FRAGMENTA
1939 430 2004 484 IN
2038 429 2176 485 JOB.

3303 418 3440 479 1345

333 566 537 622 Niceti:
568 563 897 619 Heracleotes
929 559 1129 616 Catena
1157 558 1208 611 in
1235 556 1355 620 Job,
1397 559 1639 626 quautam
1681 556 1789 609 alia
1833 554 1982 607 habet
2015 563 2255 621 excerpta
2299 566 2363 604 ea:
2403 548 2681 601 Athanasii
2714 543 2951 613 operibus
2978 544 3094 614 jam
3138 542 3318 606 editis,

841 665 1043 708 tantum
1077 651 1355 720 a/feremus
1380 669 1494 721 qua:
1518 666 1770 720 nusquam
1796 657 2003 701 exstant
2033 646 2107 700 rel
2133 646 2417 699 admodum
2451 654 2658 698 mutata
2681 649 2821 695 sunt.

285 776 395 831 Καὶ
426 771 591 829 εἶπεν
622 778 653 829 ό
679 774 820 841 Θεὸς
862 776 939 842 τῷ
979 777 1261 839 διαϐόλῳ·
1306 778 1495 830 Πόθεν
1534 772 1784 843 παραγέ-

1954 771 2020 825 Ει
2050 773 2126 824 ait
2161 771 2298 825 Deus
2328 768 2536 822 diabolo
2562 783 2579 820 :
2606 766 2751 820 Unde
2774 764 2913 818 cenis
2932 762 3014 815 ὀἳ

219 886 399 937 Υονας
418 884 435 931 ὅ

286 957 652 1012 Ἀθανασίου.
686 957 837 1026 Ἀμα
862 956 918 1009 δὲ
955 956 1029 1026 (2)
1060 960 1117 1010 ὲν
1162 956 1370 1019 τούτοις
1412 956 1778 1027 παρίσταται,

218 1050 265 1102 εἰ
296 1049 389 1101 καὶ
413 1047 480 1100 τά
502 1048 700 1117 γενητὰ
726 1048 901 1100 πάντα
924 1050 981 1101 ἐν
1002 1048 1424 1118 μεμερισμένοις
1449 1048 1630 1109 τόποις
1655 1047 1779 1111 eici,

217 1140 501 1210 φωστῆρες
523 1139 619 1209 μὲν
648 1141 704 1190 ἐν
724 1137 798 1208 τῷ
820 1137 1175 1209 στερεώματι,
1203 1139 1335 1209 νέφη
1362 1137 1418 1190 δὲ
1448 1138 1504 1188 ἐν
1535 1136 1612 1206 τῷ
1637 1136 1779 1207 ἀέρι.

218 1231 329 1283 Καὶ
355 1232 465 1293 τοῖς
497 1229 802 1301 ἀνθρώποις
836 1230 1058 1300 ἔστησεν
1088 1230 1209 1300 ὅρια
1231 1229 1397 1282 ὲθνῶν
1416 1246 1429 1259 ⁸
1463 1230 1510 1282 οἱ
1542 1229 1597 1282 δὲ
1624 1230 1785 1297 ἄγγε-

218 1326 299 1367 λοι
332 1315 743 1369 ἀποστέλλονται
768 1319 846 1379 είς
874 1316 1167 1381 διακονίας,
1202 1317 1295 1370 καὶ
1314 1317 1666 1371 ἀναϐαίνουσι
1692 1320 1784 1372 καὶ

218 1405 633 1459 ⁴καταϐαίνουσιν
660 1408 750 1458 ὲπὶ
779 1407 874 1477 τῆς
902 1407 1184 1477 κλίμακος.
1210 1407 1519 1471 Κάνταῦθα,
1543 1405 1781 1475 Ἦλθον,

218 1498 375 1568 φησι,
432 1497 806 1566 παραστῆναι
861 1500 1108 1554 ἐνώπιον
1150 1500 1388 1567 Κυρίου.
1434 1501 1541 1553 Καὶ
1596 1501 1785 1565 πεῦσις

223 1589 425 1657 γίνεται
472 1589 606 1661 πρὸς
639 1589 727 1642 τὸν
758 1587 996 1644 διάϐολον
1023 1609 1035 1621 ·
1097 1592 1285 1645 Πόθεν
1331 1592 1741 1663 παραγέγονας
1766 1609 1784 1657 ;

219 1681 385 1734 Ὥστε
418 1684 472 1735 ὲν
503 1681 650 1752 τόπῳ
679 1682 804 1745 εἰσὶ,
858 1684 951 1736 καὶ
1000 1682 1127 1736 ἔνθα
1172 1685 1625 1751 ἀποστέλλονται,
1674 1687 1788 1739 ἐκεῖ

218 1772 475 1843 πάρεισι·
506 1775 661 1843 μόνος
688 1773 744 1825 δὲ
771 1774 799 1826 6
822 1773 951 1839 Θεὸς
986 1776 1395 1848 ἀπερίγραπτος
1416 1790 1429 1803 ·
1465 1777 1554 1831 τὸν
1587 1796 1787 1832 παντα-

218 1864 317 1934 χοῦ
342 1864 579 1935 παρόντα
604 1862 874 1935 ζητοῦσιν,
901 1866 966 1918 ἶν’
1001 1866 1210 1938 εὕροιεν
1236 1870 1292 1919 ἐν
1322 1868 1503 1939 χωρίῳ
1535 1869 1638 1921 τινὶ
1662 1887 1788 1938 συγ-

219 1950 529 2019 χλειόμενον
549 1950 639 2004 τὸν
662 1951 931 2021 ἀόριστον.
975 1954 1135 2007 Ἀλλά
1166 1956 1224 2009 τὸ
1252 1959 1609 2028 παραστῆναι,
1632 1958 1788 2013 τοῦτό

219 2038 338 2093 ἐστι
360 2040 421 2093 τὸ
454 2043 563 2104 τοῖς
592 2041 885 2114 θελήμασιν
908 2045 1069 2098 αὑτοῦ
1090 2047 1426 2119 τυπωθῆναι,
1447 2051 1540 2103 καὶ
1570 2051 1629 2103 τὸ
1654 2052 1787 2121 πρὸς

219 2130 384 2185 αὐτὸν
411 2130 604 2197 ὀλικῶς
643 2134 1032 2189 ἀνατείνεσθαι.
1086 2137 1218 2191 Θεοῦ
1274 2140 1371 2210 μὲν
1409 2140 1517 2212 γὰρ
1558 2141 1785 2196 ἐνώπιόν

219 2223 337 2276 ἐστι
368 2226 514 2279 πᾶσα
542 2228 573 2296 ἡ
606 2226 801 2290 κτίσις,
830 2228 923 2281 καὶ¹
946 2229 1081 2300 αὑτὴ
1114 2233 1144 2301 ἡ
1178 2232 1513 2305 ἀποστατικὴ
1567 2235 1660 2287 καὶ
1691 2252 1787 2287 πο-

220 2315 511 2386 νηροτάτη,
541 2315 681 2369 κατά
705 2317 765 2369 τὸ
794 2319 1198 2391 ἀπερίγραπτον
1227 2325 1324 2393 τῆς
1344 2324 1527 2387 οὐσίας
1552 2325 1783 2394 ἐκείνης’

225 2406 371 2470 ἰδίως
396 2406 453 2460 δὲ
487 2408 535 2460 οἱ
569 2408 787 2477 ἄγγελοι
844 2411 1063 2481 πάρεισι
1095 2412 1170 2482 τῷ
1200 2413 1350 2485 Θεῷ,
1382 2414 1521 2468 κατά
1554 2415 1644 2468 τὸν
1688 2416 1787 2486 τῆς

222 2497 374 2562 θείας
398 2499 615 2570 ἀγάπης
644 2500 934 2572 ἀκόρεστον
967 2502 1161 2574 ἔρωτα.

307 2677 669 2745 Ἅϐανάσιος.
713 2680 1034 2748 Ἰιγωνίζετο
1070 2682 1168 2752 μὲν
1203 2679 1293 2738 οῦν
1321 2685 1349 2736 6
1395 2684 1533 2749 Ἰὼϐ,
1577 2688 1667 2739 καὶ
1697 2686 1787 2757 μέ-

224 2787 326 2838 γας
352 2765 419 2842 ἦν
445 2772 473 2823 6
508 2774 841 2842 πειρασμός·
882 2775 1081 2844 μείζων
1124 2774 1179 2827 δὲ
1219 2776 1465 2843 ἐφαίνετο
1492 2779 1519 2829 6
1554 2778 1790 2848 ἀθλητὴς

223 2860 317 2914 τοῦ
352 2860 680 2931 πειρασμοῦ.
714 2862 823 2913 Καὶ
874 2863 1037 2925 πολὺς
1090 2862 1188 2932 μὲν
1221 2862 1405 2934 ἔρρεεν
1436 2866 1462 2917 6
1496 2866 1786 2936 πειράζων,

223 2950 318 3003 καὶ
346 2950 577 3019 χαλεπὸς
607 2946 675 3021 ἦν
708 2951 737 3002 6
765 2951 1066 3021 μαχόμενος
1085 2968 1098 2981 ·
1135 2951 1502 3023 ἀνδρειότερος
1535 2952 1591 3005 δὲ
1637 2953 1791 3022 ἐφαί-

221 3057 343 3093 νετο
377 3044 404 3093 6
457 3040 867 3113 πειραζόμενος,
903 3042 1066 3095 νικῶν
1125 3042 1221 3105 τὰς
1278 3045 1645 3115 ἐπιχειρήσεις
1698 3046 1790 3097 καὶ

224 3133 528 3205 προσϐολάς
572 3133 665 3186 τοῦ
716 3134 948 3205 πονηροῦ
996 3133 1073 3205 τῷ
1106 3134 1325 3206 μεγέθει
1382 3136 1483 3205 τῆς
1535 3135 1786 3200 διανοίας.

222 3225 512 3297 Γνὼρισμα
537 3226 634 3296 τῆς
664 3224 911 3297 ἀνδρείας
939 3226 1084 3279 ἐστὶν
1113 3228 1145 3297 ή
1174 3227 1439 3298 ύπομονή.
1474 3227 1656 3301 Ταύτῃ
1682 3228 1789 3300 γάρ

222 3317 453 3381 ἕκαστος
498 3318 603 3372 τῶν
626 3320 795 3388 ἁγίων
845 3320 1019 3392 φέρων
1059 3320 1124 3374 τὰ
1174 3320 1452 3391 συμϐάντα
1499 3323 1554 3374 ὲν
1586 3322 1662 3391 τῷ
1693 3322 1790 3393 βίῳ

222 3410 458 3464 ἐπίπονα
484 3412 579 3464 καὶ
607 3410 845 3483 λυπηρά,
873 3410 1021 3482 ἴσχυε
1048 3412 1187 3464 κατά
1214 3412 1307 3464 τοῦ
1339 3411 1583 3464 διαϐόλου
1600 3429 1612 3441 ’
1648 3414 1788 3483 ειπερ

220 3503 283 3556 τὸ
318 3501 539 3572 Πνεῦμα
568 3502 719 3556 θέλον
750 3505 896 3573 ἡμᾶς
926 3503 1208 3573 ἀμφότερα
1243 3503 1493 3563 κτᾶσθαι,
1523 3502 1789 3573 προστάτ-

221 3611 302 3647 τει
322 3593 476 3661 λέγον
492 3596 548 3646 ἐν
564 3594 642 3663 τῷ
667 3594 864 3665 ψαλμῷ
882 3610 894 3621 ·
936 3592 1242 3662 Ἀνδρίζου,
1268 3595 1362 3647 καὶ
1388 3595 1789 3664 κραταιούσθω

220 3685 262 3752 ἡ
293 3682 502 3751 καρδία
534 3700 668 3747 σου,
704 3685 799 3737 καὶ
826 3686 1149 3753 ὑπόμεινον
1182 3685 1288 3736 τίν
1313 3685 1546 3751 Κύριον.
1599 3686 1654 3737 '0
1684 3685 1788 3757 γάρ

223 3777 510 3846 ὑπομένων
540 3775 779 3848 ἀνδρεῖός
808 3778 943 3839 εστι,
975 3775 1068 3830 καὶ
1088 3777 1115 3828 6
1135 3775 1374 3847 ἀνδρεῖος
1397 3777 1789 3847 ὑπομονητικὸς

220 3866 289 3921 ἂν
338 3868 444 3939 εἴη.
480 3866 570 3920 Διὸ
611 3868 703 3921 καὶ
747 3868 775 3919 6
823 3868 1087 3939 μακάριος
1128 3866 1247 3921 Ἰὼϐ
1277 3867 1364 3921 διὰ
1408 3869 1469 3921 τὸ
1501 3868 1789 3939 ὑπομένειν

220 3958 594 4029 ἐκραταιοῦτο,
617 3958 709 4011 καὶ
735 3958 822 4011 διὰ
850 3959 909 4011 τὸ
934 3959 1192 4030 ἀνδρείως
1226 3960 1412 4030 φέρειν
1444 3960 1571 4022 τοὺς
1599 3960 1789 4023 πόνους

222 4048 508 4117 ὑπέμεινε,
535 4046 626 4098 καὶ
660 4045 758 4117 τὴν
796 4050 1024 4115 γυναῖκα
1057 4047 1324 4113 διωθεῖτο,
1360 4048 1788 4118 ἐξαπατηθεῖσιν

222 4138 330 4192 ὑπὸ
365 4136 456 4191 τοῦ
481 4137 674 4207 ὄφεως,
710 4137 803 4191 καὶ
829 4138 1126 4209 φθαρεῖσαν
1162 4138 1230 4191 τὰ
1263 4140 1525 4209 νοήματα.
1573 4140 1787 4212 Ἐπειδὴ

221 4230 334 4301 γὰρ
356 4230 489 4293 ὅλως
514 4229 629 4283 ἐστὶ
658 4229 886 4301 μισητὴς
905 4231 933 4282 6
958 4229 1055 4301 τῆς
1082 4231 1278 4293 κακίας
1305 4231 1546 4303 εὑρετὴς,
1576 4232 1669 4285 καὶ
1695 4232 1789 4302 μό-

220 4338 312 4375 νον
343 4322 660 4391 φαινόμενος
709 4320 883 4393 ζητῶν
914 4321 1034 4373 τίνα
1076 4321 1310 4392 ἁρπάσει
1367 4322 1458 4376 καὶ
1504 4326 1785 4377 καταπιεῖ*

220 4413 309 4467 διά
336 4412 491 4465 τοῦτο
521 4413 549 4465 6
579 4416 676 4484 μὲν
706 4412 850 4465 ἐστιν
869 4412 1029 4476 αὐτὸς
1067 4412 1402 4484 ύποκρύπτει
1432 4414 1527 4467 καὶ
1561 4415 1786 4467 σκέπει·

221 4505 642 4577 ὑποκρινόμενος
676 4505 732 4557 δὲ
762 4507 827 4575 τῇ
860 4504 1127 4575 φαντασίᾳ
1156 4504 1253 4575 τὴν
1279 4506 1412 4557 πᾶσι
1444 4504 1787 4577 ποθουμένην

220 4594 495 4667 ἀλήθειαν,
519 4596 606 4650 τὸν
638 4595 767 4650 ἴδιον
799 4596 873 4649 ίὸν
901 4594 1176 4649 ἐπιϐάλλει
1206 4597 1319 4659 τοῖς
1363 4595 1786 4669 ἀκολουθήσασιν

220 4686 390 4757 αὐτῷ.
426 4686 580 4739 Οὕτω
600 4687 691 4740 καὶ
711 4685 807 4757 τὴν
836 4685 978 4740 Εὕαν
998 4686 1274 4757 ἠπάτησεν
1295 4724 1311 4748 ,
1346 4686 1406 4738 οὐ
1439 4686 1507 4739 τά
1548 4685 1651 4739 ἴδια
1698 4693 1788 4741 λα-

219 4773 350 4839 λῶν,
380 4774 492 4828 ἀλλ’
521 4776 941 4845 ὑποκρινόμενος
985 4775 1055 4828 τά
1086 4775 1178 4829 τοῦ
1212 4774 1345 4827 Θεοῦ
1392 4775 1613 4846 ῥήματα
1642 4816 1656 4837 ,
1691 4777 1785 4829 καὶ

221 4866 320 4938 τὴν
338 4866 571 4920 διάνοιαν
594 4866 771 4921 αὐτῶν
798 4865 1134 4938 παραποιῶν.
1156 4865 1311 4918 Οὕτω
1333 4866 1424 4918 καὶ
1438 4864 1533 4935 τὴν
1553 4869 1784 4934 γυναῖκα

222 4960 316 5013 τοῦ
355 4958 472 5012 Ἰὼϐ
502 4958 754 5023 ὑπέϐαλε,
786 4959 976 5022 πείσας
999 4957 1135 5028 αὐτῇ
1172 4956 1555 5026 ὑποκρίνεσθαι
1594 4955 1781 5024 φιλαν-

223 5050 396 5122 δρίαν,
444 5049 658 5115 διδάξας
692 5050 747 5103 δὲ
796 5050 1129 5121 βλασφημεῖν
1175 5050 1254 5113 εἰς
1299 5047 1387 5100 τὸν
1439 5048 1591 5102 Θεόν.
1626 5045 1781 5100 Οὕτω

1938 950 2238 1002 Athanasii.
2281 946 2379 1001 liis
2423 960 2639 1015 quoque
2680 957 2916 1013 praesens
2945 940 3120 1003 adest,
3153 938 3277 993 licet
3310 952 3443 993 con—

1882 1040 1988 1094 dita
2015 1041 2195 1093 omnia
2243 1040 2434 1094 divisis
2475 1040 2526 1091 in
2564 1038 2697 1091 locis
2732 1037 2867 1101 sint;
2903 1034 3190 1088 luminaria
3225 1033 3442 1102 quidem

1883 1131 1936 1186 in
1982 1132 2341 1196 ﬁrmamento,
2376 1132 2549 1184 nubes
2579 1130 2631 1183 in
2669 1144 2812 1181 aere.
2861 1126 2927 1180 Et
2956 1127 3173 1196 quidem
3206 1123 3444 1178 homini-

1884 1225 1983 1277 bus
2017 1224 2295 1277 constituit
2342 1223 2604 1276 terminos
2654 1219 2893 1289 gentium
2931 1236 2944 1271 :
2994 1216 3167 1286 angeli
3212 1230 3339 1268 vero
3374 1212 3441 1266 ad

1884 1316 2183 1369 ministeria
2218 1316 2529 1375 mittuntur,
2561 1326 2722 1382 atque
2764 1312 2819 1364 in
2867 1310 3011 1363 scala
3052 1308 3350 1363 ascendunt
3391 1315 3446 1360 et

1883 1407 2237 1461 descendunt.
2267 1405 2332 1459 Et
2357 1406 2460 1459 boc
2489 1406 2540 1457 in
2570 1405 2691 1457 loco
2717 1406 2830 1457 ait:
2882 1401 3140 1455 Venerunt
3181 1410 3235 1453 ut
3279 1415 3331 1451 se
3365 1399 3441 1450 si-

1884 1508 2274 1553 sterentcorant
2320 1496 2561 1551 Domino.
2618 1494 3095 1563 lntcrrogaturque
3142 1490 3438 1543 diabolus:

1890 1588 2035 1643 Unde
2067 1588 2248 1643 renis?
2277 1586 2333 1640 In
2360 1586 2482 1641 loco
2516 1587 2697 1654 itaque
2731 1594 2859 1638 sunt
2888 1581 3080 1651 angeli,
3105 1590 3156 1634 et
3184 1595 3289 1648 quo
3320 1579 3445 1630 mit-

1885 1689 2073 1734 tuntur
2103 1681 2214 1734 illic
2238 1680 2471 1743 adsunt;
2508 1678 2655 1732 solus
2689 1692 2815 1731 vero
2859 1675 3000 1729 Deus
3041 1683 3123 1727 est
3154 1672 3444 1726 incircum-

1885 1772 2137 1841 scriptus.
2171 1769 2308 1824 Tum
2337 1786 2459 1823 eum
2500 1769 2592 1839 qui
2622 1782 2863 1837 prtesens
2886 1765 3088 1834 ubique
3116 1774 3199 1818 est
3232 1762 3446 1833 perqui-

1886 1871 2033 1928 runt,
2062 1872 2118 1916 ut
2143 1862 2457 1917 conclusum
2487 1862 2723 1930 quodam
2759 1860 2811 1912 in
2852 1858 2973 1911 loco
3002 1856 3279 1910 inveniant
3320 1870 3443 1908 eum

1886 1954 1979 2023 qui
2022 1953 2274 2007 deﬁnitus
2305 1967 2413 2005 non
2446 1961 2547 2006 est.
2588 1949 2782 2006 Verum
2817 1947 2967 2010 illud,
3015 1962 3072 2001 se
3105 1945 3296 1999 sistere
3341 1943 3446 1997 Do-

1889 2046 2055 2109 mino,
2078 2044 2305 2113 idipsum
2335 2052 2419 2097 est
2441 2043 2584 2112 quod
2630 2040 3003 2096 voluntatibus
3026 2038 3251 2107 obsequi
3282 2036 3445 2099 illius,

1817 2125 1857 2178 Β
1887 2151 1952 2189 ac
1978 2135 2026 2189 ei
2058 2134 2258 2202 ubique
2294 2141 2491 2202 prtesto
2520 2147 2660 2187 esse.
2713 2129 2988 2184 Universa:
3026 2128 3225 2197 quippe
3254 2136 3449 2181 creata:

1888 2242 1976 2281 res
2004 2241 2188 2280 coram
2237 2224 2344 2278 Deo
2379 2234 2533 2290 sunt;
2577 2226 2687 2277 imo
2733 2223 2864 2292 ipsa:
2914 2235 3132 2289 quoque
3182 2217 3448 2272 scelestis-

1889 2319 2039 2372 sima:
2079 2332 2200 2387 quae
2231 2316 2595 2386 prmvaricata:
2621 2324 2768 2378 sunt,
2816 2310 3115 2367 secundum
3155 2310 3447 2362 incircum-

1889 2413 2144 2480 scriptam
2196 2409 2339 2463 illius
2395 2406 2708 2462 substantia:
2755 2414 3027 2459 naturam.
3085 2400 3269 2471 Angcli
3322 2415 3448 2453 vero

1888 2501 2102 2571 pr0pric
2128 2501 2327 2554 adsunt
2357 2499 2487 2564 Deo,
2522 2513 2619 2567 pro
2653 2495 2944 2551 insatiabili
2970 2508 3069 2549 suo
3093 2493 3287 2547 divina:
3314 2491 3446 2545 eba-

1889 2594 2067 2648 ritatis
2094 2607 2297 2646 amore.

1960 2682 2304 2738 Athanasius.
2366 2678 2469 2733 Job
2518 2678 2700 2746 itaque
2748 2676 3098 2738 decertabat,
3150 2686 3454 2742 magnaque

1890 2778 2115 2831 tentatio
2136 2787 2288 2843 erat;
2335 2773 2531 2828 fortior
2556 2780 2735 2825 tamen
2761 2777 2877 2822 erat
2908 2767 3107 2820 athleta
3139 2764 3451 2818 teutatione.

1889 2868 2127 2922 Instabat
2178 2876 2434 2929 tentator,
2464 2878 2627 2933 atque
2656 2861 2909 2915 atrociter
2931 2857 3305 2928 oppugnabat;
3359 2856 3451 2910 sed

1888 2960 2067 3014 acrior
2094 2966 2209 3012 erat
2242 2955 2333 3026 qui
2370 2954 2700 3015 teutabatur,
2730 2966 2795 3005 ac
2844 2958 3073 3003 conatus
3108 2951 3451 3015 impetusque

1891 3051 2110 3118 maligni
2143 3064 2254 3118 prte
2306 3045 2474 3100 animi
2511 3042 2882 3113 magnitudine
2920 3041 3231 3109 superabat.
3274 3037 3449 3090 Forti-

1891 3142 2092 3196 tudinis
2116 3147 2495 3207 argumentum
2525 3144 2608 3191 est
2640 3134 2897 3204 patientia
2926 3153 2938 3187 :
2974 3148 3036 3187 ea
3062 3131 3204 3185 enim
3238 3140 3451 3183 sancto-

1890 3250 2009 3289 rum
2038 3233 2262 3303 quilibet
2312 3241 2659 3284 oecurrentes
2693 3227 2746 3281 in
2784 3227 2987 3282 saeculo
3032 3222 3213 3277 ferens
3252 3236 3452 3275 terum-

1890 3342 1987 3379 nas
2019 3336 2178 3393 atque
2219 3323 2459 3387 dolores,
2515 3319 2731 3374 diabolo
2777 3316 3080 3386 praevaluit,
3134 3329 3245 3384 quae
3291 3313 3452 3366 ambo

1891 3432 2013 3472 cum
2044 3416 2173 3469 velit
2205 3413 2445 3482 Spiritus
2480 3419 2699 3465 sanctus
2737 3419 2793 3460 ut
2820 3407 3182 3467 obtineamus,
3214 3401 3449 3471 praecipit

1815 3478 1859 3534 Ε
1891 3509 1944 3561 in
1976 3506 2190 3560 Psalmo
2220 3478 2511 3558 :vViriliter
2537 3516 2630 3571 age
2661 3509 2709 3553 et
2733 3497 3060 3567 confortetur
3080 3510 3170 3547 cor
3207 3501 3375 3558 tuum,
3401 3501 3450 3544 et

1888 3596 2085 3649 sustine
2123 3594 2403 3648 Dominum
2434 3594 2499 3646 ³¹.
2540 3590 2673 3646 Nam
2707 3590 2799 3659 qui
2826 3588 3057 3643 sustinet
3089 3586 3136 3640 is
3166 3583 3323 3637 fortis
3346 3590 3450 3649 est,

1888 3687 1980 3757 qui
2013 3687 2188 3751 fortis,
2216 3687 2259 3741 is
2277 3686 2485 3755 patiens
2515 3682 2694 3737 fuerit.
2723 3680 3083 3747 Quamobrem
3115 3676 3302 3730 beatus
3329 3671 3450 3740 Job,

1889 3780 2015 3849 quia
2047 3779 2329 3843 tolerabat,
2379 3774 2655 3829 robustior
2694 3771 2898 3825 evasit:
2945 3776 2998 3822 et
3044 3766 3170 3835 quia
3221 3764 3450 3817 viriliter

1890 3869 2104 3923 labores
2152 3865 2474 3929 sustinebat,
2528 3875 2862 3930 uxoremque
2908 3856 3199 3927 repellebat
3248 3869 3279 3908 a
3332 3868 3449 3907 ser-

1889 3970 2046 4031 pente
2079 3960 2378 4027 deceptam,
2411 3971 2475 4010 ac
2509 3963 2687 4008 mente
2721 3960 3058 4017 corruptam.
3115 3947 3252 4001 Cum
3304 3945 3448 4000 enim

1888 4052 2105 4106 malitiae
2130 4058 2341 4113 auctor,
2382 4045 2660 4101 hominum
2694 4044 2767 4097 sit
2807 4057 2960 4106 osor,
3000 4056 3063 4095 ac
3094 4040 3267 4094 solmn
3301 4051 3450 4105 qum-

1887 4153 1971 4197 rat
1998 4156 2158 4211 quem
2184 4140 2358 4210 rapiat
2392 4153 2455 4193 ae
2485 4138 2724 4197 devoret,
2765 4132 2884 4187 ideo
2921 4147 2979 4185 se
3003 4132 3095 4199 qui
3122 4130 3191 4183 sit
3217 4127 3451 4181 occultat

1888 4249 1953 4288 ac
1980 4232 2240 4303 contegit.
2266 4232 2345 4284 Ac
2374 4228 2639 4285 simulans
2671 4227 2722 4279 in
2747 4223 3071 4294 pbantbasia
3101 4219 3244 4274 illam
3268 4216 3449 4272 omni-

1890 4326 1989 4379 bus
2024 4324 2377 4378 desideratam
2436 4316 2738 4381 vetiatem,
2792 4329 3059 4369 venenum
3114 4313 3182 4367 iis
3223 4310 3314 4379 qui
3364 4323 3449 4365 se-

1888 4424 2126 4487 quuntur
2150 4414 2391 4469 immittit
2426 4426 2605 4467 suum.
2641 4407 2717 4463 Ita
2745 4408 2909 4461 Evam
2948 4403 3177 4473 decepit,
3206 4418 3310 4455 non
3348 4415 3448 4454 sua

1887 4504 2174 4576 loquendo,
2234 4502 2329 4558 sed
2382 4499 2476 4555 Dei
2526 4498 2690 4553 verba
2754 4493 3099 4556 simulando,
3150 4504 3450 4559 eorumque

1888 4596 2211 4652 sententiam
2248 4589 2615 4661 depravando.
2657 4588 2731 4641 Ita
2759 4584 2878 4640 Jobi
2927 4597 3151 4638 uxorem
3201 4579 3445 4643 immisit,

1888 4702 2007 4741 cum
2038 4684 2299 4739 suasisset
2347 4680 2449 4750 ipsi
2481 4690 2540 4732 ut
2568 4692 2805 4731 amorem
2845 4689 2972 4744 erga
3010 4672 3263 4726 maritum
3312 4683 3447 4738 pra:-

1890 4775 2052 4829 l'erret
2079 4789 2142 4828 ac
2180 4771 2459 4827 simularet
2485 4787 2500 4823 :
2533 4782 2595 4821 ac
2618 4764 2892 4821 docuisset
2924 4778 3044 4817 eam
3069 4758 3446 4828 blasphemare

1890 4867 1941 4920 in
1978 4865 2164 4919 Deum.
2202 4864 2277 4917 Ita
2305 4862 2549 4915 homines
2580 4857 2844 4913 subdolus
2874 4855 2963 4909 ille
3001 4849 3302 4921 pbautasiis
3332 4848 3446 4901 illu-

1888 4959 1985 5022 dit,
2018 4971 2286 5027 quemque
2320 4951 2635 5023 decipiendo
2657 4965 2721 5005 ac
2746 4943 3107 5019 pertraliendo
3137 4943 3190 4996 in
3225 4939 3447 5010 profun-

1887 5049 2014 5103 dum
2048 5048 2265 5101 malitiae
2306 5060 2437 5100 suae.

227 5147 347 5209 τοὺς
392 5144 703 5218 ἀνθρώπους
750 5147 780 5198 6
828 5145 998 5208 δόλιος
1037 5144 1219 5210 παίζει
1273 5146 1392 5205 ταῖς
1430 5143 1749 5210 φαντασίαις
1794 5143 2143 5197 ὑποκλέπτων
2208 5142 2303 5195 καὶ
2354 5139 2530 5211 σύρων
2562 5138 2790 5191 ἕκαστον
2823 5134 2901 5197 εἰς
2948 5132 3038 5186 τὸν
3074 5131 3202 5184 ἴδιον
3223 5129 3320 5198 τῆς
3344 5143 3445 5179 κα·

224 5239 346 5301 κίας
382 5235 472 5306 βόθ
480 5254 591 5307 ρον.

287 5331 356 5382 Et
382 5328 529 5382 κατὰ
569 5327 795 5381 παίδων
846 5325 1032 5381 αὐτοῦ
1063 5328 1134 5380 οὐ
1164 5324 1453 5389 πιστεύει,
1510 5322 1660 5377 κατὰ
1708 5321 1777 5375 δὲ

224 5418 494 5491 ἀγγέλων
511 5418 694 5474 αὐτοῦ
722 5418 973 5472 σκολιόν
1004 5434 1057 5469 τι
1085 5418 1437 5483 ἐπενόησεν.

292 5512 657 5567 Ἄθανασίου.
692 5510 755 5563 Ἦ
771 5510 827 5562 δὲ
847 5510 951 5562 τῶν
978 5508 1243 5579 γεννητῶν
1265 5508 1359 5561 καὶ
1388 5503 1616 5559 κτιστῶν
1634 5504 1789 5573 φύσις

293 5670 340 5704 ³⁸
374 5667 478 5725 Job
504 5668 623 5733 1,7.
720 5667 760 5699 "
844 5665 987 5722 Psal.
1038 5682 1197 5730 nrt,
1251 5664 1339 5717 14.

1955 5317 2013 5375 Si
2056 5326 2239 5371 contra
2280 5314 2470 5368 liberos
2524 5327 2645 5365 suos
2688 5326 2790 5363 non
2822 5307 3020 5370 credit,
3057 5312 3239 5357 contra
3281 5311 3440 5370 angc‘

1896 5410 1971 5463 los
2005 5418 2177 5460 autem
2203 5419 2323 5457 suos
2354 5418 2573 5472 pravum
2602 5399 2872 5469 quidpiam
2906 5393 3213 5465 excogitavit
3234 5391 3298 5446 ".

1966 5497 2263 5553 Athanasii.
2302 5494 2618 5551 Genitorum
2651 5499 3066 5556 creatorumqne
3092 5494 3286 5539 natura
3324 5493 3443 5533 mu-

1442 5664 1485 5695 “
1527 5659 1627 5716 Job
1684 5677 1757 5724 tv,
1809 5660 1889 5714 18.

295 5829 375 5893 (9.)
408 5827 533 5884 Htec
570 5829 637 5883 ad
672 5829 832 5884 linem
874 5840 1046 5894 usque
1093 5839 1352 5895 expressa
1400 5822 1649 5877 videntur
1698 5833 1764 5874 ex
1804 5817 1975 5874 Eoist.
2012 5830 2028 5870 ι
2068 5814 2137 5868 ad
2184 5811 2540 5885 Serapionem.
