  <div class='ocr_page' id='page_1' title='image "/cluster/home/n/w/nwhite01/storage/ocr_20150623/27/uva.x030474749/683.png"; bbox 0 0 4142 6478; ppageno 0'>
   <div class='ocr_carea' id='block_1_1' title="bbox 733 398 863 453">
    <p class='ocr_par' dir='ltr' id='par_1_1' title="bbox 733 398 863 453">
     <span class='ocr_line' id='line_1_1' title="bbox 733 398 863 453; baseline 0.015 -2"><span class='ocrx_word' id='word_1_1' title='bbox 733 398 863 453; x_wconf 67' lang='grc'><strong>1567</strong></span> 
     </span>
    </p>
   </div>
   <div class='ocr_carea' id='block_1_2' title="bbox 1581 404 3137 471">
    <p class='ocr_par' dir='ltr' id='par_1_2' title="bbox 1581 404 3137 471">
     <span class='ocr_line' id='line_1_2' title="bbox 1581 404 3137 471; baseline 0.007 -11"><span class='ocrx_word' id='word_1_2' title='bbox 1581 404 1640 460; x_wconf 89' lang='lat' dir='ltr'><strong>S.</strong></span> <span class='ocrx_word' id='word_1_3' title='bbox 1680 405 2050 462; x_wconf 80' lang='lat' dir='ltr'><strong>ATHANASII</strong></span> <span class='ocrx_word' id='word_1_4' title='bbox 2090 408 2238 464; x_wconf 86' lang='lat' dir='ltr'><strong>OPP.</strong></span> <span class='ocrx_word' id='word_1_5' title='bbox 2279 409 2457 465; x_wconf 79' lang='lat' dir='ltr'><strong>PARS</strong></span> <span class='ocrx_word' id='word_1_6' title='bbox 2494 411 2580 466; x_wconf 87' lang='lat' dir='ltr'><strong>Ill.</strong></span> <span class='ocrx_word' id='word_1_7' title='bbox 2626 444 2692 454; x_wconf 92' lang='lat'>—</span> <span class='ocrx_word' id='word_1_8' title='bbox 2732 413 3137 471; x_wconf 73' lang='lat' dir='ltr'><strong>EXEGETICA.</strong></span> 
     </span>
    </p>
   </div>
   <div class='ocr_carea' id='block_1_3' title="bbox 3832 424 3954 479">
    <p class='ocr_par' dir='ltr' id='par_1_3' title="bbox 3832 424 3954 479">
     <span class='ocr_line' id='line_1_3' title="bbox 3832 424 3954 479; baseline 0.016 -2"><span class='ocrx_word' id='word_1_9' title='bbox 3832 424 3954 479; x_wconf 62' lang='grc'><strong>1543</strong></span> 
     </span>
    </p>
   </div>
   <div class='ocr_carea' id='block_1_4' title="bbox 728 511 2299 604">
    <p class='ocr_par' dir='ltr' id='par_1_4' title="bbox 728 517 2292 586">
     <span class='ocr_line' id='line_1_4' title="bbox 728 517 2292 586; baseline 0.006 -15"><span class='ocrx_word' id='word_1_10' title='bbox 728 517 908 571; x_wconf 83' lang='lat' dir='ltr'><strong>tabilis</strong></span> <span class='ocrx_word' id='word_1_11' title='bbox 938 526 1039 578; x_wconf 88' lang='lat' dir='ltr'><strong>est,</strong></span> <span class='ocrx_word' id='word_1_12' title='bbox 1075 525 1259 585; x_wconf 92' lang='lat' dir='ltr'><strong>utpote</strong></span> <span class='ocrx_word' id='word_1_13' title='bbox 1285 531 1405 586; x_wconf 67' lang='lat' dir='ltr'><strong>quae</strong></span> <span class='ocrx_word' id='word_1_14' title='bbox 1428 519 1498 574; x_wconf 91' lang='lat' dir='ltr'><strong>sit</strong></span> <span class='ocrx_word' id='word_1_15' title='bbox 1525 530 1673 576; x_wconf 67' lang='lat' dir='ltr'><strong>extra</strong></span> <span class='ocrx_word' id='word_1_16' title='bbox 1696 520 1789 576; x_wconf 85' lang='lat' dir='ltr'><strong>Dei</strong></span> <span class='ocrx_word' id='word_1_17' title='bbox 1813 524 2192 586; x_wconf 80' lang='lat' dir='ltr'><strong>substantiam,</strong></span> <span class='ocrx_word' id='word_1_18' title='bbox 2216 537 2292 580; x_wconf 86' lang='lat' dir='ltr'><strong>at-</strong></span> 
     </span>
    </p>
   </div>
   <div class='ocr_carea' id='block_1_5' title="bbox 2375 511 3952 604">
    <p class='ocr_par' dir='ltr' id='par_1_5' title="bbox 2391 526 3952 604">
     <span class='ocr_line' id='line_1_5' title="bbox 2391 526 3952 604; baseline 0.012 -29"><span class='ocrx_word' id='word_1_19' title='bbox 2391 526 2593 595; x_wconf 77' lang='grc' dir='ltr'><strong>τρεπτή</strong></span> <span class='ocrx_word' id='word_1_20' title='bbox 2627 527 2760 589; x_wconf 84' lang='grc' dir='ltr'><strong>ἐστι,</strong></span> <span class='ocrx_word' id='word_1_21' title='bbox 2797 527 2890 580; x_wconf 81' lang='grc' dir='ltr'><strong>ἅτε</strong></span> <span class='ocrx_word' id='word_1_22' title='bbox 2920 528 2984 598; x_wconf 77' lang='grc' dir='ltr'><strong>δὴ</strong></span> <span class='ocrx_word' id='word_1_23' title='bbox 3014 529 3208 595; x_wconf 77' lang='grc' dir='ltr'><strong>ἔξωθεν</strong></span> <span class='ocrx_word' id='word_1_24' title='bbox 3239 526 3371 586; x_wconf 76' lang='grc' dir='ltr'><strong>οὖσα</strong></span> <span class='ocrx_word' id='word_1_25' title='bbox 3401 534 3502 604; x_wconf 76' lang='grc' dir='ltr'><strong>τῆς</strong></span> <span class='ocrx_word' id='word_1_26' title='bbox 3542 535 3641 589; x_wconf 77' lang='grc' dir='ltr'><strong>τοῦ</strong></span> <span class='ocrx_word' id='word_1_27' title='bbox 3691 537 3828 592; x_wconf 71' lang='grc' dir='ltr'><strong>Θεοῦ</strong></span> <span class='ocrx_word' id='word_1_28' title='bbox 3868 541 3952 595; x_wconf 69' lang='grc' dir='ltr'><strong>οὗ·</strong></span> 
     </span>
    </p>
   </div>
   <div class='ocr_carea' id='block_1_6' title="bbox 730 611 2290 681">
    <p class='ocr_par' dir='ltr' id='par_1_6' title="bbox 730 611 2290 681">
     <span class='ocr_line' id='line_1_6' title="bbox 730 611 2290 681; baseline 0.005 -18"><span class='ocrx_word' id='word_1_29' title='bbox 730 626 837 680; x_wconf 90' lang='lat' dir='ltr'><strong>que</strong></span> <span class='ocrx_word' id='word_1_30' title='bbox 865 626 930 664; x_wconf 81' lang='lat' dir='ltr'><strong>ex</strong></span> <span class='ocrx_word' id='word_1_31' title='bbox 954 627 1059 664; x_wconf 92' lang='lat' dir='ltr'><strong>non</strong></span> <span class='ocrx_word' id='word_1_32' title='bbox 1086 612 1424 666; x_wconf 78' lang='lat' dir='ltr'><strong>exstantibus</strong></span> <span class='ocrx_word' id='word_1_33' title='bbox 1444 612 1690 668; x_wconf 73' lang='lat' dir='ltr'><strong>exsistat.</strong></span> <span class='ocrx_word' id='word_1_34' title='bbox 1715 615 2104 681; x_wconf 81' lang='lat' dir='ltr'><strong>Quamobrem,</strong></span> <span class='ocrx_word' id='word_1_35' title='bbox 2122 611 2290 672; x_wconf 76' lang='lat' dir='ltr'><strong>omnis</strong></span> 
     </span>
    </p>
   </div>
   <div class='ocr_carea' id='block_1_7' title="bbox 726 702 2291 779">
    <p class='ocr_par' dir='ltr' id='par_1_7' title="bbox 726 702 2291 779">
     <span class='ocr_line' id='line_1_7' title="bbox 726 702 2291 779; baseline 0.004 -24"><span class='ocrx_word' id='word_1_36' title='bbox 726 703 880 756; x_wconf 80' lang='lat' dir='ltr'><strong>homo</strong></span> <span class='ocrx_word' id='word_1_37' title='bbox 903 703 1124 754; x_wconf 67' lang='lat' dir='ltr'><strong>mendax</strong></span> <span class='ocrx_word' id='word_1_38' title='bbox 1158 702 1236 768; x_wconf 84' lang='grc'><strong>⁸³;</strong></span> <span class='ocrx_word' id='word_1_39' title='bbox 1269 712 1339 765; x_wconf 88' lang='lat' dir='ltr'><strong>et,</strong></span> <span class='ocrx_word' id='word_1_40' title='bbox 1375 720 1547 758; x_wconf 85' lang='lat' dir='ltr'><strong>omnes</strong></span> <span class='ocrx_word' id='word_1_41' title='bbox 1596 718 1934 769; x_wconf 81' lang='lat' dir='ltr'><strong>peccaverunt</strong></span> <span class='ocrx_word' id='word_1_42' title='bbox 1971 718 2018 761; x_wconf 90' lang='lat' dir='ltr'><strong>et</strong></span> <span class='ocrx_word' id='word_1_43' title='bbox 2055 709 2148 762; x_wconf 87' lang='lat' dir='ltr'><strong>Dei</strong></span> <span class='ocrx_word' id='word_1_44' title='bbox 2179 711 2291 779; x_wconf 80' lang='lat' dir='ltr'><strong>glo-</strong></span> 
     </span>
    </p>
   </div>
   <div class='ocr_carea' id='block_1_8' title="bbox 725 793 2290 866">
    <p class='ocr_par' dir='ltr' id='par_1_8' title="bbox 725 793 2290 866">
     <span class='ocr_line' id='line_1_8' title="bbox 725 793 2290 866; baseline 0.004 -20"><span class='ocrx_word' id='word_1_45' title='bbox 725 795 811 846; x_wconf 75' lang='lat' dir='ltr'><strong>ria</strong></span> <span class='ocrx_word' id='word_1_46' title='bbox 845 795 1116 860; x_wconf 76' lang='lat' dir='ltr'><strong>priwntur</strong></span> <span class='ocrx_word' id='word_1_47' title='bbox 1139 793 1200 844; x_wconf 71' lang='grc'><strong>³⁸.</strong></span> <span class='ocrx_word' id='word_1_48' title='bbox 1239 793 1493 848; x_wconf 80' lang='lat' dir='ltr'><strong>Diabolus</strong></span> <span class='ocrx_word' id='word_1_49' title='bbox 1523 807 1729 860; x_wconf 83' lang='lat' dir='ltr'><strong>autem,</strong></span> <span class='ocrx_word' id='word_1_50' title='bbox 1758 799 1848 866; x_wconf 86' lang='lat' dir='ltr'><strong>qui</strong></span> <span class='ocrx_word' id='word_1_51' title='bbox 1883 799 1935 852; x_wconf 91' lang='lat' dir='ltr'><strong>in</strong></span> <span class='ocrx_word' id='word_1_52' title='bbox 1964 801 2138 853; x_wconf 85' lang='lat' dir='ltr'><strong>medio</strong></span> <span class='ocrx_word' id='word_1_53' title='bbox 2167 801 2290 854; x_wconf 85' lang='lat' dir='ltr'><strong>che-</strong></span> 
     </span>
    </p>
   </div>
   <div class='ocr_carea' id='block_1_9' title="bbox 725 884 2287 955">
    <p class='ocr_par' dir='ltr' id='par_1_9' title="bbox 725 884 2287 955">
     <span class='ocr_line' id='line_1_9' title="bbox 725 884 2287 955; baseline 0.004 -18"><span class='ocrx_word' id='word_1_54' title='bbox 725 884 1042 937; x_wconf 89' lang='lat' dir='ltr'><strong>rubinorum</strong></span> <span class='ocrx_word' id='word_1_55' title='bbox 1064 892 1198 949; x_wconf 87' lang='lat' dir='ltr'><strong>erat,</strong></span> <span class='ocrx_word' id='word_1_56' title='bbox 1228 900 1290 938; x_wconf 89' lang='lat' dir='ltr'><strong>ac</strong></span> <span class='ocrx_word' id='word_1_57' title='bbox 1316 885 1551 955; x_wconf 83' lang='lat' dir='ltr'><strong>sigillum</strong></span> <span class='ocrx_word' id='word_1_58' title='bbox 1580 889 1955 942; x_wconf 84' lang='lat' dir='ltr'><strong>similitudinis</strong></span> <span class='ocrx_word' id='word_1_59' title='bbox 1987 890 2160 945; x_wconf 83' lang='lat' dir='ltr'><strong>factus</strong></span> <span class='ocrx_word' id='word_1_60' title='bbox 2183 900 2287 955; x_wconf 83' lang='lat' dir='ltr'><strong>est,</strong></span> 
     </span>
    </p>
   </div>
   <div class='ocr_carea' id='block_1_10' title="bbox 724 975 2289 1052">
    <p class='ocr_par' dir='ltr' id='par_1_10' title="bbox 724 975 2289 1052">
     <span class='ocr_line' id='line_1_10' title="bbox 724 975 2289 1052; baseline 0.008 -25"><span class='ocrx_word' id='word_1_61' title='bbox 724 975 924 1028; x_wconf 80' lang='lat' dir='ltr'><strong>excidit</strong></span> <span class='ocrx_word' id='word_1_62' title='bbox 960 991 990 1029; x_wconf 91' lang='lat' dir='ltr'><strong>e</strong></span> <span class='ocrx_word' id='word_1_63' title='bbox 1028 975 1183 1029; x_wconf 70' lang='lat' dir='ltr'><strong>cmlis</strong></span> <span class='ocrx_word' id='word_1_64' title='bbox 1246 978 1399 1046; x_wconf 85' lang='lat' dir='ltr'><strong>quasi</strong></span> <span class='ocrx_word' id='word_1_65' title='bbox 1454 977 1634 1048; x_wconf 80' lang='lat' dir='ltr'><strong>fulgur</strong></span> <span class='ocrx_word' id='word_1_66' title='bbox 1688 980 1751 1033; x_wconf 79' lang='lat'><strong>&quot;.</strong></span> <span class='ocrx_word' id='word_1_67' title='bbox 1809 979 2022 1051; x_wconf 87' lang='lat' dir='ltr'><strong>Nosque</strong></span> <span class='ocrx_word' id='word_1_68' title='bbox 2071 984 2289 1052; x_wconf 76' lang='lat' dir='ltr'><strong>angelos</strong></span> 
     </span>
    </p>
   </div>
   <div class='ocr_carea' id='block_1_11' title="bbox 718 1064 2288 1138">
    <p class='ocr_par' dir='ltr' id='par_1_11' title="bbox 718 1064 2288 1138">
     <span class='ocr_line' id='line_1_11' title="bbox 718 1064 2288 1138; baseline 0.006 -20"><span class='ocrx_word' id='word_1_69' title='bbox 718 1064 1153 1134; x_wconf 80' lang='lat' dir='ltr'><strong>judicabimus“,</strong></span> <span class='ocrx_word' id='word_1_70' title='bbox 1176 1081 1270 1120; x_wconf 90' lang='lat' dir='ltr'><strong>eos</strong></span> <span class='ocrx_word' id='word_1_71' title='bbox 1294 1067 1572 1131; x_wconf 89' lang='lat' dir='ltr'><strong>nimirum,</strong></span> <span class='ocrx_word' id='word_1_72' title='bbox 1592 1069 1683 1138; x_wconf 85' lang='lat' dir='ltr'><strong>qui</strong></span> <span class='ocrx_word' id='word_1_73' title='bbox 1704 1087 1859 1124; x_wconf 91' lang='lat' dir='ltr'><strong>suum</strong></span> <span class='ocrx_word' id='word_1_74' title='bbox 1882 1088 1984 1124; x_wconf 90' lang='lat' dir='ltr'><strong>non</strong></span> <span class='ocrx_word' id='word_1_75' title='bbox 2006 1089 2288 1128; x_wconf 79' lang='lat' dir='ltr'><strong>servavere</strong></span> 
     </span>
    </p>
   </div>
   <div class='ocr_carea' id='block_1_12' title="bbox 721 1153 2288 1224">
    <p class='ocr_par' dir='ltr' id='par_1_12' title="bbox 721 1153 2288 1224">
     <span class='ocr_line' id='line_1_12' title="bbox 721 1153 2288 1224; baseline 0.009 -18"><span class='ocrx_word' id='word_1_76' title='bbox 721 1153 1104 1224; x_wconf 83' lang='lat' dir='ltr'><strong>principatum.</strong></span> <span class='ocrx_word' id='word_1_77' title='bbox 1139 1153 1199 1207; x_wconf 87' lang='lat' dir='ltr'><strong>Et</strong></span> <span class='ocrx_word' id='word_1_78' title='bbox 1242 1159 1341 1211; x_wconf 89' lang='lat' dir='ltr'><strong>hoc</strong></span> <span class='ocrx_word' id='word_1_79' title='bbox 1370 1158 1490 1212; x_wconf 91' lang='lat' dir='ltr'><strong>loco</strong></span> <span class='ocrx_word' id='word_1_80' title='bbox 1526 1176 1538 1211; x_wconf 86' lang='lat'><strong>:</strong></span> <span class='ocrx_word' id='word_1_81' title='bbox 1588 1159 1632 1212; x_wconf 89' lang='lat' dir='ltr'><strong>si</strong></span> <span class='ocrx_word' id='word_1_82' title='bbox 1679 1172 1864 1214; x_wconf 88' lang='lat' dir='ltr'><strong>contra</strong></span> <span class='ocrx_word' id='word_1_83' title='bbox 1911 1162 2108 1217; x_wconf 74' lang='lat' dir='ltr'><strong>liberos</strong></span> <span class='ocrx_word' id='word_1_84' title='bbox 2156 1180 2288 1220; x_wconf 90' lang='lat' dir='ltr'><strong>suos</strong></span> 
     </span>
    </p>
   </div>
   <div class='ocr_carea' id='block_1_13' title="bbox 721 1244 2286 1317">
    <p class='ocr_par' dir='ltr' id='par_1_13' title="bbox 721 1244 2286 1317">
     <span class='ocr_line' id='line_1_13' title="bbox 721 1244 2286 1317; baseline 0.006 -19"><span class='ocrx_word' id='word_1_85' title='bbox 721 1258 827 1299; x_wconf 85' lang='lat' dir='ltr'><strong>non</strong></span> <span class='ocrx_word' id='word_1_86' title='bbox 884 1244 1091 1307; x_wconf 87' lang='lat' dir='ltr'><strong>credit,</strong></span> <span class='ocrx_word' id='word_1_87' title='bbox 1132 1259 1194 1300; x_wconf 87' lang='lat' dir='ltr'><strong>ac</strong></span> <span class='ocrx_word' id='word_1_88' title='bbox 1254 1245 1574 1315; x_wconf 83' lang='lat' dir='ltr'><strong>simpliciter</strong></span> <span class='ocrx_word' id='word_1_89' title='bbox 1633 1247 1924 1317; x_wconf 85' lang='lat' dir='ltr'><strong>loquendo,</strong></span> <span class='ocrx_word' id='word_1_90' title='bbox 1958 1263 2154 1306; x_wconf 68' lang='lat' dir='ltr'><strong>creatae</strong></span> <span class='ocrx_word' id='word_1_91' title='bbox 2200 1268 2286 1308; x_wconf 86' lang='lat' dir='ltr'><strong>res</strong></span> 
     </span>
    </p>
   </div>
   <div class='ocr_carea' id='block_1_14' title="bbox 719 1335 2285 1406">
    <p class='ocr_par' dir='ltr' id='par_1_14' title="bbox 719 1335 2285 1406">
     <span class='ocr_line' id='line_1_14' title="bbox 719 1335 2285 1406; baseline 0.004 -15"><span class='ocrx_word' id='word_1_92' title='bbox 719 1335 987 1406; x_wconf 83' lang='lat' dir='ltr'><strong>ejusmodi</strong></span> <span class='ocrx_word' id='word_1_93' title='bbox 1015 1345 1216 1391; x_wconf 74' lang='lat' dir='ltr'><strong>naturae</strong></span> <span class='ocrx_word' id='word_1_94' title='bbox 1245 1347 1371 1392; x_wconf 91' lang='lat' dir='ltr'><strong>sunt</strong></span> <span class='ocrx_word' id='word_1_95' title='bbox 1411 1348 1469 1392; x_wconf 91' lang='lat' dir='ltr'><strong>ut</strong></span> <span class='ocrx_word' id='word_1_96' title='bbox 1499 1349 1793 1394; x_wconf 88' lang='lat' dir='ltr'><strong>mutentur.</strong></span> <span class='ocrx_word' id='word_1_97' title='bbox 1831 1340 1958 1396; x_wconf 88' lang='lat' dir='ltr'><strong>Sola</strong></span> <span class='ocrx_word' id='word_1_98' title='bbox 1990 1353 2171 1397; x_wconf 88' lang='lat' dir='ltr'><strong>autem</strong></span> <span class='ocrx_word' id='word_1_99' title='bbox 2201 1343 2285 1397; x_wconf 89' lang='lat' dir='ltr'><strong>di-</strong></span> 
     </span>
    </p>
   </div>
   <div class='ocr_carea' id='block_1_15' title="bbox 719 1426 1578 1484">
    <p class='ocr_par' dir='ltr' id='par_1_15' title="bbox 719 1426 1578 1484">
     <span class='ocr_line' id='line_1_15' title="bbox 719 1426 1578 1484; baseline 0.003 -5"><span class='ocrx_word' id='word_1_100' title='bbox 719 1426 841 1480; x_wconf 82' lang='lat' dir='ltr'><strong>vina</strong></span> <span class='ocrx_word' id='word_1_101' title='bbox 870 1436 1061 1480; x_wconf 88' lang='lat' dir='ltr'><strong>natura</strong></span> <span class='ocrx_word' id='word_1_102' title='bbox 1084 1437 1166 1481; x_wconf 90' lang='lat' dir='ltr'><strong>est</strong></span> <span class='ocrx_word' id='word_1_103' title='bbox 1201 1428 1578 1484; x_wconf 87' lang='lat' dir='ltr'><strong>immutabilis.</strong></span> 
     </span>
    </p>
   </div>
   <div class='ocr_carea' id='block_1_16' title="bbox 782 1517 2001 1588">
    <p class='ocr_par' dir='ltr' id='par_1_16' title="bbox 782 1517 2001 1588">
     <span class='ocr_line' id='line_1_16' title="bbox 782 1517 2001 1588; baseline 0.007 -16"><span class='ocrx_word' id='word_1_104' title='bbox 782 1517 950 1574; x_wconf 65' lang='lat' dir='ltr'><strong>Juxta</strong></span> <span class='ocrx_word' id='word_1_105' title='bbox 990 1536 1246 1588; x_wconf 83' lang='lat' dir='ltr'><strong>papyrum</strong></span> <span class='ocrx_word' id='word_1_106' title='bbox 1281 1559 1295 1583; x_wconf 96' lang='lat'><strong>,</strong></span> <span class='ocrx_word' id='word_1_107' title='bbox 1346 1521 1607 1575; x_wconf 84' lang='lat' dir='ltr'><strong>calamum</strong></span> <span class='ocrx_word' id='word_1_108' title='bbox 1654 1533 1703 1578; x_wconf 88' lang='lat' dir='ltr'><strong>et</strong></span> <span class='ocrx_word' id='word_1_109' title='bbox 1755 1525 2001 1580; x_wconf 88' lang='lat' dir='ltr'><strong>caricem.</strong></span> 
     </span>
    </p>
   </div>
   <div class='ocr_carea' id='block_1_17' title="bbox 786 1608 2276 1685">
    <p class='ocr_par' dir='ltr' id='par_1_17' title="bbox 786 1608 2276 1685">
     <span class='ocr_line' id='line_1_17' title="bbox 786 1608 2276 1685; baseline 0.009 -23"><span class='ocrx_word' id='word_1_110' title='bbox 786 1608 1057 1664; x_wconf 85' lang='lat' dir='ltr'><strong>Fortassis</strong></span> <span class='ocrx_word' id='word_1_111' title='bbox 1088 1627 1182 1677; x_wconf 91' lang='lat' dir='ltr'><strong>per</strong></span> <span class='ocrx_word' id='word_1_112' title='bbox 1225 1613 1546 1668; x_wconf 88' lang='lat' dir='ltr'><strong>arundinem</strong></span> <span class='ocrx_word' id='word_1_113' title='bbox 1600 1623 1652 1668; x_wconf 92' lang='lat' dir='ltr'><strong>et</strong></span> <span class='ocrx_word' id='word_1_114' title='bbox 1691 1631 1981 1685; x_wconf 81' lang='lat' dir='ltr'><strong>papyrum,</strong></span> <span class='ocrx_word' id='word_1_115' title='bbox 2020 1617 2276 1675; x_wconf 78' lang='lat' dir='ltr'><strong>vilitatem</strong></span> 
     </span>
    </p>
   </div>
   <div class='ocr_carea' id='block_1_18' title="bbox 721 1704 2071 1776">
    <p class='ocr_par' dir='ltr' id='par_1_18' title="bbox 721 1704 2071 1776">
     <span class='ocr_line' id='line_1_18' title="bbox 721 1704 2071 1776; baseline 0.007 -22"><span class='ocrx_word' id='word_1_116' title='bbox 721 1715 786 1755; x_wconf 89' lang='lat' dir='ltr'><strong>ac</strong></span> <span class='ocrx_word' id='word_1_117' title='bbox 811 1709 1178 1770; x_wconf 86' lang='lat' dir='ltr'><strong>paupertatem</strong></span> <span class='ocrx_word' id='word_1_118' title='bbox 1207 1704 1403 1758; x_wconf 88' lang='lat' dir='ltr'><strong>diaboli</strong></span> <span class='ocrx_word' id='word_1_119' title='bbox 1437 1705 1727 1760; x_wconf 81' lang='lat' dir='ltr'><strong>adumbrat</strong></span> <span class='ocrx_word' id='word_1_120' title='bbox 1768 1706 2071 1776; x_wconf 85' lang='lat' dir='ltr'><strong>Scriptura.</strong></span> 
     </span>
    </p>
   </div>
   <div class='ocr_carea' id='block_1_19' title="bbox 796 1875 1522 1947">
    <p class='ocr_par' dir='ltr' id='par_1_19' title="bbox 796 1875 1522 1947">
     <span class='ocr_line' id='line_1_19' title="bbox 796 1875 1522 1947; baseline 0.004 -15"><span class='ocrx_word' id='word_1_121' title='bbox 796 1875 1004 1932; x_wconf 66' lang='lat' dir='ltr'><strong>Viscera</strong></span> <span class='ocrx_word' id='word_1_122' title='bbox 1028 1879 1139 1947; x_wconf 85' lang='lat' dir='ltr'><strong>ejus</strong></span> <span class='ocrx_word' id='word_1_123' title='bbox 1173 1889 1321 1933; x_wconf 88' lang='lat' dir='ltr'><strong>scuta</strong></span> <span class='ocrx_word' id='word_1_124' title='bbox 1353 1897 1522 1935; x_wconf 72' lang='lat' dir='ltr'><strong>cauea.</strong></span> 
     </span>
    </p>
   </div>
   <div class='ocr_carea' id='block_1_20' title="bbox 783 1965 2274 2028">
    <p class='ocr_par' dir='ltr' id='par_1_20' title="bbox 783 1965 2274 2028">
     <span class='ocr_line' id='line_1_20' title="bbox 783 1965 2274 2028; baseline 0.005 -7"><span class='ocrx_word' id='word_1_125' title='bbox 783 1965 1124 2022; x_wconf 75' lang='lat' dir='ltr'><strong>Athanasius.</strong></span> <span class='ocrx_word' id='word_1_126' title='bbox 1178 1967 1316 2023; x_wconf 90' lang='lat' dir='ltr'><strong>Olim</strong></span> <span class='ocrx_word' id='word_1_127' title='bbox 1363 1970 1562 2025; x_wconf 89' lang='lat' dir='ltr'><strong>multus</strong></span> <span class='ocrx_word' id='word_1_128' title='bbox 1600 1980 1715 2026; x_wconf 85' lang='lat' dir='ltr'><strong>erat</strong></span> <span class='ocrx_word' id='word_1_129' title='bbox 1757 1971 2008 2028; x_wconf 90' lang='lat' dir='ltr'><strong>inimicus</strong></span> <span class='ocrx_word' id='word_1_130' title='bbox 2039 1974 2092 2028; x_wconf 91' lang='lat' dir='ltr'><strong>in</strong></span> <span class='ocrx_word' id='word_1_131' title='bbox 2128 1973 2274 2028; x_wconf 85' lang='lat' dir='ltr'><strong>frau-</strong></span> 
     </span>
    </p>
   </div>
   <div class='ocr_carea' id='block_1_21' title="bbox 712 2056 2270 2134">
    <p class='ocr_par' dir='ltr' id='par_1_21' title="bbox 712 2056 2270 2134">
     <span class='ocr_line' id='line_1_21' title="bbox 712 2056 2270 2134; baseline 0.004 -22"><span class='ocrx_word' id='word_1_132' title='bbox 712 2056 873 2112; x_wconf 85' lang='lat' dir='ltr'><strong>dibus</strong></span> <span class='ocrx_word' id='word_1_133' title='bbox 899 2058 1154 2113; x_wconf 81' lang='lat' dir='ltr'><strong>adversus</strong></span> <span class='ocrx_word' id='word_1_134' title='bbox 1178 2059 1424 2115; x_wconf 88' lang='lat' dir='ltr'><strong>homines</strong></span> <span class='ocrx_word' id='word_1_135' title='bbox 1455 2062 1733 2130; x_wconf 84' lang='lat' dir='ltr'><strong>parandis,</strong></span> <span class='ocrx_word' id='word_1_136' title='bbox 1763 2064 1990 2132; x_wconf 77' lang='lat' dir='ltr'><strong>suisque</strong></span> <span class='ocrx_word' id='word_1_137' title='bbox 2037 2065 2270 2134; x_wconf 85' lang='lat' dir='ltr'><strong>phanta-</strong></span> 
     </span>
    </p>
   </div>
   <div class='ocr_carea' id='block_1_22' title="bbox 713 2149 2273 2226">
    <p class='ocr_par' dir='ltr' id='par_1_22' title="bbox 713 2149 2273 2226">
     <span class='ocr_line' id='line_1_22' title="bbox 713 2149 2273 2226; baseline 0.004 -22"><span class='ocrx_word' id='word_1_138' title='bbox 713 2149 812 2204; x_wconf 85' lang='lat' dir='ltr'><strong>siis</strong></span> <span class='ocrx_word' id='word_1_139' title='bbox 840 2149 1100 2218; x_wconf 88' lang='lat' dir='ltr'><strong>plurimos</strong></span> <span class='ocrx_word' id='word_1_140' title='bbox 1130 2151 1446 2220; x_wconf 80' lang='lat' dir='ltr'><strong>decipiebat,</strong></span> <span class='ocrx_word' id='word_1_141' title='bbox 1472 2154 1700 2223; x_wconf 89' lang='lat' dir='ltr'><strong>ejusque</strong></span> <span class='ocrx_word' id='word_1_142' title='bbox 1743 2155 1962 2211; x_wconf 75' lang='lat' dir='ltr'><strong>fraudes</strong></span> <span class='ocrx_word' id='word_1_143' title='bbox 1994 2172 2134 2226; x_wconf 64' lang='lat' dir='ltr'><strong>aegre</strong></span> <span class='ocrx_word' id='word_1_144' title='bbox 2180 2157 2273 2211; x_wconf 83' lang='lat' dir='ltr'><strong>de—</strong></span> 
     </span>
    </p>
   </div>
   <div class='ocr_carea' id='block_1_23' title="bbox 713 2240 2272 2314">
    <p class='ocr_par' dir='ltr' id='par_1_23' title="bbox 713 2240 2272 2314">
     <span class='ocr_line' id='line_1_23' title="bbox 713 2240 2272 2314; baseline 0.005 -21"><span class='ocrx_word' id='word_1_145' title='bbox 713 2240 973 2312; x_wconf 87' lang='lat' dir='ltr'><strong>prehendi</strong></span> <span class='ocrx_word' id='word_1_146' title='bbox 1018 2252 1295 2310; x_wconf 87' lang='lat' dir='ltr'><strong>poterant;</strong></span> <span class='ocrx_word' id='word_1_147' title='bbox 1330 2243 1400 2297; x_wconf 87' lang='lat' dir='ltr'><strong>ita</strong></span> <span class='ocrx_word' id='word_1_148' title='bbox 1451 2246 1754 2314; x_wconf 79' lang='lat' dir='ltr'><strong>utspiritns</strong></span> <span class='ocrx_word' id='word_1_149' title='bbox 1787 2248 1851 2298; x_wconf 78' lang='lat' dir='ltr'><strong>tle</strong></span> <span class='ocrx_word' id='word_1_150' title='bbox 1886 2247 1978 2299; x_wconf 90' lang='lat' dir='ltr'><strong>illo</strong></span> <span class='ocrx_word' id='word_1_151' title='bbox 2021 2247 2222 2301; x_wconf 89' lang='lat' dir='ltr'><strong>diceret</strong></span> <span class='ocrx_word' id='word_1_152' title='bbox 2259 2265 2272 2301; x_wconf 93' lang='lat'><strong>:</strong></span> 
     </span>
    </p>
   </div>
   <div class='ocr_carea' id='block_1_24' title="bbox 713 2328 2271 2400">
    <p class='ocr_par' dir='ltr' id='par_1_24' title="bbox 713 2328 2271 2400">
     <span class='ocr_line' id='line_1_24' title="bbox 713 2328 2271 2400; baseline 0.004 -19"><span class='ocrx_word' id='word_1_153' title='bbox 713 2328 841 2395; x_wconf 86' lang='lat' dir='ltr'><strong>Quis</strong></span> <span class='ocrx_word' id='word_1_154' title='bbox 873 2331 1116 2384; x_wconf 84' lang='lat' dir='ltr'><strong>revelabit</strong></span> <span class='ocrx_word' id='word_1_155' title='bbox 1156 2332 1346 2400; x_wconf 81' lang='lat' dir='ltr'><strong>faciem</strong></span> <span class='ocrx_word' id='word_1_156' title='bbox 1379 2334 1669 2387; x_wconf 77' lang='lat' dir='ltr'><strong>indumenti</strong></span> <span class='ocrx_word' id='word_1_157' title='bbox 1691 2334 1804 2397; x_wconf 85' lang='lat' dir='ltr'><strong>eius</strong></span> <span class='ocrx_word' id='word_1_158' title='bbox 1851 2334 1935 2388; x_wconf 69' lang='lat'><strong>&#39;7?</strong></span> <span class='ocrx_word' id='word_1_159' title='bbox 1975 2344 2028 2389; x_wconf 86' lang='lat' dir='ltr'><strong>et</strong></span> <span class='ocrx_word' id='word_1_160' title='bbox 2055 2344 2271 2390; x_wconf 74' lang='lat' dir='ltr'><strong>caztera.</strong></span> 
     </span>
    </p>
   </div>
   <div class='ocr_carea' id='block_1_25' title="bbox 709 2419 2274 2496">
    <p class='ocr_par' dir='ltr' id='par_1_25' title="bbox 709 2419 2274 2496">
     <span class='ocr_line' id='line_1_25' title="bbox 709 2419 2274 2496; baseline 0.004 -21"><span class='ocrx_word' id='word_1_161' title='bbox 709 2419 894 2491; x_wconf 82' lang='lat' dir='ltr'><strong>Neque</strong></span> <span class='ocrx_word' id='word_1_162' title='bbox 913 2423 1059 2476; x_wconf 91' lang='lat' dir='ltr'><strong>enim</strong></span> <span class='ocrx_word' id='word_1_163' title='bbox 1098 2423 1242 2492; x_wconf 89' lang='lat' dir='ltr'><strong>quod</strong></span> <span class='ocrx_word' id='word_1_164' title='bbox 1269 2433 1406 2492; x_wconf 87' lang='lat' dir='ltr'><strong>erat,</strong></span> <span class='ocrx_word' id='word_1_165' title='bbox 1431 2425 1666 2494; x_wconf 90' lang='lat' dir='ltr'><strong>idipsum</strong></span> <span class='ocrx_word' id='word_1_166' title='bbox 1693 2441 1813 2480; x_wconf 89' lang='lat' dir='ltr'><strong>esse</strong></span> <span class='ocrx_word' id='word_1_167' title='bbox 1843 2427 2153 2496; x_wconf 88' lang='lat' dir='ltr'><strong>apparebat,</strong></span> <span class='ocrx_word' id='word_1_168' title='bbox 2182 2427 2274 2482; x_wconf 92' lang='lat' dir='ltr'><strong>sed</strong></span> 
     </span>
    </p>
   </div>
   <div class='ocr_carea' id='block_1_26' title="bbox 707 2516 2276 2587">
    <p class='ocr_par' dir='ltr' id='par_1_26' title="bbox 707 2516 2276 2587">
     <span class='ocr_line' id='line_1_26' title="bbox 707 2516 2276 2587; baseline 0.003 -19"><span class='ocrx_word' id='word_1_169' title='bbox 707 2531 814 2587; x_wconf 90' lang='lat' dir='ltr'><strong>qua</strong></span> <span class='ocrx_word' id='word_1_170' title='bbox 851 2516 1025 2570; x_wconf 87' lang='lat' dir='ltr'><strong>forma</strong></span> <span class='ocrx_word' id='word_1_171' title='bbox 1060 2518 1123 2570; x_wconf 89' lang='lat' dir='ltr'><strong>ad</strong></span> <span class='ocrx_word' id='word_1_172' title='bbox 1157 2516 1398 2571; x_wconf 87' lang='lat' dir='ltr'><strong>fraudem</strong></span> <span class='ocrx_word' id='word_1_173' title='bbox 1431 2517 1506 2571; x_wconf 89' lang='lat' dir='ltr'><strong>uti</strong></span> <span class='ocrx_word' id='word_1_174' title='bbox 1548 2518 1782 2582; x_wconf 85' lang='lat' dir='ltr'><strong>volebat,</strong></span> <span class='ocrx_word' id='word_1_175' title='bbox 1814 2534 1933 2572; x_wconf 88' lang='lat' dir='ltr'><strong>eam</strong></span> <span class='ocrx_word' id='word_1_176' title='bbox 1968 2519 2093 2585; x_wconf 88' lang='lat' dir='ltr'><strong>sibi,</strong></span> <span class='ocrx_word' id='word_1_177' title='bbox 2135 2521 2276 2574; x_wconf 63' lang='lat' dir='ltr'><strong>lictio</strong></span> 
     </span>
    </p>
   </div>
   <div class='ocr_carea' id='block_1_27' title="bbox 707 2607 2270 2675">
    <p class='ocr_par' dir='ltr' id='par_1_27' title="bbox 707 2607 2270 2675">
     <span class='ocr_line' id='line_1_27' title="bbox 707 2607 2270 2675; baseline 0.003 -15"><span class='ocrx_word' id='word_1_178' title='bbox 707 2607 837 2660; x_wconf 89' lang='lat' dir='ltr'><strong>tiam</strong></span> <span class='ocrx_word' id='word_1_179' title='bbox 881 2607 1025 2672; x_wconf 85' lang='lat' dir='ltr'><strong>licet,</strong></span> <span class='ocrx_word' id='word_1_180' title='bbox 1078 2610 1403 2663; x_wconf 85' lang='lat' dir='ltr'><strong>assumebat.</strong></span> <span class='ocrx_word' id='word_1_181' title='bbox 1461 2607 1825 2675; x_wconf 87' lang='lat' dir='ltr'><strong>Quamobrem</strong></span> <span class='ocrx_word' id='word_1_182' title='bbox 1876 2611 2032 2664; x_wconf 90' lang='lat' dir='ltr'><strong>multi</strong></span> <span class='ocrx_word' id='word_1_183' title='bbox 2080 2612 2270 2666; x_wconf 90' lang='lat' dir='ltr'><strong>abillo</strong></span> 
     </span>
    </p>
   </div>
   <div class='ocr_carea' id='block_1_28' title="bbox 706 2697 2270 2768">
    <p class='ocr_par' dir='ltr' id='par_1_28' title="bbox 706 2697 2270 2768">
     <span class='ocr_line' id='line_1_28' title="bbox 706 2697 2270 2768; baseline 0.002 -16"><span class='ocrx_word' id='word_1_184' title='bbox 706 2697 1152 2768; x_wconf 87' lang='lat' dir='ltr'><strong>decipiebantur:</strong></span> <span class='ocrx_word' id='word_1_185' title='bbox 1199 2715 1322 2753; x_wconf 90' lang='lat' dir='ltr'><strong>cum</strong></span> <span class='ocrx_word' id='word_1_186' title='bbox 1357 2709 1534 2753; x_wconf 77' lang='lat' dir='ltr'><strong>autem</strong></span> <span class='ocrx_word' id='word_1_187' title='bbox 1571 2701 1788 2754; x_wconf 82' lang='lat' dir='ltr'><strong>advenit</strong></span> <span class='ocrx_word' id='word_1_188' title='bbox 1833 2699 2107 2760; x_wconf 84' lang='lat' dir='ltr'><strong>Salvator.</strong></span> <span class='ocrx_word' id='word_1_189' title='bbox 2157 2710 2270 2756; x_wconf 91' lang='lat' dir='ltr'><strong>tum</strong></span> 
     </span>
    </p>
   </div>
   <div class='ocr_carea' id='block_1_29' title="bbox 704 2788 2266 2866">
    <p class='ocr_par' dir='ltr' id='par_1_29' title="bbox 704 2788 2266 2866">
     <span class='ocr_line' id='line_1_29' title="bbox 704 2788 2266 2866; baseline 0.004 -23"><span class='ocrx_word' id='word_1_190' title='bbox 704 2789 885 2844; x_wconf 86' lang='lat' dir='ltr'><strong>omnis</strong></span> <span class='ocrx_word' id='word_1_191' title='bbox 931 2788 1138 2844; x_wconf 82' lang='lat' dir='ltr'><strong>fallacia</strong></span> <span class='ocrx_word' id='word_1_192' title='bbox 1169 2790 1313 2843; x_wconf 85' lang='lat' dir='ltr'><strong>illius</strong></span> <span class='ocrx_word' id='word_1_193' title='bbox 1346 2792 1623 2860; x_wconf 87' lang='lat' dir='ltr'><strong>propalam</strong></span> <span class='ocrx_word' id='word_1_194' title='bbox 1656 2791 1795 2846; x_wconf 87' lang='lat' dir='ltr'><strong>facta</strong></span> <span class='ocrx_word' id='word_1_195' title='bbox 1829 2801 1931 2846; x_wconf 91' lang='lat' dir='ltr'><strong>est.</strong></span> <span class='ocrx_word' id='word_1_196' title='bbox 1983 2791 2115 2848; x_wconf 85' lang='lat' dir='ltr'><strong>Nam</strong></span> <span class='ocrx_word' id='word_1_197' title='bbox 2147 2795 2266 2866; x_wconf 85' lang='lat' dir='ltr'><strong>ejus</strong></span> 
     </span>
    </p>
   </div>
   <div class='ocr_carea' id='block_1_30' title="bbox 703 2878 2260 2953">
    <p class='ocr_par' dir='ltr' id='par_1_30' title="bbox 703 2878 2260 2953">
     <span class='ocr_line' id='line_1_30' title="bbox 703 2878 2260 2953; baseline 0.006 -22"><span class='ocrx_word' id='word_1_198' title='bbox 703 2887 874 2947; x_wconf 78' lang='lat' dir='ltr'><strong>gesta,</strong></span> <span class='ocrx_word' id='word_1_199' title='bbox 904 2894 1025 2948; x_wconf 70' lang='lat' dir='ltr'><strong>qua:</strong></span> <span class='ocrx_word' id='word_1_200' title='bbox 1059 2879 1184 2933; x_wconf 85' lang='lat' dir='ltr'><strong>olim</strong></span> <span class='ocrx_word' id='word_1_201' title='bbox 1220 2878 1522 2942; x_wconf 87' lang='lat' dir='ltr'><strong>latitabant,</strong></span> <span class='ocrx_word' id='word_1_202' title='bbox 1555 2895 1649 2949; x_wconf 91' lang='lat' dir='ltr'><strong>per</strong></span> <span class='ocrx_word' id='word_1_203' title='bbox 1673 2880 1871 2938; x_wconf 77' lang='lat' dir='ltr'><strong>Clu-isti</strong></span> <span class='ocrx_word' id='word_1_204' title='bbox 1910 2885 2142 2953; x_wconf 79' lang='lat' dir='ltr'><strong>gratiam</strong></span> <span class='ocrx_word' id='word_1_205' title='bbox 2169 2900 2260 2940; x_wconf 85' lang='lat' dir='ltr'><strong>co-</strong></span> 
     </span>
    </p>
   </div>
   <div class='ocr_carea' id='block_1_31' title="bbox 701 2971 2256 3042">
    <p class='ocr_par' dir='ltr' id='par_1_31' title="bbox 701 2971 2256 3042">
     <span class='ocr_line' id='line_1_31' title="bbox 701 2971 2256 3042; baseline 0.006 -20"><span class='ocrx_word' id='word_1_206' title='bbox 701 2979 1039 3038; x_wconf 81' lang='lat' dir='ltr'><strong>gnoscuntur</strong></span> <span class='ocrx_word' id='word_1_207' title='bbox 1064 2989 1078 3024; x_wconf 91' lang='lat'><strong>:</strong></span> <span class='ocrx_word' id='word_1_208' title='bbox 1107 2980 1159 3024; x_wconf 90' lang='lat' dir='ltr'><strong>et</strong></span> <span class='ocrx_word' id='word_1_209' title='bbox 1180 2971 1377 3041; x_wconf 91' lang='lat' dir='ltr'><strong>quibus</strong></span> <span class='ocrx_word' id='word_1_210' title='bbox 1406 2972 1532 3025; x_wconf 91' lang='lat' dir='ltr'><strong>olim</strong></span> <span class='ocrx_word' id='word_1_211' title='bbox 1565 2973 1811 3029; x_wconf 88' lang='lat' dir='ltr'><strong>homines</strong></span> <span class='ocrx_word' id='word_1_212' title='bbox 1841 2973 2127 3042; x_wconf 80' lang='lat' dir='ltr'><strong>fefellerat,</strong></span> <span class='ocrx_word' id='word_1_213' title='bbox 2160 2977 2256 3031; x_wconf 84' lang='lat' dir='ltr'><strong>iis-</strong></span> 
     </span>
    </p>
   </div>
   <div class='ocr_carea' id='block_1_32' title="bbox 2396 613 3952 697">
    <p class='ocr_par' dir='ltr' id='par_1_32' title="bbox 2396 613 3952 697">
     <span class='ocr_line' id='line_1_32' title="bbox 2396 613 3952 697; baseline 0.015 -35"><span class='ocrx_word' id='word_1_214' title='bbox 2396 613 2535 675; x_wconf 84' lang='grc' dir='ltr'><strong>σίας,</strong></span> <span class='ocrx_word' id='word_1_215' title='bbox 2568 615 2660 665; x_wconf 72' lang='grc' dir='ltr'><strong>καὶ</strong></span> <span class='ocrx_word' id='word_1_216' title='bbox 2697 613 2755 679; x_wconf 79' lang='grc' dir='ltr'>ἐξ</span> <span class='ocrx_word' id='word_1_217' title='bbox 2783 617 2880 670; x_wconf 72' lang='grc' dir='ltr'><strong>οὐκ</strong></span> <span class='ocrx_word' id='word_1_218' title='bbox 2910 618 3076 671; x_wconf 75' lang='grc' dir='ltr'><strong>ὄντων</strong></span> <span class='ocrx_word' id='word_1_219' title='bbox 3105 622 3382 676; x_wconf 72' lang='grc' dir='ltr'><strong>ὑποστοῖσα</strong></span> <span class='ocrx_word' id='word_1_220' title='bbox 3435 626 3527 678; x_wconf 78' lang='grc' dir='ltr'><strong>Διὸ</strong></span> <span class='ocrx_word' id='word_1_221' title='bbox 3569 627 3691 693; x_wconf 78' lang='grc' dir='ltr'><strong>πᾶς</strong></span> <span class='ocrx_word' id='word_1_222' title='bbox 3738 630 3952 697; x_wconf 74' lang='grc' dir='ltr'><strong>ἅνθρω-</strong></span> 
     </span>
    </p>
   </div>
   <div class='ocr_carea' id='block_1_33' title="bbox 2391 705 3952 785">
    <p class='ocr_par' dir='ltr' id='par_1_33' title="bbox 2391 705 3952 785">
     <span class='ocr_line' id='line_1_33' title="bbox 2391 705 3952 785; baseline 0.012 -32"><span class='ocrx_word' id='word_1_223' title='bbox 2391 717 2505 767; x_wconf 84' lang='grc' dir='ltr'><strong>πος</strong></span> <span class='ocrx_word' id='word_1_224' title='bbox 2520 705 2808 771; x_wconf 71' lang='grc' dir='ltr'><strong>ψεύστηςο</strong></span> <span class='ocrx_word' id='word_1_225' title='bbox 2835 708 2946 771; x_wconf 72' lang='grc' dir='ltr'><strong>καὶ,</strong></span> <span class='ocrx_word' id='word_1_226' title='bbox 2979 707 3196 775; x_wconf 79' lang='grc' dir='ltr'><strong>πάντες</strong></span> <span class='ocrx_word' id='word_1_227' title='bbox 3219 711 3500 779; x_wconf 79' lang='grc' dir='ltr'><strong>ἥμαρτον,</strong></span> <span class='ocrx_word' id='word_1_228' title='bbox 3518 717 3616 768; x_wconf 79' lang='grc' dir='ltr'><strong>καὶ</strong></span> <span class='ocrx_word' id='word_1_229' title='bbox 3634 719 3952 785; x_wconf 74' lang='grc' dir='ltr'><strong>ὑστεροῦν-</strong></span> 
     </span>
    </p>
   </div>
   <div class='ocr_carea' id='block_1_34' title="bbox 2390 793 3951 880">
    <p class='ocr_par' dir='ltr' id='par_1_34' title="bbox 2390 793 3951 880">
     <span class='ocr_line' id='line_1_34' title="bbox 2390 793 3951 880; baseline 0.013 -36"><span class='ocrx_word' id='word_1_230' title='bbox 2390 810 2480 845; x_wconf 81' lang='grc' dir='ltr'><strong>ται</strong></span> <span class='ocrx_word' id='word_1_231' title='bbox 2515 793 2620 860; x_wconf 78' lang='grc' dir='ltr'><strong>τῆς</strong></span> <span class='ocrx_word' id='word_1_232' title='bbox 2647 795 2824 864; x_wconf 74' lang='grc' dir='ltr'><strong>δόξης</strong></span> <span class='ocrx_word' id='word_1_233' title='bbox 2865 798 2970 851; x_wconf 88' lang='grc' dir='ltr'><strong>τοῦ</strong></span> <span class='ocrx_word' id='word_1_234' title='bbox 3008 801 3173 854; x_wconf 73' lang='grc' dir='ltr'><strong>Θεοῦ.</strong></span> <span class='ocrx_word' id='word_1_235' title='bbox 3219 805 3273 855; x_wconf 84' lang='grc' dir='ltr'><strong>Ὀ</strong></span> <span class='ocrx_word' id='word_1_236' title='bbox 3313 805 3368 857; x_wconf 81' lang='grc' dir='ltr'><strong>δὲ</strong></span> <span class='ocrx_word' id='word_1_237' title='bbox 3409 805 3677 870; x_wconf 76' lang='grc' dir='ltr'><strong>διάϐολος,</strong></span> <span class='ocrx_word' id='word_1_238' title='bbox 3719 811 3776 860; x_wconf 84' lang='grc' dir='ltr'><strong>ὲν</strong></span> <span class='ocrx_word' id='word_1_239' title='bbox 3813 811 3951 880; x_wconf 75' lang='grc' dir='ltr'><strong>μέσῳ</strong></span> 
     </span>
    </p>
   </div>
   <div class='ocr_carea' id='block_1_35' title="bbox 2387 884 3950 968">
    <p class='ocr_par' dir='ltr' id='par_1_35' title="bbox 2387 884 3950 968">
     <span class='ocr_line' id='line_1_35' title="bbox 2387 884 3950 968; baseline 0.012 -33"><span class='ocrx_word' id='word_1_240' title='bbox 2387 884 2493 936; x_wconf 81' lang='grc' dir='ltr'><strong>τῶν</strong></span> <span class='ocrx_word' id='word_1_241' title='bbox 2530 887 2791 957; x_wconf 72' lang='grc' dir='ltr'><strong>χερουϐὶμ</strong></span> <span class='ocrx_word' id='word_1_242' title='bbox 2845 889 2958 952; x_wconf 83' lang='grc' dir='ltr'><strong>ὢν,</strong></span> <span class='ocrx_word' id='word_1_243' title='bbox 3002 893 3094 944; x_wconf 72' lang='grc' dir='ltr'><strong>καὶ</strong></span> <span class='ocrx_word' id='word_1_244' title='bbox 3166 894 3592 968; x_wconf 63' lang='grc' dir='ltr'><strong>ἀποσφράγισμα</strong></span> <span class='ocrx_word' id='word_1_245' title='bbox 3649 901 3950 968; x_wconf 45' lang='grc' dir='ltr'><strong>ὀμοιώσπ</strong></span> 
     </span>
    </p>
   </div>
   <div class='ocr_carea' id='block_1_36' title="bbox 2386 976 3946 1063">
    <p class='ocr_par' dir='ltr' id='par_1_36' title="bbox 2386 976 3946 1063">
     <span class='ocr_line' id='line_1_36' title="bbox 2386 976 3946 1063; baseline 0.013 -37"><span class='ocrx_word' id='word_1_246' title='bbox 2386 976 2674 1046; x_wconf 83' lang='grc' dir='ltr'><strong>γενόμενος</strong></span> <span class='ocrx_word' id='word_1_247' title='bbox 2699 1018 2713 1042; x_wconf 91' lang='grc'>,</span> <span class='ocrx_word' id='word_1_248' title='bbox 2762 980 3016 1046; x_wconf 70' lang='grc' dir='ltr'><strong>ἐξέπεσεν</strong></span> <span class='ocrx_word' id='word_1_249' title='bbox 3045 982 3108 1034; x_wconf 82' lang='grc' dir='ltr'>ἐκ</span> <span class='ocrx_word' id='word_1_250' title='bbox 3140 984 3248 1036; x_wconf 82' lang='grc' dir='ltr'><strong>τῶν</strong></span> <span class='ocrx_word' id='word_1_251' title='bbox 3291 988 3532 1056; x_wconf 76' lang='grc' dir='ltr'>οὐρανῶν</span> <span class='ocrx_word' id='word_1_252' title='bbox 3566 990 3644 1053; x_wconf 85' lang='grc' dir='ltr'><strong>ὡς</strong></span> <span class='ocrx_word' id='word_1_253' title='bbox 3676 992 3946 1063; x_wconf 69' lang='grc' dir='ltr'><strong>ἀστραπή.</strong></span> 
     </span>
    </p>
   </div>
   <div class='ocr_carea' id='block_1_37' title="bbox 2385 1067 3946 1156">
    <p class='ocr_par' dir='ltr' id='par_1_37' title="bbox 2385 1067 3946 1156">
     <span class='ocr_line' id='line_1_37' title="bbox 2385 1067 3946 1156; baseline 0.012 -38"><span class='ocrx_word' id='word_1_254' title='bbox 2385 1067 2493 1119; x_wconf 74' lang='grc' dir='ltr'><strong>Καὶ</strong></span> <span class='ocrx_word' id='word_1_255' title='bbox 2524 1069 2783 1137; x_wconf 83' lang='grc' dir='ltr'><strong>ἀγγέλους</strong></span> <span class='ocrx_word' id='word_1_256' title='bbox 2801 1074 3110 1144; x_wconf 77' lang='grc' dir='ltr'><strong>κρινοῦμεν,</strong></span> <span class='ocrx_word' id='word_1_257' title='bbox 3141 1077 3266 1142; x_wconf 78' lang='grc' dir='ltr'><strong>τοὺς</strong></span> <span class='ocrx_word' id='word_1_258' title='bbox 3284 1080 3356 1149; x_wconf 76' lang='grc' dir='ltr'><strong>μὴ</strong></span> <span class='ocrx_word' id='word_1_259' title='bbox 3379 1083 3730 1151; x_wconf 81' lang='grc' dir='ltr'><strong>τηρήσαντας</strong></span> <span class='ocrx_word' id='word_1_260' title='bbox 3758 1084 3946 1156; x_wconf 71' lang='grc' dir='ltr'><strong>δηλαδὴ</strong></span> 
     </span>
    </p>
   </div>
   <div class='ocr_carea' id='block_1_38' title="bbox 2384 1156 3947 1234">
    <p class='ocr_par' dir='ltr' id='par_1_38' title="bbox 2384 1156 3947 1234">
     <span class='ocr_line' id='line_1_38' title="bbox 2384 1156 3947 1234; baseline 0.013 -26"><span class='ocrx_word' id='word_1_261' title='bbox 2384 1156 2482 1227; x_wconf 80' lang='grc' dir='ltr'><strong>τὴν</strong></span> <span class='ocrx_word' id='word_1_262' title='bbox 2511 1160 2716 1213; x_wconf 82' lang='grc' dir='ltr'>ἑαυτῶν</span> <span class='ocrx_word' id='word_1_263' title='bbox 2749 1164 2942 1234; x_wconf 74' lang='grc' dir='ltr'><strong>ἀρχήν.</strong></span> <span class='ocrx_word' id='word_1_264' title='bbox 2993 1166 3099 1219; x_wconf 79' lang='grc' dir='ltr'><strong>Καὶ</strong></span> <span class='ocrx_word' id='word_1_265' title='bbox 3137 1168 3386 1232; x_wconf 75' lang='grc' dir='ltr'><strong>ἐνταῦθα,</strong></span> <span class='ocrx_word' id='word_1_266' title='bbox 3443 1174 3490 1224; x_wconf 86' lang='grc' dir='ltr'><strong>εί</strong></span> <span class='ocrx_word' id='word_1_267' title='bbox 3540 1173 3681 1226; x_wconf 77' lang='grc' dir='ltr'><strong>κατὰ</strong></span> <span class='ocrx_word' id='word_1_268' title='bbox 3731 1176 3947 1227; x_wconf 80' lang='grc' dir='ltr'><strong>παιδίων</strong></span> 
     </span>
    </p>
   </div>
   <div class='ocr_carea' id='block_1_39' title="bbox 2384 1250 3946 1337">
    <p class='ocr_par' dir='ltr' id='par_1_39' title="bbox 2384 1250 3946 1337">
     <span class='ocr_line' id='line_1_39' title="bbox 2384 1250 3946 1337; baseline 0.012 -37"><span class='ocrx_word' id='word_1_269' title='bbox 2384 1250 2546 1302; x_wconf 82' lang='grc' dir='ltr'><strong>αὑτοῦ</strong></span> <span class='ocrx_word' id='word_1_270' title='bbox 2579 1253 2638 1304; x_wconf 81' lang='grc' dir='ltr'><strong>οὐ</strong></span> <span class='ocrx_word' id='word_1_271' title='bbox 2669 1255 2932 1320; x_wconf 83' lang='grc' dir='ltr'><strong>πιστεύει,</strong></span> <span class='ocrx_word' id='word_1_272' title='bbox 2965 1257 3058 1310; x_wconf 77' lang='grc' dir='ltr'><strong>καὶ</strong></span> <span class='ocrx_word' id='word_1_273' title='bbox 3086 1259 3270 1324; x_wconf 81' lang='grc' dir='ltr'><strong>άπλῶς</strong></span> <span class='ocrx_word' id='word_1_274' title='bbox 3294 1262 3360 1316; x_wconf 81' lang='grc' dir='ltr'><strong>τὰ</strong></span> <span class='ocrx_word' id='word_1_275' title='bbox 3394 1263 3671 1333; x_wconf 79' lang='grc' dir='ltr'><strong>κτίσματα</strong></span> <span class='ocrx_word' id='word_1_276' title='bbox 3699 1268 3946 1337; x_wconf 75' lang='grc' dir='ltr'><strong>τοιαύτην</strong></span> 
     </span>
    </p>
   </div>
   <div class='ocr_carea' id='block_1_40' title="bbox 2383 1339 3946 1428">
    <p class='ocr_par' dir='ltr' id='par_1_40' title="bbox 2383 1339 3946 1428">
     <span class='ocr_line' id='line_1_40' title="bbox 2383 1339 3946 1428; baseline 0.015 -38"><span class='ocrx_word' id='word_1_277' title='bbox 2383 1339 2492 1409; x_wconf 80' lang='grc' dir='ltr'><strong>ἔχει</strong></span> <span class='ocrx_word' id='word_1_278' title='bbox 2514 1341 2610 1413; x_wconf 82' lang='grc' dir='ltr'><strong>τὴν</strong></span> <span class='ocrx_word' id='word_1_279' title='bbox 2635 1344 2814 1412; x_wconf 80' lang='grc' dir='ltr'><strong>φύσιν,</strong></span> <span class='ocrx_word' id='word_1_280' title='bbox 2844 1347 2937 1399; x_wconf 77' lang='grc' dir='ltr'><strong>καὶ</strong></span> <span class='ocrx_word' id='word_1_281' title='bbox 2963 1348 3244 1421; x_wconf 72' lang='grc' dir='ltr'><strong>τρέπεται.</strong></span> <span class='ocrx_word' id='word_1_282' title='bbox 3280 1353 3432 1425; x_wconf 86' lang='grc' dir='ltr'><strong>Μόνη</strong></span> <span class='ocrx_word' id='word_1_283' title='bbox 3463 1354 3518 1408; x_wconf 81' lang='grc' dir='ltr'><strong>δὲ</strong></span> <span class='ocrx_word' id='word_1_284' title='bbox 3557 1357 3590 1426; x_wconf 76' lang='grc' dir='ltr'><strong>ἡ</strong></span> <span class='ocrx_word' id='word_1_285' title='bbox 3631 1357 3751 1410; x_wconf 81' lang='grc' dir='ltr'><strong>Θεία</strong></span> <span class='ocrx_word' id='word_1_286' title='bbox 3797 1359 3946 1428; x_wconf 54' lang='lat' dir='ltr'><strong>quas;</strong></span> 
     </span>
    </p>
   </div>
   <div class='ocr_carea' id='block_1_41' title="bbox 2380 1431 2748 1496">
    <p class='ocr_par' dir='ltr' id='par_1_41' title="bbox 2380 1431 2748 1496">
     <span class='ocr_line' id='line_1_41' title="bbox 2380 1431 2748 1496; baseline 0.019 -15"><span class='ocrx_word' id='word_1_287' title='bbox 2380 1431 2748 1496; x_wconf 78' lang='grc' dir='ltr'><strong>ἀναλλοίωτος.</strong></span> 
     </span>
    </p>
   </div>
   <div class='ocr_carea' id='block_1_42' title="bbox 2450 1523 3878 1607">
    <p class='ocr_par' dir='ltr' id='par_1_42' title="bbox 2450 1523 3878 1607">
     <span class='ocr_line' id='line_1_42' title="bbox 2450 1523 3878 1607; baseline 0.014 -34"><span class='ocrx_word' id='word_1_288' title='bbox 2450 1523 2615 1590; x_wconf 87' lang='grc' dir='ltr'><strong>Παρὰ</strong></span> <span class='ocrx_word' id='word_1_289' title='bbox 2647 1524 2941 1593; x_wconf 79' lang='grc' dir='ltr'><strong>πάπυρον,</strong></span> <span class='ocrx_word' id='word_1_290' title='bbox 2973 1531 3069 1584; x_wconf 75' lang='grc' dir='ltr'><strong>καὶ</strong></span> <span class='ocrx_word' id='word_1_291' title='bbox 3099 1530 3388 1601; x_wconf 64' lang='grc' dir='ltr'><strong>κάλαμον,</strong></span> <span class='ocrx_word' id='word_1_292' title='bbox 3423 1535 3521 1588; x_wconf 74' lang='grc' dir='ltr'><strong>καί</strong></span> <span class='ocrx_word' id='word_1_293' title='bbox 3553 1537 3878 1607; x_wconf 77' lang='grc' dir='ltr'><strong>βοὺτομογ.</strong></span> 
     </span>
    </p>
   </div>
   <div class='ocr_carea' id='block_1_43' title="bbox 2451 1612 3942 1700">
    <p class='ocr_par' dir='ltr' id='par_1_43' title="bbox 2451 1612 3942 1700">
     <span class='ocr_line' id='line_1_43' title="bbox 2451 1612 3942 1700; baseline 0.012 -36"><span class='ocrx_word' id='word_1_294' title='bbox 2451 1612 2604 1683; x_wconf 85' lang='grc' dir='ltr'><strong>Τάχα</strong></span> <span class='ocrx_word' id='word_1_295' title='bbox 2634 1614 2690 1666; x_wconf 84' lang='grc' dir='ltr'><strong>δὲ</strong></span> <span class='ocrx_word' id='word_1_296' title='bbox 2723 1615 2811 1668; x_wconf 82' lang='grc' dir='ltr'><strong>διὰ</strong></span> <span class='ocrx_word' id='word_1_297' title='bbox 2851 1616 2943 1669; x_wconf 76' lang='grc' dir='ltr'><strong>τοῦ</strong></span> <span class='ocrx_word' id='word_1_298' title='bbox 2986 1619 3233 1691; x_wconf 84' lang='grc' dir='ltr'><strong>καλάμου</strong></span> <span class='ocrx_word' id='word_1_299' title='bbox 3280 1624 3370 1675; x_wconf 74' lang='grc' dir='ltr'><strong>καὶ</strong></span> <span class='ocrx_word' id='word_1_300' title='bbox 3424 1624 3514 1678; x_wconf 76' lang='grc' dir='ltr'><strong>τοῦ</strong></span> <span class='ocrx_word' id='word_1_301' title='bbox 3559 1628 3820 1700; x_wconf 76' lang='grc' dir='ltr'><strong>παπύρου</strong></span> <span class='ocrx_word' id='word_1_302' title='bbox 3855 1631 3942 1700; x_wconf 72' lang='grc' dir='ltr'><strong>τὴν</strong></span> 
     </span>
    </p>
   </div>
   <div class='ocr_carea' id='block_1_44' title="bbox 2377 1703 3942 1793">
    <p class='ocr_par' dir='ltr' id='par_1_44' title="bbox 2377 1703 3942 1793">
     <span class='ocr_line' id='line_1_44' title="bbox 2377 1703 3942 1793; baseline 0.012 -37"><span class='ocrx_word' id='word_1_303' title='bbox 2377 1703 2648 1758; x_wconf 80' lang='grc' dir='ltr'><strong>εὐτέλειαν</strong></span> <span class='ocrx_word' id='word_1_304' title='bbox 2673 1707 2766 1760; x_wconf 79' lang='grc' dir='ltr'><strong>καὶ</strong></span> <span class='ocrx_word' id='word_1_305' title='bbox 2791 1707 2889 1778; x_wconf 77' lang='grc' dir='ltr'><strong>τὴν</strong></span> <span class='ocrx_word' id='word_1_306' title='bbox 2914 1712 3100 1765; x_wconf 79' lang='grc' dir='ltr'>πενίαν</span> <span class='ocrx_word' id='word_1_307' title='bbox 3144 1713 3236 1766; x_wconf 78' lang='grc' dir='ltr'><strong>τοῦ</strong></span> <span class='ocrx_word' id='word_1_308' title='bbox 3281 1715 3526 1771; x_wconf 77' lang='grc' dir='ltr'><strong>διαόόλου</strong></span> <span class='ocrx_word' id='word_1_309' title='bbox 3570 1721 3868 1775; x_wconf 79' lang='grc' dir='ltr'><strong>αἰνίττεται</strong></span> <span class='ocrx_word' id='word_1_310' title='bbox 3913 1725 3942 1793; x_wconf 72' lang='lat' dir='ltr'><strong>i;</strong></span> 
     </span>
    </p>
   </div>
   <div class='ocr_carea' id='block_1_45' title="bbox 2380 1793 2590 1865">
    <p class='ocr_par' dir='ltr' id='par_1_45' title="bbox 2380 1793 2590 1865">
     <span class='ocr_line' id='line_1_45' title="bbox 2380 1793 2590 1865; baseline 0.014 -21"><span class='ocrx_word' id='word_1_311' title='bbox 2380 1793 2590 1865; x_wconf 77' lang='grc' dir='ltr'><strong>Γραφή.</strong></span> 
     </span>
    </p>
   </div>
   <div class='ocr_carea' id='block_1_46' title="bbox 2310 1881 3579 1961">
    <p class='ocr_par' dir='ltr' id='par_1_46' title="bbox 2310 1881 3579 1961">
     <span class='ocr_line' id='line_1_46' title="bbox 2310 1881 3579 1961; baseline 0.013 -27"><span class='ocrx_word' id='word_1_312' title='bbox 2310 1882 2354 1940; x_wconf 85' lang='grc' dir='ltr'><strong>Β</strong></span> <span class='ocrx_word' id='word_1_313' title='bbox 2459 1881 2534 1936; x_wconf 85' lang='grc' dir='ltr'><em>Τὰ</em></span> <span class='ocrx_word' id='word_1_314' title='bbox 2567 1882 2785 1952; x_wconf 78' lang='grc' dir='ltr'><strong>ἔγκατα</strong></span> <span class='ocrx_word' id='word_1_315' title='bbox 2812 1886 2996 1941; x_wconf 85' lang='grc' dir='ltr'><strong>αὑτοῦ</strong></span> <span class='ocrx_word' id='word_1_316' title='bbox 3025 1888 3278 1957; x_wconf 79' lang='grc' dir='ltr'><strong>ἀσπίδες</strong></span> <span class='ocrx_word' id='word_1_317' title='bbox 3305 1910 3579 1961; x_wconf 70' lang='grc' dir='ltr'><strong>χα..κεαι.</strong></span> 
     </span>
    </p>
   </div>
   <div class='ocr_carea' id='block_1_47' title="bbox 2448 1974 3942 2062">
    <p class='ocr_par' dir='ltr' id='par_1_47' title="bbox 2448 1974 3942 2062">
     <span class='ocr_line' id='line_1_47' title="bbox 2448 1974 3942 2062; baseline 0.011 -35"><span class='ocrx_word' id='word_1_318' title='bbox 2448 1974 2808 2042; x_wconf 74' lang='grc' dir='ltr'><strong>Ἀθανάσιος.</strong></span> <span class='ocrx_word' id='word_1_319' title='bbox 2848 1979 3023 2032; x_wconf 80' lang='grc' dir='ltr'><strong>Πάλαι</strong></span> <span class='ocrx_word' id='word_1_320' title='bbox 3078 1981 3174 2050; x_wconf 85' lang='grc' dir='ltr'><strong>μὲν</strong></span> <span class='ocrx_word' id='word_1_321' title='bbox 3201 1978 3293 2036; x_wconf 84' lang='grc' dir='ltr'><strong>οὖν</strong></span> <span class='ocrx_word' id='word_1_322' title='bbox 3329 1984 3494 2049; x_wconf 72' lang='grc' dir='ltr'><strong>πολὺς</strong></span> <span class='ocrx_word' id='word_1_323' title='bbox 3547 1984 3615 2059; x_wconf 79' lang='grc' dir='ltr'><strong>’ἦν</strong></span> <span class='ocrx_word' id='word_1_324' title='bbox 3677 1989 3707 2041; x_wconf 78' lang='grc' dir='ltr'><strong>ὁ</strong></span> <span class='ocrx_word' id='word_1_325' title='bbox 3765 1990 3942 2062; x_wconf 64' lang='grc' dir='ltr'><strong>ἐχθρὸς</strong></span> 
     </span>
    </p>
   </div>
   <div class='ocr_carea' id='block_1_48' title="bbox 2373 2067 3941 2147">
    <p class='ocr_par' dir='ltr' id='par_1_48' title="bbox 2373 2067 3941 2147">
     <span class='ocr_line' id='line_1_48' title="bbox 2373 2067 3941 2147; baseline 0.013 -32"><span class='ocrx_word' id='word_1_326' title='bbox 2373 2067 2872 2136; x_wconf 79' lang='grc' dir='ltr'><strong>πανουργδυόμενος</strong></span> <span class='ocrx_word' id='word_1_327' title='bbox 2893 2073 3033 2123; x_wconf 81' lang='grc' dir='ltr'><strong>κατά</strong></span> <span class='ocrx_word' id='word_1_328' title='bbox 3055 2071 3160 2124; x_wconf 84' lang='grc' dir='ltr'><strong>τῶν</strong></span> <span class='ocrx_word' id='word_1_329' title='bbox 3183 2072 3500 2144; x_wconf 80' lang='grc' dir='ltr'><strong>ἀνθρώπων,</strong></span> <span class='ocrx_word' id='word_1_330' title='bbox 3516 2080 3609 2130; x_wconf 77' lang='grc' dir='ltr'><strong>καὶ</strong></span> <span class='ocrx_word' id='word_1_331' title='bbox 3628 2083 3941 2147; x_wconf 65' lang='grc' dir='ltr'><strong>φαντασίαις</strong></span> 
     </span>
    </p>
   </div>
   <div class='ocr_carea' id='block_1_49' title="bbox 2373 2155 3943 2244">
    <p class='ocr_par' dir='ltr' id='par_1_49' title="bbox 2373 2155 3943 2244">
     <span class='ocr_line' id='line_1_49' title="bbox 2373 2155 3943 2244; baseline 0.011 -37"><span class='ocrx_word' id='word_1_332' title='bbox 2373 2155 2538 2209; x_wconf 81' lang='grc' dir='ltr'><strong>αὑτοῦ</strong></span> <span class='ocrx_word' id='word_1_333' title='bbox 2564 2158 2787 2220; x_wconf 82' lang='grc' dir='ltr'><strong>πολλοὺς</strong></span> <span class='ocrx_word' id='word_1_334' title='bbox 2813 2160 3019 2229; x_wconf 79' lang='grc' dir='ltr'><strong>ἠπάτα,</strong></span> <span class='ocrx_word' id='word_1_335' title='bbox 3048 2163 3139 2214; x_wconf 70' lang='grc' dir='ltr'><strong>καὶ</strong></span> <span class='ocrx_word' id='word_1_336' title='bbox 3165 2163 3424 2236; x_wconf 82' lang='grc' dir='ltr'><strong>δυσχερὴς</strong></span> <span class='ocrx_word' id='word_1_337' title='bbox 3455 2161 3523 2238; x_wconf 78' lang='grc' dir='ltr'><strong>ἦν</strong></span> <span class='ocrx_word' id='word_1_338' title='bbox 3546 2169 3578 2237; x_wconf 85' lang='grc' dir='ltr'><strong>ἠ</strong></span> <span class='ocrx_word' id='word_1_339' title='bbox 3611 2170 3712 2239; x_wconf 77' lang='grc' dir='ltr'><strong>τῆς</strong></span> <span class='ocrx_word' id='word_1_340' title='bbox 3741 2173 3943 2244; x_wconf 72' lang='grc' dir='ltr'><strong>ἀπάτης</strong></span> 
     </span>
    </p>
   </div>
   <div class='ocr_carea' id='block_1_50' title="bbox 2379 2245 3942 2334">
    <p class='ocr_par' dir='ltr' id='par_1_50' title="bbox 2379 2245 3942 2334">
     <span class='ocr_line' id='line_1_50' title="bbox 2379 2245 3942 2334; baseline 0.011 -37"><span class='ocrx_word' id='word_1_341' title='bbox 2379 2245 2538 2299; x_wconf 82' lang='grc' dir='ltr'><strong>αὐτοῦ</strong></span> <span class='ocrx_word' id='word_1_342' title='bbox 2565 2249 2896 2320; x_wconf 70' lang='grc' dir='ltr'><strong>κατάληψιςσ</strong></span> <span class='ocrx_word' id='word_1_343' title='bbox 2928 2250 3064 2304; x_wconf 79' lang='grc' dir='ltr'><strong>ὥστε</strong></span> <span class='ocrx_word' id='word_1_344' title='bbox 3097 2255 3186 2306; x_wconf 77' lang='grc' dir='ltr'><strong>καὶ</strong></span> <span class='ocrx_word' id='word_1_345' title='bbox 3231 2256 3287 2307; x_wconf 77' lang='grc' dir='ltr'><strong>τὸ</strong></span> <span class='ocrx_word' id='word_1_346' title='bbox 3334 2257 3549 2328; x_wconf 80' lang='grc' dir='ltr'><strong>πνεῦμα</strong></span> <span class='ocrx_word' id='word_1_347' title='bbox 3595 2258 3784 2328; x_wconf 75' lang='grc' dir='ltr'><strong>λέγειν</strong></span> <span class='ocrx_word' id='word_1_348' title='bbox 3829 2265 3942 2334; x_wconf 78' lang='grc' dir='ltr'><strong>περὶ</strong></span> 
     </span>
    </p>
   </div>
   <div class='ocr_carea' id='block_1_51' title="bbox 2377 2338 3943 2421">
    <p class='ocr_par' dir='ltr' id='par_1_51' title="bbox 2377 2338 3943 2421">
     <span class='ocr_line' id='line_1_51' title="bbox 2377 2338 3943 2421; baseline 0.013 -33"><span class='ocrx_word' id='word_1_349' title='bbox 2377 2338 2540 2390; x_wconf 80' lang='grc' dir='ltr'><strong>αὐτοῦ</strong></span> <span class='ocrx_word' id='word_1_350' title='bbox 2566 2355 2578 2366; x_wconf 66' lang='grc' dir='ltr'><strong><em>υ</em></strong></span> <span class='ocrx_word' id='word_1_351' title='bbox 2621 2341 2716 2406; x_wconf 84' lang='grc' dir='ltr'><strong>Τίς</strong></span> <span class='ocrx_word' id='word_1_352' title='bbox 2746 2343 3126 2411; x_wconf 70' lang='grc' dir='ltr'><strong>ἀποκαλύψει</strong></span> <span class='ocrx_word' id='word_1_353' title='bbox 3154 2349 3474 2412; x_wconf 80' lang='grc' dir='ltr'><strong>πρόσωπον</strong></span> <span class='ocrx_word' id='word_1_354' title='bbox 3491 2351 3830 2421; x_wconf 80' lang='grc' dir='ltr'><strong>ἐνδύματος</strong></span> <span class='ocrx_word' id='word_1_355' title='bbox 3857 2358 3943 2408; x_wconf 71' lang='grc' dir='ltr'><strong>οὐ·</strong></span> 
     </span>
    </p>
   </div>
   <div class='ocr_carea' id='block_1_52' title="bbox 2376 2431 3941 2516">
    <p class='ocr_par' dir='ltr' id='par_1_52' title="bbox 2376 2431 3941 2516">
     <span class='ocr_line' id='line_1_52' title="bbox 2376 2431 3941 2516; baseline 0.012 -34"><span class='ocrx_word' id='word_1_356' title='bbox 2376 2431 2480 2483; x_wconf 82' lang='grc' dir='ltr'><strong>τοῦ</strong></span> <span class='ocrx_word' id='word_1_357' title='bbox 2502 2448 2520 2495; x_wconf 88' lang='grc'><em>;</em></span> <span class='ocrx_word' id='word_1_358' title='bbox 2547 2432 2637 2484; x_wconf 80' lang='grc' dir='ltr'><strong>καὶ</strong></span> <span class='ocrx_word' id='word_1_359' title='bbox 2676 2432 2742 2485; x_wconf 78' lang='grc' dir='ltr'><strong>τὰ</strong></span> <span class='ocrx_word' id='word_1_360' title='bbox 2770 2433 2917 2499; x_wconf 77' lang='grc' dir='ltr'><strong>ἑξῆς.</strong></span> <span class='ocrx_word' id='word_1_361' title='bbox 2954 2437 3027 2488; x_wconf 78' lang='grc' dir='ltr'><strong>Οὐ</strong></span> <span class='ocrx_word' id='word_1_362' title='bbox 3077 2436 3183 2507; x_wconf 83' lang='grc' dir='ltr'><strong>γάρ</strong></span> <span class='ocrx_word' id='word_1_363' title='bbox 3207 2439 3341 2510; x_wconf 80' lang='grc' dir='ltr'><strong>ὅπερ</strong></span> <span class='ocrx_word' id='word_1_364' title='bbox 3370 2435 3459 2511; x_wconf 80' lang='grc' dir='ltr'><strong>ἦν,</strong></span> <span class='ocrx_word' id='word_1_365' title='bbox 3490 2443 3651 2496; x_wconf 81' lang='grc' dir='ltr'><strong>τοῦτο</strong></span> <span class='ocrx_word' id='word_1_366' title='bbox 3678 2447 3774 2499; x_wconf 75' lang='grc' dir='ltr'><strong>καὶ</strong></span> <span class='ocrx_word' id='word_1_367' title='bbox 3797 2449 3941 2516; x_wconf 69' lang='grc' dir='ltr'><strong>ἐφαί-</strong></span> 
     </span>
    </p>
   </div>
   <div class='ocr_carea' id='block_1_53' title="bbox 2375 2523 3941 2603">
    <p class='ocr_par' dir='ltr' id='par_1_53' title="bbox 2375 2523 3941 2603">
     <span class='ocr_line' id='line_1_53' title="bbox 2375 2523 3941 2603; baseline 0.011 -30"><span class='ocrx_word' id='word_1_368' title='bbox 2375 2538 2513 2586; x_wconf 84' lang='grc' dir='ltr'><strong>νετο,</strong></span> <span class='ocrx_word' id='word_1_369' title='bbox 2549 2523 2683 2577; x_wconf 79' lang='grc' dir='ltr'><strong>ἀλλὰ</strong></span> <span class='ocrx_word' id='word_1_370' title='bbox 2732 2525 2866 2596; x_wconf 84' lang='grc' dir='ltr'><strong>πρὸς</strong></span> <span class='ocrx_word' id='word_1_371' title='bbox 2918 2525 2946 2576; x_wconf 78' lang='grc' dir='ltr'><strong>δ</strong></span> <span class='ocrx_word' id='word_1_372' title='bbox 2976 2528 3424 2599; x_wconf 76' lang='grc' dir='ltr'><strong>ἐπανουργεύετο,</strong></span> <span class='ocrx_word' id='word_1_373' title='bbox 3480 2535 3616 2603; x_wconf 84' lang='grc' dir='ltr'><strong>πρὸς</strong></span> <span class='ocrx_word' id='word_1_374' title='bbox 3649 2537 3811 2592; x_wconf 79' lang='grc' dir='ltr'><strong>τοῦτο</strong></span> <span class='ocrx_word' id='word_1_375' title='bbox 3860 2542 3941 2591; x_wconf 76' lang='grc' dir='ltr'><strong>καὶ</strong></span> 
     </span>
    </p>
   </div>
   <div class='ocr_carea' id='block_1_54' title="bbox 2375 2615 3940 2698">
    <p class='ocr_par' dir='ltr' id='par_1_54' title="bbox 2375 2615 3940 2698">
     <span class='ocr_line' id='line_1_54' title="bbox 2375 2615 3940 2698; baseline 0.012 -32"><span class='ocrx_word' id='word_1_376' title='bbox 2375 2615 2698 2683; x_wconf 77' lang='grc' dir='ltr'><strong>ὲφαντασίου</strong></span> <span class='ocrx_word' id='word_1_377' title='bbox 2742 2619 2954 2672; x_wconf 81' lang='grc' dir='ltr'><strong>ἑαυτὸν.</strong></span> <span class='ocrx_word' id='word_1_378' title='bbox 2999 2620 3098 2673; x_wconf 76' lang='grc' dir='ltr'><strong>Διὰ</strong></span> <span class='ocrx_word' id='word_1_379' title='bbox 3131 2622 3288 2676; x_wconf 82' lang='grc' dir='ltr'><strong>τοῦτο</strong></span> <span class='ocrx_word' id='word_1_380' title='bbox 3330 2627 3425 2677; x_wconf 76' lang='grc' dir='ltr'><strong>καὶ</strong></span> <span class='ocrx_word' id='word_1_381' title='bbox 3454 2627 3641 2680; x_wconf 74' lang='grc' dir='ltr'><strong>πολλοὶ</strong></span> <span class='ocrx_word' id='word_1_382' title='bbox 3664 2631 3940 2698; x_wconf 74' lang='grc' dir='ltr'><strong>ἠπατῶντο</strong></span> 
     </span>
    </p>
   </div>
   <div class='ocr_carea' id='block_1_55' title="bbox 2374 2704 3938 2790">
    <p class='ocr_par' dir='ltr' id='par_1_55' title="bbox 2374 2704 3938 2790">
     <span class='ocr_line' id='line_1_55' title="bbox 2374 2704 3938 2790; baseline 0.01 -33"><span class='ocrx_word' id='word_1_383' title='bbox 2374 2704 2464 2758; x_wconf 81' lang='grc' dir='ltr'><strong>ὑπ’</strong></span> <span class='ocrx_word' id='word_1_384' title='bbox 2493 2709 2653 2762; x_wconf 81' lang='grc' dir='ltr'><strong>αὑτοῦ</strong></span> <span class='ocrx_word' id='word_1_385' title='bbox 2677 2726 2690 2739; x_wconf 91' lang='grc'><strong>·</strong></span> <span class='ocrx_word' id='word_1_386' title='bbox 2724 2710 2811 2762; x_wconf 81' lang='grc' dir='ltr'><strong>ὅτε</strong></span> <span class='ocrx_word' id='word_1_387' title='bbox 2837 2711 2890 2764; x_wconf 83' lang='grc' dir='ltr'><strong>δὲ</strong></span> <span class='ocrx_word' id='word_1_388' title='bbox 2925 2713 3266 2783; x_wconf 77' lang='grc' dir='ltr'><strong>ἐπεδήμησεν</strong></span> <span class='ocrx_word' id='word_1_389' title='bbox 3298 2718 3325 2769; x_wconf 85' lang='grc' dir='ltr'>ὁ</span> <span class='ocrx_word' id='word_1_390' title='bbox 3347 2717 3560 2790; x_wconf 82' lang='grc' dir='ltr'><strong>Σωτὴρ,</strong></span> <span class='ocrx_word' id='word_1_391' title='bbox 3587 2720 3712 2772; x_wconf 86' lang='grc' dir='ltr'><strong>τότε</strong></span> <span class='ocrx_word' id='word_1_392' title='bbox 3738 2723 3772 2790; x_wconf 84' lang='grc' dir='ltr'><strong>ἡ</strong></span> <span class='ocrx_word' id='word_1_393' title='bbox 3805 2724 3938 2775; x_wconf 75' lang='grc' dir='ltr'><strong>πᾶσα</strong></span> 
     </span>
    </p>
   </div>
   <div class='ocr_carea' id='block_1_56' title="bbox 2374 2797 3939 2878">
    <p class='ocr_par' dir='ltr' id='par_1_56' title="bbox 2374 2797 3939 2878">
     <span class='ocr_line' id='line_1_56' title="bbox 2374 2797 3939 2878; baseline 0.012 -32"><span class='ocrx_word' id='word_1_394' title='bbox 2374 2797 2639 2863; x_wconf 79' lang='grc' dir='ltr'><strong>φαντασία</strong></span> <span class='ocrx_word' id='word_1_395' title='bbox 2667 2799 2828 2851; x_wconf 78' lang='grc' dir='ltr'><strong>αὑτοῦ</strong></span> <span class='ocrx_word' id='word_1_396' title='bbox 2853 2800 3237 2874; x_wconf 77' lang='grc' dir='ltr'><strong>ὲδειγματίσοη</strong></span> <span class='ocrx_word' id='word_1_397' title='bbox 3261 2821 3272 2832; x_wconf 91' lang='grc'><strong>·</strong></span> <span class='ocrx_word' id='word_1_398' title='bbox 3297 2805 3332 2858; x_wconf 81' lang='grc' dir='ltr'>ἃ</span> <span class='ocrx_word' id='word_1_399' title='bbox 3367 2808 3475 2878; x_wconf 77' lang='grc' dir='ltr'><strong>γὰρ</strong></span> <span class='ocrx_word' id='word_1_400' title='bbox 3503 2811 3758 2877; x_wconf 70' lang='grc' dir='ltr'><strong>ἠγνοεῖτο</strong></span> <span class='ocrx_word' id='word_1_401' title='bbox 3785 2811 3939 2864; x_wconf 79' lang='grc' dir='ltr'><strong>πάλαι</strong></span> 
     </span>
    </p>
   </div>
   <div class='ocr_carea' id='block_1_57' title="bbox 2373 2886 3938 2967">
    <p class='ocr_par' dir='ltr' id='par_1_57' title="bbox 2373 2886 3938 2967">
     <span class='ocr_line' id='line_1_57' title="bbox 2373 2886 3938 2967; baseline 0.013 -30"><span class='ocrx_word' id='word_1_402' title='bbox 2373 2886 2558 2950; x_wconf 84' lang='grc' dir='ltr'><strong>ποιῶν,</strong></span> <span class='ocrx_word' id='word_1_403' title='bbox 2594 2889 2761 2942; x_wconf 82' lang='grc' dir='ltr'><strong>ταῦτα</strong></span> <span class='ocrx_word' id='word_1_404' title='bbox 2786 2893 2850 2962; x_wconf 79' lang='grc' dir='ltr'><strong>τῇ</strong></span> <span class='ocrx_word' id='word_1_405' title='bbox 2886 2893 3067 2963; x_wconf 78' lang='grc' dir='ltr'><strong>χάριτι</strong></span> <span class='ocrx_word' id='word_1_406' title='bbox 3103 2893 3196 2947; x_wconf 74' lang='grc' dir='ltr'><strong>τοῦ</strong></span> <span class='ocrx_word' id='word_1_407' title='bbox 3226 2897 3463 2966; x_wconf 78' lang='grc' dir='ltr'><strong>Χριστοῦ</strong></span> <span class='ocrx_word' id='word_1_408' title='bbox 3487 2900 3938 2967; x_wconf 75' lang='grc' dir='ltr'><strong>γινώσκεται,καὶ</strong></span> 
     </span>
    </p>
   </div>
   <div class='ocr_carea' id='block_1_58' title="bbox 2370 2973 3937 3056">
    <p class='ocr_par' dir='ltr' id='par_1_58' title="bbox 2370 2973 3937 3056">
     <span class='ocr_line' id='line_1_58' title="bbox 2370 2973 3937 3056; baseline 0.012 -28"><span class='ocrx_word' id='word_1_409' title='bbox 2370 2978 2427 3029; x_wconf 85' lang='grc' dir='ltr'><strong>ὲν</strong></span> <span class='ocrx_word' id='word_1_410' title='bbox 2455 2973 2535 3041; x_wconf 78' lang='grc' dir='ltr'><strong>οἷς</strong></span> <span class='ocrx_word' id='word_1_411' title='bbox 2566 2980 2748 3048; x_wconf 75' lang='grc' dir='ltr'><strong>ἠπάτα</strong></span> <span class='ocrx_word' id='word_1_412' title='bbox 2771 2981 2934 3034; x_wconf 84' lang='grc' dir='ltr'><strong>πάλαι</strong></span> <span class='ocrx_word' id='word_1_413' title='bbox 2959 2985 3082 3047; x_wconf 84' lang='grc' dir='ltr'><strong>τοὺς</strong></span> <span class='ocrx_word' id='word_1_414' title='bbox 3119 2985 3459 3056; x_wconf 80' lang='grc' dir='ltr'><strong>ἀνθρώπους,</strong></span> <span class='ocrx_word' id='word_1_415' title='bbox 3491 2991 3550 3042; x_wconf 81' lang='grc' dir='ltr'><strong>ὲν</strong></span> <span class='ocrx_word' id='word_1_416' title='bbox 3597 2992 3810 3056; x_wconf 83' lang='grc' dir='ltr'><strong>τούτοις</strong></span> <span class='ocrx_word' id='word_1_417' title='bbox 3855 2992 3937 3046; x_wconf 73' lang='grc' dir='ltr'><strong>ὑπ’</strong></span> 
     </span>
    </p>
   </div>
   <div class='ocr_carea' id='block_1_59' title="bbox 699 3060 2299 3154">
    <p class='ocr_par' dir='ltr' id='par_1_59' title="bbox 699 3060 2299 3137">
     <span class='ocr_line' id='line_1_59' title="bbox 699 3060 2299 3137; baseline 0.004 -22"><span class='ocrx_word' id='word_1_418' title='bbox 699 3060 822 3115; x_wconf 90' lang='lat' dir='ltr'><strong>dem</strong></span> <span class='ocrx_word' id='word_1_419' title='bbox 836 3061 946 3131; x_wconf 90' lang='lat' dir='ltr'><strong>jam</strong></span> <span class='ocrx_word' id='word_1_420' title='bbox 965 3062 1033 3116; x_wconf 89' lang='lat' dir='ltr'><strong>ah</strong></span> <span class='ocrx_word' id='word_1_421' title='bbox 1051 3062 1360 3118; x_wconf 89' lang='lat' dir='ltr'><strong>hominibus</strong></span> <span class='ocrx_word' id='word_1_422' title='bbox 1383 3065 1692 3131; x_wconf 89' lang='lat' dir='ltr'><strong>proteritur.</strong></span> <span class='ocrx_word' id='word_1_423' title='bbox 1717 3064 1872 3121; x_wconf 81' lang='lat' dir='ltr'><strong>Fides</strong></span> <span class='ocrx_word' id='word_1_424' title='bbox 1893 3067 2088 3137; x_wconf 85' lang='lat' dir='ltr'><strong>quippe</strong></span> <span class='ocrx_word' id='word_1_425' title='bbox 2112 3068 2259 3122; x_wconf 89' lang='lat' dir='ltr'><strong>omni</strong></span> <span class='ocrx_word' id='word_1_426' title='bbox 2295 3103 2299 3132; x_wconf 56' lang='grc' dir='ltr'><strong>ι</strong></span> 
     </span>
    </p>
   </div>
   <div class='ocr_carea' id='block_1_60' title="bbox 2375 3060 3936 3154">
    <p class='ocr_par' dir='ltr' id='par_1_60' title="bbox 2375 3071 3936 3154">
     <span class='ocr_line' id='line_1_60' title="bbox 2375 3071 3936 3154; baseline 0.011 -31"><span class='ocrx_word' id='word_1_427' title='bbox 2375 3071 2542 3124; x_wconf 74' lang='grc' dir='ltr'><strong>αὐτῶν</strong></span> <span class='ocrx_word' id='word_1_428' title='bbox 2564 3077 2974 3130; x_wconf 81' lang='grc' dir='ltr'><strong>καταπατεῖται.</strong></span> <span class='ocrx_word' id='word_1_429' title='bbox 2996 3076 3180 3148; x_wconf 83' lang='grc' dir='ltr'><strong>Πάσης</strong></span> <span class='ocrx_word' id='word_1_430' title='bbox 3199 3078 3306 3151; x_wconf 77' lang='grc' dir='ltr'><strong>γὰρ</strong></span> <span class='ocrx_word' id='word_1_431' title='bbox 3325 3079 3637 3154; x_wconf 78' lang='grc' dir='ltr'><strong>διαδολικῆς</strong></span> <span class='ocrx_word' id='word_1_432' title='bbox 3653 3084 3936 3148; x_wconf 78' lang='grc' dir='ltr'><strong>ἐπιθέσεως</strong></span> 
     </span>
    </p>
   </div>
   <div class='ocr_carea' id='block_1_61' title="bbox 698 3150 2258 3222">
    <p class='ocr_par' dir='ltr' id='par_1_61' title="bbox 698 3150 2258 3222">
     <span class='ocr_line' id='line_1_61' title="bbox 698 3150 2258 3222; baseline 0.004 -17"><span class='ocrx_word' id='word_1_433' title='bbox 698 3150 1213 3222; x_wconf 82' lang='lat' dir='ltr'><strong>diabolicoimpetu,</strong></span> <span class='ocrx_word' id='word_1_434' title='bbox 1253 3161 1309 3206; x_wconf 90' lang='lat' dir='ltr'><strong>et</strong></span> <span class='ocrx_word' id='word_1_435' title='bbox 1343 3153 1650 3209; x_wconf 65' lang='lat' dir='ltr'><strong>daemonum</strong></span> <span class='ocrx_word' id='word_1_436' title='bbox 1692 3154 1876 3212; x_wconf 83' lang='lat' dir='ltr'><strong>furore</strong></span> <span class='ocrx_word' id='word_1_437' title='bbox 1929 3156 2122 3212; x_wconf 91' lang='lat' dir='ltr'><strong>fortior</strong></span> <span class='ocrx_word' id='word_1_438' title='bbox 2154 3168 2258 3213; x_wconf 91' lang='lat' dir='ltr'><strong>est.</strong></span> 
     </span>
    </p>
   </div>
   <div class='ocr_carea' id='block_1_62' title="bbox 2369 3163 3613 3243">
    <p class='ocr_par' dir='ltr' id='par_1_62' title="bbox 2369 3163 3613 3243">
     <span class='ocr_line' id='line_1_62' title="bbox 2369 3163 3613 3243; baseline 0.011 -29"><span class='ocrx_word' id='word_1_439' title='bbox 2369 3163 2462 3215; x_wconf 74' lang='grc' dir='ltr'><strong>καὶ</strong></span> <span class='ocrx_word' id='word_1_440' title='bbox 2491 3163 2683 3232; x_wconf 87' lang='grc' dir='ltr'><strong>μανίας</strong></span> <span class='ocrx_word' id='word_1_441' title='bbox 2701 3165 2965 3237; x_wconf 83' lang='grc' dir='ltr'><strong>δαιμόνων</strong></span> <span class='ocrx_word' id='word_1_442' title='bbox 2994 3170 3316 3243; x_wconf 74' lang='grc' dir='ltr'><strong>ἰσχυροτέρα</strong></span> <span class='ocrx_word' id='word_1_443' title='bbox 3343 3174 3375 3243; x_wconf 81' lang='grc' dir='ltr'>ἡ</span> <span class='ocrx_word' id='word_1_444' title='bbox 3410 3174 3613 3239; x_wconf 82' lang='grc' dir='ltr'><strong>πίστις.</strong></span> 
     </span>
    </p>
   </div>
   <div class='ocr_carea' id='block_1_63' title="bbox 734 3367 3899 3407">
    <p class='ocr_par' dir='ltr' id='par_1_63' title="bbox 734 3367 3899 3407">
     <span class='ocr_line' id='line_1_63' title="bbox 734 3367 3899 3407; baseline 0.009 -30"><span class='ocrx_word' id='word_1_445' title='bbox 734 3367 3899 3407; x_wconf 80' lang='lat'><strong>———.—__—____.______._____________________</strong></span> 
     </span>
    </p>
   </div>
   <div class='ocr_carea' id='block_1_64' title="bbox 1107 3516 3263 3596">
    <p class='ocr_par' dir='ltr' id='par_1_64' title="bbox 1107 3516 3263 3596">
     <span class='ocr_line' id='line_1_64' title="bbox 1107 3516 3263 3596; baseline 0.007 -20"><span class='ocrx_word' id='word_1_446' title='bbox 1107 3516 1570 3578; x_wconf 84' lang='lat' dir='ltr'><strong>ADMONITIO</strong></span> <span class='ocrx_word' id='word_1_447' title='bbox 1627 3518 1706 3579; x_wconf 85' lang='lat' dir='ltr'><strong>IN</strong></span> <span class='ocrx_word' id='word_1_448' title='bbox 1764 3519 2259 3580; x_wconf 79' lang='lat' dir='ltr'><strong>FRAGMENTA</strong></span> <span class='ocrx_word' id='word_1_449' title='bbox 2308 3520 2901 3596; x_wconf 84' lang='lat' dir='ltr'><strong>SUBSEQUENTIA</strong></span> <span class='ocrx_word' id='word_1_450' title='bbox 2972 3528 3052 3590; x_wconf 85' lang='lat' dir='ltr'><strong>IN</strong></span> <span class='ocrx_word' id='word_1_451' title='bbox 3109 3528 3263 3592; x_wconf 82' lang='lat' dir='ltr'><strong>CAN</strong></span> 
     </span>
    </p>
   </div>
   <div class='ocr_carea' id='block_1_65' title="bbox 763 3843 2299 3943">
    <p class='ocr_par' dir='ltr' id='par_1_65' title="bbox 763 3843 2299 3914">
     <span class='ocr_line' id='line_1_65' title="bbox 763 3843 2299 3914; baseline 0.005 -15"><span class='ocrx_word' id='word_1_452' title='bbox 763 3845 1127 3914; x_wconf 70' lang='lat' dir='ltr'><strong>Expositiones</strong></span> <span class='ocrx_word' id='word_1_453' title='bbox 1161 3843 1443 3900; x_wconf 77' lang='lat' dir='ltr'><strong>Athanasii</strong></span> <span class='ocrx_word' id='word_1_454' title='bbox 1480 3847 1536 3898; x_wconf 87' lang='lat' dir='ltr'><strong>in</strong></span> <span class='ocrx_word' id='word_1_455' title='bbox 1561 3845 1849 3901; x_wconf 75' lang='lat' dir='ltr'><strong>Canticum</strong></span> <span class='ocrx_word' id='word_1_456' title='bbox 1871 3854 2194 3906; x_wconf 85' lang='lat' dir='ltr'><strong>canticorum</strong></span> <span class='ocrx_word' id='word_1_457' title='bbox 2240 3870 2299 3906; x_wconf 76' lang='grc' dir='ltr'><strong>πιι</strong></span> 
     </span>
    </p>
   </div>
   <div class='ocr_carea' id='block_1_66' title="bbox 2375 3843 3916 3943">
    <p class='ocr_par' dir='ltr' id='par_1_66' title="bbox 2376 3855 3916 3943">
     <span class='ocr_line' id='line_1_66' title="bbox 2376 3855 3916 3943; baseline 0.012 -36"><span class='ocrx_word' id='word_1_458' title='bbox 2376 3865 2492 3908; x_wconf 81' lang='lat' dir='ltr'><strong>orat</strong></span> <span class='ocrx_word' id='word_1_459' title='bbox 2533 3855 2753 3911; x_wconf 79' lang='lat' dir='ltr'><strong>Photius</strong></span> <span class='ocrx_word' id='word_1_460' title='bbox 2776 3859 2856 3913; x_wconf 82' lang='lat' dir='ltr'><strong>Itis</strong></span> <span class='ocrx_word' id='word_1_461' title='bbox 2895 3862 3062 3916; x_wconf 78' lang='lat' dir='ltr'><strong>verbis</strong></span> <span class='ocrx_word' id='word_1_462' title='bbox 3090 3880 3108 3916; x_wconf 92' lang='lat'><strong><em>:</em></strong></span> <span class='ocrx_word' id='word_1_463' title='bbox 3142 3863 3442 3936; x_wconf 83' lang='grc' dir='ltr'><strong>Πεποίηται</strong></span> <span class='ocrx_word' id='word_1_464' title='bbox 3482 3867 3543 3921; x_wconf 70' lang='grc' dir='ltr'><strong>δὲ</strong></span> <span class='ocrx_word' id='word_1_465' title='bbox 3580 3869 3748 3941; x_wconf 85' lang='grc' dir='ltr'><strong>αὐτῷ,</strong></span> <span class='ocrx_word' id='word_1_466' title='bbox 3780 3873 3916 3943; x_wconf 79' lang='grc' dir='ltr'><strong>φησὶ,</strong></span> 
     </span>
    </p>
   </div>
   <div class='ocr_carea' id='block_1_67' title="bbox 693 3935 3918 4035">
    <p class='ocr_par' dir='ltr' id='par_1_67' title="bbox 693 3935 3918 4035">
     <span class='ocr_line' id='line_1_67' title="bbox 693 3935 3918 4035; baseline 0.009 -44"><span class='ocrx_word' id='word_1_467' title='bbox 693 3938 786 3992; x_wconf 73' lang='grc' dir='ltr'><strong>καὶ</strong></span> <span class='ocrx_word' id='word_1_468' title='bbox 814 3939 892 3999; x_wconf 81' lang='grc' dir='ltr'><strong>εἰς</strong></span> <span class='ocrx_word' id='word_1_469' title='bbox 915 3936 1004 3988; x_wconf 79' lang='grc' dir='ltr'><strong>τὸν</strong></span> <span class='ocrx_word' id='word_1_470' title='bbox 1054 3935 1498 4009; x_wconf 77' lang='grc' dir='ltr'><strong>Ἐκκλησιαστὴν,</strong></span> <span class='ocrx_word' id='word_1_471' title='bbox 1535 3940 1627 3992; x_wconf 79' lang='grc' dir='ltr'><strong>καὶ</strong></span> <span class='ocrx_word' id='word_1_472' title='bbox 1653 3942 1732 4003; x_wconf 79' lang='grc' dir='ltr'><strong>εἰς</strong></span> <span class='ocrx_word' id='word_1_473' title='bbox 1757 3940 1817 3994; x_wconf 83' lang='grc' dir='ltr'><strong>τὸ</strong></span> <span class='ocrx_word' id='word_1_474' title='bbox 1844 3939 2032 4014; x_wconf 71' lang='grc' dir='ltr'><strong>*ᾼσμα</strong></span> <span class='ocrx_word' id='word_1_475' title='bbox 2060 3945 2168 3998; x_wconf 84' lang='grc' dir='ltr'><strong>τῶν</strong></span> <span class='ocrx_word' id='word_1_476' title='bbox 2190 3948 2446 4017; x_wconf 73' lang='grc' dir='ltr'><strong>ᾀσμάτων</strong></span> <span class='ocrx_word' id='word_1_477' title='bbox 2483 3949 2868 4021; x_wconf 81' lang='grc' dir='ltr'><strong>ὑπομνήματα,</strong></span> <span class='ocrx_word' id='word_1_478' title='bbox 2889 3953 3077 4026; x_wconf 77' lang='grc' dir='ltr'><strong>ὥσπερ</strong></span> <span class='ocrx_word' id='word_1_479' title='bbox 3098 3957 3192 4009; x_wconf 75' lang='grc' dir='ltr'><strong>καὶ</strong></span> <span class='ocrx_word' id='word_1_480' title='bbox 3222 3959 3300 4019; x_wconf 83' lang='grc' dir='ltr'><strong>είς</strong></span> <span class='ocrx_word' id='word_1_481' title='bbox 3323 3959 3414 4012; x_wconf 75' lang='grc' dir='ltr'><strong>τὸν</strong></span> <span class='ocrx_word' id='word_1_482' title='bbox 3435 3935 3726 4035; x_wconf 71' lang='grc' dir='ltr'><strong>Ψαλτῆρα,</strong></span> <span class='ocrx_word' id='word_1_483' title='bbox 3754 3935 3848 4019; x_wconf 38' lang='grc' dir='ltr'><strong>καὶ,</strong></span> <span class='ocrx_word' id='word_1_484' title='bbox 3869 3935 3918 4019; x_wconf 80' lang='grc' dir='ltr'><strong>ὲν</strong></span> 
     </span>
    </p>
   </div>
   <div class='ocr_carea' id='block_1_68' title="bbox 691 4029 3916 4126">
    <p class='ocr_par' dir='ltr' id='par_1_68' title="bbox 691 4029 3916 4126">
     <span class='ocr_line' id='line_1_68' title="bbox 691 4029 3916 4126; baseline 0.012 -46"><span class='ocrx_word' id='word_1_485' title='bbox 691 4031 897 4106; x_wconf 60' lang='grc' dir='ltr'><strong>ιτὲροις</strong></span> <span class='ocrx_word' id='word_1_486' title='bbox 929 4029 1161 4093; x_wconf 81' lang='grc' dir='ltr'><strong>πολλοῖς.</strong></span> <span class='ocrx_word' id='word_1_487' title='bbox 1187 4031 1612 4098; x_wconf 86' lang='lat' dir='ltr'><strong>Commentaria,</strong></span> <span class='ocrx_word' id='word_1_488' title='bbox 1648 4037 1840 4104; x_wconf 84' lang='lat' dir='ltr'><strong>inquit,</strong></span> <span class='ocrx_word' id='word_1_489' title='bbox 1873 4039 2039 4094; x_wconf 88' lang='lat' dir='ltr'><strong>edidit</strong></span> <span class='ocrx_word' id='word_1_490' title='bbox 2076 4042 2129 4095; x_wconf 91' lang='lat' dir='ltr'><strong>in</strong></span> <span class='ocrx_word' id='word_1_491' title='bbox 2163 4040 2555 4110; x_wconf 84' lang='lat' dir='ltr'><strong>Ecclesiasten,</strong></span> <span class='ocrx_word' id='word_1_492' title='bbox 2588 4046 2640 4100; x_wconf 91' lang='lat' dir='ltr'><strong>in</strong></span> <span class='ocrx_word' id='word_1_493' title='bbox 2678 4046 2962 4104; x_wconf 87' lang='lat' dir='ltr'><strong>Canticum</strong></span> <span class='ocrx_word' id='word_1_494' title='bbox 2993 4053 3354 4118; x_wconf 75' lang='lat' dir='ltr'><strong>canticorum,</strong></span> <span class='ocrx_word' id='word_1_495' title='bbox 3385 4029 3838 4126; x_wconf 80' lang='lat' dir='ltr'><strong>quemadmodum</strong></span> <span class='ocrx_word' id='word_1_496' title='bbox 3871 4073 3916 4118; x_wconf 85' lang='lat' dir='ltr'><strong>et</strong></span> 
     </span>
    </p>
   </div>
   <div class='ocr_carea' id='block_1_69' title="bbox 693 4124 3915 4211">
    <p class='ocr_par' dir='ltr' id='par_1_69' title="bbox 693 4124 3915 4211">
     <span class='ocr_line' id='line_1_69' title="bbox 693 4124 3915 4211; baseline 0.01 -35"><span class='ocrx_word' id='word_1_497' title='bbox 693 4124 745 4176; x_wconf 79' lang='lat' dir='ltr'><strong>in</strong></span> <span class='ocrx_word' id='word_1_498' title='bbox 773 4124 1094 4180; x_wconf 82' lang='lat' dir='ltr'><strong>Psalterium</strong></span> <span class='ocrx_word' id='word_1_499' title='bbox 1129 4133 1181 4179; x_wconf 87' lang='lat' dir='ltr'><strong>et</strong></span> <span class='ocrx_word' id='word_1_500' title='bbox 1211 4125 1264 4178; x_wconf 90' lang='lat' dir='ltr'><strong>in</strong></span> <span class='ocrx_word' id='word_1_501' title='bbox 1295 4125 1400 4179; x_wconf 87' lang='lat' dir='ltr'><strong>alia</strong></span> <span class='ocrx_word' id='word_1_502' title='bbox 1424 4127 1614 4181; x_wconf 88' lang='lat' dir='ltr'><strong>multa.</strong></span> <span class='ocrx_word' id='word_1_503' title='bbox 1650 4131 1778 4181; x_wconf 76' lang='lat' dir='ltr'><strong>lttcc</strong></span> <span class='ocrx_word' id='word_1_504' title='bbox 1814 4146 1970 4198; x_wconf 86' lang='lat' dir='ltr'><strong>porro</strong></span> <span class='ocrx_word' id='word_1_505' title='bbox 2001 4133 2296 4205; x_wconf 78' lang='lat' dir='ltr'><strong>fragmenta</strong></span> <span class='ocrx_word' id='word_1_506' title='bbox 2325 4142 2581 4208; x_wconf 83' lang='lat' dir='ltr'><strong>prodeunt</strong></span> <span class='ocrx_word' id='word_1_507' title='bbox 2622 4156 2685 4195; x_wconf 80' lang='lat' dir='ltr'><strong>ea:</strong></span> <span class='ocrx_word' id='word_1_508' title='bbox 2706 4145 3116 4211; x_wconf 74' lang='lat' dir='ltr'><strong>expositionibus</strong></span> <span class='ocrx_word' id='word_1_509' title='bbox 3165 4147 3220 4199; x_wconf 86' lang='lat' dir='ltr'><strong>in</strong></span> <span class='ocrx_word' id='word_1_510' title='bbox 3248 4124 3472 4202; x_wconf 75' lang='lat' dir='ltr'><strong>Cantica</strong></span> <span class='ocrx_word' id='word_1_511' title='bbox 3493 4153 3650 4205; x_wconf 80' lang='lat' dir='ltr'><strong>editis</strong></span> <span class='ocrx_word' id='word_1_512' title='bbox 3674 4171 3704 4206; x_wconf 87' lang='lat' dir='ltr'><strong>a</strong></span> <span class='ocrx_word' id='word_1_513' title='bbox 3724 4152 3915 4209; x_wconf 71' lang='lat' dir='ltr'><strong>Joanne</strong></span> 
     </span>
    </p>
   </div>
   <div class='ocr_carea' id='block_1_70' title="bbox 690 4214 1264 4270">
    <p class='ocr_par' dir='ltr' id='par_1_70' title="bbox 690 4214 1264 4270">
     <span class='ocr_line' id='line_1_70' title="bbox 690 4214 1264 4270; baseline 0 -1"><span class='ocrx_word' id='word_1_514' title='bbox 690 4216 923 4270; x_wconf 74' lang='lat' dir='ltr'><strong>Heursio</strong></span> <span class='ocrx_word' id='word_1_515' title='bbox 945 4232 1080 4269; x_wconf 82' lang='lat' dir='ltr'><strong>anno</strong></span> <span class='ocrx_word' id='word_1_516' title='bbox 1106 4214 1264 4269; x_wconf 75' lang='grc'><strong>1617.</strong></span> 
     </span>
    </p>
   </div>
   <div class='ocr_carea' id='block_1_71' title="bbox 762 4307 2331 4384">
    <p class='ocr_par' dir='ltr' id='par_1_71' title="bbox 762 4307 2331 4384">
     <span class='ocr_line' id='line_1_71' title="bbox 762 4307 2331 4384; baseline 0.006 -22"><span class='ocrx_word' id='word_1_517' title='bbox 762 4307 829 4362; x_wconf 83' lang='grc' dir='ltr'><strong>1η</strong></span> <span class='ocrx_word' id='word_1_518' title='bbox 858 4307 1092 4379; x_wconf 80' lang='lat' dir='ltr'><strong>gregibus</strong></span> <span class='ocrx_word' id='word_1_519' title='bbox 1120 4309 1416 4362; x_wconf 82' lang='lat' dir='ltr'><strong>amicarum</strong></span> <span class='ocrx_word' id='word_1_520' title='bbox 1445 4319 1656 4364; x_wconf 86' lang='lat' dir='ltr'><strong>tuarum</strong></span> <span class='ocrx_word' id='word_1_521' title='bbox 1671 4313 1823 4382; x_wconf 86' lang='lat' dir='ltr'><strong>quasi</strong></span> <span class='ocrx_word' id='word_1_522' title='bbox 1851 4314 2154 4373; x_wconf 79' lang='lat' dir='ltr'><strong>errabunda</strong></span> <span class='ocrx_word' id='word_1_523' title='bbox 2183 4319 2249 4375; x_wconf 83' lang='grc'><strong>³⁸.</strong></span> <span class='ocrx_word' id='word_1_524' title='bbox 2283 4326 2331 4384; x_wconf 84' lang='lat'><strong>1)</strong></span> 
     </span>
    </p>
   </div>
   <div class='ocr_carea' id='block_1_72' title="bbox 687 4391 2250 4471">
    <p class='ocr_par' dir='ltr' id='par_1_72' title="bbox 687 4391 2250 4471">
     <span class='ocr_line' id='line_1_72' title="bbox 687 4391 2250 4471; baseline 0.008 -25"><span class='ocrx_word' id='word_1_525' title='bbox 687 4391 780 4447; x_wconf 84' lang='lat' dir='ltr'><strong>Ille</strong></span> <span class='ocrx_word' id='word_1_526' title='bbox 828 4394 908 4446; x_wconf 87' lang='lat' dir='ltr'><strong>sic</strong></span> <span class='ocrx_word' id='word_1_527' title='bbox 951 4408 1070 4446; x_wconf 89' lang='lat' dir='ltr'><strong>eam</strong></span> <span class='ocrx_word' id='word_1_528' title='bbox 1103 4392 1399 4462; x_wconf 89' lang='lat' dir='ltr'><strong>alloquitur</strong></span> <span class='ocrx_word' id='word_1_529' title='bbox 1438 4393 1656 4450; x_wconf 87' lang='lat' dir='ltr'><strong>:Nosce</strong></span> <span class='ocrx_word' id='word_1_530' title='bbox 1709 4397 1936 4468; x_wconf 89' lang='lat' dir='ltr'><strong>teipsam</strong></span> <span class='ocrx_word' id='word_1_531' title='bbox 1992 4402 2165 4471; x_wconf 88' lang='lat' dir='ltr'><strong>prius,</strong></span> <span class='ocrx_word' id='word_1_532' title='bbox 2191 4415 2250 4458; x_wconf 91' lang='lat' dir='ltr'><strong>ut</strong></span> 
     </span>
    </p>
   </div>
   <div class='ocr_carea' id='block_1_73' title="bbox 688 4483 2248 4562">
    <p class='ocr_par' dir='ltr' id='par_1_73' title="bbox 688 4483 2248 4562">
     <span class='ocr_line' id='line_1_73' title="bbox 688 4483 2248 4562; baseline 0.007 -25"><span class='ocrx_word' id='word_1_533' title='bbox 688 4499 776 4537; x_wconf 86' lang='lat' dir='ltr'><strong>me</strong></span> <span class='ocrx_word' id='word_1_534' title='bbox 801 4497 1016 4553; x_wconf 89' lang='lat' dir='ltr'><strong>quoque</strong></span> <span class='ocrx_word' id='word_1_535' title='bbox 1039 4497 1366 4553; x_wconf 80' lang='lat' dir='ltr'><strong>cognoscere</strong></span> <span class='ocrx_word' id='word_1_536' title='bbox 1400 4486 1598 4553; x_wconf 89' lang='lat' dir='ltr'><strong>possis.</strong></span> <span class='ocrx_word' id='word_1_537' title='bbox 1633 4483 1689 4539; x_wconf 92' lang='lat' dir='ltr'><strong>Si</strong></span> <span class='ocrx_word' id='word_1_538' title='bbox 1715 4495 1763 4541; x_wconf 91' lang='lat' dir='ltr'><strong>te</strong></span> <span class='ocrx_word' id='word_1_539' title='bbox 1792 4504 1953 4545; x_wconf 90' lang='lat' dir='ltr'><strong>nosse</strong></span> <span class='ocrx_word' id='word_1_540' title='bbox 1981 4507 2090 4546; x_wconf 91' lang='lat' dir='ltr'><strong>non</strong></span> <span class='ocrx_word' id='word_1_541' title='bbox 2114 4509 2248 4562; x_wconf 89' lang='lat' dir='ltr'><strong>pos-</strong></span> 
     </span>
    </p>
   </div>
   <div class='ocr_carea' id='block_1_74' title="bbox 687 4575 2247 4654">
    <p class='ocr_par' dir='ltr' id='par_1_74' title="bbox 687 4575 2247 4654">
     <span class='ocr_line' id='line_1_74' title="bbox 687 4575 2247 4654; baseline 0.006 -23"><span class='ocrx_word' id='word_1_542' title='bbox 687 4575 764 4631; x_wconf 83' lang='lat' dir='ltr'><strong>sis</strong></span> <span class='ocrx_word' id='word_1_543' title='bbox 792 4591 805 4627; x_wconf 89' lang='lat'><strong>:</strong></span> <span class='ocrx_word' id='word_1_544' title='bbox 836 4575 882 4630; x_wconf 88' lang='lat' dir='ltr'><strong>si</strong></span> <span class='ocrx_word' id='word_1_545' title='bbox 911 4589 1016 4628; x_wconf 92' lang='lat' dir='ltr'><strong>non</strong></span> <span class='ocrx_word' id='word_1_546' title='bbox 1061 4575 1295 4640; x_wconf 84' lang='lat' dir='ltr'><strong>noveris,</strong></span> <span class='ocrx_word' id='word_1_547' title='bbox 1327 4591 1501 4645; x_wconf 86' lang='lat' dir='ltr'><strong>neque</strong></span> <span class='ocrx_word' id='word_1_548' title='bbox 1531 4578 1675 4633; x_wconf 87' lang='lat' dir='ltr'><strong>scias</strong></span> <span class='ocrx_word' id='word_1_549' title='bbox 1707 4581 1959 4649; x_wconf 88' lang='lat' dir='ltr'><strong>teipsam,</strong></span> <span class='ocrx_word' id='word_1_550' title='bbox 1985 4585 2247 4654; x_wconf 74' lang='lat' dir='ltr'><strong>egredere</strong></span> 
     </span>
    </p>
   </div>
   <div class='ocr_carea' id='block_1_75' title="bbox 688 4666 2242 4743">
    <p class='ocr_par' dir='ltr' id='par_1_75' title="bbox 688 4666 2242 4743">
     <span class='ocr_line' id='line_1_75' title="bbox 688 4666 2242 4743; baseline 0.008 -22"><span class='ocrx_word' id='word_1_551' title='bbox 688 4677 744 4721; x_wconf 90' lang='lat' dir='ltr'><strong>tu</strong></span> <span class='ocrx_word' id='word_1_552' title='bbox 770 4666 835 4720; x_wconf 80' lang='lat' dir='ltr'><strong>ad</strong></span> <span class='ocrx_word' id='word_1_553' title='bbox 866 4666 1114 4720; x_wconf 83' lang='lat' dir='ltr'><strong>calcanea</strong></span> <span class='ocrx_word' id='word_1_554' title='bbox 1142 4675 1195 4721; x_wconf 86' lang='lat' dir='ltr'><strong>et</strong></span> <span class='ocrx_word' id='word_1_555' title='bbox 1238 4668 1484 4737; x_wconf 85' lang='lat' dir='ltr'><strong>vestigia,</strong></span> <span class='ocrx_word' id='word_1_556' title='bbox 1512 4677 1567 4722; x_wconf 89' lang='lat' dir='ltr'><strong>et</strong></span> <span class='ocrx_word' id='word_1_557' title='bbox 1610 4685 1770 4738; x_wconf 88' lang='lat' dir='ltr'><strong>pasce</strong></span> <span class='ocrx_word' id='word_1_558' title='bbox 1815 4675 2054 4743; x_wconf 87' lang='lat' dir='ltr'><strong>capellas</strong></span> <span class='ocrx_word' id='word_1_559' title='bbox 2098 4687 2242 4741; x_wconf 88' lang='lat' dir='ltr'><strong>tuas,</strong></span> 
     </span>
    </p>
   </div>
   <div class='ocr_carea' id='block_1_76' title="bbox 685 4755 2244 4825">
    <p class='ocr_par' dir='ltr' id='par_1_76' title="bbox 685 4755 2244 4825">
     <span class='ocr_line' id='line_1_76' title="bbox 685 4755 2244 4825; baseline 0.006 -15"><span class='ocrx_word' id='word_1_560' title='bbox 685 4770 748 4810; x_wconf 75' lang='lat' dir='ltr'><strong>ac</strong></span> <span class='ocrx_word' id='word_1_561' title='bbox 786 4755 998 4811; x_wconf 84' lang='lat' dir='ltr'><strong>nutries</strong></span> <span class='ocrx_word' id='word_1_562' title='bbox 1025 4765 1244 4825; x_wconf 73' lang='lat' dir='ltr'><strong>peccata</strong></span> <span class='ocrx_word' id='word_1_563' title='bbox 1296 4758 1556 4812; x_wconf 81' lang='lat' dir='ltr'><strong>virtutum</strong></span> <span class='ocrx_word' id='word_1_564' title='bbox 1598 4759 1738 4815; x_wconf 88' lang='lat' dir='ltr'><strong>loco.</strong></span> <span class='ocrx_word' id='word_1_565' title='bbox 1779 4760 1844 4815; x_wconf 90' lang='lat' dir='ltr'><strong>In</strong></span> <span class='ocrx_word' id='word_1_566' title='bbox 1889 4765 2244 4820; x_wconf 74' lang='lat' dir='ltr'><strong>tabernaculis</strong></span> 
     </span>
    </p>
   </div>
   <div class='ocr_carea' id='block_1_77' title="bbox 683 4848 2248 4928">
    <p class='ocr_par' dir='ltr' id='par_1_77' title="bbox 683 4848 2248 4928">
     <span class='ocr_line' id='line_1_77' title="bbox 683 4848 2248 4928; baseline 0.008 -28"><span class='ocrx_word' id='word_1_567' title='bbox 683 4857 950 4918; x_wconf 73' lang='lat' dir='ltr'><strong>pastorum</strong></span> <span class='ocrx_word' id='word_1_568' title='bbox 972 4848 1037 4915; x_wconf 79' lang='grc'><strong>⁸⁸,</strong></span> <span class='ocrx_word' id='word_1_569' title='bbox 1072 4848 1126 4901; x_wconf 90' lang='lat' dir='ltr'><strong>in</strong></span> <span class='ocrx_word' id='word_1_570' title='bbox 1167 4849 1623 4918; x_wconf 84' lang='lat' dir='ltr'><strong>concupiscentiis</strong></span> <span class='ocrx_word' id='word_1_571' title='bbox 1662 4852 2100 4911; x_wconf 83' lang='lat' dir='ltr'><strong>adversariarum</strong></span> <span class='ocrx_word' id='word_1_572' title='bbox 2150 4875 2248 4928; x_wconf 89' lang='lat' dir='ltr'><strong>po-</strong></span> 
     </span>
    </p>
   </div>
   <div class='ocr_carea' id='block_1_78' title="bbox 685 4950 1466 5010">
    <p class='ocr_par' dir='ltr' id='par_1_78' title="bbox 685 4950 1466 5010">
     <span class='ocr_line' id='line_1_78' title="bbox 685 4950 1466 5010; baseline -0.001 -14"><span class='ocrx_word' id='word_1_573' title='bbox 685 4950 956 5006; x_wconf 75' lang='lat' dir='ltr'><strong>testatum,</strong></span> <span class='ocrx_word' id='word_1_574' title='bbox 990 4957 1110 5010; x_wconf 77' lang='lat' dir='ltr'><strong>qua:</strong></span> <span class='ocrx_word' id='word_1_575' title='bbox 1136 4950 1187 4996; x_wconf 88' lang='lat' dir='ltr'><strong>te</strong></span> <span class='ocrx_word' id='word_1_576' title='bbox 1214 4950 1466 5010; x_wconf 83' lang='lat' dir='ltr'><strong>pascunt.</strong></span> 
     </span>
    </p>
   </div>
   <div class='ocr_carea' id='block_1_79' title="bbox 762 5030 2242 5108">
    <p class='ocr_par' dir='ltr' id='par_1_79' title="bbox 762 5030 2242 5108">
     <span class='ocr_line' id='line_1_79' title="bbox 762 5030 2242 5108; baseline 0.007 -24"><span class='ocrx_word' id='word_1_577' title='bbox 762 5030 1099 5096; x_wconf 82' lang='lat' dir='ltr'><strong>Vocavieum,</strong></span> <span class='ocrx_word' id='word_1_578' title='bbox 1123 5048 1211 5085; x_wconf 87' lang='lat' dir='ltr'><strong>nec</strong></span> <span class='ocrx_word' id='word_1_579' title='bbox 1230 5033 1492 5103; x_wconf 81' lang='lat' dir='ltr'><strong>respondit</strong></span> <span class='ocrx_word' id='word_1_580' title='bbox 1515 5036 1661 5092; x_wconf 78' lang='lat' dir='ltr'><strong>mihi.</strong></span> <span class='ocrx_word' id='word_1_581' title='bbox 1685 5034 1912 5108; x_wconf 85' lang='lat' dir='ltr'><strong>Surgam</strong></span> <span class='ocrx_word' id='word_1_582' title='bbox 1942 5049 1989 5092; x_wconf 88' lang='lat' dir='ltr'><strong>et</strong></span> <span class='ocrx_word' id='word_1_583' title='bbox 2012 5041 2242 5095; x_wconf 81' lang='lat' dir='ltr'><strong>circuibo</strong></span> 
     </span>
    </p>
   </div>
   <div class='ocr_carea' id='block_1_80' title="bbox 678 5123 1039 5177">
    <p class='ocr_par' dir='ltr' id='par_1_80' title="bbox 678 5123 1039 5177">
     <span class='ocr_line' id='line_1_80' title="bbox 678 5123 1039 5177; baseline -0.003 0"><span class='ocrx_word' id='word_1_584' title='bbox 678 5123 944 5177; x_wconf 75' lang='lat' dir='ltr'><strong>civitatein</strong></span> <span class='ocrx_word' id='word_1_585' title='bbox 973 5124 1039 5176; x_wconf 77' lang='lat'><strong>“.</strong></span> 
     </span>
    </p>
   </div>
   <div class='ocr_carea' id='block_1_81' title="bbox 748 5215 2238 5297">
    <p class='ocr_par' dir='ltr' id='par_1_81' title="bbox 748 5215 2238 5297">
     <span class='ocr_line' id='line_1_81' title="bbox 748 5215 2238 5297; baseline 0.008 -29"><span class='ocrx_word' id='word_1_586' title='bbox 748 5215 1089 5271; x_wconf 74' lang='lat' dir='ltr'><strong>Athanasius.</strong></span> <span class='ocrx_word' id='word_1_587' title='bbox 1119 5216 1311 5289; x_wconf 89' lang='lat' dir='ltr'><strong>Legem</strong></span> <span class='ocrx_word' id='word_1_588' title='bbox 1341 5219 1509 5289; x_wconf 84' lang='lat' dir='ltr'><strong>legam</strong></span> <span class='ocrx_word' id='word_1_589' title='bbox 1531 5262 1546 5285; x_wconf 90' lang='lat'><strong>,</strong></span> <span class='ocrx_word' id='word_1_590' title='bbox 1582 5223 1875 5292; x_wconf 82' lang='lat' dir='ltr'><strong>praphetas</strong></span> <span class='ocrx_word' id='word_1_591' title='bbox 1903 5225 2112 5297; x_wconf 90' lang='lat' dir='ltr'><strong>legam;</strong></span> <span class='ocrx_word' id='word_1_592' title='bbox 2151 5227 2238 5280; x_wconf 84' lang='lat' dir='ltr'><strong>in-</strong></span> 
     </span>
    </p>
   </div>
   <div class='ocr_carea' id='block_1_82' title="bbox 678 5306 2236 5379">
    <p class='ocr_par' dir='ltr' id='par_1_82' title="bbox 678 5306 2236 5379">
     <span class='ocr_line' id='line_1_82' title="bbox 678 5306 2236 5379; baseline 0.01 -21"><span class='ocrx_word' id='word_1_593' title='bbox 678 5306 953 5376; x_wconf 83' lang='lat' dir='ltr'><strong>vestigabo</strong></span> <span class='ocrx_word' id='word_1_594' title='bbox 983 5307 1291 5379; x_wconf 77' lang='lat' dir='ltr'><strong>Evangelia.</strong></span> <span class='ocrx_word' id='word_1_595' title='bbox 1338 5310 1459 5366; x_wconf 63' lang='lat' dir='ltr'><strong>Hice</strong></span> <span class='ocrx_word' id='word_1_596' title='bbox 1506 5321 1687 5366; x_wconf 88' lang='lat' dir='ltr'><strong>autem</strong></span> <span class='ocrx_word' id='word_1_597' title='bbox 1734 5315 1808 5368; x_wconf 88' lang='lat' dir='ltr'><strong>ait</strong></span> <span class='ocrx_word' id='word_1_598' title='bbox 1836 5317 2022 5370; x_wconf 86' lang='lat' dir='ltr'><strong>divino</strong></span> <span class='ocrx_word' id='word_1_599' title='bbox 2052 5333 2236 5373; x_wconf 88' lang='lat' dir='ltr'><strong>amore</strong></span> 
     </span>
    </p>
   </div>
   <div class='ocr_carea' id='block_1_83' title="bbox 2440 4325 3738 4406">
    <p class='ocr_par' dir='ltr' id='par_1_83' title="bbox 2440 4325 3738 4406">
     <span class='ocr_line' id='line_1_83' title="bbox 2440 4325 3738 4406; baseline 0.01 -28"><span class='ocrx_word' id='word_1_600' title='bbox 2440 4325 2564 4378; x_wconf 76' lang='grc' dir='ltr'><strong>Ἐπ’</strong></span> <span class='ocrx_word' id='word_1_601' title='bbox 2597 4325 2838 4393; x_wconf 75' lang='grc' dir='ltr'><strong>ἀγέλαις</strong></span> <span class='ocrx_word' id='word_1_602' title='bbox 2863 4327 3110 4396; x_wconf 69' lang='grc' dir='ltr'><strong>ἑταίρων</strong></span> <span class='ocrx_word' id='word_1_603' title='bbox 3136 4345 3252 4383; x_wconf 76' lang='grc' dir='ltr'><strong>σου</strong></span> <span class='ocrx_word' id='word_1_604' title='bbox 3282 4332 3362 4397; x_wconf 84' lang='grc' dir='ltr'><strong>ὡς</strong></span> <span class='ocrx_word' id='word_1_605' title='bbox 3376 4335 3738 4406; x_wconf 72' lang='grc' dir='ltr'><strong>ῥεμϐομένη.</strong></span> 
     </span>
    </p>
   </div>
   <div class='ocr_carea' id='block_1_84' title="bbox 2423 4414 3910 4493">
    <p class='ocr_par' dir='ltr' id='par_1_84' title="bbox 2423 4414 3910 4493">
     <span class='ocr_line' id='line_1_84' title="bbox 2423 4414 3910 4493; baseline 0.011 -26"><span class='ocrx_word' id='word_1_606' title='bbox 2423 4414 2593 4476; x_wconf 78' lang='grc' dir='ltr'><strong>Αὐτὸς</strong></span> <span class='ocrx_word' id='word_1_607' title='bbox 2619 4414 2753 4484; x_wconf 75' lang='grc' dir='ltr'><strong>πρὸς</strong></span> <span class='ocrx_word' id='word_1_608' title='bbox 2784 4415 2953 4487; x_wconf 82' lang='grc' dir='ltr'><strong>αὐτήν</strong></span> <span class='ocrx_word' id='word_1_609' title='bbox 2977 4432 2991 4446; x_wconf 85' lang='lat'><strong><em>°</em></strong></span> <span class='ocrx_word' id='word_1_610' title='bbox 3016 4416 3186 4470; x_wconf 81' lang='grc' dir='ltr'><strong>Γνῶθι</strong></span> <span class='ocrx_word' id='word_1_611' title='bbox 3214 4420 3444 4492; x_wconf 84' lang='grc' dir='ltr'><strong>σεαυτὴν</strong></span> <span class='ocrx_word' id='word_1_612' title='bbox 3465 4425 3702 4493; x_wconf 82' lang='grc' dir='ltr'><strong>πρῶτον,</strong></span> <span class='ocrx_word' id='word_1_613' title='bbox 3733 4429 3813 4482; x_wconf 85' lang='grc' dir='ltr'><strong>ἴνα</strong></span> <span class='ocrx_word' id='word_1_614' title='bbox 3831 4447 3910 4482; x_wconf 63' lang='grc' dir='ltr'><strong>και</strong></span> 
     </span>
    </p>
   </div>
   <div class='ocr_carea' id='block_1_85' title="bbox 2353 4505 3909 4588">
    <p class='ocr_par' dir='ltr' id='par_1_85' title="bbox 2353 4505 3909 4588">
     <span class='ocr_line' id='line_1_85' title="bbox 2353 4505 3909 4588; baseline 0.012 -32"><span class='ocrx_word' id='word_1_615' title='bbox 2353 4507 2452 4576; x_wconf 75' lang='grc' dir='ltr'><strong>ἐμὲ</strong></span> <span class='ocrx_word' id='word_1_616' title='bbox 2491 4505 2691 4574; x_wconf 84' lang='grc' dir='ltr'><strong>γνῶναι</strong></span> <span class='ocrx_word' id='word_1_617' title='bbox 2742 4507 2991 4581; x_wconf 78' lang='grc' dir='ltr'><strong>δυνηθῇς.</strong></span> <span class='ocrx_word' id='word_1_618' title='bbox 3037 4509 3162 4564; x_wconf 77' lang='grc' dir='ltr'><strong>Ἐὰν</strong></span> <span class='ocrx_word' id='word_1_619' title='bbox 3193 4512 3266 4582; x_wconf 82' lang='grc' dir='ltr'><strong>μὴ</strong></span> <span class='ocrx_word' id='word_1_620' title='bbox 3299 4513 3443 4584; x_wconf 82' lang='grc' dir='ltr'><strong>γνῷς</strong></span> <span class='ocrx_word' id='word_1_621' title='bbox 3473 4517 3707 4588; x_wconf 75' lang='grc' dir='ltr'><strong>ἑαυτήνο</strong></span> <span class='ocrx_word' id='word_1_622' title='bbox 3743 4523 3789 4573; x_wconf 81' lang='lat' dir='ltr'><strong>ei</strong></span> <span class='ocrx_word' id='word_1_623' title='bbox 3823 4524 3909 4577; x_wconf 78' lang='grc' dir='ltr'><strong>οὐκ</strong></span> 
     </span>
    </p>
   </div>
   <div class='ocr_carea' id='block_1_86' title="bbox 2353 4591 3909 4682">
    <p class='ocr_par' dir='ltr' id='par_1_86' title="bbox 2353 4591 3909 4682">
     <span class='ocr_line' id='line_1_86' title="bbox 2353 4591 3909 4682; baseline 0.013 -39"><span class='ocrx_word' id='word_1_624' title='bbox 2353 4592 2521 4658; x_wconf 71' lang='grc' dir='ltr'><strong>ἔγνως</strong></span> <span class='ocrx_word' id='word_1_625' title='bbox 2544 4609 2558 4622; x_wconf 76' lang='grc' dir='ltr'><strong><em>ο</em></strong></span> <span class='ocrx_word' id='word_1_626' title='bbox 2589 4595 2634 4646; x_wconf 87' lang='grc' dir='ltr'><strong>εἰ</strong></span> <span class='ocrx_word' id='word_1_627' title='bbox 2665 4594 2738 4665; x_wconf 81' lang='grc' dir='ltr'><strong>μὴ</strong></span> <span class='ocrx_word' id='word_1_628' title='bbox 2757 4591 2900 4660; x_wconf 78' lang='grc' dir='ltr'><strong>οἶδας</strong></span> <span class='ocrx_word' id='word_1_629' title='bbox 2925 4636 2939 4661; x_wconf 84' lang='grc'><strong><em>,</em></strong></span> <span class='ocrx_word' id='word_1_630' title='bbox 2974 4597 3152 4664; x_wconf 75' lang='grc' dir='ltr'><strong>ἔξελθε</strong></span> <span class='ocrx_word' id='word_1_631' title='bbox 3177 4600 3239 4651; x_wconf 77' lang='grc' dir='ltr'><strong>σὺ</strong></span> <span class='ocrx_word' id='word_1_632' title='bbox 3263 4603 3319 4652; x_wconf 84' lang='grc' dir='ltr'><strong>ἐν</strong></span> <span class='ocrx_word' id='word_1_633' title='bbox 3341 4603 3600 4673; x_wconf 82' lang='grc' dir='ltr'><strong>πτέρναις</strong></span> <span class='ocrx_word' id='word_1_634' title='bbox 3633 4611 3754 4663; x_wconf 74' lang='grc' dir='ltr'><strong>κατ’</strong></span> <span class='ocrx_word' id='word_1_635' title='bbox 3780 4611 3909 4682; x_wconf 73' lang='grc' dir='ltr'><strong>ἴχνη,</strong></span> 
     </span>
    </p>
   </div>
   <div class='ocr_carea' id='block_1_87' title="bbox 2352 4684 3906 4776">
    <p class='ocr_par' dir='ltr' id='par_1_87' title="bbox 2352 4684 3906 4776">
     <span class='ocr_line' id='line_1_87' title="bbox 2352 4684 3906 4776; baseline 0.015 -41"><span class='ocrx_word' id='word_1_636' title='bbox 2352 4685 2442 4736; x_wconf 76' lang='grc' dir='ltr'><strong>καὶ</strong></span> <span class='ocrx_word' id='word_1_637' title='bbox 2482 4684 2731 4756; x_wconf 76' lang='grc' dir='ltr'><strong>ποιμαινε</strong></span> <span class='ocrx_word' id='word_1_638' title='bbox 2768 4689 2866 4751; x_wconf 83' lang='grc' dir='ltr'><strong>τάς</strong></span> <span class='ocrx_word' id='word_1_639' title='bbox 2891 4690 3108 4760; x_wconf 74' lang='grc' dir='ltr'><strong>ἐρίφους</strong></span> <span class='ocrx_word' id='word_1_640' title='bbox 3137 4708 3229 4744; x_wconf 90' lang='grc' dir='ltr'><strong>σου</strong></span> <span class='ocrx_word' id='word_1_641' title='bbox 3251 4708 3265 4722; x_wconf 88' lang='grc'><strong>·</strong></span> <span class='ocrx_word' id='word_1_642' title='bbox 3297 4695 3388 4748; x_wconf 80' lang='grc' dir='ltr'><strong>καὶ</strong></span> <span class='ocrx_word' id='word_1_643' title='bbox 3411 4697 3618 4774; x_wconf 71' lang='grc' dir='ltr'><strong>θρέψῃς</strong></span> <span class='ocrx_word' id='word_1_644' title='bbox 3649 4704 3906 4776; x_wconf 65' lang='grc' dir='ltr'><strong>ἁμαρτίας</strong></span> 
     </span>
    </p>
   </div>
   <div class='ocr_carea' id='block_1_88' title="bbox 2355 4775 3907 4860">
    <p class='ocr_par' dir='ltr' id='par_1_88' title="bbox 2355 4775 3907 4860">
     <span class='ocr_line' id='line_1_88' title="bbox 2355 4775 3907 4860; baseline 0.012 -33"><span class='ocrx_word' id='word_1_645' title='bbox 2355 4775 2475 4828; x_wconf 64' lang='grc' dir='ltr'><strong>(ειντλ⁵</strong></span> <span class='ocrx_word' id='word_1_646' title='bbox 2504 4777 2729 4847; x_wconf 84' lang='grc' dir='ltr'><strong>ἀρετῶν.</strong></span> <span class='ocrx_word' id='word_1_647' title='bbox 2771 4779 2894 4831; x_wconf 78' lang='grc' dir='ltr'><strong>Ἐπὶ</strong></span> <span class='ocrx_word' id='word_1_648' title='bbox 2927 4781 3278 4852; x_wconf 77' lang='grc' dir='ltr'><strong>σκηνώμασι</strong></span> <span class='ocrx_word' id='word_1_649' title='bbox 3323 4785 3442 4841; x_wconf 78' lang='grc' dir='ltr'><strong>τῶν</strong></span> <span class='ocrx_word' id='word_1_650' title='bbox 3476 4775 3806 4860; x_wconf 43' lang='grc' dir='ltr'><strong>ποιμένων</strong></span> <span class='ocrx_word' id='word_1_651' title='bbox 3858 4797 3907 4848; x_wconf 80' lang='grc' dir='ltr'><strong>ἐν</strong></span> 
     </span>
    </p>
   </div>
   <div class='ocr_carea' id='block_1_89' title="bbox 2353 4868 3906 4957">
    <p class='ocr_par' dir='ltr' id='par_1_89' title="bbox 2353 4868 3906 4957">
     <span class='ocr_line' id='line_1_89' title="bbox 2353 4868 3906 4957; baseline 0.015 -40"><span class='ocrx_word' id='word_1_652' title='bbox 2353 4870 2470 4930; x_wconf 80' lang='grc' dir='ltr'><strong>ταῖς</strong></span> <span class='ocrx_word' id='word_1_653' title='bbox 2501 4868 2812 4940; x_wconf 74' lang='grc' dir='ltr'><strong>ἐπιθυμίαις</strong></span> <span class='ocrx_word' id='word_1_654' title='bbox 2832 4870 2938 4923; x_wconf 86' lang='grc' dir='ltr'><strong>τῶν</strong></span> <span class='ocrx_word' id='word_1_655' title='bbox 2969 4874 3224 4928; x_wconf 72' lang='grc' dir='ltr'><strong>ἐναντίων</strong></span> <span class='ocrx_word' id='word_1_656' title='bbox 3255 4875 3537 4948; x_wconf 82' lang='grc' dir='ltr'><strong>δυνάμεων</strong></span> <span class='ocrx_word' id='word_1_657' title='bbox 3563 4882 3671 4935; x_wconf 82' lang='grc' dir='ltr'><strong>τῶν</strong></span> <span class='ocrx_word' id='word_1_658' title='bbox 3699 4902 3906 4957; x_wconf 82' lang='grc' dir='ltr'><strong>ποιμαι-</strong></span> 
     </span>
    </p>
   </div>
   <div class='ocr_carea' id='block_1_90' title="bbox 2351 4957 2649 5011">
    <p class='ocr_par' dir='ltr' id='par_1_90' title="bbox 2351 4957 2649 5011">
     <span class='ocr_line' id='line_1_90' title="bbox 2351 4957 2649 5011; baseline 0.007 -2"><span class='ocrx_word' id='word_1_659' title='bbox 2351 4957 2546 5010; x_wconf 85' lang='grc' dir='ltr'><strong>νόντων</strong></span> <span class='ocrx_word' id='word_1_660' title='bbox 2571 4975 2649 5011; x_wconf 88' lang='grc' dir='ltr'><strong>σε.</strong></span> 
     </span>
    </p>
   </div>
   <div class='ocr_carea' id='block_1_91' title="bbox 2433 5050 3903 5138">
    <p class='ocr_par' dir='ltr' id='par_1_91' title="bbox 2433 5050 3903 5138">
     <span class='ocr_line' id='line_1_91' title="bbox 2433 5050 3903 5138; baseline 0.016 -37"><span class='ocrx_word' id='word_1_661' title='bbox 2433 5050 2721 5104; x_wconf 76' lang='grc' dir='ltr'><strong>Ἐκάλεσα</strong></span> <span class='ocrx_word' id='word_1_662' title='bbox 2753 5053 2966 5116; x_wconf 79' lang='grc' dir='ltr'><strong>αὐτὸν,</strong></span> <span class='ocrx_word' id='word_1_663' title='bbox 3003 5058 3100 5110; x_wconf 75' lang='grc' dir='ltr'><strong>καί</strong></span> <span class='ocrx_word' id='word_1_664' title='bbox 3143 5060 3258 5126; x_wconf 84' lang='grc' dir='ltr'><strong>οὐχ</strong></span> <span class='ocrx_word' id='word_1_665' title='bbox 3311 5060 3630 5128; x_wconf 77' lang='grc' dir='ltr'><strong>ὑπήκουσέ</strong></span> <span class='ocrx_word' id='word_1_666' title='bbox 3664 5067 3741 5137; x_wconf 81' lang='grc'><strong>(5)</strong></span> <span class='ocrx_word' id='word_1_667' title='bbox 3775 5086 3903 5138; x_wconf 82' lang='grc' dir='ltr'><strong>μου.</strong></span> 
     </span>
    </p>
   </div>
   <div class='ocr_carea' id='block_1_92' title="bbox 2348 5139 3641 5221">
    <p class='ocr_par' dir='ltr' id='par_1_92' title="bbox 2348 5139 3641 5221">
     <span class='ocr_line' id='line_1_92' title="bbox 2348 5139 3641 5221; baseline 0.013 -27"><span class='ocrx_word' id='word_1_668' title='bbox 2348 5139 2778 5211; x_wconf 80' lang='grc' dir='ltr'><strong>Ἀναστήσομαι</strong></span> <span class='ocrx_word' id='word_1_669' title='bbox 2802 5145 2898 5198; x_wconf 75' lang='grc' dir='ltr'><strong>καὶ</strong></span> <span class='ocrx_word' id='word_1_670' title='bbox 2936 5146 3226 5203; x_wconf 71' lang='grc' dir='ltr'><strong>κυκλὼσω</strong></span> <span class='ocrx_word' id='word_1_671' title='bbox 3250 5151 3319 5203; x_wconf 75' lang='grc' dir='ltr'><strong>ἐν</strong></span> <span class='ocrx_word' id='word_1_672' title='bbox 3343 5152 3416 5221; x_wconf 80' lang='grc' dir='ltr'><strong>τῇ</strong></span> <span class='ocrx_word' id='word_1_673' title='bbox 3446 5158 3641 5211; x_wconf 76' lang='grc' dir='ltr'><strong>πόλει.</strong></span> 
     </span>
    </p>
   </div>
   <div class='ocr_carea' id='block_1_93' title="bbox 2430 5232 3893 5319">
    <p class='ocr_par' dir='ltr' id='par_1_93' title="bbox 2430 5232 3893 5319">
     <span class='ocr_line' id='line_1_93' title="bbox 2430 5232 3893 5319; baseline 0.014 -36"><span class='ocrx_word' id='word_1_674' title='bbox 2430 5232 2796 5287; x_wconf 78' lang='grc' dir='ltr'><strong>Ἀθανασίου.</strong></span> <span class='ocrx_word' id='word_1_675' title='bbox 2837 5234 3245 5309; x_wconf 84' lang='grc' dir='ltr'><strong>Ἀναγνώσομαι</strong></span> <span class='ocrx_word' id='word_1_676' title='bbox 3272 5241 3362 5294; x_wconf 81' lang='grc' dir='ltr'><strong>τὸν</strong></span> <span class='ocrx_word' id='word_1_677' title='bbox 3395 5244 3582 5316; x_wconf 83' lang='grc' dir='ltr'><strong>νόμον,</strong></span> <span class='ocrx_word' id='word_1_678' title='bbox 3610 5250 3893 5319; x_wconf 82' lang='grc' dir='ltr'><strong>ἀναγνώσο-</strong></span> 
     </span>
    </p>
   </div>
   <div class='ocr_carea' id='block_1_94' title="bbox 2348 5325 3906 5407">
    <p class='ocr_par' dir='ltr' id='par_1_94' title="bbox 2348 5325 3906 5407">
     <span class='ocr_line' id='line_1_94' title="bbox 2348 5325 3906 5407; baseline 0.017 -35"><span class='ocrx_word' id='word_1_679' title='bbox 2348 5339 2444 5390; x_wconf 91' lang='grc' dir='ltr'><strong>μαι</strong></span> <span class='ocrx_word' id='word_1_680' title='bbox 2472 5325 2596 5386; x_wconf 72' lang='grc' dir='ltr'><strong>τοῦς</strong></span> <span class='ocrx_word' id='word_1_681' title='bbox 2619 5327 2922 5396; x_wconf 79' lang='grc' dir='ltr'><strong>προφήτας,</strong></span> <span class='ocrx_word' id='word_1_682' title='bbox 2955 5329 3230 5400; x_wconf 78' lang='grc' dir='ltr'><strong>ἐρευνήσω</strong></span> <span class='ocrx_word' id='word_1_683' title='bbox 3252 5333 3322 5386; x_wconf 75' lang='grc' dir='ltr'><strong>τὰ</strong></span> <span class='ocrx_word' id='word_1_684' title='bbox 3352 5335 3686 5407; x_wconf 63' lang='grc' dir='ltr'><strong>Εὐαγγὲλια.</strong></span> <span class='ocrx_word' id='word_1_685' title='bbox 3734 5342 3906 5399; x_wconf 70' lang='grc' dir='ltr'><strong>Ταῦτα</strong></span> 
     </span>
    </p>
   </div>
   <div class='ocr_carea' id='block_1_95' title="bbox 682 5399 2299 5507">
    <p class='ocr_par' dir='ltr' id='par_1_95' title="bbox 682 5399 2233 5467">
     <span class='ocr_line' id='line_1_95' title="bbox 682 5399 2233 5467; baseline 0.008 -15"><span class='ocrx_word' id='word_1_686' title='bbox 682 5408 998 5467; x_wconf 77' lang='lat' dir='ltr'><strong>compuncta</strong></span> <span class='ocrx_word' id='word_1_687' title='bbox 1033 5419 1046 5455; x_wconf 90' lang='lat'>:</span> <span class='ocrx_word' id='word_1_688' title='bbox 1095 5399 1162 5454; x_wconf 84' lang='lat' dir='ltr'><strong>In</strong></span> <span class='ocrx_word' id='word_1_689' title='bbox 1195 5401 1325 5454; x_wconf 79' lang='lat' dir='ltr'><strong>lecto</strong></span> <span class='ocrx_word' id='word_1_690' title='bbox 1375 5419 1485 5456; x_wconf 80' lang='lat' dir='ltr'><strong>meo</strong></span> <span class='ocrx_word' id='word_1_691' title='bbox 1542 5405 1596 5457; x_wconf 89' lang='lat' dir='ltr'><strong>in</strong></span> <span class='ocrx_word' id='word_1_692' title='bbox 1650 5408 1886 5461; x_wconf 84' lang='lat' dir='ltr'><strong>noctibus</strong></span> <span class='ocrx_word' id='word_1_693' title='bbox 1916 5408 1980 5463; x_wconf 70' lang='grc' dir='ltr'><strong>δ’.</strong></span> <span class='ocrx_word' id='word_1_694' title='bbox 2013 5408 2233 5465; x_wconf 88' lang='lat' dir='ltr'><strong>Lectum</strong></span> 
     </span>
    </p>
   </div>
   <div class='ocr_carea' id='block_1_96' title="bbox 2375 5399 3905 5507">
    <p class='ocr_par' dir='ltr' id='par_1_96' title="bbox 2375 5399 3905 5507">
     <span class='ocr_line' id='line_1_96' title="bbox 2375 5399 3905 5507; baseline 0.018 -41"><span class='ocrx_word' id='word_1_695' title='bbox 2375 5414 2396 5466; x_wconf 79' lang='grc' dir='ltr'>ὲ</span> <span class='ocrx_word' id='word_1_696' title='bbox 2425 5420 2784 5485; x_wconf 72' lang='grc' dir='ltr'><strong>κατανυγείσα</strong></span> <span class='ocrx_word' id='word_1_697' title='bbox 2803 5418 2878 5488; x_wconf 84' lang='grc' dir='ltr'><strong>τῷ</strong></span> <span class='ocrx_word' id='word_1_698' title='bbox 2900 5419 2957 5472; x_wconf 85' lang='grc' dir='ltr'><strong>Θε</strong></span> <span class='ocrx_word' id='word_1_699' title='bbox 2967 5421 3029 5492; x_wconf 84' lang='grc' dir='ltr'><strong>ίῳ</strong></span> <span class='ocrx_word' id='word_1_700' title='bbox 3053 5424 3199 5494; x_wconf 81' lang='grc' dir='ltr'><strong>πόθῳ</strong></span> <span class='ocrx_word' id='word_1_701' title='bbox 3217 5426 3348 5496; x_wconf 81' lang='grc' dir='ltr'><strong>φησί</strong></span> <span class='ocrx_word' id='word_1_702' title='bbox 3373 5444 3387 5458; x_wconf 77' lang='grc'><strong>⁸</strong></span> <span class='ocrx_word' id='word_1_703' title='bbox 3422 5399 3556 5487; x_wconf 53' lang='grc' dir='ltr'><strong>’ἐπὶ</strong></span> <span class='ocrx_word' id='word_1_704' title='bbox 3575 5437 3784 5503; x_wconf 74' lang='grc' dir='ltr'><strong>κοίτην</strong></span> <span class='ocrx_word' id='word_1_705' title='bbox 3798 5455 3905 5507; x_wconf 77' lang='grc' dir='ltr'><strong>μου</strong></span> 
     </span>
    </p>
   </div>
   <div class='ocr_carea' id='block_1_97' title="bbox 747 5559 1212 5623">
    <p class='ocr_par' dir='ltr' id='par_1_97' title="bbox 747 5559 1212 5623">
     <span class='ocr_line' id='line_1_97' title="bbox 747 5559 1212 5623; baseline 0.013 -10"><span class='ocrx_word' id='word_1_706' title='bbox 747 5559 792 5592; x_wconf 80' lang='grc'>⁸⁸</span> <span class='ocrx_word' id='word_1_707' title='bbox 827 5559 974 5615; x_wconf 84' lang='lat' dir='ltr'><strong>Psal.</strong></span> <span class='ocrx_word' id='word_1_708' title='bbox 1008 5577 1130 5623; x_wconf 68' lang='grc' dir='ltr'><strong>οη.</strong></span> <span class='ocrx_word' id='word_1_709' title='bbox 1159 5566 1212 5620; x_wconf 72' lang='lat'><strong>2.</strong></span> 
     </span>
    </p>
   </div>
   <div class='ocr_carea' id='block_1_98' title="bbox 683 5629 976 5687">
    <p class='ocr_par' dir='ltr' id='par_1_98' title="bbox 683 5629 976 5687">
     <span class='ocr_line' id='line_1_98' title="bbox 683 5629 976 5687; baseline 0.027 -9"><span class='ocrx_word' id='word_1_710' title='bbox 683 5629 721 5660; x_wconf 85' lang='grc'><strong><em>⁸⁹</em></strong></span> <span class='ocrx_word' id='word_1_711' title='bbox 750 5630 879 5684; x_wconf 79' lang='lat' dir='ltr'><strong>ibid.</strong></span> <span class='ocrx_word' id='word_1_712' title='bbox 924 5633 976 5687; x_wconf 86' lang='grc'><strong>7.</strong></span> 
     </span>
    </p>
   </div>
   <div class='ocr_carea' id='block_1_99' title="bbox 1314 5563 1837 5626">
    <p class='ocr_par' dir='ltr' id='par_1_99' title="bbox 1314 5563 1837 5626">
     <span class='ocr_line' id='line_1_99' title="bbox 1314 5563 1837 5626; baseline 0.01 -10"><span class='ocrx_word' id='word_1_713' title='bbox 1314 5566 1358 5599; x_wconf 68' lang='grc'><strong>⁸⁸</strong></span> <span class='ocrx_word' id='word_1_714' title='bbox 1402 5563 1561 5617; x_wconf 76' lang='lat' dir='ltr'><strong>Rom.</strong></span> <span class='ocrx_word' id='word_1_715' title='bbox 1615 5581 1698 5626; x_wconf 87' lang='lat' dir='ltr'><strong>tu.</strong></span> <span class='ocrx_word' id='word_1_716' title='bbox 1747 5569 1837 5623; x_wconf 64' lang='grc' dir='ltr'><strong>εδ.</strong></span> 
     </span>
    </p>
   </div>
   <div class='ocr_carea' id='block_1_100' title="bbox 1082 5632 2004 5702">
    <p class='ocr_par' dir='ltr' id='par_1_100' title="bbox 1082 5632 2004 5702">
     <span class='ocr_line' id='line_1_100' title="bbox 1082 5632 2004 5702; baseline 0.009 -12"><span class='ocrx_word' id='word_1_717' title='bbox 1082 5632 1129 5664; x_wconf 69' lang='grc'><strong>⁸⁸</strong></span> <span class='ocrx_word' id='word_1_718' title='bbox 1161 5636 1319 5691; x_wconf 78' lang='lat' dir='ltr'><strong>Cant.</strong></span> <span class='ocrx_word' id='word_1_719' title='bbox 1356 5652 1439 5702; x_wconf 87' lang='lat' dir='ltr'><strong>Ill,</strong></span> <span class='ocrx_word' id='word_1_720' title='bbox 1469 5635 1520 5696; x_wconf 81' lang='lat' dir='ltr'><strong>l,</strong></span> <span class='ocrx_word' id='word_1_721' title='bbox 1559 5635 1613 5690; x_wconf 73' lang='grc'><strong>2.</strong></span> <span class='ocrx_word' id='word_1_722' title='bbox 1696 5638 1739 5668; x_wconf 72' lang='grc'><strong>⁸¹</strong></span> <span class='ocrx_word' id='word_1_723' title='bbox 1766 5639 1895 5694; x_wconf 91' lang='lat' dir='ltr'><strong>ibid.</strong></span> <span class='ocrx_word' id='word_1_724' title='bbox 1932 5642 2004 5698; x_wconf 69' lang='lat' dir='ltr'><strong>i.‘</strong></span> 
     </span>
    </p>
   </div>
   <div class='ocr_carea' id='block_1_101' title="bbox 1941 5571 2357 5639">
    <p class='ocr_par' dir='ltr' id='par_1_101' title="bbox 1941 5571 2357 5639">
     <span class='ocr_line' id='line_1_101' title="bbox 1941 5571 2357 5639; baseline 0.024 -15"><span class='ocrx_word' id='word_1_725' title='bbox 1941 5572 1984 5605; x_wconf 83' lang='grc'><em>³³</em></span> <span class='ocrx_word' id='word_1_726' title='bbox 2013 5571 2145 5628; x_wconf 85' lang='lat' dir='ltr'><strong>Luc.</strong></span> <span class='ocrx_word' id='word_1_727' title='bbox 2181 5591 2234 5639; x_wconf 72' lang='grc' dir='ltr'><strong>ι,</strong></span> <span class='ocrx_word' id='word_1_728' title='bbox 2273 5579 2357 5634; x_wconf 74' lang='grc'><strong>18.</strong></span> 
     </span>
    </p>
   </div>
   <div class='ocr_carea' id='block_1_102' title="bbox 2458 5583 3901 5672">
    <p class='ocr_par' dir='ltr' id='par_1_102' title="bbox 2458 5583 3901 5672">
     <span class='ocr_line' id='line_1_102' title="bbox 2458 5583 3901 5672; baseline 0.012 -35"><span class='ocrx_word' id='word_1_729' title='bbox 2458 5583 2503 5615; x_wconf 83' lang='grc'><strong>³⁸</strong></span> <span class='ocrx_word' id='word_1_730' title='bbox 2554 5585 2572 5638; x_wconf 87' lang='grc'><strong>1</strong></span> <span class='ocrx_word' id='word_1_731' title='bbox 2604 5586 2730 5640; x_wconf 86' lang='lat' dir='ltr'><strong>Cor.</strong></span> <span class='ocrx_word' id='word_1_732' title='bbox 2765 5603 2837 5650; x_wconf 84' lang='lat' dir='ltr'><strong>vt,</strong></span> <span class='ocrx_word' id='word_1_733' title='bbox 2866 5589 2916 5642; x_wconf 83' lang='grc'><strong>5.</strong></span> <span class='ocrx_word' id='word_1_734' title='bbox 3017 5591 3060 5622; x_wconf 73' lang='grc'><strong>³⁷</strong></span> <span class='ocrx_word' id='word_1_735' title='bbox 3087 5590 3190 5647; x_wconf 82' lang='lat' dir='ltr'><strong>Job</strong></span> <span class='ocrx_word' id='word_1_736' title='bbox 3226 5609 3309 5648; x_wconf 69' lang='grc' dir='ltr'><strong>χιι</strong></span> <span class='ocrx_word' id='word_1_737' title='bbox 3336 5634 3352 5661; x_wconf 81' lang='lat'><strong>,</strong></span> <span class='ocrx_word' id='word_1_738' title='bbox 3379 5596 3436 5654; x_wconf 75' lang='grc'><strong>4.</strong></span> <span class='ocrx_word' id='word_1_739' title='bbox 3515 5600 3561 5633; x_wconf 79' lang='grc'><strong>⁸³</strong></span> <span class='ocrx_word' id='word_1_740' title='bbox 3589 5597 3750 5658; x_wconf 82' lang='lat' dir='ltr'><strong>Cant.</strong></span> <span class='ocrx_word' id='word_1_741' title='bbox 3787 5617 3825 5672; x_wconf 85' lang='grc' dir='ltr'><strong>ι,</strong></span> <span class='ocrx_word' id='word_1_742' title='bbox 3853 5599 3901 5657; x_wconf 84' lang='grc'><strong>6.</strong></span> 
     </span>
    </p>
   </div>
   <div class='ocr_carea' id='block_1_103' title="bbox 750 5760 3309 5862">
    <p class='ocr_par' dir='ltr' id='par_1_103' title="bbox 750 5760 3309 5862">
     <span class='ocr_line' id='line_1_103' title="bbox 750 5760 3309 5862; baseline 0.013 -45"><span class='ocrx_word' id='word_1_743' title='bbox 750 5760 824 5829; x_wconf 77' lang='lat'><strong>(3)</strong></span> <span class='ocrx_word' id='word_1_744' title='bbox 852 5761 926 5819; x_wconf 83' lang='lat' dir='ltr'><strong>De</strong></span> <span class='ocrx_word' id='word_1_745' title='bbox 951 5764 1341 5838; x_wconf 72' lang='lat' dir='ltr'><strong>significatione</strong></span> <span class='ocrx_word' id='word_1_746' title='bbox 1376 5770 1528 5828; x_wconf 83' lang='lat' dir='ltr'><strong>vocis</strong></span> <span class='ocrx_word' id='word_1_747' title='bbox 1556 5771 1815 5831; x_wconf 72' lang='grc' dir='ltr'><strong>ὑπακούω</strong></span> <span class='ocrx_word' id='word_1_748' title='bbox 1831 5777 1943 5848; x_wconf 87' lang='lat' dir='ltr'><strong>jam</strong></span> <span class='ocrx_word' id='word_1_749' title='bbox 1979 5785 2228 5852; x_wconf 86' lang='lat' dir='ltr'><strong>superius</strong></span> <span class='ocrx_word' id='word_1_750' title='bbox 2243 5792 2423 5846; x_wconf 76' lang='lat' dir='ltr'><strong>actum</strong></span> <span class='ocrx_word' id='word_1_751' title='bbox 2450 5787 2553 5847; x_wconf 87' lang='lat' dir='ltr'><strong>fuit</strong></span> <span class='ocrx_word' id='word_1_752' title='bbox 2579 5799 2632 5848; x_wconf 90' lang='lat' dir='ltr'><strong>et</strong></span> <span class='ocrx_word' id='word_1_753' title='bbox 2659 5801 2849 5862; x_wconf 80' lang='lat' dir='ltr'><strong>agetur</strong></span> <span class='ocrx_word' id='word_1_754' title='bbox 2881 5795 2936 5850; x_wconf 91' lang='lat' dir='ltr'><strong>in</strong></span> <span class='ocrx_word' id='word_1_755' title='bbox 2970 5795 3309 5856; x_wconf 66' lang='lat' dir='ltr'><strong>Onomastum</strong></span> 
     </span>
    </p>
   </div>
  </div>
