4142 6468
214 404 353 459 1349

1333 405 1759 461 FRAGMENTA
1803 406 1868 461 IN
1900 405 2221 462 CANTICA.

3328 414 3348 468 1
3360 416 3459 472 550

207 528 283 582 ἐγ
311 527 511 593 νυξίν.
541 530 742 602 Κοῐτην
770 528 1023 601 ὀνομάζει
1047 529 1144 602 τὴν
1170 531 1503 603 τελειοτέραν
1532 532 1625 586 τοῦ
1653 535 1781 601 ἀγα-

1888 540 2044 586 t'ocat
2093 531 2473 603 perlectiorcm
2527 532 2655 587 boni
2700 533 3205 604 participationem;
3248 551 3462 592 noctem

210 620 309 674 θοῦ
342 623 650 692 μετουσίαν,
682 623 777 676 καὶ
804 622 1148 690 νύκτα-λέγει
1187 622 1276 677 τὸν
1316 625 1414 695 τῆς
1443 625 1626 696 κοίτης
1667 642 1789 678 και-

212 712 329 782 ρόν.
360 714 457 767 Διά
487 713 543 766 δὲ
568 713 661 766 τοῦ
690 714 952 785 ὀνόματος
983 715 1085 783 τῆς
1116 714 1306 777 νυκτὸς
1330 715 1658 769 ἐνδείκνυται
1682 716 1790 769 τῶν

207 803 458 874 ἀοράτων
486 806 584 876 τὴν
610 804 862 876 θεωρίαν,
899 805 1021 859 καθ’
1051 806 1339 876 ὁμοιότητα
1373 808 1669 871 Μωῦσέως,
1694 807 1788 860 τοῦ

208 894 271 947 ἐν
298 894 375 964 τῷ
402 896 585 965 γνόφῳ
616 896 895 965 γεγονότος
915 899 973 950 ἐν
1005 890 1049 963 ᾧ
1076 892 1142 967 ἦν
1168 899 1196 950 ὁ
1229 896 1381 960 Θεός.

839 987 946 1041 Τοῦ
971 983 1180 1040 αὑτοῦ.

286 1077 361 1129 υύ
387 1076 491 1148 γὰρ
521 1077 665 1147 ᾔδειν
689 1079 771 1141 τίς
804 1075 872 1150 ἦν
897 1081 925 1131 ὁ
957 1079 1171 1150 τρώσας
1203 1096 1293 1148 με.
1327 1078 1665 1146 Θεογνωσίαν
1700 1096 1787 1148 μοι

209 1169 532 1239 κοιμωμένῃ
561 1168 871 1240 ἐνέσπειρεν
895 1171 924 1221 ὁ
953 1169 1144 1237 Λόγος.
1183 1168 1407 1237 Ταχέως
1433 1167 1785 1232 διαναστᾶσα,

210 1258 364 1329 ζητῶ
391 1259 483 1311 τὸν
530 1259 835 1331 τρώσαντα,
876 1261 969 1313 καὶ
998 1258 1301 1331 παρακαλῷ
1355 1258 1502 1329 αὐτῷ
1560 1259 1789 1330 ὀφθῆναί

212 1366 327 1420 μοι,
361 1350 454 1403 καὶ
482 1349 840 1422 περιέρχομαι
875 1350 1114 1422 ζητοῦσα
1143 1351 1233 1404 τὸν
1259 1348 1571 1419 ἀδελφιδοῦν
1594 1367 1715 1421 μου.

285 1529 593 1594 Ἐξέλθετε
643 1532 742 1585 καὶ
784 1531 958 1597 ἴδετε,
1017 1533 1335 1603 θυγατέρες
1384 1532 1558 1597 Σιὼν,
1593 1533 1662 1585 ἐν
1710 1531 1789 1598 τῷ

200 1613 463 1682 βασιλεῖ
487 1621 793 1691 Σαλομών.

298 1711 580 1777 Ἰουδαίους
612 1715 860 1785 ἐντρέπει
891 1713 1143 1781 λέγουσα,
1171 1713 1490 1778 Ὲξέλθετε,
1516 1713 1634 1766 ἀντὶ
1661 1712 1753 1765 τοῦ
1770 1751 1784 1777 ,

210 1803 360 1867 Ἕως
389 1805 516 1858 πότε
556 1809 621 1877 τῇ
660 1810 788 1878 σκιᾷ
820 1806 1242 1879 παρακάθησθες
1280 1807 1387 1860 ἰδοὺ
1420 1806 1788 1876 γάρὲξΊούδα

1895 640 2024 679 vero
2074 625 2207 680 dicit
2252 626 2371 679 lecti
2417 636 2648 694 tempus.
2692 624 2923 681 Nomine
2958 644 3118 695 porro
3163 629 3359 693 noctis,
3389 631 3463 683 inn

1892 716 2040 770 dicat
2088 716 2447 771 invisibilium
2487 732 2668 770 rerum
2717 719 3253 788 contemplationem,
3296 720 3361 774 ad
3388 722 3459 775 si-

1897 812 2258 867 militudinem
2287 810 2619 882 Moysis,qui
2651 812 2703 864 in
2727 812 2958 881 caligine
2992 812 3112 876 fuit,
3142 814 3193 865 in
3217 829 3322 884 qua
3347 830 3464 869 ver-

1896 904 2117 959 sabatur
2152 903 2313 959 Deus.

2537 991 2814 1060 Ejusdem.

1961 1083 2282 1153 Iguorabam
2331 1085 2477 1139 enim
2508 1085 2633 1154 quis
2678 1096 2824 1139 esset
2848 1086 2943 1155 qni
2976 1102 3061 1141 me
3097 1089 3454 1145 vnlnerasset.

1894 1174 2023 1228 Μίιιὶ
2052 1176 2399 1231 decumbenti
2431 1176 2524 1231 Dei
2556 1177 2919 1246 cognitionem
2969 1179 3166 1234 indidit
3194 1179 3455 1235 Verbum.

1890 1271 1966 1324 Ac
1998 1271 2246 1339 protinus
2275 1285 2505 1339 surgens
2540 1284 2729 1339 quam
2751 1253 2874 1324 eum
2906 1273 2996 1342 qui
3029 1288 3114 1327 me
3138 1274 3459 1337 vulneravit,

1891 1375 2132 1431 rogoque
2161 1362 2313 1414 illum
2342 1370 2399 1415 ut
2432 1376 2617 1415 coram
2654 1376 2742 1416 me
2773 1377 2833 1417 se
2867 1362 3060 1429 sistat,
3090 1379 3152 1418 ac
3183 1364 3461 1419 circumeo

1892 1468 2140 1523 qumrens
2171 1454 2468 1523 patruelem
2498 1470 2703 1510 meum.

1960 1542 2288 1610 Egredimini
2316 1555 2364 1598 et
2408 1545 2593 1609 videte,
2624 1548 2752 1615 ﬁlia:
2792 1544 2945 1611 Sion,
2995 1563 3163 1617 regem
3209 1548 3455 1603 Saluum.

1889 1646 2003 1683 nem
2019 1631 2086 1685 “.

1958 1720 2171 1779 Judzeos
2203 1724 2408 1793 pudore
2440 1725 2601 1780 allicit
2639 1726 2869 1782 dicendo
2906 1725 3254 1797 Egredimini,
3287 1726 3451 1798 quasi

1888 1809 2092 1865 diceret
2124 1828 2137 1863 :
2174 1811 2471 1883 Quousque
2524 1813 2577 1868 in
2628 1816 2819 1868 umbra
2866 1815 3107 1871 sedetis?
3145 1831 3270 1871 ecce
3310 1818 3456 1871 enim

208 1894 571 1948 ἀνατέταλκεν
600 1899 628 1950 ὁ
662 1898 880 1969 Κύριος,
908 1899 1129 1971 ἀγάπην
1171 1898 1279 1951 ἀπὸ
1326 1898 1642 1969 θυγατέρων
1698 1899 1781 1950 Ἱε-

1891 1916 1956 1955 ex
1986 1899 2126 1956 Juda
2165 1900 2426 1958 Dominus
2470 1912 2625 1958 ortus
2665 1912 2768 1970 est,
2803 1906 3125 1960 cltaritatcm
3169 1921 3198 1960 a
3244 1906 3458 1961 ﬁliabus

210 1986 517 2058 ρουσαλήμ.
553 1988 625 2041 Τὸ
650 1991 865 2063 στερεὸν
893 1991 1002 2045 τῶν
1024 1990 1298 2061 λογισμῶν
1320 2031 1335 2055 ,
1369 1990 1402 2059 ἦ
1457 1991 1508 2043 οἱ
1541 1989 1792 2060 ἐσωτέρω

208 2074 345 2131 λίθοι
373 2080 535 2148 ἀγιοι.
585 2083 677 2136 ἐν
711 2083 792 2149 τῷ
812 2082 1111 2153 στεφάνῳ.
1152 2078 1200 2151 ᾧ
1221 2082 1647 2155 ἐστεφάνωσεν
1688 2085 1792 2135 αὺ-

209 2170 320 2222 τὸν
345 2173 381 2240 ἡ
402 2173 599 2243 μήτηρ
628 2177 833 2230 αὑτοῦ.
875 2178 1142 2245 Ἐθηκας
1168 2176 1299 2248 γὰρ,
1342 2176 1495 2246 φησι,
1536 2176 1635 2228 ἐπὶ
1676 2175 1789 2245 τὴν

207 2263 487 2330 κεφαλὴν
516 2266 702 2319 αὑτοῦ
740 2268 1044 2336 στέφανον
1074 2269 1143 2323 ἐκ
1177 2270 1351 2323 λίθου
1380 2268 1595 2336 τιμίου.

279 2353 597 2418 Καταὸήτω
618 2356 937 2425 ὣελφιδός
962 2375 1080 2427 μου
1100 2361 1186 2424 εις
1209 2358 1409 2426 κῆπον
1438 2358 1646 2411 αὐτοῦ.

281 2442 518 2497 Πνεῦσόν
553 2462 664 2515 μοι,
689 2441 733 2500 ὦ
756 2448 915 2517 Λόγε.
947 2450 1041 2503 καὶ
1067 2448 1276 2514 δίδαξὸν
1307 2466 1374 2519 με
1398 2448 1465 2501 τὰ
1492 2448 1649 2516 λόγιά
1669 2464 1782 2513 σου,

208 2535 303 2587 καὶ
334 2536 401 2588 τὰ
432 2538 827 2609 προστάγματά
860 2557 951 2593 σου
986 2540 1337 2610 κατάγραψον
1380 2540 1472 2592 ἐπὶ
1498 2539 1559 2591 τὸ
1588 2538 1784 2601 πλάτος

204 2626 306 2695 τῆς
358 2627 583 2698 καρδίας
615 2648 737 2700 μου.
785 2632 1004 2703 Ἐτοὶμη
1032 2634 1233 2700 γέγονα
1265 2632 1480 2684 λοιπόν’
1527 2631 1781 2701 δύναμαι,

202 2721 269 2789 τῇ
296 2722 360 2789 σῇ
390 2721 570 2791 χάριτι
599 2723 956 2796 βοηθουμένη,
984 2724 1078 2778 καὶ
1117 2723 1500 2794 κυϐερνωμένη
1528 2726 1593 2794 τῇ
1622 2722 1784 2792 ἀορά-

201 2825 283 2878 τῳ
309 2827 400 2863 σου
432 2813 524 2865 καὶ
556 2815 943 2887 παντοδυνάμῳ
983 2817 1127 2888 χειρὶ
1150 2859 1164 2881 ,
1212 2817 1303 2869 καὶ
1332 2815 1505 2885 λόγων
1554 2814 1783 2869 ἀκοῦσαι

202 2896 386 2966 θείων,
423 2903 515 2957 καὶ
540 2906 853 2978 μυστηρίων
885 2908 1109 2979 μέτοχος
1134 2907 1406 2977 γενέσθαι.

1889 1992 2214 2049 Jerusalem.
2268 1992 2670 2063 Cogitationum
2721 1996 2972 2061 ﬁrmitas,
3030 2006 3119 2050 aut
3173 1995 3458 2051 interiores

1892 2084 2064 2139 sancti
2098 2084 2321 2154 lapides.
2363 2082 2429 2137 In
2465 2101 2657 2139 corona
2689 2102 2793 2156 qua
2837 2088 3103 2139 coronarit
3143 2103 3259 2140 eum
3289 2097 3457 2140 mater

1890 2193 1988 2231 sua
2010 2176 2077 2228 ”.
2110 2175 2341 2229 Posuisti
2371 2176 2539 2241 enim,
2580 2176 2675 2241 ait,
2713 2193 2870 2246 super
2890 2187 3044 2247 caput
3072 2177 3185 2246 ejus
3210 2193 3456 2233 coronam

1890 2268 1954 2322 de
1981 2267 2157 2335 lapide
2179 2268 2405 2335 pretioso
2425 2267 2495 2321 “.

1962 2358 2251 2412 Descendat
2281 2359 2535 2428 patruelis
2558 2376 2701 2414 meus
2736 2362 2789 2413 in
2814 2361 3021 2414 hartunt
3045 2378 3196 2415 suum
3215 2361 3280 2414 ".

1960 2448 2093 2502 Allia
2128 2464 2233 2513 me,
2266 2464 2298 2503 ο
2340 2448 2594 2512 Verbum,
2637 2460 2689 2504 et
2714 2450 2847 2505 doce
2877 2466 2961 2505 me
2993 2453 3151 2520 eloqu
3179 2467 3208 2505 a
3238 2458 3351 2513 tua,
3391 2468 3455 2507 ac

1891 2550 2155 2609 praecepta
2198 2549 2288 2594 tua
2328 2541 2613 2596 conscribe
2656 2543 2710 2596 in
2748 2543 2930 2596 tabula
2976 2544 3158 2595 cordis
3201 2542 3325 2596 mei.
3354 2541 3457 2597 Pa-

1888 2638 2005 2685 rata
2033 2631 2145 2700 jam
2193 2647 2313 2686 sum
2351 2647 2638 2703 :possum,
2677 2644 2766 2688 tua
2803 2634 3099 2688 auxiliante
3127 2636 3321 2704 gratia,
3362 2643 3453 2688 tua

1891 2722 2153 2778 invisibili
2218 2731 2272 2778 ct
2338 2726 2707 2795 omnipotente
2768 2727 3099 2796 gubernante
3151 2742 3348 2792 manu,
3400 2737 3457 2781 et

1890 2812 2055 2867 verba
2098 2812 2291 2869 audire
2336 2814 2516 2869 divina
2542 2857 2555 2882 ,
2591 2826 2646 2871 et
2696 2817 3085 2888 mysteriorum
3128 2830 3249 2873 esse
3291 2817 3458 2887 partio

1888 2919 2037 2974 ceps.

959 3252 1393 3318 ΑΡΡΕΝΒΙΧ
1441 3256 1553 3315 ΑΒ
1591 3254 2121 3321 FRAGMENTA
2167 3255 2277 3321 IN’
2329 3257 2719 3323 CANTICA.

1597 3622 2083 3687 ADMONITIO.

274 3805 517 3885 Homilia
538 3806 875 3877 subsequens,
912 3809 1069 3862 otiosi
1095 3819 1141 3862 et
1164 3809 1396 3880 imperiti
1421 3811 1648 3866 hominis
1676 3814 2007 3879 opusculum,
2032 3828 2095 3864 ex
2117 3812 2294 3865 codice
2320 3828 2416 3866 ms.
2449 3812 2771 3866 bibliotheca!
2794 3812 3157 3868 Ambrosiante
3188 3831 3333 3870 num.
3360 3817 3448 3883 55,

196 3903 423 3973 prodit:
451 3920 510 3957 eo
560 3915 814 3972 tempore.
856 3912 914 3957 ut
968 3907 1229 3961 a'stt'mat'e
1263 3906 1387 3960 licet
1409 3946 1423 3971 ,
1471 3907 1702 3972 editum,
1757 3925 1859 3973 quo
1892 3908 2175 3962 Maascha'i
2203 3907 2257 3960 in
2295 3906 2506 3961 Oriente
2548 3906 2725 3959 turbas
2759 3906 2976 3970 dabunt,
2998 3908 3134 3977 quod
3164 3912 3451 3977 prcesertim

198 4014 407 4063 octavo,
454 4015 587 4051 nouo
624 4009 671 4052 et
701 4000 901 4053 deciate
943 4006 1137 4055 sarculo
1179 4004 1394 4072 contigit
1420 4019 1437 4057 :
1461 4020 1585 4056 nam
1614 4005 1842 4072 scriptor
1874 4005 1973 4057 iste
2008 4003 2353 4065 Manichwos,
2380 4013 2436 4055 ut
2465 4013 2585 4055 tunc
2617 4002 2840 4070 rigentes
2876 4011 3265 4056 commemorat.
3294 4000 3450 4056 Jero-

197 4095 461 4166 solymam
484 4111 601 4149 vero
627 4096 826 4148 adiisse
860 4110 915 4147 se
946 4096 1282 4164 testiﬁcatur,
1312 4098 1403 4149 ubi
1437 4097 1610 4151 locum
1634 4098 1836 4153 Christi
1878 4100 2160 4168 suspendio
2187 4106 2545 4151 consecratum
2576 4097 2645 4149 ad
2667 4098 3063 4165 septentrionem
3096 4096 3453 4169 Jerosolymo-

199 4207 320 4246 rum
355 4192 518 4244 situm
545 4190 803 4259 afﬁrmat.
835 4188 1010 4242 Hasce
1038 4189 1219 4259 quales
1241 4191 1421 4259 quales
1466 4208 1655 4246 merces
1689 4194 1784 4246 tibi
1809 4234 1823 4257 ,
1853 4192 2017 4246 lector
2058 4194 2263 4247 erudite
2283 4235 2297 4259 ,
2330 4193 2569 4247 sistimus
2596 4207 2613 4243 :
2649 4192 2795 4261 quia,
2825 4192 2922 4244 etsi
2956 4189 3329 4259 supposititiw,
3353 4207 3450 4244 suo

199 4286 383 4355 fructu
412 4301 513 4338 non
542 4294 753 4350 vacant,
781 4293 838 4337 ut
873 4283 1113 4353 pluribus
1137 4294 1215 4337 est
1241 4302 1273 4338 a
1314 4284 1461 4339 nobis
1486 4286 1623 4340 alias
1646 4289 2069 4358 comprobatum.

241 4447 355 4505 Τοῦ
384 4448 569 4526 arator?
596 4448 949 4526 Ἀθαναᾳέου
971 4449 1443 4526 ἀρχιείτισξιόπᾳυ
1465 4448 1741 4515 Ἀλεξαν-

1886 4453 2129 4525 Ejusdem
2162 4452 2219 4506 S.
2265 4451 2542 4526 Athanasii
2577 4450 2954 4526 archiepiscopi
3009 4450 3343 4507 Alexandria
3390 4455 3446 4507 in

430 4518 630 4587 δρείας
656 4521 742 4583 εἰς
766 4516 831 4570 τὸ
856 4512 1201 4586 τᾼσιὶάτών
1233 4518 1538 4587 ᾀσμάτων.

272 4628 326 4684 1.
367 4628 598 4699 Ποθητοὶ
643 4629 691 4681 οἱ
735 4628 880 4695 λόγοι
929 4628 1021 4679 καὶ
1055 4627 1328 4697 ἐράσμιοι,
1365 4628 1458 4681 καὶ
1502 4630 1583 4692 εἰς
1609 4631 1774 4702 οὐρα-

198 4724 326 4787 νοὺς
372 4720 682 4788 ἀνάγοντες,
732 4721 828 4773 καὶ
876 4717 1321 4788 πτεροποιοῦντες
1358 4719 1482 4781 τοὺς
1526 4720 1770 4784 πιστούς.

198 4810 591 4883 Πτεροποιοῦσι
625 4809 731 4879 γὰρ
760 4806 975 4878 ἀληθῶς
1012 4806 1069 4859 αἱ
1103 4805 1241 4858 θεῖαι
1274 4806 1484 4877 Γραφαὶ
1525 4806 1649 4869 τοὺς
1688 4825 1777 4859 πι-

202 4904 361 4964 στοὺς
393 4900 470 4971 τῷ
502 4899 649 4969 πόθῳ
678 4897 784 4951 τῶν
813 4896 1095 4967 οὐρανίων.
1127 4895 1324 4948 Τοῦτον
1357 4896 1465 4969 γὰρ
1497 4895 1585 4949 τὸν
1612 4895 1774 4949 πόθον

200 4994 340 5064 ἔχων
374 4985 454 5054 εἷς
476 5008 559 5054 τις
584 4990 689 5043 τῶν
715 4987 886 5057 ἁγίων
926 4987 1078 5056 ἔλεγε
1099 5004 1111 5018 ·
1156 4988 1252 5052 Τίς
1275 4986 1395 5055 δῴη
1428 5006 1528 5058 μοι
1560 4987 1773 5055 πτέρυ-

200 5103 311 5155 γας
334 5083 473 5137 ὡσεὶ
510 5078 884 5149 περιστερᾶς,
912 5080 1009 5133 καὶ
1040 5079 1514 5147 πετασθήσομαι,
1540 5078 1637 5131 καὶ
1669 5095 1775 5131 κα-

199 5176 518 5237 ταπαύσως
565 5174 622 5225 Ὀ
657 5173 820 5236 πόθος
852 5172 959 5227 τῶν
987 5172 1252 5242 οὐρανίων
1288 5170 1448 5224 αὑτὸν
1478 5168 1650 5234 εἷλκε,
1682 5170 1774 5223 καὶ

200 5266 606 5334 ἐπτεροποιεῖτο
638 5263 798 5315 αὐτὸν
830 5264 938 5314 τῶν
966 5263 1136 5331 ἁγίων
1180 5264 1209 5315 ὁ
1252 5260 1395 5324 νοῦς,
1419 5260 1777 5315 ’ἐπιλανθανο-

205 5357 379 5427 μένων
405 5354 513 5411 τῶν
536 5355 739 5425 γηίνων
768 5356 861 5409 καὶ
878 5354 985 5407 τῶν
1002 5355 1337 5425 ἐπουρανίων
1364 5352 1771 5423 μεριμνώντων.

202 5448 305 5501 Τὸν
334 5448 441 5519 γὰρ
473 5446 597 5500 νοῦν
622 5448 831 5501 ἐαυτῶν
857 5447 1034 5511 δόντες
1070 5450 1148 5511 εἰς
1186 5448 1275 5499 τὸν
1296 5443 1540 5517 οὐρανὸν,
1567 5446 1657 5498 καὶ
1680 5462 1776 5498 πο-

202 5539 418 5604 θοῦντες
446 5539 515 5593 τὰ
535 5539 776 5610 οὐράνια.
810 5539 1230 5594 ἐπελανθάνοντο
1257 5538 1363 5591 τῶν
1394 5539 1616 5607 γηίνων.
1636 5538 1772 5590 Τοῦ-

200 5646 291 5686 τον
322 5632 429 5703 γὰρ
460 5631 550 5685 τὸν
579 5630 743 5684 πόθον
764 5632 903 5703 ἔχων
925 5634 1019 5685 καὶ
1043 5631 1255 5693 Παῦλος
1286 5632 1314 5682 ὁ
1341 5627 1638 5692 ἀπόστολος
1660 5628 1772 5681 ἔλε-

279 5806 325 5838 ⁸¹
350 5804 510 5864 Cant.
542 5822 622 5873 ιιι,
658 5807 743 5862 il.
822 5806 867 5839 “
901 5806 1032 5862 ibid.

1122 5805 1167 5839 υ
1196 5805 1343 5862 Psal.
1376 5821 1466 5871 xx,
1500 5809 1552 5861 ι.
1629 5804 1675 5837 ⁸³
1701 5804 1858 5861 Cant.
1886 5821 1959 5872 γι,
1994 5804 2042 5859 l.

2333 4520 2611 4575 Canticum
2636 4522 2983 4574 canticorum.

1955 4636 2000 4687 l.
2057 4632 2457 4688 Desiderabiles
2486 4647 2810 4693 sermones,
2867 4631 3132 4687 amabiles
3179 4644 3342 4703 atque
3390 4650 3444 4688 In

1877 4725 2073 4780 caelum
2115 4724 2470 4787 adducentes,
2500 4724 2615 4777 alas
2646 4738 2865 4793 quoque
2895 4723 3143 4779 ﬁdelibus
3164 4725 3442 4780 addentes.

1877 4814 2085 4870 Divitiae
2121 4816 2323 4884 quippe
2359 4814 2659 4885 Scriptura:
2701 4814 2886 4869 ﬁdeles
2917 4831 2980 4868 ex
3008 4816 3311 4871 caelestium
3353 4834 3443 4872 re-

1876 4921 1997 4958 rum
2024 4904 2297 4959 desiderio
2325 4918 2509 4958 revera
2544 4904 2646 4959 alis
2679 4904 2979 4959 instruunt.
3022 4902 3142 4969 Quo
3173 4905 3446 4961 desiderio

1881 5001 2059 5047 motus
2123 5001 2439 5047 sanctorum
2499 4993 2770 5061 quispiam
2822 4993 3080 5047 dicebat:
3117 4993 3247 5058 Quis
3295 4994 3445 5047 dabit

1879 5085 2007 5137 mihi
2059 5099 2253 5152 pennas
2296 5084 2434 5137 sicut
2484 5082 2771 5147 columbae,
2815 5091 2863 5135 et
2914 5082 3098 5135 volabo
3143 5092 3192 5135 et
3241 5085 3447 5153 requie-

1879 5176 2124 5230 scam“?
2164 5175 2439 5230 Traltebat
2474 5177 2647 5245 ipsum
2685 5174 2987 5230 cmlestium
3020 5190 3202 5230 rerum
3228 5177 3446 5232 deside-

1880 5267 2057 5329 rium,
2113 5266 2228 5320 alas
2261 5266 2439 5321 eidem
2484 5266 2715 5321 addebat
2762 5280 2916 5319 mens
2971 5266 3059 5319 illa
3111 5275 3421 5321 sanctorum

1882 5358 1975 5427 qui
2002 5368 2343 5412 terrenorum
2391 5358 2811 5420 obliviscuntur,
2857 5366 3020 5427 atque
3074 5372 3235 5411 unam
3285 5359 3420 5413 cmle

1882 5450 2045 5503 stium
2080 5460 2273 5518 gerunt
2305 5450 2753 5504 sollicitudinem.
2787 5448 2925 5503 Cum
2964 5448 3108 5502 enim
3142 5448 3242 5513 ipsi
3272 5458 3445 5503 sanet.

1882 5548 2117 5593 mentem
2150 5550 2317 5593 totam
2362 5539 2503 5595 cwlo
2542 5538 2855 5604 dedissent,
2888 5546 2940 5591 et
2970 5537 3272 5593 caelestium
3305 5536 3447 5591 dun-

1884 5640 2035 5685 taxat
2060 5631 2311 5702 cupidine
2345 5640 2680 5698 tenerentur,
2700 5630 2988 5687 veniebant
3019 5630 3073 5686 in
3105 5639 3444 5686 terrenarum

2118 5805 2165 5838 “
2195 5803 2339 5862 Psal.
2372 5822 2479 5871 LIV,
2516 5807 2565 5862 7.
