4142 6474
207 436 347 496 1357

1327 410 1753 474 FRAGMENTA
1794 409 1861 464 IN
1904 406 2224 465 CANTICA.

3319 390 3459 449 {358

204 573 348 632 μου·
376 552 533 609 τοῦτο
557 551 616 605 δὲ
648 550 742 605 καὶ
766 548 994 610 Ἡσαΐας
1016 544 1217 612 ελεγενο
1255 542 1375 594 Ἔτι
1403 556 1519 595 σου
1538 537 1796 593 λαλοῦν·

1914 548 1988 588 .us
2020 540 2105 587 est
2136 550 2147 584 :
2179 527 2363 582 Adhuc
2392 536 2440 579 te
2458 526 2721 596 loquente,
2760 520 2934 574 dicam
2960 536 2979 573 :
3009 517 3142 572 Ecce
3182 517 3371 572 adsum
3395 517 3461 571 ⁸³.

1914 624 1938 632 --
2129 622 2141 632 .
2243 620 2281 632 η
2622 626 2633 632 -
2679 625 2691 632 .
2935 611 3092 632 .-._,._
3139 610 3340 632 __-.__-
3403 608 3461 632 ις,

210 628 319 719 σος
363 647 505 719 ἐρῶ·
547 644 701 702 ἰδοὺ
732 640 986 711 πάρειμι.
1018 638 1092 692 Ού
1133 635 1243 708 γὰρ
1285 632 1541 704 ἀναμένει
1590 633 1619 685 ὁ
1658 628 1790 693 Θεὸς

210 746 341 805 τοὺς
367 745 428 795 ὲκ
453 739 559 792 τῶν
583 737 803 809 χειλέων
828 734 1036 801 λόγους.
1055 729 1272 802 ’Δμέλει
1293 744 1356 796 γε
1378 728 1405 780 ὁ
1433 726 1619 797 Σωτὴρ
1642 727 1700 776 ὲν
1715 722 1793 793 τῷ

212 824 534 903 Εἶῦαγγελίῳ
585 830 789 897 ἔλεγεν,
841 828 923 880 ὅτι
978 824 1151 877 Οἶδεν
1200 825 1232 875 ό
1281 820 1423 885 Θεὸς
1453 813 1539 871 ὧν
1585 816 1794 885 χρείαν

213 927 387 994 ἔχετε
420 921 529 987 πρὸ
568 918 673 972 τοῦ
704 914 859 985 ὑμᾶς
890 913 1129 983 αἰτῆσαι
1162 910 1365 965 αὐτόν.
1402 908 1498 961 Διά
1523 907 1680 960 τοῦτο
1719 905 1793 977 μὴ

214 1015 296 1078 ὡς
344 1012 405 1077 ἐξ
449 1011 607 1082 ἔργου
655 1008 938 1079 εὐχόμενοι
983 1004 1305 1076 κράζωμεν⁹
1354 1000 1467 1054 ἀλλ’
1494 1002 1542 1052 εἰ
1581 999 1675 1052 καὶ
1715 997 1794 1067 τῷ

218 1107 449 1175 στόματι
492 1102 647 1173 εῦχῃ,
684 1100 843 1170 εῦχου
880 1099 974 1151 καὶ
1020 1096 1097 1166 τῷ
1145 1096 1261 1147 νοΐ·
1295 1092 1451 1147 τοῦτο
1501 1091 1609 1162 γὰρ
1642 1091 1735 1143 καὶ
1766 1092 1795 1143 ὁ

220 1197 435 1259 Παῦλος
466 1195 647 1262 ἔλεγε·
687 1190 866 1246 Ψαλῶ
908 1182 989 1255 τῷ
1031 1189 1341 1257 πνεύματι,
1376 1185 1549 1253 ψαλῶ
1580 1183 1678 1239 καὶ
1716 1181 1796 1248 τῷ

214 1291 452 1345 νοῖ.Ἔκ
486 1285 724 1351 ,βαθέων
748 1284 877 1355 γὰρ,
927 1282 1081 1352 φησὶ,
1118 1277 1410 1346 ἑκέκραξά
1450 1292 1570 1339 σοι,
1598 1277 1794 1343 Κύριε.

218 1383 322 1435 Διὰ
351 1380 508 1434 τοῦτο
534 1380 627 1433 καὶ
658 1380 689 1448 ἡ
716 1377 852 1446 γυνὴ
901 1376 958 1427 ὲν
994 1376 1113 1436 ταῖς
1146 1372 1453 1434 Βασιλείαις
1486 1371 1573 1422 ὅτε
1599 1367 1798 1439 ηὔχετο

219 1473 520 1545 κράζουσι,
550 1474 578 1524 ὁ
616 1469 791 1540 ἱερευς
817 1469 1062 1538 ὲφίμωσε
1088 1464 1149 1518 τὸ
1180 1462 1350 1533 στόμα
1373 1463 1560 1533 αὐτῆς,
1591 1460 1799 1532 ἡγησὰ-

223 1584 387 1638 μενος
423 1565 611 1636 αὐτὴν,
643 1565 722 1617 ὅτι
767 1561 1018 1628 ὲμέθυενσ
1061 1557 1155 1610 καὶ
1185 1557 1335 1628 ὅμως
1381 1555 1583 1623 ἐκείνη,
1610 1552 1688 1623 τῷ
1719 1550 1797 1606 νοῖ

220 1661 511 1732 εὐχομένη,
548 1661 640 1713 καὶ
672 1656 1019 1727 εἰσηκούσθη,
1070 1656 1163 1709 καὶ
1204 1654 1356 1708 ἔτεκε
1397 1653 1488 1705 τὸν
1522 1649 1796 1721 Σαμουὴλ.

219 1754 323 1807 Διὰ
360 1752 516 1805 τοῦτο
548 1752 641 1804 καὶ
672 1751 734 1804 σὺ
759 1750 811 1802 τί
840 1748 1131 1819 εὐχόμενος
1156 1744 1396 1818 κράζεις,
1426 1744 1500 1807 ὼς
1529 1743 1622 1795 τοῦ
1662 1739 1797 1793 Θεοῦ

226 1848 304 1919 μὴ
329 1844 643 1909 ἁκούοντος;
677 1844 873 1895 Ἄκουε
904 1838 998 1893 τοῦ
1032 1838 1303 1907 λέγοντος,
1342 1838 1423 1889 ὅτι
1473 1835 1534 1887 Ὀ
1577 1834 1796 1904 φυτεύ-

222 1958 345 2008 σας
370 1939 436 1993 τὸ
467 1933 576 2003 οὖς
598 1936 733 2005 οὐχὶ
764 1934 1005 1997 ἀκούει;
1033 1934 1095 1986 Εἰ
1126 1932 1222 2003 μὲν
1256 1930 1363 1999 γὰρ
1406 1928 1468 1981 σὺ
1502 1927 1640 1997 ἔχων
1684 1920 1799 1979 ὦτα

224 2032 465 2093 ἀκούεις,
517 2030 666 2099 πόσῳ
698 2027 896 2097 μᾶλλον
942 2028 969 2079 ὁ
1015 2022 1244 2095 ποιητὴς
1295 2021 1487 2085 (erant;
1518 2019 1617 2072 Διὰ
1646 2017 1802 2071 τοῦτο

225 2122 377 2194 παρᾶ
410 2120 597 2189 Κυρίῳ
634 2117 708 2189 μὴ
748 2116 1029 2187 εὐχόμενοι
1071 2111 1381 2183 κράζωμεν,
1426 2110 1501 2173 ὡς
1541 2107 1633 2161 τοῦ
1667 2105 1800 2159 Θεοῦ

231 2216 306 2287 μὴ
340 2213 657 2274 ἀκούοντος*
708 2209 803 2261 καὶ
844 2208 951 2277 γὰρ
1001 2204 1325 2259 σιωπώντων
1370 2205 1399 2256 ὁ
1438 2201 1568 2264 Θεὸς
1593 2199 1798 2253 ἀκούει.

225 2308 464 2378 Θεωρεῖς
493 2304 601 2375 γὰρ
636 2302 726 2355 τὸν
756 2298 917 2353 πόθον
939 2299 1029 2352 τὸν
1058 2300 1115 2351 ἐν
1148 2296 1319 2367 ταύτῃ
1341 2297 1405 2363 τῇ
1443 2292 1688 2363 μακαρίᾳ
1704 2291 1806 2362 ψυ-

227 2400 322 2469 χῇ,
351 2398 486 2459 πῶς,
524 2391 947 2464 παρακαλούσης
976 2391 1143 2459 αὐτῆς
1173 2389 1265 2441 καὶ
1295 2385 1557 2454 λεγούσης
1576 2402 1590 2414 ·
1619 2388 1806 2438 Κατα-

228 2488 387 2555 ϐἠτω
408 2484 728 2554 ἀδελφιδός
743 2501 861 2552 μου
885 2484 963 2547 εἰς
994 2479 1190 2549 κῆπον
1212 2476 1417 2541 αὐτοῦ,
1448 2476 1545 2529 καὶ
1576 2474 1806 2544 φαγέτω

229 2580 465 2649 καρπὸν
486 2576 832 2645 ἀκροδρύων
852 2573 1037 2628 αὑτοῦ
1054 2591 1067 2603 ·
1105 2572 1217 2636 πῶς
1244 2570 1442 2632 secem;
1468 2569 1615 2636 λέγει
1639 2569 1668 2620 ὁ
1702 2567 1806 2620 A6-

228 2687 328 2740 γος
342 2686 354 2700 ·
374 2668 679 2737 Εἰσῆλθον
696 2669 781 2733 εὶς
805 2666 1001 2733 κῆπόν
1018 2682 1158 2733 μου,
1175 2662 1408 2732 ἀδελφή
1432 2680 1549 2730 μου
1570 2661 1805 2730 νύμφης

225 2761 308 2826 ὡς
354 2762 504 2814 οῦδὲν
550 2759 881 2830 ταχύτερον·
928 2758 1007 2810 ἔτι
1052 2758 1163 2827 γὰρ
1196 2757 1365 2826 αὐτῆς
1413 2754 1696 2823 λαλούσης,
1724 2753 1812 2805 66-

231 2854 375 2918 θέως
421 2854 722 2923 ύπήκουσε’
772 2851 994 2921 Θεωρεῖς
1019 2849 1079 2901 τὸ
1112 2847 1491 2919 γεγραμμένον
1511 2863 1523 2876 ο
1555 2846 1675 2898 Ὅτι
1709 2846 1807 2900 καὶ

230 2944 324 3000 ἔτι
347 2943 682 3007 λαλοῦντός
707 2958 820 2995 σου
844 2939 977 3007 ἐρῶ,
994 2939 1151 2994 Ἰδοὺ
1181 2938 1519 3007 πάρειμιξᾍ
1528 2954 1601 3007 μα
1618 2935 1726 3007 γὰρ
1754 2938 1812 2988 ὲν

234 3037 317 3109 τῷ
370 3036 538 3106 αὐτὴν
598 3031 932 3104 παρακαλεῖν
994 3030 1086 3082 καὶ
1141 3030 1349 3097 λέγειν·
1408 3026 1720 3095 Κατάϐηθι,
1768 3021 1813 3079 ὦ

233 3130 403 3197 Λόγε,
448 3130 534 3192 εἰς
570 3126 677 3179 σὺν
720 3122 919 3191 κῆπόν
950 3138 1085 3185 σου,
1120 3123 1216 3175 καὶ
1250 3120 1399 3192 φάγε
1442 3119 1548 3173 τὸν
1586 3117 1816 3187 καρπόν

236 3219 359 3274 τῶν
381 3218 723 3287 ἀκροδρύων
740 3233 876 3277 σου,
901 3214 1102 3278 εὐθέως
1125 3215 1433 3285 ὑπήκουσεν
1458 3213 1592 3284 αὐτῆ
1618 3212 1812 3279 λέγων·
1842 3228 1886 3286 C

237 3311 549 3379 Εἰσῆλθον
571 3312 656 3375 εἰς
682 3309 785 3361 τὸν
816 3307 1014 3376 κῆπόν
1029 3326 1170 3377 μου,
1193 3305 1425 3375 ἀδελφή
1451 3323 1570 3376 μου
1592 3306 1814 3373 νύμφη.

312 3402 367 3459 6.
406 3402 503 3455 Διὰ
533 3402 583 3455 τί
612 3402 666 3454 δὲ
692 3402 784 3454 καὶ
806 3400 1023 3471 νύμφην
1050 3400 1145 3453 καὶ
1172 3398 1405 3470 ἀδελφὴν
1433 3398 1603 3467 αὐτὴν
1622 3395 1820 3466 ὀνομά-

241 3494 363 3561 ζεις
391 3496 505 3559 Πᾶς
538 3494 644 3563 γὰρ
676 3493 906 3562 νυμφίος
936 3494 1035 3545 οῦκ
1062 3491 1315 3561 ὀνομάζει
1347 3491 1446 3561 τὴν
1472 3489 1690 3561 νύμφην
1724 3488 1821 3541 αύ-

238 3588 338 3645 τοῦ
371 3587 604 3657 ἀδελφήν
625 3604 638 3619 ’
679 3581 779 3640 ὦδε
805 3587 861 3639 δὲ
897 3586 990 3638 καὶ
1012 3583 1247 3653 ἀδελφὴν
1282 3582 1374 3633 καὶ¹
1404 3580 1622 3651 νύμφην
1650 3580 1819 3650 αὐτὴν

239 3676 531 3749 ὀνομάζει,
564 3677 651 3731 ἵνα
680 3676 846 3749 δείξῃ,
889 3678 971 3729 ὃτι
1006 3675 1105 3728 οὐκ
1135 3672 1279 3725 ἔστιν
1311 3674 1339 3724 ὁ
1363 3669 1599 3741 θάλαμος
1629 3668 1822 3741 ἐπᾳδό-

248 3787 408 3840 μενος
439 3768 831 3840 σαρκός.’¹οταν
862 3767 958 3837 μὲν
983 3766 1089 3836 γὰρ
1113 3764 1366 3836 ὀνομάζει
1390 3762 1558 3833 αὐτὴν
1580 3761 1818 3832 νύμφην,

241 3862 335 3917 διὰ
368 3861 456 3916 τὸν
487 3862 675 3930 Λόγον,
704 3861 793 3914 τὸν
844 3858 1244 3932 μνηστευθέντα
1286 3857 1383 3929 τὴν
1419 3856 1615 3927 ψυχήν.
1653 3855 1823 3908 Τοῦτο

244 3956 358 4027 γὰρ
385 3957 479 4009 καὶ
515 3954 724 4017 Παῦλος
757 3952 939 4021 ἔλεγεν
964 3969 979 3983 ο
1008 3949 1385 4021 Ἡρμοσὰμην
1417 3946 1572 4018 ὑμᾶς
1603 3945 1692 4001 ἐνὶ
1716 3946 1822 4001 άν-

245 4048 342 4117 δρὶ
363 4046 661 4115 παρθένον
684 4043 879 4115 ἁγνὴν
902 4041 1285 4112 παραστῆσαι
1306 4041 1384 4107 τῷ
1403 4038 1824 4109 Χριστῷ.”οταν

244 4140 306 4193 δὲ
349 4139 443 4192 καὶ
484 4136 714 4208 ἀδελφὴν
760 4134 926 4207 αὐτὴν
959 4135 1232 4205 ὀνομάζει,
1258 4133 1345 4186 διὰ
1391 4133 1492 4203 τὴν
1539 4131 1717 4202 σάρκα
1759 4130 1825 4200 ἦν

247 4231 495 4305 ὲφόρεσε.
545 4230 713 4283 Τοῦτο
759 4228 866 4299 γὰρ
916 4222 996 4292 εἷς
1047 4227 1156 4281 τῶν
1200 4225 1494 4300 προφητῶν
1547 4224 1826 4295 σημαίνων

248 4326 379 4396 περὶ
418 4322 580 4377 αὐτοῦ
618 4323 802 4393 ἔλεγεν
826 4339 840 4352 '
879 4319 1212 4390 Ἀπαγγελῶ
1239 4319 1303 4373 τὸ
1332 4315 1519 4387 ὄνομά
1554 4334 1670 4371 σου
1702 4315 1827 4383 τοῖς

247 4418 533 4489 ἀδελφοῖς
559 4433 697 4485 μου,
724 4416 821 4469 Διὰ
838 4413 996 4468 τοῦτο
1026 4413 1215 4486 μηδεὶς
1238 4411 1505 4482 νομιζέτω
1533 4410 1827 4481 σαρκικοὺς

249 4504 389 4561 εἶναι
434 4508 559 4570 τοὺς
591 4506 781 4575 λόγους
811 4506 1188 4568 τούτους.”οτε
1221 4504 1320 4574 μὲν
1367 4501 1476 4573 γὰρ
1527 4500 1827 4573 παρεκάλει

1895 624 2014 679 Non
2054 622 2201 677 enim
2243 620 2385 673 Deus
2418 625 2698 687 exspectat
2731 614 2895 668 verba
2935 611 3095 666 labiis
3138 610 3367 679 prolata.
3402 608 3467 662 Et

1894 730 2025 772 sane
2060 712 2307 767 Salvator
2346 711 2401 764 in
2432 708 2728 779 Evangelia
2776 706 2851 759 ait
2888 723 2901 758 :
2934 702 3045 758 Scit
3078 701 3218 755 Deus
3244 715 3467 769 quorum

1895 824 2023 877 opus
2058 804 2296 859 habeatis
2338 811 2618 877 antequam
2668 798 2859 869 petatis
2909 795 2971 849 ab
3012 796 3123 864 ipso
3146 793 3212 846 “.
3245 792 3368 847 ldco
3404 807 3471 846 ne

1894 898 2051 970 quasi
2079 874 2449 966 perfunctorie
2478 892 2779 947 elamemus
2816 890 2868 943 in
2912 886 3186 958 precando
3213 902 3228 952 ;
3259 885 3375 946 sed,
3421 882 3469 937 si

1896 1005 1989 1044 ore
2017 987 2283 1057 precaris,
2315 999 2536 1056 precare
2574 992 2625 1037 et
2656 989 2858 1036 mente.
2911 978 2965 1032 ιιι
3012 978 3154 1033 enim
3188 984 3243 1030 et
3266 974 3471 1030 Paulus

1897 1079 2117 1135 aiebat:
2157 1075 2399 1130 Psallam
2453 1074 2645 1144 spiritu
2670 1112 2686 1134 ,
2738 1069 2970 1141 psallam
3004 1077 3055 1123 et
3086 1077 3251 1121 mente
3291 1065 3356 1119 ⁸⁸.
3399 1064 3473 1118 De

1896 1170 2197 1241 profundis,
2261 1167 2440 1237 inquit
2482 1167 2641 1229 alios,
2686 1164 2913 1217 clamari
2956 1161 3023 1213 ad
3054 1171 3121 1226 te,
3156 1159 3372 1212 Domine
3402 1156 3470 1211 “.

1898 1261 2259 1330 Quamobrem
2311 1268 2364 1313 et
2396 1258 2592 1312 mulier
2630 1257 2684 1311 in
2716 1255 2870 1310 libris
2907 1252 3147 1321 Regum,
3192 1268 3314 1306 cum
3360 1250 3474 1306 cla-

1898 1354 2099 1410 mando
2128 1364 2467 1423 precaretur,
2500 1349 2760 1405 sacerdos
2803 1347 2977 1416 ipsam
3024 1343 3287 1410 coercuit,
3319 1354 3475 1399 ratus

1899 1448 2107 1503 ebriam
2146 1458 2267 1498 esse
2300 1443 2377 1508 ‘7;
2411 1450 2466 1495 et
2505 1449 2686 1494 tamen
2722 1439 2813 1492 illa
2844 1454 2968 1493 cum
3001 1444 3178 1491 mente
3224 1451 3476 1506 precare—

1901 1550 2011 1606 tur,
2045 1548 2290 1608 Optatum
2331 1542 2628 1592 consecuta
2654 1574 2669 1599 ,
2720 1531 3028 1588 Samuelem
3075 1528 3301 1599 peperit.
3332 1526 3473 1593 Quid

1906 1648 2035 1702 ergo
2059 1643 2114 1687 tu
2145 1632 2351 1687 clamas
2375 1630 2428 1683 in
2455 1628 2736 1691 oratione,
2767 1640 2830 1681 ac
2856 1625 2901 1680 si
2938 1623 3081 1677 Deus
3116 1636 3224 1675 non
3250 1617 3475 1673 audiat?

1899 1725 2040 1779 Audi
2074 1740 2198 1779 eum
2247 1721 2342 1791 qui
2387 1720 2539 1785 dicit,
2590 1718 2693 1783 Qui
2735 1714 2992 1785 plantavit
3032 1727 3209 1765 aurem
3237 1726 3341 1764 non
3376 1726 3474 1762 au-

1903 1819 2009 1872 diet
2037 1817 2129 1868 “'3
2161 1812 2294 1868 Nam
2326 1812 2371 1868 si
2400 1821 2478 1877 tu,
2502 1810 2630 1880 quia
2656 1823 2815 1863 aures
2840 1805 3029 1868 habes,
3065 1803 3243 1867 audis,
3268 1810 3475 1872 quanto

1902 1909 2075 1978 magis
2116 1907 2333 1960 aurium
2366 1902 2584 1974 opifex?
2624 1900 2701 1955 Ne
2731 1899 3032 1955 elamemus
3062 1897 3243 1966 itaque
3273 1895 3339 1949 ad
3368 1893 3478 1948 Do-

1904 1996 2113 2050 minum
2155 1993 2430 2063 precando
2455 2033 2471 2059 ,
2508 1990 2665 2061 quasi
2716 1986 2861 2042 Deus
2910 2003 3017 2042 non
3062 1986 3292 2041 audiat:
3332 1986 3476 2040 Deus

1903 2088 2048 2143 enim
2090 2086 2174 2139 vel
2216 2086 2437 2139 silentes
2477 2083 2648 2137 audit.
2679 2080 2868 2133 Viden‘
2915 2078 3245 2133 desiderium
3299 2077 3472 2133 beata:

1906 2181 2054 2235 illius
2097 2178 2325 2243 animae,
2360 2191 2470 2246 quo
2502 2184 2665 2245 pacto
2703 2173 2960 2228 hortante
3004 2170 3097 2225 illa
3131 2172 3218 2226 bis
3243 2171 3423 2226 verbis
3457 2186 3476 2224 :

1908 2270 2203 2324 Descendat
2242 2268 2467 2321 dilectus
2501 2282 2645 2319 meus
2683 2266 2740 2317 in
2774 2264 2984 2317 hortum
3017 2279 3191 2326 suum,
3221 2274 3269 2317 et
3304 2279 3478 2317 come-

1906 2363 2000 2415 dat
2035 2365 2264 2431 [rurtum
2294 2376 2569 2429 pomorum
2610 2374 2825 2411 suorum
2849 2358 2912 2422 ",
2955 2357 3224 2426 extemplo
3247 2366 3301 2411 et
3330 2356 3478 2410 nulla

1908 2455 2228 2523 interposita
2258 2467 2412 2507 mora
2437 2451 2677 2506 Verbum
2710 2450 2857 2506 dicat
2882 2491 2896 2513 ,
2947 2450 3153 2504 Intraui
3182 2452 3235 2503 in
3269 2449 3483 2501 hortum

1908 2564 2115 2609 meum,
2165 2562 2316 2599 soror
2364 2562 2478 2598 mea
2525 2562 2717 2613 sponsa
2752 2547 2797 2577 ⁷ο
2824 2547 2847 2599 ?
2875 2543 3018 2597 Nihil
3055 2543 3321 2609 celerius;
3364 2543 3483 2612 ipsa

1909 2640 2109 2709 quippe
2165 2637 2464 2707 loquente,
2520 2637 2704 2692 subito
2758 2637 3059 2707 respondit.
3107 2634 3297 2690 Vidcu'
3337 2634 3487 2704 quod

1912 2732 2172 2800 scriplum
2204 2740 2329 2785 est:
2366 2727 2629 2793 Quoniam
2678 2728 2849 2783 adhuc
2890 2739 2936 2782 te
2966 2728 3227 2798 loquente,
3265 2727 3486 2782 dicam:

1914 2822 2049 2877 Ecce
2074 2823 2263 2877 adsum
2294 2822 2335 2852 "‘
2358 2821 2380 2873 ?
2402 2820 2536 2875 Cum
2566 2821 2800 2891 primum
2823 2820 2965 2876 enim
3003 2820 3118 2891 ipsa
3156 2821 3365 2874 hortata
3402 2826 3490 2874 est

1914 2926 2075 2985 atque
2114 2915 2273 2980 dixit,
2306 2913 2574 2967 Descende
2596 2955 2612 2979 ,
2638 2929 2670 2968 ο
2697 2912 2968 2980 Verbum,
2993 2914 3047 2967 in
3080 2914 3289 2966 hortum
3318 2921 3488 2975 tuum,

1914 3017 1963 3060 et
2010 3007 2218 3059 comede
2259 3006 2490 3073 fructum
2554 3021 2829 3073 pomorum
2870 3014 3123 3071 tuorum,
3172 3003 3354 3059 subito
3403 3018 3490 3058 re-

1915 3097 2139 3167 spondit
2184 3096 2263 3149 illi
2296 3096 2510 3151 diccns:
2545 3093 2749 3148 Intraui
2784 3095 2837 3147 in
2866 3096 3075 3148 hortum
3104 3111 3295 3162 meum,
3340 3111 3490 3147 soror

1918 3203 2033 3241 mea
2064 3203 2278 3257 sponsa.

1990 3386 2043 3441 6.
2075 3383 2216 3451 Quid
2251 3394 2334 3439 est
2374 3382 2521 3453 quod
2558 3397 2814 3452 sponsam
2860 3390 2916 3437 et
2963 3396 3207 3436 sororem
3241 3382 3492 3436 eamdem

1921 3478 2116 3532 vocat?
2140 3476 2255 3530 Non
2281 3476 2425 3529 enim
2450 3476 2631 3543 quivis
2655 3489 2890 3543 sponsus
2922 3488 3177 3543 sponsam
3210 3488 3364 3529 suam
3397 3490 3493 3529 so-

1920 3585 2097 3624 rorem
2134 3568 2551 3637 nuncupaverit.
2591 3565 2689 3621 llic
2721 3580 2850 3621 vero
2882 3578 2935 3621 et
2965 3581 3209 3621 sororem
3237 3576 3290 3621 ct
3328 3581 3496 3637 spon-

1921 3677 2036 3716 sam
2090 3662 2261 3731 ipsam
2325 3659 2639 3728 compellat,
2686 3659 2893 3713 scilicet
2935 3670 2993 3712 ut
3034 3659 3343 3714 ostenderet
3385 3675 3495 3716 non

1922 3771 2043 3811 esse
2062 3755 2359 3808 thalamum
2379 3753 2565 3807 carnis
2580 3753 2985 3820 voluptuosum.
3008 3750 3142 3805 Nam
3175 3769 3298 3807 cum
3326 3769 3496 3824 spon-

1924 3862 2040 3903 sam
2072 3855 2262 3910 voeat,
2298 3845 2347 3899 id
2375 3846 2487 3914 agit
2508 3843 2668 3897 Verbi
2693 3858 2893 3907 causa,
2922 3842 3065 3911 quod
3108 3842 3347 3897 animam
3402 3846 3498 3899 de-

1924 3940 2227 4009 sponsavit.
2256 3936 2495 4005 ldipsum
2536 3935 2682 3989 enim
2723 3933 2925 3989 Paulus
2962 3934 3080 3988 ait:
3114 3934 3376 4005 Despondi
3412 3953 3497 3993 vos

1924 4031 2017 4083 uni
2047 4032 2179 4091 riro,
2218 4029 2470 4097 virginem
2506 4035 2709 4079 castam
2740 4026 2982 4079 exhibere
3018 4024 3230 4079 Christo
3259 4028 3323 4080 ".
3358 4026 3496 4080 Cum

1925 4131 2103 4176 autem
2147 4121 2320 4190 ipsam
2378 4132 2622 4171 sororem
2678 4126 2974 4185 nuncupat,
3029 4117 3079 4169 id
3132 4116 3230 4181 ait,
3280 4130 3501 4188 propter

1926 4228 2147 4267 carnem
2176 4225 2340 4280 quam
2374 4207 2627 4277 gestavit.
2653 4204 2708 4262 ld
2737 4209 2938 4277 quippe
2972 4209 3359 4278 pr0pbetarum
3393 4209 3496 4261 all-

1927 4307 2050 4373 quis
2076 4303 2299 4363 indicat,
2332 4300 2448 4353 hazc
2474 4299 2541 4353 de
2574 4297 2695 4368 ipso
2729 4300 2997 4369 loquens,
3034 4298 3279 4353 Narrabo
3312 4316 3498 4353 nomen

1930 4406 2074 4450 tuum
2142 4392 2397 4463 fratribus
2460 4391 2989 4457 meis",|detlncmo
3046 4392 3340 4447 arbitretur
3379 4407 3498 4446 scr-

1931 4503 2119 4543 mones
2153 4486 2463 4555 hujusmodi
2509 4483 2753 4540 carnales
2780 4498 2922 4538 esse.
2964 4482 3100 4537 Cum
3146 4484 3289 4537 enim
3320 4484 3500 4554 ipsum

249 4598 415 4652 αὺτδν
466 4599 499 4666 ὴ
550 4573 792 4669 μακαρία
838 4596 974 4665 αῦτη
1021 4595 1165 4667 ψυχὴ
1210 4594 1473 4663 λέγουσα·
1508 4591 1813 4658 Ιιάταόήτα

1928 4583 2081 4635 beata
2116 4579 2206 4631 illa
2244 4578 2427 4632 anima
2493 4578 2742 4632 hortatur
2772 4573 2958 4628 dicens
2998 4596 3011 4629 :
3047 4575 3338 4629 Descendat
3367 4575 3502 4628 dile-

248 4687 567 4757 ἀδελφιδός
595 4705 715 4757 μου
746 4690 831 4753 εἱς
852 4685 1050 4753 κῆπον
1073 4685 1279 4748 αὐτοῦ,
1306 4684 1402 4737 καὶ
1427 4681 1657 4752 φαγέτω
1686 4698 1825 4751 καρ-

250 4784 374 4836 πὸν
403 4780 745 4851 ἀκροδρύων
770 4777 955 4831 αὑτοῦ
976 4817 990 4841 ,
1024 4778 1153 4829 ὅταν
1218 4778 1316 4847 μὲν
1356 4776 1465 4847 γὰρ
1488 4774 1695 4847 ἀκούσῃ
1718 4774 1825 4843 ψυ-

252 4874 379 4946 χὴν,
413 4873 488 4943 μὴ
524 4873 649 4942 μίαν
679 4870 856 4942 ψυχὴν
899 4867 1266 4939 ὑπολάμϐανε,
1302 4868 1417 4922 ἀλλ’
1449 4868 1568 4921 ὅλον
1599 4867 1690 4919 τὸν
1734 4866 1825 4919 κό-

258 4982 415 5037 σμον.
447 4966 542 5016 Διὰ
570 4963 728 5015 τοῦτο
760 4962 935 5016 τοίνυν
970 4959 1393 5032 παρακαλοῦμεν
1441 4958 1604 5012 αὐτὸν
1646 4956 1829 5025 λέγον-

254 5072 345 5122 τες
366 5076 379 5089 ·
432 5054 747 5122 Κατὰϐηθι,
788 5050 833 5109 ὦ
870 5054 1029 5123 Λόγε,
1077 5056 1163 5121 εἰς
1196 5053 1303 5107 τὸν
1331 5051 1530 5119 κῆπόν
1558 5064 1695 5114 σου,
1730 5051 1826 5103 καὶ

255 5150 408 5220 φάγε
437 5151 541 5204 τὸν
564 5147 795 5216 καρπὸν
818 5145 937 5200 τῶν
959 5145 1303 5215 ἀκροδρύων
1329 5161 1446 5200 σου
1466 5160 1479 5174 ’
1514 5144 1607 5197 καὶ
1632 5141 1830 5204 εὐθέως

255 5242 423 5307 αὐτὸς
438 5243 739 5313 ἐπήκουσεν
754 5257 768 5270 ⁶
786 5236 1089 5309 Εἱσῆλθον
1107 5241 1194 5305 εὶς
1219 5239 1417 5307 κῆπόν
1431 5255 1571 5307 μου,
1597 5233 1828 5303 ἀδελφή

256 5355 373 5402 μου
418 5335 655 5404 νύμφη’
686 5332 986 5402 ἐτρύγησα
1028 5330 1302 5399 σμύρναν
1341 5346 1461 5397 μου
1499 5326 1649 5396 μετὰ
1682 5326 1831 5394 ἀρω-

257 5428 459 5500 μάτων
502 5442 641 5494 μου.
693 5425 924 5493 Πότερον
982 5418 1359 5491 παρεκάλεσάς
1415 5434 1477 5488 μθ
1536 5416 1830 5486 καταϐῆναι

259 5521 353 5573 καὶ
405 5518 599 5587 φαγεῖν
646 5516 770 5577 τοὺς
809 5512 1085 5585 καρπούςς
1142 5510 1273 5566 Ἰδοὺ
1316 5508 1693 5577 καταδέύηκα·
1742 5506 1829 5569 δός

262 5626 355 5681 μοι
382 5610 507 5671 τοὺς
530 5605 790 5676 καρπούς.
810 5606 868 5658 'U
898 5605 995 5676 μὲν
1018 5607 1110 5657 οὐν
1136 5602 1242 5655 τῶν
1283 5592 1544 5651 Ἰουδαίων
1568 5592 1809 5666 λόγοςκεύ

365 5784 413 5818 ⁸³
450 5782 554 5840 lsa.
602 5801 723 5849 LIX,
776 5784 831 5837 9.
908 5781 955 5812 “
1002 5775 1188 5832 Matth.
1226 5793 1320 5849 vt,
1352 5770 1451 5849 n8;
1508 5776 1552 5849 ξ’
1604 5772 1784 5849 lgor.
1850 5792 1978 5838 xw,
2026 5776 2127 5849 Δ15.

265 5859 310 5890 ⁸³
339 5856 483 5912 Psal.
521 5869 649 5909 xcut
674 5897 689 5922 ,
711 5841 772 5910 '9.
869 5852 913 5883 ”
942 5850 1098 5906 Cant.
1135 5865 1187 5912 v,
1222 5847 1272 5903 l.
1341 5848 1387 5881 "
1416 5841 1552 5906 ibid.

1927 4681 2041 4725 ctus
2066 4685 2206 4722 meus
2240 4669 2294 4720 in
2338 4670 2549 4722 hortum
2579 4682 2749 4724 suum.
2793 4672 2841 4717 et
2885 4666 3123 4718 comedat
3156 4666 3382 4736 fructum
3406 4681 3503 4734 po-

1928 4779 2130 4817 ntorum
2157 4777 2376 4815 suorum
2405 4799 2420 4822 ,
2464 4752 2555 4810 ubi
2612 4758 2851 4811 animam
2880 4757 3058 4823 audis,
3076 4774 3145 4813 ne
3180 4774 3340 4813 unam
3372 4774 3500 4813 sus-

1924 4855 2104 4925 picere
2138 4852 2377 4906 animam
2408 4891 2422 4913 ,
2453 4848 2546 4903 sed
2579 4858 2752 4902 totum
2796 4850 3085 4905 mundum.
3131 4848 3499 4917 Quamobrem

1926 4946 2218 5000 invitemus
2259 4944 2433 5013 ipsum
2467 4940 2551 4993 bis
2582 4941 2783 4995 verbis.
2831 4941 3128 5006 Descende,
3169 4958 3203 4997 o
3244 4941 3502 5009 Verbum,

1926 5055 1981 5091 sn
2012 5041 2224 5092 hortum
2251 5047 2399 5089 tuum
2419 5076 2431 5097 ,
2474 5044 2523 5086 et
2560 5038 2769 5087 comede
2799 5034 3033 5103 fructum
3087 5052 3357 5104 pomorum
3387 5044 3504 5088 tuo.

1929 5147 2082 5194 rum;
2124 5139 2178 5182 et
2217 5129 2393 5197 ipsum
2433 5125 2616 5181 subito
2651 5127 3041 5197 respondebit,
3073 5127 3346 5198 Ingressus
3386 5145 3503 5182 sum

1929 5224 1982 5276 in
2006 5226 2213 5275 hortum
2240 5236 2431 5282 meum,
2459 5236 2609 5273 soror
2637 5236 2751 5273 mea
2778 5235 2994 5287 sponsa,
3019 5224 3209 5275 messui
3236 5221 3503 5290 myrrham

1938 5330 2105 5368 meam
2143 5329 2262 5366 cum
2331 5311 2657 5364 aromatibus
2704 5311 2852 5365 meis.
2894 5308 3034 5365 Num
3092 5313 3377 5367 concitasti
3423 5326 3507 5367 me

1939 5416 1998 5461 ut
2026 5404 2409 5461 descenderem
2464 5413 2517 5457 ct
2569 5403 2911 5459 comederem
2943 5401 3196 5459 fructus?
3235 5402 3373 5458 Ecce
3412 5403 3507 5455 de-

1937 5504 2122 5560 scendi
2144 5546 2159 5568 ,
2192 5503 2263 5561 da
2292 5502 2426 5557 mihi
2458 5501 2692 5555 fructus.
2725 5499 3038 5554 Judteorum
3065 5496 3285 5567 quidem
3327 5506 3510 5550 sermo

1934 5612 2035 5665 pro
2065 5596 2185 5649 uvis
2216 5596 2403 5665 spinas
2435 5593 2618 5648 statim
2642 5591 2870 5663 profert,
2898 5600 2951 5647 et
2971 5607 3070 5663 pro
3111 5590 3227 5645 licis
3252 5589 3504 5645 tribulos.

2254 5776 2299 5807 “
2349 5774 2493 5830 Psal.
2576 5790 2763 5845 cun,
2822 5774 2873 5827 l.
2983 5774 3027 5805 ⁸⁷
3059 5771 3355 5845 l__Reg.t,
3415 5766 3507 5834 16.

2576 5790 2723 5830 cmi
2744 5816 2758 5832 .
2822 5774 2873 5827 l.

1656 5846 1698 5879 "
1732 5844 1833 5901 lsa.
1877 5863 1989 5915 ιιι,
2017 5847 2069 5901 9.
2144 5848 2190 5879 "
2212 5846 2398 5902 llCor.
2429 5862 2510 5911 XI,
2537 5846 2589 5899 Ξ.
2667 5847 2714 5878 ’⁸
2737 5844 2882 5902 Psal.
2912 5859 3003 5899 ut
3059 5842 3148 5897 9.3.
