4142 6502
674 412 806 469 1559

1531 416 1568 471 S
1607 412 1976 468 ATHANASII
2014 411 2165 469 OPP.
2212 410 2392 467 PARS
2429 410 2511 465 Ill.
2568 442 2622 451 —-
2664 411 3073 469 EXEGETICA.

3788 417 3921 475 i360

673 530 1028 598 Quandonam
1071 536 1253 584 autem
1291 530 1393 601 ipsi
1424 530 1733 601 huiusmodi
1779 531 1989 587 fructus
2020 532 2227 585 obtule-

2338 529 2468 593 θέως
2500 531 2652 601 φέρει
2684 531 2805 584 ἀντὶ
2835 530 3116 600 σταφυλῶν
3147 530 3412 595 ἀκάνθας,
3448 533 3547 585 καὶ
3583 532 3708 586 ἀντὶ
3744 533 3923 588 συκῶν

671 632 817 686 runt,
850 623 954 679 nisi
984 624 1202 693 quando
1235 623 1693 693 crucifigebatur?
1726 623 1889 679 Petiit
1934 627 2078 678 enim
2133 640 2231 695 po-

675 726 790 772 tum
826 732 893 771 ex
918 716 1188 771 fructibus
1220 718 1413 781 vineae,
1442 718 1625 772 etviui
1651 717 1769 772 loco
1796 718 2113 772 obtulerunt
2158 718 2233 772 illi

670 816 905 863 acetum.
928 806 1118 863 Viden‘
1137 807 1373 861 fructum
1402 822 1614 871 eorum,
1634 824 1744 878 quo
1767 818 1924 878 pacto
1945 809 1998 862 in
2021 819 2233 863 acetum

669 916 859 957 versus
888 901 999 956 sit?
1030 900 1183 956 Dicat
1215 900 1443 971 proinde
1474 900 1745 967 Salvator,
1790 901 2037 957 Evoeasti
2072 918 2156 956 me
2180 912 2237 957 ut

667 996 1052 1050 descenderem
1105 1004 1159 1049 et
1205 995 1547 1049 comederem
1598 1010 1780 1063 poma,
1816 1011 1940 1050 ecce
1965 997 2084 1050 veni
2120 996 2238 1051 siti—

666 1087 903 1151 bundus,
932 1100 985 1142 et
1017 1097 1230 1141 acetum
1262 1087 1397 1141 mihi
1428 1088 1675 1143 obtulisti
1709 1107 1721 1141 :
1755 1088 1875 1143 veni
1908 1090 2069 1143 etiam
2110 1104 2237 1144 esu-

666 1183 813 1236 riens
848 1181 913 1237 ad
952 1181 1108 1235 ficum
1135 1223 1149 1246 ,
1192 1194 1242 1236 et
1286 1181 1413 1236 folia
1456 1181 1631 1236 solum
1671 1182 1874 1236 inveni.
1908 1180 2121 1237 Utinam
2154 1184 2235 1238 vel

670 1273 796 1328 folia
828 1286 1035 1328 tantum
1064 1274 1388 1329 invenissem
1412 1314 1426 1336 ,
1461 1276 1589 1328 dum
1627 1289 1694 1329 ne
1734 1275 1947 1329 aridum
1977 1275 2184 1346 lignum
2219 1292 2234 1329 :

668 1366 900 1435 ideoque
932 1365 1034 1435 ipsi
1067 1365 1342 1419 maledixi.
1390 1364 1653 1421 Descendi
1689 1365 1833 1419 enim
1882 1375 1941 1420 ut
1983 1366 2237 1421 comede-

668 1473 781 1511 rem
818 1456 1029 1511 fructus
1058 1472 1344 1526 pomorum
1369 1474 1383 1523 ;
1418 1468 1468 1511 et
1496 1472 1617 1512 cum
1648 1457 2049 1513 descendissem
2074 1500 2088 1523 ,
2112 1472 2238 1512 ecce

666 1548 997 1615 deprehendi
1027 1548 1348 1618 sanguinem
1373 1563 1537 1617 super
1562 1549 1832 1618 sanguine
1861 1551 2235 1612 commistum,

670 1638 1026 1701 fornicarios,
1089 1638 1364 1692 adulteros
1427 1646 1479 1691 et
1522 1638 1840 1706 sanguinem
1896 1638 2235 1692 innocentem

669 1731 923 1786 eﬂusum.
989 1729 1169 1793 inveni
1226 1744 1324 1784 vos
1383 1732 1694 1799 sculpentes
1764 1730 1966 1799 lapides
2012 1740 2066 1785 et
2124 1746 2237 1786 rem

668 1824 935 1895 sculptam
964 1823 1134 1877 Deum
1164 1834 1418 1879 vocantes
1440 1866 1453 1889 ,
1500 1839 1563 1877 ac
1596 1824 1812 1878 demum
1847 1841 1943 1894 pro
1967 1824 2236 1881 fructibus

2338 622 2636 693 τριϐόλους.
2660 624 2799 677 Πότε
2849 624 2907 676 δὲ
2953 624 3337 695 προσήνεγκαν
3369 624 3523 695 αὐτῷ
3550 625 3775 689 τούτους
3798 627 3926 690 τοὺς

2337 716 2599 786 καρποὺς,
2631 717 2678 768 εί
2713 715 2786 787 μὴ
2816 717 2903 769 ὅτε
2932 715 3296 785 ὲσταυροῦτο;
3327 717 3540 787 ’ῌτησε
3563 716 3672 789 γάρ
3695 721 3839 772 πιεῖν
3862 718 3926 773 ὲκ

2336 806 2444 860 τῶν
2495 810 2721 877 καρπῶν
2773 807 2871 878 τῆς
2916 808 3200 878 ἀμπέλου,
3253 809 3346 863 καὶ
3393 799 3514 863 ἀντὶ
3560 812 3707 864 οἴνου
3754 829 3923 882 προσ-

2339 904 2577 973 ήνεγκαν
2605 900 2753 970 αὐτῷ
2780 901 2919 967 ὅξος.
2938 901 3098 972 Ὁρᾷς
3121 902 3212 954 τὸν
3240 904 3455 973 καρπὸν
3476 904 3658 956 αὐτῶν
3684 906 3768 957 ὅτι
3791 904 3925 973 ιέκῖη⁴

2338 1008 2431 1056 κε;
2463 992 2679 1059 Λεγέτω
2717 991 2896 1043 τοίνυν
2919 992 2947 1043 6
2972 992 3195 1062 Σωτήρ·
3228 992 3620 1064 Παρεκάλεσᾶς
3655 1010 3724 1063 με
3760 1012 3924 1047 κατα-

2338 1086 2518 1155 ϐῆναι,
2542 1085 2635 1137 καὶ
2663 1087 2855 1153 φαγεῖν
2878 1084 2985 1137 ἀπὸ
3008 1084 3117 1137 τῶν
3145 1084 3484 1156 ἀκροδρύων,
3512 1086 3607 1138 καὶ
3631 1086 3742 1140 ίδου
3760 1081 3925 1156 ἦλθον

2337 1178 2523 1248 διψῶν,
2555 1180 2647 1231 καὶ
2680 1177 2798 1243 ὅξος
2844 1194 2935 1247 μοι
2974 1178 3388 1248 προσήνεγκας
3436 1179 3530 1232 καὶ
3570 1175 3737 1249 ἦλθον
3764 1178 3923 1233 πάλιν

2340 1272 2538 1326 πεινῶν
2569 1271 2661 1324 ἐπὶ
2692 1271 2790 1342 τὴν
2824 1270 3013 1341 συκῆν,
3046 1271 3141 1323 καὶ
3189 1270 3365 1340 φύλλα
3398 1273 3557 1343 μόνον
3585 1268 3766 1344 εὗρον.
3798 1274 3922 1328 Εἴθε

2337 1364 2391 1417 δὲ
2426 1362 2526 1419 κᾶν
2557 1362 2729 1432 φύλλα
2761 1362 2918 1433 μόνον
2947 1362 3243 1435 εὑρίσκειν,
3279 1365 3373 1418 καὶ
3419 1366 3494 1435 μὴ
3530 1365 3592 1418 τὸ
3634 1364 3792 1432 ξύλον
3826 1365 3922 1436 ξη-

2340 1457 2432 1529 ρόν
2452 1474 2464 1486 ⁸
2497 1456 2584 1511 διὰ
2617 1456 2775 1509 τοῦτο
2808 1454 2917 1527 γὰρ
2950 1458 3042 1510 καὶ
3070 1457 3472 1529 κατηρασάμην
3512 1458 3703 1529 αὑτήν.
3736 1460 3921 1513 Κατα-

2339 1548 2545 1619 ϐέϐηκα
2576 1546 2683 1619 γὰρ
2726 1551 2919 1617 φαγεῖν
2964 1550 3089 1612 τοὺς
3134 1551 3382 1620 καρποὺς
3424 1550 3532 1603 τῶν
3582 1551 3920 1623 ἀκροδρύων,

2338 1641 2432 1693 καὶ
2459 1640 2564 1692 ἰδοὺ
2596 1640 2839 1702 καταϐὰς
2862 1634 3018 1710 εὗρον
3042 1642 3248 1710 αἵματα
3279 1642 3362 1710 ἐφ’
3399 1642 3625 1711 αἴμασιν
3660 1644 3923 1714 μισγόμε-

2338 1749 2424 1795 να,
2461 1731 2821 1804 πορνεύοντας
2854 1731 2947 1784 καὶ
2984 1731 3353 1803 μοιχεύοντας,
3403 1733 3497 1786 καὶ
3528 1734 3740 1803 αἵματα
3774 1734 3924 1787 ἀίιῶα

2340 1825 2695 1895 ἐκχυνόμενα.
2716 1819 2886 1895 Εὗρον
2916 1824 3060 1894 ὑμᾶς
3089 1823 3396 1893 γλύφοντας
3424 1824 3607 1887 λίθους
3630 1866 3644 1889 ,
3672 1826 3769 1878 καὶ
3793 1825 3922 1879 Θεὸν

668 1917 945 1987 myrrham
973 1916 1179 1985 reperi,
1222 1925 1383 1985 atque
1416 1915 1493 1969 tui
1520 1931 1684 1969 causa
1716 1917 1959 1972 abducor
1995 1918 2062 1972 ad
2091 1932 2237 1973 mor-

2339 1915 2729 1987 ὀνομάζοντας·
2777 1916 2872 1971 καὶ
2910 1916 3095 1972 λοιπὸν
3126 1918 3251 1971 ἀντὶ
3285 1918 3607 1990 ἀκροδρύων
3636 1918 3882 1990 σμύρναν
3904 1936 3919 1949 ·

669 2018 797 2064 tem.
828 2008 1077 2062 Descendi
1122 2017 1176 2060 ut
1226 2008 1542 2061 comederem
1595 2008 1797 2078 fructus
1839 2026 2153 2078 pomorum:
2183 2018 2237 2064 et

667 2115 793 2155 ecce
824 2108 1042 2170 propter
1084 2110 1135 2154 te.
1178 2100 1297 2155 loco
1324 2101 1520 2155 messis
1562 2110 1792 2155 mortem
1820 2101 2057 2170 accipio;
2090 2117 2238 2172 myr-

668 2192 821 2245 rham
862 2200 1008 2245 meto
1044 2205 1167 2245 cum
1199 2190 1558 2245 aromatibus.
1604 2193 1672 2242 At
1708 2191 1914 2244 utinam
1947 2200 2235 2261 postquam

667 2283 948 2354 myrrham
980 2298 1079 2353 pro
1106 2298 1281 2338 messe
1308 2282 1506 2353 recepi,
1534 2283 1617 2337 vel
1657 2284 1726 2337 ita
1755 2285 1974 2338 tandem
2006 2287 2234 2341 salutem

669 2376 1063 2431 nanciscamini
1086 2416 1100 2440 ,
1148 2391 1213 2431 ac
1259 2375 1528 2431 scelerum
1564 2376 1724 2431 finem
1753 2376 1993 2443 faciatis,
2030 2394 2129 2434 nec
2149 2380 2235 2434 di-

664 2476 822 2523 catur
875 2466 1162 2521 adversum
1214 2466 1415 2521 vosid
1464 2467 1609 2536 quod
1671 2468 1723 2520 in
1778 2468 2037 2523 vicesimo
2094 2485 2237 2523 nono

667 2560 879 2630 psalmo
930 2560 1189 2626 habetur,
1246 2559 1375 2623 Qua:
1430 2558 1637 2612 utilitas
1692 2560 1747 2612 in
1793 2560 2048 2629 sanguine
2102 2575 2234 2622 meo,

665 2654 791 2706 dum
825 2653 1075 2706 descendo
1127 2653 1179 2705 in
1237 2653 1619 2721 corruptionem
1652 2651 1744 2703 7*?
1806 2649 2235 2705 Descendienim

667 2753 885 2815 propter
919 2754 989 2810 te,
1012 2760 1076 2799 ac
1109 2753 1339 2798 mortem
1376 2744 1764 2814 myrrhamque
1802 2757 1899 2811 pro
1941 2756 2117 2797 messe
2148 2759 2239 2799 ac-

667 2836 817 2906 cepi;
854 2851 919 2889 ac
957 2851 1064 2888 non
1100 2835 1277 2889 solum
1304 2834 1603 2905 myrrham,
1643 2834 1737 2889 sed
1761 2834 1924 2889 etiam
1959 2850 2081 2889 cum
2114 2851 2237 2889 aro-

667 2928 927 2982 matibus.
1003 2926 1123 2992 Quo
1201 2934 1363 2996 pacto
1428 2936 1607 2980 autem
1668 2942 1790 2981 cum
1861 2926 2237 2981 aromatibus?

666 3020 897 3088 Quando
925 3021 1068 3075 enim
1117 3018 1393 3090 myrrham
1448 3019 1672 3083 messui,
1722 3019 1933 3073 scilicet
1979 3027 2234 3083 mortem,

665 3129 863 3183 corpus
898 3116 949 3168 in
983 3122 1337 3167 monumento
1362 3112 1668 3181 depositum
1700 3110 1802 3165 fuit
1830 3129 1845 3168 :
1879 3126 2004 3165 cum
2048 3126 2236 3166 resur-

665 3207 806 3261 rexit
836 3205 975 3258 idem
1007 3219 1206 3273 corpus
1232 3204 1630 3272 incorruptum,
1688 3213 1818 3257 tunc
1869 3212 2237 3273 apparuerunt

2337 2008 2432 2062 καὶ
2476 2010 2555 2071 εἰς
2604 2008 2831 2063 θάνατον
2868 2010 3071 2078 ἄγομαι
3112 2008 3201 2062 διὰ
3253 2009 3333 2062 σέ.
3399 2011 3787 2078 Καταϐέϐηκα
3818 2010 3923 2066 τοῦ

2336 2099 2548 2169 φαγεῖν
2579 2101 2720 2166 τοὺς
2764 2101 3033 2169 καρποὺς
3077 2100 3195 2154 τῶν
3237 2101 3623 2170 ἀκροδρύων·
3670 2104 3768 2157 καὶ
3814 2104 3921 2158 ἰδοὺ

2338 2193 2565 2247 θάνατον
2594 2193 2779 2265 τρυγῶ
2829 2192 2915 2245 διά
2964 2192 3024 2246 σέ
3047 2210 3061 2224 ο
3109 2193 3357 2265 σμύρναν
3396 2194 3580 2266 τρυγῶ
3616 2195 3759 2266 μετά
3787 2198 3924 2266 ἀρω-

2340 2286 2543 2355 μάτων.
2564 2286 2700 2338 Ἀλλ’
2741 2284 2852 2338 εἴθε
2878 2287 3248 2357 τρυγήσαντός
3279 2305 3380 2357 μου
3415 2286 3513 2359 τὴν
3545 2287 3793 2358 σμύρναν
3820 2305 3925 2339 σω-

2338 2378 2517 2440 θέντες
2545 2372 2642 2448 ἦτε
2675 2377 2769 2430 καὶ
2800 2377 3141 2448 πεπαυμένοι
3175 2378 3283 2430 τῶν
3317 2377 3503 2430 κακῶν
3524 2420 3540 2444 ,
3582 2379 3677 2431 καὶ
3715 2378 3790 2448 μὴ
3838 2377 3923 2431 λε-

2338 2470 2479 2537 γέτω
2531 2469 2651 2523 καθ’
2685 2469 2839 2539 ὑμῶν
2888 2469 2947 2522 τὸ
2998 2471 3055 2523 ἐν
3092 2469 3169 2541 τῷ
3205 2470 3435 2541 εἰκοστῷ
3467 2471 3675 2542 ὲννὰτῳ

2337 2559 2658 2629 λεγόμενον’
2701 2561 2797 2625 Τίς
2828 2560 3081 2628 ὠφέλεια
3124 2562 3193 2614 ἐν
3245 2560 3324 2627 τῷ
3364 2563 3564 2631 αἵματι
3586 2580 3709 2632 μου
3746 2564 3816 2616 ἐν
3845 2560 3925 2627 τῷ

2340 2650 2667 2718 καταϐῆναι
2686 2654 2868 2720 peste
2898 2651 3255 2721 diayﬁcpdr;
3287 2654 3661 2725 Καταϐέϐηκα
3693 2654 3802 2724 γὰρ
3836 2655 3924 2709 διὰ

2341 2744 2420 2807 σὲ,
2447 2747 2537 2798 καὶ
2564 2744 2793 2799 θάνατον
2831 2744 3108 2817 ὲτρύγησα
3135 2747 3229 2799 καὶ
3256 2746 3507 2818 σμύρναν
3526 2762 3539 2775 ⁸
3583 2746 3701 2799 ἀλλ’
3732 2747 3794 2798 ού
3825 2746 3922 2815 μό-

2338 2854 2426 2890 νον
2455 2837 2554 2907 τὴν
2588 2837 2853 2907 σμύρναν,
2886 2838 3018 2891 ἀλλά
3066 2838 3203 2907 μετά
3230 2838 3562 2909 ἀρωμάτων.
3592 2838 3719 2901 Πῶς
3748 2838 3804 2891 δὲ
3830 2839 3922 2891 καὶ

2342 2929 2479 2998 μετά
2509 2929 2849 3000 ἀρωμάτων;
2884 2930 3015 2982 Ὅτε
3058 2929 3165 3001 γὰρ
3203 2929 3482 3001 ὲτρύγησα
3510 2930 3612 3003 τὴν
3658 2931 3918 3003 σμύρναν.

2338 3018 2581 3072 τουτέστι
2604 3019 2694 3072 τὸν
2722 3018 2975 3073 θάνατον·
3009 3019 3098 3071 ὅτε
3126 3019 3284 3091 ἐτέθη
3321 3020 3380 3073 ὲν
3418 3020 3497 3090 τῷ
3534 3021 3806 3093 μνημείῳ.
3832 3023 3920 3074 καὶ

2339 3111 2636 3183 ἀνέστησεν
2692 3112 2753 3165 τὸ
2794 3112 2951 3182 σῶμα
2998 3112 3312 3184 ἄφθαρτον,
3365 3113 3488 3166 τότε
3532 3116 3809 3187 ἐφάνησαν
3853 3131 3919 3167 τα

2340 3202 2609 3273 ἀρώματκ
2629 3218 2640 3229 ·
2676 3202 2947 3274 ἀρώματα
2972 3203 3027 3256 δὲ
3051 3199 3119 3274 ἦν
3144 3205 3176 3274 ἡ
3200 3205 3486 3277 ἁφθαρσία
3515 3206 3611 3259 τοῦ
3637 3207 3901 3278 σώματος.

664 3312 949 3358 aromata:
982 3310 1226 3355 aromata
1276 3315 1439 3371 porro
1494 3310 1653 3355 erant
1710 3300 2050 3369 incorruptio
2085 3301 2352 3369 corporis.

734 3423 788 3477 7.
823 3422 1165 3491 Quapropter
1212 3420 1437 3491 pulchre
1494 3419 1571 3474 sic
1600 3419 1839 3489 loquitur
1884 3437 1896 3471 :

664 3534 832 3569 meam
877 3517 1067 3569 messui
1111 3531 1226 3567 cum
1280 3514 1601 3567 aromatibus
1633 3516 1760 3567 meis
1784 3528 1803 3567 :
1827 3514 2023 3567 comedi
2050 3529 2236 3583 panem

664 3625 833 3661 meum
873 3623 990 3660 cum
1026 3606 1173 3659 melle
1215 3622 1361 3671 meo,
1405 3605 1511 3657 bibi
1548 3607 1723 3658 vinum
1761 3623 1929 3659 meum
1962 3606 2237 3658 eitmlucte

664 3698 864 3751 meo".
922 3698 1106 3751 Viden'
1141 3695 1376 3751 Verbum
1434 3697 1499 3748 ad
1550 3711 1767 3751 omnem
1821 3706 2032 3749 aetatem
2070 3696 2237 3749 emis-

665 3790 829 3843 sum?
879 3789 1033 3853 Quod
1076 3788 1276 3842 Judaeis
1303 3788 1522 3858 quidem
1557 3798 1741 3856 utpote
1785 3786 2085 3843 infantibus
2130 3788 2236 3842 mel

670 3891 719 3935 et
743 3881 827 3935 lac
857 3881 909 3933 in
933 3881 1248 3933 alimentum
1280 3880 1545 3948 praebeat;
1577 3881 1681 3933 mel
1716 3889 1768 3934 et
1798 3881 1880 3935 lac
1904 3896 2027 3935 cum
2055 3882 2233 3949 audis,

666 3971 837 4042 legem
870 3971 1163 4035 existima;
1222 3987 1343 4024 nam
1397 3972 1527 4041 ipsis
1579 3982 1764 4041 utpote
1810 3972 2110 4029 infantibus
2154 3976 2236 4031 lac

666 4066 851 4122 datum
896 4076 1012 4129 est;
1052 4063 1301 4135 perfectis
1340 4081 1469 4119 vero
1500 4066 1656 4135 panis
1697 4076 1750 4120 et
1791 4067 1975 4120 vinum
2024 4068 2230 4122 datum.

666 4161 852 4216 Solida
884 4160 1029 4214 enirn
1075 4175 1198 4214 esca
1239 4168 1323 4214 est
1376 4159 1531 4229 panis
1574 4169 1734 4229 atque
1778 4160 1989 4224 vinum,
2028 4160 2235 4215 scilicet

665 4250 1039 4322 Evangeliuni.
1064 4248 1427 4315 Quamobrem
1458 4250 1678 4317 pulchre
1711 4247 1961 4302 Salvator
1986 4251 2062 4304 ait
2088 4269 2099 4304 :
2128 4249 2234 4304 Co-

663 4344 801 4398 medi
834 4360 1020 4413 panem
1053 4358 1223 4396 meum
1253 4358 1367 4394 cum
1398 4341 1545 4395 melle
1579 4358 1709 4407 meo,
1737 4340 1842 4394 bibi
1870 4343 2043 4395 vinum
2065 4359 2235 4397 meum

664 4452 783 4489 cum
830 4436 963 4489 lacte
993 4452 1124 4490 meo.
1161 4434 1348 4489 Viden’
1396 4450 1505 4504 quo
1552 4444 1711 4503 pacto
1755 4434 1953 4504 ubique
1998 4435 2233 4504 idipsum

665 4526 847 4579 dicat?
899 4526 1072 4594 Ipsius
1112 4524 1256 4579 enim
1306 4532 1391 4580 est
1440 4535 1548 4578 tam
1597 4522 1805 4578 Nevum
1853 4540 2015 4594 quam
2066 4524 2235 4579 Vetus

667 4618 1095 4673 Testamentum.
1148 4616 1270 4672 Ideo
1314 4634 1392 4672 ναξ
1430 4616 1631 4672 Judaeis
1674 4618 1766 4687 qui
1798 4618 1902 4671 mel
1946 4626 1998 4671 et
2030 4618 2111 4672 lac
2144 4633 2235 4673 co-

666 4711 909 4765 medunt.
952 4708 1215 4763 Similiter
1269 4717 1323 4764 et
1378 4707 1661 4762 Manichmi
1702 4724 1893 4777 panem
1940 4716 1995 4761 et
2046 4707 2229 4761 vinum

662 4806 865 4871 edunt;
908 4803 1176 4859 catholica
1230 4810 1409 4857 autem
1456 4774 1818 4856 Ecclesiavilla
1855 4802 1960 4854 duo
1998 4816 2105 4855 una
2138 4816 2232 4855 co-
2266 4774 2310 4831 D

665 4898 869 4962 medit,
926 4912 1120 4967 panem
1179 4911 1302 4951 cum
1359 4896 1535 4960 melle,
1590 4894 1834 4964 bibitque
1872 4895 2059 4948 vinum
2108 4910 2231 4949 cum

665 4991 822 5045 lacte.
860 4988 924 5044 Et
960 5005 1084 5043 cum
1134 5003 1325 5059 panem
1360 4988 1718 5053 comedimus,
1754 5002 1861 5040 una
1898 5003 2020 5042 cum
2055 4987 2233 5043 Verbo

666 5082 769 5136 mel
794 5083 918 5137 item
948 5081 1308 5136 absumimus.
1348 5078 1621 5148 Scriptum
1667 5080 1793 5134 item
1837 5077 1938 5133 fuit
1972 5088 2030 5133 ut
2061 5095 2233 5150 agnus

665 5177 716 5229 in
764 5174 972 5228 Pascha
1019 5173 1414 5228 comederetur.
1475 5172 1685 5241 Agnum
1736 5174 1920 5241 itaque
1964 5188 2121 5226 sumo
2183 5181 2236 5227 et

662 5285 785 5323 cum
821 5268 938 5337 ipso
979 5265 1151 5320 Verbo
1181 5265 1485 5331 manduco;
1517 5279 1616 5318 nec
1653 5280 1852 5333 agnum
1895 5264 2070 5318 solum
2103 5265 2228 5330 edo,

664 5362 755 5415 sed
783 5361 943 5413 etiam
963 5357 1225 5421 Verbum,
1250 5358 1390 5427 quod
1417 5358 1558 5411 sicut
1585 5372 1759 5425 agnus
1789 5355 1857 5411 ad
1894 5357 2226 5411 occisionem

662 5454 884 5506 ductum
943 5461 1042 5503 est.
1105 5448 1231 5503 ideo
1279 5448 1507 5519 pulchre
1567 5448 1746 5501 dicit:
1786 5447 1999 5502 Comedi
2041 5466 2228 5517 panem

666 5557 833 5594 meum
865 5556 977 5594 cum
1015 5540 1161 5593 melle
1184 5555 1316 5601 meo,
1349 5548 1395 5592 et
1424 5538 1529 5589 bibi
1555 5539 1731 5614 vinum
1759 5554 1927 5591 meum
1954 5556 2069 5591 cum
2093 5540 2228 5593 lacte

666 5647 819 5686 meo:
853 5641 904 5685 et
943 5631 1120 5684 subito
1150 5633 1498 5699 prosequitur
1528 5649 1541 5682 :
1578 5630 1861 5695 Comedite,
1900 5632 2056 5684 cicini
2106 5632 2227 5696 mei,

736 5880 779 5909 ⁷⁵
818 5876 937 5931 Psal
991 5891 1139 5941 nix,
1182 5877 1264 5931 10.
1344 5879 1389 5908 ⁷⁵
1421 5877 1576 5930 Cant.
1623 5894 1672 5940 ν,
1702 5881 1747 5929 1.

1958 3417 2230 3488 Myrrham
2260 3424 2301 3481 C

2404 3418 2456 3471 7.
2493 3418 2590 3471 Διά
2626 3417 2782 3471 τοῦτο
2812 3417 2989 3482 καλῶς
3021 3418 3205 3487 λέγει·
3259 3420 3603 3489 Ἐτρύγησα
3643 3423 3917 3491 σμύρναν

2335 3525 2453 3577 μου
2476 3506 2625 3576 μετὰ
2647 3508 2968 3577 ἀρωμάτων
2993 3526 3111 3578 μου
3135 3526 3150 3541 ⁸
3176 3510 3405 3580 ἔφαγον
3431 3510 3615 3581 ἄρτον
3633 3529 3754 3581 μου
3774 3514 3917 3582 μετὰ

2333 3600 2575 3670 μέλιτός
2590 3617 2710 3668 μου
2727 3618 2738 3629 ·
2761 3601 2933 3655 ἔπιον
2952 3598 3119 3656 οἶνόν
3132 3620 3251 3671 μου
3267 3604 3418 3671 μετὰ
3445 3607 3748 3674 γάλακτός
3780 3623 3910 3674 μοι.

2340 3692 2574 3764 Θεωρεῖς
2602 3693 2692 3746 τὸν
2717 3694 2887 3763 Λόγον
2917 3696 3006 3747 τὸν
3034 3694 3171 3767 πρὸς
3199 3697 3379 3750 πᾶσαν
3413 3697 3631 3768 ἠλικίαν
3664 3700 3911 3769 γιγνόμε-

2340 3802 2461 3851 νον;
2504 3788 2596 3839 καὶ
2628 3790 2738 3851 τοῖς
2785 3788 3054 3851 Ἰουδαίοις
3080 3788 3293 3858 νηπίοις
3328 3785 3481 3843 οὖσιν
3510 3791 3689 3855 διδοὺς
3716 3794 3911 3863 τροφὴν

2342 3880 2462 3949 μέλι
2494 3881 2585 3933 καὶ
2606 3879 2747 3949 γάλα
2766 3898 2778 3911 ·
2808 3880 2929 3950 μέλι
2958 3880 3013 3933 δὲ
3037 3880 3128 3933 καὶ
3146 3879 3288 3949 γάλα
3314 3882 3410 3935 ἐὰν
3442 3882 3704 3956 ἀκούσῃς,
3730 3886 3819 3937 τὸν
3842 3886 3912 3936 νύ-

2342 3990 2440 4045 μον
2489 3973 2705 4044 νόμιζεο
2741 3973 2817 4037 ὡς
2864 3972 2969 4044 γὰρ
3015 3974 3230 4044 νηπίοις
3274 3975 3457 4039 αὐτοῖς
3497 3971 3648 4029 οὖσιν
3680 3975 3831 4046 ἐδόθη
3858 3977 3912 4029 τὸ

2338 4064 2480 4132 γάλα
2500 4080 2512 4093 ·
2551 4067 2663 4127 τοῖς
2705 4063 2761 4117 δὲ
2802 4062 3025 4126 τελείοις
3085 4065 3112 4116 6
3145 4063 3308 4135 ἄρτος
3332 4065 3425 4117 καὶ
3454 4066 3482 4117 6
3511 4060 3654 4129 οἶνος
3685 4066 3907 4119 δίδοται·

2340 4174 2428 4209 στε
2438 4156 2534 4229 ρεά
2564 4157 2672 4228 γάρ
2701 4158 2815 4210 ἐστι
2842 4155 3013 4227 τροφὴ
3032 4158 3125 4209 καὶ
3146 4157 3172 4208 6
3201 4158 3363 4228 ἄρτος
3388 4159 3482 4211 καὶ
3506 4160 3535 4212 6
3567 4155 3731 4222 οἶνος,
3756 4176 3905 4213 τουτ-

2338 4250 2451 4301 έστι
2493 4250 2553 4302 τὸ
2603 4249 2949 4318 Εὑαγγέλιον.
3003 4248 3101 4302 Διὰ
3139 4250 3298 4303 τοῦτο
3342 4252 3524 4303 τοίνυν
3559 4252 3742 4316 καλῶς
3775 4254 3908 4321 λέγει

2336 4346 2364 4397 6
2396 4344 2617 4414 Σωτήρ·
2680 4344 2940 4412 Ἕφαγον
2967 4341 3148 4411 ἄρτον
3173 4361 3293 4412 μου
3328 4344 3479 4413 μετὰ
3507 4344 3757 4413 μέλιτός
3776 4362 3908 4415 μου.

2338 4438 2509 4491 ἔπιον
2535 4439 2699 4491 οἶνόν
2725 4457 2843 4507 μου
2878 4438 3025 4507 μετὰ
3052 4437 3347 4508 γάλακτός
3362 4457 3502 4506 μου.
3540 4436 3781 4510 Θεωρεῖξ
3802 4440 3909 4501 πῶς

2340 4530 2610 4600 πανταχοῦ
2639 4531 2817 4598 λέγει;
2845 4530 3017 4583 Αὐτοῦ
3053 4531 3160 4601 γάρ
3200 4532 3315 4584 ἐστι
3348 4534 3442 4585 καὶ
3482 4534 3514 4602 ἡ
3556 4533 3731 4603 Καινὴ
3766 4534 3906 4601 καὶὴ

2340 4622 2566 4676 Παλαιὰ.
2596 4623 2691 4677 Διὰ
2716 4622 2872 4676 τοῦτο
2891 4624 3012 4677 οὐαὶ
3033 4628 3144 4688 τοῖς
3171 4624 3444 4689 Ἰουδαίοις
3464 4629 3578 4689 τοῖς
3594 4627 3655 4679 τὸ
3681 4628 3801 4696 μέλι
3822 4626 3907 4680 καὶ

2338 4715 2477 4783 γάλα
2510 4716 2801 4769 ἐσθίουσιν.
2872 4716 3143 4781 Ὡσαύτως
3176 4718 3232 4771 δὲ
3274 4720 3367 4773 κα)⁵
3399 4719 3448 4772 οί
3489 4720 3781 4790 ἣῐανιχαίοι
3822 4719 3905 4772 τὸν

2338 4806 2497 4877 ἄρτον
2530 4809 2623 4860 καὶ
2660 4808 2750 4860 τὸν
2794 4804 2934 4861 οἶνον
2977 4806 3279 4861 ἐσθίουσινο
3320 4811 3352 4879 ἡ
3384 4808 3439 4863 δὲ
3470 4809 3752 4883 Καθολικὴ
3792 4811 3905 4864 Ἐκ-

2337 4897 2535 4968 κλησία
2566 4900 2634 4952 τὰ
2664 4898 2755 4951 δύο
2778 4898 2911 4971 ὁμοῦ
2944 4898 3133 4962 ἐσθίει,
3168 4900 3257 4953 τὸν
3286 4900 3448 4972 ἄρτον
3478 4901 3617 4971 μετά
3636 4901 3732 4955 τοῦ
3766 4902 3903 4973 μέλι-

2336 5008 2447 5054 τος,
2478 4994 2571 5045 καὶ
2597 4991 2739 5045 πίνει
2766 4993 2856 5045 τὸν
2883 4986 3022 5045 οἶνον
3053 4992 3192 5063 μετὰ
3229 4992 3323 5046 τοῦ
3361 4993 3664 5061 γάλακτοςο
3692 4995 3784 5047 καὶ
3822 4996 3902 5046 ἐσ-

2339 5083 2539 5146 θίοντες
2578 5084 2672 5153 μὲν
2702 5084 2791 5137 τὸν
2821 5085 2982 5156 ἄρτον
3029 5085 3488 5156 συναναλίσκομεν
3533 5085 3611 5155 τῷ
3643 5086 3785 5156 λόγῳ
3816 5089 3899 5140 καὶ

2336 5174 2397 5227 τὸ
2416 5174 2555 5244 μέλι.
2578 5176 2685 5228 Kal.
2697 5176 2755 5228 τὸ
2775 5176 3043 5248 πρόϐατον
3068 5176 3375 5246 γέγραπται
3395 5176 3595 5230 ἐσθίειν
3612 5178 3672 5230 τὸ
3695 5179 3895 5248 Πάσχα.

2338 5267 2611 5335 Λαμϐἁνω
2640 5268 2699 5321 τὸ
2731 5268 2996 5342 πρόϐατον
3022 5270 3113 5322 καὶ
3147 5270 3520 5323 συναναλίσκω
3542 5270 3676 5325 αὐτὸ
3708 5271 3786 5342 τῷ
3810 5270 3900 5324 Λο-

2337 5373 2444 5426 γῳ·
2483 5358 2575 5410 κοιλ⁸
2608 5360 2707 5411 οὐκ
2739 5360 2902 5412 ἐσθίω
2927 5360 2987 5413 τὸ
3018 5360 3284 5431 πρόϐατον
3306 5360 3466 5430 μόνον
3486 5400 3501 5423 ,
3533 5360 3669 5415 ἀλλά
3696 5363 3789 5415 καὶ
3818 5361 3899 5413 τὸν

2337 5450 2411 5513 ῶς
2433 5452 2700 5519 πρόϐατον
2725 5454 2815 5505 ἐπὶ
2847 5453 3057 5524 σφαγὴν
3082 5453 3347 5522 ἀγόμενον
3379 5452 3572 5522 Λόγον.
3630 5454 3730 5508 Διά
3756 5453 3899 5507 τοῦτο

2339 5541 2517 5605 καλῶς
2564 5543 2741 5611 λέγει’
2796 5546 3060 5613 "Ego-for
3095 5543 3278 5612 ἄρτον
3312 5562 3429 5613 μου
3473 5547 3627 5615 μετὰ
3668 5547 3899 5616 μέλιτός

2333 5654 2484 5705 μου,
2542 5640 2635 5691 καί
2683 5639 2856 5693 ἔπιον
2882 5634 3046 5693 οἶνόν
3087 5656 3205 5705 μου
3239 5640 3389 5707 μετὰ
3436 5639 3736 5710 γάλακτός
3756 5656 3896 5712 μου.
