4142 6468
190 426 332 482 i381

1352 428 1771 484 FRAGMENTA
1797 428 1861 484 IN
1890 427 2279 484 MATHEUM.

3303 438 3323 490 Ι
3336 438 3436 492 362

190 542 295 594 καὶ
321 538 525 603 εὐθέως
574 538 753 608 λέγει·
807 541 1026 611 “rats
1049 586 1062 605 ,
1099 545 1152 596 οἱ
1190 544 1454 611 πλησίον
1484 562 1603 614 μου
1624 584 1638 608 ,
1672 544 1768 598 καὶ
1800 580 1813 607 Α

1874 553 1922 599 et
1971 544 2160 609 bibite,
2210 544 2579 609 inebriamini,
2637 546 2828 615 fratres
2856 548 2921 597 ".
2966 547 3098 602 Vide
3141 564 3250 618 quo
3280 562 3435 616 pacto

192 630 397 695 πιετε,
424 631 522 685 καὶ
560 632 900 700 μεθύσθητε
920 672 935 694 ,
981 630 1248 701 ἀδελφοί.
1295 633 1389 686 ἰδὲ
1418 635 1508 687 τὸν
1542 634 1768 706 Σωτῆρα

196 722 322 787 πῶς
367 722 581 795 νηπίοις
628 724 996 795 παραγγέλλει
1037 729 1262 795 φαγεῖν·
1296 728 1406 790 τοῖς
1455 726 1511 780 δὲ
1560 727 1769 797 μείζοσι

196 814 348 883 λέγει
367 858 381 877 ,
417 816 527 869 Kal
566 815 760 869 πιετε·
801 820 913 880 τοῖς
936 816 993 870 δὲ
1022 818 1246 882 τελείοις
1278 818 1461 888 ἔλεγεν
1480 859 1495 884 ,
1527 821 1608 873 ὅτι
1658 820 1768 874 Kal

190 906 554 976 μεθύσθητε,
576 907 845 978 ἀδελφοί.
880 909 1092 979 Ἀμέλει
1114 927 1175 979 γε
1200 911 1426 975 Παῦλος,
1451 911 1648 975 τέλειος
1672 910 1768 978 ὣν,

199 997 300 1050 καὶ
332 996 738 1069 μεμεθυσμένος
782 999 880 1070 τὴν
910 999 1059 1053 Θείαν
1093 1001 1298 1073 ταύτην
1332 1002 1523 1073 μέθην,
1552 1002 1765 1070 ἐλεγεν’

198 1086 342 1140 Εἴτε
400 1086 510 1156 γὰρ
561 1088 889 1159 ἐξέστημεν
950 1089 1103 1155 Θεῷ,
1168 1093 1287 1147 εἴτε
1343 1090 1772 1163 σωφρονοῦμεν

198 1174 363 1247 ὑμῖν.
404 1178 493 1249 Μὴ
521 1180 747 1251 νομίσῃς
770 1181 824 1234 δὲ
853 1180 1034 1244 αὐτὸν,
1065 1183 1146 1236 ὅτι
1170 1184 1277 1237 ἀπὸ
1302 1184 1443 1237 οἴνου
1474 1180 1539 1257 ἦν
1566 1183 1770 1251 ἐξιστά-

203 1285 364 1337 μενος
383 1287 395 1298 ·
420 1269 579 1332 αὐτὸς
608 1270 715 1342 γὰρ
736 1271 1095 1342 παρήγγειλεο
1125 1272 1222 1341 Μὴ
1250 1274 1578 1342 μεθύσκετε
1605 1276 1766 1340 οἴνῳ,

201 1360 276 1413 ἐν
296 1353 344 1426 ᾧ
367 1360 535 1414 ἐστιν
560 1363 784 1417 ἀσωτία
802 1380 814 1393 ·
836 1363 973 1429 ἀλλ’,
1008 1364 1218 1435 Ὀλίγῳ
1244 1366 1385 1433 olm)
1407 1365 1528 1433 χρῶ
1545 1367 1643 1421 διὰ
1664 1366 1767 1420 τὸν

202 1453 515 1522 στόμαχόν
538 1470 678 1513 σου.
700 1456 944 1528 Τιμοθέῳ
967 1458 1195 1530 γράφει·
1220 1460 1267 1511 εἰ
1292 1458 1347 1511 δὲ
1369 1460 1546 1523 ἄλλοις
1569 1476 1773 1530 παραγ-

202 1543 403 1611 γέλλει,
423 1546 572 1619 τ-.όσῳ
599 1548 793 1618 μᾶλλον
814 1548 1021 1619 ἑαυτῷς
1054 1550 1285 1614 Ἐκεῖνος
1305 1550 1410 1623 γὰρ
1437 1550 1769 1622 μεμεθυσμέ-

205 1653 295 1700 voc
329 1631 397 1708 ἦν
430 1638 599 1709 καλὴν
626 1640 719 1692 καὶ
745 1638 892 1693 θείαν
919 1640 1026 1694 ἀπὸ
1049 1641 1141 1695 τοῦ
1168 1642 1340 1711 Λόγου
1376 1642 1561 1712 μέθην.
1598 1643 1775 1697 Γένοι-

203 1742 268 1779 το
318 1726 376 1780 δὲ
415 1728 507 1781 καὶ
553 1731 699 1800 ἡμᾶς
750 1730 1213 1803 συναριθμηθῆναι
1271 1735 1388 1803 μετ’
1422 1733 1584 1786 αὐτοῦ
1618 1735 1674 1786 ὲν
1706 1737 1772 1805 τῇ

206 1818 453 1891 βασιλεία
478 1819 586 1873 τῶν
617 1820 858 1891 οὐρανῶν
888 1823 946 1876 ὲν
975 1823 1194 1894 Χριστῷ
1235 1824 1428 1895 Ἰησοῦ.
1502 1824 1691 1897 Ἀμήν.

283 1996 331 2028 ’⁸
358 1996 519 2055 Cant.
560 2015 613 2067 ν,
658 2000 710 2056 i.

1876 633 2125 688 Salvator
2152 632 2453 689 infantibus
2482 636 2762 705 praecipiat
2789 646 2849 692 ut
2872 639 3176 705 comedent,
3209 641 3435 709 majori-

1868 726 1971 780 bus
1987 724 2153 789 dicat,
2172 723 2240 778 Et
2258 725 2449 789 bibite;
2474 726 2825 796 perfectis,Et
2852 729 3204 796 inebriamini,
3221 731 3431 799 fratres.

1872 816 2014 873 Sane
2044 816 2249 873 Paulus
2299 833 2421 873 cum
2475 818 2747 888 perfectus
2799 830 2967 887 esset,
3021 829 3076 876 et
3122 821 3301 877 divina
3333 822 3436 877 ista

1870 911 2131 966 ebrietate
2157 911 2351 981 plenus
2370 951 2385 975 ,
2431 911 2642 967 dicebat
2672 932 2684 967 :
2712 912 2830 969 Sive
2857 916 2993 968 enim
3024 927 3192 969 mente
3227 915 3436 969 excedi-

1872 1019 1988 1056 mus
2043 1002 2148 1075 Deo
2171 1044 2186 1067 ,
2236 1004 2345 1057 sive
2390 1005 2647 1073 sapientes
2682 1022 2861 1060 sumus
2890 1008 3031 1061 vobis
3062 1008 3131 1060 ⁷⁷.
3171 1006 3247 1062 Ne
3280 1015 3438 1077 putes

1874 1104 2052 1151 autem
2092 1095 2243 1149 illum
2277 1095 2548 1151 exhausto
2586 1098 2713 1154 vino
2740 1108 2920 1153 mente
2955 1098 3286 1165 excessisse;
3324 1098 3438 1167 ipse

1876 1202 2111 1256 namque
2145 1187 2401 1257 praecepit
2426 1189 2515 1245 his
2536 1190 2715 1245 verbis
2744 1208 2757 1243 :
2794 1188 2972 1245 Nolite
3002 1191 3255 1245 inebriari
3296 1192 3437 1257 uino,

1875 1282 1929 1333 in
1960 1297 2060 1351 quo
2094 1288 2170 1333 est
2210 1279 2427 1333 luxuria
2457 1281 2501 1313 "
2540 1300 2553 1336 :
2590 1286 2683 1337 sed
2719 1281 3002 1337 Timotheo
3036 1282 3263 1338 scribit:
3307 1280 3439 1334 Vino

1875 1372 2081 1424 modico
2115 1381 2259 1425 utere
2286 1380 2500 1441 propter
2545 1374 2870 1427 stomachum
2923 1383 3072 1428 tuum
3112 1374 3179 1428 ".
3210 1371 3365 1439 Quod
3393 1373 3438 1427 si

1875 1463 1999 1517 aliis
2050 1463 2154 1517 hoc
2203 1463 2519 1533 praecipiat,
2559 1474 2766 1534 quanto
2827 1466 2999 1536 magis
3044 1466 3296 1535 sibiipsi?
3347 1464 3440 1519 llic

1876 1553 2077 1623 quippe
2125 1551 2427 1607 inebriatus
2473 1562 2591 1608 erat
2642 1554 2783 1609 bona
2837 1554 2925 1608 illa
2964 1561 3019 1609 et
3058 1554 3242 1609 divina
3277 1553 3441 1607 Verbi

1876 1644 2159 1698 ebrietate.
2206 1642 2364 1697 Faxit
2401 1652 2583 1699 autem
2618 1643 2791 1707 Deus,
2839 1655 2897 1700 ut
2938 1660 3035 1700 nos
3068 1660 3190 1699 cum
3222 1644 3315 1698 illo
3339 1660 3441 1698 an-

1876 1751 2227 1791 numeremur
2275 1735 2328 1789 in
2367 1750 2535 1805 regno
2575 1736 2875 1802 ctelorum,
2924 1738 2979 1792 in
3032 1735 3249 1793 Christo
3287 1734 3439 1791 Jesu.

1878 1826 2068 1880 Amen.

788 2001 832 2034 "
874 1999 915 2053 Il
950 1999 1076 2056 Cor.
1113 2017 1166 2068 γ,
1194 2000 1279 2057 i3.
1356 2003 1398 2034 ⁷⁸
1435 2001 1634 2074 Ephes.
1662 2022 1715 2073 ν,
1759 2006 1845 2060 18.
1922 2007 1965 2036 ⁷⁸
1996 2004 2013 2059 l
2054 2004 2197 2059 Tim.
2222 2020 2276 2072 ν,
2302 2004 2391 2059 25.

1535 2391 2113 2485 MONITUM

914 2604 982 2664 IN
1015 2603 1381 2663 SERMONES
1410 2604 1565 2661 SIVE
1604 2601 2156 2660 COMMENTARIUS
2193 2602 2260 2659 IN
2304 2600 2737 2658 MATTHEUM.

292 2968 377 3025 An
403 2966 722 3024 Athanasius
750 2944 1035 3030 sermones,
1066 2964 1171 3018 sive
1193 2967 1593 3017 commentarios
1620 2963 1671 3017 in
1690 2961 1997 3017 Matthteum
2019 2959 2237 3022 dederit,
2254 2973 2428 3021 necne,
2450 2972 2505 3012 re
2523 2970 2589 3011 ea:
2610 2954 2922 3025 conjecturis
2950 2953 3121 3007 solum
3140 2950 3451 3020 ponderata,

219 3067 351 3122 olim
380 3065 635 3135 ambigere
662 3063 744 3133 fas
766 3071 877 3116 erat
894 3080 913 3126 ,·
938 3061 1192 3131 siquidem
1221 3070 1421 3114 catena
1450 3060 1505 3113 in
1531 3058 1885 3128 Evangeiium
1924 3054 2179 3120 Matthazi,
2206 3054 2483 3107 Athanasii
2516 3050 2769 3105 nonnulla
2798 3049 3243 3119 circumferentes,
3270 3058 3453 3101 notato

218 3161 393 3217 solum
423 3160 699 3215 Athanasii
727 3159 951 3221 nomine,
978 3171 1069 3209 nec
1098 3156 1499 3221 commentaria,
1531 3170 1621 3209 nec
1652 3170 1911 3209 sermones
1954 3152 2260 3206 homiliasve
2304 3151 2686 3203 memorabant.
2731 3147 2794 3201 Et
2837 3148 2962 3219 quia
3006 3146 3233 3200 locorum
3270 3145 3453 3214 hujus-

222 3254 390 3313 modi.
416 3251 653 3323 quadam
684 3259 832 3303 erant
866 3264 929 3302 ει
957 3224 1196 3316 operibus
1220 3245 1338 3316 jam
1362 3249 1499 3302 cusis
1526 3259 1791 3319 excerpta,
1819 3248 1939 3300 hinc
1976 3247 2102 3299 mihi
2131 3244 2361 3299 suboluit
2390 3254 2600 3305 ccetera,
2634 3259 2749 3310 qua:
2781 3243 2834 3294 in
2868 3240 3023 3294 editis
3052 3255 3153 3292 non
3179 3238 3457 3292 exstabant

220 3362 288 3403 ea:
308 3345 515 3399 amissis
543 3344 713 3398 sancti
741 3342 979 3399 Doctoris
1010 3343 1247 3414 operibus
1272 3344 1577 3413 deprompta
1607 3341 1788 3409 fuisse.
1820 3338 1945 3391 Jam
1989 3354 2106 3390 vero
2138 3337 2305 3388 omnis
2351 3334 2653 3402 suspicandi
2691 3332 2767 3385 uel
2803 3332 3099 3401 ambigendi
3128 3346 3289 3383 causa
3317 3329 3456 3383 leva-

225 3454 315 3497 tur
345 3459 363 3497 :
400 3444 455 3497 in
499 3441 761 3495 codicibus
789 3443 925 3494 enim
975 3457 1093 3494 cum
1143 3440 1351 3494 Italicis
1387 3448 1497 3491 tum
1526 3436 1765 3498 Gallicis,
1817 3436 1871 3487 in
1916 3449 2044 3502 quos
2090 3430 2181 3484 sub
2230 3431 2339 3484 hare
2374 3428 2677 3493 incidimus,
2712 3427 3091 3480 commentaria
3117 3434 3163 3478 et
3195 3438 3455 3477 sermones

224 3531 509 3587 Athanasii
556 3531 609 3586 in
658 3528 967 3584 Matllneum
1019 3531 1212 3584 diserte
1262 3538 1550 3583 memorata
1591 3525 2059 3595 deprehendimus;
2090 3525 2194 3576 imo
2225 3523 2383 3576 etiam
2412 3536 2477 3574 ea:
2512 3535 2746 3575 sermone
2776 3526 2919 3571 sexto
2942 3525 2991 3570 et
3018 3531 3151 3569 nono
3177 3513 3243 3566 ad
3274 3530 3459 3567 momi-

224 3628 539 3696 scriptorum
567 3626 722 3694 fidem
745 3641 847 3677 non
876 3641 1046 3695 pauca
1076 3624 1285 3679 damus.
1316 3622 1428 3677 Nec
1458 3625 1670 3688 mirum,
1701 3622 1837 3693 quod
1865 3622 1973 3675 haec
2001 3619 2400 3683 commentaria,
2419 3619 2569 3671 modo
2600 3616 2906 3687 ὲρμηνείαι,
2934 3618 3037 3670 sive
3060 3613 3457 3685 interpretatio-

226 3737 345 3784 nes,
378 3720 531 3773 modo
559 3719 705 3789 λόγοι
737 3721 843 3774 sive
873 3734 1174 3783 sermones,
1195 3727 1287 3772 aut
1319 3718 1504 3772 melius
1530 3717 1651 3772 libri
1677 3699 1985 3771 vocitentur.
2019 3714 2120 3769 llic
2153 3714 2289 3767 enim
2322 3729 2431 3767 mos
2457 3710 2754 3766 Grazcorum
2783 3722 2881 3771 est.
2910 3720 2963 3763 ut
2987 3709 3193 3779 prolixa
3224 3725 3380 3778 opera
3410 3715 3458 3758 et

228 3816 599 3888 συντάγματα,
628 3818 682 3871 in
707 3816 917 3886 λόγους,
954 3817 1057 3871 sive
1089 3816 1249 3871 libros
1284 3814 1624 3869 distribuant.
1658 3812 1774 3878 Qua
1812 3814 2016 3866 ratione
2040 3812 2131 3865 illa
2161 3814 2214 3863 in
2253 3808 2565 3863 Matthzeum
2601 3806 2967 3875 interpretatio
2994 3805 3045 3858 in
3074 3804 3265 3857 multos
3298 3802 3457 3854 libros

226 3912 333 3965 sive
366 3927 624 3965 sermones
649 3911 897 3965 distincta
926 3911 1045 3980 fuit.
1074 3909 1139 3964 Et
1167 3926 1282 3964 vero
1309 3910 1539 3963 videmus
1570 3909 1623 3962 in
1654 3923 1813 3977 seque.

1873 3908 2008 3969 ibus,
2043 3906 2104 3957 ὲκ
2136 3905 2232 3974 τῆς
2266 3900 2566 3973 ἑρμηνείας
2594 3898 2687 3952 τοῦ
2720 3896 2859 3951 κατὰ
2903 3896 3177 3951 Ματθαῖον
3216 3893 3459 3961 Εὑαγγε-

226 4002 344 4056 λίου
386 4002 542 4071 λόγον
572 4009 647 4068 ς’,
691 4018 757 4057 ex
790 4003 1238 4073 interpretatione
1284 4003 1558 4074 Evangelii
1593 4004 1895 4058 secundum
1934 4000 2243 4055 Mattlimum
2292 4012 2600 4053 sermonem
2659 4006 2871 4051 sextum
2918 3994 3121 4062 afferri.
3158 3992 3290 4056 Qum
3334 4003 3461 4041 sane

226 4110 638 4157 commonstrant
674 4102 739 4155 iis
775 4102 1001 4161 uocibus,
1033 4100 1298 4171 ἑρμηνεία
1319 4111 1367 4153 et
1396 4099 1571 4167 λόγος,
1601 4115 1717 4169 qua:
1748 4097 2029 4151 Athanasii
2059 4092 2577 4163 interpretationibus
2620 4092 3049 4160 praemittuntur,
3082 4086 3218 4140 idem
3251 4082 3458 4153 signiﬁ-

228 4198 344 4250 cari
370 4212 517 4264 opus.

308 4290 510 4345 Horum
537 4291 712 4360 itaque
734 4293 1223 4346 commentariorum
1239 4292 1356 4362 jam
1384 4293 1677 4364 fragmenta
1703 4291 1902 4362 aliquot
1932 4305 1995 4344 es:
2025 4286 2399 4356 manuscriptis
2425 4293 2473 4338 et
2505 4282 2703 4336 catenis
2735 4280 2830 4334 sub
2853 4280 3007 4347 finem
3039 4272 3316 4330 Athanasii
3338 4285 3459 4364 ope~

230 4384 377 4441 ribus
403 4383 679 4447 edidimus,
711 4382 800 4438 sed
828 4382 1126 4454 plerumque
1155 4402 1339 4440 manca
1367 4395 1414 4439 et
1446 4385 1640 4438 lacera.
1673 4384 1805 4439 Cum
1833 4400 1987 4451 porro
2016 4382 2180 4436 multa
2208 4381 2383 4449 plura,
2414 4374 2744 4430 inobservata
2768 4370 2967 4442 pridem
2994 4382 3057 4421 ea:
3088 4362 3458 4431 manuscriptis

230 4489 398 4543 nuper
420 4474 754 4537 accesserint,
778 4474 846 4527 ad
877 4475 1109 4527 nativum
1139 4476 1373 4530 ordinem
1405 4478 1581 4530 omnia
1616 4480 1966 4530 restituimus.
1993 4473 2286 4543 Fateorque
2318 4481 2491 4524 tamen
2522 4484 2622 4533 me,
2645 4466 2769 4537 quia
2801 4459 3103 4525 compendio
3136 4456 3345 4510 studere
3377 4468 3461 4505 so-

230 4567 391 4629 leam,
418 4564 728 4635 aliquandiu
751 4566 980 4634 htesisse,
1002 4584 1124 4620 num
1148 4569 1329 4623 isthtec
1355 4586 1527 4623 recens
1553 4579 1702 4624 eruta
1732 4582 1957 4634 tantum,
1984 4569 2349 4640 pratermissis
2378 4567 2497 4621 aliis
2512 4567 2629 4636 jam
2658 4562 2833 4622 editis,
2862 4556 3139 4623 seiunctim
3158 4552 3391 4615 ederem;
3412 4557 3462 4603 et

232 4661 477 4714 lectorem
499 4658 716 4714 subinde
743 4661 811 4713 ad
837 4661 955 4730 jam
992 4662 1135 4716 edita
1167 4666 1498 4721 remitterem.
1536 4667 1604 4718 At
1634 4678 1745 4720 tum
1780 4670 2070 4722 amicorum
2100 4681 2281 4729 suasu,
2311 4674 2421 4718 tum
2454 4672 2654 4731 meopte
2683 4652 2901 4712 consilio
2933 4667 2995 4705 ac
3034 4657 3186 4710 nutu.
3209 4646 3465 4713 ἱηιροτιιι·

236 4770 363 4808 num
408 4754 709 4825 scrupulum
761 4753 949 4825 abegi;
992 4755 1096 4809 sive
1145 4757 1269 4826 quia
1297 4773 1396 4809 non
1422 4759 1551 4810 satis
1595 4767 1810 4811 cautum
1840 4758 2048 4813 lectoris
2079 4768 2182 4810 OltO
2212 4757 2500 4818 videbatur,
2524 4756 2571 4808 si
2595 4756 2661 4805 ad
2688 4750 2835 4804 varia
2875 4742 3158 4800 identidem
3194 4743 3331 4799 loca,
3361 4751 3464 4789 non

236 4846 379 4901 enim
404 4846 562 4899 simul
591 4847 789 4909 omnia,
816 4848 951 4901 inter
983 4845 1250 4917 legendum
1273 4849 1690 4914 amandaretur;
1718 4852 1822 4905 sive
1849 4851 2141 4920 prwsertim
2178 4850 2301 4920 quia
2331 4864 2499 4918 pauca
2522 4846 2618 4899 illa
2634 4844 2750 4913 jam
2785 4838 3068 4909 publicata,
3094 4841 3151 4885 ut
3180 4831 3463 4901 plurimum

238 4934 414 4997 initio,
440 4936 607 4989 medio
627 4944 676 4988 et
702 4934 806 5004 fine
830 4936 1017 4989 mutila
1044 4945 1185 5000 sunt,
1209 4952 1270 4989 ac
1296 4937 1559 4991 interdum
1581 4938 1740 5008 duplo
1768 4942 2024 5007 triploque
2047 4939 2286 4992 auctiora
2308 4954 2371 4991 ea:
2398 4934 2770 5002 manuscriptis
2802 4927 3078 4998 prodeunt.

314 5024 455 5093 Quia
482 5041 597 5079 vero
625 5024 811 5089 solent,
840 5042 957 5093 qut:
985 5026 1266 5096 peregrinis
1300 5029 1356 5080 in
1403 5027 1530 5080 locis
1559 5037 1795 5091 exstant,
1821 5030 2150 5099 peregrinum
2180 5026 2334 5090 olere,
2378 5023 2603 5093 fatemur
2636 5038 2729 5075 nos
2771 5023 2833 5073 de
2867 5020 3163 5087 fragmento
3193 5029 3256 5067 ex
3295 5013 3463 5065 Atha-

244 5122 383 5176 nasii
411 5122 784 5175 commentario
816 5122 1018 5185 avulso,
1056 5120 1127 5177 De
1159 5137 1350 5177 novem
1385 5122 1778 5177 insanabilibus
1814 5122 2021 5177 morbis
2049 5119 2297 5183 Herodis,
2326 5135 2387 5171 ac
2416 5121 2553 5171 inter
2582 5117 2969 5175 Athanasiana,
3000 5129 3100 5183 quo
3129 5110 3238 5179 fors
3273 5109 3466 5161 tulerat

244 5212 497 5283 conjecto,
537 5212 820 5283 aliquando
854 5213 1141 5267 dubitasse.
1161 5212 1347 5267 Verum
1374 5214 1480 5278 ubi,
1500 5215 1709 5282 proprio
1731 5216 1783 5267 in
1811 5212 1924 5266 loco
1956 5212 2203 5282 positum,
2230 5209 2461 5280 conferre
2492 5208 2637 5261 licuit
2673 5222 2791 5259 cum
2830 5205 2951 5257 aliis
2984 5203 3037 5257 in
3072 5199 3353 5253 Matianum
3385 5197 3467 5249 in-

247 5304 705 5376 terpretationibus
726 5302 960 5357 eamdem
985 5304 1037 5356 in
1070 5319 1128 5356 eo
1158 5302 1629 5373 facileAthanasii
1654 5319 1865 5357 manum
1894 5301 2219 5371 agnovimus.
2247 5298 2377 5364 Qua:
2408 5312 2563 5367 porro
2589 5296 2672 5348 hic
2713 5295 2775 5347 de
2814 5307 2988 5345 novem
3020 5288 3240 5342 llerodis
3275 5285 3470 5342 morbis

247 5378 457 5459 narrat,
494 5411 558 5451 ea:
583 5394 809 5465 Josepho
839 5395 907 5449 ad
939 5394 1147 5447 verbum
1181 5411 1305 5464 pene
1336 5405 1606 5448 mutuatus
1651 5406 1725 5449 est
1769 5411 1787 5448 :
1810 5394 2016 5463 aliaque
2044 5394 2105 5446 de
2141 5392 2365 5447 Herodis
2412 5387 2679 5442 natalibus
2727 5385 2929 5438 erudite
2951 5399 3014 5437 ea:
3040 5382 3217 5435 eodem
3242 5378 3471 5448 lose-pho

247 5500 298 5547 et
318 5508 383 5546 ea:
404 5491 653 5559 Africano
682 5488 946 5542 edisserit.

323 5582 471 5635 Alius
502 5580 725 5649 fortasse
750 5578 1057 5631 suboriatur
1084 5576 1529 5645 scrupulus,quod
1561 5575 1627 5628 ad
1656 5575 2127 5646 interpretationem
2150 5572 2312 5636 illius,
2336 5593 2352 5625 ι
2378 5572 2531 5627 Beati
2554 5573 2745 5627 mundo
2762 5570 2915 5625 corde
2934 5569 3071 5634 "-“,
3098 5587 3116 5620 s
3149 5566 3473 5621 Athanasius

252 5676 388 5733 illud
412 5672 557 5738 Jobi,
582 5692 600 5725 ι
624 5672 789 5727 Nemo
810 5672 1035 5725 mundus
1065 5688 1097 5723 a
1129 5674 1300 5735 sorde,
1333 5671 1539 5725 etiamsi
1566 5671 1717 5728 unius
1742 5672 1843 5727 diei
1864 5670 1969 5725 vita
1992 5669 2105 5738 ejus
2132 5670 2199 5723 sit
2229 5684 2382 5739 super
2408 5670 2683 5736 terram”,
2715 5688 2732 5721 s
2757 5666 2817 5720 de
2834 5661 3074 5720 sordibus
3105 5659 3362 5727 corporeis
3390 5655 3474 5712 in-

328 5808 451 5851 “o”
478 5805 666 5865 Matth.
697 5825 747 5875 ν,
776 5811 827 5865 8.
904 5809 947 5841 ”
975 5807 1076 5865 Job
1109 5825 1218 5879 stv,
1256 5812 1307 5866 4.
