4142 6476
739 411 874 468 1363
1601 420 1658 476 S.
1702 421 1978 476 ATHANA
1991 421 2074 476 Sll
2110 422 2258 476 OPP.

2364 426 2482 480 υὶὲ
2521 426 2607 480 ιιι.
2652 457 2720 467 --
2758 427 3164 484 EXEGETICA.
3843 432 3962 485 1566

734 532 1069 601 telligenaum
1099 547 1310 608 pugnet,
1339 547 1582 608 urgetque
1610 547 1794 591 contra
1828 539 2195 595 haereticorum
2227 542 2574 610 quorumdam
2606 541 2701 611 (sic
2731 543 2841 610 ille)
2871 545 3185 612 opinionem,
3216 545 3505 612 infantium
3549 547 3741 599 animis
3781 556 3964 611 sordes,

730 627 837 677 sive
871 641 1084 694 peccata
1117 631 1303 686 inesse.
1347 630 1557 695 Verum,
1593 644 1645 683 ut
1681 633 1788 701 ipse
1815 649 1905 686 nec
1934 633 2149 686 obscure
2176 634 2572 702 interpretatur,
2599 639 2661 686 de
2692 635 2931 688 sordibus
2955 639 3059 688 sive
3083 640 3308 704 peccatis
3338 638 3660 696 turtualibus,
3691 652 3742 690 ut
3772 651 3962 702 vocant,

730 719 927 790 agitur,
959 737 1072 790 qua:
1096 725 1259 775 inesse
1289 725 1461 791 pueris
1496 741 1642 776 nemo
1677 743 1840 778 sanus
1875 727 2089 779 dixerit.
2119 725 2270 788 Quod
2307 727 2350 778 si
2392 729 2506 794 quis
2539 741 2773 796 reponat,
2817 745 2911 780 cur
2931 728 3053 780 Jobi
3087 731 3286 782 dictum
3331 731 3398 781 ad
3426 743 3697 798 peccatum
3728 732 3964 798 originale

730 828 830 863 non
856 815 1047 882 referat
1079 818 1422 883 Athanasius,
1450 820 1568 872 huic
1604 837 1854 890 regerant,
1885 821 2237 873 Athanasium
2278 832 2325 872 et
2356 824 2401 874 si
2431 825 2520 891 qui
2548 825 2641 875 alii
2671 827 2842 892 a/ﬁnia
2873 826 3032 878 locnti
3066 837 3204 886 sunt,
3241 842 3334 893 pro
3363 827 3605 877 sordibus
3643 827 3835 878 anima’
3857 844 3966 891 pro-

728 905 879 970 priis,
911 907 1100 962 delicta
1130 911 1298 964 solum
1339 930 1370 964 α
1398 913 1621 980 quolibet
1661 911 1868 963 hontine
1900 911 2134 962 admissa
2156 911 2433 973 habuisse;
2466 927 2625 980 neque
2659 923 2830 966 tamen
2864 917 3144 983 ignorasse,
3183 929 3244 966 ex
3277 913 3463 964 Adanti
3501 913 3678 980 lapsu,
3713 915 3962 964 universos

727 995 840 1060 ejus
867 1009 1116 1063 posteros,
1143 1000 1373 1052 debitunt
1397 1003 1577 1054 mortis
1610 1013 1716 1052 tam
1741 1001 1931 1054 anima:
1959 1018 2117 1070 quam
2144 1002 2378 1067 corporis
2410 1004 2754 1056 contraxisse.
2807 1003 2874 1055 Et
2907 1006 3039 1056 alias
3070 1023 3168 1057 non
3204 1009 3399 1075 integer
3423 1006 3569 1059 locus
3597 1016 3696 1063 est.
3733 1006 3822 1057 sed
3859 1022 3960 1055 mu-

727 1091 849 1145 tilus
873 1111 890 1146 :
919 1097 1052 1162 quod
1077 1098 1123 1148 si
1147 1109 1408 1150 exstarent
1437 1099 1632 1163 omnia,
1662 1097 1805 1150 haud
1830 1097 1986 1151 dubie
2007 1098 2141 1149 hanc
2173 1097 2449 1150 Athanasii
2481 1108 2704 1152 mentem
2729 1115 2840 1152 esse
2866 1115 2930 1152 ex
2951 1103 3082 1154 serie
3107 1102 3626 1170 deprehenderemus.
3661 1100 3733 1153 De
3757 1099 3836 1151 his
3858 1099 3961 1166 ρία-

727 1190 870 1244 ribus
897 1195 950 1245 in
973 1196 1304 1263 prcefatione.

800 1287 900 1342 llic
923 1307 1077 1358 porro
1109 1297 1366 1361 prarclaru
1406 1297 1570 1348 multa
1605 1307 1884 1348 occurrunt
1921 1308 2103 1349 contra
2133 1297 2304 1364 fatum
2339 1308 2386 1348 et
2417 1299 2810 1366 genethliacos;
2841 1300 2904 1354 de
2936 1300 3243 1353 abdicandis
3275 1299 3550 1367 episcopis,
3585 1293 3894 1363 presbyteris
3917 1298 3956 1341 α-

724 1377 962 1435 diaconis
991 1385 1220 1452 improbe
1260 1405 1312 1441 se
1359 1393 1649 1458 gerentibus
1678 1409 1694 1444 :
1727 1394 1788 1445 de
1815 1395 2187 1460 mysteriorum
2232 1392 2431 1446 Christi
2456 1396 2561 1447 sive
2592 1413 2758 1450 saera:
2785 1395 3137 1450 Eucharistite
3176 1396 3546 1448 distributione
3573 1410 3666 1458 per
3690 1391 3956 1442 diaconum

723 1473 924 1539 agenda
948 1489 966 1526 :
987 1478 1075 1544 qui
1105 1478 1496 1549 intelligendum
1535 1485 1602 1535 sit
1644 1483 1776 1535 illud
1801 1498 1818 1534 :
1845 1481 2181 1551 Blasphemia
2217 1483 2268 1535 in
2302 1483 2493 1537 Filium
2517 1486 2752 1541 hominis
2777 1487 3099 1554 remittetur,
3124 1489 3176 1542 itt
3204 1489 3463 1560 Spiritum
3489 1503 3745 1544 sanetum
3776 1502 3952 1541 secus:

723 1578 904 1621 contra
932 1588 1014 1624 eos
1039 1575 1128 1642 qui
1160 1576 1338 1628 lunam
1372 1579 1503 1630 inter
1533 1580 1747 1630 numina
1777 1588 2175 1647 censerent,quo
2203 1580 2797 1637 wvutnAthanasiannm
2817 1584 3098 1651 indicatur,
3125 1589 3331 1656 quando
3361 1588 3733 1655 multiplicium
3758 1586 3955 1637 deorum

720 1675 867 1713 error
887 1664 1055 1717 adhuc
1084 1667 1282 1735 vigebat
1312 1669 1365 1720 in
1390 1668 1530 1723 orbe.
1565 1668 1628 1721 Et
1652 1671 1728 1722 his
1757 1671 1952 1722 similia
1981 1671 2103 1723 bene
2127 1670 2313 1722 ntulta.

792 1757 908 1819 Quo
938 1770 1160 1828 tempore
1192 1774 1364 1815 autem
1395 1765 1504 1817 hazc
1533 1768 1905 1818 commentaria
1949 1762 2087 1818 edita
2128 1765 2345 1832 fuerint,
2374 1765 2580 1815 nonnisi
2605 1781 2667 1817 ex
2699 1765 2810 1817 loco
2843 1767 2934 1818 illo
2961 1768 3214 1836 augurari
3244 1767 3362 1818 licet
3394 1766 3480 1818 ubi
3520 1773 3735 1818 sanctus
3775 1765 3953 1813 Doctor

720 1855 894 1920 arguit
936 1857 1319 1924 Apollinarium
1353 1860 1657 1928 impietatis.
1697 1860 1836 1913 Nam
1873 1862 1948 1911 uti
1999 1875 2061 1911 ea:
2102 1859 2264 1926 ipsius
2301 1857 2578 1909 Athanasii
2608 1859 2659 1908 in
2703 1860 2898 1926 synodo
2945 1860 3284 1923 Antiochena,
3319 1877 3454 1912 anno
3485 1858 3608 1919 369.,
3645 1856 3948 1916 testimonio,

719 1960 809 1996 nec
839 1964 939 1999 non
965 1965 1026 2000 ex
1060 1948 1234 2002 Procli
1277 1951 1390 2004 loco
1429 1954 1481 2006 in
1521 1956 1716 2022 synodo
1747 1953 2332 2020 Constantinopolitano
2359 1949 2688 2017 exploratum
2720 1961 2836 2014 est;
2877 1953 3149 2018 postremis
3181 1955 3348 2004 solum
3387 1953 3509 2004 vitta
3537 1953 3694 2004 annis
3725 1951 3950 2002 Athana-

716 2041 826 2091 sius
852 2058 969 2094 cum
997 2043 1326 2111 Apollinario
1355 2049 1407 2098 in
1433 2059 1665 2111 apertum
1693 2047 1884 2100 bellum
1913 2047 2174 2116 prorupit,
2206 2060 2421 2112 eumque
2457 2054 2514 2095 ut
2546 2044 2949 2098 Itwresiarcham
2979 2062 3069 2114 per
3102 2047 3366 2100 hominum
3402 2064 3494 2099 ora
3529 2047 3797 2098 traduxit.
3827 2043 3947 2095 For-

717 2142 855 2186 tasse
882 2138 982 2188 dici
1006 2150 1171 2203 posset
1203 2142 1362 2194 etiam
1410 2142 1778 2208 Athanasium,
1809 2160 1925 2196 cum
1952 2145 2059 2195 haec
2101 2141 2478 2193 commentaria
2507 2140 2652 2208 prius
2697 2139 2966 2203 edidisset,
2993 2141 3285 2195 clausulam
3320 2141 3472 2193 illam
3497 2141 3551 2191 in
3574 2137 3948 2206 Apollinarium

714 2237 892 2291 postea
926 2230 1229 2298 adjunxisse
1256 2253 1271 2296 ,'
1302 2252 1455 2303 quam
1484 2256 1586 2290 rem
1623 2255 1724 2291 non
1752 2239 1908 2292 semel
1931 2239 2238 2305 prcestitisse
2263 2245 2505 2288 sanctunt
2544 2235 2819 2290 Doctarent
2843 2236 3116 2291 docuimus
3147 2239 3306 2291 alias.

957 2501 1060 2559 EX
1110 2500 1616 2562 SERMONIBL’S
1662 2504 1844 2564 SIVE
1886 2503 2506 2565 COMMENTARIIS
2570 2507 2650 2566 IN
2710 2503 3242 2566 EVANGELIUM
3292 2500 3716 2562 ΜΑΤΤΗΑΞΙ.

1013 2810 1165 2866 Liber
1189 2818 1534 2884 generationis
1565 2816 1691 2871 Iesu
1727 2817 1947 2877 Christi.

2580 2821 2824 2886 -Bl6.toc
2856 2817 3149 2888 γενέσεως
3185 2816 3387 2884 Ἰησοῦ
3421 2817 3704 2886 Χριστοῦ.

778 2902 843 2956 Et
880 2906 1132 2960 sacerdos
1181 2917 1233 2961 et
1261 2924 1354 2962 rex
1387 2910 1635 2965 Christus
1666 2923 1783 2967 erat
1819 2931 1832 2968 :
1863 2913 2119 2972 sacerdos
2145 2915 2272 2987 qui-

705 2996 850 3058 dem,
900 3006 958 3049 ut
1008 2998 1098 3067 qui
1156 3014 1214 3053 se
1244 3002 1502 3056 obtulerit
1557 3006 1787 3058 hostiam
1843 3023 1939 3075 pro
1986 3008 2270 3075 omnibus;

707 3105 797 3140 rex
828 3103 976 3149 vero,
1005 3099 1062 3140 ut
1105 3092 1196 3156 qui
1231 3091 1493 3146 adversus
1532 3108 1810 3163 peccatum
1842 3107 1894 3150 et
1931 3108 2160 3153 mortem
2191 3116 2276 3155 re-

706 3181 972 3251 gnaverit.

1077 3277 1442 3332 Cenerationes
1476 3282 1889 3348 qttatuordecim.

776 3369 905 3434 Quin
934 3387 1098 3426 causa
1138 3383 1219 3426 est
1259 3389 1357 3427 cur
1386 3391 1508 3428 eum
1546 3376 1597 3428 in
1638 3376 1786 3429 hisee
1833 3378 2269 3445 generationibus

702 3461 988 3516 duodecim
1021 3475 1227 3517 tantum
1261 3482 1507 3534 persona:
1541 3480 1910 3536 compareant,
1936 3475 2267 3536 quatuorde-

701 3553 806 3606 cim
857 3562 1034 3607 tamen
1077 3557 1453 3624 generationes
1497 3557 1841 3611 inveniantur
1870 3561 1953 3612 5°?
1993 3558 2097 3614 Pro
2148 3578 2269 3630 per-

701 3660 854 3710 sona,
913 3647 1182 3712 arbitror,
1227 3649 1554 3717 evangelista
1595 3650 2128 3720 transmigrationem
2173 3668 2269 3722 po-

701 3738 843 3799 suit;
881 3748 935 3790 et
969 3755 1066 3806 pro
1090 3740 1192 3792 alia
1226 3755 1480 3808 persona,
1510 3741 1807 3796 Christum.

696 3845 979 3900 Athanasii
1007 3848 1357 3925 Alerandrini
1383 3850 1512 3925 liber
1535 3853 1996 3925 interpretationis
2026 3853 2263 3925 Evange-

1117 3919 1177 3970 lii
1207 3921 1490 3971 secundunt
1521 3920 1853 3976 Matt/neum.

781 4009 1015 4066 Vidimus
1063 4012 1201 4064 enim
1254 4012 1462 4066 stellant
1510 4013 1620 4075 eius
1669 4015 1723 4068 in
1754 4017 1950 4070 oriente
1976 4017 2040 4068 ⁸⁷.
2071 4015 2126 4070 Si
2168 4033 2264 4086 pro

697 4103 924 4170 singulis
987 4101 1300 4157 hominibus
1351 4106 1503 4159 stella
1558 4107 1610 4158 in
1659 4108 1798 4161 coelo
1853 4117 2034 4172 esset,
2097 4125 2262 4178 quare

2447 2915 2520 2985 (ι)
2565 2914 2676 2968 Καὶ
2718 2914 2892 2984 ἱερεὺς
2933 2913 3026 2966 καὶ
3079 2910 3326 2980 βασιλεὺς
3373 2911 3400 2960 ὁ
3455 2909 3692 2980 Χριστὸς
3725 2908 3941 2978 ἐτύγχα-

2375 3024 2463 3060 νεν
2489 3026 2500 3038 ·
2541 3009 2716 3076 ἱερεὺς
2746 3006 2841 3076 μὲν
2876 3005 2949 3068 ὡς
2981 3003 3166 3056 ἑαυτὸν
3199 3002 3566 3072 προσαγαγὼν
3593 3001 3781 3056 θυσίαν
3812 3003 3938 3071 ὑπὲρ

2372 3099 2544 3170 ήμῶν,
2577 3099 2822 3167 βασιλεὺς
2853 3097 2907 3149 δὲ
2935 3097 3007 3158 ὡς
3039 3096 3178 3149 κατὰ
3208 3096 3304 3164 τῆς
3345 3094 3618 3165 ἁμαρτίας
3651 3096 3744 3146 καὶ
3781 3094 3934 3148 θανά-

2371 3207 2461 3245 του
2494 3189 2839 3260 βασιλεύσας.

2785 3279 2998 3333 Τενεαὶ
3050 3278 3492 3346 δεκατέσσαρες

2441 3374 2549 3427 Καὶ
2575 3372 2691 3436 πῶς
2717 3371 2949 3425 ἐνταῦθα
2981 3370 3071 3421 ἐπὶ
3107 3369 3211 3422 τῶν
3253 3370 3453 3436 γενεῶν
3480 3411 3493 3431 ,
3541 3369 3750 3420 δώδεκα
3781 3385 3934 3438 προσ-

2370 3464 2530 3516 ώπων
2571 3463 2858 3532 κειμένων,
2891 3461 3281 3530 δεκατέσσαρες
3330 3460 3515 3526 γενεαὶ
3555 3460 3929 3529 εὑρίσκοντσις

2369 3551 2554 3623 υἷμσι,
2582 3556 2659 3606 ὅτι
2685 3555 2775 3606 καὶ
2812 3553 2907 3622 τὴν
2942 3551 3282 3621 μετοικεσίαν
3313 3553 3481 3620 αὐτὴν
3504 3552 3625 3603 ἀντὶ
3655 3550 3929 3621 προσώπου

2367 3650 2394 3700 ὁ
2419 3645 2804 3715 εὐσγγελιστὴς
2832 3643 3039 3696 τέθεικε
3063 3655 3074 3671 ·
3118 3644 3210 3696 καὶ
3236 3644 3356 3695 ἀντὶ
3386 3643 3482 3711 τῆς
3523 3642 3719 3712 ἑτέρας
3751 3643 3804 3695 δὲ
3848 3642 3928 3694 τὸν

2367 3741 2619 3812 Χριστόν.

2367 3856 2440 3926 (ὅ)
2488 3855 2837 3932 Ἀθανασιόιί
2887 3850 3443 3934 Ἁλεξσγδᾉβίϐλςζς.
3481 3849 3589 3914 τῆς
3631 3848 3928 3918 ἑρμηνείας

2738 3924 2841 3975 τοῦ
2875 3923 3021 3975 κατὰ
3052 3923 3346 3976 Ματθίίςν
3368 3923 3550 3988 Είεαγ.

2430 4017 2682 4082 Εἵδομεν
2707 4017 2812 4084 γὰρ
2840 4014 3028 4067 αὐτοῦ
3062 4014 3167 4065 τὸν
3198 4012 3422 4079 ἀστέρα
3447 4013 3514 4062 ἐν
3549 4011 3626 4078 τῇ
3650 4008 3923 4076 ἀνατολῇ.

2366 4113 2427 4165 Εἰ
2461 4112 2514 4162 δὲ
2551 4107 2617 4179 ἦν
2652 4109 2770 4162 καθ’
2803 4110 3030 4160 ἕκαστον
3066 4107 3346 4176 ἄνθρωπον
3371 4105 3544 4174 ἀστὴρ
3586 4107 3642 4155 ἐν
3670 4105 3745 4172 τῷ
3777 4105 3925 4172 οὐρι-

2409 4201 2431 4211 ο

696 4194 854 4247 tertia
897 4193 983 4248 die
1026 4196 1224 4249 malum
1262 4199 1486 4252 intinitis
1516 4201 1927 4269 innumerisque
1967 4204 2140 4257 stellis
2171 4221 2260 4257 rc—

2369 4201 2463 4270 νῷ,
2505 4200 2618 4263 πῶς
2652 4202 2716 4268 τῇ
2759 4198 2914 4269 τρίτῃ
2949 4197 3128 4268 ἡμέρᾳ
3185 4199 3212 4248 ὁ
3257 4195 3482 4265 οὐρανὸς
3526 4195 3798 4262 κατέγεμε
3831 4193 3923 4244 τῶν

693 4283 894 4349 pletum
927 4293 1010 4342 est
1078 4301 1200 4350 eum
1232 4297 1407 4340 tamen
1440 4287 1608 4340 Adam
1639 4297 1790 4341 sexta
1819 4289 1905 4342 die
1944 4290 2258 4345 eﬂ‘ormatus

693 4375 797 4428 sit?

2366 4294 2608 4363 ἀπείρων
2643 4291 2736 4342 καὶ
2781 4289 3161 4360 ἀναριθμήτων
3196 4288 3431 4358 ἄστρων,
3465 4286 3558 4339 τοῦ
3607 4287 3776 4356 Ἀδὰμ
3803 4285 3922 4338 πλι-

2366 4385 2578 4448 σθέντος
2610 4386 2672 4453 τῇ
2706 4390 2752 4446 ς’
2785 4382 2998 4453 ἡμέρᾳ·

1687 4493 1756 4549 Et
1791 4499 2077 4568 interjectis
2112 4505 2421 4572 quibusdam
2451 4519 2515 4556 es:
2548 4499 2935 4568 Chrysostomo.

761 4607 913 4674 Quod
949 4616 1127 4660 autem
1164 4623 1335 4677 neque
1374 4609 1543 4664 fatum
1566 4651 1580 4674 ,
1623 4627 1796 4682 neque
1832 4619 2067 4684 genesis,
2099 4618 2150 4672 id
2175 4629 2259 4673 est

692 4712 841 4755 ortus
869 4701 1022 4764 liora,
1066 4716 1238 4770 neque
1267 4717 1459 4758 cursus
1484 4714 1755 4759 astrorum
1783 4719 1970 4763 nostra
1997 4710 2254 4780 dirigant,

690 4789 770 4840 vel
800 4787 925 4841 hinc
955 4788 1130 4856 palam
1175 4800 1276 4844 est.
1304 4789 1439 4844 Nam
1476 4794 1518 4845 si
1553 4795 1677 4849 inde
1720 4799 1904 4852 omnia
1937 4810 2084 4868 gesta
2125 4817 2257 4871 pen-

685 4881 867 4946 deant,
899 4896 1006 4934 non
1037 4897 1101 4934 ex
1132 4882 1415 4936 hominum
1452 4887 1730 4941 voluntate
1762 4900 1813 4942 et
1839 4891 2102 4947 electione
2158 4909 2256 4947 cur

686 4975 815 5027 t'urti
857 4989 1008 5028 reum
1056 4975 1414 5030 domesticum
1457 4979 1751 5036 verberas?
1779 4985 1908 5050 quid
1947 5001 2125 5040 causa:
2173 4997 2256 5041 est

683 5067 828 5134 quod
860 5068 1157 5121 adulteram
1194 5084 1418 5123 uxorem
1451 5071 1516 5125 ad
1552 5073 1797 5127 tribunal
1837 5076 2059 5130 trahas?
2083 5095 2254 5146 quare

683 5158 749 5208 de
795 5157 1056 5226 improbis
1110 5157 1268 5213 factis
1323 5162 1531 5229 pudore
1588 5163 1951 5221 suﬂ‘underis?
1994 5171 2122 5237 quid
2176 5180 2256 5224 est

684 5249 828 5315 quod
869 5251 1261 5305 contumeliosa
1295 5253 1457 5305 verba
1502 5270 1604 5307 non
1653 5255 1826 5323 feras;
1860 5259 1951 5312 sed
1983 5261 2026 5315 si
2055 5263 2175 5332 quis
2207 5272 2256 5317 te

684 5339 957 5393 nitechum
987 5351 1078 5393 aut
1107 5341 1518 5403 l'ornicatorem,
1551 5354 1647 5397 aut
1670 5344 1967 5410 ebriosum,
2001 5360 2094 5402 aut
2124 5350 2253 5418 quid

2434 4616 2554 4670 ’Ότι
2583 4615 2688 4686 γὰρ
2721 4614 2843 4666 οὔτε
2876 4612 3177 4683 εἱμαρμένη
3205 4652 3219 4675 ,
3248 4610 3370 4664 οὔτε
3401 4611 3636 4679 γένεσις,
3663 4611 3785 4665 οὔτε
3817 4613 3923 4683 6ρό-

2368 4727 2464 4778 μος
2490 4707 2729 4777 ἀστέρων
2760 4707 2826 4758 τὰ
2871 4704 2989 4756 καθ’
3036 4704 3180 4772 ἡμᾶς
3213 4703 3424 4764 διοικεῖ,
3465 4703 3717 4756 ἐντεῦθεν
3753 4705 3916 4774 δῆλον.

2363 4802 2424 4852 Et
2455 4799 2560 4868 γὰρ
2595 4797 2802 4849 ἐκεῖθεν
2853 4797 3082 4866 ἤρτηται
3116 4792 3183 4845 τὰ
3215 4792 3475 4862 γινόμενα
3506 4795 3710 4856 πάντα,
3746 4796 3832 4847 καὶ
3868 4794 3920 4846 οὐ

2362 4894 2457 4962 τῆς
2502 4890 2868 4962 προαιρέσεως
2913 4887 3019 4939 τῶν
3055 4885 3372 4957 ἀνθρώπων,
3423 4887 3566 4949 τίνος
3603 4889 3787 4940 ἕνεκεν
3835 4904 3921 4956 μα-

2363 4988 2564 5050 στιγοῖς
2591 4985 2679 5034 τὸν
2709 4982 2922 5049 οἰκέτην
2964 4978 3295 5046 κεκ).οφὸτα;
3331 4977 3475 5040 τίνος
3503 4981 3686 5032 ἕνεκεν
3723 4999 3921 5050 μοιχευ-

2354 5075 2535 5127 θεῖσαν
2585 5075 2682 5143 τὴν
2721 5076 2953 5139 γυναῖκα
2998 5073 3075 5133 εἰς
3139 5071 3486 5138 δικαστήριον
3532 5072 3752 5134 ἓλκειςς
3795 5076 3919 5132 τίνος

2353 5166 2535 5217 ἕνεκεν
2575 5165 2803 5235 αἰσχύνῃ
2838 5163 3047 5231 πονηρᾶ
3087 5163 3375 5231 πράττων;
3421 5163 3567 5223 τίνος
3596 5163 3782 5215 ἕνεκεν
3815 5163 3919 5214 οὐδὲ

2354 5259 2418 5310 τὰ
2457 5261 2673 5327 ῥήματα
2708 5259 2890 5326 φέρεις
2924 5255 3322 5324 ὀνειδιζόμενσο
3361 5255 3474 5304 ἀλλ’
3508 5255 3601 5307 ἐὰν
3631 5258 3713 5318 τίς
3748 5274 3800 5308 σε
3831 5274 3918 5306 κσ-

3570 5363 3624 5397 τι
3668 5347 3914 5403 τοιοῦτον,

2352 5343 2479 5413 lion
2514 5346 2716 5415 μοιχὸν,
2749 5347 2779 5414 ἢ
2819 5346 3034 5415 πόρνον,
3097 5345 3128 5413 ἦ
3187 5345 3440 5413 μέθυσον,
3477 5346 3509 5414 ἦ

683 5429 858 5486 Simile
889 5433 1136 5502 appellet,
1169 5435 1218 5487 id
1249 5435 1632 5489 contumeliam
1659 5438 2013 5492 vocas?Nam
2049 5443 2092 5495 si
2129 5459 2251 5510 pec-

2364 5434 2508 5504 ὒϐριν
2536 5437 2594 5487 τὸ
2631 5439 2859 5507 πρᾶγμα
2892 5440 3101 5498 κσλείς;
3139 5438 3198 5488 Ei
3235 5436 3340 5505 γὰρ
3377 5438 3450 5506 μὴ
3492 5439 3590 5507 τῆς
3647 5439 3746 5505 σῆς
3794 5438 3917 5505 γνὼ-

683 5533 860 5576 eatum
893 5541 1001 5579 non
1030 5541 1093 5579 ex
1127 5529 1388 5580 sententia
1423 5529 1662 5596 prodiret
1699 5538 1808 5593 tua,
1843 5547 2012 5600 neque
2041 5535 2249 5586 crimen

750 5641 796 5670 ⁸⁸
831 5642 1014 5697 Matth.
1047 5661 1082 5708 ι,
1120 5646 1198 5698 i7.
1291 5647 1333 5676 ³⁷
1362 5645 1552 5698 Matth.
1593 5664 1650 5712 tt,
1677 5647 1728 5698 εὶ.

751 5757 826 5833 (4)
848 5757 996 5833 _Etl_it.
1029 5760 1250 5833 Athan.,
1285 5780 1334 5833 p.
1376 5764 1526 5828 ιθθοῖ,
1559 5780 1622 5818 ex
1651 5775 1884 5822 catenaa
1916 5765 1970 5820 Ρ.
2015 5767 2243 5824 Possino

681 5827 815 5883 edita
841 5830 889 5882 in
923 5828 1244 5886 .‘latlhteum.

2362 5544 2467 5595 μης
2498 5528 2557 5580 τὸ
2593 5530 2946 5598 ἁμαρτάνειν,
2973 5529 3093 5582 οὗτε
3121 5530 3370 5600 ἔγκλημα.
3392 5531 3452 5582 τὸ
3479 5532 3782 5600 γινόμενον,
3806 5532 3914 5586 οὗτε

2428 5773 2497 5836 ιιΐὶι
2535 5771 2604 5823 Ex
2635 5772 2813 5828 codice
2849 5772 3013 5840 Regio
3044 5772 3198 5837 1905,
3228 5789 3258 5826 x
3283 5771 3463 5827 saeculi
3489 5769 3611 5833 fol.,
3639 5771 3728 5828 42.
