4142 6468
242 431 389 488 1365

1371 427 1803 488 FRAGMENTA
1847 429 1906 482 IN
1954 426 2400 484 MATTIL'EUM.

3370 423 3506 479 1366

240 550 407 619 ὖερις
437 552 495 602 τὸ
525 550 832 621 λεγόμενον.
865 548 977 602 Νῦν
1009 547 1064 600 δὲ
1101 549 1194 601 καὶ
1231 548 1297 601 δι’
1322 540 1396 602 ὦν
1429 554 1538 614 τοῖς
1573 549 1820 621 ἁμαρτά-

1932 547 1984 601 id
2023 551 2231 617 egisse,
2289 562 2464 616 neque
2515 543 2846 602 contumelia
2897 552 3043 599 esset
3103 542 3153 596 id
3205 542 3502 610 pracdicari.

239 660 429 694 νουσιν
457 645 518 695 οὐ
546 640 954 710 συγγινώσκεις,
983 641 1076 693 καὶ
1107 641 1174 692 δι’
1205 633 1279 694 ὧν
1302 642 1462 705 αὐτὸς
1490 642 1729 712 αἰσχύνῃ
1762 639 1830 693 τὰ

240 729 396 781 κακά
426 729 698 799 πράττων,
739 727 833 779 καὶ
874 726 1154 779 λανθάνειν
1217 726 1558 790 σπουδάζεις,
1620 725 1717 784 ναὶ
1765 725 1830 776 δι’

237 811 325 870 ὦν
350 819 472 880 τους
501 816 673 870 ταῦτά
708 832 788 868 σοι
822 817 1233 887 προσφέροντας
1265 817 1526 888 ὑϐριστάς
1561 814 1828 887 νομίζεις·

235 906 336 963 διὰ
359 910 572 962 πάντων
598 908 896 980 ὁμολογεῖς,
914 911 998 963 ὅτι
1023 910 1121 962 οὐκ
1139 911 1350 978 ἀνάγκῃ
1376 909 1580 962 δέδεται
1606 917 1674 962 τα
1696 912 1725 976 ἡ
1737 908 1832 976 μέ-

237 1015 400 1068 τερα,
453 1000 586 1053 ἀλλά
636 1000 1006 1070 προαιρέσεως
1049 999 1331 1072 ἐλευθερίᾳ
1358 1001 1664 1070 τετίμηται.
1701 1000 1831 1061 Τοῖς

237 1090 376 1159 γοῦν
407 1094 620 1166 ἀνάγκῃ
678 1092 1050 1164 συνεχομένοις
1103 1092 1498 1160 συγγινώσκειν
1559 1093 1784 1162 οἴδαμεν
1812 1108 1827 1122 ο

238 1183 349 1237 κᾶν
381 1184 483 1236 ὑπὸ
519 1184 769 1254 δαίμονός
809 1201 954 1248 τινος
998 1184 1325 1256 δχλούμενός
1365 1201 1448 1247 τις
1490 1185 1582 1236 τὸν
1625 1184 1830 1254 χιτῶνα

236 1273 510 1346 διαρρήξῃ
539 1275 628 1328 τὸν
655 1275 945 1347 ἡμέτερον,
975 1277 1008 1347 ἢ
1039 1276 1253 1346 πληγὰς
1286 1275 1578 1345 ἐπενέγκῃ.
1614 1277 1674 1329 ου
1724 1276 1823 1348 μό-

236 1383 336 1418 νον
365 1383 464 1418 ουκ
491 1366 842 1437 ὀνειδίζομεν,
871 1369 1008 1424 ἀλλά
1042 1369 1138 1422 καὶ
1187 1368 1446 1438 ἐλεοῦμεν
1492 1369 1586 1421 καὶ
1631 1385 1827 1436 συγγι-

237 1457 540 1527 νώσκομεν.
590 1459 652 1511 Τί
697 1460 933 1530 δήποτε;
993 1462 1072 1513 ὅτι
1126 1461 1247 1530 οὐχὶ
1301 1460 1402 1527 τῆς
1452 1459 1826 1530 προαιρέσεως

235 1543 548 1615 ἑλευθερία,
581 1545 694 1599 ἀλλ’
723 1549 754 1616 ὴ
784 1547 875 1600 τοῦ
905 1547 1157 1618 δαίμονος
1187 1549 1279 1618 βία
1307 1549 1601 1620 εἰργάσατο
1626 1549 1822 1603 ταῦτα.

238 1635 429 1701 Ὥστε,
459 1641 507 1692 εἰ
535 1641 628 1692 καὶ
652 1639 720 1691 τά
753 1639 888 1692 ἄλλα
913 1642 1130 1712 άμαρτή
1141 1659 1285 1711 ματα
1313 1641 1421 1694 ἀπὸ
1443 1643 1540 1712 τῆς
1581 1642 1825 1710 ἀνάγκης

233 1729 345 1799 τῆς
401 1732 540 1784 κατά
605 1731 702 1802 τὴν
740 1733 1079 1804 εἱμαρμένην
1132 1735 1369 1802 ἐγίνοντο
1398 1776 1412 1798 ,
1478 1736 1826 1804 συνέγνωμεν

235 1825 306 1877 ἄν
327 1842 340 1854 ⁸
377 1823 560 1892 ἐπειδὴ
594 1823 650 1876 δὲ
674 1826 854 1894 ἴσμεν,
873 1826 954 1878 ὃτι
979 1825 1078 1878 οὐκ
1105 1825 1250 1880 ἔστιν
1280 1826 1646 1897 ἀνάγκης,διά
1664 1827 1826 1880 τοῦτο

1938 637 2092 693 Nunc
2143 653 2306 709 porro
2352 653 2477 692 cum
2530 635 2884 706 peccantibus
2934 650 3042 688 non
3080 633 3350 704 ignoscas,
3382 649 3504 687 cum

1936 733 2180 802 improba
2218 731 2451 802 gerendo
2475 741 2524 784 te
2553 731 2769 800 pudeat,
2789 743 2912 783 cum
2939 727 3104 781 latere
3128 727 3502 789 studeas,cuin

1933 840 2029 878 eos
2058 827 2150 892 qui
2187 825 2313 877 talia
2363 823 2459 876 tibi
2503 821 2789 892 proferunt
2838 835 2933 887 pro
2963 817 3376 873 contumeliosis
3407 817 3504 868 ha.

1935 913 2095 977 beas;
2135 930 2264 967 sane
2295 912 2482 966 fateris
2507 927 2571 966 ex
2607 912 2690 964 his
2722 910 3000 972 omnibus,
3042 910 3155 961 hzec
3185 915 3372 960 nostra
3399 923 3504 958 non

1936 1006 2258 1059 necessitate
2297 1007 2532 1073 quadam
2581 1001 2848 1072 colligari,
2884 1000 2978 1054 sed
3012 999 3305 1053 voluntatis
3340 999 3505 1051 liber-

1934 1106 2042 1151 tate
2075 1098 2338 1150 honorata
2368 1113 2509 1150 esse.
2545 1094 2614 1148 Iis
2644 1109 2774 1147 sane
2804 1093 2896 1161 qui
2953 1090 3277 1146 necessitate
3318 1099 3506 1144 teneno

1933 1201 2040 1248 tur.
2080 1190 2362 1259 ignoscere
2395 1189 2750 1243 soleinus:ac
2772 1189 2817 1242 si
2843 1186 2987 1254 quis,
3017 1184 3370 1253 compellente
3394 1182 3503 1235 dre-

1933 1284 2138 1347 monio,
2176 1283 2416 1336 tunicam
2458 1281 2730 1334 discindat
2773 1289 3036 1343 nostram,
3097 1286 3188 1330 aut
3212 1276 3396 1346 plagas
3423 1276 3505 1328 iu-

1933 1375 2090 1437 ferat,
2129 1389 2239 1430 non
2281 1375 2458 1428 solum
2498 1373 2574 1426 illi
2613 1388 2719 1426 non
2771 1370 3188 1440 exprobramus,
3211 1368 3304 1421 sed
3343 1366 3507 1420 mise-

1933 1468 2166 1522 ricordia
2203 1466 2334 1519 moti
2379 1464 2716 1533 ignoscimus
2746 1463 2867 1532 ipsi.
2897 1463 3010 1514 (Zur
3057 1461 3198 1514 hoc?
3237 1459 3364 1528 quia
3397 1474 3505 1512 non

1929 1572 1992 1608 ex
2051 1554 2350 1608 voluntatis
2409 1553 2655 1614 arbitrio,
2694 1551 2786 1606 sed
2847 1551 3113 1605 daemonis
3169 1549 3401 1618 impulsu
3451 1548 3505 1601 id

1930 1651 2058 1718 egit.
2088 1649 2278 1716 Itaque
2305 1646 2350 1700 si
2383 1646 2487 1698 alia
2517 1660 2737 1714 quoque
2768 1652 2986 1713 peccata
3018 1658 3082 1697 ex
3117 1642 3440 1697 necessitate
3473 1656 3504 1694 a

1928 1739 2039 1795 fato
2096 1739 2317 1793 inducta
2367 1738 2809 1803 admitterentur,
2844 1735 3062 1791 veniam
3112 1737 3370 1791 daremus
3405 1736 3511 1789 uti-

1928 1847 2032 1900 que
2068 1849 2080 1884 :
2118 1831 2245 1903 quia
2285 1846 2414 1884 vero
2445 1831 2653 1885 scimus
2681 1846 2742 1885 ea
2773 1846 2880 1886 non
2920 1846 2986 1886 er
3019 1831 3341 1885 necessitate
3376 1845 3506 1896 pro-

234 1915 303 1968 οὐ
351 1914 820 1986 συγγινώσκομεν,
851 1916 975 1970 οὔτε
1000 1917 1258 1972 δεσπόται
1283 1919 1544 1982 οἰκέταις,
1568 1919 1691 1973 οὕτε
1722 1920 1816 1972 άν-

1925 1924 2138 1987 veuire;
2165 1923 2284 1976 ideo
2313 1938 2420 1976 non
2449 1926 2753 1992 parcimus,
2791 1938 2897 1977 non
2925 1921 3131 1978 domini
3161 1921 3502 1989 domesticis,

231 2005 366 2074 δρες
397 2005 660 2072 γυναιξὶν,
684 2007 814 2060 οὔτε
844 2009 1099 2077 γυναῖκες
1116 2009 1396 2080 ἀνδράσιν,
1418 2010 1540 2064 οὔτε
1565 2011 1817 2064 διδάσκα-

233 2093 324 2146 λοι
348 2095 637 2165 μαθηταῖς,
653 2096 774 2150 οὔτε
811 2097 1045 2169 πατέρες
1070 2101 1278 2165 παισὶν,
1298 2099 1423 2154 οὔτε
1448 2101 1705 2170 ἄρχοντες
1722 2102 1819 2172 άρ-

234 2186 507 2256 χομένοις·
542 2188 676 2240 ἀλλὰ
708 2189 894 2259 ’πικροὶ⁷
928 2189 1037 2244 τῶν
1066 2191 1485 2264 τετολμημένων
1533 2192 1818 2256 ἐξετασταὶ

235 2279 338 2329 καὶ
371 2279 600 2349 τιμωροὶ
632 2279 913 2350 γινόμεθα,
958 2285 1051 2336 καὶ
1088 2283 1414 2356 δικαστήρια
1459 2285 1816 2357 καταλαμϐά-

233 2386 422 2438 νομεν.
439 2373 530 2424 καὶ
545 2371 776 2441 πληγαῖς
795 2375 1167 2445 ὑποϐάλλομεν
1177 2417 1190 2441 ,
1207 2379 1300 2429 καὶ
1312 2379 1534 2447 ὲπιτιμή
1544 2395 1601 2429 σε
1609 2395 1658 2430 σι
1676 2377 1818 2449 χρώ-

235 2461 380 2530 μεθα
408 2502 424 2526 ,
480 2465 571 2517 καὶ
626 2465 803 2519 πάντα
853 2467 1168 2539 πράττομεν
1223 2469 1372 2532 ὅπως
1418 2469 1819 2539 ἀπαλλάξωμεν

232 2554 438 2618 αὐτοὺς
465 2557 574 2608 τῶν
603 2558 808 2612 κακῶν.

307 2647 384 2716 (0)
413 2647 505 2713 Τὸ,
541 2650 832 2719 Ἦλθομεν
881 2653 1311 2721 προσκυνῆσαι
1345 2653 1506 2719 αὐτῷ
1529 2693 1544 2717 ,
1585 2657 1817 2726 σημεῖον

230 2737 335 2809 τῆς
366 2740 474 2792 τῶν
508 2743 697 2809 μάγων
721 2745 1019 2808 ἐπιεικείας
1048 2746 1141 2798 καὶ
1165 2745 1417 2807 πίστεως.
1438 2749 1500 2800 0i
1518 2748 1817 2820 γὰρτοιοῦ.

230 2845 326 2882 τον
368 2829 643 2902 διάστημα
686 2835 1035 2900 διανύσαντες
1067 2837 1154 2890 διά
1193 2837 1256 2890 τὸ
1304 2840 1680 2910 προσκυνῆσαι
1725 2841 1816 2894 τὸν

233 2919 492 2992 Χριστὸν,
525 2923 577 2974 τί
603 2924 702 2976 οὐκ
737 2925 800 2977 ἂν
830 2926 1115 2996 ἐποίησαν,
1150 2929 1197 2979 εἰ
1225 2930 1282 2981 ὲν
1314 2931 1380 3000 τῇ
1413 2929 1637 2983 ἐκείνων
1661 2929 1814 3002 χώρᾳ

231 3012 296 3066 τὸ
329 3013 568 3067 τοιοῦτον
601 3019 893 3088 μυστήριον
922 3018 1218 3089 γεγένητο;
1267 3021 1608 3074 Ἀποδεκτέοι
1639 3020 1733 3075 οὖν
1765 3023 1814 3075 οἱ

230 3103 430 3175 ἄνδρες
462 3106 558 3176 τῆς
584 3107 837 3170 πίστεως,
871 3110 964 3162 καὶ
994 3110 1299 3163 ὲπαινετέοι
1324 3113 1422 3181 τῆς
1445 3113 1645 3186 ἀρετῆς
1671 3115 1814 3169 κατὰ

231 3196 414 3252 πάντα
448 3200 665 3268 τρόπον.

389 3310 734 3365 Ἁθανασίου
780 3312 1225 3380 Ἀλεξανδρείας
1252 3313 1321 3368 ἐκ
1361 3312 1474 3383 τῆς
1520 3315 1676 3371 κατὰ

689 3384 988 3437 Ματθαῖον
1015 3385 1354 3453 ἑρμηνείας.

411 3493 547 3563 Περὶ
582 3494 688 3547 τῶν
721 3495 877 3546 ὲννέα
924 3495 1158 3547 ἀνιάτων
1193 3496 1384 3550 παθῶν
1413 3498 1512 3568 τῆς
1544 3497 1639 3551 τοῦ

751 3585 990 3656 Ἡρώδου
1027 3587 1306 3661 τελευτῆς.

1930 2032 2036 2069 non
2071 2017 2170 2069 viri
2207 2017 2496 2080 uxoribus,
2529 2033 2636 2070 non
2673 2032 2873 2071 uxores
2911 2017 3066 2082 viris,
3110 2032 3215 2070 non
3257 2015 3504 2086 magistri

1926 2107 2233 2176 discipulis,
2268 2122 2375 2160 non
2408 2117 2590 2177 patres
2619 2106 2764 2173 ﬁliis,
2801 2122 2910 2161 non
2938 2107 3215 2177 principes
3237 2107 3501 2172 subditis;

1925 2202 2018 2258 sed
2078 2202 2258 2256 acerbi
2313 2202 2621 2257 facinorum
2664 2203 3038 2272 inquisitores,
3077 2210 3133 2256 et
3180 2203 3382 2257 ultores
3410 2217 3508 2256 su-

1923 2311 2083 2357 mus;
2121 2294 2416 2348 tribunalia
2459 2295 2694 2355 adimus,
2727 2295 2904 2364 plagis
2938 2293 3285 2364 subiicimus,
3317 2303 3372 2350 et
3411 2309 3507 2349 ca-

1921 2386 2218 2456 stigatione
2252 2388 2456 2440 utimur
2490 2405 2504 2441 :
2533 2387 2776 2456 nihilque
2804 2401 2910 2440 non
2950 2387 3165 2456 agimus
3201 2397 3314 2440 uta
3345 2387 3506 2442 malis

1919 2492 2024 2532 nos
2047 2479 2373 2546 eripiamus.

1997 2651 2161 2715 Illud,
2203 2649 2448 2704 Venimus
2482 2651 2709 2705 adorare
2754 2667 2894 2718 eum,
2919 2666 3198 2721 magorum
3224 2651 3508 2722 probitatis

1919 2754 2086 2814 atque
2135 2742 2258 2797 ﬁdei
2309 2743 2523 2813 signum
2559 2751 2660 2797 est.
2696 2741 2802 2809 Qui
2853 2743 2999 2798 enim
3053 2753 3262 2797 tantum
3299 2744 3508 2798 itineris

1919 2837 2266 2892 intervallum
2315 2834 2522 2892 Christi
2561 2836 2829 2891 adorandi
2889 2837 3066 2907 gratia
3117 2836 3494 2904 confecerunt,

1917 2929 2049 2998 quid
2089 2945 2198 2983 non
2257 2928 2455 2982 facturi
2495 2940 2651 2983 erant
2696 2931 2743 2984 si
2785 2931 2837 2983 in
2886 2947 2982 2986 sua
3039 2930 3259 3001 regione
3292 2941 3503 2983 tantum

1917 3019 2238 3089 mysterium
2287 3018 2492 3072 editum
2543 3017 2788 3072 fuisset?
2839 3019 3270 3073 Commendandi
3323 3020 3506 3089 itaque

1915 3109 2017 3162 viri
2049 3109 2370 3178 hujusmodi
2399 3118 2525 3162 sunt
2553 3119 2773 3178 propter
2804 3109 2961 3162 iidem
2985 3125 3164 3176 suam,
3200 3120 3362 3179 atque
3387 3125 3506 3168 ont-

1919 3200 2051 3255 nino
2083 3200 2305 3254 virtutis
2332 3216 2446 3255 suae
2477 3215 2643 3256 causa
2680 3201 2954 3257 laudandi.

1843 3304 1884 3361 Ο
1975 3314 2265 3370 Athanasii
2289 3314 2638 3367 Alexandrini
2673 3328 2737 3366 ex
2761 3315 3194 3383 interpretatione
3221 3316 3276 3367 in
3310 3313 3449 3368 Mat-

2619 3385 2834 3438 timum.

1954 3497 2030 3553 De
2067 3513 2260 3554 novem
2297 3499 2696 3553 insanabilibus
2729 3499 2957 3564 morbis,
2989 3503 3192 3572 quibus
3224 3502 3468 3558 Herodes

2468 3593 2701 3652 amictus
2724 3594 2946 3650 interiit.

1473 3795 1635 3858 (Vide
1669 3805 1798 3854 tom.
1835 3795 1922 3864 II,
1947 3800 2052 3856 col.
2088 3800 2274 3872 1251.)

465 3963 541 4033 (7)
582 3965 861 4032 Ἐγερθεὶς
888 3963 1196 4032 παράλαϐε
1223 3964 1288 4018 τὸ
1315 3964 1575 4019 παιδίον.

305 4048 473 4119 Οὗτος
528 4056 557 4107 ό
611 4055 764 4123 λόγος
821 4057 1036 4126 ἔλεγχός
1085 4059 1232 4109 ἐστιν
1279 4057 1512 4129 άκριὸῆς
1577 4061 1675 4130 τῆς
1724 4057 1816 4112 τοῦ

240 4148 648 4221 Ἀπολλιναρῐου
696 4148 1018 4220 ἀθεότητος,
1080 4151 1322 4215 εἰπόντος
1390 4151 1464 4223 μὴ
1490 4151 1673 4205 λαϐεῖν
1729 4152 1818 4204 τὸν

230 4242 468 4312 Χριστὸν
499 4241 671 4313 ψυχὴν
692 4242 886 4313 νοεράν
907 4286 920 4308 ,
947 4242 1059 4295 ἀλλ’
1084 4238 1224 4296 εῖναι
1273 4243 1433 4314 σῶμα
1483 4243 1644 4314 μόνον
1691 4243 1820 4296 ἄνευ

225 4336 412 4407 ψυχῆς
434 4335 523 4388 καὶ
557 4334 736 4403 λόγου.

309 4427 382 4496 (8)
400 4431 467 4482 Ἡ
499 4428 565 4481 δὲ
587 4428 773 4497 τροφὴ
806 4425 884 4498 ἦν
902 4431 1139 4498 ἀκρίδες
1159 4430 1254 4483 καὶ
1282 4429 1421 4500 μέλι
1455 4430 1812 4500 ἄγριον-,Ὅτι

2304 3962 2536 4035 Surgm
2560 3968 2737 4036 accipe
2767 3983 2989 4035 puerum
3019 3966 3080 4022 ⁸⁸.

1986 4057 2113 4114 Hae
2159 4058 2417 4129 loquendi
2458 4059 2599 4114 ratio
2655 4059 2823 4128 probe
2867 4059 3048 4129 arguit
3097 4057 3501 4128 Apollinarium

1917 4151 2220 4222 impietatis
2255 4168 2268 4204 :
2299 4154 2393 4223 qui
2427 4152 2587 4217 dixit,
2615 4151 2896 4207 Christum
2939 4166 3046 4231 non
3080 4150 3357 4220 accepisse
3377 4152 3500 4206 ani-

1921 4259 2064 4298 mam
2110 4244 2448 4315 intelligendi
2498 4243 2551 4299 vi
2604 4243 2923 4314 praeditam;
2953 4243 3048 4298 sed
3093 4243 3269 4298 solum
3301 4243 3500 4312 corpus

1923 4337 2044 4393 sine
2071 4337 2252 4390 anima
2294 4347 2344 4389 et
2372 4335 2586 4389 ratione
2615 4335 2917 4389 exstitisse.

1993 4429 2154 4483 Cibus
2181 4440 2358 4482 autem
2384 4429 2498 4497 ejus
2521 4435 2674 4481 erant
2711 4423 2936 4487 acrides,
2961 4433 3012 4479 et
3039 4424 3139 4478 mel
3173 4424 3408 4478 siluestre
3427 4423 3495 4481 ”.

229 4518 292 4572 δὲ
319 4520 412 4572 καὶ
446 4521 478 4589 ἡ
513 4519 708 4592 βοτάνη
739 4520 824 4584 τίς
859 4522 1007 4574 ἐστιν
1053 4522 1218 4592 άκρὶς
1253 4521 1518 4593 λεγομένη
1545 4563 1559 4586 ,
1590 4524 1619 4575 ό
1649 4524 1806 4576 Σολο-

1922 4522 2069 4590 Quod
2123 4521 2303 4576 herbae
2343 4537 2518 4591 genus
2564 4519 2840 4590 quoddam
2872 4518 2945 4574 sit
2992 4519 3130 4572 acris
3169 4517 3412 4584 dictum,
3444 4517 3499 4573 id

235 4609 355 4681 μὼν
389 4611 537 4681 ἡμᾶς
569 4610 808 4665 διδάσκει
852 4611 1025 4680 λέγων
1047 4629 1060 4641 ’
1125 4611 1394 4679 Ἀνθήσει
1446 4613 1511 4666 τὸ
1544 4614 1810 4683 ἀμύγδα-

231 4708 368 4767 λον,
405 4705 503 4758 καὶ
536 4707 988 4774 παχυνθήσεται
1024 4707 1061 4772 ἡ
1094 4707 1288 4774 ἀκρίς.
1355 4706 1491 4758 Ἀλλ’
1537 4708 1658 4760 οὐδὲ
1702 4709 1810 4761 πόα

229 4797 318 4860 τίς
338 4799 452 4850 ἐστι
479 4798 538 4851 τὸ
567 4799 685 4869 μέλι
723 4799 934 4870 ἄγριον,
970 4799 1105 4852 ἀλλά
1133 4801 1253 4870 μέλι
1283 4799 1451 4863 ὅντως
1477 4799 1687 4870 ἄγριον,
1723 4817 1812 4852 πι-

231 4891 494 4961 κρότατον
523 4890 602 4954 δν,
634 4893 728 4944 καὶ
750 4891 897 4962 πάσῃ
933 4890 1117 4958 γεύσει
1146 4891 1421 4961 πολέμιον.

305 4980 400 5042 Τὸ,
434 4981 624 5045 Αὐτὸς
652 4979 807 5050 ὑμᾶς
850 4982 1137 5044 ,βαπτίσει
1169 4982 1238 5034 ὲν
1285 4984 1579 5051 Πνεύματι
1623 4982 1768 5051 ἁγίῳ
1793 5023 1809 5047 ,

231 5070 392 5124 τοῦτο
419 5059 586 5142 δήλοῖ,
618 5073 701 5125 ὅτι
728 5071 982 5144 καθαριεῖ
1010 5075 1154 5143 ὑμᾶς
1174 5091 1186 5103 ·
1220 5073 1310 5126 διὰ
1342 5074 1400 5126 τὸ
1437 5074 1510 5145 μὴ
1556 5073 1815 5128 δύνασθαι

231 5164 296 5218 τὺ
341 5163 436 5218 τοῦ
478 5165 721 5218 Ἰωάννου
750 5165 1032 5238 βάπτισμα
1076 5167 1234 5221 τοῦτο
1266 5167 1510 5238 ποιῆσαι,
1568 5167 1704 5220 ἀλλὰ
1754 5167 1816 5219 τὸ

233 5256 328 5309 τοῦ
389 5256 658 5327 Χριστοῦ.
717 5258 776 5321 ὃς
827 5260 920 5312 καὶ
973 5259 1189 5327 ἀφιέναι
1247 5260 1522 5332 ἁμαρτίας
1567 5260 1816 5325 ἐξουσίαν

235 5349 368 5420 ιχεμ

303 5526 351 5556 ⁸⁸
380 5522 566 5578 Matth.
601 5538 639 5578 tt
663 5563 678 5588 ,
708 5523 796 5577 9.0.
878 5526 920 5557 ”
950 5525 1136 5582 Matth.
1185 5541 1277 5588 ut,
1315 5524 1366 5579 ι.

307 5722 549 5797 (ϐλειιίι.
593 5723 816 5789 Athau.,
864 5741 916 5797 p.
954 5725 1118 5792 l006,
1160 5743 1228 5784 ex
1266 5727 1480 5785 Possini
1518 5739 1705 5787 catena
1748 5731 1803 5784 in

236 5794 568 5849 Matt/uram.

307 5864 385 5930 (7)
423 5861 556 5918 Ibid.

1460 5525 1504 5556 ‘°
1533 5523 1675 5582 Eccl.
1706 5527 1862 5593 xu,5.

1919 4630 2021 4670 nos
2049 4613 2309 4669 Salomon
2345 4614 2534 4668 edocet
2591 4613 2680 4668 his
2726 4611 2946 4667 verbis:
2984 4609 3220 4667 Florebit
3248 4611 3500 4680 amygda-

1917 4707 2048 4770 lum,
2080 4718 2128 4762 et
2152 4708 2521 4778 coagulabitur
2538 4707 2678 4760 acris
2702 4705 2768 4758 ‘°.
2796 4704 2902 4760 Sed
2927 4705 3032 4759 mel
3068 4703 3198 4758 illud
3222 4702 3495 4768 silvestre,

1919 4814 2026 4854 non
2058 4799 2249 4866 herba,
2281 4801 2375 4854 sed
2409 4799 2514 4853 mel
2546 4814 2735 4852 revera
2766 4798 3036 4862 silvestre,
3076 4795 3493 4852 acerbissimum

1918 4906 1981 4945 ac
2004 4892 2186 4960 gustui
2225 4891 2657 4962 ingratissimum
2689 4899 2794 4945 est.

1985 4979 2120 5035 Illud
2147 4999 2160 5036 :
2197 4979 2316 5049 Ipse
2345 4997 2430 5034 vos
2476 4980 2772 5049 baptizabit
2806 4982 2858 5032 in
2887 4977 3094 5049 Spiritu
3132 4988 3316 5032 sancto
3340 4980 3406 5045 ",
3437 4979 3489 5033 id

1917 5074 2160 5139 denotat,
2193 5075 2336 5144 quod
2380 5075 2496 5144 ipse
2531 5089 2628 5127 vos
2657 5082 2989 5142 purgaturus
3024 5071 3096 5127 sit
3127 5089 3139 5124 :
3175 5071 3303 5141 quia
3338 5069 3488 5126 scili-

1916 5178 2002 5221 cet
2051 5167 2101 5220 id
2149 5176 2410 5237 przestare
2454 5182 2562 5220 non
2617 5167 2757 5219 valet
2781 5161 3013 5220 Joannis
3062 5163 3364 5234 baptisma;
3394 5162 3487 5217 sed

1917 5258 2142 5320 Christi,
2193 5259 2286 5329 qui
2339 5258 2503 5312 etiam
2553 5257 2866 5313 remittendi
2905 5265 3122 5330 peccata
3168 5264 3490 5324 potestatem

1919 5350 2096 5404 habet.

1949 5525 1988 5555 ⁶¹
2022 5524 2210 5579 Matth.
2253 5542 2332 5586 Ill,
2373 5525 2454 5578 ll.

1987 5729 2061 5798 (8)
2088 5728 2340 5782 Enmdem
2372 5728 2535 5793 hujus
2565 5729 2730 5798 vocis,
2759 5728 2916 5798 ἀκρίς
2939 5767 2954 5788 ,
2984 5727 3480 5798 uitet-pretationem

1909 5800 2112 5854 videsis
2137 5799 2276 5868 apud
2303 5798 2568 5854 lsidorum
2593 5797 2723 5858 νει..
2750 5798 2778 5849 l.
2811 5797 2847 5862 ι,
2867 5815 2950 5866 ep.
3009 5798 3105 5850 16:!
3125 5797 3298 5850 iusius
3321 5809 3481 5850 enar-

1905 5879 2100 5928 ratam.
