4142 6528
287 443 431 499 1369

1412 449 1838 504 FRAGMENTA
1881 451 1944 504 ΙΝ
1989 453 2424 513 ΜΑΤΤΠΑΞῌΜ.

3373 456 3510 514 i370

282 552 380 609 οὖν
399 555 614 609 ,τούτων
641 557 745 610 τῶν
777 558 1181 629 ἁμαρτηματων
1204 558 1272 611 τὰ
1296 559 1468 631 βρέφη
1495 563 1715 634 ἀμύητα
1746 563 1817 614 ὑπ

1916 599 1925 622 ι
1962 582 2076 619 rum
2094 568 2158 622 ⁸⁸.
2193 569 2326 624 Cum
2364 572 2543 640 itaque
2583 571 2904 627 delictorum
2947 572 3255 642 hujusmodi
3280 585 3507 640 prorsus

279 650 446 718 ἀρχει
471 687 488 714 ,
539 647 696 700 ποίαν
727 648 998 719 ἁμαρτίαν
1015 649 1126 719 ἔχει
1149 649 1210 702 τὸ
1235 649 1594 722 ἀνθημερινὸν
1615 653 1847 714 παιδίον,

275 742 329 791 εἰ
361 741 432 810 μὴ
462 739 641 802 καθὼς
667 738 874 808 ἔφημεν
906 739 995 790 τὸν
1025 741 1330 810 σωματικὸν
1360 743 1561 812 ῥύπονο
1594 743 1714 797 οὔτε
1743 743 1847 814 μὴν

272 834 304 885 ὁ
337 832 510 900 λέγων
543 831 643 902 ἔφη
668 848 681 861 ⁸
706 819 913 897 Οὐδεὶς
959 833 1222 900 καθαρὸς
1259 834 1366 887 ἀπὸ
1384 836 1655 907 ἁμαρτίας
1678 875 1692 898 ,
1732 837 1846 890 ἀλλ’

270 923 397 977 ἀπὸ
411 924 630 991 ῥύπου.

575 1041 682 1111 (10)
718 1042 1061 1096 Ἀθανασίου
1094 1043 1555 1114 Ἀλεξανδρείας,

269 1155 403 1218 Πῶς
446 1156 663 1226 νοητέον
709 1156 769 1208 τὸ
797 1197 810 1218 ,
845 1155 906 1209 '0
932 1156 1236 1226 ἐμϐλέψας
1287 1158 1541 1226 γυναῖκα
1587 1157 1737 1224 πρὸς
1775 1158 1840 1210 τὸ

345 1225 705 1297 ἐπιθυμῆσαι
753 1225 939 1292 αὐτῆς
975 1227 1089 1295 ἤδη
1126 1225 1504 1297 ἐμοίχευσεν
1540 1228 1735 1295 αὐτὴν
1772 1228 1842 1281 ἐν

345 1295 420 1363 τῇ
452 1296 660 1362 καρδίᾳ
686 1298 892 1352 αὐτοῦ.

341 1386 598 1457 Μοιχεύει
626 1391 860 1455 γυναῖκα
907 1392 973 1460 τῇ
1009 1390 1205 1461 καρδία
1234 1391 1458 1452 ἐκεῖνος,
1501 1392 1530 1444 ὁ
1572 1389 1837 1443 συνδιατι-

265 1477 494 1547 θέμενος
531 1481 603 1550 τῇ
659 1478 876 1549 πράξει,
930 1480 1249 1534 ἁπεκὼλυσε
1291 1481 1346 1534 δὲ
1386 1483 1478 1534 τὸν
1508 1483 1764 1544 τοιοῦτον,
1799 1481 1832 1552 ἢ

261 1572 519 1642 τύπος,ῆ
570 1572 780 1642 χρόνος,
837 1572 870 1643 ἢ
908 1572 1067 1641 φόϐος
1100 1573 1206 1626 τῶν
1269 1575 1584 1644 Ῥωμαϊκῶν
1635 1573 1832 1644 νόμων.

267 1664 396 1716 ’Ότι
423 1663 478 1716 δὲ
515 1663 717 1728 πολλοὶ,
753 1663 825 1734 μὴ
853 1664 1148 1734 δράσαντες
1171 1664 1267 1735 τὴν
1301 1665 1577 1729 ἀσέϐειαν,
1601 1665 1676 1728 ὡς
1715 1682 1833 1736 μοι·

260 1755 352 1825 χοὶ
373 1754 758 1825 ἐκολάσθησαν,
792 1755 986 1827 ῥᾳδίως
1016 1757 1131 1809 ἐστὶ
1158 1757 1282 1819 τοὺς
1311 1757 1518 1820 πάντας
1563 1756 1834 1829 πληροφο-

261 1845 500 1918 ρηθῆναι
525 1849 589 1900 ὲκ
617 1845 710 1900 τοῦ
754 1847 1124 1916 ὐλοφέρνους.
1150 1848 1473 1912 Σπεύδοντος
1498 1853 1605 1918 γαρ
1636 1848 1830 1920 δρᾶσαι

253 1938 325 1992 τὸ
352 1937 540 2008 μύσος,
569 1941 600 2006 ἡ
631 1939 816 1992 Ἰουδὶθ
836 1981 850 2002 ,
885 1939 958 2003 ὡς
998 1940 1158 2010 νόμος
1197 1940 1568 2012 δικαιοσύνης,
1617 1959 1828 1995 σπασα-

259 2032 399 2101 μένη
428 2031 487 2084 τὸ
521 2031 672 2100 ξίφος
699 2032 971 2102 ἀπέτεμεν
1004 2032 1166 2085 αὑτοῦ
1203 2033 1302 2104 τὴν
1341 2035 1601 2102 κεφαλὴν,
1633 2037 1826 2088 ὲπικα-

253 2121 532 2192 λεσαμένη
563 2124 642 2186 είς
677 2121 928 2193 βοήθειαν
951 2123 1044 2174 καὶ
1069 2123 1484 2194 ύπερασπισμδν
1515 2124 1604 2176 τὸν
1627 2123 1826 2196 δοτῆρα

250 2212 366 2266 τῶν
403 2214 582 2281 νόμων
633 2213 796 2274 Θεὸν,
846 2214 940 2266 καὶ
985 2214 1244 2285 συνεργὸν
1299 2214 1396 2282 τῆς
1452 2217 1819 2287 σωφροσύνης.

262 2305 541 2368 Ὡσαύτως
567 2305 660 2357 καὶ
686 2306 734 2358 οἱ
768 2304 860 2358 δύο
889 2306 1267 2377 πρεσϐύτεροι,
1305 2308 1585 2377 εἰρηκότες
1614 2311 1676 2379 τῇ
1713 2311 1825 2362 Σω-

250 2395 446 2467 σάννῃ,
485 2395 638 2450 Ἰδοὺ
668 2395 739 2448 ἐν
755 2396 1030 2464 ἐπιθυμίᾳ
1057 2398 1169 2450 σού
1188 2397 1394 2465 ἐσμεν,
1436 2398 1635 2469 καίπερ
1668 2399 1824 2452 τοῦτο

251 2485 332 2557 μὴ
358 2485 683 2557 πράξαντες,
720 2486 795 2550 ὼς
837 2488 1016 2556 μοιχοὶ
1045 2486 1438 2558 ἐκολάσθησαν,
1479 2490 1572 2542 καὶ
1595 2490 1693 2561 τὴν
1727 2491 1822 2562 ζη-

249 2582 385 2651 μίαν
409 2580 565 2650 ἕσχον
589 2581 835 2634 θάνατον.
869 2581 995 2635 Ἐὰν
1015 2578 1107 2635 οὖν
1133 2584 1225 2636 καὶ
1253 2583 1374 2657 ἄρτι
1405 2585 1486 2648 τίς
1508 2587 1624 2637 ἐστι
1648 2583 1822 2638 τοιοῦ-

241 2687 360 2734 τος,
391 2670 704 2734 ἀκόλαστος,
733 2671 997 2742 ἀκρατὴς,
1042 2672 1323 2743 ἐπιθυμῶν
1376 2673 1669 2746 ἀλλοτρίων
1721 2690 1818 2741 γυ-

241 2762 471 2826 ναικῶν,
505 2763 647 2816 κατά
681 2763 920 2818 διάνοιαν
960 2763 1230 2834 μοιχεύειο
1263 2765 1291 2817 ὁ
1337 2764 1446 2836 γὰρ
1475 2765 1818 2836 ἡγεμονεύων

239 2854 354 2907 τῶν
379 2853 586 2919 παθῶν,
611 2853 928 2926 καθαρεύων
956 2855 1065 2909 ἀπὸ
1091 2855 1422 2926 ὀφλήματος.
1459 2855 1567 2929 ἀπὸ
1599 2859 1817 2929 αἰσχρο-

239 2945 451 3014 λογίας,
473 2937 626 3009 οὗτος
647 2947 746 2999 οὐκ
763 2945 879 2999 ἔστι
903 2948 1108 3018 μοιχὸς,
1143 2947 1278 3001 ἀλλά
1301 2948 1763 3020 παθοκρατορικός
1798 2962 1813 2978 ’

239 3038 584 3093 ἀναστέλλων
637 3038 698 3091 τὸ
754 3038 991 3108 ἐπαχθὲς
1018 3040 1116 3108 τῆς
1159 3040 1348 3110 ἡδονῆς
1374 3040 1451 3110 τῷ
1474 3041 1639 3110 θεῖκῷ
1666 3042 1815 3113 φόϐῳ

239 3132 320 3196 ὡς
360 3130 509 3201 κῦμα
534 3130 820 3184 θαλάσσιον
857 3131 1294 3202 ἀνακοπτόμενον
1329 3131 1432 3184 ὑπὸ
1463 3134 1686 3204 ἰσχυρᾶς
1720 3134 1814 3186 καὶ

241 3225 473 3297 στερεᾶς
501 3223 726 3294 πέτρας.

312 3316 426 3388 (Η)
456 3319 524 3370 ει
549 3314 616 3369 δὲ
636 3319 668 3370 ό
698 3316 1002 3384 ὀφθαλμός
1036 3328 1152 3369 σου
1182 3318 1214 3370 ὀ
1252 3315 1451 3382 δεξιὸς
1487 3316 1812 3371 σκανδαλί-

235 3409 319 3471 ζέι
349 3424 443 3474 σε,
479 3409 653 3474 ἐξελε
689 3408 895 3474 αὑτὸν,
936 3407 1034 3462 καὶ
1071 3407 1231 3473 ,ϐάλε
1276 3410 1392 3463 ἀπὸ
1433 3410 1548 3464 σοῦ
1573 3451 1586 3474 ,
1619 3411 1712 3463 καὶ
1742 3411 1812 3463 τὰ

235 3503 384 3571 ἑξῆς.
434 3501 747 3565 Βαδίζοντες
791 3501 888 3571 τὴν
930 3501 1139 3571 ἁπλανῆ
1191 3502 1286 3554 καὶ
1333 3502 1613 3572 ζωηφόρον
1668 3503 1806 3568 ὁδὸν,

231 3593 514 3663 ὀφθαλμὸν
561 3593 656 3662 μὲν
713 3591 1034 3663 ὲκκόψωμεν
1081 3591 1499 3655 σκανδαλίζοντα
1535 3610 1547 3620 ο
1599 3594 1672 3664 μὴ
1718 3594 1808 3647 τὸν

234 3686 494 3757 αἰσθητόν
524 3685 635 3758 (12)
657 3703 670 3715 ·
705 3684 925 3756 καὶγὰρ
960 3687 1128 3756 πηροὶ
1163 3685 1338 3756 μοιχοί
1359 3700 1371 3714 ·
1402 3685 1539 3739 ἀλλά
1564 3687 1653 3739 τὸν
1686 3703 1805 3757 νοη-

233 3781 350 3833 τόν.
383 3773 508 3832 Οἶον
530 3778 670 3833 ἐὰνὸ
700 3778 995 3843 ἐπίσκοπος
1029 3779 1060 3849 ἢ
1098 3780 1126 3832 δ
1159 3777 1541 3849 πρεσϐύτερος,
1583 3780 1631 3831 oi
1657 3778 1807 3842 ὄντες

232 3871 502 3943 ὀφθαλμοὶ
545 3873 642 3943 τῆς
690 3871 1041 3941 Ἐκκλησίας,
1089 3871 1271 3934 κακῶς
1324 3871 1802 3943 ἀναστρέφωνται,

232 3965 332 4022 καὶ
357 3963 746 4027 σκανδαλίζωσι
777 3963 865 4015 τὸν
893 3963 1039 4027 λαὸν,
1075 3963 1179 4033 χρὴ
1209 3945 1403 4026 αὐτοὺς
1426 3962 1800 4016 ἐκϐάλλεσθαι.

232 4053 521 4126 Σιδμφέρον
553 4055 662 4125 γάρ
707 4055 854 4107 ἐστιν
884 4055 1012 4108 ἄνευ
1043 4054 1222 4107 αὐτῶν
1254 4055 1695 4126 συναθροίζεσθαι
1725 4057 1804 4119 εἰς

236 4151 524 4222 εὐκτήριον
556 4146 724 4212 οἷκον,
753 4150 786 4220 ἦ
813 4151 927 4220 μετ’
958 4150 1153 4213 αὐτοὺς
1183 4149 1540 4221 ἐμϐληθῆναι,
1567 4150 1641 4214 ὡς
1666 4151 1804 4221 μετά

261 4246 409 4299 Αννα
435 4243 529 4297 καὶ
563 4245 805 4312 Καῖάφα,
833 4243 911 4304 εἰς
946 4241 1043 4312 τὴν
1086 4242 1310 4309 γέενναν
1347 4241 1441 4294 τοῦ
1485 4234 1672 4311 πυρός.
1721 4240 1804 4295 Ὀ-

234 4335 407 4404 μοίως
425 4333 480 4386 δὲ
519 4332 612 4386 καὶ
637 4335 669 4403 ἡ
697 4333 835 4402 χεὶρ,
863 4331 1166 4395 ὀδιάκονος,
1191 4333 1284 4384 ἐὰν
1305 4331 1534 4397 ἀναξίως
1562 4349 1612 4384 τι
1635 4331 1801 4401 πράτο

229 4444 322 4502 τῃ,
357 4422 672 4497 χωριζέσθω
692 4423 785 4476 τοῦ
817 4423 1201 4495 θυσιαστηρίου
1234 4423 1365 4494 (15).
1411 4425 1468 4476 ὐ
1492 4423 1548 4476 δὲ
1593 4421 1746 4486 ποῦς,
1771 4425 1800 4476 ὁ

231 4520 534 4591 ὑπηρέτης,
565 4518 658 4572 ὲάν
688 4517 871 4580 κακῶς
917 4518 1081 4589 τρέχῃ
1127 4517 1206 4579 είς
1237 4516 1298 4569 τὸ
1331 4516 1543 4586 ψεῦδος,
1580 4517 1672 4570 καὶ
1701 4517 1797 4587 τὴν

1954 659 2184 728 imperiti
2207 661 2411 730 parvuli
2443 662 2583 727 sint;
2611 662 2776 728 quod,
2795 677 2997 729 qumso,
3018 670 3293 731 peccatum
3313 661 3506 714 admit-

1954 761 2029 805 tat
2053 753 2317 821 puerulus
2346 753 2457 822 ipsa
2499 754 2588 807 die
2635 764 2816 815 natus,
2845 754 2968 816 nisi,
2998 754 3072 807 uti
3097 753 3354 815 diximus,
3382 768 3506 806 cor-

1949 859 2164 912 porcam
2193 844 2645 914 sorrlenr?t\'eque
2672 846 2814 899 enim
2843 845 2912 899 ita
2937 845 3155 910 dicitur,
3183 842 3345 897 Nemo
3362 860 3505 896 mun-

1949 938 2046 988 dus
2079 951 2107 990 a
2135 947 2377 1005 peccato,
2408 936 2522 1000 sed,
2554 954 2585 990 a
2611 937 2782 994 sorde.

2400 1048 2677 1104 Athanasii
2696 1049 3058 1103 Alexandrini.

1946 1158 2066 1226 Quo
2094 1170 2252 1228 pacto
2290 1161 2692 1230 intelligendum
2725 1162 2853 1216 illud
2885 1178 2896 1214 :
2933 1161 3034 1226 Qui
3065 1162 3272 1229 respicit
3312 1161 3500 1215 mulis-

2014 1247 2117 1282 rem
2152 1232 2220 1282 ad
2265 1233 2727 1298 concupiscendum
2772 1233 3044 1302 eam,jam
3094 1233 3377 1286 mter/tatus
3420 1241 3497 1286 est

2008 1317 2122 1354 eam
2150 1303 2204 1354 in
2225 1303 2376 1354 corde
2405 1319 2498 1354 suo
2519 1303 2585 1358 ’°.

2011 1389 2310 1445 Mmchatur
2358 1391 2521 1445 corde
2565 1407 2687 1444 rum
2737 1393 2984 1454 muliere,
3027 1392 3119 1461 qui
3170 1392 3496 1463 perﬁciendo

1939 1477 2090 1544 operi
2121 1479 2432 1541 consensit;
2459 1478 2554 1532 sed
2577 1479 2646 1532 ab
2678 1479 2864 1533 illicito
2891 1492 2941 1534 et
2983 1497 3148 1550 pravo
3178 1497 3493 1550 congressu,

1938 1576 2032 1619 aut
2058 1566 2200 1628 loco,
2229 1577 2322 1620 aut
2342 1579 2600 1636 tempore,
2629 1579 2722 1622 aut
2742 1579 2884 1623 metu
2919 1569 3280 1625 Romanarum
3316 1571 3492 1640 legum

1935 1659 2204 1714 coercitus
2257 1667 2360 1715 est.
2397 1658 2555 1725 Quod
2589 1668 2767 1715 autem
2819 1663 3008 1726 multi,
3042 1662 3132 1732 qui
3173 1663 3409 1719 exterius
3436 1664 3490 1718 in

1934 1759 2217 1818 peccatum
2251 1765 2358 1803 non
2401 1761 2801 1822 proruperunt,
2834 1753 2993 1822 quasi
3042 1754 3240 1808 mmehi
3284 1757 3489 1824 suppli-

1933 1842 2019 1896 cio
2043 1842 2218 1898 allecti
2238 1843 2458 1907 fuerint,
2485 1845 2738 1899 omnibus
2753 1845 2926 1915 palam
2951 1843 3126 1900 facere
3154 1847 3206 1900 in
3237 1860 3489 1918 promptu

1929 1945 2014 1990 est
2041 1952 2108 1991 ex
2135 1935 2495 2007 Holopherne.
2522 1935 2654 1990 Nam
2677 1953 2799 1992 cum
2834 1936 3035 1994 fmdum
3067 1955 3204 2009 opus
3233 1955 3490 2008 peragere

1928 2029 2169 2096 gestiret,
2199 2028 2406 2096 Judith,
2434 2045 2531 2085 ceu
2561 2029 2646 2084 lex
2691 2029 2938 2099 quaedam
2965 2030 3212 2098 iustitiae,
3238 2031 3485 2085 districto

1926 2123 2106 2192 gladio
2153 2133 2313 2192 caput
2343 2124 2460 2192 ejus
2492 2123 2740 2186 abscidit,
2778 2123 3026 2177 invocato
3053 2124 3205 2193 prius
3230 2123 3296 2177 ad
3328 2138 3484 2192 opem

1924 2224 1977 2267 et
2008 2215 2370 2284 patrocinium
2416 2215 2596 2284 legum
2629 2215 2815 2268 datore
2843 2225 2894 2269 et
2928 2215 3276 2270 continentiae
3303 2217 3486 2288 opitu-

1924 2305 2096 2360 latore
2144 2304 2274 2360 Deo.
2308 2303 2509 2360 Eodem
2555 2319 2773 2375 quoque
2806 2307 2968 2360 modo
3006 2322 3163 2362 senes
3195 2308 3326 2372 duo,
3358 2324 3482 2364 eum

1925 2395 2190 2451 Susanna:
2218 2396 2512 2452 dixissent:
2551 2395 2686 2450 Ecce
2712 2396 2767 2450 in
2803 2397 3226 2464 concupiscentia
3270 2398 3350 2450 tui
3390 2414 3485 2451 sa-

1922 2487 2120 2553 mus‘”,
2153 2488 2366 2542 etiamsi
2399 2487 2609 2542 laeinus
2632 2503 2738 2542 non
2767 2494 3186 2558 perpetrassent,
3207 2498 3265 2542 ut
3284 2490 3482 2543 ιιιωςιιί

1922 2574 2064 2642 plexi
2100 2589 2163 2629 ac
2199 2583 2372 2628 morte
2410 2575 2656 2628 mulctati
2682 2583 2829 2629 sunt.
2862 2573 2919 2628 Si
2952 2574 3054 2630 hoc
3087 2590 3216 2646 ergo
3243 2584 3484 2644 tempore

1920 2665 2189 2736 quispiam
2210 2665 2281 2721 sit
2308 2665 2638 2735 huiusmodi,
2657 2667 3045 2735 intemperans,
3075 2666 3328 2732 lascivus,
3347 2667 3480 2720 alie-

1921 2775 2019 2814 nas
2046 2773 2244 2814 uxores
2267 2769 2550 2828 appetens,
2580 2760 2626 2813 is
2653 2758 2835 2813 animo
2871 2759 3188 2813 fornicatur.
3221 2755 3354 2811 Nam
3386 2758 3479 2828 qui

1919 2847 1972 2900 iu
2007 2846 2233 2902 allectus
2268 2862 2399 2902 suos
2439 2848 2726 2918 imperium
2774 2847 2956 2913 habet,
2989 2864 3020 2901 a
3060 2848 3256 2917 quovis
3285 2848 3479 2902 delicto

1918 2955 2086 3008 purus
2116 2948 2168 2994 et
2211 2941 2277 2994 ab
2310 2939 2561 2994 obscenis
2593 2939 2752 2994 dictis
2775 2979 2790 3002 ,
2836 2939 2922 2993 hic
2953 2940 3199 2994 moechus
3238 2955 3344 2994 non
3374 2950 3478 3004 est,

1916 3031 2009 3086 sed
2059 3031 2370 3101 cupiditatis
2395 3031 2596 3096 victor;
2621 3031 2820 3100 quippe
2857 3031 2946 3100 qui
2987 3032 3276 3100 voluptatis
3305 3033 3478 3100 impe-

1917 3131 2030 3175 tum
2059 3122 2243 3175 diviuo
2278 3133 2447 3183 metu,
2480 3124 2635 3190 quasi
2667 3121 3029 3177 decumanum
3057 3123 3222 3176 maris
3251 3121 3475 3176 ﬂuctum

1836 3239 1879 3296 ρ
1914 3229 1941 3266 a
1970 3214 2143 3268 solida
2167 3222 2221 3268 et
2241 3218 2389 3267 lirma
2425 3223 2576 3287 petra
2604 3229 2935 3283 repressum,
2962 3223 3228 3271 coerceat.

1985 3306 2042 3361 Si
2083 3307 2263 3360 oculus
2301 3318 2420 3360 tuus
2444 3307 2624 3360 dexter
2651 3306 2983 3360 scandalizat
3013 3317 3083 3370 te,
3107 3324 3226 3360 erue
3262 3324 3401 3372 cum,
3427 3318 3477 3362 et

1911 3395 2106 3464 projice
2139 3394 2230 3446 abs
2266 3404 2312 3447 te
2335 3395 2401 3459 τ’,
2431 3404 2482 3447 et
2512 3407 2726 3448 czetera.
2755 3395 3067 3450 lncedentes
3093 3407 3272 3450 autem
3307 3399 3358 3450 in
3390 3399 3475 3452 via

1911 3485 2042 3538 nulli
2074 3485 2244 3538 errori
2293 3485 2526 3538 obnoxia
2557 3485 2858 3549 etvivilica,
2889 3487 3108 3540 oculum
3143 3502 3398 3542 eruamus
3427 3490 3470 3542 si

1911 3578 2068 3633 nobis
2112 3577 2437 3632 aliendiculo
2466 3579 2566 3644 sit;
2611 3594 2716 3632 non
2753 3580 2968 3650 quidem
3009 3581 3262 3635 scnsilem
3298 3581 3472 3644 illum,

1909 3686 2032 3724 nam
2060 3671 2188 3724 czeci
2234 3685 2450 3740 quoque
2478 3670 2674 3725 mmehi
2701 3681 2848 3737 sunt,
2880 3672 2971 3726 sed
3015 3673 3348 3742 spiritualem
3375 3692 3388 3740 ;
3417 3684 3474 3730 ut

1907 3764 1973 3830 si,
2003 3763 2149 3818 verbi
2181 3778 2367 3826 causa,
2393 3763 2678 3832 episcopus
2701 3775 2752 3817 et
2774 3765 3073 3835 presbyter,
3099 3765 3189 3833 qui
3220 3775 3347 3818 sunt
3366 3763 3472 3819 Ec-

1906 3858 2082 3912 clesiae
2128 3857 2290 3921 oculi,
2333 3857 2578 3926 improbe
2630 3866 2937 3920 versentur,
2970 3867 3024 3911 et
3063 3858 3259 3927 populo
3285 3859 3470 3930 lapsus

1907 3952 2124 4006 occasio
2154 3952 2283 4012 sint,
2318 3950 2652 4020 abjiciendos
2699 3960 2925 4019 Oportet.
2959 3948 3187 4006 Praestat
3237 3953 3382 4007 enim
3416 3953 3468 4008 in

1908 4044 2070 4098 domo
2089 4059 2137 4096 οι
2153 4042 2369 4103 atiouis,
2392 4042 2610 4095 remotis
2637 4041 3067 4105 illis,convcntus
3085 4059 3264 4112 agerc,
3280 4060 3468 4113 quam,

1906 4137 2047 4189 velut
2065 4151 2186 4189 cum
2206 4136 2361 4188 Anna
2378 4144 2427 4188 et
2447 4133 2670 4202 Caipha,
2686 4148 2807 4187 cum
2828 4133 2906 4188 eis
2929 4133 3073 4202 iujici
3096 4135 3147 4185 in
3167 4135 3466 4204 gehennam

1906 4229 2065 4299 ignis.
2103 4226 2364 4280 Similiter
2391 4226 2437 4280 si
2474 4227 2756 4289 diaconus,
2781 4225 2870 4291 qui
2897 4240 2994 4295 pro
3024 4240 3183 4278 Inanu
3217 4225 3465 4292 habetur,

1905 4321 2180 4390 indignum
2209 4319 2334 4388 quid
2373 4317 2561 4388 egerit,
2593 4317 2660 4370 ab
2680 4318 2834 4371 altari
2862 4327 3188 4387 segregetur.
3225 4317 3468 4371 Minister

1901 4426 2028 4464 vero
2059 4410 2150 4480 qui
2173 4426 2270 4479 pro
2305 4411 2438 4479 pede
2470 4419 2768 4479 reputatur,
2793 4411 2837 4464 si
2872 4411 3114 4480 improbe
3143 4412 3207 4463 ad
3243 4411 3466 4465 menda~

1902 4502 2068 4563 cium,
2102 4513 2154 4555 et
2184 4502 2249 4555 ad
2282 4516 2530 4566 munera,
2558 4510 2616 4555 ut
2642 4500 2788 4555 Giezi
2822 4501 2887 4566 ⁷³,
2925 4500 3238 4570 accipienda
3265 4500 3461 4554 decur-

228 4611 393 4682 λῆψιν
414 4609 522 4664 τῶν
545 4609 838 4679 χρημάτων
871 4609 1011 4662 κατά
1050 4609 1140 4661 τὸν
1173 4607 1354 4678 Γιεξῆ,
1376 4609 1456 4660 δεῖ
1491 4609 1581 4661 καὶ
1610 4607 1794 4661 τοῦτον
1830 4578 1871 4634 ο
1901 4605 2013 4660 Τί)ῑῖ
2045 4595 2188 4648 hunc
2221 4609 2435 4665 quoque
2479 4609 2616 4664 0W5
2648 4603 2750 4658 εει,
2788 4603 2846 4648 υῐ
2890 4608 3115 4663 Ρΐεινυηι
3166 4602 3220 4647 ει
3258 4593 3464 4662 ίῐυῐπιΓ

227 4703 330 4772 τῆς
370 4699 711 4770 λειτουργίας
741 4697 1129 4764 ἀποξενοῦσθαι
1156 4699 1230 4762 ὡς
1256 4698 1488 4769 χαλεπὸν
1514 4701 1605 4752 καὶ
1634 4697 1798 4752 ἀσύν-

1916 4689 2107 4742 lentem
2141 4687 2438 4749 hominem,
2473 4703 2502 4740 a
2546 4686 2850 4741 ministerio
2884 4687 3237 4752 submovere;
3274 4693 3332 4738 ut
3355 4683 3457 4742 Ec-

229 4809 349 4846 ετον
406 4792 688 4861 ἄνθρωπον
717 4807 730 4819 ·
786 4790 873 4845 ἴνα
919 4793 952 4861 ἡ
1012 4790 1302 4861 Ἐκκλησία
1357 4791 1796 4853 ἀσκανδαλίστως

231 4884 570 4955 συναγομένη
594 4882 1114 4953 διαφυλαχθήσηται.

510 5000 622 5072 (14)
668 4999 1011 5054 Ἀθανασὶου
1049 4999 1505 5066 Ἀλεξανδρείας,

329 5093 543 5146 Βιϐλίου
582 5092 680 5164 τῆς
705 5093 997 5166 ἑρμηνείας
1022 5091 1114 5144 τοῦ
1147 5092 1301 5158 ἁγίου
1331 5092 1680 5158 Εὑαγγελίου.

296 5185 627 5256 Προσέχετε
653 5184 720 5238 δὲ
745 5185 858 5253 τὴν
872 5185 1290 5253 ἐλεημοσύνην
1310 5182 1474 5252 ὑμῶν
1491 5182 1575 5251 μὴ
1600 5182 1790 5236 ποιεῖν

225 5279 561 5345 ἔμπροσθεν
583 5275 700 5330 τῶν
737 5275 1062 5343 ἀνθρώπων
1097 5277 1246 5344 πρὸς
1279 5279 1343 5328 τὸ
1375 5273 1652 5341 θεαθῆναι
1682 5276 1788 5327 αὑ-

228 5369 346 5434 τοῖς
373 5384 385 5398 ·
422 5370 475 5422 εὶ
507 5366 574 5420 δὲ
600 5366 684 5436 μή
715 5383 799 5437 γε.
822 5367 1042 5437 μισθὸν
1061 5371 1170 5422 οὐκ
1198 5368 1366 5436 ἔχετε
1389 5367 1544 5434 παρὰ
1571 5364 1650 5430 τῷ
1677 5369 1792 5419 Πα-

293 5487 335 5517 ⁶⁹
363 5485 552 5539 Matth.
594 5501 747 5550 xvm,
787 5485 840 5539 5.
937 5484 982 5516 ⁷ο
1008 5484 1195 5541 Matth.
1259 5503 1310 5552 v,
1369 5486 1456 5539 ‘28.

221 5555 268 5589 ’⁸
296 5554 480 5609 Matth.
540 5573 612 5621 vt,
648 5558 699 5609 Ι.

291 5665 402 5742 ζ
603 5667 799 5742 Athan.
831 5685 894 5723 ex
921 5671 1102 5725 codice
1133 5673 1447 5737 Barociano,
1478 5689 1530 5742 p.
1565 5671 1711 5726 1026.

289 5733 581 5809 (ll)_Edit.
631 5738 852 5799 Athan,
905 5757 955 5809 p.
992 5742 1148 5800 l0‘27.
1193 5761 1256 5796 ex-
1292 5733 1492 5798 rodice'
1517 5743 1776 5797 Vaticano

221 5803 342 5861 392.
383 5803 599 5879 verum
624 5809 866 5879 auctiora
905 5803 967 5862 'et
1013 5816 1379 5867 emendatiora
1415 5817 1678 5879 prodeunt
1709 5829 1774 5866 ev

217 5879 397 5928 ιηινιΙὶερ
422 5873 551 5942 Reg.
585 5877 738 5936 1995,
773 5877 809 5931 τ.
840 5879 963 5940 5‘20,
987 5895 1034 5935 et
1066 5899 1128 5938 ex
1163 5886 1282 5938 cod.
1310 5873 1542 5938 Colhert.
1578 5886 1700 5940 504.

287 5945 395 6014 (Ιὲ)
442 5942 563 6002 Haec
594 5947 785 6000 desunt
809 5952 859 6002 in
895 5953 1000 6008 edit
1033 5993 1047 6018 ,
1095 5957 1183 6007 sed
1213 5955 1473 6008 habentur
1505 5956 1556 6011 in
1592 5971 1713 6011 mss.

1549 5485 1591 5516 '”
1616 5482 1749 5538 Dan.
1809 5483 1890 5546 15,
1949 5482 2040 5544 20.

1894 4780 2059 4834 clesia
2084 4778 2202 4836 sine
2225 4778 2525 4835 oﬂensione
2557 4788 2884 4849 congregata
2915 4787 3181 4834 servetur.

2342 4985 2620 5048 Athanasii
2652 4984 2996 5040 Alexandrini

2022 5077 2094 5130 Ex
2130 5076 2267 5130 libro
2293 5076 2749 5146 interpretationis
2779 5077 2832 5131 in
2868 5075 2924 5132 S.
2956 5075 3327 5146 Evangelium.

1968 5171 2236 5224 Attendite
2265 5186 2326 5222 ne
2353 5170 2732 5240 elcemosynam
2769 5181 2994 5224 vestram
3036 5171 3246 5239 faciatis
3279 5186 3456 5223 coram

1897 5265 2211 5330 hominibus,
2251 5275 2307 5317 ut
2355 5264 2634 5318 videamini
2676 5266 2737 5319 ab
2779 5267 2894 5319 cis:
2935 5266 3134 5334 alioqui
3173 5269 3456 5319 mercedem

1863 5381 1870 5388 ·
1899 5379 2000 5414 non
2027 5360 2274 5414 habebitis
2299 5360 2439 5428 apud
2466 5357 2673 5412 Patrem
2698 5368 2916 5412 vestrum
2935 5360 3024 5428 qui
3049 5359 3101 5411 in
3122 5359 3262 5413 cwlis
3286 5368 3361 5412 est
3384 5359 3450 5415 ",

2138 5481 2182 5510 ἠ
2207 5478 2394 5532 Matth.
2442 5496 2511 5540 v,
2566 5478 2652 5532 ‘29.
2779 5479 2823 5509 ⁷⁸
2873 5479 2937 5531 ιν
3001 5477 3127 5547 Reg.
3179 5494 3229 5542 ι’,
3269 5477 3451 5534 90-25.

1958 5664 2068 5730 (15)
2101 5663 2231 5728 Quae
2262 5675 2564 5733 sequuntur
2599 5667 2661 5719 ad
2699 5667 2855 5720 linem
2892 5681 3064 5736 usque
3097 5683 3157 5722 ex
3195 5681 3326 5720 mss.
3353 5666 3449 5722 de-

1888 5745 2152 5804 prompta,
2179 5736 2554 5788 desiderantur
2586 5737 2636 5788 in
2665 5740 2792 5790 edit.

1956 5803 2066 5878 (li)
2102 5803 2223 5878 llaec
2285 5805 2548 5878 prodeunt
2580 5821 2644 5878 er
2677 5808 2798 5861 cod.
2833 5808 2960 5878 Reg.
3006 5807 3161 5869 l995,
3190 5805 3230 5858 ΧΔ
3266 5807 3447 5863 smeuli

1882 5875 1916 5926 Γ.
2119 5873 2559 5944 Ιοιιςιίιιυςίὶοιο
2615 5876 2679 5931 iis
2716 5893 2833 5947 qua:
2889 5873 2938 5932 in
2987 5879 3128 5934 edito
3173 5877 3445 5948 leguntur,

1882 5961 1930 5996 D.
1967 5963 1997 5996 θ
2073 5983 2085 5996 .
2472 5971 2474 5973 ’

1881 5961 1930 6013 p.
1967 5961 2085 5997 ouo.
2472 5971 2474 5973 ’
