4142 6476
679 435 810 490 1371

1486 433 1542 486 S.
1577 425 1945 484 ATHANASII
1983 422 2133 479 OPP.
2176 417 2356 473 PARS
2395 415 2485 471 Ill.
2520 444 2593 457 -—
2629 411 3033 470 EXEGETICA.

3786 405 3916 459 £573

674 551 934 609 Hortatur
959 554 1139 620 itaque
1171 565 1272 604 nos
1295 546 1639 619 Unigenitus.
1665 559 1722 604 ut
1751 566 1815 604 ne
1841 550 2243 615 elcemosynam

2348 537 2437 604 τρὶ
2471 537 2637 605 ὑμῶν
2657 532 2735 600 τῷ
2753 535 2823 587 ἐν
2851 533 2976 598 τοῖς
3005 529 3304 600 οὐρανοῖς.
3335 525 3704 598 Συμϐονλεύει
3725 524 3780 577 δὲ
3801 527 3927 595 ἡμῖν

678 645 944 699 faciamus
971 658 1152 697 coram
1185 642 1525 705 hominibus;
1561 657 1667 694 non
1698 651 1756 694 ut
1790 650 2108 695 einictemur
2139 636 2246 689 fra-

679 749 788 791 tres
822 747 1035 790 n0~tros
1068 734 1270 801 fovere,
1316 751 1378 788 ac
1416 737 1598 804 egenis
1637 736 1770 787 bene
1807 734 2022 797 facere;
2062 730 2152 784 sed
2188 737 2245 780 ut

681 844 776 892 ne,
802 843 952 879 vanae
996 826 1172 879 laudis
1214 826 1576 893 appetentium
1629 824 2025 877 Pliarismorum
2060 836 2244 873 exeni-

683 922 799 988 plo,
851 930 1168 988 praesentem
1216 918 1439 987 gleriam
1494 933 1870 985 aucupentur:
1922 917 2012 969 sed
2064 913 2245 982 potius

681 1013 980 1065 nu-recdcm
1010 1010 1178 1061 lidelis
1206 1017 1257 1060 et
1295 1018 1559 1061 accurata:
1600 1009 1956 1076 eleemosyna:
1984 1021 2012 1057 a
2049 1003 2155 1057 Deo
2190 1003 2243 1054 in

678 1104 863 1159 futuro
913 1112 1316 1170 exspectemus,
1359 1103 1450 1169 qui
1499 1115 1607 1152 non
1657 1110 1866 1153 tantum
1908 1099 1975 1152 de.
2021 1107 2247 1149 munere

677 1197 994 1257 delectatur,
1031 1202 1286 1263 quantum
1334 1193 1400 1247 de
1450 1194 1631 1261 opima
1678 1201 1730 1245 et
1777 1192 1917 1244 bona
1969 1188 2247 1258 largientis

678 1290 976 1351 voluntate,
1014 1299 1069 1340 ut
1098 1302 1160 1340 ex
1198 1287 1375 1356 ίιιιιριε
1417 1286 1613 1347 viduae,
1656 1300 1776 1353 quze
1810 1286 1918 1337 duo
1954 1283 2159 1336 minuta
2193 1280 2247 1334 in

680 1378 1121 1448 gazophylacium
1155 1377 1337 1441 misit,
1362 1376 1608 1445 exemplo
1639 1376 1884 1431 ediscere
1913 1374 2176 1428 valemus.

750 1623 819 1677 Te
854 1632 1028 1676 autem
1071 1623 1297 1692 faciente
1341 1622 1758 1692 elecmosynam,
1791 1623 1989 1675 nesciat
2034 1622 2250 1674 sinislra

679 1725 770 1768 tua
800 1716 924 1784 quid
957 1714 1122 1784 faciat
1163 1716 1378 1767 deum:
1418 1723 1529 1767 (un.
1576 1713 1628 1766 Id
1663 1723 1774 1779 est,
1803 1714 2108 1767 voluntates
2141 1727 2254 1767 car-

677 1809 761 1859 nis
813 1807 1045 1872 Spiritus
1094 1806 1264 1859 sancti
1317 1805 1603 1858 consilium
1666 1821 1730 1858 ne
1817 1804 2086 1857 noverint.
2149 1803 2253 1870 Qui

2350 629 2376 678 6
2406 624 2710 694 Μονογενὴς
2747 625 2820 694 μὴ
2862 625 3034 674 ποιεῖν
3070 621 3166 691 τὴν
3208 617 3582 688 ἐλεημοσύνην
3623 616 3930 686 ἔμπροσθεν

2348 714 2454 768 τῶν
2493 714 2823 785 ἀνθρώπων*
2882 713 2980 782 οὐχ
3024 713 3109 765 ἵνα
3153 710 3433 780 μέλλωμεν
3484 706 3929 779 περιστέλλεσθαι

2347 810 2472 872 τοὺς
2503 808 2761 878 ἀδελφοὺς
2789 811 2847 861 ὲν
2879 807 2955 877 τῷ
2999 802 3056 858 εὖ
3106 809 3274 857 ποιεῖν
3301 807 3412 867 τοῖς
3455 801 3769 872 δεομένοις·
3816 800 3927 854 ἀλλ’

2349 902 2434 953 ἵνα
2463 903 2535 971 μὴ
2565 901 2844 970 μέλλωμεν
2873 896 3124 968 θηρεύειν
3159 895 3437 966 παροῦσαν
3466 894 3624 956 δόξαν
3646 891 3788 945 κατὰ
3807 894 3930 952 τοὺς

2348 994 2653 1057 κενοδόξους
2684 992 3038 1060 Φαρισαίους·
3069 989 3382 1058 ἐκδέχεσθαι
3428 987 3486 1039 δὲ
3531 986 3732 1056 μᾶλλον
3783 988 3929 1050 rupi

2349 1085 2482 1137 Θεοῦ
2519 1085 2615 1155 τὴν
2651 1083 2885 1154 ἀμοιϐὴν
2938 1084 2995 1135 ὲν
3044 1081 3122 1150 τῷ
3156 1081 3400 1151 μέλλοντι
3452 1079 3548 1148 τῆς
3594 1077 3794 1146 πιστῆς
3837 1076 3929 1127 καὶ

2351 1177 2812 1248 περισπουδάστου
2862 1173 3228 1245 ἐλεημοσύνης
3259 1213 3274 1237 ,
3309 1172 3366 1234 ὃς
3397 1172 3491 1223 καὶ
3520 1169 3700 1241 χαίρει
3750 1169 3810 1219 οὐ
3840 1183 3930 1218 το.

2353 1270 2539 1323 σοῦτον
2567 1269 2658 1320 ἐπὶ
2686 1268 2761 1339 τῷ
2795 1268 3007 1338 δόματι,
3031 1269 3153 1319 ὅσον
3172 1266 3261 1318 ἐπὶ
3285 1266 3350 1333 τῇ
3371 1261 3604 1331 πλουσίᾳ
3633 1261 3728 1312 καὶ
3753 1259 3928 1329 ἀγαθῇ

2351 1360 2666 1432 προαιρέσει
2698 1358 2790 1411 τοῦ
2816 1356 3208 1428 μεταδιδόντος,
3241 1355 3314 1418 ὡς
3347 1354 3461 1407 ἔστι
3506 1351 3928 1424 πληροφορηθῆ-

2351 1471 2436 1507 ναι
2479 1456 2542 1506 ἐκ
2573 1453 2672 1524 τῆς
2701 1454 2960 1522 πενιχρᾶς
3011 1451 3186 1523 χήρας
3221 1449 3491 1520 βαλούσης
3530 1447 3598 1500 τά
3624 1446 3718 1500 δύο
3763 1446 3930 1498 λεπτὰ

2352 1546 2431 1607 είς
2456 1544 2517 1596 τὸ
2543 1542 2962 1612 γαζοφυλάκιον.

2423 1634 2539 1688 Σοῦ
2560 1634 2627 1686 δὲ
2655 1634 2972 1698 ποιοῦντος
2998 1634 3438 1702 ἐλεημοσύνην,
3467 1628 3802 1699 μὴ’τνώτω,
3834 1644 3930 1698 φη-

2356 1727 2460 1789 σὶν,
2491 1728 2528 1793 ἡ
2556 1727 2838 1796 ἀριστερὰ
2887 1727 3016 1795 χεὶρ
3067 1726 3124 1779 τί
3167 1724 3327 1778 ποιεῖ
3363 1726 3400 1793 ἡ
3448 1722 3639 1787 δεξιά.
3673 1719 3930 1774 Τουτέστι

2359 1817 2433 1887 μὴ
2472 1817 2666 1870 εἰδέναι
2696 1817 2766 1870 τά
2795 1818 2894 1887 τῆς
2929 1817 3128 1888 σαρκὸς
3158 1816 3440 1886 Θελήματα
3470 1816 3570 1887 τὴν
3615 1813 3812 1882 σκέψιν
3839 1811 3928 1864 τοῦ

676 1913 804 1950 vero
845 1899 958 1952 fieri
998 1908 1189 1966 potest,
1231 1907 1288 1949 ut
1331 1898 1456 1951 dum
1490 1898 1613 1966 quis
1655 1896 1782 1950 facit
1823 1898 2242 1966 eleemosynam,

2348 1909 2499 1977 ἀγίου
2550 1908 2884 1980 Πνεύματος.
2947 1909 3070 1974 Πῶς
3121 1910 3178 1963 δὲ
3244 1911 3336 1963 καὶ
3377 1904 3486 1962 οἷόν
3537 1910 3596 1962 τέ
3656 1912 3778 1962 ἐστι
3836 1906 3928 1961 τοῦ

676 2004 873 2042 manus
901 1989 1019 2056 ejus
1054 1989 1270 2042 sinistra
1315 1989 1365 2040 in
1412 2001 1614 2057 partem
1662 1987 1842 2054 operis
1895 2002 1958 2040 ac
2000 1987 2244 2040 beneﬁcii

677 2095 786 2132 non
828 2079 1043 2132 veniat?
1074 2079 1299 2149 Upmlet
1331 2080 1475 2132 enim
1507 2079 1694 2132 ambas
1720 2094 1913 2132 manus
1937 2094 1994 2132 se
2017 2079 2246 2134 invicem

676 2173 730 2223 in
761 2170 1066 2238 pizrstando
1115 2169 1376 2223 beneficio
1411 2183 1635 2234 prorsus
1675 2169 1887 2238 juvarc.
1934 2167 2068 2222 Nam
2118 2171 2247 2223 laeva

677 2279 838 2317 manu
882 2267 1165 2333 pecuniam
1212 2263 1326 2315 sive
1371 2276 1685 2315 crumenam
1741 2270 1991 2327 tenente,
2029 2262 2248 2316 dextera

675 2356 877 2410 bonum
913 2372 1096 2410 semen
1127 2358 1178 2408 in
1214 2371 1343 2422 agro
1372 2355 1553 2408 eordis
1589 2370 1886 2422 pauperum
1919 2355 2153 2425 spargit,
2191 2365 2249 2411 ut

676 2450 882 2518 spicam
933 2459 1115 2512 metat,
1169 2463 1274 2501 non
1332 2448 1516 2502 culmo
1567 2448 1891 2513 haerentem;
1941 2451 2034 2502 sed
2083 2451 2246 2502 vitam

676 2542 1061 2610 sempiternam
1094 2552 1145 2594 et
1190 2540 1554 2594 immortalem
1590 2540 1644 2593 in
1689 2556 1851 2594 cruce
1897 2556 2246 2610 suspensam.

672 2632 791 2689 Non
823 2636 933 2688 vult
977 2643 1152 2690 autem
1196 2634 1517 2704 Unigenitus
1565 2633 1821 2688 sinistras
1895 2634 2250 2703 carnalesque

674 2729 1030 2800 cogitationes
1055 2727 1193 2780 scire
1226 2727 1354 2795 quid
1396 2725 1558 2780 faciat
1597 2740 1793 2780 manus
1822 2725 2039 2780 dextera
2075 2727 2248 2782 sancti

677 2817 937 2887 Spiritus,
981 2835 1045 2871 ne
1081 2817 1219 2871 forte
1261 2821 1400 2871 bono
1431 2817 1708 2886 proposito
1735 2826 1790 2870 et
1827 2819 2022 2887 opima:
2054 2819 2244 2873 volun-

677 2912 774 2966 tati
805 2922 1120 2966 aversentnr
1158 2910 1400 2963 dicentes
1431 2927 1444 2962 :
1481 2908 1629 2978 Opus
1675 2909 1832 2962 nobis
1873 2918 1955 2963 est
1998 2909 2064 2962 ad
2113 2908 2250 2962 mul-

674 3013 763 3059 tos
799 3020 971 3057 annos
1008 3004 1159 3056 cibos
1195 3013 1549 3072 sumptusque
1580 3017 1792 3065 curare,
1833 3013 2010 3055 vestes
2047 3002 2246 3067 varias,

675 3107 896 3149 ornatas
924 3096 1134 3157 domos,
1165 3103 1479 3163 argenteum
1511 3093 1802 3158 ferculum,
1827 3092 2132 3163 depositum
2161 3109 2250 3146 au-

674 3203 848 3250 reum,
883 3186 1150 3256 mancipia
1184 3187 1248 3238 ad
1291 3187 1678 3246 ministerium.
1717 3187 1868 3239 vicos
1908 3196 1961 3239 ct
1990 3202 2150 3255 agros
2182 3187 2245 3239 ad

677 3287 995 3348 proventus.
1026 3276 1235 3330 Dextrae
1259 3277 1400 3330 enim
1431 3288 1609 3345 partes
1641 3277 1812 3332 sancti
1842 3277 2078 3346 Spiritus
2111 3279 2248 3331 nihil
2275 3243 2319 3301 ε

674 3371 871 3426 lterum
915 3370 1138 3424 omnino
1167 3378 1363 3424 curant
1391 3371 1471 3423 vel
1503 3370 1919 3438 concupiscunt,
1972 3370 2098 3424 huic
2143 3369 2246 3424 Do—

673 3465 886 3518 miuij
921 3463 1036 3516 voci
1078 3461 1234 3514 fidem
1279 3461 1580 3514 habentes:
1623 3460 1855 3525 Quwrite
1897 3464 2122 3532 primunt
2165 3481 2246 3516 re-

673 3572 834 3627 gnum
880 3553 996 3613 Dei.
1040 3563 1087 3605 et
1135 3552 1243 3604 huic
1298 3554 1473 3604 omnia
1525 3551 1843 3618 adjiciantur
1886 3554 2026 3605 vobis
2045 3554 2111 3607 ⁷⁸.
2159 3551 2248 3611 Sic

674 3658 820 3702 certe
857 3662 964 3699 non
999 3645 1210 3699 noverit
1235 3644 1456 3696 siniStra
1493 3645 1620 3712 quid
1651 3642 1809 3697 fariat
1842 3645 2080 3698 dextera.
2107 3643 2246 3699 Cum

673 3741 817 3793 enim
858 3753 1011 3791 mens
1035 3751 1172 3808 puro
1203 3733 1308 3788 Deo
1336 3735 1578 3806 placendi
1622 3736 1889 3790 desiderio
1925 3735 2136 3798 aﬂ'ecta,
2169 3747 2249 3790 to-

672 3832 855 3901 lisque
888 3830 1064 3884 nitens
1089 3829 1292 3884 viribus
1329 3843 1394 3880 ne
1429 3828 1497 3881 ab
1537 3828 1712 3881 ollieio
1742 3829 1985 3893 recedat,
2011 3828 2248 3898 legitime

673 3924 945 3986 decertat;
982 3930 1109 3974 tunc
1138 3935 1267 3973 sane
1299 3919 1500 3973 nullius
1534 3936 1708 3990 neque
1741 3921 1970 3973 membri
2014 3920 2246 3990 alicujus

673 4015 1012 4074 recordatur,
1065 4012 1168 4065 nisi
1217 4011 1335 4081 ejus
1377 4012 1520 4082 quod
1573 4013 1639 4065 ad
1701 4027 1936 4082 praesens
1978 4027 2113 4081 opus
2145 4028 2246 4069 usu

674 4109 887 4172 veniat;
922 4108 1062 4160 haud
1097 4122 1256 4161 secus
1287 4117 1446 4176 atque
1481 4106 1697 4170 artifex,
1724 4109 1818 4176 qui
1863 4108 2058 4176 quovis
2107 4118 2245 4162 tem-

675 4215 805 4271 pore
833 4201 1006 4253 solum
1053 4197 1155 4251 sibi
1191 4199 1559 4252 necessarium
1608 4200 2030 4253 instrumentum
2072 4200 2246 4269 respi-

672 4294 768 4349 cit.
794 4293 1040 4360 lnsuper,
1072 4291 1116 4344 si
1150 4291 1295 4344 nulla
1324 4291 1719 4345 incredulitatis
1743 4292 1794 4343 in
1821 4291 1922 4345 fide
1953 4291 2089 4346 ratio
2117 4294 2247 4348 sub-

675 4386 766 4447 sit,
802 4400 900 4439 nec
931 4385 1020 4437 lux
1055 4384 1227 4453 possit
1255 4397 1376 4437 esse
1405 4383 1750 4438 tenebrarum
1787 4396 1971 4447 causa,
1999 4398 2099 4435 nec
2121 4397 2243 4436 cum

673 4477 899 4531 Christo
918 4476 1166 4530 diabolus
1196 4475 1620 4530 commoustrari
1655 4474 1860 4539 valeat;
1898 4472 2241 4528 manifestum

2350 2000 2628 2063 ποιοῦντος
2657 2001 2753 2070 τὴν
2786 2001 3150 2073 ἐλεημοσύνην
3169 2045 3182 2066 ,
3221 2002 3317 2073 τὴν
3336 2003 3629 2072 ἀριστερὰν
3661 2004 3821 2073 χεῖρα
3858 2003 3928 2073 μὴ

2352 2095 2629 2162 συνεργεῖν
2656 2095 2734 2154 εἰς
2761 2093 2822 2144 τὸ
2853 2092 3010 2162 ἔργον
3036 2095 3133 2163 τῆς
3160 2093 3405 2156 εὐποιίας
3433 2110 3447 2156 ;
3474 2094 3594 2164 Χρὴ
3629 2095 3742 2164 γὰρ
3775 2094 3930 2146 παντὶ

2350 2186 2564 2247 πάντως
2596 2183 2694 2248 τὰς
2733 2185 3000 2255 ἑκατέρας
3034 2188 3220 2255 χεῖρας
3249 2188 3529 2256 συνεργεῖν
3563 2185 3832 2255 ἀλλήλαις
3857 2190 3930 2249 είς

2349 2279 2444 2348 τὴν
2467 2279 2732 2331 εὐποιίαν.
2762 2277 2876 2347 Τῆς
2916 2276 3022 2350 γάρ
3051 2279 3344 2349 ἀριστερᾶς
3366 2279 3547 2350 χειρὸς
3596 2280 3930 2348 κατεχούσης

2347 2369 2408 2422 τὸ
2449 2372 2657 2439 χρῆμα,
2692 2370 2811 2438 ἢτοι
2854 2367 2917 2419 τὸ
2949 2366 3317 2438 βαλάντιον,ή
3367 2366 3514 2432 δεξιά
3559 2370 3682 2441 χεὶρ
3722 2369 3930 2440 στπὶρει

2349 2462 2437 2513 τὸν
2473 2459 2632 2511 καλὸν
2669 2458 2869 2529 σπόρον
2927 2459 3006 2520 είς
3035 2458 3133 2527 τὴν
3168 2456 3351 2528 χώραν
3406 2459 3507 2528 τῆς
3566 2460 3801 2530 καρδίας
3827 2459 3930 2513 τῶν

2351 2550 2615 2619 πενήτων,
2651 2547 2738 2600 ἵνα
2766 2547 2958 2618 θερίσῃ
2986 2549 3184 2616 στάχυν
3230 2549 3306 2618 μὴ
3343 2549 3564 2619 καλάμῃ
3601 2567 3930 2620 προσανατεο

2350 2640 2598 2709 ταμένον,
2641 2638 2774 2691 ἀλλά
2797 2638 2892 2708 τὴν
2924 2654 3170 2708 προηρτη
3182 2639 3349 2708 μένην
3395 2638 3472 2710 τῷ
3514 2640 3738 2710 σταυρῷ
3767 2641 3932 2694 ἀΐδιον

2349 2734 2440 2786 καὶ
2462 2732 2724 2787 ἀθάνατον
2749 2731 2915 2801 ζωήν.
2943 2731 3019 2784 Οὐ
3049 2730 3294 2800 βούλεται
3317 2731 3373 2784 δὲ
3402 2734 3430 2784 6
3458 2731 3772 2803 Μονογενὴς
3799 2733 3929 2786 εἰδέα

2350 2843 2437 2879 ναι
2466 2828 2590 2888 τοὺς
2620 2825 2913 2895 σαρκικους
2943 2823 3234 2892 λογισμοὺς
3275 2824 3325 2876 τί
3360 2827 3501 2878 ποιεί
3545 2827 3578 2896 ἡ
3606 2826 3762 2893 δεξιά
3814 2827 3928 2898 χεὶρ

2349 2917 2443 2970 τοῦ
2475 2917 2630 2984 ἁγίου
2663 2917 2999 2985 Πνεύματος,
3033 2916 3120 2967 ἵνα
3146 2918 3217 2985 μή
3247 2932 3374 2968 ποτε
3418 2920 3482 2987 τῇ
3521 2919 3706 2987 ἀγαθῇ
3734 2920 3928 2990 προϐὰ-

2353 3026 2432 3062 σει
2468 3010 2560 3062 καὶ
2587 3011 2649 3080 τῇ
2706 3007 2934 3077 πλουσίᾳ
2979 3007 3294 3080 προαιρέσει
3338 3009 3814 3079 προσεμποδίζωσι
3851 3009 3928 3063 λέο

2351 3117 2564 3169 γοντες·
2614 3100 2928 3170 Ὀφείλομεν
2977 3098 3120 3168 ἔχειν
3156 3100 3364 3153 πολλῶν
3403 3099 3542 3153 ἐτῶν
3575 3104 3787 3173 τροφὴν
3842 3103 3926 3155 καὶ

2352 3191 2701 3260 ἀναλώματα.
2740 3192 2930 3259 ἱμάτια
2967 3190 3217 3261 διάφορα,
3249 3194 3430 3252 οἴκους
3478 3192 3926 3262 κεκαλλωπισμέ-

2353 3301 2496 3345 νους,
2532 3282 2827 3353 παράθεσιν
2865 3284 3156 3353 ἀργυρέαν,
3193 3285 3414 3353 χρυσίον
3454 3285 3802 3348 έναπόθετον,
3833 3285 3920 3337 ἀν-

2352 3375 2588 3444 δράποδα
2618 3376 2697 3436 εἰς
2722 3375 3045 3444 ὑπηρεσίαν,
3074 3374 3247 3444 χωρία
3287 3377 3379 3427 mi.
3421 3376 3624 3446 ἀγροὺς
3653 3378 3737 3438 είς
3771 3391 3923 3446 προσ-

2350 3469 2518 3530 όδους.
2557 3465 2637 3519 Τὰ
2663 3466 2770 3536 γὰρ
2793 3465 2942 3530 δεξιά
2972 3465 3110 3536 μέρη
3138 3465 3232 3518 τοῦ
3254 3466 3410 3534 ἁγίου
3434 3468 3754 3537 Πνεύματος
3783 3466 3922 3519 οὐδὲν

2350 3559 2553 3612 τούτων
2589 3557 3015 3630 φροντίζουσινῆ
3047 3559 3407 3630 ἐνθυμοῦνται
3446 3561 3506 3614 τὸ
3539 3562 3759 3616 σύνολον
3785 3602 3800 3626 ,
3843 3579 3922 3615 πι-

2353 3653 2606 3705 στεύοντα
2636 3655 2698 3722 τῇ
2729 3652 3016 3722 δεσποτικῇ
3051 3653 3200 3721 φωνῇ
3227 3669 3236 3680 ·
3270 3652 3509 3718 Ζητεῖτε
3535 3651 3773 3720 πρῶτον
3819 3651 3920 3718 τὴν

2344 3746 2669 3810 ,Βασιλείαν
2692 3745 2797 3799 τοῦ
2827 3744 2996 3809 Θεοῦ,
3024 3745 3120 3796 καί
3164 3743 3350 3796 ταῦτα
3373 3744 3571 3796 πάντα
3598 3744 3919 3813 προστεθὴυ

2349 3851 2517 3890 σεται
2546 3835 2704 3905 ὑμῖν.
2735 3835 2844 3887 Καὶ
2876 3833 3016 3886 οὕτω
3041 3833 3085 3884 δ’
3111 3832 3176 3885 ἂν
3202 3834 3261 3885 ού
3293 3833 3560 3901 γνώσεται
3605 3839 3636 3907 ἡ
3671 3838 3919 3907 ἀριστερά

2349 3931 2399 3982 τί
2428 3932 2571 3981 ποιεί
2608 3931 2640 4000 ἡ
2684 3927 2850 3994 δεξιά.
2889 3928 3056 3979 Ὅταν
3086 3927 3194 3997 γὰρ
3219 3928 3248 3979 6
3274 3926 3397 3991 νοῦς
3421 3929 3809 4001 ἀμετεωρίστῳ
3837 3931 3918 3984 καὶ

2347 4023 2619 4096 τεταμένῃ
2649 4021 2915 4092 ἐπιθυμίᾳ
2944 4023 3042 4094 τῆς
3070 4021 3208 4094 πρὸς
3236 4025 3368 4078 Θεὸν
3412 4026 3839 4097 εύαρεστήσεως,
3867 4025 3917 4088 ἐξ

2348 4111 2637 4182 ὁλοκλήρου
2701 4111 2949 4179 ἀγωνιῶν
3005 4114 3077 4182 μὴ
3136 4115 3342 4186 ἐκπέσῃ
3389 4115 3481 4168 τοῦ
3540 4118 3915 4184 προσήκοντος,

2348 4203 2669 4271 ἀγωνίζεται
2704 4204 2974 4272 νομίμως·
3007 4203 3127 4255 τότε
3157 4204 3370 4266 οὐδενὸς
3407 4203 3530 4257 οὔτε
3567 4206 3762 4275 μέλους
3815 4205 3918 4258 ἑτέ-

2350 4311 2444 4365 ρου
2470 4293 2736 4364 λαμϐάνει
2769 4291 2991 4358 ἔννοιαν,
3021 4295 3067 4347 εἰ
3100 4293 3172 4365 μὴ
3203 4295 3362 4364 μόνον
3383 4296 3478 4349 τοῦ
3506 4296 3916 4368 χρησιμεύοντος

2346 4390 2426 4451 είς
2459 4387 2520 4440 τὸ
2547 4386 2924 4458 προκείμενον,
2960 4387 3034 4450 ὡς
3059 4388 3088 4440 6
3113 4389 3362 4458 τεχνίτης
3398 4389 3517 4442 καθ’
3549 4391 3782 4443 ἕκαστον
3809 4404 3913 4442 κτι-

2349 4481 2460 4551 ρὸν,
2492 4479 2776 4551 ἐμϐλέπων
2809 4479 2953 4551 μόνῳ
2985 4479 3062 4549 τῷ
3095 4479 3480 4552 χρησιμεύοντι
3527 4481 3676 4551 αὐτῷ
3721 4481 3908 4535 πεὸει.

673 4586 806 4625 sane
831 4577 1110 4638 estneque
1136 4584 1256 4622 cum
1291 4566 1498 4621 ratione
1525 4582 1645 4621 esse
1675 4581 1852 4636 posse,
1886 4566 1936 4620 id
1976 4566 2116 4636 quod
2150 4581 2239 4620 ra-

2351 4573 2471 4626 Ἔτι
2494 4574 2542 4625 εἰ
2569 4571 2741 4635 οὐδεὶς
2771 4572 3030 4634 ἀπιστίας
3060 4571 3115 4624 ὲν
3143 4575 3207 4642 τῇ
3235 4572 3415 4624 πίστει
3439 4572 3615 4640 λόγος,
3649 4574 3772 4626 οὐδὲ
3800 4573 3911 4625 σκό-

676 4663 808 4716 tioni
833 4661 1057 4715 omnino
1091 4661 1423 4712 contrarium
1457 4668 1555 4712 est.
1593 4657 1747 4724 Quod
1784 4659 1827 4712 si
1871 4673 1993 4712 cum
2035 4659 2242 4712 ratione

671 4769 896 4826 prorsus
923 4769 1044 4808 esse
1079 4768 1184 4805 non
1224 4752 1393 4820 possit
1426 4752 1474 4804 id
1504 4752 1647 4821 quod
1680 4760 1761 4805 est
1795 4750 1989 4804 rationi
2025 4760 2243 4804 contra-

670 4848 811 4904 rium
839 4865 852 4912 ;
878 4846 968 4916 qui
998 4846 1062 4900 ad
1090 4845 1350 4898 virtutum
1383 4845 1643 4899 rationem
1677 4855 1897 4898 evectus
1931 4852 2012 4899 est
2032 4884 2044 4905 ,
2076 4845 2239 4897 situm

669 4940 866 4998 rationi
903 4937 1237 4994 contrarium
1286 4936 1480 5001 nescit,
1523 4936 1614 4990 scd
1654 4951 1817 4990 unam
1862 4935 2110 4990 virtutem
2147 4950 2240 4989 eo-

669 5032 910 5104 gnoscit;
946 5041 1105 5100 atque
1147 5029 1266 5084 ideo
1305 5044 1479 5099 neque
1524 5029 1800 5082 dexteram
1836 5028 2010 5092 quoad
2048 5041 2236 5082 exces-

671 5143 813 5190 εοιιιι,
853 5140 1025 5193 neque
1053 5123 1328 5178 sinistram
1352 5124 1530 5194 quoad
1561 5121 1830 5177 defectuum
1872 5124 2035 5176 novit.
2079 5121 2238 5178 Utro-

669 5218 832 5287 bique
857 5215 1002 5271 enim
1027 5217 1267 5270 occurrit
1291 5214 1437 5285 quod
1463 5213 1661 5269 rationi
1691 5225 1876 5284 aperte
1899 5213 2234 5270 contrarium

668 5319 772 5365 est.

743 5486 964 5544 Orontes
1009 5497 1184 5542 autem
1227 5505 1290 5543 ne
1336 5489 1560 5542 multum
1594 5488 1885 5558 loquamini
1921 5491 1988 5547 ⁷⁸.
2018 5491 2235 5563 Longas

669 5579 758 5633 liie
779 5580 1060 5635 orationes
1080 5622 1096 5646 ,
1132 5581 1225 5635 sed
1258 5597 1365 5636 non
1402 5580 1715 5651 frequentes
1747 5592 2042 5640 aversatur.
2074 5584 2237 5642 lubet

667 5671 813 5723 enim
844 5673 961 5725 sine
997 5671 1398 5730 intermissione
1431 5687 1612 5728 orare.

743 5870 979 5928 "Hatth
1037 5892 1089 5930 νι
1156 5877 1246 5934 ὃὸ.
1355 5879 1397 5910 ’⁸
1431 5877 1610 5930 Matth.
1660 5892 1746 5940 vt.
1783 5877 1820 5933 7.

2338 4685 2462 4730 τους
2497 4667 2666 4720 αἴτιον
2688 4664 2827 4718 κατά
2850 4663 3009 4732 φύσιν
3039 4664 3271 4735 ὑπάρχει
3297 4664 3356 4718 τὸ
3379 4665 3516 4735 φῶς,
3550 4667 3671 4719 οὐδὲ
3706 4665 3912 4735 Χριστῷ

2343 4756 2811 4816 συνενδείκνυσθαι
2838 4756 3080 4826 πέφυκεν
3111 4758 3139 4808 6
3162 4756 3405 4821 διάϐολος
3427 4775 3440 4788 ο
3477 4757 3658 4827 δῆλον,
3706 4758 3782 4822 ὡς
3803 4757 3910 4810 οὐδὲ

2337 4854 2414 4925 τῷ
2439 4853 2582 4921 λόγῳ
2607 4849 2940 4920 συνυπάρχει
2971 4849 3030 4902 τὸ
3055 4848 3204 4919 παρά
3234 4851 3399 4902 παντὶ
3427 4850 3758 4921 παράλογον.
3789 4851 3908 4904 Εἰδὲ

2338 4946 2416 5018 τῷ
2454 4945 2596 5015 λόγῳ
2643 4945 2877 4996 συνεῖναι
2912 4941 3185 5006 navalia;
3216 4944 3277 4995 οὐ
3314 4942 3536 4997 δύναται
3581 4945 3643 4997 τὸ
3680 4943 3908 5015 παράλο-

2342 5054 2457 5105 γον,
2486 5038 2514 5088 6
2543 5033 2676 5106 πρὸς
2701 5032 2790 5085 τὸν
2824 5031 2978 5101 λόγον
3004 5031 3110 5084 τῶν
3136 5032 3341 5102 ἀρετῶν
3365 5032 3621 5102 ἀναχθεὶς
3652 5033 3749 5104 τὴν
3777 5033 3907 5100 παρὰ

2344 5128 2430 5180 τὸν
2463 5126 2620 5194 λόγον
2648 5126 2749 5179 οὐκ
2796 5125 3080 5177 ἐπίσταται
3131 5123 3299 5186 θέσιν,
3352 5124 3519 5196 μόνην
3552 5123 3608 5177 δὲ
3666 5127 3905 5193 γινώσκει

2342 5217 2439 5288 τὴν
2466 5219 2666 5288 ἀρετήν
2692 5232 2705 5244 ⁸
2735 5214 2829 5268 καὶ
2859 5213 2946 5268 διά
2973 5213 3131 5266 τοῦτο
3158 5212 3279 5267 οὕτε
3306 5213 3486 5280 δεξιὰν
3514 5213 3604 5267 διὰ
3637 5217 3736 5284 τῆς
3763 5215 3904 5282 61:59-

2341 5313 2491 5382 οχῆς,
2517 5309 2639 5365 οὔτε
2677 5307 2968 5380 ἀριστερὰν
3009 5305 3097 5360 διὰ
3128 5305 3227 5374 τῆς
3270 5305 3560 5374 ἐλλείψεως
3605 5307 3899 5361 ἐπίσταται.

2352 5403 2467 5456 Ἐπ’
2496 5404 2697 5474 ἀμφοῖν
2732 5401 2839 5470 γάρ
2867 5399 3149 5471 Θεωρεῖται
3181 5397 3368 5466 σαιρῶς
3401 5398 3463 5450 τὸ
3491 5399 3820 5470 παράλογον.

2409 5497 2886 5566 Προσευχόμενοι
2916 5492 2983 5546 δὲ
3005 5492 3090 5563 μὴ
3124 5491 3642 5561 βατταλογήσητε.
3687 5490 3901 5563 Μακρὰς

2339 5588 2574 5643 ἐνταῦθα
2595 5588 2965 5660 ἀποτρέπεται
2995 5585 3185 5655 εύχάςο
3214 5582 3327 5636 ἀλλ’
3359 5583 3419 5636 ού
3467 5582 3690 5646 πολλάς.
3744 5581 3898 5638 ’Δδιαο

2340 5681 2575 5745 λείπτως
2615 5679 2723 5754 γὰρ
2753 5677 2962 5733 κελεύει
2987 5674 3394 5748 προσεύχεσθαι.
