4142 6508
704 430 841 486 4575
1538 429 1592 481 S.

1638 426 2005 482 ATllANASll
2040 425 2187 480 OPP.
2231 422 2411 479 PARS
2450 423 2538 481 Ill.
2574 457 2642 467 —
2681 425 3088 482 EXEGETICA.

3811 430 3932 483 1575

702 547 984 608 comedere
1022 550 1193 604 audis.
1227 551 1302 605 lta
1358 567 1490 606 sane
1526 566 1700 621 neque
1739 551 1845 605 alio
1879 551 2041 605 modo
2088 565 2176 604 res
2210 564 2266 604 se

2368 549 2464 603 aint
2503 549 2676 612 ἄλλως
2704 567 2841 613 πως.
2889 549 3084 604 Ἐσθίει
3112 550 3168 603 δὲ
3189 549 3334 620 ψυχὴ
3369 550 3435 602 τά
3464 549 3934 621 παραπεμπόμενα

701 642 886 696 habet.
915 641 1160 694 Comi-dit
1188 656 1350 710 porro
1389 642 1569 695 anima
1596 657 1716 711 quae
1737 643 1818 696 ori
1855 643 2221 696 immittuntur
2246 661 2259 697 :

701 731 828 800 quia
852 746 916 784 ex
950 739 1142 784 natura
1170 746 1268 785 sua
1303 731 1475 784 calida
1505 738 1608 795 est,
1635 731 1788 799 juxta
1829 730 2118 800 Sapientia:
2141 747 2262 786 ver-

703 823 871 878 bum:
901 821 1090 875 Anima
1133 822 1307 876 calida
1348 831 1424 876 est
1459 833 1514 875 ut
1553 823 1684 891 ignis
1726 839 1971 875 accensus
2003 824 2068 876 ⁸⁸.
2115 822 2263 878 Sicut

700 928 828 985 ergo
873 913 1013 983 ignis
1049 914 1291 969 immissa
1343 916 1396 967 in
1443 915 1668 968 lebetem
1705 915 2028 984 concoquit;
2075 916 2263 970 eodem

701 1006 862 1060 modo
908 1005 1061 1073 ignea
1109 1006 1310 1070 anima,
1364 1008 1618 1062 alimenta
1661 1008 1715 1060 in
1758 1019 1994 1062 ventrem
2047 1007 2264 1063 inducta

701 1098 897 1167 digerit
926 1107 979 1152 et
1003 1102 1259 1154 absumit.
1296 1099 1521 1155 Etiamsi
1552 1117 1714 1170 porro
1754 1101 1896 1172 ψυχή
1920 1141 1934 1162 ,
1972 1101 2022 1154 id
2044 1104 2264 1156 estaui-

702 1203 818 1253 tua,
849 1198 1100 1254 vocetur;
1150 1207 1256 1244 non
1310 1193 1382 1246 ita
1421 1194 1621 1249 dicitur
1648 1196 1788 1264 quod
1823 1197 1893 1248 sit
1933 1205 2122 1249 natura
2168 1209 2266 1249 sua

704 1277 906 1350 ψυχρά,
934 1280 985 1334 id
1023 1290 1106 1335 est
1139 1281 1348 1352 frigida,
1386 1294 1446 1338 ut
1480 1301 1545 1340 ex
1587 1286 2006 1355 simplicioribus
2049 1288 2266 1355 quidam

703 1369 948 1426 arbitrati
984 1381 1145 1439 sunt;
1181 1376 1274 1430 sed
1319 1377 1444 1446 quia
1479 1394 1545 1432 ex
1591 1380 1762 1433 multo
1801 1379 2002 1442 calore,
2047 1379 2264 1433 humida

703 1463 972 1531 exsiccat;
1000 1467 1144 1535 quod
1173 1469 1334 1521 etiam
1361 1485 1425 1522 ex
1453 1469 1584 1523 solis
1618 1470 1668 1523 vi
1700 1481 1753 1523 et
1779 1470 2015 1524 ellicacia
2048 1471 2265 1538 planum

704 1555 927 1608 evadit:
979 1573 1103 1611 nam
1156 1574 1278 1612 cum
1340 1561 1546 1615 calidus
1599 1561 1895 1631 igneusque
1948 1562 2039 1626 sit,
2095 1562 2266 1614 lutum

707 1648 965 1708 exsiccat.
1021 1648 1410 1719 humidumque
1457 1668 1618 1708 omne
1669 1654 1719 1707 iu
1780 1669 2030 1723 vaporem
2089 1655 2268 1710 solvit.

705 1737 863 1804 Quod
909 1748 1090 1794 autem
1138 1743 1316 1796 anima
1364 1760 1430 1798 es
1482 1756 1671 1799 natura
1718 1761 1814 1799 sua
1846 1745 2019 1799 calida
2063 1747 2153 1807 sit.
2187 1747 2270 1800 vel

703 1839 1039 1885 mortuorum
1092 1835 1361 1904 exemplo,
1413 1834 1608 1900 frater,
1666 1853 1990 1906 persuasum
2044 1838 2264 1892 habeas.

702 1920 935 1989 Etenim,
967 1939 1089 1978 cum
1122 1928 1303 1981 anima
1330 1944 1359 1980 a
1393 1945 1618 1997 corpore
1649 1941 1896 2000 separata
1937 1939 2051 1996 est,
2097 1933 2270 2000 rigent

703 2015 888 2068 omnia
921 2019 1183 2084 membra,
1220 2020 1575 2077 nihilominus
1594 2039 1756 2092 quam
1790 2025 2015 2076 hiberna
2047 2023 2266 2092 glacies,

704 2108 932 2175 niveque
966 2106 1241 2179 frigidiora
1285 2113 1539 2167 evadunt.
1581 2113 1656 2167 Ex
1700 2115 1768 2167 iis
1802 2115 1929 2168 item
1973 2129 2093 2183 quae
2137 2123 2271 2168 tem-

703 2210 833 2264 pore
862 2197 1020 2254 famis
1040 2202 1378 2271 contingunt,
1397 2215 1552 2272 potes
1574 2221 1788 2276 quoque
1803 2223 1912 2262 rem
1939 2209 2267 2278 propositam

703 2290 1056 2356 comprobare
1083 2310 1097 2347 :
1149 2293 1322 2349 donec
1354 2297 1494 2348 enim
1523 2297 1701 2351 anima
1732 2299 1835 2352 cihi
1868 2301 2021 2370 copia
2049 2301 2267 2368 fruitur,

703 2394 904 2451 corpus
949 2383 1090 2452 viget
1143 2400 1275 2441 sane
1310 2387 1556 2457 valetque
1600 2390 1845 2456 viribus;
1889 2401 1943 2445 at
1987 2391 2270 2448 deﬁciente

704 2474 856 2539 cibo,
889 2475 1066 2545 ipsum
1101 2493 1299 2548 corpus
1336 2481 1575 2536 absumit
1619 2491 1673 2536 et
1717 2485 2037 2553 corrumpit.
2085 2484 2271 2554 Neque

703 2566 847 2621 enim
879 2577 1056 2637 potest
1089 2584 1287 2638 corpus
1318 2572 1523 2640 absque
1554 2573 1680 2626 cibo
1737 2576 1933 2629 animm
1960 2576 2125 2630 calori
2169 2577 2270 2629 ob-

705 2657 914 2723 sistere,
963 2659 1421 2728 quemadmodum
1463 2679 1639 2732 neque
1673 2680 1768 2719 vas
1804 2681 2011 2720 aeneum
2054 2668 2269 2723 clibano

704 2747 1016 2819 impositum
1065 2751 1204 2820 ignis
1237 2753 1632 2808 vehementiam
1669 2757 1784 2811 sine
1821 2774 1960 2827 aqua
2003 2759 2144 2813 ferre
2173 2777 2266 2815 va-

707 2837 813 2904 let;
865 2856 1088 2911 prorsus
1137 2843 1282 2896 enim
1344 2843 1587 2900 funditur
1638 2856 1691 2901 et
1737 2849 2003 2916 liquescit.
2069 2849 2267 2906 Eodem

703 2943 927 3000 prorsus
974 2934 1134 2987 modo
1173 2934 1319 2990 lebes
1365 2938 1648 3006 corporis,
1695 2939 1976 2994 deﬁciente
2017 2941 2170 3000 cibo,
2203 2940 2271 2993 ab

704 3023 857 3094 ignea
893 3027 1071 3080 anima
1117 3028 1435 3098 absumptus
1487 3033 1712 3086 omnino
1769 3035 2171 3102 pessumdatur.
2212 3034 2266 3087 ln

704 3132 918 3172 summa
975 3131 1154 3174 autem
1211 3135 1277 3174 eo
1336 3122 1570 3176 maxime
1625 3135 1830 3193 spectat
1869 3126 1997 3180 illud
2056 3126 2267 3180 Domini

2363 639 2440 708 τῷ
2462 641 2718 710 στόματι·
2751 641 2872 693 ἐπεί
2892 642 3006 694 ἐστι
3033 641 3133 712 τὴν
3166 639 3326 710 φύσιν
3353 639 3534 711 θερμὴ
3571 642 3711 692 κατά
3747 640 3836 692 τὸν
3857 639 3935 692 λό-

2363 747 2458 796 γον
2506 732 2605 801 τῆς
2648 732 2872 800 Σοφίας·
2917 733 3092 800 Ψυχὴ
3127 731 3307 800 θερμὴ
3346 732 3422 798 ὡς
3451 732 3574 799 πῦρ
3600 733 3932 800 καιόμενον.

2365 823 2574 893 Ὠσπερ
2620 819 2713 876 οὖν
2748 824 2808 876 τὸ
2859 825 2969 894 πῦρ
3008 824 3074 877 τὰ
3117 824 3418 894 βαλλόμενα
3459 826 3541 886 εἰς
3594 825 3686 876 τὸν
3742 825 3935 894 λέϐητα

2363 914 2500 983 ἕψει,
2529 913 2700 977 οὕτως
2734 916 2876 985 καὶὴ
2908 915 3160 986 πυρώδης
3179 915 3323 986 ψυχὴ
3353 916 3420 968 τά
3455 917 3936 988 παραπεμπόμενα

2365 1006 2506 1057 σιτία
2533 1008 2597 1074 τῇ
2647 1006 2822 1076 κοιλίᾳ
2857 1006 3104 1059 λεπτύνει
3143 1007 3236 1060 καὶ
3268 1007 3497 1077 δαπανᾷ.
3539 1008 3661 1061 Κᾶν
3699 1008 3756 1061 δὲ
3796 1008 3933 1078 ψυχὴ

2364 1097 2607 1167 λέγηται,
2644 1099 2702 1151 οὗ
2755 1099 2969 1166 λέγεται
3019 1099 3106 1152 διὰ
3141 1101 3200 1152 τὸ
3236 1097 3374 1154 εἶναι
3406 1101 3591 1172 ψυχρά
3627 1104 3696 1171 τῇ
3763 1101 3932 1170 οὐσία,

2365 1188 2438 1252 ὥς
2470 1206 2612 1253 τινες
2646 1191 2753 1243 τῶν
2775 1190 3154 1263 ἁπλουστέρων
3185 1191 3464 1263 ᾠήθησαν,
3496 1191 3636 1246 ἀλλά
3658 1193 3750 1245 διὰ
3781 1193 3841 1246 τὸ
3877 1196 3934 1246 ὲκ

2365 1279 2562 1349 πολλῆς
2586 1280 2918 1352 θερμότητος
2947 1281 3318 1353 ἀναξεραίνειν
3352 1285 3520 1354 αὐτὴν
3553 1283 3627 1336 τὰ
3669 1283 3836 1352 ὑγρὰ,
3865 1284 3935 1346 ὡς

2365 1371 2510 1424 ἔστιν
2535 1372 3010 1444 πληροφορηθῆνσι
3032 1375 3126 1428 καὶ
3149 1377 3212 1428 ὲκ
3227 1375 3326 1444 τῆς
3347 1376 3628 1444 ἐνεργείας
3649 1375 3744 1428 τοῦ
3768 1376 3932 1443 ἡλίου·

2365 1465 2439 1518 ὢν
2467 1466 2576 1536 γὰρ
2619 1465 2818 1536 θερμὸς
2866 1468 2959 1520 καὶ
2996 1465 3282 1537 πυρώδης,
3327 1467 3493 1536 πηλὸν
3531 1467 3804 1538 ξηραίνει,
3851 1471 3935 1521 καὶ

2368 1560 2473 1610 πᾶν
2502 1558 2665 1629 ὑγρὴν
2692 1560 2970 1628 ἀνιμᾶται.
3003 1559 3125 1612 Ὅτι
3157 1559 3264 1629 δὲὴ
3289 1557 3434 1629 ψυχὴ
3460 1558 3636 1629 θερμή
3666 1561 3783 1612 ἐστι
3806 1561 3936 1611 κατά

2369 1648 2550 1716 φύσιν,
2582 1648 2788 1715 πείθου,
2820 1649 3034 1717 άδελφὲ,
3069 1649 3162 1702 καὶ
3198 1650 3262 1702 ὲκ
3312 1649 3420 1701 τῶν
3466 1649 3931 1718 ἀποθνησκόντων.

2367 1731 2443 1808 ᾟ
2466 1736 2573 1808 γὰρ
2596 1737 2945 1808 ἀποχωρισθῇ
2976 1739 3008 1809 ἡ
3041 1736 3185 1808 ψυχὴ
3209 1738 3316 1791 άπὸ
3343 1738 3435 1792 τοῦ
3461 1737 3734 1809 σώματος,
3771 1739 3935 1791 πάντα

2371 1832 2439 1884 τὰ
2473 1831 2605 1902 μέλη
2643 1832 2984 1902 εὑρίσκονται
3017 1830 3420 1903 κρυσταλλὼδη,
3464 1832 3558 1885 καὶ
3586 1831 3741 1885 οὐδὲν

2371 1926 2544 1993 πάγου
2571 1924 2846 1996 χειμερίου
2875 1925 2906 1994 ἢ
2939 1925 3116 1995 χιόνος
3136 1925 3462 1997 ψυχρότερα.
3493 1927 3604 1978 Καὶ
3629 1926 3696 1997 δὴ
3716 1926 3825 1979 ἀπὸ
3838 1927 3936 1977 τῶν

2371 2017 2542 2088 λιμῶν
2575 2016 2691 2068 ἔστι
2719 2016 3010 2087 δοκιμάσαι
3037 2018 3097 2070 τὸ
3126 2017 3416 2088 λεγόμενον
3435 2035 3447 2046 ·
3476 2018 3582 2081 ἕως
3609 2018 3721 2089 γάρ
3754 2019 3867 2089 ἔχει
3904 2021 3933 2086 ἡ

2368 2107 2512 2178 ψυχὴ
2550 2108 2644 2178 τὴν
2669 2108 2873 2179 τροφὴν
2924 2111 3003 2171 εἰς
3027 2108 3306 2178 ἀφθονίαν,
3340 2110 3399 2162 τὸ
3433 2109 3593 2179 σῶμα
3636 2109 3818 2164 θάλλει
3853 2115 3936 2163 καὶ

2370 2203 2691 2273 ἀδρύνεται·
2748 2202 2984 2271 ὁπηνίκα
3036 2203 3092 2255 δὲ
3129 2204 3392 2275 ἀπορήσει
3449 2203 3654 2265 σιτίων,
3709 2203 3842 2256 αὐτὸ
3883 2205 3936 2254 τὸ

2373 2294 2530 2365 σῶμα
2560 2294 2831 2347 κατεσθίει
2863 2295 2956 2347 καὶ⁵
2972 2294 3204 2364 φθείρει.
3228 2295 3303 2347 Οὐ
3324 2296 3430 2365 γὰρ
3453 2294 3676 2348 δύναται
3699 2295 3764 2348 τὸ
3793 2295 3938 2364 σῶμα

2371 2383 2498 2437 ἄνευ
2529 2383 2737 2455 τροφῆς
2769 2383 3016 2453 ἀντέχειν
3056 2382 3191 2454 πρὸς
3227 2381 3325 2453 τὴν
3352 2381 3666 2453 θερμότητα
3711 2380 3813 2449 τῆς
3843 2381 3936 2448 qia-

2370 2476 2490 2546 χῆς,
2520 2475 2594 2538 ὡς
2614 2473 2735 2527 οὔτε
2764 2476 2986 2543 ἀγγεῖον
3019 2472 3255 2544 χαλκοῦν
3283 2473 3456 2537 ἑστὼς
3477 2475 3572 2526 ἐπί
3594 2473 3853 2526 κλιϐάνου
3882 2474 3936 2526 οὐ

2369 2567 2590 2620 δύναται
2615 2566 2741 2619 ἄνευ
2763 2565 2954 2629 ὓδατος
2983 2566 3169 2637 φέρειν
3204 2567 3302 2636 τὴν
3336 2566 3675 2638 σφοδρότητα
3719 2564 3814 2618 τοῦ
3845 2582 3937 2617 πυ-

2375 2659 2493 2728 ρός·
2547 2657 2880 2729 ἑκφρύγεται
2927 2657 3034 2729 γάρ
3081 2657 3171 2711 καὶ
3217 2657 3489 2711 διαλύεται
3538 2657 3767 2710 τέλειον.
3796 2657 3941 2710 Οὕτω

2370 2747 2499 2816 γοῦν
2528 2748 2618 2800 καὶ
2646 2750 2674 2800 ὀ
2701 2747 2862 2818 λέϐης
2885 2745 2979 2801 τοῦ
3011 2746 3280 2818 σώματος,
3316 2748 3390 2819 μὴ
3415 2748 3554 2818 ἔχων
3581 2748 3687 2817 τὴν
3718 2747 3934 2817 τροψὴν,

2372 2841 2522 2910 παρὰ
2547 2840 2642 2904 τῆς
2665 2839 2944 2909 πυρώδους
2979 2838 3158 2909 ψυχῆς
3179 2839 3628 2910 ὑπολικμώμενος
3651 2839 3936 2892 ἀπόλλυται

2373 2932 2707 2986 παντάπασι.
2745 2932 3050 3000 Κεφάλαιον
3099 2932 3155 2984 δὲ
3205 2935 3313 2984 πᾶν
3345 2934 3438 2984 ἐπὶ
3471 2935 3607 2986 πᾶσι
3665 2933 3730 2986 τὸ
3761 2933 3937 3002 λεχθὲν

2371 3025 2505 3096 πρὸς
2531 3023 2624 3076 τοῦ
2660 3024 2863 3095 Κυρίου
2886 3042 2899 3054 ·
2937 3023 3032 3091 Μὴ
3048 3024 3456 3094 μεριμνήσητε
3482 3024 3556 3093 τῇ
3580 3025 3757 3095 ψυχῇ
3784 3024 3938 3096 ὑμῶν

2371 3119 2426 3170 τί
2452 3115 2694 3186 φάγητε,
2725 3116 2764 3184 ἢ
2793 3116 2873 3184 τῷ
2900 3117 3122 3187 σώματι
3160 3118 3218 3170 τί
3243 3117 3620 3184 ἐνδύσησθε·
3655 3121 3748 3172 ἐπὶ
3769 3119 3937 3171 πλεῖόν

703 3210 921 3265 eﬂ'atum
964 3230 978 3265 :
1017 3211 1196 3266 Nolite
1246 3214 1460 3268 solliciti
1507 3231 1615 3269 esse
1659 3219 1852 3271 anima:
1904 3229 2087 3272 vestra:
2143 3220 2267 3287 quid

2374 3210 2516 3260 ἐστιν
2536 3211 2568 3277 ἡ
2599 3208 2743 3280 ψυχὴ
2763 3210 2862 3279 τῆς
2877 3211 3101 3282 τροφῆς,
3128 3212 3221 3264 καὶ
3240 3212 3300 3264 τὸ
3325 3212 3482 3283 σῶμα
3504 3212 3599 3265 τοῦ
3628 3213 3934 3284 ἐνδύματος.

709 3303 1055 3366 manducetis,
1089 3315 1180 3358 aut
1222 3308 1427 3372 corpori
1472 3319 1638 3362 vestro
1683 3311 1807 3380 quid
1853 3312 2147 3364 induamini
2197 3313 2270 3377 ¹¹¹;

709 3392 836 3461 quia
885 3394 1007 3463 plus
1055 3405 1138 3450 est
1177 3399 1356 3453 anima
1392 3417 1554 3470 quam
1603 3418 1748 3464 esca,
1800 3413 1853 3458 et
1903 3421 2102 3474 corpus
2155 3407 2275 3475 plus

708 3498 872 3552 quam
901 3486 1278 3542 vestimentum
1301 3490 1365 3542 ⁸³.
1396 3490 1452 3544 Si
1485 3493 1664 3562 itaque
1697 3495 1786 3549 Dei
1819 3497 1987 3566 gratia
2015 3509 2274 3567 praestan-

708 3574 938 3629 tioribus
968 3577 1373 3650 majoribusque
1419 3584 1576 3640 bouis
1617 3587 1791 3640 allecti
1839 3605 2065 3655 sumus,
2104 3592 2270 3644 multc

711 3667 886 3736 magis
912 3667 1061 3723 hisce
1090 3671 1390 3727 minoribus
1415 3676 1803 3747 viliorihusque
1831 3681 2176 3749 repli-himur.

784 3755 1016 3820 Querile
1047 3762 1271 3828 primum
1308 3782 1520 3833 regnum
1551 3769 1643 3823 Dei
1681 3771 1746 3824 ⁸³.
1782 3773 2024 3842 Regnum
2060 3775 2150 3828 [)ei
2187 3773 2270 3827 ni-

714 3847 790 3901 hil
819 3848 962 3902 aliud
994 3860 1076 3904 est
1111 3868 1270 3920 quam
1319 3855 1618 3913 futurorum
1656 3862 1918 3917 bonorum
1961 3866 2268 3934 possessio;

708 3937 759 3990 id
792 3945 896 4002 est,
929 3937 1020 3993 Dei
1054 3945 1436 4013 contemplatio
1476 3963 1541 4004 ac
1571 3953 1828 4022 cognitio,
1863 3969 2127 4024 quantum
2173 3958 2273 4012 hu-

707 4042 880 4083 manae
908 4044 989 4086 est
1030 4031 1320 4091 facultatis.

710 4142 767 4199 S.
800 4146 1098 4215 Athanasii,
1126 4153 1261 4219 quod
1286 4171 1384 4233 non
1402 4155 1752 4233 judicnntlnm
1781 4160 1869 4225 sit,
1901 4177 1965 4214 ea:
1990 4160 2270 4233 Evangelia

1157 4225 1437 4278 secundum
1483 4227 1810 4282 Matt/mrum.

780 4306 961 4364 Nolite
997 4311 1261 4379 judicare,
1305 4325 1362 4367 ut
1395 4332 1494 4370 non
1525 4319 1869 4385 jurliccntim;
1898 4323 1952 4375 in
1992 4340 2089 4392 quo
2132 4327 2271 4379 enim

699 4398 904 4468 judicio
921 4401 1652 4474 judicalritis,judicabimini
1680 4426 1697 4462 :
1731 4422 1778 4464 et
1804 4413 1856 4463 in
1886 4430 1987 4481 qua
2024 4430 2270 4468 mensura

706 4490 872 4544 mensi
900 4493 1126 4558 fueritis,
1160 4499 1459 4551 remetietur
1480 4499 1619 4552 vobis
1643 4500 1705 4552 ".
1732 4503 1819 4556 Ait
1851 4520 1978 4558 vero
2009 4504 2269 4562 Dominus

2377 3301 2438 3353 Εί
2487 3300 2663 3353 τοίνυν
2717 3300 2824 3354 τῶν
2857 3307 3178 3372 κρειττόνων
3212 3304 3304 3356 καὶ
3343 3303 3605 3372 μειζόνων
3636 3304 3936 3375 ὴξιιΜμεν

2375 3397 2439 3464 τῇ
2474 3395 2653 3466 χάριτι
2684 3395 2776 3448 τοῦ
2803 3395 3126 3465 κρείττονος,
3168 3394 3346 3465 πολλῷ
3383 3395 3582 3464 μᾶλλον
3617 3396 3726 3448 τῶν
3751 3396 3935 3467 βραχύ-

2373 3487 2546 3558 τέρων
2565 3488 2658 3541 καὶ
2688 3486 3125 3557 καταδεεστέρων
3156 3486 3578 3558 ὲμπλησθῶμεν.

2445 3776 2680 3842 Ζητεῖτε
2729 3775 2797 3829 δὲ
2827 3775 3061 3842 πρῶτον
3088 3774 3200 3842 τὴν
3247 3775 3578 3838 ,Βασιλείαν
3623 3776 3729 3830 τοῦ
3775 3779 3927 3831 Osco.

2376 3872 2626 3924 Βασιλεία
2649 3869 2781 3921 Θεοῦ
2813 3869 2961 3921 οὐδὲν
2991 3867 3117 3921 ἄλλο
3147 3867 3291 3919 ἐστὶν
3311 3865 3425 3919 ἀλλ’
3455 3867 3487 3939 ἢ
3513 3867 3620 3919 τῶν
3647 3867 3929 3937 μελλόντων

2373 3961 2590 4031 ἀγαθῶν
2617 3963 2649 4030 η
2680 3960 3008 4023 ἀπόλαυσις·
3038 3958 3314 4012 τουτέστιν
3355 3960 3386 4029 ἡ
3429 3958 3522 4011 τοῦ
3562 3958 3698 4012 Θεοῦ
3745 3959 3928 4030 θεωρία

2371 4072 2430 4108 τε
2465 4053 2558 4107 καὶ
2583 4053 2800 4123 γνῶσις,
2835 4052 2958 4105 ὅσον
2993 4051 3208 4121 ἐφικτὸν
3229 4054 3292 4121 τῇ
3327 4049 3640 4122 ἀνθρωπίνῃ
3671 4051 3836 4123 ψυχῇ.

2437 4168 2713 4247 (Πλῌερὶ
2741 4167 2847 4247 rei?
2867 4165 2953 4235 μὴ
2986 4167 3228 4247 κρίνειν,
3262 4164 3368 4247 τοῦ
3399 4169 3548 4247 κατὰ
3577 4167 3871 4247 Ματθαῖον

2523 4237 2910 4307 Euan-exim),
2940 4237 3046 4290 τοῦ
3071 4237 3364 4305 μακαρίου
3399 4239 3767 4291 Ἀθανασίσυ.

2440 4330 2536 4397 Μὴ
2573 4330 2804 4399 κρίνετε
2823 4370 2837 4392 ,
2867 4329 2964 4382 καὶ
2995 4331 3067 4383 οὐ
3101 4329 3185 4399 μὴ
3220 4329 3484 4398 κριθῆτε·
3515 4329 3584 4382 ἐν
3607 4323 3656 4395 ᾧ
3683 4329 3792 4400 γὰρ
3817 4330 3924 4396 κρί-

2366 4437 2503 4490 ματι
2531 4422 2781 4488 κρίνετε,
2805 4419 3161 4489 κριθήσεσθε
3181 4440 3196 4455 ·
3227 4425 3322 4478 καὶ
3346 4425 3417 4478 ἐν
3443 4418 3490 4490 ᾧ
3511 4426 3705 4494 μέτρῳ
3721 4426 3926 4494 μετρεῖ-

2374 4529 2434 4565 τε
2454 4551 2468 4575 ,
2496 4512 3059 4581 ἀντιμετρηθήσεται
3083 4514 3242 4584 ὑμῖν.
3305 4516 3462 4584 Λέγει
3495 4517 3550 4569 δὲ
3583 4518 3613 4568 ὁ
3644 4517 3840 4588 Κύριος
3869 4517 3925 4569 τά

707 4598 770 4636 ea
824 4582 940 4651 ipsa
989 4594 1148 4654 atque
1189 4590 1414 4657 aequalia
1467 4591 1533 4644 iis
1574 4592 1820 4647 accidere
1862 4597 1953 4664 qui
1998 4597 2265 4665 judicaut,

2373 4574 2508 4656 αύτά
2537 4574 3234 4675 και-τά-ῐσατάσχειίτὺν
3279 4574 3531 4677 κρίνοντα
3573 4609 3666 4662 καὶ
3711 4574 3798 4661 τὸν
3823 4574 3925 4678 ’με-

707 4684 869 4741 atque
899 4673 965 4728 iis
992 4675 1082 4744 qui
1118 4678 1413 4732 metiuntur
1447 4700 1460 4735 :
1493 4698 1601 4735 non
1634 4687 2086 4751 quemadmodum
2119 4691 2272 4742 aiunt

707 4765 966 4831 haeretici,
992 4784 1049 4822 se
1080 4768 1225 4838 ipsos
1250 4769 1302 4823 in
1334 4787 1571 4828 errorem
1601 4776 1947 4844 deducentes,
1987 4799 2087 4835 non
2115 4784 2270 4836 intel-

706 4855 919 4925 ligente:
956 4875 1113 4924 neque
1140 4879 1255 4931 qua:
1291 4862 1591 4934 loquuntur,
1623 4886 1780 4939 neque
1809 4872 1870 4924 de
1895 4873 2080 4941 quibus
2113 4877 2268 4944 afﬁr-

706 4959 852 5001 mant
879 4950 944 5004 ⁸⁸.
974 4951 1037 5005 lli
1070 4970 1302 5025 namque
1341 4974 1436 5026 per
1480 4959 1700 5017 insanos
1740 4973 1901 5034 atque
1933 4969 2266 5035 perniciosos

705 5041 1032 5108 pmnitentize
1095 5047 1230 5102 ritus
1283 5052 1523 5118 pecunia:
1577 5065 1839 5121 qutestum
1900 5071 2264 5128 aucupantes,

704 5129 856 5182 aiunt
888 5146 992 5184 non
1020 5133 1373 5201 judicaudum
1409 5141 1522 5194 sive
1566 5143 1932 5201 damnandum
1971 5165 2090 5204 esse
2140 5168 2263 5206 eum

705 5219 795 5287 qui
850 5234 1066 5290 peccata
1117 5231 1362 5284 mortalia
1393 5235 1666 5289 admittit:
1705 5239 1781 5291 ait
1837 5241 2032 5310 quippe
2077 5242 2263 5297 Domi-

704 5327 806 5368 nus
843 5330 855 5364 :
886 5313 1064 5370 Nolite
1085 5319 1327 5387 judicare
1366 5337 1418 5379 ut
1445 5331 1894 5396 nonjudicemini.
1922 5334 2072 5400 Quod
2113 5337 2155 5390 si
2192 5338 2262 5391 ita

704 5418 761 5456 se.
794 5420 880 5460 res
909 5406 1067 5464 habet
1093 5420 1152 5464 ut
1185 5412 1452 5472 afﬁrmant
1495 5419 1620 5488 ipsi,
1659 5421 1770 5475 Noe
1802 5440 1930 5478 sane
1967 5427 2048 5479 vir
2081 5428 2264 5495 justus

702 5494 988 5554 damnatus
1010 5499 1130 5569 fuit,
1163 5506 1306 5574 quod
1347 5507 1641 5565 derisorem
1679 5514 1943 5570 Cliamum
1982 5494 2264 5583 judicave-

764 5697 810 5727 '°
844 5697 1004 5752 Eeeli.
1048 5716 1200 5770 unt,
1226 5704 1314 5758 22.
1390 5709 1432 5739 "
1471 5706 1661 5762 Matth.
1695 5728 1764 5775 vi,
1796 5712 1882 5767 ‘25.
1974 5716 2017 5745 '"
2053 5715 2184 5769 ihid.

2266 5717 2309 5748 ⁸³
2339 5718 2466 5772 ibid.
2511 5720 2599 5774 55.
2673 5719 2719 5750 ⁸³
2761 5719 2948 5773 Matth.
2975 5734 3072 5784 vn,
3114 5717 3163 5771 1.

2369 4692 2617 4765 τροῦντα,
2656 4694 2717 4746 οὺ
2743 4693 2922 4757 καθώς
2952 4713 3113 4764 φασιν
3145 4697 3439 4767 αίρςτικῶν
3469 4698 3658 4762 παῖδες
3685 4697 3928 4767 ψευδόμε-

2366 4802 2444 4837 νοι
2471 4785 2720 4848 ἑαυτοὺς,
2750 4787 2841 4839 καὶ
2866 4785 2951 4855 μὴ
2979 4785 3200 4851 εἰδότες
3225 4786 3281 4838 τί
3301 4785 3613 4854 λέγουσιν,
3645 4788 3682 4855 ἢ
3705 4789 3836 4856 περί
3853 4782 3928 4841 ὧν

2365 4870 3011 4931 διαϐεϐαιοῦνται.οὖτοι
3035 4894 3141 4948 γαρ
3158 4878 3582 4949 ἐμπορευόμενοι
3599 4879 3669 4931 τὰ
3688 4881 3790 4950 χρή
3800 4898 3928 4950 ματα

2363 4969 2449 5022 διὰ
2475 4968 2581 5021 τῶν
2627 4971 2867 5040 ἀνοήτων
2901 4971 2993 5023 καὶ
3040 4968 3344 5040 ὲπιζημίων
3394 4971 3691 5041 μετανοιῶν
3733 4971 3926 5025 θέλουσι

2369 5061 2545 5130 λέγειν
2570 5103 2581 5121 ,
2615 5063 2695 5115 ὅτι
2721 5064 2781 5116 οὐ
2823 5063 2902 5115 δεῖ
2931 5062 3134 5132 κρίνειν
3185 5064 3276 5116 τὸν
3329 5063 3604 5133 δράσαντα
3648 5065 3926 5126 θανατικὰς

2369 5155 2661 5226 ἁμαρτίας.
2703 5151 2836 5208 Εἷπε
2867 5156 2973 5226 γὰρ
3001 5157 3028 5207 ό
3059 5155 3288 5226 Κύριος·
3325 5155 3419 5222 Μὴ
3455 5158 3709 5224 κρίνετε.
3743 5158 3837 5212 καὶ
3864 5160 3927 5210 οὐ

2361 5245 2447 5314 μὴ
2482 5245 2735 5314 κριθῆτε.
2769 5250 2828 5301 Ei
2852 5250 2906 5302 δὲ
2939 5248 3110 5311 οὕτως
3144 5244 3210 5318 ἦν
3247 5247 3428 5312 καθὼς
3457 5251 3653 5303 ἐκείνοι
3681 5249 3930 5321 διισχυρί-

2367 5337 2568 5402 ζονται,
2601 5340 2814 5403 πάντως
2858 5339 2923 5393 ἂν
2954 5342 2982 5394 ὀ
3022 5341 3226 5403 δίκαιος
3258 5340 3377 5393 Νῶε
3422 5342 3722 5412 κατεκρίθη
3752 5343 3926 5413 κρίνας

2365 5431 2453 5482 τὸν
2485 5431 2783 5503 χλευαστὴν
2833 5433 2960 5503 Χάμ
2991 5433 3083 5486 τοῦ
3116 5428 3252 5486 εἶναι
3298 5432 3482 5486 δοῦλον
3514 5435 3621 5487 τῶν
3677 5433 3923 5502 ἀδελφῶν.

2375 5521 2434 5577 ’0
2462 5522 2516 5574 δὲ
2543 5525 2781 5595 Μωῦσῆς
2800 5565 2814 5588 ,
2845 5527 3034 5596 κρίνας
3055 5527 3143 5579 τὸν
3173 5525 3499 5590 συλλέξαντα
3521 5527 3592 5580 τὰ
3617 5527 3746 5593 ξύλα
3779 5529 3834 5581 ὲν
3856 5525 3928 5596 τῷ

3264 5715 3310 5747 ³⁸
3341 5719 3362 5771 ι
3397 5717 3543 5773 Tim.
3576 5734 3615 5784 ι,
3655 5717 3706 5772 7.

773 5840 884 5912 (ΓΙ)
923 5842 997 5902 Ex
1040 5847 1226 5904 codice
1261 5849 1620 5909 Ambrosiam
1656 5853 1747 5923 Ξῖ,
1782 5872 1810 5910 x
1856 5857 2035 5913 saeculi
2069 5873 2294 5930 egregia
2329 5870 2498 5925 notse;
2527 5867 2580 5914 et
2603 5875 2664 5916 ex
2698 5857 2826 5934 Reg.
2860 5858 3016 5926 l993,
3057 5859 3182 5917 item
3207 5873 3238 5914 ι
3263 5859 3451 5914 seaculi
