4142 6468
192 448 330 504 1377

1320 436 1748 495 FRAGMENTA
1784 436 1850 495 IN
1890 428 2334 492 MATTHAEUM.

3308 416 3445 471 £578

192 565 469 635 σαϐϐάτῳ,
504 562 785 617 ἐκέλευσεν
808 560 912 626 ἔξω
938 560 1038 631 τῆς
1058 558 1406 631 παρεμϐολῆς
1425 559 1592 624 λίθοις
1612 561 1774 615 αὐτὸν

1893 558 1946 613 'it
1975 552 2444 620 damnaveritque,
2478 556 2532 601 ut
2552 552 2697 601 esset
2724 542 2955 597 fratrum
2984 552 3177 595 servus
3206 537 3276 589 ⁸⁸.
3304 535 3445 605 Moy-

191 659 520 717 émﬁavaiw
552 658 581 711 ὁ
624 658 681 711 δὲ
727 656 967 725 διάδοχος
1005 652 1169 708 αὑτοῦ
1198 653 1407 725 Ἰησοῦς
1456 654 1647 725 κρίνας
1680 655 1774 707 καὶ

194 752 288 806 τὸν
316 751 489 820 Ἀχαν
521 747 609 801 διὰ
634 748 729 818 τῆς
766 745 969 815 κλοπῆς
1000 744 1216 797 πανοικὶ
1246 744 1659 816 ἐξωλόθρευσεν.
1717 744 1774 797 Ὀ

193 844 253 898 δὲ
278 843 462 906 Φινεὲς
497 841 583 896 διὰ
604 840 701 911 τὴν
728 838 981 909 πορνείαν
1002 838 1093 892 τὸν
1125 838 1339 910 Ζαμϐρὶ
1365 838 1576 909 κρίνας,
1602 855 1774 909 σειρο-

200 935 385 1007 μὰστῃ
415 932 751 1001 ὲξεκέντησε.
780 929 889 982 Καὶ
916 930 945 981 ὁ
972 926 1221 999 Σαμουὴλ
1243 927 1337 981 τὸν
1363 926 1537 996 Ἀγάγ
1561 927 1652 979 τὸν
1679 928 1774 997 βα-

198 1026 352 1080 σιλέα
381 1024 489 1077 τῶν
522 1021 903 1093 Ἀμαληκιτῶν
935 1020 1144 1074 ἀνεῖλεν
1180 1018 1411 1073 ἐνώπιον
1443 1020 1666 1092 Κυρίου.
1718 1021 1775 1071 ’0

194 1120 255 1174 δὲ
299 1119 485 1182 Ἠλίας
508 1117 699 1188 κρίνας
725 1115 848 1178 τοὺς
870 1114 1340 1184 ψευδοπροφήτας,
1370 1114 1445 1177 ὡς
1474 1114 1686 1185 χοίρους
1718 1113 1775 1166 ὲν

193 1212 279 1284 τῷ
322 1212 607 1283 χειμάρρῳ
644 1206 973 1276 ἀπέσφαξεν.
1009 1205 1121 1258 Καὶ
1152 1205 1180 1257 ὁ
1212 1205 1534 1270 Ἐλισσαῖος,
1585 1205 1776 1276 κρίνας

195 1307 291 1360 τὸν
320 1303 484 1375 Γιεζῆ
523 1304 612 1357 διὰ
638 1302 737 1374 τὴν
765 1299 925 1370 λῆψιν
964 1297 1073 1352 τῶν
1102 1299 1423 1371 χρημάτων,
1455 1298 1654 1370 λεπρὺν
1683 1299 1777 1351 ἀν-

195 1397 419 1463 έδειξεν.
460 1398 516 1451 '0
544 1397 601 1450 δὲ
629 1394 823 1467 Δανιὴλ
842 1435 855 1459 ,
889 1394 1081 1465 κρίνας
1096 1394 1218 1454 τοὺς
1237 1389 1566 1453 ἀκολάστους
1590 1389 1779 1461 γέρον-

196 1507 301 1553 τας
331 1489 516 1542 ἕνεκεν
549 1487 647 1556 τῆς
678 1483 1067 1555 συκοφαντίας,
1104 1481 1250 1551 νόμῳ
1274 1477 1553 1548 Μωσαῖκῷ
1578 1478 1779 1548 ἐτιμω-

202 1583 427 1653 ρήσατο.
454 1579 564 1634 Καὶ
586 1581 613 1633 ὁ
634 1577 857 1649 Πέτρος,
879 1574 1059 1630 λαϐὼν
1092 1572 1188 1637 τὰς
1214 1573 1359 1636 κλεῖς
1384 1572 1481 1642 τῆς
1508 1570 1782 1641 βασιλείας

198 1674 312 1727 τῶν
344 1671 605 1744 οὐρανῶν,
637 1671 727 1724 τὸν
748 1668 998 1722 ’Λνανίαν
1030 1666 1169 1737 μετά
1188 1666 1285 1738 τῆς
1318 1664 1571 1734 γυναικὸς
1600 1679 1784 1731 νοσφι-

203 1765 474 1838 σαμένους
510 1765 573 1816 ὲκ
606 1762 696 1816 τοῦ
734 1762 862 1816 ἰδίου
913 1763 1224 1831 κτήματος,
1259 1756 1480 1828 κρίνας,
1531 1752 1785 1824 παραυτά

201 1861 457 1932 ἐποίησεν
492 1858 687 1919 αὐτοὺς
736 1852 1029 1924 ἀποψύξαι.
1088 1852 1199 1905 Καὶ
1246 1852 1273 1903 ὁ
1317 1848 1526 1911 Παῦλος
1572 1847 1783 1917 ἔκρινεν

1876 666 1992 717 ses,
2025 650 2153 703 item
2183 646 2291 699 lato
2318 640 2524 713 judicio
2550 640 2601 692 in
2626 652 2749 692 eum
2766 633 3020 706 quiligna
3049 630 3334 700 collegerat
3355 627 3443 681 die

1876 740 2109 802 sabbati,
2150 736 2313 809 jussit
2341 749 2463 788 cum
2495 740 2647 785 extra
2677 738 2856 784 castra
2883 724 3151 795 lapidibus
3170 720 3348 776 necari
3370 718 3438 777 ⁸⁴¹.

1877 831 2006 901 Ejus
2033 808 2253 899 quoque
2297 836 2580 880 successor
2610 819 2798 885 Jesus,
2844 815 3109 873 sententia
3155 813 3208 866 in
3254 808 3441 866 Aehan

1876 923 1947 977 ob
1974 920 2177 975 furtum
2208 920 2437 988 prolata,
2468 930 2590 969 cum
2616 913 2813 967 domus
2846 906 3177 979 supellectile
3208 914 3318 959 tota
3345 919 3443 958 ex-

1878 1013 2188 1068 terminavit
2218 1010 2398 1080 ipsum
2427 1008 2492 1061 ⁸⁸.
2517 1006 2749 1059 Phinees
2778 1004 2941 1057 etiam
2965 998 3184 1054 Zambri
3208 996 3447 1051 fornica-

1881 1104 2043 1159 tionis
2067 1116 2230 1157 causa
2268 1101 2559 1161 damnans,
2592 1096 2769 1165 ipsum
2804 1094 2959 1148 hasta
2984 1088 3226 1147 confodit
3249 1086 3315 1143 ⁸⁸.
3342 1086 3447 1141 Sa-

1881 1194 2023 1249 mue!
2049 1193 2197 1264 Agag
2227 1207 2407 1263 regem
2450 1188 2871 1243 Amalecitarum
2906 1183 3181 1239 interemit
3220 1182 3273 1235 in
3316 1195 3449 1235 con-

1882 1297 2068 1357 speetu
2105 1284 2316 1339 Domini
2350 1284 2419 1337 ⁹⁰.
2450 1282 2597 1337 Elias
2623 1281 2791 1335 falsos
2812 1278 3108 1348 prophetas
3137 1275 3447 1334 damnatos,

1881 1379 2036 1450 quasi
2062 1392 2258 1448 porcos
2283 1376 2337 1430 in
2374 1384 2617 1430 torrente
2649 1372 2914 1443 jugulat-it
2945 1371 3012 1425 ³⁸,
3050 1368 3272 1422 Ειίεαιυε
3301 1364 3451 1421 Giezi

1881 1482 2115 1544 accepta:
2140 1471 2382 1543 pecunia:
2414 1484 2565 1523 reum
2604 1464 2899 1526 damnavit,
2940 1462 3225 1532 eﬂ'eeitque
3268 1459 3450 1527 lepro-

1884 1582 2004 1620 sum
2050 1566 2118 1620 ".
2168 1561 2352 1617 Daniel
2406 1575 2535 1616 vero
2582 1558 2816 1613 lascivos
2867 1569 3023 1610 senes
3088 1550 3454 1624 sycophantias

1884 1673 2049 1712 causa
2080 1657 2149 1711 ab
2179 1671 2237 1710 se
2266 1654 2576 1716 damnatos,
2600 1651 2755 1720 juxta
2781 1650 2948 1718 legem
2980 1644 3273 1698 Mosaicam
3308 1642 3453 1694 ultus

1884 1760 1965 1804 est
1988 1749 2053 1804 ”.
2080 1747 2276 1802 Petrus
2299 1755 2502 1809 autem,
2527 1745 2618 1814 qui
2661 1742 2868 1809 accepit
2894 1740 3072 1793 claves
3101 1737 3252 1805 regni
3284 1734 3453 1788 caelo-

1886 1858 2008 1896 rum
2040 1840 2108 1903 “,
2141 1840 2406 1892 Ananéam
2442 1851 2567 1890 cum
2606 1848 2810 1894 uxore,
2844 1831 2989 1900 quod
3032 1838 3238 1898 partem
3294 1842 3456 1896 pecu-

198 1950 552 2021 Ἀλέξανδρον
580 1949 667 2001 τὸν
699 1946 904 2018 χαλκέα
930 1944 1120 1998 είπών·
1149 1940 1469 1996 Ἀποδώσει
1492 1939 1651 2006 αὐτῷ
1671 1941 1784 1994 Kr}-

1893 1933 1991 1987 nize
2020 1946 2087 1987 ex
2121 1930 2335 1985 vendita
2370 1927 2588 1997 propria
2640 1937 2987 1994 possessnonc
3038 1920 3453 1981 subduxissent,

193 2061 332 2113 ριος
365 2042 516 2095 κατὰ
541 2041 612 2094 τὰ
638 2041 780 2110 ἔργα
803 2039 1009 2093 αὑτοῦ.
1057 2036 1340 2106 ’Υμεναῖον
1362 2034 1417 2087 δὲ
1447 2034 1539 2086 καὶ
1558 2032 1783 2104 Φιλητὺν

200 2134 490 2205 παρέδωκε
524 2132 602 2204 τῷ
635 2133 882 2202 Σατανᾷ,
909 2132 996 2184 ἵνα
1029 2126 1289 2199 παιδευθῇ
1324 2126 1521 2198 μηκέτι
1549 2125 1786 2197 βλασφη-

203 2228 347 2297 μεῖν.
381 2224 630 2277 Δὶτιᾶται
671 2222 856 2276 δὲκαὶ
889 2221 963 2293 μὴ
989 2217 1280 2292 κρινούσας
1325 2217 1651 2287 Ἐκκλησίας
1676 2216 1783 2268 τῶν

200 2316 507 2389 Κορινθίων
534 2317 743 2386 φήσας’
780 2316 902 2367 Οὐκ
929 2313 1101 2367 ἔστιν
1120 2312 1190 2365 ἐν
1216 2310 1357 2380 ὑμῖν
1377 2308 1571 2379 σοφὸς
1597 2309 1664 2373 ὃς
1689 2306 1787 2361 δυ-

200 2408 458 2477 νήσεται
493 2406 685 2475 κρῖναι
711 2403 1017 2472 ἀναμέσον
1046 2403 1152 2457 τοῦ
1184 2400 1450 2469 ἀδελφοῦ
1485 2398 1706 2461 αὐτοῦ;
1744 2396 1783 2465 ἦ

201 2500 294 2555 ὅτι
325 2502 435 2554 οὐκ
466 2498 687 2561 οἴδατε,
712 2497 802 2551 ὅτι
824 2496 1116 2567 ἀγγέλους
1147 2494 1465 2565 κρινοῦμεν
1476 2510 1494 2557 ;
1524 2492 1586 2546 El
1608 2490 1785 2543 τοίνυν

202 2592 408 2656 πάντες
429 2593 479 2645 οἱ
503 2591 719 2655 δίκαιοι,
771 2589 1075 2660 κρίναντες,
1103 2588 1164 2641 οὐ
1194 2586 1614 2657 κατεκρίθησαν,
1655 2586 1789 2657 μᾶλ-

201 2684 296 2737 λον
347 2684 403 2736 δὲ
457 2683 770 2751 ὲκλεγέντες
828 2684 909 2745 εἰς
952 2681 1049 2753 τὴν
1104 2682 1475 2753 πνευματικὴν
1516 2682 1789 2735 διακονίαν

204 2775 534 2847 ἱξελέγησαν
554 2792 570 2807 ⁸
626 2774 744 2839 πῶς
778 2774 836 2829 οὔ
871 2775 952 2828 δεῖ
983 2777 1102 2829 κατ’
1137 2776 1334 2839 αὐτοὺς
1357 2777 1592 2847 κρίνειν;
1622 2772 1790 2831 Εἶπεν

203 2865 301 2926 οὖν
326 2871 354 2923 ὁ
377 2868 579 2941 Κύριος
599 2886 613 2899 ο
639 2872 699 2923 Μ
706 2867 737 2935 ὴ
760 2870 991 2936 κρίνετε
1012 2910 1025 2933 ,
1051 2868 1147 2921 καὶ
1171 2869 1242 2921 οὐ
1274 2868 1362 2937 μὴ
1394 2868 1631 2937 κριθῆτε
1650 2887 1663 2899 ·
1692 2871 1789 2941 οὐχ

207 2961 299 3015 ἵνα
352 2960 633 3031 μέλλωμεν
685 2959 925 3030 ἀκρίτως
958 2976 1008 3010 τι
1042 2959 1301 3028 πράττειν
1336 2959 1368 3029 ἢ
1409 2962 1601 3025 ποιεῖν,
1653 2959 1789 3014 ἀλλᾶ

203 3053 297 3107 διὰ
333 3052 392 3105 τὸ
433 3052 558 3113 τοὺς
585 3048 910 3121 Φαρισαίους
940 3050 1034 3102 καί¹
1068 3050 1419 3120 Γραμματεῖς
1447 3051 1651 3124 κρίνειν
1693 3053 1790 3124 μὲν

205 3143 491 3216 ἀλλήλους,
508 3144 731 3206 ἑαυτοὺς
751 3141 806 3194 δὲ
831 3142 903 3213 μὴ
925 3140 1284 3213 διορθοῦσθαι.
1313 3137 1439 3196 Οἷον
1458 3143 1677 3217 ἔκριναν
1702 3144 1791 3199 τὸν

208 3233 374 3304 φονέα
394 3232 685 3286 ἀποθανεῖν
714 3231 855 3286 κατὰ
877 3232 969 3285 τὸν
999 3232 1183 3303 νόμον,
1205 3234 1355 3287 αὐτοί
1376 3252 1434 3287 τε
1463 3236 1555 3289 καὶ
1582 3238 1793 3307 προφή-

206 3343 309 3390 τας
344 3326 676 3398 παρανόμως
700 3323 1055 3389 θανατοῦντες
1076 3340 1087 3353 ’
1125 3324 1347 3397 ἔκριναν
1378 3327 1469 3381 τὸν
1503 3329 1687 3399 μοιχὸν
1718 3328 1793 3393 ὡς

212 3416 405 3489 μοιχὸν
440 3417 800 3488 κολασθῆναι,
826 3415 923 3471 καὶ
946 3417 1097 3470 αὐτοὶ
1140 3417 1214 3481 ὡς
1263 3420 1419 3472 ἵπποι
1469 3418 1795 3491 θηλυμανεῖς

210 3510 567 3582 ἐχρεμέτιζον
597 3510 689 3561 ἐπὶ
712 3508 809 3571 τὰς
832 3506 1116 3579 ἀλλοτρίας
1136 3511 1398 3575 γυναῖκας
1420 3525 1433 3536 ⁸
1461 3508 1679 3581 ἔκριναν
1701 3510 1792 3563 τὸν

210 3602 475 3672 κλέπτην,
498 3601 651 3653 αὐτοὶ
681 3599 833 3661 ὄντες
864 3596 1098 3651 συλωταὶ
1122 3596 1227 3651 τῶν
1260 3597 1555 3671 ἀλλοτρίων
1585 3602 1795 3671 χρημά-

210 3712 343 3748 των.
393 3690 574 3746 Ἦσαν
608 3692 664 3745 δὲ
710 3694 804 3745 κα)⁸
838 3690 1089 3745 κώνωπα
1121 3689 1485 3758 διυλίζοντες
1530 3695 1627 3747 καὶ
1681 3694 1796 3763 τὴν

214 3787 492 3858 κάμηλον
539 3786 990 3851 καταπίνοντες.
1045 3784 1166 3838 ’Ότι
1200 3785 1257 3838 δὲ
1299 3784 1529 3839 τοιοῦτοι
1567 3782 1704 3859 ἦσαν
1747 3791 1795 3842 οἱ

211 3882 497 3953 Φαρισαῖοι
531 3879 625 3932 καὶ
656 3879 705 3932 oi
735 3878 1107 3953 Γραμματεῖς,
1139 3879 1371 3950 φανερὸν
1404 3880 1467 3932 ἐκ
1494 3879 1587 3933 τοῦ
1616 3880 1794 3950 λέγειν

211 3975 306 4027 τὸν
337 3972 539 4044 Κύριον
576 3970 665 4025 διὰ
691 3971 799 4024 τῶν
845 3974 974 4043 ἑξῆς
1015 3970 1151 4044 πρὸς
1196 3972 1291 4026 ἕνα
1321 3972 1549 4025 ἕκαστον
1577 3974 1754 4027 αὐτῶν
1780 3992 1792 4005 ·

222 4065 283 4118 Τί
316 4064 385 4117 δὲ
410 4062 661 4129 βλέπεις
702 4063 769 4117 τὸ
802 4063 1027 4131 κάρφος
1061 4064 1127 4116 τὸ
1170 4062 1241 4117 ἐν
1270 4062 1348 4129 τῷ
1383 4064 1668 4134 ὀφθαλμῷ
1694 4066 1797 4121 τοῦ

212 4156 484 4225 ἀδελφοῦ
511 4172 627 4210 σου
647 4196 661 4220 ,
698 4154 812 4224 τὴν
837 4154 905 4208 δὲ
932 4156 1116 4210 δοκὸν
1146 4153 1259 4224 τὴν
1285 4156 1355 4209 ἐν
1404 4156 1485 4222 τῷ
1514 4158 1800 4229 ὀφθαλμῷ

213 4264 335 4301 σου
356 4247 428 4299 οὐ
455 4244 766 4312 κατανοεῖς
780 4262 798 4309 ;
823 4248 899 4299 ’Ἠ
919 4244 1044 4312 πῶς
1070 4244 1265 4315 λέγεις
1290 4244 1369 4312 τῷ
1392 4247 1632 4316 ἀδελφῷ
1646 4264 1762 4304 σου
1782 4268 1796 4282 ·

219 4339 398 4407 Ἄφες
429 4335 661 4391 ἐκϐαλῶ
692 4338 759 4391 τὸ
814 4336 1041 4406 κάρφος
1066 4338 1134 4392 ἐκ
1166 4339 1272 4393 τοῦ
1310 4338 1621 4409 ὀφθαλμοῦ
1652 4358 1801 4407 σου;

228 4428 565 4498 ’Υποκριτὰ,
595 4428 813 4482 ἔκϐαλε
844 4428 1079 4496 πρῶτον
1106 4430 1173 4484 ἐκ
1204 4431 1309 4485 τοῦ
1339 4432 1650 4502 ὀφθαλμοῦ
1686 4450 1803 4489 σου

215 4522 335 4592 τὴν
362 4521 566 4589 δοκὸν,
600 4521 699 4577 καί
727 4522 857 4576 τότε
894 4522 1237 4592 διαϐλέψεις
1267 4524 1544 4580 ἐκϐαλεῖν
1574 4526 1639 4579 τὸ
1666 4528 1803 4595 κάρ-

1885 2024 2174 2086 damnans,
2201 2020 2500 2075 exstinctos
2536 2016 2717 2071 subito
2747 2015 2939 2068 cadere
2965 2012 3094 2067 fecit
3119 2013 3184 2066 ".
3224 2011 3287 2065 Et
3315 2009 3457 2065 Pau-

1886 2117 1973 2173 lus
2002 2130 2224 2188 quoque
2270 2110 2635 2167 Alexandrum
2674 2106 2885 2162 fabrum
2928 2106 3192 2174 judicavit
3221 2105 3407 2159 dicens
3438 2119 3453 2156 :

1885 2209 2088 2264 Reddet
2119 2207 2200 2261 illi
2230 2205 2487 2260 Dominus
2522 2202 2806 2256 secundum
2838 2215 2994 2268 opera
3026 2214 3123 2252 sua
3147 2198 3212 2250 ".
3263 2196 3460 2269 Hyme-

1886 2315 2066 2355 naeum
2119 2313 2251 2353 vero
2302 2304 2466 2365 atque
2526 2293 2795 2348 Philetum
2856 2290 3078 2346 tradidit
3133 2288 3370 2353 Satanae,
3400 2297 3462 2343 ut

1886 2392 2189 2446 ediscerent
2219 2404 2324 2443 non
2356 2388 2496 2441 ultra
2525 2384 2839 2454 blasphema
2865 2382 3036 2437 effari.
3061 2381 3251 2451 Arguit
3280 2391 3459 2434 autem

1887 2483 2160 2539 Ecclesias
2198 2478 2631 2542 Corinthiorum,
2657 2476 2803 2547 quod
2834 2491 2940 2529 non
2964 2474 3346 2544 judicaverint,
3376 2472 3463 2526 bis

1891 2576 2110 2631 verbis:
2160 2573 2283 2627 Non
2326 2580 2404 2626 est
2445 2571 2582 2624 inter
2634 2586 2720 2623 ros
2773 2569 2980 2637 sapiens
3024 2567 3336 2637 quisquam,
3372 2564 3463 2634 qui

1891 2672 2055 2741 possit
2077 2667 2324 2737 judicare
2351 2664 2488 2716 inter
2517 2662 2739 2731 fratrem
2769 2659 2965 2712 suum?
2991 2659 3069 2711 Au
3101 2657 3313 2711 nescitis
3340 2657 3465 2726 quia

1894 2762 2105 2834 angelos
2122 2757 2489 2829 judicabimus
2514 2754 2602 2806 "?
2642 2752 2698 2807 Si
2733 2752 2915 2821 itaque
2963 2764 3154 2804 omnes
3182 2748 3338 2819 justi,
3369 2748 3464 2819 qui

1888 2856 2292 2925 judicaverunt,
2332 2865 2441 2902 non
2492 2848 2612 2902 ideo
2657 2842 3024 2909 condemnati,
3069 2842 3180 2897 imo
3218 2856 3347 2896 vero
3397 2840 3465 2895 ad

1894 2944 2177 3017 spirituale
2204 2941 2566 2996 ministerium
2597 2937 2772 2992 allecti
2797 2944 2849 2991 et
2867 2935 3099 3006 cooptati
3127 2944 3273 2999 sunt,
3298 2948 3469 3003 quare

1896 3054 2006 3094 non
2039 3046 2094 3091 ut
2130 3035 2203 3088 illi
2228 3031 2586 3099 judicandum
2621 3044 2741 3083 csse
2770 3028 3134 3081 censeamus?
3166 3027 3255 3079 Ait
3288 3028 3469 3096 itaque

1896 3129 2161 3186 Dominus
2195 3144 2207 3181 :
2260 3125 2442 3180 Nolite
2462 3123 2740 3194 judicare,
2772 3130 2830 3174 ut
2861 3136 2961 3173 non
2982 3118 3327 3188 judicemini,
3359 3134 3469 3173 non

1900 3223 2021 3277 ideo
2052 3236 2182 3277 sane
2215 3229 2273 3274 ut
2298 3217 2427 3289 quid
2461 3215 2730 3270 faciamus
2757 3212 2841 3267 vel
2872 3212 3243 3276 admittaiuus,
3273 3212 3339 3265 de
3360 3225 3471 3280 quo

1894 3315 2161 3386 judicium
2190 3329 2297 3369 non
2337 3311 2617 3376 feramus;
2647 3308 2740 3364 sed
2782 3308 2909 3378 quia
2950 3306 3208 3362 Pharisaei
3236 3320 3289 3363 et
3322 3307 3473 3362 Scri-

1896 3410 1978 3465 bae
2026 3423 2083 3464 se
2126 3414 2316 3460 mutuo
2361 3400 2679 3473 iudicabant
2710 3407 2763 3453 et
2806 3400 3167 3462 damnabunt,
3201 3399 3300 3468 ipsi
3343 3412 3472 3458 vero

1896 3518 2005 3557 non
2037 3514 2157 3555 sese
2192 3495 2574 3552 emendabant.
2603 3492 2692 3548 Sic
2722 3490 3052 3546 homicidam
3077 3492 3249 3558 illum,
3278 3507 3473 3547 secun-

1897 3595 2025 3649 dum
2085 3592 2278 3663 legem,
2326 3588 2518 3658 capitis
2553 3587 2902 3652 damnarunt,
2947 3602 3072 3641 cum
3129 3587 3230 3657 ipsi
3268 3587 3471 3642 interea

1896 3688 2192 3760 prophetas
2250 3682 2435 3752 inique
2493 3681 2862 3746 trucidarent;
2898 3679 3173 3734 mwcbum
3221 3679 3473 3734 adulterii

1899 3796 2064 3837 causa
2092 3792 2282 3850 poenas
2315 3777 2464 3830 luere
2492 3774 2877 3835 decreverunt,
2914 3787 3036 3827 cum
3072 3772 3173 3842 ipsi
3218 3787 3316 3827 ceu
3345 3773 3475 3843 equi

1898 3874 2088 3929 lascivi
2126 3869 2402 3925 hinnirent
2438 3865 2505 3920 ad
2545 3866 2751 3919 alienas
2784 3880 2982 3920 uxores
3009 3865 3054 3895 “
3089 3881 3101 3916 :
3148 3866 3471 3920 sententiam

1902 3966 1955 4019 in
2006 3964 2181 4018 furem
2227 3960 2487 4021 tulerunt,
2538 3958 2641 4029 ipsi
2694 3968 2938 4026 raptores
2974 3955 3217 4025 pecunia:
3261 3956 3471 4013 alienat.

1901 4054 2177 4123 Erantque
2223 4051 2524 4105 excolautes
2570 4049 2809 4113 culicem,
2851 4057 2900 4099 et
2931 4047 3272 4116 deglutientes
3303 4064 3473 4102 came-

1899 4148 2009 4203 lum
2055 4147 2121 4199 θ’.
2166 4144 2322 4212 Quod
2364 4153 2544 4198 autem
2583 4142 2716 4196 tales
2755 4139 2958 4195 fuerint
3001 4139 3262 4197 Pharisaei
3312 4151 3475 4212 atque

1904 4240 2131 4304 Scriba},
2170 4238 2347 4310 palam
2390 4245 2472 4292 est
2501 4252 2565 4290 ex
2612 4235 2681 4290 iis
2734 4250 2855 4303 qua:
2909 4234 3139 4304 singulis
3179 4250 3365 4288 eorum
3416 4235 3471 4290 in

1903 4333 2254 4405 sequentibus
2284 4332 2359 4385 ait
2396 4328 2659 4383 Dominus
2692 4344 2705 4380 :
2744 4326 2886 4392 Quid
2914 4336 3089 4380 autem
3123 4327 3262 4381 uides
3306 4328 3475 4397 festu-

1903 4442 2018 4479 cam
2049 4426 2103 4478 in
2130 4422 2280 4477 oculo
2313 4421 2499 4489 fratris
2529 4420 2627 4478 tui.
2650 4418 2850 4471 trabem
2876 4427 3072 4482 autem,
3096 4435 3211 4488 qua
3238 4420 3294 4471 in
3322 4416 3475 4472 oculo

1905 4528 1995 4571 tuo
2036 4525 2135 4578 est,
2166 4530 2268 4567 non
2298 4512 2642 4566 consideras?
2678 4512 2781 4563 Aut
2823 4509 3083 4579 quomodo
3118 4520 3261 4577 potes
3302 4510 3476 4564 dicere

217 4632 334 4686 φος
359 4615 426 4667 ἐκ
451 4615 555 4668 τοῦ
588 4615 898 4686 ὀφθαλμοῦ
927 4615 1031 4669 τοῦ
1064 4615 1327 4685 ἀδελφοῦ
1362 4632 1497 4673 σου.
1544 4617 1607 4670 Εἰ
1630 4617 1685 4670 δὲ
1712 4620 1790 4671 αὑ·

1906 4609 2066 4679 fratri
2115 4616 2247 4660 tuo:
2290 4602 2415 4657 Sine
2465 4606 2677 4672 ejiciam
2726 4602 2981 4673 festucam
3037 4602 3101 4654 de
3156 4599 3307 4654 oculo
3347 4606 3478 4658 tuo?

218 4709 312 4772 τὸς
335 4707 476 4777 ἔχεις
496 4708 592 4780 τὴν
613 4708 767 4762 δοκὸν
793 4711 850 4761 ὲν
870 4709 949 4780 τῷ
969 4710 1231 4784 ὀφθαλμῷ
1254 4729 1345 4765 σου
1361 4713 1459 4783 τῆς
1484 4713 1797 4776 ἀκολασίας,

218 4801 299 4855 ὢν
330 4801 557 4871 τυφλὸς,
614 4801 731 4866 πῶς
782 4801 1007 4857 δύνασαι
1054 4804 1389 4877 ἀποστρέψαι
1427 4805 1520 4859 τὸν
1574 4805 1800 4876 πλησίον

221 4911 317 4947 σου
346 4894 451 4947 ἀπὸ
470 4893 562 4947 τοῦ
590 4894 832 4967 κάρφους
861 4896 958 4967 τῆς
991 4898 1189 4967 μικρᾶς
1214 4897 1521 4967 ἀμαρτίας;
1553 4897 1611 4951 '0
1637 4898 1693 4951 δὲ
1716 4897 1802 4951 θε-

223 4984 447 5047 σπέσιος
476 4983 705 5049 Παῦλος,
734 4986 956 5056 γράφων
1003 4986 1312 5057 Ῥωμαίοις,
1342 4985 1433 5039 καὶ
1465 4986 1624 5049 αὐτὸς
1656 4988 1801 5057 λέγει

223 5076 354 5147 περὶ
380 5075 488 5129 τῶν
521 5074 774 5129 τοιούτων
810 5077 1117 5150 ὑποκριτῶν
1138 5117 1153 5140 ,
1194 5077 1285 5129 καὶ
1317 5076 1801 5150 σχηματιζομένων

221 5171 323 5242 τὴν
367 5170 646 5225 εὐσέϐειαν
666 5185 679 5200 ο
749 5170 811 5222 '0
842 5168 1146 5223 διδάσκων
1176 5169 1282 5222 τὸν
1314 5170 1515 5239 ἕτερον
1540 5210 1553 5233 ,
1589 5170 1805 5225 ἑαυτὸν

223 5266 298 5319 οὑ
324 5261 629 5330 διδάσκεις
646 5280 659 5294 ⁸
685 5266 717 5319 ό
734 5263 1056 5331 κηρύσσων
1071 5264 1157 5333 μὴ
1176 5262 1473 5331 κλέπτειν,
1492 5263 1771 5331 κλέπτεις·
1791 5280 1804 5293 ’

226 5360 260 5412 ό
292 5358 485 5426 λέγων
504 5356 590 5425 μὴ
608 5357 931 5427 μοιχεύειν,
973 5358 1273 5425 μοιχεύεις
1292 5373 1304 5386 ·
1335 5360 1368 5411 d
1391 5357 1811 5427 βδελυσσόμε-

224 5465 333 5514 νος
356 5448 429 5502 τὰ
449 5447 686 5513 είδωλα,
720 5447 1075 5517 ἱεροσυλεῖς·
1108 5447 1175 5514 ὃς
1205 5448 1275 5500 ἐν
1306 5449 1467 5517 νόμῳ
1500 5448 1803 5518 καυχᾶσαι

226 5539 325 5592 διὰ
348 5539 458 5609 τῆς
479 5538 864 5610 παραϐάσεως
904 5539 1009 5593 τοῦ
1041 5543 1226 5609 νόμου
1245 5578 1259 5602 ,
1290 5538 1398 5592 τὸν
1428 5540 1574 5595 Θεὸν
1598 5540 1803 5611 ἀτιμά-

227 5632 371 5697 ζεις*
404 5634 497 5686 καὶ
529 5631 721 5685 πάλιν·
766 5632 861 5686 Ἐν
891 5625 939 5699 ᾧ
984 5631 1093 5701 γὰρ
1144 5632 1376 5702 κρίματι
1425 5632 1649 5701 κρίνεις
1697 5632 1803 5685 τὸν

312 5770 360 5801 ⁸⁸
397 5769 535 5826 Gen.
576 5788 662 5833 Ix.
691 5770 783 5826 26.

896 5770 939 5802 ⁸⁷
973 5769 1133 5827 Num.
1173 5789 1263 5835 xv,
1292 5772 1381 5827 55.
1456 5774 1502 5805 ⁸⁸
1539 5772 1707 5827 Josue
1749 5789 1790 5823 ν]

926 5857 976 5884 v,
1021 5841 1110 5884 Q7-
1171 5844 1375 5884 ’⁸³111111
1434 5860 1529 5884 11η
1600 5845 1687 5884 ίῖ-ἶε
1764 5847 1784 5874 ⁸

1893 5770 1969 5827 25.
2042 5770 2087 5801 ”
2114 5764 2275 5819 Num.
2311 5778 2431 5821 xxv.
2471 5762 2523 5816 8.
2592 5758 2682 5813 ὀι
2720 5758 2797 5814 Re
2838 5800 2849 5811 .
2888 5774 2977 5819 xv,
3008 5756 3096 5810 55.

1893 5843 2026 5884 λιιι.-
2074 5853 2179 5884 m-
2236 5836 2321 5884 t8.
2401 5832 2447 5864 "
2487 5833 2605 5884 Act.
2646 5847 2700 5884 ν.
2740 5776 2883 5884 μίζθ.
2959 5829 3006 5868 ’⁸
3037 5825 3077 5881 ll

234 5856 387 5901 xvm.
425 5840 514 5896 40.
575 5829 709 5895 "iV
752 5840 881 5911 Reg.
926 5857 979 5911 ν,
1021 5841 1110 5894 27.
1171 5829 1397 5898 "Dan.
1433 5860 1554 5902 xm.
1600 5845 1689 5897 62.
1764 5847 1784 5874 ’

1893 5843 2027 5895 attb.
2074 5853 2181 5911 xvi,
2213 5836 2321 5911 Δ18.
2401 5832 2605 5911 "_A“ct.
2646 5847 2700 5897 ν,
2740 5829 2883 5885 1-10.

1910 4700 2223 4771 Ιπιῃροειὶια,
2258 4697 2385 4765 ejice
2424 4697 2651 4765 primum
2706 4693 2904 4747 trabem
2957 4693 3022 4746 de
3070 4692 3221 4745 oculo
3270 4701 3381 4754 tuo,
3425 4701 3475 4745 et

1904 4804 2027 4848 tunc
2055 4790 2331 4861 perspicies
2375 4800 2429 4841 ut
2463 4788 2653 4841 educas
2700 4786 2958 4855 festucam
2991 4785 3055 4839 de
3094 4783 3244 4837 oculo
3290 4784 3475 4854 fratris

1905 4888 1982 4941 tui
2017 4888 2056 4938 ¹.
2092 4883 2245 4950 Quod
2281 4882 2326 4937 si
2361 4891 2415 4935 tu
2452 4880 2505 4933 in
2538 4878 2697 4933 oculo
2730 4887 2822 4931 tuo
2851 4876 3017 4931 habes
3048 4876 3475 4945 intemperantiae

1905 4991 1960 5036 et
2016 4977 2256 5033 libidinis
2323 4974 2552 5035 trabem,
2600 4972 2670 5026 ita
2730 4980 2787 5025 ut
2837 4969 3110 5035 excutias,
3155 4969 3247 5039 qui
3297 4968 3476 5038 possis

1906 5070 2213 5142 proximum
2250 5076 2402 5120 tuum
2446 5072 2688 5117 avertere
2723 5078 2753 5116 a
2788 5061 2991 5115 festuca
3028 5059 3161 5113 levis
3193 5058 3475 5128 cujusdam

1908 5161 2155 5234 peccati?
2198 5160 2419 5214 Divinas
2454 5168 2635 5212 autem
2683 5154 2883 5210 Paulus
2914 5153 2982 5208 ad
3029 5151 3303 5206 Romanos
3341 5152 3479 5208 scri-

1913 5258 2068 5322 bens,
2103 5255 2170 5309 de
2197 5252 2499 5325 bypocritis
2530 5250 2869 5320 hujusmodi,
2898 5249 2989 5320 qui
3018 5248 3273 5318 pietatem
3301 5261 3480 5300 emen-

1916 5350 2147 5411 tiuntur,
2183 5347 2310 5401 talia
2344 5344 2523 5399 fatur:
2556 5342 2661 5409 Qui
2690 5340 2858 5395 alium
2904 5343 3075 5405 doces,
3117 5340 3336 5407 teipsum
3375 5353 3478 5390 non

1910 5445 2099 5503 doces;
2147 5439 2238 5509 qui
2291 5437 2547 5507 pra'dicas
2602 5450 2704 5488 non
2754 5433 3069 5502 furandum,
3112 5431 3346 5500 furoris;
3387 5431 3477 5499 qui

1909 5540 2041 5593 dicis
2089 5552 2190 5589 non
2231 5532 2622 5596 max/tandum,
2674 5529 2983 5593 mtuo/raris;
3025 5528 3115 5597 qui
3156 5526 3480 5579 abominaris

1909 5632 2078 5693 idola,
2103 5644 2257 5682 sacra
2285 5624 2524 5693 expilas;
2564 5626 2653 5695 qui
2686 5625 2741 5678 in
2782 5622 2889 5693 lege
2922 5620 3192 5691 gloriaris,
3222 5634 3312 5687 per
3345 5633 3481 5687 ργα-

3165 5755 3208 5786 ⁹¹
3246 5750 3310 5805 Ill
3342 5749 3477 5817 Reg.

2401 5832 2447 5864 η
2487 5833 2605 5885 Act.
2646 5847 2700 5897 v,
2740 5823 2883 5885 i-i'o.
2959 5829 3006 5868 οι
3037 5825 3077 5881 ιι
3109 5824 3248 5880 Tim.
3285 5838 3356 5887 IV,
3394 5823 3477 5875 lt.

232 5914 275 5943 "’
304 5911 322 5964 Ι
350 5912 476 5968 Cor.
523 5929 594 5975 vi,
633 5913 688 5972 5.
720 5913 774 5968 5.
831 5901 897 5943 ν⁹⁸
922 5901 1120 5967 Jerem.
1152 5928 1235 5977 sv,
1271 5913 1323 5969 8.
1399 5915 1442 5946 ”
1474 5901 1662 5968 Matth.
1698 5930 1786 5968 XXI

1893 5914 1967 5967 Η.
2035 5911 2047 5940 ¹
2082 5907 2265 5962 Matth.
2305 5920 2414 5969 vn,
2450 5901 2557 5956 5-5.
