4142 6472
746 398 885 453 i583

1551 398 1607 453 S.
1648 399 2018 456 ATllANASll
2058 401 2207 458 UPP.
2244 401 2420 457 PARS
2456 402 2543 458 111.
2584 434 2653 445 -—-
2687 405 3090 465 EXEGETICA.

3856 416 3979 472 1581

744 528 865 577 eoat
896 517 1100 575 Paulus
1128 520 1219 590 qui
1249 518 1326 574 ait
1356 537 1369 575 :
1404 518 1471 574 Id
1510 522 1650 575 enim
1682 527 1820 591 quod
1859 523 1915 576 in
1954 526 2197 593 praesenti
2232 542 2279 579 es

2381 578 2383 585 ,
2410 528 2479 581 οὐ
2506 525 2755 581 δύναταί
2782 547 2901 597 μου
2933 526 3084 585 εἶναι
3127 531 3401 601 μαθητής
3420 549 3434 562 ο
3482 532 3619 586 ὅταν
3666 533 3861 607 κελεύῃ
3891 539 3976 590 καὶ

747 621 1160 667 momentaneum
1186 621 1236 667 et
1273 612 1376 666 leve
1408 613 1788 681 tribulationis,
1823 616 1952 669 mire
1998 633 2156 682 supra
2197 634 2308 671 mo-

744 706 870 759 dum
896 715 1147 760 teternum
1177 707 1359 776 glorirv
1382 708 1585 775 pondus
1610 720 1857 777 operatur
1883 710 1959 775 ¹⁹;
1992 718 2045 762 et
2078 726 2266 765 rursus
2294 730 2308 765 :

2414 616 2581 688 αὐτὴν
2628 620 2905 692 ἐκδοθῆναι
2938 623 3036 694 τὴν
3083 624 3295 696 ψυχήνς
3328 625 3646 680 Διδασκέτω
3683 643 3743 680 σε
3782 627 3977 694 Παῦλος

2414 708 2617 775 λέγων’
2661 711 2729 764 Τὸ
2772 714 2882 781 γὰρ
2927 716 3260 782 παραυτίκα
3288 716 3560 787 ἐλαφρὸν
3586 717 3697 785 τῆς
3731 720 3979 789 θλίψεως

747 796 868 851 Νοιι
918 808 1038 851 sunt
1088 799 1359 867 condigna:
1404 800 1669 868 passiones
1715 801 1872 868 hujus
1937 804 2181 870 temporis
2238 820 2279 856 at

2411 800 2541 853 καθ’
2564 802 2905 868 ὑπερϐολὴν
2932 806 3020 871 εὶς
3042 806 3385 875 ὑπερϐολὴν
3411 808 3551 861 αὶών
3562 825 3659 863 ιον
3670 809 3862 878 ,ϐάρος
3893 810 3979 864 δέν

742 891 976 957 [uturam
1011 891 1257 962 gloriam,
1283 907 1399 961 qua:
1430 892 1742 946 revelabitur
1775 894 1831 946 in
1862 895 2009 948 nobis
2040 896 2106 949 ²⁰.

2412 890 2523 957 ξης
2551 892 2980 961 κατεργάζεται*
3016 896 3108 950 καὶ
3143 897 3333 951 πάλιν
3363 902 3489 954 Οὐκ
3528 899 3675 965 ἀξια
3700 900 3775 953 τὰ
3799 900 3975 968 παθή-

2404 997 2563 1049 ματα
2592 981 2697 1036 τοῦ
2727 984 2844 1037 νῦν
2864 986 3070 1054 καιροῦ
3096 988 3245 1055 πρὸς
3276 987 3391 1057 τὴν
3411 990 3780 1060 μέλλουσαν
3802 990 3975 1054 δόξαν

2408 1075 2901 1145 ἀνακωυφθῆναι
2930 1081 3016 1145 εις
3047 1079 3222 1151 ἡμᾶς.

1317 1155 1531 1217 Prodit
1565 1173 1642 1217 ex
1676 1169 1815 1219 coa.
1852 1157 2021 1221 Colb.
2060 1161 2408 1225 membran.
2452 1183 2518 1227 x1
2567 1168 2802 1231 saeculi.
2834 1172 2939 1232 Est
2961 1174 3089 1234 Cat.
3117 1174 3183 1235 in
3210 1174 3425 1238 Matth.

1264 1256 1448 1311 Sancti
1470 1259 1772 1312 Athanasii.

810 1343 1094 1416 Propterea
1118 1346 1235 1401 dico
1266 1350 1405 1402 vobis
1429 1390 1443 1411 .
1475 1366 1623 1403 omne
1656 1361 1928 1420 peccatum
1964 1364 2013 1407 et
2059 1354 2302 1424 blasphe-

740 1437 845 1490 mia
871 1438 1165 1492 remittetur
1200 1440 1518 1504 hominibus,
1548 1442 1637 1493 sed
1680 1443 2002 1512 blasphemia
2046 1446 2101 1498 in
2139 1444 2305 1515 Spiri-

740 1540 846 1582 tum
880 1547 982 1583 non
1024 1532 1319 1584 remittetur
1354 1530 1480 1583 illis.
1522 1529 1589 1583 Et
1622 1533 1913 1603 quicunque
1951 1534 2145 1588 dixerit
2186 1554 2302 1591 ver-

735 1616 856 1669 bum
892 1629 1072 1670 contra
1106 1616 1305 1670 Filium
1352 1618 1605 1681 hominis,
1636 1624 1931 1674 remittetur
1955 1624 2047 1676 ei:
2085 1627 2175 1693 qui
2210 1643 2305 1679 au-

2755 1272 2864 1341 (2l)
2898 1273 3008 1328 Τοῦ
3035 1275 3207 1345 ἁγίου
3248 1279 3625 1335 Ἀθανασιου.

2475 1362 2579 1416 Διὰ
2618 1363 2791 1418 τοῦτο
2839 1365 2993 1435 λέγω
3027 1365 3200 1435 ὑμῖν,
3252 1368 3339 1422 ὄτι
3367 1368 3539 1425 πᾶσα
3583 1371 3841 1441 ἁμαρτία
3882 1374 3971 1428 καί

2399 1452 2763 1523 βλασφημία
2783 1454 3143 1523 ἀφεθήσεται
3164 1456 3287 1524 τοῖς
3311 1458 3648 1527 ἀνθρώποις
3666 1476 3680 1488 ⁸
3714 1460 3756 1529 ἠ
3783 1459 3852 1513 δὲ
3872 1461 3971 1514 τοῦ

2404 1545 2747 1613 Πνεύματος
2776 1547 3138 1618 ,ϐλασφημία
3174 1550 3284 1603 οὐκ
3335 1550 3703 1620 ἀφεθήσεται
3754 1553 3969 1619 αὐτοῖς.

2401 1635 2509 1687 Καὶ
2544 1634 2612 1701 ὃς
2644 1636 2753 1689 ἐὰν
2797 1638 2937 1704 εἴπῃ
2982 1641 3167 1709 λόγον
3198 1642 3347 1696 κατὰ
3392 1642 3496 1696 τοῦ
3530 1643 3667 1697 Υἰοῦ
3711 1644 3824 1698 τοῦ
3875 1646 3971 1699 ἀν-

734 1719 834 1762 tem
882 1709 1077 1762 dixerit
1106 1710 1311 1763 verbum
1357 1720 1541 1762 contra
1585 1709 1846 1779 Spiritum
1902 1725 2163 1779 sanctum,
2203 1734 2279 1772 nat

2403 1726 2637 1795 θρώπου
2663 1770 2675 1792 ,
2706 1729 3068 1798 ἀέεθήσεται
3105 1732 3262 1798 αὐτῷ
3281 1749 3293 1761 ·
3327 1732 3396 1799 ὃς
3425 1733 3479 1786 δ’
3521 1733 3599 1788 ἄν
3628 1735 3772 1805 εἴπῃ
3795 1738 3973 1807 λόγον

733 1798 1029 1851 remittetur
1054 1799 1103 1852 ei
1134 1815 1294 1868 neque
1322 1800 1375 1852 in
1399 1799 1494 1853 hoc
1520 1800 1732 1867 saeculo,
1762 1818 1922 1871 neque
1948 1804 2001 1855 in
2030 1804 2210 1873 futuro
2234 1808 2301 1863 ²¹.

2402 1820 2551 1872 κατὰ
2578 1820 2685 1874 τοῦ
2710 1822 3052 1890 Πνεύματος
3074 1824 3268 1893 ἁγίου,
3291 1826 3401 1879 οὐκ
3430 1826 3799 1896 ἀφεθήσεται
3822 1830 3972 1896 αὐτῷ

731 1886 833 1945 Hic
867 1892 1109 1960 apposite
1154 1891 1394 1960 Apostoli
1437 1893 1640 1947 dictum
1695 1893 2045 1963 proferatur:
2097 1895 2279 1951 Litteri

2400 1906 2538 1960 οὔτε
2564 1908 2633 1961 ἐν
2669 1908 2747 1973 τῷ
2925 1886 3092 1965 αἰῶνι
3122 1886 3264 1967 οὔτε
3280 1914 3350 1967 ὲν
3374 1886 3816 1986 cdo-pallent.
3864 1886 3971 1974 Ἑνὶ

728 1984 941 2047 occidit,
972 1981 1202 2052 Spiritus
1237 1994 1409 2037 autem
1456 1985 1771 2053 iiviﬁcat”.
1824 1986 1991 2042 Multa
2033 1989 2279 2060 siquiden

2404 1996 2576 2050 ταῦθα
2638 1999 2798 2054 καλὸν
2847 2001 2908 2053 τὸ
2957 2002 3052 2055 τοῦ
3095 1980 3431 2058 Ἀποστόλουγ
3478 1980 3687 2062 εἰπεῖν’
3757 2011 3841 2064 ὅτι
3906 2012 3971 2067 Τὸ

731 2074 1041 2129 divinarum
1066 2072 1473 2141 Scripturarum
1510 2077 1625 2130 loca
1654 2078 1701 2132 si
1736 2079 2035 2133 secundum
2066 2080 2297 2139 litteram

728 2166 1113 2237 intelligamus,
1146 2168 1200 2220 in
1252 2166 1515 2222 nefandas
1569 2168 1937 2239 biasphemias
1985 2172 2297 2242 incidimus,

728 2261 1035 2333 cuiusmodi
1074 2270 1201 2315 sunt
1229 2275 1349 2331 quae
1392 2262 1550 2317 nobis
1580 2279 1725 2317 nunc
1771 2276 2150 2336 proponuntur
2193 2269 2299 2323 Do-

727 2353 860 2406 mini
894 2352 1091 2416 verba;
1124 2366 1243 2421 quae
1274 2351 1318 2407 si
1364 2353 1662 2407 secundum
1709 2357 1881 2409 nudas
1910 2356 2177 2414 dictiones
2206 2375 2300 2414 ex-

722 2445 1011 2516 cipiamus,
1052 2460 1160 2498 non
1194 2445 1368 2500 solum
1404 2445 1457 2499 in
1512 2445 1774 2501 nefandas
1817 2448 2124 2504 dilabemur
2156 2453 2300 2522 cogi-

723 2538 982 2603 tationes,
1017 2537 1110 2591 sed
1139 2537 1302 2591 etiam
1336 2537 1513 2607 ipsum
1550 2537 1841 2594 Dominum
1875 2542 1979 2596 sibi
2019 2543 2295 2598 adversari

718 2629 1205 2699 deprehendemus.
1246 2627 1490 2697 Namque
1533 2630 1577 2685 si
1627 2634 1921 2702 quicunque
1954 2636 2145 2689 dixerit
2180 2653 2295 2689 ver-

718 2724 841 2773 bum
886 2730 1070 2773 contra
1120 2718 1318 2772 Filium
1355 2721 1613 2783 hominis,
1676 2723 1970 2775 remittetur
2019 2727 2099 2788 ei;
2152 2740 2293 2795 quo-

717 2812 878 2867 modo
923 2813 1064 2867 idem
1114 2810 1286 2865 Filius
1330 2812 1504 2866 dixit:
1536 2810 1639 2876 Qui
1687 2828 1768 2866 me
1809 2817 2073 2884 negaverit
2111 2833 2291 2871 coram

715 2902 1034 2963 hominibus.
1054 2902 1250 2971 negabo
1268 2918 1386 2955 eum
1416 2918 1593 2956 coram
1614 2903 1813 2973 angelis
1835 2903 1930 2957 Dei
1948 2905 1994 2936 "
2015 2906 2039 2959 ?
2062 2904 2129 2960 Et
2164 2922 2290 2961 rur-

715 3012 840 3059 sus,
872 2997 919 3050 si
946 3009 1109 3050 omne
1157 3004 1440 3064 peccatum
1486 3002 1543 3049 ct
1595 2996 1935 3065 blasphemia
1983 2998 2290 3054 remittetur

713 3088 1048 3151 hominibus,
1078 3087 1354 3156 quomodo
1373 3096 1426 3141 et
1454 3087 1521 3141 de
1535 3088 1708 3143 otioso
1725 3089 1889 3143 verbo
1914 3090 2176 3145 rationem
2198 3108 2291 3147 su-

712 3192 833 3231 nius
864 3177 1124 3230 reddituri
1144 3177 1188 3206 “
1206 3178 1228 3228 ?
1248 3176 1519 3246 quomodo
1536 3178 1627 3247 qui
1651 3178 1782 3232 dicit
1803 3178 1952 3233 fratri
1976 3196 2099 3245 suo,
2118 3180 2285 3249 fatue,

710 3282 837 3322 reus
854 3266 954 3321 erit
970 3267 1229 3337 gehennae
1256 3268 1394 3337 ignis
1410 3268 1454 3298 ’³
1473 3267 1495 3320 ?
1516 3270 1790 3337 quomodo
1809 3270 1933 3323 item
1949 3269 2151 3326 Paulus
2175 3272 2280 3326 ait:

2404 2089 2636 2161 ῃοάμμα
2659 2093 3013 2161 ἀποκτείνει,
3037 2094 3104 2149 τὸ
3134 2095 3203 2150 δὲ
3222 2097 3466 2169 Πνεῦμα
3492 2098 3779 2160 ζωοποιεῖ.
3803 2103 3972 2159 Πολλὰ

2400 2183 2507 2254 γὰρ
2540 2184 2646 2236 τῶν
2674 2184 2830 2240 θείων
2864 2188 3095 2259 Γραφῶν
3128 2189 3221 2242 ἐὰν
3242 2190 3383 2245 κατὰ
3412 2191 3473 2245 τὸ
3503 2194 3740 2264 γράμμα
3781 2198 3971 2266 νοήσω-

2404 2292 2501 2344 μεν
2524 2315 2537 2339 ,
2567 2278 2644 2340 είς
2674 2278 2943 2351 ἀθέσμους
2973 2281 3318 2353 βλασφημίας
3346 2285 3827 2356 περιπεσούμεθα·
3867 2282 3971 2341 οἷόν

2400 2365 2515 2417 ἐστι
2542 2368 2635 2421 καὶ
2663 2369 2725 2421 τὸ
2762 2370 2856 2424 νῦν
2883 2372 3239 2445 προκείμενον
3263 2375 3356 2428 τοῦ
3384 2377 3589 2448 Κυρίου
3630 2377 3816 2447 λόγιον
3834 2393 3849 2408 ·
3882 2380 3970 2432 ἐὰν

2400 2457 2508 2530 γὰρ
2549 2461 2690 2513 κατὰ
2728 2462 2891 2533 ξηροῦ
2934 2467 3033 2530 τὰς
3077 2467 3250 2534 λέξεις
3300 2468 3641 2540 ὲκλᾶσωμεν,
3698 2471 3760 2524 οὐ
3818 2472 3971 2542 μόνον

2397 2552 2477 2616 είς
2524 2552 2813 2623 ἀθεμίτους
2864 2558 3070 2623 ἐννοίας
3111 2561 3649 2632 κατενεχθησόμεθα,
3702 2564 3842 2619 ἀλλὰ
3880 2566 3969 2618 καὶ

2396 2644 2558 2697 αὑτὸν
2614 2646 2703 2699 τὸν
2771 2648 2973 2721 Κύριον
3028 2646 3433 2722 ἐναντιούμενον
3502 2654 3682 2725 ἑαυτῷ
3746 2656 3968 2727 εὑρήσο-

2398 2754 2516 2806 μεν.
2550 2738 2684 2791 Ἐὰν
2713 2739 2822 2811 γὰρ
2852 2740 2920 2807 ὃς
2944 2743 3083 2813 clay
3116 2744 3301 2813 λόγον
3330 2745 3481 2799 κατὰ
3510 2746 3615 2800 τοῦ
3662 2749 3823 2813 Υὶοῦ,
3865 2752 3969 2818 ἀφ-

2397 2828 2673 2895 εθήσεται
2716 2833 2905 2899 αὐτῷ·
2963 2836 3081 2900 πῶς
3106 2839 3266 2903 αὐτὸς
3313 2839 3341 2890 ὁ
3377 2840 3503 2905 Υἱὸς
3557 2837 3734 2909 εἶπεν,
3791 2844 3874 2898 ὅτι
3916 2846 3965 2899 '0

2392 2919 2889 2991 ἀπαρνησάμενος
2939 2927 3126 2981 αὑτὸν
3174 2928 3448 3001 [ἐνώπιον
3474 2931 3592 2985 τῶν
3618 2934 3963 3011 ἀνθρώπων]

2389 3012 2893 3083 ἀπαρνηθήσεται·
2936 3017 3279 3087 ἔμπροσθεν
3337 3022 3458 3077 τῶν
3522 3025 3799 3096 ἀγγέλων
3864 3030 3963 3084 τοῦ

2391 3106 2574 3171 Θεοῦ;
2634 3109 2743 3163 Καὶ
2802 3110 2961 3164 πάλιν
3021 3113 3116 3166 ἐὰν
3168 3116 3319 3167 πᾶσα
3368 3114 3612 3189 ἁμαρτία
3670 3121 3763 3172 καὶ
3812 3120 3965 3191 βλασ-

2389 3200 2566 3270 φημία
2603 3201 2930 3273 ἀφεθήσεται
2980 3207 3092 3269 τοῖς
3144 3204 3486 3277 ἀνθρώποις,
3532 3208 3651 3273 πῶς
3699 3212 3797 3264 καὶ
3831 3212 3963 3283 ὑπὲρ

2386 3292 2556 3362 ἀργοῦ
2602 3292 2760 3362 λόγου
2802 3295 3095 3364 ἀπολογίαν
3148 3298 3428 3370 δὼσομενς
3462 3301 3580 3365 πῶς
3611 3305 3641 3356 ὁ
3672 3303 3847 3373 λέγων
3889 3304 3961 3375 τῷ

714 3357 895 3413 Nolite
917 3374 1095 3411 errare
1124 3372 1142 3409 :
1184 3375 1345 3428 neque
1390 3359 1688 3429 fornicarii,
1721 3377 1883 3431 neque
1906 3361 2155 3427 adulteri,
2190 3379 2277 3416 ne-

2381 3357 2593 3454 ἀθε-λφῷ
2628 3357 2829 3451 αῦτοῦ,
2878 3357 3052 3460 μωρὲ,
3106 3357 3305 3461 ἔνοχος.
3331 3357 3484 3445 ἔσται
3526 3357 3608 3459 είς
3653 3357 3758 3466 τὴῦ
3810 3357 3959 3465 risv:

706 3468 803 3520 que
825 3451 1034 3513 molles,
1073 3467 1233 3519 neque
1267 3452 1533 3517 maledici,
1562 3469 1721 3523 neque
1749 3453 1974 3526 ebriosi,
1996 3472 2161 3526 neque
2187 3472 2278 3509 ra-

706 3558 857 3611 paces
878 3557 1091 3610 regnum
1113 3538 1204 3593 Dei
1227 3540 1557 3608 possidebunt
1578 3542 1622 3572 “
1639 3540 1803 3607 'IQuaz
1825 3543 1866 3597 si
1886 3544 1958 3596 ita
1980 3558 2037 3598 se
2055 3543 2274 3607 habent,

705 3634 1015 3703 quomodo,
1062 3648 1284 3703 qumso,
1328 3650 1490 3687 omne
1525 3645 1806 3703 peccatum
1845 3646 1899 3689 et
1938 3637 2275 3707 blasphemia

705 3726 1011 3782 remittetur
1047 3726 1392 3781 hominibus?
1442 3726 1813 3797 Rursumque,
1847 3729 1892 3783 si
1925 3744 2113 3783 verum
2142 3730 2273 3784 illud

702 3829 805 3885 est,
832 3836 930 3875 cur
961 3820 1126 3875 miser
1161 3828 1451 3875 accusatur
1480 3818 1765 3892 Origenes,
1794 3822 1940 3893 quod
1978 3822 2139 3878 linem
2174 3824 2274 3878 ali-

701 3924 864 3980 quem
902 3926 1189 3981 pcenarum
1237 3913 1561 3976 constituat;
1613 3928 1678 3968 ac
1722 3914 1940 3970 tandem
1986 3917 2272 3972 remissio-

702 4018 825 4057 nem
861 4003 1112 4056 omnium
1170 4012 1541 4072 peccatorum,
1594 4005 1910 4061 hominibus
1962 4010 2167 4077 pariter
2220 4018 2273 4063 et

700 4093 1039 4148 dmmonibus
1074 4109 1104 4147 a
1134 4092 1244 4148 Deo
1281 4095 1680 4150 concedendam
1715 4099 2006 4168 praedicet?
2043 4099 2193 4166 item,
2224 4101 2268 4154 si

702 4185 1035 4255 blasphemia
1071 4186 1127 4239 in
1168 4186 1428 4257 Spiritum
1456 4198 1707 4243 sanctum
1740 4190 2118 4247 remissionem
2159 4208 2268 4247 non

700 4278 891 4343 habet,
940 4279 1070 4349 quid
1100 4279 1347 4349 queritur
1387 4279 1625 4335 Ecclesia
1672 4280 1943 4337 Novatum
1992 4285 2266 4353 pmniten-

698 4372 828 4423 tiam
861 4369 1149 4439 rejeeissc?
1173 4369 1306 4425 illud
1337 4382 1516 4426 autem
1561 4374 1851 4429 obscurius
1890 4386 1944 4430 et
1985 4375 2268 4431 difficilius

697 4462 969 4517 intellectu
1027 4473 1140 4528 est,
1192 4466 1375 4534 quod.
1430 4466 1521 4534 qui
1572 4467 1769 4521 dixerit
1815 4468 2041 4523 verbum
2079 4480 2266 4523 contra

697 4551 892 4607 Filium
922 4555 1222 4609 remittetur
1238 4556 1315 4623 ei;
1340 4557 1431 4626 qui
1456 4573 1585 4612 vero
1614 4559 1811 4613 dixerit
1838 4560 2056 4615 verbum
2084 4572 2266 4616 contra

693 4645 958 4717 Spiritum
994 4655 1241 4700 sanctum
1277 4663 1381 4700 non
1416 4650 1721 4702 remittetur
1758 4650 1838 4715 ei,
1888 4651 1959 4704 ita
1994 4661 2051 4705 ut
2088 4653 2266 4706 minor

688 4740 938 4794 videntur
966 4735 1135 4792 Filius
1169 4753 1288 4792 esse
1322 4737 1528 4808 Spiritu
1568 4749 1756 4795 sancto
1800 4752 1853 4796 et
1896 4742 2079 4797 Patre.
2115 4744 2258 4811 Quid

684 4847 814 4903 ergo
843 4829 1085 4886 nefarios
1118 4830 1353 4885 Arianos
1393 4832 1689 4901 rejicimus.
1718 4834 1812 4902 qui
1840 4835 2039 4889 Filium
2070 4840 2262 4892 volunt

682 4938 803 4979 esse
854 4922 1168 4978 inferiorem
1229 4931 1282 4975 et
1339 4923 1609 4977 minorem
1653 4922 1912 4993 Spiritu?
1964 4926 2076 4980 Cur
2132 4945 2260 4993 ergo

685 5014 854 5071 Filius
904 5016 1037 5070 dicit
1086 5030 1100 5067 :
1152 5012 1260 5083 Ego
1294 5022 1342 5068 et
1390 5012 1550 5068 Pater
1602 5033 1765 5069 unum
1811 5034 1992 5073 sumus
2025 5022 2101 5087 ’7;
2151 5032 2255 5077 ct:

683 5104 786 5170 Qui
822 5122 923 5160 non
956 5107 1183 5161 honorat
1216 5104 1438 5173 Filium,
1464 5124 1563 5160 non
1597 5108 1822 5162 honorat
1852 5119 1901 5163 et
1938 5109 2158 5165 Patrem
2184 5114 2251 5177 ";

2379 3491 2475 3528 vav
2504 3476 2597 3530 τοῦ
2627 3477 2824 3548 “mp/2;;
2880 3478 2996 3542 πῶς
3022 3478 3079 3532 δέ
3109 3496 3241 3550 φησι
3271 3482 3366 3534 καὶ
3394 3482 3608 3547 Παῦλος
3626 3501 3639 3515 °
3689 3486 3790 3553 Μὴ
3819 3491 3961 3540 πλα-

2375 3568 2591 3623 νᾶσθε·
2644 3571 2780 3624 οὒτε
2821 3572 3066 3639 πόρνοι,
3099 3573 3241 3627 οὔτε
3286 3575 3527 3646 μοιχοὶ,
3582 3576 3723 3631 οὔτε
3775 3583 3959 3647 μαλα-

2377 3659 2503 3722 κοὶ,
2550 3662 2622 3713 οὐ
2689 3661 2989 3729 λοίδοροι,
3041 3665 3114 3718 οὐ
3165 3664 3453 3735 μέθυσοι,
3511 3671 3626 3738 οὐχ
3680 3670 3955 3741 ἅρπαγες,

2369 3750 2700 3814 ,Βασιλείαν
2756 3751 2904 3805 Θεοῦ
2952 3756 3023 3807 οὐ
3063 3754 3149 3824 μὴ
3206 3758 3775 3829 κληρονομήσουσι;
3842 3764 3949 3816 Kal.

2375 3844 2423 3894 εί
2470 3842 2640 3896 ταῦτα
2686 3843 2855 3905 οὕτως
2905 3843 3037 3913 ἔχει,
3076 3846 3191 3910 πῶς
3237 3847 3442 3912 λοιπὸν,
3481 3850 3606 3903 είπέ
3651 3870 3763 3921 μοι,
3809 3856 3953 3907 πᾶσα

2373 3932 2613 4003 ἁμαρτία
2646 3934 2737 3985 καὶ
2769 3932 3085 4003 βλασφημία
3115 3935 3449 4007 ἀφεθήσεται
3470 3942 3585 4002 τοῖς
3606 3940 3949 4013 ἀνθρώποιςς

2372 4022 2481 4075 Καὶ
2516 4022 2610 4075 ἐὰν
2644 4023 2805 4077 πάλιν
2846 4024 3003 4078 τοῦτο
3030 4026 3249 4099 ἀληθὲς,
3284 4028 3371 4083 διὰ
3401 4030 3454 4083 τί
3483 4030 3673 4093 λοιπὸν
3707 4034 3950 4102 ἐγκαλεῖ-

2369 4132 2459 4167 ται
2488 4116 2516 4167 ὁ
2546 4116 2726 4176 ἄθλιος
2772 4118 3072 4191 Ὠριγένης,
3114 4122 3268 4185 τέλος
3320 4123 3605 4194 κηρύττων
3652 4126 3755 4197 τῆς
3798 4126 3948 4180 καλά.

2372 4223 2529 4271 σεως,
2554 4208 2628 4271 ὡς
2660 4210 3004 4283 συγχώρησιν
3048 4213 3229 4284 πάσης
3268 4215 3546 4286 ἁμαρτίας
3580 4218 3947 4285 γενέσθαικαὶ

2370 4303 2481 4363 τοῖς
2519 4300 2825 4372 ἀνθρώποις
2875 4306 2969 4358 καὶ
3005 4309 3116 4370 τοῖς
3147 4306 3365 4379 δαίμοσι
3396 4310 3546 4382 παρά
3586 4310 3756 4378 Θεοῦ;
3789 4313 3947 4368 Πάλιν

2368 4391 2423 4445 δὲ
2455 4393 2548 4446 ἐὰν
2576 4395 2608 4464 ή
2642 4395 2722 4457 είς
2747 4395 2809 4448 τὸ
2842 4397 3065 4469 Πνεῦμα
3091 4399 3151 4452 τὸ
3175 4400 3329 4469 ἅγιον
3364 4400 3688 4476 βλασφημία
3718 4406 3819 4460 οὐκ
3841 4407 3941 4478 ἔχει

2371 4484 2734 4556 συγχώρησιν.
2770 4489 2823 4540 τί
2852 4490 3126 4561 μέμφεται
3159 4495 3191 4566 ἡ
3222 4494 3515 4567 Ἐκκλησία
3542 4499 3796 4554 Ναυάτον
3816 4503 3939 4554 ἀπο-

2370 4574 2696 4645 ϐαλλόμενον
2724 4577 2819 4651 τὴν
2847 4584 3168 4651 μετάνοιαν;
3203 4587 3276 4640 Τὸ
3328 4587 3385 4641 δὲ
3421 4592 3825 4663 σκοτεινότερον
3857 4593 3940 4646 καὶ

2368 4664 2811 4739 δυσκατάληπτον
2839 4674 3013 4726 ἐκεῖνό
3040 4676 3205 4740 ἐστιν,
3225 4679 3305 4731 ὅτι
3325 4678 3385 4742 ὃς
3414 4679 3480 4732 ἂν
3512 4680 3641 4751 εἴπῃ
3670 4680 3828 4751 λόγον
3853 4700 3939 4736 x1-

2296 4795 2337 4849 D
2369 4757 2435 4809 τὰ
2471 4758 2564 4810 τοῦ
2606 4759 2758 4825 Υῐοῦ,
2791 4762 3122 4835 ἀφεθήσεται
3156 4768 3331 4839 αὐτῷ·
3362 4769 3421 4833 ὃς
3453 4768 3501 4822 δ’
3533 4770 3602 4824 ἂν
3634 4772 3764 4844 εῖπῃ
3796 4771 3937 4841 λόγον

2366 4850 2506 4903 κατά
2549 4853 2642 4905 τοῦ
2692 4855 3024 4926 Πνεύματος,
3063 4860 3163 4913 οὐκ
3225 4861 3556 4933 ἀφεθήσεται
3593 4864 3779 4935 αὐτῷ’
3808 4864 3935 4917 ὥστε

2365 4939 2603 4993 ἐλάττων
2637 4945 2783 4996 ἐστὶν
2812 4949 2840 4999 ό
2868 4947 2995 5012 Υἱὸς
3023 4952 3172 5022 παρά
3196 4951 3256 5005 τὸ
3288 4951 3511 5022 Πνεῦμα
3540 4954 3637 5007 καὶ
3663 4955 3757 5007 τὸν
3781 4955 3936 5009 Πατέ-

2368 5050 2453 5103 ρα.
2506 5034 2613 5086 Καὶ
2655 5036 2707 5088 τί
2753 5037 2936 5091 λοιπὸν
3000 5041 3414 5113 ἀποϐαλλόμεθα
3472 5048 3601 5109 τοὺς
3665 5050 3929 5118 μυσαροῦς

2378 5125 2705 5195 Ἀρειανοὺς,
2735 5131 2861 5192 τοὺς
2904 5134 3298 5202 σμικρῦνοντας
3343 5135 3437 5188 καὶ
3478 5137 3933 5204 καταϐιϐάζω-τας

681 5200 915 5270 itemque
946 5201 1035 5256 hic
1070 5201 1143 5255 ait
1182 5214 1194 5250 :
1224 5199 1528 5269 Quicunque
1557 5200 1753 5254 dixerit
1807 5207 2015 5256 verbum
2066 5215 2250 5259 contra

2381 5217 2448 5270 :bv
2483 5218 2610 5270 Υίὸν
2662 5221 2815 5291 παρὰ
2852 5224 2912 5275 τὸ
2945 5199 3196 5295 Πνεῦμας
3240 5226 3349 5280 Kal.
3393 5227 3513 5295 πῶς
3542 5232 3571 5283 ὁ
3608 5231 3735 5295 Υἱὸς
3760 5199 3929 5300 λέγειλ

680 5290 903 5358 Filium,
932 5294 1229 5348 remittetur
1258 5292 1305 5344 ei
1337 5292 1421 5344 "'3
1451 5290 1590 5346 Num
1652 5293 1990 5364 blasphemia
2042 5296 2096 5351 in
2151 5297 2247 5352 Fi-

675 5386 807 5438 lium
842 5385 1141 5441 condonata
1175 5397 1257 5441 est
1293 5384 1533 5451 Arianis,
1579 5384 1936 5453 Simonianis,
1966 5389 2237 5445 Sabellia-

673 5479 779 5539 nis,
829 5474 1209 5545 Photinianis,
1254 5477 1580 5545 exterisque
1616 5479 1911 5544 omnibus,
1958 5482 2048 5551 qui
2097 5484 2244 5538 blas-

745 5587 785 5619 ι’
822 5586 857 5640 ll
890 5586 1014 5642 Cor.
1050 5604 1124 5652 ιν,
1162 5592 1246 5645 17,
1325 5590 1376 5623 ³ο
1406 5587 1561 5643 Rom.
1592 5608 1683 5645 vui
1709 5632 1723 5651 ,
1758 5592 1841 5646 l8.
1920 5595 1960 5625 “
1991 5594 2175 5649 Matth.
2215 5616 2284 5653 xtl

673 5672 771 5719 xu,
801 5657 888 5711 36.
965 5661 1007 5690 ’³
1034 5660 1216 5714 Matth.
1246 5679 1295 5727 v,
1322 5660 1415 5717 εἰ.
1495 5662 1539 5691 ’⁸
1572 5662 1587 5714 1
1621 5664 1743 5716 Cor.
1781 5680 1853 5730 Vl,
1890 5666 1973 5719 l0.
2059 5666 2281 5722 "Joan.

2370 5308 2514 5377 Ἐγὼ
2542 5311 2638 5364 καὶ
2660 5315 2693 5365 ὀ
2722 5315 2923 5382 Πατὴρ
2956 5317 3025 5370 ἓν
3053 5318 3239 5387 ἐσμεν
3260 5335 3273 5348 ·
3309 5322 3422 5385 καὶ,
3440 5323 3494 5376 '0
3518 5322 3607 5392 μὴ
3630 5324 3813 5393 τιμῶν
3835 5325 3931 5377 τεν

2364 5398 2500 5452 Υίὸν
2534 5404 2605 5454 οὐ
2628 5403 2766 5473 τιμᾴ
2804 5406 2909 5458 τὸν
2934 5410 3198 5478 Πατέρα⁶
3234 5412 3329 5466 καὶ
3375 5412 3537 5467 πάλιν
3576 5416 3813 5470 ἐνταῦθὰ
3834 5432 3927 5485 φη-

2356 5508 2437 5544 σιν
2456 5510 2470 5522 ν
2509 5494 2605 5559 Ὃς
2633 5494 2709 5548 ἂν
2738 5496 2877 5565 εἴπῃ
2914 5501 3102 5571 λόγον
3127 5502 3277 5557 κατὰ
3314 5503 3422 5558 τοῦ
3447 5506 3611 5570 Υἱοῦ,
3644 5506 3929 5576 ἀφεθήσε-

2293 5642 2307 5665 ν
2349 5602 2552 5688 51,ξί
2583 5610 2684 5688 μίξ
2711 5609 2899 5667 llCor.
2932 5630 3014 5673 Ill.
3042 5616 3093 5670 6.
3178 5618 3221 5688 ’ξ
3244 5616 3378 5674 Luc.
3412 5638 3513 5688 xu,
3542 5622 3597 5677 9.
3674 5624 3720 5653 “
3743 5622 3921 5679 Matth.

2327 5688 2377 5737 κ,
2420 5675 2508 5729 50.
2583 5678 2627 5709 "‘
2660 5679 2816 5737 Joan.
2849 5701 2896 5745 ν,
2930 5688 3021 5740 ‘25.
3106 5688 3149 5720 ²⁹
3179 5687 3367 5745 Matth.
3413 5675 3513 5757 xu;
3547 5675 3637 5747 32.

741 5768 961 5878 t?l)'Ex
989 5772 1108 5878 cod.
1145 5772 1300 5829 Colb.
1332 5772 1497 5837 25:25,
1534 5773 1624 5843 qui
1667 5784 1748 5830 est
1805 5784 1993 5830 catena
2062 5779 2114 5830 in
2162 5778 2489 5842 Hall/ticum.
2526 5789 2580 5845 ln
2625 5794 2785 5850 editis
2822 5814 3040 5871 quoque
3082 5814 3396 5874 comparet,
3451 5806 3545 5863 sed
3592 5822 3788 5878 magna
3844 5803 3920 5862 sui

673 5852 823 5907 parte
863 5849 1187 5896 truncatum.
