  <div class='ocr_page' id='page_1' title='image "/cluster/home/n/w/nwhite01/storage/ocr_20150623/27/uva.x030474749/702.png"; bbox 0 0 4142 6466; ppageno 0'>
   <div class='ocr_carea' id='block_1_1' title="bbox 245 400 1881 462">
    <p class='ocr_par' dir='ltr' id='par_1_1' title="bbox 245 400 1881 462">
     <span class='ocr_line' id='line_1_1' title="bbox 245 400 1881 462; baseline -0.003 -2"><span class='ocrx_word' id='word_1_1' title='bbox 245 407 271 460; x_wconf 75' lang='grc' dir='ltr'><strong>⁴Ι</strong></span> <span class='ocrx_word' id='word_1_2' title='bbox 284 406 389 462; x_wconf 78' lang='grc'><strong>585</strong></span> <span class='ocrx_word' id='word_1_3' title='bbox 1360 403 1777 461; x_wconf 60' lang='lat' dir='ltr'><strong>FRAGMENTA</strong></span> <span class='ocrx_word' id='word_1_4' title='bbox 1820 400 1881 455; x_wconf 70' lang='lat' dir='ltr'><strong>IN</strong></span> 
     </span>
    </p>
   </div>
   <div class='ocr_carea' id='block_1_2' title="bbox 1834 400 3470 462">
    <p class='ocr_par' dir='ltr' id='par_1_2' title="bbox 1841 400 3470 461">
     <span class='ocr_line' id='line_1_2' title="bbox 1841 400 3470 461; baseline 0.002 -5"><span class='ocrx_word' id='word_1_5' title='bbox 1841 400 1885 455; x_wconf 70' lang='grc' dir='ltr'>Ν</span> <span class='ocrx_word' id='word_1_6' title='bbox 1926 403 2358 459; x_wconf 73' lang='lat' dir='ltr'><strong>MATTH/EUM.</strong></span> <span class='ocrx_word' id='word_1_7' title='bbox 3333 403 3470 461; x_wconf 74' lang='grc'><strong>1586</strong></span> 
     </span>
    </p>
   </div>
   <div class='ocr_carea' id='block_1_3' title="bbox 244 522 1880 601">
    <p class='ocr_par' dir='ltr' id='par_1_3' title="bbox 244 525 1880 601">
     <span class='ocr_line' id='line_1_3' title="bbox 244 525 1880 601; baseline -0.005 -17"><span class='ocrx_word' id='word_1_8' title='bbox 244 547 342 584; x_wconf 80' lang='grc' dir='ltr'><strong>ται</strong></span> <span class='ocrx_word' id='word_1_9' title='bbox 378 529 573 593; x_wconf 53' lang='lat' dir='ltr'><strong>aute};</strong></span> <span class='ocrx_word' id='word_1_10' title='bbox 628 529 745 601; x_wconf 79' lang='grc' dir='ltr'>Δρα</span> <span class='ocrx_word' id='word_1_11' title='bbox 764 525 873 591; x_wconf 69' lang='grc' dir='ltr'>οὖν,</span> <span class='ocrx_word' id='word_1_12' title='bbox 907 530 1023 583; x_wconf 80' lang='grc' dir='ltr'>είπὲ</span> <span class='ocrx_word' id='word_1_13' title='bbox 1057 548 1165 600; x_wconf 86' lang='grc' dir='ltr'>μοι,</span> <span class='ocrx_word' id='word_1_14' title='bbox 1197 533 1230 601; x_wconf 82' lang='grc' dir='ltr'><strong>ἡ</strong></span> <span class='ocrx_word' id='word_1_15' title='bbox 1259 533 1336 594; x_wconf 88' lang='grc' dir='ltr'><strong>είς</strong></span> <span class='ocrx_word' id='word_1_16' title='bbox 1368 531 1457 583; x_wconf 83' lang='grc' dir='ltr'><strong>τὸν</strong></span> <span class='ocrx_word' id='word_1_17' title='bbox 1485 530 1609 582; x_wconf 85' lang='grc' dir='ltr'>Υἰὸν</span> <span class='ocrx_word' id='word_1_18' title='bbox 1645 527 1806 597; x_wconf 77' lang='grc' dir='ltr'>βλασ-</span> <span class='ocrx_word' id='word_1_19' title='bbox 1838 529 1880 586; x_wconf 72' lang='grc' dir='ltr'>Α</span> 
     </span>
    </p>
   </div>
   <div class='ocr_carea' id='block_1_4' title="bbox 1836 522 3472 601">
    <p class='ocr_par' dir='ltr' id='par_1_4' title="bbox 1838 522 3472 595">
     <span class='ocr_line' id='line_1_4' title="bbox 1838 522 3472 595; baseline 0.001 -18"><span class='ocrx_word' id='word_1_20' title='bbox 1838 526 2155 595; x_wconf 74' lang='grc' dir='ltr'>Αιιίιειιιὶιιε</span> <span class='ocrx_word' id='word_1_21' title='bbox 2214 523 2266 578; x_wconf 90' lang='lat' dir='ltr'><strong>in</strong></span> <span class='ocrx_word' id='word_1_22' title='bbox 2336 523 2535 578; x_wconf 88' lang='lat' dir='ltr'><strong>Christi</strong></span> <span class='ocrx_word' id='word_1_23' title='bbox 2598 522 3024 580; x_wconf 82' lang='lat' dir='ltr'><strong>incarnationem</strong></span> <span class='ocrx_word' id='word_1_24' title='bbox 3095 524 3472 594; x_wconf 79' lang='lat' dir='ltr'><strong>protulerunt?</strong></span> 
     </span>
    </p>
   </div>
   <div class='ocr_carea' id='block_1_5' title="bbox 245 614 1881 697">
    <p class='ocr_par' dir='ltr' id='par_1_5' title="bbox 245 622 1812 697">
     <span class='ocr_line' id='line_1_5' title="bbox 245 622 1812 697; baseline 0 -22"><span class='ocrx_word' id='word_1_25' title='bbox 245 622 429 693; x_wconf 77' lang='grc' dir='ltr'>φημία</span> <span class='ocrx_word' id='word_1_26' title='bbox 472 622 945 694; x_wconf 79' lang='grc' dir='ltr'>συγχωρηθήσεται</span> <span class='ocrx_word' id='word_1_27' title='bbox 978 627 1087 687; x_wconf 82' lang='grc' dir='ltr'>τοῖς</span> <span class='ocrx_word' id='word_1_28' title='bbox 1127 626 1438 697; x_wconf 80' lang='grc' dir='ltr'>Ἀρειανοῖς,</span> <span class='ocrx_word' id='word_1_29' title='bbox 1490 626 1582 677; x_wconf 76' lang='grc' dir='ltr'>καὶ</span> <span class='ocrx_word' id='word_1_30' title='bbox 1632 625 1812 693; x_wconf 83' lang='grc' dir='ltr'>Σιμω-</span> 
     </span>
    </p>
   </div>
   <div class='ocr_carea' id='block_1_6' title="bbox 1836 614 3472 697">
    <p class='ocr_par' dir='ltr' id='par_1_6' title="bbox 1914 614 3472 687">
     <span class='ocr_line' id='line_1_6' title="bbox 1914 614 3472 687; baseline 0.003 -19"><span class='ocrx_word' id='word_1_31' title='bbox 1914 617 2095 686; x_wconf 80' lang='lat' dir='ltr'><strong>Apage</strong></span> <span class='ocrx_word' id='word_1_32' title='bbox 2129 616 2268 670; x_wconf 89' lang='lat' dir='ltr'><strong>hanc</strong></span> <span class='ocrx_word' id='word_1_33' title='bbox 2306 615 2715 670; x_wconf 87' lang='lat' dir='ltr'><strong>absurditatem.</strong></span> <span class='ocrx_word' id='word_1_34' title='bbox 2740 614 2870 670; x_wconf 83' lang='lat' dir='ltr'><strong>Nam</strong></span> <span class='ocrx_word' id='word_1_35' title='bbox 2914 616 2960 670; x_wconf 91' lang='lat' dir='ltr'><strong>si</strong></span> <span class='ocrx_word' id='word_1_36' title='bbox 2992 616 3040 670; x_wconf 81' lang='lat' dir='ltr'><strong>is</strong></span> <span class='ocrx_word' id='word_1_37' title='bbox 3068 617 3162 687; x_wconf 86' lang='lat' dir='ltr'><strong>qui</strong></span> <span class='ocrx_word' id='word_1_38' title='bbox 3190 616 3344 672; x_wconf 87' lang='lat' dir='ltr'><strong>lratri</strong></span> <span class='ocrx_word' id='word_1_39' title='bbox 3372 634 3472 672; x_wconf 88' lang='lat' dir='ltr'><strong>suo</strong></span> 
     </span>
    </p>
   </div>
   <div class='ocr_carea' id='block_1_7' title="bbox 244 707 1880 781">
    <p class='ocr_par' dir='ltr' id='par_1_7' title="bbox 244 714 1812 781">
     <span class='ocr_line' id='line_1_7' title="bbox 244 714 1812 781; baseline 0.001 -16"><span class='ocrx_word' id='word_1_40' title='bbox 244 717 468 778; x_wconf 87' lang='grc' dir='ltr'>νιανοῖς,</span> <span class='ocrx_word' id='word_1_41' title='bbox 501 714 593 767; x_wconf 70' lang='grc' dir='ltr'><strong>καὶ</strong></span> <span class='ocrx_word' id='word_1_42' title='bbox 618 714 1007 780; x_wconf 76' lang='grc' dir='ltr'>Σαδελλιανοῖς,</span> <span class='ocrx_word' id='word_1_43' title='bbox 1034 716 1128 769; x_wconf 72' lang='grc' dir='ltr'><strong>καὶ</strong></span> <span class='ocrx_word' id='word_1_44' title='bbox 1149 719 1537 781; x_wconf 82' lang='grc' dir='ltr'>Φωτεινιανοῖς,</span> <span class='ocrx_word' id='word_1_45' title='bbox 1570 718 1663 771; x_wconf 79' lang='grc' dir='ltr'><strong>καὶ</strong></span> <span class='ocrx_word' id='word_1_46' title='bbox 1699 720 1812 780; x_wconf 84' lang='grc' dir='ltr'>τοῖς</span> 
     </span>
    </p>
   </div>
   <div class='ocr_carea' id='block_1_8' title="bbox 1836 707 3472 781">
    <p class='ocr_par' dir='ltr' id='par_1_8' title="bbox 1914 707 3472 779">
     <span class='ocr_line' id='line_1_8' title="bbox 1914 707 3472 779; baseline 0.001 -17"><span class='ocrx_word' id='word_1_47' title='bbox 1914 708 2070 771; x_wconf 93' lang='lat' dir='ltr'><strong>dicit,</strong></span> <span class='ocrx_word' id='word_1_48' title='bbox 2101 707 2272 762; x_wconf 85' lang='lat' dir='ltr'><strong>Fatue</strong></span> <span class='ocrx_word' id='word_1_49' title='bbox 2292 748 2305 771; x_wconf 88' lang='lat'><strong>,</strong></span> <span class='ocrx_word' id='word_1_50' title='bbox 2355 722 2481 761; x_wconf 91' lang='lat' dir='ltr'><strong>reus</strong></span> <span class='ocrx_word' id='word_1_51' title='bbox 2517 716 2601 761; x_wconf 91' lang='lat' dir='ltr'><strong>est</strong></span> <span class='ocrx_word' id='word_1_52' title='bbox 2629 708 2888 778; x_wconf 61' lang='lat' dir='ltr'><strong>gehennae</strong></span> <span class='ocrx_word' id='word_1_53' title='bbox 2914 708 3085 778; x_wconf 80' lang='lat' dir='ltr'><strong>ignis;</strong></span> <span class='ocrx_word' id='word_1_54' title='bbox 3119 709 3355 779; x_wconf 85' lang='lat' dir='ltr'><strong>qualem,</strong></span> <span class='ocrx_word' id='word_1_55' title='bbox 3385 711 3472 764; x_wconf 88' lang='lat' dir='ltr'><strong>die</strong></span> 
     </span>
    </p>
   </div>
   <div class='ocr_carea' id='block_1_9' title="bbox 244 798 1880 882">
    <p class='ocr_par' dir='ltr' id='par_1_9' title="bbox 244 804 1814 882">
     <span class='ocr_line' id='line_1_9' title="bbox 244 804 1814 882; baseline 0.004 -28"><span class='ocrx_word' id='word_1_56' title='bbox 244 804 452 868; x_wconf 81' lang='grc' dir='ltr'>λοιποῖς</span> <span class='ocrx_word' id='word_1_57' title='bbox 483 808 615 859; x_wconf 77' lang='grc' dir='ltr'>πᾶσι</span> <span class='ocrx_word' id='word_1_58' title='bbox 642 808 751 869; x_wconf 89' lang='grc' dir='ltr'>τοῖς</span> <span class='ocrx_word' id='word_1_59' title='bbox 774 809 852 869; x_wconf 87' lang='grc' dir='ltr'><strong>είς</strong></span> <span class='ocrx_word' id='word_1_60' title='bbox 871 808 967 878; x_wconf 77' lang='grc' dir='ltr'>τὴν</span> <span class='ocrx_word' id='word_1_61' title='bbox 994 808 1086 867; x_wconf 85' lang='grc' dir='ltr'><strong>τοῦ</strong></span> <span class='ocrx_word' id='word_1_62' title='bbox 1116 809 1242 861; x_wconf 82' lang='grc' dir='ltr'>Υίοῦ</span> <span class='ocrx_word' id='word_1_63' title='bbox 1271 811 1542 882; x_wconf 82' lang='grc' dir='ltr'>σάρκωσιν</span> <span class='ocrx_word' id='word_1_64' title='bbox 1572 809 1814 878; x_wconf 80' lang='grc' dir='ltr'>βλασφη-</span> 
     </span>
    </p>
   </div>
   <div class='ocr_carea' id='block_1_10' title="bbox 1836 798 3472 882">
    <p class='ocr_par' dir='ltr' id='par_1_10' title="bbox 1916 798 3472 869">
     <span class='ocr_line' id='line_1_10' title="bbox 1916 798 3472 869; baseline 0.001 -18"><span class='ocrx_word' id='word_1_65' title='bbox 1916 798 2045 851; x_wconf 91' lang='lat' dir='ltr'><strong>mihi</strong></span> <span class='ocrx_word' id='word_1_66' title='bbox 2067 841 2081 863; x_wconf 90' lang='lat'><strong>,</strong></span> <span class='ocrx_word' id='word_1_67' title='bbox 2110 798 2163 851; x_wconf 91' lang='lat' dir='ltr'><strong>in</strong></span> <span class='ocrx_word' id='word_1_68' title='bbox 2194 799 2493 868; x_wconf 81' lang='lat' dir='ltr'><strong>gehennam</strong></span> <span class='ocrx_word' id='word_1_69' title='bbox 2524 799 2783 867; x_wconf 63' lang='lat' dir='ltr'><strong>gehennae</strong></span> <span class='ocrx_word' id='word_1_70' title='bbox 2814 799 3099 869; x_wconf 75' lang='lat' dir='ltr'><strong>projicitur</strong></span> <span class='ocrx_word' id='word_1_71' title='bbox 3130 801 3175 853; x_wconf 81' lang='lat' dir='ltr'><strong>is</strong></span> <span class='ocrx_word' id='word_1_72' title='bbox 3197 800 3288 869; x_wconf 89' lang='lat' dir='ltr'><strong>qui</strong></span> <span class='ocrx_word' id='word_1_73' title='bbox 3318 800 3472 854; x_wconf 89' lang='lat' dir='ltr'><strong>al&#39;tir-</strong></span> 
     </span>
    </p>
   </div>
   <div class='ocr_carea' id='block_1_11' title="bbox 252 891 1888 976">
    <p class='ocr_par' dir='ltr' id='par_1_11' title="bbox 252 901 1815 976">
     <span class='ocr_line' id='line_1_11' title="bbox 252 901 1815 976; baseline -0.007 -9"><span class='ocrx_word' id='word_1_74' title='bbox 252 901 523 969; x_wconf 75' lang='grc' dir='ltr'>μήσασιν;</span> <span class='ocrx_word' id='word_1_75' title='bbox 563 901 775 967; x_wconf 75' lang='grc' dir='ltr'>Ἄπαγε</span> <span class='ocrx_word' id='word_1_76' title='bbox 819 903 919 973; x_wconf 81' lang='grc' dir='ltr'>τῆς</span> <span class='ocrx_word' id='word_1_77' title='bbox 950 905 1196 969; x_wconf 83' lang='grc' dir='ltr'><strong>ἀτοπίας.</strong></span> <span class='ocrx_word' id='word_1_78' title='bbox 1244 907 1307 958; x_wconf 82' lang='lat' dir='ltr'><strong>Ei</strong></span> <span class='ocrx_word' id='word_1_79' title='bbox 1338 906 1445 976; x_wconf 77' lang='grc' dir='ltr'>γὰρ</span> <span class='ocrx_word' id='word_1_80' title='bbox 1487 909 1513 959; x_wconf 85' lang='lat'><strong>6</strong></span> <span class='ocrx_word' id='word_1_81' title='bbox 1539 907 1710 972; x_wconf 80' lang='grc' dir='ltr'>λέγων</span> <span class='ocrx_word' id='word_1_82' title='bbox 1740 904 1815 974; x_wconf 80' lang='grc' dir='ltr'>τῷ</span> 
     </span>
    </p>
   </div>
   <div class='ocr_carea' id='block_1_12' title="bbox 1836 891 3472 976">
    <p class='ocr_par' dir='ltr' id='par_1_12' title="bbox 1915 891 3472 957">
     <span class='ocr_line' id='line_1_12' title="bbox 1915 891 3472 957; baseline 0.001 -12"><span class='ocrx_word' id='word_1_83' title='bbox 1915 903 2026 947; x_wconf 87' lang='lat' dir='ltr'><strong>mat</strong></span> <span class='ocrx_word' id='word_1_84' title='bbox 2061 891 2227 946; x_wconf 89' lang='lat' dir='ltr'><strong>Deum</strong></span> <span class='ocrx_word' id='word_1_85' title='bbox 2264 908 2424 947; x_wconf 88' lang='lat' dir='ltr'><strong>suum</strong></span> <span class='ocrx_word' id='word_1_86' title='bbox 2466 900 2772 947; x_wconf 90' lang='lat' dir='ltr'><strong>creaturam</strong></span> <span class='ocrx_word' id='word_1_87' title='bbox 2805 908 2960 956; x_wconf 89' lang='lat' dir='ltr'><strong>esse;</strong></span> <span class='ocrx_word' id='word_1_88' title='bbox 3003 907 3111 946; x_wconf 89' lang='lat' dir='ltr'><strong>non</strong></span> <span class='ocrx_word' id='word_1_89' title='bbox 3137 891 3329 946; x_wconf 82' lang='lat' dir='ltr'><strong>Filium</strong></span> <span class='ocrx_word' id='word_1_90' title='bbox 3356 893 3472 957; x_wconf 90' lang='lat' dir='ltr'><strong>Dei,</strong></span> 
     </span>
    </p>
   </div>
   <div class='ocr_carea' id='block_1_13' title="bbox 248 983 1884 1070">
    <p class='ocr_par' dir='ltr' id='par_1_13' title="bbox 248 991 1815 1070">
     <span class='ocr_line' id='line_1_13' title="bbox 248 991 1815 1070; baseline 0.004 -27"><span class='ocrx_word' id='word_1_91' title='bbox 248 991 462 1062; x_wconf 71' lang='grc' dir='ltr'>ἀδελφῷ</span> <span class='ocrx_word' id='word_1_92' title='bbox 490 992 674 1055; x_wconf 81' lang='grc' dir='ltr'>αὐτοῦ,</span> <span class='ocrx_word' id='word_1_93' title='bbox 706 994 901 1065; x_wconf 83' lang='grc' dir='ltr'>Μωρὲ,</span> <span class='ocrx_word' id='word_1_94' title='bbox 931 995 1109 1065; x_wconf 78' lang='grc' dir='ltr'>ἔνοχός</span> <span class='ocrx_word' id='word_1_95' title='bbox 1136 999 1281 1051; x_wconf 77' lang='grc' dir='ltr'>ἐστιν</span> <span class='ocrx_word' id='word_1_96' title='bbox 1327 1001 1405 1062; x_wconf 83' lang='grc' dir='ltr'>εἰς</span> <span class='ocrx_word' id='word_1_97' title='bbox 1452 1000 1549 1070; x_wconf 69' lang='grc' dir='ltr'>τὴν</span> <span class='ocrx_word' id='word_1_98' title='bbox 1593 998 1815 1065; x_wconf 79' lang='grc' dir='ltr'><strong>γέενναν</strong></span> 
     </span>
    </p>
   </div>
   <div class='ocr_carea' id='block_1_14' title="bbox 1838 983 3474 1070">
    <p class='ocr_par' dir='ltr' id='par_1_14' title="bbox 1915 983 3474 1054">
     <span class='ocr_line' id='line_1_14' title="bbox 1915 983 3474 1054; baseline 0 -14"><span class='ocrx_word' id='word_1_99' title='bbox 1915 984 2009 1041; x_wconf 89' lang='lat' dir='ltr'><strong>sed</strong></span> <span class='ocrx_word' id='word_1_100' title='bbox 2050 999 2266 1039; x_wconf 86' lang='lat' dir='ltr'><strong>servum</strong></span> <span class='ocrx_word' id='word_1_101' title='bbox 2288 1024 2303 1049; x_wconf 90' lang='lat'><strong>,</strong></span> <span class='ocrx_word' id='word_1_102' title='bbox 2352 984 2445 1039; x_wconf 89' lang='lat' dir='ltr'><strong>sed</strong></span> <span class='ocrx_word' id='word_1_103' title='bbox 2494 984 2910 1048; x_wconf 80' lang='lat' dir='ltr'><strong>adtninistrnm,</strong></span> <span class='ocrx_word' id='word_1_104' title='bbox 2942 995 2996 1041; x_wconf 90' lang='lat' dir='ltr'><strong>ct</strong></span> <span class='ocrx_word' id='word_1_105' title='bbox 3035 985 3299 1054; x_wconf 88' lang='lat' dir='ltr'><strong>parvum?</strong></span> <span class='ocrx_word' id='word_1_106' title='bbox 3332 983 3397 1038; x_wconf 86' lang='lat' dir='ltr'><strong>Et</strong></span> <span class='ocrx_word' id='word_1_107' title='bbox 3428 986 3474 1040; x_wconf 90' lang='lat' dir='ltr'><strong>si</strong></span> 
     </span>
    </p>
   </div>
   <div class='ocr_carea' id='block_1_15' title="bbox 246 1076 1882 1161">
    <p class='ocr_par' dir='ltr' id='par_1_15' title="bbox 246 1084 1814 1161">
     <span class='ocr_line' id='line_1_15' title="bbox 246 1084 1814 1161; baseline 0.003 -26"><span class='ocrx_word' id='word_1_108' title='bbox 246 1086 340 1135; x_wconf 77' lang='grc' dir='ltr'><strong>τοῦ</strong></span> <span class='ocrx_word' id='word_1_109' title='bbox 370 1084 559 1154; x_wconf 70' lang='grc' dir='ltr'>πυρὸς,</span> <span class='ocrx_word' id='word_1_110' title='bbox 589 1086 667 1147; x_wconf 85' lang='grc' dir='ltr'><strong>είς</strong></span> <span class='ocrx_word' id='word_1_111' title='bbox 698 1085 851 1139; x_wconf 86' lang='grc' dir='ltr'>ποίαν</span> <span class='ocrx_word' id='word_1_112' title='bbox 885 1086 1085 1151; x_wconf 70' lang='grc' dir='ltr'>λοιπον,</span> <span class='ocrx_word' id='word_1_113' title='bbox 1118 1090 1237 1142; x_wconf 83' lang='grc' dir='ltr'><strong>είπὲ</strong></span> <span class='ocrx_word' id='word_1_114' title='bbox 1274 1107 1383 1161; x_wconf 87' lang='grc' dir='ltr'>μοι,</span> <span class='ocrx_word' id='word_1_115' title='bbox 1413 1090 1635 1157; x_wconf 78' lang='grc' dir='ltr'>γέενναν</span> <span class='ocrx_word' id='word_1_116' title='bbox 1664 1088 1814 1155; x_wconf 79' lang='grc' dir='ltr'>γεέν-</span> 
     </span>
    </p>
   </div>
   <div class='ocr_carea' id='block_1_16' title="bbox 1835 1076 3471 1161">
    <p class='ocr_par' dir='ltr' id='par_1_16' title="bbox 1915 1076 3471 1145">
     <span class='ocr_line' id='line_1_16' title="bbox 1915 1076 3471 1145; baseline -0.002 -14"><span class='ocrx_word' id='word_1_117' title='bbox 1915 1078 2007 1145; x_wconf 90' lang='lat' dir='ltr'><strong>qui</strong></span> <span class='ocrx_word' id='word_1_118' title='bbox 2057 1076 2256 1130; x_wconf 80' lang='lat' dir='ltr'><strong>dixerit</strong></span> <span class='ocrx_word' id='word_1_119' title='bbox 2309 1077 2530 1135; x_wconf 79' lang='lat' dir='ltr'><strong>verbum</strong></span> <span class='ocrx_word' id='word_1_120' title='bbox 2572 1086 2756 1130; x_wconf 89' lang='lat' dir='ltr'><strong>contra</strong></span> <span class='ocrx_word' id='word_1_121' title='bbox 2793 1076 2989 1130; x_wconf 88' lang='lat' dir='ltr'><strong>Filium</strong></span> <span class='ocrx_word' id='word_1_122' title='bbox 3014 1119 3028 1142; x_wconf 93' lang='lat'><strong>,</strong></span> <span class='ocrx_word' id='word_1_123' title='bbox 3063 1078 3364 1131; x_wconf 79' lang='lat' dir='ltr'><strong>remittetur</strong></span> <span class='ocrx_word' id='word_1_124' title='bbox 3388 1078 3471 1142; x_wconf 88' lang='lat' dir='ltr'><strong>ei;</strong></span> 
     </span>
    </p>
   </div>
   <div class='ocr_carea' id='block_1_17' title="bbox 248 1166 1884 1250">
    <p class='ocr_par' dir='ltr' id='par_1_17' title="bbox 248 1176 1812 1250">
     <span class='ocr_line' id='line_1_17' title="bbox 248 1176 1812 1250; baseline 0.004 -24"><span class='ocrx_word' id='word_1_125' title='bbox 248 1193 347 1246; x_wconf 91' lang='grc' dir='ltr'><strong>νης</strong></span> <span class='ocrx_word' id='word_1_126' title='bbox 389 1176 781 1247; x_wconf 65' lang='grc' dir='ltr'>ἐκϐληθήσεται</span> <span class='ocrx_word' id='word_1_127' title='bbox 810 1180 839 1230; x_wconf 97' lang='lat'><strong>6</strong></span> <span class='ocrx_word' id='word_1_128' title='bbox 870 1180 1040 1247; x_wconf 83' lang='grc' dir='ltr'>λέγων</span> <span class='ocrx_word' id='word_1_129' title='bbox 1070 1180 1160 1233; x_wconf 80' lang='grc' dir='ltr'><strong>τὸν</strong></span> <span class='ocrx_word' id='word_1_130' title='bbox 1201 1182 1334 1235; x_wconf 82' lang='grc' dir='ltr'>Θεὸν</span> <span class='ocrx_word' id='word_1_131' title='bbox 1385 1180 1545 1234; x_wconf 73' lang='grc' dir='ltr'>αὑτοῦ</span> <span class='ocrx_word' id='word_1_132' title='bbox 1589 1180 1812 1250; x_wconf 80' lang='grc' dir='ltr'><strong>κτίσμα,</strong></span> 
     </span>
    </p>
   </div>
   <div class='ocr_carea' id='block_1_18' title="bbox 1837 1166 3473 1250">
    <p class='ocr_par' dir='ltr' id='par_1_18' title="bbox 1916 1166 3473 1238">
     <span class='ocr_line' id='line_1_18' title="bbox 1916 1166 3473 1238; baseline -0.002 -16"><span class='ocrx_word' id='word_1_133' title='bbox 1916 1167 2187 1238; x_wconf 90' lang='lat' dir='ltr'><strong>quomodo</strong></span> <span class='ocrx_word' id='word_1_134' title='bbox 2220 1167 2333 1236; x_wconf 88' lang='lat' dir='ltr'><strong>ipse</strong></span> <span class='ocrx_word' id='word_1_135' title='bbox 2362 1166 2532 1221; x_wconf 81' lang='lat' dir='ltr'><strong>Filius</strong></span> <span class='ocrx_word' id='word_1_136' title='bbox 2555 1167 2689 1221; x_wconf 52' lang='lat' dir='ltr'><strong>diuit</strong></span> <span class='ocrx_word' id='word_1_137' title='bbox 2709 1186 2721 1219; x_wconf 89' lang='lat'>:</span> <span class='ocrx_word' id='word_1_138' title='bbox 2744 1168 2845 1231; x_wconf 83' lang='lat' dir='ltr'><strong>Qui</strong></span> <span class='ocrx_word' id='word_1_139' title='bbox 2876 1183 2975 1219; x_wconf 86' lang='lat' dir='ltr'><strong>non</strong></span> <span class='ocrx_word' id='word_1_140' title='bbox 2998 1167 3277 1220; x_wconf 78' lang='lat' dir='ltr'><strong>manducet</strong></span> <span class='ocrx_word' id='word_1_141' title='bbox 3306 1184 3473 1221; x_wconf 85' lang='lat' dir='ltr'><strong>meam</strong></span> 
     </span>
    </p>
   </div>
   <div class='ocr_carea' id='block_1_19' title="bbox 249 1258 1885 1343">
    <p class='ocr_par' dir='ltr' id='par_1_19' title="bbox 249 1268 1817 1343">
     <span class='ocr_line' id='line_1_19' title="bbox 249 1268 1817 1343; baseline 0.003 -24"><span class='ocrx_word' id='word_1_142' title='bbox 249 1269 345 1319; x_wconf 73' lang='grc' dir='ltr'><strong>καί</strong></span> <span class='ocrx_word' id='word_1_143' title='bbox 372 1269 493 1338; x_wconf 74' lang='grc' dir='ltr'>οὐχὶ</span> <span class='ocrx_word' id='word_1_144' title='bbox 525 1268 657 1321; x_wconf 82' lang='grc' dir='ltr'>Θεοῦ</span> <span class='ocrx_word' id='word_1_145' title='bbox 688 1270 834 1334; x_wconf 76' lang='grc' dir='ltr'>Υἱὸν,</span> <span class='ocrx_word' id='word_1_146' title='bbox 871 1271 1004 1324; x_wconf 75' lang='grc' dir='ltr'>ἀλλα</span> <span class='ocrx_word' id='word_1_147' title='bbox 1035 1272 1218 1326; x_wconf 79' lang='grc' dir='ltr'>δοῦλον</span> <span class='ocrx_word' id='word_1_148' title='bbox 1265 1273 1359 1325; x_wconf 73' lang='grc' dir='ltr'>καὶ</span> <span class='ocrx_word' id='word_1_149' title='bbox 1405 1273 1671 1343; x_wconf 78' lang='grc' dir='ltr'>ὑπουργὸν</span> <span class='ocrx_word' id='word_1_150' title='bbox 1722 1273 1817 1327; x_wconf 75' lang='grc' dir='ltr'>καὶ</span> 
     </span>
    </p>
   </div>
   <div class='ocr_carea' id='block_1_20' title="bbox 1837 1258 3473 1343">
    <p class='ocr_par' dir='ltr' id='par_1_20' title="bbox 1915 1258 3473 1328">
     <span class='ocr_line' id='line_1_20' title="bbox 1915 1258 3473 1328; baseline 0 -17"><span class='ocrx_word' id='word_1_151' title='bbox 1915 1275 2144 1323; x_wconf 82' lang='lat' dir='ltr'><strong>carnem,</strong></span> <span class='ocrx_word' id='word_1_152' title='bbox 2177 1274 2265 1311; x_wconf 80' lang='lat' dir='ltr'><strong>nec</strong></span> <span class='ocrx_word' id='word_1_153' title='bbox 2295 1258 2419 1310; x_wconf 86' lang='lat' dir='ltr'><strong>bibit</strong></span> <span class='ocrx_word' id='word_1_154' title='bbox 2456 1274 2627 1310; x_wconf 83' lang='lat' dir='ltr'><strong>meum</strong></span> <span class='ocrx_word' id='word_1_155' title='bbox 2667 1260 2990 1328; x_wconf 77' lang='lat' dir='ltr'><strong>sanguinem,</strong></span> <span class='ocrx_word' id='word_1_156' title='bbox 3027 1275 3130 1312; x_wconf 82' lang='lat' dir='ltr'><strong>non</strong></span> <span class='ocrx_word' id='word_1_157' title='bbox 3157 1260 3362 1312; x_wconf 76' lang='lat' dir='ltr'><strong>habebit</strong></span> <span class='ocrx_word' id='word_1_158' title='bbox 3396 1262 3473 1313; x_wconf 82' lang='lat' dir='ltr'><strong>vi-</strong></span> 
     </span>
    </p>
   </div>
   <div class='ocr_carea' id='block_1_21' title="bbox 252 1349 3478 1436">
    <p class='ocr_par' dir='ltr' id='par_1_21' title="bbox 252 1349 3478 1436">
     <span class='ocr_line' id='line_1_21' title="bbox 252 1349 3478 1436; baseline 0.002 -24"><span class='ocrx_word' id='word_1_159' title='bbox 252 1361 481 1432; x_wconf 87' lang='grc' dir='ltr'>μικρόν;</span> <span class='ocrx_word' id='word_1_160' title='bbox 510 1363 617 1415; x_wconf 78' lang='grc' dir='ltr'>Καὶ</span> <span class='ocrx_word' id='word_1_161' title='bbox 642 1364 689 1415; x_wconf 89' lang='grc' dir='ltr'><strong>εί</strong></span> <span class='ocrx_word' id='word_1_162' title='bbox 720 1364 865 1427; x_wconf 81' lang='grc' dir='ltr'>ὅστις</span> <span class='ocrx_word' id='word_1_163' title='bbox 899 1365 1025 1436; x_wconf 78' lang='grc' dir='ltr'>εἴπῃ</span> <span class='ocrx_word' id='word_1_164' title='bbox 1050 1366 1203 1434; x_wconf 82' lang='grc' dir='ltr'>λόγον</span> <span class='ocrx_word' id='word_1_165' title='bbox 1231 1366 1371 1419; x_wconf 74' lang='grc' dir='ltr'>κατὰ</span> <span class='ocrx_word' id='word_1_166' title='bbox 1395 1365 1487 1419; x_wconf 86' lang='grc' dir='ltr'><strong>τοῦ</strong></span> <span class='ocrx_word' id='word_1_167' title='bbox 1524 1365 1677 1428; x_wconf 89' lang='grc' dir='ltr'>Υἰοῦ,</span> <span class='ocrx_word' id='word_1_168' title='bbox 1716 1367 1817 1433; x_wconf 71' lang='grc' dir='ltr'><strong>ἀφ·</strong></span> <span class='ocrx_word' id='word_1_169' title='bbox 1918 1364 2026 1408; x_wconf 70' lang='lat' dir='ltr'><strong>mm</strong></span> <span class='ocrx_word' id='word_1_170' title='bbox 2071 1363 2321 1407; x_wconf 68' lang='grc' dir='ltr'><strong>ωιενηατη</strong></span> <span class='ocrx_word' id='word_1_171' title='bbox 2353 1349 2436 1402; x_wconf 54' lang='lat'><strong>3°?</strong></span> <span class='ocrx_word' id='word_1_172' title='bbox 2468 1350 2575 1404; x_wconf 73' lang='grc' dir='ltr'><strong>Ᾱυῑ</strong></span> <span class='ocrx_word' id='word_1_173' title='bbox 2597 1350 2714 1419; x_wconf 53' lang='lat' dir='ltr'><strong>qm,</strong></span> <span class='ocrx_word' id='word_1_174' title='bbox 2745 1365 2951 1419; x_wconf 63' lang='grc' dir='ltr'><strong>(Ιυδῖεοο</strong></span> <span class='ocrx_word' id='word_1_175' title='bbox 2984 1351 3158 1419; x_wconf 62' lang='lat' dir='ltr'><strong>[&quot;355il</strong></span> <span class='ocrx_word' id='word_1_176' title='bbox 3194 1352 3286 1420; x_wconf 74' lang='grc' dir='ltr'>ιιυὶ</span> <span class='ocrx_word' id='word_1_177' title='bbox 3322 1351 3478 1421; x_wconf 73' lang='grc' dir='ltr'><strong>ί8ηο’</strong></span> 
     </span>
    </p>
   </div>
   <div class='ocr_carea' id='block_1_22' title="bbox 250 1442 1886 1525">
    <p class='ocr_par' dir='ltr' id='par_1_22' title="bbox 250 1452 1815 1525">
     <span class='ocr_line' id='line_1_22' title="bbox 250 1452 1815 1525; baseline 0.004 -21"><span class='ocrx_word' id='word_1_178' title='bbox 250 1452 504 1522; x_wconf 83' lang='grc' dir='ltr'>εθήσεται</span> <span class='ocrx_word' id='word_1_179' title='bbox 537 1453 704 1524; x_wconf 73' lang='grc' dir='ltr'>αὐτῷ,</span> <span class='ocrx_word' id='word_1_180' title='bbox 744 1455 860 1518; x_wconf 83' lang='grc' dir='ltr'><strong>πῶς</strong></span> <span class='ocrx_word' id='word_1_181' title='bbox 888 1457 1047 1519; x_wconf 77' lang='grc' dir='ltr'>αὐτὸς</span> <span class='ocrx_word' id='word_1_182' title='bbox 1084 1459 1111 1508; x_wconf 89' lang='lat'><strong>6</strong></span> <span class='ocrx_word' id='word_1_183' title='bbox 1143 1457 1266 1521; x_wconf 79' lang='grc' dir='ltr'>Υἱὸς</span> <span class='ocrx_word' id='word_1_184' title='bbox 1312 1453 1482 1521; x_wconf 77' lang='grc' dir='ltr'>εἶπεν,</span> <span class='ocrx_word' id='word_1_185' title='bbox 1530 1458 1610 1510; x_wconf 84' lang='grc' dir='ltr'>ὅτι</span> <span class='ocrx_word' id='word_1_186' title='bbox 1647 1456 1700 1509; x_wconf 89' lang='lat'><strong>&#39;0</strong></span> <span class='ocrx_word' id='word_1_187' title='bbox 1728 1455 1815 1525; x_wconf 82' lang='grc' dir='ltr'>μὴ</span> 
     </span>
    </p>
   </div>
   <div class='ocr_carea' id='block_1_23' title="bbox 1838 1442 3474 1525">
    <p class='ocr_par' dir='ltr' id='par_1_23' title="bbox 1916 1442 3474 1511">
     <span class='ocr_line' id='line_1_23' title="bbox 1916 1442 3474 1511; baseline -0.003 -11"><span class='ocrx_word' id='word_1_188' title='bbox 1916 1445 2085 1500; x_wconf 85' lang='lat' dir='ltr'><strong>minia</strong></span> <span class='ocrx_word' id='word_1_189' title='bbox 2123 1443 2289 1499; x_wconf 79' lang='lat' dir='ltr'><strong>afﬁcit</strong></span> <span class='ocrx_word' id='word_1_190' title='bbox 2330 1442 2524 1497; x_wconf 83' lang='lat' dir='ltr'><strong>Filium</strong></span> <span class='ocrx_word' id='word_1_191' title='bbox 2546 1485 2559 1509; x_wconf 95' lang='lat'><strong>,</strong></span> <span class='ocrx_word' id='word_1_192' title='bbox 2593 1458 2700 1497; x_wconf 90' lang='lat' dir='ltr'><strong>non</strong></span> <span class='ocrx_word' id='word_1_193' title='bbox 2735 1442 3109 1511; x_wconf 89' lang='lat' dir='ltr'><strong>blasphemare</strong></span> <span class='ocrx_word' id='word_1_194' title='bbox 3142 1443 3196 1497; x_wconf 90' lang='lat' dir='ltr'><strong>in</strong></span> <span class='ocrx_word' id='word_1_195' title='bbox 3227 1454 3474 1499; x_wconf 88' lang='lat' dir='ltr'><strong>sanctam</strong></span> 
     </span>
    </p>
   </div>
   <div class='ocr_carea' id='block_1_24' title="bbox 250 1533 1886 1619">
    <p class='ocr_par' dir='ltr' id='par_1_24' title="bbox 250 1543 1817 1619">
     <span class='ocr_line' id='line_1_24' title="bbox 250 1543 1817 1619; baseline 0.004 -24"><span class='ocrx_word' id='word_1_196' title='bbox 250 1543 483 1613; x_wconf 74' lang='grc' dir='ltr'>τρώγων</span> <span class='ocrx_word' id='word_1_197' title='bbox 503 1563 620 1614; x_wconf 83' lang='grc' dir='ltr'>μου</span> <span class='ocrx_word' id='word_1_198' title='bbox 645 1546 755 1614; x_wconf 73' lang='grc' dir='ltr'><strong>τὴν</strong></span> <span class='ocrx_word' id='word_1_199' title='bbox 776 1546 989 1615; x_wconf 71' lang='grc' dir='ltr'>σάρκα,</span> <span class='ocrx_word' id='word_1_200' title='bbox 1015 1548 1112 1601; x_wconf 73' lang='grc' dir='ltr'><strong>καὶ</strong></span> <span class='ocrx_word' id='word_1_201' title='bbox 1135 1550 1219 1618; x_wconf 72' lang='grc' dir='ltr'>μὴ</span> <span class='ocrx_word' id='word_1_202' title='bbox 1251 1551 1439 1603; x_wconf 82' lang='grc' dir='ltr'>πίνων</span> <span class='ocrx_word' id='word_1_203' title='bbox 1460 1569 1579 1619; x_wconf 85' lang='grc' dir='ltr'>μου</span> <span class='ocrx_word' id='word_1_204' title='bbox 1618 1548 1682 1603; x_wconf 80' lang='grc' dir='ltr'>τὸ</span> <span class='ocrx_word' id='word_1_205' title='bbox 1727 1544 1817 1602; x_wconf 80' lang='grc' dir='ltr'>αῖ-</span> 
     </span>
    </p>
   </div>
   <div class='ocr_carea' id='block_1_25' title="bbox 1840 1533 3476 1619">
    <p class='ocr_par' dir='ltr' id='par_1_25' title="bbox 1918 1533 3476 1603">
     <span class='ocr_line' id='line_1_25' title="bbox 1918 1533 3476 1603; baseline -0.002 -10"><span class='ocrx_word' id='word_1_206' title='bbox 1918 1538 2268 1593; x_wconf 83' lang='lat' dir='ltr'><strong>Trinitatem?</strong></span> <span class='ocrx_word' id='word_1_207' title='bbox 2317 1536 2421 1602; x_wconf 86' lang='lat' dir='ltr'><strong>Qui</strong></span> <span class='ocrx_word' id='word_1_208' title='bbox 2457 1550 2584 1589; x_wconf 90' lang='lat' dir='ltr'><strong>vero</strong></span> <span class='ocrx_word' id='word_1_209' title='bbox 2616 1535 2668 1588; x_wconf 90' lang='lat' dir='ltr'><strong>in</strong></span> <span class='ocrx_word' id='word_1_210' title='bbox 2712 1550 2832 1589; x_wconf 90' lang='lat' dir='ltr'><strong>eam</strong></span> <span class='ocrx_word' id='word_1_211' title='bbox 2863 1534 3181 1603; x_wconf 86' lang='lat' dir='ltr'><strong>blasphema</strong></span> <span class='ocrx_word' id='word_1_212' title='bbox 3231 1533 3384 1601; x_wconf 88' lang='lat' dir='ltr'><strong>dicit,</strong></span> <span class='ocrx_word' id='word_1_213' title='bbox 3430 1535 3476 1591; x_wconf 79' lang='lat' dir='ltr'><strong>is</strong></span> 
     </span>
    </p>
   </div>
   <div class='ocr_carea' id='block_1_26' title="bbox 244 1625 1880 1707">
    <p class='ocr_par' dir='ltr' id='par_1_26' title="bbox 244 1635 1816 1707">
     <span class='ocr_line' id='line_1_26' title="bbox 244 1635 1816 1707; baseline 0.004 -19"><span class='ocrx_word' id='word_1_214' title='bbox 244 1652 353 1703; x_wconf 82' lang='grc' dir='ltr'>μιι,</span> <span class='ocrx_word' id='word_1_215' title='bbox 378 1638 489 1689; x_wconf 85' lang='grc' dir='ltr'><strong>οὐκ</strong></span> <span class='ocrx_word' id='word_1_216' title='bbox 513 1637 635 1705; x_wconf 78' lang='grc' dir='ltr'>ἔχει</span> <span class='ocrx_word' id='word_1_217' title='bbox 658 1635 809 1705; x_wconf 72' lang='grc' dir='ltr'><strong>ζωὴν</strong></span> <span class='ocrx_word' id='word_1_218' title='bbox 841 1638 1109 1701; x_wconf 62' lang='lat' dir='ltr'><strong>celebrior;</strong></span> <span class='ocrx_word' id='word_1_219' title='bbox 1136 1641 1259 1704; x_wconf 88' lang='grc' dir='ltr'><strong>Πῶς</strong></span> <span class='ocrx_word' id='word_1_220' title='bbox 1281 1642 1337 1695; x_wconf 74' lang='grc' dir='ltr'>δὲ</span> <span class='ocrx_word' id='word_1_221' title='bbox 1360 1642 1452 1695; x_wconf 74' lang='grc' dir='ltr'><strong>καὶ</strong></span> <span class='ocrx_word' id='word_1_222' title='bbox 1471 1640 1691 1694; x_wconf 78' lang='grc' dir='ltr'>δύναταί</span> <span class='ocrx_word' id='word_1_223' title='bbox 1712 1658 1816 1707; x_wconf 87' lang='grc' dir='ltr'>τις,</span> 
     </span>
    </p>
   </div>
   <div class='ocr_carea' id='block_1_27' title="bbox 1834 1625 3470 1707">
    <p class='ocr_par' dir='ltr' id='par_1_27' title="bbox 1918 1625 3470 1695">
     <span class='ocr_line' id='line_1_27' title="bbox 1918 1625 3470 1695; baseline -0.003 -12"><span class='ocrx_word' id='word_1_224' title='bbox 1918 1629 2061 1684; x_wconf 87' lang='lat' dir='ltr'><strong>haud</strong></span> <span class='ocrx_word' id='word_1_225' title='bbox 2118 1627 2281 1682; x_wconf 85' lang='lat' dir='ltr'><strong>dubie</strong></span> <span class='ocrx_word' id='word_1_226' title='bbox 2327 1626 2558 1694; x_wconf 83' lang='lat' dir='ltr'><strong>abnegat</strong></span> <span class='ocrx_word' id='word_1_227' title='bbox 2610 1631 2859 1679; x_wconf 89' lang='lat' dir='ltr'><strong>sanetum</strong></span> <span class='ocrx_word' id='word_1_228' title='bbox 2909 1625 3211 1693; x_wconf 86' lang='lat' dir='ltr'><strong>baptisma;</strong></span> <span class='ocrx_word' id='word_1_229' title='bbox 3271 1640 3336 1679; x_wconf 88' lang='lat' dir='ltr'><strong>ac</strong></span> <span class='ocrx_word' id='word_1_230' title='bbox 3377 1627 3470 1695; x_wconf 85' lang='lat' dir='ltr'><strong>qui</strong></span> 
     </span>
    </p>
   </div>
   <div class='ocr_carea' id='block_1_28' title="bbox 249 1716 1885 1805">
    <p class='ocr_par' dir='ltr' id='par_1_28' title="bbox 249 1726 1819 1805">
     <span class='ocr_line' id='line_1_28' title="bbox 249 1726 1819 1805; baseline 0.007 -27"><span class='ocrx_word' id='word_1_231' title='bbox 249 1726 533 1797; x_wconf 77' lang='grc' dir='ltr'><strong>ἀτιμάζων</strong></span> <span class='ocrx_word' id='word_1_232' title='bbox 581 1728 671 1780; x_wconf 76' lang='grc' dir='ltr'>τὸν</span> <span class='ocrx_word' id='word_1_233' title='bbox 718 1728 864 1793; x_wconf 70' lang='grc' dir='ltr'>Υίὸν,</span> <span class='ocrx_word' id='word_1_234' title='bbox 904 1732 977 1802; x_wconf 84' lang='grc' dir='ltr'>μὴ</span> <span class='ocrx_word' id='word_1_235' title='bbox 1026 1732 1363 1805; x_wconf 68' lang='grc' dir='ltr'><strong>βλασφημεῖν</strong></span> <span class='ocrx_word' id='word_1_236' title='bbox 1407 1735 1486 1796; x_wconf 83' lang='grc' dir='ltr'>εἰς</span> <span class='ocrx_word' id='word_1_237' title='bbox 1528 1733 1627 1805; x_wconf 78' lang='grc' dir='ltr'><strong>τὴν</strong></span> <span class='ocrx_word' id='word_1_238' title='bbox 1659 1733 1819 1802; x_wconf 85' lang='grc' dir='ltr'>ἁγίαν</span> 
     </span>
    </p>
   </div>
   <div class='ocr_carea' id='block_1_29' title="bbox 1828 1716 3464 1805">
    <p class='ocr_par' dir='ltr' id='par_1_29' title="bbox 1919 1716 3464 1791">
     <span class='ocr_line' id='line_1_29' title="bbox 1919 1716 3464 1791; baseline -0.003 -15"><span class='ocrx_word' id='word_1_239' title='bbox 1919 1722 2249 1791; x_wconf 79' lang='lat' dir='ltr'><strong>baptismum</strong></span> <span class='ocrx_word' id='word_1_240' title='bbox 2273 1727 2455 1789; x_wconf 76' lang='lat' dir='ltr'><strong>negat,</strong></span> <span class='ocrx_word' id='word_1_241' title='bbox 2483 1716 2726 1787; x_wconf 80' lang='lat' dir='ltr'><strong>profecto</strong></span> <span class='ocrx_word' id='word_1_242' title='bbox 2743 1716 3003 1787; x_wconf 86' lang='lat' dir='ltr'><strong>Spiritum</strong></span> <span class='ocrx_word' id='word_1_243' title='bbox 3027 1727 3273 1771; x_wconf 87' lang='lat' dir='ltr'><strong>sanetum</strong></span> <span class='ocrx_word' id='word_1_244' title='bbox 3299 1719 3464 1773; x_wconf 82' lang='lat' dir='ltr'><strong>exuit.</strong></span> 
     </span>
    </p>
   </div>
   <div class='ocr_carea' id='block_1_30' title="bbox 252 1809 1888 1898">
    <p class='ocr_par' dir='ltr' id='par_1_30' title="bbox 252 1818 1888 1898">
     <span class='ocr_line' id='line_1_30' title="bbox 252 1818 1888 1898; baseline 0.005 -27"><span class='ocrx_word' id='word_1_245' title='bbox 252 1818 493 1890; x_wconf 76' lang='grc' dir='ltr'>Τριάδας</span> <span class='ocrx_word' id='word_1_246' title='bbox 530 1821 586 1875; x_wconf 82' lang='grc'><strong>’0</strong></span> <span class='ocrx_word' id='word_1_247' title='bbox 605 1821 658 1873; x_wconf 78' lang='grc' dir='ltr'><strong>δὲ</strong></span> <span class='ocrx_word' id='word_1_248' title='bbox 687 1825 765 1883; x_wconf 88' lang='grc' dir='ltr'><strong>είς</strong></span> <span class='ocrx_word' id='word_1_249' title='bbox 805 1823 971 1894; x_wconf 77' lang='grc' dir='ltr'>αὐτὴν</span> <span class='ocrx_word' id='word_1_250' title='bbox 1014 1824 1345 1897; x_wconf 75' lang='grc' dir='ltr'>βλασφημῶν</span> <span class='ocrx_word' id='word_1_251' title='bbox 1373 1826 1611 1896; x_wconf 82' lang='grc' dir='ltr'>δηλονότι</span> <span class='ocrx_word' id='word_1_252' title='bbox 1643 1827 1818 1898; x_wconf 71' lang='grc' dir='ltr'>ἀπαρο</span> <span class='ocrx_word' id='word_1_253' title='bbox 1848 1874 1888 1898; x_wconf 65' lang='grc' dir='ltr'><strong>η</strong></span> 
     </span>
    </p>
   </div>
   <div class='ocr_carea' id='block_1_31' title="bbox 1832 1809 3468 1898">
    <p class='ocr_par' dir='ltr' id='par_1_31' title="bbox 1848 1809 3468 1898">
     <span class='ocr_line' id='line_1_31' title="bbox 1848 1809 3468 1898; baseline -0.001 -31"><span class='ocrx_word' id='word_1_254' title='bbox 1848 1874 1889 1898; x_wconf 58' lang='grc' dir='ltr'><strong>η</strong></span> <span class='ocrx_word' id='word_1_255' title='bbox 1923 1813 1987 1867; x_wconf 87' lang='lat' dir='ltr'><strong>Et</strong></span> <span class='ocrx_word' id='word_1_256' title='bbox 2011 1811 2467 1883; x_wconf 89' lang='lat' dir='ltr'><strong>quemadmodum</strong></span> <span class='ocrx_word' id='word_1_257' title='bbox 2512 1810 2564 1862; x_wconf 90' lang='lat' dir='ltr'><strong>in</strong></span> <span class='ocrx_word' id='word_1_258' title='bbox 2619 1810 2733 1863; x_wconf 88' lang='lat' dir='ltr'><strong>sole</strong></span> <span class='ocrx_word' id='word_1_259' title='bbox 2764 1810 2868 1864; x_wconf 91' lang='lat' dir='ltr'><strong>isto</strong></span> <span class='ocrx_word' id='word_1_260' title='bbox 2898 1809 3180 1871; x_wconf 91' lang='lat' dir='ltr'><strong>sensibili,</strong></span> <span class='ocrx_word' id='word_1_261' title='bbox 3219 1809 3265 1863; x_wconf 90' lang='lat' dir='ltr'><strong>si</strong></span> <span class='ocrx_word' id='word_1_262' title='bbox 3301 1811 3468 1866; x_wconf 88' lang='lat' dir='ltr'><strong>calori</strong></span> 
     </span>
    </p>
   </div>
   <div class='ocr_carea' id='block_1_32' title="bbox 252 1874 1888 1989">
    <p class='ocr_par' dir='ltr' id='par_1_32' title="bbox 252 1874 1888 1989">
     <span class='ocr_line' id='line_1_32' title="bbox 301 1874 1787 1898; baseline 0.004 -7"><span class='ocrx_word' id='word_1_263' title='bbox 301 1874 313 1890; x_wconf 78' lang='grc' dir='ltr'><strong>Ι</strong></span> <span class='ocrx_word' id='word_1_264' title='bbox 483 1874 492 1885; x_wconf 91' lang='lat'><strong><em>&#39;</em></strong></span> <span class='ocrx_word' id='word_1_265' title='bbox 745 1874 761 1883; x_wconf 88' lang='lat'>&#39;</span> <span class='ocrx_word' id='word_1_266' title='bbox 890 1874 895 1875; x_wconf 57' lang='grc'><strong><em>⁷</em></strong></span> <span class='ocrx_word' id='word_1_267' title='bbox 929 1874 961 1894; x_wconf 57' lang='grc'><strong>1⁷</strong></span> <span class='ocrx_word' id='word_1_268' title='bbox 1014 1874 1058 1895; x_wconf 79' lang='lat' dir='ltr'><strong>r&#39;</strong></span> <span class='ocrx_word' id='word_1_269' title='bbox 1083 1874 1335 1897; x_wconf 72' lang='lat' dir='ltr'><strong>&quot;‘T‘tr&#39;&quot;&#39;</strong></span> <span class='ocrx_word' id='word_1_270' title='bbox 1380 1874 1609 1896; x_wconf 46' lang='grc'>⁷⁷⁸⁷⁷⁷⁷⁷⁷⁷</span> <span class='ocrx_word' id='word_1_271' title='bbox 1646 1874 1787 1898; x_wconf 55' lang='grc'><strong>’⁷⁷⁷⁷⁷1-</strong></span> 
     </span>
     <span class='ocr_line' id='line_1_33' title="bbox 252 1874 1888 1989; baseline 0.006 -25"><span class='ocrx_word' id='word_1_272' title='bbox 252 1915 421 1965; x_wconf 89' lang='grc' dir='ltr'>νεῖται</span> <span class='ocrx_word' id='word_1_273' title='bbox 452 1912 511 1965; x_wconf 72' lang='grc' dir='ltr'>τὸ</span> <span class='ocrx_word' id='word_1_274' title='bbox 534 1913 684 1980; x_wconf 83' lang='grc' dir='ltr'>ᾶγιον</span> <span class='ocrx_word' id='word_1_275' title='bbox 716 1915 994 1987; x_wconf 81' lang='grc' dir='ltr'><strong>βάπτισμα</strong></span> <span class='ocrx_word' id='word_1_276' title='bbox 1014 1933 1027 1945; x_wconf 87' lang='grc'><strong>·</strong></span> <span class='ocrx_word' id='word_1_277' title='bbox 1056 1919 1084 1970; x_wconf 93' lang='lat'><strong>6</strong></span> <span class='ocrx_word' id='word_1_278' title='bbox 1108 1917 1163 1971; x_wconf 80' lang='grc' dir='ltr'>δὲ</span> <span class='ocrx_word' id='word_1_279' title='bbox 1189 1916 1344 1970; x_wconf 88' lang='grc' dir='ltr'>τοῦτο</span> <span class='ocrx_word' id='word_1_280' title='bbox 1376 1916 1814 1989; x_wconf 81' lang='grc' dir='ltr'>ἁπαρνούμενος,</span> <span class='ocrx_word' id='word_1_281' title='bbox 1848 1874 1888 1929; x_wconf 76' lang='grc' dir='ltr'><strong>Β</strong></span> 
     </span>
    </p>
   </div>
   <div class='ocr_carea' id='block_1_33' title="bbox 1835 1874 3471 1989">
    <p class='ocr_par' dir='ltr' id='par_1_33' title="bbox 1848 1874 3471 1972">
     <span class='ocr_line' id='line_1_34' title="bbox 1848 1874 3471 1972; baseline -0.002 -12"><span class='ocrx_word' id='word_1_282' title='bbox 1848 1874 1890 1929; x_wconf 75' lang='grc' dir='ltr'><strong>Β</strong></span> <span class='ocrx_word' id='word_1_283' title='bbox 1923 1905 2155 1960; x_wconf 87' lang='lat' dir='ltr'><strong>radiisve</strong></span> <span class='ocrx_word' id='word_1_284' title='bbox 2193 1904 2312 1972; x_wconf 82' lang='lat' dir='ltr'><strong>ejus</strong></span> <span class='ocrx_word' id='word_1_285' title='bbox 2351 1901 2736 1957; x_wconf 89' lang='lat' dir='ltr'><strong>contumeliam</strong></span> <span class='ocrx_word' id='word_1_286' title='bbox 2775 1899 2969 1956; x_wconf 81' lang='lat' dir='ltr'><strong>feceris</strong></span> <span class='ocrx_word' id='word_1_287' title='bbox 2990 1942 3003 1965; x_wconf 92' lang='lat'><strong>,</strong></span> <span class='ocrx_word' id='word_1_288' title='bbox 3033 1901 3086 1953; x_wconf 91' lang='lat' dir='ltr'><strong>in</strong></span> <span class='ocrx_word' id='word_1_289' title='bbox 3120 1911 3284 1956; x_wconf 84' lang='lat' dir='ltr'><strong>totam</strong></span> <span class='ocrx_word' id='word_1_290' title='bbox 3316 1913 3471 1958; x_wconf 81' lang='lat' dir='ltr'><strong>natu-</strong></span> 
     </span>
    </p>
   </div>
   <div class='ocr_carea' id='block_1_34' title="bbox 249 1992 1885 2079">
    <p class='ocr_par' dir='ltr' id='par_1_34' title="bbox 249 2000 1818 2079">
     <span class='ocr_line' id='line_1_35' title="bbox 249 2000 1818 2079; baseline 0.006 -28"><span class='ocrx_word' id='word_1_291' title='bbox 249 2000 314 2052; x_wconf 80' lang='grc' dir='ltr'><strong>τὸ</strong></span> <span class='ocrx_word' id='word_1_292' title='bbox 340 2000 561 2071; x_wconf 86' lang='grc' dir='ltr'>Πνεῦμα</span> <span class='ocrx_word' id='word_1_293' title='bbox 604 2003 665 2055; x_wconf 84' lang='grc' dir='ltr'>τὸ</span> <span class='ocrx_word' id='word_1_294' title='bbox 704 2004 855 2072; x_wconf 72' lang='grc' dir='ltr'>ἅγιον</span> <span class='ocrx_word' id='word_1_295' title='bbox 892 2005 1198 2059; x_wconf 77' lang='grc' dir='ltr'>ἀποδύεται.</span> <span class='ocrx_word' id='word_1_296' title='bbox 1231 2008 1339 2059; x_wconf 81' lang='grc' dir='ltr'><strong>Καὶ</strong></span> <span class='ocrx_word' id='word_1_297' title='bbox 1383 2007 1568 2079; x_wconf 80' lang='grc' dir='ltr'>ὥσπερ</span> <span class='ocrx_word' id='word_1_298' title='bbox 1602 2009 1693 2060; x_wconf 75' lang='grc' dir='ltr'><strong>ἐπὶ</strong></span> <span class='ocrx_word' id='word_1_299' title='bbox 1724 2007 1818 2060; x_wconf 86' lang='grc' dir='ltr'><strong>τοῦ</strong></span> 
     </span>
    </p>
   </div>
   <div class='ocr_carea' id='block_1_35' title="bbox 1846 1992 3482 2079">
    <p class='ocr_par' dir='ltr' id='par_1_35' title="bbox 1925 1992 3482 2065">
     <span class='ocr_line' id='line_1_36' title="bbox 1925 1992 3482 2065; baseline -0.001 -13"><span class='ocrx_word' id='word_1_300' title='bbox 1925 2014 2041 2052; x_wconf 83' lang='lat' dir='ltr'><strong>rain</strong></span> <span class='ocrx_word' id='word_1_301' title='bbox 2074 1997 2205 2051; x_wconf 89' lang='lat' dir='ltr'><strong>solis</strong></span> <span class='ocrx_word' id='word_1_302' title='bbox 2240 1994 2432 2049; x_wconf 85' lang='lat' dir='ltr'><strong>recidit</strong></span> <span class='ocrx_word' id='word_1_303' title='bbox 2486 1992 2799 2063; x_wconf 89' lang='lat' dir='ltr'><strong>hujusmodi</strong></span> <span class='ocrx_word' id='word_1_304' title='bbox 2851 1993 3219 2057; x_wconf 65' lang='lat' dir='ltr'><strong>contumelia;</strong></span> <span class='ocrx_word' id='word_1_305' title='bbox 3250 1994 3324 2049; x_wconf 90' lang='lat' dir='ltr'><strong>ita</strong></span> <span class='ocrx_word' id='word_1_306' title='bbox 3349 2011 3482 2065; x_wconf 66' lang='lat' dir='ltr'><strong>quo~</strong></span> 
     </span>
    </p>
   </div>
   <div class='ocr_carea' id='block_1_36' title="bbox 250 2084 1886 2171">
    <p class='ocr_par' dir='ltr' id='par_1_36' title="bbox 250 2090 1817 2171">
     <span class='ocr_line' id='line_1_37' title="bbox 250 2090 1817 2171; baseline 0.006 -29"><span class='ocrx_word' id='word_1_307' title='bbox 250 2090 508 2161; x_wconf 78' lang='grc' dir='ltr'>αἰσθητοῦ</span> <span class='ocrx_word' id='word_1_308' title='bbox 536 2093 702 2163; x_wconf 79' lang='grc' dir='ltr'>ἡλίου,</span> <span class='ocrx_word' id='word_1_309' title='bbox 737 2096 832 2148; x_wconf 73' lang='grc' dir='ltr'><strong>ἐὰν</strong></span> <span class='ocrx_word' id='word_1_310' title='bbox 859 2096 955 2166; x_wconf 80' lang='grc' dir='ltr'><strong>τὴν</strong></span> <span class='ocrx_word' id='word_1_311' title='bbox 987 2097 1192 2169; x_wconf 77' lang='grc' dir='ltr'>θέρμην</span> <span class='ocrx_word' id='word_1_312' title='bbox 1229 2099 1260 2171; x_wconf 87' lang='grc' dir='ltr'>ἢ</span> <span class='ocrx_word' id='word_1_313' title='bbox 1296 2099 1394 2171; x_wconf 68' lang='grc' dir='ltr'>τὴν</span> <span class='ocrx_word' id='word_1_314' title='bbox 1438 2101 1625 2155; x_wconf 81' lang='grc' dir='ltr'>ἀκτῖνα</span> <span class='ocrx_word' id='word_1_315' title='bbox 1656 2099 1817 2152; x_wconf 74' lang='grc' dir='ltr'>αὑτοῦ</span> 
     </span>
    </p>
   </div>
   <div class='ocr_carea' id='block_1_37' title="bbox 1845 2084 3481 2171">
    <p class='ocr_par' dir='ltr' id='par_1_37' title="bbox 1923 2084 3481 2159">
     <span class='ocr_line' id='line_1_38' title="bbox 1923 2084 3481 2159; baseline -0.001 -17"><span class='ocrx_word' id='word_1_316' title='bbox 1923 2104 2030 2159; x_wconf 89' lang='lat' dir='ltr'><strong>que</strong></span> <span class='ocrx_word' id='word_1_317' title='bbox 2074 2102 2133 2142; x_wconf 91' lang='lat' dir='ltr'><strong>se</strong></span> <span class='ocrx_word' id='word_1_318' title='bbox 2178 2103 2264 2141; x_wconf 86' lang='lat' dir='ltr'><strong>res</strong></span> <span class='ocrx_word' id='word_1_319' title='bbox 2310 2086 2469 2139; x_wconf 87' lang='lat' dir='ltr'><strong>habet</strong></span> <span class='ocrx_word' id='word_1_320' title='bbox 2511 2084 2564 2138; x_wconf 91' lang='lat' dir='ltr'><strong>in</strong></span> <span class='ocrx_word' id='word_1_321' title='bbox 2613 2084 2899 2154; x_wconf 81' lang='lat' dir='ltr'><strong>trigemino</strong></span> <span class='ocrx_word' id='word_1_322' title='bbox 2938 2084 3052 2139; x_wconf 91' lang='lat' dir='ltr'><strong>sole</strong></span> <span class='ocrx_word' id='word_1_323' title='bbox 3100 2084 3383 2143; x_wconf 85' lang='lat' dir='ltr'><strong>Trinitatis</strong></span> <span class='ocrx_word' id='word_1_324' title='bbox 3428 2098 3481 2141; x_wconf 87' lang='lat' dir='ltr'><strong>et</strong></span> 
     </span>
    </p>
   </div>
   <div class='ocr_carea' id='block_1_38' title="bbox 252 2175 1888 2263">
    <p class='ocr_par' dir='ltr' id='par_1_38' title="bbox 252 2182 1817 2263">
     <span class='ocr_line' id='line_1_39' title="bbox 252 2182 1817 2263; baseline 0 -20"><span class='ocrx_word' id='word_1_325' title='bbox 252 2182 609 2256; x_wconf 75' lang='grc' dir='ltr'>καθυϐρίσῃς,</span> <span class='ocrx_word' id='word_1_326' title='bbox 653 2186 730 2247; x_wconf 79' lang='grc' dir='ltr'>εἰς</span> <span class='ocrx_word' id='word_1_327' title='bbox 775 2186 900 2257; x_wconf 81' lang='grc' dir='ltr'>ὃλην</span> <span class='ocrx_word' id='word_1_328' title='bbox 943 2186 1041 2259; x_wconf 77' lang='grc' dir='ltr'><strong>τὴν</strong></span> <span class='ocrx_word' id='word_1_329' title='bbox 1074 2189 1233 2259; x_wconf 68' lang='grc' dir='ltr'>φύσιν</span> <span class='ocrx_word' id='word_1_330' title='bbox 1266 2192 1430 2244; x_wconf 67' lang='grc' dir='ltr'>αὑτοῦ</span> <span class='ocrx_word' id='word_1_331' title='bbox 1474 2192 1817 2263; x_wconf 80' lang='grc' dir='ltr'>ἁνατρὲχειή</span> 
     </span>
    </p>
   </div>
   <div class='ocr_carea' id='block_1_39' title="bbox 1842 2175 3478 2263">
    <p class='ocr_par' dir='ltr' id='par_1_39' title="bbox 1922 2175 3478 2250">
     <span class='ocr_line' id='line_1_40' title="bbox 1922 2175 3478 2250; baseline -0.002 -14"><span class='ocrx_word' id='word_1_332' title='bbox 1922 2180 2164 2250; x_wconf 82' lang='lat' dir='ltr'><strong>mysterii</strong></span> <span class='ocrx_word' id='word_1_333' title='bbox 2196 2198 2209 2233; x_wconf 90' lang='lat'>:</span> <span class='ocrx_word' id='word_1_334' title='bbox 2236 2177 2561 2233; x_wconf 86' lang='lat' dir='ltr'><strong>contumelia</strong></span> <span class='ocrx_word' id='word_1_335' title='bbox 2613 2175 2668 2230; x_wconf 91' lang='lat' dir='ltr'><strong>in</strong></span> <span class='ocrx_word' id='word_1_336' title='bbox 2713 2191 2877 2229; x_wconf 89' lang='lat' dir='ltr'><strong>unam</strong></span> <span class='ocrx_word' id='word_1_337' title='bbox 2921 2190 3207 2244; x_wconf 85' lang='lat' dir='ltr'><strong>personam</strong></span> <span class='ocrx_word' id='word_1_338' title='bbox 3247 2179 3478 2247; x_wconf 86' lang='lat' dir='ltr'><strong>prolata,</strong></span> 
     </span>
    </p>
   </div>
   <div class='ocr_carea' id='block_1_40' title="bbox 253 2266 1889 2353">
    <p class='ocr_par' dir='ltr' id='par_1_40' title="bbox 253 2273 1821 2353">
     <span class='ocr_line' id='line_1_41' title="bbox 253 2273 1821 2353; baseline 0.006 -28"><span class='ocrx_word' id='word_1_339' title='bbox 253 2273 444 2345; x_wconf 77' lang='grc' dir='ltr'>ὕϐρις·</span> <span class='ocrx_word' id='word_1_340' title='bbox 479 2276 649 2339; x_wconf 75' lang='grc' dir='ltr'>οὓτως</span> <span class='ocrx_word' id='word_1_341' title='bbox 679 2278 770 2329; x_wconf 77' lang='grc' dir='ltr'><strong>καὶ</strong></span> <span class='ocrx_word' id='word_1_342' title='bbox 802 2278 893 2329; x_wconf 79' lang='grc' dir='ltr'>ἐπὶ</span> <span class='ocrx_word' id='word_1_343' title='bbox 916 2279 1009 2332; x_wconf 85' lang='grc' dir='ltr'><strong>τοῦ</strong></span> <span class='ocrx_word' id='word_1_344' title='bbox 1039 2281 1311 2351; x_wconf 84' lang='grc' dir='ltr'>τρισηλίου</span> <span class='ocrx_word' id='word_1_345' title='bbox 1339 2284 1436 2352; x_wconf 71' lang='grc' dir='ltr'>τῆς</span> <span class='ocrx_word' id='word_1_346' title='bbox 1464 2283 1623 2351; x_wconf 78' lang='grc' dir='ltr'>ἁγίας</span> <span class='ocrx_word' id='word_1_347' title='bbox 1652 2281 1821 2353; x_wconf 70' lang='grc' dir='ltr'><strong>Τριάε⁵</strong></span> 
     </span>
    </p>
   </div>
   <div class='ocr_carea' id='block_1_41' title="bbox 1841 2266 3477 2353">
    <p class='ocr_par' dir='ltr' id='par_1_41' title="bbox 1922 2266 3477 2339">
     <span class='ocr_line' id='line_1_42' title="bbox 1922 2266 3477 2339; baseline 0.001 -15"><span class='ocrx_word' id='word_1_348' title='bbox 1922 2270 2257 2339; x_wconf 86' lang='lat' dir='ltr'><strong>blasphemia</strong></span> <span class='ocrx_word' id='word_1_349' title='bbox 2291 2278 2374 2323; x_wconf 88' lang='lat' dir='ltr'><strong>est</strong></span> <span class='ocrx_word' id='word_1_350' title='bbox 2403 2269 2455 2321; x_wconf 88' lang='lat' dir='ltr'><strong>in</strong></span> <span class='ocrx_word' id='word_1_351' title='bbox 2488 2266 2798 2321; x_wconf 83' lang='lat' dir='ltr'><strong>universam</strong></span> <span class='ocrx_word' id='word_1_352' title='bbox 2828 2266 3213 2337; x_wconf 89' lang='lat' dir='ltr'><strong>plenitudinem</strong></span> <span class='ocrx_word' id='word_1_353' title='bbox 3238 2270 3477 2336; x_wconf 84' lang='lat' dir='ltr'><strong>deitatis,</strong></span> 
     </span>
    </p>
   </div>
   <div class='ocr_carea' id='block_1_42' title="bbox 250 2358 1886 2443">
    <p class='ocr_par' dir='ltr' id='par_1_42' title="bbox 250 2366 1818 2443">
     <span class='ocr_line' id='line_1_43' title="bbox 250 2366 1818 2443; baseline 0.007 -24"><span class='ocrx_word' id='word_1_354' title='bbox 250 2366 342 2430; x_wconf 83' lang='grc' dir='ltr'>δος</span> <span class='ocrx_word' id='word_1_355' title='bbox 364 2368 537 2436; x_wconf 73' lang='grc' dir='ltr'>φωτὸς</span> <span class='ocrx_word' id='word_1_356' title='bbox 565 2370 655 2421; x_wconf 71' lang='grc' dir='ltr'><strong>καὶ</strong></span> <span class='ocrx_word' id='word_1_357' title='bbox 680 2371 973 2443; x_wconf 77' lang='grc' dir='ltr'>μυστηρίου</span> <span class='ocrx_word' id='word_1_358' title='bbox 1001 2374 1033 2443; x_wconf 84' lang='grc' dir='ltr'><strong>ἡ</strong></span> <span class='ocrx_word' id='word_1_359' title='bbox 1059 2373 1157 2440; x_wconf 82' lang='grc' dir='ltr'>τῆς</span> <span class='ocrx_word' id='word_1_360' title='bbox 1185 2376 1313 2443; x_wconf 77' lang='grc' dir='ltr'>μιᾶς</span> <span class='ocrx_word' id='word_1_361' title='bbox 1335 2375 1681 2439; x_wconf 74' lang='grc' dir='ltr'>ὑποστάσεως</span> <span class='ocrx_word' id='word_1_362' title='bbox 1701 2379 1818 2431; x_wconf 83' lang='grc' dir='ltr'>ἀτι-</span> 
     </span>
    </p>
   </div>
   <div class='ocr_carea' id='block_1_43' title="bbox 1842 2358 3478 2443">
    <p class='ocr_par' dir='ltr' id='par_1_43' title="bbox 1923 2358 3478 2426">
     <span class='ocr_line' id='line_1_44' title="bbox 1923 2358 3478 2426; baseline 0.002 -12"><span class='ocrx_word' id='word_1_363' title='bbox 1923 2362 2061 2426; x_wconf 82' lang='lat' dir='ltr'><strong>Quid</strong></span> <span class='ocrx_word' id='word_1_364' title='bbox 2127 2362 2289 2426; x_wconf 70' lang='lat' dir='ltr'><strong>igitur</strong></span> <span class='ocrx_word' id='word_1_365' title='bbox 2343 2360 2445 2414; x_wconf 88' lang='lat' dir='ltr'><strong>sibi</strong></span> <span class='ocrx_word' id='word_1_366' title='bbox 2502 2359 2618 2413; x_wconf 90' lang='lat' dir='ltr'><strong>vult</strong></span> <span class='ocrx_word' id='word_1_367' title='bbox 2667 2359 2874 2413; x_wconf 88' lang='lat' dir='ltr'><strong>dictum</strong></span> <span class='ocrx_word' id='word_1_368' title='bbox 2928 2358 3058 2413; x_wconf 88' lang='lat' dir='ltr'><strong>illud</strong></span> <span class='ocrx_word' id='word_1_369' title='bbox 3108 2360 3175 2414; x_wconf 88' lang='lat' dir='ltr'><strong>ad</strong></span> <span class='ocrx_word' id='word_1_370' title='bbox 3218 2359 3478 2417; x_wconf 70' lang='lat' dir='ltr'><strong>Judteos:</strong></span> 
     </span>
    </p>
   </div>
   <div class='ocr_carea' id='block_1_44' title="bbox 256 2451 1892 2537">
    <p class='ocr_par' dir='ltr' id='par_1_44' title="bbox 256 2460 1819 2537">
     <span class='ocr_line' id='line_1_45' title="bbox 256 2460 1819 2537; baseline 0.008 -27"><span class='ocrx_word' id='word_1_371' title='bbox 256 2460 360 2528; x_wconf 85' lang='grc' dir='ltr'><strong>μία</strong></span> <span class='ocrx_word' id='word_1_372' title='bbox 394 2460 587 2524; x_wconf 84' lang='grc' dir='ltr'>παντὸς</span> <span class='ocrx_word' id='word_1_373' title='bbox 613 2462 705 2515; x_wconf 84' lang='grc' dir='ltr'><strong>τοῦ</strong></span> <span class='ocrx_word' id='word_1_374' title='bbox 741 2464 1099 2536; x_wconf 73' lang='grc' dir='ltr'>πληρώματος</span> <span class='ocrx_word' id='word_1_375' title='bbox 1123 2467 1220 2537; x_wconf 83' lang='grc' dir='ltr'><strong>τῆς</strong></span> <span class='ocrx_word' id='word_1_376' title='bbox 1248 2466 1495 2536; x_wconf 72' lang='grc' dir='ltr'>θεότητος</span> <span class='ocrx_word' id='word_1_377' title='bbox 1527 2470 1672 2523; x_wconf 76' lang='grc' dir='ltr'>ἐστιν</span> <span class='ocrx_word' id='word_1_378' title='bbox 1700 2472 1819 2523; x_wconf 85' lang='grc' dir='ltr'>ἀτι-</span> 
     </span>
    </p>
   </div>
   <div class='ocr_carea' id='block_1_45' title="bbox 1841 2451 3477 2537">
    <p class='ocr_par' dir='ltr' id='par_1_45' title="bbox 1926 2451 3477 2523">
     <span class='ocr_line' id='line_1_46' title="bbox 1926 2451 3477 2523; baseline 0 -14"><span class='ocrx_word' id='word_1_379' title='bbox 1926 2456 2090 2511; x_wconf 82' lang='lat' dir='ltr'><strong>Ontne</strong></span> <span class='ocrx_word' id='word_1_380' title='bbox 2109 2463 2375 2523; x_wconf 83' lang='lat' dir='ltr'><strong>peccatum</strong></span> <span class='ocrx_word' id='word_1_381' title='bbox 2406 2464 2452 2505; x_wconf 88' lang='lat' dir='ltr'><strong>et</strong></span> <span class='ocrx_word' id='word_1_382' title='bbox 2484 2451 2803 2519; x_wconf 78' lang='lat' dir='ltr'><strong>blasphemia</strong></span> <span class='ocrx_word' id='word_1_383' title='bbox 2829 2453 3122 2505; x_wconf 82' lang='lat' dir='ltr'><strong>remittetur</strong></span> <span class='ocrx_word' id='word_1_384' title='bbox 3148 2453 3477 2509; x_wconf 85' lang='lat' dir='ltr'><strong>hominibus:</strong></span> 
     </span>
    </p>
   </div>
   <div class='ocr_carea' id='block_1_46' title="bbox 255 2542 1891 2630">
    <p class='ocr_par' dir='ltr' id='par_1_46' title="bbox 255 2549 1818 2630">
     <span class='ocr_line' id='line_1_47' title="bbox 255 2549 1818 2630; baseline 0.008 -29"><span class='ocrx_word' id='word_1_385' title='bbox 255 2550 377 2619; x_wconf 89' lang='grc' dir='ltr'>μία.</span> <span class='ocrx_word' id='word_1_386' title='bbox 418 2552 482 2603; x_wconf 87' lang='grc' dir='ltr'><strong>Τί</strong></span> <span class='ocrx_word' id='word_1_387' title='bbox 514 2549 605 2607; x_wconf 82' lang='grc' dir='ltr'>οὗν</span> <span class='ocrx_word' id='word_1_388' title='bbox 643 2556 755 2608; x_wconf 77' lang='grc' dir='ltr'>ἐστι</span> <span class='ocrx_word' id='word_1_389' title='bbox 797 2557 857 2608; x_wconf 82' lang='grc' dir='ltr'><strong>τὸ</strong></span> <span class='ocrx_word' id='word_1_390' title='bbox 900 2556 1034 2626; x_wconf 84' lang='grc' dir='ltr'>πρὸς</span> <span class='ocrx_word' id='word_1_391' title='bbox 1077 2558 1357 2621; x_wconf 79' lang='grc' dir='ltr'>Ἰουδαίους</span> <span class='ocrx_word' id='word_1_392' title='bbox 1400 2559 1708 2630; x_wconf 79' lang='grc' dir='ltr'>λεγόμενον,</span> <span class='ocrx_word' id='word_1_393' title='bbox 1738 2564 1818 2615; x_wconf 79' lang='grc' dir='ltr'><strong>ὅτι</strong></span> 
     </span>
    </p>
   </div>
   <div class='ocr_carea' id='block_1_47' title="bbox 1842 2542 3478 2630">
    <p class='ocr_par' dir='ltr' id='par_1_47' title="bbox 1922 2542 3478 2617">
     <span class='ocr_line' id='line_1_48' title="bbox 1922 2542 3478 2617; baseline -0.001 -16"><span class='ocrx_word' id='word_1_394' title='bbox 1922 2556 1970 2601; x_wconf 88' lang='lat' dir='ltr'><strong>et</strong></span> <span class='ocrx_word' id='word_1_395' title='bbox 1995 2548 2285 2617; x_wconf 75' lang='lat' dir='ltr'><strong>quicunque</strong></span> <span class='ocrx_word' id='word_1_396' title='bbox 2311 2545 2504 2597; x_wconf 75' lang='lat' dir='ltr'><strong>dixerit</strong></span> <span class='ocrx_word' id='word_1_397' title='bbox 2540 2544 2748 2597; x_wconf 79' lang='lat' dir='ltr'><strong>verbum</strong></span> <span class='ocrx_word' id='word_1_398' title='bbox 2780 2552 2961 2596; x_wconf 82' lang='lat' dir='ltr'><strong>contra</strong></span> <span class='ocrx_word' id='word_1_399' title='bbox 2999 2542 3202 2598; x_wconf 83' lang='lat' dir='ltr'><strong>Filium</strong></span> <span class='ocrx_word' id='word_1_400' title='bbox 3237 2547 3478 2606; x_wconf 81' lang='lat' dir='ltr'><strong>hominis.</strong></span> 
     </span>
    </p>
   </div>
   <div class='ocr_carea' id='block_1_48' title="bbox 249 2636 1885 2721">
    <p class='ocr_par' dir='ltr' id='par_1_48' title="bbox 249 2640 1821 2721">
     <span class='ocr_line' id='line_1_49' title="bbox 249 2640 1821 2721; baseline 0.009 -28"><span class='ocrx_word' id='word_1_401' title='bbox 249 2640 433 2695; x_wconf 75' lang='grc' dir='ltr'>Πᾶσα</span> <span class='ocrx_word' id='word_1_402' title='bbox 472 2644 723 2713; x_wconf 74' lang='grc' dir='ltr'>ἁμαρτία</span> <span class='ocrx_word' id='word_1_403' title='bbox 774 2647 871 2701; x_wconf 77' lang='grc' dir='ltr'><strong>καὶ</strong></span> <span class='ocrx_word' id='word_1_404' title='bbox 907 2650 1269 2719; x_wconf 58' lang='grc' dir='ltr'>,βλασφημία</span> <span class='ocrx_word' id='word_1_405' title='bbox 1332 2652 1455 2717; x_wconf 82' lang='grc' dir='ltr'>τοῖς</span> <span class='ocrx_word' id='word_1_406' title='bbox 1495 2654 1821 2721; x_wconf 71' lang='grc' dir='ltr'>ἀνθρώποις</span> 
     </span>
    </p>
   </div>
   <div class='ocr_carea' id='block_1_49' title="bbox 1847 2636 3483 2721">
    <p class='ocr_par' dir='ltr' id='par_1_49' title="bbox 1925 2636 3483 2707">
     <span class='ocr_line' id='line_1_50' title="bbox 1925 2636 3483 2707; baseline -0.001 -13"><span class='ocrx_word' id='word_1_407' title='bbox 1925 2642 2219 2694; x_wconf 76' lang='lat' dir='ltr'><strong>remittetur</strong></span> <span class='ocrx_word' id='word_1_408' title='bbox 2249 2639 2334 2701; x_wconf 87' lang='lat' dir='ltr'><strong>ei;</strong></span> <span class='ocrx_word' id='word_1_409' title='bbox 2367 2641 2456 2706; x_wconf 81' lang='lat' dir='ltr'><strong>qui</strong></span> <span class='ocrx_word' id='word_1_410' title='bbox 2486 2648 2660 2689; x_wconf 79' lang='lat' dir='ltr'><strong>autent</strong></span> <span class='ocrx_word' id='word_1_411' title='bbox 2683 2636 2876 2688; x_wconf 69' lang='lat' dir='ltr'><strong>dixerit</strong></span> <span class='ocrx_word' id='word_1_412' title='bbox 2910 2638 3117 2691; x_wconf 80' lang='lat' dir='ltr'><strong>verbum</strong></span> <span class='ocrx_word' id='word_1_413' title='bbox 3148 2649 3331 2690; x_wconf 82' lang='lat' dir='ltr'><strong>contra</strong></span> <span class='ocrx_word' id='word_1_414' title='bbox 3360 2640 3483 2707; x_wconf 83' lang='lat' dir='ltr'><strong>Spi-</strong></span> 
     </span>
    </p>
   </div>
   <div class='ocr_carea' id='block_1_50' title="bbox 251 2728 1887 2813">
    <p class='ocr_par' dir='ltr' id='par_1_50' title="bbox 251 2734 1820 2813">
     <span class='ocr_line' id='line_1_51' title="bbox 251 2734 1820 2813; baseline 0.008 -26"><span class='ocrx_word' id='word_1_415' title='bbox 251 2734 645 2802; x_wconf 59' lang='grc' dir='ltr'>ἀφεθήσεται·</span> <span class='ocrx_word' id='word_1_416' title='bbox 676 2739 743 2804; x_wconf 86' lang='grc' dir='ltr'>ὂς</span> <span class='ocrx_word' id='word_1_417' title='bbox 774 2740 826 2793; x_wconf 79' lang='grc' dir='ltr'><strong>δ’</strong></span> <span class='ocrx_word' id='word_1_418' title='bbox 856 2739 931 2795; x_wconf 84' lang='grc' dir='ltr'>ἂν</span> <span class='ocrx_word' id='word_1_419' title='bbox 965 2742 1102 2811; x_wconf 80' lang='grc' dir='ltr'>εἴπῃ</span> <span class='ocrx_word' id='word_1_420' title='bbox 1131 2745 1316 2813; x_wconf 70' lang='grc' dir='ltr'>λόγον</span> <span class='ocrx_word' id='word_1_421' title='bbox 1337 2744 1489 2798; x_wconf 82' lang='grc' dir='ltr'>κατὰ</span> <span class='ocrx_word' id='word_1_422' title='bbox 1544 2746 1648 2799; x_wconf 83' lang='grc' dir='ltr'><strong>τοῦ</strong></span> <span class='ocrx_word' id='word_1_423' title='bbox 1690 2747 1820 2799; x_wconf 68' lang='grc' dir='ltr'><strong>11οῦ</strong></span> 
     </span>
    </p>
   </div>
   <div class='ocr_carea' id='block_1_51' title="bbox 1848 2728 3484 2813">
    <p class='ocr_par' dir='ltr' id='par_1_51' title="bbox 1926 2728 3484 2798">
     <span class='ocr_line' id='line_1_52' title="bbox 1926 2728 3484 2798; baseline 0 -15"><span class='ocrx_word' id='word_1_424' title='bbox 1926 2733 2084 2783; x_wconf 87' lang='lat' dir='ltr'><strong>ritum</strong></span> <span class='ocrx_word' id='word_1_425' title='bbox 2117 2738 2375 2790; x_wconf 76' lang='lat' dir='ltr'><strong>sanctum,</strong></span> <span class='ocrx_word' id='word_1_426' title='bbox 2402 2743 2504 2779; x_wconf 81' lang='lat' dir='ltr'><strong>non</strong></span> <span class='ocrx_word' id='word_1_427' title='bbox 2534 2728 2827 2779; x_wconf 84' lang='lat' dir='ltr'><strong>remittetur</strong></span> <span class='ocrx_word' id='word_1_428' title='bbox 2855 2729 2921 2791; x_wconf 86' lang='lat' dir='ltr'><strong>ei,</strong></span> <span class='ocrx_word' id='word_1_429' title='bbox 2962 2744 3120 2798; x_wconf 83' lang='lat' dir='ltr'><strong>neque</strong></span> <span class='ocrx_word' id='word_1_430' title='bbox 3154 2730 3207 2781; x_wconf 82' lang='lat' dir='ltr'><strong>in</strong></span> <span class='ocrx_word' id='word_1_431' title='bbox 3250 2730 3345 2782; x_wconf 86' lang='lat' dir='ltr'><strong>hoc</strong></span> <span class='ocrx_word' id='word_1_432' title='bbox 3386 2748 3484 2784; x_wconf 70' lang='lat' dir='ltr'><strong>sw-</strong></span> 
     </span>
    </p>
   </div>
   <div class='ocr_carea' id='block_1_52' title="bbox 253 2816 1889 2908">
    <p class='ocr_par' dir='ltr' id='par_1_52' title="bbox 253 2829 1819 2908">
     <span class='ocr_line' id='line_1_53' title="bbox 253 2829 1819 2908; baseline 0.007 -27"><span class='ocrx_word' id='word_1_433' title='bbox 253 2829 363 2883; x_wconf 79' lang='grc' dir='ltr'><strong>τοῦ</strong></span> <span class='ocrx_word' id='word_1_434' title='bbox 390 2832 722 2898; x_wconf 76' lang='grc' dir='ltr'>ἀνθρώπου,</span> <span class='ocrx_word' id='word_1_435' title='bbox 760 2836 1119 2904; x_wconf 60' lang='grc' dir='ltr'>ἀφεθήσεται</span> <span class='ocrx_word' id='word_1_436' title='bbox 1151 2838 1308 2903; x_wconf 83' lang='grc' dir='ltr'>αὐτῷ</span> <span class='ocrx_word' id='word_1_437' title='bbox 1329 2858 1342 2871; x_wconf 91' lang='grc'><strong>·</strong></span> <span class='ocrx_word' id='word_1_438' title='bbox 1389 2840 1455 2906; x_wconf 78' lang='grc' dir='ltr'>ὃς</span> <span class='ocrx_word' id='word_1_439' title='bbox 1487 2839 1539 2893; x_wconf 77' lang='grc' dir='ltr'><strong>δ’</strong></span> <span class='ocrx_word' id='word_1_440' title='bbox 1566 2841 1639 2894; x_wconf 74' lang='grc' dir='ltr'>ἂν</span> <span class='ocrx_word' id='word_1_441' title='bbox 1680 2842 1819 2908; x_wconf 77' lang='grc' dir='ltr'>εἴπῃ</span> 
     </span>
    </p>
   </div>
   <div class='ocr_carea' id='block_1_53' title="bbox 1848 2816 3484 2908">
    <p class='ocr_par' dir='ltr' id='par_1_53' title="bbox 1928 2816 3484 2889">
     <span class='ocr_line' id='line_1_54' title="bbox 1928 2816 3484 2889; baseline -0.001 -12"><span class='ocrx_word' id='word_1_442' title='bbox 1928 2822 2043 2877; x_wconf 84' lang='lat' dir='ltr'><strong>culo</strong></span> <span class='ocrx_word' id='word_1_443' title='bbox 2073 2837 2232 2889; x_wconf 84' lang='lat' dir='ltr'><strong>neque</strong></span> <span class='ocrx_word' id='word_1_444' title='bbox 2268 2820 2319 2870; x_wconf 90' lang='lat' dir='ltr'><strong>in</strong></span> <span class='ocrx_word' id='word_1_445' title='bbox 2357 2824 2536 2885; x_wconf 75' lang='lat' dir='ltr'><strong>futuro</strong></span> <span class='ocrx_word' id='word_1_446' title='bbox 2558 2818 2625 2871; x_wconf 72' lang='grc' dir='ltr'><strong>δι.</strong></span> <span class='ocrx_word' id='word_1_447' title='bbox 2658 2816 2957 2873; x_wconf 73' lang='lat' dir='ltr'><strong>Prudenter</strong></span> <span class='ocrx_word' id='word_1_448' title='bbox 2979 2821 3287 2884; x_wconf 91' lang='lat' dir='ltr'><strong>audiamus,</strong></span> <span class='ocrx_word' id='word_1_449' title='bbox 3324 2832 3375 2875; x_wconf 90' lang='lat' dir='ltr'><strong>et</strong></span> <span class='ocrx_word' id='word_1_450' title='bbox 3420 2839 3484 2876; x_wconf 86' lang='lat' dir='ltr'><strong>ne</strong></span> 
     </span>
    </p>
   </div>
   <div class='ocr_carea' id='block_1_54' title="bbox 250 2909 1886 2999">
    <p class='ocr_par' dir='ltr' id='par_1_54' title="bbox 250 2924 1820 2999">
     <span class='ocr_line' id='line_1_55' title="bbox 250 2924 1820 2999; baseline 0.003 -22"><span class='ocrx_word' id='word_1_451' title='bbox 250 2924 442 2992; x_wconf 70' lang='grc' dir='ltr'>λόγον</span> <span class='ocrx_word' id='word_1_452' title='bbox 460 2925 605 2975; x_wconf 75' lang='grc' dir='ltr'>κατὰ</span> <span class='ocrx_word' id='word_1_453' title='bbox 630 2924 735 2977; x_wconf 72' lang='grc' dir='ltr'><strong>τοῦ</strong></span> <span class='ocrx_word' id='word_1_454' title='bbox 758 2927 1098 2996; x_wconf 83' lang='grc' dir='ltr'>Ιινεύματος</span> <span class='ocrx_word' id='word_1_455' title='bbox 1112 2929 1301 2999; x_wconf 74' lang='grc' dir='ltr'>ἁγίου,</span> <span class='ocrx_word' id='word_1_456' title='bbox 1328 2931 1438 2983; x_wconf 75' lang='grc' dir='ltr'><strong>οὐκ</strong></span> <span class='ocrx_word' id='word_1_457' title='bbox 1456 2930 1820 2998; x_wconf 56' lang='grc' dir='ltr'>ἀφεθήσεται</span> 
     </span>
    </p>
   </div>
   <div class='ocr_carea' id='block_1_55' title="bbox 1846 2909 3482 2999">
    <p class='ocr_par' dir='ltr' id='par_1_55' title="bbox 1928 2909 3482 2980">
     <span class='ocr_line' id='line_1_56' title="bbox 1928 2909 3482 2980; baseline -0.001 -12"><span class='ocrx_word' id='word_1_458' title='bbox 1928 2914 2271 2969; x_wconf 89' lang='lat' dir='ltr'><strong>sedueamur.</strong></span> <span class='ocrx_word' id='word_1_459' title='bbox 2321 2909 2596 2975; x_wconf 83' lang='lat' dir='ltr'><strong>anliecm</strong></span> <span class='ocrx_word' id='word_1_460' title='bbox 2631 2924 2750 2963; x_wconf 89' lang='lat' dir='ltr'><strong>csse</strong></span> <span class='ocrx_word' id='word_1_461' title='bbox 2786 2909 3061 2963; x_wconf 83' lang='lat' dir='ltr'><strong>Christum</strong></span> <span class='ocrx_word' id='word_1_462' title='bbox 3100 2927 3168 2980; x_wconf 86' lang='lat' dir='ltr'><strong>po</strong></span> <span class='ocrx_word' id='word_1_463' title='bbox 3202 2922 3220 2966; x_wconf 89' lang='lat' dir='ltr'><strong>t</strong></span> <span class='ocrx_word' id='word_1_464' title='bbox 3264 2912 3482 2968; x_wconf 83' lang='lat' dir='ltr'><strong>inenar-</strong></span> 
     </span>
    </p>
   </div>
   <div class='ocr_carea' id='block_1_56' title="bbox 252 3001 1888 3088">
    <p class='ocr_par' dir='ltr' id='par_1_56' title="bbox 252 3012 1817 3088">
     <span class='ocr_line' id='line_1_57' title="bbox 252 3012 1817 3088; baseline 0.005 -23"><span class='ocrx_word' id='word_1_465' title='bbox 252 3012 417 3077; x_wconf 74' lang='grc' dir='ltr'>αὐτῷ</span> <span class='ocrx_word' id='word_1_466' title='bbox 451 3014 587 3066; x_wconf 76' lang='grc' dir='ltr'>οὗτε</span> <span class='ocrx_word' id='word_1_467' title='bbox 611 3014 681 3065; x_wconf 78' lang='grc' dir='ltr'>ἐν</span> <span class='ocrx_word' id='word_1_468' title='bbox 706 3012 784 3079; x_wconf 85' lang='grc' dir='ltr'>τῷ</span> <span class='ocrx_word' id='word_1_469' title='bbox 804 3016 919 3069; x_wconf 74' lang='grc' dir='ltr'><strong>νῦν</strong></span> <span class='ocrx_word' id='word_1_470' title='bbox 949 3016 1113 3070; x_wconf 79' lang='grc' dir='ltr'>ιιίῶνι</span> <span class='ocrx_word' id='word_1_471' title='bbox 1144 3019 1280 3072; x_wconf 82' lang='grc' dir='ltr'>οὔτε</span> <span class='ocrx_word' id='word_1_472' title='bbox 1302 3019 1370 3072; x_wconf 74' lang='grc' dir='ltr'>ἐν</span> <span class='ocrx_word' id='word_1_473' title='bbox 1402 3019 1480 3083; x_wconf 81' lang='grc' dir='ltr'>τῷ</span> <span class='ocrx_word' id='word_1_474' title='bbox 1515 3021 1817 3088; x_wconf 74' lang='grc' dir='ltr'>μέλλοντι.</span> 
     </span>
    </p>
   </div>
   <div class='ocr_carea' id='block_1_57' title="bbox 1848 3001 3484 3088">
    <p class='ocr_par' dir='ltr' id='par_1_57' title="bbox 1927 3001 3484 3063">
     <span class='ocr_line' id='line_1_58' title="bbox 1927 3001 3484 3063; baseline -0.001 -3"><span class='ocrx_word' id='word_1_475' title='bbox 1927 3005 2151 3060; x_wconf 87' lang='lat' dir='ltr'><strong>rabilem</strong></span> <span class='ocrx_word' id='word_1_476' title='bbox 2182 3005 2436 3057; x_wconf 89' lang='lat' dir='ltr'><strong>unionem</strong></span> <span class='ocrx_word' id='word_1_477' title='bbox 2461 3040 2475 3063; x_wconf 96' lang='lat'><strong>,</strong></span> <span class='ocrx_word' id='word_1_478' title='bbox 2508 3001 2630 3055; x_wconf 93' lang='lat' dir='ltr'><strong>dico</strong></span> <span class='ocrx_word' id='word_1_479' title='bbox 2671 3010 2847 3054; x_wconf 79' lang='lat' dir='ltr'><strong>autem</strong></span> <span class='ocrx_word' id='word_1_480' title='bbox 2882 3017 2947 3055; x_wconf 78' lang='lat' dir='ltr'><strong>ex</strong></span> <span class='ocrx_word' id='word_1_481' title='bbox 2980 3002 3179 3057; x_wconf 89' lang='lat' dir='ltr'><strong>deitate</strong></span> <span class='ocrx_word' id='word_1_482' title='bbox 3204 3014 3258 3057; x_wconf 91' lang='lat' dir='ltr'><strong>et</strong></span> <span class='ocrx_word' id='word_1_483' title='bbox 3295 3006 3484 3058; x_wconf 77' lang='lat' dir='ltr'><strong>huma-</strong></span> 
     </span>
    </p>
   </div>
   <div class='ocr_carea' id='block_1_58' title="bbox 253 3092 1889 3181">
    <p class='ocr_par' dir='ltr' id='par_1_58' title="bbox 253 3104 1822 3181">
     <span class='ocr_line' id='line_1_59' title="bbox 253 3104 1822 3181; baseline 0.006 -24"><span class='ocrx_word' id='word_1_484' title='bbox 253 3104 540 3173; x_wconf 79' lang='grc' dir='ltr'>Νουνεχῶς</span> <span class='ocrx_word' id='word_1_485' title='bbox 580 3105 917 3176; x_wconf 79' lang='grc' dir='ltr'>ἀκούσωμεν,</span> <span class='ocrx_word' id='word_1_486' title='bbox 952 3109 1044 3161; x_wconf 67' lang='grc' dir='ltr'><strong>καὶ</strong></span> <span class='ocrx_word' id='word_1_487' title='bbox 1097 3110 1169 3179; x_wconf 84' lang='grc' dir='ltr'>μὴ</span> <span class='ocrx_word' id='word_1_488' title='bbox 1215 3110 1595 3181; x_wconf 77' lang='grc' dir='ltr'>πλανηθῶμεν.</span> <span class='ocrx_word' id='word_1_489' title='bbox 1638 3113 1822 3166; x_wconf 74' lang='grc' dir='ltr'>Διττὸν</span> 
     </span>
    </p>
   </div>
   <div class='ocr_carea' id='block_1_59' title="bbox 1850 3092 3486 3181">
    <p class='ocr_par' dir='ltr' id='par_1_59' title="bbox 1930 3092 3486 3162">
     <span class='ocr_line' id='line_1_60' title="bbox 1930 3092 3486 3162; baseline -0.004 -11"><span class='ocrx_word' id='word_1_490' title='bbox 1930 3098 2115 3161; x_wconf 82' lang='lat' dir='ltr'><strong>nitate,</strong></span> <span class='ocrx_word' id='word_1_491' title='bbox 2150 3111 2317 3149; x_wconf 57' lang='lat' dir='ltr'><strong>sacra?</strong></span> <span class='ocrx_word' id='word_1_492' title='bbox 2354 3094 2512 3149; x_wconf 88' lang='lat' dir='ltr'><strong>nobis</strong></span> <span class='ocrx_word' id='word_1_493' title='bbox 2552 3093 2787 3148; x_wconf 87' lang='lat' dir='ltr'><strong>clamant</strong></span> <span class='ocrx_word' id='word_1_494' title='bbox 2830 3092 3163 3162; x_wconf 73' lang='lat' dir='ltr'><strong>Scriptum:</strong></span> <span class='ocrx_word' id='word_1_495' title='bbox 3192 3111 3316 3148; x_wconf 91' lang='lat' dir='ltr'><strong>nam</strong></span> <span class='ocrx_word' id='word_1_496' title='bbox 3368 3096 3486 3149; x_wconf 70' lang='lat' dir='ltr'><strong>l&#39;er.</strong></span> 
     </span>
    </p>
   </div>
   <div class='ocr_carea' id='block_1_60' title="bbox 252 3186 1888 3275">
    <p class='ocr_par' dir='ltr' id='par_1_60' title="bbox 252 3190 1888 3275">
     <span class='ocr_line' id='line_1_61' title="bbox 252 3190 1888 3275; baseline 0.006 -28"><span class='ocrx_word' id='word_1_497' title='bbox 252 3190 399 3247; x_wconf 73' lang='grc' dir='ltr'>εἶναι</span> <span class='ocrx_word' id='word_1_498' title='bbox 417 3194 506 3247; x_wconf 80' lang='grc' dir='ltr'><strong>τὸν</strong></span> <span class='ocrx_word' id='word_1_499' title='bbox 526 3196 759 3266; x_wconf 75' lang='grc' dir='ltr'>Χριστὸν</span> <span class='ocrx_word' id='word_1_500' title='bbox 787 3195 919 3266; x_wconf 77' lang='grc' dir='ltr'>μετὰ</span> <span class='ocrx_word' id='word_1_501' title='bbox 939 3197 1037 3268; x_wconf 76' lang='grc' dir='ltr'>τὴν</span> <span class='ocrx_word' id='word_1_502' title='bbox 1067 3199 1340 3269; x_wconf 54' lang='grc' dir='ltr'>ἂρραστον</span> <span class='ocrx_word' id='word_1_503' title='bbox 1366 3201 1577 3261; x_wconf 73' lang='grc' dir='ltr'>ἕνωσιν,</span> <span class='ocrx_word' id='word_1_504' title='bbox 1606 3204 1745 3272; x_wconf 63' lang='grc' dir='ltr'>φημὶ</span> <span class='ocrx_word' id='word_1_505' title='bbox 1767 3202 1823 3255; x_wconf 75' lang='grc' dir='ltr'><strong>δὲ</strong></span> <span class='ocrx_word' id='word_1_506' title='bbox 1853 3218 1888 3275; x_wconf 65' lang='grc' dir='ltr'>(ς</span> 
     </span>
    </p>
   </div>
   <div class='ocr_carea' id='block_1_61' title="bbox 1849 3186 3485 3275">
    <p class='ocr_par' dir='ltr' id='par_1_61' title="bbox 1853 3186 3485 3275">
     <span class='ocr_line' id='line_1_62' title="bbox 1853 3186 3485 3275; baseline -0.001 -32"><span class='ocrx_word' id='word_1_507' title='bbox 1853 3218 1894 3275; x_wconf 76' lang='lat' dir='ltr'><strong><em>C</em></strong></span> <span class='ocrx_word' id='word_1_508' title='bbox 1930 3192 2046 3243; x_wconf 86' lang='lat' dir='ltr'><strong>bum</strong></span> <span class='ocrx_word' id='word_1_509' title='bbox 2086 3206 2209 3243; x_wconf 85' lang='lat' dir='ltr'><strong>caro</strong></span> <span class='ocrx_word' id='word_1_510' title='bbox 2248 3190 2444 3257; x_wconf 80' lang='lat' dir='ltr'><strong>factum</strong></span> <span class='ocrx_word' id='word_1_511' title='bbox 2489 3196 2563 3240; x_wconf 78' lang='lat' dir='ltr'><strong>est</strong></span> <span class='ocrx_word' id='word_1_512' title='bbox 2593 3188 2656 3241; x_wconf 80' lang='lat'><strong>“.</strong></span> <span class='ocrx_word' id='word_1_513' title='bbox 2689 3186 2947 3240; x_wconf 79' lang='lat' dir='ltr'><strong>Deitatem</strong></span> <span class='ocrx_word' id='word_1_514' title='bbox 3001 3203 3128 3258; x_wconf 77' lang='lat' dir='ltr'><strong>ergo</strong></span> <span class='ocrx_word' id='word_1_515' title='bbox 3163 3187 3322 3243; x_wconf 80' lang='lat' dir='ltr'><strong>Verbi</strong></span> <span class='ocrx_word' id='word_1_516' title='bbox 3372 3190 3485 3259; x_wconf 78' lang='lat' dir='ltr'><strong>ipse</strong></span> 
     </span>
    </p>
   </div>
   <div class='ocr_carea' id='block_1_62' title="bbox 253 3279 1889 3361">
    <p class='ocr_par' dir='ltr' id='par_1_62' title="bbox 253 3285 1823 3361">
     <span class='ocr_line' id='line_1_63' title="bbox 253 3285 1823 3361; baseline 0.004 -24"><span class='ocrx_word' id='word_1_517' title='bbox 253 3287 326 3337; x_wconf 79' lang='grc' dir='ltr'><strong>ἐκ</strong></span> <span class='ocrx_word' id='word_1_518' title='bbox 364 3285 612 3356; x_wconf 84' lang='grc' dir='ltr'>Θεότητος</span> <span class='ocrx_word' id='word_1_519' title='bbox 643 3286 737 3340; x_wconf 72' lang='grc' dir='ltr'><strong>καὶ</strong></span> <span class='ocrx_word' id='word_1_520' title='bbox 783 3286 1216 3359; x_wconf 82' lang='grc' dir='ltr'>ἁνθρωπότητος,</span> <span class='ocrx_word' id='word_1_521' title='bbox 1250 3291 1303 3343; x_wconf 81' lang='lat' dir='ltr'><strong>ai</strong></span> <span class='ocrx_word' id='word_1_522' title='bbox 1350 3292 1491 3361; x_wconf 74' lang='grc' dir='ltr'>ἱεραὶ</span> <span class='ocrx_word' id='word_1_523' title='bbox 1538 3293 1667 3361; x_wconf 76' lang='grc' dir='ltr'>ἡμῖν</span> <span class='ocrx_word' id='word_1_524' title='bbox 1711 3293 1823 3344; x_wconf 80' lang='grc' dir='ltr'>δια-</span> 
     </span>
    </p>
   </div>
   <div class='ocr_carea' id='block_1_63' title="bbox 1848 3279 3484 3361">
    <p class='ocr_par' dir='ltr' id='par_1_63' title="bbox 1926 3279 3484 3350">
     <span class='ocr_line' id='line_1_64' title="bbox 1926 3279 3484 3350; baseline -0.003 -13"><span class='ocrx_word' id='word_1_525' title='bbox 1926 3285 2174 3339; x_wconf 84' lang='lat' dir='ltr'><strong>Christus</strong></span> <span class='ocrx_word' id='word_1_526' title='bbox 2206 3282 2465 3350; x_wconf 84' lang='lat' dir='ltr'><strong>Spiritum</strong></span> <span class='ocrx_word' id='word_1_527' title='bbox 2498 3289 2749 3333; x_wconf 86' lang='lat' dir='ltr'><strong>sanctum</strong></span> <span class='ocrx_word' id='word_1_528' title='bbox 2802 3279 3075 3347; x_wconf 82' lang='lat' dir='ltr'><strong>appellat,</strong></span> <span class='ocrx_word' id='word_1_529' title='bbox 3129 3282 3484 3348; x_wconf 81' lang='lat' dir='ltr'><strong>quemadmo—</strong></span> 
     </span>
    </p>
   </div>
   <div class='ocr_carea' id='block_1_64' title="bbox 253 3367 1889 3453">
    <p class='ocr_par' dir='ltr' id='par_1_64' title="bbox 253 3378 1824 3453">
     <span class='ocr_line' id='line_1_65' title="bbox 253 3378 1824 3453; baseline 0.004 -24"><span class='ocrx_word' id='word_1_530' title='bbox 253 3378 426 3430; x_wconf 75' lang='grc' dir='ltr'>ϐοῶσι</span> <span class='ocrx_word' id='word_1_531' title='bbox 474 3379 714 3449; x_wconf 82' lang='grc' dir='ltr'>Γραφαί’</span> <span class='ocrx_word' id='word_1_532' title='bbox 760 3379 821 3433; x_wconf 88' lang='lat'><strong>&#39;0</strong></span> <span class='ocrx_word' id='word_1_533' title='bbox 860 3380 967 3451; x_wconf 86' lang='grc' dir='ltr'>γὰρ</span> <span class='ocrx_word' id='word_1_534' title='bbox 999 3382 1188 3451; x_wconf 75' lang='grc' dir='ltr'>Λόγος</span> <span class='ocrx_word' id='word_1_535' title='bbox 1224 3382 1377 3450; x_wconf 76' lang='grc' dir='ltr'>σὰρξ</span> <span class='ocrx_word' id='word_1_536' title='bbox 1424 3383 1680 3450; x_wconf 75' lang='grc' dir='ltr'>ἐγένετο.</span> <span class='ocrx_word' id='word_1_537' title='bbox 1713 3386 1824 3453; x_wconf 75' lang='grc' dir='ltr'><strong>Τὴν</strong></span> 
     </span>
    </p>
   </div>
   <div class='ocr_carea' id='block_1_65' title="bbox 1848 3367 3484 3453">
    <p class='ocr_par' dir='ltr' id='par_1_65' title="bbox 1924 3367 3484 3439">
     <span class='ocr_line' id='line_1_66' title="bbox 1924 3367 3484 3439; baseline 0 -14"><span class='ocrx_word' id='word_1_538' title='bbox 1924 3374 2052 3425; x_wconf 89' lang='lat' dir='ltr'><strong>dum</strong></span> <span class='ocrx_word' id='word_1_539' title='bbox 2111 3372 2175 3423; x_wconf 85' lang='lat' dir='ltr'><strong>ad</strong></span> <span class='ocrx_word' id='word_1_540' title='bbox 2233 3370 2634 3422; x_wconf 85' lang='lat' dir='ltr'><strong>Samaritanam</strong></span> <span class='ocrx_word' id='word_1_541' title='bbox 2696 3367 2907 3422; x_wconf 87' lang='lat' dir='ltr'><strong>locutus</strong></span> <span class='ocrx_word' id='word_1_542' title='bbox 2959 3378 3060 3428; x_wconf 84' lang='lat' dir='ltr'><strong>est.</strong></span> <span class='ocrx_word' id='word_1_543' title='bbox 3121 3370 3351 3439; x_wconf 82' lang='lat' dir='ltr'><strong>Spiritus</strong></span> <span class='ocrx_word' id='word_1_544' title='bbox 3411 3384 3484 3425; x_wconf 66' lang='lat' dir='ltr'><strong>est</strong></span> 
     </span>
    </p>
   </div>
   <div class='ocr_carea' id='block_1_66' title="bbox 252 3463 1888 3541">
    <p class='ocr_par' dir='ltr' id='par_1_66' title="bbox 252 3467 1823 3541">
     <span class='ocr_line' id='line_1_67' title="bbox 252 3467 1823 3541; baseline 0.003 -21"><span class='ocrx_word' id='word_1_545' title='bbox 252 3467 391 3536; x_wconf 86' lang='grc' dir='ltr'>γοῦν</span> <span class='ocrx_word' id='word_1_546' title='bbox 440 3468 533 3521; x_wconf 87' lang='grc' dir='ltr'><strong>τοῦ</strong></span> <span class='ocrx_word' id='word_1_547' title='bbox 578 3469 752 3537; x_wconf 83' lang='grc' dir='ltr'>Λόγου</span> <span class='ocrx_word' id='word_1_548' title='bbox 798 3468 1024 3537; x_wconf 86' lang='grc' dir='ltr'>θεότητα</span> <span class='ocrx_word' id='word_1_549' title='bbox 1062 3470 1089 3520; x_wconf 88' lang='grc' dir='ltr'>ὁ</span> <span class='ocrx_word' id='word_1_550' title='bbox 1138 3470 1296 3532; x_wconf 71' lang='grc' dir='ltr'>αὐτὸς</span> <span class='ocrx_word' id='word_1_551' title='bbox 1339 3471 1573 3538; x_wconf 77' lang='grc' dir='ltr'>Χριστὸς</span> <span class='ocrx_word' id='word_1_552' title='bbox 1598 3472 1823 3541; x_wconf 86' lang='grc' dir='ltr'>Πνεῦμα</span> 
     </span>
    </p>
   </div>
   <div class='ocr_carea' id='block_1_67' title="bbox 1847 3463 3483 3541">
    <p class='ocr_par' dir='ltr' id='par_1_67' title="bbox 1924 3463 3483 3530">
     <span class='ocr_line' id='line_1_68' title="bbox 1924 3463 3483 3530; baseline 0.003 -13"><span class='ocrx_word' id='word_1_553' title='bbox 1924 3464 2063 3517; x_wconf 80' lang='lat' dir='ltr'><strong>Deus</strong></span> <span class='ocrx_word' id='word_1_554' title='bbox 2086 3465 2157 3529; x_wconf 84' lang='grc'><strong>³³;</strong></span> <span class='ocrx_word' id='word_1_555' title='bbox 2198 3463 2589 3515; x_wconf 82' lang='lat' dir='ltr'><strong>humanitatem</strong></span> <span class='ocrx_word' id='word_1_556' title='bbox 2640 3477 2764 3515; x_wconf 78' lang='lat' dir='ltr'><strong>vero</strong></span> <span class='ocrx_word' id='word_1_557' title='bbox 2807 3478 2991 3530; x_wconf 91' lang='lat' dir='ltr'><strong>suam,</strong></span> <span class='ocrx_word' id='word_1_558' title='bbox 3022 3463 3221 3518; x_wconf 85' lang='lat' dir='ltr'><strong>Filium</strong></span> <span class='ocrx_word' id='word_1_559' title='bbox 3250 3466 3483 3522; x_wconf 85' lang='lat' dir='ltr'><strong>hominis</strong></span> 
     </span>
    </p>
   </div>
   <div class='ocr_carea' id='block_1_68' title="bbox 255 3551 1891 3629">
    <p class='ocr_par' dir='ltr' id='par_1_68' title="bbox 255 3555 1822 3629">
     <span class='ocr_line' id='line_1_69' title="bbox 255 3555 1822 3629; baseline 0.003 -21"><span class='ocrx_word' id='word_1_560' title='bbox 255 3556 416 3623; x_wconf 75' lang='grc' dir='ltr'>ἅγιον</span> <span class='ocrx_word' id='word_1_561' title='bbox 436 3556 709 3627; x_wconf 76' lang='grc' dir='ltr'>ὀνομάζει,</span> <span class='ocrx_word' id='word_1_562' title='bbox 732 3555 874 3609; x_wconf 78' lang='grc' dir='ltr'>καθὰ</span> <span class='ocrx_word' id='word_1_563' title='bbox 902 3557 995 3608; x_wconf 81' lang='grc' dir='ltr'>καὶ</span> <span class='ocrx_word' id='word_1_564' title='bbox 1019 3556 1154 3628; x_wconf 80' lang='grc' dir='ltr'>πρὸς</span> <span class='ocrx_word' id='word_1_565' title='bbox 1178 3556 1276 3628; x_wconf 77' lang='grc' dir='ltr'><strong>τὴν</strong></span> <span class='ocrx_word' id='word_1_566' title='bbox 1300 3559 1626 3629; x_wconf 78' lang='grc' dir='ltr'>Σαμαρεῖτιν</span> <span class='ocrx_word' id='word_1_567' title='bbox 1649 3560 1822 3627; x_wconf 80' lang='grc' dir='ltr'>ἔλεγε,</span> 
     </span>
    </p>
   </div>
   <div class='ocr_carea' id='block_1_69' title="bbox 1852 3551 3488 3629">
    <p class='ocr_par' dir='ltr' id='par_1_69' title="bbox 1925 3551 3488 3623">
     <span class='ocr_line' id='line_1_70' title="bbox 1925 3551 3488 3623; baseline -0.001 -16"><span class='ocrx_word' id='word_1_568' title='bbox 1925 3564 2119 3609; x_wconf 87' lang='lat' dir='ltr'><strong>vocat:</strong></span> <span class='ocrx_word' id='word_1_569' title='bbox 2158 3551 2330 3617; x_wconf 69' lang='lat' dir='ltr'><strong>Nunc,</strong></span> <span class='ocrx_word' id='word_1_570' title='bbox 2382 3553 2589 3621; x_wconf 86' lang='lat' dir='ltr'><strong>inquit,</strong></span> <span class='ocrx_word' id='word_1_571' title='bbox 2624 3552 2949 3623; x_wconf 77' lang='lat' dir='ltr'><strong>gloriﬁcatus</strong></span> <span class='ocrx_word' id='word_1_572' title='bbox 3000 3566 3076 3610; x_wconf 80' lang='lat' dir='ltr'><strong>est</strong></span> <span class='ocrx_word' id='word_1_573' title='bbox 3121 3556 3297 3612; x_wconf 84' lang='lat' dir='ltr'><strong>Filius</strong></span> <span class='ocrx_word' id='word_1_574' title='bbox 3329 3560 3488 3612; x_wconf 76' lang='lat' dir='ltr'><strong>hami.</strong></span> 
     </span>
    </p>
   </div>
   <div class='ocr_carea' id='block_1_70' title="bbox 253 3635 1889 3720">
    <p class='ocr_par' dir='ltr' id='par_1_70' title="bbox 253 3635 1826 3720">
     <span class='ocr_line' id='line_1_71' title="bbox 253 3635 1826 3720; baseline 0.002 -17"><span class='ocrx_word' id='word_1_575' title='bbox 253 3649 502 3718; x_wconf 79' lang='grc' dir='ltr'>Πνεῦμα</span> <span class='ocrx_word' id='word_1_576' title='bbox 549 3652 580 3703; x_wconf 87' lang='grc' dir='ltr'><strong>ό</strong></span> <span class='ocrx_word' id='word_1_577' title='bbox 629 3649 802 3713; x_wconf 71' lang='grc' dir='ltr'>Θεόςσ</span> <span class='ocrx_word' id='word_1_578' title='bbox 838 3648 935 3719; x_wconf 79' lang='grc' dir='ltr'><strong>τὴν</strong></span> <span class='ocrx_word' id='word_1_579' title='bbox 977 3648 1034 3701; x_wconf 82' lang='grc' dir='ltr'><strong>δὲ</strong></span> <span class='ocrx_word' id='word_1_580' title='bbox 1081 3648 1472 3720; x_wconf 83' lang='grc' dir='ltr'>ἀνθρωπότητα</span> <span class='ocrx_word' id='word_1_581' title='bbox 1505 3652 1665 3705; x_wconf 74' lang='grc' dir='ltr'>αὑτοῦ</span> <span class='ocrx_word' id='word_1_582' title='bbox 1699 3635 1826 3706; x_wconf 57' lang='grc' dir='ltr'>Υῶν</span> 
     </span>
    </p>
   </div>
   <div class='ocr_carea' id='block_1_71' title="bbox 1852 3635 3488 3720">
    <p class='ocr_par' dir='ltr' id='par_1_71' title="bbox 1926 3645 3488 3715">
     <span class='ocr_line' id='line_1_72' title="bbox 1926 3645 3488 3715; baseline 0.004 -16"><span class='ocrx_word' id='word_1_583' title='bbox 1926 3647 2005 3700; x_wconf 87' lang='lat' dir='ltr'><strong>uis</strong></span> <span class='ocrx_word' id='word_1_584' title='bbox 2032 3645 2093 3699; x_wconf 70' lang='lat'><strong>“.</strong></span> <span class='ocrx_word' id='word_1_585' title='bbox 2135 3645 2304 3699; x_wconf 63' lang='lat' dir='ltr'><strong>Judaei</strong></span> <span class='ocrx_word' id='word_1_586' title='bbox 2350 3646 2513 3715; x_wconf 82' lang='lat' dir='ltr'><strong>igitur</strong></span> <span class='ocrx_word' id='word_1_587' title='bbox 2543 3645 2635 3715; x_wconf 86' lang='lat' dir='ltr'><strong>qui</strong></span> <span class='ocrx_word' id='word_1_588' title='bbox 2681 3662 2895 3715; x_wconf 84' lang='lat' dir='ltr'><strong>semper</strong></span> <span class='ocrx_word' id='word_1_589' title='bbox 2944 3650 3108 3703; x_wconf 86' lang='lat' dir='ltr'><strong>Deum</strong></span> <span class='ocrx_word' id='word_1_590' title='bbox 3141 3651 3488 3707; x_wconf 81' lang='lat' dir='ltr'><strong>oﬂenderunt</strong></span> 
     </span>
    </p>
   </div>
   <div class='ocr_carea' id='block_1_72' title="bbox 254 3734 1890 3813">
    <p class='ocr_par' dir='ltr' id='par_1_72' title="bbox 254 3739 1826 3813">
     <span class='ocr_line' id='line_1_73' title="bbox 254 3739 1826 3813; baseline 0.002 -18"><span class='ocrx_word' id='word_1_591' title='bbox 254 3739 543 3812; x_wconf 81' lang='grc' dir='ltr'>ἀνθρώπου</span> <span class='ocrx_word' id='word_1_592' title='bbox 566 3758 579 3771; x_wconf 88' lang='grc'><strong>·</strong></span> <span class='ocrx_word' id='word_1_593' title='bbox 616 3740 747 3797; x_wconf 79' lang='grc' dir='ltr'>Νῦν</span> <span class='ocrx_word' id='word_1_594' title='bbox 772 3742 897 3813; x_wconf 77' lang='grc' dir='ltr'>γὰρ,</span> <span class='ocrx_word' id='word_1_595' title='bbox 931 3742 1111 3812; x_wconf 72' lang='grc' dir='ltr'>φησὶν,</span> <span class='ocrx_word' id='word_1_596' title='bbox 1141 3742 1437 3811; x_wconf 71' lang='grc' dir='ltr'><strong>ἐδοξάσθη</strong></span> <span class='ocrx_word' id='word_1_597' title='bbox 1480 3748 1513 3797; x_wconf 81' lang='grc' dir='ltr'><strong>ό</strong></span> <span class='ocrx_word' id='word_1_598' title='bbox 1560 3744 1690 3809; x_wconf 57' lang='grc' dir='ltr'>Υἱιίς</span> <span class='ocrx_word' id='word_1_599' title='bbox 1721 3746 1826 3798; x_wconf 72' lang='grc' dir='ltr'><strong>τοῦ</strong></span> 
     </span>
    </p>
   </div>
   <div class='ocr_carea' id='block_1_73' title="bbox 1844 3734 3480 3813">
    <p class='ocr_par' dir='ltr' id='par_1_73' title="bbox 1927 3734 3480 3806">
     <span class='ocr_line' id='line_1_74' title="bbox 1927 3734 3480 3806; baseline 0.004 -17"><span class='ocrx_word' id='word_1_600' title='bbox 1927 3736 2159 3806; x_wconf 88' lang='lat' dir='ltr'><strong>duplicis</strong></span> <span class='ocrx_word' id='word_1_601' title='bbox 2200 3736 2463 3790; x_wconf 85' lang='lat' dir='ltr'><strong>adversus</strong></span> <span class='ocrx_word' id='word_1_602' title='bbox 2502 3734 2777 3789; x_wconf 87' lang='lat' dir='ltr'><strong>Christum</strong></span> <span class='ocrx_word' id='word_1_603' title='bbox 2826 3736 3172 3806; x_wconf 69' lang='lat' dir='ltr'><strong>blasphemiae</strong></span> <span class='ocrx_word' id='word_1_604' title='bbox 3225 3742 3299 3795; x_wconf 77' lang='lat' dir='ltr'><strong>rei</strong></span> <span class='ocrx_word' id='word_1_605' title='bbox 3338 3752 3480 3797; x_wconf 88' lang='lat' dir='ltr'><strong>sunt.</strong></span> 
     </span>
    </p>
   </div>
   <div class='ocr_carea' id='block_1_74' title="bbox 255 3828 1891 3906">
    <p class='ocr_par' dir='ltr' id='par_1_74' title="bbox 255 3829 1829 3906">
     <span class='ocr_line' id='line_1_75' title="bbox 255 3829 1829 3906; baseline 0.001 -19"><span class='ocrx_word' id='word_1_606' title='bbox 255 3832 595 3899; x_wconf 77' lang='grc' dir='ltr'>ἀνθρώπου.</span> <span class='ocrx_word' id='word_1_607' title='bbox 632 3833 695 3885; x_wconf 80' lang='lat' dir='ltr'><strong>Oi</strong></span> <span class='ocrx_word' id='word_1_608' title='bbox 731 3829 823 3887; x_wconf 73' lang='grc' dir='ltr'>οὖν</span> <span class='ocrx_word' id='word_1_609' title='bbox 867 3834 952 3888; x_wconf 79' lang='grc' dir='ltr'>ἀεὶ</span> <span class='ocrx_word' id='word_1_610' title='bbox 981 3834 1057 3905; x_wconf 81' lang='grc' dir='ltr'>τῷ</span> <span class='ocrx_word' id='word_1_611' title='bbox 1088 3834 1207 3905; x_wconf 77' lang='grc' dir='ltr'>Θεῷ</span> <span class='ocrx_word' id='word_1_612' title='bbox 1238 3834 1663 3906; x_wconf 77' lang='grc' dir='ltr'>προσκρούοντες</span> <span class='ocrx_word' id='word_1_613' title='bbox 1702 3837 1829 3889; x_wconf 83' lang='grc' dir='ltr'>ἰου-</span> 
     </span>
    </p>
   </div>
   <div class='ocr_carea' id='block_1_75' title="bbox 1850 3828 3486 3906">
    <p class='ocr_par' dir='ltr' id='par_1_75' title="bbox 1929 3828 3486 3895">
     <span class='ocr_line' id='line_1_76' title="bbox 1929 3828 3486 3895; baseline 0.002 -13"><span class='ocrx_word' id='word_1_614' title='bbox 1929 3828 2173 3894; x_wconf 85' lang='lat' dir='ltr'><strong>Quorum</strong></span> <span class='ocrx_word' id='word_1_615' title='bbox 2211 3828 2299 3881; x_wconf 88' lang='lat' dir='ltr'><strong>alii</strong></span> <span class='ocrx_word' id='word_1_616' title='bbox 2344 3830 2393 3880; x_wconf 89' lang='lat' dir='ltr'><strong>in</strong></span> <span class='ocrx_word' id='word_1_617' title='bbox 2426 3843 2640 3881; x_wconf 73' lang='lat' dir='ltr'><strong>carnem</strong></span> <span class='ocrx_word' id='word_1_618' title='bbox 2680 3828 2820 3895; x_wconf 79' lang='lat' dir='ltr'><strong>ejus,</strong></span> <span class='ocrx_word' id='word_1_619' title='bbox 2851 3830 3055 3883; x_wconf 73' lang='lat' dir='ltr'><strong>scilicet</strong></span> <span class='ocrx_word' id='word_1_620' title='bbox 3086 3832 3138 3885; x_wconf 91' lang='lat' dir='ltr'><strong>in</strong></span> <span class='ocrx_word' id='word_1_621' title='bbox 3166 3832 3359 3887; x_wconf 85' lang='lat' dir='ltr'><strong>Filium</strong></span> <span class='ocrx_word' id='word_1_622' title='bbox 3392 3836 3486 3887; x_wconf 86' lang='lat' dir='ltr'><strong>ho—</strong></span> 
     </span>
    </p>
   </div>
   <div class='ocr_carea' id='block_1_76' title="bbox 253 3920 1889 3999">
    <p class='ocr_par' dir='ltr' id='par_1_76' title="bbox 253 3923 1823 3999">
     <span class='ocr_line' id='line_1_77' title="bbox 253 3923 1823 3999; baseline 0.003 -25"><span class='ocrx_word' id='word_1_623' title='bbox 253 3923 395 3975; x_wconf 83' lang='grc' dir='ltr'>δαῖοι</span> <span class='ocrx_word' id='word_1_624' title='bbox 416 3924 595 3993; x_wconf 72' lang='grc' dir='ltr'>διττὴν</span> <span class='ocrx_word' id='word_1_625' title='bbox 618 3924 752 3995; x_wconf 81' lang='grc' dir='ltr'>πρὸς</span> <span class='ocrx_word' id='word_1_626' title='bbox 777 3924 1007 3995; x_wconf 82' lang='grc' dir='ltr'>Χριστὸν</span> <span class='ocrx_word' id='word_1_627' title='bbox 1036 3925 1133 3996; x_wconf 77' lang='grc' dir='ltr'>τὴν</span> <span class='ocrx_word' id='word_1_628' title='bbox 1157 3925 1497 3995; x_wconf 76' lang='grc' dir='ltr'>βλασφημίαν</span> <span class='ocrx_word' id='word_1_629' title='bbox 1516 3925 1823 3999; x_wconf 79' lang='grc' dir='ltr'>ἐκέκτηντο·</span> 
     </span>
    </p>
   </div>
   <div class='ocr_carea' id='block_1_77' title="bbox 1850 3920 3486 3999">
    <p class='ocr_par' dir='ltr' id='par_1_77' title="bbox 1928 3920 3486 3988">
     <span class='ocr_line' id='line_1_78' title="bbox 1928 3920 3486 3988; baseline 0.003 -15"><span class='ocrx_word' id='word_1_630' title='bbox 1928 3920 2122 3982; x_wconf 86' lang='lat' dir='ltr'><strong>minis,</strong></span> <span class='ocrx_word' id='word_1_631' title='bbox 2185 3921 2520 3988; x_wconf 72' lang='lat' dir='ltr'><strong>impingunt,</strong></span> <span class='ocrx_word' id='word_1_632' title='bbox 2578 3922 2927 3988; x_wconf 85' lang='lat' dir='ltr'><strong>prOphetam,</strong></span> <span class='ocrx_word' id='word_1_633' title='bbox 2990 3936 3094 3975; x_wconf 90' lang='lat' dir='ltr'><strong>non</strong></span> <span class='ocrx_word' id='word_1_634' title='bbox 3144 3922 3311 3977; x_wconf 85' lang='lat' dir='ltr'><strong>Deum</strong></span> <span class='ocrx_word' id='word_1_635' title='bbox 3367 3942 3486 3979; x_wconf 86' lang='lat' dir='ltr'><strong>esse</strong></span> 
     </span>
    </p>
   </div>
   <div class='ocr_carea' id='block_1_78' title="bbox 254 4011 1890 4086">
    <p class='ocr_par' dir='ltr' id='par_1_78' title="bbox 254 4013 1827 4086">
     <span class='ocr_line' id='line_1_79' title="bbox 254 4013 1827 4086; baseline 0.005 -24"><span class='ocrx_word' id='word_1_636' title='bbox 254 4014 311 4062; x_wconf 61' lang='grc' dir='ltr'><strong>κεί</strong></span> <span class='ocrx_word' id='word_1_637' title='bbox 347 4013 444 4084; x_wconf 81' lang='grc' dir='ltr'><strong>μὲν</strong></span> <span class='ocrx_word' id='word_1_638' title='bbox 474 4013 583 4084; x_wconf 78' lang='grc' dir='ltr'><strong>γὰρ</strong></span> <span class='ocrx_word' id='word_1_639' title='bbox 611 4016 676 4083; x_wconf 83' lang='grc' dir='ltr'>τῇ</span> <span class='ocrx_word' id='word_1_640' title='bbox 713 4015 875 4086; x_wconf 76' lang='grc' dir='ltr'>σαρκὶ</span> <span class='ocrx_word' id='word_1_641' title='bbox 923 4014 1109 4078; x_wconf 76' lang='grc' dir='ltr'>αὑτοῦ,</span> <span class='ocrx_word' id='word_1_642' title='bbox 1158 4016 1323 4085; x_wconf 71' lang='grc' dir='ltr'>ἤγουν</span> <span class='ocrx_word' id='word_1_643' title='bbox 1349 4016 1426 4085; x_wconf 82' lang='grc' dir='ltr'>τῷ</span> <span class='ocrx_word' id='word_1_644' title='bbox 1466 4016 1576 4086; x_wconf 81' lang='grc' dir='ltr'><strong>Υἱῷ</strong></span> <span class='ocrx_word' id='word_1_645' title='bbox 1605 4016 1696 4069; x_wconf 83' lang='grc' dir='ltr'><strong>τοῦ</strong></span> <span class='ocrx_word' id='word_1_646' title='bbox 1731 4019 1827 4070; x_wconf 82' lang='grc' dir='ltr'>ἁν-</span> 
     </span>
    </p>
   </div>
   <div class='ocr_carea' id='block_1_79' title="bbox 1853 4011 3489 4086">
    <p class='ocr_par' dir='ltr' id='par_1_79' title="bbox 1926 4011 3489 4080">
     <span class='ocr_line' id='line_1_80' title="bbox 1926 4011 3489 4080; baseline -0.001 -16"><span class='ocrx_word' id='word_1_647' title='bbox 1926 4011 2329 4073; x_wconf 82' lang='lat' dir='ltr'><strong>existimantes;</strong></span> <span class='ocrx_word' id='word_1_648' title='bbox 2362 4025 2421 4063; x_wconf 86' lang='lat' dir='ltr'><strong>ac</strong></span> <span class='ocrx_word' id='word_1_649' title='bbox 2452 4024 2703 4063; x_wconf 81' lang='lat' dir='ltr'><strong>voracem</strong></span> <span class='ocrx_word' id='word_1_650' title='bbox 2733 4011 2884 4064; x_wconf 82' lang='lat' dir='ltr'><strong>illum</strong></span> <span class='ocrx_word' id='word_1_651' title='bbox 2925 4021 2977 4064; x_wconf 85' lang='lat' dir='ltr'><strong>et</strong></span> <span class='ocrx_word' id='word_1_652' title='bbox 3008 4022 3307 4080; x_wconf 78' lang='lat' dir='ltr'><strong>putatorem</strong></span> <span class='ocrx_word' id='word_1_653' title='bbox 3334 4030 3489 4067; x_wconf 74' lang='lat' dir='ltr'><strong>voca.</strong></span> 
     </span>
    </p>
   </div>
   <div class='ocr_carea' id='block_1_80' title="bbox 258 4102 1894 4178">
    <p class='ocr_par' dir='ltr' id='par_1_80' title="bbox 258 4102 1826 4178">
     <span class='ocr_line' id='line_1_81' title="bbox 258 4102 1826 4178; baseline 0.004 -23"><span class='ocrx_word' id='word_1_654' title='bbox 258 4102 291 4155; x_wconf 83' lang='lat'><strong>0</strong></span> <span class='ocrx_word' id='word_1_655' title='bbox 300 4102 479 4174; x_wconf 86' lang='grc' dir='ltr'>ρώπου</span> <span class='ocrx_word' id='word_1_656' title='bbox 510 4105 958 4176; x_wconf 82' lang='grc' dir='ltr'>προσκόπτοντες,</span> <span class='ocrx_word' id='word_1_657' title='bbox 977 4107 1258 4178; x_wconf 63' lang='grc' dir='ltr'>προῳήτην</span> <span class='ocrx_word' id='word_1_658' title='bbox 1280 4106 1458 4171; x_wconf 76' lang='grc' dir='ltr'>αὐτὸν,</span> <span class='ocrx_word' id='word_1_659' title='bbox 1477 4107 1588 4160; x_wconf 85' lang='grc' dir='ltr'>ἀλλ’</span> <span class='ocrx_word' id='word_1_660' title='bbox 1612 4110 1671 4161; x_wconf 78' lang='grc' dir='ltr'><strong>οὐ</strong></span> <span class='ocrx_word' id='word_1_661' title='bbox 1697 4108 1826 4161; x_wconf 74' lang='grc' dir='ltr'>Θεὸν</span> 
     </span>
    </p>
   </div>
   <div class='ocr_carea' id='block_1_81' title="bbox 1846 4102 3482 4178">
    <p class='ocr_par' dir='ltr' id='par_1_81' title="bbox 1926 4103 3482 4175">
     <span class='ocr_line' id='line_1_82' title="bbox 1926 4103 3482 4175; baseline 0.003 -18"><span class='ocrx_word' id='word_1_662' title='bbox 1926 4105 2387 4172; x_wconf 70' lang='lat' dir='ltr'><strong>bant“:quibus</strong></span> <span class='ocrx_word' id='word_1_663' title='bbox 2439 4103 2647 4156; x_wconf 83' lang='lat' dir='ltr'><strong>veniam</strong></span> <span class='ocrx_word' id='word_1_664' title='bbox 2702 4104 2869 4157; x_wconf 86' lang='lat' dir='ltr'><strong>dedit.</strong></span> <span class='ocrx_word' id='word_1_665' title='bbox 2930 4104 3208 4175; x_wconf 87' lang='lat' dir='ltr'><strong>Siquidem</strong></span> <span class='ocrx_word' id='word_1_666' title='bbox 3272 4108 3482 4163; x_wconf 80' lang='lat' dir='ltr'><strong>initium</strong></span> 
     </span>
    </p>
   </div>
   <div class='ocr_carea' id='block_1_82' title="bbox 258 4191 1894 4269">
    <p class='ocr_par' dir='ltr' id='par_1_82' title="bbox 258 4191 1825 4269">
     <span class='ocr_line' id='line_1_83' title="bbox 258 4191 1825 4269; baseline 0.003 -21"><span class='ocrx_word' id='word_1_667' title='bbox 258 4191 401 4249; x_wconf 85' lang='grc' dir='ltr'>εἶναι</span> <span class='ocrx_word' id='word_1_668' title='bbox 432 4197 697 4268; x_wconf 77' lang='grc' dir='ltr'>ἐνόμιζον,</span> <span class='ocrx_word' id='word_1_669' title='bbox 734 4198 829 4251; x_wconf 77' lang='grc' dir='ltr'><strong>καὶ</strong></span> <span class='ocrx_word' id='word_1_670' title='bbox 860 4198 1029 4267; x_wconf 83' lang='grc' dir='ltr'>φάγον</span> <span class='ocrx_word' id='word_1_671' title='bbox 1062 4198 1222 4252; x_wconf 78' lang='grc' dir='ltr'>αὑτὸν</span> <span class='ocrx_word' id='word_1_672' title='bbox 1250 4199 1343 4253; x_wconf 69' lang='grc' dir='ltr'>καὶ</span> <span class='ocrx_word' id='word_1_673' title='bbox 1387 4198 1665 4269; x_wconf 79' lang='grc' dir='ltr'>οἰνοπότην</span> <span class='ocrx_word' id='word_1_674' title='bbox 1695 4200 1825 4253; x_wconf 78' lang='grc' dir='ltr'><strong>ὲκὰο</strong></span> 
     </span>
    </p>
   </div>
   <div class='ocr_carea' id='block_1_83' title="bbox 1848 4191 3484 4269">
    <p class='ocr_par' dir='ltr' id='par_1_83' title="bbox 1925 4196 3484 4268">
     <span class='ocr_line' id='line_1_84' title="bbox 1925 4196 3484 4268; baseline 0.003 -18"><span class='ocrx_word' id='word_1_675' title='bbox 1925 4196 2323 4265; x_wconf 53' lang='lat' dir='ltr'><strong>praedicationis</strong></span> <span class='ocrx_word' id='word_1_676' title='bbox 2367 4202 2521 4261; x_wconf 88' lang='lat' dir='ltr'><strong>erat,</strong></span> <span class='ocrx_word' id='word_1_677' title='bbox 2579 4197 2931 4265; x_wconf 88' lang='lat' dir='ltr'><strong>nondumque</strong></span> <span class='ocrx_word' id='word_1_678' title='bbox 2993 4209 3203 4268; x_wconf 89' lang='lat' dir='ltr'><strong>poterat</strong></span> <span class='ocrx_word' id='word_1_679' title='bbox 3250 4202 3484 4255; x_wconf 79' lang='lat' dir='ltr'><strong>mundus</strong></span> 
     </span>
    </p>
   </div>
   <div class='ocr_carea' id='block_1_84' title="bbox 257 4286 1893 4363">
    <p class='ocr_par' dir='ltr' id='par_1_84' title="bbox 257 4286 1825 4363">
     <span class='ocr_line' id='line_1_85' title="bbox 257 4286 1825 4363; baseline 0.001 -20"><span class='ocrx_word' id='word_1_680' title='bbox 257 4290 406 4353; x_wconf 80' lang='grc' dir='ltr'>λουν,</span> <span class='ocrx_word' id='word_1_681' title='bbox 435 4286 514 4355; x_wconf 76' lang='grc' dir='ltr'><strong>οἷς</strong></span> <span class='ocrx_word' id='word_1_682' title='bbox 556 4290 650 4344; x_wconf 75' lang='grc' dir='ltr'>καὶ</span> <span class='ocrx_word' id='word_1_683' title='bbox 696 4289 1022 4361; x_wconf 83' lang='grc' dir='ltr'>συγγνώμην</span> <span class='ocrx_word' id='word_1_684' title='bbox 1063 4291 1292 4344; x_wconf 79' lang='grc' dir='ltr'><strong>ἔδωκεν·</strong></span> <span class='ocrx_word' id='word_1_685' title='bbox 1328 4290 1467 4363; x_wconf 84' lang='grc' dir='ltr'>ἀρχὴ</span> <span class='ocrx_word' id='word_1_686' title='bbox 1507 4291 1611 4363; x_wconf 75' lang='grc' dir='ltr'>γὰρ</span> <span class='ocrx_word' id='word_1_687' title='bbox 1639 4288 1705 4362; x_wconf 80' lang='grc' dir='ltr'>ἦν</span> <span class='ocrx_word' id='word_1_688' title='bbox 1732 4294 1825 4346; x_wconf 83' lang='grc' dir='ltr'><strong>τοῦ</strong></span> 
     </span>
    </p>
   </div>
   <div class='ocr_carea' id='block_1_85' title="bbox 1851 4286 3487 4363">
    <p class='ocr_par' dir='ltr' id='par_1_85' title="bbox 1927 4287 3487 4355">
     <span class='ocr_line' id='line_1_86' title="bbox 1927 4287 3487 4355; baseline 0.003 -14"><span class='ocrx_word' id='word_1_689' title='bbox 1927 4288 2092 4341; x_wconf 86' lang='lat' dir='ltr'><strong>Deum</strong></span> <span class='ocrx_word' id='word_1_690' title='bbox 2121 4288 2267 4339; x_wconf 91' lang='lat' dir='ltr'><strong>illum</strong></span> <span class='ocrx_word' id='word_1_691' title='bbox 2303 4287 2554 4349; x_wconf 88' lang='lat' dir='ltr'><strong>credere,</strong></span> <span class='ocrx_word' id='word_1_692' title='bbox 2589 4288 2683 4355; x_wconf 92' lang='lat' dir='ltr'><strong>qui</strong></span> <span class='ocrx_word' id='word_1_693' title='bbox 2722 4288 2883 4342; x_wconf 88' lang='lat' dir='ltr'><strong>homo</strong></span> <span class='ocrx_word' id='word_1_694' title='bbox 2920 4289 3094 4343; x_wconf 83' lang='lat' dir='ltr'><strong>factus</strong></span> <span class='ocrx_word' id='word_1_695' title='bbox 3125 4289 3320 4343; x_wconf 83' lang='lat' dir='ltr'><strong>fuerat.</strong></span> <span class='ocrx_word' id='word_1_696' title='bbox 3350 4291 3487 4345; x_wconf 83' lang='lat' dir='ltr'><strong>Hinc</strong></span> 
     </span>
    </p>
   </div>
   <div class='ocr_carea' id='block_1_86' title="bbox 256 4377 1892 4452">
    <p class='ocr_par' dir='ltr' id='par_1_86' title="bbox 256 4377 1827 4452">
     <span class='ocr_line' id='line_1_87' title="bbox 256 4377 1827 4452; baseline 0.001 -18"><span class='ocrx_word' id='word_1_697' title='bbox 256 4380 628 4451; x_wconf 76' lang='grc' dir='ltr'>κηρύγματος,</span> <span class='ocrx_word' id='word_1_698' title='bbox 658 4378 753 4430; x_wconf 72' lang='grc' dir='ltr'>καὶ</span> <span class='ocrx_word' id='word_1_699' title='bbox 800 4377 950 4431; x_wconf 72' lang='grc' dir='ltr'>οὔπω</span> <span class='ocrx_word' id='word_1_700' title='bbox 998 4378 1189 4449; x_wconf 76' lang='grc' dir='ltr'>ἐχώρει</span> <span class='ocrx_word' id='word_1_701' title='bbox 1232 4382 1261 4433; x_wconf 89' lang='lat'><strong>6</strong></span> <span class='ocrx_word' id='word_1_702' title='bbox 1310 4382 1511 4452; x_wconf 84' lang='grc' dir='ltr'>κόσμος</span> <span class='ocrx_word' id='word_1_703' title='bbox 1557 4383 1689 4435; x_wconf 74' lang='grc' dir='ltr'>Θεὸν</span> <span class='ocrx_word' id='word_1_704' title='bbox 1738 4400 1827 4436; x_wconf 75' lang='grc' dir='ltr'>πισ-</span> 
     </span>
    </p>
   </div>
   <div class='ocr_carea' id='block_1_87' title="bbox 1852 4377 3488 4452">
    <p class='ocr_par' dir='ltr' id='par_1_87' title="bbox 1925 4379 3488 4449">
     <span class='ocr_line' id='line_1_88' title="bbox 1925 4379 3488 4449; baseline 0.001 -15"><span class='ocrx_word' id='word_1_705' title='bbox 1925 4379 2175 4435; x_wconf 83' lang='lat' dir='ltr'><strong>Christtts</strong></span> <span class='ocrx_word' id='word_1_706' title='bbox 2204 4380 2279 4433; x_wconf 88' lang='lat' dir='ltr'><strong>ait</strong></span> <span class='ocrx_word' id='word_1_707' title='bbox 2307 4398 2319 4432; x_wconf 89' lang='lat'><strong>:</strong></span> <span class='ocrx_word' id='word_1_708' title='bbox 2353 4379 2658 4449; x_wconf 84' lang='lat' dir='ltr'><strong>Quicunque</strong></span> <span class='ocrx_word' id='word_1_709' title='bbox 2689 4382 2884 4434; x_wconf 68' lang='lat' dir='ltr'><strong>dixerit</strong></span> <span class='ocrx_word' id='word_1_710' title='bbox 2935 4381 3140 4434; x_wconf 67' lang='lat' dir='ltr'><strong>uerbum</strong></span> <span class='ocrx_word' id='word_1_711' title='bbox 3172 4392 3356 4436; x_wconf 85' lang='lat' dir='ltr'><strong>contra</strong></span> <span class='ocrx_word' id='word_1_712' title='bbox 3392 4383 3488 4437; x_wconf 85' lang='lat' dir='ltr'><strong>Fi-</strong></span> 
     </span>
    </p>
   </div>
   <div class='ocr_carea' id='block_1_88' title="bbox 260 4470 1896 4547">
    <p class='ocr_par' dir='ltr' id='par_1_88' title="bbox 260 4470 1823 4547">
     <span class='ocr_line' id='line_1_89' title="bbox 260 4470 1823 4547; baseline 0.002 -22"><span class='ocrx_word' id='word_1_713' title='bbox 260 4472 470 4526; x_wconf 81' lang='grc' dir='ltr'>στεύειν</span> <span class='ocrx_word' id='word_1_714' title='bbox 511 4472 798 4541; x_wconf 85' lang='grc' dir='ltr'>γενόμενον</span> <span class='ocrx_word' id='word_1_715' title='bbox 842 4470 1143 4543; x_wconf 81' lang='grc' dir='ltr'>ἄνθρωπον.</span> <span class='ocrx_word' id='word_1_716' title='bbox 1178 4473 1269 4527; x_wconf 87' lang='grc' dir='ltr'>Διό</span> <span class='ocrx_word' id='word_1_717' title='bbox 1299 4491 1462 4544; x_wconf 80' lang='grc' dir='ltr'>φησιν</span> <span class='ocrx_word' id='word_1_718' title='bbox 1504 4477 1532 4527; x_wconf 93' lang='lat'><strong>6</strong></span> <span class='ocrx_word' id='word_1_719' title='bbox 1573 4474 1823 4547; x_wconf 79' lang='grc' dir='ltr'>Χριστὸς,</span> 
     </span>
    </p>
   </div>
   <div class='ocr_carea' id='block_1_89' title="bbox 1852 4470 3488 4547">
    <p class='ocr_par' dir='ltr' id='par_1_89' title="bbox 1926 4471 3488 4540">
     <span class='ocr_line' id='line_1_90' title="bbox 1926 4471 3488 4540; baseline 0.002 -14"><span class='ocrx_word' id='word_1_720' title='bbox 1926 4473 2055 4526; x_wconf 87' lang='lat' dir='ltr'><strong>lium</strong></span> <span class='ocrx_word' id='word_1_721' title='bbox 2078 4472 2322 4535; x_wconf 80' lang='lat' dir='ltr'><strong>hominis,</strong></span> <span class='ocrx_word' id='word_1_722' title='bbox 2357 4471 2563 4525; x_wconf 86' lang='lat' dir='ltr'><strong>scilicet</strong></span> <span class='ocrx_word' id='word_1_723' title='bbox 2585 4482 2770 4525; x_wconf 86' lang='lat' dir='ltr'><strong>contra</strong></span> <span class='ocrx_word' id='word_1_724' title='bbox 2799 4488 2994 4540; x_wconf 90' lang='lat' dir='ltr'><strong>corpus</strong></span> <span class='ocrx_word' id='word_1_725' title='bbox 3038 4487 3221 4535; x_wconf 91' lang='lat' dir='ltr'><strong>suum,</strong></span> <span class='ocrx_word' id='word_1_726' title='bbox 3259 4478 3488 4529; x_wconf 83' lang='lat' dir='ltr'><strong>remitte-</strong></span> 
     </span>
    </p>
   </div>
   <div class='ocr_carea' id='block_1_90' title="bbox 257 4556 1893 4634">
    <p class='ocr_par' dir='ltr' id='par_1_90' title="bbox 257 4556 1893 4634">
     <span class='ocr_line' id='line_1_91' title="bbox 257 4556 1893 4634; baseline 0.001 -16"><span class='ocrx_word' id='word_1_727' title='bbox 257 4568 342 4618; x_wconf 86' lang='grc' dir='ltr'><strong>ὃτι</strong></span> <span class='ocrx_word' id='word_1_728' title='bbox 363 4565 455 4629; x_wconf 87' lang='grc' dir='ltr'>Ὃς</span> <span class='ocrx_word' id='word_1_729' title='bbox 474 4564 549 4618; x_wconf 84' lang='grc' dir='ltr'>ἂν</span> <span class='ocrx_word' id='word_1_730' title='bbox 570 4564 709 4630; x_wconf 80' lang='grc' dir='ltr'>εἴπῃ</span> <span class='ocrx_word' id='word_1_731' title='bbox 732 4563 916 4631; x_wconf 66' lang='grc' dir='ltr'>λόγον</span> <span class='ocrx_word' id='word_1_732' title='bbox 930 4562 1078 4619; x_wconf 81' lang='grc' dir='ltr'>κατὰ</span> <span class='ocrx_word' id='word_1_733' title='bbox 1094 4564 1198 4618; x_wconf 84' lang='grc' dir='ltr'><strong>τοῦ</strong></span> <span class='ocrx_word' id='word_1_734' title='bbox 1224 4565 1359 4619; x_wconf 88' lang='grc' dir='ltr'>Υἰοῦ</span> <span class='ocrx_word' id='word_1_735' title='bbox 1379 4566 1483 4619; x_wconf 85' lang='grc' dir='ltr'><strong>τοῦ</strong></span> <span class='ocrx_word' id='word_1_736' title='bbox 1494 4566 1824 4634; x_wconf 74' lang='grc' dir='ltr'>άνρρώπου,</span> <span class='ocrx_word' id='word_1_737' title='bbox 1861 4556 1893 4611; x_wconf 77' lang='grc' dir='ltr'><strong>Π</strong></span> 
     </span>
    </p>
   </div>
   <div class='ocr_carea' id='block_1_91' title="bbox 1850 4556 3486 4634">
    <p class='ocr_par' dir='ltr' id='par_1_91' title="bbox 1861 4556 3486 4632">
     <span class='ocr_line' id='line_1_92' title="bbox 1861 4556 3486 4632; baseline 0.004 -21"><span class='ocrx_word' id='word_1_738' title='bbox 1861 4556 1902 4611; x_wconf 91' lang='lat' dir='ltr'><strong>D</strong></span> <span class='ocrx_word' id='word_1_739' title='bbox 1934 4574 2019 4617; x_wconf 79' lang='lat' dir='ltr'><strong>tur</strong></span> <span class='ocrx_word' id='word_1_740' title='bbox 2067 4565 2134 4617; x_wconf 81' lang='lat' dir='ltr'><strong>ei.</strong></span> <span class='ocrx_word' id='word_1_741' title='bbox 2190 4563 2378 4616; x_wconf 83' lang='lat' dir='ltr'><strong>Ausim</strong></span> <span class='ocrx_word' id='word_1_742' title='bbox 2405 4578 2622 4632; x_wconf 84' lang='lat' dir='ltr'><strong>quoque</strong></span> <span class='ocrx_word' id='word_1_743' title='bbox 2652 4562 2862 4623; x_wconf 90' lang='lat' dir='ltr'><strong>dicere,</strong></span> <span class='ocrx_word' id='word_1_744' title='bbox 2896 4577 3069 4630; x_wconf 87' lang='lat' dir='ltr'><strong>neque</strong></span> <span class='ocrx_word' id='word_1_745' title='bbox 3112 4562 3256 4632; x_wconf 85' lang='lat' dir='ltr'><strong>ipsos</strong></span> <span class='ocrx_word' id='word_1_746' title='bbox 3302 4565 3486 4621; x_wconf 80' lang='lat' dir='ltr'><strong>beatos</strong></span> 
     </span>
    </p>
   </div>
   <div class='ocr_carea' id='block_1_92' title="bbox 257 4650 1893 4729">
    <p class='ocr_par' dir='ltr' id='par_1_92' title="bbox 257 4653 1826 4729">
     <span class='ocr_line' id='line_1_93' title="bbox 257 4653 1826 4729; baseline 0 -20"><span class='ocrx_word' id='word_1_747' title='bbox 257 4659 428 4729; x_wconf 74' lang='grc' dir='ltr'>ἦγουν</span> <span class='ocrx_word' id='word_1_748' title='bbox 451 4655 542 4709; x_wconf 83' lang='grc' dir='ltr'><strong>τοῦ</strong></span> <span class='ocrx_word' id='word_1_749' title='bbox 571 4654 815 4725; x_wconf 88' lang='grc' dir='ltr'>σώματος</span> <span class='ocrx_word' id='word_1_750' title='bbox 838 4653 1023 4719; x_wconf 80' lang='grc' dir='ltr'>αὑτοῦ,</span> <span class='ocrx_word' id='word_1_751' title='bbox 1051 4655 1411 4725; x_wconf 59' lang='grc' dir='ltr'>ἀφεθήσεται</span> <span class='ocrx_word' id='word_1_752' title='bbox 1433 4656 1612 4722; x_wconf 81' lang='grc' dir='ltr'>αὐτῷ.</span> <span class='ocrx_word' id='word_1_753' title='bbox 1633 4658 1826 4727; x_wconf 85' lang='grc' dir='ltr'>Τολμῶ</span> 
     </span>
    </p>
   </div>
   <div class='ocr_carea' id='block_1_93' title="bbox 1853 4650 3489 4729">
    <p class='ocr_par' dir='ltr' id='par_1_93' title="bbox 1931 4650 3489 4719">
     <span class='ocr_line' id='line_1_94' title="bbox 1931 4650 3489 4719; baseline 0.003 -15"><span class='ocrx_word' id='word_1_754' title='bbox 1931 4651 2049 4719; x_wconf 89' lang='lat' dir='ltr'><strong>ejus</strong></span> <span class='ocrx_word' id='word_1_755' title='bbox 2098 4650 2425 4718; x_wconf 86' lang='lat' dir='ltr'><strong>discipulos,</strong></span> <span class='ocrx_word' id='word_1_756' title='bbox 2471 4652 2760 4719; x_wconf 78' lang='lat' dir='ltr'><strong>perfectam</strong></span> <span class='ocrx_word' id='word_1_757' title='bbox 2820 4650 2990 4719; x_wconf 88' lang='lat' dir='ltr'><strong>ipsius</strong></span> <span class='ocrx_word' id='word_1_758' title='bbox 3043 4651 3340 4707; x_wconf 82' lang='lat' dir='ltr'><strong>divinitatis</strong></span> <span class='ocrx_word' id='word_1_759' title='bbox 3393 4655 3489 4708; x_wconf 85' lang='lat' dir='ltr'><strong>ha-</strong></span> 
     </span>
    </p>
   </div>
   <div class='ocr_carea' id='block_1_94' title="bbox 257 4741 1893 4819">
    <p class='ocr_par' dir='ltr' id='par_1_94' title="bbox 257 4746 1825 4819">
     <span class='ocr_line' id='line_1_95' title="bbox 257 4746 1825 4819; baseline 0.001 -18"><span class='ocrx_word' id='word_1_760' title='bbox 257 4748 372 4818; x_wconf 75' lang='grc' dir='ltr'>γὰρ</span> <span class='ocrx_word' id='word_1_761' title='bbox 414 4746 611 4815; x_wconf 77' lang='grc' dir='ltr'>λέγειν,</span> <span class='ocrx_word' id='word_1_762' title='bbox 636 4748 719 4800; x_wconf 85' lang='grc' dir='ltr'><strong>ὅτι</strong></span> <span class='ocrx_word' id='word_1_763' title='bbox 750 4746 867 4798; x_wconf 83' lang='grc' dir='ltr'>οὐδὲ</span> <span class='ocrx_word' id='word_1_764' title='bbox 910 4746 1064 4799; x_wconf 72' lang='grc' dir='ltr'>αὐτοὶ</span> <span class='ocrx_word' id='word_1_765' title='bbox 1104 4748 1154 4800; x_wconf 82' lang='grc' dir='ltr'>οἱ</span> <span class='ocrx_word' id='word_1_766' title='bbox 1193 4747 1449 4819; x_wconf 83' lang='grc' dir='ltr'>μακάριοι</span> <span class='ocrx_word' id='word_1_767' title='bbox 1498 4749 1735 4819; x_wconf 73' lang='grc' dir='ltr'>μαθηταὶ</span> <span class='ocrx_word' id='word_1_768' title='bbox 1766 4750 1825 4802; x_wconf 77' lang='grc' dir='ltr'>τὸ</span> 
     </span>
    </p>
   </div>
   <div class='ocr_carea' id='block_1_95' title="bbox 1853 4741 3489 4819">
    <p class='ocr_par' dir='ltr' id='par_1_95' title="bbox 1930 4741 3489 4811">
     <span class='ocr_line' id='line_1_96' title="bbox 1930 4741 3489 4811; baseline 0.001 -14"><span class='ocrx_word' id='word_1_769' title='bbox 1930 4742 2115 4797; x_wconf 88' lang='lat' dir='ltr'><strong>buisse</strong></span> <span class='ocrx_word' id='word_1_770' title='bbox 2141 4742 2408 4808; x_wconf 86' lang='lat' dir='ltr'><strong>notitiam,</strong></span> <span class='ocrx_word' id='word_1_771' title='bbox 2437 4743 2610 4797; x_wconf 90' lang='lat' dir='ltr'><strong>donec</strong></span> <span class='ocrx_word' id='word_1_772' title='bbox 2641 4741 2876 4811; x_wconf 90' lang='lat' dir='ltr'><strong>Spiritus</strong></span> <span class='ocrx_word' id='word_1_773' title='bbox 2901 4752 3122 4797; x_wconf 89' lang='lat' dir='ltr'><strong>sanctus</strong></span> <span class='ocrx_word' id='word_1_774' title='bbox 3153 4743 3207 4797; x_wconf 93' lang='lat' dir='ltr'><strong>in</strong></span> <span class='ocrx_word' id='word_1_775' title='bbox 3242 4744 3329 4799; x_wconf 90' lang='lat' dir='ltr'><strong>die</strong></span> <span class='ocrx_word' id='word_1_776' title='bbox 3351 4744 3489 4799; x_wconf 82' lang='lat' dir='ltr'><strong>Pen-</strong></span> 
     </span>
    </p>
   </div>
   <div class='ocr_carea' id='block_1_96' title="bbox 256 4832 1892 4908">
    <p class='ocr_par' dir='ltr' id='par_1_96' title="bbox 256 4832 1826 4908">
     <span class='ocr_line' id='line_1_97' title="bbox 256 4832 1826 4908; baseline 0.002 -20"><span class='ocrx_word' id='word_1_777' title='bbox 256 4834 464 4888; x_wconf 69' lang='grc' dir='ltr'><strong>⁶τέλειον</strong></span> <span class='ocrx_word' id='word_1_778' title='bbox 493 4835 617 4903; x_wconf 75' lang='grc' dir='ltr'>περὶ</span> <span class='ocrx_word' id='word_1_779' title='bbox 645 4836 741 4905; x_wconf 80' lang='grc' dir='ltr'><strong>τῆς</strong></span> <span class='ocrx_word' id='word_1_780' title='bbox 769 4833 932 4888; x_wconf 77' lang='grc' dir='ltr'>αὑτοῦ</span> <span class='ocrx_word' id='word_1_781' title='bbox 960 4833 1209 4904; x_wconf 82' lang='grc' dir='ltr'>θεότητος</span> <span class='ocrx_word' id='word_1_782' title='bbox 1242 4832 1386 4905; x_wconf 71' lang='grc' dir='ltr'>εἶχον</span> <span class='ocrx_word' id='word_1_783' title='bbox 1420 4837 1691 4908; x_wconf 81' lang='grc' dir='ltr'>φρόνημα,</span> <span class='ocrx_word' id='word_1_784' title='bbox 1722 4839 1826 4903; x_wconf 83' lang='grc' dir='ltr'><strong>ἓως</strong></span> 
     </span>
    </p>
   </div>
   <div class='ocr_carea' id='block_1_97' title="bbox 1849 4832 3485 4908">
    <p class='ocr_par' dir='ltr' id='par_1_97' title="bbox 1931 4833 3485 4905">
     <span class='ocr_line' id='line_1_98' title="bbox 1931 4833 3485 4905; baseline 0 -14"><span class='ocrx_word' id='word_1_785' title='bbox 1931 4844 2166 4891; x_wconf 81' lang='lat' dir='ltr'><strong>tecostes</strong></span> <span class='ocrx_word' id='word_1_786' title='bbox 2221 4835 2271 4887; x_wconf 90' lang='lat' dir='ltr'><strong>in</strong></span> <span class='ocrx_word' id='word_1_787' title='bbox 2325 4834 2473 4903; x_wconf 92' lang='lat' dir='ltr'><strong>ipsos</strong></span> <span class='ocrx_word' id='word_1_788' title='bbox 2532 4835 2755 4903; x_wconf 87' lang='lat' dir='ltr'><strong>illapsns</strong></span> <span class='ocrx_word' id='word_1_789' title='bbox 2811 4844 2972 4890; x_wconf 85' lang='lat' dir='ltr'><strong>esset.</strong></span> <span class='ocrx_word' id='word_1_790' title='bbox 3018 4833 3267 4905; x_wconf 88' lang='lat' dir='ltr'><strong>Namque</strong></span> <span class='ocrx_word' id='word_1_791' title='bbox 3322 4839 3485 4891; x_wconf 75' lang='lat' dir='ltr'><strong>etiam</strong></span> 
     </span>
    </p>
   </div>
   <div class='ocr_carea' id='block_1_98' title="bbox 257 4925 1893 5001">
    <p class='ocr_par' dir='ltr' id='par_1_98' title="bbox 257 4925 1825 5001">
     <span class='ocr_line' id='line_1_99' title="bbox 257 4925 1825 5001; baseline 0.002 -20"><span class='ocrx_word' id='word_1_792' title='bbox 257 4927 323 4981; x_wconf 81' lang='grc' dir='ltr'>τὺ</span> <span class='ocrx_word' id='word_1_793' title='bbox 350 4926 572 4996; x_wconf 80' lang='grc' dir='ltr'>Πνεῦμα</span> <span class='ocrx_word' id='word_1_794' title='bbox 594 4925 655 4979; x_wconf 83' lang='grc' dir='ltr'>τὸ</span> <span class='ocrx_word' id='word_1_795' title='bbox 682 4926 835 4995; x_wconf 82' lang='grc' dir='ltr'>ἆγιον</span> <span class='ocrx_word' id='word_1_796' title='bbox 862 4927 1042 4989; x_wconf 75' lang='grc' dir='ltr'>αὐτοῖς</span> <span class='ocrx_word' id='word_1_797' title='bbox 1070 4929 1134 4997; x_wconf 82' lang='grc' dir='ltr'>τῇ</span> <span class='ocrx_word' id='word_1_798' title='bbox 1164 4929 1505 5000; x_wconf 82' lang='grc' dir='ltr'>Πεντηκοστῇ</span> <span class='ocrx_word' id='word_1_799' title='bbox 1534 4931 1825 5001; x_wconf 76' lang='grc' dir='ltr'>ἐπεφοίτη-</span> 
     </span>
    </p>
   </div>
   <div class='ocr_carea' id='block_1_99' title="bbox 1853 4925 3489 5001">
    <p class='ocr_par' dir='ltr' id='par_1_99' title="bbox 1930 4926 3489 4998">
     <span class='ocr_line' id='line_1_100' title="bbox 1930 4926 3489 4998; baseline 0.001 -16"><span class='ocrx_word' id='word_1_800' title='bbox 1930 4938 2053 4998; x_wconf 85' lang='lat' dir='ltr'><strong>post</strong></span> <span class='ocrx_word' id='word_1_801' title='bbox 2088 4929 2540 4982; x_wconf 88' lang='lat' dir='ltr'><strong>resurrectionem</strong></span> <span class='ocrx_word' id='word_1_802' title='bbox 2590 4926 2833 4981; x_wconf 84' lang='lat' dir='ltr'><strong>videntes</strong></span> <span class='ocrx_word' id='word_1_803' title='bbox 2863 4943 3009 4991; x_wconf 89' lang='lat' dir='ltr'><strong>eum,</strong></span> <span class='ocrx_word' id='word_1_804' title='bbox 3069 4926 3159 4980; x_wconf 91' lang='lat' dir='ltr'><strong>alii</strong></span> <span class='ocrx_word' id='word_1_805' title='bbox 3193 4927 3489 4983; x_wconf 85' lang='lat' dir='ltr'><strong>adorarunt</strong></span> 
     </span>
    </p>
   </div>
   <div class='ocr_carea' id='block_1_100' title="bbox 262 5017 1898 5089">
    <p class='ocr_par' dir='ltr' id='par_1_100' title="bbox 262 5018 1825 5089">
     <span class='ocr_line' id='line_1_101' title="bbox 262 5018 1825 5089; baseline 0.004 -18"><span class='ocrx_word' id='word_1_806' title='bbox 262 5035 375 5073; x_wconf 86' lang='grc' dir='ltr'>σεν.</span> <span class='ocrx_word' id='word_1_807' title='bbox 394 5018 545 5071; x_wconf 72' lang='grc' dir='ltr'>Ἐπεὶ</span> <span class='ocrx_word' id='word_1_808' title='bbox 584 5018 676 5072; x_wconf 74' lang='grc' dir='ltr'><strong>καὶ</strong></span> <span class='ocrx_word' id='word_1_809' title='bbox 707 5018 843 5089; x_wconf 85' lang='grc' dir='ltr'>μετὰ</span> <span class='ocrx_word' id='word_1_810' title='bbox 882 5019 978 5089; x_wconf 82' lang='grc' dir='ltr'><strong>τὴν</strong></span> <span class='ocrx_word' id='word_1_811' title='bbox 1019 5018 1311 5073; x_wconf 76' lang='grc' dir='ltr'>ἀνάστασιν</span> <span class='ocrx_word' id='word_1_812' title='bbox 1345 5020 1540 5084; x_wconf 79' lang='grc' dir='ltr'>ἰδόντες</span> <span class='ocrx_word' id='word_1_813' title='bbox 1570 5023 1750 5086; x_wconf 78' lang='grc' dir='ltr'>αὐτὸν,</span> <span class='ocrx_word' id='word_1_814' title='bbox 1777 5025 1825 5076; x_wconf 75' lang='lat' dir='ltr'><strong>oi</strong></span> 
     </span>
    </p>
   </div>
   <div class='ocr_carea' id='block_1_101' title="bbox 1852 5017 3488 5089">
    <p class='ocr_par' dir='ltr' id='par_1_101' title="bbox 1929 5017 3488 5083">
     <span class='ocr_line' id='line_1_102' title="bbox 1929 5017 3488 5083; baseline -0.002 -8"><span class='ocrx_word' id='word_1_815' title='bbox 1929 5036 2075 5083; x_wconf 89' lang='lat' dir='ltr'><strong>eum,</strong></span> <span class='ocrx_word' id='word_1_816' title='bbox 2134 5019 2224 5071; x_wconf 89' lang='lat' dir='ltr'><strong>alii</strong></span> <span class='ocrx_word' id='word_1_817' title='bbox 2280 5028 2461 5072; x_wconf 87' lang='lat' dir='ltr'><strong>autem</strong></span> <span class='ocrx_word' id='word_1_818' title='bbox 2512 5017 2925 5083; x_wconf 83' lang='lat' dir='ltr'><strong>dubitaverunt;</strong></span> <span class='ocrx_word' id='word_1_819' title='bbox 2981 5031 3080 5071; x_wconf 92' lang='lat' dir='ltr'><strong>nec</strong></span> <span class='ocrx_word' id='word_1_820' title='bbox 3138 5018 3259 5072; x_wconf 91' lang='lat' dir='ltr'><strong>ideo</strong></span> <span class='ocrx_word' id='word_1_821' title='bbox 3308 5027 3488 5072; x_wconf 89' lang='lat' dir='ltr'><strong>tamen</strong></span> 
     </span>
    </p>
   </div>
   <div class='ocr_carea' id='block_1_102' title="bbox 266 5107 1902 5182">
    <p class='ocr_par' dir='ltr' id='par_1_102' title="bbox 266 5109 1829 5182">
     <span class='ocr_line' id='line_1_103' title="bbox 266 5109 1829 5182; baseline 0.003 -18"><span class='ocrx_word' id='word_1_822' title='bbox 266 5111 363 5182; x_wconf 78' lang='grc' dir='ltr'><strong>μὲν</strong></span> <span class='ocrx_word' id='word_1_823' title='bbox 391 5110 817 5181; x_wconf 82' lang='grc' dir='ltr'>προσεκύνησαν,</span> <span class='ocrx_word' id='word_1_824' title='bbox 845 5113 893 5164; x_wconf 88' lang='grc' dir='ltr'>οἱ</span> <span class='ocrx_word' id='word_1_825' title='bbox 921 5110 977 5163; x_wconf 76' lang='grc' dir='ltr'><strong>δὲ</strong></span> <span class='ocrx_word' id='word_1_826' title='bbox 1007 5109 1287 5165; x_wconf 72' lang='grc' dir='ltr'>ἐδίστασαν</span> <span class='ocrx_word' id='word_1_827' title='bbox 1312 5129 1326 5143; x_wconf 74' lang='grc' dir='ltr'><strong><em>ο</em></strong></span> <span class='ocrx_word' id='word_1_828' title='bbox 1360 5112 1471 5165; x_wconf 81' lang='grc' dir='ltr'>ἀλλ’</span> <span class='ocrx_word' id='word_1_829' title='bbox 1502 5115 1600 5165; x_wconf 78' lang='grc' dir='ltr'><strong>οὐκ</strong></span> <span class='ocrx_word' id='word_1_830' title='bbox 1623 5116 1687 5169; x_wconf 83' lang='grc' dir='ltr'><strong>ὲκ</strong></span> <span class='ocrx_word' id='word_1_831' title='bbox 1706 5114 1829 5168; x_wconf 80' lang='grc' dir='ltr'>τού-</span> 
     </span>
    </p>
   </div>
   <div class='ocr_carea' id='block_1_103' title="bbox 1849 5107 3485 5182">
    <p class='ocr_par' dir='ltr' id='par_1_103' title="bbox 1927 5107 3485 5178">
     <span class='ocr_line' id='line_1_104' title="bbox 1927 5107 3485 5178; baseline -0.003 -12"><span class='ocrx_word' id='word_1_832' title='bbox 1927 5110 2267 5166; x_wconf 88' lang='lat' dir='ltr'><strong>condemnati</strong></span> <span class='ocrx_word' id='word_1_833' title='bbox 2319 5118 2464 5164; x_wconf 89' lang='lat' dir='ltr'><strong>sunt.</strong></span> <span class='ocrx_word' id='word_1_834' title='bbox 2518 5109 2620 5173; x_wconf 87' lang='lat' dir='ltr'><strong>Qui</strong></span> <span class='ocrx_word' id='word_1_835' title='bbox 2653 5123 2780 5161; x_wconf 89' lang='lat' dir='ltr'><strong>vero</strong></span> <span class='ocrx_word' id='word_1_836' title='bbox 2818 5108 2871 5161; x_wconf 94' lang='lat' dir='ltr'><strong>in</strong></span> <span class='ocrx_word' id='word_1_837' title='bbox 2924 5107 3184 5178; x_wconf 90' lang='lat' dir='ltr'><strong>Spiritum</strong></span> <span class='ocrx_word' id='word_1_838' title='bbox 3213 5120 3485 5178; x_wconf 83' lang='lat' dir='ltr'><strong>sanctum,</strong></span> 
     </span>
    </p>
   </div>
   <div class='ocr_carea' id='block_1_104' title="bbox 267 5198 1903 5271">
    <p class='ocr_par' dir='ltr' id='par_1_104' title="bbox 267 5198 1826 5271">
     <span class='ocr_line' id='line_1_105' title="bbox 267 5198 1826 5271; baseline 0.003 -18"><span class='ocrx_word' id='word_1_839' title='bbox 267 5217 357 5254; x_wconf 82' lang='grc' dir='ltr'>του</span> <span class='ocrx_word' id='word_1_840' title='bbox 407 5200 803 5270; x_wconf 80' lang='grc' dir='ltr'>κατεκρίθησαν</span> <span class='ocrx_word' id='word_1_841' title='bbox 864 5200 926 5252; x_wconf 83' lang='lat' dir='ltr'><strong>Oi</strong></span> <span class='ocrx_word' id='word_1_842' title='bbox 969 5198 1025 5253; x_wconf 81' lang='grc' dir='ltr'>δὲ</span> <span class='ocrx_word' id='word_1_843' title='bbox 1073 5199 1152 5261; x_wconf 86' lang='grc' dir='ltr'><strong>είς</strong></span> <span class='ocrx_word' id='word_1_844' title='bbox 1202 5198 1263 5251; x_wconf 80' lang='grc' dir='ltr'><strong>τὸ</strong></span> <span class='ocrx_word' id='word_1_845' title='bbox 1306 5201 1531 5271; x_wconf 88' lang='grc' dir='ltr'>Πνεῦμα</span> <span class='ocrx_word' id='word_1_846' title='bbox 1562 5203 1622 5254; x_wconf 81' lang='grc' dir='ltr'><strong>τὸ</strong></span> <span class='ocrx_word' id='word_1_847' title='bbox 1655 5204 1826 5270; x_wconf 79' lang='grc' dir='ltr'>ἅγιον,</span> 
     </span>
    </p>
   </div>
   <div class='ocr_carea' id='block_1_105' title="bbox 1854 5198 3490 5271">
    <p class='ocr_par' dir='ltr' id='par_1_105' title="bbox 1926 5198 3490 5269">
     <span class='ocr_line' id='line_1_106' title="bbox 1926 5198 3490 5269; baseline -0.003 -13"><span class='ocrx_word' id='word_1_848' title='bbox 1926 5202 2039 5256; x_wconf 83' lang='lat' dir='ltr'><strong>sive</strong></span> <span class='ocrx_word' id='word_1_849' title='bbox 2074 5202 2125 5255; x_wconf 93' lang='lat' dir='ltr'><strong>in</strong></span> <span class='ocrx_word' id='word_1_850' title='bbox 2148 5200 2349 5254; x_wconf 80' lang='lat' dir='ltr'><strong>Christi</strong></span> <span class='ocrx_word' id='word_1_851' title='bbox 2372 5199 2624 5253; x_wconf 86' lang='lat' dir='ltr'><strong>deitatem</strong></span> <span class='ocrx_word' id='word_1_852' title='bbox 2651 5198 2960 5267; x_wconf 87' lang='lat' dir='ltr'><strong>blasphema</strong></span> <span class='ocrx_word' id='word_1_853' title='bbox 2994 5200 3107 5252; x_wconf 62' lang='lat' dir='ltr'><strong>haec</strong></span> <span class='ocrx_word' id='word_1_854' title='bbox 3129 5199 3273 5254; x_wconf 87' lang='lat' dir='ltr'><strong>dicta</strong></span> <span class='ocrx_word' id='word_1_855' title='bbox 3303 5210 3490 5269; x_wconf 87' lang='lat' dir='ltr'><strong>protu-</strong></span> 
     </span>
    </p>
   </div>
   <div class='ocr_carea' id='block_1_106' title="bbox 268 5284 1904 5366">
    <p class='ocr_par' dir='ltr' id='par_1_106' title="bbox 268 5290 1831 5366">
     <span class='ocr_line' id='line_1_107' title="bbox 268 5290 1831 5366; baseline -0.005 -20"><span class='ocrx_word' id='word_1_856' title='bbox 268 5294 430 5363; x_wconf 76' lang='grc' dir='ltr'>ῆγουν</span> <span class='ocrx_word' id='word_1_857' title='bbox 457 5293 555 5354; x_wconf 90' lang='grc' dir='ltr'><strong>ἐίς</strong></span> <span class='ocrx_word' id='word_1_858' title='bbox 581 5290 678 5363; x_wconf 78' lang='grc' dir='ltr'><strong>τὴν</strong></span> <span class='ocrx_word' id='word_1_859' title='bbox 716 5290 811 5345; x_wconf 90' lang='grc' dir='ltr'><strong>τοῦ</strong></span> <span class='ocrx_word' id='word_1_860' title='bbox 852 5290 1087 5361; x_wconf 81' lang='grc' dir='ltr'>Χριστοῦ</span> <span class='ocrx_word' id='word_1_861' title='bbox 1118 5292 1369 5363; x_wconf 84' lang='grc' dir='ltr'>Θεότητα,</span> <span class='ocrx_word' id='word_1_862' title='bbox 1408 5293 1831 5366; x_wconf 71' lang='grc' dir='ltr'>βλασφημήσαν-</span> 
     </span>
    </p>
   </div>
   <div class='ocr_carea' id='block_1_107' title="bbox 1854 5284 3490 5366">
    <p class='ocr_par' dir='ltr' id='par_1_107' title="bbox 1926 5284 3490 5357">
     <span class='ocr_line' id='line_1_108' title="bbox 1926 5284 3490 5357; baseline 0 -16"><span class='ocrx_word' id='word_1_863' title='bbox 1926 5288 2143 5341; x_wconf 88' lang='lat' dir='ltr'><strong>lerunt:</strong></span> <span class='ocrx_word' id='word_1_864' title='bbox 2180 5284 2243 5338; x_wconf 85' lang='lat' dir='ltr'><strong>In</strong></span> <span class='ocrx_word' id='word_1_865' title='bbox 2291 5285 2585 5352; x_wconf 73' lang='lat' dir='ltr'><strong>Beelzebul,</strong></span> <span class='ocrx_word' id='word_1_866' title='bbox 2624 5286 2853 5355; x_wconf 85' lang='lat' dir='ltr'><strong>principe</strong></span> <span class='ocrx_word' id='word_1_867' title='bbox 2898 5287 3297 5354; x_wconf 70' lang='lat' dir='ltr'><strong>dwmonioruni,</strong></span> <span class='ocrx_word' id='word_1_868' title='bbox 3346 5290 3490 5357; x_wconf 84' lang='lat' dir='ltr'><strong>ejicit</strong></span> 
     </span>
    </p>
   </div>
   <div class='ocr_carea' id='block_1_108' title="bbox 266 5377 1902 5462">
    <p class='ocr_par' dir='ltr' id='par_1_108' title="bbox 266 5380 1826 5452">
     <span class='ocr_line' id='line_1_109' title="bbox 266 5380 1826 5452; baseline 0.001 -18"><span class='ocrx_word' id='word_1_869' title='bbox 266 5399 356 5445; x_wconf 85' lang='grc' dir='ltr'><strong>τες</strong></span> <span class='ocrx_word' id='word_1_870' title='bbox 380 5382 470 5435; x_wconf 83' lang='grc' dir='ltr'><strong>καὶ</strong></span> <span class='ocrx_word' id='word_1_871' title='bbox 497 5381 761 5449; x_wconf 81' lang='grc' dir='ltr'>λέγοντες,</span> <span class='ocrx_word' id='word_1_872' title='bbox 792 5382 873 5436; x_wconf 82' lang='grc' dir='ltr'>ὅτι</span> <span class='ocrx_word' id='word_1_873' title='bbox 912 5382 1013 5435; x_wconf 72' lang='grc' dir='ltr'>Ἐν</span> <span class='ocrx_word' id='word_1_874' title='bbox 1038 5380 1395 5442; x_wconf 72' lang='grc' dir='ltr'><strong>Βεελζεϐοὺλ</strong></span> <span class='ocrx_word' id='word_1_875' title='bbox 1432 5382 1674 5452; x_wconf 76' lang='grc' dir='ltr'>ἄρχοντι</span> <span class='ocrx_word' id='word_1_876' title='bbox 1712 5384 1826 5436; x_wconf 78' lang='grc' dir='ltr'><strong>τῶν</strong></span> 
     </span>
    </p>
   </div>
   <div class='ocr_carea' id='block_1_109' title="bbox 1855 5377 3491 5462">
    <p class='ocr_par' dir='ltr' id='par_1_109' title="bbox 1931 5377 3491 5462">
     <span class='ocr_line' id='line_1_110' title="bbox 1931 5377 3491 5462; baseline 0.003 -33"><span class='ocrx_word' id='word_1_877' title='bbox 1931 5379 2191 5432; x_wconf 74' lang='lat' dir='ltr'><strong>dwmonia</strong></span> <span class='ocrx_word' id='word_1_878' title='bbox 2212 5377 2285 5441; x_wconf 81' lang='grc'><strong>³⁶;</strong></span> <span class='ocrx_word' id='word_1_879' title='bbox 2314 5378 2381 5432; x_wconf 88' lang='lat' dir='ltr'><strong>iis</strong></span> <span class='ocrx_word' id='word_1_880' title='bbox 2416 5391 2547 5462; x_wconf 74' lang='lat' dir='ltr'><strong>sane</strong></span> <span class='ocrx_word' id='word_1_881' title='bbox 2579 5391 2685 5429; x_wconf 90' lang='lat' dir='ltr'><strong>non</strong></span> <span class='ocrx_word' id='word_1_882' title='bbox 2716 5378 3039 5441; x_wconf 89' lang='lat' dir='ltr'><strong>remittetur,</strong></span> <span class='ocrx_word' id='word_1_883' title='bbox 3076 5394 3251 5447; x_wconf 90' lang='lat' dir='ltr'><strong>neque</strong></span> <span class='ocrx_word' id='word_1_884' title='bbox 3291 5382 3344 5432; x_wconf 90' lang='lat' dir='ltr'><strong>in</strong></span> <span class='ocrx_word' id='word_1_885' title='bbox 3389 5382 3491 5433; x_wconf 87' lang='lat' dir='ltr'><strong>hoc</strong></span> 
     </span>
    </p>
   </div>
   <div class='ocr_carea' id='block_1_110' title="bbox 266 5470 1902 5544">
    <p class='ocr_par' dir='ltr' id='par_1_110' title="bbox 266 5474 1825 5544">
     <span class='ocr_line' id='line_1_111' title="bbox 266 5474 1825 5544; baseline -0.001 -16"><span class='ocrx_word' id='word_1_886' title='bbox 266 5474 584 5544; x_wconf 77' lang='grc' dir='ltr'>δαιμονίων</span> <span class='ocrx_word' id='word_1_887' title='bbox 602 5474 878 5530; x_wconf 77' lang='grc' dir='ltr'><strong>ἐκϐάλλει</strong></span> <span class='ocrx_word' id='word_1_888' title='bbox 903 5474 974 5530; x_wconf 82' lang='grc' dir='ltr'>τὰ</span> <span class='ocrx_word' id='word_1_889' title='bbox 991 5474 1281 5544; x_wconf 79' lang='grc' dir='ltr'>δαιμόνια,</span> <span class='ocrx_word' id='word_1_890' title='bbox 1309 5475 1407 5527; x_wconf 82' lang='grc' dir='ltr'><strong>οὐκ</strong></span> <span class='ocrx_word' id='word_1_891' title='bbox 1431 5476 1677 5544; x_wconf 79' lang='grc' dir='ltr'>ἀφίενται</span> <span class='ocrx_word' id='word_1_892' title='bbox 1704 5476 1825 5527; x_wconf 70' lang='grc' dir='ltr'>οὔτε</span> 
     </span>
    </p>
   </div>
   <div class='ocr_carea' id='block_1_111' title="bbox 1848 5470 3484 5544">
    <p class='ocr_par' dir='ltr' id='par_1_111' title="bbox 1932 5470 3484 5541">
     <span class='ocr_line' id='line_1_112' title="bbox 1932 5470 3484 5541; baseline -0.003 -13"><span class='ocrx_word' id='word_1_893' title='bbox 1932 5473 2151 5536; x_wconf 65' lang='lat' dir='ltr'><strong>sarculo,</strong></span> <span class='ocrx_word' id='word_1_894' title='bbox 2181 5487 2353 5539; x_wconf 90' lang='lat' dir='ltr'><strong>neque</strong></span> <span class='ocrx_word' id='word_1_895' title='bbox 2381 5471 2434 5525; x_wconf 91' lang='lat' dir='ltr'><strong>in</strong></span> <span class='ocrx_word' id='word_1_896' title='bbox 2476 5470 2679 5525; x_wconf 81' lang='lat' dir='ltr'><strong>futuro.</strong></span> <span class='ocrx_word' id='word_1_897' title='bbox 2724 5472 3131 5525; x_wconf 87' lang='lat' dir='ltr'><strong>Observandum</strong></span> <span class='ocrx_word' id='word_1_898' title='bbox 3176 5488 3338 5541; x_wconf 89' lang='lat' dir='ltr'><strong>porro</strong></span> <span class='ocrx_word' id='word_1_899' title='bbox 3383 5483 3484 5536; x_wconf 84' lang='lat' dir='ltr'><strong>est,</strong></span> 
     </span>
    </p>
   </div>
   <div class='ocr_carea' id='block_1_112' title="bbox 265 5562 1901 5636">
    <p class='ocr_par' dir='ltr' id='par_1_112' title="bbox 265 5563 1825 5636">
     <span class='ocr_line' id='line_1_113' title="bbox 265 5563 1825 5636; baseline -0.001 -17"><span class='ocrx_word' id='word_1_900' title='bbox 265 5568 324 5620; x_wconf 68' lang='lat' dir='ltr'><strong>tv</strong></span> <span class='ocrx_word' id='word_1_901' title='bbox 353 5565 433 5635; x_wconf 83' lang='grc' dir='ltr'>τῷ</span> <span class='ocrx_word' id='word_1_902' title='bbox 462 5566 556 5619; x_wconf 82' lang='grc' dir='ltr'><strong>νῦν</strong></span> <span class='ocrx_word' id='word_1_903' title='bbox 584 5564 737 5619; x_wconf 77' lang='grc' dir='ltr'>αἰῶνι</span> <span class='ocrx_word' id='word_1_904' title='bbox 763 5565 883 5617; x_wconf 73' lang='grc' dir='ltr'>οὔτε</span> <span class='ocrx_word' id='word_1_905' title='bbox 916 5567 973 5619; x_wconf 82' lang='grc' dir='ltr'>ὲν</span> <span class='ocrx_word' id='word_1_906' title='bbox 1005 5566 1083 5636; x_wconf 83' lang='grc' dir='ltr'><strong>τῷ</strong></span> <span class='ocrx_word' id='word_1_907' title='bbox 1112 5565 1374 5635; x_wconf 80' lang='grc' dir='ltr'>μέλλοντι.</span> <span class='ocrx_word' id='word_1_908' title='bbox 1394 5563 1825 5635; x_wconf 82' lang='grc' dir='ltr'>Ἐπισημειώσα-</span> 
     </span>
    </p>
   </div>
   <div class='ocr_carea' id='block_1_113' title="bbox 1851 5562 3487 5636">
    <p class='ocr_par' dir='ltr' id='par_1_113' title="bbox 1932 5562 3487 5634">
     <span class='ocr_line' id='line_1_114' title="bbox 1932 5562 3487 5634; baseline -0.003 -13"><span class='ocrx_word' id='word_1_909' title='bbox 1932 5583 2040 5621; x_wconf 91' lang='lat' dir='ltr'><strong>nou</strong></span> <span class='ocrx_word' id='word_1_910' title='bbox 2076 5566 2277 5621; x_wconf 79' lang='lat' dir='ltr'><strong>dixisse</strong></span> <span class='ocrx_word' id='word_1_911' title='bbox 2307 5563 2605 5627; x_wconf 90' lang='lat' dir='ltr'><strong>Christum,</strong></span> <span class='ocrx_word' id='word_1_912' title='bbox 2654 5562 3043 5631; x_wconf 85' lang='lat' dir='ltr'><strong>blasphemanti</strong></span> <span class='ocrx_word' id='word_1_913' title='bbox 3076 5579 3138 5619; x_wconf 88' lang='lat' dir='ltr'><strong>ac</strong></span> <span class='ocrx_word' id='word_1_914' title='bbox 3168 5574 3354 5633; x_wconf 85' lang='lat' dir='ltr'><strong>postea</strong></span> <span class='ocrx_word' id='word_1_915' title='bbox 3382 5580 3487 5634; x_wconf 52' lang='lat' dir='ltr'><strong>pme</strong></span> 
     </span>
    </p>
   </div>
   <div class='ocr_carea' id='block_1_114' title="bbox 314 5766 3486 5837">
    <p class='ocr_par' dir='ltr' id='par_1_114' title="bbox 314 5766 3486 5837">
     <span class='ocr_line' id='line_1_115' title="bbox 314 5766 3486 5837; baseline -0.001 -14"><span class='ocrx_word' id='word_1_916' title='bbox 314 5770 543 5823; x_wconf 79' lang='lat' dir='ltr'><strong>&quot;Joan.</strong></span> <span class='ocrx_word' id='word_1_917' title='bbox 584 5770 770 5829; x_wconf 60' lang='lat'><strong>“.54.</strong></span> <span class='ocrx_word' id='word_1_918' title='bbox 858 5769 1340 5837; x_wconf 69' lang='lat' dir='ltr'><strong>&quot;Matth.nt,52.</strong></span> <span class='ocrx_word' id='word_1_919' title='bbox 1416 5769 1837 5833; x_wconf 72' lang='lat' dir='ltr'><strong>&quot;Joan.t,H.</strong></span> <span class='ocrx_word' id='word_1_920' title='bbox 1920 5768 2141 5822; x_wconf 74' lang='lat' dir='ltr'><strong>3&#39;.ioan.</strong></span> <span class='ocrx_word' id='word_1_921' title='bbox 2179 5785 2247 5835; x_wconf 77' lang='grc' dir='ltr'>ιγ,</span> <span class='ocrx_word' id='word_1_922' title='bbox 2310 5771 2399 5823; x_wconf 71' lang='lat' dir='ltr'><strong>Eli.</strong></span> <span class='ocrx_word' id='word_1_923' title='bbox 2516 5766 2561 5798; x_wconf 54' lang='grc' dir='ltr'><strong>’δ</strong></span> <span class='ocrx_word' id='word_1_924' title='bbox 2616 5767 2773 5821; x_wconf 80' lang='lat' dir='ltr'><strong>Joan.</strong></span> <span class='ocrx_word' id='word_1_925' title='bbox 2846 5785 2962 5837; x_wconf 76' lang='lat' dir='ltr'><strong>xui,</strong></span> <span class='ocrx_word' id='word_1_926' title='bbox 3030 5768 3121 5823; x_wconf 75' lang='lat'><strong>50.</strong></span> <span class='ocrx_word' id='word_1_927' title='bbox 3224 5768 3268 5804; x_wconf 79' lang='grc'><strong>³⁸</strong></span> <span class='ocrx_word' id='word_1_928' title='bbox 3300 5768 3486 5832; x_wconf 64' lang='lat' dir='ltr'><strong>Matth,</strong></span> 
     </span>
    </p>
   </div>
   <div class='ocr_carea' id='block_1_115' title="bbox 268 5840 977 5908">
    <p class='ocr_par' dir='ltr' id='par_1_115' title="bbox 268 5840 977 5908">
     <span class='ocr_line' id='line_1_116' title="bbox 268 5840 977 5908; baseline 0.001 -17"><span class='ocrx_word' id='word_1_929' title='bbox 268 5855 341 5908; x_wconf 76' lang='grc' dir='ltr'>ιι,</span> <span class='ocrx_word' id='word_1_930' title='bbox 394 5844 475 5896; x_wconf 82' lang='lat' dir='ltr'><strong>l9.</strong></span> <span class='ocrx_word' id='word_1_931' title='bbox 536 5840 579 5871; x_wconf 82' lang='lat'>“</span> <span class='ocrx_word' id='word_1_932' title='bbox 615 5840 744 5895; x_wconf 87' lang='lat' dir='ltr'><strong>Luc.</strong></span> <span class='ocrx_word' id='word_1_933' title='bbox 778 5856 852 5903; x_wconf 73' lang='lat' dir='ltr'><strong>XI,</strong></span> <span class='ocrx_word' id='word_1_934' title='bbox 892 5841 977 5893; x_wconf 78' lang='lat' dir='ltr'><strong>i5.</strong></span> 
     </span>
    </p>
   </div>
   <div class='ocr_carea' id='block_1_116' title="bbox 546 5932 2182 5999">
    <p class='ocr_par' dir='ltr' id='par_1_116' title="bbox 546 5936 1263 5999">
     <span class='ocr_line' id='line_1_117' title="bbox 546 5936 1263 5999; baseline 0.001 -3"><span class='ocrx_word' id='word_1_935' title='bbox 546 5938 813 5999; x_wconf 68' lang='grc' dir='ltr'>ΡΑτιιοι..</span> <span class='ocrx_word' id='word_1_936' title='bbox 851 5938 967 5997; x_wconf 80' lang='lat' dir='ltr'><strong>Gn.</strong></span> <span class='ocrx_word' id='word_1_937' title='bbox 1003 5936 1263 5997; x_wconf 66' lang='lat' dir='ltr'><strong>XXV“.</strong></span> 
     </span>
    </p>
   </div>
   <div class='ocr_carea' id='block_1_117' title="bbox 1495 5932 3131 5999">
    <p class='ocr_par' dir='ltr' id='par_1_117' title="bbox 3059 5932 3131 5990">
     <span class='ocr_line' id='line_1_118' title="bbox 3059 5932 3131 5990; baseline 0.014 -1"><span class='ocrx_word' id='word_1_938' title='bbox 3059 5932 3131 5990; x_wconf 71' lang='lat' dir='ltr'><strong>hit</strong></span> 
     </span>
    </p>
   </div>
  </div>
