4142 6466
710 388 846 443 1387

1541 381 1598 440 5.
1641 380 2008 438 ΑΤΙΙΑΝΛΞΙΙ
2046 382 2194 436 OPP.
2239 383 2414 438 PARS
2452 383 2538 438 lll.
2577 416 2643 423 —
2682 382 3072 440 EXEGETICA.

3812 394 3934 450 l385

705 507 895 560 nitenti
937 506 1308 560 remissionem
1356 497 1585 554 dandam
1630 514 1738 553 non
1773 514 1929 564 esse;
1983 499 2076 554 sed
2129 499 2237 553 blas

2372 498 2491 553 σθαι
2514 500 2567 552 δὲ
2598 501 2723 572 χρὴ,
2745 501 2825 553 ὅτι
2857 500 2954 553 οὒκ
2974 495 3124 553 εἶπεν
3154 501 3180 552 ὀ
3208 500 3460 573 Χριστὸς,
3488 501 3578 572 Τῷ
3612 501 3930 575 βλασφημῇ.

705 596 1009 664 phcmauti,
1044 595 1155 648 sive
1202 594 1254 646 in
1299 589 1631 660 blasphemia
1668 591 2035 659 perseveranti
2063 608 2076 642 :
2102 590 2266 658 siqui-

702 687 822 739 dem
841 685 1110 753 condigna
1136 681 1455 756 pmnitentia
1482 689 1703 751 peccata
1722 680 1903 736 omnia
1931 681 2079 735 eluit.
2110 680 2263 746 Quod

702 787 877 830 autem
912 777 1132 840 dicitur,
1163 772 1556 844 blasphemiam
1604 771 1658 825 iu
1709 770 1970 840 Spiritum
2014 781 2259 827 sanctum

700 883 873 936 neque
897 869 950 921 in
983 867 1106 930 hoc,
1135 879 1312 935 neque
1339 864 1391 916 in
1424 860 1610 916 futuro
1652 861 1854 916 saeculo
1889 862 2116 926 dimitti;
2148 863 2265 932 qui-

697 959 820 1012 dam
854 973 910 1013 re
933 957 1246 1028 diligentius
1277 955 1545 1025 exquisita
1574 953 1784 1019 dicunt,
1823 962 2057 1023 quatuor
2087 953 2262 1008 modis

697 1059 1045 1117 peccatorum
1103 1047 1314 1100 veniam
1359 1044 1619 1110 concedi;
1659 1045 1871 1099 duobus
1911 1044 2020 1108 hic,
2049 1044 2262 1098 duobus

697 1143 821 1196 item
878 1144 930 1195 in
989 1141 1175 1194 futuro
1235 1138 1452 1193 saeculo.
1516 1136 1652 1191 Cum
1718 1137 1861 1190 cnim
1915 1146 2260 1209 peccatorum

694 1233 872 1288 omnis
907 1232 1161 1301 temporis
1207 1230 1523 1285 meminisse
1567 1242 1675 1282 non
1724 1227 2034 1296 possimus,
2076 1236 2136 1282 ut
2173 1229 2259 1283 hic

694 1324 1062 1395 pmtiitentiatit
1114 1322 1342 1392 quilibet
1392 1334 1551 1390 agere
1598 1321 1803 1389 possit;
1852 1319 2056 1374 idcirco
2089 1318 2260 1374 Domi-

694 1435 796 1474 nus
838 1429 1039 1484 noster,
1080 1417 1234 1472 nobis
1281 1415 1368 1470 hic
1407 1413 1780 1483 pcnnitentiam
1813 1427 1920 1466 non
1950 1414 2255 1484 agentibus,

690 1513 849 1576 duos,
883 1521 940 1566 ut
983 1511 1189 1567 dictum
1222 1518 1324 1573 est,
1374 1509 1426 1561 in
1458 1506 1641 1563 futuro
1683 1506 2017 1576 paenitentia:
2064 1507 2256 1559 modos

691 1603 1014 1671 pt'OClll'aVll.
1069 1600 1207 1656 Cum
1254 1599 1376 1669 quis
1433 1598 1641 1654 scilicet
1696 1599 1839 1652 bona
1891 1596 2256 1651 iudiﬂ‘ercnter

687 1696 873 1762 egerit,
909 1695 1022 1748 sive
1066 1692 1435 1746 misericordia
1489 1701 1545 1746 et
1593 1688 2071 1745 commiseratione
2110 1702 2252 1742 com-

685 1796 864 1842 motus
909 1787 962 1840 iu
1013 1785 1340 1856 proximum,
1390 1784 1504 1838 sive
1533 1784 1738 1853 quaevis
1765 1782 1868 1837 alia
1895 1781 2250 1836 humanitatis

2371 608 2518 644 σαντί
2570 593 2660 645 καὶ
2697 595 3079 662 μετανοήσαντι
3122 593 3219 645 οὐκ
3249 593 3620 665 ἀφεθήσεται·
3669 595 3803 647 ἀλλὰ
3844 598 3928 667 Τῷ

2367 683 2792 754 βλασφημούντι,
2822 685 2920 736 εῖτ*
2953 679 3043 736 οὖν
3077 684 3386 754 ἐπιμένοντι
3417 688 3482 755 τῇ
3519 684 3931 758 βλασφημίᾳ.¹ίι

2364 775 2468 847 γὰρ
2501 776 2774 844 ἀξιόλογος
2807 777 3062 846 μετάνοια
3089 778 3266 830 πάντα
3293 775 3407 830 λύει
3446 778 3513 831 τά
3543 779 3927 849 ἁμαρτήματα.

2362 867 2472 936 (22)
2506 868 2578 920 Τὸ
2604 868 2659 920 δὲ
2693 869 2827 938 μήτε
2860 869 3093 922 ἐνταῦθα
3130 869 3382 937 ἀφίεσθαι
3415 869 3491 940 τῷ
3519 873 3601 934 εἰς
3625 871 3687 923 τὸ
3715 871 3929 942 Πνεῦμα

2363 958 2832 1029 βλασφημήσαντι,
2871 962 3006 1032 μήτε
3054 963 3110 1016 ἐν
3154 960 3231 1032 τῷ
3266 962 3532 1031 μέλλοντι,
3560 963 3707 1025 τινὲς
3751 963 3927 1027 ἐξετά-

2361 1049 2542 1113 ζοντες
2572 1069 2708 1119 φασι
2733 1052 3001 1125 τέσσαρας
3033 1049 3171 1107 εἶναι
3202 1056 3435 1127 τρόπους
3455 1056 3520 1109 δι’
3551 1050 3628 1109 ὧν
3656 1055 3929 1126 συγχώρη-

2361 1161 2442 1206 σις
2475 1145 2886 1216 ἁμαρτημάτων
2922 1146 3129 1215 γίνεται
3150 1164 3163 1177 ·
3196 1146 3289 1199 δύο
3330 1146 3583 1208 ἐνταῦθα,
3622 1149 3714 1200 καὶ
3758 1147 3850 1200 δύο
3876 1152 3926 1199 ἐν

2359 1237 2434 1306 τῷ
2470 1237 2730 1307 μέλλοντι.
2750 1238 2963 1308 Ἐπειδὴ
3014 1239 3120 1310 γὰρ
3171 1240 3272 1292 οὐκ
3318 1239 3620 1308 ἐφικνεῖται
3661 1241 3694 1309 ἡ
3745 1240 3924 1308 μνήμη

2357 1329 2476 1382 ὅλου
2519 1329 2707 1400 χρόνου
2749 1330 3102 1401 μνημονεύειν
3142 1331 3209 1384 τὰ
3242 1329 3553 1400 σφάλματα,
3583 1331 3670 1383 ἵνα
3698 1331 3924 1384 ἐνταῦθα

2357 1425 2662 1496 μετανοήσῃ
2707 1426 2735 1476 ὁ
2779 1423 3079 1495 ἄνθρωπος,
3112 1422 3427 1494 ᾠκονόμησε
3457 1420 3855 1492 φιλανθρώπως
3899 1427 3924 1477 6

2354 1515 2557 1586 Κύριος
2585 1514 2739 1584 ἡμῶν
2770 1515 2843 1586 μὴ
2871 1515 3269 1584 μετανοούντων
3292 1514 3527 1585 τρόπους
3561 1515 3850 1584 μετανοίας
3869 1517 3920 1567 ἐν

2356 1608 2454 1678 μὲν
2479 1606 2556 1678 τῷ
2588 1607 2852 1677 μέλλοντι,
2876 1606 2950 1669 ὡς
2980 1608 3216 1677 εἴρηται,
3249 1606 3371 1659 δύο·
3406 1607 3535 1659 ὅταν
3581 1623 3668 1669 τις
3706 1606 3921 1674 ἀδιαφο-

2355 1717 2461 1770 ρως
2503 1698 2936 1770 ἀγαθοεργήσας,
2967 1698 3077 1749 εἴτε
3111 1699 3188 1759 εἰς
3215 1692 3392 1750 οἶκτον
3439 1698 3532 1750 καὶ
3582 1697 3918 1768 συμπάθειαν

2351 1788 2487 1859 πρὸς
2510 1789 2598 1842 τὸν
2630 1790 2852 1859 πλησίον
2882 1788 3140 1859 κινηθεὶς,
3168 1789 3199 1857 ἢ
3230 1790 3328 1841 ὃσα
3355 1789 3487 1842 ἄλλα
3514 1788 3917 1859 φιλανθρωπιας

684 1877 862 1932 ofticia
912 1875 1250 1945 praestiterit;
1295 1892 1358 1930 ea
1409 1890 1571 1944 porro
1602 1874 1654 1927 in
1689 1871 1874 1927 futuro
1905 1874 2140 1936 sarculo,
2169 1871 2237 1940 ju-

2349 1878 2581 1950 ἐχόμενα
2602 1897 2615 1910 °
2652 1879 2825 1932 ταῦτα
2853 1880 2912 1932 ἐν
3039 1879 3283 1949 μέλλοντι
3323 1880 3476 1931 αἰῶνι
3507 1881 3649 1933 κατά
3677 1881 3768 1932 τὸν
3808 1898 3918 1931 και-

681 1970 807 2023 dicii
844 1980 1098 2038 tempore,
1124 1967 1200 2038 ;iu
1247 1982 1410 2037 quam
1444 1965 1852 2037 propendebunt
1875 1972 2080 2034 partem
2102 2004 2116 2028 ,
2153 1977 2245 2014 vc-

683 2062 828 2114 niam
860 2067 1276 2128 consequentur.
1321 2056 1385 2111 Et
1421 2058 1508 2110 hic
1530 2057 1748 2125 quidem
1788 2056 1996 2125 primus
2022 2064 2104 2110 est
2130 2070 2244 2107 tuo.

681 2152 783 2203 dus
814 2169 826 2203 :
854 2149 1124 2203 secundus
1155 2163 1280 2201 vero
1313 2148 1358 2201 is
1395 2157 1500 2212 est,
1533 2161 1657 2201 cum
1697 2146 1821 2216 quis
1856 2145 2090 2216 peccatis
2115 2160 2240 2201 con-

682 2241 901 2294 strictus
921 2282 934 2303 ,
967 2240 1154 2292 audita
1182 2237 1392 2292 Domini
1423 2253 1552 2292 voce
1589 2236 1820 2292 dicentis
1852 2253 1866 2290 :
1907 2235 2082 2289 Nolite
2100 2236 2242 2305 judi-

680 2349 818 2395 care,
839 2343 892 2385 ut
911 2347 1014 2384 non
1030 2331 1368 2399 judicemini,
1399 2330 1466 2385 de
1492 2331 1711 2385 nemine
1735 2328 2003 2399 judicare,
2034 2331 2242 2383 exarui-

680 2437 807 2482 nato
829 2430 951 2482 vitae
978 2427 1246 2491 lllSlllulO,
1293 2443 1494 2494 ausus;
1527 2435 1714 2497 utpote
1753 2429 1930 2482 cultor
1965 2423 2238 2496 praecepti,

681 2536 852 2590 neque
885 2523 999 2590 ipse
1026 2521 1319 2590 judicatur.
1351 2519 1539 2590 Neque
1565 2520 1712 2576 enim
1744 2518 1987 2574 mandati
2019 2518 2101 2572 sui
2139 2517 2240 2569 im-

678 2628 884 2666 memor
929 2625 1010 2667 est
1057 2613 1146 2666 ille
1190 2612 1591 2667 veracissimus.
1641 2609 1861 2665 Duobus
1907 2617 2088 2662 autem
2120 2605 2242 2659 aliis

678 2704 854 2756 modis
886 2703 972 2758 hic
996 2704 1160 2756 Jvenia
1187 2704 1495 2768 obtinetur;
1524 2715 1646 2754 cum
1671 2699 1795 2768 quis
1819 2697 2076 2752 nimirum
2110 2710 2234 2765 pec-

674 2793 808 2847 catis
832 2792 1120 2855 obnoxius,
1157 2791 1337 2846 divina
1362 2789 1711 2860 dispensante
1738 2787 2103 2860 providentia,
2136 2787 2236 2840 mi-

675 2884 852 2950 seriis,
879 2884 1140 2937 arumnis
1173 2882 1485 2953 morbisque
1511 2881 1789 2952 affligitur.
1815 2879 1974 2935 Modo
2003 2893 2237 2949 namque

678 2974 776 3032 sibi
807 2973 1008 3044 ignoto,
1045 2973 1129 3028 his
1158 2989 1188 3028 a
1225 2971 1338 3028 Deo
1374 2982 1656 3043 purgatur.
1697 2971 1764 3026 Et
1796 2971 1842 3026 si
1870 2971 2089 3042 quidem
2121 2980 2236 3024 ten-

693 3075 814 3118 atus
846 3064 1046 3134 gratias
1081 3072 1238 3131 agat,
1280 3061 1585 3117 mercedem
1629 3060 1701 3115 ob
1731 3062 2031 3130 gratiarum
2065 3058 2236 3113 actio-

669 3170 792 3208 ncm
840 3156 1068 3224 accipit;
1114 3157 1195 3207 sin
1237 3170 1295 3206 se
1325 3155 1592 3222 ingratum
1629 3152 1899 3222 przcbcat,
1940 3151 2010 3206 de
2041 3150 2232 3204 iisdem

672 3246 906 3314 peccatis
928 3260 1158 3314 quorum
1184 3260 1344 3299 causa
1362 3245 1676 3314 corripitur,
1704 3244 1900 3299 iterum
1924 3242 2232 3313 iudicatur:

695 3351 999 3405 usupcrquc
1027 3337 1234 3390 debitas
1280 3338 1489 3406 ingrato
1527 3337 1710 3391 animo
1753 3352 1940 3406 punias
1972 3337 2118 3390 luere
2144 3352 2234 3390 co-

669 3425 828 3495 gitur.
865 3427 1028 3497 Igitur
1075 3437 1290 3495 peccata
1333 3430 1386 3480 in
1442 3428 1692 3482 homines
1739 3428 2000 3492 admissi,
2051 3426 2234 3481 multis

669 3528 895 3583 possunt
933 3517 1236 3570 rationibus
1267 3517 1564 3571 condonari
1596 3534 1608 3570 :
1640 3533 1763 3570 nam
1809 3518 1854 3571 si
1902 3520 2026 3586 quis
2054 3519 2105 3572 in
2136 3519 2234 3571 ho-

668 3607 867 3662 minem
910 3623 1166 3677 peccans,
1197 3607 1264 3663 de
1303 3609 1409 3661 alio
1446 3607 1661 3662 homine
1697 3609 1832 3662 bene
1862 3617 2150 3672 mereatur,
2185 3609 2232 3663 is

665 3711 827 3769 quam
862 3699 913 3752 in
939 3709 1188 3755 naturam
1217 3703 1457 3770 peccavit
1487 3702 1663 3757 cidem
1700 3710 1910 3756 natura:
1944 3700 2227 3756 satisfecit.

667 3790 770 3845 Sed
818 3792 1148 3862 blasphemia
1196 3795 1248 3847 iu
1307 3793 1569 3863 Spiritum
1624 3795 1768 3863 (qua:
1804 3793 2092 3848 infidelitas
2123 3803 2225 3852 est.

666 3881 902 3947 nullam,
947 3883 1050 3939 nisi
1083 3885 1205 3953 quis
1244 3884 1417 3939 lidclis
1450 3883 1740 3947 cfticiatur,
1771 3885 1984 3939 veniam
2030 3885 2228 3939 admit-

663 3973 825 4045 tens),
869 3985 1055 4044 utpote
1098 3976 1388 4044 impietatis
1435 3987 1488 4032 et
1540 3976 1875 4032 infidelitatis
1918 3987 2225 4046 peccatum,

663 4078 837 4134 aeque
862 4065 923 4118 in
962 4067 1096 4132 hoc,
1135 4083 1306 4136 neque
1333 4070 1388 4122 in
1438 4067 1622 4122 futuro
1658 4068 1860 4123 szeculo
1899 4068 2220 4125 dimittetur.

1095 4159 1375 4214 Athanasii
1409 4160 1751 4214 Alexandrini
1767 4199 1782 4225 ,

1244 4251 1317 4309 De
1357 4254 1632 4310 lunaticis.

732 4340 968 4406 Domine,
1003 4361 1244 4400 miserere
1272 4345 1383 4414 ﬁlio
1415 4363 1525 4400 meo
1545 4388 1560 4413 ,
1590 4351 1714 4419 quia
1743 4351 2008 4404 lunatum:
2043 4361 2142 4416 est,
2172 4360 2222 4405 et

661 4435 796 4486 male
827 4437 1107 4502 patitur".
1155 4435 1455 4502 Lunaticis,
1490 4455 1597 4494 non
1644 4441 1773 4497 luna
1806 4443 2030 4498 insania:
2056 4457 2220 4497 causa

2351 1971 2440 2038 ρδν
2470 1970 2569 2039 τῆς
2599 1972 2833 2040 κρίσεως
2876 1970 3371 2039 ζυγοστατούμενα,
3400 1971 3482 2038 ἐφ’
3512 1971 3548 2023 ἀ
3596 1971 3696 2042 τὴν
3749 1971 3916 2043 ῥοπὴν

2347 2061 2475 2129 ἔχει,
2509 2059 2848 2131 συγχώρησις
2866 2061 3090 2129 γίνεται.
3114 2062 3222 2113 Καὶ
3249 2054 3402 2123 οὗτος
3426 2061 3522 2130 μὲν
3549 2062 3577 2112 6
3603 2055 3682 2123 εἷς
3701 2062 3912 2132 τρόπος·

2344 2151 2590 2223 δεύτερος
2621 2152 2675 2204 δὲ
2709 2147 2861 2216 οὗτος
2883 2169 2895 2181 ·
2919 2153 3047 2205 ὅταν
3076 2156 3194 2216 ταῖς
3223 2152 3518 2223 ἁμαρτίαις
3548 2153 3912 2222 συνεχόμενος,

2343 2245 2552 2298 ἀκούων
2585 2245 2641 2298 δὲ
2680 2246 2773 2298 τοῦ
2814 2246 3016 2318 Κυρίου
3065 2245 3344 2313 λέγοντος·
3387 2245 3483 2312 Μὴ
3532 2246 3790 2313 κρίνετε,
3822 2249 3914 2298 ἵνα

2337 2339 2422 2407 μὴ
2454 2337 2707 2407 κριθῆτε,
2737 2338 3065 2408 φοϐούμενος
3087 2338 3273 2391 οὐδένα
3303 2339 3476 2408 κρίνει
3504 2339 3562 2390 ἐν
3583 2342 3650 2409 τῇ
3676 2339 3912 2404 ἐξετάσει

2341 2431 2448 2483 τῶν
2477 2430 2822 2501 βεϐιωμένων
2847 2448 2860 2461 ·
2897 2431 2971 2493 ὡς
3001 2429 3173 2498 φύλαξ
3202 2430 3302 2498 τῆς
3331 2431 3546 2500 ἐντολῆς
3565 2432 3626 2483 ού
3655 2432 3910 2502 κρίνεται.

2342 2523 2448 2592 Τῆς
2479 2522 2585 2594 γάρ
2614 2521 2804 2574 ἑαυτοῦ
2829 2523 3049 2592 ἐντολῆς
3072 2523 3172 2576 οὐκ
3194 2522 3509 2592 ἐπιλήσμων
3534 2525 3563 2574 6
3591 2523 3914 2591 acerem.

2340 2631 2450 2678 τος.
2483 2615 2544 2666 Οἱ
2573 2615 2631 2667 δὲ
2656 2617 2830 2685 ἕτεροι
2864 2614 2955 2667 δύο
2978 2615 3166 2686 τρόποι
3196 2614 3424 2668 ἐνταῦθα
3446 2613 3542 2685 τὴν
3573 2615 3911 2688 συγχώρησιν

2344 2704 2552 2774 ἔχουσιν
2574 2722 2586 2733 ⁸
2624 2707 2748 2760 ὅταν
2781 2723 2882 2769 τις,
2918 2708 2974 2759 ἐν
3010 2705 3302 2777 ἁμαρτίαις
3329 2705 3425 2766 ὦν,
3461 2708 3824 2775 οἰκονομεῖται
3853 2710 3910 2759 ἐκ

2340 2797 2438 2867 τῆς
2469 2797 2720 2867 προνοίας
2759 2800 2815 2850 ἐν
2857 2801 3182 2869 συμφοραῖς,
3206 2799 3264 2852 ἐν
3293 2798 3578 2866 ἀνάγκαις,
3614 2801 3672 2851 ἐν
3705 2801 3907 2862 νόσοιςο

2337 2889 2412 2952 ὼς
2445 2890 2543 2943 οὐκ
2587 2886 2692 2943 οἶδε
2735 2890 2843 2962 γὰρ
2870 2890 2956 2943 διὰ
2985 2891 3094 2943 τῶν
3123 2892 3381 2944 τοιούτων
3411 2891 3667 2962 καθαίρει
3700 2893 3858 2945 αὐτὸν
3884 2895 3909 2945 6

2338 2981 2486 3043 Θεός.
2519 2982 2628 3033 Καὶ
2660 2983 2707 3033 εί
2750 2982 2848 3051 μὲν
2881 2983 3193 3052 εὐχαριστεῖ
3234 2983 3644 3052 πειραζόμενος,
3688 2984 3783 3036 τὸν
3826 2986 3908 3035 ἐπὶ

2336 3074 2402 3142 τῇ
2431 3072 2748 3143 εὐχαριστία
2778 3072 2965 3142 μισθὸν
2992 3073 3253 3144 λαμϐάνει
3276 3089 3287 3102 ·
3334 3075 3380 3125 εί
3410 3073 3465 3126 δὲ
3503 3075 3810 3144 ἀχαριστεῖ,
3846 3074 3906 3125 δι’

2338 3162 2401 3225 ἃς
2433 3164 2529 3233 μὲν
2563 3165 2836 3235 ἁμαρτίας
2863 3163 3197 3230 παιδεύεται,
3231 3167 3292 3217 ἐκ
3314 3164 3422 3217 τῶν
3451 3165 3709 3218 τοιούτων
3739 3165 3906 3235 κρίνε-

2335 3275 2454 3310 ται’
2500 3261 2597 3330 τὴν
2625 3260 2681 3312 δέ
2711 3260 2852 3331 ὑπὲρ
2889 3260 2989 3330 τῆς
3031 3262 3352 3330 ἀχαριστίας
3379 3259 3766 3330 εἰσπράττεται
3797 3277 3906 3311 ποι-

2337 3351 2620 3421 νήν.Ἐπε“ι
2657 3347 2748 3404 οὖν
2790 3353 2945 3406 ἅτινα
2988 3354 3066 3414 εἰς
3103 3351 3420 3421 ἀνθρώπους
3462 3368 3545 3414 τις
3587 3351 3902 3422 ἁμαρτάνει,

2335 3437 2532 3503 πολλὰς
2584 3438 2694 3510 ἔχει
2747 3441 3044 3510 προφάσεις
3101 3441 3537 3511 συγχωρήσεων
3582 3441 3902 3512 ἁμαρτάνων

2334 3527 2440 3598 γάρ
2466 3545 2551 3591 τις
2591 3531 2669 3592 εἰς
2714 3530 3016 3598 ἄνθρωπον,
3052 3529 3209 3582 ἄλλον
3231 3530 3286 3581 δὲ
3315 3529 3601 3602 ἄνθρωπον
3629 3527 3690 3585 εὗ
3725 3533 3901 3591 ποιῶν,

2333 3620 2412 3682 είς
2444 3621 2509 3690 ἢν
2552 3621 2708 3689 φύσιν
2748 3622 3012 3691 ἥμαρτεν,
3047 3623 3182 3692 αὐτῇ
3212 3623 3307 3674 καὶ
3339 3622 3742 3693 ἀπελογήσατο.
3760 3626 3820 3676 Ἠ
3852 3624 3900 3674 <32;

2333 3711 2410 3773 είς
2435 3711 2496 3762 τὸ
2517 3711 2735 3781 Πνεῦμα
2761 3711 3074 3781 βλασφημία
3099 3713 3235 3782 (ἐστι
3256 3713 3313 3765 δὲ
3336 3715 3586 3774 ἀπιστία,
3615 3715 3691 3784 μὴ
3716 3715 3901 3783 ἔχουσα

2333 3802 2521 3872 ἑτέραν
2563 3803 2832 3872 πρόφασιν
2888 3805 3306 3873 συγχωρήσεως,
3353 3806 3402 3855 εἱ
3447 3805 3522 3873 μὴ
3560 3805 3623 3856 τὸ
3656 3805 3897 3872 γενέσθαι

2331 3893 2560 3962 πιστὸν),
2589 3893 2710 3948 οὔτε
2737 3894 2969 3948 ἐνταῦθα
3008 3895 3130 3948 οὔτε
3165 3898 3222 3948 ὲν
3253 3895 3330 3966 τῷ
3365 3895 3610 3966 μέλλοντι
3641 3897 3895 3963 ἀφεθήσε-

2329 4003 2417 4037 ται
2445 3985 2539 4056 τῆς
2570 3986 2754 4050 ἀθεῗας
2786 3987 2878 4040 καὶ
2908 3988 3162 4052 ἀπιστίας
3187 3989 3220 4058 ή
3254 3988 3516 4058 ἁμαρτία.

2687 4177 3029 4232 Ἀθανασίου
3065 4176 3510 4245 Ἀλεξανδρείας
3534 4216 3547 4237 ,

2719 4269 2851 4339 Περὶ
2881 4267 3342 4340 σεληνιαζομὲνων
3371 4267 3506 4337 (9.5).

2394 4355 2591 4426 Κύριε,
2612 4357 2870 4426 ἐλέησόν
2882 4378 3002 4429 μου
3023 4360 3128 4412 τὸν
3147 4359 3299 4424 υἱὸν,
3333 4359 3423 4412 ὅτι
3460 4362 3618 4426 σελη
3628 4357 3886 4420 νιὰζὶιται,

2323 4451 2422 4503 καὶ
2466 4450 2659 4516 κακῶς
2687 4451 2926 4520 πάσχει.
2961 4454 3020 4505 Οἱ
3053 4452 3512 4522 σεληνιαζόμενοι,
3551 4452 3651 4522 οὐχ
3696 4453 3771 4515 ὡς
3800 4456 3889 4522 τῆς

659 4531 774 4587 est,
819 4539 993 4594 neque
1024 4528 1167 4582 cnim
1201 4529 1327 4583 luna
1371 4529 1437 4583 ad
1482 4531 1681 4586 malum
1717 4541 1771 4588 et
1799 4533 2057 4589 damnum
2085 4532 2221 4587 infe-

2340 4541 2549 4612 τελήνης
2581 4543 2873 4612 παραιτίας
2915 4543 3202 4614 γινομένης
3235 4543 3335 4613 τῆς
3372 4542 3552 4596 αὐτῶν
3600 4543 3886 4618 φρενοελαυ

659 4613 886 4668 rcndum
921 4614 1234 4673 hominibus
1257 4631 1437 4676 creata
1461 4629 1579 4686 est,
1605 4624 1695 4678 sed
1738 4625 1804 4678 ad
1857 4625 2216 4680 ministerium

657 4704 876 4773 optimis
913 4707 1244 4778 utilibusquc
1279 4713 1439 4767 rebus
1480 4716 1850 4785 przcbendum.
1889 4717 2026 4772 Cum
2069 4719 2215 4771 enim

656 4811 721 4848 ex
745 4807 935 4852 natura
972 4814 1068 4854 sua
1097 4801 1316 4857 humida
1352 4807 1445 4870 sit,
1478 4807 1865 4862 suavissimum
1895 4809 2217 4878 corporibus

656 4906 909 4944 somnum
943 4905 1217 4961 procurat,
1267 4899 1444 4955 noctis
1487 4903 1762 4965 tenebras,
1809 4902 1991 4956 colore
2038 4904 2215 4956 lacteo

655 4990 868 5044 ornata,
894 4981 1198 5050 demulcet;
1236 4990 1404 5044 solem
1431 5007 1557 5046 vero
1578 4992 1670 5063 qui
1697 4993 1877 5049 siccus
1902 4993 2217 5064 calidusque

653 5079 756 5136 est,
785 5087 940 5142 aequa
966 5075 1118 5130 lance
1140 5088 1424 5151 temperat,
1457 5093 1616 5153 atque
1643 5086 1874 5139 humore
1898 5084 2216 5155 frigiditate-

652 5176 758 5230 que
795 5177 893 5217 sua
937 5167 1151 5235 plantas
1187 5186 1398 5238 omnes,
1443 5183 1620 5243 prata.
1680 5175 1900 5241 herbas,
1953 5178 2121 5243 olera,
2158 5186 2216 5231 ut

653 5261 825 5307 mater
843 5269 967 5309 vera
992 5257 1044 5311 in
1070 5260 1211 5316 ulnis
1231 5265 1505 5336 accipiens
1526 5308 1540 5331 ,
1572 5267 1734 5334 fovet,
1763 5281 1816 5326 et
1840 5273 2109 5327 virescere
2134 5271 2213 5325 fa-

649 5342 752 5406 cit;
773 5344 844 5398 ita
860 5356 915 5399 ut
930 5349 1033 5402 sub
1051 5365 1116 5403 au
1127 5368 1261 5406 rora!
1277 5359 1679 5426 crepusculum,
1698 5360 1881 5416 videre
1899 5363 1971 5418 sit
1987 5362 2210 5418 arbores

648 5435 831 5491 densis
866 5439 1147 5500 frondibus
1177 5460 1421 5515 ornatas,
1451 5460 1603 5518 prata
1646 5451 1698 5505 in
1730 5455 1955 5510 summis
1985 5455 2208 5510 floribus

713 5572 753 5602 ³⁷
791 5571 988 5630 Matth.
1023 5593 1132 5634 xvu
1195 5581 1280 5634 Μ.

717 5707 832 5776 (29.)
867 5710 989 5766 llaec
1023 5715 1089 5788 ad
1112 5715 1273 5788 finem
1302 5734 1493 5788 usque,
1523 5735 1642 5786 quae
1666 5721 1716 5773 in
1744 5722 1901 5781 editis
1933 5726 2206 5783 dcsrdera-

649 5777 877 5845 bantur,
931 5791 982 5836 et
1029 5785 1078 5836 in
1126 5787 1357 5842 cditioae
1384 5777 1670 5844 'Athauasii
1701 5777 2202 5863 nostra'scparwat'iin

2326 4633 2506 4698 ϐείας·
2539 4635 2660 4686 οὔτε
2692 4636 2797 4704 μὴν
2825 4638 2856 4704 ή
2890 4636 3084 4707 σελήνη
3115 4633 3336 4705 ἐκτίσθη
3368 4635 3448 4697 είς
3487 4635 3824 4696 κακοποιίαν,
3857 4635 3885 4700 ἦ

2327 4724 2459 4794 πρὸς
2503 4723 2705 4794 βλάϐην
2733 4725 2830 4795 τῆς
2862 4725 3207 4798 ἀνθρωπίνης
3240 4725 3474 4793 φύσεως,
3512 4724 3628 4778 ἀλλ’
3658 4726 3738 4788 είς
3777 4740 3886 4775 συν-

2323 4817 2509 4888 εργίαν
2544 4816 2723 4869 καλῶν
2771 4819 2863 4870 καὶ
2908 4817 3196 4887 ὠφελίμων
3226 4817 3585 4888 πραγμάτων.
3617 4812 3766 4870 Οὗσα
3790 4817 3886 4885 γὰρ

2322 4907 2462 4961 κατά
2511 4907 2669 4976 φύσιν
2707 4909 2870 4978 ὑγρὰ,
2908 4911 3018 4970 τοῖς
3069 4907 3282 4980 σώμασι
3325 4909 3418 4960 τὸν
3472 4908 3690 4978 ἥδιστον
3733 4909 3885 4960 ὕπνον

2318 4998 2585 5070 προξενεῖ,
2605 5001 2700 5070 τῆς
2721 5000 2778 5053 δὲ
2794 5001 2984 5063 νυκτὸς
3007 5001 3066 5052 τὸ
3096 5001 3283 5063 σκότος
3308 5000 3740 5072 παραμυθεῖται,
3764 4997 3885 5054 οὖσα

2317 5093 2699 5165 γαλακτοφαής
2719 5111 2731 5122 ·
2763 5093 2841 5162 τῷ
2861 5093 2915 5145 δὲ
2942 5091 3089 5163 ξηρῷ
3116 5094 3208 5146 καὶ
3231 5091 3309 5163 τῷ
3327 5093 3516 5167 θερμῷ
3537 5091 3614 5164 τῷ
3640 5094 3775 5165 ἡλίῳ
3803 5097 3883 5146 ἀν-

2315 5186 2792 5248 τιταλαντεύουσα,
2817 5187 2880 5254 τῇ
2912 5185 3166 5256 ὑγρότητι
3189 5185 3282 5237 καὶ
3305 5189 3372 5257 τῇ
3398 5185 3606 5256 ψυχρίᾳ
3625 5188 3800 5240 πάντα
3824 5189 3884 5236 τὰ

2318 5278 2458 5348 φυτὰ
2488 5279 2724 5341 καὶτοὺς
2742 5277 3030 5347 λειμῶνας,
3048 5277 3140 5331 καὶ
3161 5278 3338 5332 πᾶσαν
3364 5278 3500 5331 πόαν
3524 5281 3619 5331 καὶ
3641 5279 3881 5348 βοτάνην,

2316 5371 2391 5434 ὡς
2414 5372 2594 5442 μήτηρ
2617 5369 2811 5439 γνησία
2835 5370 2921 5422 sta
2945 5371 3042 5439 τῆς
3061 5370 3247 5434 νυκτὸς
3264 5371 3747 5442 ὲναγκαλιζομὲνη,
3766 5373 3878 5424 ἀνα-

2319 5459 2560 5532 ζωπυρεῖ
2588 5463 2679 5513 nl.
2710 5461 2993 5514 ἀναθάλλει
3018 5479 3029 5490 ·
3055 5459 3192 5514 ὥστε
3219 5461 3322 5513 ὑπὸ
3339 5463 3436 5516 τὴν
3453 5464 3527 5516 ἓω
3547 5464 3773 5534 ὁρᾶσθαι
3800 5467 3880 5516 καὶ

2310 5742 2626 5804 ponuntur,
2675 5749 2800 5802 pag.
2857 5735 3022 5804 1003,
3078 5749 3140 5787 ex
3196 5750 3327 5804 mss.
3387 5738 3620 5792 mutuati
3649 5745 3852 5789 sumus.

2393 5803 2504 5873 (23)
2547 5801 2761 5860 "aL-cies
2790 5804 2908 5859 end.
2950 5803 3080 5874 Reg.
3118 5803 3272 5870 1995,
3317 5821 3346 5857 ιι
3389 5809 3615 5874 saeculi,
3645 5808 3736 5862 fol.
3764 5808 3861 5862 333
