4142 6548
650 437 787 492 1595

1452 440 1508 495 S.
1553 440 1916 497 ATUANASH
1956 441 2104 498 OPP.
2143 441 2321 499 PARS
2362 441 2449 498 lli.
2489 469 2559 482 -
2598 437 3005 496 EXEGETICA.

3750 434 3898 490 1596

643 561 727 605 est
751 553 929 609 homo.
970 553 1125 621 Quod
1170 556 1214 612 si
1242 558 1362 627 quis
1401 558 1549 618 illud.
1589 568 1645 613 ut
1683 562 1922 616 sisterent
1955 578 2069 615 eum
2104 558 2210 616 Da-

2330 561 2652 633 οιὸέσληται,
2687 560 2802 614 ἀλλ’
2835 557 3023 614 ἕνεκεν
3044 555 3137 612 τοῦ
3185 552 3433 625 ansam
3466 554 3570 626 τὴν
3597 550 3775 624 σάρκα
3800 567 3896 621 τεο

647 647 810 710 mino,
857 648 926 702 de
975 649 1092 719 ipso
1139 649 1371 707 Domino
1414 652 1615 707 dictum
1661 655 1916 723 excipiat.
1948 655 1994 710 is
2019 671 2148 710 sane
2178 671 2208 709 a

640 740 1118 799 verisimilitudine
1159 743 1378 800 labitur.
1403 744 1759 812 Quandonam
1788 748 2054 803 Dominus
2081 763 2210 803 ocu-

642 827 710 883 lis
757 827 934 886 Patris
979 833 1332 892 abscnnditus
1374 835 1492 900 fuit,
1546 847 1603 890 ut
1641 853 1746 892 non
1786 846 1968 906 posset
1994 838 2063 892 ab
2093 837 2212 908 ipso

641 922 987 980 videri?Ant
1026 927 1148 996 quis
1197 929 1347 983 locus
1374 938 1524 982 extra
1585 931 1705 999 ejus
1758 930 2014 984 ditionem
2067 929 2214 1001 posi-

643 1020 752 1080 tus,
781 1024 842 1070 ut
872 1016 977 1072 illic
1003 1018 1228 1089 degens,
1274 1020 1421 1075 Patri
1465 1037 1704 1092 praesens
1734 1038 1840 1076 non
1880 1030 2044 1084 esset.
2077 1024 2212 1076 nist-

642 1105 1037 1179 Jerosolymam
1084 1111 1280 1167 allatus
1307 1123 1359 1167 et
1393 1113 1446 1167 in
1481 1113 1738 1183 templum
1768 1114 2020 1169 inductus
2041 1115 2215 1170 esset?

646 1197 757 1253 (Zur
787 1200 1071 1271 ﬁguratam
1113 1204 1342 1259 hostiam
1406 1207 1700 1262 olferehant
1802 1223 1925 1262 cum
1977 1209 2090 1277 ipse
2147 1209 2215 1262 sit

644 1288 890 1343 veritas?
920 1290 1002 1344 An
1048 1292 1183 1345 forte
1220 1310 1325 1347 non
1361 1310 1456 1363 pro
1501 1296 1609 1359 illo,
1637 1296 1728 1350 sed
1764 1311 1860 1365 pro
1894 1296 2052 1350 nobis
2101 1297 2215 1349 haec

645 1381 846 1451 scripta
872 1383 1036 1437 sunt?
1070 1382 1540 1449 Quemadmodum
1574 1387 1743 1451 enim,
1781 1386 1922 1441 Deus
1969 1403 2091 1442 cum
2122 1388 2212 1448 sit,

647 1487 755 1527 non
791 1473 873 1527 sui
898 1489 1084 1542 causa,
1103 1485 1296 1531 natura
1324 1478 1508 1543 homo,
1538 1479 1656 1534 sine
1684 1480 1982 1534 mutatione
2009 1490 2212 1544 tamen,

646 1565 896 1628 cllicitnr,
934 1583 1095 1623 carne
1127 1569 1560 1634 circumciditur,
1592 1571 1916 1642 baptizatur,
1947 1580 2075 1632 etc..
2122 1573 2214 1626 sed

650 1659 823 1712 nostri
853 1661 1050 1729 gratia,
1073 1671 1125 1715 ut
1160 1679 1282 1725 nos,
1305 1663 1397 1733 qui
1423 1663 1672 1720 homines
1695 1680 1905 1730 sumus,
1931 1665 2218 1734 adeptione

2313 673 2468 726 γονεν
2499 652 2804 726 ἄνθρωπος.
2839 654 2904 706 Ei
2934 651 2989 706 δὲ
3031 649 3125 705 καὶ
3155 647 3236 713 τὸ,
3287 644 3683 719 παραστῆσαι
3704 647 3898 700 αὐτόν

2312 746 2392 814 τῷ
2432 748 2644 817 Κυρίῳ,
2672 745 2800 819 περὶ
2830 741 2994 800 αὑτοῦ
3026 743 3120 797 τοῦ
3152 739 3358 812 Κυρίου
3395 758 3482 806 τις
3514 737 3760 802 ὲκλάὁοι,
3797 743 3893 792 καὶ

2312 840 2486 903 οὕτως
2514 840 2769 893 ἐκπίπτει
2811 836 2907 891 τοῦ
2941 835 3167 899 είκότος.
3217 831 3355 887 Πότε
3402 832 3512 904 γὰρ
3543 829 3838 902 ἁπεκρύεη
3864 832 3898 882 ὁ

2313 933 2518 1006 Κύριος
2546 934 2609 986 ὲκ
2654 931 2764 985 τῶν
2801 928 3092 1001 ὀφθαλμῶν
3126 926 3221 981 τοῦ
3257 927 3468 997 Πατρὸς
3491 964 3506 990 ,
3554 925 3644 980 ἵνα
3696 924 3770 994 μὴ
3801 922 3860 973 δυ

2314 1024 2449 1097 νηθῇ
2500 1022 2590 1077 ὕπ’
2634 1019 2798 1077 αὑτοῦ
2834 1018 3101 1091 ὁρᾶσθαι;
3137 1019 3206 1071 Ἢ
3235 1020 3386 1079 ποῖος
3415 1015 3583 1077 τόπος
3644 1013 3752 1079 ἔξω
3797 1011 3897 1081 τῆς

2316 1114 2482 1171 αὑτοῦ
2508 1113 2822 1177 δεσποτείας
2849 1112 3103 1183 ὑπάρχει.
3135 1109 3221 1162 ἵνα
3251 1110 3366 1162 ὲκεζ
3404 1106 3480 1162 ῶν
3516 1107 3592 1178 μὴ
3625 1106 3772 1175 παρῇ
3818 1101 3894 1172 τῷ

2315 1209 2511 1279 Πατρὶ,
2545 1208 2593 1260 εἰ
2626 1207 2700 1277 μὴ
2739 1208 2818 1269 είς
2854 1201 3200 1275 Ἰεροσόλυμα
3244 1198 3534 1270 ἀνηνέχθη,
3573 1198 3670 1250 καὶ
3701 1198 3781 1258 εἰς
3804 1195 3895 1248 τὸν

2316 1299 2443 1352 ναὸν
2493 1296 2826 1368 εἰσηνέχθη;
2859 1294 2986 1356 Πῶς
3015 1292 3072 1346 δὲ
3116 1292 3211 1346 καὶ
3263 1291 3360 1354 τὰς
3407 1290 3648 1353 τοπικὰς
3705 1287 3892 1349 θυσίας

2318 1390 2678 1464 προσέφερον,
2714 1385 2878 1441 αὑτοῦ
2922 1385 3258 1456 ὑπάρχοντος
3290 1383 3390 1453 τῆς
3435 1380 3732 1448 ἁληθείαςς
3775 1379 3893 1447 Mi;-

2320 1484 2440 1537 ποτ’
2463 1479 2556 1537 οὖν
2580 1482 2642 1536 οὗ
2681 1481 2755 1535 δι’
2795 1479 2957 1532 αὑτὸν
2976 1517 2990 1542 ,
3025 1475 3163 1530 ἀλλὰ
3203 1475 3270 1529 δι’
3299 1476 3450 1545 ἡμᾶς
3478 1473 3653 1525 ταῦτα
3688 1472 3888 1540 γέγρα-

2319 1591 2494 1633 πταις
2545 1573 2756 1644 Ὠσπερ
2792 1570 2922 1642 γὰρ,
2953 1568 3085 1630 Θεὸς
3129 1566 3240 1630 ὣν,
3281 1568 3342 1620 οὐ
3385 1565 3450 1619 δι’
3487 1564 3685 1618 ἑαυτὸν
3737 1563 3892 1631 φύσει

2320 1666 2607 1740 ἄνθρωπος
2652 1662 2937 1734 ἀτρέπτως
2985 1662 3213 1733 γίνεται,
3244 1659 3339 1713 καὶ
3371 1656 3533 1728 σαρκὶ
3577 1653 3895 1726 περιτέμνε-

649 1763 745 1818 per
773 1751 1000 1820 gratiam
1051 1752 1125 1807 dii
1162 1755 1460 1810 eiiiciamur
1482 1793 1498 1820 ,
1525 1765 1580 1809 et
1625 1755 2081 1811 circumcidamur
2109 1756 2226 1826 spi-

2330 1777 2431 1823 tat,
2467 1759 2562 1812 καὶ
2597 1755 2936 1827 βαπτίζεται,
2972 1756 3066 1809 καὶ
3094 1752 3295 1816 τᾶλλα,
3337 1749 3471 1803 ἀλλὰ
3505 1749 3572 1801 δι’
3611 1747 3782 1818 ἡμᾶς,
3809 1746 3894 1798 ἵνα

651 1842 941 1908 ritualiter,
970 1860 1076 1899 non
1111 1847 1410 1900 secundum
1449 1847 1641 1917 legem,
1675 1846 1863 1900 sordes
1891 1847 2090 1915 peccati
2125 1863 2220 1916 per

651 1930 978 1999 baptismum
1015 1933 1324 2001 ablttamus,
1360 1937 1747 2005 crUeiligamur
1791 1938 2015 1997 munda,
2051 1946 2105 1991 ct
2137 1954 2220 1989 re-
2253 1925 2294 1982 Β

651 2038 940 2090 surgamus
974 2025 1115 2090 Deo;
1149 2027 1222 2080 ita
1268 2029 1411 2097 quod
1449 2028 1537 2083 hic
1572 2028 1771 2082 dicitur
1807 2030 1873 2083 de
1905 2030 2222 2100 purgatione

649 2131 866 2180 eorum,
895 2129 967 2179 et,
1002 2131 1052 2170 ut
1085 2119 1467 2178 sisterenteum
1501 2118 1747 2183 Domino,
1783 2129 1835 2172 et
1880 2121 1945 2173 de
1978 2120 2221 2189 liguratis

660 2205 1005 2272 ltosliis,tu)n
1041 2209 1232 2278 ipsius,
1261 2209 1355 2264 sed
1405 2206 1579 2265 nostri
1613 2225 1776 2264 causa
1817 2223 1969 2279 geSta
2000 2221 2054 2264 et
2087 2212 2223 2265 scri-

652 2307 743 2364 pta
777 2309 936 2362 sunt,
968 2311 1025 2353 ut
1073 2302 1351 2355 discamus
1406 2301 1684 2371 quomodo
1735 2316 1836 2355 nos
1896 2316 2128 2370 purgare
2171 2310 2225 2353 et

653 2388 849 2444 sistere
899 2392 1006 2444 Deo
1034 2393 1346 2457 debeamus,
1381 2395 1612 2464 mystice
1637 2410 1700 2450 ac
1734 2394 2090 2464 spiritualiter
2139 2395 2226 2447 of-

653 2481 889 2536 ferentes
924 2484 1023 2552 ipsi
1058 2502 1156 2553 par
1190 2496 1485 2552 turturum,
1521 2498 1616 2542 aut
1637 2489 1774 2543 duos
1804 2488 1982 2557 pullos
2009 2486 2222 2541 colum-

658 2577 873 2628 barum.
911 2578 1116 2632 Turtur
1146 2580 1344 2649 quippe
1379 2581 1747 2651 temperantia:
1777 2589 1831 2633 et
1851 2580 2048 2649 quietis
2075 2595 2224 2650 sym-

657 2667 837 2721 bolum
868 2679 987 2723 est:
1039 2686 1162 2724 nant
1217 2672 1525 2726 solitudinis
1572 2687 1762 2726 amans
1820 2671 2227 2725 continentissi-

656 2775 916 2827 mumque
942 2760 1144 2815 animal
1174 2772 1295 2828 est;
1342 2763 1413 2816 ita
1459 2772 1516 2816 ut
1549 2763 1664 2818 sive
1704 2777 1852 2816 mare
1881 2761 1994 2816 sive
2027 2761 2237 2815 femina

655 2850 946 2915 defunctis,
982 2862 1170 2906 neuter
1187 2868 1376 2907 eorum
1403 2854 1558 2908 alteri
1588 2857 1908 2924 copuletur:
1945 2854 2076 2922 pulli
2102 2870 2228 2907 vero

659 2944 1061 3007 columbarum,
1112 2945 1436 3001 innocentiae
1482 2957 1535 3001 ct
1584 2948 2022 3002 mansuetudinis
2070 2957 2228 3017 typus

656 3044 803 3087 sunt.
842 3035 1125 3106 Quotquot
1161 3039 1324 3105 igitur
1352 3055 1470 3094 sese
1503 3055 1606 3109 per
1622 3039 2013 3093 continentiam
2046 3055 2074 3091 a
2109 3055 2230 3091 car-

659 3127 874 3182 nalibus
907 3130 1273 3201 voluptatibus
1297 3141 1351 3186 et
1383 3131 1844 3203 concupiscentiis
1877 3141 2181 3201 expurgant
2210 3172 2226 3196 ,

659 3233 724 3272 ac
745 3234 840 3288 per
867 3220 1231 3277 innocentiam
1259 3233 1313 3278 et
1351 3224 1826 3280 mansuetudinem
1867 3223 1937 3276 ah
1966 3224 2043 3276 ira
2073 3231 2126 3276 et
2155 3221 2234 3276 fu-

660 3325 786 3365 rore
824 3321 1144 3382 temperant,
1182 3314 1438 3383 pulchras
1463 3330 1649 3369 revera
1687 3314 1891 3369 hostias
1923 3313 2235 3378 afferentes,

662 3402 756 3458 Dei
797 3406 1039 3475 aspectui
1105 3417 1310 3477 patent,
1346 3423 1409 3463 ac
1468 3409 1521 3462 in
1567 3407 1867 3463 Jerusalem
1914 3407 2119 3462 cmlcsti
2173 3420 2234 3460 se

666 3497 887 3552 sistunt.
908 3497 1269 3570 Nihilquippe
1293 3501 1365 3554 ita
1388 3499 1496 3556 Deo
1520 3501 1746 3555 charum
1780 3511 1863 3555 est
1894 3511 1952 3555 ut
1982 3499 2211 3555 innocen

667 3592 745 3643 tia
792 3603 846 3644 et
888 3591 1242 3645 continentia.
1283 3591 1359 3645 Ita
1388 3607 1518 3647 sane
1563 3608 1663 3647 nos
1717 3591 2058 3645 continentes
2111 3603 2235 3644 esse

670 3685 896 3752 expetit,
926 3693 986 3738 ut
1024 3699 1089 3737 ue
1130 3684 1346 3754 quidem
1394 3685 1461 3739 ad
1514 3683 2007 3754 concupiscentiam
2063 3697 2236 3751 usque

671 3775 953 3829 mulierem
981 3774 1341 3843 respiciamus
1368 3777 1384 3806 '
1420 3816 1432 3830 .
1470 3773 1544 3829 De
1576 3775 1882 3829 innocentia
1914 3782 2095 3827 autem
2125 3773 2238 3825 lucc

673 3867 785 3919 ait:
825 3866 949 3920 Nisi
999 3869 1228 3920 conversi
1281 3868 1490 3935 [ueritis
1521 3877 1568 3920 et
1599 3867 1897 3937 e/ficiamiui
1945 3867 2080 3920 sicut
2116 3879 2240 3933 par-

672 3958 781 4010 ruli
817 3959 884 4023 ⁸⁵,
927 3975 1033 4012 non
1068 3973 1327 4027 corporea
1363 3959 1581 4027 quidem
1613 3968 1856 4024 statura;
1890 3957 1983 4011 sed
2016 3957 2083 4009 iis
2111 3971 2245 4025 pue-

675 4065 862 4104 rorum
900 4052 1265 4106 innocentiam
1293 4052 1582 4122 signiﬁcat.
1614 4049 2043 4105 Mansuetudinis
2073 4063 2236 4117 porro

674 4154 728 4195 et
756 4142 1081 4198 humilitatis
1113 4159 1232 4197 sese
1289 4143 1343 4197 in
1371 4144 1677 4212 exemplum
1715 4142 1964 4211 proponit
2007 4141 2193 4194 dicens
2222 4159 2234 4193 :

675 4234 877 4288 Discite
901 4251 932 4287 a
960 4252 1037 4287 me
1059 4238 1181 4304 quia
1203 4237 1345 4289 mitis
1370 4253 1484 4290 sum
1511 4246 1557 4288 et
1581 4235 1794 4287 humilis
1815 4235 1968 4286 corde
1991 4232 2054 4285 “.
2078 4231 2231 4297 Quod

680 4325 726 4379 si
758 4326 880 4394 quis
902 4326 1119 4388 dixerit,
1162 4327 1341 4393 Quare
1386 4335 1683 4381 memorata
1719 4324 1972 4378 animalia
2004 4324 2128 4376 bina
2162 4321 2246 4375 of-

683 4415 812 4468 ferri
841 4418 1114 4486 przccepit,
1145 4427 1200 4471 et
1234 4419 1335 4471 alia
1365 4417 1584 4487 quidem
1636 4418 1871 4486 perlecta
1891 4457 1906 4480 ,
1939 4415 2042 4469 alia
2074 4415 2248 4484 pullos

681 4507 796 4560 vult
823 4508 988 4562 esse?
1027 4509 1156 4563 huic
1197 4524 1455 4577 reponam
1488 4549 1502 4574 ,
1550 4524 1674 4562 cum
1733 4508 1992 4562 homoex
2031 4505 2246 4560 duobus

2258 3280 2303 3339 C

2322 1855 2509 1923 ἡμεῖς,
2545 1848 2819 1920 ἄνθρωποι
2850 1848 3023 1911 ὄντες,
3053 1847 3196 1899 θέσει
3228 1843 3315 1898 διὰ
3341 1842 3439 1912 τῆς
3471 1842 3697 1912 χάριτος
3727 1837 3894 1906 γενώ-

2327 1943 2470 2013 μεθα
2507 1941 2638 2005 θεοὶ,
2671 1941 2766 1992 καὶ
2798 1937 3224 2011 περιτμηθῶμεν
3255 1930 3667 2003 πνευματικῶς,
3696 1931 3812 1983 ἀλλ’
3834 1929 3892 1982 οὐ

2322 2037 2581 2108 νομικῶς,
2613 2033 2820 2089 καὶτὸν
2853 2033 3023 2104 ῥύπον
3057 2027 3449 2100 ἁπονιιίώμεθα
3491 2025 3594 2096 τῆς
3627 2025 3897 2096 ἁμαρτω

2321 2131 2410 2184 διὰ.
2440 2129 2535 2182 τοῦ
2567 2125 2960 2198 βαπτίσματος,
2995 2123 3088 2177 καὶ
3135 2118 3540 2192 σταυρωθῶμεν
3573 2115 3654 2187 τῷ
3687 2117 3895 2186 κόσμῳ.

2323 2225 2416 2278 καὶ
2454 2220 2775 2291 ἀναστῶμεν
2809 2217 2886 2288 τῷ
2910 2216 3030 2289 Θεῷ
3055 2232 3070 2248 ·
3105 2213 3248 2269 οὕτω
3277 2212 3508 2266 κάνθάδε
3554 2209 3616 2262 τὸ
3647 2209 3776 2278 περὶ
3805 2206 3899 2260 τού

2325 2313 2669 2386 καθαρισμοῦ
2691 2310 2889 2372 αὐτῶν,
2923 2309 3018 2362 καὶ
3057 2307 3140 2368 τὸ.
3180 2303 3567 2374 παραστῆσαι
3600 2300 3792 2354 αὐτὸν
3821 2296 3901 2363 τῷ

2326 2405 2538 2473 Κυρίῳ,
2556 2401 2788 2473 καὶπερὶ
2815 2399 2924 2452 τῶν
2951 2396 3195 2451 τοπικῶν
3220 2393 3521 2458 θυσιῶν,ού
3542 2392 3608 2444 δι’
3628 2389 3903 2453 ahena}.-

2324 2496 2467 2550 λαδϋ
2484 2495 2631 2567 ἡμᾶς
2651 2493 2742 2545 καὶ
2754 2490 3043 2561 γεγένηται
3077 2488 3170 2541 καὶ
3186 2487 3512 2559 γέγραπταιο
3534 2484 3622 2536 ἶνα
3642 2480 3899 2552 μάθωμεν

2327 2588 2606 2659 καθαίρειν
2632 2584 2725 2638 καὶ
2744 2581 3095 2654 παριστάνειν
3119 2579 3342 2641 ἑαυτοὺς
3363 2576 3440 2646 τῷ
3463 2574 3606 2644 Θεῷ,
3626 2570 3905 2642 μυστικῶς

2330 2679 2730 2753 προσφέροντες
2761 2673 2908 2743 αὐτῷ
2945 2673 3040 2724 καὶ
3070 2667 3452 2740 πνευματικῶς
3484 2665 3683 2732 ζεῦγος
3707 2661 3904 2733 τρυυό-

2331 2793 2457 2838 νων,
2488 2772 2522 2843 ἤ
2549 2771 2642 2824 δύο
2663 2766 2917 2829 νεοσσοὺς
2950 2761 3311 2835 περιστερῶν.
3347 2759 3457 2812 Καὶ
3482 2759 3516 2828 ἡ
3556 2757 3656 2821 μὲν
3689 2752 3903 2825 sps;th

2332 2863 2682 2936 σωφροσύνης
2720 2860 2813 2912 καὶ
2847 2855 3079 2928 ἡσυχίας
3117 2852 3383 2924 σύμϐολον
3407 2865 3420 2879 ο
3457 2847 3764 2918 φιλέρημσν
3799 2844 3902 2913 γὰρ

2329 2961 2392 3014 τὸ
2424 2957 2560 3023 ζῶον
2586 2955 2678 3008 καὶ
2711 2951 3154 3024 σωφρονέστατον
3175 2963 3188 2976 ⁸
3218 2946 3360 2999 ῶστε
3385 2942 3474 2996 τοῦ
3499 2941 3730 3012 ἄρρενος
3753 2939 3785 3008 ἦ
3813 2936 3900 2990 τοῦ

2332 3051 2520 3122 θήλεος
2579 3047 3043 3116 ἀποθνήσκοντος,
3083 3038 3204 3111 μηδ’
3259 3039 3442 3108 ἕτερον
3497 3032 3678 3087 αὐτῶν
3736 3031 3901 3100 ἑτέρῳ

2333 3140 2758 3211 συζεύγνυσθαιο
2805 3137 2853 3190 οἱ
2896 3136 2954 3189 δὲ
2987 3134 3199 3187 νεοσσοὶ
3243 3130 3350 3183 τῶν
3385 3125 3730 3199 περιστερῶν
3775 3124 3908 3176 ἀκα-

2335 3238 2458 3300 κίας
2491 3235 2585 3289 καὶ
2620 3232 2924 3303 πραότητος
2952 3226 3014 3279 τύ
3028 3241 3141 3289 πος.
3175 3225 3328 3276 Ὅσοι
3360 3221 3540 3273 τοίνυν
3571 3218 3659 3271 διὰ
3695 3232 3902 3286 σωφρο-

2338 3329 2501 3398 σύνης
2543 3325 2897 3395 καθαίρουσιν
2945 3319 3172 3381 ἑαυτοὺς
3221 3314 3328 3370 ἀπὸ
3385 3311 3664 3384 σαρκικῶν
3710 3307 3905 3381 ἡδονῶν

2335 3424 2427 3477 καὶ
2453 3416 2779 3489 ἐπιθυμιῶν,
2807 3414 2900 3468 καὶ
2928 3412 3014 3465 διὰ
3050 3411 3149 3481 τῆς
3185 3406 3420 3470 ὰκακίας
3472 3406 3565 3458 καὶ
3607 3402 3905 3472 πραότητος

2335 3515 2628 3584 ἀπέχονται
2651 3507 2821 3579 θυμοῦ
2848 3508 2942 3559 καὶ
2964 3504 3155 3577 ὀργῆς,
3189 3496 3356 3563 ὅντως
3380 3498 3548 3561 καλὰς
3575 3495 3764 3558 θυσίας
3795 3496 3915 3546 ἐπι-

2338 3607 2646 3676 φερόμενοι,
2686 3599 3010 3654 ὁπτάνονται
3042 3594 3119 3664 τῷ
3139 3592 3278 3663 Θεῷ,
3315 3589 3409 3644 καὶ
3436 3588 3799 3658 παρίστανται
3833 3587 3908 3645 εἰς

2349 3675 2700 3768 Ἰερουσαλὴμ
2727 3691 2825 3762 τὴν
2869 3685 3209 3758 ἐπουράνιον.
3259 3680 3422 3736 Οἰδὲν
3463 3679 3572 3750 γὰρ
3621 3677 3766 3730 οὕτω
3795 3675 3908 3744 Θεῷ

2339 3767 2492 3857 φίλον
2524 3785 2598 3849 ὡς
2628 3783 2832 3838 ἀκακία
2877 3781 2973 3833 καὶ
3016 3774 3355 3847 σωφροσύνη.
3409 3771 3627 3842 Ἀμέλει
3665 3767 3910 3840 τοσοῦτον

2341 3884 2486 3953 ἡμᾶς
2517 3872 2655 3932 εἶναι
2687 3875 2939 3947 βούλεται
2974 3870 3276 3941 σώφρονας,
3303 3866 3379 3928 ὡς
3415 3863 3549 3935 μηδὲ
3577 3859 3769 3933 μέχρις
3793 3861 3909 3912 ἐπι-

2344 3974 2543 4044 θυμίας
2577 3966 2869 4041 ἐμϐλέπειν
2896 3961 3138 4033 γυναικί.
3185 3959 3318 4030 Περὶ
3351 3955 3407 4010 δὲ
3431 3954 3528 4024 τῆς
3551 3953 3784 4015 ἀκακίας
3814 3966 3911 4019 qq-

2346 4042 2465 4118 σίνο
2512 4062 2646 4114 Ἐὰν
2661 4057 2746 4128 μὴ
2781 4051 3087 4124 στραφῆτε
3116 4051 3213 4104 καί
3251 4048 3507 4114 γένησθε
3554 4044 3637 4109 ὡς
3664 4042 3737 4095 τὰ
3786 4056 3911 4093 aut-

2345 4153 2463 4214 δία,
2501 4152 2561 4204 οὐ
2592 4149 2731 4202 κατὰ
2754 4149 2854 4216 τὴν
2887 4139 3204 4214 σωματικὴν
3231 4138 3464 4210 ἡλικίαν,
3497 4132 3632 4188 ἀλλὰ
3670 4133 3768 4202 τὴν
3785 4132 3913 4184 ἀκα-

2347 4246 2470 4300 κίαν
2496 4243 2586 4297 διὰ
2613 4241 2720 4294 τῶν
2761 4237 2964 4292 παίδων
3014 4233 3314 4304 σημαίνων.
3368 4226 3681 4300 Πραότητος
3721 4223 3777 4275 δὲ
3827 4222 3912 4274 καὶ

2347 4329 2844 4404 ταπεινοφροσύνης
2898 4324 3090 4380 ἑαυτὸν
3140 4320 3446 4389 ὑπόδειγμα
3473 4314 3655 4386 τίθησι
3703 4314 3904 4404 λέγωνξ

2350 4428 2574 4483 Μάθετε
2597 4402 2696 4479 ἀπ’
2726 4421 2895 4491 ἐμοῦ,
2924 4417 3013 4471 ὅτι
3043 4412 3235 4484 πρᾶός
3282 4414 3398 4480 εἰμι
3421 4408 3517 4463 καί
3545 4407 3822 4471 ταπεινὸς
3843 4402 3911 4470 τῇ

2352 4518 2583 4586 καρδίᾳ.
2615 4516 2676 4568 Ei
2701 4513 2757 4566 δέ
2790 4530 2873 4575 τις
2895 4509 3038 4563 εἴποι
3057 4523 3071 4536 ·
3099 4504 3197 4560 Διὰ
3223 4503 3274 4556 τί
3323 4498 3414 4554 δύο
3441 4499 3534 4553 καὶ
3565 4495 3662 4552 δύο
3683 4494 3908 4586 προσφέ-

683 4609 915 4662 constct,
935 4601 1114 4654 anima
1142 4601 1350 4655 scilicet
1381 4610 1435 4654 et
1467 4616 1714 4670 corpore,
1734 4600 2002 4669 duplicem
2033 4613 2061 4650 a
2095 4598 2235 4651 uchi:

2361 4609 2545 4684 ρεσθαι
2582 4607 2649 4661 τὰ
2686 4602 2948 4676 εἰρημένα
2998 4596 3112 4665 ζῶα
3142 4594 3413 4656 ἐκέλευσε,
3466 4590 3560 4644 καὶ
3604 4589 3674 4641 τὰ
3710 4589 3804 4659 μὲν
3833 4585 3911 4637 τέ-

683 4693 1074 4747 rontinentiam
1109 4705 1160 4748 et
1190 4693 1661 4750 mansuetudinem
1722 4693 1891 4747 Deum
1944 4692 2240 4762 requirere.

685 4783 821 4838 Nam
849 4785 892 4838 si
919 4801 1149 4855 corpore
1182 4786 1400 4856 quidem
1449 4802 1479 4841 a
1513 4786 1826 4840 carnalibus
1885 4782 2250 4853 voluptatibus

685 4881 1010 4943 abstineam,
1036 4880 1228 4934 animo.
1251 4891 1430 4934 autem
1473 4879 1538 4934 ad
1573 4893 1760 4934 earnm
1791 4875 2098 4946 cupidinem
2135 4890 2253 4927 ηιυι

688 4988 835 5038 vear,
863 4988 970 5027 non
1002 4974 1312 5035 continens,
1365 4972 1456 5027 sed
1489 4972 1738 5026 mmchus
1775 4987 1914 5024 sum.
1970 4966 2102 5021 Nam
2161 4965 2254 5034 qui

688 5065 946 5133 respexit,
979 5064 1078 5126 ait,
1122 5064 1188 5116 ad
1223 5061 1717 5132 concupiscendum
1750 5103 1764 5123 ,
1807 5061 1918 5129 jam
1955 5060 2258 5113 moechatus

687 5169 772 5212 est
800 5159 852 5210 in
884 5156 1049 5212 corde
1091 5157 1156 5208 ⁸⁷.
1183 5159 1259 5212 Ac
1283 5171 1524 5218 rursum,
1553 5157 1643 5224 qui
1672 5155 1850 5224 specie
1871 5153 2088 5224 quidem
2113 5169 2260 5206 mane

693 5263 886 5304 suetus
932 5265 1054 5304 esse
1089 5249 1336 5316 videtur;
1383 5250 1563 5303 anima
1592 5258 1772 5302 autem
1829 5247 1893 5301 ad
1941 5247 2075 5299 iram
2113 5259 2260 5299 com-

696 5358 944 5401 movetur
970 5363 985 5413 ;
1011 5363 1119 5401 non
1153 5347 1434 5409 innocens,
1461 5343 1552 5399 sed
1588 5341 1863 5412 hypocrita
1887 5348 1940 5393 et
1970 5337 2264 5392 iracundus

695 5447 798 5502 est,
842 5438 1068 5492 occultae
1099 5435 1318 5490 malitiae
1348 5434 1745 5503 operimentum
1778 5429 1983 5483 habens
2032 5426 2264 5480 ementi-

700 5539 806 5582 tam
842 5529 986 5582 illam
1015 5527 1340 5582 innocentiae
1371 5524 1606 5593 speciem
1640 5541 1656 5577 :
1685 5521 1829 5592 quod
1874 5535 2052 5586 pertus.
2086 5517 2262 5572 homi-

707 5634 836 5672 num
871 5620 1134 5690 propheta
1162 5617 1469 5671 subindicat
1498 5616 1582 5668 his
1621 5614 1836 5668 verbis:
1867 5610 1967 5666 Ore
1992 5627 2087 5665 suo
2117 5610 2266 5663 bene-

701 5712 943 5764 dicebant
996 5723 1044 5764 et
1089 5712 1244 5764 corde
1277 5728 1370 5763 suo
1411 5707 1788 5761 maledicebaut
1825 5706 1890 5761 ⁵⁸.
1919 5705 1997 5758 Ac
2026 5718 2217 5756 rursus
2251 5719 2265 5754 :

702 5804 804 5869 Qui
831 5804 1120 5875 loquuntur
1145 5819 1326 5872 pacem
1359 5818 1476 5855 cum
1507 5801 1746 5870 proximo
1782 5812 1900 5864 suo,
1925 5795 2069 5849 mala
2091 5803 2266 5847 autem

772 5948 818 5983 οι
850 5948 1038 6005 Matth.
1089 5965 1141 6018 ν,
1187 5946 1280 6001 28.

1359 5946 1404 5978 "
1463 5942 1651 5998 Matth.
1712 5941 1942 6010 ιιι-ωδ.
2019 5936 2484 6004 "Matthmﬂl

2357 4677 2496 4763 λεια,
2527 4699 2595 4752 τα
2633 4698 2690 4751 δὲ
2727 4692 3018 4757 νεοσσούς;
3067 4690 3233 4761 φημὶ,
3267 4686 3368 4746 ὅτι,
3400 4682 3493 4738 τοῦ
3529 4681 3814 4758 ἀνθρώπου
3845 4677 3918 4729 δι·-

2361 4791 2495 4846 πλοῦ
2541 4789 2694 4850 ,ὄντος
2724 4829 2739 4853 ,
2771 4783 3048 4838 τουτέστιν
3084 4783 3148 4833 ὲκ
3185 4777 3363 4847 ψυχῆς
3410 4773 3503 4828 καί
3538 4771 3807 4845 σώματος,
3847 4768 3912 4820 δι·

2362 4885 2500 4954 πλῆν
2528 4881 2681 4951 ζητεῖ
2709 4877 2838 4950 παρ’
2883 4873 3038 4946 ἡμῶν
3079 4873 3107 4923 ὁ
3150 4869 3278 4931 Θεὸς
3315 4869 3416 4936 τήν
3464 4883 3524 4918 τε
3577 4861 3913 4954 σωφροσύνην

2363 4953 2466 5031 καί
2488 4977 2584 5046 τὴν
2608 4971 2910 5044 πραότητα.
2942 4967 3004 5018 Εἰ
3034 4963 3142 5034 γὰρ
3166 4961 3304 5015 κατὰ
3331 4958 3428 5030 μὲν
3451 4957 3510 5010 τὸ
3536 4956 3698 5026 σῶμα
3729 4953 3912 5046 απέχοο

2369 5083 2464 5137 μαι
2499 5043 2775 5135 σαρκικῶν
2803 5055 3026 5128 ἡδονῶν,
3053 5053 3191 5106 κατὰ
3215 5050 3269 5104 δὲ
3295 5051 3391 5119 τὴν
3418 5046 3595 5116 ψυχὴν
3649 5043 3784 5114 πρὸς
3809 5046 3914 5094 ἐπι-

2367 5155 2566 5223 θυμίαν
2616 5149 2819 5204 τούτων
2862 5143 3115 5214 κινοῦμαι
3141 5185 3155 5204 ,
3205 5138 3306 5192 οὐκ
3339 5136 3454 5206 εἰμὶ
3489 5133 3723 5204 σώφρων
3752 5174 3767 5191 ,
3799 5128 3918 5184 ἀλλὰ

2373 5221 2575 5317 μοίχός.
2622 5241 2680 5293 '0
2709 5239 2816 5309 γὰρ
2865 5233 3157 5306 ἐμϐλέψας,
3187 5229 3338 5299 φησὶ,
3391 5227 3527 5297 πρὸς
3559 5223 3622 5317 τί)
3664 5221 3919 5317 ἐπιθυμῆῗ

2375 5309 2601 5405 eadem
2631 5333 2944 5402 ἐμοίχευσεν
2973 5328 3030 5378 ὲν
3061 5325 3127 5392 τῇ
3151 5316 3368 5388 καρδία.
3398 5317 3507 5370 Καὶ
3543 5311 3700 5375 αὖθις
3724 5314 3754 5365 ὁ
3799 5309 3921 5405 κατὰ

2371 5427 2431 5480 τὸ
2455 5424 2773 5494 φαινόμενον
2800 5417 2969 5471 δοκῶν
2989 5410 3126 5467 εἶναι
3151 5410 3341 5480 πρᾶος,
3374 5407 3514 5460 κατὰ
3548 5405 3603 5457 δὲ
3633 5403 3730 5471 τὴν
3762 5399 3920 5470 ψυχὴν

2376 5493 2686 5586 κινούμενος
2711 5511 2845 5584 πρὸς
2871 5506 3061 5578 θυμὸν,
3093 5502 3202 5554 ούκη
3221 5499 3366 5553 ἐστιν
3395 5497 3622 5558 ἄκακος,
3655 5494 3770 5547 ἀλλ’
3804 5493 3921 5544 ὑπο-

2378 5609 2572 5682 κριτὴς
2601 5606 2695 5660 καὶ
2726 5598 3058 5674 μηνιαστὴς,
3095 5595 3230 5667 ἔχων
3279 5591 3378 5660 τῆς
3422 5585 3923 5682 κεκρυμμένης.καο

2377 5673 2499 5766 κίας
2528 5673 2606 5752 ’τὸ
2654 5673 3009 5763 ἐπικάλυμμα
3048 5691 3146 5758 τὴν
3181 5682 3506 5755 φαινομένην
3553 5678 3648 5731 κοιλ⁵
3682 5673 3924 5731 δοκοῦσαν

2379 5765 2517 5851 εἶναι
2551 5787 2785 5844 ἀκακίαν
2804 5801 2818 5814 ·
2845 5782 2938 5846 οὒς
2966 5782 2994 5834 ὁ
3019 5777 3301 5852 προφήτης
3338 5769 3707 5838 αἰνιττόμενος
3746 5765 3884 5832 λέγει

2561 5935 2601 5963 ⁵⁷
2634 5929 2822 5984 Matth.
2858 5942 2909 5991 ι’,
2937 5925 3027 5978 28.
3107 5915 3312 5973 "Psal.
3348 5926 3462 5975 ut,
3492 5911 3541 5971 δ.
