4142 6518
677 426 816 487 1399

1485 425 1541 478 S.
1579 423 1951 479 ATIlANASll
1989 423 2139 481 OPP.
2182 423 2366 479 PARS
2405 423 2487 482 lli.
2533 455 2601 467 —
2638 424 3049 482 EXEGETICA.

3783 423 3913 477 {400

676 551 743 605 de
781 548 872 603 illo
902 552 1253 615 scripserunt,
1288 545 1551 606 ediscere,
1585 542 1765 611 ipsum
1804 541 1982 596 solum
2008 554 2128 594 esse
2156 537 2273 598 Fin

2342 541 2375 593 ό
2425 541 2762 610 αγαπητός,
2798 539 2892 593 καὶ
2924 539 3074 611 παρὰ
3120 538 3228 591 τῶν
3274 553 3728 609 προσκυνουντων
3757 537 3912 590 αὐτον

677 642 806 695 lium
835 650 888 694 et
918 637 1157 692 Verbum
1191 634 1305 690 Dei.
1339 634 1528 687 Ariani
1569 649 1719 697 vero,
1762 642 1949 703 utpote
1978 647 2084 687 non
2109 646 2245 700 pura

674 743 855 788 mente
882 729 1113 801 praediti,
1144 743 1269 782 cum
1297 741 1408 780 non
1440 726 1651 780 valeam
1679 743 1709 779 a
1759 725 1962 780 divinis
2005 733 2060 778 et
2092 725 2247 778 theo-

678 824 815 894 logis
852 822 982 876 viris
1002 820 1052 875 id
1080 820 1286 884 audire,
1312 818 1396 871 vel
1430 832 1459 871 a
1487 817 1762 872 similibus
1793 818 1876 872 sui
1903 815 2246 871 daemonibus

676 917 945 975 ediscant.
989 912 1139 983 ipsos
1186 926 1293 965 non
1351 910 1503 981 quasi
1562 909 1717 964 multi
1744 909 2102 971 exsisterent,
2152 906 2244 961 sed

678 1022 845 1060 unum
876 1020 998 1059 esse
1025 1004 1279 1069 scientes,
1310 1002 1537 1065 dixisse,
1578 1000 1655 1054 Tu
1694 1017 1745 1054 es
1775 998 2001 1053 Sanctus
2032 998 2150 1065 Dei,
2193 1006 2247 1052 et

680 1096 856 1149 Filius
914 1094 1027 1147 Dei.
1082 1090 1217 1146 Nam
1250 1094 1341 1162 qui
1389 1092 1619 1146 brresin
1653 1090 1787 1161 ipsis
1810 1089 2103 1160 suggessit,
2134 1103 2244 1143 non

678 1189 833 1251 dixit,
866 1186 945 1241 Tu
989 1204 1041 1241 es
1081 1196 1295 1240 sanctus
1348 1185 1445 1239 Dei
1473 1226 1487 1249 ,
1524 1184 1681 1254 quasi
1724 1182 1812 1237 alii
1843 1195 2064 1247 essent;
2101 1182 2195 1237 sed
2226 1221 2242 1246 ,

681 1280 758 1334 Tu
785 1296 836 1333 es
869 1280 957 1332 ille
980 1277 1207 1331 Sanctus
1230 1277 1343 1341 Dei,
1371 1276 1527 1346 quasi
1560 1276 1764 1329 scilicet
1799 1274 1916 1343 ipso
1950 1275 2065 1329 solo
2099 1274 2243 1329 exsi-

680 1382 874 1426 stente.
907 1370 1163 1440 Apposite
1186 1369 1349 1437 igitur
1370 1369 1633 1422 articulus
1656 1367 1910 1421 additur:
1948 1381 2070 1419 nam
2104 1382 2245 1419 unus

679 1474 760 1516 est
787 1462 879 1531 qui
914 1471 1101 1515 natura
1127 1469 1350 1515 sanctus
1380 1468 1484 1523 est,
1521 1457 1677 1527 cujus
1712 1458 2125 1527 participatione
2152 1455 2245 1510 alii

682 1553 853 1607 sancti
882 1553 1137 1607 evadunt.
1169 1549 1244 1604 lta
1274 1551 1595 1621 plerumque
1622 1549 1703 1603 vel
1729 1550 1829 1618 ipsi
1860 1548 2127 1602 mendacii
2160 1563 2247 1601 ar-

682 1647 875 1709 tilices,
925 1644 992 1698 ab
1029 1644 1144 1713 ipsa
1185 1643 1430 1697 veritatis
1482 1641 1871 1712 perspicuitate
1904 1642 2074 1697 coacti
2114 1681 2128 1705 ,
2165 1642 2247 1695 vel

681 1736 833 1789 inviti
866 1736 1236 1789 testiinonium
1264 1732 1479 1788 veritati
1534 1731 1737 1788 ferunt.
1794 1732 2071 1803 Siquidem
2124 1733 2248 1787 (ἔξε-

681 1844 873 1883 mones
921 1844 1031 1881 non
1086 1827 1550 1897 evangelistarum
1590 1826 1825 1880 cilicium
1871 1827 2243 1895 praestabant;

2346 632 2611 701 ἀγγέλων,
2642 632 2732 685 καὶ
2757 631 2867 685 τῶν
2899 632 3027 702 περὶ
3060 629 3225 684 αὑτοῦ
3252 628 3584 700 γραψάντων
3613 627 3783 696 ἁγίων
3818 646 3912 699 μα-

2349 726 2478 791 θεῖν,
2514 728 2595 779 ὅτι
2645 725 2807 789 αὐτὸς
2840 723 2996 795 μόνος
3034 724 3178 777 ἐστὶν
3219 724 3248 775 ὀ
3285 723 3414 786 Tia;
3457 721 3555 775 καὶ
3606 722 3777 791 Λόγος
3824 723 3911 777 τοῦ

2349 818 2507 872 Θεοῦ.
2552 819 2816 888 Ἀρειανεὶ
2848 818 2903 871 δὲ
2928 819 3047 870 ἐπεὶ
3079 816 3177 887 τὴν
3202 816 3441 869 διάνοιαν
3471 816 3574 867 οὐκ
3605 814 3787 884 ἔχουσι
3820 834 3910 869 xa-

2348 911 2543 981 θαρὰν,
2571 911 2689 964 οὐδὲ
2717 909 2967 964 δύνανται
2992 908 3149 963 θείων
3184 909 3479 962 ἐπακούειν
3514 908 3614 960 καὶ
3659 907 3913 975 θεολόγων

2348 1002 2590 1073 ἀνδρῶν,
2645 1001 2792 1073 παρὰ
2834 999 2964 1070 γοῦν
3012 998 3119 1053 τῶν
3163 998 3365 1069 ὁμοίων
3409 997 3600 1061 αὐτοῖς
3653 997 3913 1068 δαιμόνων

2351 1094 2687 1165 μαθέτωσαν,
2714 1095 2796 1146 ὅτι
2825 1092 2901 1163 μὴ
2923 1091 2997 1155 ὡς
3027 1090 3234 1143 πολλῶν
3278 1088 3446 1142 ὄντων
3478 1089 3811 1158 ἀνεφώνουν,
3838 1089 3915 1143 ἀλ-

2346 1187 2414 1241 λὰ
2433 1188 2621 1240 τοῦτον
2652 1186 2813 1257 μόνον
2835 1184 3032 1246 ειδότες
3058 1184 3240 1251 ἔλεγον
3262 1196 3279 1213 ⁸
3312 1182 3396 1236 Σὺ
3423 1178 3483 1235 εἴ
3518 1186 3551 1236 ό
3576 1183 3783 1251 ’Ἄγιος
3814 1180 3915 1234 τοῦ

2354 1281 2522 1343 Θεοῦ,
2550 1280 2641 1332 καὶ
2672 1282 2703 1332 ό
2741 1278 2871 1343 Υἱὸς
2893 1276 2997 1330 τοῦ
3036 1275 3203 1330 Θεοῦ.
3239 1270 3351 1327 Καὶ
3384 1274 3493 1345 γὰρ
3524 1277 3553 1327 ὁ
3577 1274 3677 1345 τὴν
3708 1273 3913 1341 αἵρεσιν

2348 1373 2529 1435 αὐτοῖς
2558 1368 2840 1423 ὑποὸαλὼν
2859 1368 2959 1421 οὐκ
2989 1366 3159 1435 ἔλεγε,
3195 1366 3279 1420 Σὺ
3310 1362 3367 1419 εἷ
3385 1366 3587 1435 ’Ἄγιος
3614 1366 3721 1419 τοῦ
3754 1364 3914 1425 Θεοῦ,

2347 1461 2422 1525 ὡς
2451 1462 2616 1514 ὄντων
2639 1462 2731 1513 καὶ
2759 1460 2954 1523 ἄλλων,
2979 1458 3135 1521 ἀλλὰ,
3157 1456 3240 1511 Σὺ
3260 1454 3316 1511 εἷ
3332 1461 3364 1511 o'
3388 1458 3593 1527 Ἀγιος
3613 1456 3720 1510 τοῦ
3752 1456 3915 1520 Θεοῦ,

2347 1554 2422 1618 ὡς
2458 1553 2618 1624 μόνου
2648 1554 2799 1617 ὄντος
2828 1544 3015 1609 αὐτοῦ.
3053 1552 3208 1624 Καλὴ
3240 1548 3338 1605 οὖν
3379 1552 3472 1603 καὶ
3520 1551 3552 1621 ἡ
3588 1550 3683 1602 τοῦ
3715 1548 3913 1619 ἄρθρου

2349 1646 2629 1717 προσθήκη
2652 1663 2665 1676 ⁸
2695 1640 2773 1708 εἷς
2798 1645 2906 1717 γάρ
2931 1647 3076 1698 ἐστιν
3094 1648 3123 1699 ὁ
3148 1645 3304 1713 φύσει
3336 1644 3510 1712 ἆγιος,
3540 1635 3602 1696 οὗ
3632 1641 3775 1694 κατὰ
3802 1639 3920 1710 μέθο

2354 1738 2465 1805 εξιν
2504 1740 2597 1791 καὶ
2645 1740 2694 1791 οἱ
2737 1738 2884 1792 ἄλλοι
2914 1739 3079 1806 ἅγιοι.
3129 1737 3286 1791 Οῦτω
3333 1736 3427 1790 καὶ
3460 1736 3617 1788 αὐτοὶ
3662 1733 3915 1794 πολλάκις

2348 1833 2396 1884 οἱ
2427 1832 2654 1901 ἐργάται
2690 1828 2782 1883 τοῦ
2815 1829 3063 1900 ψεύδους,
3093 1828 3197 1882 ὑπὸ
3222 1829 3320 1899 τῆς
3350 1827 3640 1898 ἐναργείας
3681 1828 3918 1892 ἀναγκα-

683 1919 777 1974 sed
811 1934 935 1974 cum
964 1918 1210 1972 veritatis
1242 1919 1417 1972 lucem
1450 1918 1661 1971 obtueri
1695 1934 1802 1969 non
1834 1918 2096 1979 valerent.
2139 1919 2250 1971 cla-

2358 1919 2594 1989 ζόμενοι,
2632 1917 2965 1990 μαρτυροῦσι
2989 1922 3055 1988 τῇ
3085 1917 3312 1988 ἀληθείᾳ
3349 1918 3444 1970 κατ⁸
3468 1917 3543 1986 μὴ
3590 1914 3915 1984 βουλόμενοι·

681 2010 933 2065 mabant:
964 2008 1170 2063 Scimus
1201 2019 1247 2061 te
1274 2010 1390 2078 quis
1426 2010 1520 2072 sis,
1562 2006 1788 2061 Sanctus
1833 2007 1947 2062 Dei.

2358 2014 2479 2064 ἐπεὶ
2508 2011 2602 2065 καὶ
2634 2013 2683 2063 οι
2710 2011 2959 2082 δαίμονες
2985 2011 3106 2081 οὐχὶ
3137 2009 3245 2063 τῶν
3280 2007 3681 2077 εύαγγελιστῶν
3710 2007 3920 2058 ἐποίουν

681 2101 862 2171 ἑργον,
897 2099 1009 2153 ἀλλ’
1063 2101 1402 2154 ἀντιϐλέπειν
1448 2100 1521 2171 μὴ
1553 2101 1839 2171 δυνάμενοι
1874 2101 1951 2171 τῷ
1995 2101 2091 2171 τῆς
2129 2102 2387 2173 ἀληθείας
2427 2106 2583 2173 φωτὶ,
2635 2104 2835 2157 ἐϐόων⁸
2871 2103 3129 2174 Οῖδαμέν
3166 2118 3238 2157 σε
3278 2103 3370 2168 τίς
3409 2097 3482 2166 εἷ,
3518 2102 3550 2153 ὀ
3584 2098 3777 2167 Ἄγιος
3819 2098 3921 2151 τοῦ

685 2188 857 2245 Θεοῦ.

756 2282 911 2336 Jesus
945 2293 1152 2343 autem,
1212 2282 1292 2333 his
1342 2281 1562 2346 auditis,
1608 2281 1872 2349 respondit
1921 2281 1967 2333 ci
2026 2280 2245 2334 dicens:

686 2374 816 2429 Noli
848 2377 1045 2438 timere,
1092 2374 1240 2428 crede
1283 2385 1508 2435 tantum,
1541 2384 1589 2427 et
1639 2376 1785 2427 salva
1828 2375 1925 2426 erit
1963 2374 2027 2425 ⁵⁷.
2064 2372 2247 2427 Fidem

686 2469 861 2538 primo
892 2467 1125 2535 postulat
1160 2465 1419 2519 Dominus
1438 2466 1504 2519 ab
1527 2466 1613 2527 iis,
1636 2464 1729 2532 qui
1758 2466 2013 2519 invocant
2034 2465 2207 2533 ipsum
2234 2482 2247 2529 ;

684 2559 1142 2629 quemadmodum
1194 2574 1222 2609 a
1273 2572 1416 2611 caeco
1471 2558 1553 2609 bis
1614 2559 1791 2610 verbis
1822 2576 1843 2611 τ
1889 2558 2072 2611 Credis
2124 2559 2248 2627 quia

684 2666 895 2719 possunt
927 2650 1020 2701 hoc
1048 2648 1139 2701 tibi
1161 2650 1332 2716 facere
1364 2650 1445 2701 ‘3?
1468 2657 1514 2700 et
1556 2649 1792 2702 lunatico
1820 2651 1927 2704 ait:
1966 2650 2025 2703 Si
2054 2651 2247 2713 credis,

686 2740 775 2809 [iet
811 2739 875 2791 δ’.
914 2736 967 2790 ld
1010 2749 1187 2791 autem
1239 2736 1492 2792 Servator
1522 2740 1781 2807 postulat,
1817 2756 1923 2792 non
1975 2740 2120 2809 quod
2169 2740 2249 2793 al-

689 2832 856 2885 terius
886 2845 986 2900 opc
1012 2840 1198 2901 egeat:
1236 2832 1350 2900 ipse
1380 2847 1614 2901 namque
1646 2831 1765 2884 lidei
1794 2846 2014 2901 quoque
2065 2830 2247 2884 domi-

685 2938 790 2977 nus
813 2932 866 2977 et
890 2923 1112 2991 largitor
1145 2932 1269 2988 est;
1302 2924 1393 2977 sed
1421 2939 1487 2977 ne
1527 2924 1771 2976 videatur
1797 2938 2060 2993 personas
2108 2922 2253 2976 acci-

688 3028 835 3082 pere,
878 3021 1042 3079 utque
1077 3022 1295 3082 putetur
1342 3013 1518 3082 ipsum
1573 3012 1923 3067 credentibus
1963 3029 2205 3068 abnuere
2237 3052 2254 3079 ,

690 3102 1047 3173 hominesque
1075 3104 1192 3158 sine
1228 3104 1331 3158 tide
1367 3104 1631 3159 beneficia
1661 3121 1768 3159 non
1802 3118 2144 3176 accepturos.
2175 3117 2255 3161 at—

689 3211 794 3264 que
825 3210 890 3248 ex
943 3194 1259 3249 inﬁdelitate
1312 3196 1502 3250 eadem
1566 3198 1868 3255 amissuros
1920 3214 2062 3253 esse.
2119 3197 2253 3252 Nam

2426 2280 2538 2351 (50)
2582 2281 2642 2332 '0
2680 2279 2747 2332 δὲ
2800 2278 3059 2345 Ἰησοῦς,
3107 2278 3401 2344 ἀκούσας,
3441 2278 3735 2345 ἀπεκρίθη
3767 2276 3921 2342 αὐτῷ

2354 2377 2548 2445 λέγων
2568 2393 2579 2404 ·
2610 2374 2705 2441 Μὴ
2729 2372 2916 2442 φοϐοῦ
2937 2388 2950 2401 ⁸
2989 2372 3181 2441 μόνον
3218 2372 3489 2434 πίστευε,
3523 2372 3621 2424 καὶ
3658 2369 3922 2435 σωθήσε-

2355 2484 2469 2521 ται.
2505 2464 2696 2520 Πίστιν
2722 2482 2783 2535 γε
2809 2467 3027 2519 ἀπαιτεῖ
3061 2462 3279 2536 πρῶτον
3307 2464 3433 2525 τοὺς
3464 2462 3920 2533 ἐπικαλουμένους

2357 2560 2519 2613 αὑτὸν
2547 2562 2576 2611 ὁ
2607 2558 2842 2631 Κύριος⁸
2890 2556 2964 2621 ὡς
3008 2558 3098 2610 ἐπὶ
3145 2555 3237 2609 τοῦ
3293 2554 3496 2623 τυελοῦ
3544 2555 3719 2623 λέγων
3757 2572 3771 2584 ·
3831 2558 3921 2607 Πι·

2359 2654 2616 2715 στεύεις,
2636 2650 2725 2703 ὅτι
2757 2650 3015 2719 δύναμαί
3038 2665 3134 2704 σοι
3164 2649 3339 2703 τοῦτο
3380 2647 3667 2715 ποιῆσαι;
3698 2649 3793 2700 καὶ
3832 2648 3922 2700 ἐπὶ

2355 2745 2448 2797 τοῦ
2489 2742 2935 2815 σεληνιαζομένου
2971 2743 3027 2795 δέ
3069 2759 3262 2813 φησιν,
3301 2742 3383 2795 ὅτι
3429 2741 3566 2794 Ἐὰν
3612 2740 3919 2805 marcum,

2363 2839 2607 2906 γίνεται.
2644 2837 2890 2889 Ἀπαιτεί
2914 2835 2974 2888 δὲ
3003 2833 3160 2887 τοῦτο
3190 2838 3218 2887 ό
3246 2834 3436 2906 Σωτὴρ
3456 2875 3470 2898 ,
3501 2834 3602 2886 οὐκ
3631 2832 3923 2901 ἐπειδήπερ

2361 2930 2560 3003 ἔχρῃζε
2605 2930 2703 3000 τῆς
2732 2929 2857 2999 παρ’
2890 2927 3090 2999 ἐτέρων
3124 2927 3410 2999 συνεργίας
3431 2942 3444 2953 ⁸
3500 2926 3666 2988 αὐτὸς
3695 2925 3806 2996 γὰρ
3832 2923 3923 2977 καὶ

2362 3021 2466 3091 τῆς
2494 3019 2727 3082 πίστεως
2769 3018 2955 3089 κύριος
2986 3016 3078 3070 καὶ
3104 3017 3336 3087 χορηγός
3363 3019 3508 3069 ἐστιν
3535 3033 3549 3046 ⁸
3579 3017 3694 3069 ἀλλ’
3729 3016 3816 3069 ἵνα
3850 3015 3921 3085 μὴ

2362 3112 2433 3175 ὡς
2464 3110 2771 3183 προσώποις
2790 3109 3150 3181 χαριζόμενος
3184 3112 3349 3179 φανῇ,
3405 3108 3519 3162 ἀλλ’
3559 3110 3640 3161 ὅτι
3674 3110 3786 3170 τοῖς
3843 3123 3923 3157 πι-

2359 3204 2636 3257 στεύουσιν
2665 3201 2921 3267 ἐπινεύει,
2953 3204 3049 3257 καὶ
3080 3204 3165 3257 ἵνα
3187 3205 3258 3272 μὴ
3278 3203 3446 3274 χωρὶς
3476 3201 3711 3265 πίστεως
3736 3201 3921 3266 δέξωνο

690 3302 813 3338 cuni
848 3285 1077 3355 gratiam
1115 3286 1359 3350 confert,
1392 3287 1506 3340 vult
1546 3288 1777 3356 gratiam
1816 3303 2175 3357 permanere;
2203 3299 2257 3344 et

2360 3313 2451 3349 ται
2476 3295 2572 3358 τὰς
2614 3295 2946 3365 εὐεργεσίας,
2997 3296 3087 3347 καὶ
3117 3297 3181 3364 τῇ
3227 3294 3454 3363 ἀπιστία
3486 3292 3690 3355 ταύτας
3725 3291 3917 3344 ἀπολέο

691 3377 911 3443 quando
941 3386 1118 3440 curat,
1160 3377 1496 3431 curationem
1527 3394 1804 3447 nunquam
1836 3381 2049 3434 cadere.
2084 3378 2253 3435 Para-

696 3469 913 3538 lyticum
940 3484 1070 3541 ergo
1102 3469 1461 3524 continuabat
1498 3470 1718 3525 dicens:
1761 3470 1933 3527 Sanus
1961 3474 2133 3542 factus
2176 3490 2250 3538 es.

693 3565 797 3616 noli
825 3562 1050 3632 amplius
1076 3579 1289 3631 peccare
1315 3564 1381 3615 ⁷ο.
1411 3566 1489 3618 Ac
1521 3564 1978 3633 quemadmodum
2010 3566 2054 3619 si
2086 3566 2255 3621 medi-

694 3673 790 3711 cus
815 3672 937 3709 cum
963 3658 1151 3710 morbo
1178 3656 1483 3713 laborantes
1511 3660 1643 3723 adit,
1670 3658 1976 3713 sciscitetur
1995 3659 2263 3727 primum,

694 3765 760 3802 an
796 3748 975 3801 curari
1005 3747 1193 3809 velint,
1222 3764 1285 3800 ne
1316 3748 1456 3818 ipso,
1486 3750 1915 3819 repugnantibus
1936 3752 2117 3821 (agris,
2142 3766 2258 3805 me-

694 3840 871 3894 delam
922 3840 1253 3902 ailbibentc,
1319 3840 1527 3894 inutilis
1597 3856 1728 3895 cura
1788 3842 2014 3900 evadat:
2066 3844 2256 3897 eodem

697 3946 922 4001 prorsus
956 3932 1058 3984 ritu
1096 3931 1357 3985 Dominus
1387 3934 1657 3985 curandos
1690 3932 2080 4003 interrogabat,
2103 3935 2262 4006 ipsis-

697 4037 803 4092 que
848 4022 1193 4077 credentibus
1232 4022 1458 4091 gratiam
1500 4021 1832 4086 conferebat,
1889 4035 1949 4079 ut
1998 4028 2099 4080 tide
2134 4042 2257 4094 ενοι

700 4118 832 4171 tiam
866 4118 1096 4170 retinere
1128 4121 1379 4185 possent:
1412 4131 1536 4170 nam
1566 4118 1865 4173 voluntatis
1902 4119 2069 4173 animi
2125 4119 2257 4173 ﬁdes

698 4216 1073 4280 argumentum
1097 4219 1199 4263 est.
1241 4207 1331 4263 Sic
1363 4210 1541 4277 itaque
1569 4209 1674 4277 iam
1705 4228 1715 4262 :
1750 4209 1917 4265 Crede
1940 4220 2170 4273 tantum,
2202 4222 2253 4264 et

696 4303 843 4357 salva
878 4304 999 4357 erit.

2366 3406 2518 3443 σωσι.
2555 3386 2704 3440 Θέλει
2727 3387 2835 3456 γὰρ
2863 3384 3217 3456 χαριζόμενος
3254 3384 3591 3455 παραμένειν
3622 3383 3721 3452 τὴν
3747 3382 3917 3451 χάριν,

2362 3479 2453 3533 καὶ
2506 3478 2821 3551 θεραπεύων
2879 3478 3216 3531 ἀδιάπτωτον
3262 3472 3402 3527 εἶναι
3458 3474 3557 3545 τὴν
3612 3472 3916 3543 θεραπείαν.

2376 3571 2729 3638 Ἦσφαλίζετο
2762 3569 2890 3639 γοῦν
2920 3569 3011 3623 τὸν
3039 3566 3405 3639 παραλυτικὸν
3436 3564 3609 3634 λέγων
3630 3582 3643 3595 ⁸
3726 3562 3919 3630 ’Υγιῐις

2362 3664 2630 3733 γέγονας,
2655 3662 2865 3732 μηκέτι
2901 3660 3219 3731 ἁμάρτανε.
3254 3660 3366 3712 Καὶ
3406 3657 3597 3729 ὥσπερ
3639 3658 3704 3711 ἄν
3734 3673 3815 3718 τις
3846 3656 3920 3706 ία-

2356 3754 2482 3824 τρὸς
2514 3752 2697 3806 εἰσιὼν
2732 3754 2867 3824 πρὸς
2905 3752 3031 3815 τοὺς
3083 3750 3390 3820 κάμνοντας
3424 3748 3746 3803 πυνθάνοιτο
3787 3745 3922 3817 πρῶ-

2354 3862 2466 3905 τον,
2503 3845 2550 3896 εἰ
2584 3843 2853 3912 βούλοιντο
2883 3841 3301 3913 θεραπεύεσθαι,
3330 3842 3415 3893 ἵνα
3446 3841 3543 3911 μὴ,
3571 3838 3733 3892 αὑτοῦ
3764 3854 3918 3908 φρον-

2355 3933 2614 3996 τίζοντος,
2641 3934 2908 3985 κάκείνων
2945 3933 3019 4003 μὴ
3052 3929 3419 4002 βουλομένων,
3448 3929 3733 4000 ἀνωφελὴς
3763 3931 3795 3998 ἡ
3841 3928 3921 3981 θε-

2366 4024 2563 4097 ραπεία
2596 4026 2839 4093 γένηται,
2872 4022 3295 4094 ἐναντιουμένων
3328 4023 3434 4075 τῶν
3460 4022 3773 4092 καμνόντων
3796 4019 3919 4087 πρὸς

2364 4119 2462 4189 τὴν
2494 4116 2587 4171 τοῦ
2623 4117 2806 4188 ἰατροῦ
2836 4116 3028 4187 τέχνην
3052 4131 3066 4145 ⁸
3101 4114 3245 4168 οὕτω
3278 4113 3373 4167 καὶ
3406 4116 3434 4167 ό
3463 4114 3669 4183 Κύριος
3696 4113 3801 4165 τῶν
3835 4112 3917 4165 θε-

2366 4208 2745 4280 ραπευομένων
2776 4207 3124 4267 ἐπυνθάνετο,
3142 4206 3235 4258 καὶ
3250 4208 3363 4268 τοῖς
3392 4204 3738 4258 πιστεύουσιν
3757 4203 3919 4273 ἐχαρί-

2364 4301 2504 4366 ζετο,
2527 4302 2613 4353 ἵνα
2636 4304 2703 4371 τῇ
2726 4299 2905 4353 πίστει
2921 4300 3015 4352 καὶ
3035 4298 3132 4370 τὴν
3153 4297 3312 4369 χάριν
3330 4299 3622 4367 κατασχεῖν
3641 4295 3912 4367 δυνηθῶσι·

697 4398 981 4469 γνώρισμα
1006 4398 1114 4468 γὰρ
1140 4397 1239 4466 τῆς
1265 4397 1638 4468 προαιρέσεως
1665 4397 1766 4469 τῆς
1802 4397 1978 4469 ψυχῆς
2010 4399 2042 4468 ἡ
2076 4397 2255 4459 πίστις
2292 4396 2427 4449 ἐστί.
2459 4398 2568 4450 Καὶ
2595 4396 2688 4450 νῦν
2718 4392 2811 4450 οὖν
2859 4410 3019 4466 onor
3061 4395 3264 4448 Μόνον
3304 4393 3575 4457 πίστευε,
3608 4391 3705 4444 καὶ
3741 4388 3917 4454 σωθή-

698 4510 885 4547 σεται.

774 4588 1002 4643 Factum
1042 4595 1117 4641 est
1148 4598 1344 4653 autem,
1373 4584 1766 4638 ambulantibus
1794 4584 1902 4638 illis
1940 4586 1995 4638 iit
2037 4587 2143 4649 via,
2177 4586 2249 4639 dir
2294 4595 2344 4651 ι)

700 4682 781 4733 ait
818 4679 1032 4750 quidam
1086 4680 1153 4731 ad
1200 4678 1389 4731 illum:
1432 4676 1635 4746 Sequar
1679 4686 1726 4729 te
1767 4693 2074 4747 quocunque
2118 4679 2263 4744 ieris,

702 4772 941 4827 Domine.
987 4772 1055 4825 lit
1089 4771 1226 4824 dixit
1267 4770 1347 4823 illi
1380 4769 1573 4824 Iesus:
1630 4765 1815 4838 Vulpes
1850 4770 2024 4839 foveas
2055 4770 2264 4835 habent,

703 4882 750 4923 et
790 4871 1027 4923 volucres
1066 4868 1181 4921 τωιι
1226 4865 1498 4919 domicilia
1535 4881 1553 4929 ;
1602 4864 1780 4919 Filius
1836 4875 2010 4918 autem
2043 4866 2267 4919 hominis

708 4980 812 5016 non
841 4962 991 5016 habet
1020 4963 1106 5015 ubi
1145 4968 1301 5028 caput
1336 4958 1550 5012 reclinet
1592 4959 1659 5010 ".
1710 4959 2074 5023 Quamobrem
2125 4959 2270 5012 bunc

705 5057 942 5112 Scribam
962 5095 976 5119 ,
1008 5056 1101 5124 qui
1132 5070 1188 5108 se
1205 5070 1328 5109 eum
1360 5063 1677 5108 secuturum
1710 5052 2088 5120 pollicebatur,
2107 5052 2269 5104 verbo

708 5150 915 5204 scilicet
949 5147 1300 5208 clamantem,
1327 5161 1390 5200 ac
1425 5154 1605 5199 mente
1634 5145 1768 5199 nihil
1810 5144 2114 5210 curantem,
2177 5144 2269 5197 sed

710 5242 830 5296 aliis
882 5248 1209 5311 pertractum
1251 5239 1482 5307 negotiis
1527 5238 1715 5290 vilens
1772 5235 2057 5299 Dominus,
2106 5251 2269 5305 argu-

712 5344 895 5389 mento
922 5349 1045 5388 eum
1086 5332 1292 5401 pudore
1328 5328 1583 5383 suffudit:
1643 5344 1836 5396 neque,
1867 5337 2147 5382 aversatus
2197 5326 2276 5377 vi-

717 5444 833 5482 rum
866 5427 1081 5498 repulit,
1120 5439 1298 5495 neque
1338 5424 1484 5477 velut
1528 5424 1751 5492 ignarus
1800 5422 1917 5491 ejus
1962 5422 2129 5476 dictis
2177 5422 2273 5475 de-

788 5621 828 5650 "
868 5627 1001 5684 Luc.
1030 5644 1149 5690 viti,
1189 5629 1274 5682 50.
1354 5627 1397 5658 “
1431 5625 1620 5681 Matth.
1666 5645 1743 5694 ιτ,
1771 5629 1863 5682 28.

812 5827 899 5895 ΖΟ)
928 5824 1045 5879 Haec
1080 5825 1131 5880 in
1160 5843 1345 5882 eoocm
1383 5829 1593 5884 codice.

2440 4579 2550 4651 (5i)
2618 4578 2879 4649 Ἐγένετο
2912 4577 3020 4643 δὲ,
3060 4577 3477 4647 πορευομένων
3526 4577 3726 4631 αὐτῶν
3768 4573 3917 4641 ὲντῆ

2365 4671 2500 4736 ὁδῷ,
2523 4668 2652 4725 εἷπέ
2674 4688 2761 4736 τις
2790 4670 2939 4738 πρὸς
2964 4669 3148 4722 αὐτόν
3169 4685 3183 4699 ⁸
3221 4668 3637 4734 Ἀκολουθήσω
3664 4685 3760 4722 σοι
3779 4668 3914 4720 ὅπου

2366 4763 2441 4815 ἂν
2459 4762 2711 4832 ἀπέρχῃ,
2745 4764 2943 4830 Κύριε.
2976 4761 3084 4816 Kal
3106 4760 3275 4817 εἷπεν
3301 4761 3461 4827 αὑτῴ
3484 4765 3516 4815 ὀ
3556 4761 3797 4829 Ἰησοῦς
3822 4777 3837 4791 ·
3859 4760 3917 4811 Al

2365 4852 2670 4921 ἀλώπεκες
2700 4856 2968 4923 φωλεοὺς
3000 4855 3243 4923 έχουσι,
3290 4855 3388 4909 καὶ
3435 4854 3506 4908 τὰ
3537 4855 3777 4908 πετεινὰ
3826 4853 3915 4906 τοῦ

2368 4945 2626 5011 οὐρανοῦ
2661 4942 3149 5012 κατασκηνώσεις
3175 4963 3189 4977 ⁸
3236 4949 3269 5000 ὀ
3301 4944 3370 4999 δὲ
3404 4944 3541 5011 Υἱὸς
3574 4945 3681 4998 τοῦ
3716 4942 3916 5011 ἀνθρώί

2368 5051 2485 5088 ,σου
2520 5036 2627 5089 οὐκ
2651 5037 2772 5103 ἔχει
2800 5037 2917 5089 ποῦ
2945 5035 3059 5103 τὴν
3082 5035 3359 5105 κεφαλὴν
3379 5038 3576 5104 κλίνῃ.
3613 5033 3703 5089 Διδ
3731 5036 3816 5088 καὶ
3842 5034 3917 5087 τὸν

2368 5125 2695 5196 γραμματέα
2728 5126 2914 5179 τοῦτον
2945 5126 3410 5196 ἐπαγγελλόμενον
3438 5128 3820 5198 ἀκολουθήσειν
3844 5125 3919 5179 αἱ·

2369 5218 2463 5288 τῷ.
2496 5220 2590 5272 καὶ
2630 5218 2707 5289 τῷ
2744 5220 2841 5290 μὲν
2873 5221 3077 5291 ῥήματι
3114 5219 3343 5290 βοῶντα,
3387 5223 3453 5291 τῇ
3501 5221 3559 5274 δὲ
3600 5221 3807 5291 διανοίᾳ
3856 5218 3918 5286 μὴ

2373 5310 2720 5379 σχολάζοντα,
2757 5311 2870 5364 ἀλλ’
2899 5314 2955 5364 ὲν
2983 5311 3190 5382 ἑτέροις
3210 5310 3578 5381 ἀφελκὸμενον
3596 5310 3741 5383 ὁρῶν
3770 5313 3798 5364 ὁ
3827 5308 3920 5361 Κύ-

2376 5418 2507 5471 ριος,
2539 5401 2805 5454 ἐδυσώπει
2838 5401 2925 5453 διὰ
2953 5401 3047 5454 τοῦ
3094 5401 3314 5471 ἐλέγχου
3341 5418 3354 5431 ·
3388 5401 3482 5454 καὶ
3528 5400 3653 5454 οὕτε
3691 5402 3767 5465 ὡς
3807 5401 3920 5453 ἁπο-

1938 5629 1981 5659 "
2013 5628 2176 5683 Marc.
2223 5644 2293 5689 ix,
2324 5627 2414 5679 εξ.
2489 5628 2532 5658 ⁷⁸
2580 5626 2735 5681 .Ioan.
2788 5645 2838 5689 v,
2887 5628 2969 5681 li.
3044 5629 3087 5659 τί
3118 5628 3241 5686 Luc.
3282 5647 3355 5695 ις,
3381 5630 3470 5700 57,
3494 5633 3589 5690 58.

2456 5830 2565 5900 (3i)
2597 5828 2649 5884 lu
2682 5829 2867 5885 eodem
2898 5829 3099 5885 codice.
