4142 6468
215 421 357 473 1401

1441 415 1863 469 FRAGMENTA
1902 416 1963 467 IN
2005 415 2253 470 LUCAM.

3300 417 3432 471 1302

210 536 549 608 τρεπόμενος
578 533 763 587 τοῦτον
790 532 1030 593 ἐδίωκεν,
1074 529 1195 584 οὔτε
1244 530 1318 594 ὡς
1358 530 1568 599 ἀγνοῶν
1616 529 1781 583 ἐπλα-

1902 542 2068 600 :eptus
2108 541 2223 598 est;
2268 532 2361 587 sed
2392 534 2538 588 velut
2578 547 2778 601 gnarus
2811 534 3160 604 coarguebat,
3194 542 3247 588 et
3277 535 3433 605 quasi

213 629 352 681 νᾶτο
378 625 480 677 ὑπὸ
503 624 609 676 τῶν
634 622 819 676 τούτου
857 621 1112 692 ῥημάτων
1138 640 1149 651 ·
1190 621 1325 674 ἀλλὰ
1365 622 1455 673 καὶ
1509 622 1583 683 ὡς
1626 620 1781 684 εἰδὼς

217 714 444 783 ἡλεγχε,
478 710 573 764 καὶ
600 712 673 773 ὼς
706 708 971 763 παιδεύων
1002 709 1314 782 διωρθοῦτο.
1352 711 1649 779 Μονονουχὶ
1676 710 1782 780 γὰρ

217 804 386 859 τοῦτο
427 804 600 872 λέγων
631 803 926 868 ἐδίδασκεν,
958 794 1033 866 ὡς
1078 803 1187 873 ἄρα
1218 802 1390 864 οὐδεὶς
1442 801 1662 854 δύναται
1707 800 1783 870 τῷ

216 898 382 967 Λόγῳ
412 895 716 950 ἀκολουθεῖν
743 895 1149 964 ἀναπαυόμενος
1180 896 1237 948 ἐν
1266 893 1497 962 ἀλόγοις,
1528 893 1645 946 οὐδὲ
1678 893 1784 945 τῶν

220 987 482 1055 ἁλόγωνό
513 986 660 1054 φίλος
695 985 913 1038 δύναται
950 986 1041 1037 τὸν
1094 985 1261 1052 Λόγον
1306 984 1578 1054 δέχεσθαι,
1612 983 1733 1036 οὐδὲ
1758 985 1785 1037 6

221 1078 297 1131 τὰ
335 1078 500 1147 ἄλογα
547 1075 942 1147 φανταζόμενος
994 1074 1213 1128 δύναται
1265 1074 1357 1128 τοῦ
1408 1075 1580 1143 Λόγου
1624 1091 1787 1143 μετα-

223 1170 522 1240 λαμϐάνειν
553 1170 776 1223 ἔννοιαν.
827 1167 1040 1237 ’Λμέλει
1078 1169 1143 1219 ἐκ
1185 1166 1281 1236 τῆς
1319 1164 1522 1236 τόλμης
1558 1165 1621 1219 τὸ
1647 1165 1787 1233 γνώ-

228 1276 406 1332 ρισμα
429 1261 528 1329 τῆς
562 1259 887 1331 προπετείας
926 1260 1019 1312 κα)⁸
1044 1258 1393 1320 ἀπαιδευσίας
1444 1257 1653 1322 ἔξεστιν
1685 1259 1786 1311 αὐ-

224 1353 325 1406 τοῦ
348 1353 697 1423 καταμαθεῖν.
724 1353 784 1405 Εἰ
809 1351 916 1424 γὰρ
945 1351 1208 1422 ἠπίστατο
1233 1350 1327 1403 τοῦ
1361 1350 1531 1418 Λόγου
1546 1335 1660 1421 ’τὴν
1692 1350 1787 1405 δῦ-

225 1462 418 1515 ναμιν,
448 1447 546 1498 οὐκ
574 1444 638 1498 ἂν
666 1445 801 1509 ὅλως
828 1445 1127 1514 φαντασίαν
1175 1444 1383 1513 εἰλήφει
1422 1442 1786 1513 πνευματικοῦ

227 1539 432 1606 Λόγου,
465 1539 563 1591 οὐκ
594 1538 660 1592 ἂν
680 1537 961 1608 ἄνθρωπος
1003 1535 1079 1587 ὢν
1110 1535 1319 1599 ὲξισοῦν
1368 1534 1558 1587 ἑαυτὸν
1589 1534 1789 1603 ἐτόλμα

228 1632 299 1699 τῇ
330 1629 422 1680 τοῦ
457 1630 703 1699 Σωτῆρος
730 1626 1095 1698 ἀκαταλήπτῳ
1122 1627 1345 1697 δυνάμει
1376 1626 1544 1695 λέγων
1575 1643 1586 1657 '
1637 1628 1790 1681 Ἄκο-

230 1717 518 1783 λουθήσω
557 1734 656 1771 σοι
696 1718 847 1772 ὅπου
878 1718 985 1771 ἐὰν
1027 1716 1273 1786 ἀπέρχῃ.
1330 1716 1660 1770 Ἀκολουθεῖν
1693 1718 1790 1787 μὲν

230 1811 345 1880 γὰρ
365 1810 724 1881 ἁπλούστερον
753 1808 828 1881 τῷ
854 1809 1066 1881 Σωτῆρι
1091 1810 1223 1880 πρὸς
1248 1809 1307 1861 τὸ
1328 1810 1425 1878 τῆς
1451 1796 1788 1873 διδασκαλίας

232 1900 402 1953 αὑτοῦ
426 1900 639 1952 ἀκούειν
663 1900 883 1953 δυνατὸν
902 1903 966 1971 τῇ
985 1898 1293 1970 ἀνθρωπίνῃ
1316 1898 1493 1968 φύσει,
1519 1900 1611 1951 καλ⁵
1639 1898 1794 1952 τοῦτο

237 1991 382 2044 κατᾶ
412 1992 508 2061 τὴν
557 1992 718 2045 αὑτοῦ
765 1992 1166 2063 φιλανθρωπίαν
1201 2009 1213 2021 ⁸
1259 1992 1685 2045 συνεκτείνεσθαι
1735 1992 1794 2045 δὲ

238 2083 338 2134 καὶ
369 2082 673 2151 συντρέχειν
708 2082 854 2151 αὐτῷ
888 2081 1160 2152 πανταχοῦ
1188 2122 1201 2143 ,
1231 2083 1386 2135 τοῦτο
1417 2082 1509 2135 καὶ
1538 2082 1798 2136 ἀδύνατον

237 2174 336 2237 καὶ
379 2173 647 2247 τολμηρὸν
682 2174 757 2243 τῷ
804 2174 1276 2244 ἐπαγγελλομένῳ.
1332 2173 1468 2228 Οῦτε
1516 2175 1622 2245 γὰρ
1666 2177 1795 2229 ἁνα-

235 2263 528 2333 παυομένῳ
558 2262 703 2333 αὑτῴ
740 2264 887 2333 παρὰ
921 2263 999 2333 τῷ
1037 2264 1210 2335 Πατρὶ
1237 2267 1468 2318 συνεῖναι
1500 2263 1790 2335 δυνάμεθα·

237 2355 359 2418 πῶς
388 2356 513 2424 γὰρ,
544 2355 705 2424 ἄλλης
731 2356 941 2423 φύσεως
967 2357 1357 2426 τυγχάνοντεςς
1384 2355 1505 2408 οὔτε
1524 2355 1794 2425 πανταχοῦ

238 2448 388 2517 αὖτῴ
414 2448 525 2501 όντι
557 2447 875 2519 συνδραμεῖν
923 2442 1031 2501 οἷόν
1062 2465 1140 2500 τε.
1183 2448 1243 2500 '0
1300 2448 1396 2518 μὲν
1434 2447 1541 2519 γὰρ
1578 2448 1795 2519 ἀχώρη-

237 2556 352 2603 τος,
387 2542 433 2591 οἱ
459 2540 513 2591 δὲ
541 2539 804 2610 χωρητοί⁴
846 2541 938 2593 καὶ
960 2542 988 2593 6
1020 2541 1115 2610 μὲν
1149 2541 1205 2591 ὲν
1240 2540 1315 2609 τῷ
1357 2541 1518 2592 παντί
1566 2541 1659 2593 καὶ
1695 2540 1797 2604 ἔξω

238 2631 338 2681 τοῦ
370 2631 564 2694 παντός
597 2634 762 2695 ἐστιν,
800 2633 849 2683 οἱ
879 2632 935 2684 δὲ
965 2633 1023 2683 ὲν
1065 2630 1140 2702 τῷ
1171 2633 1331 2684 παντὶ
1382 2632 1796 2703 μεμετρημένην

240 2720 435 2790 ἔχομεν
466 2722 561 2792 τὴν
590 2722 841 2775 σύστασιν
860 2739 871 2750 ·
904 2722 996 2774 καὶ
1015 2723 1043 2773 6
1062 2722 1158 2793 μὲν
1183 2723 1383 2792 Κύριος
1414 2725 1681 2794 ἀκινήτως
1708 2724 1798 2776 καὶ

240 2813 601 2881 ἀμεταδότως
628 2816 765 2867 κινεῖ
798 2812 866 2865 τά
894 2814 1187 2884 πανταχοῦ,
1218 2816 1309 2868 καὶ
1338 2815 1405 2868 τὰ
1442 2814 1537 2868 ὅλα
1568 2816 1757 2869 διοικεί
1782 2833 1794 2846 ·

242 2904 517 2975 ἄνθρωποι
554 2904 628 2967 δὲ,
657 2905 1067 2975 μεταϐαίνοντες
1107 2907 1197 2974 ἀφ’
1226 2898 1287 2958 οῦ
1331 2906 1644 2976 κινούμεθα,
1693 2907 1800 2960 λει-

244 2995 459 3065 πόμεθα
483 2998 546 3065 τῇ
580 2995 855 3065 ἀπολείψει
899 2998 993 3085 τὶοῦ
1032 3000 1195 3051 τόπου
1232 2998 1365 3068 πρὸς
1404 2996 1502 3067 τὴν
1536 2997 1802 3066 ἀμτάὁα-

240 3104 334 3138 τον
379 3086 645 3155 πανταχοῦ
688 3088 787 3157 τῆς
820 3088 1067 3160 θεότητος
1091 3088 1259 3142 αὑτοῦ
1291 3088 1614 3159 παρουσίαν.
1660 3089 1797 3141 Ἀλλ’

240 3180 269 3229 6
314 3175 513 3247 Κύριος
540 3179 656 3230 κατ’
687 3178 968 3251 ἀμφότερα
1012 3180 1197 3234 τοῦτον
1246 3178 1571 3249 διορθοῦται,
1613 3180 1703 3233 καὶ
1740 3180 1800 3233 τὸ
1826 3205 1867 3262 C

246 3266 347 3337 μὲν
377 3267 655 3338 ἀνέτοιμον
689 3270 785 3341 τῆς
814 3269 1125 3341 προθέσεως
1163 3272 1443 3343 διελέγχει,
1482 3273 1580 3345 τὴν
1608 3274 1664 3327 δὲ
1700 3275 1800 3345 τῆς

243 3358 493 3428 θεότητος
520 3360 680 3412 αὐτοῦ
726 3362 1115 3433 μεγαλειότητα
1167 3364 1446 3427 παιδεύει,
1483 3365 1653 3434 λέγων
1679 3382 1692 3396 ’
1732 3369 1801 3419 Al

243 3448 550 3516 ἀλώπεκες
577 3453 844 3520 φωλεοὺς
873 3454 1081 3522 ἔχουσι
1101 3494 1115 3520 ,
1146 3455 1239 3508 καὶ
1276 3455 1343 3508 τὰ
1378 3454 1520 3525 ἑξῆς.
1564 3458 1705 3509 Ἴσον
1745 3456 1802 3509 δὲ

239 3540 419 3611 τούτῳ
464 3545 634 3595 εἰπεῖν
673 3547 805 3608 ἐστι,
856 3546 923 3597 τὰ
976 3546 1072 3614 μὲν
1125 3549 1323 3617 γενητὰ
1372 3550 1549 3602 πάντα
1581 3548 1804 3621 χωρητά

240 3632 526 3701 τυγχάνει,
561 3636 651 3686 καὶ
693 3636 873 3700 τόποις
904 3636 1205 3705 διίσταται,
1242 3641 1271 3693 6
1310 3640 1367 3693 δὲ
1409 3640 1580 3708 Λόγος
1633 3643 1661 3693 ὁ
1708 3640 1803 3693 τοῦ

244 3723 384 3777 Θεοῦ
405 3723 682 3796 ἀχὼρητον
714 3726 825 3797 ἔχει
857 3728 952 3799 τὴν
985 3728 1212 3799 δύναμιν
1233 3746 1244 3758 ·
1279 3730 1415 3783 ὥστε
1450 3730 1544 3783 τοῦ
1589 3731 1683 3802 μὲν
1716 3731 1804 3784 λὲυ

246 3834 391 3885 γειν,
444 3818 524 3869 ὅτι
573 3817 761 3871 Ὅπου
813 3819 919 3872 ἐὰν
961 3821 1192 3891 ἀπέρχῃ
1238 3822 1629 3889 ἀκολουθήσω
1671 3840 1802 3888 σοι,

246 3908 494 3962 παῦσαι·
549 3911 596 3961 εἰ
650 3911 704 3962 δε
747 3911 1144 3982 μαθητεύεσθαι
1207 3914 1407 3981 θέλεις,
1446 3915 1657 3969 ἀπόστα
1700 3916 1806 3969 τῶν

244 3999 477 4066 ἀλόγων,
502 4000 882 4071 οἱκειώθητιδὲ
916 4002 992 4073 τῷ
1029 4004 1185 4073 Λόγῳ
1217 4022 1227 4032 ·
1262 4005 1519 4060 ἀδύνατον
1560 4007 1666 4075 γὰρ
1714 4008 1802 4060 τὸν

245 4090 461 4158 ἀλογίᾳ
494 4090 715 4143 συνόντα
748 4091 920 4160 Λόγου
946 4093 1198 4161 γενέσθαι
1223 4095 1490 4167 μαθητήν.

267 4250 275 4258 ’
325 4264 433 4335 (32)
474 4266 592 4318 Τίνι
642 4265 906 4334 ὁμοιώσω
932 4268 1046 4336 τὴν
1092 4269 1418 4333 βασιλείαν
1464 4273 1568 4326 τοῦ
1614 4276 1806 4339 Θεοῦ;

261 4356 465 4423 Ὀμοία
484 4357 609 4409 ἐστὶ
640 4356 782 4427 ζύμῃ
813 4398 827 4422 ,
870 4357 951 4426 ἢν
982 4361 1253 4414 ,λαϐοῦσα
1293 4362 1445 4431 γυνὴ
1477 4363 1811 4433 ἐνέκρυψεν

250 4449 340 4510 εὶς
366 4448 621 4516 ἀλεύρου
650 4448 803 4502 σάτα
833 4453 965 4518 τρία
996 4494 1010 4517 ,
1059 4453 1163 4518 ἕως
1207 4450 1277 4509 οὗ
1321 4453 1578 4524 ἐζυμώθη
1641 4456 1804 4510 ὅλον.

1882 622 2134 676 erudiens
2166 622 2490 691 corrigebat.
2524 622 2659 676 Cum
2692 623 2802 677 haec
2832 624 2974 677 enim
2994 623 3217 687 diceret,
3237 623 3431 680 docere

1883 713 2187 778 videbatur,
2220 714 2487 767 neminem
2518 728 2677 781 posse
2725 712 2963 768 Verbum
2997 715 3111 768 sive
3152 713 3435 771 Rationem

1884 804 2055 873 sequi,
2083 804 2127 857 si
2159 804 2211 859 in
2242 804 2704 861 irrationabilibus
2738 805 3060 875 quiesceret,
3098 822 3274 877 neque
3301 809 3440 862 irra-

1884 894 2225 950 tionabilium
2257 905 2552 950 amatorem
2600 912 2763 966 posse
2806 896 3037 952 Verbum
3086 898 3199 953 sive
3247 897 3437 954 Ratio-

1885 1001 2003 1039 nem
2043 985 2315 1054 excipere,
2361 1002 2536 1055 neque
2584 987 2983 1044 irrationabilia
3016 990 3437 1045 comminiscen-

1888 1086 1992 1130 tem
2041 1091 2201 1147 posse
2247 1075 2494 1132 Rationis
2521 1078 2766 1132 notitiam
2786 1080 3023 1151 assequi.
3051 1081 3126 1135 Ex
3149 1097 3282 1136 ausu
3307 1098 3439 1138 sane

1890 1169 2056 1233 illius,
2087 1167 2407 1223 temeritatis
2434 1177 2487 1223 et
2510 1166 2736 1222 inscitia:
2765 1169 2885 1239 ejus
2935 1180 3311 1241 argumentum
3340 1172 3437 1229 de-

1888 1260 2219 1331 prehendere
2266 1260 2418 1314 licet.
2454 1259 2591 1315 Nam
2638 1261 2682 1315 si
2716 1259 2877 1315 Verbi
2910 1263 3017 1316 vim
3052 1265 3307 1326 novisset,
3344 1280 3441 1319 ne-

1888 1366 2163 1421 quaquam
2189 1351 2291 1406 sibi
2326 1352 2624 1421 spiritualis
2654 1352 2814 1407 Verbi
2842 1354 3269 1408 commentitiam
3315 1370 3439 1424 spe-

1888 1446 2023 1498 ciem
2056 1443 2377 1510 elﬁnxisset;
2415 1459 2609 1513 neque,
2648 1447 2811 1499 homo
2850 1461 2975 1499 cum
3007 1454 3153 1501 esset
3185 1488 3199 1512 ,
3231 1446 3439 1501 incom-

1891 1532 2235 1601 prehensibili
2272 1532 2577 1587 Servatoris
2605 1534 2792 1589 virtuti
2824 1550 2940 1590 sese
2968 1550 3253 1605 exaequare
3275 1553 3441 1593 ausus

1895 1623 2102 1687 fuisset,
2134 1624 2357 1679 dicens:
2396 1622 2597 1692 Sequar
2625 1634 2673 1678 te
2702 1643 3003 1697 quocunque
3034 1627 3175 1680 ieris.
3233 1626 3441 1683 Etenim

1893 1712 2230 1768 Servatorem
2265 1714 2577 1784 simpliciter
2599 1716 2751 1785 sequi
2777 1717 2844 1769 ad
2870 1717 3170 1772 doctrinam
3194 1718 3312 1787 ejus
3341 1736 3441 1773 au-

1891 1805 2161 1868 diendam,
2196 1804 2443 1859 humanae
2488 1806 2709 1874 quidem
2758 1817 2966 1863 naturae
3012 1809 3266 1878 possibile
3317 1822 3441 1876 est,

1894 1896 2052 1964 idque
2073 1911 2137 1947 ex
2168 1895 2286 1962 ejus
2318 1896 2651 1964 benignitate
2696 1897 2811 1952 lieri
2838 1907 3052 1966 potest;
3102 1907 3156 1953 at
3195 1916 3317 1954 cum
3351 1901 3443 1955 illo

1896 2002 1998 2039 una
2026 1988 2240 2040 extendi
2269 2002 2333 2040 ac
2361 2003 2691 2042 concurrere
2722 1989 2937 2058 ubique,
2966 1989 3015 2041 id
3049 2005 3180 2045 sane
3200 1991 3317 2045 ﬁeri
3344 2007 3443 2045 ne-

1894 2079 2030 2148 quit,
2075 2089 2127 2131 et
2184 2078 2491 2147 pollicentis
2536 2078 2817 2131 audaciam
2862 2079 3059 2147 prodit.
3092 2078 3273 2150 Neque
3301 2080 3443 2134 enim

1894 2187 2015 2225 cum
2039 2170 2153 2235 illo,
2180 2170 2233 2222 iu
2260 2171 2381 2224 sinu
2414 2169 2590 2224 Patris
2624 2171 2941 2239 quiescenti,
2976 2185 3081 2223 una
3105 2185 3225 2224 esse
3254 2186 3447 2239 possu-

1896 2278 2040 2317 mus.
2070 2259 2204 2314 Nam
2233 2262 2324 2330 qui
2365 2261 2414 2313 id
2460 2270 2718 2329 praestare
2754 2261 3027 2329 possimus
3053 2277 3174 2315 cum
3226 2261 3448 2320 alterius

1895 2364 2102 2406 natura:
2131 2351 2346 2405 simus?
2381 2348 2567 2420 Neque
2624 2366 2745 2405 cum
2783 2351 2875 2404 illo
2905 2392 2919 2416 ,
2967 2352 3060 2422 qui
3102 2352 3298 2421 ubique
3344 2364 3445 2417 est,

1896 2457 2225 2497 concurrere
2254 2443 2518 2496 valemus.
2556 2440 2688 2495 Nam
2718 2442 2805 2496 ille
2840 2442 3054 2511 quidem
3089 2458 3118 2495 a
3144 2444 3287 2497 nullo
3320 2460 3449 2497 con-

1896 2536 2119 2597 tinetur,
2154 2549 2253 2587 nos
2289 2533 2667 2599 continemur;
2704 2533 2791 2587 ille
2836 2534 2890 2587 in
2943 2535 3195 2589 universo
3217 2544 3269 2589 et
3296 2544 3449 2589 extra

1898 2624 2211 2676 universum
2246 2633 2348 2684 ρει,
2379 2637 2479 2677 nos
2507 2638 2634 2676 vero
2662 2622 2712 2675 in
2740 2623 2992 2678 universo
3023 2624 3323 2680 dimensam
3358 2626 3452 2680 ha-

1900 2714 2091 2767 bemus
2122 2714 2565 2769 constitutionem
2595 2732 2609 2779 ;
2647 2714 2755 2781 ille,
2784 2698 3055 2770 Dominus
3095 2718 3320 2783 scilicet,
3350 2718 3452 2771 im-

1900 2803 2086 2857 mobili
2114 2814 2166 2858 et
2206 2805 2528 2859 immutabili
2559 2805 2718 2859 modo
2752 2806 2932 2858 omnia
2970 2816 3164 2872 movet,
3198 2809 3450 2863 universa

1900 2895 2271 2960 administrat;
2317 2910 2417 2949 nos
2442 2911 2571 2948 vero
2599 2895 2866 2961 homines,
2892 2904 3231 2949 transeuntes
3265 2912 3294 2949 a
3327 2897 3448 2951 loco

1900 2984 2043 3037 unde
2104 2999 2444 3049 amovemur,
2509 3000 2639 3038 sane
2701 2985 2937 3053 impares
2993 3000 3221 3048 sumus,
3266 2986 3451 3040 relicto

1911 3075 2147 3143 loco,qui
2175 3077 2473 3145 praesentia:
2505 3077 2723 3131 deitalis
2752 3078 2919 3147 ipsius
2946 3078 3143 3147 ubique
3172 3080 3451 3133 exsistenti

1898 3178 1952 3221 ct
1983 3168 2246 3222 immobili
2286 3184 2652 3239 exaequemur.
2705 3166 2810 3225 Sed
2842 3169 3101 3225 Dominus
3133 3171 3198 3224 de
3228 3181 3453 3242 utraque

1903 3276 1959 3313 re
1985 3260 2205 3331 corrigit
2239 3261 2409 3325 illum,
2433 3271 2594 3331 atque
2622 3263 2944 3331 imparatum
2982 3262 3453 3331 inconsultumque

1902 3357 2235 3421 prepositum
2276 3353 2484 3422 arguit:
2519 3353 3053 3422 magnitudinemque
3084 3355 3298 3409 deitatis
3338 3372 3451 3409 suae

1901 3443 2076 3506 docet,
2134 3444 2339 3507 dicens,
2394 3442 2581 3512 Vulpes
2637 3444 2810 3512 foveas
2865 3443 3088 3508 habent,
3136 3454 3190 3499 et
3237 3456 3452 3500 caetera.

1901 3534 2155 3590 Fortasse
2187 3552 2318 3591 vero
2345 3536 2431 3591 his
2464 3536 2800 3599 significatur
2826 3578 2843 3604 ,
2874 3538 3086 3606 opiﬁcia
3115 3542 3293 3593 omnia
3328 3555 3459 3593 con-

1904 3629 2063 3683 tineri
2118 3629 2256 3693 loco,
2300 3638 2353 3684 et
2402 3628 2519 3684 loco
2566 3628 2756 3685 dissita
2789 3646 2941 3697 esse;
2989 3640 3043 3685 at
3092 3629 3327 3686 Verbum
3364 3631 3455 3686 Dei

1905 3722 2162 3775 vi:tutem
2194 3722 2413 3786 habere,
2443 3738 2564 3792 qua:
2603 3740 2633 3776 a
2677 3724 2824 3777 nullo
2853 3724 3194 3791 continetur;
3231 3725 3300 3779 ita
3336 3734 3394 3778 ut
3424 3740 3453 3778 a

1910 3816 1999 3870 tali
2028 3817 2190 3879 dicto,
2224 3815 2424 3885 Sequar
2461 3825 2508 3868 te
2544 3832 2844 3886 quocunque
2879 3818 3000 3870 ieris
3031 3856 3045 3881 ,
3080 3818 3457 3873 abstinendum

1907 3912 1995 3965 sit.
2027 3907 2181 3974 Quod
2214 3908 2259 3961 si
2286 3908 2491 3961 eruditi
2525 3908 2679 3970 velis,
2712 3908 2780 3961 ab
2824 3908 3287 3963 irrationabilibus
3319 3911 3461 3963 absi-

1908 4014 2009 4066 Ste,
2031 4010 2084 4054 ct
2112 3999 2328 4053 Rationi
2362 4015 2453 4053 seu
2486 3997 2665 4053 Verbo
2693 4009 2743 4055 te
2778 4001 3021 4069 applica:
3057 4016 3179 4053 nam
3218 4001 3332 4055 lieri
3367 4016 3462 4057 ne-

1908 4091 2030 4160 quit
2058 4088 2230 4159 utqui
2262 4104 2385 4144 eum
2430 4090 2902 4144 irrationabilitate
2931 4090 3097 4160 degit,
3128 4089 3289 4145 Verbi
3335 4093 3450 4147 sive

1910 4182 2156 4235 Rationis
2189 4182 2484 4251 discipulus
2518 4182 2727 4236 evadat.

1978 4274 2077 4327 Cui
2104 4274 2279 4327 simile
2317 4273 2587 4328 eestimabo
2618 4288 2831 4341 regnum
2873 4271 2969 4325 Dei
2989 4275 3014 4327 7
3046 4271 3231 4327 Simile
3258 4282 3333 4325 est
3360 4274 3463 4341 fer-

1910 4375 2101 4429 mento,
2131 4364 2268 4433 quod
2311 4372 2577 4431 acceptum
2619 4362 2810 4416 mulier
2854 4363 3129 4416 abscondit
3181 4362 3236 4414 in
3274 4361 3464 4430 farina

1911 4468 2025 4509 sala
2063 4459 2191 4522 tria,
2222 4457 2379 4509 donec
2404 4456 2772 4524 fermentatum
2802 4464 2875 4508 est
2917 4465 3083 4507 totum
3115 4454 3181 4508 τ’.
3221 4452 3332 4508 Hoc
3362 4455 3465 4508 ita-

252 4535 425 4588 Τοῦτο
446 4532 536 4589 οὖν
562 4538 773 4601 σκόπει,
799 4543 903 4604 πᾶς
938 4559 1019 4604 τις
1057 4545 1084 4595 6
1116 4547 1227 4606 τοῖς
1263 4544 1503 4615 ῥηθεῖσιν
1534 4550 1798 4619 ἀμφισϐη-

1910 4562 2015 4616 Que
2040 4548 2324 4617 perpende,
2353 4545 2605 4614 quisquis
2633 4546 2696 4599 de
2749 4545 2910 4598 dictis
2944 4544 3257 4612 hujusmodi
3293 4543 3466 4598 ambi-

251 4629 381 4689 τῶν,
416 4631 602 4701 ὅτιπερ
625 4631 849 4696 ’ἕκαστος
882 4634 986 4687 τών
1016 4636 1313 4705 ἀνθρώπων
1342 4639 1370 4689 ὁ
1396 4642 1595 4709 μικρὰν
1630 4639 1806 4710 ζύμην

252 4719 452 4789 ἀρετῆς
489 4722 844 4791 κτησάμενος,
880 4724 952 4795 μὴ
984 4726 1277 4793 πεψθακὼς
1318 4729 1373 4781 δὲ
1414 4729 1614 4799 ταύτην
1652 4731 1811 4800 ἀρτο-

254 4811 475 4881 ποιῆσαι
500 4829 512 4842 ’
542 4812 676 4865 ἀλλὰ
705 4812 981 4883 βουληθεὶς
1023 4817 1140 4885 μὲν,
1169 4819 1242 4889 μὴ
1269 4818 1514 4890 δυνηθεὶς
1537 4822 1592 4874 δὲ
1630 4824 1807 4885 τοῦτο,

255 4904 289 4972 ii,
328 4905 596 4975 ῥᾳθυμίας
629 4905 660 4975 ἢ
705 4906 958 4976 ἀμελείας
990 4908 1022 4977 ἢ
1051 4910 1337 4981 ἀνανδρίας
1380 4913 1540 4966 ’ἑνεκα
1590 4917 1683 4967 καὶ
1714 4916 1811 4985 τῆς

258 4998 315 5059 ἐξ
349 4998 560 5066 ἡμέρας
586 5000 663 5061 εἰς
688 5000 896 5069 ἡμέραν
925 5001 1189 5073 ἀναϐολῆς
1209 5021 1221 5033 ’
1250 5003 1599 5071 ἐπιφθασθεὶς
1628 5005 1683 5058 δὲ
1720 5007 1812 5058 καὶ

255 5085 522 5154 θερισθεὶς
550 5091 673 5161 παρ’
697 5090 905 5154 ἐλπίδα,
927 5084 1077 5155 οὗτος
1098 5094 1196 5145 οὐκ
1220 5094 1638 5165 ἐπιλησθήσεται
1660 5096 1813 5167 παρᾶ

254 5178 349 5231 τοῦ
371 5178 577 5232 δικαίου
608 5183 791 5253 κριτοῦ
814 5200 826 5211 ·
858 5185 971 5237 ἀλλ’
1011 5190 1191 5257 ἐγερεῖ
1232 5188 1375 5258 αὐτῷ
1407 5188 1545 5259 μετά
1585 5188 1815 5243 θάνατον

255 5271 380 5332 τοὺς
412 5273 660 5335 οἰκείους,
708 5276 800 5327 καὶ
840 5275 1040 5328 τούτων
1082 5278 1178 5341 τὰς
1208 5278 1428 5349 γνώμας
1478 5281 1665 5347 ίθυνεῖ,
1720 5282 1813 5337 καὶ

258 5363 355 5425 τὰς
391 5364 612 5433 καρδίας
637 5366 871 5426 ἐλκύσει,
901 5368 992 5420 καὶ
1031 5368 1127 5432 τὰς
1153 5369 1327 5439 ψυχας
1360 5372 1683 5442 ἐπικάμψει,
1720 5373 1815 5425 καὶ

262 5455 393 5522 πρὸς
423 5456 643 5525 ἀρωγὴν
674 5460 767 5509 καὶ
813 5458 1061 5528 βοήθειαν
1103 5461 1293 5514 τούτου
1337 5462 1627 5517 σπεῦσουσι
1659 5481 1814 5535 κινη-

262 5544 457 5607 θέντες.
494 5545 653 5598 Ὅθεν
687 5549 779 5601 καὶ
812 5550 1087 5619 ἁψαμένου
1126 5552 1219 5604 τοῦ
1249 5554 1515 5606 Δεσπότου
1540 5555 1646 5610 τῶν
1683 5574 1815 5626 καρ-

329 5682 373 5711 ⁷²
410 5681 542 5736 Luc.
578 5700 697 5748 xui,
728 5684 815 5737 2|.

334 5821 443 5890 (32)
478 5820 550 5874 lix
577 5821 759 5875 codice
800 5836 908 5890 reg.
942 5819 1095 5889 1995,
1130 5835 1225 5876 λιιι
1259 5822 1460 5876 επουιὶ.

1914 4642 2015 4709 gis,
2044 4637 2341 4708 quemlibet
2398 4636 2668 4689 hominem
2704 4636 2795 4704 qui
2834 4650 3057 4703 parvum
3089 4635 3308 4690 virtutis
3359 4634 3467 4690 fer-

1916 4741 2155 4783 mentum
2206 4724 2467 4796 possidet,
2507 4726 2709 4794 quique
2756 4723 2823 4777 ad
2874 4740 3066 4795 panem
3098 4740 3164 4779 ex
3193 4740 3259 4779 eo
3297 4724 3469 4779 conli-

1916 4826 2163 4879 ciendum
2198 4821 2433 4875 nondum
2484 4834 2615 4875 usus
2673 4830 2792 4882 est,
2846 4827 2900 4871 et
2946 4825 3123 4869 tamen
3170 4814 3219 4868 id
3254 4815 3461 4879 voluit,

1918 4916 2011 4970 sed
2038 4913 2304 4983 segnitiei,
2336 4912 2581 4973 incuriae,
2616 4908 2859 4979 ignaviae,
2898 4916 2993 4961 aut
3021 4904 3469 4975 procrastinatio-

1919 5010 2002 5063 nis
2038 5021 2167 5076 ergo
2217 5020 2323 5057 non
2362 5002 2588 5072 potuit,
2633 5002 2989 5067 interceptum
3044 5012 3108 5051 ac
3159 4997 3464 5050 demessum

1916 5118 2024 5173 quo
2052 5112 2287 5169 tempore
2321 5112 2426 5150 non
2475 5093 2847 5166 exspectabat,
2896 5092 3037 5161 apud
3092 5091 3292 5158 justum
3329 5090 3467 5156 iudi-

1918 5212 2030 5250 cctn
2059 5209 2163 5247 non
2200 5200 2486 5245 venturum
2516 5189 2568 5242 in
2594 5187 2920 5242 oblivionem
2948 5203 2961 5238 :
3002 5186 3094 5239 sed
3141 5182 3323 5253 (Deus)
3353 5190 3467 5249 post

1919 5290 2037 5351 eius
2088 5284 2361 5337 interitum
2394 5280 2692 5335 familiares
2726 5286 2779 5332 et
2812 5286 3075 5347 cognatos
3113 5276 3233 5343 ejus
3268 5274 3469 5327 ercita-

1924 5378 2017 5443 bit,
2065 5390 2254 5430 eorum
2286 5382 2517 5428 mentem
2564 5370 2790 5441 diriget,
2832 5369 2994 5423 corda
3034 5366 3327 5436 pertrahet,
3356 5364 3471 5416 ani-

1924 5483 2045 5522 mas
2072 5466 2287 5521 ﬂectet:
2322 5476 2484 5533 atque
2517 5463 2553 5516 ii
2599 5461 2666 5517 ad
2698 5477 2854 5530 opem
2882 5470 2935 5515 et
2963 5459 3223 5514 auxilium
3256 5457 3357 5526 ipsi
3394 5454 3473 5507 fe-

1923 5560 2147 5614 rendum
2181 5556 2456 5612 accedent.
2515 5552 2695 5619 Quare
2746 5550 2931 5617 iidem,
2970 5559 3215 5605 movente
3248 5546 3470 5601 Domino
