4142 6528
680 429 810 486 1407
1593 423 1650 481 S.
1686 427 2054 484 ATHANASII
2098 425 2239 484 OPP.
2293 427 2476 484 PARS
2513 427 2588 485 Ill.
2636 459 2692 474 --
2741 425 3147 486 EXEGETICA.
3787 423 3920 479 “08

687 547 796 603 Nec
827 547 894 602 iis
921 547 1022 602 sibi
1060 547 1296 618 propriis
1335 556 1657 612 contentus,
1701 548 1865 602 etiam
1897 563 1961 603 ea
1997 564 2119 618 qua:
2155 562 2251 602 e-x-

2355 547 2598 618 ἠρκέσθη
2627 547 2720 601 ἐπὶ
2742 550 2854 611 τοῖς
2868 545 3054 610 αὐτοῦ,
3078 544 3213 599 ἀλλὰ
3235 544 3329 598 καὶ
3347 542 3458 595 τῶν
3769 545 3925 612 ἐμνή-

680 642 950 694 trinsecus
979 639 1314 694 advenerunt
1357 649 1608 696 enarrat.
1672 640 1996 704 Quotidiana
2041 640 2244 695 sollici-

2353 640 2608 708 μὸνευσεν
2631 677 2646 703 ,
2715 637 2777 693 Ἠ
2836 635 3199 706 καθημερινὴ
3237 634 3496 704 μέριμνα
3543 631 3756 685 πασῶν
3809 631 3924 686 τῶν

678 731 804 784 tudo
850 732 1080 799 omnium
1135 730 1590 786 Ecclesiarum”.
1649 732 1804 788 Unde
1845 750 2124 805 nunquam
2186 735 2239 789 in

681 823 1012 879 conscientia
1038 839 1136 878 sua
1186 824 1310 893 quis
1353 824 1770 890 inﬁrmabatur,
1821 828 1954 897 quin
1999 829 2113 897 ipse
2157 828 2243 882 in-

679 917 1030 980 ﬁrmaretur,
1089 933 1198 971 non
1243 917 1465 986 quidem
1516 933 1790 987 corpore,
1867 919 1960 973 sed
2023 919 2240 988 spiritu.

675 1010 809 1064 Cum
867 1017 1045 1063 autem
1092 1025 1370 1065 aerumnas
1423 1011 1478 1064 in
1551 1012 1777 1080 gloriam
1847 1011 1951 1067 sibi
2009 1021 2244 1068 verteret

674 1100 867 1154 beatus
902 1099 990 1152 ille
1028 1099 1130 1164 vir,
1185 1099 1392 1154 aiebat:
1453 1099 1688 1154 Gloriari
1733 1111 1869 1156 certe
1924 1117 2028 1155 non
2081 1119 2240 1172 opor-

685 1203 804 1258 tet,
853 1193 944 1246 sed
995 1190 1060 1245 de
1122 1193 1528 1262 inﬁrmitatibus
1618 1194 1746 1248 meis
1812 1193 2084 1264 gloriabor
2152 1194 2240 1258 θί,

680 1283 734 1337 id
769 1292 853 1338 est
880 1283 946 1338 de
989 1283 1158 1337 variis
1221 1283 1642 1340 tribulationum
1683 1300 1926 1339 mearum
1972 1285 2242 1355 passioni.

679 1376 802 1431 bus.
839 1373 1201 1442 Quamobrem
1231 1376 1365 1431 alibi
1395 1392 1614 1447 quoque
1646 1386 1706 1432 ut
1742 1378 1984 1448 optimus
2016 1380 2238 1442 athleta,

679 1469 772 1534 qui
824 1468 1183 1524 immortalem
1229 1469 1329 1524 Dei
1388 1471 1612 1540 gloriam
1666 1487 1776 1540 pra:
1814 1471 1989 1526 oculis
2040 1471 2238 1525 mentis

683 1561 908 1616 haberet
934 1569 988 1615 et
1008 1564 1401 1626 censidct-aret,
1434 1563 1536 1618 ait:
1576 1562 1698 1616 Non
1734 1565 1873 1618 enim
1902 1573 2023 1617 sunt
2059 1563 2242 1617 condi-

683 1670 800 1724 gna
832 1656 1101 1723 passiones
1126 1655 1281 1723 hujus
1318 1658 1564 1724 temporis
1599 1655 1667 1708 ad
1703 1655 1937 1724 futuram
1975 1656 2240 1726 gloriam,

678 1762 796 1816 qua:
827 1745 1149 1799 revelabitur
1188 1748 1240 1800 in
1278 1747 1424 1802 nobis
1461 1750 1505 1779 "
1531 1766 1544 1802 :
1574 1749 1701 1817 quia
1747 1764 1940 1817 nempe
1971 1746 2244 1801 divinissi-

675 1850 800 1890 mus
823 1835 912 1892 ille
937 1837 1042 1903 vir,
1077 1837 1171 1907 qui
1202 1853 1433 1910 superne
1455 1846 1695 1892 erectum
1733 1839 1952 1909 gerebat
1975 1838 2240 1900 animum,

2350 731 2747 799 Ἐκκλησιῶντ.
2775 730 2937 785 Ὅθεν
2969 731 3064 784 καὶ
3114 732 3180 801 τῇ
3212 728 3515 797 συνειδήσει
3561 742 3647 788 τις
3686 725 3920 778 ἀσθενῶν

2351 824 2446 877 καὶ
2477 823 2637 886 αὐτὸς
2663 821 2901 892 ἠσθένει,
2926 823 2986 874 οὗ
3020 821 3256 891 σώματι,
3282 819 3419 873 ἀλλὰ
3443 818 3738 888 πνεύματι.
3771 817 3917 869 Καῦ-

2347 933 2499 986 χημα
2537 915 2595 970 δὲ
2635 916 2771 986 έχων
2818 916 2917 980 τὰς
2946 911 3154 984 θλίψεις
3177 913 3206 966 6
3243 911 3514 983 μακάριος
3540 911 3748 977 ἔλεγεν
3773 912 3920 963 Καυ-

2348 1006 2568 1077 χᾶσθαι
2609 1003 2684 1076 δὴ
2731 1009 2803 1062 οὐ
2849 1005 3138 1075 συμφέρει
3163 1022 3286 1074 μοι,
3320 1003 3482 1058 ἀλλὰ
3509 1002 3585 1055 τὰ
3610 1001 3720 1068 τῆς
3748 1001 3918 1055 ἀσθε-

2349 1103 2513 1167 νείας
2543 1117 2663 1170 μου
2712 1098 3129 1168 καυχήσομαιο
3162 1099 3330 1168 ἧγουν
3382 1096 3454 1149 τὰ
3499 1094 3610 1147 τῶν
3652 1093 3918 1162 διαφόρων

2350 1191 2579 1263 θλίψεων
2599 1211 2698 1261 μου
2729 1192 2897 1261 πάθη.
2921 1190 3012 1244 Διδ
3035 1191 3129 1244 καὶ
3147 1189 3399 1261 ἑτέρωθι,
3419 1188 3495 1251 ὡς
3520 1187 3740 1258 ἄριστος
3757 1185 3918 1254 ἀθλή-

2347 1286 2445 1356 τής
2467 1287 2559 1340 καὶ
2589 1286 2689 1358 τὴν
2721 1286 2996 1356 ἀκήρατον
3026 1283 3181 1348 δόξαν
3218 1281 3313 1335 τοῦ
3350 1279 3486 1334 θεοῦ
3523 1282 3636 1342 τοῖς
3680 1279 3779 1348 τῆς
3803 1279 3918 1331 δια-

2348 1377 2496 1440 νοίας
2529 1376 2824 1447 ὀφθαλμοῖς
2851 1375 3146 1437 κατανοῶν,
3180 1375 3360 1442 λέγει’
3401 1374 3488 1426 οὐ
3532 1370 3645 1439 γὰρ
3670 1369 3808 1432 ἀξια
3849 1371 3919 1423 τὰ

2348 1468 2664 1538 παθήματα
2691 1467 2797 1522 τοῦ
2825 1468 2942 1523 νῦν
2985 1468 3190 1537 καιροῦ
3224 1466 3376 1534 πρὸς
3417 1463 3532 1530 τὴν
3566 1461 3919 1531 μέλλουσαν

2348 1560 2539 1625 δόξαν
2567 1553 3068 1630 ἀποκαλυφθῆναι
3100 1562 3186 1623 εις
3218 1556 3374 1626 ἡμᾶς
3395 1572 3408 1586 °
3443 1556 3632 1627 ἐπειδὴ
3652 1595 3666 1616 ,
3694 1555 3770 1616 ὡς
3795 1569 3914 1623 τερ-

2351 1651 2457 1704 πνὰ
2484 1650 2794 1722 ὀρφίσματα
2820 1651 2848 1704 6
2869 1646 3140 1710 θειότατος
3163 1647 3301 1717 ἀνὴρ
3336 1646 3428 1700 καὶ
3446 1647 3557 1700 ἄνω
3585 1644 3646 1698 τὺ
3671 1643 3917 1714 φρόνημα

2349 1741 2706 1812 κεκτημένος,
2745 1741 2958 1794 ἅπαντα
2984 1739 3055 1792 τὰ
3082 1739 3411 1809 κολαστήρια
3437 1735 3731 1805 ἐλογίζετο.
3760 1730 3917 1798 Αὖθις

2351 1833 2722 1904 ἐμνημόνευσε
2777 1831 2875 1902 τὴν
2915 1829 3391 1899 ἁποκαλυφθεῖσαν
3440 1829 3591 1900 αὑτῴ
3638 1827 3914 1889 ὀπτασίαν,

675 1928 861 1982 omnia
925 1929 1191 1998 suppliria
1253 1945 1350 1983 cett
1410 1929 1790 1984 delectabilem
1835 1937 2158 1983 concentum
2193 1940 2248 1982 ct

2353 1926 2443 1977 καὶ
2497 1926 2754 1996 ἁρπαγὴν
2800 1926 2883 1987 εἰς
2899 1924 2992 1977 τὸν
3055 1922 3418 1996 παράδεισον,
3468 1923 3562 1975 καὶ
3615 1921 3682 1973 τὰ
3711 1919 3914 1991 ἄρρητα

679 2019 1022 2074 harmoniam
1061 2021 1364 2088 reputabat.
1411 2021 1764 2091 Rursumque
1817 2021 2082 2076 visionem
2139 2020 2243 2074 sibi

679 2109 980 2165 immissam
1017 2121 1069 2165 et
1104 2113 1364 2178 oblatam,
1390 2124 1603 2181 raptum
1643 2113 1696 2166 in
1734 2112 2046 2182 paradisum
2080 2121 2132 2166 ct
2159 2127 2247 2166 ar-

681 2217 819 2256 cana
857 2203 943 2256 illa
969 2205 1131 2259 verba
1163 2214 1450 2258 memorat.
1489 2203 1880 2270 Quamobrem,
1929 2215 2111 2274 utpote
2152 2201 2246 2272 qui

680 2291 847 2345 nollet
878 2290 948 2345 de
977 2293 1158 2364 seipso
1189 2293 1432 2362 gloriari,
1458 2293 1563 2347 ait:
1598 2293 1667 2346 De
1696 2292 1892 2362 meipso
1919 2307 2019 2346 non
2047 2293 2247 2362 gloria-

680 2381 793 2446 bor,
837 2383 940 2436 nisi
972 2384 1024 2436 in
1059 2384 1456 2452 inﬁrmitatibus
1485 2386 1614 2438 meis
1643 2386 1709 2447 ⁸⁸,
1757 2401 1819 2438 ac
1853 2385 1898 2440 si
1933 2385 2155 2448 diceret,
2193 2385 2246 2438 in

681 2474 1124 2529 tribulationibus
1151 2483 1204 2528 et
1235 2475 1588 2544 passionibus
1622 2475 1780 2529 meis.
1815 2473 1882 2528 Et
1932 2492 1993 2528 ne
2040 2478 2248 2546 magni-

681 2565 807 2618 tudo
839 2565 1210 2618 revelationum
1237 2565 1455 2618 extollat
1489 2579 1588 2628 me,
1613 2565 1771 2618 datus
1797 2578 1870 2619 est
1909 2566 2037 2619 mihi
2059 2568 2250 2620 stimu-

681 2657 763 2710 lus
786 2659 961 2710 carnis
987 2657 1052 2723 ⁸⁵,
1078 2657 1284 2712 scilicet
1319 2658 1764 2728 impedimentum
1800 2675 1868 2711 ne
1901 2659 2100 2712 creetis
2127 2672 2249 2714 scer-

684 2748 894 2803 vicibus
916 2750 1166 2812 extollar,
1194 2749 1410 2818 angelus
1437 2749 1674 2813 Satanae,
1702 2751 1792 2817 qui
1821 2764 1899 2801 me
1935 2747 2248 2812 colapltizet.

684 2840 849 2894 Satan
881 2842 1182 2910 explicatur
1208 2841 1564 2893 adversarius.
1592 2839 1822 2904 Quidam
1843 2839 1986 2892 enim
2017 2838 2075 2893 Β.
2115 2840 2252 2893 νοη-

684 2933 736 2986 lo
780 2934 833 2986 in
874 2933 1254 3003 pra-dicatione
1307 2932 1681 2996 obsistebant,
1733 2932 2020 3001 ipsumque
2069 2933 2248 3001 gravi-

684 3025 786 3079 bus
839 3024 1084 3095 ﬂagellis.
1139 3024 1432 3094 multisque
1479 3025 1756 3080 atrocibus
1816 3025 1992 3094 paruis
2045 3025 2250 3095 afﬂige-

685 3117 816 3170 baut
853 3133 952 3171 ceu
986 3117 1117 3186 legis
1175 3118 1574 3181 adversarium,
1623 3134 1731 3172 non
1781 3120 2138 3173 concedentes
2195 3127 2254 3172 ut

685 3213 947 3269 doctrina:
977 3214 1203 3266 verbum
1240 3215 1387 3267 clare
1419 3213 1756 3282 prmdicaret.
1809 3212 1920 3268 llos
1951 3215 2116 3281 igitur
2164 3215 2248 3268 di-

2346 2017 2529 2068 ἐκεῖνα
2569 2017 2817 2085 ῥήματα·
2871 2013 3012 2076 ὅθεν,
3050 2013 3124 2077 ὡς
3163 2013 3234 2084 μὴ
3269 2013 3592 2082 βουλόμενος
3620 2011 3687 2064 δι’
3730 2010 3914 2064 ἑαυτοῦ

2347 2107 2744 2179 καυχήσασθαι,
2787 2106 2923 2176 ἔφη·
2971 2105 3147 2173 ’Υπὲρ
3195 2106 3264 2158 δὲ
3307 2104 3568 2175 ἐμαυτοῦ
3600 2106 3671 2157 οὐ
3698 2102 3916 2171 καυχή-

2346 2215 2546 2267 σομαι,
2579 2200 2630 2252 εἱ
2650 2217 2694 2268 μ
2705 2198 2736 2266 ὴ
2759 2199 2826 2250 ἐν
2853 2197 2978 2264 ταῖς
2997 2197 3336 2265 ἀσθενείαις
3352 2215 3471 2267 μου
3492 2214 3505 2227 ·
3529 2197 3690 2249 οἱονεὶ
3720 2196 3777 2247 ὲν
3803 2198 3916 2258 ταῖς

2347 2288 2557 2360 θλίψεσί
2603 2308 2704 2360 μου
2743 2291 2838 2343 καὶ
2863 2290 2932 2343 τὰ
2985 2289 3132 2361 πάθη
3189 2309 3312 2360 μου.
3370 2288 3577 2356 Καὶτῇ
3619 2287 3917 2356 ὑπερϐολῇ

2349 2382 2466 2436 τῶν
2517 2383 2975 2449 ἀποκαλύψεων,
3003 2385 3102 2436 ἵνα
3126 2384 3210 2453 μὴ
3262 2384 3663 2451 ὑπεραίρωμαι
3690 2425 3705 2448 ,
3748 2380 3916 2447 ἐδόθη

2343 2491 2444 2544 μοι
2471 2475 2716 2544 σκόλοψ
2739 2475 2817 2543 τῇ
2836 2475 3036 2542 σαρκὶ,
3063 2476 3224 2547 ἤγουν
3245 2475 3522 2546 ἐμπόδιον,
3553 2476 3643 2528 ἴνα
3662 2473 3736 2544 μὴ
3757 2473 3919 2541 ὑψαυ-

2348 2565 2520 2635 χενῶν
2551 2566 2815 2636 αἴρωμαι,
2849 2566 3102 2636 ἅγγελος
3128 2566 3344 2630 Eatur,
3376 2569 3476 2620 ἵνα
3507 2585 3584 2636 με
3613 2566 3915 2634 κολαφίζῃ.

2351 2658 2524 2710 Σατᾶν
2573 2659 2940 2727 ἑρμηνεύεται,
2969 2659 3400 2730 ἀντικείμενος
3461 2660 3774 2712 ἀντὲκειντο
3816 2657 3917 2725 γὰρ

2349 2753 2413 2822 τῇ
2450 2750 2674 2822 κηρύξει
2709 2751 2787 2821 τῷ
2827 2751 3078 2824 μακαρίῳ
3137 2753 3333 2823 Παύλῳ
3362 2752 3530 2815 τινὲς,
3578 2753 3673 2804 καὶ
3709 2747 3917 2821 μάστιξι

2350 2840 2539 2905 δεινοῖς
2569 2843 2661 2896 καὶΙ
2683 2841 2896 2906 πολλοῖς
2919 2845 3107 2906 κακοῖς
3132 2842 3509 2913 κολαστηρίοις
3526 2843 3714 2894 τοῦτον
3741 2841 3816 2904 ὡς
3830 2837 3916 2891 τοῦ

2349 2934 2514 3004 νόμου
2542 2931 2831 2987 ἀντίπαλον
2866 2935 3194 2987 κατεπόνουν
3213 2974 3227 2998 ,
3269 2935 3341 3006 μὴ
3377 2933 3804 3004 συγχωρούντων
3833 2948 3918 2985 τον

2350 3027 2446 3098 τῆς
2467 3026 2809 3090 διδασκαλίας
2830 3028 2986 3095 λόγον
3005 3027 3184 3096 σαφῶς
3209 3045 3276 3100 κη
3288 3028 3463 3098 ρύξαι.
3492 3027 3729 3090 Τούτους
3753 3026 3919 3079 τοίνυν

2351 3121 2379 3172 ὁ
2399 3118 2541 3182 θεῖος
2567 3118 2860 3184 ἀπόστολος
2892 3120 3206 3174 ὑποϐάλλων
3233 3121 3309 3183 ὡς
3357 3122 3506 3183 υἱοὺς
3551 3121 3795 3174 διαϐόλου
3825 3122 3922 3174 Σα-

2355 3211 2453 3263 τᾶν
2494 3211 2767 3279 ὀνομάζει.
2801 3207 2890 3264 Διὸ
2931 3212 2994 3282 δὴ
3043 3211 3136 3264 καὶ
3173 3214 3201 3264 6
3230 3211 3336 3266 τῶν
3369 3213 3686 3266 ἀποστόλων
3719 3212 3919 3284 πρωτὸο

687 3307 846 3360 vinus
873 3305 1165 3375 Apostolus
1197 3277 1528 3375 deprimens,
1568 3322 1665 3359 ceu
1693 3306 1833 3360 ﬁlios
1857 3277 2056 3360 diaboli
2085 3307 2251 3360 Satan

2358 3299 2543 3373 θρονος
2563 3302 2790 3372 Πέτρος,
2821 3302 2895 3364 ὡς
2927 3305 2992 3372 τῇ
3025 3303 3343 3355 διδασκάλου
3372 3303 3564 3374 γνώμῃ
3622 3306 3921 3375 ἀντικείμε-

687 3408 860 3454 vocat.
902 3397 1098 3452 Eadem
1145 3396 1210 3451 de
1261 3415 1429 3454 causa
1471 3399 1564 3468 qui
1601 3399 1838 3468 primum
1885 3399 2253 3468 apostolorum

687 3495 945 3546 thronum
993 3493 1280 3561 occuparit
1338 3489 1570 3554 Petrus,
1617 3501 1676 3546 ut
1735 3493 1828 3561 qui
1890 3493 2133 3562 magistri
2171 3492 2254 3545 sui

690 3584 970 3637 sententia:
999 3583 1382 3637 adversaretur
1408 3623 1422 3646 ,
1454 3593 1506 3636 et
1539 3583 1855 3650 neutiquam
1893 3583 2076 3636 divina
2112 3623 2128 3647 ,
2164 3581 2256 3636 sed

692 3673 928 3726 humana
965 3674 1142 3728 solum
1174 3681 1410 3740 saperet,
1446 3670 1612 3724 Satan
1643 3671 1710 3724 ab
1738 3672 1857 3740 ipso
1890 3669 2120 3725 Domino
2152 3685 2252 3724 v0-

689 3768 845 3812 catus
872 3768 977 3824 est,
1011 3760 1093 3814 his
1123 3761 1304 3813 verbis
1335 3778 1348 3814 :
1404 3756 1544 3812 Vade
1584 3770 1724 3813 retro
1749 3775 1849 3820 me,
1877 3756 2052 3812 Satan
2076 3759 2156 3825 '5;
2207 3757 2259 3812 id

691 3861 794 3914 est,
830 3851 1150 3907 Adversaris
1181 3853 1374 3906 divina:
1406 3868 1468 3906 ac
1510 3853 1736 3907 salutari
1794 3853 2076 3906 sententiae
2103 3867 2255 3916 mete,

694 3945 820 4013 quia
848 3946 1028 4014 passio
1075 3961 1191 3999 mea
1223 3961 1568 3998 communem
1615 3943 1822 3998 mundo
1853 3944 2082 3999 salutem
2120 3943 2255 3998 alla-

696 4046 814 4090 tura
847 4046 950 4092 cst.
981 4035 1118 4091 Cum
1155 4038 1319 4106 igitur
1351 4047 1432 4092 ter
1464 4037 1650 4091 eadem
1677 4037 1744 4090 de
1771 4053 1936 4092 causa
1966 4036 2254 4091 Dominum

695 4128 895 4182 Paulus
923 4136 1185 4196 rogasset,
1217 4127 1292 4179 ait
1315 4127 1426 4180 illi:
1464 4125 1669 4195 Sufﬁcit
1697 4127 1792 4180 tibi
1831 4128 2006 4195 gratia
2043 4143 2156 4180 mea
2191 4127 2258 4180 ⁸⁸.

697 4218 905 4274 Suﬁicit
935 4220 1030 4273 tibi
1067 4229 1124 4274 ut
1146 4235 1243 4274 vas
1266 4220 1550 4274 electionis
1580 4221 1702 4281 ﬁas,
1726 4231 1784 4272 ut
1817 4235 1993 4288 praeco
2015 4220 2259 4274 omnium

696 4311 1062 4367 Eeclesiarum
1099 4313 1474 4376 constituaris,
1533 4319 1594 4365 ut
1646 4326 1818 4380 usque
1856 4311 1922 4365 ad
1973 4312 2171 4366 caelum
2209 4321 2263 4366 et

698 4405 763 4457 ad
793 4404 1127 4473 paradisum,
1156 4405 1333 4459 adhuc
1368 4404 1421 4458 in
1474 4417 1640 4458 carne
1674 4404 1882 4467 vivens,
1921 4403 2172 4472 rapiaris.
2207 4410 2266 4456 ut

700 4495 1083 4550 revelationem
1120 4496 1507 4566 mysteriorum
1529 4537 1542 4560 ,
1577 4510 1699 4564 quae
1733 4511 1840 4550 non
1874 4495 1964 4549 hic
2014 4495 2164 4551 ellari
2197 4495 2264 4547 li-

701 4599 807 4652 cet,
845 4597 897 4642 et
922 4603 1044 4657 quae
1077 4589 1326 4642 cwlestes
1358 4588 1578 4641 m'dines
1629 4595 1876 4655 spectant
1897 4601 2128 4655 qttteqne
2162 4586 2262 4640 bu-

701 4695 916 4734 tnanam
948 4694 1166 4734 omnem
1227 4679 1465 4748 linguam
1512 4687 1863 4748 exsuperant,
1897 4678 2177 4748 eloquare,
2208 4687 2266 4732 ut

700 4771 893 4840 plenus
919 4770 1101 4824 divina
1152 4770 1420 4839 sapientia
1451 4808 1465 4830 .
1501 4771 1630 4826 item
1681 4769 1886 4841 Spiritu
1943 4781 2134 4826 sancto
2181 4787 2262 4824 re-

699 4863 904 4932 plcare.
945 4870 999 4914 ct
1043 4875 1167 4915 cum
1219 4862 1532 4931 symmystis
1577 4863 1687 4916 tuis
1740 4861 2002 4931 apostolis
2038 4877 2145 4916 una
2182 4877 2269 4916 se-

702 4957 854 5009 deas.
885 4953 1170 5008 SulIiciunt
1205 4956 1299 5010 tibi
1339 4956 1453 5009 luce
1508 4964 1562 5008 et
1596 4957 1789 5009 similia
1823 4973 1852 5008 a
1886 4970 1971 5007 me
2007 4955 2103 5007 tibi
2141 4955 2267 5008 data

703 5061 951 5112 munera,
985 5045 1128 5099 Nam
1150 5050 1312 5100 virtus
1338 5065 1450 5101 mea
1478 5048 1533 5101 in
1566 5046 1876 5116 inﬁrmitate
1904 5047 2176 5116 perﬁcitur
2197 5048 2266 5113 '7;

705 5140 758 5191 in
798 5139 1112 5193 inﬁrmitate
1141 5141 1347 5196 scilicet
1380 5156 1486 5194 non
1531 5141 1776 5209 corporis
1808 5141 1889 5194 vel
1931 5141 2144 5203 animm,
2175 5141 2268 5194 sed

707 5232 772 5286 de
809 5232 1275 5297 tribulationibus,
1309 5237 1424 5289 sive
1481 5231 1544 5288 de
1582 5234 1980 5289 tentationibns
2007 5233 2275 5303 loquitur.

714 5324 846 5378 Nam
877 5327 970 5394 qui
1002 5328 1166 5381 animi
1196 5327 1496 5380 inﬁrmitati
1532 5328 1801 5382 obnoxius
1825 5337 1991 5391 esset,
2021 5328 2112 5397 qui
2141 5343 2270 5396 pos-

710 5425 792 5471 set
825 5416 991 5469 animi
1030 5417 1375 5487 azgritudincs
1427 5417 1655 5470 aliorum
1705 5417 1932 5472 curare?
1965 5416 2082 5486 Ipse
2113 5432 2267 5470 nam-

2355 3412 2462 3457 νος,
2496 3396 2589 3448 καὶ
2620 3395 2692 3464 μὴ
2737 3394 2804 3447 τὰ
2839 3394 2978 3460 θεία,
3041 3394 3175 3448 ἀλλὰ
3224 3395 3292 3448 τὰ
3329 3395 3648 3466 ἀνθρώπινα
3696 3396 3918 3466 φρονῶν,

2358 3487 2532 3540 Σατᾶν
2563 3487 2724 3539 αὐτὸν
2746 3489 2773 3541 6
2798 3487 3004 3558 Κύριος
3056 3486 3425 3558 προηγόρευσε
3474 3485 3678 3557 λέγων·
3705 3489 3922 3558 ’Υπαγε

2357 3577 2548 3630 ὀπίσω
2575 3596 2714 3646 μου,
2735 3580 2931 3634 Σατὰν
2956 3596 2970 3609 ⁸
2997 3579 3185 3649 ἦγουν,
3232 3579 3560 3633 Ἀντίκεισαι
3585 3583 3652 3650 τῇ
3688 3580 3808 3652 θείᾳ
3834 3581 3921 3633 καὶ

2359 3667 2690 3740 σωτηριώδει
2716 3669 2906 3742 γνώμῃ
2945 3687 3046 3742 μου
3067 3687 3080 3700 ·
3115 3671 3304 3741 ἐπειδὴ
3323 3672 3383 3722 τὸ
3411 3671 3584 3735 πάθος
3616 3690 3715 3742 μου
3748 3673 3921 3740 κοινὴν

2361 3761 2632 3830 σωτηρίαν
2675 3767 2739 3832 τῇ
2790 3764 3083 3836 οἰκουμένῃ
3115 3763 3300 3832 μέλλει
3329 3763 3688 3832 ἐργάσασθαι.
3726 3764 3812 3826 Ὠς
3837 3759 3921 3816 οὖν

2358 3853 2590 3924 τρισσῶς
2613 3853 2704 3907 τὸν
2729 3855 2931 3926 Κύριον
2959 3856 3086 3924 περὶ
3106 3852 3298 3906 τούτου
3331 3855 3718 3926 παρακαλέσας
3737 3896 3751 3917 ,
3783 3855 3923 3924 εἰρή-

2358 3962 2442 3998 κει
2469 3944 2616 4014 αὺτῷ
2636 3961 2648 3975 ·
2703 3945 2887 4014 Ἀρκεῖ
2912 3960 3011 3998 σοι
3036 3946 3072 4012 ἠ
3101 3942 3271 4012 χάρις
3290 3962 3430 4013 μου.
3486 3946 3672 4015 ’Λρκεῖ
3716 3961 3797 3996 σοι
3842 3943 3922 3994 ἵνα

2363 4036 2556 4100 σκεῦος
2584 4037 2813 4108 ἐκλογῆς
2840 4039 3066 4108 γενήσῃ,
3105 4039 3190 4090 ἵνα
3218 4040 3400 4110 ῥήτωρ
3442 4037 3552 4091 τῶν
3600 4034 3922 4106 Ἐκκλησιῷν

2361 4129 2764 4200 κατασταθήσῃ,
2806 4129 2892 4182 ἵνα
2925 4130 3085 4200 μέχρι
3111 4129 3198 4181 τὸν
3225 4130 3454 4200 οὐρανὸν
3483 4130 3578 4184 καὶ
3612 4129 3923 4199 παράδεισον

2361 4221 2620 4292 ἁρπαγῇς
2650 4220 2729 4272 ἔτι
2769 4217 2874 4283 ζῶν
2898 4221 2955 4272 ἐν
2990 4219 3065 4288 τῷ
3105 4219 3336 4290 σιρκίῳ,
3364 4220 3450 4272 ἴνα
3469 4219 3570 4291 τὴν
3597 4218 3922 4286 ἀποκάλυψιν

2361 4313 2468 4366 τῶν
2519 4314 2774 4385 ἀρρήτων
2829 4312 3140 4383 μυστηρίων
3174 4313 3265 4366 καὶ
3320 4313 3391 4367 τὰ
3431 4314 3540 4367 τῶν
3603 4312 3924 4382 ἐπωρανέων

2361 4407 2654 4476 ταγμάτων
2679 4405 2817 4476 ὑπὲρ
2841 4407 3020 4458 πᾶσαν
3045 4405 3293 4474 γλῶσσαν
3321 4405 3568 4478 βροτείαν
3597 4407 3822 4478 λαλήσῃ,
3844 4405 3922 4456 ἵνα

2365 4501 2579 4570 πλήρης
2611 4498 2760 4561 θείας
2784 4499 2997 4568 σοφίας,
3032 4501 3126 4553 καὶ
3161 4499 3475 4570 Πνεύματος
3525 4499 3681 4567 ἁγίου
3725 4499 3921 4568 ἐμπλή-

2296 4620 2341 4677 D
2370 4590 2563 4660 σθήσῃ,
2589 4589 2673 4640 ἵνα
2709 4588 3074 4661 συγκάθεδρος
3100 4588 3208 4642 τῶν
3247 4589 3584 4660 συμμυστῶν
3629 4588 3923 4642 ἀποστόλων

2368 4681 2592 4749 γενήσῃ.
2637 4680 2822 4748 Ἀρκεῖ
2849 4697 2931 4732 σοι
2959 4682 3026 4734 τὰ
3052 4681 3272 4735 δοθέντα
3309 4698 3388 4733 σοι
3439 4679 3614 4734 ταῦτα
3645 4681 3736 4733 καὶ
3768 4697 3925 4749 παρα-

2369 4773 2571 4842 πλήσια
2631 4772 2759 4840 παρ’
2808 4771 2943 4841 ἐμοῦ
3014 4774 3365 4846 χαρίσματα’
3414 4774 3475 4827 Ἠ
3518 4777 3639 4841 γὰρ
3690 4771 3926 4841 δύναμίς

2367 4886 2482 4938 μου
2537 4870 2606 4923 ὲν
2633 4871 2918 4936 ἀσθενείᾳ
2950 4867 3305 4924 τελειοῦταιο
3346 4866 3652 4930 ἀσθένειαν,
3680 4865 3837 4936 φημὶ,
3870 4865 3923 4915 οὐ

2371 4963 2468 5033 τὴν
2488 4962 2580 5016 τοῦ
2613 4961 2882 5033 σώματος,
2919 4961 3055 5015 ἀλλὰ
3083 4962 3180 5024 τὰς
3202 4960 3433 5030 θλίψεις,
3453 4961 3580 5022 τοὺς
3603 4957 3924 5030 πειρασμοίις

2366 5050 2532 5120 λέγει.
2575 5052 2632 5104 ὐ
2665 5051 2773 5123 γὰρ
2797 5051 3048 5121 ἀσθενείᾳ
3076 5049 3278 5119 ψυχικῇ
3307 5047 3666 5118 ι’)’ποκείμενος
3691 5045 3802 5106 πῶς
3828 5041 3926 5094 ὲτέ-

2371 5159 2483 5212 ροις
2510 5141 2577 5194 τὰ
2610 5141 2815 5212 ψυχικα
2846 5140 3144 5211 παθήματα
3180 5140 3325 5191 ἰεῖσαι
3351 5137 3606 5198 δύναται;
3640 5136 3807 5198 Αὐτὸς
3833 5132 3928 5202 γὰρ

2367 5235 2395 5286 6
2420 5233 2561 5297 θεῖος
2594 5234 2913 5297 ’Λπόστολος
2939 5233 3175 5302 εἴρηκεν·
3200 5231 3380 5284 Ὅταν
3403 5227 3660 5290 ἀσθενῶ,
3689 5230 3819 5282 τότε
3841 5225 3929 5277 δι’·

2370 5327 2550 5392 τάτός
2564 5328 2699 5394 εἰμι,
2723 5324 2990 5383 τουτέστι,
3009 5325 3136 5377 ὅταν
3148 5321 3448 5375 ἁσθενῶσιν
3461 5322 3510 5374 οἱ
3528 5319 3926 5392 πονηροὶλογισο

2378 5417 2467 5485 μοὶ
2485 5415 2593 5466 τῶν
2611 5415 2794 5468 παθῶν
2815 5418 2872 5466 ἐν
2886 5417 2909 5466 ὲ
2919 5415 3026 5483 μοὶ,
3049 5414 3166 5465 τότε
3184 5412 3405 5475 δυνατός
3426 5429 3447 5464 ε
3459 5413 3543 5480 ius
3560 5411 3640 5481 τῷ
3658 5410 3928 5478 πνεύματι.

708 5525 813 5578 que
859 5511 1074 5566 divinus
1117 5512 1408 5581 Apostolus
1463 5512 1639 5565 dixit:
1670 5510 1801 5565 Cum
1845 5511 2106 5580 in/irntor.
2152 5521 2274 5564 tunc
2324 5521 2502 5578 potens
2543 5527 2658 5562 sum
2686 5509 2754 5575 ⁸⁸,
2792 5510 2893 5563 hoc
2927 5517 3009 5563 est
3053 5523 3174 5561 eum
3233 5509 3580 5562 inlirmamur
3610 5507 3664 5558 in
3715 5522 3799 5558 nte
3826 5516 3933 5570 pra-

707 5616 787 5654 va:
817 5599 1168 5668 cogitationes
1188 5601 1524 5668 passionum,
1547 5615 1673 5654 tunc
1693 5601 1881 5669 spiritu
1911 5611 2099 5672 potens
2131 5618 2273 5656 sum.

782 5780 826 5810 ‘°
857 5779 896 5831 II
939 5778 1064 5831 Cor.
1112 5796 1185 5840 XI,
1235 5779 1325 5831 ‘28.

711 5848 755 5882 “
791 5848 831 5904 ll
865 5848 987 5904 Cor.
1019 5865 1112 5910 xu.
1142 5851 1192 5905 9.

1402 5781 1441 5810 “
1487 5780 1615 5835 ibid.
1653 5779 1738 5830 50.

1268 5852 1310 5882 ⁸⁷
1353 5851 1481 5905 ibid.
1549 5852 1591 5882 δ’
1620 5849 1748 5905 ibid.
1792 5851 1871 5904 l0.

1817 5780 1858 5811 δ’
1889 5780 2040 5837 ιιοτη.
2087 5797 2202 5846 νιιι,
2239 5779 2320 5833 l8.

2397 5778 2441 5810 ⁸⁸
2472 5775 2511 5830 ll
2539 5778 2665 5831 Cor.
2726 5791 2820 5842 xu,
2859 5775 2908 5829 5.
3017 5776 3060 5807 "
3113 5775 3235 5832 ibid.
3273 5775 3320 5828 7.
3405 5777 3447 5804 ’⁵
3475 5774 3663 5830 Matth.
3721 5789 3825 5841 am,
3856 5771 3933 5825 25.
