4032 6420
223 377 785 415 3;”...—
803 379 1136 388 _____—_-..~__.
1173 380 1203 386 .--
1213 381 1240 385 --
1255 381 1266 385 -
1281 381 1324 385 ..ρ
1347 382 1351 384 -
1365 380 1490 386 -_-——_
1503 381 1920 390 τ.--ῃῄ
1935 383 1964 389 --
1975 380 2706 390 _-——-————————-—-———————-
2719 383 3125 393 -ς----ι-ιδς--.-ο..-
3137 386 3416 396 -.φημ’-,ν’-

215 416 1252 428 W————-
1263 419 2416 432 *Μῄο-
2431 421 3412 436 mm.—

1421 645 2221 763 ADMONITIO

401 977 524 1064 IN
595 973 1321 1082 SEQUENTEM
1399 974 1550 1061 AD
1623 973 2485 1065 MARCELLINUM
2569 975 3232 1066 EPISTOLAM

1079 1260 1180 1320 DE
1231 1253 1991 1318 INTERPRETATIONE
2055 1256 2567 1316 PSALMORUM.

1243 1515 1387 1580 (Opp.
1416 1515 1465 1563 S.
1501 1516 1676 1564 Athan.
1705 1517 1784 1563 ed.
1825 1513 2002 1564 Venet.
2051 1515 2185 1577 1777,
2211 1521 2246 1563 t.
2299 1515 2402 1576 IIl.)

269 2027 476 2084 Tenus
501 2027 724 2086 Grzecus
757 2037 1005 2096 sumptus
1032 2037 1113 2081 est
1142 2043 1206 2080 ex
1240 2027 1640 2097 Prolegomenis
1685 2030 1814 2082 tomi
1851 2027 1915 2080 IV
1957 2027 2167 2085 Veteris
2197 2029 2527 2084 Testamenti
2555 2029 2707 2100 juxta
2746 2031 3047 2085 versionem
3093 2034 3431 2103 septuaginta

192 2125 579 2195 lnterpretum,
612 2140 776 2194 quam
801 2138 865 2178 ex
896 2124 1081 2178 codice
1115 2123 1481 2178 Alexandrino
1515 2135 1766 2180 accurate
1794 2125 1961 2180 edidit
1992 2124 2230 2182 Joannes
2261 2128 2524 2182 Ernestus
2561 2125 2756 2190 Grabe,
2794 2127 2886 2197 qui
2919 2125 3056 2180 inter
3083 2127 3184 2180 alia
3228 2129 3338 2181 Ιιωρ
3365 2129 3432 2181 de

191 2224 383 2278 eadem
417 2223 645 2291 epistola
671 2220 961 2276 admonet:
1007 2219 1266 2274 Caeterum
1312 2222 1431 2274 licet
1456 2224 1507 2276 in
1539 2224 1777 2291 pluribus
1822 2224 1880 2277 S.
1921 2225 2198 2278 Athanasii
2236 2225 2572 2290 cditionibus,
2623 2241 2684 2276 ac
2724 2225 2776 2277 in
2817 2234 3076 2292 postrema
3113 2225 3428 2277 celeberrimi

192 2320 588 2388 Montfauconi,
621 2320 852 2372 omnium
881 2319 1098 2387 optima,
1130 2328 1256 2370 tom.
1287 2317 1336 2382 I,
1365 2330 1499 2386 part.
1533 2336 1593 2384 ll,
1627 2337 1746 2391 pag.
1779 2304 1884 2377 98?.
1924 2339 2083 2392 usque
2126 2321 2282 2386 1005,
2316 2324 2412 2376 iste
2435 2323 2502 2374 ad
2539 2320 2909 2373 Marcellinum
2938 2319 3142 2374 libellus
3171 2320 3347 2375 Crrcce
3371 2339 3434 2378 ac

191 2416 386 2470 Latine
417 2417 483 2469 sit
512 2433 774 2480 ea'cusus;
812 2431 929 2470 eum
984 2423 1155 2466 tamen
1187 2414 1239 2466 in
1288 2416 1666 2484 antiquissimis
1712 2433 1773 2470 ac
1819 2416 1878 2472 S.
1931 2417 2084 2471 Patri
2130 2417 2234 2486 [ere
2275 2419 2460 2473 coarvis
2503 2415 2816 2469 membranis
2845 2419 3035 2470 nostris
3073 2417 3211 2470 haud
3242 2433 3429 2487 parum

191 2511 560 2562 correctiorem
587 2523 650 2560 ac
676 2508 982 2576 pleniorem,
1014 2523 1070 2565 ut
1093 2513 1610 2583 conferentipatebit,
1643 2513 1726 2565 hic
1749 2512 1916 2564 denuo
1938 2511 2085 2565 edere
2110 2512 2330 2581 placuit,
2351 2511 2539 2580 absque
2556 2509 2749 2564 Latina
2772 2524 2942 2566 tamen
2963 2513 3210 2567 versione.
3243 2512 3431 2565 Versio

191 2608 360 2675 igitur
397 2605 586 2660 Latina
624 2616 839 2677 sumpta
865 2623 893 2660 a
924 2623 1009 2664 me
1042 2621 1122 2664 est
1164 2626 1230 2663 ex
1260 2610 1474 2663 laudata
1513 2607 1690 2663 Patris
1722 2607 2092 2662 Montiauconi
2123 2608 2357 2661 editione
2387 2607 2620 2675 Oper-um
2660 2604 2716 2658 S.
2753 2603 3062 2666 Athanasii;
3113 2603 3178 2655 ad
3230 2612 3428 2655 textum

190 2708 376 2752 autem
412 2699 658 2754 GI‘EBCUIII
699 2703 900 2757 codicis
927 2705 1298 2767 Alexandrini,
1332 2704 1427 2758 ubi
1455 2705 1504 2758 ei
1535 2720 1644 2759 non
1684 2705 2063 2775 respondebat,
2099 2703 2346 2774 pluribus
2389 2702 2440 2755 in
2464 2701 2608 2774 locis
2642 2697 3067 2753 accommodata.
3103 2695 3213 2750 Hac
3250 2706 3427 2752 autem

189 2798 448 2849 versione
475 2795 839 2864 antiquiorem
873 2798 1035 2849 aliam
1081 2797 1248 2851 edidit
1278 2798 1407 2851 clar.
1442 2813 1602 2851 mem.
1641 2797 1791 2852 card.
1823 2796 2152 2852 Thomasius
2179 2796 2231 2850 in
2259 2797 2399 2849 libro
2425 2795 2510 2850 cui
2540 2792 2763 2847 titulus:
2802 2789 3116 2842 Psalterium
3139 2791 3298 2858 juxta
3328 2791 3429 2842 du—

186 2886 380 2954 plicem
422 2885 724 2947 editionem,
758 2894 886 2948 etc.,
929 2895 983 2940 et
1022 2887 1075 2940 in
1121 2885 1440 2940 Prazlatione
1483 2886 1548 2940 ad
1600 2886 1854 2940 lectorem
1896 2910 1907 2939 ;
1943 2887 2118 2949 Hanc,
2148 2887 2348 2956 inquit,
2378 2885 2626 2938 Latinam
2653 2892 2910 2956 repertam
2934 2883 2984 2932 in
3016 2882 3148 2932 libro
3181 2899 3275 2935 ms.
3310 2883 3433 2934 licet

187 2993 294 3029 non
326 2975 611 3028 admodum
634 2985 832 3029 vetusto
851 2975 1177 3031 bibliotheca:
1220 2975 1578 3031 Vallicellana:
1599 2977 1936 3046 proferimus,
1963 2977 2030 3029 ad
2061 2975 2300 3030 Crazcum
2325 2985 2497 3028 tamen
2519 2955 2785 3042 exemplar
2812 2982 3087 3040 utrumque
3117 2976 3426 3025 recensitam

185 3084 238 3124 et
278 3072 628 3125 emendatam.
668 3070 738 3126 De
775 3066 874 3125 hac
903 3069 1129 3138 epistola
1161 3068 1299 3122 idem
1347 3067 1686 3122 clarissimus
1724 3067 2018 3122 cardinalis
2053 3086 2066 3121 :
2112 3065 2342 3129 Celebre,
2386 3065 2480 3126 ait,
2509 3061 2646 3131 apud
2691 3071 2879 3112 veteres
2913 3077 3086 3113 omnes
3121 3062 3426 3130 apusculum

186 3165 331 3216 beati
371 3163 654 3217 Athanasii
691 3161 917 3230 episc0pi
951 3158 1297 3211 Alexandrini
1345 3157 1420 3212 De
1456 3157 1594 3211 libro
1631 3155 1997 3220 Psalmorum,
2041 3154 2179 3224 quod
2208 3155 2389 3207 beatus
2436 3151 2788 3221 Hieronymus
2837 3150 3098 3217 appellare
3133 3154 3335 3205 videtur
3375 3155 3432 3205 in

185 3254 457 3324 Catalogo
510 3255 838 3324 scriptorum
883 3251 1375 3307 ecclesiasticorum
1407 3267 1422 3306 :
1459 3248 1531 3303 De
1565 3249 1888 3316 psalmorum
1932 3247 2121 3301 titulis.
2153 3245 2258 3301 Sed
2296 3262 2419 3300 cum
2465 3246 2644 3300 adhuc
2686 3245 2882 3301 lateret
2915 3247 2969 3301 in
3004 3249 3258 3312 tenebris,
3293 3259 3345 3303 et
3372 3251 3426 3302 in

188 3347 466 3416 publicam
494 3346 670 3399 lucem
710 3345 914 3400 editum
964 3362 1071 3400 non
1100 3345 1294 3401 fuisset
1323 3361 1511 3400 verum
1562 3360 1699 3415 Opus
1739 3343 1802 3398 B.
1835 3344 2118 3399 Athanasii
2160 3343 2234 3396 De
2266 3343 2434 3397 titulis
2467 3343 2816 3410 psalmorum,
2863 3343 3006 3413 quod
3053 3345 3210 3399 modo
3244 3345 3297 3399 in
3329 3361 3429 3415 pu-

189 3444 393 3496 lilicum
429 3441 749 3503 emittimus,
781 3441 923 3494 haud
955 3443 1154 3494 mirum
1185 3451 1288 3504 est,
1341 3445 1388 3495 si
1417 3442 1765 3496 doctissimus
1803 3441 1886 3494 vir
1929 3455 2052 3494 eum
2087 3440 2208 3494 aliis
2248 3439 2494 3509 pluribus
2524 3439 2780 3508 deceptus
2817 3448 2902 3493 est.
2936 3454 2999 3493 ac
3024 3441 3243 3508 erravit,
3278 3452 3428 3496 ratus

189 3533 334 3586 idem
373 3546 512 3600 opus
543 3545 664 3584 esse
698 3530 895 3583 librum
927 3528 1000 3583 De
1034 3530 1202 3583 titulis
1234 3531 1554 3600 psalmorum
1593 3547 1656 3586 ac
1685 3529 1982 3600 Epistolam
2021 3546 2115 3585 seu
2141 3529 2397 3584 Libellum
2433 3531 2501 3583 ad
2541 3529 2926 3588 Marcellinum.
2967 3534 3119 3600 Quod
3147 3552 3275 3590 sane
3303 3553 3425 3590 cum

189 3626 700 3682 animadvertissent
729 3625 916 3680 Patres
950 3624 1304 3688 Benedictini,
1332 3623 1385 3678 in
1414 3623 1796 3678 Admonitione
1821 3639 1983 3693 quam
2013 3633 2424 3692 praeposuerunt
2447 3623 2621 3677 eidem
2649 3622 2905 3691 Ερίδιοιιε
2934 3625 3003 3676 ad
3031 3625 3421 3691 Marcellinum,

191 3723 261 3776 ita
291 3719 500 3789 pruriati
523 3729 652 3773 sunt
681 3737 692 3772 :
727 3717 1030 3786 Opinantur
1063 3718 1244 3786 nuperi
1277 3717 1556 3784 scriptores
1592 3716 1827 3785 quidam,
1855 3715 2150 3786 Epistolam
2195 3715 2261 3768 ad
2288 3715 2659 3769 Marcellinum
2687 3731 2796 3768 esse
2824 3716 2959 3768 illud
2990 3734 3116 3786 opus
3141 3716 3213 3771 De
3250 3719 3424 3774 titulis

187 3815 548 3882 psalmorum,
584 3811 721 3880 quod
753 3815 816 3862 ab
851 3809 1168 3879 Hieronymo
1198 3811 1333 3862 inter
1358 3807 1721 3860 Atlianasiana
1749 3807 1946 3876 scripta
1969 3816 2340 3860 enumeratur:
2371 3816 2427 3859 at
2451 3823 2568 3859 cum
2594 3807 2654 3860 de
2679 3807 2848 3860 titulis
2877 3825 2965 3861 seu
2997 3809 3422 3887 inscriptionibus

184 3905 514 3972 psalmorum
562 3919 623 3955 ne
666 3902 871 3955 verbum
907 3901 1114 3968 quidem
1146 3901 1243 3952 hac
1271 3900 1323 3951 in
1354 3898 1574 3966 epistola
1601 3909 1918 3963 compareat,
1951 3896 2224 3966 propalam
2257 3897 2401 3950 nobis
2430 3908 2528 3961 est,
2555 3897 2720 3950 alium
2761 3900 2824 3950 ab
2863 3898 3179 3967 Hieronymo
3209 3899 3421 3955 laudari

185 3998 406 4060 librum,
436 4004 539 4049 etc.
572 3993 646 4046 De
680 3995 1128 4063 prastantissima
1153 3993 1253 4046 hac
1280 3991 1506 4062 epistola
1545 4001 1738 4061 prater
1757 3992 2024 4062 synodum
2055 3991 2326 4047 Nicaznam
2357 3994 2762 4054 secundam,ita
2792 3995 3039 4049 meminit
3059 3997 3424 4054 Cassiodorus

185 4092 238 4143 in
275 4089 415 4142 libro
443 4087 516 4141 De
543 4088 871 4140 institutione
899 4087 1197 4140 divinarum
1240 4085 1558 4151 litterarum,
1589 4099 1706 4154 cap.
1755 4085 1788 4137 4
1818 4104 1830 4139 :
1870 4083 2136 4155 Legendus
2169 4094 2246 4140 est
2280 4086 2439 4137 etiam
2483 4084 2688 4137 libellus
2731 4085 3012 4140 Athanasii
3044 4089 3417 4148 Alexandriam

183 4185 421 4236 civitatis
458 4183 704 4252 episcopi,
735 4199 883 4252 quem
910 4180 1217 4234 Marcellino
1247 4190 1360 4248 post
1388 4180 1750 4249 aegritudinem
1785 4182 1837 4235 in
1886 4180 2058 4233 locum
2083 4181 2379 4249 refectionis
2417 4182 2737 4236 dulcissima:
2767 4183 3072 4254 destinavit,
3121 4189 3210 4254 qui
3233 4189 3420 4241 inscri-

181 4273 331 4324 bitur
358 4287 376 4324 :
409 4271 482 4325 De
512 4272 648 4326 libro
680 4271 1056 4336 Psalmorum;
1089 4270 1176 4322 ubi
1198 4271 1403 4322 diversa
1436 4285 1787 4333 commonens,
1819 4270 2068 4324 virtutem
2097 4272 2266 4341 operis
2298 4272 2464 4342 ipsius
2489 4274 2845 4336 minutissima
2873 4283 3196 4336 discussione
3219 4286 3421 4354 patefe-

182 4369 274 4428 cit,
316 4367 548 4419 diversos
570 4368 840 4421 hominum
877 4385 1028 4422 casus
1061 4386 1179 4423 cum
1204 4371 1314 4423 suis
1351 4370 1588 4424 remediis
1615 4370 1846 4422 suaviter
1867 4369 2224 4423 introducens.
2253 4370 2644 4440 Argumentum
2671 4375 2911 4444 ejusdem
2947 4381 3185 4449 epistola:
3215 4381 3414 4433 laudati

184 4470 373 4522 Patres
407 4467 738 4523 Benedictini
779 4471 965 4540 paucis
1001 4470 1177 4525 verbis
1208 4471 1468 4524 exhibent
1498 4471 1549 4523 in
1584 4471 1729 4523 hunc
1773 4469 1994 4524 modum
2032 4487 2045 4523 :
2096 4467 2278 4522 Primo
2309 4470 2361 4522 id
2401 4473 2615 4538 ponitur
2643 4472 2961 4525 discriminis
3003 4470 3244 4525 Psalmos
3282 4474 3417 4523 inter

179 4572 228 4612 ct
260 4562 392 4614 alios
435 4559 726 4630 Scriptura:
764 4579 930 4616 sacra:
963 4562 1143 4625 libros,
1168 4564 1335 4630 utqui
1359 4563 1491 4616 alios
1511 4563 1653 4630 legit,
1679 4560 1832 4614 verba
1861 4577 1961 4613 non
1987 4571 2042 4613 ut
2065 4577 2181 4626 sua,
2205 4563 2293 4614 sed
2319 4578 2519 4628 eorum,
2551 4579 2768 4632 quorum
2791 4563 2915 4615 libri
2941 4572 3080 4627 sunt,
3110 4563 3186 4615 vel
3213 4577 3413 4627 eorum,

180 4661 269 4727 qui
301 4659 444 4728 loqui
485 4660 816 4722 exhibentur,
855 4660 1126 4729 proferat;
1166 4659 1254 4729 qui
1289 4669 1464 4712 autem
1490 4657 1734 4710 Psalmos
1763 4656 1970 4722 recitat,
1995 4657 2146 4710 verba
2176 4658 2410 4726 proferat
2435 4662 2586 4727 quasi
2612 4676 2730 4726 sua,
2757 4671 2805 4714 et
2843 4661 2910 4713 ad
2935 4676 2988 4712 se
3015 4662 3222 4730 proprie
3252 4661 3416 4727 perti-

179 4755 378 4804 nentia.
410 4751 547 4804 Hinc
572 4752 879 4804 dividuntur
916 4751 1119 4806 Psalmi
1145 4753 1198 4805 in
1222 4753 1368 4806 varia
1386 4768 1590 4821 genera,
1617 4752 1804 4804 orandi
1836 4749 2056 4816 scilicet,
2091 4751 2394 4820 conﬁtendi,
2419 4761 2466 4805 et
2488 4753 2565 4806 his
2587 4755 2785 4807 similia
2802 4769 2820 4808 :
2835 4753 3115 4824 deindeque
3146 4754 3414 4806 indicatur

177 4867 277 4919 quo
314 4850 533 4919 quisque
567 4849 800 4918 psalmus
831 4865 978 4914 casu,
1012 4865 1114 4918 qua
1135 4849 1451 4915 conditione,
1482 4864 1586 4916 qua
1610 4847 2000 4917 opportunitate
2035 4848 2154 4900 cani
2182 4847 2384 4902 debeat.
2417 4846 2484 4902 In
2515 4849 2653 4904 hisce
2688 4859 2795 4902 tota
2837 4859 3069 4905 versatur
3097 4849 3337 4917 epistola.

495 5725 764 5789 Parant.
811 5727 920 5791 Gn.
974 5732 1231 5796 XXVII.
3048 5733 3082 5792 1
