4032 6436
657 392 712 442 Η
1489 392 1546 449 S.
1591 393 1961 448 ATHANASII
2001 395 2148 452 OPP.
2196 397 2372 452 PARS
2409 398 2495 458 lll.
2532 435 2600 443 —
2637 404 3048 467 EXEGETICA.

3835 430 3909 482 i2

661 647 3915 705 “Nm

646 832 917 889 SANCTI
973 832 1238 891 PATRIS
1291 835 1562 890 NOSTRI
1629 834 2051 891 ATIIANASII
2101 837 2220 890 All—

715 927 1776 984 CHIEPISCOPIALEXANDRINI
1856 929 1952 982 AD
2033 929 2221 982 MAR-

1238 1020 1328 1074 IN
1426 1019 1903 1074 INTERPRETA
1916 1019 2218 1074 TIONEM

714 1019 1105 1077 CELLINUM

713 1113 1188 1170 PSALMORUM.

2336 843 2470 894 ΊὉΥ
2502 846 2605 896 EN
2637 849 2890 903 ΑΙἸΟΙΣ
2926 854 3022 906 ΠΛ
3036 856 3215 908 ΤΡΟΣ
3239 860 3450 914 ΗΜΩΝ
3480 866 3902 926 ΑΘΑΝΑΣΙΟΥ

2390 935 2948 996 ΑΡΧΙΕΠΙΣΚΟΠΟ
2962 948 3005 997 Υ
3063 951 3618 1013 ΑΛΕΞΑΝΔΡΕῙΑΣ
3698 967 3902 1020 ΠΡΟΣ

2395 1027 2936 1174 ξέἰῇιὲιΛιΝοΝ
2953 1040 3079 1092 ΕΙΣ
3114 1043 3256 1097 ΤΗΝ
3284 1045 3735 1109 ΕΡΜΗΝΕΙΑΝ⁹
3757 1057 3902 1112 ΤΩΝ

2443 1119 2457 1131 ⁹
2659 1123 2727 1174 Ν.

2443 1119 2727 1176 ἈΛΜΩΝ.

701 1520 754 1577 1.
773 1517 937 1574 Miror
965 1528 1118 1574 tuum
1149 1518 1201 1572 in
1223 1517 1441 1574 Christo
1468 1518 1826 1589 propositum,
1849 1518 2040 1575 dilecte
2059 1518 2156 1575 Mal

2262 1549 2276 1578 ι
2302 1527 2440 1620 --απ
2489 1522 2732 1620 ianua!
2767 1544 2827 1580 σε
2859 1529 2959 1600 τῆς
2987 1530 3044 1584 ἐν
3072 1533 3294 1607 Χριστῷ
3324 1544 3714 1614 προαιρέσεως,
3761 1553 3887 1620 φίλε

627 1611 836 1666 celline.
877 1608 1013 1664 Nam
1057 1618 1110 1665 et
1145 1618 1468 1680 praesentem
1513 1613 1892 1678 tentationem,
1943 1612 2156 1682 quamvi

2301 1613 2660 1714 ΜιιῖρκελλξιεἸ
2698 1621 2808 1714 Καί
2832 1623 2946 1714 γάρ
2981 1627 3071 1678 καὶ
3113 1627 3206 1680 τὸν
3259 1608 3503 1702 παρόντα
3552 1608 3884 1714 πειρασμὸν,

626 1702 856 1772 plurima
897 1703 952 1756 in
993 1717 1056 1756 ea
1102 1717 1317 1771 passus,
1375 1701 1545 1772 probe
1579 1701 1800 1767 toleras,
1853 1712 1906 1757 et
1955 1704 2190 1771 ascesin,

2301 1705 2478 1759 καίτοι
2505 1708 2674 1762 πολλὰ
2708 1705 2894 1766 παθὼν
2927 1715 2986 1768 ἐν
3015 1717 3180 1788 αὐτῷ,
3215 1721 3396 1786 καλῶς
3422 1727 3627 1798 φέρεις,
3647 1705 3881 1808 ’καὶτῆς

623 1812 717 1850 seu
754 1795 1195 1853 exercitationem
1241 1809 1350 1849 non
1396 1796 1643 1868 negligis.
1687 1795 2009 1853 Sciscitatus
2049 1801 2156 1854 enix

2298 1797 2585 1899 ἀσκήσεως
2617 1804 2715 1899 ουκ
2743 1805 2983 1876 ἀμελεῖς.
3014 1795 3552 1892 Πυνθανόμενοςγάρ
3591 1825 3682 1877 τοῦ
3715 1795 3879 1899 κομίἐ

620 1903 686 1942 ει
731 1896 828 1943 tuo
872 1886 1156 1942 tabellario
1211 1903 1318 1958 qua
1367 1889 1580 1944 ratione
1641 1901 1762 1960 post
1815 1894 2156 1964 aegritudine!

2297 1907 2486 1954 σαντος
2511 1895 2610 1966 τὴν
2643 1896 2951 1971 ἐπιστολὴν,
2989 1902 3106 1967 πῶς
3137 1906 3243 1976 ἄρα
3287 1909 3380 1961 καὶ
3431 1913 3567 1981 μετὰ
3593 1916 3691 1987 τὴν
3723 1886 3880 1972 νόσον

621 1981 887 2045 versaris,
941 1979 1107 2035 didici
1155 1988 1208 2035 te
1264 1983 1518 2037 omnibus
1551 1985 1771 2054 quidem
1812 1987 2010 2043 divinis
2047 1987 2194 2044 Scri-

614 2073 791 2144 pturis
819 2089 1034 2141 vacare,
1052 2075 1397 2146 potissimum
1422 2085 1601 2133 tamen
1630 2077 1970 2135 Psalmorum
1993 2080 2188 2135 librum

614 2166 882 2233 evolvere,
930 2165 1273 2238 maximeque
1333 2167 1552 2223 studere
1597 2176 1656 2222 ut
1698 2169 1964 2240 cujusque
1997 2173 2187 2241 psalmi

614 2275 797 2316 veram
841 2261 1164 2317 sententiam
1199 2276 1514 2332 assequare.
1555 2261 1920 2329 Quamobrem
1953 2275 2004 2320 te
2039 2282 2188 2321 sum-

609 2368 830 2425 mopere
860 2354 1046 2420 laudo,
1077 2370 1200 2411 cum
1226 2370 1425 2427 magno
1455 2355 1706 2412 eumdem
1733 2357 1931 2412 librum
1989 2366 2186 2414 totam-

606 2465 713 2519 que
743 2447 1076 2518 Scripturam
1104 2449 1286 2504 studio
1314 2464 1629 2520 prosequar.
1668 2449 1782 2505 Hoc
1813 2451 1993 2522 itaque
2023 2453 2184 2509 modo

605 2540 852 2605 aﬂ'ectus,
881 2539 1046 2596 incidi
1078 2541 1208 2596 olim
1240 2541 1294 2595 in
1325 2543 1616 2612 quemdam
1665 2558 1849 2597 senem
1895 2545 2184 2601 studiosis-

604 2637 826 2698 simum,
849 2635 1077 2704 veloque
1110 2633 1227 2696 tibi,
1257 2649 1378 2704 quae
1405 2633 1538 2688 mihi
1574 2635 1662 2688 ille
1687 2635 1753 2689 de
1773 2650 1930 2691 sacro
1971 2637 2178 2693 Psalte-

604 2730 705 2794 rio,
747 2727 892 2800 quod
926 2743 1090 2782 manu
1126 2728 1362 2794 tenebat,
1405 2729 1900 2794 sermocinabatur,
1947 2732 2180 2801 perscri-

599 2824 725 2877 bere
756 2841 772 2878 :
808 2822 1010 2878 habent
1049 2822 1194 2876 enim
1223 2821 1515 2892 quamdam
1545 2821 1796 2891 gratiam,
1831 2832 1884 2877 et
1920 2824 2178 2892 probabi-

2293 1982 2525 2082 διάγεις·
2561 1986 2932 2082 ἑμαθονλπρὸς
2978 1996 3075 2064 μὲν
3111 2000 3290 2053 πᾶσαν
3319 2003 3418 2073 τὴν
3467 2004 3616 2059 θείαν
3647 1982 3877 2082 Ῡραφὴν

2232 2079 2236 2082 ’
2291 2073 2529 2174 ἔχεινλσε
2678 2079 2888 2152 σχολὴν,
2907 2086 3236 2159 πυκνότερον
3261 2091 3317 2145 δὲ
3352 2093 3584 2163 μάλιστα
3611 2101 3674 2170 τῇ
3695 2073 3877 2174 ’βίόλὲρ

2288 2166 2397 2257 τῶν
2452 2169 2698 2241 Ψαλμῶν
2752 2175 3116 2247 ἐντυγχάνειν,
3152 2184 3246 2236 καὶ
3299 2166 3757 2254 φιλονεικεῖν
3811 2166 3872 2249 ἐν

2288 2258 2502 2351 ἑκάστῳ
2529 2258 2727 2337 ψαλμῷ
2760 2267 2881 2321 νοῦν
2912 2271 3226 2344 ἐγκείμενον
3263 2280 3718 2351 καταλαμϐάνειν.
3756 2289 3871 2344 Καὶ

2285 2349 2374 2450 διὰ
2397 2353 2555 2450 τουτο
2577 2357 2754 2410 τοίνυν
2776 2360 3106 2434 ἀποδέχομαι
3131 2383 3210 2432 σε,
3237 2369 3403 2424 πολὺν
3428 2349 3566 2443 ἔχων
3591 2378 3671 2440 εἰς
3697 2379 3868 2450 αὐτὴν

2283 2441 2381 2544 τὴν
2434 2445 2616 2544 βίϐλον
2663 2451 2818 2520 κάγὼ
2848 2454 3029 2521 πόθον,
3071 2457 3258 2532 ῶσπερ
3292 2463 3385 2516 καὶ
3435 2441 3515 2530 είς
3555 2471 3734 2523 πᾶσαν
3767 2441 3866 2544 τήν

2283 2535 2525 2634 Γραφήν.
2561 2543 2670 2596 Καὶ
2698 2546 2804 2617 γὰρ
2830 2548 3002 2612 οὕτως
3050 2550 3208 2622 ἔχων,
3254 2557 3540 2630 συνέτυχόν
3577 2580 3682 2616 τινι
3716 2535 3864 2634 φιλό-

2282 2629 2430 2728 πόνω
2476 2633 2715 2703 γέροντι,
2745 2640 2838 2691 καὶ
2870 2640 3129 2714 βούλομαι
3179 2648 3270 2700 καί
3321 2667 3422 2717 σοι,
3462 2654 3606 2728 ἅπερ
3656 2629 3861 2725 ἐκεῖνος

2281 2723 2526 2821 κατέχων
2570 2728 2632 2821 τὸ
2664 2729 2973 2804 Ψαλτήριον
3018 2739 3144 2809 περὶ
3190 2741 3354 2821 αὐτος)
3403 2761 3494 2815 μοι
3538 2723 3856 2821 διηγήσατο,

2281 2816 2521 2913 Ὑβάβδαν
2575 2819 2688 2913 ἔχει
2732 2824 2842 2896 γάρ
2871 2843 2992 2880 τινα
3039 2829 3198 2900 χάριν
3243 2815 3336 2886 καί
3373 2815 3703 2912 πιθανότητα
3739 2815 3855 2913 μετλ

599 2919 800 2973 litatem
838 2933 963 2972 cum
989 2918 1336 2973 enarratione
1362 2915 1755 2970 verisimillima
1803 2917 2149 2987 conjunctam

2281 2907 2502 2977 εὐλόγου
2538 2889 2635 2966 τοδί
2661 2889 2820 2987 διηήγῆ
2829 2935 3015 2988 ματος.
3040 2889 3246 2992 τἘυλεγε
3269 2926 3374 2998 γὰρ
3398 2889 3606 2994 οὕτως*ι

595 3010 672 3065 ita
700 3011 844 3066 enim
879 3009 1096 3064 locutus
1126 3017 1209 3063 est
1246 3025 1259 3061 :

660 3103 717 3161 2.
748 3102 939 3158 Omnis
995 3110 1216 3169 nostra,
1272 3116 1305 3156 ο
1349 3100 1452 3168 lili,
1499 3099 1803 3170 Scriptura,
1850 3117 1972 3158 cum
2017 3109 2174 3157 vetus

593 3205 708 3250 tum
741 3210 903 3262 nova,
937 3194 1195 3249 divinitus
1227 3194 1490 3262 inspirata
1543 3191 1804 3262 utilisque
1857 3193 1924 3248 ad
1968 3193 2173 3248 doctri-

590 3304 716 3344 nam
743 3298 846 3351 est,
877 3295 935 3341 ut
960 3288 1225 3356 scriptum
1254 3284 1504 3340 habetur.
1544 3284 1797 3340 Attamen
1825 3282 2166 3342 Psalmorum

588 3380 725 3435 liber
767 3379 1016 3449 quaedam
1050 3377 1343 3432 observata
1411 3377 1574 3448 digna
1610 3377 1770 3433 habet
1818 3378 1906 3447 iis,
1957 3380 2049 3450 qui
2079 3389 2164 3434 at-

587 3472 806 3527 tendere
837 3469 1128 3525 voluerint.
1178 3468 1416 3538 Quilibet
1446 3470 1592 3525 enim
1635 3470 1772 3526 liber
1809 3485 1989 3536 suum,
2016 3472 2164 3541 quod

582 3565 819 3639 praefert,
860 3575 1238 3638 argumentum
1271 3574 1468 3622 tractat
1503 3577 1556 3622 et
1584 3566 1932 3636 prosequitur
1972 3565 2161 3622 :verbi

582 3659 751 3732 gratia
779 3657 1180 3714 Pentateuchus
1213 3659 1401 3714 mundi
1428 3658 1713 3729 originem,
1744 3666 1895 3728 gesta
1926 3658 2161 3729 patriar-

580 3751 832 3815 charum,
873 3751 1080 3806 cxitum
1110 3749 1324 3806 lsraelis
1355 3766 1420 3806 ex
1447 3749 1702 3822 Egypto,
1731 3760 1786 3805 et
1823 3751 1955 3822 legis
1986 3752 2155 3806 tradi-

580 3839 780 3894 tionem
798 3857 812 3904 ;
828 3837 1176 3906 Triteuchus,
1191 3837 1418 3893 sortium
1435 3837 1896 3906 distributionem,
1911 3838 2151 3907 judicum

577 3937 721 3995 acta,
763 3928 981 3984 Davidis
1007 3929 1409 4000 genealogiam;
1438 3930 1560 3985 libri
1615 3929 1820 4002 Regum
1863 3940 1919 3986 et
1949 3929 2154 3986 Parali-

575 4034 956 4091 pomeuorum,
998 4029 1148 4092 gesta
1179 4035 1402 4091 regum;
1446 4021 1668 4089 Esdras,
1704 4023 2029 4092 captivitatis
2061 4037 2152 4078 so-

574 4113 880 4182 lutionem,
933 4111 1168 4170 reditum
1213 4115 1420 4184 populi,
1472 4115 1656 4186 templi
1712 4125 1765 4172 et
1817 4117 1966 4173 urbis
2011 4132 2148 4172 con-

2349 3086 2412 3181 βς.
2454 3086 2762 3181 Πᾶσα-μὲν,
2791 3093 2837 3145 ὦ
2868 3095 3077 3163 τέκνον,
3113 3100 3145 3168 ὴ
3177 3101 3296 3153 καθ’
3322 3104 3469 3181 ἡμᾶς
3502 3107 3710 3181 Γραφὴ,
3747 3129 3852 3165 πα..

2275 3174 2400 3272 λαιά
2438 3194 2506 3272 ⁸τε
2551 3179 2646 3232 καὶ
2703 3184 2882 3256 καινὴ,
2914 3185 3268 3255 θεόπνευστός
3302 3175 3416 3247 ἐστι
3451 3174 3849 3272 καὶ-ῶᾲέλιμος

2274 3268 2407 3338 πρὸς
2430 3269 2797 3340 διδασκαλίαν,
2823 3275 2898 3339 ὡς
2926 3278 3234 3351 γέγραπται
3259 3299 3273 3312 ο
3307 3283 3418 3355 ἔχει
3450 3285 3507 3339 δέ
3540 3305 3660 3341 τινα
3691 3268 3848 3345 πιδα-

2409 3364 2789 3436 παρατήρησιν
2821 3370 2932 3432 τοῖς
2980 3372 3337 3443 προσέχουσιν
3390 3379 3422 3446 ή
3458 3377 3563 3430 τῶν
3598 3379 3843 3451 Ψαλμῶν

2268 3448 2714 3545 ριδλοςεεκάστη
2766 3458 2864 3527 μὲν
2893 3460 3002 3530 γὰρ
3029 3461 3208 3530 βίϐλος
3239 3466 3299 3518 τὸ
3339 3467 3466 3522 ῐδιον
3517 3448 3840 3545 ἐπάγγελμα

2263 3539 2498 3596 διακονεί
2523 3545 2615 3598 καὶ
2645 3547 3004 3627 ἀπαγγέλλειο
3040 3546 3149 3606 οἷον
3178 3556 3210 3625 ἡ
3241 3557 3605 3631 Πεντάτευχος
3629 3539 3840 3631 γένεσιν

2261 3633 2464 3704 κόσμου
2498 3637 2592 3690 καὶ
2621 3639 2728 3692 τῶν
2751 3644 3106 3715 πατριαρχῶν
3132 3647 3229 3712 τὰς
3259 3650 3502 3722 πράξεις,
3535 3655 3635 3726 τήν
3657 3674 3716 3710 τε
3740 3660 3836 3713 ἀπ’

2257 3729 2530 3797 Αἰγύπτου
2562 3731 2655 3785 τοῦ
2699 3735 2911 3807 Ἰσραὴλ
2944 3736 3137 3807 ἔξοδον,
3161 3742 3254 3795 καὶ
3280 3744 3379 3815 τὴν
3400 3745 3497 3816 τῆς
3518 3749 3834 3819 νομοθεσίας

2255 3821 2493 3914 διάταξιν
2511 3841 2523 3853 ·
2556 3827 2589 3895 ἡ
2616 3826 2908 3899 Τρίτευχος
2938 3831 3039 3903 τὴν
3062 3832 3432 3904 κληροδοσίαν,
3465 3841 3556 3893 καὶ
3580 3842 3688 3895 τῶν
3712 3861 3832 3914 κρι·

2253 3913 2362 3966 τῶν
2391 3908 2490 3979 τάς
2522 3916 2769 3988 πράξεις,
2792 3922 2886 3973 καὶ
2918 3924 3264 3994 γενεαλογίαν
3289 3929 3383 3982 τοῦ
3413 3931 3576 3984 Δαϐίδ
3595 3951 3606 3962 ·
3637 3936 3693 3987 al
3725 3908 3828 3988 ἰξα-

2255 4006 2446 4062 σιλεῖαι
2473 4009 2565 4062 καὶ
2598 4013 3071 4087 Παραλειπόμεναι
3104 4017 3366 4088 βασιλέων
3397 4023 3620 4094 πράξεις
3638 4043 3651 4055 ο
3681 4028 3773 4080 καὶ
3795 4031 3825 4081 ὁ

2254 4102 2350 4171 μὲν
2387 4103 2618 4177 Ἔσδρας
2639 4107 2898 4164 ἀπόλυσιν
2918 4110 3020 4181 τῆς
3044 4113 3417 4184 αἰχμαλωσίας
3447 4118 3541 4170 καὶ
3569 4118 3823 4174 ἐπάνοδον

573 4206 962 4275 structionem;
1015 4204 1300 4277 Prophetas
1329 4247 1343 4273 ,
1395 4207 1706 4278 prophetias
1762 4208 1830 4265 de
1909 4210 2140 4266 adventu

2262 4192 2341 4246 τοῦ
2359 4195 2512 4262 λαοῦ,
2543 4199 2635 4250 καὶ
2661 4199 2947 4272 οἰκοδομὴν
2978 4203 3071 4256 τοῦ
3101 4200 3229 4258 ναοῦ
3261 4207 3355 4260 καὶ
3386 4207 3482 4279 τῆς
3510 4208 3747 4272 πόλεως’
3771 4213 3819 4265 οι

572 4299 903 4368 Salvatoris,
955 4299 1022 4356 de
1068 4299 1350 4371 praeceptis
1399 4301 1681 4356 servandis
1724 4301 1954 4368 monita,
2003 4318 2145 4373 prae-

567 4393 924 4448 varicantium
950 4392 1420 4462 reprehensiones,
1440 4392 1749 4463 prophetias
1785 4392 1852 4457 de
1869 4395 2136 4463 gentibus.

565 4488 636 4542 At
675 4487 810 4541 liber
850 4484 1212 4551 Psalmorum,
1261 4487 1506 4542 omnium
1551 4486 1889 4557 reliquorum
1928 4486 2139 4542 fructus

566 4580 723 4648 quasi
763 4579 954 4635 insitos
983 4579 1038 4635 in
1067 4595 1125 4635 se
1157 4579 1465 4648 continens,
1501 4589 1694 4636 cantus
1736 4581 1868 4646 edit,
1917 4592 1972 4636 et
2012 4597 2138 4652 pro-

563 4675 712 4742 prios
741 4674 962 4746 insuper
1003 4689 1128 4729 cum
1171 4673 1306 4745 ipsis
1339 4674 1479 4730 inter
1510 4676 1851 4745 psallendum
1891 4676 2132 4733 exhibet.

632 4864 685 4918 3.
718 4862 852 4919 Nam
874 4879 994 4934 quae
1016 4864 1251 4919 Genesin
1288 4873 1534 4934 spectant
1559 4864 1742 4934 psallit
1793 4865 2004 4933 psalmo
2035 4865 2132 4920 de-

561 4963 701 5019 cimo
732 4973 963 5018 octavo:
1005 4960 1134 5016 ειείὶ
1180 4971 1431 5016 enarrant
1475 4964 1700 5031 gloriam
1727 4960 1842 5028 Dei,
1887 4970 1936 5015 et
1970 4977 2130 5030 opera

557 5071 807 5108 manuum
852 5055 963 5122 ejus
1008 5054 1288 5107 annuntiat
1333 5054 1761 5121 ﬁrmamentum;
1804 5061 1857 5106 et
1919 5052 2128 5118 psalmo

555 5149 813 5204 vicesimo
831 5147 988 5201 tertio
1018 5166 1031 5200 :
1061 5146 1271 5200 Domini
1298 5155 1374 5198 est
1408 5157 1568 5210 terra,
1602 5154 1651 5197 et
1680 5145 1948 5214 plenitudo
1968 5145 2080 5214 ejus
2106 5162 2123 5199 :

2246 4286 2302 4339 δὲ
2324 4289 2603 4360 Προφῆται
2625 4293 2960 4362 προφητείας
2991 4297 3116 4367 περὶ
3148 4299 3247 4368 τῆς
3271 4300 3560 4370 ἐπιδημίας
3589 4301 3682 4355 τοῦ
3708 4305 3820 4357 Σω-

2242 4379 2428 4451 τῆρος,
2454 4382 2786 4456 ὑπομνήσεις
2806 4403 2866 4438 τε
2899 4388 3028 4458 περὶ
3055 4388 3162 4442 τῶν
3190 4391 3439 4456 ἐντολῶν,
3463 4395 3556 4448 καὶ
3583 4397 3816 4468 μέμψεις

2243 4474 2382 4526 κατὰ
2407 4475 2513 4528 τῶν
2542 4477 3001 4548 παραϐαινόντων,
3045 4485 3138 4535 καὶ
3171 4485 3504 4556 προφητείας
3529 4491 3638 4552 τοῖς
3669 4488 3815 4543 ἔθνε-

2242 4582 2344 4618 σιν.
2362 4567 2424 4618 Ἢ
2472 4567 2530 4620 δέ
2577 4585 2640 4636 γε
2680 4567 2860 4639 βίϐλος
2901 4571 3008 4625 τῶν
3049 4572 3317 4643 Ψαλμῶν,
3365 4575 3439 4638 ὼς
3493 4578 3813 4649 παράδεισος

2237 4658 2304 4711 τὰ
2335 4659 2411 4729 (Ι)
2448 4659 2505 4712 ἐν
2531 4660 2668 4732 αὐτῇ
2723 4662 2961 4733 φέρουσα
2990 4663 3236 4734 μελῳδεῖ.
3271 4665 3362 4718 καὶ
3390 4666 3458 4721 τὰ
3493 4667 3597 4722 ίδια
3621 4668 3676 4721 δὲ
3707 4668 3809 4722 πά-

2237 4747 2318 4801 λιν
2347 4751 2463 4820 μετ⁹
2492 4749 2670 4802 αὐτῶν
2700 4751 2975 4821 ψάλλουσα
3007 4752 3265 4808 δείκνυσι.

2308 4846 2375 4907 γ’.
2418 4840 2498 4895 Τά
2531 4841 2626 4911 μὲν
2657 4841 2763 4913 γὰρ
2793 4841 2892 4910 τῆς
2919 4831 3190 4906 Γενέσεως
3216 4843 3406 4913 ψάλλει
3439 4847 3495 4900 ἐν
3526 4844 3605 4916 τῷ
3635 4845 3806 4899 om»-

2235 4929 2566 5002 καιδεκάτῳο
2626 4934 2688 4984 οι
2730 4931 2969 5000 οὐρανοὶ
3019 4931 3364 5002 διηγοῦνται
3408 4935 3596 4999 δόξαν
3637 4937 3802 5002 Θεοῦ,

2233 5023 2483 5092 ποίησιν
2509 5023 2576 5076 δὲ
2608 5023 2821 5093 χειρῶν
2855 5025 3042 5079 αὐτοῦ
3067 5026 3419 5096 ἀναγγέλλει
3453 5028 3519 5081 τὸ
3558 5029 3804 5098 στερέω-

2225 5131 2342 5184 μαο
2376 5115 2465 5168 καὶ
2494 5116 2552 5169 ἐν
2583 5115 2658 5187 τῷ
2688 5122 2770 5185 κγ’
2790 5133 2805 5146 ο
2847 5115 2958 5170 Τοῦ
2985 5117 3206 5185 Κυρίου
3240 5119 3277 5186 ή
3313 5115 3388 5188 γῆ
3413 5120 3510 5173 καὶ
3544 5120 3610 5174 τὸ
3653 5121 3804 5186 πλή-

2222 5226 2390 5278 ρωμα
2412 5207 2620 5277 αὐτῆς,
2638 5212 2676 5279 ἡ
2697 5209 3014 5280 οἰκουμένη
3037 5211 3132 5264 καὶ
3151 5209 3373 5276 πάντες
3388 5215 3441 5266 οι
3455 5214 3799 5267 κατοικοῦν-

553 5240 695 5294 orbis
733 5249 1022 5302 terrarum,
1063 5247 1111 5291 et
1149 5239 1376 5291 universi
1412 5237 1502 5306 qui
1537 5235 1776 5290 habitant
1804 5238 1857 5289 in
1889 5254 1967 5290 eo.
2001 5234 2122 5306 Ipse

554 5350 709 5403 super
743 5335 916 5387 maria
960 5331 1200 5400 fundavit
1238 5347 1374 5384 eam.
1417 5329 1550 5396 Quae
1577 5346 1705 5386 vero
1734 5331 1800 5385 ad
1851 5327 2119 5393 Exodum,

554 5423 841 5492 Numeros,
883 5424 1362 5480 Deuteronomium
1404 5423 1696 5493 pertinent,
1729 5422 1952 5493 pulchre
1976 5422 2124 5476 canit

555 5523 612 5576 in
645 5518 1041 5590 septuagesimo
1071 5516 1320 5586 septimo,
1369 5517 1667 5571 centesimo
1696 5516 1909 5570 decimo
1939 5516 2116 5577 tertio.

555 5617 641 5671 his
679 5613 859 5669 verbis
888 5632 899 5665 :
924 5610 989 5666 In
1004 5613 1146 5665 exitu
1179 5609 1348 5663 Israel
1373 5610 1436 5663 de
1459 5609 1711 5680 nggptO,
1739 5609 1923 5663 domus
1948 5609 2112 5663 Iacob

546 5710 609 5761 de
624 5707 814 5777 popula
839 5707 1080 5771 barbaro,
1111 5708 1254 5773 facta
1283 5715 1360 5760 est
1379 5704 1570 5760 Juda'a
1593 5705 1944 5774 sanctiﬁcatio
1969 5704 2106 5772 ejus,

617 5842 691 5908 (ί)
732 5843 850 5896 Τῶν
886 5842 1100 5896 πάντων
1127 5844 1212 5901 ed.

2228 5319 2326 5366 τες
2355 5303 2424 5354 ἐν
2451 5301 2635 5371 αὐτῇ·
2682 5304 2863 5369 αὐτὸς
2903 5303 3002 5357 ἐπὶ
3039 5304 3368 5359 θαλασσῶν
3408 5305 3800 5374 ἐθεμελίωσεν

2226 5394 2437 5459 αὐτήν.
2472 5395 2550 5447 Τὰ
2579 5396 2635 5448 δὲ
2665 5397 2761 5467 τῆς
2789 5396 2998 5463 Ἐξόδου
3032 5397 3122 5450 καὶ
3151 5395 3258 5451 τῶν
3288 5397 3559 5469 Ἀριθμῶν
3587 5400 3678 5451 καὶ
3705 5399 3796 5451 τοῦ

2226 5487 2641 5558 Δευτερονομίου
2668 5488 2783 5558 ᾅδει
2807 5488 2985 5552 καλῶς
3013 5490 3069 5541 ἐν
3090 5488 3166 5558 τῷ
3186 5489 3568 5560 ἑϐδομηκοστῷ
3589 5489 3797 5560 ἑϐδόμῳ

2229 5580 2447 5652 ψαλμῷ,
2482 5583 2573 5635 καὶ
2614 5584 2671 5635 ἐν
2699 5581 2777 5651 τῷ
2811 5582 3085 5653 ἑκατοστῷ
3116 5583 3542 5655 τρισκαιδεκάτῳ
3575 5582 3790 5653 ψαλμῷ,

2223 5673 2430 5742 λέγων·
2479 5675 2571 5727 Ἐν
2614 5674 2801 5742 ἐξόδῳ
2843 5675 3077 5745 Ἰσραὴλ
3125 5676 3193 5740 ἐξ
3243 5678 3540 5746 Αἰγύπτου
3569 5717 3584 5741 ,
3625 5677 3792 5731 οἷκον
