4032 6436
185 410 246 463 15
1297 399 1624 455 EPISTOLA
1663 396 1752 451 AD
1793 390 2236 448 MARCELLINU
2249 389 2316 443 M.
3341 369 3405 430 14

194 526 387 580 Ἰακὼϐ
401 527 471 580 ἐκ
500 517 990 591 λαοῦβαρσάρου,
1021 522 1272 592 ἐγενήθη
1303 521 1547 576 Ἰουδαία
1575 520 1738 589 ἁγία-

1854 513 2018 568 lsrael
2057 520 2286 582 potestas
2334 510 2466 578 ejus.
2518 506 2594 560 Ea
2631 507 2746 574 ipsa
2790 501 2969 573 psallit
3002 501 3054 553 in
3111 496 3408 553 centesimo

179 636 299 686 σμα
334 617 540 682 αὐτοῦ,
559 617 792 685 Ἰσραὴλ
812 620 898 682 εὶς
918 616 1205 680 ἐξουσίαν
1223 615 1426 667 αὑτοῦ.
1454 611 1658 665 Ψὰλλει
1682 609 1740 662 δὲ

1835 615 2030 678 quarto
2067 623 2078 657 :
2116 603 2265 657 Misit
2319 601 2534 669 Moysen
2569 612 2771 652 servum
2816 610 2994 655 suum,
3019 592 3217 653 Aaron,
3257 598 3406 657 quem

182 711 268 763 καὶ
325 709 498 762 ταῦτα.
526 711 584 762 ἐν
616 710 692 779 τῷ
722 707 993 778 ἑκατοστῷ
1020 708 1281 777 τετάρτῳ·
1326 703 1739 768 Ἐξαπέστειλε

1854 699 1986 768 'legit
2034 698 2206 765 ipsum
2238 710 2254 746 :
2287 693 2459 763 posuit
2487 693 2541 743 in
2571 691 2645 742 eis
2693 686 2846 741 verba
2873 686 3142 753 signorum
3173 695 3407 735 suorum.

181 799 445 867 Μωῦσῆν
465 801 573 853 τὸν
593 799 816 854 δοῦλον
836 797 1039 858 αὐτοῦ,
1058 796 1290 864 Ἀαρὼν,
1320 793 1392 848 ὃν
1423 791 1740 858 ἐξελέξατο

181 893 362 944 αὐτόν
380 908 394 921 ·
421 890 586 944 ἔθετο
613 891 682 943 ἐν
716 888 920 953 αὐτοῖς
941 887 1081 950 τοὺς
1101 887 1320 956 λόγους
1345 902 1462 938 των
1481 883 1742 951 σημείων

181 981 364 1034 αὑτοῦ
384 982 482 1036 καὶ
504 981 622 1036 τῶν
641 979 897 1050 τεράτων
921 979 1106 1033 αὑτοῦ
1129 979 1201 1030 ἐν
1227 975 1303 1047 γῇ
1348 975 1494 1043 Χάμ.
1527 974 1736 1038 Ἑξαπ-

181 1074 412 1128 έστειλε
433 1076 672 1139 σκότος,
712 1073 810 1126 καὶ
836 1072 1149 1135 ἐσκότασε,
1175 1069 1271 1123 καὶ
1296 1067 1740 1135 παρεπίκραναν

163 1158 319 1230 ¹τοὺς
341 1167 562 1235 λόγους
593 1163 796 1218 αὑτοῦ.
834 1161 1210 1229 Μετέστρεψε
1237 1160 1309 1213 τὰ
1339 1159 1525 1212 ὕδατα
1547 1156 1740 1211 αὐτῶν

179 1261 264 1322 εις
286 1253 450 1326 αἷμα,
469 1258 565 1310 καὶ
597 1257 904 1310 ἀπέκτεινε
923 1254 1063 1316 τοὺς
1087 1253 1292 1321 ἰχθύας
1313 1250 1525 1304 αὐτῶν.
1545 1247 1742 1316 Ἐξῆρ-

180 1354 297 1416 iter
328 1350 367 1416 η
404 1346 480 1416 γῆ
516 1347 714 1401 αὐτῶν
735 1345 1078 1413 βατράχους
1106 1344 1176 1396 ἐν
1210 1343 1330 1407 τοῖς
1349 1340 1607 1410 ταμείοις
1628 1338 1746 1392 τῶν

173 1439 484 1503 ,ϐασιλέων
526 1437 740 1492 αὐτῶν.
773 1434 952 1500 Eine,
982 1437 1080 1488 καὶ
1127 1431 1272 1505 ἦλθε
1312 1435 1603 1500 κυνόμυια
1645 1427 1744 1483 καὶ

180 1532 434 1600 σκνῖφες
455 1531 524 1583 ὲν
543 1529 691 1584 πᾶσι
723 1531 846 1594 τοῖς
871 1530 1054 1598 ὁρίοις
1084 1525 1298 1580 αὐτῶν.
1332 1526 1440 1579 Καὶ
1470 1524 1605 1586 ὅλως
1625 1522 1743 1574 ὅλον

178 1641 236 1676 τε
267 1624 359 1676 τὸν
389 1623 601 1693 ψαλμὸν
645 1622 830 1676 τοῦτόν
861 1639 922 1674 τε
965 1621 1060 1673 καὶ
1107 1619 1296 1672 ἑκατὸν
1344 1616 1587 1686 πέμπτον
1619 1613 1746 1684 περὶ

177 1714 285 1766 τῶν
332 1714 510 1768 αὐτῶν
559 1713 702 1767 ἔστιν
745 1713 923 1783 εὑρεῖν
957 1709 1359 1781 γεγραμμένον.
1388 1707 1495 1759 Καὶ
1540 1705 1610 1758 τὰ
1653 1706 1749 1775 μὲν

181 1805 451 1876 ἱερατείας
481 1805 573 1858 καὶ
600 1804 700 1873 τῆς
730 1802 931 1873 σκηνῆς
946 1803 1219 1870 ἀναφωνεῖ
1243 1800 1300 1850 ὲν
1338 1796 1524 1866 ὲξοδίῳ
1552 1795 1756 1865 σκηνῆς

1835 800 1883 844 et
1926 789 2291 859 prodigiorum
2347 787 2591 846 in,terra
2635 780 2821 834 Cltam.
2875 777 3023 831 Misit
3075 771 3310 826 tenebras
3361 778 3409 820 et

1839 881 2151 944 obscuravit,
2199 887 2250 931 et
2296 875 2738 929 exacerbarerunt
2782 884 3038 922 sermones
3088 881 3229 917 suos.
3270 858 3410 914 Con-

1840 973 1995 1029 vertit
2029 986 2193 1040 aquas
2233 983 2412 1022 eorum
2445 964 2844 1033 insanguinem
2880 977 2896 1013 :
2933 969 2980 1011 et
3021 957 3211 1010 occidit
3249 953 3410 1021 pisces

1843 1079 2041 1119 eorum.
2090 1059 2276 1114 Edidit
2326 1069 2466 1111 terra
2521 1072 2700 1109 eorum
2749 1069 2907 1106 ranas
2953 1051 3005 1103 in
3065 1042 3410 1116 penetralibus

1847 1171 2022 1226 regum
2045 1155 2298 1221 ipsorum.
2336 1149 2480 1201 Dixit
2509 1163 2526 1200 :
2553 1156 2600 1200 et
2625 1146 2758 1199 venit
2791 1141 3078 1210 caenomyia
3107 1149 3154 1191 et
3184 1134 3413 1204 cinippes

1849 1225 1914 1300 in,
1941 1243 2177 1298 omnibus
2214 1240 2409 1311 finibus
2437 1253 2637 1292 eorunt.
2674 1235 2849 1304 Atque
2884 1232 3150 1299 integrum
3191 1225 3415 1278 omnino

1849 1338 2117 1408 psalmum
2149 1337 2337 1396 istum,
2379 1340 2432 1385 et
2463 1327 2819 1384 centesimum
2859 1324 3106 1393 quintum
3131 1318 3196 1371 de
3224 1315 3414 1371 iisdem

1850 1427 2014 1482 rebus
2047 1423 2416 1491 conscriptum
2447 1434 2566 1473 esse
2588 1414 2982 1486 deprehendere
3010 1418 3111 1464 est.
3137 1408 3266 1473 Quae
3287 1420 3416 1459 vero

1848 1515 2210 1572 sacerdotium
2264 1508 2780 1571 tabernaculumque
2831 1509 3106 1571 spectant,
3153 1496 3315 1550 refert
3361 1495 3414 1545 in

1858 1608 2007 1662 exitu
2056 1602 2410 1662 tabernaculi,
2448 1598 2703 1652 vicesimo
2736 1604 2926 1649 octavo
2947 1591 3153 1660 psalmo
3185 1606 3197 1641 :
3225 1585 3419 1654 Aﬂ'erte

1863 1700 2111 1760 Domino,
2162 1695 2262 1763 ﬁlii
2309 1693 2439 1755 Dei,
2480 1691 2664 1759 afferte
2710 1686 2933 1740 Domino
2981 1681 3120 1753 filios
3164 1678 3417 1738 arietum,

1862 1793 2044 1860 afferte
2076 1788 2301 1842 Domino
2339 1785 2563 1855 gloriam
2595 1791 2642 1836 et
2684 1780 2948 1832 honorem.

179 1857 250 1948 Evr
268 1897 348 1968 τῷ
392 1857 476 1967 κη’
500 1857 728 1966 ψτιλμξὶζ·
767 1857 1076 1964 ’ἐνέγκατε
1096 1890 1176 1956 τῷ
1196 1857 1408 1957 Κυρίῳ,
1437 1857 1552 1942 υίοὶ
1577 1857 1746 1952 Θεού,
1784 1857 2062 1952 ἐνέγκατε
2090 1878 2168 1943 τῷ
2189 1877 2380 1946 Κυρίῳ
2404 1874 2571 1937 υἱοὺς
2603 1871 2798 1940 κριῶν,
2822 1865 3095 1936 ἐνέγκατε
3117 1859 3195 1926 τῷ
3226 1857 3422 1926 Κυρίῷ

177 1987 368 2050 δόξαν
391 1988 488 2039 καὶ
517 1987 715 2054 τιμήν.

240 2043 304 2134 6".
329 2080 409 2133 re
437 2079 493 2132 δὲ
515 2043 608 2132 10-6
638 2043 794 2148 Nae-7;
825 2077 920 2130 καὶ
948 2076 1059 2129 τῶν
1088 2073 1301 2146 Κριτῶν
1333 2070 1584 2143 ἐμφαίνει
1621 2087 1738 2132 πως

1906 2064 1958 2117 4.
1989 2061 2094 2117 Res
2115 2074 2240 2115 vero
2267 2056 2396 2112 Jesu
2445 2055 2591 2109 Nave
2627 2062 2681 2108 et
2719 2048 2967 2105 Judicum
3014 2047 3183 2118 tangit
3212 2043 3421 2114 psalmo

179 2177 237 2228 ὲν
276 2173 358 2244 τῷ
400 2169 674 2242 ἑκατοστῷ
709 2171 871 2241 ἕκτῳ,
907 2169 1111 2238 λέγων·
1161 2166 1269 2220 Καὶ
1298 2163 1757 2231 συνεστήσαντο

177 2269 389 2332 πόλεις
444 2265 844 2329 κατοικεσιάς,
894 2263 993 2317 καὶ
1037 2264 1324 2330 ἐσπειραν
1372 2261 1611 2330 ἀγροὺς,
1663 2261 1760 2313 καὶ

175 2359 527 2428 ἐφύτευσαν
555 2354 929 2425 ἀμπελῶνας.
947 2355 1067 2408 Ἐπὶ
1096 2355 1203 2425 γὰρ
1230 2352 1320 2406 τοῦ
1349 2353 1506 2422 Ναυῆ
1527 2352 1752 2405 διαδέδο-

177 2469 266 2504 ται
299 2449 537 2520 αὑτοῖςή
564 2449 633 2518 γῆ
659 2448 757 2519 τῆς
788 2447 1138 2517 ἐπαγγελίας.
1169 2445 1356 2513 Λέγων
1385 2446 1441 2498 δὲ
1469 2446 1525 2497 ὲν
1552 2445 1630 2515 τῷ
1659 2445 1757 2498 αὐ-

174 2543 254 2613 τῷ
299 2539 500 2612 ψαλμῷ
540 2540 809 2610 συνεχῶςο
839 2539 948 2594 Καὶ
986 2537 1315 2608 ἐκέκραξαν
1357 2537 1506 2604 πρὸς
1543 2537 1760 2602 Κύριον

175 2637 247 2688 ἐν
267 2633 351 2699 τῷ
371 2635 675 2688 θλίϐεσθαι
699 2631 946 2696 αὐτοὺς,
989 2631 1088 2684 καὶ
1114 2630 1182 2682 ἐκ
1209 2626 1327 2682 τῶν
1350 2624 1626 2696 ἀναγκῶν
1650 2626 1758 2677 αὐ-

175 2727 297 2781 τῶν
329 2727 564 2780 ἔσωσεν
595 2725 846 2788 αὐτούς·
886 2721 1139 2793 σημαίνει
1168 2719 1274 2772 τῶν
1311 2718 1529 2787 Κριτῶν
1551 2717 1650 2788 τὴν
1679 2716 1760 2785 βί-

178 2820 333 2872 ϐλον·
369 2819 491 2872 τότε
521 2816 630 2887 γὰρ
675 2813 983 2887 κραζόντων
1023 2811 1202 2865 αὐτῶν
1248 2811 1436 2880 ἠγειρε
1487 2806 1628 2861 κατὰ
1667 2807 1758 2860 τὸν

177 2910 370 2978 καιρὸν
400 2907 616 2978 κριτὰς,
644 2907 737 2958 καὶ
760 2904 929 2966 ἔσωζε
953 2903 1042 2955 τὸν
1061 2901 1186 2954 λαὸν
1210 2900 1319 2953 ἀπὸ
1337 2899 1445 2952 τῶν
1473 2899 1759 2952 Θλιόόντων

176 2997 399 3061 αὐτούς.
436 2998 546 3049 Καὶ
573 2994 641 3051 τὰ
674 2994 781 3048 τῶν
811 2991 1108 3048 Βασιλειῶν
1130 2990 1322 3060 ψάλλει
1356 3005 1472 3050 πως
1499 2990 1557 3040 ὲν
1577 2988 1654 3056 τῷ
1675 2990 1760 3038 ὲν-

175 3087 606 3157 νεακαιδεκάτῳ,
627 3085 800 3152 λέγων
819 3100 832 3113 ·
862 3077 1040 3139 Οὗτοι
1064 3081 1133 3135 ἐν
1151 3080 1372 3149 ἅρμασι
1384 3076 1484 3132 καὶ
1509 3071 1671 3133 οὗτοι
1691 3076 1761 3130 ἐν

175 3184 408 3246 ἵπποις,
441 3177 612 3248 ἡμεῖς
658 3176 728 3229 δὲ
769 3175 840 3228 ἐν
890 3159 1134 3242 ὀνόματι
1163 3171 1385 3240 Κυρίου
1416 3169 1564 3223 Θεοῦ
1591 3167 1760 3237 ἡμῶν

170 3270 772 3342 μεγαλυνθησόμεθα.
819 3263 1003 3319 Αὐτοὶ
1062 3262 1597 3329 συνεποδίσθησαν
1658 3259 1757 3313 καὶ

174 3367 432 3428 ἔπεσαν,
476 3360 646 3431 ἡμεῖς
692 3359 760 3412 δὲ
798 3357 1138 3426 ἀνέστημεν
1173 3355 1272 3411 καὶ
1313 3354 1753 3423 ἀνωρθώθτιμεν.

1860 2155 2156 2210 centesimo
2207 2158 2389 2214 sexto,
2439 2151 2518 2204 sic
2565 2166 2578 2200 :
2630 2145 2696 2198 Et
2756 2145 3136 2198 constituerunt
3186 2138 3420 2192 civitates

1857 2246 2222 2310 habitationis,
2261 2253 2310 2297 et
2344 2243 2726 2296 seminaverunt
2759 2253 2934 2308 agros,
2975 2242 3025 2288 et
3053 2227 3419 2304 plantaverunt

1861 2342 2058 2394 vineas.
2095 2336 2228 2390 Nam
2276 2334 2380 2389 sub
2419 2332 2547 2388 Jesu
2595 2331 2739 2385 Nave
2771 2329 2964 2384 tradita
2999 2327 3105 2381 illis
3137 2323 3240 2380 fuit
3282 2334 3422 2378 terra

1859 2428 2258 2498 promissionis.
2307 2425 2446 2481 Cum
2488 2432 2667 2477 autem
2712 2421 2766 2474 in
2809 2435 2875 2474 eo
2915 2419 3033 2488 ipso
3072 2416 3280 2488 psalmo
3312 2414 3424 2468 fre-

1857 2532 2084 2592 quenter
2113 2520 2259 2574 dicat
2299 2537 2311 2571 :
2364 2516 2428 2569 Et
2474 2515 2830 2568 clamauerunt
2863 2510 2930 2564 ad
2976 2507 3257 2563 Dominum
3306 2524 3424 2561 cum

1859 2611 2258 2676 tribularentur,
2283 2621 2332 2662 et
2357 2609 2420 2662 de
2449 2606 2841 2661 necessitatibus
2858 2619 3037 2656 eorum
3053 2599 3288 2655 liberavit
3306 2614 3424 2652 eos:

1856 2704 2053 2758 librum
2077 2699 2329 2755 Judicum
2374 2698 2596 2752 indicat.
2628 2695 2766 2748 Tum
2805 2693 2950 2747 enim
2981 2692 3113 2761 ipsis
3143 2689 3427 2746 clamanti-

1857 2796 1982 2858 bus,
2037 2793 2204 2848 variis
2258 2790 2593 2862 temporibus
2635 2787 2846 2857 iudices
2878 2784 3177 2847 excitabat,
3229 2781 3429 2835 libera-

1857 2885 2055 2954 batque
2099 2881 2359 2954 populum
2399 2883 2468 2936 ab
2499 2881 2565 2936 iis
2599 2879 2692 2949 qui
2742 2877 2916 2947 ipsum
2974 2875 3286 2944 aﬂligerent.
3320 2871 3426 2928 Re.

1861 2990 2091 3044 gnorum
2147 2989 2362 3044 quoque
2416 2971 2674 3028 historias
2728 2967 3129 3038 quodammodo
3181 2966 3329 3020 canit
3370 2966 3426 3019 in

1863 3064 2072 3119 decimo
2098 3079 2242 3117 nono
2274 3065 2460 3116 dicens
2492 3080 2505 3115 :
2541 3060 2614 3113 Hi
2649 3061 2704 3112 in
2733 3056 2994 3122 curribus,
3025 3065 3074 3110 et
3099 3055 3154 3110 lii
3182 3058 3236 3110 in
3259 3057 3426 3125 equis,

1860 3172 1954 3209 nos
1983 3163 2160 3209 autem
2197 3156 2256 3207 in
2289 3154 2494 3206 nomine
2539 3150 2749 3204 Domini
2783 3149 2878 3203 Dei
2930 3149 3098 3202 nostri
3123 3149 3430 3218 magniﬁca-

1861 3248 2051 3301 bimur.
2093 3245 2207 3314 Ipsi
2235 3245 2473 3313 impediti
2505 3252 2646 3305 sunt,
2680 3250 2730 3295 et
2761 3239 3092 3304 ceciderunt;
3129 3256 3219 3292 nos
3253 3243 3426 3293 autem

1859 3340 2202 3402 surreximus,
2252 3344 2305 3389 et
2363 3335 2520 3388 erecti
2577 3350 2780 3386 sumus.
2832 3332 3070 3397 Domine,
3098 3333 3298 3386 salvum
3342 3334 3429 3401 [ac

175 3459 379 3526 Κύριε,
403 3424 746 3510 aneane».
770 3424 1052 3516 βασιλέα,
1087 3448 1184 3503 καὶ
1212 3446 1557 3501 ἐπάκουσον
1587 3442 1753 3514 ἡμῶν

1857 3446 2044 3500 regem,
2080 3438 2129 3483 et
2172 3427 2365 3482 exaudi
2401 3442 2493 3480 nos
2525 3425 2580 3478 in
2628 3424 2712 3477 die
2757 3441 2861 3493 qua
2909 3425 3316 3477 invocaverimus
3358 3431 3426 3476 te.

175 3550 248 3602 ὲν
270 3542 313 3618 ᾖ
335 3547 413 3599 ἂν
432 3544 620 3612 ἡμέρᾳ
640 3537 1128 3610 ἑπικαλεσὼμεθά
1154 3554 1246 3593 σε.
1263 3537 1344 3590 Τὰ
1368 3535 1425 3588 δὲ
1445 3533 1538 3588 τοῦ
1555 3533 1757 3605 Ἐσδρα

176 3641 238 3693 ἐν
269 3636 349 3708 τῷ
382 3631 804 3700 ἑκατονεικοστῷ
834 3631 1070 3700 πέμπτῳ
1113 3629 1224 3682 τῶν
1263 3625 1589 3696 ἀναϐαθμῶν
1609 3623 1722 3696 ᾅδει
1740 3640 1753 3654 ·

189 3732 288 3783 Ἐν
311 3729 394 3792 τῷ
412 3723 770 3792 ἐπιστρέψαι
785 3724 1004 3790 Κύριον
1024 3721 1138 3788 τὴν
1159 3718 1571 3788 αἰχμαλωσίαν
1585 3714 1757 3778 Σιὼν,

175 3819 552 3891 ἐγενήθημεν
571 3815 716 3871 ὡσεὶ
734 3811 1246 3883 παρακεκλημένοι
1262 3828 1275 3841 °
1303 3811 1396 3864 καὶ
1424 3809 1584 3861 πάλιν
1607 3809 1664 3860 ὲν
1682 3806 1761 3877 τῷ

178 3907 607 3977 ὲκατονεικοστῷ
639 3905 839 3977 πρώτῳ
860 3922 873 3936 ο
903 3902 1261 3974 Εὐφράνθην
1306 3901 1404 3953 ἐπι
1445 3898 1569 3963 τοῖς
1607 3898 1760 3964 ειρη-

178 4001 324 4054 κόσι
351 4012 490 4065 μοι’
516 3997 622 4059 Εἰς
657 3991 826 4048 οἷκον
845 3995 1065 4060 Κυρίου
1098 3985 1762 4059 πορευσώμεθα.Ἐστῶ-

178 4107 282 4156 τες
311 4084 477 4159 ἦσαν
514 4088 568 4140 οἱ
600 4085 781 4151 πόδες
824 4082 986 4153 ἡμῶν
1021 4084 1091 4136 ἐν
1118 4083 1247 4148 ταῖς
1269 4080 1483 4144 αὐλαῖς
1517 4095 1652 4143 σου,
1671 4080 1761 4131 Ἱε-

170 4178 522 4249 ρουσαλήμ.
540 4175 923 4246 Ἰερουσαλὴμ
965 4171 1430 4241 οἰκοδομουμένη
1453 4171 1532 4235 ὡς
1559 4170 1758 4233 πόλις,

176 4270 255 4342 ἧς
269 4273 310 4340 ή
321 4269 547 4342 μετοχὴ
569 4269 758 4337 αὐτῆς
783 4269 878 4323 ἐπὶ
897 4267 962 4321 τὸ
983 4267 1130 4320 αὐτό
1145 4283 1157 4295 ·
1180 4263 1308 4318 ἐκεῖ
1329 4263 1436 4333 γὰρ
1456 4259 1762 4327 ἀνέϐησαν

179 4367 239 4417 αὶ
267 4361 481 4432 φυλαὶ,
499 4363 559 4414 αὶ
578 4358 764 4429 φυλαὶ
779 4358 1020 4424 Κυρίου,
1045 4356 1368 4425 μαρτύριον
1398 4352 1476 4418 τῷ
1502 4349 1757 4420 Ἰσραήλ.

249 4461 312 4508 ε’.
352 4454 434 4507 Τά
459 4469 520 4505 τε
546 4450 653 4504 τῶν
695 4448 996 4521 Προφητῶν
1018 4447 1202 4516 σχεδὸν
1230 4446 1289 4497 ὲν
1322 4445 1534 4514 ἑκάστῳ
1564 4443 1761 4514 σημαί-

183 4563 288 4600 νει.
326 4543 464 4614 Περὶ
491 4543 589 4613 τῆς
616 4542 708 4594 τοῦ
740 4541 991 4610 Σωτῆρος
1040 4537 1352 4608 ἐπιδημίας,
1395 4537 1486 4589 καὶ
1530 4537 1614 4588 ὅτι
1664 4535 1760 4605 μὲν

179 4640 316 4701 Θεὸς
359 4637 434 4690 ὣν
477 4635 825 4705 ὲπιδημήσει,
853 4632 1024 4696 οὕτως
1069 4631 1234 4700 φησὶν
1264 4632 1320 4682 ἐν
1349 4630 1447 4700 μὲν
1472 4629 1548 4699 τῷ
1567 4646 1761 4682 τεσσα-

184 4728 435 4802 ρακοστῷ
474 4727 677 4796 ὲννάτῳ
715 4723 912 4794 ψαλμῷ
932 4741 946 4753 '
989 4725 1042 4774 '0
1075 4722 1285 4791 Κύριος
1305 4719 1580 4790 ἐμφανῶς
1606 4719 1757 4786 ἣξει,

178 4825 214 4876 ό
246 4819 394 4883 Θεὸς
431 4816 620 4886 ήμῶν,
647 4815 746 4868 καὶ
788 4817 858 4868 οὐ
902 4811 1452 4881 παρασιωπήσεταν
1493 4811 1550 4862 ὲν
1582 4809 1636 4861 δὲ
1682 4809 1759 4879 τῷ

180 4906 460 4978 ἑκατοστῷ
485 4903 924 4974 ἑπτακαιδεκάτῳ
944 4920 956 4932 ο
983 4900 1403 4969 Εὐλογημένος
1445 4903 1476 4953 ό
1518 4900 1757 4966 ἐρχόμεο

179 5018 289 5066 νος
318 4999 389 5054 ὲν
416 4999 656 5068 ὀνόματι
678 4996 918 5064 Κυρίου.
940 4993 1370 5063 Εὑλογήκαμεν
1389 4991 1545 5060 ὑμᾶς
1582 4989 1649 5054 ἐξ
1675 4989 1757 5042 οἵ-

180 5106 294 5145 κου
334 5090 588 5158 Κυρίου·
646 5087 787 5153 Θεὸς
832 5087 1064 5154 Κύριος,
1113 5084 1213 5139 καὶ
1261 5083 1559 5152 ἐπέφανεν
1591 5081 1751 5149 ἡμῖν.

184 5182 307 5232 Ὅτι
336 5177 394 5230 δὲ
419 5169 572 5240 οὗτός
593 5177 738 5228 ἐστιν
760 5176 788 5227 ὁ
814 5175 909 5228 τοῦ
933 5173 1148 5246 Πατρὸς
1173 5172 1364 5240 Λόγος,
1396 5169 1567 5233 οὕτως
1594 5170 1651 5224 ὲν
1677 5167 1754 5240 τῷ

181 5268 460 5338 ἑκατοστῷ
487 5267 629 5337 ἕκτῳ
651 5266 840 5336 ψάλλει
866 5282 880 5296 ’
919 5266 1260 5320 Ἀπέστειλε
1293 5264 1401 5318 τὸν
1441 5266 1634 5334 Λόγον
1651 5266 1755 5318 αὐ-

179 5360 310 5422 τοῦ,
340 5359 439 5412 καὶ
486 5358 694 5412 ἰάσατο
717 5357 956 5422 αὐτοὺς,
989 5355 1086 5410 καὶ
1108 5356 1398 5425 ἐρρύσατο
1431 5353 1651 5418 αὐτοὺς
1687 5353 1753 5406 ἐκ

179 5451 303 5503 τῶν
328 5449 667 5518 διαφθορῶν
683 5447 902 5503 αὐτῶν.
922 5449 979 5501 '0
1001 5447 1109 5517 γὰρ
1132 5447 1421 5518 ἐρχόμενος
1444 5446 1574 5509 Θεὸς
1593 5444 1754 5509 αὐτός

181 5543 302 5593 ἐστι
327 5539 422 5593 καὶ
450 5537 618 5605 Λόγος
641 5537 1118 5608 ἀποστελλόμενος.
1154 5536 1353 5589 Τοῦτον
1383 5536 1440 5588 δὲ
1473 5537 1564 5588 τὸν
1585 5535 1754 5603 Λόγον

1860 3519 1990 3585 Quae
2028 3533 2192 3588 porro
2219 3516 2446 3571 Esdram
2494 3522 2739 3584 spectant
2763 3514 2815 3566 in
2843 3512 3138 3566 centesimo
3167 3512 3429 3566 vicesimo

1858 3611 2048 3682 quinto
2076 3608 2339 3681 graduum
2365 3608 2617 3663 decantat
2651 3623 2664 3659 :
2704 3599 2772 3658 In
2802 3604 3139 3660 convertenda
3171 3603 3427 3658 Dominus

1861 3702 2215 3772 captivitatem
2246 3698 2395 3764 Sion,
2449 3699 2580 3769 {acti
2632 3710 2813 3751 sumus
2859 3698 2996 3750 sicut
3049 3695 3326 3750 consolati.
3363 3696 3432 3749 Et

1860 3809 2076 3846 rursum
2107 3793 2162 3846 in
2188 3791 2483 3846 centesimo
2505 3789 2762 3842 vicesimo
2795 3789 2968 3856 primo
3003 3807 3014 3840 :
3047 3787 3280 3840 Laztatus
3309 3804 3427 3840 sum

1858 3884 1914 3935 in
1947 3883 2045 3947 his,
2075 3899 2191 3947 qutz
2217 3882 2358 3933 dicta
2388 3888 2511 3933 sunt
2542 3879 2669 3930 mihi
2700 3893 2717 3930 .'
2757 3877 2824 3930 In
2851 3877 3064 3931 domum
3090 3879 3301 3934 Domini
3327 3881 3427 3936 ibi-

1861 3990 1995 4026 mus.
2033 3971 2241 4025 Stantes
2266 3980 2414 4024 erant
2450 3971 2601 4038 pedes
2630 3970 2793 4022 nostri
2835 3970 2890 4021 in
2925 3970 3077 4023 atriis
3117 3972 3243 4034 tuis,
3270 3969 3428 4026 Jeru-

1862 4062 2044 4115 salem.
2081 4061 2377 4117 Jerusalem
2399 4099 2413 4124 ,
2454 4075 2570 4130 qua
2603 4056 2900 4126 aediﬁcatur
2933 4068 2991 4111 ut
3035 4062 3237 4125 civitas,
3276 4062 3428 4132 cujus

1861 4153 2199 4221 participatio
2238 4153 2350 4220 ejus
2381 4154 2433 4203 in
2465 4151 2713 4218 idipsum.
2746 4149 2883 4203 Illuc
2921 4153 3057 4204 enim
3085 4155 3426 4208 ascenderunt

1864 4242 2063 4308 tribus,
2101 4243 2264 4296 tribus
2297 4243 2527 4307 Domini,
2570 4242 2920 4296 testimonium
2958 4243 3147 4299 Israel.

1929 4439 1978 4492 5.
2002 4438 2132 4503 Quae
2163 4446 2340 4491 autem
2376 4436 2766 4506 Prophetarum
2795 4447 2941 4504 sunt,
2967 4439 3018 4491 in
3043 4440 3269 4510 singulis
3291 4457 3424 4510 pene

1863 4530 2083 4600 psalmis
2118 4529 2404 4597 signiﬁcat.
2435 4527 2508 4582 De
2541 4530 2769 4584 adventu
2827 4529 3142 4596 Salvatoris,
3191 4541 3244 4586 et
3278 4536 3424 4601 quod

1863 4622 2005 4677 Deus
2041 4638 2162 4676 cum
2204 4623 2295 4686 sit,
2347 4632 2605 4677 venturus
2651 4626 2740 4688 sit,
2781 4626 2854 4679 ita
2881 4626 2934 4678 in
2963 4626 3171 4696 psalmo
3205 4630 3422 4697 quidem

1862 4713 2277 4783 quadragesimo
2311 4729 2455 4766 nono
2495 4716 2597 4768 ait:
2625 4714 2762 4768 Deus
2786 4717 3056 4786 manifeste
3077 4719 3258 4782 veniet,
3284 4720 3424 4774 Deus

1791 4789 1835 4843 Ῑ)
1861 4812 2055 4863 noster,
2082 4811 2131 4855 et
2155 4818 2255 4854 non
2282 4803 2496 4868 silebit;
2525 4806 2575 4858 in
2605 4808 2898 4861 centesimo
2920 4809 3131 4862 decimo
3160 4812 3421 4878 septimo:

1861 4895 2190 4960 Benedictus,
2208 4896 2297 4964 qui
2319 4898 2451 4949 venit
2479 4898 2530 4948 in
2561 4901 2764 4951 nomine
2794 4898 3026 4952 Domini.
3053 4899 3422 4957 Benediazimus

1860 4984 2001 5037 vobis
2041 4982 2103 5034 de
2135 4983 2288 5035 domo
2324 4983 2566 5050 Domini;
2593 4986 2730 5038 Deus
2763 4987 3013 5041 Dominus
3050 4999 3098 5042 et
3129 4991 3305 5044 illuxit
3332 5010 3422 5044 no-

1863 5078 1961 5130 bis.
2006 5074 2160 5140 Quod
2195 5085 2370 5129 autem
2416 5078 2530 5147 ipse
2564 5077 2634 5132 sit
2676 5077 2851 5133 Patris
2879 5078 3137 5144 Verbum,
3179 5083 3252 5136 ita
3280 5085 3419 5138 canit

1861 5168 1916 5221 in
1951 5168 2247 5222 centesimo
2273 5179 2429 5222 sexto
2461 5185 2473 5221 :
2515 5167 2660 5220 Misit
2703 5169 2921 5223 Verbum
2951 5188 3123 5236 suum,
3147 5181 3195 5225 et
3216 5177 3420 5228 sanavit

1857 5276 1966 5325 eos,
1996 5268 2045 5312 et
2061 5260 2252 5328 eripuit
2276 5276 2360 5312 eos
2383 5259 2445 5311 de
2461 5260 2849 5315 interitionibus
2871 5279 3066 5316 eorum.
3088 5262 3231 5318 Deus
3250 5266 3414 5326 enim.

1859 5351 1950 5420 qui
1977 5350 2145 5414 venit,
2194 5359 2276 5405 est
2326 5351 2506 5420 ipsum
2535 5350 2792 5417 Verbum,
2836 5353 2978 5421 quod
3018 5353 3242 5408 missum
3299 5354 3410 5410 fuit.

1859 5439 1973 5496 Hoc
1999 5457 2163 5511 porro
2190 5441 2424 5496 Verbum
2461 5457 2582 5497 cum
2615 5444 2776 5497 sciret
2803 5456 2923 5498 esse
2959 5447 3046 5498 Dei
3076 5445 3292 5514 Filium,
3321 5463 3417 5502 vo-

1858 5548 1974 5588 cem
2003 5532 2179 5587 Patris
2207 5533 2355 5587 canit
2380 5533 2433 5586 in
2460 5533 2873 5602 quadragesimo
2899 5546 3123 5604 quarto:
3147 5536 3418 5600 Eructavir

181 5628 338 5694 εἰδὼς
358 5630 487 5683 ὄντα
512 5629 601 5682 τὸν
628 5630 753 5682 Υἱὸν
775 5629 866 5682 τοῦ
892 5628 1046 5690 Θεοῦ,
1073 5628 1184 5699 ᾄδει
1211 5628 1392 5699 φωνὴν
1416 5627 1508 5680 τοῦ
1540 5626 1751 5696 Πατρὸς

1861 5641 1950 5678 cor
1987 5641 2156 5677 meum
2195 5623 2413 5676 Verbum
2458 5625 2682 5688 bonum;
2713 5635 2765 5679 et
2796 5627 2988 5681 iterum
3031 5629 3083 5682 in
3125 5632 3413 5687 centesimo

180 5725 240 5776 ἐν
277 5722 353 5793 τῷ
380 5721 795 5793 τεσσαρακοστῷ
818 5721 1057 5794 τετάρτῳ
1086 5718 1285 5789 ψαλμῷ
1304 5735 1316 5748 ·
1361 5719 1750 5787 Ἐξηρεύξατο

1861 5731 2006 5774 nono
2028 5736 2041 5770 :
2065 5714 2147 5768 E1:
2183 5725 2330 5768 utero
2355 5725 2476 5768 ante
2499 5715 2802 5785 Luciferum
2833 5721 2985 5787 genui
3021 5729 3087 5774 te.
3113 5717 3248 5788 Quid
3273 5723 3417 5776 enim

181 5815 221 5880 ἠ
254 5813 466 5883 καρδία
487 5831 606 5883 μου
632 5815 822 5884 Λόγον
848 5813 1066 5882 ἀγαθόν
1093 5829 1106 5842 ο
1138 5811 1230 5865 καί
1260 5810 1418 5864 πάλιν
1439 5814 1494 5864 ἄν
1519 5810 1596 5882 τῷ
1620 5813 1748 5863 ἐκα-

1860 5805 2003 5861 aliud
2045 5807 2166 5874 quis
2232 5805 2428 5860 dixerit
2465 5807 2670 5885 prolem
2714 5807 2908 5876 Patris,
2949 5828 3111 5878 quam
3161 5811 3414 5880 Verbum,
