4032 6432
581 384 647 437 l5
689 395 704 418 ·
1427 386 1482 438 S.
1529 385 1906 440 ATHANASll
1946 385 2096 442 OPP.
2141 386 2324 444 PARS
2364 386 2452 443 Ill.
2491 417 2561 430 -—
2597 387 3008 446 EXEGETICA.
3788 394 3854 448 16

579 516 631 558 et
670 503 1003 574 Sapientiam
1029 503 1242 572 ipsius?
1269 503 1402 558 Cum
1423 505 1589 559 sciret
1610 506 1775 576 igitur
1801 507 1978 577 ipsum
2011 523 2155 568 esse.

2268 509 2442 580 τοστῷ
2497 511 2738 580 ὲννάτῳ·
2782 511 2877 564 Ἐκ
2921 511 3181 580 γαστρὸς
3213 511 3326 580 πρὸ
3372 512 3708 584 Ἑωσφόρου
3754 515 3853 579 ἐξ·

578 598 632 649 in
669 611 778 668 quo
833 595 991 651 Pal-er
1025 597 1199 650 dixit:
1241 596 1364 649 Fiat
1410 597 1524 664 lux,
1571 609 1620 651 et
1653 600 2067 668 ﬁrmamentum,
2114 611 2162 653 et

2268 601 2571 671 εγέννησὰ
2596 619 2688 656 σε.
2719 603 2783 655 Τί
2809 603 2916 674 γὰρ
2944 603 3010 656 ἂν
3035 603 3163 657 ἄλλο
3195 622 3277 668 τις
3306 605 3447 658 εἴποι
3480 606 3724 678 γέννημα
3761 607 3858 660 τοῦ

578 688 755 740 omnia
803 687 844 752 ⁸,
878 687 1039 740 etiam
1073 687 1206 741 liber
1254 688 1340 742 hic
1373 685 1712 743 Psahnorum
1751 689 1892 744 idem
1922 690 2162 744 continet

2269 694 2482 764 Πάτρος
2526 694 2559 763 ἦ
2607 692 2698 745 τὸν
2743 693 2914 761 Λόγον
2949 693 3042 746 καὶ
3075 692 3173 764 τὴν
3201 694 3400 763 Σοφίαν
3422 695 3619 761 αὐτοῦς
3656 695 3858 749 Τοῦτον

576 783 766 834 dicens
813 781 865 833 in
927 781 1202 834 tricesimo
1252 783 1536 836 secundo:
1592 782 1756 836 Verbo
1805 781 2017 834 Domini
2051 780 2162 835 caeli

2268 785 2438 837 εἰδυῖα
2461 784 2610 849 ὄντα,
2636 776 2680 850 ᾧ
2710 779 2864 837 εἶπεν
2900 785 2927 837 ὁ
2964 785 3155 856 Πατήρ
3177 801 3190 814 '
3222 786 3539 852 Γενηθήτω
3573 786 3718 856 φῶς,
3756 788 3856 841 καὶ

575 875 779 943 ﬁrmati
806 881 946 934 sunt,
975 881 1021 925 et
1054 873 1245 940 spiritu
1277 874 1383 924 oris
1422 875 1535 942 ejus
1568 874 1736 928 omnis
1764 873 1931 926 virtus
1958 890 2160 927 eorum.

2268 874 2588 944 στερέωμα,
2615 874 2805 929 καὶτὰ
2826 873 3046 940 πάντα,
3069 876 3163 928 καὶ
3186 875 3324 946 αὕτη
3350 878 3382 945 ἡ
3411 876 3591 947 βίϐλος
3614 877 3858 948 περιέχει

576 963 807 1032 λέγουσα
846 965 950 1032 (2)·
989 963 1073 1028 Τῷ
1098 965 1497 1032 ΛότῳΚιιρίου
1523 969 1574 1018 οὶ
1608 969 1850 1034 οὐρανοὶ
1880 966 2353 1036 ἐστερεώθησαν,
2395 968 2492 1021 καὶ
2525 966 2605 1032 τῷ
2635 970 2926 1038 πνεύματι
2974 969 3080 1023 τοῦ
3127 969 3424 1038 στόματος
3459 971 3645 1035 αὐτοῦ
3690 969 3859 1025 πᾶσα

577 1059 616 1125 ἡ
653 1057 902 1126 δύναμις
928 1057 1145 1111 αὐτῶν.

648 1150 698 1202 6.
728 1148 869 1214 Quin
917 1159 970 1202 et
1021 1149 1296 1204 Christum
1354 1153 1528 1224 ipsum
1580 1164 1869 1210 venturum
1935 1157 2160 1211 minime

2342 1161 2422 1220 ς’.
2448 1155 2556 1207 Καὶ
2579 1152 2811 1224 Χριστὸν
2831 1152 2887 1204 δὲ
2923 1151 3085 1203 αὑτὸν
3134 1149 3424 1221 ἐρχόμενον
3445 1150 3542 1202 οὐκ
3561 1150 3824 1220 ἠγνόησεν
3839 1165 3857 1184 ο

577 1243 880 1310 ignoravit;
917 1242 1026 1296 imo
1069 1258 1129 1296 ca
1175 1244 1241 1297 de
1288 1260 1346 1298 re
1392 1248 1721 1302 mentionem
1774 1248 1904 1302 facit
1951 1249 2161 1318 psalmo

2268 1246 2408 1300 ἀλλὰ
2438 1246 2532 1298 καὶ
2567 1244 2800 1314 μάλιστα
2829 1243 2958 1314 περὶ
2988 1242 3177 1295 τούτου
3212 1242 3358 1309 λέγει
3393 1243 3450 1293 ὲν
3478 1239 3556 1310 τῷ
3584 1257 3858 1310 τεσσαρα-

574 1329 990 1400 quadragesimo
1031 1343 1228 1401 quarto
1262 1350 1274 1384 :
1322 1333 1560 1388 Thronus
1594 1346 1734 1402 tuus,
1772 1337 1932 1401 Deus,
1973 1339 2031 1392 in
2065 1355 2162 1392 ste—

2268 1337 2445 1407 κοστῷ
2467 1337 2710 1408 τετάρτῳ
2739 1333 2938 1404 ψαλμῷ
2957 1349 2969 1362 ο
3006 1334 3068 1385 '0
3097 1335 3312 1401 θρόνος
3341 1349 3486 1398 σου,
3516 1335 3548 1386 ό
3579 1325 3741 1397 Θεὸς,
3771 1335 3861 1396 εἰς

575 1422 753 1473 culum
787 1422 1003 1485 saeculi;
1039 1426 1179 1493 virga
1204 1427 1531 1489 dirertionis,
1569 1430 1716 1499 virga
1747 1431 1891 1501 regni
1932 1432 2028 1485 tui.
2065 1430 2162 1484 Di-

2268 1427 2372 1481 τὸν
2408 1425 2594 1480 αἰῶνα
2635 1426 2742 1479 τοῦ
2773 1424 3022 1492 αἰῶνοςθ
3072 1425 3294 1494 ῥάϐδος
3330 1425 3655 1490 εὐθύτητος
3683 1423 3721 1490 ἡ
3744 1421 3856 1490 ῥά-

575 1514 751 1566 lexisti
795 1514 1104 1581 justitiam,
1159 1526 1206 1568 et
1257 1519 1416 1571 odisti
1466 1521 1835 1590 iniquitatem,
1890 1533 2161 1592 propterea

2268 1519 2402 1584 ϐδος
2437 1517 2549 1586 τῆς
2586 1517 2908 1583 βασιλείας
2957 1533 3092 1571 σου.
3160 1515 3506 1585 Ἠγάπησας
3547 1513 3857 1568 δικαιοσύ-

576 1607 726 1657 unxit
769 1617 814 1658 te
848 1602 986 1658 Deus
1023 1607 1158 1660 Deus
1188 1617 1306 1661 tuus
1352 1610 1465 1664 oleo
1505 1611 1707 1666 lwtitite
1743 1630 1854 1682 prae
1890 1617 2154 1667 consorti-

2268 1628 2396 1678 νην,
2426 1611 2522 1663 καὶ
2566 1610 2865 1678 ἐμίσησας
2899 1609 3139 1663 ἀδικίαν
3162 1625 3175 1639 ο
3207 1607 3305 1662 διὰ
3335 1609 3512 1662 τοῦτο
3548 1606 3756 1676 ἔχρισέ
3784 1623 3860 1660 σε

575 1696 668 1750 bus
712 1700 834 1750 tuis.
890 1697 953 1751 Et
998 1715 1064 1754 ne
1110 1702 1235 1771 quis
1293 1719 1417 1756 eum
1470 1706 1770 1761 secundum
1814 1707 2156 1776 phantasiam

2268 1707 2294 1757 ό
2321 1703 2465 1769 Θεὸς
2489 1705 2520 1756 ό
2545 1702 2688 1768 Θεός
2711 1718 2828 1756 σου
2851 1701 3058 1755 ἔλαιον
3082 1700 3504 1773 ἀγαλλιάσεως
3530 1699 3691 1768 παρὰ
3716 1702 3861 1764 τοὺς

575 1793 789 1848 venisse
825 1795 1161 1860 arbitretur,
1198 1798 1469 1868 signiticat
1507 1816 1631 1854 eum
1667 1801 1846 1870 ipsum
1888 1799 2161 1854 hominem

2268 1796 2556 1864 μετόχους
2586 1811 2730 1848 σου.
2792 1794 2904 1847 Καὶ
2929 1795 3014 1848 ἴνα
3042 1795 3116 1866 μὴ
3149 1794 3288 1848 κατὰ
3323 1793 3622 1863 φαντασίαν
3654 1809 3738 1855 τις
3771 1792 3862 1863 ἕρ-

575 1885 841 1949 futurum,
880 1889 1142 1959 illumque
1169 1906 1290 1944 esse
1310 1907 1406 1961 per
1433 1909 1594 1962 quem
1634 1894 1819 1948 omnia
1847 1892 1986 1948 facta
2015 1903 2162 1956 sunt,

2271 1887 2458 1957 χεσθαι
2487 1887 2648 1940 αὑτὸν
2679 1881 2860 1958 (εἶναι)
2909 1887 3106 1959 νομίσῃ
3125 1929 3140 1953 ,
3176 1886 3430 1958 σημαίνει
3459 1884 3621 1938 αὑτὸν
3647 1883 3861 1954 ἆνθριυο

579 1992 705 2031 cum
735 1979 868 2033 dicit
897 1979 949 2033 in
981 1982 1190 2049 psalmo
1221 1985 1552 2054 octogesimo
1584 1996 1739 2041 sexto
1771 2004 1784 2040 :
1835 1983 2007 2038 Mater
2039 1983 2162 2038 Sion

2272 1995 2371 2035 πον
2421 1978 2783 2047 γενησόμενον
2810 2017 2823 2041 ,
2871 1979 2964 2030 καὶ
2995 1976 3182 2029 τοῦτον
3215 1972 3353 2030 εἶναι
3385 1977 3452 2030 δι’
3479 1971 3540 2030 οὗ
3573 1976 3641 2029 τὰ
3682 1975 3862 2028 πάντα

581 2071 718 2123 dicet
749 2088 766 2124 :
793 2070 989 2137 Homo,
1028 2084 1075 2127 et
1114 2073 1268 2128 homo
1299 2087 1456 2130 natus
1488 2089 1562 2132 est
1595 2078 1649 2131 in
1690 2095 1773 2141 ea,
1811 2087 1860 2131 et
1899 2079 2006 2145 ipse
2041 2076 2162 2146 fun-

2269 2069 2478 2138 γέγονε,
2506 2069 2677 2137 λέγων
2699 2072 2756 2122 ὲν
2777 2069 2854 2140 τῷ
2883 2069 3221 2141 ὀγδοηκοστῷ
3245 2069 3387 2139 ἕκτῳ
3412 2084 3425 2098 ·
3467 2068 3674 2137 Μήτηρ
3699 2066 3861 2122 Σιὼν

584 2161 729 2215 davit
769 2177 885 2214 eam
922 2162 1248 2217 Altissimus.
1295 2162 1408 2219 Hoc
1451 2167 1594 2219 enim
1639 2167 1863 2236 perinde
1911 2176 1994 2221 est
2027 2182 2090 2222 ac
2121 2167 2162 2221 si

2268 2161 2388 2231 ἐρεῖ
2405 2178 2418 2192 °
2447 2164 2815 2230 Ἀνθρωπος,
2856 2163 2956 2216 καὶ
2994 2162 3306 2230 ἅνθρωπος
3335 2160 3626 2232 ἐγεννήθη
3655 2161 3726 2214 έν
3751 2164 3861 2215 αίι-

577 2254 826 2308 diceret:
877 2252 945 2306 Et
995 2254 1128 2307 Deus
1173 2265 1286 2309 erat
1340 2254 1595 2322 Verbum;
1640 2259 1818 2312 omnia
1861 2275 1952 2327 per
1995 2260 2166 2328 ipsum

575 2345 720 2415 facta
751 2355 908 2410 sunt;
951 2357 998 2398 et
1036 2346 1258 2404 Verbum
1284 2363 1407 2401 caro
1433 2348 1634 2416 factum
1665 2361 1742 2403 est
1774 2352 1815 2402 ².
1841 2349 2020 2416 Quare
2040 2366 2163 2405 cum

575 2457 638 2493 ex
693 2437 907 2508 Virgine
936 2440 1275 2493 nasciturum
1305 2441 1487 2506 sciret,
1523 2457 1865 2511 nequaquam
1896 2443 1947 2495 id
1977 2442 2163 2505 siluit,

579 2530 672 2584 sed
707 2529 890 2583 statim
941 2529 1106 2599 hujus
1153 2531 1230 2584 rei
1275 2531 1534 2585 indicium
1578 2533 1724 2588 dedit
1774 2532 1826 2585 in
1863 2532 2166 2603 quadrage-

575 2623 715 2675 simo
755 2629 951 2690 quarto
987 2637 998 2671 :
1045 2621 1206 2684 Audi,
1242 2621 1380 2690 ﬁlia,
1411 2632 1460 2676 et
1494 2622 1645 2684 vide,
1672 2632 1720 2676 et
1750 2621 1947 2675 inclina
1984 2638 2165 2676 aurem

575 2722 742 2776 tuam,
775 2721 823 2764 et
852 2710 1154 2765 obliviscere
1181 2710 1433 2780 populum
1463 2723 1613 2766 tuum
1647 2722 1696 2766 et
1739 2713 1952 2765 domum
1993 2713 2163 2782 patris

574 2803 673 2862 tui,
723 2804 848 2871 quia
892 2804 1222 2871 concupiscet
1269 2818 1362 2855 rea:
1409 2803 1646 2856 decorem
1701 2812 1871 2865 tuum,
1916 2804 2163 2870 quoniam

574 2895 684 2959 ipse
718 2902 794 2946 cst
830 2893 1085 2948 Dominus
1124 2903 1269 2948 tuus.
1318 2893 1431 2949 lloc
1477 2894 1678 2964 quippe
1710 2893 1889 2948 simile
1921 2901 2004 2947 est
2039 2893 2164 2946 huic

579 2987 846 3042 Gabrielis
873 2987 1056 3042 dicto:
1085 2987 1210 3053 Ave,
1238 2988 1415 3057 gratia
1441 2987 1617 3056 plena,
1646 2986 1902 3040 Dominus
1932 2994 2098 3039 tecum
2120 2985 2160 3038 ⁸.

575 3078 711 3134 Nam
733 3081 822 3135 ubi
840 3095 962 3135 eum
985 3079 1261 3135 Christum
1288 3081 1533 3146 dixisset,
1556 3082 1852 3134 humanam
1874 3079 2054 3134 statim
2074 3094 2163 3148 ge-

2267 2254 2343 2322 τῇ
2367 2295 2382 2319 ,
2423 2255 2521 2310 καὶ
2570 2253 2754 2320 αὐτὸς
2796 2253 3192 2322 ἐθεμελίωσεν
3223 2252 3418 2321 αὐτὴν
3457 2256 3489 2306 ό
3535 2253 3854 2322 “functae.

2267 2346 2437 2401 Τοῦτο
2463 2347 2570 2419 γὰρ
2606 2347 2716 2402 ἴσον
2753 2348 2880 2402 ἐστὶ·
2900 2345 2979 2416 τῷ
3016 2347 3216 2399 εἰπεῖν’
3259 2345 3367 2399 Kal
3407 2344 3550 2410 Θεὸς
3575 2341 3653 2414 ἦν
3679 2347 3712 2398 d
3747 2347 3859 2398 Ad-

2267 2454 2405 2507 γος·
2441 2438 2637 2492 πάντα
2670 2438 2744 2492 δι’
2771 2437 2959 2493 αὐτοῦ
2983 2438 3240 2507 ἐγένετο,
3289 2436 3388 2490 καὶ
3414 2439 3446 2489 d
3474 2438 3667 2506 Λόγος
3697 2434 3855 2503 σὰρξ

2263 2528 2522 2600 ἐγένετο.
2583 2530 2680 2582 Διὰ
2704 2529 2863 2583 τοῦτο
2888 2531 2981 2582 καὶ
3008 2531 3068 2581 τὸ
3089 2569 3103 2593 ,
3139 2531 3205 2581 ἐκ
3231 2525 3508 2599 Παρθένου
3525 2550 3546 2594 ,·
3571 2526 3856 2596 γινώσκων

2265 2623 2366 2674 οὐκ
2399 2621 2739 2693 ἐσιώπησεν,
2776 2621 2890 2676 ἀλλ’
2924 2621 3084 2686 εὐθὺς
3121 2620 3356 2691 ἔμφασξν
3394 2637 3515 2673 τινα
3552 2620 3764 2674 δίδωσιν
3799 2621 3857 2671 ὲν

2264 2713 2342 2784 τῷ
2372 2714 2792 2786 τεσσαρακοστῷ
2843 2714 3090 2785 τετάρτῳ
3113 2712 3340 2784 ψαλμῷ,
3374 2712 3545 2782 λέγων
3567 2729 3580 2744 ο
3637 2715 3857 2768 Ἀκου-

2265 2823 2400 2870 σον,
2433 2807 2702 2876 θύγατερ,
2737 2806 2836 2860 καὶ
2862 2805 2972 2870 ιδε,
2997 2805 3094 2858 καὶ
3119 2805 3330 2860 κλῖνον
3354 2805 3421 2860 τὸ
3445 2801 3554 2872 οὖς
3577 2819 3693 2858 σου
3713 2843 3728 2868 ,
3753 2804 3856 2856 καὶ

2264 2895 2552 2951 ἐπιλάθου
2574 2898 2681 2951 τοῦ
2702 2897 2856 2952 λαοῦ
2880 2913 2998 2952 σου
3026 2897 3126 2950 καὶ
3152 2897 3259 2951 τοῦ
3285 2898 3454 2951 οικου
3481 2896 3588 2950 τοῦ
3633 2898 3858 2964 πατρός

2264 3005 2401 3054 σου,
2420 2988 2509 3041 ὅτι
2528 2989 2910 3057 ἐπεθύμησεν
2927 2992 2960 3042 ό
2982 2989 3285 3055 βασιλεὺς
3302 2987 3410 3042 τοῦ
3428 2987 3696 3055 κάλλους
3715 3004 3852 3042 σου.

2265 3080 2434 3134 Τοῦτο
2460 3080 2568 3152 γάρ
2590 3079 2754 3134 πάλιν
2776 3079 2962 3151 ὅμοιόν
2987 3082 3102 3134 ἐστι
3125 3079 3220 3134 τοῦ
3252 3080 3544 3151 λεγομένου
3579 3080 3730 3154 παρὰ
3759 3080 3854 3134 τσῦ

577 3175 910 3229 nerationem
936 3190 1002 3230 ex
1023 3172 1245 3243 Virgine
1272 3171 1471 3225 factam
1497 3171 1797 3226 declaravit
1827 3171 1911 3226 bis
1943 3170 2159 3226 verbis:

2268 3171 2507 3243 Γαὸριήλ
2521 3188 2534 3202 ·
2559 3171 2756 3241 Χαῖρε,
2777 3170 3237 3242 κεχαριτωμένη,
3258 3174 3290 3226 ὁ
3310 3173 3526 3240 Κύριος
3543 3171 3691 3242 μετὰ
3714 3172 3852 3226 σοῦ.

580 3267 756 3328 Audi,
785 3265 922 3334 ﬁlia.
967 3263 1033 3317 Et
1066 3262 1283 3318 Gabriel
1313 3260 1532 3331 quidem
1572 3277 1637 3316 ex
1668 3262 1889 3317 nomine
1935 3260 2159 3317 Mariam

2269 3265 2377 3320 Kal.
2403 3265 2511 3337 γάρ
2539 3263 2778 3336 εἰρηκὼς
2807 3265 2971 3318 αὐτὸν
3005 3263 3240 3336 Χριστὸν
3260 3302 3274 3327 ,
3325 3262 3486 3326 εὐθὺς
3514 3264 3610 3316 καὶ
3633 3263 3732 3334 τὴν
3759 3263 3855 3315 άν-

580 3358 833 3427 appellat,
861 3355 1006 3426 quod
1039 3370 1234 3426 genere
1261 3355 1329 3409 ab
1357 3355 1447 3408 illa
1483 3353 1695 3409 alienus
1718 3363 1863 3409 esset
1887 3373 1898 3408 :
1920 3364 1974 3408 at
1993 3351 2160 3409 David

2269 3357 2545 3428 θρωπίνην
2572 3357 2784 3426 γένεσιν
2811 3359 2873 3409 ὲκ
2903 3357 3002 3426 τῆς
3048 3356 3326 3427 Παρθένου
3358 3356 3615 3427 ἐδήλωσε,
3645 3355 3820 3423 λέγων
3838 3373 3850 3385 ·

577 3451 750 3521 ipsam
779 3465 843 3504 ex
871 3465 970 3504 suo
997 3449 1205 3504 semine
1226 3448 1538 3511 oriundam,
1566 3447 1729 3501 tiliam
1755 3446 1946 3501 merito
1975 3455 2152 3500 vocat.

2267 3449 2590 3512 Ἀκουσον,
2628 3449 2899 3519 θύγατερ.
2949 3447 3042 3502 Ἰδὲ
3070 3450 3097 3501 ὁ
3129 3448 3226 3519 μὲν
3257 3447 3492 3519 Γαϐριὴλ
3515 3447 3574 3512 ἐξ
3595 3446 3856 3517 ὀνόματος

578 3543 732 3595 καλεί
764 3542 981 3612 Μαρίαν
1001 3581 1015 3603 ,
1056 3540 1204 3607 ξένος
1245 3539 1321 3593 ὢν
1368 3540 1539 3610 αὐτῆς
1580 3539 1720 3592 κατὰ
1746 3538 1843 3610 τὴν
1876 3539 2086 3608 γένεσιν
2107 3555 2120 3570 ·
2156 3543 2184 3594 ὁ
2216 3541 2272 3595 δὲ
2299 3541 2463 3596 Δαδὶδ
2495 3545 2559 3596 ὲκ
2587 3540 2681 3596 τοῦ
2709 3541 3020 3614 σπέρματος
3063 3540 3228 3596 αὑτοῦ
3273 3539 3641 3611 τυγχάνουσαν
3687 3539 3855 3610 αὐτὴν

579 3635 802 3696 εἰκότως
833 3632 1106 3706 θυγατέρα
1144 3635 1455 3704 προσφωνεῖ
1482 3633 1704 3704 ταύτην.

653 3723 704 3776 7.
739 3721 841 3778 Ubi
892 3733 1080 3778 autem
1124 3722 1264 3777 dixit
1304 3721 1648 3777 Psalmorum
1707 3723 1843 3776 liber
1884 3723 2160 3777 hominem

567 3832 701 3871 eum
738 3815 980 3871 luturum
1017 3830 1174 3878 esse,
1221 3823 1620 3886 consequenter
1649 3813 1801 3868 illum
1835 3829 2001 3869 carne
2038 3831 2162 3885 pas-

581 3907 795 3962 sibilem
829 3905 1118 3975 signiﬁcat.
1149 3905 1287 3958 Dum
1316 3916 1497 3960 autem
1525 3905 1672 3960 videt
1705 3904 1923 3960 futuras
1948 3903 2160 3960 Judreo-

583 4015 704 4053 rum
739 3999 985 4061 insidias,
1017 3997 1164 4053 canit
1195 3998 1248 4051 in
1278 3997 1520 4053 secundo
1550 3997 1762 4066 psalmo
1798 4015 1810 4048 :
1849 3995 2025 4061 Quare
2057 3997 2161 4062 fre-

582 4100 822 4144 muerunt
844 4099 1039 4161 gentes,
1063 4097 1112 4142 et
1135 4088 1315 4159 populi
1335 4087 1576 4140 meditati
1614 4096 1735 4140 sunt
1762 4087 1946 4139 inania
1969 4087 1993 4140 .9
2019 4089 2163 4140 Asti-

581 4193 755 4235 terunt
789 4196 929 4251 reges
963 4191 1136 4242 terra,
1162 4189 1210 4231 et
1251 4180 1509 4247 principes
1535 4186 1885 4232 convenerunt
1914 4178 1970 4230 in
2000 4195 2161 4231 unum

583 4275 830 4328 adversus
881 4271 1164 4325 Dominum
1209 4280 1257 4324 et
1308 4271 1556 4324 adversus
1602 4269 1872 4326 Christum
1921 4271 2055 4340 ejus.
2103 4271 2161 4324 In

587 4366 841 4420 vicesimo
873 4373 1054 4419 autem
1106 4364 1281 4434 primo
1323 4365 1496 4433 ipsam
1540 4367 1734 4417 mortis
1785 4365 2052 4418 rationem
2095 4379 2158 4418 ex

583 4473 814 4528 persona
864 4455 1161 4510 Salvatoris
1200 4456 1444 4526 loquitur
1496 4475 1509 4512 :
1559 4455 1625 4509 In
1664 4456 1928 4525 pulverem
1978 4457 2162 4509 mortis

580 4550 848 4605 deduxisti
904 4565 1003 4602 me.
1055 4547 1319 4613 Quoniam
1365 4549 1825 4603 circumdederunt
1878 4565 1958 4603 me
2009 4564 2162 4602 canes

585 4643 758 4710 multi,
783 4641 1067 4695 consilium
1091 4641 1497 4712 malignantium
1525 4641 1727 4695 obsedit
1755 4657 1853 4695 me.
1891 4640 2160 4695 Foderunt

585 4751 769 4787 manus
805 4749 947 4786 meas
981 4741 1031 4785 et
1077 4731 1228 4801 pedes
1265 4748 1403 4786 meos
1432 4772 1444 4794 ,
1483 4731 1946 4786 dinumeraverunt
1985 4731 2163 4784 omnia

586 4843 703 4881 ossa
748 4841 882 4880 mea.
933 4824 1047 4896 Ipsi
1087 4841 1203 4879 vero
1239 4825 1700 4880 consideraverunt
1732 4834 1781 4878 et
1825 4824 2164 4894 inspexerunt

2335 3725 2366 3789 ζ
2378 3723 2739 3796 ’.Ἄνθρωπον
2763 3721 2820 3775 δὲ
2846 3722 3006 3775 αὑτὸν
3031 3725 3281 3794 εἰρηκυία
3309 3724 3671 3794 γενησόμενον
3695 3763 3709 3786 ,
3734 3725 3857 3776 ἀκο-

2261 3819 2466 3882 λούθως
2487 3818 2580 3871 καὶ
2602 3816 2842 3888 παθητὸν
2862 3815 3026 3869 αὐτὸν
3049 3816 3210 3886 σαρκὶ
3229 3815 3500 3886 σημαίνει.
3526 3817 3638 3887 Τήν
3654 3833 3713 3868 τε
3733 3818 3856 3868 ὲπι-

2263 3911 2457 3983 ϐουλὴν
2489 3909 2641 3981 παρὰ
2672 3909 2781 3962 τῶν
2815 3907 3084 3962 Ἰουδαίων
3115 3907 3296 3979 ὁρῶσα
3325 3907 3638 3980 γινομένην,
3661 3906 3852 3978 ψάλλει

2265 4003 2322 4054 ὲν
2346 4001 2442 4072 μὲν
2465 3999 2541 4071 τῷ
2565 3998 2800 4070 δευτέρῳ
2822 3997 3023 4069 ψαλμῷ
3041 4016 3054 4030 ο
3093 3999 3228 4053 Ἵνα
3251 3999 3310 4053 τί
3339 3999 3646 4069 ἐφρύαξαν
3680 3998 3848 4064 ἔθνη,

2265 4095 2359 4148 καὶ
2374 4093 2508 4148 λαοὶ
2524 4091 2898 4162 ἐμελέτησαν
2911 4091 3087 4157 κενά;
3104 4091 3502 4160 Παρέστησαν
3512 4095 3566 4146 ol
3571 4090 3856 4157 ,βασιλεῖς

2265 4185 2376 4254 τῆς
2391 4185 2525 4256 γῆς,
2553 4185 2651 4239 καὶ
2677 4185 2731 4238 οι
2755 4183 3044 4254 ἄρχοντες
3065 4182 3471 4252 συνήχθησαν
3488 4184 3584 4236 ἐπὶ
3609 4183 3677 4237 τὸ
3704 4184 3853 4238 αὐτὸ

2265 4279 2414 4330 κατὰ
2429 4275 2535 4330 τοῦ
2552 4276 2775 4344 Κυρίου
2792 4274 3053 4329 καὶκατὰ
3070 4274 3176 4328 τοῦ
3192 4273 3452 4342 Χριστοῦ
3477 4273 3662 4328 αὑτοῦ
3682 4291 3695 4305 °
3719 4277 3776 4328 ὲν
3795 4275 3852 4327 δὲ

2265 4366 2341 4436 τῷ
2368 4365 2596 4436 εἰκοστῷ
2631 4365 2726 4418 καὶ
2758 4363 2958 4436 πρώτῳ
2985 4365 3084 4437 τὴν
3114 4365 3375 4437 ποιότητα
3402 4364 3497 4419 τοῦ
3525 4364 3754 4420 Θανάτου
3786 4347 3853 4419 ἐκ

2268 4457 2558 4529 προσώπου
2601 4458 2693 4512 τοῦ
2731 4457 2982 4528 Σωτῆρός
3008 4474 3205 4528 φησιν·
3253 4460 3358 4524 Εἰς
3407 4457 3560 4528 χοῦν
3593 4455 3852 4515 θανάτου

2265 4522 2596 4617 κατῆγαγές
2620 4565 2696 4617 με
2718 4564 2732 4578 ο
2766 4522 3245 4600 ὅτιεκύκλωσάν
3404 4522 3583 4613 κύνες
3611 4545 3848 4607 πολλοὶ,

2265 4635 2585 4706 συναγωγὴ
2611 4635 3111 4706 πονηρευομένων
3129 4637 3453 4708 περιέσχον
3467 4654 3562 4708 με.
3589 4637 3854 4707 Ὠρυξαν

2265 4729 2468 4800 χεῖράς
2483 4748 2601 4800 μου
2629 4732 2724 4786 καὶ
2756 4732 2945 4797 πόδας
2965 4747 3105 4800 μου,
3134 4731 3545 4802 ἐξηρίθμησαν
3562 4731 3758 4784 πάντα
3779 4732 3853 4785 τὰ

2268 4821 2419 4878 ὀστᾶ
2437 4840 2577 4892 μου.
2622 4823 2802 4878 Αὐτοὶ
2830 4821 2898 4876 δὲ
2927 4823 3324 4890 κατενόησαν,
3358 4822 3455 4877 καὶ
3478 4821 3718 4876 ἐπεῐδόν
3741 4839 3818 4891 με
3836 4841 3849 4853 °

585 4934 702 4983 me;
735 4919 1028 4972 diviserunt
1059 4918 1160 4972 sibi
1200 4920 1508 4973 vestimenta
1539 4935 1654 4972 mea
1674 4959 1687 4983 ,
1714 4929 1763 4971 et
1791 4933 1947 4986 super
1972 4928 2162 4971 vestem

2272 4910 2682 4981 διεμερίσαντο
2706 4913 2779 4965 τὰ
2809 4911 3006 4982 Ιμάτιά
3030 4929 3152 4982 μου
3191 4911 3425 4978 ἑαυτοῖς
3448 4951 3461 4974 ,
3493 4912 3588 4966 καὶ
3613 4912 3711 4964 ἐπὶ
3744 4910 3854 4964 τὸν

585 5027 754 5067 meam
795 5011 1050 5063 miserunt
1082 5022 1292 5064 sortem.
1339 5009 1493 5076 Quod
1529 5010 1604 5065 ait
1641 5019 1820 5064 autem
1872 5024 2069 5063 manus
2108 5017 2164 5064 et

584 5102 750 5172 pedes
775 5115 904 5154 suos
936 5100 1217 5156 confossos
1248 5116 1388 5164 esse,
1411 5101 1542 5172 quid
1565 5101 1709 5155 aliud
1738 5115 1902 5170 quam
1943 5115 2161 5156 crucem

585 5191 893 5263 significat?
933 5190 1060 5247 Haec
1103 5194 1285 5247 omnia
1328 5202 1616 5262 postquam
1658 5193 1884 5256 docuit,
1933 5191 2162 5260 adjicit,

588 5297 695 5334 non
739 5282 822 5336 sui
865 5296 1061 5345 causa,
1103 5282 1194 5335 sed
1237 5290 1456 5350 propter
1489 5296 1589 5335 nos
1625 5279 1676 5334 id
1703 5281 1813 5350 pati
1848 5279 2162 5335 Dominum.

587 5373 786 5442 Aitque
815 5388 1031 5426 rursum
1066 5388 1095 5426 e
1122 5387 1350 5442 persona
1389 5374 1507 5444 ejus
1537 5374 1590 5426 in
1620 5375 1957 5445 octogesimo
1993 5373 2164 5444 septi-

589 5483 678 5520 mo
705 5484 716 5518 :
757 5464 923 5535 Super
950 5485 1029 5522 me
1069 5469 1411 5536 conﬁrmatus
1441 5477 1516 5521 est
1552 5467 1704 5538 furor
1731 5477 1892 5532 tuus;
1919 5466 1972 5520 in
2009 5482 2166 5521 sexa-

587 5555 796 5625 gesimo
820 5567 994 5610 autem
1024 5568 1215 5612 octavo
1247 5576 1259 5612 :
1308 5557 1438 5625 Quae
1468 5575 1571 5612 non
1611 5561 1796 5628 rapui,
1828 5569 1950 5611 tunc
1983 5557 2162 5611 exsol-

664 5697 678 5725 ‘
711 5693 904 5749 Geucs.
933 5711 970 5761 ι,
1000 5695 1032 5749 5
1057 5711 1207 5765 seqq.

661 5833 738 5904 (‘2)
795 5835 878 5886 Ἐν
907 5836 1210 5908 τριακοστῷ
1237 5836 1470 5907 δευτέρῳ
1498 5837 1583 5892 ed.

2268 5005 2584 5074 ἱματισμόν
2606 5023 2724 5076 μου
2746 5005 2962 5059 ἔϐαλον
2977 5003 3225 5074 κλῆρον.
3255 5005 3327 5058 Τὸ
3346 5005 3401 5058 δὲ
3423 5005 3523 5069 τὰς
3546 5008 3732 5076 χεῖρας
3758 5007 3848 5060 καὶ

2269 5099 2393 5161 τοὺς
2439 5097 2601 5160 πόδας
2654 5095 3004 5168 ὀρύττεσθαι,
3046 5099 3099 5150 τί
3132 5100 3316 5168 ἕτερον
3355 5097 3387 5167 ἢ
3423 5097 3650 5168 σταυρὸν
3679 5097 3852 5164 λέγων

2270 5189 2522 5260 σημαίνει
2543 5208 2556 5255 ;
2584 5191 2766 5244 Πάντα
2789 5189 2962 5243 ταῦτα
2998 5189 3319 5243 διδάσκουσα
3343 5187 3695 5260 προστίθησιν
3716 5227 3730 5250 ,
3771 5188 3854 5242 ὃτι

2271 5281 2344 5353 μὴ
2368 5282 2434 5334 δι’
2451 5282 2661 5346 ἑαυτὸν,
2681 5283 2748 5336 δι’
2770 5285 2916 5354 ἡμᾶς
2941 5283 2996 5337 δὲ
3018 5281 3188 5336 ταῦτα
3216 5283 3415 5352 πάσχει
3441 5283 3468 5334 ὁ
3492 5281 3713 5352 Κύριος.
3743 5280 3852 5335 Καὶ

2269 5389 2432 5443 φησιν
2465 5376 2528 5427 ἐκ
2558 5373 2850 5445 προσώπου
2883 5373 3045 5427 πάλιν
3066 5372 3230 5426 αὑτοῦ
3252 5374 3309 5424 ὲν
3339 5372 3438 5442 μὲν
3461 5371 3540 5441 τῷ
3567 5371 3660 5434 πζ¹
3679 5388 3692 5401 ·
3731 5372 3852 5421 Ἐπ’

2266 5464 2370 5534 ἐμὲ
2393 5466 2796 5536 ἐπεστηρίχθη
2832 5469 2865 5521 ό
2893 5466 3080 5536 θυμός
3108 5481 3225 5519 σου
3249 5481 3263 5496 °
3293 5466 3351 5518 ὲν
3378 5464 3435 5517 δὲ
3462 5463 3540 5534 τῷ
3568 5461 3845 5534 ἑξηκοστῷ

2267 5557 2462 5630 ὀγδόῳο
2507 5563 2574 5614 Ἃ
2614 5561 2725 5629 οὐχ
2752 5559 3019 5629 ἣρπασα,
3053 5560 3183 5612 τότε
3209 5557 3591 5612 ἁπετίννυον.
3634 5556 3708 5609 Οὐ
3740 5556 3849 5627 γὰρ

1286 5699 1304 5727 ‘
1339 5695 1495 5750 Joan.
1535 5714 1574 5758 ι.
1613 5697 1744 5764 1,2,
1784 5699 1866 5752 Η.
1944 5698 1964 5729 ⁸
1991 5696 2121 5752 Luc.
2169 5712 2208 5762 ι,
2245 5696 2333 5751 23.
