4032 6464
175 437 235 496 17
1283 425 1618 482 EPISTULA
1656 423 1744 478 AD
1781 421 2299 479 MARCELLINUM.
3351 413 3415 468 18

174 547 466 610 ὑπεύθυνος
493 546 568 599 ὢν
609 545 950 617 ἀπέθνησκεν
975 585 988 608 ,
1025 543 1139 597 ἀλλ’
1166 543 1303 615 ὑπὲρ
1334 543 1489 614 ἡμῶν
1521 543 1745 612 ἔπασχε,

1853 542 2051 597 rebam.
2101 540 2219 596 Non
2270 540 2412 595 enim
2465 538 2584 592 ideo
2637 549 2884 590 mortuus
2931 541 3031 597 est,
3093 531 3238 602 quod
3291 547 3415 585 reus

173 639 373 694 καὶτὸν
400 639 520 692 καθ’
554 637 708 710 ἡμῶν
738 637 908 706 Θυμὸν
941 636 1027 689 διὰ
1052 637 1152 708 τὴν
1181 635 1488 704 παράϐασιν
1510 636 1594 702 ἐφ’
1612 636 1742 686 ἑαυ-

1845 646 2009 698 esset,
2045 635 2137 690 sed
2172 648 2272 703 pro
2307 632 2461 686 nobis
2494 641 2685 699 passus
2709 637 2812 693 est,
2856 628 3103 694 iramque
3127 624 3415 678 adversum

172 733 252 786 τὸν
278 729 542 794 ὲϐάσταζε
561 770 576 794 ,
616 729 839 797 λέγοντα
860 727 948 781 διὰ
978 727 1070 780 τοῦ
1116 727 1336 780 Ἡσαΐου
1361 742 1373 756 ο
1410 725 1601 792 Αὐτὸς
1642 725 1746 790 τὰς

1848 742 1946 781 nos
1969 734 2282 795 conceptam
2317 724 2386 777 ob
2419 721 2916 792 praevaricationem
2946 719 2998 772 in
3027 733 3084 772 se
3121 717 3379 772 sustinuit
3400 756 3415 781 ,

171 822 484 886 ἀσθενείας
509 817 679 889 ἡμῶν
702 820 910 873 ἔλαϐε·
945 818 1038 871 καὶ
1067 817 1330 885 λεγόντων
1381 817 1478 886 μὲν
1509 816 1540 885 ἡ
1549 815 1662 885 μῶν
1689 816 1745 868 ὲν

1845 814 2057 872 dicente
2084 832 2178 886 per
2197 814 2392 870 Isaiam
2414 814 2466 867 δε
2499 811 2844 880 Inﬁrmitates
2872 820 3077 862 nostras
3109 809 3216 876 ipse
3245 823 3418 860 susce-

171 914 242 984 τῷ
269 912 546 982 ἑκατοστῷ
565 911 871 985 τριακοστῷ
887 911 1096 981 ἑϐδόμῳ
1119 907 1318 980 ψαλμῷ
1333 926 1344 939 ·
1376 908 1591 976 Κύριος
1610 908 1749 960 ἀντο

1847 909 1960 977 pit;
2013 917 2065 961 et
2125 905 2432 961 dicentibus
2489 903 2646 957 nobis
2697 903 2749 954 in
2806 900 3101 954 centesimo
3140 900 3413 954 tricesimo

171 1004 464 1059 οποδώσει
507 1003 660 1072 ὑπὲρ
698 1003 876 1074 ἐμοῦο
942 1002 1190 1070 λέγοντος
1230 1001 1288 1053 δὲ
1329 1001 1420 1054 καὶ
1457 999 1550 1052 τοῦ
1583 998 1749 1054 Πνεύ-

1849 1001 2080 1069 septimo
2114 1015 2128 1053 :
2166 998 2419 1051 Dominus
2446 995 2692 1048 retribuet
2717 1010 2810 1062 pro
2838 1009 2936 1046 nte.
2971 991 3175 1061 Spiritu
3202 1007 3419 1061 quoque

173 1114 338 1167 ματος
389 1097 448 1149 ἐν
495 1094 879 1167 ἑϐδομηκοστῷ
914 1093 1152 1164 πρώτῳο
1219 1093 1325 1147 Kal
1377 1092 1562 1146 σώσει
1607 1092 1750 1157 τοὺς

1849 1092 2061 1147 dicente
2103 1090 2154 1142 in
2202 1087 2600 1157 septuagesimo
2654 1086 2829 1154 primo
2869 1102 2882 1138 :
2933 1083 2999 1136 Et
3045 1084 3215 1137 salvos
3263 1085 3420 1152 faciet

169 1189 337 1253 υἱοὺς
365 1186 484 1240 τῶν
508 1185 798 1252 πενήτων,
829 1186 924 1240 καὶ
947 1183 1302 1238 ταπεινώσει
1327 1183 1744 1252 συκοφάντην,

1851 1185 1990 1253 ﬁlios
2030 1198 2337 1252 pauperum,
2389 1190 2438 1234 et
2468 1179 2768 1234 ltuntiliabit
2807 1178 3263 1242 calumniatorem,
3297 1177 3420 1246 quia

171 1281 252 1334 ὅτι
282 1281 600 1350 ἐρρύσατο.
627 1267 868 1346 πτωχὸν
911 1278 979 1330 ἐκ
1024 1276 1223 1345 χειρὸς
1270 1274 1577 1330 δυνάστου
1606 1314 1618 1337 ,
1653 1274 1751 1328 καὶ

1851 1275 2092 1329 liberavit
2136 1289 2413 1342 pauperem
2447 1288 2480 1325 a
2517 1279 2755 1339 potente,
2787 1279 2840 1324 et
2859 1285 3170 1340 pauperem,
3210 1269 3295 1320 cu‘i
3321 1284 3422 1320 non

172 1370 416 1437 πένητα,
451 1361 498 1435 ᾧ
530 1372 643 1438 οὐχ
665 1367 902 1438 ὑπῆρχε
921 1369 1166 1436 βοηθός.

630 1388 643 1438 ε
665 1367 902 1438 ὑπῆρχε
921 1369 1166 1436 βοηθός.
1852 1378 1963 1422 erat
1989 1369 2056 1421 ad
2052 1369 2222 1436 jutor.

237 1469 316 1532 η’.
353 1462 449 1515 Διὰ
481 1461 636 1514 τοῦτο
663 1461 758 1514 καὶ
785 1462 885 1531 τὴν
919 1461 998 1523 εἰς
1022 1459 1284 1532 οὐρανοὺς
1319 1459 1634 1529 σωματικὴν
1660 1459 1755 1512 αὑ-

1924 1462 1976 1516 8.
2010 1460 2349 1530 Quapropter
2401 1455 2518 1525 ejus
2560 1470 2778 1526 quoque
2814 1455 2865 1507 in
2916 1454 3084 1508 caelos
3136 1467 3421 1507 ascensum

170 1554 258 1606 τοῦ
290 1553 479 1607 ἄνοδον
507 1551 831 1624 προμηνύει,
873 1553 966 1604 καὶ
997 1551 1145 1620 λέγει
1178 1552 1234 1604 ἐν
1276 1552 1372 1622 μὲν
1402 1551 1630 1622 εἰκοστῷ
1661 1551 1754 1603 καὶ

1855 1555 2125 1626 praedicit,
2156 1555 2340 1623 aitque
2377 1553 2431 1605 in
2463 1551 2724 1606 vicesimo
2761 1550 2920 1604 tertio
2956 1565 2968 1601 :
3024 1549 3266 1601 Attollite
3304 1563 3425 1616 por-

170 1646 376 1716 τρίτῳο
444 1646 660 1713 Ἄρατε
693 1645 922 1710 πύλας,
964 1647 1017 1698 οί
1059 1643 1380 1714 ἄρχοντες,
1423 1643 1620 1713 ὑμῶν,
1657 1645 1753 1697 καὶ

1857 1660 1960 1715 tas,
1983 1648 2262 1718 principes,
2287 1655 2507 1711 vestras,
2534 1655 2582 1698 et
2605 1642 2897 1706 elevamini,
2933 1651 3096 1711 porta:
3129 1641 3425 1704 αξιοι-ποίεε,

169 1735 486 1802 ἐπάρθητε,
527 1735 713 1789 πύλαι
749 1732 992 1798 αἱώνιοι,
1031 1734 1132 1787 καὶ
1164 1733 1570 1787 εἰσελεύσεται
1598 1733 1630 1785 ὁ
1652 1732 1758 1796 ,ϐα-

1856 1749 1904 1793 et
1924 1738 2162 1793 introibit
2187 1752 2278 1791 rea:
2313 1736 2514 1806 ρίου-ξιτ.
2536 1734 2590 1788 ln
2614 1734 3030 1804 quadragesimo
3048 1740 3226 1786 autem
3244 1740 3424 1784 sexto:

171 1825 386 1892 σιλεὺς
410 1823 520 1895 τῆς
561 1825 748 1892 δόξης
770 1842 784 1857 ο
847 1827 905 1879 ὲν
944 1826 1001 1879 δὲ
1036 1824 1115 1896 τῷ
1140 1823 1587 1896 τεσσαρακοστῷο
1631 1824 1758 1876 Ἀν-

1862 1829 2108 1885 Ascendit
2139 1829 2280 1882 Deus
2304 1829 2358 1880 in
2382 1826 2724 1896 jubilatione,
2751 1824 3004 1878 Dominus
3037 1824 3088 1876 in
3119 1839 3240 1876 race
3269 1822 3424 1877 tabat.

170 1916 278 1984 ἐϐη
300 1920 334 1970 o'
353 1891 496 1981 Θεὸς
515 1918 586 1970 ἐν
612 1915 955 1988 ἀλαλαγμῷ,
986 1891 1199 1984 Κύριος
1223 1917 1291 1968 ἐν
1309 1891 1485 1983 ίφωνῇ
1510 1891 1759 1984 σάλπιγ-

1861 1922 2167 1978 Sessioncm
2202 1937 2419 1990 quoque
2446 1922 2732 1974 annuntiat
2755 1958 2769 1981 ,
2814 1921 2998 1987 aitque
3043 1916 3096 1970 in
3133 1916 3429 1970 centesimo

171 2023 298 2076 τος.
341 2006 452 2078 Τὴν
488 2008 586 2078 μὲν
617 2007 832 2062 κάθισιν
864 2007 1200 2077 ἀνα-(γέλλει,
1235 2004 1327 2058 καί
1377 2022 1540 2076 φησιν
1567 2005 1626 2058 ὲν
1660 2003 1757 2072 μὲν

1859 2030 2004 2070 nono
2041 2033 2053 2069 :
2094 2014 2243 2068 Dixit
2273 2013 2527 2067 Dominus
2571 2012 2790 2066 Domino
2830 2029 2976 2066 meo:
3005 2010 3134 2065 Sede
3170 2027 3201 2062 a
3228 2009 3429 2062 dextris

172 2101 249 2170 τῷ
273 2099 556 2169 ἑκατοστῷ
581 2100 820 2169 ὲννάτῳ·
871 2100 1056 2153 Εἶπεν
1091 2102 1123 2152 ό
1174 2099 1388 2165 Κύριος
1434 2095 1515 2162 τῷ
1565 2095 1758 2162 Κυρίῳ

1860 2102 1987 2154 meis
2009 2140 2024 2164 ,
2055 2101 2216 2156 donec
2260 2117 2450 2170 ponam
2493 2102 2734 2155 inimicos
2777 2111 2892 2154 tuos
2925 2099 3211 2154 scabellum
3244 2098 3433 2167 pedum

167 2206 287 2259 μου
314 2207 354 2262 ’λ
384 2188 583 2244 Κάθου
636 2190 705 2243 ἐκ
739 2187 954 2254 δεξιῶν
993 2206 1144 2257 μου,
1192 2187 1304 2254 ἕως
1355 2187 1432 2241 ἂν
1483 2183 1563 2240 θῶ
1616 2185 1759 2250 τοὺς

1861 2204 2088 2246 tuorum.
2139 2193 2194 2246 In
2243 2209 2390 2248 nono
2416 2203 2594 2247 autem
2631 2192 2843 2262 psalmo
2885 2192 3179 2261 perniciem
3216 2205 3435 2260 quoque

172 2281 428 2359 ἐχθρούς
455 2296 573 2334 σου
604 2279 938 2335 ὑποπόδιον
957 2279 1076 2333 τῶν
1100 2277 1301 2332 ποδῶν
1332 2292 1448 2331 σου
1469 2293 1481 2305 °
1523 2277 1580 2328 ὲν
1606 2275 1663 2328 δὲ
1683 2275 1760 2346 τῷ

1860 2283 2058 2337 diaboli
2103 2282 2292 2346 addit,
2334 2291 2385 2336 et
2426 2284 2625 2336 clamat
2659 2301 2672 2336 :
2712 2280 2910 2336 Sedisti
2958 2297 3113 2349 super
3153 2281 3432 2344 thronum,

174 2374 383 2442 ὲννάτῳ
406 2374 500 2426 καὶ
519 2371 616 2442 τὴν
637 2371 935 2443 γενομένην
956 2371 1232 2426 ἀπώλειαν
1255 2368 1348 2422 τοῦ
1366 2367 1609 2422 διαϐόλου
1627 2367 1725 2438 βοᾷ
1743 2384 1757 2399 ο

1861 2378 1950 2446 qui
1993 2376 2207 2444 judicas
2236 2375 2507 2444 justitiam
2545 2391 2562 2429 :
2614 2375 2898 2444 increpasti
2941 2383 3152 2444 gentes,
3193 2383 3240 2427 et
3280 2373 3436 2439 periit

186 2462 505 2528 Ἐκάθισας
552 2462 650 2515 ἐπὶ
682 2463 900 2530 θρόνου
927 2500 942 2524 ,
997 2464 1030 2515 ό
1080 2462 1300 2530 κρίνων
1327 2459 1723 2527 δικαιοσύνην
1743 2475 1758 2489 ’

1865 2470 2074 2538 impius.
2113 2467 2245 2522 Nam
2273 2468 2417 2539 quod
2450 2483 2614 2523 omne
2649 2467 2915 2537 judicium
2948 2480 2977 2518 a
3016 2464 3176 2520 Patre
3214 2479 3437 2532 accepe-

173 2556 550 2624 ἐπετίμησας
576 2555 779 2610 ἔθνεσι
798 2593 814 2618 ,
855 2555 954 2608 καὶ
979 2553 1249 2609 ἀπώλετο
1273 2555 1306 2608 ό
1344 2553 1592 2619 ἀσεϐής.
1653 2551 1764 2606 Καὶ

1863 2561 1952 2626 rit,
1992 2561 2044 2615 id
2075 2561 2298 2614 minime
2329 2558 2544 2622 celavit,
2575 2558 2669 2612 sed
2704 2558 2880 2628 ipsum
2911 2557 3157 2612 omnium
3190 2554 3433 2626 judicem

175 2649 286 2719 γὰρ
313 2649 395 2701 ὅτι
431 2647 530 2716 τὴν
562 2647 744 2719 κρίσιν
773 2649 954 2701 πᾶσαν
995 2646 1152 2701 ἔλαϐε
1189 2647 1340 2718 παρὰ
1386 2646 1478 2699 τοῦ
1526 2647 1760 2716 Πατρὺς,

1864 2660 2150 2704 venturum
2173 2649 2499 2719 pramuntiat
2525 2651 2577 2702 in
2606 2648 3006 2718 septuagesimo
3031 2648 3207 2717 primo
3233 2665 3245 2700 :
3279 2645 3436 2708 Deus,

173 2742 276 2793 οὐκ
315 2738 550 2810 ἔκρυψεν
576 2782 590 2804 ,
641 2739 776 2793 ἀλλὰ
808 2742 902 2794 καὶ
937 2741 1127 2812 κριτὴν
1161 2741 1377 2793 πάντων
1414 2739 1574 2791 αὐτὸν
1609 2737 1765 2808 ἐρχό-

1855 2740 2120 2808 judicium
2146 2749 2292 2792 tuum
2322 2741 2430 2809 regi
2453 2739 2554 2804 da,
2592 2749 2641 2792 et
2661 2740 2934 2807 justitiam
2966 2749 3110 2791 tuam
3138 2739 3251 2807 ﬁlio
3276 2740 3436 2807 regis,

181 2848 346 2902 μενον
379 2830 687 2903 προμηνύει
712 2833 770 2884 ἐν
801 2831 898 2901 μὲν
928 2838 1019 2883 οα¹
1041 2847 1054 2860 ·
1088 2831 1150 2883 '0
1172 2829 1333 2895 Θεὸς,
1353 2828 1420 2883 τὸ
1446 2827 1620 2898 κρῖμά
1647 2842 1764 2882 σου

1857 2829 2101 2898 judicare
2122 2827 2371 2898 populum
2410 2839 2558 2882 tuum
2591 2828 2642 2880 in
2681 2828 2899 2897 justitia
2920 2868 2932 2890 ,
2958 2839 3005 2881 et
3037 2845 3290 2896 pauperes
3324 2840 3439 2882 tuos

178 2921 259 2985 τῷ
287 2921 547 2985 ,ϐασιλεῖ
592 2921 698 2986 δὸς
722 2963 735 2986 ,
791 2922 889 2976 καὶ
941 2920 1056 2985 τὴν
1106 2919 1500 2987 δικαιοσύνην
1537 2936 1652 2974 σου
1686 2918 1766 2984 τῷ

1866 2923 1919 2975 in
1943 2921 2168 2990 judicio.
2211 2923 2270 2974 In
2305 2920 2720 2992 quadragesimo
2751 2930 2930 2974 autem
2975 2935 3119 2975 nono
3150 2920 3226 2974 ait
3269 2938 3283 2975 :
3332 2922 3443 2975 Ad-

176 3013 287 3077 υἰῷ
312 3013 419 3068 τοῦ
429 3014 760 3080 βασιλέως,
779 3015 1006 3082 κρίνειν
1030 3013 1136 3067 τὸν
1156 3014 1308 3068 λαόν
1325 3029 1440 3067 σου
1466 3014 1534 3066 ἐν
1555 3013 1768 3066 δικαιοί

1867 3012 2068 3066 υοεαὸίι
2103 3012 2287 3066 ccelum
2322 3013 2597 3066 desursum
2623 3053 2635 3072 ,
2665 3023 2713 3064 et
2745 3022 2980 3078 terram,
3025 3013 3318 3067 discernere
3347 3028 3440 3080 po-

174 3105 342 3172 σύνῃ
363 3143 378 3169 ,
421 3103 523 3158 καὶ
554 3103 696 3170 τοὺς
748 3105 1022 3172 πτωχούς
1052 3119 1168 3159 σου
1200 3104 1269 3157 ἐν
1300 3105 1494 3171 κρίσει
1514 3119 1528 3133 ·
1604 3103 1660 3155 ὲν
1713 3101 1766 3155 δὲ

1867 3103 2047 3167 pulum
2076 3119 2251 3155 suum.
2291 3101 2359 3155 Et
2406 3101 2794 3154 annuntiabunt
2838 3103 2950 3154 coeli
2984 3103 3252 3171 justitiam
3291 3103 3438 3170 ejus,

176 3195 257 3266 τῷ
287 3196 375 3267 μθ⁴
409 3197 574 3269 φησί·
598 3195 1084 3265 Προσκαλέσεται
1110 3196 1217 3250 τὸν
1243 3195 1500 3263 οὐρανὸν
1529 3193 1649 3246 ἄνω
1668 3193 1764 3246 καὶ

1869 3193 2118 3262 quoniam
2153 3191 2287 3245 Deus
2308 3192 2479 3262 judex
2517 3205 2615 3246 est.
2652 3192 2716 3245 Et
2745 3193 2798 3246 in
2841 3194 3174 3261 octogesimo
3209 3193 3391 3263 primo
3427 3213 3439 3248 :

179 3286 298 3354 τὴν
350 3288 468 3359 γῆν
494 3329 508 3354 ,
564 3284 673 3343 τοῦ
712 3287 1005 3354 διακρῖναι
1038 3287 1144 3340 τὸν
1178 3286 1332 3340 λαὸν
1376 3284 1581 3339 αὐτοῦ.
1653 3286 1762 3340 Καὶ

1870 3284 2010 3339 Deus
2036 3287 2177 3339 stetit
2223 3286 2278 3338 in
2325 3301 2590 3355 synagoga
2618 3286 2874 3348 deorum,
2928 3288 2983 3339 in
3036 3286 3209 3339 medio
3271 3296 3445 3339 autem

177 3379 630 3450 ἀναττελοῦσιν
679 3380 732 3432 οι
772 3377 1012 3448 οὐρανοὶ
1064 3376 1180 3446 τὴν
1229 3377 1624 3444 δικαιοσύνην
1660 3378 1767 3429 αὑ-

1873 3377 1995 3432 deos
2055 3377 2339 3447 dijudicat.
2373 3376 2514 3443 Quin
2546 3387 2598 3432 et
2627 3379 2964 3431 vocationem
2999 3379 3238 3449 gentium
3288 3394 3352 3432 ex
3382 3393 3445 3432 eo

179 3473 326 3527 τοῦ·
365 3471 458 3524 ὅτι
513 3473 546 3525 d
598 3469 740 3536 Θεὸς
779 3469 982 3540 κριτής
1013 3470 1177 3523 ἐστι’
1246 3470 1339 3522 καὶ
1389 3471 1446 3521 ὲν
1497 3467 1574 3538 τῷ
1622 3475 1762 3522 na"

1875 3472 1993 3539 ipso
2019 3469 2157 3524 libro
2181 3470 2424 3538 pluribus
2453 3470 2694 3523 ediscere
2719 3471 2863 3533 licet,
2888 3471 3187 3537 praesertim
3221 3485 3285 3522 ex
3313 3485 3450 3538 qua-

194 3566 258 3617 '0
290 3564 439 3628 Θεὸς
471 3563 621 3630 ἕστη
677 3563 745 3616 ἐν
796 3560 1118 3632 συναγωγῇ
1151 3559 1331 3615 θεῶν’
1396 3561 1466 3613 ἐν
1507 3559 1673 3628 μέσῳ
1702 3558 1768 3611 δὲ

1874 3561 2179 3630 dragesimo
2213 3570 2364 3615 sexto
2396 3578 2408 3613 :
2444 3559 2633 3613 Omnes
2664 3570 2858 3630 gentes,
2903 3559 3139 3630 plaudite
3180 3561 3444 3624 manibus,

182 3656 363 3721 θεοὺς
389 3655 696 3722 διακρινεῖ.
740 3653 843 3708 Καὶ
877 3653 983 3724 μὴν
1013 3652 1104 3706 καὶ
1129 3652 1226 3722 τὴν
1252 3652 1443 3723 κλῆσιν
1475 3651 1584 3702 τῶν
1605 3649 1773 3702 ὲονῶν

1867 3649 2094 3718 jubilate
2136 3650 2242 3704 Deo
2276 3651 2331 3704 in
2365 3667 2483 3705 voce
2512 3653 2905 3706 exsultationis.
2946 3650 3003 3705 In
3048 3652 3449 3722 septuagesimo

186 3749 338 3800 ἐστιν
363 3747 459 3800 ἀπ’
489 3746 660 3817 αὐτῆς
693 3745 880 3817 μαθεῖν
911 3746 1002 3798 ἐπὶ
1029 3743 1238 3797 πολλῶν
1275 3744 1372 3814 μὲν
1391 3782 1405 3806 ,
1456 3742 1688 3814 μάλιστα
1716 3740 1773 3793 δὲ

1876 3750 2053 3796 autem
2087 3744 2263 3812 primo
2299 3762 2311 3799 :
2353 3743 2543 3798 Coram
2588 3744 2683 3797 illo
2724 3745 2992 3813 procident
3040 3744 3317 3812 zEt/ziopes
3345 3783 3359 3807 ,
3399 3752 3448 3796 et

185 3837 296 3892 ἀπὸ
324 3835 418 3890 τοῦ
455 3841 560 3907 μς⁹
584 3852 600 3866 ·
652 3835 852 3888 Πάντα
881 3833 952 3888 τὰ
979 3834 1146 3902 ἔθνη,
1179 3831 1511 3901 κροτήσατε
1549 3831 1770 3900 χεῖρας,

1876 3833 2080 3887 inimici
2101 3834 2213 3903 ejus
2240 3844 2436 3888 terram
2465 3836 2699 3905 lingent;
2733 3851 2876 3904 reges
2910 3833 3149 3895 Tltarsis,
3185 3844 3233 3885 et
3261 3833 3451 3886 insula:

186 3926 540 3992 ἀλαλάξατε
590 3926 674 3992 τῷ
715 3925 931 3992 Θεῷὲν
974 3924 1142 3994 φωνῇ
1192 3925 1645 3994 ἀγαλλιάσεως·
1715 3926 1773 3976 ὲν

1877 3942 2095 3978 munera
2117 3927 2370 3995 offerent;
2400 3945 2540 3997 reges
2575 3929 2806 3981 Arabum
2839 3937 2886 3980 et
2930 3925 3071 3980 Saba
3101 3931 3258 3979 dona
3282 3925 3451 3978 addu-

187 4021 246 4073 δὲ
277 4019 358 4090 τῷ
383 4025 504 4073 οα”
551 4017 832 4070 Ἐνώπιον
871 4016 1058 4071 αὐτοῦ
1099 4016 1540 4084 προπεσοῦνται
1582 4015 1773 4070 Αἰθίο-

1879 4025 2032 4080 cent;
2060 4027 2108 4071 et
2149 4019 2448 4073 adorabunt
2491 4037 2606 4074 eum
2641 4037 2815 4074 omnes
2855 4037 2994 4090 reges
3038 4031 3189 4073 terra:
3215 4060 3229 4085 ,
3277 4034 3451 4072 omnes

191 4127 327 4178 πες,
375 4110 476 4164 καὶ
523 4112 578 4163 οἱ
624 4107 823 4178 ἐχθροὶ
860 4107 1046 4162 αὑτοῦ
1071 4107 1223 4177 χοῦν
1247 4107 1554 4171 λείξουσι·
1591 4106 1774 4170 ,βασι-

1881 4118 2052 4175 gentes
2087 4109 2308 4162 servient
2335 4111 2401 4162 ei.
2431 4108 2494 4163 Et
2521 4111 2632 4165 haec
2658 4111 2873 4180 quidem
2903 4111 2955 4164 in
2981 4109 3212 4163 Psalmis
3246 4123 3453 4165 canun-

190 4202 324 4267 λεῖς
375 4199 628 4268 Θαρσεῖς
665 4199 762 4252 καὶ
809 4201 868 4252 at
915 4197 1093 4265 νῆσοι
1148 4196 1306 4265 δῶρα
1340 4197 1773 4264 προσοίσουσι·

1760 4212 1773 4226 ·
1887 4208 1993 4265 tur,
2028 4200 2079 4254 in
2115 4202 2346 4272 singulis
2381 4213 2559 4258 autem
2596 4203 2714 4257 aliis
2741 4203 2896 4257 libris
2927 4202 3341 4256 aununtiantur.

185 4291 478 4360 ,ϐασιλεῖς
527 4291 784 4360 Ἀράϐων
811 4291 907 4344 καὶ
955 4291 1114 4344 Σαϐὰ
1145 4288 1303 4356 δῶρα
1336 4288 1745 4358 προσάξουσιο
1789 4291 1885 4344 καὶ
1920 4294 2461 4361 προσκυνήσουσιν
2503 4295 2662 4361 αὐτῷ
2690 4294 2910 4361 πάντες
2943 4299 2994 4348 ot
3033 4292 3314 4359 ,ϐασιλεῖς
3346 4291 3454 4363 τῆς

193 4386 331 4455 τῆς,
364 4385 561 4443 πάντα
590 4385 663 4439 τὰ
692 4385 838 4452 ἔθνη
867 4384 1318 4439 δουλεύσουσιν
1359 4383 1539 4449 αὐτῷ.
1595 4385 1780 4439 Ταῦτα
1822 4386 1920 4458 μὲν
1949 4391 2003 4441 ὲν
2029 4392 2139 4452 τοῖς
2172 4389 2417 4461 Ψαλμοῖς
2445 4390 2657 4462 ᾅδεται,
2700 4392 2756 4446 ὲν
2783 4392 2838 4446 δὲ
2880 4392 3080 4464 ἑκάστῃ
3126 4391 3232 4444 τῶν
3282 4391 3454 4450 ἄλλων

195 4477 397 4546 βίϐλων
421 4476 941 4548 προαπαγγέλλεται.

268 4575 336 4627 0’.
379 4574 493 4626 Οὐκ
531 4573 739 4642 ἀγνοῶν
767 4573 827 4631 δὲ
848 4573 1008 4625 πάλιν
1031 4572 1232 4642 ἔλεγεν,
1260 4573 1340 4626 ὅτι
1375 4573 1468 4626 καὶ
1496 4573 1552 4625 ἐν
1575 4573 1777 4646 ἑκάστῃ
1815 4581 1854 4634 D

1955 4575 2007 4628 9.
2053 4575 2320 4629 Caeterum
2360 4589 2417 4628 se
2463 4590 2568 4629 non
2619 4574 2871 4644 ignorare
2918 4575 3097 4628 aiebat
3132 4575 3183 4628 in
3227 4575 3455 4644 singulis

199 4664 370 4735 βίϐλῳ
401 4664 498 4734 τῆς
536 4663 759 4736 Γραῄς
795 4662 862 4716 τὰ
893 4663 1033 4717 αὐτὰ
1070 4664 1198 4737 περὶ
1227 4665 1320 4718 τοῦ
1350 4666 1599 4736 Σωτῆρος
1633 4667 1780 4730 ἐξαι-

1888 4666 2180 4735 Scripturae
2225 4667 2377 4720 libris
2426 4667 2612 4719 eadem
2663 4667 2729 4719 de
2779 4664 3059 4721 Salvatore
3111 4666 3453 4734 potissimum

201 4758 373 4829 ρέτως
402 4759 757 4828 σημαίνεταιο
791 4759 884 4811 καὶ
912 4758 1027 4811 ἔστι
1054 4757 1212 4811 τοῦτο
1252 4759 1326 4829 ('5)
1363 4758 1564 4820 πάσαις
1594 4760 1783 4822 αὐταῖς

1885 4760 2212 4828 signiﬁcari,
2263 4773 2495 4826 esseque
2535 4759 2664 4811 illud
2719 4757 2959 4810 omnium
3011 4759 3252 4826 ipsorum
3304 4773 3455 4811 com-

199 4849 556 4919 ὰπὰγγελμα,
595 4851 686 4903 καὶ
741 4850 1026 4920 συμφωνία
1073 4851 1104 4919 ἡ
1145 4849 1280 4920 αὐτὴ
1316 4849 1407 4903 τοῦ
1447 4849 1779 4921 Πνεύματος.

1887 4867 2050 4905 mune
2091 4860 2505 4920 argumentum,
2550 4852 2905 4919 eamdemque
2955 4849 3188 4919 Spiritus
3233 4864 3461 4903 concor-

199 4941 314 4993 Καὶ
342 4939 453 5011 γὰρ
484 4940 676 5012 ὥσπερ
702 4941 768 4994 τὰ
794 4941 902 4993 τῶν
942 4941 1116 4995 ἄλλων
1144 4941 1202 4992 ὲν
1235 4941 1406 5013 ταύτῃ
1444 4941 1664 4996 δυνατὸν
1696 4944 1785 4995 εὐ-

1885 4943 2050 4996 diam.
2085 4939 2296 4995 Etenim
2335 4941 2475 4994 sicut
2501 4957 2562 4994 ea
2599 4957 2717 5008 qua:
2764 4943 2816 4994 in
2848 4941 2969 4995 aliis
3011 4949 3229 4995 exstant
3264 4941 3453 5005 libris,

203 5033 319 5101 ρεῖν
347 5047 360 5060 ·
402 5029 573 5094 οὕτως
605 5033 698 5085 καὶ
727 5030 796 5085 τὰ
820 5031 1024 5101 ταύτης
1052 5033 1108 5084 ἐν
1132 5033 1251 5095 ταῖς
1291 5031 1502 5100 ἑτέραις
1528 5030 1783 5095 πολλάκις

1890 5037 1942 5089 in
1980 5037 2080 5090 hoc
2121 5037 2360 5106 reperire
2393 5035 2555 5089 licet:
2586 5036 2658 5088 ita
2698 5050 2819 5104 quae
2849 5034 2902 5087 in
2929 5035 3032 5087 hoc
3060 5044 3220 5098 sunt,
3250 5035 3302 5088 in
3340 5037 3459 5090 aliis

201 5119 538 5192 εὑρίσκεται.
581 5121 691 5174 Καὶ
731 5121 839 5192 γὰρ
868 5120 1107 5191 Μωῦσῆς
1135 5120 1276 5191 ᾠδὴν
1303 5121 1499 5192 γράφει
1524 5161 1538 5184 ,
1566 5122 1660 5173 καὶ
1692 5122 1784 5172 Ἦ-

1891 5141 2263 5196 saepenumero
2295 5126 2663 5181 inveniuntur.
2696 5124 2831 5179 Nam
2869 5136 2920 5179 et
2946 5126 3155 5195 Moyses
3190 5127 3459 5180 canticum

204 5215 362 5276 σαῖας
391 5211 524 5282 ᾅδει,
555 5213 649 5265 καὶ
675 5213 703 5266 ὁ
742 5213 1063 5282 Ἀμϐακοὺμ
1093 5211 1449 5282 προσεύχεται
1480 5211 1595 5281 μετ’
1615 5211 1781 5281 ᾠδῆς.

1890 5218 2204 5280 conscribit,
2252 5227 2304 5271 et
2351 5217 2517 5271 Isaias
2563 5218 2732 5280 canit,
2765 5226 2817 5270 et
2850 5217 3148 5269 Ambacum
3181 5231 3302 5270 cum
3333 5232 3463 5270 can-

205 5304 376 5358 Πάλιν
398 5321 454 5356 τε
487 5305 542 5356 ὲν
572 5304 776 5376 ἑκάστῃ
806 5303 971 5374 βίϐλῳ
993 5301 1139 5356 ἐστιν
1172 5303 1296 5356 ἰδεῖν
1331 5303 1427 5356 καὶ
1451 5302 1787 5374 προφητείας

1892 5313 1996 5365 tico
2029 5320 2299 5378 precatur.
2329 5307 2568 5362 Rursum
2601 5307 2651 5359 in
2678 5307 2919 5376 quolibet
2965 5307 3102 5359 libro
3155 5307 3335 5361 videre
3384 5318 3465 5360 est

205 5399 300 5450 καὶ
333 5397 653 5467 νομοθεσίας
701 5398 796 5450 καὶ
830 5385 1086 5466 ἱστορίας.
1151 5397 1224 5448 Τὸ
1263 5395 1370 5467 γὰρ
1401 5395 1533 5448 αὐτὸ
1562 5395 1785 5464 Πνεῦμα

1891 5402 2223 5474 prophetias,
2254 5400 2618 5469 Iegislationes
2648 5409 2702 5453 et
2730 5399 3025 5463 historias;
3053 5399 3191 5452 idem
3229 5415 3464 5469 namque

206 5487 303 5541 ἐπὶ
335 5486 539 5548 πάντας
573 5485 687 5538 ὲστί
707 5501 719 5514 ·
758 5489 853 5540 καὶ
891 5485 1032 5540 κατὰ
1063 5486 1161 5557 μὲν
1189 5486 1285 5557 τὴν
1332 5489 1410 5548 είς
1436 5486 1660 5539 ἕκαστον
1689 5503 1783 5554 γε·

1893 5496 2128 5565 Spiritus
2161 5503 2244 5548 est
2284 5496 2336 5548 in
2383 5493 2672 5556 omnibus,
2708 5504 2761 5546 et
2807 5492 3102 5546 secundum
3139 5491 3462 5545 divisionem

206 5577 441 5648 νομένην
482 5577 646 5631 αὐτοῦ
691 5578 953 5653 διαίρεσιν
987 5580 1212 5654 ἕκαστος
1241 5579 1338 5649 τὴν
1366 5577 1608 5632 δοθεῖσαν
1638 5576 1786 5648 αὑτῷ

1893 5590 2010 5659 ejus
2056 5590 2107 5642 in
2157 5588 2385 5659 singulis
2425 5585 2657 5652 factam,
2709 5587 3086 5655 unusquisque
3137 5583 3316 5638 datam
3365 5585 3460 5637 sibi

280 5714 302 5744 ⁸
338 5711 438 5766 lsa.
472 5725 586 5775 Lttt,
620 5711 676 5766 4.

284 5844 360 5914 (5)
405 5840 596 5898 Κοινόν
623 5840 710 5899 ed.
