4032 6424
652 419 717 476 19
1490 419 1543 471 S.
1588 415 1954 471 ATHANASII
1997 414 2146 472 OPP.
2187 413 2366 468 PARS
2409 411 2496 466 Ill.
2534 443 2601 452 —
2641 411 3044 467 EXEGETICA.
3812 415 3886 470 9.0

649 529 875 596 gratiam
907 527 1247 582 administrat
1286 538 1339 580 et
1377 530 1590 596 implet;
1626 547 1737 582 sive
1786 531 2062 617 prophetia
2098 529 2162 581 sit

2305 527 2462 595 χάριν
2485 525 2718 577 διακονεῖ
2739 526 2830 577 καὶ
2858 525 3070 594 πληροῖ,
3102 522 3210 575 εἴτε
3235 523 3536 594 προφητεία
3561 524 3707 578 ἐστὶν
3725 565 3741 590 ,
3773 528 3884 581 εἴτε

650 622 763 671 sive
794 619 1058 688 legislatio
1081 662 1096 684 ,
1130 621 1241 672 sive
1282 621 1521 674 histor-ire
1565 621 2009 675 commemoratio
2033 661 2048 685 ,
2095 620 2207 672 sive

651 709 975 776 psalmorum
1005 711 1195 778 gratia.
1227 709 1362 762 Cum
1391 721 1566 762 autem
1600 726 1738 763 unus
1773 720 1933 778 atque
1963 710 2101 763 idem
2131 709 2206 762 sit

648 799 917 868 Spiritus,
962 802 1118 868 cujus
1144 811 1269 855 sunt
1291 818 1478 854 omnes
1517 801 1841 864 divisiones,
1892 810 1944 854 et
1978 801 2069 869 qui
2119 814 2204 854 se-

644 890 878 944 cundum
928 899 1174 944 naturam
1227 892 1488 945 indivisus
1535 901 1645 955 est,
1696 892 1812 946 ideo
1859 893 1910 944 in
1955 909 2011 946 se
2059 901 2203 946 totus

644 992 803 1050 atque
844 984 1046 1051 integer
1072 991 1156 1035 est
1206 1001 1217 1034 :
1254 984 1345 1036 sed
1395 983 1690 1036 secumlum
1738 983 2199 1037 subministratio-

643 1087 789 1130 nem.
830 1071 1294 1127 manifestationes
1327 1083 1381 1126 et
1429 1073 1722 1127 divisiones
1755 1073 1987 1141 Spiritus
2012 1073 2201 1142 singu-

643 1163 708 1215 lis
738 1164 890 1225 (iuni,
924 1181 986 1218 ac
1011 1165 1262 1232 deinceps
1285 1166 1437 1233 jtixta
1471 1176 1787 1233 przesentem
1823 1165 2198 1218 necessitatem

642 1252 844 1322 Spiritu
868 1258 1090 1309 edoctus
1115 1257 1345 1324 quisque
1377 1271 1681 1310 sermonem
1715 1255 2090 1318 administrat,
2124 1256 2196 1308 ita

639 1356 735 1405 ut,
773 1348 1223 1415 quemadmodum
1269 1363 1430 1415 supra
1477 1348 1586 1399 dixi
1613 1388 1626 1406 ,
1665 1347 1938 1419 lcgislator
1985 1345 2195 1417 Moyses

638 1438 931 1506 aliquando
961 1439 1240 1506 prophetet
1285 1449 1337 1490 et
1381 1448 1582 1502 canat,
1626 1447 1677 1490 et
1723 1438 2033 1506 prophetae,
2063 1438 2192 1490 dum

637 1528 1000 1582 vaticinantur
1023 1569 1036 1591 ,
1073 1539 1333 1596 przecepta
1363 1528 1577 1581 tradant
1614 1549 1623 1581 :
1659 1527 1934 1581 Lavamini
1957 1572 1970 1593 ,
2011 1528 2192 1580 mundi

633 1627 794 1671 estote
829 1620 872 1679 ⁵,
905 1629 1052 1682 elc.;
1091 1618 1254 1670 Ablue
1293 1618 1552 1670 malitiam
1599 1620 1771 1671 cordis
1816 1618 1892 1670 tui
1919 1658 1932 1682 ,
1971 1617 2192 1671 Jerusa-

636 1705 734 1756 lem
770 1707 821 1770 ';
865 1707 1155 1774 aliquando
1196 1706 1450 1759 historias
1500 1708 1868 1776 perscribunt,
1915 1718 1974 1761 ut
2004 1708 2188 1762 Daniel

634 1791 958 1859 Susanna”,
1004 1797 1167 1852 Isaias
1203 1797 1462 1852 Rabsacis
1515 1808 1566 1851 et
1598 1799 2045 1852 Sennacherim'.
2083 1798 2188 1852 Ea-

2310 616 2619 686 νομοθεσία,
2652 615 2763 668 εἴτε
2787 617 2886 685 τῆς
2922 615 3161 684 ἱστορίας
3184 617 3216 684 ἠ
3245 616 3453 685 μνήμη,
3485 617 3591 668 εῐτε
3617 617 3724 669 τῶν
3749 617 3884 687 ψαλ-

2311 707 2426 777 μῶν
2531 709 2718 777 χάρις·
2761 706 2944 774 ἐπειδὴ
2977 705 3035 758 δὲ
3077 705 3136 757 τὸ
3170 704 3226 756 ἓν
3257 706 3351 758 καὶ
3393 706 3612 758 τὸάύτὸ
3657 708 3883 778 Πνεῦμα

2306 799 2470 860 ἐστιν,
2499 789 2666 867 οὗπερ
2697 797 2790 849 καὶ
2822 797 2992 849 πᾶσαι
3021 796 3309 866 διαιρέσεις
3340 798 3497 861 εἰσὶν,
3528 797 3658 850 αὐτὸ
3691 798 3745 851 δὲ
3773 800 3883 852 ἀδιε-

2304 890 2516 960 αίρετόν
2563 892 2678 940 ἐστι
2719 889 2860 940 κατά
2893 887 3052 957 φύσιν
3077 904 3090 917 ο
3140 888 3226 941 διά
3254 904 3336 940 τοι
3362 887 3518 940 τοῦτο
3543 887 3603 939 τὸ
3631 889 3747 940 ὅλον
3777 889 3880 958 μέν

2304 984 2450 1034 ἐστιν
2474 981 2551 1051 (4)
2584 982 2818 1050 ἑκάστῳ,
2856 978 2998 1032 κατὰ
3029 979 3084 1031 δὲ
3113 979 3214 1048 τὴν
3247 978 3518 1032 διακονίαν
3545 981 3600 1030 αἱ
3633 978 3879 1048 φανερώ-

2303 1091 2415 1136 σεις
2445 1074 2536 1126 καὶ
2560 1075 2613 1124 αἱ
2641 1072 2932 1142 διαιρέσεις
2956 1071 3047 1123 τοῦ
3083 1070 3394 1139 Πνεύματος
3427 1070 3674 1132 ἑκάστοις
3700 1071 3880 1138 γίνον-

2298 1181 2386 1216 ται
2405 1181 2418 1192 ⁸
2444 1165 2537 1216 καὶ
2574 1163 2758 1214 λοιπὸν
2781 1163 2921 1214 κατά
2942 1161 3039 1231 τὴν
3079 1160 3445 1229 ἀποκειμένην
3465 1161 3650 1230 χρείαν
3681 1161 3876 1214 πολλά-

2298 1271 2383 1316 κις
2403 1254 2650 1315 ἕκαστος,
2673 1253 3031 1323 ὑποσχώντος
3053 1251 3143 1304 τοῦ
3168 1251 3498 1320 Πνεύματος,
3525 1252 3760 1304 διακονεῖ
3781 1252 3874 1304 τὸν

2295 1345 2478 1413 λόγον·
2513 1345 2651 1397 ὥστε
2676 1384 2690 1407 ,
2723 1344 2866 1397 καθὰ
2892 1346 3168 1414 προεῖπον,
3202 1342 3590 1413 νομοθετοῦντα
3632 1344 3876 1412 Μωῦσῆν

2296 1436 2653 1506 προφητεύειν
2678 1436 2804 1487 ποτὲ
2857 1436 2950 1488 καὶ
2977 1435 3142 1506 ᾄδειν,
3172 1437 3265 1488 καὶ
3282 1433 3721 1506 προφητεύοντας
3743 1436 3874 1498 τοὺς

2295 1529 2577 1598 προφήτας
2629 1526 2967 1578 έντέλλεσθαί
3007 1543 3168 1579 ποτε·
3227 1528 3572 1588 Λούσασθε,
3623 1529 3870 1593 καθαροὶ

2290 1621 2551 1688 γίνεσθε.
2593 1621 2922 1673 Ἀπόπλυνε
2948 1619 3066 1673 ἀπὸ
3094 1621 3305 1684 κακίας
3327 1619 3441 1685 τὴν
3461 1617 3710 1685 καρδίαν
3726 1632 3866 1681 σου,

2303 1713 2692 1780 Ἰερουσαλήμ
2711 1729 2724 1741 ·
2755 1711 2849 1763 καὶ
2883 1713 3112 1780 ἱστορεῖν
3139 1727 3289 1774 ποτε,
3325 1710 3415 1761 τὸν
3453 1709 3552 1778 μὲν
3575 1708 3769 1778 Δανιὴλ
3797 1710 3869 1761 τὰ

2287 1802 2426 1854 κατά
2451 1803 2771 1864 Σουσάνναν,
2802 1802 2894 1853 τὸν
2915 1801 2971 1853 δὲ
3009 1802 3234 1854 Ἡσαΐαν
3267 1801 3335 1854 τὰ
3373 1800 3513 1852 κατὰ
3539 1801 3627 1852 τὸν
3663 1799 3866 1868 Ῥαψά-

629 1887 750 1939 dem
775 1901 990 1956 quoque
1011 1889 1218 1941 ratione
1247 1887 1582 1942 Psalmorum
1611 1890 1766 1954 liber,
1796 1892 1882 1943 cui
1909 1891 2174 1959 prOprium

2290 1908 2390 1960 κην
2419 1891 2511 1944 καὶ
2537 1892 2625 1943 τὸν
2644 1890 3033 1960 Σενναχηρείμ.
3068 1889 3253 1952 Οὕτως
3283 1890 3389 1959 γὰρ
3413 1889 3503 1940 καὶ
3527 1891 3560 1958 ἡ
3587 1887 3692 1940 τῶν
3716 1887 3868 1940 Ψαλ-

628 1987 710 2032 est
743 1979 951 2032 cantica
985 1994 1199 2046 canere,
1228 1995 1348 2049 quae
1376 1980 1427 2033 in
1460 1981 1581 2034 aliis
1610 1981 1764 2036 libris
1797 1982 1972 2035 obiter
1997 1981 2187 2040 dicun-

629 2078 735 2130 tur,
768 2071 880 2122 haec
915 2069 1002 2125 ille
1035 2070 1149 2124 l'usc
1176 2071 1413 2140 loquitur
1443 2087 1566 2126 cum
1594 2075 1830 2135 cantico,
1863 2073 1938 2127 uti
1983 2075 2186 2128 dictum

626 2153 729 2212 est'.
760 2159 925 2228 Leges
950 2170 1128 2214 tamen
1157 2162 1270 2231 ipse
1306 2163 1470 2216 tradit
1501 2183 1511 2215 :
1552 2163 1739 2218 Desine
1767 2167 1829 2217 ab
1859 2168 1941 2218 ira
1962 2207 1976 2231 ,
2009 2175 2058 2220 et
2097 2168 2188 2220 de-

625 2249 853 2320 relinque
881 2251 1170 2321 furorem’.
1201 2251 1412 2305 Declina
1451 2271 1480 2305 a
1513 2254 1689 2319 malo,
1735 2267 1785 2308 et
1826 2257 1911 2324 [ac
1953 2259 2182 2310 bonum:

622 2345 826 2413 inquire
847 2362 1045 2413 pacem,
1073 2355 1122 2398 et
1148 2363 1448 2414 persequere
1469 2363 1585 2400 eam
1615 2351 1678 2399 ‘°.
1710 2347 1982 2402 Interdum
2013 2349 2182 2403 histo-

620 2436 756 2490 riam
791 2438 951 2491 habet
975 2438 1040 2490 de
1067 2437 1258 2490 itinere
1287 2438 1500 2490 lsraelis
1519 2479 1533 2503 ,
1568 2447 1621 2492 et
1654 2440 1934 2509 prophetat
1969 2441 2035 2496 de
2065 2438 2182 2493 Sal-

619 2537 823 2592 vatore,
855 2531 932 2581 uti
969 2544 1133 2597 supra
1160 2529 1365 2582 dictum
1405 2539 1507 2584 est.

706 2786 789 2839 {0.
859 2785 1179 2842 Communis
1240 2787 1456 2856 quidem
1514 2788 1636 2845 talis
1704 2786 1936 2857 Spiritus
2003 2790 2174 2859 gratia

614 2877 684 2932 sit
715 2878 856 2947 apud
903 2893 1130 2945 omnes,
1174 2889 1228 2933 et
1271 2881 1326 2932 in
1369 2881 1597 2948 singulis
1646 2879 1786 2933 facta
1837 2881 2172 2947 inveniatur,

612 2979 667 3023 et
699 2971 838 3038 apud
884 2985 1074 3024 omnes
1118 2971 1305 3025 eadem
1333 3011 1346 3032 ,
1400 2980 1457 3024 ut
1505 2973 1800 3027 necessitas
1850 2973 2175 3042 postularit,

610 3064 664 3109 et
699 3054 930 3124 Spiritus
972 3057 1221 3111 voluerit.
1269 3057 1452 3128 Neque
1495 3063 1637 3113 enim
1682 3060 1847 3115 refert
1888 3063 2002 3116 sive
2054 3063 2175 3131 plus

611 3145 724 3200 sive
755 3148 936 3202 minus
965 3147 1086 3216 quis
1120 3148 1364 3201 habuerit
1393 3149 1660 3218 ejusmodi
1697 3153 2038 3208 necessitatis
2063 3193 2077 3216 ,
2110 3163 2172 3207 ut

610 3235 985 3305 unusquisque
1017 3247 1265 3294 teneatur
1319 3238 1435 3292 sine
1470 3239 1682 3294 defectu
1722 3243 1999 3311 proprium
2047 3260 2170 3313 per-

608 3325 916 3398 fectumque
951 3331 1314 3386 ministerium
1351 3333 1592 3403 implere.
1625 3335 1962 3392 Psalmorum
1992 3349 2169 3392 autem

607 3420 739 3473 liber
761 3422 922 3474 etiam
947 3423 1025 3476 sic
1053 3424 1281 3490 gratiam
1308 3426 1596 3494 quamdam
1625 3428 1784 3482 habet
1814 3430 2168 3500 singularem,

605 3512 970 3580 eximiumque
1027 3514 1230 3583 aliquid
1289 3516 1574 3570 observatu
1634 3519 1878 3588 dignum.
1934 3521 2067 3576 Nam
2117 3534 2170 3578 et

605 3603 709 3655 alia
732 3644 746 3666 ,
776 3619 895 3671 quae
933 3619 1055 3657 cum
1086 3606 1293 3660 czcteris
1340 3608 1490 3664 libris
1522 3609 1683 3665 habet
1713 3612 1887 3666 al'linia
1927 3630 2168 3668 commu-

605 3693 822 3760 niaque,
857 3697 956 3748 hoc
987 3696 1086 3750 sibi
1128 3700 1404 3766 proprium
1448 3711 1500 3754 et
1538 3703 1918 3758 admirandum
1967 3707 2123 3760 habet
2148 3749 2164 3767 ,

601 3783 744 3856 quod
774 3783 932 3836 etiam
959 3786 1386 3856 uniuscujusque
1426 3791 1591 3844 animi
1628 3803 1840 3858 motus,
1872 3811 2168 3866 eorumque

601 3876 934 3932 mutationes
962 3888 1016 3931 et
1055 3881 1435 3949 castigationes
1465 3884 1517 3936 in
1553 3901 1610 3939 se
1641 3887 1940 3957 descriptas
1978 3898 2032 3943 et
2069 3907 2164 3945 ex-

601 3975 816 4026 pressas
857 3964 1167 4026 contineat,
1199 3977 1252 4018 ut
1288 3968 1378 4035 qui
1411 3984 1472 4021 ex
1513 3971 1629 4040 ipso
1661 3975 1890 4048 voluerit
1916 3980 2069 4047 quasi
2099 3998 2164 4034 ex

602 4050 837 4120 imagine
883 4069 975 4106 eas
999 4055 1245 4123 accipere
1271 4067 1324 4110 et
1347 4059 1676 4129 intelligere,
1707 4064 1778 4116 ita
1813 4069 2162 4136 semetipsum

597 4143 880 4198 eii‘ormare
910 4147 1100 4214 possit,
1139 4160 1197 4203 ut
1224 4151 1331 4204 illic
1370 4155 1631 4222 scriptum
1672 4156 1920 4212 habetur.
1954 4158 2008 4212 In
2045 4162 2164 4216 aliis

597 4237 794 4304 quippe
829 4239 980 4298 libris
1013 4241 1180 4308 legem
1212 4245 1385 4297 solum
1408 4247 1531 4314 quis
1564 4249 1733 4314 audit,
1765 4251 2164 4320 przccipientem

597 4328 725 4395 quid
757 4328 934 4384 facere
966 4344 1240 4400 oporteat,
1274 4339 1401 4404 quid
1441 4354 1636 4403 secus;
1679 4344 1990 4410 prophetias
2035 4347 2160 4399 item

599 4420 767 4483 audit,
805 4430 864 4474 ut
892 4423 1068 4476 solum
1095 4428 1231 4479 sciat
1260 4437 1543 4482 venturum
1575 4428 1909 4486 Salvatorem
1936 4476 1951 4499 ,
1987 4436 2161 4490 histo-

2293 1979 2407 2050 μῶν
2442 1980 2617 2049 βίϐλος
2636 2021 2648 2044 ,
2699 1980 2895 2050 ἔχουσα
2923 1979 2984 2030 τὸ
3017 1978 3143 2030 ἴδιον
3168 1978 3274 2030 τῶν
3303 1977 3454 2047 ᾠδῶν
3479 2018 3493 2042 ,
3525 1979 3662 2048 ὅπερ
3688 1977 3764 2046 (5)
3805 1979 3866 2030 ὲν

2288 2075 2404 2136 ταῖς
2431 2058 2617 2138 ἄλλαις
2653 2074 2850 2144 βίϐλοις
2881 2070 3186 2136 διεξοδικῶς
3218 2071 3460 2142 εἴρηται,
3504 2071 3675 2125 ταῦτα
3724 2071 3864 2142 αὑτὴ

2285 2169 2349 2235 τῇ
2385 2167 2524 2219 κατὰ
2555 2167 2754 2230 πλάτος
2795 2169 2942 2236 φωνῇ
2980 2166 3114 2236 μετὰ
3152 2165 3345 2235 μέλους
3397 2163 3624 2232 ψάλλει,
3680 2161 3862 2225 καθὼς

2285 2259 2628 2328 προείρηται.
2660 2257 2956 2327 Νομοθετεῖ
2981 2256 3109 2324 γοῦν
3141 2275 3268 2309 ποτε
3302 2257 3391 2309 καὶ
3418 2257 3585 2327 αὐτή⁶
3623 2255 3860 2309 Παῦσαι

2282 2347 2399 2401 ἀπὸ
2425 2349 2626 2417 ὀργῆς,
2652 2349 2746 2402 καὶ
2770 2347 3129 2418 ἐγκατάλιπε
3157 2350 3344 2416 θυμόν
3362 2364 3373 2376 ⁸
3397 2348 3512 2410 καὶ,
3535 2348 3862 2400 Ἕκκλινον

2283 2440 2400 2492 ἀπὸ
2423 2441 2608 2494 κακοῦ
2629 2481 2643 2502 ,
2679 2441 2776 2493 καὶ
2819 2443 3077 2508 ποίησον
3109 2441 3334 2508 ἀγαθόν
3357 2457 3371 2470 ·
3402 2437 3659 2504 ὣίτησον
3686 2437 3858 2506 εἰρή-

2281 2548 2416 2598 νην,
2446 2532 2544 2584 καὶ
2579 2532 2792 2595 δι’ωξον
2817 2535 3028 2602 αὐτὴν.
3086 2535 3195 2587 Καὶ
3237 2535 3435 2604 ἱστορεῖ
3458 2533 3514 2587 δέ
3549 2550 3675 2594 ποτε
3715 2534 3858 2585 κατά

2281 2621 2379 2692 τὴν
2411 2621 2525 2674 ὁδὸν
2558 2620 2652 2673 τοῦ
2688 2623 2899 2692 Ἰσραὴλ
2919 2661 2934 2686 ,
2959 2625 3050 2676 καὶ
3081 2625 3409 2694 προφητεύει
3448 2625 3576 2694 περὶ⁸
3609 2622 3702 2676 τοῦ
3737 2624 3854 2675 Σω-

2279 2710 2460 2780 τῆρος,
2493 2709 2678 2780 ὥσπερ
2709 2712 2922 2781 εἴρηται
2945 2712 3228 2782 πρότερον.

2354 2807 2418 2854 ι’.
2456 2802 2622 2871 Κοινὴ
2673 2803 2772 2870 μὲν
2816 2799 2908 2855 οὖν
2941 2803 3160 2873 τοιαύτη
3188 2802 3280 2856 τοῦ
3331 2803 3644 2874 Πνεύματος
3692 2804 3854 2872 χάρις

2279 2892 2417 2944 ἔστω
2440 2892 2586 2962 παρὰ
2613 2894 2765 2956 πᾶσι,
2797 2895 2889 2946 καὶ
2905 2895 2959 2946 ἐν
2984 2894 3197 2963 ἑκάστῳ
3213 2893 3468 2964 γινομένη
3491 2891 3852 2964 εὐρισκέσΘω,

2278 2986 2372 3038 καὶ
2407 2985 2555 3054 παρὰ
2609 2987 2771 3036 πᾶσιν
2800 2988 2832 3054 ἡ
2863 2985 2997 3055 αὑτὴ
3025 3025 3039 3048 ,
3096 2985 3170 3047 ὡς
3218 2984 3312 3036 έάν
3343 2985 3374 3055 ἡ
3409 2986 3567 3054 χρεία
3619 2985 3849 3053 ἀπαιτῇ,

2277 3078 2368 3130 καὶ
2393 3077 2452 3130 τὸ
2485 3075 2708 3146 Πνεῦμα
2737 3077 3012 3146 βούληται.
3088 3077 3162 3129 Ού
3189 3078 3432 3147 διαφέρει
3466 3077 3574 3148 γὰρ
3600 3077 3660 3129 τὸ
3689 3076 3851 3128 πλέον

2277 3169 2368 3220 καὶ⁸
2391 3167 2605 3221 ἔλαττον
2633 3170 2691 3218 ὲν
2712 3167 2881 3238 ταύτῃ
2911 3169 2977 3236 τῇ
3001 3167 3178 3238 χρεία,
3196 3165 3270 3229 ὡς
3297 3166 3525 3228 ἕκαστος
3554 3165 3852 3228 ἀνενδότως

2273 3261 2370 3331 τὴν
2404 3260 2538 3312 ίδίαν
2563 3259 2870 3329 ἀποπληροῖ
2895 3259 2987 3311 καὶ
3014 3258 3212 3311 τελειοῖ
3258 3258 3554 3312 διακονίαν.
3599 3257 3662 3310 Ἡ
3699 3257 3756 3308 δέ
3783 3273 3848 3324 γε

2275 3351 2453 3420 βίϐλος
2487 3351 2594 3403 τῶν
2626 3350 2869 3420 Ψαλμῶν
2903 3353 2997 3404 καὶ
3032 3352 3204 3414 οὕτως
3225 3351 3335 3421 ἔχει
3355 3352 3472 3403 τινὰ
3499 3349 3658 3403 πάλιν
3689 3349 3849 3420 χάριν

2275 3443 2409 3495 ἰδίαν
2435 3443 2525 3494 καὶ
2553 3443 2931 3512 παρατήρησιν
2966 3441 3236 3513 ἐξαίρετον
3257 3458 3268 3469 ·
3306 3442 3441 3511 πρὸς
3472 3441 3580 3513 γὰρ
3607 3444 3717 3503 τοῖς
3751 3441 3846 3494 ἆλ-

2271 3533 2403 3595 λοις,
2440 3534 2498 3585 ἐν
2523 3529 2603 3594 οἷς
2625 3533 2759 3603 πρὸς
2784 3532 2882 3595 τὰς
2912 3533 3076 3595 ἄλλας
3133 3532 3345 3602 βίϐλους
3400 3532 3511 3601 ἔχει
3541 3531 3638 3602 τὴν
3663 3532 3847 3601 σχέσιν

2269 3623 2365 3674 καὶ
2396 3621 2697 3685 κοινωνίαν,
2736 3621 2922 3674 λοιπὸν
2975 3623 3069 3673 καὶ
3120 3621 3248 3674 ίδιον
3281 3621 3390 3692 ἔχει
3423 3620 3579 3674 τοῦτο
3638 3620 3844 3691 θαῦμα,

2268 3713 2350 3764 ὃτι
2376 3714 2469 3764 καὶ
2500 3713 2566 3765 τὰ
2603 3713 2838 3781 ἑκάστης
2864 3712 3044 3782 ψυχῆς
3100 3713 3395 3783 κινήματα,
3423 3712 3520 3775 τάς
3551 3729 3609 3764 τε
3641 3712 3844 3765 τούτων

2272 3803 2568 3875 μεταϐολὰς
2600 3807 2695 3858 καὶ
2725 3803 3039 3875 διορθώσεις
3070 3805 3181 3873 ἔχει
3209 3804 3686 3874 διαγεγραμμένας
3747 3806 3841 3856 καὶ

2266 3897 2736 3968 διατετυπωμένας
2770 3899 2828 3949 έν
2864 3900 3052 3967 ἑαυτῇ·
3087 3895 3226 3948 ὥστε
3254 3895 3375 3947 τινὰ
3393 3895 3484 3949 τὸν
3517 3893 3839 3964 βουλόμενον

2264 3987 2339 4049 ὡς
2372 3987 2446 4057 (6)
2467 3989 2692 4057 ἄπειρον
2748 3989 2805 4054 ἐξ
2861 3989 3028 4058 αὐτῆς
3081 3987 3376 4057 λαμϐάνειν
3406 3987 3500 4038 καὶ
3532 3988 3834 4051 κατανοεῖν,

2265 4076 2406 4128 οὓτω
2432 4077 2492 4128 τὸ
2523 4077 2722 4130 τυποῦν
2752 4080 2962 4144 ἑαυτὴν,
3001 4078 3076 4147 (7)
3099 4080 3213 4130 ἐκεῖ
3238 4079 3562 4147 γέγραπται.
3608 4078 3694 4129 Ἑν
3737 4077 3838 4148 μὲν

2266 4167 2372 4237 γὰρ
2396 4171 2514 4231 ταῖς
2555 4169 2740 4233 ἄλλαις
2799 4171 2999 4240 βίϐλοις
3050 4171 3207 4240 μόνον
3253 4186 3335 4231 τις
3374 4168 3558 4222 ἀκούει
3603 4170 3695 4221 τὸν
3752 4170 3838 4222 νό-

2267 4275 2365 4326 μον
2401 4261 2818 4328 προστάττοντα,
2845 4260 3011 4329 ἀ(μὴ)
3033 4260 3114 4311 δεῖ
3144 4262 3315 4312 ποιεῖν
3342 4261 3435 4312 καὶ
3461 4259 3535 4330 μὴ
3557 4259 3635 4311 δεῖ
3664 4262 3838 4330 πράτ-

2263 4367 2392 4402 τειν·
2430 4353 2767 4422 προφητείας
2800 4370 2855 4404 τε
2913 4353 3222 4418 κατακούει,
3259 4353 3396 4405 ὥστε
3447 4353 3603 4422 μόνον
3636 4353 3837 4408 εἰδέναι

2263 4442 2350 4494 τὸν
2377 4443 2668 4513 ἐρχόμενον
2698 4444 2941 4514 Σωτῆρα’
2983 4445 3077 4496 καὶ
3113 4445 3373 4514 ἱστορίαις
3397 4445 3452 4496 δὲ
3478 4445 3755 4518 προσέχει,
3776 4446 3837 4510 ἐξ

595 4510 800 4580 riisque
829 4514 1089 4581 attendat,
1136 4517 1279 4571 unde
1310 4518 1550 4574 ediscere
1598 4531 1774 4590 potest
1814 4541 1998 4593 regum
2035 4544 2160 4582 san-

2278 4527 2338 4586 ὒν
2392 4533 2678 4601 γινώσκειν
2728 4533 2948 4588 δύναται
3007 4535 3104 4598 τὰς
3155 4536 3262 4588 τῶν
3316 4535 3577 4605 βασιλέων
3610 4537 3704 4590 καὶ
3735 4538 3835 4602 τὰς

594 4613 911 4672 ctorumque
956 4618 1092 4660 acta.
1146 4609 1212 4662 At
1261 4610 1313 4663 in
1369 4609 1708 4666 Psalmorum
1758 4616 1897 4676 libro
1940 4627 2159 4684 prmter-

592 4707 754 4758 quam
787 4695 930 4762 quod
961 4711 1021 4749 ea
1055 4698 1169 4766 ipsa
1211 4709 1386 4768 potest
1412 4703 1591 4770 quivis
1623 4707 1849 4761 audiens
1873 4703 2112 4762 ediscere
2138 4751 2152 4773 ,

594 4795 772 4838 motus
807 4785 1023 4856 insuper
1053 4791 1246 4844 animae
1292 4808 1405 4846 sua:
1438 4793 1510 4846 ibi
1550 4795 1900 4863 deprehendit
1945 4798 2156 4851 ediscit-

589 4891 728 4944 quc;
779 4893 857 4931 ac.
893 4879 1086 4934 deinde
1141 4884 1438 4937 secundum
1481 4901 1542 4938 ea
1589 4902 1709 4954 quze
1754 4889 1954 4955 patitur
2015 4900 2066 4942 et
2123 4906 2152 4944 a

589 4967 788 5034 quibus
814 4967 1083 5023 detinetur
1105 5012 1118 5034 ,
1147 4981 1317 5040 potest
1345 4991 1408 5027 ex
1454 4991 1518 5029 eo
1557 4976 1674 5045 ipso
1710 4977 1846 5032 libro
1879 4981 2153 5048 exemplar

589 5056 858 5122 quoddam
892 5073 1204 5114 sern‘t0nurn
1245 5063 1475 5131 eligere;
1513 5064 1586 5117 ita
1621 5075 1681 5119 ut
1707 5083 1813 5120 non
1850 5070 2025 5123 solum
2056 5072 2148 5139 qtti

588 5147 845 5213 audierit,
895 5164 1001 5202 non
1045 5154 1184 5219 (sine
1218 5153 1418 5221 fructu)
1452 5165 1830 5224 pertranseat,
1877 5163 1970 5218 sed
2017 5165 2147 5218 edo-

587 5248 772 5292 ceatur
820 5241 945 5310 quid
983 5242 1127 5295 dictu
1166 5244 1420 5314 factuque
1460 5264 1596 5316 opus
1639 5251 1708 5303 sit
1737 5250 1804 5304 ad
1848 5255 2145 5309 curandum

587 5328 856 5388 morbum.
894 5329 1033 5385 Sunt
1075 5333 1288 5400 quidem
1319 5344 1371 5389 et
1399 5337 1451 5390 ιιι
1495 5339 1615 5393 aliis
1649 5341 1800 5396 libris
1827 5356 2104 5399 sermones
2130 5389 2144 5409 ,

583 5417 674 5486 qui
721 5420 856 5474 mala
906 5421 1261 5488 prohibeant;
1297 5425 1348 5478 in
1395 5427 1499 5482 hoc
1528 5445 1660 5484 vero
1702 5446 1807 5498 qua
1864 5435 2071 5488 ratione
2114 5451 2144 5488 a

2263 4628 2370 4680 τῶν
2401 4628 2569 4694 ἁγίων
2605 4629 2850 4698 πράξεις.
2891 4630 2977 4681 Ἐν
3021 4629 3076 4680 δὲ
3116 4631 3179 4700 τῇ
3229 4629 3392 4700 βίϐλῳ
3424 4629 3528 4682 τῶν
3563 4630 3832 4700 Ψαλμῶν,

2263 4716 2398 4786 πρὸς
2426 4717 2501 4786 τῷ
2535 4717 2705 4770 ταῦτα
2735 4718 3022 4786 μανθάνειν
3070 4717 3159 4768 τὸν
3208 4717 3492 4782 ἀκούοντα,
3530 4718 3607 4771 ἐτι
3637 4722 3732 4774 καὶ
3763 4721 3831 4781 τὰ

2261 4807 2535 4875 κινήματα
2561 4807 2658 4876 τῆς
2681 4807 2869 4858 ἑαυτοῦ
2911 4808 3087 4877 ψυχῆς
3132 4810 3189 4860 ὲν
3241 4809 3378 4879 αὐτῇ
3433 4811 3682 4862 κατανοεῖ
3735 4810 3828 4866 καὶ

2258 4896 2584 4949 διδάσκεται⁸
2619 4899 2712 4950 καὶ
2753 4899 2932 4952 λοιπὸν
2965 4901 3098 4971 πρὸς
3135 4901 3162 4952 ὃ
3189 4902 3383 4970 πάσχει
3415 4903 3507 4954 καὶ
3539 4904 3594 4954 έν
3638 4896 3682 4970 ᾧ
3707 4920 3831 4956 συν-

2260 4988 2461 5057 έχεται,
2521 4989 2742 5056 δύναται
2770 4991 2928 5044 πάλιν
2959 4992 3023 5042 ὲκ
3047 4991 3249 5061 ταύτης
3281 4993 3498 5062 ἔχεσθαι
3524 4995 3622 5064 τὴν
3647 4994 3825 5053 εἰκόνα

2256 5079 2363 5130 τῶν
2390 5080 2580 5146 λόγων’
2613 5082 2751 5134 ὥστε
2791 5074 2868 5153 ’μὴ
2903 5085 3062 5153 μόνον
3094 5083 3400 5136 ἀκούσαντα
3435 5085 3823 5156 παρέρχεσθαι,

2257 5170 2391 5224 ἀλλὰ
2420 5173 2510 5225 καὶ
2538 5173 2653 5236 πῶς
2679 5174 2757 5225 δεῖ
2803 5175 3027 5244 λέγοντα
3076 5178 3167 5232 καὶ
3217 5176 3471 5230 ποιοῦντα
3506 5178 3823 5250 Θεραπεύειιι

2255 5258 2315 5310 τὸ
2344 5260 2532 5326 πάθος,
2563 5261 2799 5314 διδάσκει
2835 5263 2933 5334 (8),
2963 5266 3082 5327 Eiet
3118 5266 3215 5334 μὲν
3240 5265 3347 5336 γὰρ
3380 5269 3473 5318 καὶ
3506 5269 3561 5318 έν
3585 5269 3703 5329 ταῖς
3734 5269 3824 5320 ἄλ·

2255 5350 2372 5412 λαις
2388 5351 2590 5420 βίϐλοις
2615 5354 2901 5406 κωλυτικοὶ
2925 5356 3067 5426 λόγοι
3095 5358 3525 5429 ἀπαγορεύοντες
3541 5359 3608 5411 τὰ
3626 5358 3822 5427 φαῦλα·

2253 5442 2311 5492 ὲν
2342 5442 2515 5515 ταύτῃ
2558 5444 2615 5496 δὲ
2650 5447 2743 5497 καὶ
2784 5445 2898 5510 πῶς
2919 5446 3216 5515 ἀπέχεσθαι
3248 5448 3328 5500 δεῖ
3353 5449 3682 5501 τετύπωται’
3713 5445 3822 5505 οἷον

652 5553 670 5580 ⁵
706 5549 825 5606 lsni.
864 5569 899 5612 ι,
935 5553 1014 5604 16.
1062 5555 1301 5614 ‘Jerem.
1342 5577 1414 5627 tv,
1452 5563 1533 5615 14.
1601 5566 1619 5595 ⁷
1661 5564 1923 5622 Damam.
1994 5572 2014 5600 "
2057 5571 2159 5628 lsa.
2196 5591 2379 5641 xxxvr,
2413 5587 2615 5633 itxxvn.
2691 5581 2711 5611 ’
2743 5579 2884 5636 Psal.
2920 5600 3101 5646 xxxvt,
3129 5583 3182 5638 8.
3255 5583 3299 5614 ¹⁰
3327 5581 3468 5642 Psal.
3508 5599 3698 5649 xum,
3732 5587 3799 5640 i5

654 5666 725 5718 (4)
783 5665 866 5717 Ἐν
898 5667 1072 5734 ἑαυτῷ
1099 5673 1182 5724 ed.

656 5734 724 5805 ιβ)
774 5736 944 5805 ’,Ἀπερ
975 5739 1058 5791 ed.

655 5802 724 5872 l5)
780 5803 895 5858 Ἀπ’
915 5802 1135 5874 ἐἰκόνος
1167 5813 1248 5864 ed.

2438 5696 2595 5819 Figite
2629 5766 2991 5818 διδάσκεσθαι.
