4032 6426
179 407 238 463 21
1314 399 1650 455 EPISTOLA
1689 399 1782 454 AD
1823 398 2348 456 MARCELLINUM.
3363 401 3433 455 22

179 520 547 590 παράγγελμα
601 533 714 571 εστι
772 513 834 570 ":6
891 518 1188 587 μετανοεῖνο
1241 516 1302 568 τὸ
1356 516 1412 568 δὲ
1472 515 1754 585 μετανοεῖν

1872 515 2014 569 nalis
2039 516 2110 568 sit
2133 513 2520 569 abstinendum
2563 515 2885 584 exprimitur
2916 536 2927 568 :
2965 516 3194 583 exempli
3225 533 3387 571 causa
3413 561 3426 583 ,

177 609 447 662 παύεσθαι
467 611 563 679 τῆς
593 608 885 676 ἁμαρτίας’
917 606 1082 658 ἐστίν·
1118 605 1350 658 ἐνταῦθα
1380 604 1435 656 δὲ
1486 603 1580 655 καὶ
1638 602 1752 664 πῶς

179 700 480 765 μετανοεῖν,
509 695 604 750 καί
645 696 694 746 τί
732 696 812 747 δεῖ
843 695 1021 763 λέγειν
1057 695 1147 747 ἐπὶ
1185 697 1249 764 τῇ
1290 694 1570 764 μετανοίᾳ,
1595 692 1751 744 τετύ-

177 804 377 850 πωτος.
412 780 522 839 Κάὶ
543 785 704 837 πάλιν
756 786 975 855 εἴρηκεν
1014 786 1042 836 6
1065 784 1293 847 Παῦλος·
1346 785 1406 837 Ἡ
1447 786 1650 852 θλίψις
1680 781 1753 849 τῇ

177 877 353 948 ψυχῇ
385 877 704 945 ὑπομονὴν
734 875 1160 946 κατεργάζεται,
1190 876 1227 941 ἡ
1260 876 1326 928 δὲ
1360 874 1631 944 ὑπομονὴ
1667 875 1756 926 δο-

177 972 382 1041 κιμὴν,
418 972 456 1037 7)
487 970 554 1024 δὲ
584 970 799 1040 δοκιμὴ
849 970 1085 1034 ἐλπίδα,
1127 971 1164 1037 ἠ
1190 968 1257 1021 δὲ
1301 969 1477 1033 ἐλπὶς
1509 969 1579 1021 οὐ
1617 985 1754 1019 κατ-

176 1065 475 1132 αισχύνει.
541 1065 626 1116 Ἐν
647 1063 705 1118 δὲ
734 1066 844 1125 τοῖς
867 1063 1115 1132 Ψαλμοῖς
1161 1064 1256 1114 καὶ
1299 1060 1411 1124 πῶς
1459 1060 1539 1112 δεῖ
1572 1059 1757 1130 φέρειν

176 1155 273 1220 τὰς
303 1156 534 1224 θλίψεις,
565 1157 656 1209 καὶ
678 1156 728 1207 τί
758 1155 1068 1225 θλιϐόμενον
1091 1155 1171 1206 δεῖ
1197 1154 1395 1222 λέγειν,
1418 1153 1512 1205 καὶ
1537 1152 1588 1204 τί
1623 1152 1758 1220 μετὰ

178 1246 274 1308 τάς
309 1245 534 1315 θλίψεις,
559 1245 658 1297 καὶ
699 1243 817 1305 πῶς
874 1243 1098 1305 ἕκαστος
1155 1241 1525 1311 δοκιμάζεται,
1562 1239 1655 1295 καὶ
1682 1239 1759 1292 τί-

177 1352 266 1397 νες
292 1337 343 1388 οἰ
369 1335 517 1402 λόγοι
550 1333 656 1386 τῶν
684 1333 1007 1397 ἐλπιζόντων
1045 1333 1137 1383 ἐπὶ
1194 1331 1415 1402 Κύριον,
1452 1329 1758 1399 γέγραπται

179 1429 272 1481 καὶ
305 1427 664 1496 κεχάρακται.
712 1424 878 1478 Πάλιν
929 1441 988 1476 τε
1034 1423 1221 1493 ἐντολή
1283 1425 1429 1475 ἐστιν
1482 1425 1538 1474 ὲν
1596 1421 1760 1473 παντὶ

179 1521 543 1589 εὐχαριστεῖν·
573 1516 710 1570 ἀλλὰ
733 1517 825 1570 καὶ
864 1516 913 1568 τί
940 1517 1020 1569 δεῖ
1079 1515 1257 1582 λέγειν
1309 1512 1760 1584 εὐχαριστοῦντας

177 1609 523 1661 διδάσκουσιν
557 1608 606 1659 oi
633 1606 873 1677 Ψαλμοῇ
904 1602 1035 1658 Εἶτα
1058 1607 1186 1676 παρ’
1224 1604 1425 1676 ἑτέρων
1452 1602 1758 1663 ἀκούοντες

182 1702 350 1754 Ὅσοι
388 1699 676 1754 θέλουσιν
704 1698 964 1765 εὐσεϐῶς
995 1697 1101 1766 ζῇν
1132 1697 1586 1768 διωχθήσονται,
1613 1694 1762 1764 παρὰ

178 1791 388 1845 τούτων
418 1791 803 1862 διδασκόμεθα,
833 1793 928 1844 καὶ
962 1791 1075 1854 πῶς
1099 1790 1177 1843 δεῖ
1214 1790 1512 1859 φεύγοντας
1545 1791 1758 1856 φωνεῖν,

1857 607 2164 675 praecipitur
2190 607 2542 676 pwnitentia;
2586 607 2904 676 pmnitentia
2933 619 3114 662 autem
3137 617 3221 664 est
3250 624 3430 663 cessa-

1858 700 1933 752 tio
1967 716 1994 751 a
2026 708 2274 767 peccato;
2321 700 2374 752 in
2414 698 2516 752 hoc
2561 707 2745 752 autem
2788 699 2927 753 libro
2956 715 3064 769 qua
3103 700 3317 755 ratione
3361 701 3437 755 sit

1857 786 2261 854 pmnitendum,
2297 796 2350 841 et
2401 787 2600 856 quibus
2643 788 2696 841 in
2748 787 3064 856 paenitentia
3119 789 3300 844 verbis
3351 792 3428 843 uti

1858 890 2124 949 oporteat,
2150 879 2428 934 edocetur.
2457 879 2697 933 Rursum
2731 879 2807 933 ait
2836 877 3039 933 Paulus
3072 898 3086 933 :
3134 878 3433 936 Tributatio

1858 973 2168 1039 patientiam
2221 982 2511 1039 operatur,
2563 971 2821 1039 patientia
2869 987 2985 1024 vero
3031 972 3430 1039 probationem,

1858 1063 2096 1131 probatio
2127 1075 2299 1116 autem
2323 1079 2483 1131 spem,
2517 1078 2629 1130 spes
2652 1071 2829 1114 autem
2854 1078 2954 1114 non
2987 1062 3260 1131 confundit
3280 1063 3344 1116 “.
3375 1061 3432 1116 in

1859 1157 2090 1212 Psalmis
2118 1171 2245 1210 vero
2270 1157 2531 1225 scriptum
2560 1170 2990 1224 expressumque
3019 1164 3120 1217 est,
3154 1158 3430 1225 quomodo

1862 1250 2091 1303 tolerare
2129 1256 2374 1317 oporteat
2406 1247 2800 1309 tribulationes,
2830 1248 2960 1314 quid
2990 1248 3302 1302 tribulatum
3345 1249 3426 1300 di-

1861 1355 1984 1394 cere
2014 1323 2109 1408 par
2139 1340 2229 1402 sit,
2271 1339 2401 1407 quid
2448 1347 2567 1408 post
2614 1337 2992 1391 tribulationes
3016 1377 3030 1401 ,
3078 1352 3185 1405 qua
3223 1337 3435 1391 ratione

1861 1431 2092 1500 quisque.
2118 1432 2397 1499 probetur,
2424 1430 2646 1500 quinam
2680 1430 2788 1484 sint
2818 1443 3100 1484 sermones
3126 1443 3314 1482 eorum
3340 1429 3434 1497 qui

1863 1531 2084 1589 sperant
2126 1522 2179 1574 in
2212 1521 2521 1574 Dominum.
2561 1519 2892 1590 Praeceptum
2938 1520 3065 1574 item
3110 1528 3193 1574 est
3224 1520 3280 1573 in
3313 1535 3435 1574 om-

1863 1615 2023 1668 nibus
2053 1612 2256 1682 gratias
2296 1628 2454 1683 agere
2482 1614 2548 1676 ";
2578 1621 2632 1666 at
2662 1613 2855 1667 docent
2900 1610 3102 1668 Psalmi
3138 1610 3270 1682 quid
3290 1653 3304 1678 ,
3344 1613 3435 1680 qui

1863 1707 2066 1776 gratias
2108 1706 2237 1775 agit,
2269 1705 2414 1774 loqui
2442 1703 2655 1759 debeat.
2690 1703 2892 1760 Deinde
2925 1720 3050 1759 cum
3078 1705 3147 1759 ab
3180 1705 3302 1760 aliis
3340 1720 3440 1759 au-

1864 1797 2111 1851 diamus:
2134 1795 2442 1865 Quicunque
2471 1797 2553 1865 pie
2583 1796 2759 1850 volunt
2786 1798 2950 1852 vivere
2979 1797 3032 1850 in
3057 1793 3291 1862 Christo,
3321 1813 3442 1865 per-

182 1884 278 1936 καὶ
303 1883 457 1946 τίνας
485 1884 842 1954 διωκομένους
872 1884 965 1936 καὶ
992 1883 1129 1953 μετὰ
1153 1882 1246 1935 τὸν
1274 1882 1508 1952 διωγμὸν
1541 1880 1764 1952 ῥυσθέν-

1872 1888 2179 1942 secutionem
2212 1889 2481 1957 patientur
2530 1888 2604 1953 ",
2641 1904 2672 1942 a
2711 1887 2945 1944 Psalmis
2989 1889 3279 1944 edoeemur
3305 1888 3439 1958 quid

179 1994 279 2039 τας
326 1976 409 2030 δεῖ
449 1976 642 2045 λόγους
673 1975 964 2048 ἀναφέρειν
990 1975 1068 2045 τῷ
1089 1974 1226 2045 Θεῷ.
1257 1973 1512 2041 Εὑλογεῖν
1547 1989 1764 2042 παραγ-

178 2071 484 2140 γελλόμεθα
551 2070 642 2123 τὸν
685 2069 910 2139 Κύριον,
967 2069 1060 2121 καὶ
1111 2065 1553 2137 ἐξομολογεῖσθαι
1595 2065 1762 2135 αὐτῷ·

178 2162 296 2214 ἀλλ’
329 2164 386 2213 ὲν
430 2164 539 2223 τοῖς
584 2161 832 2231 Ψαλμοῖς
864 2159 1180 2230 τυπούμεθα
1221 2157 1336 2221 πῶς
1374 2175 1434 2210 τε
1493 2158 1658 2210 αἰνεῖν
1689 2157 1768 2209 δεῖ

179 2255 269 2305 τὸν
307 2252 533 2323 Κύριον,
559 2254 651 2306 καὶ
681 2253 803 2306 τίνα
870 2253 1091 2322 ῥήματα
1143 2250 1393 2318 λέγοντες
1417 2248 1769 2321 ἐξομολογού-

183 2345 326 2413 μεθα
357 2345 696 2416 πρεπόντως.
726 2344 836 2396 Καὶ
885 2344 968 2410 ἐφ’
998 2343 1229 2397 ἑκάστου
1271 2341 1328 2394 δέ
1369 2361 1452 2406 τις
1502 2343 1673 2406 οὓτως
1701 2341 1767 2395 ἂν

179 2437 335 2506 εὖροι
367 2436 467 2499 τὰς
488 2436 638 2498 Θείας
667 2435 828 2506 ᾠδὰς,
856 2435 992 2504 πρὸς
1015 2436 1161 2505 ἡμᾶς
1198 2435 1292 2489 καὶ
1346 2434 1502 2505 ἡμῶν
1529 2436 1768 2505 κινήσεις

181 2532 280 2584 καὶ
321 2531 681 2593 καταστάσεις
712 2528 990 2600 κειμένας.

256 2721 347 2767 ια’.
381 2714 493 2767 Καὶ
517 2713 627 2785 γὰρ
649 2713 743 2766 καὶ
800 2711 960 2765 τοῦτο
999 2711 1300 2783 παράδοξόν
1352 2711 1466 2762 ὲστι
1511 2710 1671 2763 πάλιν
1710 2711 1767 2762 ἐν

180 2811 295 2870 τοῖς
324 2806 596 2877 Ψαλμοῖς,
629 2808 708 2858 ὃτι
736 2807 792 2857 ἐν
824 2804 920 2875 μὲν
970 2807 1089 2866 ταῖς
1134 2803 1323 2866 ἄλλαις
1381 2801 1583 2873 βίϐλοις
1625 2802 1660 2855 ά
1686 2801 1769 2853 λέ-

185 2915 379 2965 γουσιν
407 2901 456 2951 οί
518 2899 682 2965 ἆγιοι,
733 2896 826 2949 καὶ
855 2896 982 2965 περί
1007 2887 1081 2948 ὧν
1110 2894 1174 2948 ἂν
1215 2893 1435 2962 λέγωσι,
1471 2893 1645 2948 ταῦτα
1678 2894 1769 2947 καὶ

181 2991 231 3042 οἱ
259 2988 750 3056 ἀναγινώσκοντες,
779 2986 906 3057 περὶ
937 2979 1012 3039 ὧν
1040 2988 1220 3040 ὲκεῖνα
1244 2987 1572 3056 γέγραπται,
1599 2988 1772 3052 άπαγο

182 3079 472 3148 γέλλονιὲς
515 3079 670 3131 εἰσιν·
726 3079 778 3130 οἶ
823 3095 882 3130 τε
944 3077 1232 3141 ἀκούοντες
1298 3077 1490 3140 ἄλλους
1547 3077 1769 3138 ἑαυτοὺς

183 3173 415 3226 ἐκείνων
461 3170 740 3241 ἡγοῦνται,
774 3171 903 3239 περὶ
949 3165 1023 3223 ὧν
1057 3171 1086 3222 6
1137 3170 1294 3237 λόγος
1339 3171 1496 3239 φησί,
1546 3165 1768 3229 καὶτὰς

185 3264 668 3334 ἐπαγγελλομένας
710 3263 767 3316 δὲ
787 3261 1034 3334 πράξεις,
1063 3260 1190 3331 ἄχρι
1220 3258 1315 3312 τοῦ
1356 3258 1654 3329 θαυμάζειν
1677 3259 1771 3312 xai.

186 3357 387 3427 ζηλοῦν
417 3356 607 3421 αὐτὰς,
641 3357 719 3420 εἰς
759 3357 819 3410 τὸ
849 3353 1130 3426 μιμεῖσθαι
1160 3352 1422 3421 γίνονται.
1470 3350 1688 3422 Ταύτην
1715 3351 1772 3404 δὲ

189 3449 374 3519 βίϐλον
394 3449 422 3500 6
446 3448 738 3518 λαμϐάνων
770 3447 868 3509 τὰς
913 3448 1010 3516 μὲν
1041 3447 1167 3517 περὶ
1206 3444 1299 3498 τοῦ
1331 3445 1580 3515 Σωτῆρος
1640 3460 1774 3514 προ-

187 3542 421 3613 φητείας
447 3541 690 3610 συνήθως
717 3542 773 3592 ὲν
805 3541 925 3602 ταῖς
974 3539 1162 3602 ἄλλαις
1196 3540 1438 3610 Γραφαῖς
1481 3537 1775 3608 θαυμάζων

188 3634 286 3686 καὶ
312 3631 637 3706 προσκυνῶν
659 3631 1008 3702 διεξέρχεται,
1041 3634 1165 3694 τοὺς
1194 3633 1249 3684 δὲ
1279 3631 1496 3702 ἑτέρους
1530 3629 1775 3700 ψαλμοὺς

185 3727 268 3788 ὡς
305 3726 468 3788 ἰδίους
492 3726 650 3788 ὄντας
681 3724 869 3793 λόγους
918 3722 1300 3792 ἀναγινώσκει·
1356 3723 1456 3776 καὶ
1507 3723 1536 3773 6
1566 3720 1777 3774 ἀκούων

189 3821 247 3872 δὲ
277 3821 354 3882 ὡς
393 3817 554 3881 αὐτὸς
585 3816 760 3885 λέγων
809 3816 1226 3881 κατανύσσεται,
1255 3815 1350 3868 καὶ
1381 3813 1779 3869 συνδιατίθεται

192 3912 308 3974 τοῖς
341 3910 449 3964 τῶν
486 3910 639 3979 ᾠδῶν
673 3910 929 3980 ῥήμασιν,
979 3908 1054 3972 ὠς
1085 3908 1220 3962 ἰδίαν
1273 3907 1442 3962 όντων
1476 3906 1642 3961 αὑτοῦ
1681 3909 1776 3979 (9).

193 4002 584 4074 Σαφηνείαςδὲ
613 4001 769 4072 χάριν
801 4002 902 4054 οὐκ
952 4000 1229 4072 ὀκνητέον,
1277 4001 1417 4054 κατὰ
1459 4002 1550 4055 τὸν
1599 4001 1777 4073 μακά-

198 4111 316 4165 ριον
389 4092 731 4156 Ἀπόστολον,
791 4091 1200 4146 ὲπαναλαϐόντα
1254 4093 1315 4145 τὸ
1376 4092 1507 4146 αὐτὸ
1578 4091 1774 4161 λέγειν.

195 4186 448 4239 Πλεῖστοι
485 4183 632 4253 λόγοι
661 4183 769 4238 τῶν
791 4183 1142 4256 πατριαρχῶν
1174 4186 1315 4250 εἰσι,
1347 4186 1441 4237 καὶ
1477 4184 1598 4238 ἴδιοι
1649 4186 1780 4255 παρ’

195 4279 376 4333 αὐτῶν
437 4277 734 4349 εἰρημένοι*
793 4279 886 4331 καὶ
943 4276 1183 4346 Μωῡσῆνς
1228 4277 1426 4340 ἐλάλει,
1478 4279 1506 4329 ό
1536 4277 1591 4329 δὲ
1650 4276 1782 4338 Θεδς

197 4372 552 4443 ἀπεκρίνατοο
609 4370 790 4432 Ἠλίας
841 4387 901 4423 τε
950 4370 1045 4424 καὶ
1085 4370 1385 4432 Ἐλισσαῖος
1422 4370 1599 4422 ὲπὶτὸ
1633 4371 1782 4439 Καρ-

201 4463 393 4534 μήλιον
420 4463 545 4534 ὄρος
568 4463 864 4532 καθήμενοι
911 4462 1273 4516 ἐπεκαλοῦντο
1307 4463 1396 4514 τὸν
1429 4462 1654 4532 Κύριον,
1687 4462 1781 4514 καὶ

1868 1979 2135 2049 fugientes
2168 1980 2348 2035 dicere
2377 1989 2664 2050 oporteat,
2702 1981 2891 2051 quales
2925 1981 2980 2035 in
3023 1982 3437 2052 persecutione,

1866 2071 2056 2140 quales
2102 2081 2224 2140 post
2277 2073 2712 2141 persecutionem
2769 2074 2939 2142 erepti
2995 2071 3107 2128 Deo
3161 2089 3442 2131 sermones

1867 2155 2108 2226 proferre
2142 2158 2458 2214 debeamus.
2505 2158 2768 2214 Jubemur
2801 2159 3034 2216 Domino
3080 2163 3400 2220 benedicere
3425 2207 3440 2232 ,

1867 2245 2097 2304 Domino
2125 2249 2405 2316 conﬁteri;
2443 2259 2498 2303 at
2544 2252 2597 2304 in
2652 2251 2883 2309 Psalmis
2929 2251 3291 2310 informamur
3332 2273 3442 2327 qua

1866 2341 2079 2395 ratione
2119 2339 2289 2396 Deum
2336 2341 2560 2398 laudare
2591 2352 2842 2412 oporteat
2863 2386 2878 2412 ,
2924 2346 3232 2418 quibusque
3262 2350 3442 2405 verbis

1866 2433 2120 2488 decenter
2165 2432 2541 2489 conﬁteamur.
2595 2433 2739 2501 Quin
2789 2446 2843 2490 et
2889 2438 3120 2508 singulis
3168 2441 3223 2494 in
3279 2441 3444 2498 rebus

1867 2526 2101 2595 quisque
2131 2525 2366 2595 reperiet
2395 2527 2578 2582 divina
2609 2528 2822 2583 cantica
2862 2530 2929 2584 ad
2974 2546 3074 2588 nos
3113 2541 3444 2605 nostrosque

1867 2626 2051 2672 motus
2077 2625 2440 2688 motuumque
2470 2619 2891 2688 temperationes
2916 2625 3347 2682 accommodata.

1939 2708 2026 2764 11.
2057 2707 2270 2762 Etenim
2301 2709 2406 2764 hoc
2430 2726 2651 2780 quoque
2680 2728 2874 2768 rursus
2919 2715 2974 2770 in
3001 2714 3235 2772 Psalmis
3267 2717 3445 2776 admi-

1867 2801 2120 2865 randum,
2144 2801 2286 2870 quod
2317 2799 2371 2853 in
2403 2800 2525 2855 aliis
2556 2801 2773 2869 quidem
2799 2803 2983 2868 libris,
3021 2819 3140 2873 qua:
3168 2805 3344 2860 sancti
3380 2806 3448 2860 de

1868 2892 2192 2963 quibusdam
2228 2892 2454 2957 dicunt,
2484 2893 2599 2947 haec
2641 2893 2758 2963 ipsa
2790 2894 2884 2964 qui
2917 2894 3136 2965 legunt,
3164 2896 3230 2950 ad
3253 2910 3349 2951 eos
3380 2897 3448 2951 de

1868 2983 2067 3053 quibus
2126 2983 2384 3038 dicuntur
2439 2984 2710 3049 referant;
2761 2995 2816 3042 et
2861 2988 2953 3058 qui
3009 2989 3274 3053 audiunt,
3328 3005 3449 3046 sese

1869 3077 2007 3130 alios
2051 3077 2368 3131 existiment
2411 3078 2480 3132 ab
2521 3078 2587 3134 iis
2622 3079 2690 3134 de
2730 3080 2932 3149 quibus
2976 3096 3156 3136 sermo
3197 3082 3448 3149 habetur,

1873 3167 1946 3221 ita
1981 3175 2042 3221 ut
2081 3183 2204 3237 qua:
2236 3178 2386 3238 gesta
2413 3169 2670 3224 dicuntur
2694 3211 2710 3236 ,
2751 3170 3099 3228 admirationi
3138 3172 3314 3228 solum
3347 3174 3450 3230 ha-

1876 3261 2038 3315 beant
2066 3269 2120 3314 et
2153 3260 2417 3317 imitanda
2464 3262 2568 3318 sibi
2598 3272 2923 3333 proponant.
2961 3263 3028 3318 At
3056 3264 3254 3322 librum
3285 3265 3452 3321 istum

1873 3353 1968 3421 qui
2001 3352 2189 3418 sumit,
2240 3353 2552 3424 prophetias
2586 3354 2805 3424 quidem
2842 3355 2910 3409 de
2956 3355 3267 3423 Salvatore,
3299 3366 3360 3412 ut
3397 3360 3452 3414 in

1876 3445 1998 3500 aliis
2049 3445 2350 3514 Scripturis
2401 3460 2555 3499 more
2603 3445 2765 3500 solito
2809 3460 2933 3501 cum
2990 3447 3351 3506 admiratione
3398 3459 3454 3506 et

1875 3539 2188 3593 adoratione
2235 3537 2503 3605 percurrit
2543 3554 2558 3592 :
2612 3536 2749 3592 alios
2792 3552 2924 3594 vero
2965 3539 3207 3609 psalmos
3232 3579 3246 3605 ,
3292 3543 3452 3611 quasi

1875 3630 2126 3700 proprios
2157 3627 2261 3682 sibi
2304 3642 2587 3685 sermones
2626 3629 2794 3700 legit;
2831 3630 2922 3702 qui
2964 3641 3145 3686 autem
3180 3632 3411 3687 audierit
3434 3672 3452 3698 .

1877 3721 2035 3792 quasi
2089 3721 2206 3775 bch
2261 3720 2452 3774 eadem
2501 3721 2615 3795 ipse
2668 3720 2980 3792 proferret,
3026 3724 3451 3794 compungitur,

1879 3823 2040 3882 atque
2070 3812 2144 3866 ita
2175 3813 2511 3868 canticorum
2555 3811 2736 3866 verbis
2764 3811 3018 3878 adicitur,
3046 3814 3202 3883 quasi
3235 3829 3334 3870 sua
3366 3830 3455 3870 es-

1880 3913 2019 3959 sent.
2069 3903 2462 3974 Explicationis
2503 3919 2706 3968 causa,
2751 3919 2819 3959 ne
2847 3919 3173 3974 gravemur,
3207 3907 3455 3976 exemplo

1880 3996 2022 4052 beati
2051 3995 2205 4051 Pauli
2233 3997 2488 4068 apostoli,
2516 3996 2751 4068 idipsum
2778 4008 3041 4068 repetere.
3065 3998 3312 4054 Plurima
3329 4010 3460 4055 sunt

1881 4086 2315 4156 patriarcharum
2361 4087 2523 4142 verba
2564 4087 2698 4157 ipsis
2736 4088 2955 4156 propria
3012 4106 3024 4141 :
3068 4103 3192 4142 nam
3243 4087 3456 4160 Moyses

1881 4179 2223 4249 loquebatur,
2259 4189 2313 4233 et
2347 4178 2491 4234 Deus
2527 4179 2928 4248 respondebat;
2963 4178 3109 4236 Elias
3147 4191 3202 4238 et
3229 4179 3457 4239 Elisaeus

1883 4270 1937 4325 in
1972 4269 2222 4326 Carmelo
2249 4277 2434 4323 monte
2481 4269 2733 4326 sedentes
2765 4269 3056 4326 Dominum
3094 4273 3451 4337 invocabant,

1882 4360 2243 4429 dicebantque
2266 4375 2479 4429 semper
2512 4378 2526 4415 :
2567 4360 2703 4414 Vivit
2741 4361 3020 4429 Dominus,
3062 4364 3117 4416 in
3153 4364 3305 4433 cujus
3336 4382 3457 4419 con-

1885 4461 2060 4522 spectu
2091 4452 2239 4505 astiti
2263 4453 2417 4506 hodie
2450 4452 2512 4504 “.
2545 4451 2791 4506 Aliorum
2824 4453 2952 4509 item
2983 4464 3298 4510 sanctorum
3328 4471 3457 4527 pro-

197 4554 289 4621 det
315 4552 520 4620 ἔλεγον·
567 4550 654 4620 Ζῇ
679 4553 911 4620 Κύριος,
945 4545 993 4617 ᾧ
1042 4551 1353 4620 παρέστην
1379 4550 1634 4604 ἐνώπιον
1678 4552 1769 4603 αὺ-

1885 4545 2172 4613 phetarum
2222 4543 2386 4597 verba
2447 4544 2502 4597 in
2554 4544 2748 4613 primis
2809 4545 3029 4614 quidem
3072 4545 3140 4600 de
3177 4546 3458 4603 Salvatore

197 4644 305 4699 τοῦ
352 4642 639 4712 σήμερον.
675 4644 742 4696 Οἵ
794 4661 854 4696 τε
905 4643 1014 4696 τῶν
1043 4644 1217 4697 ἄλλων
1263 4643 1434 4712 ἁγίων
1484 4641 1779 4713 προφητῶν

197 4736 347 4805 λόγοι
380 4736 778 4808 προηγούμενοι
808 4736 905 4806 μέν
962 4739 1098 4789 εἰσιν
1143 4736 1192 4788 οἰ
1231 4736 1358 4806 περί
1389 4734 1480 4787 τοῦ
1505 4735 1774 4804 Σωτῆρος⁸

199 4827 391 4880 ἔπειτα
419 4825 476 4880 δὲ
499 4827 593 4879 καὶ
619 4825 858 4878 πλεῖστοι
885 4827 1139 4895 γεγόνασι
1167 4829 1278 4889 τοῖς
1299 4843 1357 4878 τε
1383 4825 1558 4878 ἔθνεσι
1585 4827 1677 4878 καί
1704 4825 1778 4895 τῷ

213 4917 450 4989 Ἰσραήλ.
475 4917 582 4970 Καὶ
615 4917 763 4988 ὅμως
791 4918 966 4981 οὐδεὶς
1001 4917 1124 4971 οὕτε
1157 4917 1266 4971 τῶν
1314 4916 1662 4988 πατριαρχῶν
1686 4917 1776 4970 λό-

201 5026 331 5076 γους
364 5009 441 5072 ὡς
476 5010 640 5072 ἰδίους
666 5011 730 5064 άν
757 5027 887 5063 ποτε
911 5010 1075 5077 εἴποι,
1107 5009 1230 5063 οῦτε
1273 5010 1533 5081 τολμήσοι
1559 5026 1642 5073 τις
1694 5029 1780 5078 μι-

205 5101 484 5171 μήσασθαι
518 5102 611 5155 καὶ
635 5103 807 5155 εἰπεῖν
845 5102 914 5155 τὰ
941 5102 1222 5166 Μωῡσέως
1252 5102 1358 5156 ἴδια
1386 5103 1629 5172 ῥήματα,
1660 5102 1781 5160 οὐδὲ

199 5193 295 5246 τοῦ
339 5192 588 5265 Ἀϐραὰμ
623 5195 750 5265 περὶ
795 5193 889 5246 τοῦ
920 5193 1228 5263 οἰκογενοῦς
1275 5193 1367 5245 καὶ
1425 5193 1518 5245 τοῦ
1555 5192 1780 5264 Ἰσμαὴλ

205 5283 378 5337 καὶτὰ
403 5285 532 5355 περὶ
557 5283 653 5337 τοῦ
680 5285 915 5356 μεγάλου
949 5285 1153 5349 Ἰσαάκ,
1209 5284 1311 5337 κᾶν
1365 5286 1397 5355 η
1451 5285 1588 5356 αὑτὴ
1623 5284 1780 5356 χρεία

205 5372 331 5424 τινὰ
357 5377 450 5428 καὶ
473 5376 685 5447 ἀνάγκη
713 5375 1017 5448 καταλάϐῃ,
1049 5375 1323 5446 τολμήσας
1359 5376 1422 5427 ἄν
1444 5393 1525 5438 τις
1567 5377 1642 5439 ὡς
1675 5375 1780 5428 ίδια

207 5463 371 5514 εἴποι.
413 5464 508 5517 Ἂν
530 5466 588 5520 δὲ
619 5466 711 5520 καὶ
743 5466 1040 5538 συμπάσχῃ
1068 5481 1152 5528 τις
1203 5467 1314 5526 τοῖς
1367 5464 1653 5533 πάσχουσι,
1688 5464 1782 5516 καὶ

208 5552 376 5605 πόθον
409 5553 541 5605 ποτὲ
569 5557 709 5628 λάϐῃ
742 5553 845 5609 τοῦ
867 5556 1196 5626 κρείττονος,
1226 5554 1410 5607 οὔποτ’
1453 5553 1518 5606 ἂν
1546 5552 1687 5606 εἴποι
1709 5553 1783 5616 ὡς

281 5665 322 5698 ⁸⁸
352 5664 512 5721 Rom.
543 5680 594 5728 ν,
631 5668 744 5724 3.3.
861 5669 901 5700 “
938 5667 1170 5722 lTliess.
1209 5684 1259 5734 ν,
1299 5669 1382 5722 18.

211 5751 409 5801 xxxm,
434 5736 520 5792 15.
595 5736 637 5768 ¹⁶
664 5736 827 5795 Exod.
863 5755 1027 5802 xxxn,
1052 5738 1139 5792 52.

287 5825 359 5895 (9)
412 5827 578 5884 ’ἰδίων
605 5829 765 5882 αὑτοῦ
793 5833 977 5885 όντων.

1482 5668 1524 5698 ¹³
1558 5665 1598 5719 ll
1632 5665 1773 5722 Tim.
1820 5682 1901 5737 III,
1947 5670 2028 5725 12.

1887 4643 2016 4690 sunt
2041 4654 2055 4690 :
2087 4635 2283 4690 deinde
2307 4635 2541 4705 plurima
2570 4636 2715 4692 dicta
2739 4647 2866 4692 sunt
2896 4637 3148 4706 gentibus
3173 4648 3226 4694 et
3249 4638 3455 4695 lsraeli.

1885 4730 2138 4785 Attamen
2186 4744 2348 4784 nemo
2382 4744 2628 4800 unquam
2675 4730 3112 4800 patriarcharum
3155 4732 3351 4798 verba,
3400 4745 3461 4789 ut

1886 4822 1988 4877 sibi
2025 4822 2242 4892 propria
2271 4822 2487 4878 locutus
2523 4821 2685 4877 fuerit
2712 4841 2725 4876 :
2764 4838 2940 4893 neque
2959 4822 3163 4895 Moysis
3191 4825 3376 4890 verba,
3400 4835 3460 4880 ut

1886 4912 2102 4982 prepria
2131 4912 2332 4967 imitari
2367 4912 2720 4984 proferreque
2763 4929 2931 4970 ausus
2957 4913 3139 4982 fuerit,
3157 4931 3256 4972 nec
3284 4916 3456 4970 Abra-

1887 5005 2033 5060 hami
2062 5005 2128 5060 de
2155 5021 2344 5072 verna,
2371 5015 2424 5060 et
2451 5005 2518 5061 de
2544 5004 2790 5070 lsmaele,
2832 5015 2887 5061 et
2919 5007 2984 5061 de
3015 5022 3212 5077 magno
3238 5006 3454 5073 lsaaco,

1886 5094 2138 5162 quamvis
2170 5096 2360 5150 eadem
2390 5095 2508 5164 ipsa
2548 5095 2879 5150 necessitate
2911 5104 3207 5166 prematur.
3259 5095 3367 5151 Nec
3411 5099 3462 5155 si

1887 5187 2012 5256 quis
2041 5187 2370 5256 patientibus
2400 5188 2761 5256 compatiatur
2786 5227 2801 5252 ,
2844 5195 2940 5242 aut
2985 5188 3062 5242 rei
3096 5189 3334 5245 melioris
3368 5191 3462 5244 de-

1888 5280 2092 5335 siderio
2120 5289 2404 5345 teneatur,
2435 5296 2678 5351 unquam
2719 5281 2917 5336 dixerit
2961 5291 3023 5336 ut
3059 5279 3272 5352 Moyses
3305 5297 3319 5333 :
3362 5281 3464 5337 Os-

1890 5369 2039 5421 tende
2082 5370 2210 5423 milti
2251 5371 2471 5440 teipsum
2496 5372 2583 5437 ης
2631 5372 2749 5436 vel,
2780 5371 2842 5426 Si
2884 5372 3097 5442 quidem
3126 5375 3350 5427 remittis
3387 5375 3464 5430 eis

1890 5463 2160 5526 peccatum
2206 5478 2422 5528 eorum,
2470 5464 2711 5527 remitte;
2746 5465 2830 5517 sin
2870 5464 3077 5528 minus,
3116 5463 3230 5518 dele
3277 5481 3357 5518 me
3399 5465 3463 5520 de

1892 5551 2028 5605 libro
2076 5562 2184 5621 tuo,
2232 5572 2383 5624 quem
2428 5555 2692 5626 scripsisti
2722 5555 2781 5610 “.
2835 5556 2943 5612 Sed
2989 5571 3091 5611 nec
3126 5556 3463 5627 quisquam,

2137 5671 2178 5703 ⁸⁵
2209 5670 2273 5728 ll]
2294 5673 2424 5744 Reg.
2452 5686 2583 5739 xvn,
2617 5670 2774 5740 l;iV
2807 5669 2940 5742 Reg.
2974 5686 3056 5739 III,
3083 5670 3170 5726 Η.
3223 5669 3265 5702 ¹⁸
3285 5669 3462 5731 Exod.
