4032 6436
584 393 655 447 25
1427 394 1485 445 S.
1537 394 1903 448 ATHANASII
1946 396 2091 450 OPP.
2138 396 2316 452 PARS
2357 394 2443 449 lll.
2488 429 2551 435 —
2592 396 2998 453 EXEGETICA.
3735 400 3807 450 24

587 506 970 578 prophetarum
998 508 1159 563 verba
1188 519 1246 562 ut
1278 512 1493 579 propria
1519 527 1812 581 usurpans,
1849 512 1936 567 his
1966 529 2144 581 repre-

2263 516 2513 584 ιΙωῦσῆς·
2566 514 2928 583 Ἐμφάνισόν
2956 531 3052 582 μοι
3086 514 3383 567 σεαυτόιυ
3431 514 3463 581 ἦ
3518 514 3695 568 πάλιν⁹
3740 517 3809 568 El

587 598 853 663 lienderit,
883 599 964 652 vel
1011 599 1305 653 laudaverit
1350 616 1442 654 eos
1484 602 1573 669 qui
1625 602 1821 657 similia
1876 602 2139 668 fecerint,

586 691 783 765 quibus
841 690 939 759 ipsi
981 690 1481 759 reprehenderunt,
1518 694 2012 763 laudavcruntque;
2052 711 2145 747 ne-

586 797 691 851 que
719 782 849 835 illud
885 797 897 832 :
942 781 1075 835 Vivit
1112 781 1384 846 Dominus,
1404 783 1455 835 in
1496 784 1645 851 cujus
1678 797 1953 853 conspectu
1992 785 2144 838 hodie

586 883 689 937 ato,
715 885 775 928 ut
807 872 1082 942 proprium
1112 873 1215 928 sibi
1242 889 1543 927 sermonem
1571 874 1770 929 imitari
1792 890 2141 945 praesumpse-

580 963 678 1021 °rit.
723 964 928 1021 Etenim
975 965 1167 1036 legenti
1220 966 1387 1023 libros
1437 968 1779 1036 perspicuum
1808 978 2008 1031 est,se
2056 967 2142 1019 illa

588 1056 774 1121 verba,
802 1072 909 1109 non
934 1064 993 1109 ut
1022 1056 1260 1125 propria,
1294 1054 1386 1109 sed
1428 1065 1485 1110 ut
1516 1064 1827 1110 sanctorum
1863 1064 1915 1111 et
1957 1070 2142 1111 eorum

590 1146 682 1214 qui
723 1161 821 1216 per
843 1148 943 1201 ista
968 1145 1366 1214 signiﬁcantur,
1392 1146 1653 1215 proferre.
1687 1147 1756 1200 At
1785 1148 1877 1217 qui
1901 1144 2149 1203 Psalmos

592 1238 747 1309 legit,
779 1252 866 1292 res
907 1238 1043 1290 mira
1064 1278 1079 1302 ,
1125 1247 1243 1306 post
1275 1237 1583 1307 pr0pbetias
1624 1253 1744 1307 quae
1772 1238 1839 1291 de
1871 1237 2147 1293 Salvatore

590 1328 735 1381 etde
759 1328 1007 1396 gentibus
1050 1335 1216 1391 sunt,
1252 1326 1459 1397 reliqua
1491 1335 1749 1397 tanquam
1788 1328 1890 1382 sibi
1931 1328 2148 1398 propria

594 1419 753 1472 verba
794 1418 1064 1487 loquitur,
1108 1426 1161 1471 et
1200 1433 1263 1471 ca
1296 1418 1451 1486 quasi
1496 1418 1562 1473 de
1603 1433 1661 1473 se
1705 1420 1903 1487 scripta
1935 1428 2147 1483 essent,

592 1511 822 1579 quisque
847 1510 1053 1579 psallit,
1082 1524 1181 1564 nec
1214 1510 1367 1579 quasi
1412 1509 1550 1565 alius
1585 1524 1650 1564 ea
1679 1510 1847 1576 dicat,
1883 1510 1965 1564 vel
1993 1511 2150 1579 quasi

594 1602 758 1655 alium
795 1601 1125 1671 signiﬁcent,
1157 1615 1219 1654 ea
1258 1600 1451 1669 accipit
1474 1609 1527 1654 et
1560 1602 1865 1670 percurrit;
1900 1601 1992 1656 sed
2029 1616 2151 1670 per-

595 1692 717 1746 inde
763 1692 990 1746 allicitur
1028 1700 1189 1761 atque
1228 1692 1273 1745 si
1309 1692 1421 1760 ipse
1444 1691 1511 1745 de
1538 1706 1597 1746 se
1628 1692 1923 1761 loquatur;
1954 1700 2008 1745 et
2033 1707 2152 1761 qua:

594 1784 867 1846 dicuntur,
908 1783 1061 1853 quasi
1096 1783 1209 1850 ipse
1250 1782 1419 1850 egerit
1449 1790 1502 1835 et
1527 1797 1589 1836 ex
1623 1799 1679 1837 se
1714 1783 1826 1853 ipse
1859 1783 2112 1853 loquatur
2134 1823 2151 1850 ,

2238 608 2355 675 μὲν
2381 606 2540 675 ἀφῇς
2564 607 2769 671 αὐτοῖς
2818 605 2933 673 τὴν
2968 606 3278 673 ἁμαρτίαν,
3336 605 3501 673 ἄφειγ
3534 608 3583 658 εὶ
3635 606 3810 674 δὲμὴ

2242 698 2419 765 ἀρεῖς,
2447 697 2770 765 ἐξάλειψόν
2788 714 2864 765 με
2886 698 2952 750 ἐκ
2986 695 3093 763 τῆς
3118 698 3336 759 ,βίϐλου
3364 712 3500 759 σου,
3529 692 3604 764 ἧς
3640 696 3814 765 ἔγρα-

2242 791 2380 854 ψας.
2434 785 2570 837 Ἀλλ’
2594 786 2732 847 οὐδὲ,
2767 785 2864 849 τάς
2896 785 3001 838 τῶν
3054 785 3342 857 προφητῶν
3392 802 3474 847 τις
3520 784 3813 853 λαμϐάνων

2243 875 2317 937 ὡς
2335 876 2438 928 ἴδια
2467 878 2706 947 ῥήματα,
2740 874 3013 947 μέμψαιτό
3034 892 3116 937 τις
3138 876 3169 944 ἣ
3189 874 3487 927 ἐπαινέσειε
3508 875 3715 938 τούτοις
3745 874 3815 927 τὰ

2245 966 2404 1035 ὃμοια
2425 967 2758 1039 πράξαντας.
2786 963 2867 1031 οἷς
2898 967 3211 1037 ἐμέμψαντο
3236 967 3328 1018 καὶ
3380 965 3646 1034 ἐπῄνεσαν
3668 968 3814 1018 ἐκεῖ·

2244 1077 2341 1113 νοι·
2374 1059 2492 1113 οὐδὲ
2516 1060 2595 1125 τὸ,
2621 1058 2708 1127 Ζῇ
2728 1061 2959 1126 Κύριος,
2979 1052 3027 1125 ᾧ
3056 1056 3365 1125 παρέστην
3400 1057 3655 1112 ἐνώπιον
3707 1059 3817 1110 αὺ-

2244 1151 2349 1207 τοῦ
2378 1149 2663 1219 σήμερον,
2693 1152 2997 1220 μιμήσηται
3027 1148 3090 1201 ἄν
3148 1163 3231 1211 τις
3258 1150 3429 1199 εἰπεῖν
3458 1149 3531 1211 ὡς
3569 1148 3697 1200 ἴδιον
3727 1147 3817 1199 λό-

2245 1248 2356 1302 γον.
2390 1233 2497 1285 Καὶ
2526 1232 2635 1303 γάρ
2664 1232 2756 1285 καὶ
2785 1232 2814 1282 ὁ
2842 1232 3179 1299 ἐντυγχάνων
3199 1232 3316 1292 ταῖς
3352 1228 3552 1297 βίϐλοις
3582 1230 3815 1299 φανερός

2247 1323 2361 1375 ἐστι
2416 1324 2488 1393 μὴ
2517 1322 2591 1385 ὡς
2619 1322 2798 1384 ἰδίους.
2827 1322 2962 1375 ἀλλὰ
2983 1321 3092 1374 τῶν
3114 1316 3281 1388 ἁγίων
3311 1320 3406 1373 καὶ
3430 1322 3535 1374 τῶν
3589 1321 3655 1374 δι’
3711 1322 3816 1373 αὺ-

2247 1414 2355 1467 τῶν
2378 1414 2721 1484 δηλουμένων
2744 1414 2916 1482 λέγων
2940 1414 3066 1476 τοὺς
3087 1412 3295 1481 λόγους.
3323 1413 3459 1477 Τοὺς
3486 1412 3544 1465 δέ
3568 1429 3631 1480 γε
3664 1412 3818 1466 Ψαλ-

2253 1507 2403 1575 μοὺς,
2429 1506 2490 1557 τὸ
2517 1488 2836 1574 παράδοξον,
2870 1504 3006 1575 μετὰ
3032 1504 3129 1566 τὰς
3171 1504 3297 1574 περὶ
3328 1502 3419 1556 τοῦ
3449 1504 3691 1575 Σωτῆρος
3722 1503 3820 1557 καὶ

2249 1600 2356 1652 τῶν
2386 1598 2556 1652 ἐθνῶν
2581 1598 2913 1670 προφητείας
2946 1601 2973 1651 ὀ
2997 1598 3167 1665 λέγων
3189 1596 3256 1649 τά
3280 1597 3413 1651 ἄλλα
3442 1598 3518 1660 ὡς
3578 1598 3682 1650 ἴδια
3718 1602 3817 1670 ρή-

2254 1708 2398 1761 ματα
2449 1689 2623 1743 λαλῶν
2679 1691 2815 1752 ἐστι,
2871 1691 2964 1742 καὶ¹
2994 1690 3069 1752 ὼς
3118 1689 3246 1760 περὶ
3288 1689 3449 1741 αὑτοῦ
3509 1689 3821 1759 γραφέντας

2253 1782 2447 1844 αὐτοὺς
2474 1781 2703 1843 ἕκαστος
2725 1780 2935 1849 ψάλλει,
2962 1780 3055 1833 καὶ⁵
3094 1781 3191 1850 οὐχ
3239 1780 3313 1843 ὡς
3355 1781 3538 1850 ἐτέρου
3571 1780 3822 1846 λέγοντος

597 1872 705 1927 Deo
747 1873 930 1927 refert.
982 1870 1328 1945 Nequaquam
1372 1876 1514 1929 enim
1562 1876 1650 1929 illa
1689 1890 1783 1929 ceu
1816 1875 2151 1945 patriarcha-

2263 1872 2286 1943 ἢ
2316 1872 2442 1943 περὶ
2465 1870 2648 1943 ἐτέρου
2684 1871 3034 1941 σημαίνοντος
3055 1870 3288 1941 δέχεται,
3318 1871 3411 1923 καὶ
3451 1870 3817 1941 διεξέρχεται·

598 1982 740 2028 tum,
792 1974 886 2019 aut
935 1965 1154 2035 Moysis,
1217 1968 1513 2021 aliorumve
1557 1968 1939 2037 prophetarum
1988 1967 2151 2021 verba

599 2070 859 2125 usurpare
898 2054 1254 2110 reformidat:
1304 2056 1398 2109 sed
1441 2070 1606 2125 quam
1657 2055 1889 2108 maxime
1934 2064 1993 2108 ut
2030 2069 2155 2124 pro-

597 2148 712 2215 pria
745 2154 798 2200 et
829 2146 896 2201 de
947 2148 1127 2217 scipso
1156 2148 1355 2215 scripta
1398 2146 1514 2200 haec
1552 2146 1734 2200 dicere
1759 2146 1996 2214 psallens
2024 2159 2157 2199 con-

598 2236 733 2290 ﬁdit.
768 2234 899 2291 Nam
946 2236 1147 2292 Psalmi
1193 2249 1299 2291 tam
1344 2238 1461 2307 ejus
1487 2236 1580 2306 qui
1628 2246 1891 2306 praacepta
1924 2237 2159 2292 servavit

598 2342 758 2397 quam
800 2330 917 2398 ejus
958 2331 1051 2399 qui
1095 2329 1478 2399 prmvaricatus
1522 2339 1636 2392 est,
1679 2330 1961 2399 utriusque
2008 2339 2156 2399 gesta

602 2422 899 2475 continent.
942 2419 1173 2476 Necesse
1225 2432 1402 2477 autem
1456 2431 1539 2476 est
1585 2423 1833 2492 quemvis
1883 2422 2154 2476 hominem

600 2512 912 2565 alterutrius
953 2512 1280 2568 conditionis
1328 2524 1485 2574 esse,
1539 2520 1702 2580 atque
1753 2512 1827 2565 ita
1877 2510 2039 2564 verba
2090 2508 2159 2563 de

603 2603 845 2672 utrisque
879 2603 1053 2671 posita
1086 2604 1268 2672 loqui,
1296 2602 1379 2655 vel
1417 2601 1462 2656 si
1488 2612 1750 2673 przecepta
1781 2602 2043 2664 servarit,
2076 2600 2158 2656 vel

603 2696 646 2747 si
678 2704 1091 2765 przetergressus
1119 2695 1208 2749 sit.

2253 1962 2366 2016 ἀλλ’
2402 1962 2477 2025 ὡς
2509 1962 2667 2025 αὐτὸς
2696 1962 2823 2034 περὶ
2846 1961 3011 2016 αὑτοῦ
3052 1961 3225 2015 λαλῶν
3270 1961 3585 2015 διατίθεταιο
3614 1962 3709 2013 καὶ
3733 1957 3825 2014 οἶά

2254 2056 2460 2109 ἐστιτὰ
2489 2056 2775 2126 λεγόμενα,
2819 2055 2993 2109 ταῦτα
3046 2056 3120 2119 ὡς
3176 2055 3335 2118 αὐτὸς
3381 2056 3592 2126 πράξας
3627 2057 3720 2109 καὶ
3762 2054 3826 2119 ἐξ

2255 2147 2445 2201 ἑαυτοῦ
2476 2148 2651 2201 λαλῶν
2696 2151 2955 2220 ἀναφέρει
2982 2148 3057 2218 τῷ
3085 2149 3221 2219 Θεῷ.
3251 2148 3326 2201 Οὐ
3372 2148 3478 2219 γὰρ
3506 2147 3581 2212 ὡς
3620 2148 3688 2201 τὰ
3711 2146 3826 2200 τῶν

2258 2240 2609 2313 πατριαρχῶν
2637 2241 2873 2312 ῥήματα,
2910 2241 3003 2292 καὶ
3024 2240 3316 2303 Μωῦσέως,
3361 2240 3451 2293 καὶ
3498 2239 3605 2292 τῶν
3647 2238 3826 2293 ἄλλων

2256 2332 2571 2403 προφητῶν,
2618 2331 3043 2401 εὐλαϐηθήσεται
3088 2331 3182 2383 καὶ
3208 2328 3396 2383 ταῦτα·
3427 2330 3559 2382 ἀλλὰ
3596 2329 3688 2382 καὶ
3723 2329 3828 2399 μά-

2256 2423 2415 2477 λιστα
2445 2424 2520 2488 ὡς
2551 2424 2657 2477 ἴδια
2697 2423 2790 2475 καὶ
2822 2424 2947 2493 περὶ
2989 2421 3179 2475 ἐαυτοῦ
3208 2421 3485 2492 γραφέντα
3518 2420 3706 2493 θαρσεῖ
3732 2419 3827 2473 λέ-

2260 2530 2369 2581 γων
2400 2517 2427 2567 δ
2458 2515 2673 2584 ψάλλων
2717 2514 2905 2567 ταῦτα.
2956 2514 3056 2565 Τὸν
3089 2513 3197 2584 γάρ
3251 2513 3559 2582 φυλάξαντα
3590 2510 3688 2581 τὴν
3737 2513 3827 2564 ὲν-

2259 2603 2442 2673 τολὴν,
2500 2606 2592 2657 καὶ
2644 2604 2963 2674 παραϐάντα
2999 2602 3232 2673 ταύτην,
3289 2604 3389 2671 τήν
3450 2619 3510 2655 τε
3565 2601 3826 2672 ἐκατέρου

2264 2697 2459 2767 πρᾶξιν
2496 2696 2839 2769 περιέχουσιν
2893 2696 2942 2747 οἱ
2975 2694 3213 2764 Ψαλμοί.
3276 2695 3509 2763 Ἀνάγκη
3543 2693 3599 2746 δέ
3645 2692 3829 2747 πάντα

601 2784 880 2858 ἄνθρωπον
905 2788 961 2838 ἐν
989 2785 1195 2850 τούτοις
1243 2785 1575 2857 συνέχεσθαι,
1624 2785 1775 2857 καὶῆ
1805 2786 1881 2849 ὼς
1907 2784 2213 2853 φυλάξαντα
2262 2789 2361 2859 τὴν
2404 2791 2640 2862 ἐντολὴν,
2682 2790 2714 2861 ἦ
2745 2788 2821 2852 ὡς
2879 2786 3197 2860 παραϐάντα
3226 2784 3449 2857 ταύτην,
3478 2785 3655 2853 λέγειν
3700 2786 3830 2849 τοὺς

603 2878 727 2948 περὶ
757 2878 982 2932 ἑκάστου
1016 2877 1426 2948 γεγραμμένους
1447 2877 1653 2944 λόγους.

676 2970 763 3022 12,
795 2970 970 3038 Atque
997 2969 1364 3037 mihiquidem
1392 2970 1623 3032 videtur,
1646 2968 1895 3039 psallenti
1919 2966 2164 3024 Psalmos

601 3079 723 3119 esse
760 3062 929 3115 instar
964 3061 1188 3130 speculi,
1217 3070 1276 3116 ut
1305 3071 1358 3115 et
1400 3062 1636 3132 seipsum
1678 3072 1729 3117 et
1766 3062 1969 3131 proprii
1998 3063 2163 3116 animi

2344 2970 2429 3041 ιβ’.
2458 2969 2565 3023 Καί
2598 2987 2686 3039 μοι
2734 2968 2879 3020 δοκεῖ
2915 2968 2992 3035 τῷ
3020 2966 3271 3035 ψάλλοντι
3322 2963 3566 3033 γίνεσθαι
3607 2962 3832 3028 τούτους

2269 3061 2453 3130 ὥσπερ
2480 3060 2782 3128 εἴσοπτρον.
2812 3058 2890 3120 είς
2915 3057 2974 3108 τὸ
3007 3058 3286 3109 κατανοεῖν
3323 3054 3417 3108 καὶ¹
3446 3054 3608 3109 αὐτὸν
3644 3057 3702 3109 ἐν
3734 3056 3835 3108 αὐ-

606 3163 783 3208 motus
829 3154 881 3206 in
924 3153 1054 3223 ipsis
1081 3153 1497 3223 contempletur,
1524 3162 1687 3223 atque
1718 3152 1792 3207 ita
1823 3154 2047 3207 allectus
2071 3168 2161 3208 eos

2270 3152 2378 3213 τοῖς
2416 3149 2508 3201 καὶ
2535 3147 2603 3199 τὰ
2632 3148 2728 3218 τῆς
2762 3145 2955 3199 ἑαυτοῦ
2984 3145 3160 3216 ψυχῆς
3214 3146 3508 3216 κινήματα,
3538 3144 3632 3197 καὶ
3659 3144 3833 3209 οὕτως

600 3244 811 3298 recitet.
856 3240 1065 3295 Etenim
1114 3240 1206 3310 qui
1252 3240 1516 3311 legentem
1556 3239 1743 3302 audit,
1778 3239 1850 3292 ita
1891 3239 2163 3293 canticum

606 3332 831 3401 suscipit
871 3346 934 3385 ac
964 3331 1008 3385 si
1037 3330 1103 3383 de
1134 3344 1192 3383 se
1233 3329 1503 3384 diceretur
1534 3347 1549 3381 :
1578 3338 1631 3383 et
1659 3329 1745 3383 vel
1775 3328 1992 3397 propria
2036 3342 2164 3383 con-

604 3427 779 3479 victus
823 3422 1191 3484 conscientia,
1236 3430 1595 3489 compunctus
1635 3419 1949 3489 resipiscat;
1978 3419 2062 3472 vel
2103 3420 2167 3473 de

607 3531 702 3585 spe
734 3514 785 3567 in
813 3514 979 3568 Deum
1009 3512 1236 3568 audiens
1262 3514 1343 3566 vel
1384 3512 1451 3567 de
1476 3511 1678 3567 auxilio
1704 3511 2048 3565 credentibus
2070 3526 2164 3564 ex-

608 3608 798 3671 hibito,
848 3604 1005 3673 quasi
1046 3603 1148 3658 sibi
1196 3604 1556 3672 praeberetur,
1594 3602 1787 3672 gaudio
1834 3600 2166 3663 exsultabit,

607 3708 769 3765 atque
799 3696 999 3766 gratias
1040 3693 1149 3748 Deo
1192 3709 1352 3764 agere
1383 3693 1621 3762 incipiet.
1664 3692 1799 3749 Cum
1847 3694 2030 3763 itaque
2061 3704 2169 3748 ter-

610 3789 743 3840 tium
792 3787 1058 3856 psalmum
1104 3785 1372 3855 quispiam
1421 3785 1599 3845 canit,
1656 3799 1783 3839 suas
1834 3784 2169 3853 perpendens

608 3893 877 3933 :erumnas
899 3917 913 3941 ,
945 3878 1100 3946 quasi
1140 3892 1235 3932 sua
1267 3886 1479 3946 reputat
1510 3876 1654 3932 illius
1684 3876 1845 3933 verba
1878 3893 1891 3943 ;
1949 3876 2169 3931 undeci-

616 3984 764 4023 mum
813 3984 940 4023 vero
990 3978 1043 4022 et
1071 3968 1340 4023 decimum
1373 3980 1583 4022 sextum
1617 3968 1769 4037 quasi
1806 3969 1857 4020 in
1895 3969 2167 4037 propriam

611 4061 860 4115 ﬁduciam
884 4068 937 4114 et
958 4060 1256 4113 orationem
1286 4061 1633 4129 pronuntiat;
1662 4060 2167 4130 quinquagesimum

610 4161 823 4215 autem,
868 4150 1024 4220 quasi
1057 4149 1275 4219 propria
1321 4150 1651 4219 pcenitentize
1696 4166 1809 4204 sua:
1841 4149 2000 4203 verba
2050 4163 2171 4218 pro-

610 4244 733 4297 fert.
780 4242 915 4296 Cum
967 4257 1094 4295 vero
1142 4241 1324 4310 psallit
1361 4242 1868 4311 quinquagesimum
1916 4239 2169 4302 tertium,

610 4334 1118 4403 quinquagesimum
1148 4333 1420 4403 quintum,
1453 4333 1831 4395 centesimum,
1876 4331 2172 4401 quadrage—
2204 4369 2215 4380 .

614 4432 814 4485 simum
846 4430 1104 4498 primum,
1146 4443 1253 4480 non
1311 4428 1467 4496 quasi
1515 4426 1676 4491 alius,
1724 4426 1817 4479 sed
1863 4424 2018 4494 quasi
2058 4424 2173 4492 ipse

2268 3242 2584 3312 αἰσθόμενον
2632 3239 2994 3309 ἀπαγγέλλειν
3046 3239 3262 3301 αὐτούς.
3338 3240 3448 3291 Καὶ
3504 3237 3612 3309 γὰρ
3665 3239 3759 3291 καὶ
3805 3241 3834 3291 ὁ

2266 3334 2475 3387 ἀκούων
2514 3333 2606 3386 τοῦ
2633 3331 3092 3401 ἀναγινώσκοντος
3136 3332 3211 3395 ὡς
3247 3333 3372 3403 περὶ
3416 3328 3578 3383 αὑτοῦ
3606 3328 3833 3399 λεγομέ-

2267 3444 2361 3496 νην
2396 3427 2493 3497 τὴν
2532 3427 2672 3497 ᾠδὴν
2694 3427 3062 3495 καταδέχεται’
3123 3426 3216 3480 καὶ
3268 3426 3297 3495 ἢ
3348 3424 3699 3494 ἐλεγχόμενος
3729 3423 3834 3477 ὑπὸ

2265 3519 2358 3571 τοῦ
2404 3519 2696 3581 συνειδότος
2728 3518 3046 3585 κατανυγεὶς
3108 3517 3445 3587 μετανοήσει,
3484 3517 3518 3586 ἥ
3566 3515 3692 3585 περὶ
3736 3514 3836 3584 τῆς

2266 3611 2344 3672 εἰς
2375 3609 2504 3661 Θεὸν
2537 3610 2747 3671 ἐλπίδος
2772 3608 2983 3662 ἁκούων
3009 3609 3099 3661 καὶ
3134 3607 3233 3677 τῆς
3267 3609 3346 3670 εἰς
3399 3609 3525 3670 τοὺς
3553 3606 3835 3659 πιστεύον-

2266 3708 2363 3765 τας
2398 3702 2684 3772 γινομένης
2712 3702 3068 3771 ἀντιλήψεως,
3100 3699 3174 3763 ὡς
3217 3701 3296 3763 είς
3344 3699 3505 3754 αὐτὸν
3537 3698 3835 3769 γενομένης

2269 3794 2521 3866 τοιαύτης
2569 3795 2784 3866 χάριτος
2835 3793 3173 3861 ἁγαλλιᾶται,
3214 3792 3308 3845 καὶ
3356 3790 3695 3862 εὖχαριστεῖν
3736 3789 3836 3861 ἆρ-

2270 3904 2422 3957 χεται
2450 3887 2528 3957 τῷ
2554 3886 2691 3956 Θεῷ.
2728 3886 2853 3938 Ὀτε
2878 3884 3006 3954 γοῦν
3054 3885 3145 3937 τὸν
3190 3882 3368 3954 τρίτον
3403 3882 3593 3953 ψάλλει
3636 3898 3723 3944 τις
3755 3882 3837 3947 εἰς

2267 3977 2366 4039 τὰς
2402 3978 2537 4040 ίδίας
2591 3977 2797 4046 θλίψεις
2824 3976 3083 4049 συνορῶν,
3124 3976 3199 4039 ὡς
3228 3974 3389 4029 αὑτοῦ
3441 3970 3579 4027 εἶναι
3625 3973 3837 4042 νομίζει

2270 4068 2337 4121 τά
2366 4069 2423 4121 ἐν
2452 4068 2529 4138 τῷ
2577 4068 2777 4138 ψαλμῷ
2804 4070 3043 4139 ῥήματα⁸
3087 4068 3181 4120 καὶ
3222 4066 3342 4119 τότε
3378 4066 3469 4119 τὸν
3522 4071 3586 4118 ια’
3628 4065 3721 4117 καὶ
3744 4064 3836 4117 τδν

2274 4167 2346 4224 ις’
2380 4161 2455 4224 ὡς
2484 4162 2563 4223 εἰς
2601 4162 2699 4231 τὴν
2729 4161 2862 4213 ἰδίαν
2890 4159 3211 4229 πεποίθησιν
3233 4159 3327 4211 καὶ
3353 4158 3659 4228 προσευχήν
3688 4157 3835 4207 ἐστιν

2272 4250 2647 4319 ἀπαγγέλλων
2676 4252 2770 4304 καὶ
2793 4252 2883 4303 τὸν
2936 4253 3032 4321 μὲν
3072 4258 3113 4303 ν’
3156 4250 3371 4321 ψαλμὸν
3410 4251 3485 4313 ὡς
3517 4248 3679 4311 αὑτός
3717 4248 3836 4299 ἐστι

2272 4341 2337 4393 τὰ
2369 4340 2476 4393 ἴδια
2503 4340 2602 4410 τῆς
2629 4339 2912 4410 μετανοίας
2942 4338 3134 4393 ἑαυτοῦ
3176 4340 3346 4409 λέγων
3387 4341 3622 4409 ῥήματα·
3652 4336 3742 4389 τὸν
3780 4335 3837 4389 δέ

2273 4438 2373 4499 νγ’,
2414 4430 2508 4482 καὶ
2535 4429 2627 4482 τὸν
2657 4436 2748 4493 νε’,
2781 4430 2874 4482 καὶ
2902 4429 2991 4482 τὸν
3029 4437 3135 4494 νς,
3164 4430 3257 4482 καὶ
3282 4430 3373 4482 τὸν
3416 4428 3562 4500 ρμα’,
3586 4428 3673 4481 ὅτε
3702 4425 3840 4495 ψάλ-

616 4522 1040 4591 persecutionem
1093 4528 1386 4588 pateretur,
1434 4518 1511 4571 sic
1554 4516 1815 4581 afﬁcitur,
1848 4524 1901 4569 et
1938 4515 2018 4570 sic
2066 4516 2161 4567 ista

2273 4521 2352 4573 λει
2414 4537 2518 4587 τις,
2552 4521 2650 4590 οὐχ
2708 4521 2782 4583 ὡς
2821 4520 2982 4573 άλλου
3040 4520 3385 4590 διωκομένου,
3434 4518 3546 4573 ἀλλ’
3588 4518 3663 4580 ὠς
3706 4515 3782 4570 ὣν
3813 4518 3842 4571 ό

614 4614 814 4675 verba,
859 4610 1015 4681 quasi
1059 4610 1277 4681 propria
1321 4609 1447 4673 sibi,
1502 4610 1606 4663 Deo
1649 4609 1813 4663 canit.
1848 4610 1924 4663 Ac
1951 4608 2168 4662 demum

614 4707 845 4776 quisque
882 4703 1122 4772 psalmus
1163 4703 1236 4756 ita
1274 4717 1303 4755 a
1332 4700 1535 4771 Spiritu
1568 4700 1800 4755 dictatus
1832 4711 1991 4771 atque
2024 4716 2172 4756 com-

615 4793 826 4862 positus
855 4801 959 4855 est,
988 4799 1047 4844 ut
1076 4791 1129 4843 in
1160 4805 1225 4844 eo
1248 4830 1262 4852 ,
1291 4790 1746 4859 quemadmodum
1782 4806 1945 4860 supra
1969 4791 2170 4845 dictum

616 4893 718 4948 est,
753 4883 919 4936 animi
949 4881 1123 4936 nostri
1148 4891 1328 4936 motus
1354 4881 1847 4951 deprehendantur,
1879 4896 2173 4951 omnesque

616 4978 770 5047 quasi
802 4979 867 5032 de
894 4976 1052 5032 nobis
1075 4978 1267 5047 prolati
1292 4986 1345 5030 et
1372 4975 1515 5029 velut
1536 4977 1693 5029 nobis
1722 4976 1921 5043 proprii
1950 4975 2080 5040 sint,
2107 4974 2173 5027 ad

621 5071 1046 5126 recordationem
1088 5081 1331 5124 motuum
1383 5077 1696 5124 nostrorum
1728 5078 1779 5122 et
1824 5067 1893 5122 ad
1932 5068 2055 5121 vitae
2082 5084 2179 5121 no-

619 5175 746 5217 strae
775 5162 1226 5218 emendationem.
1247 5159 1378 5225 Quae.
1407 5159 1552 5213 enim
1586 5159 1874 5227 psallentes
1906 5157 2176 5221 dixerunt,

623 5254 735 5308 haec
762 5268 861 5323 pro
892 5251 1065 5307 forma
1096 5251 1252 5306 nobis
1280 5266 1401 5305 esse
1431 5258 1676 5321 possunt.

698 5534 783 5587 13.
867 5530 991 5586 llaec
1039 5544 1203 5600 porro
1238 5543 1432 5583 rursus
1483 5529 1652 5598 gratia
1699 5536 1782 5581 est
1840 5525 2175 5586 Salvatoris;

628 5628 789 5684 homo
843 5624 1039 5692 quippe
1083 5624 1304 5690 propter
1367 5632 1465 5672 nos
1503 5618 1696 5683 factus,
1726 5618 2003 5687 proprium
2056 5631 2177 5670 cor-

627 5733 727 5786 pus
779 5733 874 5785 pro
942 5714 1099 5769 nobis
1149 5714 1201 5765 in
1251 5723 1479 5766 mortem
1508 5710 1752 5773 -olitulit,
1792 5719 1851 5763 ut
1901 5723 2091 5763 omnes
2148 5721 2179 5761 ιι

627 5815 799 5862 morte
870 5804 1174 5860 redimeret.
1242 5801 1382 5869 Quin
1431 5812 1478 5857 et
1526 5802 1797 5856 cmlestem
1863 5798 2178 5870 probatissi-

2279 4613 2501 4681 πάσχων
2542 4612 2950 4677 συνδιατίθεται,
2992 4613 3084 4665 καὶ
3113 4611 3325 4682 ᾄδειτῷ
3356 4611 3544 4681 Κυρίῳ
3577 4610 3652 4672 ὡς
3677 4607 3840 4670 ἰδίους

2278 4706 2400 4767 τοὺς
2422 4704 2611 4772 λόγους
2660 4702 2898 4765 τούτους.
2940 4703 3047 4755 Καὶ
3073 4703 3205 4765 ὅλως
3243 4702 3410 4764 οὕτως
3442 4702 3670 4762 ἕκαστος
3697 4697 3839 4768 ψαλ-

2285 4796 2380 4865 μὸς
2413 4795 2562 4867 παρὰ
2598 4794 2689 4847 τοῦ
2746 4794 3057 4864 Πνεύματος
3117 4792 3326 4865 εἴρηταί
3383 4810 3443 4845 τε
3496 4791 3591 4845 καὶ
3649 4791 3839 4843 συντέ-

2282 4905 2498 4949 τακται,
2536 4887 2610 4951 ὡς
2669 4888 2728 4943 ἐν
2774 4887 2975 4947 αὐτοῖς,
3013 4884 3154 4938 καθὰ
3198 4883 3458 4953 πρότερον
3490 4882 3726 4953 εἴρηται,
3770 4878 3844 4931 τὰ

2282 4978 2557 5046 κινήματα
2604 4976 2700 5045 τῆς
2732 4974 2909 5045 ψυχῆς
2957 4974 3108 5045 ἡμῶν
3131 4971 3529 5035 κατανοεῖσθαι,
3565 4972 3657 5023 καὶ
3706 4969 3843 5023 πάν-

2276 5086 2373 5131 τας
2406 5069 2603 5130 αὐτοὺς
2629 5067 2703 5130 ὡς
2726 5068 2854 5139 περὶ
2884 5067 3036 5137 ἡμῶν
3086 5066 3354 5139 εἰρῆσθαι,
3388 5064 3482 5116 καὶ
3503 5059 3642 5114 εἶναι
3683 5060 3843 5131 ήμῶν

2276 5161 2471 5221 αὐτοὺς
2496 5159 2569 5221 ὡς
2603 5158 2767 5220 ἰδίους
2788 5158 2998 5225 λόγους,
3032 5158 3109 5218 εἰς
3136 5156 3436 5226 ἀνάμνησιν
3492 5151 3600 5205 τῶν
3628 5152 3685 5202 ὲν
3710 5152 3844 5220 ἡμῖν

2276 5251 2588 5320 κινημάτων
2649 5250 2741 5301 καὶ
2789 5248 3070 5319 διόρθωσιν
3111 5247 3210 5317 τῆς
3240 5246 3396 5317 ἡμῶν
3446 5242 3739 5305 πολιτείας.
3777 5242 3845 5292 ’Δ

2276 5343 2381 5413 γάρ
2414 5345 2461 5395 οἱ
2487 5342 2774 5411 ψάλλοντες
2830 5344 3100 5411 εἰρήκασι,
3135 5340 3305 5393 ταῦτα
3343 5338 3436 5391 καὶ
3474 5334 3630 5407 ἡμῶν
3651 5333 3842 5387 δύναν-

2279 5452 2366 5486 ται
2396 5434 2552 5486 τύποι
2579 5433 2671 5486 καὶ
2696 5434 3036 5505 χαρακτῆρες
3059 5430 3212 5486 εἶναι.

2359 5532 2445 5593 ιγ’.
2475 5524 2621 5595 Αὕτη
2651 5526 2707 5577 δὲ
2760 5525 2917 5577 πάλιν
2966 5523 3059 5576 τοῦ
3102 5521 3348 5592 Σωτῆρός
3402 5520 3553 5572 ἐστιν
3597 5512 3841 5584 ήχάρις·

2289 5616 2571 5687 ἄνθρωπος
2604 5617 2711 5687 γάρ
2747 5617 2813 5669 δι’
2845 5618 2988 5685 ἡμᾶς
3040 5614 3346 5682 γενόμενος,
3385 5603 3577 5676 τδ’μὲν
3604 5602 3760 5674 σῶμα
3786 5604 3847 5656 τὸ

2291 5708 2417 5761 [διον
2449 5709 2586 5777 ὑπὲρ
2618 5708 2771 5777 ἡμῶν
2797 5708 3163 5778 προσήνεγκεν
3216 5706 3293 5767 εἰς
3325 5703 3566 5758 θάνατον,
3598 5695 3685 5746 ἵνα
3713 5695 3846 5747 πάν-

2287 5817 2383 5862 τας
2439 5787 2719 5869 ἀπαλλάξῃ
2770 5802 2857 5853 τοῦ
2895 5799 3141 5855 θανάτου·
3195 5797 3290 5868 τὴν
3337 5793 3392 5845 δέ
3460 5786 3705 5860 οὐράνιον
3755 5786 3845 5840 καὶ
