4032 6446
152 403 222 464 95
1298 409 1635 467 EPISTOLA
1675 412 1764 465 AD
1809 412 2333 469 MARCELLINUM.
3353 417 3424 472 26

155 534 451 608 εὐάρεστον
483 529 676 585 ἑαυτοῦ
731 531 1003 585 πολιτείαν
1038 532 1206 599 δείξαι
1262 533 1431 586 Θέλων
1474 536 1627 605 ἡμῖν,
1682 550 1740 588 εν

1864 553 2098 608 namque
2154 553 2309 593 suam
2369 537 2585 592 vivendi
2648 537 2915 592 rationem
2982 535 3142 592 nobis
3168 535 3425 595 exhibere

155 625 336 695 ἑαυτῳ
366 624 570 693 ταύτην
619 623 917 688 ἑτύπωσεν,
957 624 1099 695 ὑπὲρ
1121 625 1214 678 τοῦ
1253 627 1450 697 μηκέτι
1485 627 1638 690 τινας
1664 629 1747 680 εὑ-

156 715 334 786 χερῶς
360 713 673 770 ἀπατᾶσθαι
710 715 860 786 παρὰ
899 714 990 768 τοῦ
1043 715 1259 787 ἐχθροῦ,
1310 718 1532 790 ἔχοντας
1563 720 1745 790 ἐνέχυ-

159 824 250 877 ρον
273 806 414 876 πρὸς
444 806 763 874 ἀσφάλειαν,
797 807 894 878 τὴν
927 811 1053 880 παρ’
1082 807 1247 860 αὑτοῦ
1287 811 1583 880 γενομένην
1606 811 1746 881 ὑπὲρ

157 897 316 966 ήμῶν
345 897 486 951 κατὰ
519 897 610 950 τοῦ
655 898 900 951 διαϐόλου
934 901 1110 970 νίκην.
1164 899 1263 953 Διὰ
1324 901 1480 954 τοῦτο
1503 903 1634 970 γοῦν
1684 904 1744 956 οὐ

161 990 325 1057 μόνον
355 988 613 1053 ἐδίδαξεν,
650 990 786 1043 ἀλλὰ
817 990 911 1042 καὶ
963 991 1261 1060 πεποίηκεν
1295 993 1328 1046 ἂ
1367 993 1622 1058 ἐδίδαξεν,
1660 995 1746 1046 ἵνα

157 1076 391 1140 ἕκαστος
427 1078 597 1150 ἀκούῃ
629 1079 726 1148 μὲν
755 1079 918 1132 αὑτοῦ
969 1079 1278 1144 λαλοῦντος,
1331 1083 1405 1146 ὡς
1462 1085 1520 1136 ὲν
1578 1085 1745 1138 εἰκόνι

159 1171 214 1222 δὲ
252 1169 470 1240 βλέπων
519 1169 768 1243 λαμϐάνῃ
791 1171 919 1242 παρ’
957 1173 1121 1226 αὑτοῦ
1156 1173 1217 1226 τὸ
1275 1174 1625 1246 παράδειγμα
1653 1177 1744 1230 τοῦ

160 1263 357 1324 ποιεῖν,
383 1260 616 1314 ἁκούων·
641 1261 870 1316 Μάθετε
932 1263 1032 1316 ἀπ’
1061 1264 1229 1332 ἐμοῦ,
1281 1264 1370 1318 ὅτι
1415 1269 1607 1335 πραῢς
1630 1272 1746 1338 εἰμι

161 1355 258 1407 καὶ
292 1355 576 1421 ταπεινὸς
603 1353 676 1423 τῇ
727 1356 961 1423 καρδίᾳ.
1011 1356 1363 1430 Τελειοτέραν
1402 1359 1458 1412 δὲ
1516 1361 1609 1413 καὶ
1667 1361 1748 1423 εἰς

161 1447 366 1518 ἀρετήν
409 1448 759 1502 διδασκαλίαν
787 1449 888 1502 οὐκ
936 1449 1000 1502 ἄν
1062 1466 1142 1512 τις
1178 1447 1350 1520 εὖροι,
1379 1446 1448 1524 ἦς
1476 1453 1503 1504 6
1543 1451 1747 1523 Κύριος

160 1537 445 1592 ἐτύπωσεν
477 1541 534 1591 ὲν
555 1539 753 1609 ἐαυτῷ.
789 1540 910 1591 Εἴτε
937 1539 1045 1611 γὰρ
1075 1539 1446 1605 ἀνεξικακίαν,
1487 1542 1596 1594 εἴτε
1628 1541 1745 1610 φιλ-

160 1632 502 1702 ανθρωπίαν,
575 1632 685 1685 εἴτε
742 1632 1075 1701 ἀγαθότῃτα,
1143 1634 1255 1688 εἴτε
1332 1634 1570 1706 ἀνδρίαν,
1636 1637 1744 1687 εἴτε

158 1725 556 1806 ἐλεημοσύκρλν,
598 1725 707 1778 εἴτε
755 1725 1124 1797 δικαιοσύνην,
1164 1727 1336 1780 πάντα
1369 1728 1426 1779 ὲν
1470 1726 1616 1798 αὐτῷ
1661 1745 1745 1792 τις

158 1820 385 1890 εὑρήσει
428 1819 713 1888 γενόμενα,
740 1817 879 1872 ὥστε
911 1819 1079 1890 μηδὲν
1103 1821 1184 1883 είς
1204 1821 1402 1892 ἀρετὴν
1445 1819 1646 1874 λείπειν
1666 1821 1744 1891 τῷ

159 1911 520 1964 κατανοοῦντι
549 1911 639 1964 τὸν
672 1911 1013 1979 ἀνθρώπινον
1052 1911 1162 1981 βίον
1197 1912 1404 1968 τοῦτον.
1437 1913 1607 1967 Τοῦτο
1634 1913 1742 1985 γὰρ
1774 1890 1816 1944 Β

159 2007 185 2054 6
208 2002 422 2065 Παῦλος
451 2000 606 2065 εἰδὼς
645 2002 816 2071 ἔλεγε·
863 2004 1120 2071 Mummi
1134 2021 1252 2072 μου
1290 2005 1548 2072 γίνεσθε,
1607 2008 1745 2061 καθ-

163 2095 245 2160 ὼς
311 2093 476 2163 κάγὼ
503 2095 782 2162 Χριστοῦ.
805 2095 866 2148 Οί
903 2096 1003 2166 μὲν
1037 2098 1168 2168 παρ’
1206 2097 1429 2168 Ἕλλησι
1457 2097 1744 2168 νομοθέται

160 2188 290 2260 ἄχρι
324 2186 421 2239 τοῦ
451 2187 631 2256 λέγειν
675 2187 858 2257 ἔχουσι
887 2187 984 2259 τὴν
1023 2187 1204 2259 χάριν·
1240 2189 1269 2240 6
1292 2189 1348 2243 δὲ
1388 2189 1609 2260 Κύριος,
1670 2188 1746 2252 ὡς

159 2278 382 2350 ἀληθῶς
412 2278 616 2350 Κύριος
663 2278 739 2331 ὢν
786 2276 877 2331 τοῦ
929 2279 1151 2342 παντὸς,
1183 2279 1276 2332 καὶ
1329 2280 1623 2351 κηδόμενος
1673 2274 1747 2337 ὧν

161 2372 482 2442 εἰργάσατο,
512 2373 573 2424 οὐ
608 2374 764 2443 μόνον
793 2372 1088 2440 νομοθετεῖ,
1122 2370 1258 2425 ἀλλὰ
1289 2372 1383 2425 καὶ
1423 2373 1590 2427 τύπον
1625 2376 1748 2427 ἐαυ-

159 2465 252 2516 τὸν
289 2464 544 2525 δέδωκεν,
570 2466 648 2526 εἰς
671 2464 730 2515 τὸ
753 2463 950 2516 εἰδέναι
972 2465 1100 2527 τοὺς
1127 2462 1485 2534 βουλομένους
1529 2464 1627 2537 τὴν
1656 2465 1748 2519 τοῦ

163 2559 342 2609 ποιεῖν
369 2555 618 2624 δύναμιν.
646 2555 744 2608 Διὰ
775 2553 931 2608 τοῦτο
953 2554 1086 2623 γοῦν
1120 2557 1213 2608 καὶ
1238 2556 1344 2626 πρὸ
1365 2557 1464 2629 τῆς
1495 2558 1574 2621 εἰς
1605 2557 1751 2628 ἡμᾶς

163 2646 331 2702 αὑτοῦ
392 2645 687 2716 ἐπιδημίας
739 2646 972 2718 ὲνήχησε
1037 2647 1132 2700 καὶ
1200 2649 1258 2700 ἐν
1316 2649 1431 2710 τοῖς
1490 2647 1750 2715 ψάλλουσι

163 2739 344 2803 τοῦτο,
377 2739 443 2792 ἶν’
470 2738 660 2810 ὥσπερ
697 2740 754 2792 ὲν
804 2738 952 2809 αὐ.τῷ
979 2740 1070 2792 τὸν
1096 2738 1333 2806 ἐπίγειον
1366 2739 1460 2791 καὶ
1502 2738 1750 2808 οὐράνιον

165 2833 453 2903 ἄνθρωπον
480 2831 665 2885 τυπῶν
692 2831 911 2895 ἔδειξεν,
941 2830 1084 2883 οὕτω
1128 2831 1220 2883 καὶ
1251 2832 1314 2884 ἐκ
1365 2829 1473 2883 τῶν
1504 2830 1751 2901 Ψαλμῶν

166 2928 233 2981 τὰ
279 2927 557 2996 κινήματα
609 2925 700 2978 καὶ
726 2924 822 2986 τὰς
850 2923 1116 2986 διαϐἐσεις
1141 2923 1251 2976 τῶν
1277 2921 1462 2993 ψυχῶν
1511 2925 1539 2976 6
1569 2921 1752 2993 βουλό-

171 3035 332 3088 μενος
383 3017 720 3086 καταμαθεῖν
792 3015 1051 3086 δύνηται,
1118 3015 1388 3086 εὑρίσκων
1459 3017 1515 3068 ὲν
1570 3016 1754 3077 αὐτοῖς

168 3114 260 3165 καὶ
342 3111 440 3182 τὴν
502 3109 733 3162 ἑκάστου
809 3110 1108 3180 κινήματος
1174 3107 1473 3177 θεραπείαν
1541 3124 1600 3159 τε
1657 3104 1752 3159 καὶ

167 3203 476 3276 διόρθωσιν.

245 3296 324 3348 ιδ’.
355 3295 419 3346 Εἰ
459 3292 568 3361 γὰρ
601 3293 681 3344 δεῖ
715 3291 805 3342 καὶ
847 3287 1210 3358 πιθανώτερον
1243 3289 1437 3350 εἰπεῖν,
1482 3288 1632 3341 πᾶσα
1661 3286 1756 3358 μὲν

172 3393 204 3460 ἡ
234 3389 356 3441 Θεία
391 3385 583 3456 Γραφὴ
617 3381 932 3445 διδάσκαλός
970 3383 1115 3434 ἐστιν
1168 3381 1368 3452 ἀρετῆς
1400 3380 1494 3434 καὶ
1525 3379 1761 3442 πίστεως

171 3475 427 3547 ἀλψσῦς·
463 3475 496 3544 ἡ
555 3473 612 3525 δέ
641 3489 702 3540 γε
737 3470 917 3544 βίϐλος
945 3471 1052 3525 τῶν
1082 3469 1328 3542 Ψαλμῶν
1381 3469 1491 3540 ἔχει
1526 3468 1620 3523 καὶ
1663 3467 1762 3540 τὴν

174 3569 360 3622 εἰκόνα
393 3583 512 3630 πως
541 3567 640 3636 τῆς
693 3565 969 3635 διαγωγῆς
1010 3562 1118 3618 τῶν
1151 3561 1359 3633 ψυχῶν.
1429 3562 1516 3627 Ὠς
1567 3561 1676 3633 γὰρ
1735 3564 1764 3615 6

176 3660 558 3732 εἰσερχόμενος
584 3657 718 3727 πρὸς
762 3655 986 3725 βασιλέα
1029 3654 1291 3708 τ’δποῦται
1353 3654 1447 3706 καὶ
1495 3652 1571 3723 τῷ
1633 3653 1763 3724 σχή-

181 3771 310 3823 ματι
339 3754 432 3804 καὶ
462 3754 572 3813 τοῖς
606 3751 868 3822 ῥήμασιν,
903 3749 989 3800 ἵνα
1037 3747 1132 3818 μὴ,
1177 3747 1325 3818 παρὰ
1353 3745 1522 3799 ταῦτα
1568 3745 1760 3814 λέγων,

176 3848 251 3908 ὡς
307 3843 631 3905 ἀπαίδευτος
687 3837 948 3911 ἐκϐληθῇ
991 3838 1164 3903 οὕτως
1215 3841 1247 3911 ἡ
1295 3837 1415 3892 θεία
1447 3837 1626 3908 βίϐλος
1672 3835 1763 3888 τὸν

292 3938 461 4008 ἀρετῇ
495 3933 758 4004 τρέχοντα
783 3931 875 3984 καὶ
913 3929 1236 4001 βουλόμενον
1292 3928 1624 3998 κατανοῆσαι
1666 3926 1764 3996 τὴν

175 4030 274 4083 τοῦ
321 4028 571 4096 Σωτῆρος
621 4027 676 4077 ἐν
751 4024 963 4096 σώματι
1031 4022 1309 4076 πολιτείαν
1361 4021 1765 4092 ὑπομιμνήσκει

179 4124 398 4196 πρῶτον
427 4119 514 4173 διὰ
541 4120 639 4190 τῆς
685 4117 1045 4186 ἀναγνώσεως
1099 4116 1167 4168 τὰ
1200 4116 1485 4186 κινήματα
1515 4114 1613 4183 τῆς
1659 4112 1764 4181 ψυ-

179 4216 304 4286 χῆς,
339 4213 436 4266 καὶ
466 4211 608 4265 οὕτω
632 4210 815 4262 λοιπὸν
836 4211 998 4261 τυποῖ
1020 4207 1113 4260 καὶ
1165 4205 1404 4259 διδάσκει
1439 4206 1565 4267 τοὺς
1589 4205 1767 4272 ἐντυγ-

179 4308 447 4378 χάνοντας
491 4306 602 4367 τοῖς
663 4301 922 4363 τοιούτοις
978 4299 1177 4367 λόγοις.
1223 4298 1343 4351 Εἰσὶ
1395 4297 1494 4368 μὲν
1535 4292 1647 4359 οὖν,
1682 4297 1766 4347 ἵνα

179 4399 342 4450 τοῦτο
376 4393 592 4466 πρῶτόν
621 4410 703 4455 τις
724 4393 820 4462 τῆς
863 4390 1041 4460 βίϐλου
1069 4389 1548 4460 παρατηρήσηται,
1584 4389 1632 4440 οἱ
1669 4386 1764 4458 μὲν

181 4493 240 4542 ὲν
277 4489 578 4558 (Sang/ntust
632 4483 948 4553 λεγόμενοι,
1005 4482 1054 4534 οἱ
1106 4481 1162 4532 δὲ
1215 4481 1272 4533 ἐν
1319 4479 1657 4550 παραινέσει,
1714 4479 1764 4529 οἱ

1849 628 2070 691 volens,
2130 627 2181 681 in
2247 629 2542 696 semetipso
2611 629 2760 681 illam
2815 627 3122 696 expressit,
3181 644 3248 682 ne
3299 628 3426 698 quis

1847 728 2038 788 postea
2065 719 2133 772 ab
2169 719 2393 775 inimico
2429 719 2587 775 facile
2639 719 3016 789 deciperetur,
3058 736 3182 773 cum
3222 720 3290 775 ad
3339 736 3424 774 se:

1847 813 2136 865 curitatem
2175 811 2372 882 pignus
2398 811 2616 875 habeat,
2670 826 2862 881 nempe
2919 812 3202 866 victoriam
3257 826 3422 880 quam

1848 903 1962 970 ipse
2002 902 2068 955 de
2116 903 2332 957 diabolo
2367 918 2465 972 pro
2521 904 2681 958 nobis
2714 904 3034 973 reportavit.
3083 902 3427 973 Quapropter

1848 1011 1954 1048 non
1999 996 2173 1049 solum
2231 996 2438 1062 docuit,
2491 997 2583 1051 sed
2640 1006 2694 1050 et
2743 996 2870 1051 fecit
2932 1012 3054 1066 quae
3107 996 3318 1060 docuit,
3366 1003 3428 1049 ut

1849 1089 2229 1158 unusquisque
2283 1090 2468 1144 audiat
2500 1089 2718 1159 quidem
2753 1091 2930 1160 ipsum
2979 1091 3315 1159 loquentem,
3346 1087 3426 1142 si-

1849 1182 2071 1250 mulque
2093 1188 2104 1216 ‘-
2134 1181 2187 1234 in
2239 1181 2391 1235 illum
2442 1181 2598 1251 quasi
2651 1182 2704 1236 in
2755 1183 3046 1254 imaginem
3099 1181 3426 1250 respiciens,

1848 1273 2157 1341 exemplum
2200 1273 2390 1343 agendi
2453 1274 2521 1328 ab
2571 1273 2689 1343 ipso
2748 1275 3003 1343 accipiat,
3038 1274 3165 1328 dum
3222 1273 3424 1328 audit:

1850 1359 2050 1417 Discite
2080 1381 2111 1416 a
2138 1379 2233 1428 me,
2255 1364 2382 1435 quia
2403 1365 2549 1419 mitis
2576 1381 2692 1419 sum
2720 1376 2768 1419 et
2793 1365 3008 1418 humilis
3028 1365 3182 1418 corde
3214 1364 3278 1419 "'.
3301 1363 3427 1419 Per-

1849 1453 2127 1510 fectiorem
2157 1471 2321 1524 porro
2377 1457 2594 1512 virtutis
2626 1457 2930 1512 doctrinam
2971 1472 3133 1511 nemo
3158 1456 3428 1510 invenerit

1847 1562 1908 1601 ea
1939 1564 2102 1617 quam
2133 1547 2394 1604 Dominus
2426 1550 2696 1618 expressit
2722 1551 2772 1604 in
2804 1551 3116 1620 semetipso.
3149 1548 3286 1604 Nam
3314 1549 3428 1605 sive

1850 1637 2177 1706 iniuriarum
2240 1640 2611 1705 tolerantiam,
2680 1642 2797 1697 sive
2853 1642 3268 1707 humanitatem,
3315 1643 3436 1700 sive

1849 1729 2218 1798 clementiam,
2246 1732 2360 1788 sive
2384 1732 2780 1796 fortitudinem,
2813 1733 2929 1788 sive
2969 1732 3425 1796 misericordiam,

1851 1820 1965 1873 sive
1991 1820 2260 1890 justitiam
2292 1831 2535 1890 spectes,
2568 1821 2821 1876 omniain
2869 1823 2989 1891 ipso
3021 1831 3237 1891 peracta
3275 1837 3428 1892 repe-

1852 1910 1982 1973 ries,
2015 1911 2152 1964 adeo
2180 1921 2238 1965 ut
2261 1911 2394 1965 nihil
2421 1911 2470 1966 ei
2493 1911 2560 1965 ad
2611 1914 2868 1967 virtutem
2905 1912 3068 1977 desit,
3104 1913 3198 1982 qni
3235 1912 3430 1966 huma-

1851 2018 1977 2056 nam
2033 2001 2250 2056 Domini
2273 2003 2440 2057 vitam
2469 2005 2872 2074 contemplatus
2895 2003 3079 2060 fuerit.
3113 2003 3267 2071 Quod
3302 2019 3428 2059 cum

1857 2104 2043 2148 nosset
2079 2094 2285 2149 Paulus
2332 2095 2405 2148 ait
2438 2113 2450 2148 :
2482 2093 2790 2150 Imitatores
2830 2097 2932 2150 mei
2969 2106 3151 2159 estote,
3198 2097 3334 2149 sicut
3380 2103 3430 2148 et

1851 2203 1944 2258 ego
1977 2185 2180 2240 Clu-isti
2211 2187 2275 2241 ’⁸.
2300 2185 2618 2242 Grmcorum
2646 2187 2916 2257 siquidem
2953 2189 3293 2258 legislatores
3313 2202 3432 2241 ver-

1854 2280 2050 2336 borum
2079 2281 2423 2336 solumtenus
2455 2282 2682 2351 gratiam
2736 2281 2972 2348 habent;
3028 2279 3290 2334 Dominus
3328 2295 3430 2334 au-

1853 2377 1984 2433 tem,
2029 2377 2089 2424 ut
2117 2384 2304 2423 revera
2363 2369 2609 2422 onmium
2655 2368 2946 2434 Dominus,
2985 2369 3076 2439 qui
3114 2383 3212 2423 sua
3275 2376 3434 2423 curat

1855 2477 2042 2531 opera,
2079 2476 2189 2515 non
2226 2461 2390 2516 modo
2425 2461 2573 2531 leges
2623 2461 2893 2527 condidit,
2921 2462 3016 2516 sed
3073 2459 3431 2530 semetipsum

1855 2547 2133 2617 exemplar
2169 2548 2413 2613 tradidit,
2442 2557 2503 2602 ut
2554 2547 2648 2618 qui
2688 2549 2984 2612 voluerint,
3029 2549 3225 2620 agendi
3267 2549 3448 2603 ratio--

1857 2655 1978 2692 nem
2006 2649 2192 2694 notam
2227 2639 2485 2695 habeant.
2525 2638 2872 2710 Quapropter
2917 2639 3210 2694 anteillins
3237 2638 3292 2692 in
3333 2653 3436 2694 nos

1856 2733 2173 2797 adventum,
2221 2732 2460 2802 idipsum
2499 2733 2551 2787 in
2590 2732 2824 2788 Psalmis
2851 2733 3118 2799 insonuit,
3164 2740 3438 2802 utquem-

1858 2825 2150 2879 admodum
2185 2824 2237 2878 in
2274 2825 2570 2894 semetipso
2622 2834 2900 2880 terrenum
2942 2833 2996 2879 et
3024 2825 3299 2879 caelestem
3331 2824 3434 2878 ho-

1859 2918 2061 2972 minem
2102 2917 2371 2982 exhibuit,
2408 2918 2488 2972 sic
2511 2933 2576 2974 ex
2615 2916 2848 2973 Psalmis
2878 2925 3062 2971 motus
3095 2916 3438 2970 affectiones-

1859 3027 1966 3080 que
1995 3013 2307 3066 animorum
2338 3012 2431 3079 qui
2459 3011 2695 3066 voluerit
2724 3011 3031 3081 perdiscere
3062 3009 3276 3075 valeat,
3311 3022 3437 3063 cum

1862 3102 1914 3156 in
1942 3101 2073 3170 ipsis
2104 3103 2376 3172 cujusque
2399 3112 2583 3158 motus
2606 3104 2950 3158 curationem
2980 3102 3442 3157 emendationem-

1860 3207 1967 3262 que
2000 3191 2258 3246 inveniat.

1931 3286 2018 3340 14.
2071 3286 2277 3353 Quodsi
2331 3285 2536 3356 aliquid
2599 3285 2668 3340 ad
2740 3283 3179 3356 persuadendum
3258 3282 3444 3353 aptius

1862 3376 2010 3447 loqui
2042 3378 2369 3448 oportuerit,
2432 3377 2616 3432 omnis
2663 3376 2884 3447 quidem
2950 3374 3235 3444 Scriptura
3285 3387 3442 3428 sacra

1861 3469 2081 3524 virtutis
2135 3477 2220 3523 est
2271 3483 2522 3536 veraeque
2575 3466 2698 3521 fidei
2748 3468 3041 3537 magistra;
3076 3465 3214 3520 liber
3261 3473 3442 3518 autem

1864 3562 2209 3617 Psalmorum
2236 3559 2455 3630 praefert
2486 3558 2784 3629 quamdam
2817 3557 3113 3627 imaginem
3143 3555 3446 3611 institutio-

1866 3655 1953 3709 nis
1989 3654 2114 3708 vitze
2141 3653 2450 3708 animarum
2508 3650 2984 3718 Quemadmodum
3012 3649 3183 3712 enim,
3232 3647 3324 3716 qui
3355 3661 3445 3700 rc-

1865 3759 1983 3815 gem
2013 3743 2146 3808 adit,
2174 3743 2420 3797 habitum
2451 3742 2726 3811 verbaque
2760 3756 2860 3795 sua
2887 3739 3168 3808 componit
3198 3744 3253 3792 et
3283 3738 3446 3792 ador-

1864 3845 1980 3900 nat,
2019 3851 2088 3889 ne
2123 3835 2308 3888 statim
2366 3841 2531 3901 atque
2585 3831 2847 3900 loquendi
2902 3829 3117 3883 initium
3164 3829 3350 3893 faciet,
3386 3835 3447 3882 ut

1867 3929 2019 3984 rudis
2057 3935 2112 3982 et
2162 3924 2450 3994 imperitus
2480 3923 2770 3994 ejiciatur:
2810 3922 2884 3976 ita
2936 3921 3156 3975 divinus
3184 3919 3274 3976 hic
3306 3919 3446 3974 liber

1864 4035 1988 4077 cum
2020 4019 2109 4089 qui
2146 4017 2211 4072 ad
2236 4017 2490 4071 virtutem
2520 4024 2774 4086 properat
2805 4023 2859 4069 et
2910 4012 3212 4068 Salvatoris
3234 4011 3290 4065 in
3325 4025 3448 4067 coro

1867 4127 1998 4182 pore
2023 4111 2146 4164 vita:
2171 4109 2483 4169 institutum
2512 4123 2674 4162 nosse
2700 4107 2870 4175 cupit,
2904 4105 3141 4176 primum
3176 4119 3273 4173 per
3299 4103 3443 4158 hanc

1868 4202 2156 4257 lecmionem
2193 4198 2450 4252 admonet
2504 4197 2571 4250 de
2625 4196 2865 4249 motibus
2913 4193 3122 4260 animi,
3175 4201 3338 4263 atque
3371 4193 3446 4246 ita

1868 4293 2127 4361 deinceps
2167 4287 2432 4342 informat
2464 4287 2734 4356 docetque
2793 4285 3056 4357 legentes.
3086 4282 3228 4338 Sunt
3280 4282 3448 4354 igitur

1868 4385 1952 4452 (ut
2005 4383 2112 4436 hoc
2142 4383 2382 4452 primum
2414 4379 2468 4432 in
2498 4377 2604 4433 isto
2658 4378 2800 4432 libro
2846 4375 3189 4446 observetur)
3217 4373 3446 4441 Psalmi,

1869 4477 1958 4530 alii
1993 4475 2095 4532 sub
2137 4475 2310 4528 forma
2353 4471 2704 4537 narrationis,
2740 4471 2829 4525 alii
2870 4467 3188 4538 prophetiae,
3221 4466 3312 4521 alii
3349 4464 3448 4520 ad-

179 4586 235 4637 6':
272 4587 330 4636 ἐν
381 4579 719 4652 προφητεία,
769 4577 817 4629 οί
858 4577 914 4629 δὲ
964 4575 1039 4639 ὡς
1084 4577 1139 4627 ἐν
1185 4575 1341 4646 εὐχῇ,
1410 4575 1457 4626 οἱ
1500 4573 1554 4625 δὲ
1584 4573 1754 4638 ἐν’ἐξσ

1875 4568 2217 4629 monitionis,
2258 4566 2347 4620 alii
2386 4564 2738 4636 precationis,
2777 4563 2868 4619 alii
2895 4559 3281 4617 confessionis.

179 4671 419 4743 ομολογή
429 4686 529 4723 σει.

257 4765 368 4818 Καὶ
392 4763 497 4815 εἰσὶ
531 4761 628 4831 μὲν
654 4763 701 4813 οἱ
723 4760 779 4812 ἐν
808 4759 1104 4831 διηγήματι
1138 4763 1227 4828 ιη’,
1255 4763 1362 4827 pq",
1401 4762 1512 4828 μῆ,
1535 4754 1638 4824 μο’,
1670 4753 1766 4824 οβ’,

181 4861 288 4923 οῖ’,
315 4855 411 4920 οζ’,
447 4861 558 4926 mf,
593 4861 700 4926 ρξε’,
734 4859 855 4924 ριγ’,
889 4859 1033 4924 ρκς¹,
1066 4849 1206 4923 ρλς’.

256 4951 320 5002 οι
348 4949 403 5002 δὲ
439 4947 514 5010 ὡς
542 4949 599 4998 ἐν
625 4947 779 5016 εὐχῇ,
815 4950 909 5009 ις’,
937 4943 1030 5009 ξς.
1061 4943 1169 5010 πῖθ’,
1206 4949 1284 5013 ρα’
1317 4941 1451 5012 plan
1484 4939 1628 5012 ρμα’·

258 5123 322 5179 Οἱ
358 5124 414 5178 δὲ
461 5124 537 5187 ὡς
588 5124 645 5174 ὲν
688 5120 907 5191 ἐντυχία
961 5120 1054 5173 καὶ
1099 5119 1231 5190 εὐχῇ
1265 5118 1357 5170 καὶ
1390 5118 1568 5190 δεήσει
1599 5122 1658 5180 εν,
1695 5123 1768 5181 ς..

187 5220 253 5284 ζ’,
285 5225 376 5283 ια’,
416 5217 506 5287 ιβ’,
549 5224 631 5280 ιε’,
658 5217 756 5281 κδ’,
820 5214 928 5278 κζ’,
960 5213 1027 5275 λ’,
1073 5213 1166 5277 λδ’,
1208 5213 1305 5278 λζ’,
1369 5211 1481 5283 μβ’,
1531 5219 1632 5280 νγ’,
1678 5211 1770 5276 νδ’,

187 5319 280 5369 V5"
317 5315 429 5374 νεῖν
466 5313 568 5378 ντὶό
623 5307 721 5370 νθον
754 5306 818 5372 ξ’,
845 5304 946 5372 ET"!
999 5303 1109 5375 75$"
1151 5310 1254 5368 7:5,,
1311 5303 1418 5367 τίς,
1642 5300 1771 5372 ρλβ’,

194 5401 340 5472 pix?-

266 5493 378 5548 Καὶ
399 5495 427 5545 ὁ
458 5491 557 5562 μὲν
589 5490 663 5554 ὡς
698 5492 754 5543 ἐν
779 5490 996 5562 ὲντυχίᾳ
1026 5488 1121 5543 καὶ
1152 5487 1473 5559 εὐχαριστία
1500 5488 1634 5560 ρλη’.

267 5585 330 5635 Οἱ
365 5584 421 5636 δὲ
448 5582 521 5645 ὡς
545 5584 601 5634 ὲν
631 5581 850 5653 ἐντυχίᾳ
903 5583 1038 5652 μόνῃ
1074 5587 1120 5649 γ’
1142 5623 1155 5645 ,
1185 5587 1281 5643 κε’,
1319 5580 1419 5650 ξη’,
1451 5579 1545 5645 ξο’,
1580 5587 1640 5644 0',
1677 5585 1774 5648 ογ,

194 5683 294 5745 οη’,
332 5675 429 5736 οϐ’,
476 5679 577 5744 ρη’,
609 5672 748 5743 ρκβ’,
787 5671 922 5740 ρκο’,
959 5672 1052 5741 ρλ’.

272 5863 311 5890 ⁸⁷
351 5859 540 5913 Matth.
577 5874 648 5917 xi.
686 5857 772 5909 ‘29.
859 5858 900 5891 ‘5
938 5855 950 5908 I
986 5855 1108 5908 Cor.
1142 5871 1214 5917 χι,
1254 5856 1303 5907 1.

1943 4749 2000 4803 In
2037 4748 2210 4803 forma
2235 4743 2567 4799 narrationis
2592 4741 2644 4796 hi
2679 4749 2840 4795 sunt:
2878 4738 2960 4799 l8,
2993 4738 3084 4801 45,
3112 4735 3202 4802 48,
3246 4732 3336 4801 49,
3359 4731 3450 4796 72,

1875 4843 1962 4906 76,
1992 4842 2079 4905 77,
2116 4840 2205 4904 88,
2233 4838 2321 4904 89,
2361 4836 2485 4901 106,
2531 4835 2654 4900 115,
2688 4833 2810 4895 19.6,
2840 4831 2962 4886 156.

1944 4936 2000 4990 In
2027 4936 2199 4990 forma
2220 4947 2349 4987 vero
2374 4929 2643 4986 orationis
2685 4934 2813 4980 sunt
2834 4921 3031 4991 16,67,
3052 4917 3290 4984 89,101,
3327 4915 3451 4979 1'51,

1875 5028 1998 5083 141.

1950 5120 2052 5187 Qui
2088 5115 2364 5186 colloquii,
2389 5111 2720 5185 precationis
2755 5119 2809 5166 et
2836 5105 3232 5164 obsecrationis
3261 5102 3452 5164 modo,

1918 5254 1930 5275 ,
1962 5212 2014 5276 6,
2052 5211 2104 5276 7,
2138 5211 2221 5272 11,
2259 5205 2345 5272 12,
2376 5206 2464 5269 15,
2498 5204 2593 5265 21,
2625 5201 2716 5265 2-7,
2754 5201 2842 5263 50,
2873 5200 2964 5264 54,
3002 5197 3092 5260 57,
3124 5196 3215 5259 .12,
3241 5194 3331 5258 55,
3363 5193 3454 5257 54,

1878 5305 1967 5367 55,
1993 5303 2082 5367 56,
2108 5301 2197 5364 58,
2252 5299 2341 5364 59,
2399 5296 2489 5362 60,
2521 5296 2612 5362 65,
2635 5294 2724 5357 82,
2748 5293 2838 5357 85,
2887 5291 2977 5354 87,
3015 5289 3138 5354 157,
3174 5287 3295 5352 159,
3329 5284 3453 5339 142.

1877 5214 1908 5268 5

1949 5478 2052 5546 Qui
2087 5477 2141 5530 in
2170 5475 2346 5530 forma
2375 5471 2598 5542 alloquii
2624 5479 2678 5525 et
2714 5469 3011 5539 gratiarum
3041 5461 3296 5524 actionis,
3328 5459 3459 5516 158.

1935 5569 2037 5635 Qui
2075 5565 2330 5636 colloquii
2381 5570 2590 5616 tantum
2634 5560 2832 5623 forma,
2864 5559 2917 5625 5,
2964 5557 3057 5624 25,
3111 5553 3200 5622 68,
3226 5551 3316 5617 69,
3347 5550 3453 5617 7ολ

1885 5663 1973 5728 7s,
2007 5660 2094 5724 78,
2129 5655 2221 5725 79,-
2251 5656 2371 5717 tos.
2409 5653 2676 5720 122,129,
2711 5652 2826 5710 130.
