4032 6436
583 408 650 464 27
1442 406 1498 460 S.
1543 406 1910 461 ATHANASII
1952 406 2101 461 OPP.
2153 405 2335 459 PARS
2374 403 2457 458 111.
2498 435 2566 442 -
2597 402 3002 458 EXEGETICA.
3744 397 3821 450 28

657 522 771 577 Sub
800 521 970 576 forma
997 519 1446 586 confessionis,9,
1471 523 1559 587 7-1,
1583 525 1672 588 91,
1713 523 1832 584 104,
1865 523 1987 587 105,
2018 522 2139 585 106,
2173 527 2198 581 ,Α

2320 521 2426 572 Kal
2458 523 2504 571 οἰ
2533 520 2629 588 μὲν
2678 520 2734 570 ἐν
2798 517 3178 588 ἐξομολογήσει
3234 515 3300 579 θ’,
3331 513 3422 579 οδ’,
3457 517 3562 580 μα’,
3594 511 3685 583 ρδ’,
3721 519 3821 581 ρξ’,

587 610 859 678 107,110,
897 611 1021 677 117,
1073 610 1195 676 155,
1229 612 1350 665 157.

669 703 772 770 Qui
801 703 1147 772 conjunctam
1181 703 1382 757 habent
1425 704 1829 758 confessionem
1872 719 1993 758 cum
2024 720 2149 757 nar-

591 796 822 858 ratione,
846 797 899 857 9,
929 795 1014 857 74,
1049 794 1317 860 105,106,
1358 797 1478 858 117,
1512 797 1632 849 157.

679 884 783 950 Qui
834 884 1180 952 conjunctam
1222 884 1379 938 habet
1412 902 1533 938 eum
1574 884 1913 940 confessione
1952 895 2004 940 et
2038 901 2156 938 nar-

593 975 804 1031 ratione
833 974 1068 1037 laudem,
1099 983 1181 1026 est
1213 973 1332 1026 110.

675 1065 788 1118 Sub
815 1063 985 1118 forma
1011 1064 1419 1128 admonitionis,
1457 1078 1539 1120 est
1564 1067 1649 1123 56.

675 1155 778 1221 Qui
805 1156 1142 1225 prophetiam
1170 1157 1387 1221 habent,
1412 1167 1540 1212 sunt
1575 1159 1665 1223 20,
1702 1160 1790 1224 21,
1821 1161 1910 1223 44,
1942 1160 2031 1221 46,
2068 1160 2151 1214 75.

678 1247 1162 1302 Annuntiatioucm
1195 1264 1319 1303 cum
1377 1251 1659 1320 prophetia
1693 1251 1938 1320 junctam
1997 1252 2157 1305 habet

600 1339 720 1393 109.

683 1429 1098 1486 Adhortationis
1125 1447 1256 1485 vero
1283 1441 1338 1485 et
1359 1433 1514 1501 quasi
1541 1436 1917 1503 prmceptionis
1943 1435 2157 1490 modum

599 1521 802 1577 habent
832 1521 922 1586 28,
954 1522 1042 1588 52,
1081 1522 1172 1584 80,
1204 1523 1293 1588 94,
1342 1523 1430 1588 95,
1482 1524 1570 1586 96,
1607 1525 1696 1587 97,
1730 1524 1850 1589 102,
1879 1525 2002 1588 105,
2036 1525 2158 1578 115.

677 1611 1021 1668 Hortatorius
1054 1630 1178 1667 cum
1231 1617 1443 1669 cantico
1499 1625 1582 1669 est
1615 1615 1736 1669 149.

672 1702 776 1770 Qui
842 1705 1003 1757 vitam
1061 1705 1259 1759 virtute
1324 1717 1570 1760 ornatam
1618 1707 1966 1770 describunt,
2040 1719 2164 1762 sunt

605 1796 730 1862 104,
777 1797 899 1862 ιιι,
960 1798 1084 1864 us,
1140 1799 1264 1862 ias,
1312 1799 1434 1852 132.

2253 621 2361 682 93'.
2394 612 2491 683 ρξ’.

2559 619 2647 684 ρι’,
2675 611 2797 681 ριζ’,
2831 611 2955 682 ρλε’,
2985 611 3112 682 ρλζ’.

2319 707 2381 758 Οί
2408 705 2465 757 δὲ
2500 704 2990 775 συμπεπλεγμένην
3045 703 3260 772 ἔχοντες
3297 698 3685 770 ἐξομολόγησιν
3728 695 3826 747 καὶ

2253 797 2498 868 διήγησιν
2525 796 2590 862 θ’,
2623 796 2712 873 οδ’,
2747 802 2842 866 ρε’,
2877 801 2984 866 ρς’,
3014 795 3131 865 ριζ’,
3166 793 3296 864 ρλζ’.

2336 885 2392 937 '0
2420 883 2476 937 δὲ
2540 884 3037 954 συμπεπλεγμένην
3098 883 3235 953 ἔχων
3291 881 3674 953 ἐξομολόγησιν
3731 878 3829 929 καὶ

2254 975 2502 1045 διήγησιν
2529 975 2664 1045 μετά
2695 975 2952 1038 αἰνέσεως
2984 982 3070 1044 ρι’.

2326 1067 2435 1118 Kal
2467 1068 2494 1118 ὁ
2521 1067 2618 1130 μὲν
2651 1067 2707 1117 ἐν
2735 1066 3054 1136 παραινέσει
3101 1068 3218 1120 ἐστὶ
3241 1067 3347 1131 λς’.

2330 1158 2392 1210 Οἱ
2419 1156 2475 1208 δέ
2504 1159 2559 1208 ἐν
2581 1156 2887 1226 προφητείᾳ
2911 1163 2980 1221 κ’,
3015 1163 3118 1220 κα’,
3170 1157 3271 1226 μδ’,
3309 1161 3425 1226 μς’,
3447 1162 3538 1208 οε’.

2331 1249 2438 1302 Καὶ
2464 1249 2856 1317 ἀπαγγελτικδς
2888 1250 2985 1320 μὲν
3013 1249 3149 1319 μετὰ
3189 1248 3522 1319 προφητείας
3552 1248 3649 1318 ρθ’.

2335 1426 2728 1503 Προτρεπτικοί.
2755 1425 2810 1478 δὲ
2840 1426 2933 1478 καὶ
2956 1425 3030 1487 ὡς
3059 1422 3552 1495 παρακελευόμενοί
3583 1425 3686 1475 εἰσι
3721 1430 3832 1494 κη’,

2263 1510 2360 1579 λβί
2397 1519 2469 1575 τίν
2505 1511 2605 1577 ιβ’,
2637 1516 2739 1576 ιἰέν
2774 1516 2889 1577 ἵης’,
2920 1511 3023 1578 ιε’.ζ’ν
3054 1512 3155 1583 PS"
3194 1518 3295 1582 Pl”
3321 1519 3446 1582 PW-

2333 1603 2730 1674 Προτρεπτικὸς
2753 1603 2808 1655 δὲ
2838 1604 2972 1673 μετά
2995 1604 3232 1674 ᾄσματος
3262 1604 3454 1673 ἐλέχθη
3488 1605 3625 1674 ρμο’.

2339 1697 2448 1749 Καὶ
2475 1697 2644 1766 οἱμὲν
2697 1697 3088 1767 διαγράφοντες
3130 1695 3219 1748 τὸν
3269 1695 3523 1766 ἐνάρετον
3568 1694 3681 1764 βίον
3727 1696 3839 1746 εἰσὶ

2271 1789 2365 1859 ρδ’,
2407 1795 2527 1858 ρια’,
2564 1795 2688 1858 ριη’,
2715 1788 2843 1859 ρκδ,
2868 1788 2999 1858 ρλβ’.

680 1858 785 1956 Qui
833 1858 1450 1956 laudem'aununtiant,
1488 1901 1614 1946 sunt
1662 1892 1764 1958 90,
1819 1894 1964 1958 112,
2027 1895 2162 1958 116,

2335 1881 2397 1934 Οἱ
2445 1881 2498 1932 δὲ
2533 1875 2678 1933 αἶνον
2717 1858 3163 1950 ἀπαγγέλλοντες
3222 1873 3367 1934 οὗτοί
3401 1882 3538 1933 εἰσιν
3580 1878 3652 1946 ιε,
3706 1878 3840 1950 ριβ⁴,

607 1983 730 2048 ιδι,
761 1983 886 2044 ιιι,
926 1984 1050 2046 145,
1079 1983 1199 2048 uo,
1241 1985 1362 2047 ιιε,
1400 1985 1526 2039 150.
2270 1979 2401 2043 ρις,
2434 1973 2559 2043 ρλδὸ
2588 1973 2725 2043 ρμδ,
2766 1980 2903 2043 ρμε’ν
2951 1979 3105 2044 Pes“.
3133 1979 3282 2044 ρμηἈ
3340 1979 3414 2044 PV

693 2073 796 2140 Qui
820 2075 1112 2144 gratiarum
1148 2077 1376 2131 actionis
1403 2085 1550 2140 sunt,
1610 2077 1663 2143 8,
1706 2077 1758 2143 9,
1810 2077 1897 2141 17,
1947 2077 2037 2144 55,
2074 2077 2166 2142 45,

2339 2063 2448 2118 Kal
2481 2064 2652 2133 οἱμὲν
2693 2066 3060 2136 εύχαριστικοί
3105 2067 3243 2119 εἰσιν
3271 2063 3342 2135 η’,
3383 2065 3448 2127 θ’,
3488 2065 3572 2131 ιζ’,
3610 2064 3711 2132 λγ’,
3735 2070 3842 2134 με’,

607 2165 697 2231 σε,
746 2165 834 2231 76,
873 2166 962 2232 84,
1012 2166 1307 2234 ιιι,·ιιε,
1367 2168 1485 2232 ιεο,
1541 2167 1665 2233 lat,
1719 2167 1841 2232 ηδ,
1884 2167 2168 2235 125,128,
2272 2156 2367 2227 ξβ’.
2403 2163 2509 2222 ος’,
2551 2157 2654 2219 πᾶν
2687 2156 2805 2227 ριδ’›
2854 2164 2971 2228 (κε’,
3018 2165 3120 2228 ρκ’,
3161 2157 3300 2229 ρκα’.
3336 2164 3474 2230 ρκγκ
3525 2162 3657 2227 ρκε’ν
3698 2161 3848 2226 ρκη’,

608 2257 731 2311 145.
2273 2257 2418 2311 ρμΥο

687 2257 789 2414 Eni
840 2347 1228 2402 beatitudinem
1285 2348 1598 2418 praedicant,
1658 2359 1783 2406 sunt
1819 2351 1873 2418 1,
1929 2352 2019 2420 51,
2077 2352 2168 2418 40,

2311 2257 2405 2394 “gl
2430 2341 2487 2394 δὲ
2539 2341 2886 2412 μακαρισμὸν
2922 2339 3328 2409 ἀναφωνοῦντές
3361 2340 3500 2392 εἰσιν
3527 2338 3598 2403 α’,
3625 2339 3727 2402 λα’,
3770 2344 3848 2408 μ’,

2311 2430 2377 2458 ...θ
2434 2431 2544 2458 -.-γ’

608 2436 731 2501 118,
758 2437 882 2491 127.
2275 2430 2398 2502 ριη’,
2431 2431 2564 2501 ρκζ’.

688 2527 786 2583 Est
807 2530 898 2600 qui
933 2530 1268 2585 alacritatem
1294 2531 1550 2586 exhibeat
1571 2546 1696 2586 cum
1720 2533 1955 2597 cantico,
1971 2540 2032 2586 ut
2049 2532 2170 2587 107.

688 2618 846 2674 Alius
876 2620 943 2674 ad
967 2620 1341 2674 fortitudinem
1378 2621 1647 2687 hortatur,
1688 2621 1897 2676 scilicet
1946 2621 2034 2676 80.

690 2711 830 2766 Sunt
875 2712 969 2781 qui
1020 2712 1216 2781 impios
1244 2722 1296 2767 et
1350 2713 1567 2783 iniquos
1621 2713 1973 2786 redarguant,
2033 2724 2092 2770 ut
2117 2715 2174 2781 2,

613 2801 702 2864 15,
753 2801 844 2866 55,
893 2803 980 2864 51,
1037 2803 1124 2856 52.

687 2895 1050 2949 lnvocationis
1075 2895 1226 2950 esu.

689 2985 833 3038 Sunt
875 2987 970 3055 qui
1015 2995 1139 3040 vota
1179 2985 1404 3049 faciant,
1444 2997 1505 3041 ut
1533 2986 1599 3043 19
1621 2996 1677 3043 et
1695 2989 1786 3044 65.

683 3074 1107 3131 Glorilicatiouis
1136 3075 1190 3129 in
1219 3073 1450 3132 Domino
1474 3079 1637 3133 verba
1663 3079 1946 3136 continent
1967 3081 2060 3146 22,
2085 3080 2178 3145 26,

614 3165 704 3232 58,
730 3166 816 3234 59,
843 3167 932 3232 41,
975 3166 1062 3232 61,
1099 3167 1185 3232 75,
1210 3167 1298 3236 83;
1355 3167 1444 3236 96,
1468 3169 1557 3234 98,
1608 3171 1730 3225 151.

696 3340 1031 3412 Objtirgandi
1062 3356 1226 3396 causa
1270 3340 1461 3410 scripti
1511 3351 1638 3396 sunt
1668 3342 1757 3409 57,
1811 3344 1901 3399 81.

686 3431 790 3497 Qui
814 3432 1003 3506 hymni
1027 3432 1189 3486 verba
1228 3434 1528 3498 continent,
1557 3435 1612 3490 hi
1642 3447 1792 3499 sunt,
1831 3437 1923 3500 47,
1953 3437 2042 3492 64.

703 3520 1070 3591 Jubilationis,
1096 3531 1150 3578 et
1180 3523 1246 3579 de
1273 3527 1671 3580 resurrectione
1693 3536 1772 3582 est
1821 3526 1908 3581 65.

702 3612 770 3676 Et
791 3614 938 3672 alius,
955 3615 1302 3685 jubilationis
1358 3626 1569 3670 tantum
1603 3618 1768 3672 verba
1795 3618 2020 3689 profert,
2049 3620 2190 3676 scili-

621 3715 708 3761 cet
732 3705 822 3760 99.

711 3799 800 3853 15.
837 3797 970 3852 Cum
1003 3798 1167 3869 igitur
1193 3799 1393 3858 Psalmi
1430 3803 1520 3857 tali
1559 3804 1749 3860 ordine
1788 3804 2032 3875 dispositi
2060 3807 2189 3874 sint,

625 3894 752 3948 licet
783 3893 1041 3963 deinceps
1067 3895 1374 3965 legentibus
1409 3896 1462 3948 in
1511 3895 1742 3966 singulis
1771 3896 2189 3965 deprehendere,

625 3984 706 4039 uti
737 3998 902 4054 supra
935 3985 1070 4050 dixi,
1098 3995 1280 4040 motus
1302 3995 1355 4039 et
1380 3987 1822 4041 constitutionem
1841 3990 2035 4044 animae
2058 4007 2190 4056 suae,

631 4084 796 4144 atque
857 4074 1089 4144 singulis
1147 4076 1201 4128 iu
1252 4076 1414 4131 rebus
1475 4075 1706 4131 formam
1740 4078 2192 4150 doctrinamque;

627 4165 828 4235 quidve
892 4165 1122 4220 dicendo
1183 4166 1396 4235 placere
1455 4169 1631 4237 possit
1683 4168 1945 4238 Domino,
2013 4172 2198 4240 cujus-

631 4254 776 4308 modi
800 4256 983 4309 verbis
1029 4271 1148 4310 sese
1178 4258 1352 4324 possit
1395 4259 1664 4326 corrigere
1710 4257 2048 4328 Dominoque
2076 4275 2199 4330 gra-

630 4345 735 4399 tias
766 4360 959 4417 agere;
993 4361 1078 4412 ne,
1120 4346 1167 4400 si
1189 4357 1381 4416 praeter
1427 4348 1514 4401 illa
1537 4349 1813 4417 quidpiam
1843 4350 2102 4417 proferat,
2144 4350 2196 4405 in

632 4435 964 4505 impietatem
991 4437 1291 4491 delabatur.
1316 4435 1435 4490 Non
1475 4438 1620 4491 enim
1670 4437 1736 4493 de
1788 4439 2043 4509 operibus
2077 4449 2199 4496 tan-

2344 2523 2452 2576 Καὶ
2476 2521 2632 2585 ἄλλος
2661 2511 3018 2585 ἐπιδεικτικὸς
3052 2523 3359 2594 προθυμίας
3400 2524 3515 2593 μετ’
3545 2521 3686 2593 ᾠδῆς
3711 2520 3815 2595 ρξ’.

2345 2615 2458 2668 Καὶ
2478 2615 2506 2666 ὁ
2547 2614 2646 2684 μὲν
2668 2615 3066 2684 προτρεπτικὸς
3095 2618 3174 2676 εἰς
3198 2616 3418 2686 ἀνδρίαν
3440 2615 3557 2667 ἐστὶ
3581 2619 3654 2667 π’.

2351 2707 2413 2760 Ol
2432 2706 2487 2759 δὲ
2513 2705 2867 2776 κατηγορικοὶ
2893 2704 3000 2758 τῶν
3022 2705 3233 2760 ἀσεϐῶν
3261 2707 3354 2761 καὶ
3384 2704 3716 2775 παρανόμων
3741 2703 3854 2754 εἰσὶ

2281 2795 2345 2866 β’,
2371 2803 2459 2865 ιγ’,
2500 2796 2594 2859 λε’,
2635 2802 2750 2859 va’,
2785 2794 2884 2865 νβ’.

2352 2886 2462 2938 Kal
2500 2887 2528 2938 ὁ
2565 2885 2662 2955 μὲν
2691 2883 3027 2956 ἐπικλήσεως
3061 2885 3173 2937 ἐστι
3201 2883 3269 2937 δ’.

2351 2979 2413 3030 Ol
2444 2977 2500 3029 δὲ
2526 2976 2827 3028 ἐπευκτικά
2855 2975 3308 3043 ἀπαγγέλλουσιν,
3343 2973 3417 3037 ὡς
3455 2971 3516 3027 ιϐ’
3556 2973 3650 3027 καὶ
3681 2971 3759 3039 ξγ¹

2349 3069 2460 3121 Kal
2489 3070 2536 3120 οἰ
2579 3068 2676 3137 μὲν
2698 3067 3019 3137 καυχήσεως
3046 3066 3142 3135 τῆς
3167 3067 3224 3119 ἐν
3264 3065 3453 3134 Κυρίῳ
3487 3063 3862 3132 ἀπαγγέλλονς

2210 3193 2253 3251 c
2283 3177 2373 3223 τες
2399 3159 2587 3228 λόγους
2625 3159 2734 3212 elo“:
2792 3159 2874 3229 κβ¹
2907 3157 3001 3210 καὶ
3027 3163 3139 3222 κζ’,
3173 3156 3272 3226 λη’,
3305 3154 3380 3208 λθ⁹
3402 3197 3416 3222 ,
3445 3153 3564 3227 μα’,
3614 3155 3715 3223 ξα’,
3762 3162 3867 3218 σε’,

2286 3258 2398 3321 πγ’.
2432 3256 2546 3319 Hc’.
2573 3249 2682 3323 ιιη⁹ν
2719 3250 2854 3323 PW-

2353 3340 2417 3394 Οί
2443 3341 2499 3394 δὲ
2523 3339 2861 3411 ἐντρεπτικοί
2897 3341 3000 3393 εἰσι
3036 3338 3133 3402 νζ,
3167 3335 3280 3392 ποί.

2358 3431 2467 3483 Kal
2487 3432 2536 3484 οἱ
2574 3432 2669 3500 μὲν
2695 3431 2865 3501 ὕμνου
2892 3433 3109 3502 ῥήματα
3148 3431 3365 3498 λέγουσι
3395 3431 3501 3500 με’,
3538 3430 3630 3496 ξδ’.

2370 3524 2428 3576 '0
2457 3523 2512 3576 δὲ
2542 3522 2856 3593 ἀλαλαγμοῦ
2894 3523 2987 3575 καὶ
3011 3522 3140 3592 περὶ
3165 3522 3513 3586 ἀναστάσεως
3555 3520 3646 3585 ξε’.

2362 3613 2473 3667 Kal
2492 3613 2676 3684 ἔτερος
2709 3612 3023 3684 ἀλαλαγμοῦ
3057 3612 3213 3682 μόνον
3246 3614 3464 3683 ῥήματα
3489 3612 3633 3680 λέγει
3661 3610 3768 3677 ἦθ’.

2371 3793 2451 3841 ιε’.
2490 3787 2756 3857 Τοιαύτης
2791 3783 2882 3840 οὖν
2914 3788 3008 3858 τῆς
3051 3787 3344 3854 διατάξεως
3378 3787 3544 3859 οὔσης
3573 3789 3681 3843 τῶν
3719 3791 3873 3844 Ψαλ-

2297 3878 2433 3950 μῶν,
2457 3879 2570 3932 ἔστι
2600 3879 2783 3932 λοιπὸν
2806 3879 3029 3934 δυνατὸν
3061 3881 3186 3943 τοὺς
3229 3881 3652 3952 ἐντυγχάνοντας
3685 3883 3872 3953 εὑρεῖν

2297 3977 2354 4026 ἐν
2386 3974 2623 4043 ἑκάστῳ,
2655 3972 2798 4025 καθά
2823 3975 3100 4040 προεῖπον,
3125 3973 3191 4026 τὰ
3222 3975 3491 4045 κινήματα
3524 3977 3617 4027 καὶ
3654 3976 3752 4048 τήν
3773 3993 3874 4031 κα-

2295 4065 2555 4118 τάστασιν
2586 4046 2684 4133 τῆς
2740 4062 2874 4126 ἰδίας
2906 4059 3104 4134 ψυχῆς,
3156 4063 3329 4128 οὕτως
3382 4083 3441 4117 τε
3471 4067 3598 4137 περὶ
3638 4046 3873 4121 ἑκάστου

2297 4156 2387 4209 τὸν
2425 4155 2594 4208 τύπον
2639 4156 2732 4208 καὶ
2763 4155 2860 4224 τὴν
2889 4155 3238 4210 διδασκαλίαν
3262 4174 3273 4184 ⁸
3299 4157 3391 4209 καὶ
3417 4156 3535 4209 τίνα
3575 4157 3672 4228 μὲν
3699 4157 3877 4227 λέγων

2299 4249 2554 4320 ἀρέσκειν
2584 4248 2803 4302 δύναται
2835 4247 2911 4317 τῷ
2954 4248 3143 4319 Κυρίῳ
3167 4291 3181 4314 ,
3214 4249 3300 4301 διά
3332 4248 3498 4301 ποίων
3526 4249 3583 4302 δὲ
3615 4250 3879 4320 ῥημάτων

2301 4343 2491 4396 ἐαυτὸν
2524 4341 2865 4413 διορθοῦσθαι
2898 4340 3140 4407 δύναται,
3170 4343 3263 4395 καὶ
3285 4343 3628 4413 εὐχαριστεῖν
3653 4341 3728 4412 τῷ
3760 4343 3879 4395 Κύ-

2306 4436 2426 4506 ρίῳ,
2455 4434 2594 4506 ὑπὲρ
2620 4433 2714 4486 τοῦ
2743 4434 2815 4504 μὴ
2843 4434 2921 4496 εἰς
2960 4433 3214 4486 ἀσέδειαν
3265 4434 3550 4485 ἐκπίπτειν
3596 4433 3686 4486 τὸν
3725 4433 3879 4503 παρά

634 4525 935 4589 tummodo,
967 4526 1059 4580 sed
1093 4526 1158 4579 de
1209 4526 1358 4578 omni
1385 4528 1549 4580 verbo
1578 4528 1755 4583 otioso
1803 4529 2072 4583 rationem
2104 4527 2198 4582 Ju-

2304 4525 2528 4579 τοιαῦτα
2579 4525 2824 4592 λέγοντα.
2859 4525 2930 4577 Οὐ
2961 4523 3069 4596 γὰρ
3116 4524 3277 4594 μόνον
3332 4524 3459 4592 περὶ
3520 4523 3629 4577 τῶν
3676 4524 3879 4594 ἔργων,

634 4615 742 4669 dici
781 4631 972 4670 sumus
1009 4615 1278 4671 reddituri
1315 4617 1378 4669 ".
1406 4615 1464 4670 Si
1518 4618 1681 4686 igitur
1713 4621 2022 4689 quempiam
2066 4621 2196 4676 bea-

637 4719 750 4762 tum
779 4707 1074 4777 praedicare
1102 4711 1362 4771 volueris,
1421 4711 1590 4765 habes
1637 4726 1744 4781 qua
1779 4714 2014 4778 ratione,
2046 4725 2098 4769 et
2141 4717 2197 4771 in

636 4815 766 4868 quo,
800 4809 855 4855 et
883 4816 1005 4870 quae
1035 4801 1219 4857 dicere
1251 4803 1470 4868 debeas,
1527 4805 1796 4873 psalmum
1829 4807 2035 4861 scilicet
2067 4811 2121 4873 1,
2147 4819 2202 4863 et

637 4891 728 4955 51,
755 4899 809 4944 et
827 4889 918 4953 40,
944 4899 997 4944 et
1048 4890 1167 4957 111,
1201 4903 1254 4946 et
1280 4892 1402 4958 118,
1450 4902 1504 4947 et
1533 4895 1652 4949 127.
1694 4889 1751 4949 Si
1806 4899 2203 4967 reprehendere

639 4981 877 5035 volueris
907 4979 1134 5035 insidias
1167 4979 1481 5038 Judaeorum
1529 4987 1789 5041 adversus
1833 4987 2201 5056 Salvatorem,

642 5069 812 5124 habes
837 5072 1130 5125 secundam
1161 5070 1342 5125 odam.
1365 5071 1419 5126 Si
1451 5090 1481 5126 a
1515 5073 1621 5127 tuis
1650 5077 2082 5141 persecutionem
2113 5094 2206 5147 pa-

642 5161 830 5226 tiaris,
894 5161 1158 5230 multique
1217 5163 1504 5217 adversum
1562 5175 1614 5221 te
1660 5168 1986 5238 insurgant,
2040 5170 2206 5224 dlcito

642 5253 866 5306 tertium
928 5255 1219 5322 psalmum.
1281 5254 1436 5321 Quod
1491 5259 1538 5313 si
1590 5258 1820 5316 afflictus
1871 5261 2206 5316 invocaveris

644 5343 960 5410 Dominum,
985 5356 1038 5400 et
1063 5347 1352 5402 exauditus
1385 5349 1588 5416 gratias
1643 5367 1803 5420 agere
1831 5353 1988 5420 velis,
2037 5353 2208 5422 psalle

644 5444 899 5504 quartum
932 5446 987 5489 et
1017 5438 1086 5490 74
1107 5447 1160 5492 et
1193 5439 1316 5491 114.
1345 5439 1402 5493 Si
1452 5441 1729 5511 improbos
1754 5443 1978 5500 insidias
2018 5460 2210 5516 paran-

650 5535 730 5580 tes
772 5528 1138 5596 conspiciens,
1199 5533 1501 5586 orationem
1543 5543 1689 5588 tuam
1743 5537 1967 5592 auribus
2006 5539 2208 5607 percipi

647 5615 907 5683 volueris,
938 5618 1107 5688 psalle
1151 5621 1430 5678 matutinis
1493 5623 1641 5680 horis
1686 5625 1958 5696 quintum.
2005 5627 2060 5683 Si
2107 5627 2211 5684 Do-

731 5794 775 5828 ”
805 5795 990 5857 Matth.
1027 5815 1120 5866 xu,
1147 5800 1232 5855 56.

2305 4618 2440 4672 ἀλλά
2468 4618 2562 4671 καὶ
2595 4618 2722 4688 περὶ
2753 4616 2925 4687 ἀργοῦ
2955 4618 3195 4689 ῥήματος
3240 4615 3530 4669 ἀποδοῦναι
3569 4615 3726 4684 λόγον
3763 4617 3884 4686 έχο-

2310 4727 2409 4780 μεν
2426 4709 2503 4778 τῷ
2523 4709 2720 4778 Κριτῇ.
2746 4708 2844 4758 'Av
2863 4724 2921 4759 τε
2948 4706 3126 4760 τοίνυν
3152 4705 3450 4776 μακαρίσαι
3481 4705 3600 4758 τινὰ
3625 4704 3882 4779 θελήσῃς,

2308 4801 2449 4871 ἔχεις
2481 4799 2596 4864 πῶς
2629 4799 2728 4864 δεῖ,
2759 4799 2854 4852 καὶ
2885 4799 2976 4852 ἐπὶ
3007 4799 3133 4860 τίνι,
3160 4799 3253 4850 καὶ
3287 4798 3409 4851 τίνα
3435 4797 3516 4850 δεῖ
3543 4798 3742 4866 λέγειν,
3791 4799 3884 4851 τόν

2308 4911 2366 4946 τε
2387 4900 2434 4946 α’
2466 4895 2558 4946 καὶ
2587 4893 2677 4945 τὸν
2701 4892 2804 4956 λα’,
2831 4892 2925 4945 καὶ
2950 4898 3023 4962 μ’,
3047 4892 3141 4944 καὶ
3175 4897 3300 4962 ρια’,
3329 4891 3424 4943 καὶ
3457 4898 3582 4962 ριη’,
3610 4893 3704 4945 καὶ
3732 4889 3847 4962 px?
3869 4910 3882 4923 ο

2310 4986 2374 5040 ἄν
2401 5003 2459 5038 τε
2497 4984 2814 5056 μέμψασθαι
2859 4985 2957 5055 τὴν
2996 4984 3262 5036 Ἰουδαίων
3294 4985 3436 5038 κατά
3496 4984 3588 5038 τοῦ
3635 4985 3887 5056 Σωτῆρος

2313 5075 2623 5146 ἐπιϐουλὴν,
2665 5074 2806 5144 ἔχεις
2838 5073 2936 5143 τὴν
2978 5073 3235 5143 δευτέραν
3265 5073 3427 5146 ᾠδήν.
3481 5074 3578 5126 ’Ἂν
3608 5073 3664 5126 δὲ
3713 5073 3885 5144 διώκῃ

2314 5167 2462 5239 παρά
2488 5167 2594 5220 τῶν
2618 5167 2782 5229 ἰδίων,
2813 5166 2907 5219 καὶ
2936 5166 3162 5229 πολλοὺς
3185 5165 3312 5237 ἔχῃς
3329 5167 3453 5228 τοὺς
3478 5165 3887 5231 ἐπαναστάντας

2315 5260 2454 5313 κατά
2489 5259 2604 5326 σοῦ,
2637 5259 2760 5327 λέγε
2787 5259 2878 5312 τὸν
2912 5265 2959 5327 γ’
2988 5257 3219 5328 ψαλμὸν.
3250 5259 3312 5310 Εἰ
3347 5257 3403 5310 δὲ
3433 5256 3604 5319 οὕτως
3643 5255 3889 5325 θλιϐόμε-

2316 5370 2403 5416 νος
2437 5351 2752 5404 ἐπεκαλέσω
2783 5350 2873 5402 τὸν
2913 5349 3135 5419 Κύριον,
3171 5351 3263 5401 καὶ
3309 5348 3681 5411 εἰσακουσθεὶς
3716 5348 3890 5412 θέλεις

2317 5445 2689 5515 εὐχαριστεῖν,
2729 5441 2898 5510 ψάλλε
2943 5441 3034 5493 τὸν
3065 5440 3341 5511 τέταρτον,
3387 5441 3481 5493 καὶ
3511 5439 3602 5505 οδ’,
3643 5441 3734 5492 καὶ
3769 5441 3884 5509 ριδ’.

2319 5537 2427 5589 Kal
2452 5536 2564 5602 ἐὰν,
2602 5535 2679 5587 ἔτι
2700 5535 2824 5596 τοὺς
2855 5533 3319 5603 πονηρευομένους
3354 5532 3564 5602 βλέπων
3590 5532 3889 5600 ἐνεδρεύειν

2312 5628 2591 5696 θέλοντας,
2619 5625 2964 5690 ἐνωτίζεσθαί
2991 5643 3081 5679 σου
3104 5625 3263 5697 θέλῃς
3283 5626 3382 5697 τὴν
3411 5624 3593 5696 εὐχὴν,
3624 5624 3888 5696 ὀρθρίζων
