4032 6426
219 398 282 452 29
1355 393 1694 450 EPISTOLA
1733 393 1824 446 AD
1860 388 2377 446 MARCELLINUM.
3398 396 3467 449 50

217 511 272 563 τὸ
299 511 446 582 πρωῒ
475 511 642 579 ψάλλει
664 510 756 564 τὸν
790 517 852 562 ε’.
875 508 1204 580 Δίσθόμενος
1233 509 1286 562 δέ
1312 509 1542 576 ἀπειλῆς
1563 509 1656 562 τοῦ
1683 509 1760 562 Κυ

1863 503 2026 562 ,ιηἰηί
2053 503 2537 558 comminationem
2596 502 2858 565 senseris,
2905 510 3062 572 teque
3094 519 3156 557 ea
3185 505 3252 559 de
3297 521 3462 586 causa

215 601 356 670 ρίου,
392 601 489 653 ἐὰν
535 601 623 654 διὰ
659 599 818 652 τοῦτο
854 599 1254 670 ταραττόμενον
1303 597 1525 650 σεαυτὸν
1565 597 1786 667 βλέπῃς,

209 689 436 746 ὃῗινασαι
469 693 648 762 λέγειν
670 693 760 747 τὸν
789 690 841 758 ς’
875 694 968 747 καὶ⁵
1000 693 1092 745 τὸν
1130 691 1226 755 λζ’.
1265 692 1392 746 Ἐάν
1427 691 1483 744 δὲ
1533 693 1625 744 καὶ
1665 691 1787 760 βου-

213 784 476 838 λεύωνται
504 802 649 849 τινες
691 785 832 840 κατά
865 785 959 838 σοῦ
987 827 1002 851 ,
1029 785 1104 848 ὡς
1133 786 1161 838 ό
1214 784 1493 854 Ἀχιτόφελ
1527 783 1666 838 κατά
1692 783 1785 837 τοῦ

209 877 395 942 Lam,
448 878 542 931 καὶ
576 876 734 931 τοῦτό
766 876 848 930 σοί
889 894 973 940 τις
1017 877 1326 949 ἀπαγγείλῃ
1349 919 1364 942 ,
1397 877 1562 946 ψάλλε
1599 876 1689 930 τὸν
1719 875 1784 941 ζ’,

209 971 304 1024 καὶ
351 969 544 1041 θάῥρει
571 969 650 1041 τῷ
684 969 930 1040 ρυομένῳ
951 987 1011 1022 σε
1038 969 1176 1040 Θεῷ.
1229 985 1284 1001 ’θ

279 1065 377 1124 ις’.
403 1059 626 1113 Βλέπων
667 1060 725 1113 δὲ
758 1061 857 1131 τὴν
896 1060 1170 1130 πανταχοῦ
1209 1060 1368 1131 χάριν
1414 1059 1506 1114 τοῦ
1537 1061 1784 1131 Σωτῆρος

207 1150 597 1221 ἐκτεταμένην,
627 1152 720 1203 καὶ
751 1150 920 1203 σωθὲν
937 1151 999 1204 τὸ
1025 1152 1180 1219 γένος
1203 1151 1312 1205 τῶν
1333 1151 1656 1224 ἀνθρώπων,
1687 1151 1784 1205 ἐὰν

209 1244 545 1312 προσφωνεῖν
591 1241 749 1313 θέλῃς
897 1243 1104 1314 Κυρίῳ,
1129 1268 1132 1271 ·
1158 1243 1324 1314 ψάλλε
1361 1243 1450 1298 τὸν
1491 1252 1558 1314 η’.
1623 1244 1782 1298 Ἀλλά

205 1330 367 1383 πάλιν
402 1325 531 1401 ᾆσαι
563 1329 738 1393 θέλεις
763 1330 1058 1402 ἐπιλήνιον,
1091 1331 1428 1401 εὐχαριστῶν
1455 1331 1534 1401 τῷ
1567 1330 1776 1401 Κυρίῳ,

202 1423 346 1492 εχεις
368 1421 530 1475 αὑτὸν
559 1421 722 1476 πάλιν
741 1421 832 1474 τὸν
862 1420 911 1494 η’
941 1422 1034 1476 καὶ
1058 1421 1149 1475 τὸν
1181 1429 1290 1490 πγ’.
1332 1423 1454 1476 Ἐπὶ
1481 1423 1538 1475 δὲ
1563 1421 1642 1492 τῷ
1656 1439 1782 1475 κατ-

199 1513 484 1583 ηργῆσθαι
515 1512 607 1566 τὸν
661 1512 855 1585 ἐχθρὸν
893 1515 988 1566 καὶ
1018 1513 1290 1567 σεσῶσθαι
1323 1515 1422 1585 τὴν
1467 1514 1664 1580 κτίσιν,
1703 1514 1779 1585 μὴ

200 1601 555 1673 καυχώμενος
611 1605 702 1657 ἐπὶ
736 1604 916 1675 σαυτῷ
945 1643 958 1666 ,
993 1603 1128 1657 ἀλλά
1176 1604 1329 1668 εἰδὼς
1367 1605 1456 1658 τὸν
1506 1605 1634 1658 Υἰὸν
1682 1605 1777 1658 τοῦ

197 1694 334 1746 Θεοῦ
365 1693 523 1747 τοῦτο
556 1693 996 1766 κατορθώσαντα,
1028 1694 1150 1762 λέγε
1184 1695 1275 1748 τὸν
1317 1698 1396 1758 είς
1434 1697 1595 1750 αὑτὸν
1626 1698 1778 1768 είρη-

199 1783 362 1851 μένον
396 1782 442 1834 θ’
489 1783 723 1854 ψαλμόν.
784 1785 892 1838 Ka‘t
933 1785 1031 1838 ἐάν
1063 1785 1184 1838 λίαν
1237 1786 1297 1838 σέ
1345 1803 1430 1850 τις
1481 1787 1775 1859 ταράσσειν

1891 594 2276 649 conturbatum
2318 592 2544 656 videris,
2583 599 2736 661 potes
2791 593 2972 647 dicere
3011 594 3044 648 6
3077 605 3130 650 et
3152 596 3241 653 57.
3281 595 3338 652 Si
3368 600 3462 653 ad-

1890 703 2108 742 versum
2162 696 2214 742 te
2245 686 2488 757 quipiam
2548 687 2838 741 consilium
2872 687 3140 754 dederint,
3200 693 3464 760 quemad-

1889 780 2110 834 modum
2136 778 2457 849 AchitOphel
2487 778 2751 834 adversus
2807 777 3088 845 Davidem,
3116 789 3171 835 et
3225 785 3330 838 hoc
3363 784 3461 838 tibi

1889 872 2088 941 aliquis
2115 871 2412 938 renuntiet,
2443 870 2614 940 psalle
2631 870 2684 937 7,
2715 880 2768 925 et
2786 869 3016 926 Domino
3046 873 3262 929 conﬁde
3285 876 3381 945 qui
3409 886 3462 931 te

1888 964 2158 1019 liberabit.

1958 1055 2046 1108 16.
2068 1054 2313 1109 Cernens
2341 1053 2641 1109 Salvatoris
2668 1053 2896 1124 gratiam
2927 1053 3131 1123 ubique
3180 1055 3455 1122 diﬂ‘usam,

1884 1149 2338 1218 redemptumque
2363 1161 2535 1216 genus
2563 1146 2888 1210 humanum,
2924 1147 2972 1201 si
3023 1146 3226 1216 alloqui
3272 1146 3457 1202 Domi-

1884 1255 2016 1294 num
2040 1240 2198 1307 velis,
2233 1250 2486 1294 octavum
2523 1239 2762 1308 psallito.
2804 1238 2863 1294 Si
2886 1255 3106 1294 rursum
3140 1255 3241 1309 pro
3271 1249 3455 1296 torcu-

1883 1330 2093 1385 laribus
2121 1329 2326 1400 gratias
2352 1345 2518 1399 agens
2553 1327 2788 1383 Domino
2839 1343 3036 1384 canere
3067 1330 3324 1394 volueris,
3355 1331 3456 1386 lia-

1881 1420 1978 1476 bes
1997 1419 2248 1475 eumdem
2288 1419 2321 1474 8
2347 1429 2400 1474 et
2431 1420 2521 1474 83.
2558 1418 2665 1475 Pro
2710 1420 2942 1475 victoria
2997 1420 3066 1476 de
3124 1422 3368 1488 inimico,
3399 1434 3453 1477 et

1880 1522 2143 1569 creaturae
2193 1513 2538 1578 liberatione,
2614 1528 2684 1567 ne
2733 1514 2787 1567 in
2840 1515 3010 1582 teipso
3046 1514 3315 1584 glorieris,
3357 1519 3451 1572 sed

1878 1621 2080 1676 gnarus
2141 1605 2245 1660 hoc
2310 1604 2479 1660 fuisse
2550 1604 2872 1674 praeclarum
2913 1605 3126 1659 facinus
3171 1604 3292 1660 Filii
3333 1606 3452 1669 Dei.

1879 1698 2045 1752 recita
2081 1698 2456 1767 supradictum
2490 1696 2760 1765 psalmum
2809 1711 3042 1750 nonum.
3087 1694 3219 1752 Etsi
3251 1707 3301 1752 te
3326 1699 3451 1768 quis

1878 1802 2025 1843 metu
2056 1789 2385 1843 conturbare
2414 1788 2668 1854 voluerit,
2702 1787 2840 1842 habe
2863 1797 2920 1841 tu
2970 1786 3225 1842 ﬁduciam
3263 1789 3319 1842 in
3348 1788 3454 1844 Do-

194 1873 379 1946 ἐθέλῃ,
414 1875 504 1944 ἔχε
559 1877 623 1933 σὺ
649 1875 747 1946 τὴν
780 1876 1106 1947 πεποίθησιν
1150 1878 1229 1940 είς
1269 1879 1359 1930 τὸν
1409 1878 1645 1950 Κύριον,
1679 1879 1760 1931 καῖ

1877 1876 2050 1941 mino,
2099 1885 2153 1930 et
2180 1876 2352 1945 psalle
2381 1876 2678 1931 decimum.
2719 1875 2857 1929 Cum
2913 1875 3209 1930 multorum
3260 1893 3449 1947 super-

193 1966 366 2033 ψάλλε
389 1966 479 2018 τὸν
514 1973 565 2017 ι’.
609 1967 776 2020 Ὅταν
802 1967 860 2020 δὲ
883 1969 984 2039 τὴν
1015 1969 1122 2022 τῶν
1156 1968 1364 2021 πολλῶν
1391 1969 1772 2040 ὑπερηφανίαν

194 2056 314 2126 ἴδῃς
344 2057 438 2108 καὶ
459 2056 854 2120 πλεονάζουσαν
878 2058 974 2128 τήν
1000 2059 1220 2123 κακίαν,
1254 2057 1394 2111 ὥστε
1434 2059 1596 2129 μηδὲν
1626 2060 1770 2113 ὅσιον

193 2147 282 2200 ἐπ’
317 2146 624 2216 ἀνθρώποις
658 2150 938 2217 γενέσθαι,
986 2150 1266 2220 κατάφυγε
1297 2152 1361 2204 σὺ
1409 2153 1501 2204 ἐπὶ
1530 2151 1620 2205 τὸν
1656 2151 1771 2205 Κύ-

191 2258 335 2311 ριον,
369 2241 463 2294 καὶ
490 2241 615 2310 λέγε
651 2242 741 2296 τὸν
773 2248 860 2296 ια’.
921 2241 1370 2312 Ἐγχρονιζούσης
1408 2242 1463 2294 δέ
1488 2243 1582 2312 τῆς
1617 2243 1769 2312 παρά

188 2333 306 2386 τῶν
334 2333 543 2407 ἐχθρῶν
573 2334 862 2404 ἐπιϐουλῆς
881 2373 895 2397 ,
941 2334 1015 2404 μὴ
1047 2333 1298 2404 ὀλιγώρει
1341 2333 1416 2395 ὡς
1457 2333 1767 2402 ἐπιλησθεὶς

189 2425 350 2497 παρά
375 2426 451 2495 τῷ
478 2425 616 2496 Θεῷ,
644 2426 779 2479 ἀλλὰ
806 2426 1108 2494 παρακάλει
1146 2424 1236 2479 τὸν
1269 2424 1473 2494 Κύριον
1507 2424 1650 2496 ᾄδων
1673 2424 1766 2478 τὸν

188 2515 286 2584 ιβ’.
331 2516 582 2568 Ἐπειδὰν
617 2516 1076 2587 βλασφημούντων
1113 2515 1272 2568 τινῶν
1311 2515 1452 2569 κατά
1489 2516 1588 2586 τῆς
1620 2517 1762 2588 Προ-

184 2606 342 2668 νοίας
373 2606 632 2677 ἀκούσῃς,
669 2607 744 2679 μὴ
775 2605 1018 2662 κοινώνει
1058 2607 1158 2676 μὲν
1191 2607 1370 2662 αὐτῶν
1414 2610 1480 2677 τῇ
1518 2608 1762 2677 ἀσεϐείᾳ,

184 2695 536 2765 ἐντυγχάνων
561 2695 617 2748 δὲ
644 2696 722 2767 τῷ
755 2697 893 2768 Θεῷ,
917 2697 1040 2766 λέγε
1065 2698 1156 2750 τὸν
1191 2703 1257 2765 ιγ’
1284 2698 1378 2751 καὶ
1397 2696 1494 2766 νβ’.
1525 2698 1631 2748 Καὶ
1652 2697 1763 2749 λοι-

186 2789 294 2840 πὸν
323 2788 417 2841 ἐάν
449 2788 610 2861 θέλῃς
651 2787 841 2860 μαθεῖν
871 2791 1052 2853 ὁποῖός
1079 2791 1193 2842 ἐστι
1215 2789 1312 2859 τῆς
1343 2787 1619 2858 βασιλείας
1653 2788 1762 2842 τῶν

184 2879 438 2948 οὐρανῶν
459 2882 487 2932 ὁ
511 2880 755 2948 πολίτης,
780 2879 947 2947 eam
973 2880 1064 2933 τὸν
1097 2880 1176 2933 ιδ’.

261 2969 351 3034 ιζ’.
399 2970 715 3042 Προσευχῆς
766 2987 848 3023 σοι
881 2971 1037 3041 χρεία
1076 2971 1164 3025 διὰ
1194 2973 1319 3036 τοὺς
1369 2971 1764 3043 ἀνθεστηκότας

184 3081 275 3117 σοι
307 3064 402 3116 καὶ
425 3064 775 3134 περιέχοντάς
803 3079 895 3117 σου
921 3063 1018 3136 τὴν
1043 3064 1239 3136 ψυχὴν,
1267 3061 1358 3136 ᾆδε
1393 3066 1485 3119 τὸν
1527 3071 1622 3129 ις’,
1668 3064 1762 3117 καὶ

1873 1965 2019 2020 biam
2065 1967 2269 2022 videris
2327 1968 2841 2037 improhitatemque
2891 1968 3116 2022 modum
3161 1969 3448 2034 excedere,

1873 2055 2031 2112 ita'ut
2053 2057 2186 2111 nihil
2211 2069 2460 2114 sanctum
2489 2058 2543 2112 in
2575 2059 2890 2113 hominibus
2941 2061 3265 2129 reperiatur,
3317 2077 3447 2116 con-

1871 2146 1996 2217 fuge
2043 2157 2098 2203 tu
2130 2149 2198 2204 ad
2244 2148 2558 2214 Dominum,
2596 2159 2650 2205 et
2689 2149 2776 2205 dic
2817 2150 3186 2205 undecimum.
3236 2151 3440 2218 Quodsi

1869 2236 2145 2293 diuturna:
2177 2239 2289 2294 sint
2321 2239 2667 2295 inimicorum
2711 2240 2943 2306 insidia,
2969 2257 3036 2297 ne
3081 2244 3268 2298 animo
3313 2244 3448 2300 deti-

1868 2328 2011 2392 cias,
2045 2330 2204 2398 quasi
2225 2329 2486 2386 Dominus
2526 2332 2595 2387 sit
2630 2332 2706 2387 tui
2735 2333 2958 2398 oblitus,
3000 2336 3100 2390 sed
3127 2335 3319 2391 invoca
3341 2335 3446 2391 Do-

1869 2418 2100 2482 minum,
2166 2434 2369 2474 canens
2411 2420 2684 2475 decimum
2719 2424 3044 2478 secundum.
3078 2423 3215 2480 Cum
3263 2438 3443 2482 autem

1871 2510 2137 2579 quosdam
2182 2511 2422 2567 audieris
2473 2512 2914 2582 blasphemantes
2963 2515 3226 2572 adversus
3253 2517 3444 2573 Provi-

1868 2602 2130 2668 dentiam,
2171 2604 2282 2656 noli
2323 2619 2512 2658 eorum
2565 2604 2828 2674 impietati
2868 2608 3313 2674 communicare;
3346 2610 3443 2664 sed

1867 2692 2102 2752 Domino
2128 2696 2460 2765 supplicans,
2502 2697 2670 2752 recita
2694 2699 2762 2753 l3
2787 2705 2842 2754 et
2873 2699 2962 2754 5‘2.
3013 2699 3219 2766 Quodsi
3254 2709 3444 2771 postea

1864 2783 2107 2839 ediscere
2133 2786 2312 2856 cupis.
2342 2787 2649 2857 qualisnam
2697 2788 2770 2844 sit
2798 2790 2931 2844 civis
2951 2793 3114 2861 :regni
3152 2793 3441 2858 caelorum,

1864 2877 2033 2946 psalle
2066 2877 2150 2931 M.

1937 2967 2026 3021 l7.
2067 2967 2326 3024 Oratione
2368 2985 2505 3041 opus
2557 2981 2640 3025 est
2678 2972 2774 3028 tibi
2821 2983 3043 3043 propter
3093 2973 3440 3031 adversarios

1865 3066 2007 3124 tuos,
2044 3069 2098 3114 et
2136 3076 2268 3125 eos,
2306 3063 2401 3131 qui
2431 3063 2772 3119 circumdant
2817 3066 3055 3120 animam
3089 3073 3238 3121 tuam
3264 3108 3281 3132 ,
3306 3084 3440 3124 cane

181 3155 280 3208 τὸν
309 3161 413 3220 πε’,
444 3155 538 3207 καὶ
568 3154 660 3208 τὸν
691 3154 799 3220 πζ¹,
836 3156 929 3208 καὶ
963 3155 1051 3207 τὸν
1088 3162 1196 3225 ρμ’.
1248 3155 1408 3208 Ἀλλὰ
1451 3155 1623 3218 θέλεις
1655 3171 1760 3225 μα-

1867 3147 1937 3202 ‘16
1959 3188 1974 3210 ,
2011 3143 2115 3216 85,
2149 3149 2219 3204 87
2248 3159 2302 3204 et
2333 3151 2455 3205 140.
2487 3153 2559 3206 At
2601 3153 2684 3209 vis
2734 3155 2876 3211 scire
2921 3158 3196 3226 quomodo
3224 3157 3441 3230 Moyses

181 3246 326 3310 θεῖν,
367 3244 482 3307 πῶς
517 3243 757 3312 Μωῦσῆς
781 3242 1145 3312 προσηύξατο,
1177 3243 1320 3314 ἔχεις
1339 3244 1430 3297 τὸν
1466 3244 1575 3298 πθ’.
1620 3243 1758 3296 Ἀλλ’

178 3335 399 3404 ἐσώθης
423 3334 534 3387 ἀπὸ
553 3333 662 3386 τῶν
692 3332 900 3404 ἐχθρῶν
932 3350 1046 3397 σου,
1074 3333 1168 3386 καὶ
1212 3333 1484 3405 ἐρῤύσθης
1515 3335 1624 3388 ἀπὸ
1651 3333 1759 3388 τῶν

177 3425 486 3479 διωκόντων
513 3441 595 3489 σε,
621 3419 714 3495 ᾆδε
751 3425 846 3478 καὶ
879 3426 944 3478 σὺ
970 3426 1060 3479 τὸν
1093 3423 1156 3488 ιζ’
1180 3425 1412 3496 ψαλμόν.
1446 3426 1759 3497 Θαυμάςεις

178 3517 283 3584 τὴν
311 3513 411 3584 τῆς
432 3514 662 3578 κτίσεως
688 3513 860 3580 τάξιν,
896 3514 987 3566 καὶ
1035 3515 1134 3586 τὴν
1161 3517 1240 3579 εἰς
1271 3514 1441 3584 αὐτὴν
1479 3515 1577 3586 τῆς
1615 3516 1757 3585 Προ-

176 3605 330 3670 νοίας
371 3606 557 3678 χάριν,
593 3604 686 3659 τοῦ
734 3623 794 3658 τε
837 3605 1001 3676 νόμου
1049 3605 1116 3658 τά
1161 3604 1280 3675 ίερά
1336 3605 1753 3676 προστάγματα,

171 3698 351 3768 sane
374 3701 464 3751 τὸν
495 3705 562 3768 ιη’
588 3699 681 3752 καὶ
707 3697 795 3748 τὸν
819 3703 923 3764 κγ’.
955 3695 1313 3768 Θλιϐομὲνους
1357 3696 1414 3748 δὲ
1454 3695 1618 3768 ὁρῶν,
1648 3714 1756 3750 πα-

177 3789 408 3861 ρακάλει
429 3787 671 3852 τούτους,
696 3789 1056 3859 ἐπευχόμενος
1081 3787 1173 3841 καὶ
1201 3787 1372 3856 λέγων
1395 3789 1579 3852 αὐτοῖς
1602 3789 1670 3842 τὰ
1699 3792 1757 3843 ἐν

171 3881 257 3954 τῷ
285 3883 347 3936 ιθ¹
374 3879 576 3951 ψαλμῷ
607 3881 846 3951 ῥήματα.
897 3880 1060 3950 Ὁρᾷς
1095 3879 1317 3932 σεαυτὸν
1342 3880 1758 3950 ποιμαινόμενον

173 3977 274 4032 καὶ
302 3972 653 4041 εύοδούμενον
677 3972 827 4042 παρά
863 3971 957 4026 τοῦ
975 3972 1202 4043 Κυρίου,
1226 3971 1432 4042 χαίρων
1463 3973 1554 4024 ἐπὶ
1584 3975 1757 4044 τούτῳ

169 4067 341 4136 eam
370 4065 462 4118 τὸν
484 4065 589 4135 κβ’.
616 4067 678 4118 Οί
707 4065 891 4135 ἐχθροὶ
923 4065 1050 4135 περὶ
1080 4064 1161 4128 σὲ,
1187 4063 1322 4117 ἀλλὰ
1354 4065 1418 4117 σὺ
1449 4065 1548 4136 τὴν
1578 4064 1755 4137 ψυχὴν

171 4154 420 4224 ἐπαίρων
456 4155 592 4225 πρὸς
621 4153 786 4215 Θεὸν,
835 4152 958 4220 λέγε
985 4152 1074 4206 τὸν
1110 4153 1208 4215 κδ’,
1253 4153 1348 4206 καί
1384 4153 1502 4223 ὄψει
1534 4153 1756 4218 τούτους

169 4241 626 4314 ἁμαρτάνοντας
656 4241 956 4308 διακενῆς.
1023 4243 1402 4312 Ἐπιμένουσιν
1457 4247 1505 4297 οί
1549 4247 1752 4316 ἐχθροὶ,

170 4335 324 4390 οὐδὲν
349 4336 539 4405 ἕτερον
565 4334 597 4404 ἢ
632 4333 729 4397 τὰς
757 4337 942 4407 χεῖρας
977 4334 1189 4405 ἔχοντες
1219 4337 1464 4406 αἱμάτων
1504 4337 1750 4408 πλήρεις,

173 4427 266 4479 καὶ
300 4425 593 4496 ζητοῦντες
620 4422 840 4476 ἐλκῦσαί
875 4440 935 4476 σε
965 4424 1059 4477 καὶ
1091 4424 1386 4489 ἀπολέσαι,
1416 4425 1490 4496 μὴ
1519 4426 1623 4496 δῷς
1660 4428 1754 4479 ἀν-

1863 3241 2120 3306 oraverit,
2148 3239 2318 3296 habes
2351 3242 2746 3312 octogesimum
2788 3262 3014 3301 nonum.
3049 3245 3335 3305 Liberatus
3375 3266 3437 3306 es

1859 3332 1929 3386 ab
1963 3332 2200 3388 inimicis
2253 3333 2365 3389 tuis
2412 3344 2468 3389 et
2509 3345 2756 3391 servatus
2793 3352 2823 3391 a
2867 3339 3320 3408 persequentibus
3350 3351 3437 3407 te,

1859 3436 1996 3476 cane
2041 3431 2094 3476 et
2127 3431 2184 3476 tu
2225 3423 2499 3478 decimum
2542 3427 2832 3495 septimum
2878 3428 3172 3498 psalmum.
3222 3429 3438 3487 Miraris

1859 3521 2065 3566 natura:
2093 3513 2336 3568 ordinem
2376 3524 2430 3569 et
2459 3515 2819 3572 Providentia:
2847 3521 3076 3590 gratiam
3107 3522 3161 3576 in
3194 3523 3283 3578 illa
3303 3565 3320 3590 ,
3350 3525 3432 3580 le-

1856 3603 2046 3672 gisque
2081 3619 2234 3658 sacra
2258 3617 2546 3676 praecepta,
2571 3609 2740 3677 psalle
2775 3611 2843 3664 18
2864 3618 2918 3666 et
2945 3611 3035 3665 23.
3070 3611 3207 3668 Cum
3233 3615 3435 3671 videris

1858 3693 2105 3761 afﬂictos,
2140 3698 2427 3752 consolare
2467 3698 2588 3754 illos
2618 3699 2754 3756 bene
2779 3703 3072 3772 precando,
3103 3719 3168 3760 ac
3204 3705 3433 3762 dicendo

1858 3786 1964 3843 illis
1992 3789 2155 3844 verba
2191 3789 2388 3845 decimi
2427 3791 2554 3846 noni
2596 3791 2813 3861 psalmi.
2850 3790 3010 3848 Vides
3046 3803 3097 3849 te
3127 3810 3158 3848 a
3200 3794 3433 3851 Domino

1857 3879 2005 3946 pasci
2055 3895 2117 3934 ac
2145 3880 2327 3950 dirigi,
2359 3882 2463 3935 hac
2499 3881 2551 3933 in
2579 3896 2636 3935 re
2668 3883 2909 3951 gaudens
2938 3884 3107 3953 psalle
3133 3885 3225 3941 22.
3271 3885 3430 3941 Inva-

1857 3970 1991 4024 dunt
2017 3978 2067 4022 te
2101 3971 2308 4024 inimici
2342 3971 2442 4038 tui,
2471 3981 2526 4025 at
2559 3983 2615 4026 tu
2639 3974 2876 4028 animam
2901 3975 3117 4045 erigens
3146 3977 3212 4031 ad
3247 3976 3432 4033 Domi-

1856 4073 1985 4111 num
2013 4058 2098 4112 dic
2137 4059 2230 4124 24,
2267 4069 2321 4114 et
2361 4060 2570 4116 videbis
2621 4064 2796 4133 inique
2835 4074 3044 4134 agentes
3090 4082 3426 4136 supervacue.

1853 4142 2182 4218 Exspectant
2207 4150 2450 4217 inimici,
2480 4152 2614 4205 nihil
2645 4153 2907 4209 habentes
2939 4155 3085 4211 aliud
3112 4173 3275 4227 quam
3308 4175 3426 4213 ma.

1857 4253 1959 4291 nus
1986 4239 2250 4308 sanguine
2295 4240 2511 4307 plenas,
2559 4255 2624 4294 ac
2669 4251 2979 4308 quaerentes
3020 4251 3074 4295 te
3120 4258 3314 4298 vexare
3363 4260 3428 4300 ac

1854 4329 2095 4396 perdere,
2127 4345 2194 4383 ne
2215 4330 2428 4384 deferas
2456 4331 2664 4384 homini
2685 4331 2975 4399 judicium,
3001 4343 3252 4402 suspecta
3279 4335 3424 4390 enim

1855 4428 1984 4474 sunt
2025 4423 2206 4475 omnia
2238 4421 2514 4489 humana;
2548 4424 2642 4488 sed
2672 4423 2840 4478 Deum
2867 4425 3103 4494 judicem
3139 4427 3425 4496 postulans

170 4517 377 4592 θρὼπῳ
401 4517 464 4569 τὸ
486 4519 658 4588 κρῖμα
685 4515 925 4584 (ὕποπτα
951 4517 1059 4587 γὰρ
1080 4517 1256 4569 πάντα
1287 4516 1355 4570 τά
1381 4515 1747 4588 ἀνθρώπινα)ο

1863 4510 2028 4578 [solus
2070 4512 2212 4566 enim
2245 4512 2334 4566 ille
2370 4512 2562 4582 judex)
2584 4555 2599 4579 ,
2635 4514 2724 4569 dic
2767 4514 2872 4580 25,
2901 4516 2971 4569 54
2993 4556 3007 4580 ,
3030 4516 3120 4570 42.
3160 4516 3218 4570 Si
3246 4519 3426 4572 acrius

172 4609 312 4663 ἀλλά
347 4609 440 4662 τὸν
471 4607 605 4660 Θεὸν
641 4607 808 4674 ἀξιῶν
861 4609 1055 4680 κριτὴν
1099 4607 1351 4676 γενέσθαι
1392 4608 1593 4679 (μόνος
1641 4609 1749 4679 γὰρ

170 4703 335 4765 αὐτὸς
366 4699 630 4770 δίκαιος),
657 4699 782 4768 λέγε
810 4700 878 4753 τὰ
912 4703 969 4753 ὲν
1001 4699 1080 4770 τῷ
1129 4707 1206 4753 κε’
1228 4740 1243 4764 ,
1277 4699 1369 4753 καὶ
1396 4701 1487 4754 τὸν
1535 4701 1628 4765 λδ’,
1655 4703 1749 4754 καὶ

168 4795 260 4846 τὸν
286 4791 393 4864 μβ’.
440 4791 563 4844 Ἐὰν
597 4792 653 4845 δὲ
683 4791 777 4844 καὶ
797 4791 1128 4862 τραχύτερον
1159 4791 1475 4856 ἐπίθωνται,
1498 4793 1591 4844 καὶ
1619 4793 1751 4862 πλῆ-

169 4884 260 4948 θος
283 4884 358 4947 ὡς
384 4882 727 4954 παρεμϐολαὶ
755 4883 1018 4950 γένωνται
1040 4883 1087 4934 οἱ
1114 4881 1317 4952 ἐχθροὶ,
1349 4882 1749 4953 καταφρονοῦν-

167 4990 256 5036 τες
302 4972 380 5035 ὼς
438 4973 602 5043 μήπω
638 4989 730 5023 σου
765 4972 1096 5042 χρισθέντος,
1130 4971 1225 5023 καὶ
1270 4971 1358 5025 διά
1396 4970 1554 5024 τοῦτο
1589 4972 1746 5025 πολε-

171 5067 293 5134 μεῖν
323 5063 625 5127 ἐθέλοντες⁹
659 5064 733 5134 μὴ
757 5063 984 5134 πτήξῃς,
1015 5062 1127 5115 ἀλλ’
1154 5059 1247 5134 ᾆδε
1277 5063 1368 5116 τὸν
1399 5070 1490 5127 κς’
1512 5064 1743 5132 ψαλμὸν.

180 5154 400 5223 Ἐπειδὴ
441 5155 499 5208 δὲ
529 5154 764 5226 ἀσθενής
821 5156 967 5207 ἐστιν
1021 5155 1055 5224 ἡ
1085 5155 1245 5223 φύσις
1271 5155 1380 5209 τῶν
1420 5155 1742 5227 ἀνθρώπων,

166 5247 262 5302 ἐὰν
290 5245 452 5299 πάλιν
495 5229 920 5316 ἀναισχυντῶσιν
960 5248 1008 5299 οί
1045 5247 1514 5315 ἐπιϐουλεύοντες,
1552 5250 1637 5302 ἴνα
1669 5249 1743 5320 μὴ

166 5339 304 5408 πρὸς
330 5337 575 5400 ἐκείνους
602 5337 732 5408 ἔχῃς
752 5339 850 5408 τὴν
882 5337 1096 5409 σχολὴν,
1126 5339 1296 5410 κράζε
1320 5339 1455 5411 πρὸς
1475 5340 1566 5394 τὸν
1589 5339 1739 5402 Θεὸν,

165 5428 338 5496 λέγων
371 5429 440 5482 τά
464 5429 522 5481 ἐν
551 5428 628 5498 τῷ
658 5429 760 5492 κζ’.
801 5431 911 5482 Καὶ
947 5429 1042 5482 ἐὰν
1073 5429 1233 5500 θέλῃς
1261 5432 1598 5502 εὐχαριστῶν
1635 5448 1741 5500 μα-

168 5519 279 5572 θεῖν
332 5517 452 5580 πῶς
504 5519 586 5571 δεῖ
615 5519 944 5589 προσφέρειν
982 5519 1059 5590 τῷ
1108 5523 1318 5592 Κυρίῳ,
1349 5523 1555 5594 νοητῶς
1606 5523 1741 5576 νοῶν

165 5609 333 5677 ψάλλε
361 5609 455 5664 τὸν
487 5615 593 5679 κη’.
620 5611 727 5662 Καὶ
755 5609 938 5664 λοιπὸν
985 5612 1304 5679 ἐγκαινίζων
1348 5613 1437 5665 τὸν
1470 5608 1615 5666 οἶκόν
1648 5630 1738 5666 σου

166 5701 265 5768 τήν
292 5716 352 5751 τε
382 5699 563 5770 ψυχὴν
584 5700 683 5770 τὴν
711 5701 800 5752 τὸν
824 5700 1027 5771 Κύριον
1049 5702 1450 5773 ὑποδεχομένην
1475 5743 1488 5764 ,
1525 5703 1617 5755 καὶ
1650 5704 1739 5756 τὸν

168 5792 480 5860 σωματικὸν
508 5787 676 5854 οἷκον,
705 5795 760 5844 έν
783 5785 828 5860 ᾧ
858 5793 1186 5862 σωματικῶς
1232 5797 1502 5856 κατοικεῖς
1522 5834 1536 5857 ,
1574 5795 1738 5864 εὐχαο

171 5883 358 5965 piant,
396 5883 490 5936 καὶ
523 5882 643 5950 λέγε
688 5885 774 5938 τόν
802 5902 858 5938 τε
887 5884 965 5936 κθ¹
1013 5889 1104 5939 καὶ
1136 5887 1222 5943 τὸν
1265 5889 1321 5938 ἐν

1853 4601 2058 4658 instent
2101 4613 2156 4658 et
2207 4619 2319 4673 prae
2359 4605 2707 4660 multitudine
2734 4609 2890 4675 quasi
2927 4609 3199 4664 exercitus
3222 4607 3426 4665 fuerint

1853 4694 2077 4758 inimici,
2112 4705 2164 4750 te
2194 4705 2451 4764 tanquam
2489 4698 2728 4752 nondum
2764 4709 2984 4754 unctum
3031 4700 3419 4770 despicientes,

1851 4791 2084 4859 ideoque
2116 4805 2430 4861 Oppugnare
2469 4791 2669 4856 velint;
2709 4809 2777 4846 ne
2820 4791 3113 4859 formides,
3161 4796 3253 4849 sed
3288 4811 3422 4851 eane

1851 4883 2172 4936 vicesimum
2227 4891 2442 4936 sextum
2479 4883 2772 4952 psalmum.
2822 4883 2892 4937 At
2935 4885 3192 4954 quoniam
3246 4887 3419 4942 imbe-

1849 4975 1971 5029 cilla
2000 4984 2083 5029 est
2120 4975 2404 5028 hominum
2449 4984 2641 5028 natura
2666 5013 2682 5039 ,
2719 4974 2764 5029 si
2789 4974 3132 5044 impudenter
3164 4977 3420 5034 insistant

1849 5065 2225 5129 insidiatores,
2281 5079 2348 5120 ne
2384 5066 2631 5120 attendas
2679 5066 2813 5135 ipsis
2839 5107 2854 5131 ,
2887 5067 2981 5120 sed
3027 5067 3093 5120 ad
3127 5065 3419 5124 Dominum

1848 5157 2042 5220 clama,
2063 5157 2249 5212 dicens
2278 5158 2441 5211 verba
2471 5157 2714 5212 vicesimi
2742 5157 2978 5227 septimi.
3007 5157 3161 5223 Quod
3203 5159 3249 5213 si
3296 5175 3418 5229 gra-

1846 5246 1950 5301 tias
1976 5247 2183 5316 agendo
2209 5249 2453 5301 ediscere
2480 5247 2634 5311 velis,
2655 5247 2933 5316 quomodo
2962 5257 3206 5316 oporteat
3227 5248 3420 5303 oﬂ‘erre

1849 5334 2109 5401 Domino,
2137 5336 2490 5405 spiritualiter
2529 5335 2833 5406 intelligens
2877 5337 3048 5404 psalle
3097 5337 3415 5394 vicesimum

1844 5437 2116 5482 octavum.
2150 5427 2216 5482 Et
2259 5429 2478 5482 demum
2517 5443 2642 5482 cum
2692 5428 2914 5482 domum
2963 5440 3109 5481 tuam
3156 5428 3416 5495 dedicas,

1845 5518 1948 5572 hoc
1977 5529 2062 5572 est
2091 5519 2330 5572 animam
2364 5528 2534 5582 tuam,
2565 5533 2685 5587 quae
2715 5517 3006 5572 Dominum
3035 5518 3236 5588 excipit
3259 5559 3274 5583 ,
3304 5519 3414 5574 imo

1843 5607 2155 5663 sensibilem
2206 5609 2464 5672 domum,
2519 5607 2572 5660 in
2609 5623 2716 5677 qua
2763 5608 3120 5677 corporaliter
3161 5607 3410 5672 habitas,

1843 5699 2045 5768 gratias
2076 5715 2193 5770 age,
2227 5710 2278 5755 ct
2302 5701 2388 5756 die
2421 5701 2736 5758 vicesimum
2763 5713 2988 5766 nonum,
3010 5709 3064 5755 et
3088 5713 3152 5755 ex
3181 5697 3413 5768 gradua.

1843 5793 1989 5849 libus
2021 5793 2142 5846 126.

1362 5889 1471 5950 τοῖς
1500 5889 1830 5964 ἀναϐαθμοῖς
1866 5896 2008 5962 ρκς’.
