4032 6436
590 402 656 460 31
1427 402 1483 457 S.
1529 401 1902 458 ATHANASII
1942 401 2092 459 OPP.
2134 399 2149 453 l

2250 401 2318 456 {S
2357 403 2438 456 ΙΙΙ.
2482 434 2546 442 -
2588 401 2996 456 ΕΧΕΟΕΤΙΕΑ.
3755 408 3827 464 32

667 521 754 578 t8.
795 523 930 578 Cum
956 531 1135 578 autem
1160 529 1208 576 te
1232 521 1300 575 ab
1323 521 1575 577 omnibus
1628 523 1820 578 amicis
1845 531 1898 578 et
1915 525 2149 593 cognatis

2336 521 2424 592 ιη’.
2462 521 2629 573 Ὅταν
2656 521 2713 573 δέ
2747 519 2940 572 σαυτὸν
2976 517 3062 571 διά
3102 519 3198 587 τὴν
3223 518 3476 589 ἀλήθειαν
3504 520 3827 591 μισούμενον

600 623 818 685 propter
862 612 1143 667 veritatem
1178 611 1304 665 odio
1331 610 1516 666 haberi
1546 614 1906 683 perspexeris,
1942 628 2009 667 ne
2041 614 2157 682 ejus

599 705 671 759 rei
707 719 872 759 causa
912 703 1154 756 animum
1183 701 1541 772 despondeas,
1587 719 1761 773 neque
1786 713 1965 768 notos,
1991 705 2080 774 qui
2108 715 2158 758 te

601 802 937 859 aversantur,
973 793 1316 859 reformides,
1349 794 1440 848 sed
1468 794 1536 848 ab
1568 794 1675 848 illis
1711 804 1762 848 te
1793 810 2080 865 segregans
2106 804 2158 848 et

592 887 780 940 futura
840 886 1170 954 respiciens,
1222 885 1392 954 psalle
1445 885 1798 940 tricesimum.
1853 885 2158 955 Baptizatos

598 989 778 1031 autem
824 989 877 1032 et
904 995 932 1031 a
962 979 1303 1048 corruptibili
1331 979 1675 1048 generatione
1704 979 2008 1047 redemptos
2033 993 2154 1032 cum

599 1069 830 1133 videris,
863 1067 954 1123 Dei
989 1069 1332 1122 clementiam
1380 1067 1697 1132 admirans,
1755 1081 1889 1121 cane
1942 1066 2153 1120 illorum

597 1163 770 1230 gratia
823 1161 1157 1214 tricesimum
1210 1161 1466 1230 primum.
1524 1159 1751 1226 Quando
1798 1175 1919 1215 cum
1973 1159 2156 1212 multis

598 1251 825 1319 psallere
875 1250 1139 1313 volueris,
1162 1251 1341 1320 justos
1403 1250 1549 1305 viros
1609 1258 1662 1306 et
1707 1251 1873 1320 probe
1915 1250 2154 1304 viventes

599 1356 934 1411 congregans
961 1380 975 1403 ,
1007 1341 1173 1410 psalle
1211 1341 1544 1395 tricesimum
1575 1340 1895 1395 secundum.
1932 1339 2068 1394 Cum
2103 1341 2153 1392 in

599 1433 782 1487 hostes
811 1431 1083 1495 incideris,
1118 1439 1172 1486 et
1207 1432 1499 1500 prudenter
1535 1432 1655 1487 illos
1687 1431 1966 1500 en‘ugeris,
1995 1440 2156 1500 atque

597 1523 955 1577 declinaveris
1008 1523 1076 1576 ab
1131 1537 1319 1576 eorum
1374 1521 1628 1588 insidiis;
1665 1522 1711 1575 si
1765 1521 1897 1575 velis
1952 1522 2155 1591 gratias

599 1629 756 1682 agere
775 1652 788 1676 ,
819 1613 963 1666 viros
989 1621 1310 1666 mansuetos
1339 1626 1676 1680 congregans
1700 1652 1715 1676 ,
1757 1612 1921 1679 psalle
1944 1627 2064 1665 cum
2090 1613 2155 1666 iis

599 1703 933 1757 tricesimum
980 1705 1216 1756 tertium.
1253 1704 1320 1757 Et
1363 1704 1406 1756 si
1441 1702 1640 1757 videris
1679 1703 1990 1772 iniquorum
2026 1718 2152 1772 erga

600 1795 863 1848 malitiam
895 1794 1162 1858 studium,
1199 1809 1265 1848 ne
1313 1794 1590 1848 existimes
1621 1794 1880 1847 malitiam
1905 1791 1979 1847 "in
2019 1794 2153 1864 ipsis

599 1884 898 1938 naturalem
931 1898 1051 1938 esse
1074 1924 1090 1948 ,
1121 1883 1445 1937 uthaaretici
1479 1884 1666 1950 aiunt,
1698 1885 1791 1939 sed
1817 1885 1904 1940 dic
1944 1885 2154 1941 tricesi-
2185 1880 2227 1934 Β

597 1991 744 2031 mum
773 1977 1044 2045 quintum,
1087 1975 1397 2046 videbisque
1438 1977 1584 2045 ipsos
1617 1977 1716 2031 sibi
1755 1979 2013 2046 peccandi
2052 1993 2155 2031 au-

597 2077 773 2123 ctores
794 2082 934 2123 esse.
955 2067 1011 2121 Si
1037 2068 1310 2137 improbos
1329 2068 1531 2123 ‘videris
1561 2069 1726 2124 multa
1754 2070 1935 2139 inique
1965 2084 2157 2139 perpe-

597 2168 762 2224 trare,
786 2169 946 2228 atque
970 2159 1256 2213 adversum
1287 2160 1510 2228 pusillos
1537 2161 1813 2229 insurgere
1833 2201 1847 2225 ,
1884 2169 1938 2213 et
1965 2161 2155 2215 volue-

600 2249 678 2302 ris
721 2248 934 2317 aliquos
990 2248 1279 2302 admonere
1329 2264 1398 2302 ne
1446 2249 1577 2317 ipsis
1631 2251 1944 2313 attendant,
1982 2265 2156 2319 neque

597 2339 920 2392 aemulentur
952 2338 1096 2403 illos,
1133 2339 1259 2408 quia
1283 2339 1431 2393 brevi
1472 2340 1712 2394 futurum
1759 2351 1842 2396 est
1877 2351 1935 2395 ut
1958 2343 2156 2396 exstin-

598 2441 859 2502 guantur,
899 2443 1005 2486 tam
1042 2433 1138 2487 tibi
1191 2432 1295 2503 ipsi
1344 2448 1505 2504 quam
1547 2435 1675 2490 aliis“
1707 2435 1792 2491 dic
1826 2438 2151 2492 tricesimum

596 2533 829 2577 sextum.

665 2742 751 2795 l9.
793 2737 927 2793 Cum
968 2755 1128 2810 porro
1178 2743 1273 2797 tibi
1319 2745 1593 2801 attendere
1646 2748 1932 2816 statueris,
1987 2750 2032 2805 si
2079 2749 2153 2804 ir-

595 2837 839 2880 ruentem
873 2827 1074 2883 videris
1099 2829 1309 2884 hostem
1344 2850 1356 2885 :
1393 2848 1516 2886 nam
1549 2834 1809 2889 adversus
1841 2836 2150 2906 huiusmodi

592 2919 841 2974 homines
873 2921 1051 2976 acrius
1079 2921 1167 2976 ille
1203 2923 1436 2994 insurgit
1465 2943 1476 2978 :
1513 2935 1666 2995 teque
1689 2928 1926 2985 volueris
1963 2930 2153 2985 adver-

591 3026 687 3064 sus
724 3009 873 3061 illum
912 3011 1182 3075 excitare,
1219 3011 1306 3066 die
1339 3013 1670 3069 tricesimum
1718 3028 1968 3073 octavum
2009 3019 2152 3088 psal-

592 3117 763 3155 mum.
816 3101 870 3154 Si
923 3102 1256 3158 irruentibus
1305 3106 1540 3163 inimicis
1584 3124 1854 3165 aerumnas
1885 3111 2148 3181 patiaris,

2266 615 2356 666 καὶ
2382 614 2710 684 διωκόμενον
2741 610 3133 681 παρά,πάντων
3162 611 3270 664 τῶν
3295 628 3354 664 τε
3387 611 3554 681 φίλων
3584 607 3676 665 καὶ
3705 630 3829 681 συγ-

2262 703 2433 772 γενῶν
2459 704 2682 775 βλέπῃς,
2719 703 2792 773 μὴ
2820 702 3027 765 τούτοις
3053 701 3185 772 μηδέ
3211 701 3387 773 σαυτῷ
3416 703 3692 758 κατανοῶν
3711 700 3825 758 θλι-

2263 796 2536 868 γωρήσῃς,
2563 795 2705 865 μηδ’,
2739 795 2804 847 ἂν
2835 794 2962 858 τοὺς
2999 793 3304 863 γνωρίμους
3354 793 3468 866 ῐδῃς
3495 795 3830 865 ἀποστρεφο-

2266 885 2460 953 μένους
2484 902 2564 949 σε,
2593 884 2819 956 πτήξῃς,
2845 883 2958 936 ἀλλ’
2980 883 3176 946 ἐκστὰς
3205 883 3312 936 ἀπὸ
3337 885 3558 948 τούτων,
3585 886 3677 938 καὶ
3701 902 3830 938 σκο-

2265 975 2380 1028 πῶν
2411 976 2477 1028 τά
2504 975 2785 1045 μέλλοντα,
2818 975 2984 1043 eme
3013 975 3102 1027 τὸν
3135 975 3198 1027 λ’.
3229 976 3366 1039 Τοὺς
3393 975 3450 1028 δέ
3497 976 3829 1048 βαπτιζομέ-

2261 1082 2384 1127 νους
2437 1066 2530 1116 καὶ
2558 1064 2953 1136 λυτρουμένους
3011 1064 3118 1117 ἀπὸ
3146 1064 3246 1134 τῆς
3277 1064 3521 1135 φθαρτῆς
3560 1066 3828 1130 γενέσεως

2263 1155 2495 1224 βλέπων,
2523 1159 2616 1210 καὶ
2645 1155 2934 1226 θαυμάζων
2955 1156 3055 1227 τὴν
3097 1155 3190 1208 τοῦ
3223 1156 3357 1208 Θεοῦ
3397 1156 3825 1227 φιλανθρωπίαν,

2261 1244 2352 1319 ᾆδε
2373 1250 2453 1310 είς
2481 1248 2722 1311 ἐκείνους
2752 1248 2840 1301 τὸν
2874 1246 2974 1302 λα’.
3017 1248 3126 1299 Ka‘t
3152 1248 3278 1300 ὅταν
3311 1246 3408 1317 μέν
3431 1246 3652 1316 ψάλλειν
3688 1248 3828 1318 μετά

2263 1339 2469 1392 πολλῶν
2499 1339 2710 1412 ἐθέλῃς,
2741 1340 2865 1402 τοὺς
2888 1338 3125 1402 δικαίους
3158 1339 3352 1410 ἀνδρας
3375 1340 3470 1392 καὶ
3495 1341 3618 1402 τοὺς
3634 1339 3828 1410 ὀρθοὺς

2259 1429 2338 1500 τῷ
2358 1430 2457 1500 βίῳ
2484 1429 2802 1498 συναγαγὼν
2825 1470 2839 1490 ,
2879 1429 3005 1498 λέγε
3037 1429 3130 1482 καὶ
3163 1429 3228 1481 σὺ
3257 1430 3347 1482 τὸν
3381 1429 3481 1501 λβ’.
3540 1417 3826 1499 Ἐμπεσὼν

2258 1519 2314 1572 δέ
2365 1522 2445 1581 είς
2476 1519 2602 1583 τοὺς
2635 1519 2859 1590 ἐχθροὺς
2880 1559 2893 1582 ,
2928 1520 3023 1572 καὶ
3069 1517 3248 1587 σοφῶς
3302 1518 3496 1582 αὐτοὺς
3526 1517 3824 1588 διαφυγὼν,

2262 1609 2355 1662 καὶ
2382 1610 2635 1672 ἐκκλίνας
2657 1609 2765 1662 ἀπὸ
2790 1609 2890 1678 τῆς
2918 1608 3207 1679 ἐπιϐουλῆς
3233 1608 3432 1671 αὐτῶν,
3464 1611 3512 1661 εί
3545 1607 3715 1673 θέλεις
3735 1609 3828 1662 εύ-

2259 1705 2602 1775 χαριστῆσαι.
2632 1702 2971 1770 συγκαλέσας
2995 1702 3120 1764 τοὺς
3149 1703 3341 1772 πραεῖς
3373 1699 3590 1771 ἀνδρας,
3620 1701 3706 1753 ἐπ’
3729 1702 3829 1755 αὺο

2257 1795 2365 1847 τῶν
2393 1795 2558 1865 ψάλλε
2589 1794 2679 1848 τὸν
2707 1793 2806 1862 λγ’.
2831 1792 2940 1846 Καὶ
2969 1792 3063 1844 ἐάν
3095 1791 3209 1863 ἴδῃς
3237 1791 3343 1844 τῶν
3366 1790 3826 1863 παρανομούντων

2255 1889 2352 1960 τὴν
2378 1891 2469 1941 ἐπὶ
2493 1888 2553 1940 τὸ
2579 1886 2745 1942 κακὸν
2781 1884 3108 1955 φιλονεικίαν
3138 1923 3153 1948 ,
3191 1884 3266 1954 μὴ
3320 1882 3505 1954 νόμιζε
3553 1887 3610 1938 ἐν
3641 1883 3827 1945 αὐτοῖς

2259 1979 2398 2034 κατά
2434 1980 2592 2049 φύσιν
2641 1978 2738 2050 τὴν
2773 1976 2966 2031 κακίαν
2994 1971 3156 2039 εἶναι,
3191 1971 3279 2028 οἷα
3316 1975 3562 2043 λέγουσιν
3595 1975 3646 2028 οί
3674 1976 3826 2046 αἰρεσ-

2257 2070 2397 2124 τικοί
2419 2088 2432 2100 ·
2478 2069 2613 2122 ἀλλά
2667 2068 2788 2137 λέγε
2815 2067 2906 2122 τὸν
2950 2067 3044 2130 λε’,
3078 2066 3172 2121 καὶ
3221 2066 3363 2135 ὄψει,
3411 2067 3492 2144 ὅτι
3545 2065 3695 2118 αὐτοὶ
3725 2064 3823 2118 τοῦ

2256 2162 2590 2234 ἁμαρτάνειν
2617 2160 2752 2213 εἰσὶν
2785 2160 2966 2213 αῐτιοι.
3009 2159 3132 2213 Ἐἀν
3187 2160 3245 2213 δέ
3281 2157 3446 2212 πολλὰ
3485 2156 3825 2228 πράττοντας

2255 2253 2431 2322 ἀνομα
2458 2251 2583 2314 τοὺς
2619 2251 2880 2322 πονηροὺς
2909 2250 3128 2320 βλέπῃς,
3173 2251 3266 2303 καὶ
3292 2249 3682 2321 ἐπαιρομένους
3726 2251 3825 2303 αύ-

2255 2343 2379 2405 τοὺς
2407 2342 2549 2396 κατά
2569 2341 2676 2394 τῶν
2707 2340 2936 2412 μικρῶν,
2971 2341 3064 2394 καὶ
3099 2341 3256 2414 θέλῃς
3289 2345 3572 2413 παραινεῖν
3598 2359 3709 2395 τισι
3743 2342 3821 2413 μὴ

2255 2432 2540 2503 προσέχειν
2574 2431 2803 2496 τούτοις,
2829 2432 2960 2502 μηδέ
2993 2429 3340 2502 παραζηλοῦν
3369 2432 3583 2496 αὐτοὺς,
3633 2432 3722 2486 διὰ
3757 2432 3825 2484 τὸ

2254 2520 2461 2589 ταχέως
2489 2520 2682 2582 αὐτοὺς
2725 2520 3185 2584 ἀποσϐέννυσθαι,
3214 2520 3338 2589 λέγε
3367 2520 3461 2573 καὶ
3499 2520 3683 2592 σαυτῷ
3726 2521 3824 2575 καὶ

2253 2615 2365 2676 τοῖς
2390 2610 2595 2682 ἐτέροις
2617 2611 2708 2664 τὸν
2737 2610 2845 2675 λς’.

2330 2745 2415 2799 ιϐ’.
2458 2743 2616 2798 Ἀλλά
2640 2743 2702 2813 δὴ
2721 2743 2814 2797 καὶ
2833 2743 2918 2808 σὺ,
2948 2741 3279 2813 προθέμενος
3309 2742 3593 2814 προσέχειν
3615 2744 3818 2815 σαυτῷ,

2254 2836 2347 2889 ἐὰν
2377 2837 2579 2907 βλέπῃς
2626 2835 3000 2906 ἐπιτιθέμενον
3030 2835 3120 2887 τὸν
3149 2833 3338 2905 ἐχθρὸν
3365 2832 3518 2904 (τότε
3543 2834 3650 2906 γὰρ
3679 2835 3820 2904 μᾶλ-

2253 2923 2341 2976 λον
2369 2924 2710 2994 ἐπεγείρεται
2735 2922 2874 2975 κατά
2899 2922 3006 2976 τῶν
3033 2921 3346 2992 τοιούτων),
3389 2922 3478 2976 καὶ
3502 2922 3662 2994 θέλῃς
3717 2924 3820 2976 ἐπ-

2252 3015 2491 3084 αλείφειν
2527 3014 2717 3067 σαυτὸν
2747 3014 2867 3067 κατ’
2893 3012 3077 3078 αὑτοῦ,
3106 3010 3198 3084 ᾆδε
3224 3013 3312 3067 τὸν
3340 3014 3419 3084 λη’
3455 3014 3682 3085 ψαλμόν.
3710 3016 3821 3068 Καὶ

2253 3109 2368 3174 ἐὰν,
2391 3107 2497 3159 τῶν
2518 3105 2723 3177 ἐχθρῶν
2753 3103 3164 3174 ἐπιτιθεμένων,
3183 3105 3456 3178 ύπομένῃς
3473 3107 3569 3170 τὰς
3586 3107 3816 3178 θλίψεις,

597 3191 937 3262 voluerisque
963 3193 1226 3258 ediscere,
1255 3206 1452 3264 quanta
1473 3197 1544 3252 sit
1570 3199 1621 3252 in
1643 3199 1897 3268 patientia
1923 3201 2146 3264 utili'tas.

2252 3199 2346 3253 καὶ
2399 3197 2555 3268 θέλῃς
2615 3195 2804 3268 μαθεῖν
2842 3196 2937 3267 τὴν
2989 3198 3053 3249 ἐκ
3088 3197 3186 3269 τῆς
3221 3198 3495 3269 ὑπομονῆς
3528 3199 3815 3268 ὠφέλειαν,

593 3283 761 3354 psalle
796 3285 1128 3340 tricesimum
1175 3302 1380 3341 nonum
1432 3291 1723 3358 psalmum.
1772 3292 1906 3346 Cum
1952 3294 2150 3351 multos

593 3376 744 3430 vides
769 3391 1034 3445 pauperes
1059 3385 1113 3429 et
1142 3377 1416 3433 mendicos
1439 3419 1452 3443 ,
1479 3390 1744 3450 Optasque
1772 3397 1960 3437 eorum
1987 3384 2151 3440 mise-

593 3468 723 3534 reri,
758 3468 958 3537 poteris
992 3469 1206 3537 quidem
1229 3486 1322 3525 eos
1347 3472 1437 3540 qui
1459 3471 1569 3540 jam
1595 3474 1714 3528 illos
1737 3476 1976 3530 miserati
2002 3486 2148 3544 sunt,

590 3560 834 3626 laudare,
858 3570 1190 3630 cacterosque
1219 3563 1283 3616 ad
1312 3562 1541 3632 idipsum
1575 3565 1845 3621 cohortari
1872 3610 1890 3635 ,
1920 3571 2148 3628 dicendo

589 3651 858 3721 psalmum
886 3652 1380 3722 quadragesimum.
1411 3652 1613 3710 Deinde
1634 3657 1678 3710 si
1712 3674 1906 3730 magno
1938 3660 2030 3717 Dei
2057 3664 2147 3719 de.

591 3737 789 3796 siderio
810 3739 1062 3811 ﬂagrans,
1093 3743 1331 3799 audieris
1348 3744 1596 3802 inimicos
1610 3749 1999 3817 exprobrantes
2021 3752 2144 3820 tibi,

589 3849 656 3889 ne
689 3833 955 3900 turberis;
983 3835 1075 3888 sed
1099 3835 1344 3907 cogitans
1379 3837 1740 3894 immortalem
1770 3855 1837 3895 ex
1882 3841 2147 3897 tali-desi-

587 3924 741 3980 derio
771 3923 1009 3978 fructum
1031 3962 1046 3988 ,
1080 3933 1228 3978 tuam
1271 3941 1367 3994 spe
1414 3927 1470 3981 in
1507 3926 1675 3983 Deum
1717 3931 2001 3987 consolare
2029 3933 2147 3986 ani-

586 4031 755 4082 mam,
779 4024 833 4070 et
853 4016 932 4070 sic
954 4016 1196 4071 allevans
1229 4015 1648 4089 demulcensque
1678 4021 1914 4084 dolores,
1947 4024 2144 4092 quibus

587 4104 677 4160 illa
709 4106 973 4176 premitur
1015 4105 1068 4159 in
1122 4105 1223 4160 hac
1271 4107 1412 4170 vita,
1445 4107 1533 4163 dic
1574 4108 1635 4162 4i
1686 4109 1971 4178 psalmum.
2005 4111 2140 4164 Cum

585 4197 802 4252 assidue
829 4197 1140 4252 meminisse
1171 4198 1408 4254 volueris
1443 4199 1830 4256 beneﬁciorum
1865 4200 1997 4268 Dei,
2023 4218 2144 4272 quae

585 4288 826 4356 patribus
851 4288 1046 4342 collata
1077 4299 1224 4354 sunt,
1261 4300 1314 4342 et
1345 4290 1519 4344 exitus
1551 4306 1616 4344 ex
1641 4289 1906 4364 Egypto,
1933 4308 2144 4347 necnon

585 4380 1030 4436 commorationis
1059 4381 1112 4434 in
1139 4381 1450 4444 solitudine,
1475 4393 1528 4437 et
1557 4400 1716 4453 quam
1740 4385 1945 4440 scilicet
1968 4387 2143 4443 bonus

585 4475 656 4530 sit
687 4473 849 4540 Deus,
886 4487 1046 4543 quam
1076 4482 1256 4527 autem
1280 4473 1474 4543 ingrati
1511 4474 1759 4531 homines
1797 4477 1939 4541 sint,
1976 4477 2142 4533 habes

2250 3291 2418 3363 ψάλλε
2445 3290 2536 3344 τὸν
2583 3290 2659 3344 λθ¹
2696 3290 2928 3360 ψαλμὸν.
2957 3290 3177 3343 Βλέπων
3211 3291 3268 3344 δὲ
3311 3291 3536 3356 πολλοὺς
3581 3293 3819 3363 πένητας

2250 3383 2343 3436 καλ⁵
2381 3381 2648 3452 πτωχοὺς,
2692 3381 2785 3432 καὶ
2817 3380 2988 3443 θέλεις
3019 3381 3283 3436 ἐλεεῖσθαι
3319 3384 3545 3448 αὐτοὺς,
3591 3385 3817 3441 δύνασαι

2247 3474 2371 3537 τοὺς
2394 3473 2490 3544 μέν
2521 3473 2618 3544 ήδη
2645 3471 2968 3543 ἐλεήσαντας
2990 3473 3367 3544 ἀποδέχεσθαι,
3397 3477 3522 3540 τοὺς
3541 3477 3597 3530 δέ
3622 3478 3818 3544 ἄλλους

2248 3566 2327 3629 είς
2359 3566 2418 3618 τὸ
2443 3567 2614 3619 ποιεῖν
2641 3565 3061 3638 προτρέπεσθαι,
3087 3567 3142 3617 ἐν
3166 3564 3242 3635 τῷ
3262 3566 3436 3634 λέγειν
3464 3568 3553 3620 τὸν
3584 3574 3655 3638 μ’.
3683 3567 3818 3624 Εἶτα

2247 3659 2364 3720 ἐὰν,
2403 3658 2542 3712 πάνυ
2569 3656 2658 3712 τὸν
2684 3658 2846 3711 πόθον
2878 3659 3014 3729 ἔχων
3044 3661 3124 3722 είς
3148 3659 3238 3713 τὸν
3264 3659 3416 3722 Θεὸν,
3451 3660 3689 3732 ἀκούσῃς
3707 3663 3818 3715 τῶν

2247 3749 2454 3820 ἐχθρῶν
2480 3749 2863 3814 ὀνειδιζόντων,
2900 3752 2974 3822 μὴ
2996 3751 3266 3822 ταράσσου
3290 3769 3302 3781 ·
3331 3752 3468 3806 ἀλλά
3501 3756 3697 3818 συνιεὶς
3725 3755 3816 3808 τὸν

2246 3843 2310 3896 ἐκ
2343 3842 2434 3895 τοῦ
2467 3842 2705 3897 τοιούτου
2751 3842 2913 3897 πόθου
2941 3843 3203 3897 ἀθάνατον
3233 3845 3464 3916 καρπὸν,
3508 3833 3815 3918 παρακάλει

2246 3933 2442 3987 σαυτοῦ
2472 3935 2568 4006 τὴν
2600 3934 2776 4006 ψυχὴν
2807 3937 2871 4005 τῇ
2901 3937 2980 3999 εἰς
3003 3935 3135 3988 Θεὸν
3166 3935 3362 4000 ἐλπίδι,
3386 3938 3672 4011 καὶταύτῃ
3701 3940 3816 3992 ἐπι-

2247 4025 2518 4094 κουφίζων
2555 4025 2647 4078 καὶ
2679 4025 3080 4096 καταπραῢνων
3139 4028 3237 4090 τὰς
3282 4028 3338 4081 ἐν
3385 4029 3463 4099 τῷ
3495 4029 3592 4101 βίῳ
3636 4029 3814 4094 λύπας

2244 4117 2432 4188 αὐτῆς,
2474 4116 2598 4185 λέγε
2633 4115 2724 4169 τὸν
2760 4124 2846 4188 μα’
2877 4117 3108 4189 ψαλμόν.
3146 4119 3388 4190 Συνεχῶς
3418 4120 3472 4172 δέ
3505 4122 3814 4195 ἀναμιμνή-

2247 4206 2468 4260 σκεσθαι
2496 4206 2663 4260 θέλων
2692 4205 2789 4271 τάς
2816 4208 3133 4280 εὐεργεσίας
3161 4210 3256 4263 τοῦ
3287 4211 3420 4263 Θεοῦ
3468 4211 3566 4276 τὰς
3587 4216 3814 4284 γενομέ-

2244 4315 2338 4360 νας
2364 4301 2442 4362 εἰς
2465 4298 2591 4362 τοὺς
2619 4299 2880 4370 πατέρας,
2906 4302 2999 4353 καὶ
3027 4318 3155 4373 περι
3185 4303 3284 4372 τῆς
3312 4302 3490 4368 ἐξόδου
3521 4305 3617 4375 τῆς
3642 4307 3811 4375 Αίγύ-

2244 4403 2377 4440 πτου
2399 4388 2491 4440 καὶ
2522 4389 2620 4459 τῆς
2665 4390 2722 4442 ἐν
2761 4391 2825 4460 τῇ
2852 4391 3041 4462 ἐρήμῳ
3068 4391 3339 4464 διαγωγῆς
3358 4435 3372 4459 ,
3418 4395 3534 4459 πῶς
3563 4413 3620 4448 τε
3649 4397 3676 4448 ὀ
3709 4397 3811 4469 μέν

2243 4475 2372 4540 Θεὸς
2399 4477 2617 4545 ἀγαθὸς,
2647 4480 2694 4531 οἱ
2711 4479 2764 4531 δέ
2785 4479 3058 4550 ἄνθρωποι
3084 4482 3386 4553 ἀχάριστοι,
3415 4485 3556 4555 ἔχεις
3582 4487 3671 4539 τὸν
3695 4496 3808 4558 μγ’,

585 4567 674 4628 45,
717 4566 803 4632 77,
843 4565 931 4629 88,
989 4565 1112 4630 104,
1170 4565 1291 4630 103,
1341 4565 1605 4629 106,115.
1653 4567 1788 4622 Cum
1846 4577 2024 4622 autem
2075 4569 2139 4624 ad

2250 4569 2337 4650 καῖ
2360 4568 2448 4622 τὸν
2476 4567 2571 4635 οξ’,
2601 4571 2694 4622 καὶ
2739 4576 2848 4641 πη’,
2883 4572 2975 4624 καὶ
3019 4572 3109 4627 τὸν
3144 4574 3218 4644 ρδ⁹
3243 4614 3257 4638 ,
3296 4576 3389 4627 καλ⁵
3421 4576 3513 4630 τὸν
3555 4587 3625 4650 ps’
3648 4621 3663 4647 ,
3699 4557 3810 4636 atat

581 4652 754 4712 Deum
798 4657 1135 4728 confugeris,
1181 4658 1440 4714 liberatus
1484 4657 1552 4711 ab
1591 4659 1846 4714 aerumnis
1887 4674 2007 4729 qua
2045 4660 2140 4714 tibi

583 4748 926 4808 acciderunt,
975 4747 1020 4801 si
1067 4746 1304 4800 volueris
1348 4746 1459 4801 Deo
1503 4747 1703 4816 gratias
1753 4761 1929 4817 agere,
1979 4755 2142 4814 atque

581 4853 836 4894 enarrare
856 4840 975 4908 ejus
1010 4855 1134 4910 erga
1161 4851 1213 4895 te
1241 4840 1606 4907 clementiam,
1639 4840 1807 4894 habes
1841 4843 2140 4912 quadrage-

582 4933 778 4986 simum
811 4931 1081 5002 quintum.

647 5066 738 5120 20.
778 5063 880 5119 Sed
915 5069 1172 5134 peccasti,
1203 5076 1256 5119 et
1282 5067 1484 5135 pudore
1514 5066 1738 5122 aﬂ‘ectus
1764 5070 2136 5137 paenitentiam

580 5155 692 5222 agis
716 5163 770 5208 et
797 5155 1221 5210 misericordiam
1248 5155 1480 5226 ﬂagitas,
1514 5156 1682 5210 habes
1705 5156 2064 5213 confessionis
2086 5169 2139 5214 et

582 5243 910 5312 paenitentiae
949 5244 1109 5298 verba
1145 5245 1198 5298 in
1231 5245 1442 5314 psalmo
1482 5247 1948 5316 quinquagesimo.
1981 5245 2135 5313 Quod

579 5336 623 5390 si
663 5336 800 5402 apud
847 5350 1021 5406 regem
1061 5337 1304 5405 iniquum
1338 5337 1661 5391 calumniam
1696 5354 1891 5408 passus
1929 5355 2020 5406 es,
2057 5341 2136 5392 vi,

576 5432 780 5498 desque
812 5429 1043 5499 superbe
1077 5429 1424 5488 insultantem
1451 5431 1918 5496 calumniatorem,
1946 5436 2134 5488 secede

579 5527 630 5572 tu
653 5559 667 5584 ,
700 5527 751 5572 et
775 5517 863 5572 dic
895 5534 955 5572 ea
987 5535 1107 5588 qua;
1136 5519 1188 5572 in
1227 5521 1287 5573 Sil
1315 5520 1601 5575 habentur.
1633 5521 1697 5575 Et
1726 5537 1848 5577 cum
1884 5532 1932 5577 te
1965 5525 2136 5600 aliqui

578 5619 993 5678 persequuntur,
1030 5620 1084 5663 et
1127 5611 1530 5664 calumniantur
1559 5623 1644 5676 te,
1686 5616 1828 5668 velut
1858 5613 2054 5684 Ziphzei
2082 5628 2136 5670 et

576 5701 830 5770 allophyli
886 5703 1140 5759 Davidem
1167 5747 1182 5772 ,
1223 5723 1289 5762 ne
1338 5716 1566 5763 mmstus
1612 5709 1726 5772 sis,
1769 5713 1861 5766 sed
1897 5708 2133 5768 Domino

581 5793 858 5852 conlidens
908 5813 1138 5868 cumque
1182 5799 1405 5857 laudans
1457 5801 1618 5860 recita
1662 5803 1728 5857 53
1771 5813 1819 5859 el
1867 5805 1952 5858 55.
1981 5803 2137 5869 Quod

2242 4647 2352 4730 ρς-”,
2389 4659 2484 4713 καὶ
2521 4667 2644 4730 ριγ¹.
2679 4661 3022 4730 Καταφυγὼν
3045 4662 3103 4715 δέ
3133 4665 3263 4735 πρὸς
3289 4666 3379 4718 τὸν
3407 4667 3538 4720 Θεὸν
3556 4647 3662 4722 *καὶ
3687 4671 3806 4725 δια-

2244 4752 2433 4815 σωθεὶς
2456 4753 2562 4806 ἀπὸ
2589 4753 2696 4805 τῶν
2732 4756 2857 4825 περὶ
2891 4755 2950 4807 σὲ
2981 4757 3286 4826 γενομένων
3313 4757 3566 4828 θλίψεων,
3601 4761 3697 4816 ἐάν
3727 4763 3810 4818 θέ-

2239 4843 2336 4916 λῃς
2367 4845 2756 4916 εὑχαριστῆσαι
2788 4846 2866 4917 τῷ
2896 4846 3033 4917 Θεῷ,
3088 4849 3180 4900 καὶ
3205 4849 3566 4921 διηγήσασθαι
3595 4853 3694 4924 τὴν
3726 4859 3810 4922 είς

2241 4936 2297 4988 σέ
2326 4937 2620 5006 γενομένην
2647 4937 3073 5009 φιλανθρωπίαν,
3104 4939 3247 5011 ἔχεις
3269 4941 3360 4995 τὸν
3388 4949 3489 5014 με’.

2311 5069 2378 5125 κ’.
2425 5073 2561 5125 Ἀλλ’
2595 5074 2838 5144 ἥμαρτες
2859 5113 2875 5138 ,
2927 5075 3020 5128 καὶ
3059 5077 3346 5149 ἐντραπεὶς
3377 5080 3807 5150 μεταγινώσκεις

2239 5165 2332 5216 καὶ
2369 5163 2651 5236 ἐλεηθῆναι
2671 5166 2859 5233 ἀξιοῖς,
2895 5168 3037 5238 ἔχεις
3065 5170 3190 5232 τοὺς
3221 5169 3322 5239 τῆς
3365 5169 3805 5242 ἐξομολογήσεως

2239 5255 2328 5306 καὶ
2365 5257 2650 5323 μετανοίας
2683 5257 2872 5325 λόγους
2903 5261 2962 5311 ἐν
2992 5259 3067 5329 τῷ
3097 5265 3158 5312 ν’.
3194 5259 3256 5313 Ei
3283 5260 3340 5312 δὲ
3382 5262 3476 5315 καὶ
3512 5262 3803 5336 διεϐλήθης

2239 5343 2457 5414 πονηρῷ
2491 5345 2718 5413 βασιλεῖ,
2749 5348 2840 5402 καὶ
2869 5349 3002 5418 ὁρᾷς
3024 5348 3114 5400 τὸν
3154 5349 3396 5404 διάϐολον
3439 5352 3801 5422 κατακαυχῶ-

2241 5453 2418 5504 μενον,
2449 5435 2738 5507 ἀναχὼρει,
2773 5439 2864 5492 καὶ
2890 5439 3012 5507 λέγε
3047 5441 3140 5493 καὶ
3169 5441 3232 5494 σὺ
3259 5441 3327 5494 τὰ
3356 5443 3414 5494 ἐν
3441 5441 3518 5513 τῷ
3537 5442 3636 5496 να’.
3689 5444 3800 5496 Καὶ

2235 5531 2322 5582 ὅτε
2355 5530 2452 5599 μὲν
2482 5530 2672 5604 διώκῃ,
2697 5531 2791 5586 καὶ
2819 5532 3159 5586 διαϐάλλουσί
3198 5551 3342 5598 τινες
3375 5533 3706 5605 παραδοῦναί
3737 5553 3797 5590 σε

2237 5621 2499 5684 θέλοντες,
2528 5623 2602 5685 ὠς
2630 5625 2679 5676 ot
2703 5625 2913 5692 Ζιφαῖοι
2956 5627 3048 5679 καὶ
3070 5628 3118 5679 οἱ
3159 5627 3440 5696 ἀλλόφυλοι
3485 5627 3576 5682 τὸν
3611 5630 3796 5693 Δαϐὶδ,

2240 5713 2312 5784 μὴ
2335 5713 2652 5786 ἀκηδιάσῃς,
2689 5715 2824 5768 ἀλλά
2859 5715 3073 5787 θαρρῶν
3107 5717 3183 5789 τῷ
3212 5719 3432 5790 Κυρίῳ,
3478 5721 3570 5776 καὶ
3613 5721 3798 5792 ὑμνῶν

2231 5807 2413 5861 αὑτὸν.
2452 5806 2574 5877 λέγε
2617 5807 2680 5860 τὰ
2714 5809 2771 5859 ἐν
2799 5807 2874 5878 τῷ
2903 5816 2980 5878 νγ⁹
3023 5811 3114 5862 καὶ
3157 5817 3248 5865 νε’.
3293 5811 3416 5864 Ἑάν
3452 5813 3509 5868 δέ
3546 5814 3637 5869 καὶ
3665 5832 3795 5867 συν-
