4032 6426
198 400 267 458 33
1304 382 1642 438 EPISTOLA
1682 385 1773 438 AD
1812 384 2332 442 MARCELLINUM.
3368 396 3439 454 54

198 514 385 586 δράμῃ
407 515 434 563 6
454 508 684 573 διώκων,
704 508 796 561 καὶ
821 506 894 577 μὴ
912 504 1191 574 γινώσκων
1215 502 1430 575 εἰσέλθῃ
1454 505 1532 567 είς
1557 503 1615 556 τὸ
1640 505 1769 575 σπή·

1878 506 1923 561 si
1971 507 2187 577 ingruat
2220 505 2522 575 persecutio
2547 548 2559 570 ,
2592 514 2647 561 et
2687 508 2999 578 imprudens
3034 526 3346 581 persecutor
3384 516 3437 567 in

198 607 354 659 λαιον
389 606 445 656 tv
474 596 517 669 ᾧ
548 602 641 653 καὶ
669 600 733 653 σὺ
755 598 989 670 κρύπτῃ,
1018 598 1140 668 μηδ’
1161 597 1331 660 οὕτως
1361 595 1569 667 πτήξῃς
1588 614 1601 626 ο
1630 596 1772 667 ἔχεις

201 694 311 763 γὰρ
340 693 467 752 τοὺς
492 692 549 741 ἐν
579 686 801 758 τοιαύτῃ
829 688 1041 756 ἀνάγκῃ
1064 685 1344 760 χρησμοὺς
1384 687 1464 749 εἰς
1497 687 1774 757 παράκλη-

204 804 289 838 σιν
318 786 414 837 καὶ
439 782 841 853 στηλογραφίας
868 780 1077 848 λόγους,
1102 780 1226 842 τοὺς
1248 781 1303 831 tv
1320 778 1397 849 τῷ
1424 785 1507 843 νς¹
1539 778 1775 841 καὶτοὺς

201 881 259 931 ὲν
293 879 373 947 τῷ
404 881 548 946 ρμα’.
602 874 727 926 Ἐὰν
753 873 809 925 δὲ
842 874 935 925 καὶ
962 872 1299 942 φυλαχθῆναι
1320 858 1323 861 ί
1342 871 1438 941 τὴν
1482 870 1659 924 οἰκίαν
1686 887 1775 923 κε-

201 968 374 1039 λεύσῃ
394 968 421 1018 ὁ
448 961 829 1025 ἐπιϐουλεύων,
857 961 950 1015 καὶ
976 961 1258 1031 διαφύγῃς,
1283 960 1523 1013 άνατίθει
1661 962 1774 1012 Κυ-

205 1060 305 1130 ρίῳ
329 1059 429 1129 τὴν
464 1056 642 1125 χάριν,
680 1054 754 1115 ὡς
782 1055 838 1105 tv
868 1053 1085 1122 στήλαις
1134 1054 1359 1123 γρὰᾳων
1415 1052 1582 1122 αὐτὴν
1627 1054 1683 1103 tv
1706 1054 1771 1122 τῇ

198 1152 373 1219 ψυχῇ,
411 1146 751 1219 μνημόσυνον
782 1139 945 1197 οὖσαν
990 1143 1083 1196 τοῦ
1112 1143 1185 1214 μὴ
1224 1142 1543 1211 διεφθάρθαι
1578 1160 1656 1207 σε,
1684 1144 1775 1195 καὶ⁵

200 1242 327 1309 λέγε
351 1239 418 1292 τὰ
449 1240 504 1291 tv
529 1235 609 1307 τῷ
640 1242 719 1305 νη¹
738 1234 952 1305 ψαλμῷ.
988 1234 1111 1287 Ἐὰν
1140 1234 1193 1286 δὲ
1216 1235 1306 1287 καὶ
1332 1234 1630 1297 ὀνειδίζωσι
1658 1234 1773 1287 θλί-

200 1333 389 1394 6οντες
422 1331 468 1381 οί
521 1327 725 1398 ἐχθροὶ,
778 1327 869 1379 καὶ
914 1324 1276 1395 φλυαροῦντες
1333 1325 1690 1379 διαϐάλλωσιν
1723 1328 1772 1379 οί

198 1422 484 1483 δοκοῦντες
513 1415 834 1488 εἷναιφίλοι,
875 1418 968 1470 καὶ
1000 1417 1245 1489 λυπηθῇς
1275 1420 1332 1471 tv
1377 1422 1442 1489 τῇ
1492 1418 1775 1491 ἀδολεσχίᾳ

200 1536 296 1570 σου
335 1517 472 1587 πρὸς
496 1514 695 1583 ὀλίγον,
720 1513 853 1567 ἀλλὰ
883 1512 1103 1566 δύνασαι
1139 1513 1562 1583 παρακαλεῖσθαι
1589 1514 1773 1583 ὑμνῶν

199 1610 295 1662 καὶ
329 1611 393 1661 σὺ
428 1608 518 1661 τὸν
562 1608 715 1671 Θεὸν,
754 1607 845 1660 καὶ
897 1606 1069 1675 λέγων
1113 1606 1181 1659 τὰ
1213 1609 1271 1659 tv
1302 1606 1379 1677 τῷ
1426 1607 1496 1659 νδ¹
1537 1607 1767 1678 ῥήματα.

199 1700 312 1753 Ka‘t
344 1700 479 1770 πρὸς
506 1698 605 1769 μὲν
624 1697 1082 1768 ὑποκρινομένους
1114 1699 1206 1751 καὶ
1244 1700 1302 1751 ὲν
1331 1698 1609 1769 προσώπῳ
1641 1716 1772 1751 καυ-

196 1792 482 1863 χωμένους
522 1791 647 1859 λέγε
680 1790 813 1861 πρὸς
854 1792 1119 1863 ἐντροπὴν
1152 1791 1371 1844 ἐκείνων
1419 1790 1507 1842 τὸν
1532 1788 1606 1854 νζ¹
1640 1791 1773 1859 ψαλ-

1877 612 1995 651 eam
2026 598 2337 667 speluncam
2380 598 2612 661 incidat,
2646 600 2696 653 in
2728 616 2835 669 qua
2878 613 2933 656 tu
2970 604 3341 671 absconderis,
3374 621 3439 660 ne

1880 686 2225 753 reformides;
2266 689 2432 744 habes
2458 692 2600 744 enim
2643 700 2695 745 et
2745 692 2797 745 in
2833 693 2921 745 tali
2969 694 3289 749 necessitate
3320 710 3439 765 per-

1882 780 2038 835 utiles
2059 781 2125 834 ad
2154 781 2575 835 consolationem
2594 792 2645 836 et
2670 784 2803 837 tituli
2834 785 3206 854 inscriptionis
3235 799 3439 840 sermo-

1880 887 1975 925 nes
1999 873 2051 923 in
2084 872 2308 941 psalmis
2330 871 2396 926 56
2429 882 2482 926 et
2520 874 2639 926 Mi.
2681 872 2737 927 Si
2790 887 2966 931 autem
3005 876 3228 945 jusserit
3260 893 3441 945 perse—

1880 971 2035 1017 cutor
2067 963 2323 1016 custodiri
2359 964 2579 1017 domum
2630 974 2776 1019 tuam
2799 1009 2812 1031 ,
2840 976 2893 1021 et
2940 978 3119 1022 tamen
3150 969 3398 1037 eﬂugeris
3424 1011 3437 1031 ,

1882 1052 1991 1107 Deo
2020 1053 2161 1107 refer
2193 1055 2419 1123 gratiam
2443 1096 2456 1119 ,
2492 1072 2721 1125 eamque
2750 1058 2802 1111 in
2840 1059 3018 1113 anima
3062 1069 3147 1113 tua
3195 1060 3351 1129 quasi
3388 1061 3439 1112 in

1880 1147 2039 1215 cippo
2071 1146 2329 1212 inscribe,
2355 1156 2415 1201 ut
2445 1150 2758 1203 memoriale
2786 1151 2854 1203 sit
2886 1159 2990 1204 tuae
3022 1152 3439 1216 incolumitatis,

1879 1244 1933 1290 et
1957 1236 2043 1289 die
2068 1252 2129 1291 ea
2155 1253 2275 1307 quae
2305 1248 2433 1293 sunt
2469 1239 2520 1292 in
2551 1240 2637 1294 53.
2678 1241 2732 1293 Si
2760 1252 2937 1295 autem
2970 1244 3295 1312 exprobrent
3320 1245 3438 1306 tibi,

1879 1327 1969 1395 qui
2014 1336 2063 1381 te
2091 1327 2329 1396 afﬂigunt
2376 1329 2583 1383 inimici
2637 1332 2707 1383 ltli
2735 1372 2747 1393 ,
2783 1340 2836 1385 et
2877 1334 2964 1402 qui
2998 1333 3243 1387 videntur
3278 1335 3441 1387 amici

1878 1434 1997 1474 esse
2026 1420 2101 1473 tui
2130 1461 2142 1483 ,
2181 1420 2533 1490 obloquentes
2572 1422 2945 1486 detraxerint,
2988 1434 3041 1476 et
3078 1424 3130 1477 in
3174 1424 3441 1478 exercita-

1880 1510 2024 1562 tione
2056 1517 2143 1563 tua
2170 1510 2236 1563 ad
2265 1510 2538 1564 modicum
2571 1513 2828 1580 temporis
2866 1513 3202 1567 contristeris
3223 1553 3237 1576 ,
3268 1523 3319 1567 et
3347 1528 3442 1583 po.

1881 1608 1961 1655 tes
2018 1616 2151 1655 sane
2201 1602 2429 1671 tcipsum
2488 1604 2756 1658 consolari
2810 1605 3024 1673 hymnis
3082 1604 3250 1658 Deum
3302 1604 3441 1659 cele-

1879 1692 2085 1746 brando
2131 1708 2194 1747 ac
2240 1694 2519 1747 recitando
2554 1696 2819 1764 psalmum
2850 1696 2939 1750 54.
2972 1695 3243 1751 Adversus
3275 1698 3443 1767 hypoc

1878 1785 2044 1837 critas
2093 1792 2147 1837 et
2189 1784 2240 1837 in
2283 1784 2420 1838 facie
2458 1785 2784 1854 gloriantes,
2824 1787 2909 1840 dic
2946 1789 3010 1842 ad
3065 1788 3438 1843 confusionem

200 1886 304 1953 μόν
325 1899 340 1915 ο
375 1884 510 1956 πρὸς
539 1883 595 1935 δὲ
624 1885 749 1946 τοὺς
787 1883 1073 1955 ὁρμῶντας
1102 1885 1309 1954 ἀγρίως
1349 1883 1485 1937 κατὰ
1514 1882 1629 1949 σοῦ,
1682 1886 1769 1936 καὶ

1874 1890 2062 1930 eorum
2097 1876 2364 1944 psalmum
2415 1878 2504 1931 57.
2528 1877 2805 1933 Adversus
2844 1894 2935 1933 eos
2967 1889 3145 1933 autem
3178 1880 3268 1949 qui
3306 1880 3356 1932 in
3392 1892 3441 1933 te

197 1975 453 2036 θέλοντας
484 1974 670 2027 λαϐεῖν
700 1990 790 2025 σου
823 1973 920 2044 τὴν
941 1973 1138 2043 ψυχὴν,
1172 1973 1384 2035 ἀντίθες
1413 1975 1476 2026 σὺ
1515 1974 1613 2045 τὴν
1639 1974 1773 2044 πρὸς

194 2066 288 2117 τὸν
318 2064 449 2117 Θεόν
475 2081 566 2115 σου
588 2062 882 2133 ὑποταγὴν,
927 2065 1017 2115 καὶ
1044 2062 1255 2134 θάρρει.
1295 2064 1443 2133 Ὄσῳ
1476 2065 1582 2134 γὰρ
1635 2067 1774 2117 ἐκεῖ.

194 2174 278 2209 νοι
320 2157 640 2226 μαίνονται,
697 2157 935 2227 τοσούτῳ
972 2156 1171 2219 μᾶλλον
1223 2157 1529 2227 ύποτάσσου
1584 2160 1647 2211 σὺ
1698 2158 1773 2227 τῷ

195 2225 409 2318 Κυρίῳ,
441 2247 531 2299 καί
562 2247 684 2314 λέγε
718 2246 786 2298 τὰ
806 2249 862 2299 tv
1004 2245 1102 2311 Ea’.
1161 2246 1269 2299 Kal.
1303 2225 1398 2298 ei;
1441 2246 1540 2317 μὲν
1584 2225 1774 2301 διωκόζ

197 2354 363 2407 μενος
384 2339 463 2400 είς
496 2338 729 2408 ἐρημίαν
753 2336 1015 2409 ἀπέλθῃς,
1051 2338 1124 2408 μὴ
1155 2336 1396 2408 φοϐηθῇς
1422 2338 1495 2401 ὡς
1518 2339 1674 2409 μόνος
1699 2339 1772 2391 ὢν

194 2432 335 2494 ἐκεῖ,
367 2429 505 2498 ἔχων
545 2430 600 2481 δὲ
644 2428 735 2480 τὸν
774 2429 906 2483 Θεὸν
940 2431 1056 2481 ἐκεῖ
1100 2432 1193 2482 καὶ
1228 2431 1373 2500 ,πρὸς
1406 2432 1565 2484 αὑτὸν
1598 2432 1775 2503 ὀρθρί-

194 2523 309 2585 ζων
552 2520 643 2572 τὸν
671 2519 766 2588 ξβ’.
808 2520 1211 2588 Ἐκφοϐούντων
1241 2521 1295 2574 δὲ
1316 2522 1423 2573 τῶν
1452 2522 1659 2593 ἐχθρῶν
1681 2526 1771 2577 καὶ

196 2612 277 2683 μὴ
310 2612 630 2683 παυομένων
658 2611 751 2665 τοῦ
785 2611 1116 2681 ἐνεδρεύειν,
1144 2612 1278 2665 ἀλλὰ
1326 2614 1419 2665 καὶ
1448 2614 1771 2685 ἐξερευνών-

191 2723 307 2759 των
347 2707 453 2759 πᾶν
486 2706 629 2759 κατὰ
684 2705 797 2769 σοῦ,
842 2705 944 2758 κᾶν
979 2705 1179 2774 πλῆθος
1226 2700 1348 2769 ὦσι,
1385 2706 1458 2777 μὴ
1501 2708 1767 2779 ύπενδῷς·

193 2796 327 2867 βέλη
361 2797 468 2867 γάρ
492 2796 699 2865 νηπίων
726 2797 937 2849 ἔσονται
969 2796 1175 2848 τούτων
1200 2797 1254 2848 αἱ
1289 2796 1514 2867 πληγαὶ,
1546 2797 1771 2866 ψάλλον-

190 2889 286 2951 τός
310 2906 401 2940 σου
435 2888 523 2941 τὸν
554 2887 653 2954 ξγ¹,
682 2889 775 2941 καὶ
803 2888 891 2939 τὸν
927 2886 1017 2953 ξδ’,
1050 2889 1145 2940 καὶ
1168 2886 1264 2951 ξθ’,
1303 2890 1395 2941 καὶ
1425 2896 1488 2941 ο’.

264 3090 371 3137 κα’.
405 3083 516 3137 Καὶ
545 3083 673 3136 ὅταν
703 3082 798 3152 μὲν
831 3083 1066 3153 ὑμνῆσαι
1096 3081 1259 3155 βούλῃ
1286 3081 1377 3134 τὸν
1405 3080 1608 3153 Κύριον
1629 3121 1642 3144 ,
1675 3077 1767 3154 ᾆδε

188 3174 260 3227 τὰ
292 3176 347 3227 tv
379 3173 455 3244 τῷ
489 3171 579 3238 ξδ’.
625 3172 747 3225 Ἐάν
787 3172 845 3224 δὲ
890 3172 1199 3240 κατηχῆσαι
1244 3172 1404 3241 θέλῃς
1452 3171 1602 3234 τινάς
1641 3172 1769 3242 περὶ
1798 3203 1842 3264 C

188 3266 561 3327 ἀναστάσεως,
592 3260 684 3335 ᾆδε
706 3263 773 3317 τὰ
799 3263 857 3315 tv
884 3262 961 3332 τῷ
1005 3262 1095 3325 ξε’.
1139 3262 1472 3331 Οίκτιρμοὺς
1497 3262 1554 3315 δὲ
1603 3262 1769 3315 αἰτῶν

190 3358 347 3427 παρὰ
374 3358 467 3409 τοῦ
498 3355 655 3419 Θεοῦ,
691 3355 849 3425 ὕμνει
892 3354 1075 3417 αὐτὸν,
1122 3354 1339 3423 ψάλλων
1368 3354 1459 3407 τὸν
1500 3354 1605 3418 Eg’.
1645 3356 1772 3407 Ὀτε

188 3450 249 3503 δὲ
285 3448 499 3518 βλέπεις
528 3445 655 3509 τοὺς
687 3446 784 3515 μὲν
802 3446 1017 3509 άσεόεῖς
1046 3447 1103 3499 tv
1134 3447 1323 3516 εἰρήνῃ
1346 3444 1571 3512 εύθηνου
1582 3445 1772 3515 μένους

192 3543 291 3597 καὶ
319 3539 669 3610 καταθυμίως
710 3537 917 3602 ζῶντας
958 3539 1084 3599 τοὺς
1136 3538 1191 3591 δὲ
1242 3536 1481 3600 δικαίους
1528 3536 1773 3609 θλιϐομέ-

191 3650 341 3695 νους,
367 3632 452 3683 ῖνα
502 3628 577 3700 μὴ
604 3625 997 3695 σκανδαλισθῇ
1033 3625 1128 3678 καὶ
1166 3625 1616 3696 παρασαλευθῇς,
1650 3626 1771 3694 λέγε

192 3726 293 3779 καὶ
325 3725 389 3777 σὺ
408 3722 476 3776 τὰ
498 3724 555 3775 tv
580 3719 656 3791 τῷ
684 3719 759 3789 οβ’
779 3716 997 3788 ψαλμῷ.
1040 3718 1150 3769 Kal.
1177 3716 1304 3770 ὅταν
1346 3716 1443 3785 μὲν
1476 3716 1702 3787 ὀργισθῇ
1744 3719 1772 3768 ὁ

192 3818 329 3881 Θεὸς
350 3817 442 3869 ἐπὶ
463 3814 553 3867 τὸν
579 3812 728 3876 λαὸν,
759 3810 901 3882 ἔχεις
935 3811 1014 3872 είς
1037 3806 1379 3879 παράκλησιν
1412 3808 1541 3878 περὶ
1582 3806 1768 3859 τούτου

189 3910 387 3977 λόγους
433 3905 688 3967 συνετοὺς
719 3903 846 3965 τοὺς
893 3903 949 3952 tv
1004 3899 1080 3969 τῷ
1117 3906 1193 3968 ογ¹
1220 3915 1234 3929 ·
1269 3900 1357 3952 ὅτε
1398 3899 1454 3951 δὲ
1484 3899 1641 3969 χρεία
1690 3914 1769 3951 σοι

190 3990 635 4067 ἐξομολογήσεώς
665 3992 802 4054 ἔστι,
837 3988 1006 4058 ψάλλε
1039 3988 1130 4041 τὸν
1172 3987 1237 4052 θ’,
1287 3987 1359 4039 οδ’
1413 3989 1506 4040 καὶ
1542 3992 1648 4054 ιμ’,
1678 3989 1770 4041 καὶ

196 4089 293 4161 ρδ’,
325 4088 420 4142 καὶ
455 4090 550 4156 ρε’,
578 4084 672 4138 κο.)⁸
702 4089 812 4155 ρξ’,
837 4082 931 4135 καὶ
967 4078 1068 4152 ρξ’,
1115 4080 1208 4133 xai
1246 4085 1332 4150 ρι’,
1368 4078 1463 4130 καὶ
1495 4078 1627 4149 ριζ’,
1677 4080 1770 4132 καὶ

196 4182 325 4253 ρλε’,
354 4179 448 4233 καὶ
473 4176 601 4249 ρλζ’.
632 4176 741 4229 Καὶ
764 4174 1080 4244 δυσωπῆσαι
1109 4172 1208 4243 μὲν
1235 4170 1403 4224 θέλων
1430 4170 1496 4222 τά
1518 4170 1624 4223 τῶν
1662 4170 1771 4223 Ἐλ-

191 4274 369 4345 λήνων
400 4272 494 4324 καὶ
523 4272 591 4350 τὶ
621 4267 726 4320 τῶν
755 4264 1071 4337 αἱρετικῶν,
1105 4265 1187 4317 ὅτι
1213 4263 1287 4333 μὴ
1314 4263 1442 4333 παρ’
1475 4262 1660 4325 αὐτοῖς
1690 4260 1766 4313 ἔνι

194 4361 514 4431 θεογνωσία,
544 4359 658 4413 ἀλλ’
708 4361 766 4411 tv
822 4356 957 4427 μόνῃ
1000 4359 1067 4426 τῇ
1128 4354 1389 4424 καθολικῇ
1456 4352 1765 4424 Ἐκκλησία,

192 4456 420 4509 δύνασαι
452 4451 589 4507 νοῶν
626 4450 771 4522 ᾄδειν
804 4448 897 4501 καὶ
926 4446 1104 4515 λέγειν
1130 4444 1199 4498 τὰ
1232 4446 1289 4498 tv
1320 4443 1397 4514 τῷ
1423 4442 1513 4496 οε’.
1560 4443 1682 4495 Τῶν
1710 4443 1765 4494 δὲ

189 4546 404 4619 ἐχθρῶν
428 4538 944 4615 προκαταλαϐόντων
970 4536 1068 4600 τὰς
1101 4534 1398 4604 διεκφυγὰς
1424 4576 1439 4599 ,

192 4635 526 4705 θλιόόμενος,
553 4630 653 4684 κᾶν
674 4627 969 4700 ταραχθῇς,
1008 4627 1082 4697 μὴ
1113 4624 1441 4695 ἀπελπίσῃς,
1493 4624 1627 4677 ἀλλὰ
1672 4624 1761 4676 εὕ-

188 4745 314 4801 χου·
364 4727 458 4779 καὶ
507 4724 601 4778 tav
642 4719 859 4793 κράζων
910 4716 1288 4787 εἱσακουσθῇς,
1341 4717 1653 4786 εὐχαρίστει
1688 4715 1763 4785 τῷ

190 4819 331 4890 Θεῷ,
358 4818 532 4885 λέγων
560 4814 628 4868 τὰ
674 4816 731 4867 tv
763 4812 842 4881 τῷ
883 4816 989 4875 ος·’.
1040 4809 1165 4862 Ἐὰν
1211 4808 1267 4861 δὲ
1314 4808 1662 4877 ἐπιμένοντες
1714 4810 1761 4859 οἱ

189 4910 375 4983 ἐχθροὶ
407 4906 780 4967 ὲπεισέλθωσι,
815 4903 909 4955 καὶ
938 4901 1170 4971 μιάνωσι
1195 4899 1282 4951 τὸν
1308 4894 1454 4950 οἷκον
1486 4897 1579 4950 τοῦ
1604 4897 1759 4961 Θεοῦ,

189 5004 313 5068 τούς
340 5020 399 5056 τε
429 5000 613 5069 ἁγίους
642 4996 1022 5058 ἀποκτείνωσι,
1054 4994 1146 5046 καὶ
1196 4992 1263 5044 τὰ
1314 4990 1541 5061 σώματα
1586 4991 1762 5043 αὐτῶν

192 5098 389 5168 ρίψωσι
412 5094 522 5155 τοῖς
554 5090 819 5151 πετεινοῖς
844 5086 938 5140 τοῦ
968 5082 1219 5156 ούρανοῦ,
1274 5082 1360 5136 ἵνα
1400 5082 1473 5153 μὴ
1512 5081 1763 5134 συνελκυ-

190 5189 337 5249 σθεὶς
360 5182 710 5255 καταπτήξῃς
734 5178 909 5233 αὐτῶν
926 5178 1022 5249 τὴν
1044 5176 1321 5247 ὡμότητα,
1350 5173 1633 5243 σύμπασχε
1663 5174 1761 5243 μὲν

186 5285 299 5343 τοῖς
333 5278 651 5347 πάσχουσιν,
688 5271 982 5341 ὲντύγχανε
1009 5271 1065 5323 δὲ
1092 5268 1169 5339 τῷ
1191 5267 1328 5336 Θεῷ,
1361 5266 1535 5335 λέγων
1568 5266 1656 5317 τὸν
1682 5272 1760 5336 οη’

186 5374 421 5446 ψαλμὸν.

261 5485 364 5554 κβ’.
415 5484 502 5535 Ἐν
536 5481 693 5551 ἑορτῇ
723 5477 799 5537 δὲ,
835 5473 1003 5527 θέλων
1027 5467 1153 5542 ᾆσαι
1185 5470 1259 5539 τῷ
1294 5470 1503 5541 Κυρίῳ,
1559 5485 1760 5537 συγκα-

186 5574 348 5636 λέσας
378 5574 503 5633 τοὺς
531 5570 625 5622 τοῦ
649 5564 783 5620 Θεοῦ
810 5564 1048 5624 δούλους,
1084 5560 1251 5629 eme
1278 5560 1346 5611 τὰ
1374 5562 1430 5611 tv
1463 5557 1541 5627 τῷ
1570 5564 1620 5609 π’
1666 5557 1757 5609 καὶ

190 5664 286 5730 κδ’.
324 5661 445 5714 Τῶν
484 5661 539 5713 δὲ
568 5657 774 5729 ἐχθρῶν
823 5653 982 5707 πάλιν
1024 5650 1493 5720 ἐπισυναχθέντων
1541 5650 1756 5701 πάντων

188 5753 545 5824 πανταχόθεν,
606 5753 697 5803 καὶ
735 5748 1101 5802 ἀπειλούντων
1150 5744 1288 5797 κατὰ
1344 5741 1435 5794 τοῦ
1484 5741 1630 5793 οἴκου
1664 5740 1754 5793 τοῦ

188 5846 343 5911 Θεοῦ,
372 5842 642 5908 συνθήκας
675 5858 732 5894 τε
781 5837 1074 5891 ποιούντων
1124 5833 1261 5886 κατὰ
1295 5834 1391 5903 τῆς
1438 5831 1754 5897 εὐσεϐείας,

1876 1968 2132 2021 atrociter
2159 1968 2371 2022 irruunt
2396 1978 2447 2022 et
2487 1985 2676 2038 capere
2705 1973 2890 2025 volunt
2916 1971 3151 2024 animam
3185 1982 3353 2034 tuam,
3384 1982 3439 2025 tu

1875 2072 2116 2126 opponas
2164 2059 2270 2113 illis
2314 2068 2462 2113 tuam
2512 2073 2636 2130 erga
2682 2061 2848 2115 Deum
2897 2064 3342 2132 obsequentiam,
3390 2074 3442 2120 et

1874 2148 2083 2203 confide
2117 2167 2128 2202 :
2160 2160 2362 2219 quanto
2392 2149 2534 2203 enim
2569 2152 2645 2205 illi
2689 2153 3061 2207 vehementius
3096 2155 3394 2209 institerint
3424 2195 3439 2215 .

1876 2246 2026 2293 tanto
2056 2242 2231 2311 magis
2262 2251 2310 2294 te
2356 2240 2583 2295 Domino
2622 2243 2909 2297 submittas
2933 2283 2947 2307 ,
2973 2253 3025 2298 et
3054 2245 3140 2299 dic
3168 2247 3328 2299 verba
3352 2248 3437 2299 (ii.

1877 2327 1933 2383 Si
1968 2333 2401 2397 persecutionem
2440 2348 2632 2401 passus
2669 2335 2721 2387 in
2747 2335 3090 2389 solitudinem
3128 2338 3438 2400 recesseris,

1875 2437 1940 2475 ne
1982 2421 2240 2475 formides
2280 2425 2437 2492 quasi
2485 2425 2635 2480 solus
2665 2426 2735 2479 ibi
2780 2426 2976 2496 degas,
3009 2444 3132 2481 cum
3177 2430 3317 2483 adsit
3345 2431 3441 2483 tibi

1875 2510 2035 2577 Deus,
2069 2513 2133 2566 ad
2178 2528 2338 2581 quem
2384 2513 2603 2568 diliculo
2647 2530 2781 2569 cane
2819 2517 3084 2585 psalmum
3113 2518 3202 2571 6'2.
3244 2518 3299 2572 Si
3335 2529 3441 2573 ter-

1875 2613 2028 2658 reant
2055 2613 2107 2657 te
2132 2605 2358 2667 inimici,
2393 2620 2490 2661 nec
2521 2607 2681 2659 tinem
2716 2605 2920 2661 faciant
2945 2608 3263 2663 insidiarum
3286 2649 3301 2673 ,
3333 2610 3442 2662 imo

1873 2696 2157 2749 adversum
2211 2705 2260 2748 te
2296 2698 2481 2750 omnia
2512 2708 2846 2763 scrutentur,
2882 2699 3091 2754 etiamsi
3136 2702 3289 2755 multi
3324 2701 3441 2755 fue-

1872 2787 2015 2849 rint,
2068 2802 2410 2856 nequaquam
2460 2789 2658 2843 cedas:
2693 2806 2814 2843 nam
2848 2792 3055 2861 sagitta:
3092 2794 3442 2861 parvulorum

1871 2888 2029 2935 erunt
2071 2879 2239 2949 plaga
2275 2895 2488 2944 eorum,
2535 2892 2762 2935 Canente
2810 2890 2859 2935 te
2899 2884 3137 2951 psalmos
3194 2884 3298 2947 65,
3332 2885 3399 2937 64
3425 2926 3439 2949 ,

1873 2968 1940 3026 69
1956 3009 1971 3034 ,
2007 2970 2091 3023 70.

1940 3083 2027 3135 2i.
2072 3082 2301 3146 Quando
2365 3078 2533 3137 Deum
2610 3085 2885 3140 celebrare
2960 3086 3221 3149 volueris,
3274 3086 3441 3141 recita

1873 3171 2268 3239 sexagesimum
2307 3182 2585 3241 quartum.
2614 3172 2669 3227 Si
2696 3174 2912 3245 aliquos
2935 3176 3001 3230 tle
3038 3178 3439 3231 resurrectione

1877 3263 2150 3323 instituas.
2180 3265 2345 3317 recita
2381 3263 2469 3318 65.
2504 3263 2794 3320 Postulans
2825 3283 2853 3320 a
2885 3266 3113 3323 Domino
3139 3269 3443 3323 miseratio-

1875 3367 2003 3414 nes,
2033 3353 2193 3406 lauda
2223 3354 2371 3406 illum
2400 3396 2412 3418 ,
2446 3356 2681 3424 psallens
2714 3356 2802 3410 66.
2834 3358 2969 3410 Cum
3007 3358 3210 3412 videris
3246 3359 3441 3428 impios

1874 3441 1925 3494 in
1959 3458 2089 3511 pace
2121 3459 2381 3512 prospere
2408 3457 2629 3514 agentes
2661 3456 2714 3500 et
2744 3448 2977 3502 libenter
3026 3449 3268 3504 viventes
3293 3491 3307 3515 ,
3348 3450 3441 3519 ju-

1871 3543 1983 3588 stos
2010 3544 2188 3588 autem
2204 3536 2450 3600 afflictos,
2481 3552 2547 3590 ne
2570 3539 2975 3604 scandalizeris,
2998 3555 3171 3609 neque
3198 3555 3443 3595 commo-

1870 3625 2070 3688 vearis,
2105 3628 2196 3680 sed
2232 3627 2318 3681 dic
2349 3630 2617 3696 psalmum
2646 3627 2730 3681 Ἡ.
2756 3628 2891 3683 Cum
2917 3630 3086 3685 iratus
3113 3630 3275 3685 fuerit
3299 3631 3441 3686 Deus

1872 3716 2137 3772 adversus
2180 3720 2437 3787 populum
2465 3758 2479 3779 ,
2521 3720 2687 3774 habes
2726 3720 2793 3773 ad
2826 3722 3253 3777 consolationem
3297 3724 3441 3778 illius

1869 3807 2029 3861 verba
2054 3809 2420 3877 prudentiain
2446 3809 2531 3861 '73.
2556 3808 2785 3873 Quando
2808 3812 3149 3867 confessione
3184 3815 3279 3867 tibi
3303 3831 3439 3884 opus

1868 3899 1993 3961 erit,
2020 3899 2188 3967 psalle
2214 3900 2266 3964 9,
2297 3899 2382 3965 7t,
2414 3899 2501 3963 91,
2540 3901 2799 3965 104,105,
2823 3902 3438 3972 81106,eli07,et110,

1870 3997 1921 4043 et
1946 3989 2070 4054 H7,
2100 3991 2292 4055 et125,
2321 4000 2375 4045 et
2398 3992 2517 4047 137.
2559 3990 2648 4048 Vis
2678 3994 2956 4064 gentilium
2986 4005 3037 4049 et
3064 3997 3438 4051 haereticorum

1869 4080 2150 4149 opiniones
2171 4083 2523 4149 confundere,
2549 4094 2599 4138 et
2626 4097 3055 4139 commonstrare
3078 4102 3183 4140 non
3207 4090 3347 4158 apud
3382 4092 3439 4143 il-

1868 4172 1949 4227 los
1968 4188 2087 4226 esse
2113 4172 2207 4227 Dei
2229 4176 2614 4243 cognitionem,
2640 4177 2731 4230 sed
2761 4177 2812 4229 in
2842 4178 2957 4229 sola
2978 4176 3241 4246 Ecclesia,
3262 4190 3432 4248 potes,

1869 4262 2220 4316 considerans
2246 4303 2259 4327 ,
2293 4278 2490 4316 canere
2521 4274 2682 4333 atque
2708 4264 2888 4319 dicere
2913 4282 3034 4334 quae
3069 4267 3121 4320 in
3150 4278 3434 4339 septuage-

1870 4353 2011 4407 simo
2040 4357 2233 4421 quinto
2260 4354 2550 4409 habentur.
2586 4356 2826 4410 Inimicis
2853 4366 3031 4411 autem
3065 4357 3261 4428 effugia
3300 4377 3434 4429 prae-

1868 4446 2256 4513 occupantibus
2282 4461 2344 4500 ac
2376 4456 2425 4499 te
2449 4462 2793 4516 summopere
2822 4447 3035 4511 atllicto,
3074 4450 3199 4504 licet
3220 4461 3432 4520 pertur-

1486 4534 1580 4587 καὶ
1620 4534 1763 4586 πάνυ
1799 4550 1840 4603 ῐ)
1868 4534 2029 4600 beris,
2070 4550 2136 4589 ne
2166 4536 2410 4589 animum
2453 4536 2791 4606 despondeas
2814 4580 2828 4601 ,
2862 4539 2954 4592 sed
2998 4552 3133 4594 ora:
3174 4550 3227 4593 et
3252 4542 3295 4595 si
3324 4542 3433 4596 cla-

1870 4627 2066 4681 mando
2101 4628 2415 4692 exaudiare,
2444 4629 2649 4697 gratias
2677 4628 2786 4683 Deo
2814 4645 2929 4700 age,
2965 4630 3197 4685 recitans
3217 4643 3433 4701 septua-

1870 4720 2135 4791 gesimum
2163 4730 2396 4774 sextum.
2424 4720 2479 4773 Si
2508 4722 2857 4788 persistentes
2883 4721 3088 4775 inimici
3116 4723 3427 4792 irruperint,

1869 4822 1922 4866 et
1950 4812 2172 4868 domum
2214 4809 2309 4865 Dci
2355 4812 2789 4881 profanaverint,
2822 4822 3149 4882 sanctosque
3179 4815 3427 4868 ‘trucida-

1870 4905 2013 4967 rint,
2052 4903 2379 4973 illorumque
2413 4919 2638 4974 corpora
2682 4904 2994 4959 volucribus
3025 4905 3145 4958 creli
3192 4905 3431 4974 projece-

1870 4997 1998 5063 rint,
2046 5011 2111 5050 ne
2141 4996 2225 5051 his
2258 4997 2538 5065 perculsus
2566 4995 2884 5050 reformides
2929 5011 3113 5049 eorum
3145 4997 3432 5053 crudelita-

1870 5096 1976 5143 tem
2003 5130 2017 5153 ,
2065 5087 2187 5143 dole
2232 5088 2448 5157 quidem
2488 5086 2809 5141 miserorum
2865 5086 3031 5139 \"iccm
3060 5128 3073 5149 ,
3116 5103 3207 5140 ora
3248 5094 3429 5143 autem

1869 5179 2057 5243 Deum,
2091 5180 2277 5235 dicens
2319 5181 2772 5249 septuagesimum
2794 5186 3041 5231 octavum
3068 5180 3353 5246 psalmum.

1935 5460 2024 5514 2‘2.
2062 5458 2117 5513 ln
2147 5458 2372 5513 solemni
2408 5458 2494 5511 die
2526 5459 2711 5512 volens
2743 5458 2973 5513 Domino
3004 5474 3224 5522 canere,
3259 5459 3424 5514 advo-

1866 5556 2003 5608 catis
2044 5552 2139 5605 Dei
2168 5552 2372 5613 servis,
2410 5551 2573 5617 psalle
2617 5552 3006 5617 octogesimum
3054 5560 3105 5604 et
3142 5550 3427 5619 nonagesi-

1866 5662 2013 5699 mum
2050 5654 2327 5714 quartum.
2366 5641 2601 5695 Inimicis
2633 5643 2825 5693 iterum
2864 5640 3098 5710 undique
3127 5654 3422 5709 congrega-

1867 5738 1953 5799 tis,
1983 5748 2035 5791 et
2085 5735 2269 5788 domui
2307 5733 2396 5787 Dei
2432 5735 2603 5785 minas
2650 5734 3038 5787 intentantibus
3065 5775 3077 5795 ,
3116 5732 3423 5800 fmdet‘aque

1864 5838 2051 5886 contra
2088 5829 2339 5897 pietatem
2386 5826 2733 5890 facientibus,
2766 5843 2828 5881 ne
2871 5827 3051 5881 animo
3081 5825 3301 5880 deficias
3354 5825 3423 5877 ob
