4032 6430
589 399 662 453 '55
1436 385 1493 442 S.
1532 383 1906 440 ATHANASII
1949 382 2102 438 OPP.
2148 380 2328 434 PARS
2369 380 2452 435 Ill.
2495 413 2562 422 —
2604 381 3013 439 EXEGETICA.
3759 388 3832 442 36

589 539 781 587 eorum
809 519 1206 577 multitudinem
1241 525 1295 572 et
1319 515 1611 586 potentiam
1636 533 1648 566 :
1672 512 1842 567 habes
1872 509 2026 580 quasi
2053 519 2150 573 an—

2262 510 2347 564 ίνα
2373 509 2447 580 μὴ
2475 507 2761 580 ἀθυμήσῃς
2786 508 2874 562 διὰ
2903 508 2965 561 τὸ
2999 507 3200 578 πλῆθος
3241 509 3336 560 καὶ
3376 508 3475 580 τὴν
3513 509 3835 565 δυναστείαν

588 616 811 669 choram
836 612 949 681 spei
977 611 1139 664 verba
1169 605 1486 675 octogesimi
1513 603 1737 658 secundi
1761 601 1974 672 psalmi.
1997 600 2152 666 Quod

589 707 635 761 si
665 703 865 758 videris
900 702 1123 755 domum
1155 698 1286 761 Dei,
1318 707 1373 751 et
1397 705 1597 750 aeterna
1628 695 1746 763 ejus
1768 692 2152 754 tabernacula,

587 802 753 863 atque
804 806 992 847 eorum
1038 789 1310 844 desiderio
1367 785 1640 849 tenearis,
1695 781 2153 852 quemadmodum

588 884 918 953 Apostolus,
975 881 1060 935 dic
1114 877 1505 948 octogesimum
1571 873 1789 928 tertium
1861 870 2150 940 psalmum.

584 976 845 1030 Cessante
873 973 1083 1028 tandem
1110 972 1190 1025 ira
1221 969 1504 1037 solutaque
1535 965 1863 1036 captivitate,
1890 963 1936 1017 si
1968 962 2155 1015 volue-

587 1068 663 1122 ris
697 1067 921 1120 Domino
961 1063 1166 1135 gratias
1191 1077 1351 1132 agerc
1375 1102 1389 1124 ,
1433 1059 1600 1112 habes
1645 1057 1714 1110 84
1743 1064 1798 1109 et
1843 1054 1964 1108 19.5.
2003 1051 2067 1106 Et
2107 1051 2154 1106 si

585 1173 916 1229 cognoscere
971 1156 1105 1211 velis
1137 1155 1266 1224 quid
1298 1151 1511 1206 intersit
1548 1148 1882 1204 discriminis
1922 1145 2152 1202 catholi-

585 1265 702 1304 cam
732 1249 870 1302 inler
900 1245 1196 1300 Ecclesiam
1243 1252 1295 1297 et
1330 1241 1622 1296 schismata
1647 1281 1660 1302 ,
1693 1249 1855 1307 atque
1886 1239 2155 1292 schisma-

584 1342 722 1396 ticos
744 1338 1097 1398 confundere,
1126 1337 1308 1390 dicere
1331 1343 1483 1404 potes
1504 1331 1897 1403 octogesimum
1917 1341 2151 1384 sextum.

585 1431 642 1486 Si
698 1431 831 1485 velis
873 1429 967 1482 tibi
1015 1427 1246 1496 aliisque
1290 1426 1489 1480 addere
1529 1423 1779 1478 ﬁduciam
1821 1426 1887 1477 ad
1921 1420 2012 1475 Dei
2041 1421 2154 1476 cul-

583 1535 720 1590 tum,
754 1533 808 1577 et
840 1520 1126 1576 ostendere
1151 1517 1299 1587 quod
1327 1532 1451 1586 spes
1487 1516 1539 1569 in
1576 1514 1743 1568 Deum
1773 1529 1881 1568 non
1923 1513 2154 1567 confun-

583 1619 719 1679 dat,
754 1615 846 1670 sed
882 1612 1211 1681 intrepidum
1253 1610 1494 1663 animum
1533 1608 1747 1669 reddat,
1781 1606 1939 1660 lauda
1983 1604 2151 1659 Deum

583 1707 819 1761 recitans
873 1703 1309 1772 nonagesimum.
1366 1697 1604 1752 Psallere
1652 1698 1734 1752 vis
1786 1698 1840 1751 in
1882 1694 2154 1750 Sabbato‘l

583 1798 749 1852 habes
778 1796 1192 1864 nonagesimum
1221 1791 1482 1862 primum.

2258 601 2454 664 αὐτῶν,
2505 599 2649 670 ἔχεις
2688 599 2874 670 ὥσπερ
2900 599 3148 670 ἄγκυραν
3191 599 3400 663 ἐλπίδος
3449 600 3518 652 τὰ
3554 602 3611 652 tv
3633 600 3712 670 τῷ
3739 599 3831 671 πβ’

2261 694 2498 764 ῥήματα.
2531 692 2640 744 Καὶ
2661 691 2777 755 ἐὰν,
2814 691 3026 761 βλέπων
3054 692 3144 744 τὸν
3175 686 3322 743 οἷκον
3354 691 3447 744 τοῦ
3469 690 3604 757 Θερῦ
3639 693 3732 746 καὶ
3759 694 3834 745 τὰ

2255 781 2449 836 αἰώνια
2478 781 2640 836 αὑτοῦ
2669 780 3023 851 σκηνώματα,
3052 782 3142 834 τὸν
3184 783 3344 836 πόθον
3386 783 3515 856 ἔχῃς
3556 785 3636 847 εἰς
3667 783 3829 844 αὐτὰ.

2254 875 2330 938 ὡς
2358 872 2501 945 εἶχεν
2529 875 2558 926 6
2597 873 2937 939 Ἀπόστολος,
2965 872 3089 942 λέγε
3119 874 3213 926 καὶ
3241 874 3305 926 σὺ
3337 875 3428 926 τὸν
3460 872 3549 943 πγ⁰
3592 874 3827 945 ψαλμόν.

2255 965 2616 1036 Παυσαμένης
2637 964 2691 1017 δέ
2722 982 2851 1017 ποτε
2873 966 2971 1036 τῆς
2991 966 3179 1039 ὀργῆς,
3208 966 3304 1019 καὶ
3329 968 3425 1036 τῆς
3455 966 3831 1037 αἰχμαλωσίας

2256 1058 2528 1128 λυθείσης,
2549 1057 2644 1110 ὲὰν
2674 1056 2834 1128 θέλῃς
2860 1058 3269 1128 εὐχαριστῆσαι,
3300 1057 3442 1129 ἔχεις
3461 1060 3538 1121 εἰς
3567 1058 3626 1111 τὸ
3651 1059 3832 1127 λέγειν

2256 1149 2324 1205 τὰ
2361 1151 2419 1202 tv
2450 1148 2529 1220 τῷ
2562 1149 2643 1201 πδ⁷
2689 1150 2784 1202 καὶ
2834 1155 2966 1219 ρκεθ.
2998 1150 3105 1203 Καὶ
3153 1149 3253 1221 τὴν
3289 1151 3386 1221 μὲν
3430 1149 3691 1220 διαφορὰν
3727 1150 3832 1220 τῆς

2255 1241 2550 1311 καθώικῆς
2599 1241 2922 1312 Ἐκκλησίας
2950 1241 3089 1312 πρὸς
3127 1241 3195 1295 τὰ
3231 1239 3502 1312 σχίσματα
3547 1242 3640 1295 ἐὰν
3665 1241 3830 1313 θέλῃς

2253 1334 2541 1402 γινώσκειν
2565 1373 2579 1397 ,
2630 1335 2725 1388 καὶ
2773 1333 3056 1405 ἐντρέπειν
3086 1333 3348 1397 ἐκείνους,
3390 1333 3615 1386 δύνασαι
3647 1331 3831 1399 λέγειν

2250 1428 2320 1481 τὰ
2373 1429 2432 1480 tv
2480 1427 2567 1503 Tt?)
2615 1433 2712 1492 πς¹
2749 1427 3130 1499 γεγραμμένα.
3185 1425 3608 1497 Παραθαρσῦναι
3657 1423 3831 1476 θέλων

2255 1522 2478 1575 σεαυτὸν
2509 1521 2746 1584 καὶτοὺς
2778 1521 2999 1591 ἑτέρους
3031 1521 3111 1584 εἰς
3143 1517 3482 1581 θεοσέϐειαν,
3518 1517 3612 1570 καὶ
3643 1517 3718 1579 ὡς
3746 1517 3830 1578 εἰς

2252 1617 2342 1670 τὸν
2380 1615 2512 1669 Θεδν
2538 1614 2693 1678 ἐλπὶς
2730 1611 2853 1666 οὔτε
2889 1611 3263 1681 καταισχύνει,
3311 1609 3447 1664 ἀλλὰ
3494 1610 3588 1664 καὶ
3626 1608 3831 1679 ἄφοδον

2251 1708 2350 1777 τὴν
2376 1706 2552 1776 ψυχὴν
2577 1703 2994 1767 κατασκευάζει,
3023 1705 3161 1756 αίνει
3184 1703 3274 1755 τὸν
3305 1700 3457 1766 Θεὸν,
3479 1701 3649 1769 λέγων
3676 1702 3743 1754 τὰ
3767 1704 3831 1754 tv

2253 1796 2333 1867 τῷ
2365 1801 2434 1863 [ι’.
2466 1796 2645 1849 Ψὰλαι
2669 1795 2843 1859 θέλεις
2869 1795 2948 1865 τῷ
2977 1793 3272 1863 Σαϐϐάτῳς
3300 1793 3442 1864 ἔχεις
3469 1792 3559 1845 τὸν
3589 1796 3695 1858 ιβ’.

651 1889 740 1943 25.
781 1886 876 1941 Vis
919 1877 1120 1957 gratias
1160 1897 1322 1954 agere
1358 1881 1644 1936 Dominico
1681 1880 1807 1935 die?
1848 1879 2016 1933 habes
2056 1877 2147 1930 23.

2323 1896 2428 1958 κγ’.
2464 1889 2865 1961 Εὐχαριστῆσαι
2914 1888 3089 1951 θέλεις
3139 1889 3205 1957 τῇ
3255 1887 3538 1958 Κυριακῇ;
3565 1887 3707 1956 ἔχεις
3735 1884 3834 1936 τὸν

585 1977 678 2032 Vis
706 1981 941 2033 secunda
979 1975 1204 2031 Sabbati
1236 1973 1505 2044 psallere?
1538 1974 1626 2028 dic
1656 1988 1778 2041 qua:
1808 1979 1938 2025 sunt
1981 1970 2032 2022 in
2061 1969 2151 2024 47.

582 2069 791 2123 Canere
812 2068 893 2120 vis
917 2067 970 2119 in
996 2066 1327 2121 Parasceve?
1349 2065 1562 2119 laudem
1611 2063 1778 2117 habes
1804 2063 1855 2114 in
1879 2062 1966 2118 99..
1999 2059 2154 2114 Tunc

579 2161 725 2214 enim
755 2168 972 2230 peracta
994 2158 1366 2221 cruciﬁxione,
1395 2157 1590 2210 domus
1615 2154 1876 2208 aediﬁcata
1899 2161 2001 2216 est,
2030 2151 2156 2206 licet

583 2249 789 2302 inimici
835 2243 1124 2317 prohibere
1171 2247 1476 2301 niterentur
1525 2263 1537 2298 :
1592 2257 1763 2313 quare
1828 2243 2155 2312 triumphale

581 2353 802 2391 carmen
830 2336 941 2392 Deo
962 2350 1160 2391 canere
1192 2335 1476 2400 convenit,
1511 2349 1573 2387 ea
1611 2333 1835 2396 scilicet,
1871 2348 1992 2402 qua:
2025 2341 2154 2387 tunc

580 2426 724 2484 dicta
759 2438 886 2483 sunt
933 2429 987 2482 in
1032 2427 1390 2499 nonagesimo
1436 2426 1699 2482 secundo.
1735 2426 1793 2479 Si
1843 2425 2155 2494 captivitate

581 2521 724 2576 facta
751 2562 764 2588 ,
793 2521 978 2576 excisa
1009 2519 1176 2575 fuerit
1223 2520 1421 2575 domus
1448 2560 1463 2584 ,
1514 2534 1578 2573 ac
1614 2533 1832 2572 rursum
1865 2514 2151 2582 :ediﬁcata,

578 2625 717 2665 cane
761 2627 884 2680 qua:
917 2620 1047 2668 sunt
1091 2611 1146 2664 in
1191 2609 1282 2665 95.
1318 2608 1486 2664 Terra
1537 2623 1566 2662 a
1613 2607 1969 2662 bellatoribus
2002 2607 2154 2676 quie-

579 2710 786 2766 scente,
816 2710 980 2770 atque
1019 2701 1238 2755 demum
1274 2700 1327 2753 in
1358 2714 1492 2770 pace
1535 2697 1762 2768 degente
1787 2737 1802 2763 ,
1838 2709 1892 2754 et
1921 2698 2154 2752 Domino

579 2803 871 2864 regnante,
899 2792 946 2846 si
972 2805 1036 2845 ea
1063 2791 1129 2846 de
1147 2806 1204 2846 re
1230 2806 1426 2846 canere
1462 2791 1631 2857 velis,
1663 2791 1832 2847 habes
1855 2790 2154 2860 nonagesi-

579 2901 726 2938 mum
765 2892 1003 2939 sextum.
1037 2882 1132 2938 Vis
1174 2892 1372 2953 quarta
1406 2881 1635 2939 Sabbati
1678 2882 1951 2952 psallere?
1982 2881 2153 2935 habes

576 2974 991 3044 nonagesimum
1020 2972 1276 3038 tertium;
1310 2981 1442 3028 tunc
1463 2974 1608 3028 enim
1633 2974 1862 3027 traditus
1885 2971 2154 3030 Dominus

576 3067 838 3120 ultionem
870 3066 937 3119 de
970 3074 1144 3118 morte
1183 3079 1403 3119 sumere
1438 3065 1623 3135 cmpit,
1665 3065 1842 3135 deque
1882 3079 1946 3118 ea
1980 3063 2154 3119 conﬁ-

575 3159 768 3211 denter
794 3155 1159 3225 triumphare.
1193 3154 1335 3209 Cum
1370 3155 1532 3224 igitur
1557 3155 1741 3225 legens
1766 3152 2145 3228 Evangelium,

2254 1989 2360 2050 κγ’.
2383 1977 2549 2052 τᾼσαι
2579 1981 2753 2045 Θέλεις
2781 1981 3007 2052 δευτέρᾳ
3043 1980 3371 2044 Σαϐδάτωνς
3405 1979 3530 2048 λέγε
3565 1979 3632 2032 τὰ
3669 1981 3726 2032 tv
3746 1977 3830 2050 τῷ

2259 2073 2363 2144 μζ¹.
2403 2073 2622 2126 Αἰνέσαι
2657 2072 2833 2141 βούλει
2859 2075 2923 2142 τῇ
2954 2073 3318 2142 Παρασκευῇς
3365 2070 3508 2140 ἔχεις
3547 2069 3637 2122 τὸν
3679 2065 3831 2123 αἶνον

2255 2167 2313 2218 tv
2345 2163 2423 2235 τῷ
2462 2162 2566 2234 ιιβκ
2599 2164 2730 2217 Τότε
2753 2164 2881 2235 γὰρ,
2905 2163 3197 2233 γενομένου
3228 2162 3320 2214 τοῦ
3344 2160 3602 2233 σταυροῦ,
3625 2163 3653 2214 6
3680 2156 3831 2224 οἶκος

2253 2255 2345 2310 τοῦ
2375 2255 2510 2309 Θεοῦ
2542 2255 2887 2326 ᾠκοδομήθη,
2929 2255 3104 2308 καίτοι
3138 2253 3245 2307 τῶν
3285 2252 3494 2323 ἐχθρῶν
3545 2253 3828 2324 ἐπιχειρη-

2255 2346 2464 2400 σάντων
2494 2345 2764 2399 κωλῦσαι·
2798 2345 2892 2398 καὶ
2932 2345 3019 2397 διὰ
3047 2342 3206 2397 τοῦτο
3251 2344 3515 2396 ἐπινίκιον
3559 2343 3704 2414 ᾄδειν
3748 2342 3831 2414 τῷ

2253 2437 2371 2508 Θεῷ
2429 2437 2628 2508 πρέπει
2659 2437 2780 2489 τότε
2829 2436 2896 2488 τὰ
2929 2435 3191 2504 εἰρημένα
3227 2437 3285 2486 tv
3328 2435 3405 2504 τῷ
3449 2434 3554 2503 ιβ’.
3613 2434 3738 2487 Ἐὰν
3768 2432 3829 2486 δι

2254 2529 2367 2590 καὶ,
2404 2528 2776 2597 αἰχμαλωσίας
2805 2525 3124 2595 γενομένης,
3154 2524 3451 2596 καθαιρεθῇ
3488 2527 3516 2577 ό
3539 2521 3705 2589 οἶκος,
3733 2525 3830 2578 καὶ

2255 2618 2416 2672 πάλιν
2443 2617 2793 2688 οἰκοδομηθῇ,
2830 2613 2922 2688 ᾆδε
2952 2616 3021 2669 τὰ
3042 2619 3097 2669 tv
3125 2616 3204 2685 τῷ
3246 2619 3348 2683 ιιεθ.
3376 2613 3488 2686 Τῆς
3519 2611 3575 2668 δὲ
3599 2617 3700 2687 γῆς
3729 2632 3830 2669 xa-

2252 2711 2512 2764 τάστασιν
2542 2709 2813 2780 λαϐούσης
2843 2709 2949 2762 ἀπὸ
2976 2709 3084 2762 τῶν
3129 2708 3508 2778 πολεμούντων
3530 2747 3544 2771 ,
3584 2710 3677 2762 καὶ
3718 2710 3831 2761 λοι-

2254 2802 2353 2854 nov
2373 2799 2707 2872 ἠρεμούσης,
2737 2800 2828 2853 καὶ
2859 2799 3272 2867 βασιλεύσαντος
3315 2791 3411 2850 τοῦ
3452 2799 3680 2868 Κυρίου,
3732 2799 3830 2852 ἐὰν

2255 2890 2414 2960 θέλῃς
2443 2887 2571 2960 ᾆσαι
2617 2891 2745 2960 περὶ
2792 2890 3005 2950 τούτου,
3039 2887 3182 2956 ἔχεις
3227 2885 3318 2940 τδν
3359 2885 3474 2954 ιις’.
3523 2887 3709 2949 Θέλεις
3757 2887 3827 2958 τῇ

2253 2980 2469 3052 τετράδι
2500 2979 2592 3032 τοῦ
2617 2979 2894 3032 Σαϐϐάτου
2929 2978 3198 3048 ’ψάλλειν;
3240 2975 3383 3049 ἔχεις
3419 2978 3510 3030 τὸν
3543 2981 3630 3046 tm
3654 2992 3669 3007 °
3703 2976 3828 3030 τότε

2252 3073 2360 3144 γὰρ
2396 3070 2715 3141 παραδοθεὶς
2768 3071 2796 3123 6
2817 3068 3019 3139 Κύριος
3050 3069 3284 3121 ἐκδικεῖν
3334 3069 3538 3138 ἤρξατο
3560 3068 3658 3139 τὴν
3684 3068 3829 3123 κατὰ

2252 3163 2350 3217 τοῦ
2378 3163 2610 3217 θανάτου
2640 3161 2815 3234 δίκην,
2835 3154 3306 3231 καὶθριαμὸεύειν
3334 3160 3494 3212 αὐτὸν
3523 3159 3827 3231 παρρησίᾳ.

574 3247 777 3302 videris
804 3218 998 3317 quarta
1027 3245 1251 3303 Sabbati
1274 3218 1568 3302 consilium
1594 3218 1783 3301 iniisse
1808 3218 2026 3301 Iudaeos
2049 3218 2148 3300 ad;

2255 3257 2369 3309 Ὅτ’
2397 3254 2462 3309 ἂν
2517 3249 2628 3316 οὖν,
2679 3218 3160 3322 ἀναγινώσκωνιτὺ
3215 3251 3566 3319 Εὑαγγέλιον,
3603 3218 3731 3324 ’ἴδης
3757 3218 3825 3322 τῇ

572 3353 762 3395 versus
791 3338 1083 3394 Dominum
1115 3357 1130 3394 :
1181 3353 1413 3394 cernens
1446 3345 1575 3392 tunc
1604 3337 1784 3407 ipsum
1813 3338 2151 3395 conﬁdenter

573 3448 735 3504 agere
757 3473 772 3498 ,
803 3442 864 3488 ut
894 3449 992 3502 pro
1027 3433 1187 3488 nobis
1236 3432 1306 3487 de
1343 3433 1564 3487 diabolo
1609 3433 1902 3489 vindictam
1937 3445 2147 3502 sumat,

573 3524 748 3594 psalle
773 3525 936 3579 verba
969 3524 1165 3594 psalmi
1193 3523 1283 3579 93.
1310 3523 1550 3579 Rursum
1582 3525 1801 3595 quando
1827 3526 2028 3583 videris
2049 3527 2153 3583 Do-

575 3615 711 3669 mini
757 3615 811 3669 in
863 3617 1048 3670 omnia
1091 3617 1524 3686 providentiam,
1571 3624 1627 3669 et
1671 3615 1970 3671 dominium
2010 3616 2145 3687 ejus,

574 3714 736 3776 atque
780 3706 1016 3761 volueris
1052 3706 1346 3760 nonnullos
1382 3706 1434 3759 in
1476 3705 1579 3759 ﬁde
1612 3706 1731 3775 ejus
1758 3715 1813 3760 et
1844 3707 2150 3762 obedientia

575 3797 894 3862 instituere,
959 3796 1196 3852 suadens
1259 3796 1368 3850 illis
1427 3803 1487 3850 ut
1533 3795 1713 3865 primo
1763 3797 2146 3862 conﬁteantur,

574 3890 744 3959 psalle
781 3890 871 3945 99.
905 3887 972 3942 Et
1005 3888 1096 3943 ubi
1145 3888 1470 3958 cognoveris
1514 3888 1634 3956 ejus
1668 3887 1949 3956 judicandi
1996 3897 2150 3956 pote-

575 3992 766 4038 statem
787 4021 803 4046 ,
837 3980 983 4051 quod
1012 3980 1220 4035 scilicet
1246 3979 1620 4034 misericordia
1643 3979 1912 4048 judicium
1942 3987 2149 4047 tempe-

575 4071 750 4126 rando
783 4071 990 4141 judicat
1024 4069 1169 4123 Deus
1195 4109 1210 4135 ,
1241 4069 1286 4123 si
1329 4069 1394 4122 ad
1431 4083 1558 4122 eum
1592 4069 1851 4123 accedere
1881 4069 2147 4135 volueris,

577 4164 742 4220 habes
775 4163 842 4219 ad
869 4178 990 4218 eam
1029 4176 1144 4216 rem
1175 4160 1337 4215 verba
1361 4159 1556 4231 psalmi
1586 4159 1893 4214 centesimi.

639 4339 729 4393 26.
771 4337 908 4392 Cum
937 4336 1150 4389 inﬁrma
1171 4335 1242 4390 sit
1263 4343 1458 4388 natura
1489 4344 1696 4397 nostra,
1733 4334 1779 4388 si
1805 4342 2031 4404 propter
2060 4332 2147 4386 vl-

574 4444 642 4487 ta:
666 4431 966 4502 angustias,
996 4430 1152 4498 quasi
1178 4428 1335 4496 inops
1361 4426 1538 4480 factus
1571 4426 1755 4480 animo
1781 4425 2022 4489 delicias,
2054 4441 2150 4478 vo-

2249 3346 2465 3419 τετράδι
2518 3346 2614 3399 τοῦ
2663 3345 2954 3399 Σαϐϐάτου¹
3006 3343 3330 3413 συμδούλιον
3385 3342 3647 3406 λαϐόντας
3699 3343 3828 3404 τοὺς

2264 3439 2548 3502 Ἰουδαίους
2574 3438 2714 3491 κατὰ
2745 3435 2840 3489 τοῦ
2873 3433 3100 3504 Κυρίου,
3135 3434 3278 3504 ὀρῶν
3323 3433 3485 3488 αὐτὸν
3525 3434 3646 3487 τότε
3686 3437 3828 3502 παῤ-

2253 3529 2643 3603 ῥησιαζόμενον
2693 3531 2750 3581 ὲν
2795 3530 2861 3598 τῇ
2894 3527 3034 3580 κατὰ
3066 3527 3159 3581 τοῦ
3217 3526 3465 3580 διαὸόλου
3508 3527 3647 3594 ὑπὲρ
3672 3525 3826 3596 ὑμῶν

2249 3623 2480 3694 ἐκδικίᾳ,
2532 3621 2700 3692 om;
2745 3618 2813 3672 τὰ
2843 3621 2900 3672 tv
2929 3617 3076 3688 αὐτῷ
3108 3618 3186 3689 τῷ
3244 3622 3352 3686 ια’.
3407 3618 3576 3672 Πάλιν
3610 3617 3828 3689 βλέπων

2247 3714 2347 3786 τὴν
2367 3717 2445 3777 εἰς
2470 3712 2647 3766 πάντα
2677 3713 2934 3782 πρόνοιαν
2966 3711 3059 3766 τοῦ
3102 3709 3308 3781 Κυρίου
3358 3709 3452 3762 καὶ
3485 3708 3586 3778 τὴν
3644 3709 3829 3779 κυριό-

2248 3823 2386 3877 τητα
2411 3805 2598 3869 αὑτοῦ,
2631 3805 2724 3857 καὶ
2749 3803 2918 3856 θέλων
2951 3801 3260 3874 ωτηχῆσαί
3286 3816 3438 3861 τινας
3483 3801 3563 3861 εἰς
3595 3799 3694 3868 τὴν
3730 3799 3828 3851 αύ-

2247 3896 2342 3950 τοῦ
2367 3895 2549 3948 πίστιν
2574 3893 2667 3946 καὶ
2699 3893 2968 3964 ὑπακοὴν,
3005 3892 3207 3945 πείθων
3240 3891 3438 3952 αὐτοὺς
3461 3889 3678 3960 πρῶτον
3733 3888 3824 3954 ἐξ·

2246 3985 2648 4057 ομολογεῖσθαι,
2683 3983 2852 4054 ψάλλε
2891 3981 2983 4036 τὸν
3017 3984 3120 4051 ιιθυ.
3153 3982 3263 4036 Καὶ
3293 3981 3408 4046 ἐὰν,
3444 3980 3630 4054 μαθὼν
3663 3979 3830 4036 αὑτοῦ

2246 4080 2345 4150 τὴν
2374 4078 2626 4150 κριτικὴν
2651 4077 2902 4147 δύναμιν,
2930 4076 3025 4130 καὶ
3043 4077 3124 4129 δτι
3155 4074 3292 4143 ἐλέῳ
3317 4073 3416 4142 τὴν
3444 4073 3626 4144 κρίσιν
3657 4074 3829 4145 κερᾶ-

2248 4185 2346 4232 σας
2372 4168 2546 4238 κρίνει
2573 4168 2603 4219 ὁ
2630 4165 2856 4237 Κύριος,
2882 4162 3114 4236 θελήσῃς
3139 4163 3287 4233 αὑτῷ
3309 4162 3648 4234 προσελθεῖν,
3683 4163 3830 4234 ἔχεις

2244 4260 2327 4321 εἰς
2361 4257 2518 4310 τοῦτο
2549 4257 2743 4323 λόγους
2775 4256 2902 4318 τοὺς
2929 4255 2988 4307 tv
3020 4253 3098 4323 τῷ
3132 4254 3195 4324 ρ’.

2316 4349 2414 4401 κδ’.
2455 4346 2741 4410 Ἀσθενοῦς
2777 4346 2832 4399 δὲ
2887 4345 3044 4416 ήμῶν
3088 4345 3186 4416 τῆς
3238 4341 3454 4414 φύσεως
3494 4341 3695 4412 οὔσης,
3730 4342 3828 4396 ἐὰν

2246 4440 2331 4494 διὰ
2365 4437 2463 4501 τὰς
2498 4438 2726 4509 συνοχὰς
2763 4435 2858 4489 τοῦ
2891 4432 3008 4507 βίου
3041 4437 3116 4499 ὡς
3141 4435 3355 4505 πτωχὸς
3385 4435 3673 4504 γενόμενος
3697 4435 3831 4504 ἀκηο

574 4523 850 4591 lucrisque
887 4519 1317 4597 consplationem
1364 4518 1647 4588 accipere,
1679 4517 1846 4572 habes
1875 4517 2144 4587 psalmum

2252 4532 2439 4604 διάσῃς
2464 4530 2616 4588 ποτὲ.
2652 4530 2745 4582 καὶ
2768 4528 2928 4601 θέλῃς
2961 4525 3402 4598 παρακληθῆναι,
3438 4524 3582 4596 ἔχεις
3618 4524 3708 4577 τὸν
3745 4531 3826 4596 ρα⁹

574 4613 697 4668 101.
727 4611 794 4665 Et
834 4610 1094 4680 quoniam
1127 4608 1282 4662 decet
1314 4623 1412 4661 nos
1443 4622 1537 4675 per
1567 4607 1751 4660 omnia
1789 4613 1844 4659 et
1881 4606 1935 4659 in
1961 4606 2144 4660 omni-

569 4703 675 4757 bus
707 4701 910 4771 gratias
934 4698 1045 4754 Deu
1074 4713 1236 4768 agere
1259 4738 1274 4762 ,
1297 4713 1422 4752 cum
1450 4696 1689 4751 volueris
1721 4697 1897 4766 ipsum
1928 4695 2149 4750 benedi-

571 4810 730 4856 cere,
773 4791 942 4847 babes
969 4791 1036 4845 ad
1086 4789 1334 4843 animum
1384 4798 1533 4842 tuum
1562 4788 1912 4842 excitandum
1961 4789 2064 4842 102
2096 4796 2150 4842 et

573 4887 696 4941 l03.
721 4883 817 4938 Vis
842 4883 1064 4938 laudare
1080 4881 1250 4936 Deum
1277 4891 1437 4951 atque
1461 4896 1624 4936 nosse
1649 4881 1928 4950 quomodo
1963 4890 2016 4935 et
2041 4895 2151 4950 qua

571 4981 638 5032 de
668 4991 834 5033 causa
865 4974 1174 5030 laudandus
1201 4974 1291 5038 sit,
1319 4982 1372 5026 et
1405 4987 1654 5041 quaenam
1697 4971 2003 5026 laudantem
2030 4988 2150 5042 pro-

571 5070 713 5123 ferre
728 5067 951 5122 deceat?
975 5068 1140 5130 habes
1160 5066 1280 5128 101,
1300 5074 1354 5118 et
1379 5062 1499 5127 106,
1518 5062 1708 5128 eti“,
1727 5071 1781 5117 et
1804 5064 1924 5125 145,
1947 5071 1999 5116 et
2021 5062 2144 5130 146,

571 5171 620 5214 el
644 5143 846 5224 H7,'el
887 5161 1010 5224 MS,
1037 5168 1090 5213 et
1123 5157 1239 5212 I50.
1279 5154 1458 5210 Habes
1489 5155 1671 5220 ﬁdem,
1704 5155 1848 5210 sicut
1885 5155 2147 5210 Dominus

572 5253 728 5318 dixit,
744 5259 797 5305 et
813 5249 992 5305 credis
1021 5264 1084 5302 ea
1117 5264 1239 5316 qua:
1259 5246 1467 5301 orando
1498 5244 1779 5314 loqueris?
1801 5245 1889 5299 dic
1916 5246 2148 5300 centesi-

572 5359 721 5398 mum
735 5343 1003 5398 decimum
1017 5341 1289 5410 quintum.
1307 5328 1484 5391 Sentis
1502 5343 1552 5389 te
1569 5337 1824 5404 operibus
1841 5337 1948 5390 tuis
1963 5352 2148 5391 ascen-

571 5438 715 5497 dere,
747 5435 819 5488 ita
845 5443 903 5488 ut
922 5435 1102 5488 dicere
1129 5431 1307 5501 possis
1336 5447 1348 5482 :
1377 5427 1508 5492 Qua
1535 5440 1672 5480 retro
1696 5437 1820 5482 sunt
1843 5428 2142 5493 obliviscor,

571 5529 640 5581 ad
664 5541 877 5595 ea,quw
910 5530 1029 5579 ante
1059 5533 1218 5587 sunt,
1247 5524 1470 5576 extendo
1504 5522 1759 5590 meipsum
1786 5521 1906 5551 ”-“
1930 5520 1952 5572 ?
1977 5520 2143 5574 habes

571 5616 638 5668 ad
695 5614 982 5670 dicendum
1030 5615 1086 5668 in
1141 5613 1370 5683 singulis
1419 5610 1777 5682 profectubus
1827 5611 2140 5680 quindecim

573 5706 836 5777 graduum
869 5706 1100 5760 cantica.

645 5797 759 5829 ²⁶·²¹
789 5796 1022 5868 Philipp.
1064 5813 1144 5860 ιιι,
1183 5798 1266 5852 15.

2250 4621 2479 4691 ψαλμόν.
2509 4621 2617 4672 Καὶ
2647 4617 2833 4687 ἐπειδὴ
2866 4616 3066 4687 πρέπει
3095 4615 3182 4668 διὰ
3209 4615 3426 4667 πάντων
3449 4615 3542 4666 καὶ
3567 4616 3624 4666 tv
3662 4614 3827 4666 πᾶσιν

2252 4711 2590 4781 εὐχαριστεῖν
2617 4711 2764 4778 ἡμᾶς
2795 4707 2871 4776 τῷ
2891 4705 3028 4776 Θεῷ,
3049 4706 3136 4758 ὅτε
3169 4705 3342 4768 θέλεις
3371 4705 3612 4772 εὐλογεῖν
3640 4704 3824 4761 αὑτὸν,

2251 4800 2392 4871 ἔχεις
2417 4801 2493 4862 εἰς
2521 4799 2680 4852 τοῦτο
2706 4797 3110 4869 προτρέπεσθαι
3137 4795 3336 4848 σαυτοῦ
3370 4795 3467 4866 τὴν
3499 4793 3696 4865 ψυχὴν,
3731 4795 3828 4847 καὶ

2249 4889 2425 4958 λέγειν
2451 4889 2542 4942 τὸν
2573 4889 2652 4960 ρβ¹
2703 4887 2794 4940 καὶ
2826 4885 2927 4958 ργ’.
2957 4884 3136 4939 Alver
3175 4885 3349 4949 θέλεις
3388 4886 3478 4938 τὸν
3511 4885 3644 4938 Θεὸν
3665 4925 3680 4947 ,
3729 4884 3826 4938 καὶ

2251 4981 2446 5034 εἰδέναι
2475 4980 2589 5043 πῶς
2612 4981 2706 5032 καὶ
2735 4978 2827 5031 ἐπὶ
2855 4979 2959 5032 τίνι
2999 4979 3080 5032 δεῖ
3103 4979 3292 5040 αἰνεῖν,
3320 4977 3415 5029 καὶ
3450 4976 3600 5040 τίνας
3623 4967 3826 5048 πρέπει

2248 5070 2426 5140 λέγειν
2453 5070 2542 5123 τὸν
2573 5067 2753 5133 αἷνονς
2784 5069 2926 5140 ἔχεις
2951 5069 3041 5123 τὸν
3072 5068 3166 5136 ρδν,
3193 5069 3286 5121 καὶ
3311 5067 3402 5121 τὸν
3426 5072 3534 5138 ρξ’,
3567 5068 3661 5120 καὶ
3697 5065 3822 5137 ρλδ,

2249 5164 2342 5216 καὶ
2379 5169 2515 5234 ρμε’,
2559 5162 2652 5216 καί
2670 5163 2762 5214 τὸν
2799 5168 2953 5233 ρμς’,
2989 5159 3203 5213 καὶτὸν
3234 5155 3376 5229 ρμξ,
3417 5158 3510 5210 καὶ
3548 5157 3638 5210 τὸν
3674 5162 3821 5228 ρμη⁹,

2248 5254 2340 5306 καὶ
2373 5254 2462 5305 τὸν
2491 5251 2587 5324 ρν’.
2621 5253 2806 5322 Ἔχεις
2852 5250 3054 5314 πίστιν,
3105 5250 3180 5312 ὡς
3215 5243 3368 5301 εἶπεν
3396 5250 3424 5300 ό
3457 5247 3678 5318 Κύριος,
3729 5249 3823 5300 καὶ

2249 5344 2522 5407 πιστεύεις
2549 5338 2630 5406 οἷς
2662 5344 2952 5413 εὐχόμενος
2978 5341 3194 5404 λαλεῖς;
3221 5340 3344 5407 λέγε
3374 5340 3464 5392 τὸν
3496 5344 3613 5409 ριε’.
3664 5337 3822 5392 Ἀλλὰ

2247 5436 2601 5490 ἀναϐαίνοντα
2643 5437 2838 5487 σαυτὸν
2870 5434 3034 5505 αῖσθῃ
3066 5436 3187 5494 ταῖς
3223 5430 3487 5502 πράξεσιν
3511 5469 3526 5493 ,
3556 5428 3694 5482 ὥστε
3731 5429 3820 5482 λέ-

2211 5561 2225 5566 -
2245 5546 2365 5597 γειν
2388 5545 2403 5558 ο
2443 5528 2518 5582 Τὰ
2537 5526 2654 5596 μὲν
2678 5527 2871 5579 ὀπίσω
2897 5522 3370 5591 ἐπιλανθάνομαι
3388 5564 3404 5585 ,
3447 5521 3570 5587 τοῖς
3613 5513 3681 5574 δὲ
3720 5522 3821 5592 ἐμ-

2246 5622 2510 5688 προσθεν
2541 5617 2986 5685 ἐπεκτείνομαι;
3020 5614 3162 5685 ἔχεις
3191 5613 3312 5666 καθ’
3338 5612 3572 5681 ἑκάστην
3620 5627 3821 5684 προκο-

2239 5713 2352 5784 πὴν
2381 5713 2456 5773 εἰς
2478 5711 2537 5763 τὸ
2555 5709 2735 5777 λέγειν
2760 5707 2858 5770 τὰς
2895 5714 2954 5759 ιε’
2976 5706 3084 5759 τῶν
3109 5704 3436 5774 ἀναϐαθμῶν
3456 5702 3617 5774 ᾠδάς.
