4032 6500
214 397 284 449 37
1339 395 1678 452 EPISTOLA
1719 396 1810 450 AD
1851 399 2371 459 MARCELLINUM.
3401 419 3468 474 38

290 517 393 566 κε’.
444 513 898 584 ᾘχμαλωτεύθης
923 513 1028 567 ὑπὸ
1053 514 1346 586 ἀλλοτρίων
1381 514 1674 585 λογισμῶν,
1703 531 1766 567 κα

1866 564 1871 574 .
1970 517 2062 575 25.
2103 517 2159 573 In
2188 521 2556 591 captivitatem
2588 524 2838 583 redactus
2860 543 2919 583 es
2946 529 3015 584 ab
3045 530 3238 588 alienis
3263 535 3466 603 cogita-

213 606 387 675 ⁴ᾔσθου
407 606 635 658 σεαυτὸν
662 606 1026 676 ἀπαγόμενον,
1046 608 1138 659 καὶ
1171 606 1461 677 μετέγνως,
1478 605 1681 660 παῦσαι
1701 605 1795 659 τοῦ

213 697 432 760 λοιποῦ,
465 698 559 750 καὶ
586 698 775 768 μείνας
796 698 880 766 ἐφ’
902 693 983 761 οἷς
1003 699 1383 769 ἁμαρτάνοντα
1410 698 1633 752 σεαυτὸν
1663 716 1794 752 κατ-

215 786 435 849 έλαϐες,
468 787 658 849 κάθου,
691 787 785 839 καὶ
809 786 1041 840 κλαῦσον
1071 789 1162 841 καὶ
1198 789 1260 840 σὺ
1287 829 1301 852 ,
1337 790 1412 852 ὼς
1438 789 1736 859 πεποίηκεν
1767 790 1796 842 ὁ

210 878 340 931 τότε
364 877 514 940 λαὸς,
539 878 713 946 λέγων
744 879 813 931 τά
843 880 899 933 ἐν
928 878 1004 949 τῷ
1036 877 1175 951 ρλς·’.
1211 880 1348 942 Τοὺς
1373 880 1430 933 δὲ
1459 879 1795 949 πειρασμοὺς

213 972 520 1041 ἡγούμενος
544 968 683 1025 εἷναί
714 990 806 1025 σου
834 973 1086 1044 δοκιμὴν,
1119 973 1255 1043 μετὰ
1293 975 1419 1036 τοὺς
1457 974 1795 1045 πειρασμοὺς

211 1061 313 1113 ἐὰν
357 1063 750 1132 εὐχαριστῆσαι
799 1063 1050 1136 θελήσῃς,
1099 1063 1242 1133 ἔχεις
1290 1063 1380 1117 τὸν
1422 1061 1788 1134 ρλη¹ψαλμόν.

209 1145 425 1222 Συνέχῃ
462 1152 622 1205 πάλιν
643 1153 750 1204 ἀπὸ
769 1152 999 1224 ἐχθρῶν,
1028 1155 1122 1206 καὶ
1153 1153 1412 1224 ῥυσθῆναι
1431 1153 1638 1218 θέλεις;
1667 1152 1791 1221 λέγε

207 1240 282 1291 τὰ
317 1243 375 1292 ἐν
404 1241 481 1312 τῷ
511 1241 638 1312 ρλϐ’.
657 1243 924 1314 Δεηθῆναι
949 1244 1005 1297 δὲ
1036 1245 1130 1298 καὶ
1162 1245 1558 1315 προσεύξασθαι
1583 1245 1786 1310 θέλεις;

205 1332 380 1400 ψάλλε
411 1335 502 1388 τὸν
549 1342 591 1387 ε’
629 1336 724 1388 καὶ
770 1336 914 1407 ρμβ’.
963 1337 1181 1408 Ἐχθρὸς
1210 1337 1470 1409 τύραννος
1520 1339 1787 1411 ἐπανέστη

203 1423 288 1492 τῷ
313 1422 430 1494 λαῷ
458 1423 551 1478 καί
577 1441 679 1488 σοι,
699 1426 887 1498 ῶσπερ
911 1427 1100 1480 Γολιάθ
1124 1427 1201 1498 τῷ
1236 1429 1416 1496 Δαθὶδ,
1451 1430 1524 1501 μὴ
1547 1429 1783 1502 πτήξῃς’

203 1515 346 1568 ἀλλά
371 1517 594 1571 πίστευε
630 1519 724 1572 καὶ
751 1520 836 1584 σὺ,
868 1519 941 1584 ὡς
962 1523 993 1574 ό
1025 1520 1209 1587 Δαδὶδ,
1239 1522 1332 1574 καὶ
1365 1521 1488 1591 λέγε
1527 1524 1597 1576 τὰ
1627 1523 1685 1577 ἐν
1710 1523 1788 1593 τῷ

203 1615 358 1678 ρμγ’.
391 1606 525 1664 Εἶτα
554 1611 848 1682 θαυμάζων
871 1613 969 1677 τὰς
993 1615 1071 1677 είς
1101 1613 1308 1678 πάντας
1335 1614 1427 1668 τοῦ
1459 1614 1592 1668 Θεοῦ
1633 1617 1787 1687 εὐερ-

199 1701 419 1768 γεσίας,
454 1704 549 1756 καὶ
590 1705 944 1775 μνημονεύων
963 1706 1061 1777 τῆς
1081 1723 1140 1759 τε
1171 1708 1251 1771 είς
1278 1707 1337 1760 σέ
1359 1709 1450 1761 καὶ
1480 1708 1559 1772 είς
1581 1708 1784 1773 πάντας

198 1795 504 1866 γενομένης
528 1796 862 1866 άγαθότητος
891 1798 1056 1852 αὑτοῦ
1079 1841 1093 1866 ,
1143 1797 1239 1852 ἐὰν
1289 1800 1450 1872 θέλῃς
1479 1799 1567 1854 διὰ
1612 1800 1782 1855 ταῦτα

1840 652 1854 665 .
1895 607 2171 674 tionibus,
2213 623 2372 683 atque
2407 615 2629 670 sensisti
2671 625 2723 673 te
2752 619 3035 676 seductum
3057 662 3073 686 ,
3105 632 3159 677 et
3197 628 3466 694 poeniten-

1894 698 2025 754 tiam
2081 703 2267 772 egisti,
2318 704 2372 758 in
2415 716 2692 774 posterum
2746 710 2963 778 desine,
3022 725 3186 785 atque
3235 719 3461 785 gradum

1894 791 2093 846 sistens
2127 793 2220 848 ubi
2271 801 2323 849 te
2369 806 2682 865 peccantem
2729 799 3163 870 deprehendisti,
3207 809 3369 872 sede,
3409 819 3464 863 et

1893 879 2044 949 plora
2063 920 2078 944 ,
2111 890 2163 937 et
2190 891 2352 954 prout
2377 884 2505 940 fecit
2533 887 2660 941 olim
2700 892 2931 960 populus
2953 933 2968 957 ,
2995 895 3083 950 dic
3111 899 3273 953 verba
3313 899 3460 969 psal-

1892 970 1966 1024 mi
1994 972 2112 1025 156.
2153 971 2502 1031 Tentationes
2525 977 2902 1046 probationem
2944 997 3064 1038 esse
3093 993 3241 1041 tuam
3273 997 3458 1052 ratus,

1892 1059 1938 1113 si
1974 1070 2099 1129 post
2134 1064 2459 1119 tentationes
2497 1067 2632 1122 velis
2675 1069 2880 1139 gratias
2908 1086 3068 1141 agere
3089 1113 3102 1135 .
3137 1075 3304 1131 babes
3335 1078 3455 1132 158.

1889 1148 1974 1205 Ab
2016 1152 2254 1211 inimicis
2303 1157 2500 1210 iterum
2545 1159 2745 1214 teneris
2768 1200 2783 1226 ,
2809 1169 2862 1215 et
2896 1160 3112 1217 liberari
3151 1166 3344 1235 cupis?
3371 1168 3460 1221 dic

1888 1242 2055 1298 verba
2086 1245 2206 1301 139.
2245 1245 2341 1302 Vis
2369 1248 2670 1318 supplicare
2695 1260 2748 1306 et
2773 1253 2971 1307 orare?
3003 1256 3172 1324 psalle
3211 1258 3455 1326 quintum

1888 1339 1943 1386 et
1966 1334 2090 1388 142.
2121 1334 2379 1393 Inimicus
2413 1349 2675 1410 tyrannus
2701 1343 2995 1399 insurrexit
3017 1347 3070 1399 in
3095 1347 3375 1416 populum,
3403 1359 3458 1403 et

1888 1424 1944 1478 in
1984 1433 2072 1493 te,
2104 1427 2247 1484 sicut
2290 1430 2345 1484 in
2379 1429 2551 1486 David
2592 1431 2842 1500 Goliatb,
2885 1452 2954 1492 ne
2986 1439 3181 1493 timeas
3217 1459 3230 1494 :
3267 1441 3359 1496 sed
3395 1450 3451 1496 tu

1888 1519 2346 1586 quemadmodum
2390 1521 2560 1577 David
2611 1526 2805 1595 crede,
2834 1536 2889 1583 et
2939 1530 3107 1599 psalle
3141 1533 3300 1587 verba
3330 1534 3450 1587 145.

1886 1606 2091 1666 Deinde
2120 1613 2398 1670 admirans
2422 1615 2682 1674 beneﬁcia
2706 1618 2800 1674 Dei
2825 1620 2880 1674 in
2906 1637 3115 1689 omnes,
3141 1639 3454 1695 memorque

1884 1701 2004 1772 ejus
2033 1717 2160 1774 erga
2191 1714 2244 1760 te
2286 1716 2340 1762 et
2365 1724 2491 1781 erga
2526 1725 2714 1767 omnes
2745 1712 3005 1770 bonitatis
3027 1756 3041 1780 ,
3076 1718 3122 1772 si
3168 1727 3449 1787 propterea

1884 1794 2120 1851 volueris
2156 1796 2267 1851 Deo
2296 1798 2644 1867 benedicere,
2674 1803 2762 1858 dic
2788 1802 3006 1861 Davidis
3029 1807 3213 1872 verba,
3245 1823 3368 1877 quae
3397 1819 3451 1863 et

197 1885 452 1953 εὐλογεῖν
482 1887 573 1939 τὸν
599 1887 751 1951 Θεὸν,
779 1888 902 1957 λέγε
934 1889 1002 1943 τά
1032 1889 1126 1943 τοῦ
1153 1891 1316 1945 Δαόὶδ
1344 1893 1586 1962 ῥήματα,
1637 1892 1766 1965 am,

1882 1885 2000 1956 ipse
2035 1886 2177 1942 dixit
2212 1888 2266 1942 in
2291 1890 2500 1958 psalmo
2532 1893 2656 1946 144.
2689 1891 2778 1948 Vis
2806 1891 3036 1949 Domino
3059 1897 3293 1952 canere?
3323 1915 3447 1969 quae

198 1977 296 2028 καὶ
328 1978 493 2041 αὐτὸς
519 1975 668 2031 εἶπεν
693 1982 751 2033 ἐν
776 1981 855 2051 τῷ
898 1982 1015 2052 ρμδ’
1040 1982 1257 2053 ψαλμῷ.
1290 1978 1457 2054 τᾼσαι
1501 1983 1673 2048 θέλεις
1702 1984 1779 2056 τῷ

195 2067 427 2137 Κυρίῳς
459 2067 602 2138 ἔχεις
635 2071 714 2133 είς
764 2071 825 2123 τὸ
853 2071 1031 2138 λέγειν
1063 2072 1154 2126 τὸν
1208 2074 1292 2144 ιιβν
1325 2075 1420 2127 καὶ
1487 2073 1590 2141 ιιζν.
1654 2076 1778 2129 Ἐάν

198 2159 404 2230 μικρὸς
454 2159 529 2214 ῶν
577 2162 878 2234 προκριθῇς
925 2165 1003 2228 είς
1028 2164 1202 2237 ἀρχήν
1250 2183 1368 2219 τινα
1391 2165 1498 2220 τῶν
1536 2166 1778 2237 ἀδελφῶν

197 2268 319 2314 σου,
353 2254 428 2323 μὴ
460 2255 686 2322 ἐπαίρου
721 2257 841 2308 κατ’
873 2257 1051 2319 αὐτῶν
1073 2275 1086 2288 ·
1143 2258 1277 2314 ἀλλά
1321 2257 1397 2330 τῷ
1434 2259 1776 2331 ἐκλεξαμένῳ

193 2343 395 2412 Κυρίῳ
426 2343 599 2405 διδοὺς
629 2344 804 2408 δόξαν,
831 2346 995 2416 ψάλλε
1023 2348 1115 2401 καὶ
1144 2349 1206 2400 σὺ
1237 2348 1327 2401 τὸν
1361 2355 1471 2420 ρνα¹
1500 2348 1626 2401 ἴδιον
1648 2348 1776 2403 ὄντα

191 2434 291 2486 τοῦ
331 2435 513 2488 Δαϐίδ.
560 2435 720 2492 Ἂλλὰ
755 2438 930 2502 θέλεις
951 2439 1170 2508 ψάλλειν
1203 2441 1446 2512 ἐπακοὴν
1469 2440 1690 2512 ἔχοντας
1714 2441 1775 2495 τὸ

205 2523 550 2594 Ἀλληλούῖα,
582 2524 726 2595 ἔχεις
762 2527 852 2580 τὸν
885 2529 980 2598 ρδ’,
1018 2535 1088 2599 ρε⁸
1115 2569 1128 2592 ,
1163 2528 1273 2600 ρς·’,
1305 2526 1407 2600 ρια¹
1427 2572 1442 2594 ,
1474 2529 1574 2600 ριβ¹
1595 2569 1610 2594 ,
1645 2535 1770 2601 ριγθ,

193 2616 317 2685 ρξε’.
345 2615 465 2686 με’.
498 2615 634 2687 ρις’.
668 2617 787 2688 ριξκ
818 2626 943 2690 ριη’›
974 2617 1102 2688 ρλδ’.
1126 2620 1253 2691 ρλελ
1277 2625 1414 2690 ρμεί
1447 2627 1598 2690 ρμς’.
1626 2621 1768 2691 ρμξν.

192 2716 346 2780 ρμη’ς
384 2709 530 2779 ρμο’›
567 2716 666 2780 ρν’-

267 2807 383 2865 κζ’.
422 2802 547 2854 "Ore
581 2802 639 2854 δὲ
663 2801 821 2874 θέλῃς
851 2804 968 2856 κατ’
997 2803 1132 2856 ἰδίαν
1164 2803 1233 2856 τὰ
1257 2804 1385 2875 περὶ
1407 2802 1500 2857 τοῦ
1522 2804 1770 2875 Σωτῆρος

183 2892 441 2964 ψάλλειν,
475 2895 532 2946 ἐν
557 2893 774 2963 ἑκάστῳ
811 2895 908 2963 μὲν
940 2894 1124 2964 σχεδὸν
1158 2894 1432 2964 εὑρίσκεις
1462 2893 1660 2965 ψαλμῷ
1704 2894 1771 2946 τὰ

183 2984 416 3038 τοιαῦτα
434 3001 447 3014 ο
478 2984 622 3054 ἔχεις
641 2984 697 3037 δὲ
725 2985 958 3055 μάλιστα
980 2986 1070 3038 τὸν
1098 2984 1197 3056 μὲν
1227 2983 1306 3055 μδ¹
1330 2987 1534 3039 καὶτὸν
1566 2985 1649 3057 ρθ’
1676 2986 1771 3057 δη-

1880 1975 2030 2029 dicas
2058 1985 2357 2045 suppetunt
2396 1978 2448 2032 in
2482 1979 2551 2034 92
2584 1990 2637 2036 et
2668 1981 2758 2037 97.
2790 1981 2848 2036 Si
2875 1999 2996 2039 cum
3035 1987 3263 2056 pusillus
3297 2003 3448 2044 esses

1878 2065 2134 2134 praelatus
2165 2067 2241 2123 sis
2280 2071 2347 2122 ad
2383 2085 2542 2125 usum
2576 2075 2884 2144 quempiam
2926 2076 3154 2132 fratrum
3191 2088 3406 2134 tuorum
3428 2122 3444 2146 ,

1878 2171 1948 2213 ne
1981 2158 2237 2216 adversus
2269 2161 2392 2217 illos
2419 2164 2677 2220 extollare
2717 2182 2731 2218 :
2779 2166 2876 2222 sed
2922 2169 3146 2239 gloriam
3189 2172 3442 2232 Domino,

1877 2250 1972 2319 qui
2009 2260 2059 2306 te
2092 2252 2294 2324 elegit,
2339 2255 2605 2322 tribuens,
2634 2257 2803 2327 psalle
2834 2267 2888 2314 et
2921 2269 2976 2315 tu
3010 2261 3142 2327 151,
3171 2261 3266 2330 qui
3311 2276 3444 2332 pro-

1875 2343 2026 2411 prius
2059 2353 2141 2399 est
2172 2345 2413 2401 Davidis.
2452 2346 2558 2402 Sed
2589 2365 2784 2404 canere
2813 2351 2894 2406 vis
2918 2353 3156 2421 psalmos
3182 2368 3443 2408 resonan-

1875 2443 1956 2489 tes
1984 2435 2200 2490 laudem
2224 2436 2339 2504 Dei,
2359 2454 2456 2492 seu
2476 2440 2739 2496 habentes
2762 2442 2976 2496 titulum
3000 2443 3251 2509 Alleluia,
3278 2445 3442 2499 habes

1878 2526 1998 2591 104,
2043 2528 2322 2596 105,106,
2361 2530 2485 2595 111,
2539 2532 2814 2597 112,115,
2847 2533 3281 2602 114,115,116,
3318 2536 3438 2599 117,

1876 2620 2000 2686 118,
2035 2621 2158 2688 154,
2194 2621 2464 2688 155,145,
2499 2623 2622 2689 146,
2656 2624 2781 2692 147,
2813 2623 2933 2688 148,
2967 2625 3240 2693 149,150.

1938 2796 2027 2851 26.
2069 2796 2204 2852 Cum
2255 2798 2488 2854 volueris
2553 2813 2617 2853 ea
2665 2814 2788 2869 qua:
2836 2799 3166 2857 Salvatorem
3221 2803 3439 2871 proprie

1872 2897 2116 2960 spectant
2139 2890 2367 2960 psallere
2401 2931 2416 2958 ,
2443 2890 2497 2944 in
2526 2890 2754 2961 singulis
2785 2907 2921 2963 pene
2945 2893 3170 2962 psalmis
3210 2894 3325 2949 haec
3349 2895 3436 2949 in-

1870 2981 2086 3036 venies:
2117 2981 2386 3052 praecipue
2438 2990 2616 3036 autem
2641 2982 2810 3037 babes
2839 2983 2909 3037 44
2940 2991 2994 3038 et
3028 2982 3148 3050 109,
3177 2985 3271 3054 qui
3301 3001 3439 3056 prae-

184 3075 418 3138 λοῦντας
445 3076 544 3146 τὴν
579 3078 642 3129 ἐκ
672 3075 764 3129 τοῦ
798 3076 1012 3149 Πατρδς
1050 3077 1212 3130 αὑτοῦ
1253 3077 1480 3149 γνησίαν
1518 3077 1766 3146 γέννησιν

1869 3073 2083 3142 cipuam
2111 3073 2228 3144 ejus
2260 3088 2323 3128 ex
2356 3071 2514 3129 Patre
2540 3074 2962 3143 generationem,
2990 3075 3218 3146 ejusque
3247 3077 3299 3130 in
3323 3092 3438 3132 cor-

185 3168 286 3220 καὶ
314 3168 412 3237 τὴν
441 3168 703 3239 ἐνσαρκον
737 3169 900 3222 αὑτοῦ
938 3171 1272 3242 παρουσίαν
1321 3170 1413 3223 τὸν
1443 3169 1498 3222 δὲ
1546 3175 1630 3222 κα¹
1674 3167 1766 3221 καὶ

1869 3179 2000 3234 pore
2024 3164 2314 3218 adventum
2349 3164 2776 3234 signiﬁcantﬂl
2810 3175 2866 3220 et
2892 3166 2984 3231 68,
3028 3168 3121 3237 qui
3151 3167 3220 3222 de
3252 3168 3435 3222 divina

186 3259 268 3328 ξη’
300 3259 666 3331 προλέγοντας
698 3262 824 3330 περὶ
875 3261 970 3314 τοῦ
999 3261 1141 3314 θείου
1178 3260 1442 3333 σταυροῦ,
1492 3262 1586 3314 καὶ
1632 3260 1764 3330 ὅσην

1868 3270 2029 3312 cruce
2067 3257 2453 3326 praenuntiant,
2495 3266 2731 3328 quantas
2770 3273 2870 3328 pro
2915 3258 3074 3314 nobis
3117 3259 3437 3316 sustinuerit

180 3352 252 3406 δι’
275 3353 427 3422 ἡμᾶς
460 3349 752 3421 ἐπιϐουλὴν
786 3350 1090 3417 ἀνεδέξατο,
1147 3351 1243 3403 καὶ
1295 3351 1437 3404 πόσα
1493 3349 1760 3402 πέπονθε·

185 3444 283 3496 καὶ
315 3444 409 3496 τὸν
442 3442 542 3513 μὲν
571 3440 613 3512 β’
652 3442 747 3495 καὶ
773 3449 856 3514 ρη⁹
885 3443 1246 3513 σημαίνοντας
1282 3443 1381 3514 τήν
1416 3458 1471 3494 τε
1498 3440 1604 3494 τῶν
1630 3441 1761 3494 ’1ου-

183 3534 353 3588 δαίων
378 3533 666 3606 ἐπιϐουλὴν
700 3533 792 3586 καὶ
841 3535 1133 3606 πονηρίαν,
1181 3534 1276 3588 καὶ
1325 3534 1424 3606 τὴν
1469 3533 1638 3588 Ἰούδα
1668 3533 1761 3588 τοῦ

200 3625 551 3696 Ἰσκαριώτου
604 3627 920 3696 προδοσίαν·
966 3628 1057 3680 τόν
1088 3644 1147 3680 τε
1176 3627 1246 3690 κ’,
1282 3627 1376 3680 καὶ
1421 3627 1530 3696 μθ’,
1567 3628 1661 3680 καὶ
1683 3633 1762 3680 οα¹

182 3717 356 3788 (καὶ)
392 3716 686 3788 δηλοῦντας
717 3721 814 3788 τήν
845 3736 902 3770 τε
938 3718 1213 3787 βασιλείαν
1246 3719 1410 3772 αὐτοῦ
1453 3720 1545 3772 καὶ
1582 3737 1758 3791 κριτι-

183 3811 287 3880 κὴν
309 3809 560 3880 δύναμιν,
586 3809 680 3862 καὶ
704 3808 802 3879 τὴν
830 3809 908 3872 είς
939 3809 1085 3880 ἡμᾶς
1114 3805 1277 3860 αὐτοῦ
1309 3807 1470 3861 πάλιν
1499 3807 1758 3877 ἐνσαρκον

183 3901 513 3973 stupendi”,
543 3899 640 3953 καὶ
665 3900 763 3971 τὴν
793 3900 984 3969 κλῆσιν
1013 3899 1122 3953 τῶν
1151 3898 1340 3952 ἐθνῶν.
1374 3899 1482 3951 Καὶ
1504 3901 1532 3952 ὁ
1568 3899 1666 3969 μὲν
1698 3896 1758 3951 ιε’

178 3993 456 4045 δείκνυσιν
479 3990 645 4046 αὐτοῦ
677 3992 774 4063 τὴν
807 3992 873 4045 ἐκ
896 3991 1104 4063 νεκρῶν
1141 3991 1432 4045 ἀνάστασιν
1453 4007 1467 4020 ·
1502 3991 1530 4042 ὁ
1574 3989 1630 4042 δέ
1671 3995 1755 4059 κγ’

181 4087 278 4139 καὶ
305 4089 401 4153 μς⁹
430 4083 834 4151 ἀπαγγέλλουσι
855 4083 952 4152 τὴν
974 4084 1054 4146 είς
1069 4082 1329 4153 οὐρανοὺς
1349 4081 1531 4135 ἄνοδον
1555 4080 1718 4134 αὐτοῦ
1739 4098 1754 4112 ο

178 4175 273 4227 τὸν
305 4173 363 4226 δὲ
385 4173 492 4243 ῑιβκ
535 4173 629 4226 καὶ
663 4170 761 4239 l‘e',
805 4173 898 4224 καὶ
931 4171 1034 4238 ιζ’,
1080 4173 1172 4225 καὶ
1219 4176 1305 4242 ιη’
1345 4169 1752 4238 ἀναγινώσκων,

180 4260 458 4336 θεωρῆσαι
486 4263 687 4336 δυνήσῃ
720 4264 818 4326 τὰς
852 4264 931 4325 εἰς
957 4262 1104 4332 ἡμᾶς
1131 4260 1226 4314 τοῦ
1257 4261 1504 4332 Σωτῆρος
1529 4259 1617 4313 διὰ
1646 4258 1754 4313 τῶν

180 4357 526 4428 παθημάτων
551 4354 714 4409 αὐτοῦ
750 4355 1047 4425 γενομένας
1080 4353 1418 4424 εὐεργεσίας.

251 4452 358 4514 κζ’.
392 4450 642 4513 Τοιοῦτος
665 4449 761 4520 μὲν
783 4446 876 4503 οὖν
900 4451 1016 4502 ἐστι
1039 4449 1133 4502 καὶ
1151 4450 1179 4502 ὁ
1200 4447 1484 4518 χαρακτὴρ
1505 4448 1584 4510 είς
1611 4447 1752 4515 ὠφέ-

1865 3345 2112 3408 insidias,
2144 3355 2199 3400 et
2221 3362 2384 3416 quam
2417 3349 2585 3402 multa
2607 3363 2804 3418 passus
2834 3349 2935 3415 sit;
2964 3359 3018 3404 et
3049 3352 3348 3406 secundum
3379 3361 3437 3405 et

1866 3435 1988 3498 108,
2017 3437 2320 3491 indicantes
2351 3435 2662 3491 Judaeorum
2697 3439 2924 3494 insidias
2958 3441 3346 3511 malitiamque,
3375 3451 3432 3497 et

1863 3524 2014 3582 Iuda:
2053 3526 2324 3582 lscariota:
2367 3527 2765 3598 proditionem;
2806 3538 2861 3585 et
2901 3531 3216 3586 vicesimum
3243 3571 3259 3597 ,
3296 3533 3424 3590 item

1863 3616 1930 3672 49
1959 3626 2012 3672 et
2042 3617 2139 3683 71,
2189 3617 2558 3688 signiﬁcantes
2607 3632 2834 3689 regnum
2885 3619 3006 3689 ejus
3060 3630 3114 3676 et
3148 3621 3430 3689 iudicandi

1861 3715 2208 3778 potestatem,
2239 3721 2445 3761 necnon
2497 3705 2797 3761 secundum
2820 3706 2939 3776 ejus
2967 3707 3021 3761 in
3048 3722 3212 3764 carne
3235 3707 3304 3763 ad
3329 3723 3431 3764 nos

1860 3797 2148 3852 adventum
2177 3837 2191 3862 ,
2250 3805 2306 3852 et
2362 3797 2695 3852 vocationem
2743 3799 3005 3866 gentium.
3069 3796 3137 3851 Et
3185 3798 3428 3854 decimus

1858 3890 2085 3959 quintus
2118 3889 2360 3944 declarat
2409 3888 2528 3958 ejus
2569 3903 2600 3942 a
2651 3889 2883 3944 mortuis
2918 3890 3371 3945 resurrectionem
3409 3911 3422 3946 :

1859 3983 2156 4039 vicesimus
2182 3984 2376 4038 tertius
2411 3989 2464 4036 et
2506 3982 2956 4054 quadragesimus
3001 3993 3187 4040 sextus
3215 4000 3426 4040 annun-

1858 4076 1997 4130 tiant
2028 4074 2146 4144 ejus
2179 4073 2246 4128 ad
2292 4074 2459 4128 cmlos
2485 4088 2796 4129 ascensum.
2829 4072 2966 4129 Cum
3009 4085 3187 4130 autem
3229 4076 3424 4146 legeris

1856 4165 2264 4238 nonagesimum
2282 4164 2666 4228 secundum,et
2688 4163 2777 4228 95,
2795 4177 2848 4218 et
2864 4164 2951 4230 97,
2973 4173 3026 4219 et
3051 4164 3141 4232 98,
3164 4165 3421 4220 beneﬁcia

1856 4257 2155 4312 Salvatoris
2190 4272 2285 4327 per
2323 4256 2598 4312 cruciatus
2623 4255 2742 4326 ejus
2789 4255 2947 4311 nobis
2982 4255 3176 4311 collata
3217 4257 3420 4326 poteris

1854 4347 2230 4416 contemplari.

1919 4442 2009 4496 27.
2067 4437 2214 4494 Talis
2236 4449 2319 4495 est
2356 4440 2638 4495 character
2671 4437 2793 4492 libri
2836 4434 3178 4491 Psalmorum
3218 4435 3286 4489 ad
3318 4435 3418 4488 bo-

176 4544 329 4597 λειαν
362 4545 476 4606 τοῖς
508 4540 814 4612 ἀνθρώποις
862 4542 926 4593 ἐκ
974 4539 1073 4609 τῆς
1116 4538 1296 4608 βίϐλου
1343 4537 1450 4590 τῶν
1483 4536 1747 4607 Ψαλμῶν,

1866 4536 2060 4590 miuum
2111 4534 2395 4588 utilitatem
2464 4529 2941 4592 accommodatus;
2997 4541 3136 4597 quos
3194 4527 3416 4595 quidem

181 4637 412 4710 ἐχούσης
432 4636 602 4706 αὐτῆς
643 4635 804 4697 ἰδίους
832 4633 1098 4703 ψαλμοὺς,
1123 4632 1215 4684 καὶ
1240 4634 1298 4684 ἐν
1318 4633 1430 4694 τοῖς
1458 4630 1660 4694 λοιποῖς
1691 4629 1748 4683 δὲ

182 4729 307 4798 περὶ
330 4729 428 4798 τῆς
456 4729 513 4779 ἐν
547 4725 757 4796 σώματι
784 4721 1084 4795 παρουσίας
1111 4720 1204 4774 τοῦ
1227 4721 1433 4791 Κυρίου
1459 4719 1617 4790 ἡμῶν
1653 4719 1748 4773 καὶ

179 4820 428 4891 Σωτῆρος
452 4817 626 4888 Ἰησοῦ
657 4815 891 4886 Χριστοῦ
919 4812 1251 4883 πυκνοτέρας
1270 4812 1366 4875 τὰς
1393 4809 1747 4882 προφητείας,

176 4913 320 4968 καθά
354 4915 633 4982 προεῖπον.
665 4908 764 4962 Διά
789 4908 838 4960 τί
865 4908 921 4960 δὲ
953 4906 1089 4978 μετά
1110 4904 1300 4975 μέλους
1329 4903 1422 4957 καὶ
1453 4901 1595 4972 ᾠδῆς
1614 4900 1750 4970 ψάλ-

174 5006 360 5058 λονται
384 5005 433 5057 οἱ
463 5002 693 5056 τοιοῦτοι
725 5000 894 5068 λόγοι,
926 4999 1220 5065 ἀναγκαῖον
1247 4995 1378 5066 μηδὲ
1417 4992 1572 5046 τοῦτο
1609 5009 1748 5062 παρ-

175 5097 374 5151 ελθεῖν.
403 5096 561 5158 Τινὲς
590 5096 689 5165 μὲν
721 5092 828 5162 γὰρ
856 5091 962 5144 τῶν
996 5091 1127 5160 παρ’
1158 5091 1286 5160 ἡμῖν
1313 5087 1606 5158 ἀκεραίων,
1625 5085 1748 5138 καί·

173 5207 257 5240 τοι
291 5185 658 5239 πιστευόντων
680 5179 818 5235 εἶναι
852 5180 1181 5234 θεόπνευστα
1207 5178 1275 5232 τά
1301 5179 1521 5248 ῥήματα
1540 5217 1555 5241 ,
1598 5177 1747 5247 ὅμως

174 5279 454 5349 νομίζουσι
500 5275 587 5329 διὰ
619 5274 679 5326 τὸ
706 5273 942 5342 εὔφωνον
995 5272 1090 5324 καὶ
1117 5269 1360 5342 τέρψεως
1413 5268 1597 5322 ἕνεκεν
1648 5267 1744 5336 τῆς

175 5370 344 5440 ἀκοῆς
375 5366 726 5440 μελῳδείσθαι
750 5366 875 5426 τοὺς
902 5362 1167 5433 ψαλμούς.
1197 5362 1308 5415 Οὐκ
1334 5360 1524 5413 ἔστιδὲ
1542 5358 1742 5420 οὕτως’

175 5464 236 5515 οὑ
262 5462 369 5533 γὰρ
395 5462 458 5514 τὸ
486 5462 583 5533 ἡδὺ
613 5461 707 5514 καὶ
736 5457 960 5512 πιθανὸν
988 5455 1303 5528 ἐζήτησενὴ
1337 5456 1523 5525 Γραφή
1544 5470 1558 5484 ο
1610 5452 1744 5506 ἀλλά

178 5558 269 5607 καὶ
292 5554 452 5608 τοῦτο
481 5553 748 5624 ὠφελείας
772 5551 958 5603 ἐνεκεν
982 5551 1080 5621 τῆς
1106 5550 1283 5620 ψυχῆς
1327 5547 1633 5601 τετύπωται
1658 5545 1746 5599 διὰ

179 5649 353 5701 πάντα
387 5647 510 5718 μὲν,
543 5646 776 5716 μάλιστα
804 5643 859 5697 δὲ
887 5643 974 5696 διὰ
1005 5642 1098 5696 δύο
1128 5640 1328 5694 ταῦτα·
1373 5639 1590 5710 πρῶτον
1623 5637 1741 5707 μὲν,

177 5745 254 5794 δτι
287 5741 495 5812 ἔπρεπε
520 5740 620 5810 τὴν
651 5739 801 5792 θείαν
827 5736 1045 5809 Γραφὴν
1077 5737 1151 5806 μὴ
1189 5735 1346 5804 μόνον
1372 5736 1437 5804 τῇ
1471 5731 1739 5800 συνεχείᾳ,

177 5835 304 5888 ἀλλά
351 5835 442 5888 καὶ
491 5836 555 5902 τῇ
594 5834 732 5886 κατὰ
769 5831 966 5892 πλάτος
1019 5831 1167 5898 φωνῇ
1219 5828 1309 5881 τὸν
1362 5825 1492 5880 Θεὸν
1533 5825 1738 5895 ὑμνεῖν.

1853 4627 2092 4698 psalmos
2134 4626 2273 4680 alios
2300 4625 2366 4678 ad
2395 4621 2828 4678 emendationem
2875 4627 3118 4672 motuum
3169 4618 3414 4688 singula-

1850 4733 1970 4772 rum
1990 4717 2293 4772 animarum
2310 4714 2648 4784 conscriptos
2663 4727 2802 4776 esse,
2824 4710 3064 4781 reliquos
3083 4725 3209 4764 vero
3238 4710 3306 4764 de
3322 4710 3416 4764 ad-

1849 4820 2011 4866 ventu
2036 4811 2090 4864 in
2109 4823 2336 4877 corpore
2357 4805 2571 4860 Domini
2594 4804 2764 4858 nostri
2782 4800 2810 4856 J
2818 4817 2912 4856 esu
2937 4801 3136 4856 Christi
3160 4799 3413 4870 frequen-

1849 4906 2018 4959 tiores
2060 4901 2257 4954 habcre
2299 4897 2631 4968 prophetias,
2667 4896 2922 4966 superius
2967 4894 3223 4948 diximus.
3270 4891 3409 4957 Quid

1848 5010 2026 5050 causa:
2079 5001 2258 5047 autem
2328 4991 2423 5054 sit,
2460 4987 2603 5059 quod
2656 4985 2924 5056 ejusmodi
2969 4998 3249 5039 sermones
3285 4998 3407 5038 cum

1848 5086 2217 5143 modulatione
2266 5093 2320 5137 et
2347 5091 2509 5136 cantu
2547 5081 2866 5151 psallantur,
2903 5091 3243 5146 nequaquam
3271 5090 3410 5143 prae-

1848 5175 2249 5232 termittendum
2274 5181 2376 5227 est.
2420 5170 2651 5237 Quidam
2685 5170 2828 5224 enim
2882 5168 3023 5222 inter
3061 5182 3159 5220 nos
3201 5165 3408 5234 simpli-

1847 5269 2046 5332 ciores,
2077 5265 2289 5322 tametsi
2333 5264 2560 5318 credunt
2595 5261 2760 5316 verba
2793 5274 2914 5314 esse
2941 5257 3200 5313 divinitus
3237 5255 3408 5325 inspi-

1848 5370 1996 5424 rata,
2040 5359 2375 5413 arbitrantur
2419 5365 2597 5409 tamen
2647 5352 2717 5406 ob
2773 5350 2891 5406 soni
2942 5349 3262 5404 suavitatem
3307 5360 3404 5399 νου

1846 5455 2214 5522 luptatemque
2258 5449 2470 5502 aurium
2515 5445 2757 5516 psalmos
2790 5443 2932 5498 cani.
2969 5441 3038 5494 At
3066 5453 3403 5509 nequaquam

1846 5547 1920 5600 ita
1952 5560 2009 5598 se
2043 5551 2128 5597 res
2156 5542 2354 5607 habet;
2389 5555 2494 5594 non
2522 5538 2666 5592 enim
2720 5550 2907 5598 suave,
2949 5543 3044 5588 aut
3093 5532 3404 5587 dcmulcens

1844 5636 2092 5708 quzesivit
2129 5633 2405 5701 Scriptura
2439 5650 2451 5685 :
2485 5630 2577 5685 sed
2614 5628 2665 5683 id
2691 5641 2908 5699 quoque
2938 5626 3004 5680 ad
3031 5623 3225 5677 animae
3259 5621 3408 5675 utili-

1845 5739 2005 5786 tatem
2026 5725 2380 5781 constitutum
2405 5730 2507 5784 est,
2526 5719 2801 5784 omnibus,
2821 5717 2912 5771 sed
2927 5715 3144 5769 duabus
3168 5712 3402 5766 maxime

1843 5821 1909 5876 de
1931 5818 2111 5876 causis
2145 5835 2158 5884 ;
2188 5817 2382 5886 primo,
2410 5813 2537 5884 quia
2570 5809 2750 5865 decuit
2798 5807 3032 5862 divinam
3068 5802 3399 5871 Scripturam
