  <div class='ocr_page' id='page_1' title='image "/cluster/home/n/w/nwhite01/storage/ocr_20150623/27/ien.35556001660521/031.png"; bbox 0 0 4032 6422; ppageno 0'>
   <div class='ocr_carea' id='block_1_1' title="bbox 605 386 3849 448">
    <p class='ocr_par' dir='ltr' id='par_1_1' title="bbox 605 386 3849 448">
     <span class='ocr_line' id='line_1_1' title="bbox 605 386 3849 448; baseline 0.001 -3"><span class='ocrx_word' id='word_1_1' title='bbox 605 387 675 445; x_wconf 79' lang='lat'><strong>&#39;59</strong></span> <span class='ocrx_word' id='word_1_2' title='bbox 1453 387 1512 443; x_wconf 87' lang='lat' dir='ltr'><strong>S.</strong></span> <span class='ocrx_word' id='word_1_3' title='bbox 1555 386 1922 443; x_wconf 73' lang='lat' dir='ltr'><strong>ATHANASH</strong></span> <span class='ocrx_word' id='word_1_4' title='bbox 1959 389 2110 445; x_wconf 81' lang='lat' dir='ltr'><strong>OPP.</strong></span> <span class='ocrx_word' id='word_1_5' title='bbox 2158 387 2338 444; x_wconf 75' lang='lat' dir='ltr'><strong>PARS</strong></span> <span class='ocrx_word' id='word_1_6' title='bbox 2376 386 2456 441; x_wconf 93' lang='lat' dir='ltr'><strong>Ill.</strong></span> <span class='ocrx_word' id='word_1_7' title='bbox 2511 417 2570 428; x_wconf 91' lang='lat'><strong>—</strong></span> <span class='ocrx_word' id='word_1_8' title='bbox 2610 387 3027 445; x_wconf 78' lang='lat' dir='ltr'><strong>EXEGETICA.</strong></span> <span class='ocrx_word' id='word_1_9' title='bbox 3777 395 3849 448; x_wconf 73' lang='grc' dir='ltr'><strong>ιο</strong></span> 
     </span>
    </p>
   </div>
   <div class='ocr_carea' id='block_1_2' title="bbox 609 503 2196 585">
    <p class='ocr_par' dir='ltr' id='par_1_2' title="bbox 609 505 2172 576">
     <span class='ocr_line' id='line_1_2' title="bbox 609 505 2172 576; baseline 0.003 -16"><span class='ocrx_word' id='word_1_10' title='bbox 609 522 718 562; x_wconf 85' lang='grc' dir='ltr'>ιιοη</span> <span class='ocrx_word' id='word_1_11' title='bbox 769 518 1118 576; x_wconf 77' lang='lat' dir='ltr'><strong>compresso,</strong></span> <span class='ocrx_word' id='word_1_12' title='bbox 1169 505 1264 560; x_wconf 88' lang='lat' dir='ltr'><strong>sed</strong></span> <span class='ocrx_word' id='word_1_13' title='bbox 1321 506 1376 560; x_wconf 90' lang='lat' dir='ltr'><strong>in</strong></span> <span class='ocrx_word' id='word_1_14' title='bbox 1449 506 1740 563; x_wconf 85' lang='lat' dir='ltr'><strong>latitudine</strong></span> <span class='ocrx_word' id='word_1_15' title='bbox 1795 510 1944 564; x_wconf 85' lang='lat' dir='ltr'><strong>vocis</strong></span> <span class='ocrx_word' id='word_1_16' title='bbox 2003 509 2172 565; x_wconf 89' lang='lat' dir='ltr'><strong>Deum</strong></span> 
     </span>
    </p>
   </div>
   <div class='ocr_carea' id='block_1_3' title="bbox 2296 503 3860 585">
    <p class='ocr_par' dir='ltr' id='par_1_3' title="bbox 2296 503 3860 581">
     <span class='ocr_line' id='line_1_3' title="bbox 2296 503 3860 581; baseline -0.003 -16"><span class='ocrx_word' id='word_1_17' title='bbox 2296 511 2435 565; x_wconf 65' lang='grc' dir='ltr'>(ατὰ</span> <span class='ocrx_word' id='word_1_18' title='bbox 2464 509 2750 580; x_wconf 78' lang='grc' dir='ltr'><strong>συνέχειαν</strong></span> <span class='ocrx_word' id='word_1_19' title='bbox 2786 512 2884 581; x_wconf 83' lang='grc' dir='ltr'><strong>μὲν</strong></span> <span class='ocrx_word' id='word_1_20' title='bbox 2909 506 3003 564; x_wconf 80' lang='grc' dir='ltr'>οὖν</span> <span class='ocrx_word' id='word_1_21' title='bbox 3030 509 3264 580; x_wconf 71' lang='grc' dir='ltr'>εἴρηται,</span> <span class='ocrx_word' id='word_1_22' title='bbox 3295 503 3384 562; x_wconf 80' lang='grc' dir='ltr'><strong>οἷά</strong></span> <span class='ocrx_word' id='word_1_23' title='bbox 3413 511 3527 562; x_wconf 78' lang='grc' dir='ltr'>ἐστι</span> <span class='ocrx_word' id='word_1_24' title='bbox 3553 507 3620 560; x_wconf 73' lang='grc' dir='ltr'>τὰ</span> <span class='ocrx_word' id='word_1_25' title='bbox 3651 508 3748 561; x_wconf 71' lang='grc' dir='ltr'>τοῦ</span> <span class='ocrx_word' id='word_1_26' title='bbox 3773 511 3860 561; x_wconf 76' lang='grc' dir='ltr'>νο-</span> 
     </span>
    </p>
   </div>
   <div class='ocr_carea' id='block_1_4' title="bbox 610 596 2177 670">
    <p class='ocr_par' dir='ltr' id='par_1_4' title="bbox 610 596 2177 670">
     <span class='ocr_line' id='line_1_4' title="bbox 610 596 2177 670; baseline 0.002 -17"><span class='ocrx_word' id='word_1_27' title='bbox 610 599 824 670; x_wconf 87' lang='lat' dir='ltr'><strong>hymnis</strong></span> <span class='ocrx_word' id='word_1_28' title='bbox 863 598 1154 655; x_wconf 87' lang='lat' dir='ltr'><strong>celebrare.</strong></span> <span class='ocrx_word' id='word_1_29' title='bbox 1202 596 1472 653; x_wconf 85' lang='lat' dir='ltr'><strong>Continua</strong></span> <span class='ocrx_word' id='word_1_30' title='bbox 1525 600 1688 670; x_wconf 88' lang='lat' dir='ltr'><strong>igitur</strong></span> <span class='ocrx_word' id='word_1_31' title='bbox 1711 602 1957 655; x_wconf 90' lang='lat' dir='ltr'><strong>oratione</strong></span> <span class='ocrx_word' id='word_1_32' title='bbox 1981 602 2177 656; x_wconf 93' lang='lat' dir='ltr'><strong>dicun-</strong></span> 
     </span>
    </p>
   </div>
   <div class='ocr_carea' id='block_1_5' title="bbox 611 688 2180 761">
    <p class='ocr_par' dir='ltr' id='par_1_5' title="bbox 611 688 2180 761">
     <span class='ocr_line' id='line_1_5' title="bbox 611 688 2180 761; baseline 0.002 -17"><span class='ocrx_word' id='word_1_33' title='bbox 611 700 700 744; x_wconf 88' lang='lat' dir='ltr'><strong>tur</strong></span> <span class='ocrx_word' id='word_1_34' title='bbox 757 690 892 761; x_wconf 85' lang='lat' dir='ltr'><strong>legis</strong></span> <span class='ocrx_word' id='word_1_35' title='bbox 937 699 990 744; x_wconf 90' lang='lat' dir='ltr'><strong>et</strong></span> <span class='ocrx_word' id='word_1_36' title='bbox 1031 688 1415 758; x_wconf 82' lang='lat' dir='ltr'><strong>prophetarum</strong></span> <span class='ocrx_word' id='word_1_37' title='bbox 1445 690 1628 754; x_wconf 88' lang='lat' dir='ltr'><strong>verba,</strong></span> <span class='ocrx_word' id='word_1_38' title='bbox 1665 705 1880 745; x_wconf 91' lang='lat' dir='ltr'><strong>necnon</strong></span> <span class='ocrx_word' id='word_1_39' title='bbox 1936 694 2180 747; x_wconf 75' lang='lat' dir='ltr'><strong>historia:</strong></span> 
     </span>
    </p>
   </div>
   <div class='ocr_carea' id='block_1_6' title="bbox 611 778 2178 847">
    <p class='ocr_par' dir='ltr' id='par_1_6' title="bbox 611 778 2178 847">
     <span class='ocr_line' id='line_1_6' title="bbox 611 778 2178 847; baseline 0.001 -12"><span class='ocrx_word' id='word_1_40' title='bbox 611 796 824 844; x_wconf 88' lang='lat' dir='ltr'><strong>omnes,</strong></span> <span class='ocrx_word' id='word_1_41' title='bbox 859 795 983 835; x_wconf 86' lang='lat' dir='ltr'><strong>cum</strong></span> <span class='ocrx_word' id='word_1_42' title='bbox 1016 778 1162 834; x_wconf 76' lang='lat' dir='ltr'><strong>Novo</strong></span> <span class='ocrx_word' id='word_1_43' title='bbox 1187 778 1576 847; x_wconf 83' lang='lat' dir='ltr'><strong>Testamento;</strong></span> <span class='ocrx_word' id='word_1_44' title='bbox 1624 780 1801 837; x_wconf 80' lang='lat' dir='ltr'><strong>fusius</strong></span> <span class='ocrx_word' id='word_1_45' title='bbox 1834 791 2016 837; x_wconf 86' lang='lat' dir='ltr'><strong>autem</strong></span> <span class='ocrx_word' id='word_1_46' title='bbox 2049 783 2178 838; x_wconf 75' lang='lat' dir='ltr'><strong>effe-</strong></span> 
     </span>
    </p>
   </div>
   <div class='ocr_carea' id='block_1_7' title="bbox 614 869 2173 939">
    <p class='ocr_par' dir='ltr' id='par_1_7' title="bbox 614 869 2173 939">
     <span class='ocr_line' id='line_1_7' title="bbox 614 869 2173 939; baseline 0 -15"><span class='ocrx_word' id='word_1_47' title='bbox 614 881 808 924; x_wconf 89' lang='lat' dir='ltr'><strong>runtur</strong></span> <span class='ocrx_word' id='word_1_48' title='bbox 853 871 1205 939; x_wconf 84' lang='lat' dir='ltr'><strong>psalmorum.</strong></span> <span class='ocrx_word' id='word_1_49' title='bbox 1237 869 1462 924; x_wconf 88' lang='lat' dir='ltr'><strong>odarum</strong></span> <span class='ocrx_word' id='word_1_50' title='bbox 1503 879 1558 924; x_wconf 91' lang='lat' dir='ltr'><strong>et</strong></span> <span class='ocrx_word' id='word_1_51' title='bbox 1604 875 1944 926; x_wconf 82' lang='lat' dir='ltr'><strong>canticorum</strong></span> <span class='ocrx_word' id='word_1_52' title='bbox 1973 873 2173 939; x_wconf 86' lang='lat' dir='ltr'><strong>verba;</strong></span> 
     </span>
    </p>
   </div>
   <div class='ocr_carea' id='block_1_8' title="bbox 613 961 2183 1033">
    <p class='ocr_par' dir='ltr' id='par_1_8' title="bbox 613 961 2183 1033">
     <span class='ocr_line' id='line_1_8' title="bbox 613 961 2183 1033; baseline 0.001 -16"><span class='ocrx_word' id='word_1_53' title='bbox 613 972 776 1033; x_wconf 82' lang='lat' dir='ltr'><strong>atque</strong></span> <span class='ocrx_word' id='word_1_54' title='bbox 807 962 878 1015; x_wconf 87' lang='lat' dir='ltr'><strong>ita</strong></span> <span class='ocrx_word' id='word_1_55' title='bbox 913 972 1158 1016; x_wconf 83' lang='lat' dir='ltr'><strong>servatur</strong></span> <span class='ocrx_word' id='word_1_56' title='bbox 1189 961 1340 1026; x_wconf 91' lang='lat' dir='ltr'><strong>illud,</strong></span> <span class='ocrx_word' id='word_1_57' title='bbox 1371 972 1427 1015; x_wconf 89' lang='lat' dir='ltr'><strong>ut</strong></span> <span class='ocrx_word' id='word_1_58' title='bbox 1461 961 1706 1018; x_wconf 86' lang='lat' dir='ltr'><strong>homines</strong></span> <span class='ocrx_word' id='word_1_59' title='bbox 1737 965 1868 1018; x_wconf 92' lang='lat' dir='ltr'><strong>totis</strong></span> <span class='ocrx_word' id='word_1_60' title='bbox 1899 965 2106 1019; x_wconf 88' lang='lat' dir='ltr'><strong>viribus</strong></span> <span class='ocrx_word' id='word_1_61' title='bbox 2130 974 2183 1019; x_wconf 86' lang='lat' dir='ltr'><strong>et</strong></span> 
     </span>
    </p>
   </div>
   <div class='ocr_carea' id='block_1_9' title="bbox 614 1053 2181 1125">
    <p class='ocr_par' dir='ltr' id='par_1_9' title="bbox 614 1053 2181 1125">
     <span class='ocr_line' id='line_1_9' title="bbox 614 1053 2181 1125; baseline 0.001 -15"><span class='ocrx_word' id='word_1_62' title='bbox 614 1065 725 1110; x_wconf 89' lang='lat' dir='ltr'><strong>tota</strong></span> <span class='ocrx_word' id='word_1_63' title='bbox 753 1056 946 1110; x_wconf 90' lang='lat' dir='ltr'><strong>virtute</strong></span> <span class='ocrx_word' id='word_1_64' title='bbox 964 1053 1136 1108; x_wconf 89' lang='lat' dir='ltr'><strong>Deum</strong></span> <span class='ocrx_word' id='word_1_65' title='bbox 1158 1055 1400 1125; x_wconf 83' lang='lat' dir='ltr'><strong>diligant.</strong></span> <span class='ocrx_word' id='word_1_66' title='bbox 1432 1055 1700 1119; x_wconf 90' lang='lat' dir='ltr'><strong>Secundo,</strong></span> <span class='ocrx_word' id='word_1_67' title='bbox 1725 1057 2181 1125; x_wconf 78' lang='lat' dir='ltr'><strong>quemadmodum</strong></span> 
     </span>
    </p>
   </div>
   <div class='ocr_carea' id='block_1_10' title="bbox 615 1145 2183 1214">
    <p class='ocr_par' dir='ltr' id='par_1_10' title="bbox 615 1145 2183 1214">
     <span class='ocr_line' id='line_1_10' title="bbox 615 1145 2183 1214; baseline -0.001 -14"><span class='ocrx_word' id='word_1_68' title='bbox 615 1145 922 1211; x_wconf 79' lang='lat' dir='ltr'><strong>harmonia,</strong></span> <span class='ocrx_word' id='word_1_69' title='bbox 949 1145 1112 1198; x_wconf 88' lang='lat' dir='ltr'><strong>tibias</strong></span> <span class='ocrx_word' id='word_1_70' title='bbox 1135 1154 1257 1214; x_wconf 86' lang='lat' dir='ltr'><strong>apte</strong></span> <span class='ocrx_word' id='word_1_71' title='bbox 1282 1159 1635 1214; x_wconf 86' lang='lat' dir='ltr'><strong>componens,</strong></span> <span class='ocrx_word' id='word_1_72' title='bbox 1657 1160 1825 1198; x_wconf 89' lang='lat' dir='ltr'><strong>unum</strong></span> <span class='ocrx_word' id='word_1_73' title='bbox 1858 1157 2183 1200; x_wconf 87' lang='lat' dir='ltr'><strong>concentum</strong></span> 
     </span>
    </p>
   </div>
   <div class='ocr_carea' id='block_1_11' title="bbox 615 1236 2183 1308">
    <p class='ocr_par' dir='ltr' id='par_1_11' title="bbox 615 1236 2183 1308">
     <span class='ocr_line' id='line_1_11' title="bbox 615 1236 2183 1308; baseline 0.001 -16"><span class='ocrx_word' id='word_1_74' title='bbox 615 1238 794 1303; x_wconf 81' lang='lat' dir='ltr'><strong>ellicit,</strong></span> <span class='ocrx_word' id='word_1_75' title='bbox 827 1239 899 1292; x_wconf 88' lang='lat' dir='ltr'><strong>ita</strong></span> <span class='ocrx_word' id='word_1_76' title='bbox 921 1252 1045 1292; x_wconf 91' lang='lat' dir='ltr'><strong>cum</strong></span> <span class='ocrx_word' id='word_1_77' title='bbox 1078 1237 1129 1289; x_wconf 90' lang='lat' dir='ltr'><strong>in</strong></span> <span class='ocrx_word' id='word_1_78' title='bbox 1157 1237 1330 1290; x_wconf 85' lang='lat' dir='ltr'><strong>anima</strong></span> <span class='ocrx_word' id='word_1_79' title='bbox 1351 1236 1484 1290; x_wconf 86' lang='lat' dir='ltr'><strong>varii</strong></span> <span class='ocrx_word' id='word_1_80' title='bbox 1517 1238 1624 1291; x_wconf 90' lang='lat' dir='ltr'><strong>sint</strong></span> <span class='ocrx_word' id='word_1_81' title='bbox 1643 1246 1821 1292; x_wconf 90' lang='lat' dir='ltr'><strong>motus</strong></span> <span class='ocrx_word' id='word_1_82' title='bbox 1849 1239 2080 1308; x_wconf 89' lang='lat' dir='ltr'><strong>insitque</strong></span> <span class='ocrx_word' id='word_1_83' title='bbox 2105 1237 2183 1294; x_wconf 88' lang='lat' dir='ltr'><strong>vis</strong></span> 
     </span>
    </p>
   </div>
   <div class='ocr_carea' id='block_1_12' title="bbox 616 1328 2182 1400">
    <p class='ocr_par' dir='ltr' id='par_1_12' title="bbox 616 1328 2182 1400">
     <span class='ocr_line' id='line_1_12' title="bbox 616 1328 2182 1400; baseline 0 -16"><span class='ocrx_word' id='word_1_84' title='bbox 616 1329 923 1400; x_wconf 81' lang='lat' dir='ltr'><strong>cogitandi,</strong></span> <span class='ocrx_word' id='word_1_85' title='bbox 980 1328 1425 1398; x_wconf 84' lang='lat' dir='ltr'><strong>coneupiscendi,</strong></span> <span class='ocrx_word' id='word_1_86' title='bbox 1482 1329 1786 1394; x_wconf 84' lang='lat' dir='ltr'><strong>irascendi,</strong></span> <span class='ocrx_word' id='word_1_87' title='bbox 1835 1344 1900 1384; x_wconf 78' lang='lat' dir='ltr'><strong>ex</strong></span> <span class='ocrx_word' id='word_1_88' title='bbox 1952 1346 2182 1398; x_wconf 88' lang='lat' dir='ltr'><strong>quarum</strong></span> 
     </span>
    </p>
   </div>
   <div class='ocr_carea' id='block_1_13' title="bbox 617 1420 2181 1490">
    <p class='ocr_par' dir='ltr' id='par_1_13' title="bbox 617 1420 2181 1490">
     <span class='ocr_line' id='line_1_13' title="bbox 617 1420 2181 1490; baseline -0.001 -15"><span class='ocrx_word' id='word_1_89' title='bbox 617 1423 854 1476; x_wconf 87' lang='lat' dir='ltr'><strong>motione</strong></span> <span class='ocrx_word' id='word_1_90' title='bbox 907 1420 1274 1474; x_wconf 84' lang='lat' dir='ltr'><strong>membrorum</strong></span> <span class='ocrx_word' id='word_1_91' title='bbox 1329 1421 1577 1490; x_wconf 86' lang='lat' dir='ltr'><strong>corporis</strong></span> <span class='ocrx_word' id='word_1_92' title='bbox 1631 1421 1873 1490; x_wconf 85' lang='lat' dir='ltr'><strong>operatio</strong></span> <span class='ocrx_word' id='word_1_93' title='bbox 1919 1424 2181 1488; x_wconf 86' lang='lat' dir='ltr'><strong>exoritur,</strong></span> 
     </span>
    </p>
   </div>
   <div class='ocr_carea' id='block_1_14' title="bbox 616 1511 2186 1582">
    <p class='ocr_par' dir='ltr' id='par_1_14' title="bbox 616 1511 2186 1582">
     <span class='ocr_line' id='line_1_14' title="bbox 616 1511 2186 1582; baseline 0.001 -15"><span class='ocrx_word' id='word_1_94' title='bbox 616 1514 756 1568; x_wconf 84' lang='lat' dir='ltr'><strong>ratio</strong></span> <span class='ocrx_word' id='word_1_95' title='bbox 787 1511 1021 1582; x_wconf 89' lang='lat' dir='ltr'><strong>postulat</strong></span> <span class='ocrx_word' id='word_1_96' title='bbox 1062 1513 1337 1567; x_wconf 89' lang='lat' dir='ltr'><strong>hominem</strong></span> <span class='ocrx_word' id='word_1_97' title='bbox 1379 1527 1564 1567; x_wconf 90' lang='lat' dir='ltr'><strong>secum</strong></span> <span class='ocrx_word' id='word_1_98' title='bbox 1601 1527 1708 1565; x_wconf 90' lang='lat' dir='ltr'><strong>non</strong></span> <span class='ocrx_word' id='word_1_99' title='bbox 1736 1511 2045 1576; x_wconf 86' lang='lat' dir='ltr'><strong>dissentire,</strong></span> <span class='ocrx_word' id='word_1_100' title='bbox 2088 1530 2186 1569; x_wconf 84' lang='lat' dir='ltr'><strong>nec</strong></span> 
     </span>
    </p>
   </div>
   <div class='ocr_carea' id='block_1_15' title="bbox 620 1603 2186 1674">
    <p class='ocr_par' dir='ltr' id='par_1_15' title="bbox 620 1603 2186 1674">
     <span class='ocr_line' id='line_1_15' title="bbox 620 1603 2186 1674; baseline 0.002 -15"><span class='ocrx_word' id='word_1_101' title='bbox 620 1622 651 1659; x_wconf 89' lang='lat' dir='ltr'><strong>a</strong></span> <span class='ocrx_word' id='word_1_102' title='bbox 687 1605 977 1674; x_wconf 91' lang='lat' dir='ltr'><strong>semetipso</strong></span> <span class='ocrx_word' id='word_1_103' title='bbox 1023 1603 1286 1658; x_wconf 86' lang='lat' dir='ltr'><strong>dissidere</strong></span> <span class='ocrx_word' id='word_1_104' title='bbox 1335 1622 1348 1657; x_wconf 92' lang='lat'>:</span> <span class='ocrx_word' id='word_1_105' title='bbox 1384 1603 1454 1658; x_wconf 91' lang='lat' dir='ltr'><strong>ita</strong></span> <span class='ocrx_word' id='word_1_106' title='bbox 1497 1614 1555 1658; x_wconf 90' lang='lat' dir='ltr'><strong>ut</strong></span> <span class='ocrx_word' id='word_1_107' title='bbox 1603 1603 1807 1671; x_wconf 85' lang='lat' dir='ltr'><strong>Optima</strong></span> <span class='ocrx_word' id='word_1_108' title='bbox 1836 1605 2052 1673; x_wconf 90' lang='lat' dir='ltr'><strong>quidem</strong></span> <span class='ocrx_word' id='word_1_109' title='bbox 2091 1622 2186 1661; x_wconf 90' lang='lat' dir='ltr'><strong>co-</strong></span> 
     </span>
    </p>
   </div>
   <div class='ocr_carea' id='block_1_16' title="bbox 621 1687 2184 1760">
    <p class='ocr_par' dir='ltr' id='par_1_16' title="bbox 621 1687 2184 1760">
     <span class='ocr_line' id='line_1_16' title="bbox 621 1687 2184 1760; baseline 0.002 -19"><span class='ocrx_word' id='word_1_110' title='bbox 621 1691 771 1758; x_wconf 80' lang='lat' dir='ltr'><strong>gitet,</strong></span> <span class='ocrx_word' id='word_1_111' title='bbox 801 1689 1038 1759; x_wconf 82' lang='lat' dir='ltr'><strong>pessima</strong></span> <span class='ocrx_word' id='word_1_112' title='bbox 1067 1704 1196 1743; x_wconf 85' lang='lat' dir='ltr'><strong>vero</strong></span> <span class='ocrx_word' id='word_1_113' title='bbox 1223 1687 1404 1756; x_wconf 86' lang='lat' dir='ltr'><strong>faciat,</strong></span> <span class='ocrx_word' id='word_1_114' title='bbox 1437 1698 1498 1742; x_wconf 94' lang='lat' dir='ltr'><strong>ut</strong></span> <span class='ocrx_word' id='word_1_115' title='bbox 1524 1688 1756 1754; x_wconf 87' lang='lat' dir='ltr'><strong>Pilatus,</strong></span> <span class='ocrx_word' id='word_1_116' title='bbox 1783 1691 1876 1758; x_wconf 90' lang='lat' dir='ltr'><strong>qui</strong></span> <span class='ocrx_word' id='word_1_117' title='bbox 1899 1691 2034 1744; x_wconf 77' lang='lat' dir='ltr'><strong>dixit</strong></span> <span class='ocrx_word' id='word_1_118' title='bbox 2060 1691 2184 1760; x_wconf 87' lang='lat' dir='ltr'><strong>qui-</strong></span> 
     </span>
    </p>
   </div>
   <div class='ocr_carea' id='block_1_17' title="bbox 620 1777 2182 1848">
    <p class='ocr_par' dir='ltr' id='par_1_17' title="bbox 620 1777 2182 1848">
     <span class='ocr_line' id='line_1_17' title="bbox 620 1777 2182 1848; baseline 0.001 -15"><span class='ocrx_word' id='word_1_119' title='bbox 620 1782 740 1833; x_wconf 89' lang='lat' dir='ltr'><strong>dem</strong></span> <span class='ocrx_word' id='word_1_120' title='bbox 779 1798 791 1834; x_wconf 89' lang='lat'><strong>:</strong></span> <span class='ocrx_word' id='word_1_121' title='bbox 827 1777 1050 1833; x_wconf 81' lang='lat' dir='ltr'><strong>Nullam</strong></span> <span class='ocrx_word' id='word_1_122' title='bbox 1095 1796 1311 1832; x_wconf 81' lang='lat' dir='ltr'><strong>causam</strong></span> <span class='ocrx_word' id='word_1_123' title='bbox 1359 1785 1543 1833; x_wconf 81' lang='lat' dir='ltr'><strong>mortis</strong></span> <span class='ocrx_word' id='word_1_124' title='bbox 1595 1781 1797 1833; x_wconf 80' lang='lat' dir='ltr'><strong>invenio</strong></span> <span class='ocrx_word' id='word_1_125' title='bbox 1856 1781 1910 1834; x_wconf 82' lang='lat' dir='ltr'><strong>in</strong></span> <span class='ocrx_word' id='word_1_126' title='bbox 1964 1781 2057 1834; x_wconf 80' lang='lat' dir='ltr'><strong>illo</strong></span> <span class='ocrx_word' id='word_1_127' title='bbox 2109 1783 2182 1848; x_wconf 85' lang='grc'><strong>¹²;</strong></span> 
     </span>
    </p>
   </div>
   <div class='ocr_carea' id='block_1_18' title="bbox 2285 601 3857 675">
    <p class='ocr_par' dir='ltr' id='par_1_18' title="bbox 2285 601 3857 675">
     <span class='ocr_line' id='line_1_18' title="bbox 2285 601 3857 675; baseline -0.001 -18"><span class='ocrx_word' id='word_1_128' title='bbox 2285 622 2384 675; x_wconf 80' lang='grc' dir='ltr'><strong>μου</strong></span> <span class='ocrx_word' id='word_1_129' title='bbox 2417 604 2510 658; x_wconf 74' lang='grc' dir='ltr'><strong>καὶ</strong></span> <span class='ocrx_word' id='word_1_130' title='bbox 2538 605 2646 657; x_wconf 89' lang='grc' dir='ltr'><strong>τῶν</strong></span> <span class='ocrx_word' id='word_1_131' title='bbox 2673 603 2990 675; x_wconf 66' lang='grc' dir='ltr'>προφητῶν,</span> <span class='ocrx_word' id='word_1_132' title='bbox 3020 603 3113 655; x_wconf 73' lang='grc' dir='ltr'>καὶ</span> <span class='ocrx_word' id='word_1_133' title='bbox 3141 603 3209 654; x_wconf 74' lang='grc' dir='ltr'><strong>τὰ</strong></span> <span class='ocrx_word' id='word_1_134' title='bbox 3259 601 3615 672; x_wconf 75' lang='grc' dir='ltr'>ἱστορούμενα</span> <span class='ocrx_word' id='word_1_135' title='bbox 3655 601 3857 666; x_wconf 82' lang='grc' dir='ltr'>πάντα,</span> 
     </span>
    </p>
   </div>
   <div class='ocr_carea' id='block_1_19' title="bbox 2284 689 3862 763">
    <p class='ocr_par' dir='ltr' id='par_1_19' title="bbox 2284 689 3862 763">
     <span class='ocr_line' id='line_1_19' title="bbox 2284 689 3862 763; baseline -0.002 -18"><span class='ocrx_word' id='word_1_136' title='bbox 2284 693 2424 763; x_wconf 85' lang='grc' dir='ltr'><strong>μετά</strong></span> <span class='ocrx_word' id='word_1_137' title='bbox 2454 693 2555 762; x_wconf 80' lang='grc' dir='ltr'>τῆς</span> <span class='ocrx_word' id='word_1_138' title='bbox 2581 693 2793 763; x_wconf 75' lang='grc' dir='ltr'>Καινῆς</span> <span class='ocrx_word' id='word_1_139' title='bbox 2853 692 3130 763; x_wconf 84' lang='grc' dir='ltr'>Διαθήκης</span> <span class='ocrx_word' id='word_1_140' title='bbox 3152 706 3164 718; x_wconf 91' lang='grc'><strong>·</strong></span> <span class='ocrx_word' id='word_1_141' title='bbox 3197 690 3339 743; x_wconf 83' lang='grc' dir='ltr'>κατὰ</span> <span class='ocrx_word' id='word_1_142' title='bbox 3382 689 3580 753; x_wconf 73' lang='grc' dir='ltr'>πλάτος</span> <span class='ocrx_word' id='word_1_143' title='bbox 3614 691 3672 742; x_wconf 77' lang='grc' dir='ltr'><strong>δὲ</strong></span> <span class='ocrx_word' id='word_1_144' title='bbox 3708 690 3862 758; x_wconf 85' lang='grc' dir='ltr'>λέγε-</span> 
     </span>
    </p>
   </div>
   <div class='ocr_carea' id='block_1_20' title="bbox 2282 778 3861 854">
    <p class='ocr_par' dir='ltr' id='par_1_20' title="bbox 2282 778 3861 854">
     <span class='ocr_line' id='line_1_20' title="bbox 2282 778 3861 854; baseline -0.003 -18"><span class='ocrx_word' id='word_1_145' title='bbox 2282 801 2393 846; x_wconf 84' lang='grc' dir='ltr'>ται,</span> <span class='ocrx_word' id='word_1_146' title='bbox 2423 778 2511 837; x_wconf 76' lang='grc' dir='ltr'><strong>οἷά</strong></span> <span class='ocrx_word' id='word_1_147' title='bbox 2528 786 2643 836; x_wconf 78' lang='grc' dir='ltr'>ἐστι</span> <span class='ocrx_word' id='word_1_148' title='bbox 2668 782 2738 836; x_wconf 72' lang='grc' dir='ltr'>τὰ</span> <span class='ocrx_word' id='word_1_149' title='bbox 2759 784 2867 836; x_wconf 91' lang='grc' dir='ltr'><strong>τῶν</strong></span> <span class='ocrx_word' id='word_1_150' title='bbox 2893 782 3123 854; x_wconf 78' lang='grc' dir='ltr'>ψαλμῶν</span> <span class='ocrx_word' id='word_1_151' title='bbox 3161 781 3253 834; x_wconf 75' lang='grc' dir='ltr'><strong>καὶ</strong></span> <span class='ocrx_word' id='word_1_152' title='bbox 3291 780 3442 851; x_wconf 79' lang='grc' dir='ltr'>ᾠδῶν</span> <span class='ocrx_word' id='word_1_153' title='bbox 3468 781 3562 832; x_wconf 79' lang='grc' dir='ltr'><strong>καὶ</strong></span> <span class='ocrx_word' id='word_1_154' title='bbox 3595 780 3861 852; x_wconf 78' lang='grc' dir='ltr'><strong>ᾀσμάτων</strong></span> 
     </span>
    </p>
   </div>
   <div class='ocr_carea' id='block_1_21' title="bbox 2285 871 3861 947">
    <p class='ocr_par' dir='ltr' id='par_1_21' title="bbox 2285 871 3861 947">
     <span class='ocr_line' id='line_1_21' title="bbox 2285 871 3861 947; baseline -0.004 -17"><span class='ocrx_word' id='word_1_155' title='bbox 2285 877 2503 947; x_wconf 73' lang='grc' dir='ltr'>ῥήματα</span> <span class='ocrx_word' id='word_1_156' title='bbox 2521 893 2532 904; x_wconf 92' lang='grc'><strong>·</strong></span> <span class='ocrx_word' id='word_1_157' title='bbox 2563 876 2654 929; x_wconf 75' lang='grc' dir='ltr'><strong>καὶ</strong></span> <span class='ocrx_word' id='word_1_158' title='bbox 2681 876 2852 939; x_wconf 70' lang='grc' dir='ltr'>οὕτως</span> <span class='ocrx_word' id='word_1_159' title='bbox 2879 875 2986 946; x_wconf 75' lang='grc' dir='ltr'>γὰρ</span> <span class='ocrx_word' id='word_1_160' title='bbox 3023 874 3401 945; x_wconf 78' lang='grc' dir='ltr'>σωθήσεταιτὸ</span> <span class='ocrx_word' id='word_1_161' title='bbox 3431 873 3488 937; x_wconf 74' lang='grc' dir='ltr'>ἐξ</span> <span class='ocrx_word' id='word_1_162' title='bbox 3517 873 3644 943; x_wconf 80' lang='grc' dir='ltr'>ὅλης</span> <span class='ocrx_word' id='word_1_163' title='bbox 3677 871 3861 943; x_wconf 76' lang='grc' dir='ltr'>ἰσχύος</span> 
     </span>
    </p>
   </div>
   <div class='ocr_carea' id='block_1_22' title="bbox 2283 966 3858 1039">
    <p class='ocr_par' dir='ltr' id='par_1_22' title="bbox 2283 966 3858 1039">
     <span class='ocr_line' id='line_1_22' title="bbox 2283 966 3858 1039; baseline -0.003 -17"><span class='ocrx_word' id='word_1_164' title='bbox 2283 969 2682 1038; x_wconf 67' lang='grc' dir='ltr'>καὶδυνάμεως</span> <span class='ocrx_word' id='word_1_165' title='bbox 2735 970 2955 1039; x_wconf 80' lang='grc' dir='ltr'><strong>ἀγαπᾷν</strong></span> <span class='ocrx_word' id='word_1_166' title='bbox 2999 967 3092 1022; x_wconf 80' lang='grc' dir='ltr'><strong>τὸν</strong></span> <span class='ocrx_word' id='word_1_167' title='bbox 3144 967 3278 1020; x_wconf 85' lang='grc' dir='ltr'>Θεὸν</span> <span class='ocrx_word' id='word_1_168' title='bbox 3332 967 3458 1030; x_wconf 80' lang='grc' dir='ltr'>τοὺς</span> <span class='ocrx_word' id='word_1_169' title='bbox 3512 966 3858 1038; x_wconf 84' lang='grc' dir='ltr'>ἀνθρώπους.</span> 
     </span>
    </p>
   </div>
   <div class='ocr_carea' id='block_1_23' title="bbox 2281 1059 3861 1132">
    <p class='ocr_par' dir='ltr' id='par_1_23' title="bbox 2281 1059 3861 1132">
     <span class='ocr_line' id='line_1_23' title="bbox 2281 1059 3861 1132; baseline -0.003 -19"><span class='ocrx_word' id='word_1_170' title='bbox 2281 1060 2540 1132; x_wconf 85' lang='grc' dir='ltr'><strong>Δεύτερον</strong></span> <span class='ocrx_word' id='word_1_171' title='bbox 2570 1060 2649 1125; x_wconf 82' lang='grc' dir='ltr'><strong>δὲ,</strong></span> <span class='ocrx_word' id='word_1_172' title='bbox 2685 1061 2787 1122; x_wconf 82' lang='grc' dir='ltr'>ὅτι,</span> <span class='ocrx_word' id='word_1_173' title='bbox 2823 1061 3012 1130; x_wconf 81' lang='grc' dir='ltr'>ὥσπερ</span> <span class='ocrx_word' id='word_1_174' title='bbox 3040 1059 3273 1131; x_wconf 75' lang='grc' dir='ltr'>ἁρμονία</span> <span class='ocrx_word' id='word_1_175' title='bbox 3297 1061 3424 1122; x_wconf 78' lang='grc' dir='ltr'>τοὺς</span> <span class='ocrx_word' id='word_1_176' title='bbox 3448 1059 3643 1122; x_wconf 72' lang='grc' dir='ltr'>αὐλοὺς</span> <span class='ocrx_word' id='word_1_177' title='bbox 3674 1071 3861 1110; x_wconf 88' lang='grc' dir='ltr'>συντι-</span> 
     </span>
    </p>
   </div>
   <div class='ocr_carea' id='block_1_24' title="bbox 2284 1146 3862 1222">
    <p class='ocr_par' dir='ltr' id='par_1_24' title="bbox 2284 1146 3862 1222">
     <span class='ocr_line' id='line_1_24' title="bbox 2284 1146 3862 1222; baseline -0.004 -18"><span class='ocrx_word' id='word_1_178' title='bbox 2284 1151 2438 1204; x_wconf 88' lang='grc' dir='ltr'>θεῖσα</span> <span class='ocrx_word' id='word_1_179' title='bbox 2482 1149 2608 1222; x_wconf 87' lang='grc' dir='ltr'>μίαν</span> <span class='ocrx_word' id='word_1_180' title='bbox 2651 1149 2749 1222; x_wconf 84' lang='grc' dir='ltr'><strong>τὴν</strong></span> <span class='ocrx_word' id='word_1_181' title='bbox 2780 1149 3097 1220; x_wconf 72' lang='grc' dir='ltr'>συμφωνίαν</span> <span class='ocrx_word' id='word_1_182' title='bbox 3127 1149 3399 1210; x_wconf 81' lang='grc' dir='ltr'>ἀποτελεῖ,</span> <span class='ocrx_word' id='word_1_183' title='bbox 3449 1147 3641 1211; x_wconf 72' lang='grc' dir='ltr'>οὕτως,</span> <span class='ocrx_word' id='word_1_184' title='bbox 3673 1146 3862 1218; x_wconf 76' lang='grc' dir='ltr'>ἐπειδὴ</span> 
     </span>
    </p>
   </div>
   <div class='ocr_carea' id='block_1_25' title="bbox 2285 1237 3862 1312">
    <p class='ocr_par' dir='ltr' id='par_1_25' title="bbox 2285 1237 3862 1312">
     <span class='ocr_line' id='line_1_25' title="bbox 2285 1237 3862 1312; baseline -0.004 -18"><span class='ocrx_word' id='word_1_185' title='bbox 2285 1242 2375 1295; x_wconf 74' lang='grc' dir='ltr'><strong>καὶ</strong></span> <span class='ocrx_word' id='word_1_186' title='bbox 2407 1243 2464 1294; x_wconf 84' lang='grc' dir='ltr'>ὲν</span> <span class='ocrx_word' id='word_1_187' title='bbox 2490 1243 2555 1312; x_wconf 83' lang='grc' dir='ltr'>τῇ</span> <span class='ocrx_word' id='word_1_188' title='bbox 2571 1240 2714 1312; x_wconf 84' lang='grc' dir='ltr'>ψυχῇ</span> <span class='ocrx_word' id='word_1_189' title='bbox 2737 1241 2968 1312; x_wconf 82' lang='grc' dir='ltr'>διάφορα</span> <span class='ocrx_word' id='word_1_190' title='bbox 2991 1241 3112 1310; x_wconf 85' lang='grc' dir='ltr'>κινὴ</span> <span class='ocrx_word' id='word_1_191' title='bbox 3123 1255 3267 1309; x_wconf 83' lang='grc' dir='ltr'>ματα</span> <span class='ocrx_word' id='word_1_192' title='bbox 3292 1239 3564 1308; x_wconf 79' lang='grc' dir='ltr'>φαίνεται,</span> <span class='ocrx_word' id='word_1_193' title='bbox 3595 1237 3688 1290; x_wconf 69' lang='grc' dir='ltr'><strong>καὶ</strong></span> <span class='ocrx_word' id='word_1_194' title='bbox 3711 1237 3862 1288; x_wconf 76' lang='grc' dir='ltr'>ἐστιν</span> 
     </span>
    </p>
   </div>
   <div class='ocr_carea' id='block_1_26' title="bbox 2284 1328 3862 1404">
    <p class='ocr_par' dir='ltr' id='par_1_26' title="bbox 2284 1328 3862 1404">
     <span class='ocr_line' id='line_1_26' title="bbox 2284 1328 3862 1404; baseline -0.004 -19"><span class='ocrx_word' id='word_1_195' title='bbox 2284 1334 2342 1386; x_wconf 85' lang='lat' dir='ltr'><strong>tv</strong></span> <span class='ocrx_word' id='word_1_196' title='bbox 2375 1333 2510 1404; x_wconf 80' lang='grc' dir='ltr'>αὐτῇ</span> <span class='ocrx_word' id='word_1_197' title='bbox 2545 1333 2605 1384; x_wconf 86' lang='grc' dir='ltr'>τὺ</span> <span class='ocrx_word' id='word_1_198' title='bbox 2632 1331 2963 1402; x_wconf 78' lang='grc' dir='ltr'>λογίζεσθαι,</span> <span class='ocrx_word' id='word_1_199' title='bbox 2998 1332 3090 1384; x_wconf 84' lang='grc' dir='ltr'><strong>καὶ</strong></span> <span class='ocrx_word' id='word_1_200' title='bbox 3117 1330 3176 1383; x_wconf 83' lang='grc' dir='ltr'>τὸ</span> <span class='ocrx_word' id='word_1_201' title='bbox 3201 1330 3507 1400; x_wconf 78' lang='grc' dir='ltr'><strong>ἐπιθυμεῖν,</strong></span> <span class='ocrx_word' id='word_1_202' title='bbox 3550 1329 3643 1382; x_wconf 73' lang='grc' dir='ltr'><strong>καὶ</strong></span> <span class='ocrx_word' id='word_1_203' title='bbox 3672 1329 3734 1381; x_wconf 89' lang='grc' dir='ltr'><strong>τὸ</strong></span> <span class='ocrx_word' id='word_1_204' title='bbox 3767 1328 3862 1379; x_wconf 87' lang='grc' dir='ltr'>θυ-</span> 
     </span>
    </p>
   </div>
   <div class='ocr_carea' id='block_1_27' title="bbox 2288 1418 3864 1494">
    <p class='ocr_par' dir='ltr' id='par_1_27' title="bbox 2288 1418 3864 1494">
     <span class='ocr_line' id='line_1_27' title="bbox 2288 1418 3864 1494; baseline -0.003 -20"><span class='ocrx_word' id='word_1_205' title='bbox 2288 1423 2516 1494; x_wconf 81' lang='grc' dir='ltr'>μοειδὲς,</span> <span class='ocrx_word' id='word_1_206' title='bbox 2545 1423 2610 1476; x_wconf 85' lang='grc' dir='ltr'><strong>ὲκ</strong></span> <span class='ocrx_word' id='word_1_207' title='bbox 2629 1423 2686 1476; x_wconf 81' lang='grc' dir='ltr'>δὲ</span> <span class='ocrx_word' id='word_1_208' title='bbox 2711 1423 2806 1493; x_wconf 86' lang='grc' dir='ltr'><strong>τῆς</strong></span> <span class='ocrx_word' id='word_1_209' title='bbox 2831 1422 3035 1475; x_wconf 88' lang='grc' dir='ltr'>τούτων</span> <span class='ocrx_word' id='word_1_210' title='bbox 3061 1423 3324 1493; x_wconf 84' lang='grc' dir='ltr'>κινήσεως</span> <span class='ocrx_word' id='word_1_211' title='bbox 3354 1422 3446 1473; x_wconf 72' lang='grc' dir='ltr'><strong>καὶ</strong></span> <span class='ocrx_word' id='word_1_212' title='bbox 3471 1424 3503 1490; x_wconf 81' lang='grc' dir='ltr'>ἠ</span> <span class='ocrx_word' id='word_1_213' title='bbox 3535 1421 3641 1472; x_wconf 90' lang='grc' dir='ltr'><strong>τῶν</strong></span> <span class='ocrx_word' id='word_1_214' title='bbox 3684 1418 3864 1489; x_wconf 86' lang='grc' dir='ltr'>μελῶν</span> 
     </span>
    </p>
   </div>
   <div class='ocr_carea' id='block_1_28' title="bbox 2284 1511 3864 1585">
    <p class='ocr_par' dir='ltr' id='par_1_28' title="bbox 2284 1511 3864 1585">
     <span class='ocr_line' id='line_1_28' title="bbox 2284 1511 3864 1585; baseline -0.001 -20"><span class='ocrx_word' id='word_1_215' title='bbox 2284 1514 2490 1583; x_wconf 84' lang='grc' dir='ltr'>γίνεται</span> <span class='ocrx_word' id='word_1_216' title='bbox 2515 1513 2608 1567; x_wconf 81' lang='grc' dir='ltr'>τοῦ</span> <span class='ocrx_word' id='word_1_217' title='bbox 2647 1513 2894 1584; x_wconf 82' lang='grc' dir='ltr'>σώματος</span> <span class='ocrx_word' id='word_1_218' title='bbox 2925 1515 3196 1585; x_wconf 81' lang='grc' dir='ltr'>ἐνέργεια,</span> <span class='ocrx_word' id='word_1_219' title='bbox 3233 1513 3481 1583; x_wconf 85' lang='grc' dir='ltr'>βούλεται</span> <span class='ocrx_word' id='word_1_220' title='bbox 3513 1514 3541 1564; x_wconf 79' lang='grc' dir='ltr'>ὁ</span> <span class='ocrx_word' id='word_1_221' title='bbox 3567 1512 3724 1579; x_wconf 82' lang='grc' dir='ltr'>λόγος</span> <span class='ocrx_word' id='word_1_222' title='bbox 3785 1511 3864 1582; x_wconf 78' lang='grc' dir='ltr'>μὴ</span> 
     </span>
    </p>
   </div>
   <div class='ocr_carea' id='block_1_29' title="bbox 2285 1601 3865 1677">
    <p class='ocr_par' dir='ltr' id='par_1_29' title="bbox 2285 1601 3865 1677">
     <span class='ocr_line' id='line_1_29' title="bbox 2285 1601 3865 1677; baseline -0.002 -19"><span class='ocrx_word' id='word_1_223' title='bbox 2285 1605 2609 1677; x_wconf 76' lang='grc' dir='ltr'>ἀσύμφωνον</span> <span class='ocrx_word' id='word_1_224' title='bbox 2637 1601 2773 1661; x_wconf 83' lang='grc' dir='ltr'>εἶναι</span> <span class='ocrx_word' id='word_1_225' title='bbox 2793 1606 2884 1659; x_wconf 85' lang='grc' dir='ltr'><strong>τὸν</strong></span> <span class='ocrx_word' id='word_1_226' title='bbox 2931 1607 3212 1676; x_wconf 86' lang='grc' dir='ltr'>ἄνθρωπον</span> <span class='ocrx_word' id='word_1_227' title='bbox 3246 1604 3444 1675; x_wconf 80' lang='grc' dir='ltr'>ἐαυτῷ,</span> <span class='ocrx_word' id='word_1_228' title='bbox 3484 1605 3616 1675; x_wconf 81' lang='grc' dir='ltr'>μηδὲ</span> <span class='ocrx_word' id='word_1_229' title='bbox 3657 1604 3865 1656; x_wconf 84' lang='grc' dir='ltr'>διίστα-</span> 
     </span>
    </p>
   </div>
   <div class='ocr_carea' id='block_1_30' title="bbox 2289 1694 3860 1768">
    <p class='ocr_par' dir='ltr' id='par_1_30' title="bbox 2289 1694 3860 1768">
     <span class='ocr_line' id='line_1_30' title="bbox 2289 1694 3860 1768; baseline -0.001 -18"><span class='ocrx_word' id='word_1_230' title='bbox 2289 1697 2408 1751; x_wconf 85' lang='grc' dir='ltr'>σθαι</span> <span class='ocrx_word' id='word_1_231' title='bbox 2444 1696 2580 1768; x_wconf 88' lang='grc' dir='ltr'>πρὸς</span> <span class='ocrx_word' id='word_1_232' title='bbox 2613 1696 2803 1749; x_wconf 81' lang='grc' dir='ltr'>ἑαυτόν</span> <span class='ocrx_word' id='word_1_233' title='bbox 2824 1713 2836 1726; x_wconf 90' lang='grc'><strong>·</strong></span> <span class='ocrx_word' id='word_1_234' title='bbox 2872 1695 3012 1749; x_wconf 85' lang='grc' dir='ltr'>ὥστε</span> <span class='ocrx_word' id='word_1_235' title='bbox 3034 1695 3340 1764; x_wconf 79' lang='grc' dir='ltr'>λογίζεσθαι</span> <span class='ocrx_word' id='word_1_236' title='bbox 3375 1696 3471 1766; x_wconf 79' lang='grc' dir='ltr'><strong>μὲν</strong></span> <span class='ocrx_word' id='word_1_237' title='bbox 3496 1694 3564 1747; x_wconf 77' lang='grc' dir='ltr'>τὰ</span> <span class='ocrx_word' id='word_1_238' title='bbox 3587 1695 3860 1764; x_wconf 82' lang='grc' dir='ltr'>βέλτιστα,</span> 
     </span>
    </p>
   </div>
   <div class='ocr_carea' id='block_1_31' title="bbox 2290 1785 3864 1858">
    <p class='ocr_par' dir='ltr' id='par_1_31' title="bbox 2290 1785 3864 1858">
     <span class='ocr_line' id='line_1_31' title="bbox 2290 1785 3864 1858; baseline -0.004 -18"><span class='ocrx_word' id='word_1_239' title='bbox 2290 1789 2546 1858; x_wconf 75' lang='grc' dir='ltr'>πράττειν</span> <span class='ocrx_word' id='word_1_240' title='bbox 2573 1787 2629 1840; x_wconf 87' lang='grc' dir='ltr'><strong>δὲ</strong></span> <span class='ocrx_word' id='word_1_241' title='bbox 2659 1786 2736 1858; x_wconf 79' lang='grc' dir='ltr'>τῷ</span> <span class='ocrx_word' id='word_1_242' title='bbox 2759 1785 2917 1858; x_wconf 84' lang='grc' dir='ltr'>θυμῷ</span> <span class='ocrx_word' id='word_1_243' title='bbox 2937 1787 3005 1839; x_wconf 79' lang='grc' dir='ltr'>τὰ</span> <span class='ocrx_word' id='word_1_244' title='bbox 3036 1785 3234 1856; x_wconf 75' lang='grc' dir='ltr'>φαῦλα,</span> <span class='ocrx_word' id='word_1_245' title='bbox 3267 1787 3340 1849; x_wconf 82' lang='grc' dir='ltr'>ὡς</span> <span class='ocrx_word' id='word_1_246' title='bbox 3378 1788 3405 1839; x_wconf 85' lang='grc' dir='ltr'>ὁ</span> <span class='ocrx_word' id='word_1_247' title='bbox 3430 1786 3658 1848; x_wconf 83' lang='grc' dir='ltr'><strong>Πιλᾶτος</strong></span> <span class='ocrx_word' id='word_1_248' title='bbox 3686 1785 3864 1853; x_wconf 85' lang='grc' dir='ltr'>λέγων</span> 
     </span>
    </p>
   </div>
   <div class='ocr_carea' id='block_1_32' title="bbox 620 1869 2196 1950">
    <p class='ocr_par' dir='ltr' id='par_1_32' title="bbox 620 1869 2190 1928">
     <span class='ocr_line' id='line_1_32' title="bbox 620 1869 2190 1928; baseline 0.001 -3"><span class='ocrx_word' id='word_1_249' title='bbox 620 1877 856 1926; x_wconf 84' lang='lat' dir='ltr'><strong>attamen</strong></span> <span class='ocrx_word' id='word_1_250' title='bbox 901 1887 1022 1926; x_wconf 91' lang='lat' dir='ltr'><strong>cum</strong></span> <span class='ocrx_word' id='word_1_251' title='bbox 1071 1869 1380 1926; x_wconf 74' lang='lat' dir='ltr'><strong>Judaeorum</strong></span> <span class='ocrx_word' id='word_1_252' title='bbox 1432 1873 1698 1926; x_wconf 88' lang='lat' dir='ltr'><strong>sententia</strong></span> <span class='ocrx_word' id='word_1_253' title='bbox 1754 1873 2052 1928; x_wconf 87' lang='lat' dir='ltr'><strong>convenit:</strong></span> <span class='ocrx_word' id='word_1_254' title='bbox 2098 1883 2190 1926; x_wconf 88' lang='lat' dir='ltr'><strong>aut</strong></span> 
     </span>
    </p>
   </div>
   <div class='ocr_carea' id='block_1_33' title="bbox 2296 1869 3868 1950">
    <p class='ocr_par' dir='ltr' id='par_1_33' title="bbox 2296 1875 3868 1950">
     <span class='ocr_line' id='line_1_33' title="bbox 2296 1875 3868 1950; baseline -0.002 -17"><span class='ocrx_word' id='word_1_255' title='bbox 2296 1880 2391 1950; x_wconf 85' lang='grc' dir='ltr'><strong>μέν</strong></span> <span class='ocrx_word' id='word_1_256' title='bbox 2411 1896 2425 1910; x_wconf 80' lang='lat'><strong><em>°</em></strong></span> <span class='ocrx_word' id='word_1_257' title='bbox 2457 1878 2753 1948; x_wconf 80' lang='grc' dir='ltr'>Οὑδεμίαν</span> <span class='ocrx_word' id='word_1_258' title='bbox 2779 1879 2976 1932; x_wconf 80' lang='grc' dir='ltr'>αἰτίαν</span> <span class='ocrx_word' id='word_1_259' title='bbox 2998 1879 3256 1947; x_wconf 82' lang='grc' dir='ltr'><strong>εὑρίσκω</strong></span> <span class='ocrx_word' id='word_1_260' title='bbox 3275 1881 3360 1943; x_wconf 80' lang='grc' dir='ltr'><strong>εις</strong></span> <span class='ocrx_word' id='word_1_261' title='bbox 3389 1879 3604 1930; x_wconf 80' lang='grc' dir='ltr'><strong>αὐτόν’</strong></span> <span class='ocrx_word' id='word_1_262' title='bbox 3641 1875 3868 1946; x_wconf 81' lang='grc' dir='ltr'>συντρέ-</span> 
     </span>
    </p>
   </div>
   <div class='ocr_carea' id='block_1_34' title="bbox 621 1965 2186 2034">
    <p class='ocr_par' dir='ltr' id='par_1_34' title="bbox 621 1965 2186 2034">
     <span class='ocr_line' id='line_1_34' title="bbox 621 1965 2186 2034; baseline 0.004 -21"><span class='ocrx_word' id='word_1_263' title='bbox 621 1980 784 2034; x_wconf 84' lang='lat' dir='ltr'><strong>prava</strong></span> <span class='ocrx_word' id='word_1_264' title='bbox 830 1965 1204 2033; x_wconf 89' lang='lat' dir='ltr'><strong>concupiscat,</strong></span> <span class='ocrx_word' id='word_1_265' title='bbox 1255 1978 1363 2018; x_wconf 91' lang='lat' dir='ltr'><strong>non</strong></span> <span class='ocrx_word' id='word_1_266' title='bbox 1401 1965 1573 2033; x_wconf 83' lang='lat' dir='ltr'><strong>possit</strong></span> <span class='ocrx_word' id='word_1_267' title='bbox 1613 1974 1792 2020; x_wconf 86' lang='lat' dir='ltr'><strong>autem</strong></span> <span class='ocrx_word' id='word_1_268' title='bbox 1847 1973 2186 2034; x_wconf 84' lang='lat' dir='ltr'><strong>perpetrare,</strong></span> 
     </span>
    </p>
   </div>
   <div class='ocr_carea' id='block_1_35' title="bbox 599 2054 2190 2128">
    <p class='ocr_par' dir='ltr' id='par_1_35' title="bbox 599 2054 2190 2128">
     <span class='ocr_line' id='line_1_35' title="bbox 599 2054 2190 2128; baseline 0 -16"><span class='ocrx_word' id='word_1_269' title='bbox 599 2068 680 2128; x_wconf 29' lang='grc' dir='ltr'>,ιιι</span> <span class='ocrx_word' id='word_1_270' title='bbox 706 2072 861 2112; x_wconf 90' lang='lat' dir='ltr'><strong>senes</strong></span> <span class='ocrx_word' id='word_1_271' title='bbox 897 2056 950 2109; x_wconf 93' lang='lat' dir='ltr'><strong>in</strong></span> <span class='ocrx_word' id='word_1_272' title='bbox 987 2054 1292 2109; x_wconf 90' lang='lat' dir='ltr'><strong>Susannam</strong></span> <span class='ocrx_word' id='word_1_273' title='bbox 1322 2073 1334 2109; x_wconf 94' lang='lat'><strong>:</strong></span> <span class='ocrx_word' id='word_1_274' title='bbox 1367 2064 1462 2109; x_wconf 89' lang='lat' dir='ltr'><strong>aut</strong></span> <span class='ocrx_word' id='word_1_275' title='bbox 1505 2071 1720 2111; x_wconf 83' lang='lat' dir='ltr'><strong>rursum</strong></span> <span class='ocrx_word' id='word_1_276' title='bbox 1759 2072 1788 2110; x_wconf 90' lang='lat' dir='ltr'><strong>a</strong></span> <span class='ocrx_word' id='word_1_277' title='bbox 1831 2056 2190 2112; x_wconf 87' lang='lat' dir='ltr'><strong>fornicatione</strong></span> 
     </span>
    </p>
   </div>
   <div class='ocr_carea' id='block_1_36' title="bbox 624 2145 2191 2217">
    <p class='ocr_par' dir='ltr' id='par_1_36' title="bbox 624 2145 2191 2217">
     <span class='ocr_line' id='line_1_36' title="bbox 624 2145 2191 2217; baseline 0.001 -15"><span class='ocrx_word' id='word_1_278' title='bbox 624 2148 896 2202; x_wconf 86' lang='lat' dir='ltr'><strong>abstineat</strong></span> <span class='ocrx_word' id='word_1_279' title='bbox 950 2147 1193 2217; x_wconf 88' lang='lat' dir='ltr'><strong>quidem,</strong></span> <span class='ocrx_word' id='word_1_280' title='bbox 1248 2147 1345 2202; x_wconf 86' lang='lat' dir='ltr'><strong>sed</strong></span> <span class='ocrx_word' id='word_1_281' title='bbox 1395 2145 1634 2214; x_wconf 87' lang='lat' dir='ltr'><strong>furetur;</strong></span> <span class='ocrx_word' id='word_1_282' title='bbox 1685 2157 1780 2201; x_wconf 89' lang='lat' dir='ltr'><strong>aut</strong></span> <span class='ocrx_word' id='word_1_283' title='bbox 1820 2163 1926 2203; x_wconf 90' lang='lat' dir='ltr'><strong>non</strong></span> <span class='ocrx_word' id='word_1_284' title='bbox 1982 2147 2191 2203; x_wconf 88' lang='lat' dir='ltr'><strong>furetur</strong></span> 
     </span>
    </p>
   </div>
   <div class='ocr_carea' id='block_1_37' title="bbox 623 2239 2191 2309">
    <p class='ocr_par' dir='ltr' id='par_1_37' title="bbox 623 2239 2191 2309">
     <span class='ocr_line' id='line_1_37' title="bbox 623 2239 2191 2309; baseline 0.004 -17"><span class='ocrx_word' id='word_1_285' title='bbox 623 2239 866 2308; x_wconf 89' lang='lat' dir='ltr'><strong>quidem,</strong></span> <span class='ocrx_word' id='word_1_286' title='bbox 917 2239 1011 2295; x_wconf 89' lang='lat' dir='ltr'><strong>sed</strong></span> <span class='ocrx_word' id='word_1_287' title='bbox 1042 2239 1283 2307; x_wconf 86' lang='lat' dir='ltr'><strong>occidat;</strong></span> <span class='ocrx_word' id='word_1_288' title='bbox 1327 2248 1422 2294; x_wconf 92' lang='lat' dir='ltr'><strong>aut</strong></span> <span class='ocrx_word' id='word_1_289' title='bbox 1471 2255 1579 2294; x_wconf 91' lang='lat' dir='ltr'><strong>non</strong></span> <span class='ocrx_word' id='word_1_290' title='bbox 1630 2239 1858 2309; x_wconf 87' lang='lat' dir='ltr'><strong>occidat,</strong></span> <span class='ocrx_word' id='word_1_291' title='bbox 1911 2242 2004 2297; x_wconf 90' lang='lat' dir='ltr'><strong>sed</strong></span> <span class='ocrx_word' id='word_1_292' title='bbox 2047 2241 2191 2298; x_wconf 86' lang='lat' dir='ltr'><strong>blas-</strong></span> 
     </span>
    </p>
   </div>
   <div class='ocr_carea' id='block_1_38' title="bbox 624 2333 859 2400">
    <p class='ocr_par' dir='ltr' id='par_1_38' title="bbox 624 2333 859 2400">
     <span class='ocr_line' id='line_1_38' title="bbox 624 2333 859 2400; baseline 0.004 -17"><span class='ocrx_word' id='word_1_293' title='bbox 624 2333 859 2400; x_wconf 84' lang='lat' dir='ltr'><strong>phemet.</strong></span> 
     </span>
    </p>
   </div>
   <div class='ocr_carea' id='block_1_39' title="bbox 695 2420 2192 2498">
    <p class='ocr_par' dir='ltr' id='par_1_39' title="bbox 695 2420 2192 2498">
     <span class='ocr_line' id='line_1_39' title="bbox 695 2420 2192 2498; baseline 0.003 -22"><span class='ocrx_word' id='word_1_294' title='bbox 695 2423 783 2478; x_wconf 75' lang='lat'><strong>28.</strong></span> <span class='ocrx_word' id='word_1_295' title='bbox 829 2420 908 2479; x_wconf 87' lang='lat' dir='ltr'><strong>Ne</strong></span> <span class='ocrx_word' id='word_1_296' title='bbox 955 2424 1137 2494; x_wconf 87' lang='lat' dir='ltr'><strong>itaque</strong></span> <span class='ocrx_word' id='word_1_297' title='bbox 1173 2425 1359 2494; x_wconf 89' lang='lat' dir='ltr'><strong>aliqua</strong></span> <span class='ocrx_word' id='word_1_298' title='bbox 1404 2426 1715 2497; x_wconf 71' lang='lat' dir='ltr'><strong>huiusmodi</strong></span> <span class='ocrx_word' id='word_1_299' title='bbox 1769 2427 2108 2498; x_wconf 82' lang='lat' dir='ltr'><strong>perturbatio</strong></span> <span class='ocrx_word' id='word_1_300' title='bbox 2137 2427 2192 2481; x_wconf 92' lang='lat' dir='ltr'><strong>in</strong></span> 
     </span>
    </p>
   </div>
   <div class='ocr_carea' id='block_1_40' title="bbox 627 2512 2195 2586">
    <p class='ocr_par' dir='ltr' id='par_1_40' title="bbox 627 2512 2195 2586">
     <span class='ocr_line' id='line_1_40' title="bbox 627 2512 2195 2586; baseline 0.003 -18"><span class='ocrx_word' id='word_1_301' title='bbox 627 2512 784 2569; x_wconf 91' lang='lat' dir='ltr'><strong>nobis</strong></span> <span class='ocrx_word' id='word_1_302' title='bbox 819 2515 910 2581; x_wconf 91' lang='lat' dir='ltr'><strong>sit,</strong></span> <span class='ocrx_word' id='word_1_303' title='bbox 961 2517 1100 2570; x_wconf 88' lang='lat' dir='ltr'><strong>ratio</strong></span> <span class='ocrx_word' id='word_1_304' title='bbox 1148 2515 1407 2584; x_wconf 89' lang='lat' dir='ltr'><strong>postulat,</strong></span> <span class='ocrx_word' id='word_1_305' title='bbox 1458 2525 1519 2571; x_wconf 90' lang='lat' dir='ltr'><strong>ut</strong></span> <span class='ocrx_word' id='word_1_306' title='bbox 1565 2517 1766 2583; x_wconf 91' lang='lat' dir='ltr'><strong>anima,</strong></span> <span class='ocrx_word' id='word_1_307' title='bbox 1821 2533 1961 2586; x_wconf 66' lang='lat' dir='ltr'><strong>quae,</strong></span> <span class='ocrx_word' id='word_1_308' title='bbox 2012 2527 2073 2572; x_wconf 92' lang='lat' dir='ltr'><strong>ut</strong></span> <span class='ocrx_word' id='word_1_309' title='bbox 2121 2518 2195 2572; x_wconf 90' lang='lat' dir='ltr'><strong>ait</strong></span> 
     </span>
    </p>
   </div>
   <div class='ocr_carea' id='block_1_41' title="bbox 626 2604 2194 2674">
    <p class='ocr_par' dir='ltr' id='par_1_41' title="bbox 626 2604 2194 2674">
     <span class='ocr_line' id='line_1_41' title="bbox 626 2604 2194 2674; baseline 0.004 -17"><span class='ocrx_word' id='word_1_310' title='bbox 626 2604 918 2674; x_wconf 83' lang='lat' dir='ltr'><strong>Apostolus</strong></span> <span class='ocrx_word' id='word_1_311' title='bbox 952 2605 1033 2672; x_wconf 80' lang='grc'>⁸³,</span> <span class='ocrx_word' id='word_1_312' title='bbox 1075 2605 1279 2660; x_wconf 87' lang='lat' dir='ltr'><strong>Christi</strong></span> <span class='ocrx_word' id='word_1_313' title='bbox 1315 2616 1554 2662; x_wconf 89' lang='lat' dir='ltr'><strong>mentem</strong></span> <span class='ocrx_word' id='word_1_314' title='bbox 1600 2607 1781 2672; x_wconf 87' lang='lat' dir='ltr'><strong>habet,</strong></span> <span class='ocrx_word' id='word_1_315' title='bbox 1821 2621 1883 2664; x_wconf 86' lang='lat' dir='ltr'><strong>ea</strong></span> <span class='ocrx_word' id='word_1_316' title='bbox 1911 2610 2049 2664; x_wconf 88' lang='lat' dir='ltr'><strong>duce</strong></span> <span class='ocrx_word' id='word_1_317' title='bbox 2078 2617 2194 2663; x_wconf 81' lang='lat' dir='ltr'><strong>uta-</strong></span> 
     </span>
    </p>
   </div>
   <div class='ocr_carea' id='block_1_42' title="bbox 629 2695 2196 2765">
    <p class='ocr_par' dir='ltr' id='par_1_42' title="bbox 629 2695 2196 2765">
     <span class='ocr_line' id='line_1_42' title="bbox 629 2695 2196 2765; baseline 0.005 -19"><span class='ocrx_word' id='word_1_318' title='bbox 629 2705 736 2754; x_wconf 88' lang='lat' dir='ltr'><strong>tur,</strong></span> <span class='ocrx_word' id='word_1_319' title='bbox 793 2703 954 2764; x_wconf 89' lang='lat' dir='ltr'><strong>atque</strong></span> <span class='ocrx_word' id='word_1_320' title='bbox 1001 2709 1092 2765; x_wconf 88' lang='lat' dir='ltr'><strong>per</strong></span> <span class='ocrx_word' id='word_1_321' title='bbox 1147 2695 1293 2749; x_wconf 89' lang='lat' dir='ltr'><strong>illam</strong></span> <span class='ocrx_word' id='word_1_322' title='bbox 1341 2696 1508 2752; x_wconf 87' lang='lat' dir='ltr'><strong>animi</strong></span> <span class='ocrx_word' id='word_1_323' title='bbox 1555 2695 1779 2752; x_wconf 73' lang='lat' dir='ltr'><strong>allectus</strong></span> <span class='ocrx_word' id='word_1_324' title='bbox 1822 2699 2094 2765; x_wconf 88' lang='lat' dir='ltr'><strong>cohibeat,</strong></span> <span class='ocrx_word' id='word_1_325' title='bbox 2143 2709 2196 2754; x_wconf 91' lang='lat' dir='ltr'><strong>et</strong></span> 
     </span>
    </p>
   </div>
   <div class='ocr_carea' id='block_1_43' title="bbox 627 2785 2196 2859">
    <p class='ocr_par' dir='ltr' id='par_1_43' title="bbox 627 2785 2196 2859">
     <span class='ocr_line' id='line_1_43' title="bbox 627 2785 2196 2859; baseline 0.003 -19"><span class='ocrx_word' id='word_1_326' title='bbox 627 2786 873 2854; x_wconf 83' lang='lat' dir='ltr'><strong>corpOris</strong></span> <span class='ocrx_word' id='word_1_327' title='bbox 907 2785 1164 2840; x_wconf 89' lang='lat' dir='ltr'><strong>membris</strong></span> <span class='ocrx_word' id='word_1_328' title='bbox 1193 2787 1455 2856; x_wconf 84' lang='lat' dir='ltr'><strong>imperet,</strong></span> <span class='ocrx_word' id='word_1_329' title='bbox 1494 2803 1604 2858; x_wconf 93' lang='lat' dir='ltr'><strong>quo</strong></span> <span class='ocrx_word' id='word_1_330' title='bbox 1652 2788 1855 2843; x_wconf 87' lang='lat' dir='ltr'><strong>ratiOni</strong></span> <span class='ocrx_word' id='word_1_331' title='bbox 1894 2789 2196 2859; x_wconf 86' lang='lat' dir='ltr'><strong>obsequan-</strong></span> 
     </span>
    </p>
   </div>
   <div class='ocr_carea' id='block_1_44' title="bbox 629 2878 2196 2949">
    <p class='ocr_par' dir='ltr' id='par_1_44' title="bbox 629 2878 2196 2949">
     <span class='ocr_line' id='line_1_44' title="bbox 629 2878 2196 2949; baseline 0.003 -17"><span class='ocrx_word' id='word_1_332' title='bbox 629 2887 748 2942; x_wconf 88' lang='lat' dir='ltr'><strong>tur;</strong></span> <span class='ocrx_word' id='word_1_333' title='bbox 787 2879 1014 2933; x_wconf 90' lang='lat' dir='ltr'><strong>utsicut</strong></span> <span class='ocrx_word' id='word_1_334' title='bbox 1051 2878 1104 2932; x_wconf 92' lang='lat' dir='ltr'><strong>in</strong></span> <span class='ocrx_word' id='word_1_335' title='bbox 1142 2880 1428 2934; x_wconf 89' lang='lat' dir='ltr'><strong>harmonia</strong></span> <span class='ocrx_word' id='word_1_336' title='bbox 1461 2881 1747 2949; x_wconf 89' lang='lat' dir='ltr'><strong>plectrum,</strong></span> <span class='ocrx_word' id='word_1_337' title='bbox 1780 2882 1856 2934; x_wconf 90' lang='lat' dir='ltr'><strong>ita</strong></span> <span class='ocrx_word' id='word_1_338' title='bbox 1883 2881 1999 2949; x_wconf 91' lang='lat' dir='ltr'><strong>ipse</strong></span> <span class='ocrx_word' id='word_1_339' title='bbox 2034 2883 2196 2936; x_wconf 92' lang='lat' dir='ltr'><strong>homo</strong></span> 
     </span>
    </p>
   </div>
   <div class='ocr_carea' id='block_1_45' title="bbox 630 2969 2198 3042">
    <p class='ocr_par' dir='ltr' id='par_1_45' title="bbox 630 2969 2198 3042">
     <span class='ocr_line' id='line_1_45' title="bbox 630 2969 2198 3042; baseline 0.003 -20"><span class='ocrx_word' id='word_1_340' title='bbox 630 2969 784 3039; x_wconf 90' lang='lat' dir='ltr'><strong>quasi</strong></span> <span class='ocrx_word' id='word_1_341' title='bbox 818 2969 1131 3040; x_wconf 89' lang='lat' dir='ltr'><strong>psalterium</strong></span> <span class='ocrx_word' id='word_1_342' title='bbox 1161 2969 1404 3034; x_wconf 83' lang='lat' dir='ltr'><strong>ell‘ectus,</strong></span> <span class='ocrx_word' id='word_1_343' title='bbox 1441 2981 1494 3025; x_wconf 90' lang='lat' dir='ltr'><strong>et</strong></span> <span class='ocrx_word' id='word_1_344' title='bbox 1529 2973 1743 3042; x_wconf 85' lang='lat' dir='ltr'><strong>spiritui</strong></span> <span class='ocrx_word' id='word_1_345' title='bbox 1774 2973 1997 3026; x_wconf 88' lang='lat' dir='ltr'><strong>omnino</strong></span> <span class='ocrx_word' id='word_1_346' title='bbox 2021 2972 2198 3026; x_wconf 89' lang='lat' dir='ltr'><strong>inten-</strong></span> 
     </span>
    </p>
   </div>
   <div class='ocr_carea' id='block_1_46' title="bbox 631 3059 2198 3132">
    <p class='ocr_par' dir='ltr' id='par_1_46' title="bbox 631 3059 2198 3132">
     <span class='ocr_line' id='line_1_46' title="bbox 631 3059 2198 3132; baseline 0.003 -21"><span class='ocrx_word' id='word_1_347' title='bbox 631 3069 740 3123; x_wconf 90' lang='lat' dir='ltr'><strong>tus,</strong></span> <span class='ocrx_word' id='word_1_348' title='bbox 787 3059 1041 3114; x_wconf 92' lang='lat' dir='ltr'><strong>omnibus</strong></span> <span class='ocrx_word' id='word_1_349' title='bbox 1091 3060 1351 3116; x_wconf 81' lang='lat' dir='ltr'><strong>membris</strong></span> <span class='ocrx_word' id='word_1_350' title='bbox 1411 3063 1760 3132; x_wconf 90' lang='lat' dir='ltr'><strong>motibusque</strong></span> <span class='ocrx_word' id='word_1_351' title='bbox 1817 3063 1933 3118; x_wconf 92' lang='lat' dir='ltr'><strong>suis</strong></span> <span class='ocrx_word' id='word_1_352' title='bbox 1981 3063 2198 3117; x_wconf 84' lang='lat' dir='ltr'><strong>obediat</strong></span> 
     </span>
    </p>
   </div>
   <div class='ocr_carea' id='block_1_47' title="bbox 631 3147 2198 3219">
    <p class='ocr_par' dir='ltr' id='par_1_47' title="bbox 631 3147 2198 3219">
     <span class='ocr_line' id='line_1_47' title="bbox 631 3147 2198 3219; baseline 0.002 -16"><span class='ocrx_word' id='word_1_353' title='bbox 631 3148 997 3219; x_wconf 87' lang='lat' dir='ltr'><strong>inserviatque</strong></span> <span class='ocrx_word' id='word_1_354' title='bbox 1038 3147 1134 3203; x_wconf 89' lang='lat' dir='ltr'><strong>Dei</strong></span> <span class='ocrx_word' id='word_1_355' title='bbox 1182 3151 1471 3206; x_wconf 83' lang='lat' dir='ltr'><strong>voluntati.</strong></span> <span class='ocrx_word' id='word_1_356' title='bbox 1517 3150 1829 3207; x_wconf 90' lang='lat' dir='ltr'><strong>Istiusmodi</strong></span> <span class='ocrx_word' id='word_1_357' title='bbox 1872 3161 2052 3207; x_wconf 90' lang='lat' dir='ltr'><strong>autem</strong></span> <span class='ocrx_word' id='word_1_358' title='bbox 2097 3153 2198 3206; x_wconf 86' lang='lat' dir='ltr'><strong>im-</strong></span> 
     </span>
    </p>
   </div>
   <div class='ocr_carea' id='block_1_48' title="bbox 630 3216 2270 3313">
    <p class='ocr_par' dir='ltr' id='par_1_48' title="bbox 630 3216 2270 3313">
     <span class='ocr_line' id='line_1_48' title="bbox 630 3216 2270 3313; baseline 0.001 -18"><span class='ocrx_word' id='word_1_359' title='bbox 630 3216 924 3312; x_wconf 85' lang='lat' dir='ltr'><strong>perturbati</strong></span> <span class='ocrx_word' id='word_1_360' title='bbox 963 3250 1017 3296; x_wconf 89' lang='lat' dir='ltr'><strong>et</strong></span> <span class='ocrx_word' id='word_1_361' title='bbox 1041 3243 1211 3297; x_wconf 89' lang='lat' dir='ltr'><strong>sedati</strong></span> <span class='ocrx_word' id='word_1_362' title='bbox 1238 3241 1407 3296; x_wconf 89' lang='lat' dir='ltr'><strong>animi</strong></span> <span class='ocrx_word' id='word_1_363' title='bbox 1441 3243 1621 3312; x_wconf 80' lang='lat' dir='ltr'><strong>imago</strong></span> <span class='ocrx_word' id='word_1_364' title='bbox 1653 3253 1922 3313; x_wconf 87' lang='lat' dir='ltr'><strong>typusque</strong></span> <span class='ocrx_word' id='word_1_365' title='bbox 1956 3253 2040 3297; x_wconf 91' lang='lat' dir='ltr'><strong>est</strong></span> <span class='ocrx_word' id='word_1_366' title='bbox 2073 3244 2197 3296; x_wconf 88' lang='lat' dir='ltr'><strong>har-</strong></span> <span class='ocrx_word' id='word_1_367' title='bbox 2225 3216 2270 3278; x_wconf 68' lang='grc' dir='ltr'>ο</span> 
     </span>
    </p>
   </div>
   <div class='ocr_carea' id='block_1_49' title="bbox 629 3329 2198 3397">
    <p class='ocr_par' dir='ltr' id='par_1_49' title="bbox 629 3329 2198 3397">
     <span class='ocr_line' id='line_1_49' title="bbox 629 3329 2198 3397; baseline 0.001 -11"><span class='ocrx_word' id='word_1_368' title='bbox 629 3332 846 3386; x_wconf 86' lang='lat' dir='ltr'><strong>monica</strong></span> <span class='ocrx_word' id='word_1_369' title='bbox 897 3332 986 3386; x_wconf 89' lang='lat' dir='ltr'><strong>illa</strong></span> <span class='ocrx_word' id='word_1_370' title='bbox 1054 3330 1397 3384; x_wconf 89' lang='lat' dir='ltr'><strong>Psalmorum</strong></span> <span class='ocrx_word' id='word_1_371' title='bbox 1475 3330 1655 3385; x_wconf 78' lang='lat' dir='ltr'><strong>lectio.</strong></span> <span class='ocrx_word' id='word_1_372' title='bbox 1730 3329 2198 3397; x_wconf 88' lang='lat' dir='ltr'><strong>Quemadmodum</strong></span> 
     </span>
    </p>
   </div>
   <div class='ocr_carea' id='block_1_50' title="bbox 629 3418 2200 3494">
    <p class='ocr_par' dir='ltr' id='par_1_50' title="bbox 629 3418 2200 3494">
     <span class='ocr_line' id='line_1_50' title="bbox 629 3418 2200 3494; baseline 0 -16"><span class='ocrx_word' id='word_1_373' title='bbox 629 3424 773 3478; x_wconf 89' lang='lat' dir='ltr'><strong>enim</strong></span> <span class='ocrx_word' id='word_1_374' title='bbox 820 3423 1018 3489; x_wconf 82' lang='lat' dir='ltr'><strong>verbis,</strong></span> <span class='ocrx_word' id='word_1_375' title='bbox 1078 3437 1199 3492; x_wconf 63' lang='lat' dir='ltr'><strong>quae</strong></span> <span class='ocrx_word' id='word_1_376' title='bbox 1245 3418 1592 3492; x_wconf 82' lang='lat' dir='ltr'><strong>proferimus,</strong></span> <span class='ocrx_word' id='word_1_377' title='bbox 1645 3421 1813 3476; x_wconf 90' lang='lat' dir='ltr'><strong>animi</strong></span> <span class='ocrx_word' id='word_1_378' title='bbox 1846 3423 2200 3494; x_wconf 81' lang='lat' dir='ltr'><strong>cogitationes</strong></span> 
     </span>
    </p>
   </div>
   <div class='ocr_carea' id='block_1_51' title="bbox 631 3513 2200 3586">
    <p class='ocr_par' dir='ltr' id='par_1_51' title="bbox 631 3513 2200 3586">
     <span class='ocr_line' id='line_1_51' title="bbox 631 3513 2200 3586; baseline 0 -18"><span class='ocrx_word' id='word_1_379' title='bbox 631 3515 914 3586; x_wconf 88' lang='lat' dir='ltr'><strong>prodimus</strong></span> <span class='ocrx_word' id='word_1_380' title='bbox 945 3524 1105 3584; x_wconf 90' lang='lat' dir='ltr'><strong>atque</strong></span> <span class='ocrx_word' id='word_1_381' title='bbox 1131 3513 1430 3569; x_wconf 87' lang='lat' dir='ltr'><strong>indicamus</strong></span> <span class='ocrx_word' id='word_1_382' title='bbox 1460 3531 1474 3567; x_wconf 85' lang='lat'><strong>:</strong></span> <span class='ocrx_word' id='word_1_383' title='bbox 1511 3514 1591 3568; x_wconf 85' lang='lat' dir='ltr'><strong>sic</strong></span> <span class='ocrx_word' id='word_1_384' title='bbox 1623 3527 1748 3567; x_wconf 92' lang='lat' dir='ltr'><strong>cum</strong></span> <span class='ocrx_word' id='word_1_385' title='bbox 1780 3514 2116 3584; x_wconf 85' lang='lat' dir='ltr'><strong>spiritualem</strong></span> <span class='ocrx_word' id='word_1_386' title='bbox 2144 3515 2200 3568; x_wconf 91' lang='lat' dir='ltr'><strong>in</strong></span> 
     </span>
    </p>
   </div>
   <div class='ocr_carea' id='block_1_52' title="bbox 633 3604 2201 3674">
    <p class='ocr_par' dir='ltr' id='par_1_52' title="bbox 633 3604 2201 3674">
     <span class='ocr_line' id='line_1_52' title="bbox 633 3604 2201 3674; baseline 0 -15"><span class='ocrx_word' id='word_1_387' title='bbox 633 3606 815 3660; x_wconf 86' lang='lat' dir='ltr'><strong>anima</strong></span> <span class='ocrx_word' id='word_1_388' title='bbox 858 3606 1200 3658; x_wconf 88' lang='lat' dir='ltr'><strong>harmoniam</strong></span> <span class='ocrx_word' id='word_1_389' title='bbox 1229 3643 1244 3667; x_wconf 91' lang='lat'><strong>,</strong></span> <span class='ocrx_word' id='word_1_390' title='bbox 1274 3605 1561 3659; x_wconf 82' lang='lat' dir='ltr'><strong>verborum</strong></span> <span class='ocrx_word' id='word_1_391' title='bbox 1608 3604 1994 3673; x_wconf 86' lang='lat' dir='ltr'><strong>modulatione,</strong></span> <span class='ocrx_word' id='word_1_392' title='bbox 2043 3605 2201 3674; x_wconf 91' lang='lat' dir='ltr'><strong>quasi</strong></span> 
     </span>
    </p>
   </div>
   <div class='ocr_carea' id='block_1_53' title="bbox 635 3693 2199 3768">
    <p class='ocr_par' dir='ltr' id='par_1_53' title="bbox 635 3693 2199 3768">
     <span class='ocr_line' id='line_1_53' title="bbox 635 3693 2199 3768; baseline -0.001 -16"><span class='ocrx_word' id='word_1_393' title='bbox 635 3697 882 3768; x_wconf 78' lang='lat' dir='ltr'><strong>symbolo</strong></span> <span class='ocrx_word' id='word_1_394' title='bbox 931 3694 1226 3764; x_wconf 78' lang='lat' dir='ltr'><strong>significari</strong></span> <span class='ocrx_word' id='word_1_395' title='bbox 1274 3695 1407 3749; x_wconf 87' lang='lat' dir='ltr'><strong>velit</strong></span> <span class='ocrx_word' id='word_1_396' title='bbox 1438 3693 1723 3759; x_wconf 89' lang='lat' dir='ltr'><strong>Dominus,</strong></span> <span class='ocrx_word' id='word_1_397' title='bbox 1771 3696 1935 3765; x_wconf 84' lang='lat' dir='ltr'><strong>jussit</strong></span> <span class='ocrx_word' id='word_1_398' title='bbox 1991 3705 2050 3750; x_wconf 92' lang='lat' dir='ltr'><strong>ut</strong></span> <span class='ocrx_word' id='word_1_399' title='bbox 2077 3711 2199 3750; x_wconf 93' lang='lat' dir='ltr'><strong>cum</strong></span> 
     </span>
    </p>
   </div>
   <div class='ocr_carea' id='block_1_54' title="bbox 635 3788 2202 3860">
    <p class='ocr_par' dir='ltr' id='par_1_54' title="bbox 635 3788 2202 3860">
     <span class='ocr_line' id='line_1_54' title="bbox 635 3788 2202 3860; baseline -0.002 -16"><span class='ocrx_word' id='word_1_400' title='bbox 635 3790 1004 3844; x_wconf 86' lang='lat' dir='ltr'><strong>modulatione</strong></span> <span class='ocrx_word' id='word_1_401' title='bbox 1048 3789 1392 3860; x_wconf 84' lang='lat' dir='ltr'><strong>psalleretur,</strong></span> <span class='ocrx_word' id='word_1_402' title='bbox 1439 3798 1600 3858; x_wconf 88' lang='lat' dir='ltr'><strong>atque</strong></span> <span class='ocrx_word' id='word_1_403' title='bbox 1650 3788 1843 3858; x_wconf 90' lang='lat' dir='ltr'><strong>psalmi</strong></span> <span class='ocrx_word' id='word_1_404' title='bbox 1889 3803 2013 3842; x_wconf 92' lang='lat' dir='ltr'><strong>cum</strong></span> <span class='ocrx_word' id='word_1_405' title='bbox 2040 3796 2202 3844; x_wconf 92' lang='lat' dir='ltr'><strong>cantu</strong></span> 
     </span>
    </p>
   </div>
   <div class='ocr_carea' id='block_1_55' title="bbox 634 3880 2204 3945">
    <p class='ocr_par' dir='ltr' id='par_1_55' title="bbox 634 3880 2204 3945">
     <span class='ocr_line' id='line_1_55' title="bbox 634 3880 2204 3945; baseline -0.002 -9"><span class='ocrx_word' id='word_1_406' title='bbox 634 3882 1016 3936; x_wconf 87' lang='lat' dir='ltr'><strong>recitarentur.</strong></span> <span class='ocrx_word' id='word_1_407' title='bbox 1067 3880 1134 3936; x_wconf 86' lang='lat' dir='ltr'><strong>Et</strong></span> <span class='ocrx_word' id='word_1_408' title='bbox 1188 3882 1319 3936; x_wconf 91' lang='lat' dir='ltr'><strong>illud</strong></span> <span class='ocrx_word' id='word_1_409' title='bbox 1366 3889 1450 3944; x_wconf 87' lang='lat' dir='ltr'><strong>est</strong></span> <span class='ocrx_word' id='word_1_410' title='bbox 1498 3883 1692 3935; x_wconf 76' lang='lat' dir='ltr'><strong>anima:</strong></span> <span class='ocrx_word' id='word_1_411' title='bbox 1742 3880 2094 3945; x_wconf 88' lang='lat' dir='ltr'><strong>desiderium,</strong></span> <span class='ocrx_word' id='word_1_412' title='bbox 2143 3888 2204 3934; x_wconf 90' lang='lat' dir='ltr'><strong>ut</strong></span> 
     </span>
    </p>
   </div>
   <div class='ocr_carea' id='block_1_56' title="bbox 637 3970 2201 4042">
    <p class='ocr_par' dir='ltr' id='par_1_56' title="bbox 637 3970 2201 4042">
     <span class='ocr_line' id='line_1_56' title="bbox 637 3970 2201 4042; baseline -0.004 -14"><span class='ocrx_word' id='word_1_413' title='bbox 637 3986 782 4028; x_wconf 86' lang='lat' dir='ltr'><strong>recte</strong></span> <span class='ocrx_word' id='word_1_414' title='bbox 815 3973 1006 4027; x_wconf 81' lang='lat' dir='ltr'><strong>allecta</strong></span> <span class='ocrx_word' id='word_1_415' title='bbox 1053 3981 1105 4027; x_wconf 83' lang='lat' dir='ltr'><strong>et</strong></span> <span class='ocrx_word' id='word_1_416' title='bbox 1147 3973 1449 4042; x_wconf 86' lang='lat' dir='ltr'><strong>composita</strong></span> <span class='ocrx_word' id='word_1_417' title='bbox 1481 3971 1572 4035; x_wconf 86' lang='lat' dir='ltr'><strong>sit,</strong></span> <span class='ocrx_word' id='word_1_418' title='bbox 1608 3981 1666 4025; x_wconf 90' lang='lat' dir='ltr'><strong>ut</strong></span> <span class='ocrx_word' id='word_1_419' title='bbox 1708 3972 1967 4041; x_wconf 88' lang='lat' dir='ltr'><strong>scriptum</strong></span> <span class='ocrx_word' id='word_1_420' title='bbox 2001 3981 2085 4026; x_wconf 87' lang='lat' dir='ltr'><strong>est</strong></span> <span class='ocrx_word' id='word_1_421' title='bbox 2116 3970 2201 4022; x_wconf 69' lang='grc' dir='ltr'>’δε</span> 
     </span>
    </p>
   </div>
   <div class='ocr_carea' id='block_1_57' title="bbox 636 4059 2204 4134">
    <p class='ocr_par' dir='ltr' id='par_1_57' title="bbox 636 4059 2204 4134">
     <span class='ocr_line' id='line_1_57' title="bbox 636 4059 2204 4134; baseline -0.003 -16"><span class='ocrx_word' id='word_1_422' title='bbox 636 4063 876 4119; x_wconf 66' lang='lat' dir='ltr'><strong>Laetatur</strong></span> <span class='ocrx_word' id='word_1_423' title='bbox 905 4063 1022 4134; x_wconf 80' lang='lat' dir='ltr'><strong>quis</strong></span> <span class='ocrx_word' id='word_1_424' title='bbox 1062 4063 1118 4116; x_wconf 87' lang='lat' dir='ltr'><strong>in</strong></span> <span class='ocrx_word' id='word_1_425' title='bbox 1159 4061 1349 4118; x_wconf 80' lang='lat' dir='ltr'><strong>vobis?</strong></span> <span class='ocrx_word' id='word_1_426' title='bbox 1393 4061 1613 4130; x_wconf 77' lang='lat' dir='ltr'><strong>psallat.</strong></span> <span class='ocrx_word' id='word_1_427' title='bbox 1663 4059 1776 4116; x_wconf 81' lang='lat' dir='ltr'><strong>Hoc</strong></span> <span class='ocrx_word' id='word_1_428' title='bbox 1805 4062 1965 4115; x_wconf 91' lang='lat' dir='ltr'><strong>modo</strong></span> <span class='ocrx_word' id='word_1_429' title='bbox 1995 4061 2041 4116; x_wconf 91' lang='lat' dir='ltr'><strong>si</strong></span> <span class='ocrx_word' id='word_1_430' title='bbox 2074 4061 2204 4131; x_wconf 90' lang='lat' dir='ltr'><strong>quid</strong></span> 
     </span>
    </p>
   </div>
   <div class='ocr_carea' id='block_1_58' title="bbox 638 4151 2203 4224">
    <p class='ocr_par' dir='ltr' id='par_1_58' title="bbox 638 4151 2203 4224">
     <span class='ocr_line' id='line_1_58' title="bbox 638 4151 2203 4224; baseline -0.004 -13"><span class='ocrx_word' id='word_1_431' title='bbox 638 4158 692 4212; x_wconf 92' lang='lat' dir='ltr'><strong>in</strong></span> <span class='ocrx_word' id='word_1_432' title='bbox 719 4172 780 4210; x_wconf 91' lang='lat' dir='ltr'><strong>ca</strong></span> <span class='ocrx_word' id='word_1_433' title='bbox 839 4155 1228 4220; x_wconf 83' lang='lat' dir='ltr'><strong>turbulentum,</strong></span> <span class='ocrx_word' id='word_1_434' title='bbox 1269 4168 1520 4224; x_wconf 84' lang='lat' dir='ltr'><strong>asperum</strong></span> <span class='ocrx_word' id='word_1_435' title='bbox 1557 4162 1610 4207; x_wconf 88' lang='lat' dir='ltr'><strong>et</strong></span> <span class='ocrx_word' id='word_1_436' title='bbox 1649 4151 2067 4221; x_wconf 91' lang='lat' dir='ltr'><strong>incompositum</strong></span> <span class='ocrx_word' id='word_1_437' title='bbox 2102 4164 2203 4218; x_wconf 87' lang='lat' dir='ltr'><strong>est,</strong></span> 
     </span>
    </p>
   </div>
   <div class='ocr_carea' id='block_1_59' title="bbox 638 4245 2206 4320">
    <p class='ocr_par' dir='ltr' id='par_1_59' title="bbox 638 4245 2206 4320">
     <span class='ocr_line' id='line_1_59' title="bbox 638 4245 2206 4320; baseline -0.003 -18"><span class='ocrx_word' id='word_1_438' title='bbox 638 4248 940 4320; x_wconf 86' lang='lat' dir='ltr'><strong>psalmodia</strong></span> <span class='ocrx_word' id='word_1_439' title='bbox 994 4248 1333 4315; x_wconf 46' lang='lat' dir='ltr'><strong>mitigatur;</strong></span> <span class='ocrx_word' id='word_1_440' title='bbox 1392 4246 1603 4299; x_wconf 87' lang='lat' dir='ltr'><strong>tristitia</strong></span> <span class='ocrx_word' id='word_1_441' title='bbox 1647 4260 1776 4299; x_wconf 87' lang='lat' dir='ltr'><strong>vero</strong></span> <span class='ocrx_word' id='word_1_442' title='bbox 1819 4245 2024 4301; x_wconf 83' lang='lat' dir='ltr'><strong>levatur</strong></span> <span class='ocrx_word' id='word_1_443' title='bbox 2058 4246 2206 4316; x_wconf 86' lang='lat' dir='ltr'><strong>psal-</strong></span> 
     </span>
    </p>
   </div>
   <div class='ocr_carea' id='block_1_60' title="bbox 639 4336 2208 4404">
    <p class='ocr_par' dir='ltr' id='par_1_60' title="bbox 639 4336 2208 4404">
     <span class='ocr_line' id='line_1_60' title="bbox 639 4336 2208 4404; baseline -0.003 -12"><span class='ocrx_word' id='word_1_444' title='bbox 639 4338 874 4392; x_wconf 87' lang='lat' dir='ltr'><strong>lentibus</strong></span> <span class='ocrx_word' id='word_1_445' title='bbox 900 4337 1056 4391; x_wconf 89' lang='lat' dir='ltr'><strong>nobis</strong></span> <span class='ocrx_word' id='word_1_446' title='bbox 1083 4355 1094 4390; x_wconf 91' lang='lat'><strong>:</strong></span> <span class='ocrx_word' id='word_1_447' title='bbox 1119 4337 1296 4401; x_wconf 83' lang='lat' dir='ltr'><strong>Quare</strong></span> <span class='ocrx_word' id='word_1_448' title='bbox 1319 4336 1485 4388; x_wconf 76' lang='lat' dir='ltr'><strong>tristis</strong></span> <span class='ocrx_word' id='word_1_449' title='bbox 1507 4352 1582 4400; x_wconf 79' lang='lat' dir='ltr'><strong>es,</strong></span> <span class='ocrx_word' id='word_1_450' title='bbox 1614 4337 1792 4389; x_wconf 86' lang='lat' dir='ltr'><strong>anima</strong></span> <span class='ocrx_word' id='word_1_451' title='bbox 1821 4351 1955 4400; x_wconf 75' lang='lat' dir='ltr'><strong>mea,</strong></span> <span class='ocrx_word' id='word_1_452' title='bbox 1979 4345 2028 4388; x_wconf 84' lang='lat' dir='ltr'><strong>et</strong></span> <span class='ocrx_word' id='word_1_453' title='bbox 2048 4351 2208 4404; x_wconf 88' lang='lat' dir='ltr'><strong>quare</strong></span> 
     </span>
    </p>
   </div>
   <div class='ocr_carea' id='block_1_61' title="bbox 640 4423 2207 4494">
    <p class='ocr_par' dir='ltr' id='par_1_61' title="bbox 640 4423 2207 4494">
     <span class='ocr_line' id='line_1_61' title="bbox 640 4423 2207 4494; baseline -0.004 -14"><span class='ocrx_word' id='word_1_454' title='bbox 640 4426 922 4482; x_wconf 74' lang='lat' dir='ltr'><strong>conturbas</strong></span> <span class='ocrx_word' id='word_1_455' title='bbox 943 4442 1021 4479; x_wconf 88' lang='lat' dir='ltr'><strong>me</strong></span> <span class='ocrx_word' id='word_1_456' title='bbox 1049 4425 1093 4457; x_wconf 81' lang='grc'>⁸⁸</span> <span class='ocrx_word' id='word_1_457' title='bbox 1119 4425 1142 4478; x_wconf 81' lang='lat'><strong>?</strong></span> <span class='ocrx_word' id='word_1_458' title='bbox 1184 4424 1438 4479; x_wconf 86' lang='lat' dir='ltr'><strong>Errorem</strong></span> <span class='ocrx_word' id='word_1_459' title='bbox 1477 4439 1606 4479; x_wconf 87' lang='lat' dir='ltr'><strong>vero</strong></span> <span class='ocrx_word' id='word_1_460' title='bbox 1635 4439 1796 4479; x_wconf 90' lang='lat' dir='ltr'><strong>suum</strong></span> <span class='ocrx_word' id='word_1_461' title='bbox 1827 4434 2086 4494; x_wconf 86' lang='lat' dir='ltr'><strong>agnoscet</strong></span> <span class='ocrx_word' id='word_1_462' title='bbox 2123 4423 2207 4476; x_wconf 90' lang='lat' dir='ltr'><strong>di-</strong></span> 
     </span>
    </p>
   </div>
   <div class='ocr_carea' id='block_1_62' title="bbox 639 4513 2204 4587">
    <p class='ocr_par' dir='ltr' id='par_1_62' title="bbox 639 4513 2204 4587">
     <span class='ocr_line' id='line_1_62' title="bbox 639 4513 2204 4587; baseline -0.003 -14"><span class='ocrx_word' id='word_1_463' title='bbox 639 4519 852 4574; x_wconf 88' lang='lat' dir='ltr'><strong>cendo:</strong></span> <span class='ocrx_word' id='word_1_464' title='bbox 892 4518 997 4573; x_wconf 79' lang='lat' dir='ltr'><strong>Mei</strong></span> <span class='ocrx_word' id='word_1_465' title='bbox 1035 4526 1210 4570; x_wconf 81' lang='lat' dir='ltr'><strong>autem</strong></span> <span class='ocrx_word' id='word_1_466' title='bbox 1242 4533 1367 4587; x_wconf 77' lang='lat' dir='ltr'><strong>pene</strong></span> <span class='ocrx_word' id='word_1_467' title='bbox 1392 4517 1520 4570; x_wconf 82' lang='lat' dir='ltr'><strong>moti</strong></span> <span class='ocrx_word' id='word_1_468' title='bbox 1561 4526 1680 4570; x_wconf 76' lang='lat' dir='ltr'><strong>sunt</strong></span> <span class='ocrx_word' id='word_1_469' title='bbox 1718 4515 1871 4587; x_wconf 75' lang='lat' dir='ltr'><strong>pedes</strong></span> <span class='ocrx_word' id='word_1_470' title='bbox 1913 4515 1979 4569; x_wconf 80' lang='grc'><strong>³⁸.</strong></span> <span class='ocrx_word' id='word_1_471' title='bbox 2010 4513 2204 4570; x_wconf 80' lang='lat' dir='ltr'><strong>Melum</strong></span> 
     </span>
    </p>
   </div>
   <div class='ocr_carea' id='block_1_63' title="bbox 642 4609 2204 4680">
    <p class='ocr_par' dir='ltr' id='par_1_63' title="bbox 642 4609 2204 4680">
     <span class='ocr_line' id='line_1_63' title="bbox 642 4609 2204 4680; baseline -0.002 -16"><span class='ocrx_word' id='word_1_472' title='bbox 642 4620 820 4664; x_wconf 91' lang='lat' dir='ltr'><strong>autem</strong></span> <span class='ocrx_word' id='word_1_473' title='bbox 851 4626 946 4680; x_wconf 90' lang='lat' dir='ltr'><strong>spe</strong></span> <span class='ocrx_word' id='word_1_474' title='bbox 983 4609 1327 4665; x_wconf 82' lang='lat' dir='ltr'><strong>conﬁrmabit</strong></span> <span class='ocrx_word' id='word_1_475' title='bbox 1371 4609 1557 4664; x_wconf 83' lang='lat' dir='ltr'><strong>dicens</strong></span> <span class='ocrx_word' id='word_1_476' title='bbox 1588 4629 1599 4663; x_wconf 96' lang='lat'>:</span> <span class='ocrx_word' id='word_1_477' title='bbox 1644 4609 1900 4665; x_wconf 74' lang='lat' dir='ltr'><strong>Dominus</strong></span> <span class='ocrx_word' id='word_1_478' title='bbox 1942 4609 2070 4662; x_wconf 84' lang='lat' dir='ltr'><strong>mihi</strong></span> <span class='ocrx_word' id='word_1_479' title='bbox 2104 4609 2204 4661; x_wconf 83' lang='lat' dir='ltr'><strong>ad-</strong></span> 
     </span>
    </p>
   </div>
   <div class='ocr_carea' id='block_1_64' title="bbox 636 4699 2002 4772">
    <p class='ocr_par' dir='ltr' id='par_1_64' title="bbox 636 4699 2002 4772">
     <span class='ocr_line' id='line_1_64' title="bbox 636 4699 2002 4772; baseline 0.001 -20"><span class='ocrx_word' id='word_1_480' title='bbox 636 4701 802 4768; x_wconf 83' lang='lat' dir='ltr'><strong>jutor,</strong></span> <span class='ocrx_word' id='word_1_481' title='bbox 836 4710 884 4753; x_wconf 86' lang='lat' dir='ltr'><strong>et</strong></span> <span class='ocrx_word' id='word_1_482' title='bbox 912 4716 1017 4753; x_wconf 79' lang='lat' dir='ltr'><strong>non</strong></span> <span class='ocrx_word' id='word_1_483' title='bbox 1055 4699 1242 4754; x_wconf 78' lang='lat' dir='ltr'><strong>timebo</strong></span> <span class='ocrx_word' id='word_1_484' title='bbox 1263 4701 1387 4772; x_wconf 81' lang='lat' dir='ltr'><strong>quid</strong></span> <span class='ocrx_word' id='word_1_485' title='bbox 1409 4699 1574 4769; x_wconf 73' lang='lat' dir='ltr'><strong>faciat</strong></span> <span class='ocrx_word' id='word_1_486' title='bbox 1602 4700 1728 4753; x_wconf 81' lang='lat' dir='ltr'><strong>mihi</strong></span> <span class='ocrx_word' id='word_1_487' title='bbox 1754 4701 1906 4754; x_wconf 82' lang='lat' dir='ltr'><strong>homo</strong></span> <span class='ocrx_word' id='word_1_488' title='bbox 1936 4699 2002 4754; x_wconf 80' lang='grc'><strong>⁸⁷.</strong></span> 
     </span>
    </p>
   </div>
   <div class='ocr_carea' id='block_1_65' title="bbox 713 4983 2210 5056">
    <p class='ocr_par' dir='ltr' id='par_1_65' title="bbox 713 4983 2210 5056">
     <span class='ocr_line' id='line_1_65' title="bbox 713 4983 2210 5056; baseline -0.001 -13"><span class='ocrx_word' id='word_1_489' title='bbox 713 4989 804 5043; x_wconf 74' lang='grc'><strong>29.</strong></span> <span class='ocrx_word' id='word_1_490' title='bbox 862 4987 964 5055; x_wconf 87' lang='lat' dir='ltr'><strong>Qui</strong></span> <span class='ocrx_word' id='word_1_491' title='bbox 995 4986 1158 5056; x_wconf 82' lang='lat' dir='ltr'><strong>igitur</strong></span> <span class='ocrx_word' id='word_1_492' title='bbox 1191 4985 1294 5039; x_wconf 91' lang='lat' dir='ltr'><strong>hoc</strong></span> <span class='ocrx_word' id='word_1_493' title='bbox 1320 4984 1479 5039; x_wconf 90' lang='lat' dir='ltr'><strong>modo</strong></span> <span class='ocrx_word' id='word_1_494' title='bbox 1510 4983 1694 5038; x_wconf 81' lang='lat' dir='ltr'><strong>divina</strong></span> <span class='ocrx_word' id='word_1_495' title='bbox 1723 4985 1932 5040; x_wconf 88' lang='lat' dir='ltr'><strong>cantica</strong></span> <span class='ocrx_word' id='word_1_496' title='bbox 1977 5000 2086 5039; x_wconf 91' lang='lat' dir='ltr'><strong>non</strong></span> <span class='ocrx_word' id='word_1_497' title='bbox 2131 4987 2210 5042; x_wconf 82' lang='lat' dir='ltr'><strong>le-</strong></span> 
     </span>
    </p>
   </div>
   <div class='ocr_carea' id='block_1_66' title="bbox 647 5075 2205 5149">
    <p class='ocr_par' dir='ltr' id='par_1_66' title="bbox 647 5075 2205 5149">
     <span class='ocr_line' id='line_1_66' title="bbox 647 5075 2205 5149; baseline -0.001 -16"><span class='ocrx_word' id='word_1_498' title='bbox 647 5090 799 5149; x_wconf 81' lang='lat' dir='ltr'><strong>gunt,</strong></span> <span class='ocrx_word' id='word_1_499' title='bbox 841 5093 947 5132; x_wconf 88' lang='lat' dir='ltr'><strong>non</strong></span> <span class='ocrx_word' id='word_1_500' title='bbox 995 5080 1285 5147; x_wconf 87' lang='lat' dir='ltr'><strong>prudenter</strong></span> <span class='ocrx_word' id='word_1_501' title='bbox 1327 5075 1584 5145; x_wconf 89' lang='lat' dir='ltr'><strong>psallunt,</strong></span> <span class='ocrx_word' id='word_1_502' title='bbox 1630 5077 1724 5131; x_wconf 88' lang='lat' dir='ltr'><strong>sed</strong></span> <span class='ocrx_word' id='word_1_503' title='bbox 1762 5092 1882 5132; x_wconf 88' lang='lat' dir='ltr'><strong>sese</strong></span> <span class='ocrx_word' id='word_1_504' title='bbox 1914 5078 2205 5146; x_wconf 85' lang='lat' dir='ltr'><strong>oblectant,</strong></span> 
     </span>
    </p>
   </div>
   <div class='ocr_carea' id='block_1_67' title="bbox 647 5167 2209 5243">
    <p class='ocr_par' dir='ltr' id='par_1_67' title="bbox 647 5167 2209 5243">
     <span class='ocr_line' id='line_1_67' title="bbox 647 5167 2209 5243; baseline 0.001 -17"><span class='ocrx_word' id='word_1_505' title='bbox 647 5171 899 5243; x_wconf 86' lang='lat' dir='ltr'><strong>culpandi</strong></span> <span class='ocrx_word' id='word_1_506' title='bbox 950 5186 1102 5232; x_wconf 89' lang='lat' dir='ltr'><strong>sane,</strong></span> <span class='ocrx_word' id='word_1_507' title='bbox 1156 5170 1281 5239; x_wconf 91' lang='lat' dir='ltr'><strong>quia</strong></span> <span class='ocrx_word' id='word_1_508' title='bbox 1320 5167 1439 5222; x_wconf 85' lang='lat' dir='ltr'><strong>Non</strong></span> <span class='ocrx_word' id='word_1_509' title='bbox 1477 5180 1550 5223; x_wconf 76' lang='lat' dir='ltr'><strong>est</strong></span> <span class='ocrx_word' id='word_1_510' title='bbox 1586 5170 1819 5238; x_wconf 73' lang='lat' dir='ltr'><strong>speciosa</strong></span> <span class='ocrx_word' id='word_1_511' title='bbox 1872 5176 1990 5224; x_wconf 79' lang='lat' dir='ltr'><strong>laus</strong></span> <span class='ocrx_word' id='word_1_512' title='bbox 2036 5175 2089 5225; x_wconf 83' lang='lat' dir='ltr'><strong>in</strong></span> <span class='ocrx_word' id='word_1_513' title='bbox 2122 5191 2209 5229; x_wconf 81' lang='lat' dir='ltr'><strong>ore</strong></span> 
     </span>
    </p>
   </div>
   <div class='ocr_carea' id='block_1_68' title="bbox 645 5261 2208 5332">
    <p class='ocr_par' dir='ltr' id='par_1_68' title="bbox 645 5261 2208 5332">
     <span class='ocr_line' id='line_1_68' title="bbox 645 5261 2208 5332; baseline 0.001 -15"><span class='ocrx_word' id='word_1_514' title='bbox 645 5263 934 5331; x_wconf 75' lang='lat' dir='ltr'><strong>peccatoris</strong></span> <span class='ocrx_word' id='word_1_515' title='bbox 979 5261 1044 5315; x_wconf 79' lang='lat'><strong>”.</strong></span> <span class='ocrx_word' id='word_1_516' title='bbox 1094 5261 1197 5326; x_wconf 86' lang='lat' dir='ltr'><strong>Qui</strong></span> <span class='ocrx_word' id='word_1_517' title='bbox 1229 5271 1407 5315; x_wconf 88' lang='lat' dir='ltr'><strong>autem</strong></span> <span class='ocrx_word' id='word_1_518' title='bbox 1446 5262 1700 5330; x_wconf 60' lang='lat' dir='ltr'><strong>praedicto</strong></span> <span class='ocrx_word' id='word_1_519' title='bbox 1759 5263 1921 5317; x_wconf 90' lang='lat' dir='ltr'><strong>modo</strong></span> <span class='ocrx_word' id='word_1_520' title='bbox 1951 5265 2208 5332; x_wconf 87' lang='lat' dir='ltr'><strong>psallunt,</strong></span> 
     </span>
    </p>
   </div>
   <div class='ocr_carea' id='block_1_69' title="bbox 649 5353 2212 5416">
    <p class='ocr_par' dir='ltr' id='par_1_69' title="bbox 649 5353 2212 5416">
     <span class='ocr_line' id='line_1_69' title="bbox 649 5353 2212 5416; baseline 0.003 -5"><span class='ocrx_word' id='word_1_521' title='bbox 649 5359 721 5411; x_wconf 87' lang='lat' dir='ltr'><strong>ita</strong></span> <span class='ocrx_word' id='word_1_522' title='bbox 764 5366 821 5411; x_wconf 91' lang='lat' dir='ltr'><strong>ut</strong></span> <span class='ocrx_word' id='word_1_523' title='bbox 845 5356 1136 5410; x_wconf 83' lang='lat' dir='ltr'><strong>verborum</strong></span> <span class='ocrx_word' id='word_1_524' title='bbox 1178 5353 1476 5408; x_wconf 86' lang='lat' dir='ltr'><strong>modulatio</strong></span> <span class='ocrx_word' id='word_1_525' title='bbox 1530 5369 1595 5407; x_wconf 76' lang='lat' dir='ltr'><strong>ex</strong></span> <span class='ocrx_word' id='word_1_526' title='bbox 1633 5354 1829 5409; x_wconf 72' lang='lat' dir='ltr'><strong>animae</strong></span> <span class='ocrx_word' id='word_1_527' title='bbox 1879 5358 2119 5414; x_wconf 87' lang='lat' dir='ltr'><strong>numeris</strong></span> <span class='ocrx_word' id='word_1_528' title='bbox 2158 5369 2212 5416; x_wconf 90' lang='lat' dir='ltr'><strong>et</strong></span> 
     </span>
    </p>
   </div>
   <div class='ocr_carea' id='block_1_70' title="bbox 648 5446 2208 5524">
    <p class='ocr_par' dir='ltr' id='par_1_70' title="bbox 648 5446 2208 5524">
     <span class='ocr_line' id='line_1_70' title="bbox 648 5446 2208 5524; baseline 0.003 -20"><span class='ocrx_word' id='word_1_529' title='bbox 648 5465 713 5504; x_wconf 81' lang='lat' dir='ltr'><strong>ex</strong></span> <span class='ocrx_word' id='word_1_530' title='bbox 744 5451 1100 5504; x_wconf 84' lang='lat' dir='ltr'><strong>consonantia</strong></span> <span class='ocrx_word' id='word_1_531' title='bbox 1141 5462 1263 5501; x_wconf 91' lang='lat' dir='ltr'><strong>cum</strong></span> <span class='ocrx_word' id='word_1_532' title='bbox 1299 5447 1492 5515; x_wconf 88' lang='lat' dir='ltr'><strong>spiritu</strong></span> <span class='ocrx_word' id='word_1_533' title='bbox 1540 5446 1868 5517; x_wconf 89' lang='lat' dir='ltr'><strong>proferatur,</strong></span> <span class='ocrx_word' id='word_1_534' title='bbox 1924 5450 1978 5504; x_wconf 89' lang='lat' dir='ltr'><strong>bi</strong></span> <span class='ocrx_word' id='word_1_535' title='bbox 2028 5452 2208 5524; x_wconf 90' lang='lat' dir='ltr'><strong>lingua</strong></span> 
     </span>
    </p>
   </div>
   <div class='ocr_carea' id='block_1_71' title="bbox 651 5537 2208 5610">
    <p class='ocr_par' dir='ltr' id='par_1_71' title="bbox 651 5537 2208 5610">
     <span class='ocr_line' id='line_1_71' title="bbox 651 5537 2208 5610; baseline 0.006 -17"><span class='ocrx_word' id='word_1_536' title='bbox 651 5540 868 5610; x_wconf 85' lang='lat' dir='ltr'><strong>quidem</strong></span> <span class='ocrx_word' id='word_1_537' title='bbox 915 5537 1171 5609; x_wconf 89' lang='lat' dir='ltr'><strong>psallunt,</strong></span> <span class='ocrx_word' id='word_1_538' title='bbox 1219 5538 1508 5608; x_wconf 90' lang='lat' dir='ltr'><strong>psallentes</strong></span> <span class='ocrx_word' id='word_1_539' title='bbox 1550 5546 1728 5593; x_wconf 89' lang='lat' dir='ltr'><strong>autem</strong></span> <span class='ocrx_word' id='word_1_540' title='bbox 1758 5547 1811 5595; x_wconf 89' lang='lat' dir='ltr'><strong>et</strong></span> <span class='ocrx_word' id='word_1_541' title='bbox 1857 5553 2056 5607; x_wconf 89' lang='lat' dir='ltr'><strong>mente,</strong></span> <span class='ocrx_word' id='word_1_542' title='bbox 2099 5563 2208 5602; x_wconf 90' lang='lat' dir='ltr'><strong>non</strong></span> 
     </span>
    </p>
   </div>
   <div class='ocr_carea' id='block_1_72' title="bbox 2290 1968 3865 2043">
    <p class='ocr_par' dir='ltr' id='par_1_72' title="bbox 2290 1968 3865 2043">
     <span class='ocr_line' id='line_1_72' title="bbox 2290 1968 3865 2043; baseline -0.003 -20"><span class='ocrx_word' id='word_1_543' title='bbox 2290 1989 2397 2041; x_wconf 91' lang='grc' dir='ltr'><strong>χων</strong></span> <span class='ocrx_word' id='word_1_544' title='bbox 2420 1971 2476 2024; x_wconf 81' lang='grc' dir='ltr'><strong>δὲ</strong></span> <span class='ocrx_word' id='word_1_545' title='bbox 2502 1973 2567 2041; x_wconf 82' lang='grc' dir='ltr'>τῇ</span> <span class='ocrx_word' id='word_1_546' title='bbox 2602 1969 2796 2043; x_wconf 80' lang='grc' dir='ltr'>γνώμῃ</span> <span class='ocrx_word' id='word_1_547' title='bbox 2835 1968 2942 2026; x_wconf 90' lang='grc' dir='ltr'><strong>τῶν</strong></span> <span class='ocrx_word' id='word_1_548' title='bbox 2986 1970 3255 2023; x_wconf 78' lang='grc' dir='ltr'><strong>Ἰουδαίων</strong></span> <span class='ocrx_word' id='word_1_549' title='bbox 3282 1986 3294 1998; x_wconf 90' lang='grc'><strong>·</strong></span> <span class='ocrx_word' id='word_1_550' title='bbox 3345 1969 3378 2039; x_wconf 83' lang='grc' dir='ltr'><strong>ἦ</strong></span> <span class='ocrx_word' id='word_1_551' title='bbox 3435 1968 3722 2040; x_wconf 76' lang='grc' dir='ltr'>ἐπιθυμεῖν</span> <span class='ocrx_word' id='word_1_552' title='bbox 3763 1970 3865 2039; x_wconf 80' lang='grc' dir='ltr'>μὲν</span> 
     </span>
    </p>
   </div>
   <div class='ocr_carea' id='block_1_73' title="bbox 2287 2059 3866 2132">
    <p class='ocr_par' dir='ltr' id='par_1_73' title="bbox 2287 2059 3866 2132">
     <span class='ocr_line' id='line_1_73' title="bbox 2287 2059 3866 2132; baseline -0.001 -19"><span class='ocrx_word' id='word_1_553' title='bbox 2287 2059 2357 2113; x_wconf 75' lang='grc' dir='ltr'>τὰ</span> <span class='ocrx_word' id='word_1_554' title='bbox 2385 2060 2583 2129; x_wconf 80' lang='grc' dir='ltr'>φαῦλα,</span> <span class='ocrx_word' id='word_1_555' title='bbox 2644 2061 2719 2132; x_wconf 80' lang='grc' dir='ltr'>μὴ</span> <span class='ocrx_word' id='word_1_556' title='bbox 2770 2059 3030 2114; x_wconf 85' lang='grc' dir='ltr'>δύνασθαι</span> <span class='ocrx_word' id='word_1_557' title='bbox 3073 2059 3129 2113; x_wconf 79' lang='grc' dir='ltr'>δὲ</span> <span class='ocrx_word' id='word_1_558' title='bbox 3173 2060 3468 2131; x_wconf 81' lang='grc' dir='ltr'>πράττειν,</span> <span class='ocrx_word' id='word_1_559' title='bbox 3519 2059 3592 2122; x_wconf 84' lang='grc' dir='ltr'>ὡς</span> <span class='ocrx_word' id='word_1_560' title='bbox 3631 2060 3680 2110; x_wconf 87' lang='lat' dir='ltr'><strong>oi</strong></span> <span class='ocrx_word' id='word_1_561' title='bbox 3721 2059 3866 2111; x_wconf 86' lang='grc' dir='ltr'>κατὰ.</span> 
     </span>
    </p>
   </div>
   <div class='ocr_carea' id='block_1_74' title="bbox 2289 2149 3864 2224">
    <p class='ocr_par' dir='ltr' id='par_1_74' title="bbox 2289 2149 3864 2224">
     <span class='ocr_line' id='line_1_74' title="bbox 2289 2149 3864 2224; baseline -0.003 -18"><span class='ocrx_word' id='word_1_562' title='bbox 2289 2152 2594 2224; x_wconf 85' lang='grc' dir='ltr'>Σουσάννης</span> <span class='ocrx_word' id='word_1_563' title='bbox 2647 2152 3093 2224; x_wconf 81' lang='grc' dir='ltr'>πρεσὸύτεροι·ἢ</span> <span class='ocrx_word' id='word_1_564' title='bbox 3129 2151 3289 2205; x_wconf 80' lang='grc' dir='ltr'>πάλιν</span> <span class='ocrx_word' id='word_1_565' title='bbox 3320 2151 3392 2222; x_wconf 80' lang='grc' dir='ltr'>μὴ</span> <span class='ocrx_word' id='word_1_566' title='bbox 3427 2149 3696 2221; x_wconf 76' lang='grc' dir='ltr'>μοιχεύειν</span> <span class='ocrx_word' id='word_1_567' title='bbox 3741 2151 3864 2220; x_wconf 85' lang='grc' dir='ltr'>μὲν,</span> 
     </span>
    </p>
   </div>
   <div class='ocr_carea' id='block_1_75' title="bbox 2291 2241 3867 2316">
    <p class='ocr_par' dir='ltr' id='par_1_75' title="bbox 2291 2241 3867 2316">
     <span class='ocr_line' id='line_1_75' title="bbox 2291 2241 3867 2316; baseline -0.003 -17"><span class='ocrx_word' id='word_1_568' title='bbox 2291 2245 2543 2299; x_wconf 81' lang='grc' dir='ltr'>κλέπτειν</span> <span class='ocrx_word' id='word_1_569' title='bbox 2579 2245 2669 2298; x_wconf 87' lang='grc' dir='ltr'>δέ·</span> <span class='ocrx_word' id='word_1_570' title='bbox 2699 2244 2731 2316; x_wconf 83' lang='grc' dir='ltr'><strong>ἦ</strong></span> <span class='ocrx_word' id='word_1_571' title='bbox 2760 2244 2835 2316; x_wconf 83' lang='grc' dir='ltr'>μὴ</span> <span class='ocrx_word' id='word_1_572' title='bbox 2865 2244 3116 2298; x_wconf 77' lang='grc' dir='ltr'>κλέπτειν</span> <span class='ocrx_word' id='word_1_573' title='bbox 3160 2245 3277 2313; x_wconf 87' lang='grc' dir='ltr'>μὲν,</span> <span class='ocrx_word' id='word_1_574' title='bbox 3312 2243 3556 2312; x_wconf 77' lang='grc' dir='ltr'>φονεύειν</span> <span class='ocrx_word' id='word_1_575' title='bbox 3597 2242 3688 2296; x_wconf 78' lang='grc' dir='ltr'>δέ’</span> <span class='ocrx_word' id='word_1_576' title='bbox 3790 2243 3867 2314; x_wconf 83' lang='grc' dir='ltr'>μὴ</span> 
     </span>
    </p>
   </div>
   <div class='ocr_carea' id='block_1_76' title="bbox 2292 2333 3147 2409">
    <p class='ocr_par' dir='ltr' id='par_1_76' title="bbox 2292 2333 3147 2409">
     <span class='ocr_line' id='line_1_76' title="bbox 2292 2333 3147 2409; baseline -0.006 -18"><span class='ocrx_word' id='word_1_577' title='bbox 2292 2336 2536 2408; x_wconf 77' lang='grc' dir='ltr'>φονεύειν</span> <span class='ocrx_word' id='word_1_578' title='bbox 2560 2337 2679 2408; x_wconf 74' lang='grc' dir='ltr'>μὲν,</span> <span class='ocrx_word' id='word_1_579' title='bbox 2707 2336 3046 2409; x_wconf 74' lang='grc' dir='ltr'>βλασφημεῖν</span> <span class='ocrx_word' id='word_1_580' title='bbox 3071 2333 3147 2386; x_wconf 84' lang='grc' dir='ltr'><strong>δέ.</strong></span> 
     </span>
    </p>
   </div>
   <div class='ocr_carea' id='block_1_77' title="bbox 2362 2424 3871 2500">
    <p class='ocr_par' dir='ltr' id='par_1_77' title="bbox 2362 2424 3871 2500">
     <span class='ocr_line' id='line_1_77' title="bbox 2362 2424 3871 2500; baseline -0.004 -18"><span class='ocrx_word' id='word_1_581' title='bbox 2362 2435 2466 2500; x_wconf 87' lang='grc' dir='ltr'>κη’.</span> <span class='ocrx_word' id='word_1_582' title='bbox 2492 2430 2586 2482; x_wconf 82' lang='grc' dir='ltr'><strong>Ἴν“</strong></span> <span class='ocrx_word' id='word_1_583' title='bbox 2612 2424 2702 2483; x_wconf 80' lang='grc' dir='ltr'><strong>οὖν</strong></span> <span class='ocrx_word' id='word_1_584' title='bbox 2737 2428 2810 2499; x_wconf 78' lang='grc' dir='ltr'>μὴ</span> <span class='ocrx_word' id='word_1_585' title='bbox 2833 2426 3055 2498; x_wconf 84' lang='grc' dir='ltr'>τοιαύτη</span> <span class='ocrx_word' id='word_1_586' title='bbox 3096 2444 3177 2490; x_wconf 89' lang='grc' dir='ltr'><strong>τις</strong></span> <span class='ocrx_word' id='word_1_587' title='bbox 3210 2427 3268 2479; x_wconf 85' lang='lat' dir='ltr'><strong>tv</strong></span> <span class='ocrx_word' id='word_1_588' title='bbox 3306 2428 3438 2496; x_wconf 81' lang='grc' dir='ltr'>ἡμῖν</span> <span class='ocrx_word' id='word_1_589' title='bbox 3471 2425 3679 2495; x_wconf 84' lang='grc' dir='ltr'>ταραχὴ</span> <span class='ocrx_word' id='word_1_590' title='bbox 3715 2425 3871 2495; x_wconf 74' lang='grc' dir='ltr'>γίνηο</span> 
     </span>
    </p>
   </div>
   <div class='ocr_carea' id='block_1_78' title="bbox 2291 2518 3867 2591">
    <p class='ocr_par' dir='ltr' id='par_1_78' title="bbox 2291 2518 3867 2591">
     <span class='ocr_line' id='line_1_78' title="bbox 2291 2518 3867 2591; baseline -0.004 -17"><span class='ocrx_word' id='word_1_591' title='bbox 2291 2539 2402 2584; x_wconf 87' lang='grc' dir='ltr'>ται,</span> <span class='ocrx_word' id='word_1_592' title='bbox 2434 2521 2574 2574; x_wconf 85' lang='grc' dir='ltr'>θέλει</span> <span class='ocrx_word' id='word_1_593' title='bbox 2606 2521 2704 2590; x_wconf 80' lang='grc' dir='ltr'><strong>τὴν</strong></span> <span class='ocrx_word' id='word_1_594' title='bbox 2728 2520 2904 2591; x_wconf 77' lang='grc' dir='ltr'>ψυχὴν</span> <span class='ocrx_word' id='word_1_595' title='bbox 2927 2523 2955 2572; x_wconf 86' lang='grc' dir='ltr'>ὁ</span> <span class='ocrx_word' id='word_1_596' title='bbox 2980 2520 3136 2587; x_wconf 82' lang='grc' dir='ltr'>λόγος</span> <span class='ocrx_word' id='word_1_597' title='bbox 3169 2520 3398 2590; x_wconf 75' lang='grc' dir='ltr'>ἔχουσαν</span> <span class='ocrx_word' id='word_1_598' title='bbox 3447 2518 3682 2589; x_wconf 75' lang='grc' dir='ltr'>Χριστοῦ</span> <span class='ocrx_word' id='word_1_599' title='bbox 3718 2518 3867 2581; x_wconf 73' lang='grc' dir='ltr'>νοῦν,</span> 
     </span>
    </p>
   </div>
   <div class='ocr_carea' id='block_1_79' title="bbox 2293 2609 3870 2682">
    <p class='ocr_par' dir='ltr' id='par_1_79' title="bbox 2293 2609 3870 2682">
     <span class='ocr_line' id='line_1_79' title="bbox 2293 2609 3870 2682; baseline -0.003 -16"><span class='ocrx_word' id='word_1_600' title='bbox 2293 2613 2366 2676; x_wconf 84' lang='grc' dir='ltr'>ὼς</span> <span class='ocrx_word' id='word_1_601' title='bbox 2390 2609 2539 2667; x_wconf 77' lang='grc' dir='ltr'>εἶπεν</span> <span class='ocrx_word' id='word_1_602' title='bbox 2571 2616 2599 2668; x_wconf 88' lang='grc' dir='ltr'>ὁ</span> <span class='ocrx_word' id='word_1_603' title='bbox 2641 2613 2977 2677; x_wconf 75' lang='grc' dir='ltr'>’Δπόστολος,</span> <span class='ocrx_word' id='word_1_604' title='bbox 2994 2613 3165 2682; x_wconf 84' lang='grc' dir='ltr'>τούτῳ</span> <span class='ocrx_word' id='word_1_605' title='bbox 3190 2612 3522 2681; x_wconf 79' lang='grc' dir='ltr'>καθηγεμόνι</span> <span class='ocrx_word' id='word_1_606' title='bbox 3543 2610 3870 2681; x_wconf 86' lang='grc' dir='ltr'>χρήσασθαι,</span> 
     </span>
    </p>
   </div>
   <div class='ocr_carea' id='block_1_80' title="bbox 2297 2702 3871 2775">
    <p class='ocr_par' dir='ltr' id='par_1_80' title="bbox 2297 2702 3871 2775">
     <span class='ocr_line' id='line_1_80' title="bbox 2297 2702 3871 2775; baseline -0.005 -17"><span class='ocrx_word' id='word_1_607' title='bbox 2297 2705 2391 2759; x_wconf 75' lang='grc' dir='ltr'>καὶ</span> <span class='ocrx_word' id='word_1_608' title='bbox 2419 2707 2476 2758; x_wconf 87' lang='lat' dir='ltr'><strong>tv</strong></span> <span class='ocrx_word' id='word_1_609' title='bbox 2507 2704 2680 2775; x_wconf 86' lang='grc' dir='ltr'>τούτῳ</span> <span class='ocrx_word' id='word_1_610' title='bbox 2727 2703 2832 2756; x_wconf 87' lang='grc' dir='ltr'><strong>τῶν</strong></span> <span class='ocrx_word' id='word_1_611' title='bbox 2859 2703 2956 2774; x_wconf 79' lang='grc' dir='ltr'><strong>μὲν</strong></span> <span class='ocrx_word' id='word_1_612' title='bbox 2986 2706 3043 2756; x_wconf 87' lang='lat' dir='ltr'><strong>tv</strong></span> <span class='ocrx_word' id='word_1_613' title='bbox 3075 2704 3212 2772; x_wconf 78' lang='grc' dir='ltr'>αὐτῇ</span> <span class='ocrx_word' id='word_1_614' title='bbox 3264 2702 3581 2772; x_wconf 75' lang='grc' dir='ltr'>παθητικῶν</span> <span class='ocrx_word' id='word_1_615' title='bbox 3628 2705 3871 2772; x_wconf 71' lang='grc' dir='ltr'>κρατεῖν,</span> 
     </span>
    </p>
   </div>
   <div class='ocr_carea' id='block_1_81' title="bbox 2294 2792 3875 2870">
    <p class='ocr_par' dir='ltr' id='par_1_81' title="bbox 2294 2792 3875 2865">
     <span class='ocr_line' id='line_1_81' title="bbox 2294 2792 3875 2865; baseline -0.006 -15"><span class='ocrx_word' id='word_1_616' title='bbox 2294 2797 2402 2850; x_wconf 90' lang='grc' dir='ltr'><strong>τῶν</strong></span> <span class='ocrx_word' id='word_1_617' title='bbox 2428 2796 2485 2850; x_wconf 77' lang='grc' dir='ltr'>δὲ</span> <span class='ocrx_word' id='word_1_618' title='bbox 2513 2796 2604 2850; x_wconf 72' lang='grc' dir='ltr'>τοῦ</span> <span class='ocrx_word' id='word_1_619' title='bbox 2633 2795 2879 2864; x_wconf 82' lang='grc' dir='ltr'>σώματος</span> <span class='ocrx_word' id='word_1_620' title='bbox 2909 2794 3085 2865; x_wconf 86' lang='grc' dir='ltr'>μελῶν</span> <span class='ocrx_word' id='word_1_621' title='bbox 3114 2794 3322 2864; x_wconf 83' lang='grc' dir='ltr'>ἄρχειν,</span> <span class='ocrx_word' id='word_1_622' title='bbox 3349 2795 3427 2856; x_wconf 83' lang='grc' dir='ltr'><strong>είς</strong></span> <span class='ocrx_word' id='word_1_623' title='bbox 3477 2795 3536 2845; x_wconf 89' lang='grc' dir='ltr'><strong>τὸ</strong></span> <span class='ocrx_word' id='word_1_624' title='bbox 3578 2792 3875 2844; x_wconf 79' lang='grc' dir='ltr'>ὑπακούειν</span> 
     </span>
    </p>
   </div>
   <div class='ocr_carea' id='block_1_82' title="bbox 2295 2883 3878 2958">
    <p class='ocr_par' dir='ltr' id='par_1_82' title="bbox 2295 2883 3878 2958">
     <span class='ocr_line' id='line_1_82' title="bbox 2295 2883 3878 2958; baseline -0.004 -17"><span class='ocrx_word' id='word_1_625' title='bbox 2295 2888 2372 2958; x_wconf 79' lang='grc' dir='ltr'>τῷ</span> <span class='ocrx_word' id='word_1_626' title='bbox 2394 2887 2554 2956; x_wconf 84' lang='grc' dir='ltr'>λόγῳ·</span> <span class='ocrx_word' id='word_1_627' title='bbox 2591 2887 2696 2952; x_wconf 82' lang='grc' dir='ltr'>ἵνα,</span> <span class='ocrx_word' id='word_1_628' title='bbox 2726 2888 2800 2950; x_wconf 84' lang='grc' dir='ltr'>ὡς</span> <span class='ocrx_word' id='word_1_629' title='bbox 2829 2889 2885 2939; x_wconf 82' lang='lat' dir='ltr'><strong>tv</strong></span> <span class='ocrx_word' id='word_1_630' title='bbox 2908 2886 3141 2958; x_wconf 82' lang='grc' dir='ltr'>ἁρμονίᾳ</span> <span class='ocrx_word' id='word_1_631' title='bbox 3166 2885 3226 2937; x_wconf 84' lang='grc' dir='ltr'><strong>τὸ</strong></span> <span class='ocrx_word' id='word_1_632' title='bbox 3249 2884 3543 2956; x_wconf 79' lang='grc' dir='ltr'>πλῆκτρον,</span> <span class='ocrx_word' id='word_1_633' title='bbox 3573 2883 3746 2945; x_wconf 75' lang='grc' dir='ltr'>ούτως</span> <span class='ocrx_word' id='word_1_634' title='bbox 3779 2886 3878 2937; x_wconf 65' lang='lat' dir='ltr'><strong>a5-</strong></span> 
     </span>
    </p>
   </div>
   <div class='ocr_carea' id='block_1_83' title="bbox 2295 2973 3880 3047">
    <p class='ocr_par' dir='ltr' id='par_1_83' title="bbox 2295 2973 3880 3047">
     <span class='ocr_line' id='line_1_83' title="bbox 2295 2973 3880 3047; baseline -0.002 -19"><span class='ocrx_word' id='word_1_635' title='bbox 2295 2976 2386 3039; x_wconf 83' lang='grc' dir='ltr'><strong>τὸς</strong></span> <span class='ocrx_word' id='word_1_636' title='bbox 2424 2977 2452 3028; x_wconf 83' lang='grc' dir='ltr'>ὁ</span> <span class='ocrx_word' id='word_1_637' title='bbox 2483 2975 2764 3047; x_wconf 78' lang='grc' dir='ltr'>ἄνθρωπος</span> <span class='ocrx_word' id='word_1_638' title='bbox 2787 2975 3082 3045; x_wconf 79' lang='grc' dir='ltr'>ψαλτήριον</span> <span class='ocrx_word' id='word_1_639' title='bbox 3110 2977 3418 3046; x_wconf 83' lang='grc' dir='ltr'>γενόμενος,</span> <span class='ocrx_word' id='word_1_640' title='bbox 3476 2975 3570 3028; x_wconf 73' lang='grc' dir='ltr'><strong>καὶ</strong></span> <span class='ocrx_word' id='word_1_641' title='bbox 3606 2973 3681 3044; x_wconf 79' lang='grc' dir='ltr'>τῷ</span> <span class='ocrx_word' id='word_1_642' title='bbox 3712 2974 3880 3026; x_wconf 87' lang='grc' dir='ltr'>πνεύ-</span> 
     </span>
    </p>
   </div>
   <div class='ocr_carea' id='block_1_84' title="bbox 2302 3067 3878 3140">
    <p class='ocr_par' dir='ltr' id='par_1_84' title="bbox 2302 3067 3878 3140">
     <span class='ocr_line' id='line_1_84' title="bbox 2302 3067 3878 3140; baseline -0.002 -18"><span class='ocrx_word' id='word_1_643' title='bbox 2302 3086 2430 3140; x_wconf 87' lang='grc' dir='ltr'>ματι</span> <span class='ocrx_word' id='word_1_644' title='bbox 2475 3068 2754 3139; x_wconf 82' lang='grc' dir='ltr'>προσέχων</span> <span class='ocrx_word' id='word_1_645' title='bbox 2801 3067 3128 3138; x_wconf 82' lang='grc' dir='ltr'>ὁλοκλήρως,</span> <span class='ocrx_word' id='word_1_646' title='bbox 3186 3070 3280 3122; x_wconf 78' lang='grc' dir='ltr'><strong>καὶ</strong></span> <span class='ocrx_word' id='word_1_647' title='bbox 3337 3071 3470 3121; x_wconf 83' lang='grc' dir='ltr'>πᾶσι</span> <span class='ocrx_word' id='word_1_648' title='bbox 3531 3071 3641 3130; x_wconf 83' lang='grc' dir='ltr'>τοῖς</span> <span class='ocrx_word' id='word_1_649' title='bbox 3689 3069 3878 3138; x_wconf 85' lang='grc' dir='ltr'>μέλεσι</span> 
     </span>
    </p>
   </div>
   <div class='ocr_carea' id='block_1_85' title="bbox 2300 3159 3879 3233">
    <p class='ocr_par' dir='ltr' id='par_1_85' title="bbox 2300 3159 3879 3233">
     <span class='ocr_line' id='line_1_85' title="bbox 2300 3159 3879 3233; baseline -0.002 -19"><span class='ocrx_word' id='word_1_650' title='bbox 2300 3162 2396 3214; x_wconf 76' lang='grc' dir='ltr'><strong>καὶ</strong></span> <span class='ocrx_word' id='word_1_651' title='bbox 2430 3164 2541 3224; x_wconf 85' lang='grc' dir='ltr'>τοῖς</span> <span class='ocrx_word' id='word_1_652' title='bbox 2575 3163 2866 3231; x_wconf 82' lang='grc' dir='ltr'>κινήμασιν</span> <span class='ocrx_word' id='word_1_653' title='bbox 2905 3161 3176 3233; x_wconf 79' lang='grc' dir='ltr'>ὑπακούῃ,</span> <span class='ocrx_word' id='word_1_654' title='bbox 3204 3161 3298 3212; x_wconf 70' lang='grc' dir='ltr'>καὶ</span> <span class='ocrx_word' id='word_1_655' title='bbox 3331 3160 3556 3232; x_wconf 82' lang='grc' dir='ltr'>δουλεύῃ</span> <span class='ocrx_word' id='word_1_656' title='bbox 3582 3159 3659 3228; x_wconf 82' lang='grc' dir='ltr'>τῷ</span> <span class='ocrx_word' id='word_1_657' title='bbox 3683 3160 3879 3232; x_wconf 80' lang='grc' dir='ltr'>βουλή-</span> 
     </span>
    </p>
   </div>
   <div class='ocr_carea' id='block_1_86' title="bbox 2304 3251 3879 3326">
    <p class='ocr_par' dir='ltr' id='par_1_86' title="bbox 2304 3251 3879 3326">
     <span class='ocr_line' id='line_1_86' title="bbox 2304 3251 3879 3326; baseline -0.001 -19"><span class='ocrx_word' id='word_1_658' title='bbox 2304 3272 2429 3326; x_wconf 92' lang='grc' dir='ltr'>ματι</span> <span class='ocrx_word' id='word_1_659' title='bbox 2475 3252 2567 3306; x_wconf 82' lang='grc' dir='ltr'>τοῦ</span> <span class='ocrx_word' id='word_1_660' title='bbox 2594 3253 2748 3306; x_wconf 82' lang='grc' dir='ltr'>Θεοῦ.</span> <span class='ocrx_word' id='word_1_661' title='bbox 2776 3253 2887 3323; x_wconf 80' lang='grc' dir='ltr'>Τῆς</span> <span class='ocrx_word' id='word_1_662' title='bbox 2907 3253 2964 3305; x_wconf 84' lang='grc' dir='ltr'>δὲ</span> <span class='ocrx_word' id='word_1_663' title='bbox 2990 3252 3245 3322; x_wconf 84' lang='grc' dir='ltr'>τοιαύτης</span> <span class='ocrx_word' id='word_1_664' title='bbox 3289 3252 3392 3304; x_wconf 89' lang='grc' dir='ltr'><strong>τῶν</strong></span> <span class='ocrx_word' id='word_1_665' title='bbox 3448 3251 3720 3320; x_wconf 81' lang='grc' dir='ltr'>λογισμῶν</span> <span class='ocrx_word' id='word_1_666' title='bbox 3745 3253 3879 3305; x_wconf 84' lang='grc' dir='ltr'>ἀτα-</span> 
     </span>
    </p>
   </div>
   <div class='ocr_carea' id='block_1_87' title="bbox 2304 3341 3881 3417">
    <p class='ocr_par' dir='ltr' id='par_1_87' title="bbox 2304 3341 3881 3417">
     <span class='ocr_line' id='line_1_87' title="bbox 2304 3341 3881 3417; baseline -0.003 -19"><span class='ocrx_word' id='word_1_667' title='bbox 2304 3345 2488 3417; x_wconf 79' lang='grc' dir='ltr'>ραξίας</span> <span class='ocrx_word' id='word_1_668' title='bbox 2515 3345 2607 3397; x_wconf 76' lang='grc' dir='ltr'><strong>καὶ</strong></span> <span class='ocrx_word' id='word_1_669' title='bbox 2625 3343 2896 3415; x_wconf 79' lang='grc' dir='ltr'>ἀκύμονος</span> <span class='ocrx_word' id='word_1_670' title='bbox 2920 3344 3303 3407; x_wconf 78' lang='grc' dir='ltr'>καταστάσεως</span> <span class='ocrx_word' id='word_1_671' title='bbox 3338 3341 3522 3396; x_wconf 77' lang='grc' dir='ltr'>ἐἰκὼν</span> <span class='ocrx_word' id='word_1_672' title='bbox 3562 3342 3656 3396; x_wconf 76' lang='grc' dir='ltr'>καὶ</span> <span class='ocrx_word' id='word_1_673' title='bbox 3705 3343 3881 3405; x_wconf 83' lang='grc' dir='ltr'>τύπος</span> 
     </span>
    </p>
   </div>
   <div class='ocr_carea' id='block_1_88' title="bbox 2299 3432 3881 3504">
    <p class='ocr_par' dir='ltr' id='par_1_88' title="bbox 2299 3432 3881 3504">
     <span class='ocr_line' id='line_1_88' title="bbox 2299 3432 3881 3504; baseline -0.003 -15"><span class='ocrx_word' id='word_1_674' title='bbox 2299 3436 2500 3504; x_wconf 73' lang='grc' dir='ltr'>ἐστὶνὴ</span> <span class='ocrx_word' id='word_1_675' title='bbox 2529 3434 2634 3486; x_wconf 91' lang='grc' dir='ltr'><strong>τῶν</strong></span> <span class='ocrx_word' id='word_1_676' title='bbox 2685 3432 2931 3503; x_wconf 82' lang='grc' dir='ltr'>Ψαλμῶν</span> <span class='ocrx_word' id='word_1_677' title='bbox 2987 3433 3227 3504; x_wconf 77' lang='grc' dir='ltr'>ἐμμελὴς</span> <span class='ocrx_word' id='word_1_678' title='bbox 3280 3434 3606 3501; x_wconf 78' lang='grc' dir='ltr'>ἀνάγνωσις.</span> <span class='ocrx_word' id='word_1_679' title='bbox 3669 3432 3881 3503; x_wconf 81' lang='grc' dir='ltr'>’Ὠσπερ</span> 
     </span>
    </p>
   </div>
   <div class='ocr_carea' id='block_1_89' title="bbox 2299 3523 3882 3599">
    <p class='ocr_par' dir='ltr' id='par_1_89' title="bbox 2299 3523 3882 3599">
     <span class='ocr_line' id='line_1_89' title="bbox 2299 3523 3882 3599; baseline -0.004 -18"><span class='ocrx_word' id='word_1_680' title='bbox 2299 3528 2410 3599; x_wconf 82' lang='grc' dir='ltr'>γὰρ</span> <span class='ocrx_word' id='word_1_681' title='bbox 2440 3527 2508 3580; x_wconf 84' lang='grc' dir='ltr'>τὰ</span> <span class='ocrx_word' id='word_1_682' title='bbox 2535 3526 2634 3597; x_wconf 78' lang='grc' dir='ltr'>τῆς</span> <span class='ocrx_word' id='word_1_683' title='bbox 2661 3524 2841 3595; x_wconf 80' lang='grc' dir='ltr'>ψυχῆς</span> <span class='ocrx_word' id='word_1_684' title='bbox 2870 3527 3114 3596; x_wconf 81' lang='grc' dir='ltr'>νοήματα</span> <span class='ocrx_word' id='word_1_685' title='bbox 3145 3525 3483 3595; x_wconf 75' lang='grc' dir='ltr'>γνωρίζομεν</span> <span class='ocrx_word' id='word_1_686' title='bbox 3502 3525 3596 3576; x_wconf 71' lang='grc' dir='ltr'><strong>καὶ</strong></span> <span class='ocrx_word' id='word_1_687' title='bbox 3620 3523 3882 3594; x_wconf 88' lang='grc' dir='ltr'>σημαίνο-</span> 
     </span>
    </p>
   </div>
   <div class='ocr_carea' id='block_1_90' title="bbox 2304 3611 3882 3689">
    <p class='ocr_par' dir='ltr' id='par_1_90' title="bbox 2304 3611 3882 3689">
     <span class='ocr_line' id='line_1_90' title="bbox 2304 3611 3882 3689; baseline -0.003 -19"><span class='ocrx_word' id='word_1_688' title='bbox 2304 3634 2402 3689; x_wconf 87' lang='grc' dir='ltr'><strong>μεν</strong></span> <span class='ocrx_word' id='word_1_689' title='bbox 2435 3617 2501 3670; x_wconf 80' lang='grc' dir='ltr'>δι“</span> <span class='ocrx_word' id='word_1_690' title='bbox 2525 3611 2598 3671; x_wconf 83' lang='grc' dir='ltr'>ὧν</span> <span class='ocrx_word' id='word_1_691' title='bbox 2633 3617 2979 3689; x_wconf 79' lang='grc' dir='ltr'>προφέρομεν</span> <span class='ocrx_word' id='word_1_692' title='bbox 3020 3617 3212 3685; x_wconf 88' lang='grc' dir='ltr'>λόγων,</span> <span class='ocrx_word' id='word_1_693' title='bbox 3260 3615 3453 3678; x_wconf 72' lang='grc' dir='ltr'>οὕτως,</span> <span class='ocrx_word' id='word_1_694' title='bbox 3486 3616 3585 3686; x_wconf 83' lang='grc' dir='ltr'><strong>τῆς</strong></span> <span class='ocrx_word' id='word_1_695' title='bbox 3633 3631 3882 3685; x_wconf 84' lang='grc' dir='ltr'>πνευμα-</span> 
     </span>
    </p>
   </div>
   <div class='ocr_carea' id='block_1_91' title="bbox 2299 3706 3882 3781">
    <p class='ocr_par' dir='ltr' id='par_1_91' title="bbox 2299 3706 3882 3781">
     <span class='ocr_line' id='line_1_91' title="bbox 2299 3706 3882 3781; baseline -0.004 -17"><span class='ocrx_word' id='word_1_696' title='bbox 2299 3711 2454 3781; x_wconf 78' lang='grc' dir='ltr'>τικῆς</span> <span class='ocrx_word' id='word_1_697' title='bbox 2478 3711 2534 3762; x_wconf 91' lang='lat' dir='ltr'><strong>tv</strong></span> <span class='ocrx_word' id='word_1_698' title='bbox 2554 3709 2698 3780; x_wconf 77' lang='grc' dir='ltr'>ψυχῇ</span> <span class='ocrx_word' id='word_1_699' title='bbox 2729 3709 2992 3780; x_wconf 85' lang='grc' dir='ltr'>ἁρμονίας</span> <span class='ocrx_word' id='word_1_700' title='bbox 3022 3709 3118 3779; x_wconf 82' lang='grc' dir='ltr'>τὴν</span> <span class='ocrx_word' id='word_1_701' title='bbox 3141 3711 3205 3761; x_wconf 80' lang='grc' dir='ltr'>ὲκ</span> <span class='ocrx_word' id='word_1_702' title='bbox 3231 3708 3338 3762; x_wconf 88' lang='grc' dir='ltr'><strong>τῶν</strong></span> <span class='ocrx_word' id='word_1_703' title='bbox 3383 3707 3554 3775; x_wconf 89' lang='grc' dir='ltr'>λόγων</span> <span class='ocrx_word' id='word_1_704' title='bbox 3613 3706 3882 3776; x_wconf 83' lang='grc' dir='ltr'>μελῳδίαν</span> 
     </span>
    </p>
   </div>
   <div class='ocr_carea' id='block_1_92' title="bbox 2304 3797 3883 3872">
    <p class='ocr_par' dir='ltr' id='par_1_92' title="bbox 2304 3797 3883 3872">
     <span class='ocr_line' id='line_1_92' title="bbox 2304 3797 3883 3872; baseline -0.003 -18"><span class='ocrx_word' id='word_1_705' title='bbox 2304 3801 2567 3871; x_wconf 77' lang='grc' dir='ltr'>σύμϐολον</span> <span class='ocrx_word' id='word_1_706' title='bbox 2591 3797 2727 3854; x_wconf 82' lang='grc' dir='ltr'>εἶναι</span> <span class='ocrx_word' id='word_1_707' title='bbox 2758 3800 2924 3854; x_wconf 79' lang='grc' dir='ltr'>θέλων</span> <span class='ocrx_word' id='word_1_708' title='bbox 2946 3803 2974 3853; x_wconf 87' lang='grc' dir='ltr'>ὁ</span> <span class='ocrx_word' id='word_1_709' title='bbox 3000 3801 3224 3872; x_wconf 86' lang='grc' dir='ltr'>Κύριος,</span> <span class='ocrx_word' id='word_1_710' title='bbox 3275 3799 3586 3852; x_wconf 81' lang='grc' dir='ltr'>τετύπωκεν</span> <span class='ocrx_word' id='word_1_711' title='bbox 3627 3798 3883 3868; x_wconf 79' lang='grc' dir='ltr'>ἐμμελῶς</span> 
     </span>
    </p>
   </div>
   <div class='ocr_carea' id='block_1_93' title="bbox 2301 3889 3884 3963">
    <p class='ocr_par' dir='ltr' id='par_1_93' title="bbox 2301 3889 3884 3963">
     <span class='ocr_line' id='line_1_93' title="bbox 2301 3889 3884 3963; baseline -0.004 -18"><span class='ocrx_word' id='word_1_712' title='bbox 2301 3892 2397 3953; x_wconf 83' lang='grc' dir='ltr'><strong>τὰς</strong></span> <span class='ocrx_word' id='word_1_713' title='bbox 2422 3892 2563 3963; x_wconf 81' lang='grc' dir='ltr'>ᾠδὰς</span> <span class='ocrx_word' id='word_1_714' title='bbox 2605 3892 2923 3960; x_wconf 87' lang='grc' dir='ltr'>ψάλλεσθαι,</span> <span class='ocrx_word' id='word_1_715' title='bbox 2977 3893 3070 3944; x_wconf 77' lang='grc' dir='ltr'><strong>καὶ</strong></span> <span class='ocrx_word' id='word_1_716' title='bbox 3120 3892 3247 3954; x_wconf 83' lang='grc' dir='ltr'>τοὺς</span> <span class='ocrx_word' id='word_1_717' title='bbox 3291 3890 3538 3960; x_wconf 75' lang='grc' dir='ltr'>ψαλμοὺς</span> <span class='ocrx_word' id='word_1_718' title='bbox 3596 3892 3710 3959; x_wconf 83' lang='grc' dir='ltr'>μετ’</span> <span class='ocrx_word' id='word_1_719' title='bbox 3737 3889 3884 3958; x_wconf 75' lang='grc' dir='ltr'>ᾠδῆς</span> 
     </span>
    </p>
   </div>
   <div class='ocr_carea' id='block_1_94' title="bbox 2303 3979 3880 4052">
    <p class='ocr_par' dir='ltr' id='par_1_94' title="bbox 2303 3979 3880 4052">
     <span class='ocr_line' id='line_1_94' title="bbox 2303 3979 3880 4052; baseline -0.003 -16"><span class='ocrx_word' id='word_1_720' title='bbox 2303 3981 2790 4051; x_wconf 83' lang='grc' dir='ltr'>ἀναγινώσκεσθαι.</span> <span class='ocrx_word' id='word_1_721' title='bbox 2852 3984 2960 4034; x_wconf 74' lang='grc' dir='ltr'>Καὶ</span> <span class='ocrx_word' id='word_1_722' title='bbox 3009 3981 3153 4034; x_wconf 80' lang='grc' dir='ltr'>τοῦτ’</span> <span class='ocrx_word' id='word_1_723' title='bbox 3207 3981 3353 4036; x_wconf 76' lang='grc' dir='ltr'>ἐστιν</span> <span class='ocrx_word' id='word_1_724' title='bbox 3403 3983 3437 4052; x_wconf 80' lang='grc' dir='ltr'><strong>ἡ</strong></span> <span class='ocrx_word' id='word_1_725' title='bbox 3477 3979 3880 4051; x_wconf 72' lang='grc' dir='ltr'>ἐπιθυμίαμθ)</span> 
     </span>
    </p>
   </div>
   <div class='ocr_carea' id='block_1_95' title="bbox 2303 4072 3885 4146">
    <p class='ocr_par' dir='ltr' id='par_1_95' title="bbox 2303 4072 3885 4146">
     <span class='ocr_line' id='line_1_95' title="bbox 2303 4072 3885 4146; baseline -0.003 -18"><span class='ocrx_word' id='word_1_726' title='bbox 2303 4075 2403 4146; x_wconf 85' lang='grc' dir='ltr'>τῆς</span> <span class='ocrx_word' id='word_1_727' title='bbox 2421 4072 2618 4144; x_wconf 82' lang='grc' dir='ltr'>ψυχῆς,</span> <span class='ocrx_word' id='word_1_728' title='bbox 2646 4074 2708 4126; x_wconf 82' lang='grc' dir='ltr'>τὸ</span> <span class='ocrx_word' id='word_1_729' title='bbox 2735 4073 2914 4137; x_wconf 89' lang='grc' dir='ltr'>καλῶς</span> <span class='ocrx_word' id='word_1_730' title='bbox 2972 4073 3140 4145; x_wconf 77' lang='grc' dir='ltr'>αὐτὴν</span> <span class='ocrx_word' id='word_1_731' title='bbox 3204 4073 3527 4138; x_wconf 87' lang='grc' dir='ltr'>διακεῖσθαι,</span> <span class='ocrx_word' id='word_1_732' title='bbox 3570 4073 3646 4136; x_wconf 84' lang='grc' dir='ltr'>ὼς</span> <span class='ocrx_word' id='word_1_733' title='bbox 3677 4073 3885 4143; x_wconf 80' lang='grc' dir='ltr'>γέγρα-</span> 
     </span>
    </p>
   </div>
   <div class='ocr_carea' id='block_1_96' title="bbox 2306 4164 3886 4235">
    <p class='ocr_par' dir='ltr' id='par_1_96' title="bbox 2306 4164 3886 4235">
     <span class='ocr_line' id='line_1_96' title="bbox 2306 4164 3886 4235; baseline -0.001 -16"><span class='ocrx_word' id='word_1_734' title='bbox 2306 4183 2456 4219; x_wconf 87' lang='grc' dir='ltr'>πται·</span> <span class='ocrx_word' id='word_1_735' title='bbox 2482 4166 2742 4235; x_wconf 82' lang='grc' dir='ltr'><strong>Ε’ὺθυμεῖ</strong></span> <span class='ocrx_word' id='word_1_736' title='bbox 2765 4184 2856 4232; x_wconf 80' lang='grc' dir='ltr'><strong>τις</strong></span> <span class='ocrx_word' id='word_1_737' title='bbox 2888 4167 2957 4218; x_wconf 80' lang='grc' dir='ltr'><strong>ἐν</strong></span> <span class='ocrx_word' id='word_1_738' title='bbox 3007 4166 3189 4235; x_wconf 79' lang='grc' dir='ltr'><strong>ὺμῖν;</strong></span> <span class='ocrx_word' id='word_1_739' title='bbox 3244 4165 3549 4235; x_wconf 73' lang='grc' dir='ltr'>ψαλλέτω.</span> <span class='ocrx_word' id='word_1_740' title='bbox 3580 4164 3765 4234; x_wconf 73' lang='grc' dir='ltr'>Οὕτως</span> <span class='ocrx_word' id='word_1_741' title='bbox 3825 4168 3886 4218; x_wconf 74' lang='grc' dir='ltr'><strong>τὸ</strong></span> 
     </span>
    </p>
   </div>
   <div class='ocr_carea' id='block_1_97' title="bbox 2310 4257 3885 4330">
    <p class='ocr_par' dir='ltr' id='par_1_97' title="bbox 2310 4257 3885 4330">
     <span class='ocr_line' id='line_1_97' title="bbox 2310 4257 3885 4330; baseline -0.001 -19"><span class='ocrx_word' id='word_1_742' title='bbox 2310 4259 2407 4330; x_wconf 78' lang='grc' dir='ltr'><strong>μὲν</strong></span> <span class='ocrx_word' id='word_1_743' title='bbox 2437 4261 2494 4311; x_wconf 88' lang='lat' dir='ltr'><strong>tv</strong></span> <span class='ocrx_word' id='word_1_744' title='bbox 2517 4260 2655 4329; x_wconf 79' lang='grc' dir='ltr'>αὐτῇ</span> <span class='ocrx_word' id='word_1_745' title='bbox 2706 4258 3018 4327; x_wconf 82' lang='grc' dir='ltr'>ταραχῶδες</span> <span class='ocrx_word' id='word_1_746' title='bbox 3047 4259 3139 4310; x_wconf 73' lang='grc' dir='ltr'><strong>καὶ</strong></span> <span class='ocrx_word' id='word_1_747' title='bbox 3169 4259 3341 4330; x_wconf 80' lang='grc' dir='ltr'>τραχὺ</span> <span class='ocrx_word' id='word_1_748' title='bbox 3381 4257 3476 4310; x_wconf 70' lang='grc' dir='ltr'><strong>καλ⁸</strong></span> <span class='ocrx_word' id='word_1_749' title='bbox 3538 4258 3773 4310; x_wconf 74' lang='grc' dir='ltr'>ἄτακτον</span> <span class='ocrx_word' id='word_1_750' title='bbox 3799 4259 3885 4323; x_wconf 69' lang='lat' dir='ltr'><strong>tE-</strong></span> 
     </span>
    </p>
   </div>
   <div class='ocr_carea' id='block_1_98' title="bbox 2305 4346 3886 4420">
    <p class='ocr_par' dir='ltr' id='par_1_98' title="bbox 2305 4346 3886 4420">
     <span class='ocr_line' id='line_1_98' title="bbox 2305 4346 3886 4420; baseline -0.001 -18"><span class='ocrx_word' id='word_1_751' title='bbox 2305 4349 2643 4420; x_wconf 77' lang='grc' dir='ltr'>ομαλίζεται·</span> <span class='ocrx_word' id='word_1_752' title='bbox 2691 4348 2753 4400; x_wconf 76' lang='grc' dir='ltr'><strong>τὸ</strong></span> <span class='ocrx_word' id='word_1_753' title='bbox 2804 4348 2861 4400; x_wconf 87' lang='grc' dir='ltr'>δὲ</span> <span class='ocrx_word' id='word_1_754' title='bbox 2888 4347 3087 4400; x_wconf 83' lang='grc' dir='ltr'>λυποῦν</span> <span class='ocrx_word' id='word_1_755' title='bbox 3134 4346 3518 4420; x_wconf 87' lang='grc' dir='ltr'>θεραπεύεται,</span> <span class='ocrx_word' id='word_1_756' title='bbox 3569 4346 3886 4416; x_wconf 87' lang='grc' dir='ltr'>ψαλλόντων</span> 
     </span>
    </p>
   </div>
   <div class='ocr_carea' id='block_1_99' title="bbox 2307 4436 3886 4510">
    <p class='ocr_par' dir='ltr' id='par_1_99' title="bbox 2307 4436 3886 4510">
     <span class='ocr_line' id='line_1_99' title="bbox 2307 4436 3886 4510; baseline 0 -18"><span class='ocrx_word' id='word_1_757' title='bbox 2307 4439 2484 4510; x_wconf 65' lang='grc' dir='ltr'>ήμῶν</span> <span class='ocrx_word' id='word_1_758' title='bbox 2513 4441 2647 4495; x_wconf 77' lang='grc' dir='ltr'><strong>ἰνα</strong></span> <span class='ocrx_word' id='word_1_759' title='bbox 2677 4440 2732 4493; x_wconf 82' lang='grc' dir='ltr'><strong>τί</strong></span> <span class='ocrx_word' id='word_1_760' title='bbox 2751 4439 3081 4507; x_wconf 77' lang='grc' dir='ltr'>περίλυπος</span> <span class='ocrx_word' id='word_1_761' title='bbox 3101 4436 3174 4505; x_wconf 77' lang='grc' dir='ltr'>εἴ,</span> <span class='ocrx_word' id='word_1_762' title='bbox 3203 4440 3242 4506; x_wconf 71' lang='grc' dir='ltr'>ἢ</span> <span class='ocrx_word' id='word_1_763' title='bbox 3278 4438 3446 4509; x_wconf 73' lang='grc' dir='ltr'>ψυχή</span> <span class='ocrx_word' id='word_1_764' title='bbox 3468 4456 3606 4509; x_wconf 88' lang='grc' dir='ltr'>μου,</span> <span class='ocrx_word' id='word_1_765' title='bbox 3654 4440 3751 4493; x_wconf 72' lang='grc' dir='ltr'>καὶ</span> <span class='ocrx_word' id='word_1_766' title='bbox 3785 4441 3886 4492; x_wconf 82' lang='grc' dir='ltr'><strong>ἵνα</strong></span> 
     </span>
    </p>
   </div>
   <div class='ocr_carea' id='block_1_100' title="bbox 2239 4531 3885 4621">
    <p class='ocr_par' dir='ltr' id='par_1_100' title="bbox 2239 4531 3885 4621">
     <span class='ocr_line' id='line_1_100' title="bbox 2239 4531 3885 4621; baseline -0.001 -36"><span class='ocrx_word' id='word_1_767' title='bbox 2239 4567 2282 4621; x_wconf 76' lang='lat' dir='ltr'><strong>D</strong></span> <span class='ocrx_word' id='word_1_768' title='bbox 2310 4532 2366 4585; x_wconf 86' lang='grc' dir='ltr'><strong>τί</strong></span> <span class='ocrx_word' id='word_1_769' title='bbox 2396 4531 2842 4602; x_wconf 78' lang='grc' dir='ltr'>συνταράσσεις</span> <span class='ocrx_word' id='word_1_770' title='bbox 2869 4549 2980 4602; x_wconf 65' lang='lat' dir='ltr'><strong>ys;</strong></span> <span class='ocrx_word' id='word_1_771' title='bbox 3011 4534 3120 4586; x_wconf 75' lang='grc' dir='ltr'><strong>Καὶ</strong></span> <span class='ocrx_word' id='word_1_772' title='bbox 3162 4532 3223 4585; x_wconf 84' lang='grc' dir='ltr'><strong>τὸ</strong></span> <span class='ocrx_word' id='word_1_773' title='bbox 3270 4532 3367 4602; x_wconf 82' lang='grc' dir='ltr'>μὲν</span> <span class='ocrx_word' id='word_1_774' title='bbox 3401 4531 3730 4601; x_wconf 75' lang='grc' dir='ltr'>ἐσφαλμένον</span> <span class='ocrx_word' id='word_1_775' title='bbox 3762 4533 3885 4584; x_wconf 73' lang='lat' dir='ltr'><strong>tm.-</strong></span> 
     </span>
    </p>
   </div>
   <div class='ocr_carea' id='block_1_101' title="bbox 2312 4621 3886 4692">
    <p class='ocr_par' dir='ltr' id='par_1_101' title="bbox 2312 4621 3886 4692">
     <span class='ocr_line' id='line_1_101' title="bbox 2312 4621 3886 4692; baseline 0.001 -18"><span class='ocrx_word' id='word_1_776' title='bbox 2312 4621 2574 4691; x_wconf 85' lang='grc' dir='ltr'>γνώσεται</span> <span class='ocrx_word' id='word_1_777' title='bbox 2616 4622 2864 4689; x_wconf 79' lang='grc' dir='ltr'>λέγουσα·</span> <span class='ocrx_word' id='word_1_778' title='bbox 2909 4623 3086 4692; x_wconf 84' lang='grc' dir='ltr'>Ἐμοῦ</span> <span class='ocrx_word' id='word_1_779' title='bbox 3113 4622 3182 4674; x_wconf 79' lang='grc' dir='ltr'>δὲ</span> <span class='ocrx_word' id='word_1_780' title='bbox 3207 4622 3364 4690; x_wconf 77' lang='grc' dir='ltr'>παρὰ</span> <span class='ocrx_word' id='word_1_781' title='bbox 3390 4621 3610 4690; x_wconf 79' lang='grc' dir='ltr'>μικρὸν</span> <span class='ocrx_word' id='word_1_782' title='bbox 3630 4622 3886 4675; x_wconf 75' lang='grc' dir='ltr'>ἐσαλεύ-</span> 
     </span>
    </p>
   </div>
   <div class='ocr_carea' id='block_1_102' title="bbox 2311 4709 3884 4783">
    <p class='ocr_par' dir='ltr' id='par_1_102' title="bbox 2311 4709 3884 4783">
     <span class='ocr_line' id='line_1_102' title="bbox 2311 4709 3884 4783; baseline -0.001 -17"><span class='ocrx_word' id='word_1_783' title='bbox 2311 4714 2510 4779; x_wconf 83' lang='grc' dir='ltr'>θησαν</span> <span class='ocrx_word' id='word_1_784' title='bbox 2533 4714 2587 4766; x_wconf 85' lang='lat' dir='ltr'><strong>ol</strong></span> <span class='ocrx_word' id='word_1_785' title='bbox 2612 4711 2811 4777; x_wconf 73' lang='grc' dir='ltr'>πόδεςο</span> <span class='ocrx_word' id='word_1_786' title='bbox 2847 4713 2907 4767; x_wconf 82' lang='grc' dir='ltr'><strong>τὸ</strong></span> <span class='ocrx_word' id='word_1_787' title='bbox 2936 4713 2993 4765; x_wconf 85' lang='grc' dir='ltr'>δὲ</span> <span class='ocrx_word' id='word_1_788' title='bbox 3022 4711 3258 4783; x_wconf 77' lang='grc' dir='ltr'>φοϐηθὲν</span> <span class='ocrx_word' id='word_1_789' title='bbox 3291 4709 3589 4783; x_wconf 78' lang='grc' dir='ltr'>ὲπιρῤῶσει</span> <span class='ocrx_word' id='word_1_790' title='bbox 3617 4713 3684 4781; x_wconf 83' lang='grc' dir='ltr'>τῇ</span> <span class='ocrx_word' id='word_1_791' title='bbox 3710 4710 3884 4765; x_wconf 79' lang='grc' dir='ltr'>ἑλπίδι</span> 
     </span>
    </p>
   </div>
   <div class='ocr_carea' id='block_1_103' title="bbox 2315 4800 3888 4871">
    <p class='ocr_par' dir='ltr' id='par_1_103' title="bbox 2315 4800 3888 4871">
     <span class='ocr_line' id='line_1_103' title="bbox 2315 4800 3888 4871; baseline -0.001 -16"><span class='ocrx_word' id='word_1_792' title='bbox 2315 4803 2373 4855; x_wconf 88' lang='lat' dir='ltr'><strong>tv</strong></span> <span class='ocrx_word' id='word_1_793' title='bbox 2398 4800 2476 4871; x_wconf 78' lang='grc' dir='ltr'>τῷ</span> <span class='ocrx_word' id='word_1_794' title='bbox 2501 4801 2696 4870; x_wconf 77' lang='grc' dir='ltr'>λέγειν’</span> <span class='ocrx_word' id='word_1_795' title='bbox 2729 4803 2943 4870; x_wconf 83' lang='grc' dir='ltr'>Κύριος</span> <span class='ocrx_word' id='word_1_796' title='bbox 2981 4801 3108 4871; x_wconf 78' lang='grc' dir='ltr'>ἐμοὶ</span> <span class='ocrx_word' id='word_1_797' title='bbox 3132 4801 3378 4868; x_wconf 81' lang='grc' dir='ltr'>βοηθὸς,</span> <span class='ocrx_word' id='word_1_798' title='bbox 3413 4800 3511 4853; x_wconf 80' lang='grc' dir='ltr'>καὶ</span> <span class='ocrx_word' id='word_1_799' title='bbox 3538 4802 3609 4855; x_wconf 88' lang='grc' dir='ltr'>οὺ</span> <span class='ocrx_word' id='word_1_800' title='bbox 3634 4802 3888 4869; x_wconf 73' lang='grc' dir='ltr'>φοϐηθή-</span> 
     </span>
    </p>
   </div>
   <div class='ocr_carea' id='block_1_104' title="bbox 2315 4891 3328 4963">
    <p class='ocr_par' dir='ltr' id='par_1_104' title="bbox 2315 4891 3328 4963">
     <span class='ocr_line' id='line_1_104' title="bbox 2315 4891 3328 4963; baseline 0 -19"><span class='ocrx_word' id='word_1_801' title='bbox 2315 4908 2494 4960; x_wconf 80' lang='grc' dir='ltr'>σομαι</span> <span class='ocrx_word' id='word_1_802' title='bbox 2518 4893 2573 4944; x_wconf 85' lang='grc' dir='ltr'><em>τί</em></span> <span class='ocrx_word' id='word_1_803' title='bbox 2600 4891 2839 4958; x_wconf 82' lang='grc' dir='ltr'>ποιήσει</span> <span class='ocrx_word' id='word_1_804' title='bbox 2869 4910 2968 4963; x_wconf 87' lang='grc' dir='ltr'><strong>μοι</strong></span> <span class='ocrx_word' id='word_1_805' title='bbox 3000 4893 3328 4960; x_wconf 81' lang='grc' dir='ltr'>ἅνθρωπος.</span> 
     </span>
    </p>
   </div>
   <div class='ocr_carea' id='block_1_105' title="bbox 2384 4995 3886 5072">
    <p class='ocr_par' dir='ltr' id='par_1_105' title="bbox 2384 4995 3886 5072">
     <span class='ocr_line' id='line_1_105' title="bbox 2384 4995 3886 5072; baseline 0.002 -24"><span class='ocrx_word' id='word_1_806' title='bbox 2384 4995 2485 5049; x_wconf 86' lang='grc' dir='ltr'>κθ’.</span> <span class='ocrx_word' id='word_1_807' title='bbox 2522 4999 2584 5049; x_wconf 84' lang='lat' dir='ltr'><strong>Ol</strong></span> <span class='ocrx_word' id='word_1_808' title='bbox 2620 4998 2718 5069; x_wconf 83' lang='grc' dir='ltr'><strong>μὲν</strong></span> <span class='ocrx_word' id='word_1_809' title='bbox 2763 4995 2854 5053; x_wconf 78' lang='grc' dir='ltr'><strong>οὖν</strong></span> <span class='ocrx_word' id='word_1_810' title='bbox 2895 5001 2968 5072; x_wconf 85' lang='grc' dir='ltr'><strong>μὴ</strong></span> <span class='ocrx_word' id='word_1_811' title='bbox 2998 4998 3186 5052; x_wconf 79' lang='grc' dir='ltr'>τοῦτον</span> <span class='ocrx_word' id='word_1_812' title='bbox 3229 5000 3319 5052; x_wconf 76' lang='grc' dir='ltr'><strong>τὸν</strong></span> <span class='ocrx_word' id='word_1_813' title='bbox 3360 5000 3560 5070; x_wconf 89' lang='grc' dir='ltr'>τρόπον</span> <span class='ocrx_word' id='word_1_814' title='bbox 3618 5000 3886 5067; x_wconf 81' lang='grc' dir='ltr'>ἀναγινώ-</span> 
     </span>
    </p>
   </div>
   <div class='ocr_carea' id='block_1_106' title="bbox 2316 5086 3885 5157">
    <p class='ocr_par' dir='ltr' id='par_1_106' title="bbox 2316 5086 3885 5157">
     <span class='ocr_line' id='line_1_106' title="bbox 2316 5086 3885 5157; baseline 0.003 -19"><span class='ocrx_word' id='word_1_815' title='bbox 2316 5102 2534 5148; x_wconf 87' lang='grc' dir='ltr'>σκοντες</span> <span class='ocrx_word' id='word_1_816' title='bbox 2566 5086 2666 5149; x_wconf 84' lang='grc' dir='ltr'>τὰς</span> <span class='ocrx_word' id='word_1_817' title='bbox 2700 5087 2849 5151; x_wconf 85' lang='grc' dir='ltr'>θείας</span> <span class='ocrx_word' id='word_1_818' title='bbox 2873 5088 3013 5157; x_wconf 78' lang='grc' dir='ltr'>ᾠδὰς</span> <span class='ocrx_word' id='word_1_819' title='bbox 3040 5089 3100 5141; x_wconf 82' lang='grc' dir='ltr'><strong>ού</strong></span> <span class='ocrx_word' id='word_1_820' title='bbox 3158 5088 3389 5152; x_wconf 88' lang='grc' dir='ltr'>συνετῶς</span> <span class='ocrx_word' id='word_1_821' title='bbox 3423 5088 3733 5156; x_wconf 84' lang='grc' dir='ltr'>ψάλλουσιν,</span> <span class='ocrx_word' id='word_1_822' title='bbox 3770 5090 3885 5142; x_wconf 82' lang='grc' dir='ltr'>ἀλλ’</span> 
     </span>
    </p>
   </div>
   <div class='ocr_carea' id='block_1_107' title="bbox 2316 5179 3884 5252">
    <p class='ocr_par' dir='ltr' id='par_1_107' title="bbox 2316 5179 3884 5252">
     <span class='ocr_line' id='line_1_107' title="bbox 2316 5179 3884 5252; baseline 0.003 -22"><span class='ocrx_word' id='word_1_823' title='bbox 2316 5179 2541 5242; x_wconf 77' lang='grc' dir='ltr'>ἑαυτοὺς</span> <span class='ocrx_word' id='word_1_824' title='bbox 2571 5180 2669 5249; x_wconf 82' lang='grc' dir='ltr'><strong>μὲν</strong></span> <span class='ocrx_word' id='word_1_825' title='bbox 2699 5181 3011 5252; x_wconf 84' lang='grc' dir='ltr'>τέρπουσιν,</span> <span class='ocrx_word' id='word_1_826' title='bbox 3044 5181 3224 5252; x_wconf 77' lang='grc' dir='ltr'>ἔχουσι</span> <span class='ocrx_word' id='word_1_827' title='bbox 3248 5182 3305 5234; x_wconf 86' lang='grc' dir='ltr'>δὲ</span> <span class='ocrx_word' id='word_1_828' title='bbox 3363 5183 3591 5252; x_wconf 79' lang='grc' dir='ltr'>μέμψιν,</span> <span class='ocrx_word' id='word_1_829' title='bbox 3651 5183 3732 5234; x_wconf 86' lang='grc' dir='ltr'>ὅτι</span> <span class='ocrx_word' id='word_1_830' title='bbox 3759 5180 3884 5250; x_wconf 84' lang='grc' dir='ltr'><strong>Οὐχ</strong></span> 
     </span>
    </p>
   </div>
   <div class='ocr_carea' id='block_1_108' title="bbox 2314 5266 3884 5342">
    <p class='ocr_par' dir='ltr' id='par_1_108' title="bbox 2314 5266 3884 5342">
     <span class='ocr_line' id='line_1_108' title="bbox 2314 5266 3884 5342; baseline 0.004 -24"><span class='ocrx_word' id='word_1_831' title='bbox 2314 5268 2522 5337; x_wconf 83' lang='grc' dir='ltr'>ὡραῖος</span> <span class='ocrx_word' id='word_1_832' title='bbox 2552 5266 2720 5336; x_wconf 78' lang='grc' dir='ltr'>αἶνος</span> <span class='ocrx_word' id='word_1_833' title='bbox 2747 5272 2815 5324; x_wconf 80' lang='grc' dir='ltr'><strong>ἐν</strong></span> <span class='ocrx_word' id='word_1_834' title='bbox 2866 5274 3113 5342; x_wconf 81' lang='grc' dir='ltr'>στόματι</span> <span class='ocrx_word' id='word_1_835' title='bbox 3163 5273 3533 5341; x_wconf 72' lang='grc' dir='ltr'>ἀμαρτωλσῦο</span> <span class='ocrx_word' id='word_1_836' title='bbox 3581 5274 3631 5324; x_wconf 77' lang='grc' dir='ltr'>οἱ</span> <span class='ocrx_word' id='word_1_837' title='bbox 3660 5271 3717 5324; x_wconf 79' lang='grc' dir='ltr'>δὲ</span> <span class='ocrx_word' id='word_1_838' title='bbox 3745 5271 3884 5324; x_wconf 82' lang='grc' dir='ltr'>κατὰ</span> 
     </span>
    </p>
   </div>
   <div class='ocr_carea' id='block_1_109' title="bbox 2314 5357 3883 5433">
    <p class='ocr_par' dir='ltr' id='par_1_109' title="bbox 2314 5357 3883 5433">
     <span class='ocr_line' id='line_1_109' title="bbox 2314 5357 3883 5433; baseline 0.001 -23"><span class='ocrx_word' id='word_1_839' title='bbox 2314 5357 2405 5410; x_wconf 81' lang='grc' dir='ltr'>τὸν</span> <span class='ocrx_word' id='word_1_840' title='bbox 2431 5361 2824 5431; x_wconf 84' lang='grc' dir='ltr'>προειρημένον</span> <span class='ocrx_word' id='word_1_841' title='bbox 2852 5363 3047 5433; x_wconf 89' lang='grc' dir='ltr'>τρόπον</span> <span class='ocrx_word' id='word_1_842' title='bbox 3071 5362 3380 5431; x_wconf 80' lang='grc' dir='ltr'>ψάλλοντες,</span> <span class='ocrx_word' id='word_1_843' title='bbox 3412 5360 3550 5415; x_wconf 86' lang='grc' dir='ltr'>ὥστε</span> <span class='ocrx_word' id='word_1_844' title='bbox 3571 5361 3667 5432; x_wconf 84' lang='grc' dir='ltr'>τὴν</span> <span class='ocrx_word' id='word_1_845' title='bbox 3711 5361 3883 5431; x_wconf 83' lang='grc' dir='ltr'>μελῳ-</span> 
     </span>
    </p>
   </div>
   <div class='ocr_carea' id='block_1_110' title="bbox 2315 5447 3886 5526">
    <p class='ocr_par' dir='ltr' id='par_1_110' title="bbox 2315 5447 3886 5526">
     <span class='ocr_line' id='line_1_110' title="bbox 2315 5447 3886 5526; baseline 0.012 -27"><span class='ocrx_word' id='word_1_846' title='bbox 2315 5447 2431 5500; x_wconf 84' lang='grc' dir='ltr'>δίαν</span> <span class='ocrx_word' id='word_1_847' title='bbox 2450 5449 2558 5502; x_wconf 89' lang='grc' dir='ltr'><strong>τῶν</strong></span> <span class='ocrx_word' id='word_1_848' title='bbox 2589 5452 2845 5522; x_wconf 74' lang='grc' dir='ltr'>ῥημάτων</span> <span class='ocrx_word' id='word_1_849' title='bbox 2877 5456 2941 5506; x_wconf 83' lang='grc' dir='ltr'>ὲκ</span> <span class='ocrx_word' id='word_1_850' title='bbox 2971 5453 3063 5507; x_wconf 82' lang='grc' dir='ltr'><strong>τοῦ</strong></span> <span class='ocrx_word' id='word_1_851' title='bbox 3099 5454 3303 5526; x_wconf 74' lang='grc' dir='ltr'>ῥυθμοῦ</span> <span class='ocrx_word' id='word_1_852' title='bbox 3324 5455 3424 5523; x_wconf 81' lang='grc' dir='ltr'>τῆς</span> <span class='ocrx_word' id='word_1_853' title='bbox 3455 5453 3632 5524; x_wconf 77' lang='grc' dir='ltr'>ψυχῆς</span> <span class='ocrx_word' id='word_1_854' title='bbox 3667 5454 3761 5506; x_wconf 60' lang='grc' dir='ltr'><strong>καὶ</strong></span> <span class='ocrx_word' id='word_1_855' title='bbox 3789 5455 3886 5523; x_wconf 79' lang='grc' dir='ltr'><strong>τῆς</strong></span> 
     </span>
    </p>
   </div>
   <div class='ocr_carea' id='block_1_111' title="bbox 2316 5541 3883 5617">
    <p class='ocr_par' dir='ltr' id='par_1_111' title="bbox 2316 5541 3883 5617">
     <span class='ocr_line' id='line_1_111' title="bbox 2316 5541 3883 5617; baseline 0.001 -26"><span class='ocrx_word' id='word_1_856' title='bbox 2316 5541 2450 5610; x_wconf 84' lang='grc' dir='ltr'>πρὸς</span> <span class='ocrx_word' id='word_1_857' title='bbox 2476 5541 2536 5594; x_wconf 83' lang='grc' dir='ltr'><strong>τὸ</strong></span> <span class='ocrx_word' id='word_1_858' title='bbox 2565 5544 2780 5613; x_wconf 82' lang='grc' dir='ltr'>πνεῦμα</span> <span class='ocrx_word' id='word_1_859' title='bbox 2802 5545 3116 5614; x_wconf 80' lang='grc' dir='ltr'>συμφωνίας</span> <span class='ocrx_word' id='word_1_860' title='bbox 3139 5543 3562 5617; x_wconf 73' lang='grc' dir='ltr'>προσφέρεσθαι,</span> <span class='ocrx_word' id='word_1_861' title='bbox 3593 5544 3642 5594; x_wconf 79' lang='lat' dir='ltr'><strong>o&#39;.</strong></span> <span class='ocrx_word' id='word_1_862' title='bbox 3659 5542 3883 5596; x_wconf 75' lang='grc' dir='ltr'>τοιούτοι</span> 
     </span>
    </p>
   </div>
   <div class='ocr_carea' id='block_1_112' title="bbox 717 5628 2196 5722">
    <p class='ocr_par' dir='ltr' id='par_1_112' title="bbox 717 5628 2166 5722">
     <span class='ocr_line' id='line_1_112' title="bbox 717 5628 2166 5722; baseline 0.024 -59"><span class='ocrx_word' id='word_1_863' title='bbox 717 5633 776 5722; x_wconf 53' lang='lat' dir='ltr'><strong>al:</strong></span> <span class='ocrx_word' id='word_1_864' title='bbox 828 5628 983 5722; x_wconf 54' lang='lat'><strong>1.03“.</strong></span> <span class='ocrx_word' id='word_1_865' title='bbox 1037 5645 1200 5722; x_wconf 56' lang='grc' dir='ltr'>χνιὲι,</span> <span class='ocrx_word' id='word_1_866' title='bbox 1241 5628 1497 5722; x_wconf 47' lang='grc' dir='ltr'>δὲῠυνι</span> <span class='ocrx_word' id='word_1_867' title='bbox 1533 5629 1735 5722; x_wconf 51' lang='lat' dir='ltr'><strong>Conon</strong></span> <span class='ocrx_word' id='word_1_868' title='bbox 1759 5673 1772 5699; x_wconf 90' lang='lat'><strong>,</strong></span> <span class='ocrx_word' id='word_1_869' title='bbox 1807 5632 1891 5685; x_wconf 68' lang='grc'>16.</span> <span class='ocrx_word' id='word_1_870' title='bbox 1973 5635 2018 5667; x_wconf 62' lang='grc'>³⁸</span> <span class='ocrx_word' id='word_1_871' title='bbox 2051 5637 2166 5699; x_wconf 84' lang='lat' dir='ltr'><strong>Jac.</strong></span> 
     </span>
    </p>
   </div>
   <div class='ocr_carea' id='block_1_113' title="bbox 2296 5628 3882 5722">
    <p class='ocr_par' dir='ltr' id='par_1_113' title="bbox 2296 5647 3882 5722">
     <span class='ocr_line' id='line_1_113' title="bbox 2296 5647 3882 5722; baseline 0 -20"><span class='ocrx_word' id='word_1_872' title='bbox 2296 5647 2362 5702; x_wconf 74' lang='lat' dir='ltr'><strong>l3.</strong></span> <span class='ocrx_word' id='word_1_873' title='bbox 2443 5651 2488 5682; x_wconf 83' lang='lat'>&quot;</span> <span class='ocrx_word' id='word_1_874' title='bbox 2510 5649 2652 5707; x_wconf 85' lang='lat' dir='ltr'><strong>Psal.</strong></span> <span class='ocrx_word' id='word_1_875' title='bbox 2697 5669 2805 5720; x_wconf 78' lang='lat' dir='ltr'><strong>xu,</strong></span> <span class='ocrx_word' id='word_1_876' title='bbox 2839 5655 2890 5722; x_wconf 85' lang='lat'><strong>6,</strong></span> <span class='ocrx_word' id='word_1_877' title='bbox 2931 5652 3019 5718; x_wconf 75' lang='lat' dir='ltr'><strong>l2;</strong></span> <span class='ocrx_word' id='word_1_878' title='bbox 3054 5670 3185 5720; x_wconf 80' lang='lat' dir='ltr'><strong>ml,</strong></span> <span class='ocrx_word' id='word_1_879' title='bbox 3233 5655 3284 5708; x_wconf 89' lang='lat'><strong>5.</strong></span> <span class='ocrx_word' id='word_1_880' title='bbox 3361 5651 3572 5708; x_wconf 78' lang='lat' dir='ltr'><strong>&quot;Psal.</strong></span> <span class='ocrx_word' id='word_1_881' title='bbox 3608 5663 3776 5720; x_wconf 75' lang='lat' dir='ltr'><strong>uxu,</strong></span> <span class='ocrx_word' id='word_1_882' title='bbox 3827 5649 3882 5703; x_wconf 73' lang='lat'><strong>2.</strong></span> 
     </span>
    </p>
   </div>
   <div class='ocr_carea' id='block_1_114' title="bbox 653 5697 1712 5766">
    <p class='ocr_par' dir='ltr' id='par_1_114' title="bbox 653 5697 1712 5766">
     <span class='ocr_line' id='line_1_114' title="bbox 653 5697 1712 5766; baseline 0.003 -13"><span class='ocrx_word' id='word_1_883' title='bbox 653 5703 694 5734; x_wconf 76' lang='grc'><strong>³⁷</strong></span> <span class='ocrx_word' id='word_1_884' title='bbox 738 5701 880 5755; x_wconf 86' lang='lat' dir='ltr'><strong>Psal.</strong></span> <span class='ocrx_word' id='word_1_885' title='bbox 909 5715 1052 5754; x_wconf 77' lang='lat' dir='ltr'><strong>cxvu</strong></span> <span class='ocrx_word' id='word_1_886' title='bbox 1075 5740 1089 5763; x_wconf 91' lang='lat'><strong>,</strong></span> <span class='ocrx_word' id='word_1_887' title='bbox 1116 5699 1168 5753; x_wconf 87' lang='lat'><strong>6.</strong></span> <span class='ocrx_word' id='word_1_888' title='bbox 1274 5702 1318 5732; x_wconf 79' lang='grc'><strong>³⁸</strong></span> <span class='ocrx_word' id='word_1_889' title='bbox 1343 5697 1506 5754; x_wconf 85' lang='lat' dir='ltr'><strong>Eccli.</strong></span> <span class='ocrx_word' id='word_1_890' title='bbox 1537 5717 1623 5766; x_wconf 77' lang='lat' dir='ltr'><strong>xv,</strong></span> <span class='ocrx_word' id='word_1_891' title='bbox 1660 5701 1712 5756; x_wconf 88' lang='lat'><strong>9.</strong></span> 
     </span>
    </p>
   </div>
   <div class='ocr_carea' id='block_1_115' title="bbox 725 5793 1440 5867">
    <p class='ocr_par' dir='ltr' id='par_1_115' title="bbox 725 5793 1440 5867">
     <span class='ocr_line' id='line_1_115' title="bbox 725 5793 1440 5867; baseline 0.003 -20"><span class='ocrx_word' id='word_1_892' title='bbox 725 5793 836 5860; x_wconf 89' lang='lat' dir='ltr'><strong>(l0)</strong></span> <span class='ocrx_word' id='word_1_893' title='bbox 874 5793 1137 5863; x_wconf 83' lang='grc' dir='ltr'>Εὑθυμία,</span> <span class='ocrx_word' id='word_1_894' title='bbox 1165 5793 1440 5867; x_wconf 87' lang='lat' dir='ltr'><strong>gaudium.</strong></span> 
     </span>
    </p>
   </div>
  </div>
