4032 6434
176 393 235 448 41
1297 386 1631 444 EPISTULA
1672 388 1762 442 AD
1800 384 2317 441 MARCELLINUM.
3360 382 3430 437 42

174 508 439 579 ψάλλουσι
482 510 578 579 μὲν
609 511 674 580 τῇ
706 507 942 578 γλώση,
976 505 1264 575 ψάλλοντες
1289 507 1344 559 δὲ
1399 508 1491 558 καὶ
1540 504 1619 575 τῷ
1646 504 1747 568 νοῒ,

1886 502 1956 555 ibi
1996 502 2196 557 solum.
2235 499 2326 553 scd
2378 496 2541 553 etiam
2597 497 2786 553 audire
2820 513 2915 555 eos
2952 495 3265 555 volentibus
3314 516 3401 554 nia

176 604 237 656 οὐ
276 604 437 673 μόνον
475 604 720 667 ἑαυτοὺς,
751 602 886 655 ἀλλὰ
920 604 1011 655 καὶ
1069 602 1193 664 τοὺς
1244 599 1493 661 θέλοντας
1538 597 1754 651 ἀκούειν

179 692 371 748 αὐτῶν
399 691 649 762 μεγάλως
670 690 988 759 ὠφελοῦσιν.
1028 691 1087 743 Ὀ
1113 688 1241 758 γοῦν
1279 689 1543 758 μακάριος
1573 688 1754 752 Δαεῖιδ,

179 784 351 847 οὕτως
386 783 746 853 καταψάλλων
776 782 869 835 τοῦ
899 782 1089 844 Σαοὺλ,
1137 780 1295 843 αὐτὸς
1354 778 1637 851 εύηρέστει
1679 780 1758 850 τῷ

180 874 321 945 Θεῷ,
357 874 452 927 καὶ
502 874 591 926 τὸν
644 872 879 944 τάραχον
932 872 1025 925 καὶ
1078 871 1138 923 τὸ
1194 870 1418 941 μανικὸν
1463 870 1632 933 πάθος
1663 870 1757 923 τοῦ

183 966 359 1020 Σαοὺλ
408 964 706 1035 ἀπήλαυνε,
765 965 861 1017 καὶ
929 963 1191 1032 γαληνιᾷν
1225 962 1321 1032 τὴν
1372 962 1548 1033 ψυχὴν
1595 962 1759 1015 αὐτοῦ

181 1055 617 1131 παρεσκεύαζεν.
648 1057 831 1119 Ούτως
859 1058 905 1108 οἱ
974 1058 1137 1127 ἱερεῖς
1178 1055 1489 1124 ψάλλοντες,
1524 1058 1603 1120 εἰς
1631 1059 1763 1109 ἀτα-

187 1152 377 1223 ραξίαν
409 1150 509 1213 τὰς
537 1149 711 1219 ψυχὰς
760 1148 866 1201 τῶν
893 1149 1038 1202 λαῶν
1082 1151 1174 1202 καὶ
1207 1152 1285 1212 εἰς
1311 1149 1564 1219 ὁμόνοιαν
1592 1150 1763 1213 αὑτὰς

181 1245 291 1298 τῶν
319 1246 377 1298 ὲν
404 1244 651 1314 οὐρανοῖς
686 1241 1018 1313 χορευόντων
1064 1241 1513 1311 προσεκαλοῦντο.
1555 1242 1628 1295 Τὸ
1655 1242 1764 1313 ἄρα

186 1332 329 1403 μετά
357 1332 550 1403 μέλους
597 1331 849 1400 λέγεσθαι
890 1331 1019 1396 τοὺς
1075 1330 1323 1401 ψαλμοὺς
1355 1332 1456 1383 οὐκ
1500 1329 1645 1384 ἔστιν
1678 1333 1767 1384 εύ-

184 1425 395 1496 ςωνίας
425 1424 647 1495 σπουδὴ,
682 1421 817 1478 ἀλλὰ
847 1426 1146 1496 τεκμήριον
1185 1425 1284 1495 τῆς
1338 1426 1605 1495 ἁρμονίας
1657 1426 1765 1479 τῶν

183 1520 241 1570 ἐν
270 1519 338 1587 τῇ
364 1516 509 1587 ψυχῇ
556 1515 853 1586 λογισμῶν.
884 1517 990 1569 Καὶ
1039 1518 1073 1587 ἡ
1111 1516 1355 1587 ἐμμελὴς
1382 1517 1438 1569 δὲ
1463 1517 1767 1586 ἀνάγνωσις

185 1608 459 1679 σύμϐολόν
485 1611 599 1663 ἐστι
641 1608 741 1678 τῆς
792 1608 1067 1679 εὐρύθμου
1099 1609 1192 1661 καὶ
1236 1611 1568 1681 ἀχειμάστου
1604 1628 1770 1663 κατα-

188 1698 435 1759 στάσεως
457 1698 556 1767 τῆς
585 1697 838 1760 διανοίας.
870 1698 978 1751 Καὶ
1029 1698 1136 1770 γὰρ
1178 1699 1239 1751 τὸ
1274 1702 1442 1753 αίνεῖν
1493 1700 1583 1752 τὸν
1639 1699 1770 1752 Θεὸν

186 1792 245 1842 ἐν
272 1789 572 1861 κυμὸάλοις
591 1791 809 1859 εύήχοις
837 1792 928 1843 καὶ
955 1791 1153 1862 κιθάρα
1184 1792 1277 1844 καὶ
1300 1793 1606 1863 δεκαχόρδῳ
1637 1793 1771 1861 ψαλ-

1859 610 1975 664 gnte
2028 601 2156 646 sunt
2203 591 2439 646 utilitati.
2499 589 2697 645 Beatus
2750 592 2913 660 igitur
2948 589 3136 654 David,
3190 606 3313 645 cum
3365 606 3430 645 eo

1861 685 2024 740 modo
2055 683 2206 739 Sauli
2235 684 2510 753 psalleret,
2545 698 2649 735 non
2685 682 2861 736 solum
2907 680 3017 736 Deo
3047 682 3310 751 placebat.
3336 682 3430 736 sed

1860 789 1914 833 et
1976 780 2441 850 perturbationem
2508 788 2562 832 et
2615 776 2824 831 furoris
2865 778 3115 832 morbum
3151 794 3214 832 ex
3271 777 3435 831 Saule

1861 870 2125 939 abigebat,
2156 869 2487 939 parabatque
2519 868 2664 922 illius
2685 868 2880 922 animae
2904 869 3347 938 tranquillitatem
3367 869 3431 919 ”.

1864 959 1937 1013 Ita
1978 975 2197 1030 quoque
2242 960 2556 1015 sacerdotes
2582 960 2711 1013 dum
2757 958 3070 1028 psallerent,
3104 959 3431 1029 populorum

1866 1054 2077 1107 animos
2106 1054 2171 1107 ad
2197 1054 2641 1123 tranquillitatem
2658 1052 2997 1105 advocabant
3024 1061 3079 1105 et
3108 1052 3172 1105 ad
3205 1066 3433 1106 concor-

1866 1146 2009 1200 diam
2044 1160 2167 1199 cum
2206 1146 2270 1201 iis
2312 1147 2403 1216 qui
2452 1146 2504 1198 in
2558 1144 2712 1199 emlis
2761 1144 2989 1198 choreas
3042 1151 3225 1212 agunt.
3280 1141 3436 1208 Quod

1867 1237 2049 1306 itaque
2094 1252 2218 1291 cum
2261 1236 2634 1291 modulatione
2678 1235 2872 1305 psalmi
2920 1235 3193 1301 dicantur,
3227 1235 3281 1289 id
3328 1250 3437 1288 non

1868 1329 1928 1382 tit
1962 1345 2026 1382 ex
2051 1329 2234 1383 suavis
2257 1338 2557 1382 concentus
2586 1328 2788 1389 studio,
2826 1328 2919 1382 sed
2950 1326 3163 1397 signum
3200 1335 3283 1380 est
3309 1326 3439 1380 har-

1868 1420 2063 1473 monia:
2105 1419 2494 1488 cogitationum
2528 1420 2741 1474 animae.
2794 1416 3231 1489 llarmonicaque
3281 1418 3442 1472 lectio

1870 1510 2131 1565 indicium
2163 1520 2247 1566 est
2289 1512 2485 1565 animae
2532 1520 2676 1564 recte
2712 1509 3029 1579 compositae
3082 1519 3247 1578 atque
3292 1520 3441 1563 tran-

1870 1606 2072 1675 quillze.
2106 1603 2317 1659 Etenim
2343 1603 2513 1657 Deum
2543 1602 2765 1657 laudare
2806 1602 2859 1655 in
2897 1601 3161 1673 cymbalis
3191 1602 3328 1657 bene
3352 1617 3444 1656 so-

1872 1699 2149 1760 nantibus,
2182 1698 2236 1751 in
2288 1698 2500 1752 cithara
2544 1705 2598 1750 et
2654 1694 2997 1750 derachordo
3050 1692 3308 1764 psalterio
3358 1693 3445 1755 ”.

1873 1801 2253 1862 argumentum
2295 1790 2426 1844 illud
2482 1801 2601 1845 erat
2662 1798 2715 1844 et
2778 1789 2993 1858 signum
3033 1786 3279 1840 membra
3327 1799 3448 1840 cor-

189 1883 388 1953 τηρίῳ,
420 1882 481 1934 σύ
492 1882 687 1951 μ6ολον
708 1881 867 1934 πάλιν
885 1878 950 1951 ἦν
968 1883 1061 1934 καὶ
1088 1885 1413 1953 σημαντικὸν
1436 1885 1527 1937 τοὺ
1558 1889 1773 1953 συγκεῖ-

1882 1886 2042 1956 poris,
2076 1886 2248 1939 instar
2275 1885 2628 1947 chordarum,
2662 1883 2763 1936 ritc
2788 1879 3091 1951 composita
3119 1894 3263 1942 esse.
3297 1880 3447 1949 cogi-

192 1974 319 2027 σθαι
345 1976 442 2045 μὲν
475 1976 719 2045 νομίμως
754 1974 821 2027 τὰ
846 1973 979 2045 μέλη
1027 1974 1121 2027 τοῦ
1158 1975 1407 2046 σώματος
1435 1978 1510 2041 ὡς
1553 1978 1770 2048 χορδάς,

190 2068 319 2130 τοὺς
349 2067 404 2119 δὲ
437 2066 731 2137 λογισμοὺς
759 2066 858 2136 τῆς
888 2064 1067 2136 ψυχῆς
1088 2066 1163 2128 ὡς
1202 2066 1457 2137 κύμϐαλα
1503 2070 1770 2138 γίνεσθαι,

191 2162 288 2214 καὶ
319 2159 503 2213 λοιπὸν
536 2162 603 2231 τῇ
653 2160 758 2231 ὴχῇ
804 2160 898 2213 καὶ
951 2161 1029 2232 τῷ
1065 2160 1292 2232 νεύματι
1340 2160 1433 2213 τοῦ
1469 2163 1776 2233 πνεύματος

191 2253 366 2307 ταῦτα
398 2253 571 2307 πάντα
600 2252 861 2305 κινεῖσθαι
897 2254 987 2305 καὶ
1031 2252 1149 2323 ζῇψ
1201 2253 1365 2317 ὥστε,
1420 2256 1558 2309 κατὰ
1600 2256 1661 2308 τὸ
1685 2274 1777 2325 γε-

191 2343 534 2416 γραμμένον,
567 2342 649 2409 τῷ
676 2344 966 2412 πνεύματι
1018 2343 1123 2396 τὸν
1152 2344 1464 2413 ἄνθρωπον
1496 2344 1601 2414 ζῇν
1638 2347 1774 2415 μὲν,

192 2437 294 2492 καὶ
324 2437 430 2501 τὰς
462 2435 708 2505 πράξεις
752 2436 857 2489 τοῦ
907 2435 1182 2504 σώματος
1244 2438 1559 2491 θανατοῦν.
1592 2438 1778 2504 Οὕτως

192 2529 304 2600 γάρ
332 2528 426 2581 καὶ
456 2526 635 2590 καλῶς
659 2526 875 2595 ψάλλων
922 2527 1176 2599 ῥυθμίζει
1229 2529 1327 2600 τὴν
1361 2530 1539 2600 ψυχὴν
1586 2531 1775 2597 αὑτοῦ,

193 2621 291 2674 καὶ
323 2618 512 2691 ῶσπερ
537 2617 596 2683 ἐξ
624 2618 940 2690 ἀνισότητος
965 2622 1044 2683 εἰς
1075 2620 1295 2691 ἰσότητα
1338 2621 1481 2689 ἄγει·
1535 2621 1672 2674 ὥστε
1720 2623 1778 2675 ὲν

192 2710 276 2783 τῷ
314 2710 455 2764 κατὰ
490 2708 651 2779 φύσιν
691 2710 859 2781 αὐτὴν
886 2711 1177 2781 ἑστηκυῖαν
1228 2711 1304 2783 μὴ
1348 2713 1625 2766 πτοεῖσθαι
1674 2714 1779 2767 ὑπό

190 2817 361 2864 τινος,
395 2799 531 2853 ἀλλὰ
582 2802 677 2853 καὶ
734 2801 935 2870 μᾶλλον
976 2802 1334 2870 εύφαντάσιον
1387 2805 1652 2873 γίνεσθαι,
1688 2808 1781 2860 καὶ

193 2893 360 2945 πλέον
387 2892 554 2963 αὐτὴν
587 2892 887 2962 λαμϐάνειν
942 2894 1105 2948 πόθον
1144 2894 1252 2947 τῶν
1304 2896 1607 2967 μελλόντων
1639 2901 1780 2967 ἁγα-

193 2983 328 3037 θῶν.
354 2980 431 3051 Τῇ
455 2983 565 3053 γὰρ
604 2982 711 3035 τῶν
746 2984 1005 3055 ῥημάτων
1055 2984 1290 3057 μελῳδίᾳ
1336 2988 1780 3062 συνδιατιθεμὲνη

192 3074 613 3130 ἐπιλανθάνεται
676 3076 785 3130 τῶν
852 3075 1040 3130 παθῶν
1066 3119 1080 3143 ,
1156 3078 1252 3132 καὶ
1319 3080 1586 3149 χαίρουσα
1661 3081 1783 3151 βλέ-

194 3184 294 3220 πει
328 3168 466 3239 πρὸς
502 3168 593 3222 τὸν
635 3168 758 3223 νοῦν
798 3170 892 3223 τὸν
934 3172 992 3223 ἐν
1042 3170 1291 3242 Χριστῷ,
1351 3172 1673 3247 λογιζομένη
1719 3176 1785 3231 τὰ
1813 3206 1856 3264 C

198 3261 474 3332 βέλτιστα.

271 3354 334 3408 λ’.
363 3354 455 3406 Δεῖ
485 3351 685 3419 τοίνυν,
724 3346 770 3405 ὦ
794 3350 1004 3417 τέκνον,
1046 3354 1154 3406 τῶν
1182 3354 1616 3425 ἐντυγχανόντων
1658 3358 1788 3411 ’ἐκα-

198 3462 330 3499 στον
348 3444 525 3518 ταύτῃ
567 3448 633 3517 τῇ
684 3444 849 3516 βίόλῳ
886 3446 1234 3516 ἐντυγχάνειν
1291 3449 1388 3517 μὲν
1443 3449 1614 3503 ἅπασι
1652 3467 1788 3522 γνη-

198 3539 335 3600 σίως
356 3541 468 3601 τοῖς
496 3540 555 3590 ὲν
582 3538 717 3609 αὐτῇ
753 3538 1132 3601 θεοπνεύστοις
1186 3532 1342 3605 οὖσι,
1400 3540 1697 3610 λαμόάνειν
1733 3542 1789 3595 δὲ

199 3633 393 3686 λοιπὸν
414 3634 511 3685 ἀπ’
536 3632 713 3687 αὐτῶν
757 3633 834 3697 ὡς
887 3635 952 3685 ὲκ
1002 3633 1334 3703 παραδείσου
1383 3634 1611 3704 καρπῶν
1643 3633 1788 3701 ὠφε-

201 3725 374 3787 λείας,
428 3725 565 3797 πρὸς
623 3723 652 3776 ὃ
704 3724 803 3795 τὴν
852 3724 1041 3795 χρείαν
1094 3724 1283 3779 ἑαυτὸν
1345 3724 1537 3795 ἔχοντα
1568 3726 1785 3797 συνορᾷ.

216 3817 489 3889 Ἠγοῦμαι
509 3818 619 3888 γὰρ
651 3817 708 3870 ὲν
733 3818 943 3882 τούτοις
964 3820 1077 3881 τοῖς
1102 3816 1281 3887 λόγοις
1306 3818 1404 3889 τῆς
1463 3816 1649 3886 βίϐλου
1699 3817 1788 3870 τὸν

205 3910 386 3964 πάντα
414 3909 528 3980 βίον
556 3910 662 3962 τῶν
686 3910 1008 3981 ἀνθρώπων,
1060 3910 1157 3974 τάς
1214 3926 1272 3963 τε
1324 3908 1421 3980 τῆς
1460 3909 1636 3981 ψυχῆς
1684 3909 1792 3962 δια-

206 3998 406 4062 θέσεις,
443 4000 537 4052 καὶ
566 3998 635 4051 τά
668 4000 776 4052 τῶν
802 3999 1079 4071 λογισμῶν
1108 4000 1380 4069 κινήματα
1415 3998 1789 4069 μεμετρῆσθαι

206 4091 304 4145 καὶ
323 4087 694 4160 περιέχεσθαι·
732 4090 824 4141 καὶ
852 4088 1017 4158 μηδὲν
1040 4087 1200 4140 πλέον
1227 4087 1433 4140 τούτων
1481 4089 1538 4140 ὲν
1584 4086 1792 4158 ἀνθρὼ-

207 4197 333 4247 ¹ιῐοις
354 4181 724 4253 εὑρίσκεσθαι.
750 4180 873 4235 Εἴτε
905 4180 1015 4254 γὰρ
1060 4180 1343 4252 μετανοίας
1379 4180 1412 4251 ἢ
1468 4179 1792 4251 ἐξομολογή-

209 4291 349 4338 σεως
385 4273 567 4346 χρεία,
622 4272 655 4343 ἢ
706 4271 883 4341 θλίψις
929 4274 1022 4326 καὶ
1075 4272 1376 4344 πειρασμὸς
1407 4270 1788 4343 κατέλαϐεν,ῆ

206 4366 443 4437 ’ἰδιώχθη
470 4383 575 4429 τις,
632 4366 727 4419 καὶ
774 4364 806 4436 ἢ
860 4364 1339 4436 ἐπιϐουλευόμενος
1360 4364 1620 4437 ὲρῤύσθη,
1655 4366 1702 4417 εί
1734 4363 1792 4418 δὲ

209 4460 307 4513 καὶ
330 4459 630 4528 περίλυπός
654 4475 736 4522 τις
763 4458 986 4527 γέγονεν
1027 4460 1121 4512 καὶ
1160 4459 1505 4529 ταράττεται,
1547 4458 1639 4511 καὶ
1687 4457 1793 4532 πά-

1877 1977 2218 2046 tationesque
2254 1977 2451 2030 anima:
2480 1976 2621 2031 sicut
2663 1974 2908 2046 cymbala
2954 1988 3094 2037 esse,
3128 1987 3193 2027 ac
3216 1972 3450 2040 denique

1877 2083 2034 2136 sono,
2089 2078 2143 2123 et
2174 2076 2307 2123 nutu
2353 2068 2580 2138 spiritus
2627 2066 2740 2121 hzec
2780 2066 2963 2120 omnia
3018 2064 3225 2119 moveri
3269 2074 3324 2119 et
3370 2063 3444 2117 vi-

1878 2175 2033 2225 vere;
2068 2174 2131 2214 ac
2165 2158 2411 2228 proinde,
2441 2157 2741 2212 secundum
2769 2155 2913 2226 quod
2955 2156 3218 2225 scriptum
3249 2167 3332 2211 est
3366 2156 3405 2188 ³¹
3432 2195 3448 2218 ,

1876 2254 2067 2322 spiritu
2115 2252 2323 2322 quidem
2376 2252 2634 2305 hominem
2691 2252 2876 2316 virere,
2925 2259 2975 2304 et
3019 2250 3164 2319 facta
3217 2249 3450 2317 corporis

1879 2342 2219 2411 mortiﬁcare.
2257 2341 2621 2408 Quamobrem
2654 2342 2748 2411 qui
2784 2351 2927 2396 recte
2978 2342 3177 2411 psallit,
3212 2341 3451 2395 animam

1880 2451 2032 2490 suam
2061 2436 2357 2505 camponit,
2383 2445 2434 2489 et
2476 2435 2634 2504 quasi
2672 2448 2737 2488 ex
2769 2433 3141 2503 inmqualitate
3173 2432 3240 2487 ad
3271 2449 3454 2503 arqua-

1879 2527 2084 2582 litatem
2122 2525 2379 2590 adducit;
2412 2527 2484 2579 ita
2519 2534 2575 2579 ut
2626 2525 2924 2580 secundum
2976 2532 3230 2579 naturam
3265 2524 3454 2579 consi-

1880 2629 2029 2675 stens
2064 2635 2093 2672 a
2130 2619 2278 2673 nullo
2311 2627 2697 2688 perterreatur,
2737 2618 2869 2688 quin
2916 2618 3099 2689 potius
3151 2616 3455 2687 phantasiis

1883 2713 2177 2783 tranquilla
2228 2713 2440 2770 evadat.
2500 2722 2553 2766 et
2601 2713 2793 2780 majori
2828 2712 3136 2766 futurorum
3186 2710 3456 2766 desiderio

1882 2804 2171 2861 afﬁciatur.
2230 2802 2523 2860 Sacrorum
2579 2819 2816 2873 namque
2870 2804 3160 2859 verborum
3214 2802 3459 2857 modula—

1885 2900 2032 2954 tione
2080 2908 2228 2954 recte
2263 2900 2588 2969 composita,
2632 2899 2951 2968 passionum
3009 2915 3231 2953 suarum
3265 2898 3460 2954 oblivi-

1885 2991 2089 3052 scitur.
2120 3000 2174 3045 et
2206 2991 2326 3045 lteta
2369 2990 2591 3059 respicit
2626 2991 2691 3043 ad
2737 2991 3070 3047 intellectum
3112 3005 3303 3046 eorum
3337 3006 3459 3063 quae

1886 3090 2014 3137 sunt
2041 3082 2095 3136 in
2120 3080 2363 3147 Christo,
2394 3082 2596 3151 optima
2631 3097 2860 3153 quaeque
2893 3083 3158 3153 cositans.

1958 3366 2045 3421 '50.
2077 3364 2301 3435 Oportet
2326 3365 2512 3436 igitur,
2539 3381 2571 3419 ο
2596 3366 2670 3421 illi
2692 3407 2707 3431 ,
2731 3377 2790 3421 ut
2817 3368 3068 3438 quisquis
3089 3368 3235 3426 hunc
3258 3369 3458 3426 librum

1888 3459 2037 3528 legit,
2072 3459 2212 3528 legat
2247 3458 2467 3528 quidem
2514 3459 2727 3514 sincere
2775 3468 2829 3514 et
2859 3460 3030 3529 probo
3057 3462 3243 3516 animo
3276 3463 3462 3521 omnia

1890 3562 2011 3617 qua:
2038 3547 2091 3600 in
2124 3545 2215 3599 illo
2247 3545 2533 3606 habentur.
2570 3554 2753 3616 utpote
2784 3546 3045 3604 divinitus
3076 3550 3359 3619 inspirata,
3397 3565 3463 3607 ac

1890 3639 2110 3692 domum
2150 3654 2214 3692 ex
2247 3638 2374 3703 illis,
2414 3638 2577 3693 veluti
2624 3654 2687 3694 ex
2723 3640 2865 3696 horti
2899 3640 3192 3707 fructibus,
3240 3658 3336 3699 eos
3368 3644 3437 3700 de

1889 3740 2075 3800 cerpat
2111 3746 2251 3800 quos
2290 3730 2393 3785 sibi
2443 3732 2606 3786 utiles
2651 3742 2703 3786 et
2753 3733 3177 3790 necessitatibus
3227 3737 3343 3791 suis
3372 3753 3435 3792 ac

1890 3821 2209 3876 commodos
2235 3835 2355 3875 esse
2398 3823 2756 3891 perspexerit.
2807 3820 3076 3878 Existimo
3122 3839 3360 3894 namque
3406 3825 3460 3879 in

1892 3912 2123 3983 hujusce
2162 3910 2283 3965 libri
2313 3910 2514 3977 verbis,
2560 3926 2777 3968 omnem
2820 3912 3116 3969 humanam
3146 3915 3314 3970 vitam
3346 3917 3465 3971 ani-

1892 4020 2102 4075 mmque
2134 4004 2468 4068 aﬂ‘ectiones,
2523 4006 3022 4077 cogitationumque
3078 4018 3257 4063 motus
3290 4011 3464 4064 conti-

1892 4101 2008 4155 neri
2041 4109 2203 4169 atque
2230 4097 2488 4160 describi,
2533 4098 2777 4167 nihilque
2811 4100 2878 4153 iis
2914 4099 3148 4169 amplius
3185 4100 3239 4153 in
3284 4101 3461 4154 homi-

1893 4192 2054 4245 nibus
2089 4188 2338 4259 reperiri.
2381 4185 2515 4240 Nam
2557 4187 2671 4241 sive
2711 4188 3029 4256 paenitentia
3082 4188 3196 4244 sive
3250 4188 3466 4245 confes-

1893 4284 2050 4338 sione
2085 4283 2157 4338 sit
2188 4297 2344 4351 opus.
2396 4281 2511 4334 sive
2547 4279 2825 4334 tribulatio
2868 4289 2963 4336 aut
3015 4281 3239 4337 lentatio
3276 4297 3467 4352 appre-

1894 4373 2163 4436 henderit.
2200 4373 2314 4427 sive
2359 4373 2485 4442 quis
2531 4370 2962 4443 persecutionem
3005 4386 3221 4441 passus,
3252 4372 3366 4427 sive
3398 4374 3468 4429 ab

1895 4466 2111 4521 insidiis
2141 4466 2425 4529 liberatus,
2462 4467 2577 4521 sive
2602 4474 2833 4520 moestus
2869 4471 2963 4518 aut
2987 4464 3236 4520 turbatus
3256 4465 3346 4527 sit.
3374 4476 3469 4521 aut

213 4568 332 4623 σχει
359 4569 412 4604 τι
445 4549 705 4615 τοιοῦτον,
730 4544 840 4603 οἷον
869 4554 927 4603 ὲν
958 4553 1070 4613 τοῖς
1126 4550 1432 4621 ἔμπροσθεν
1464 4550 1699 4622 εἴρηται,

1897 4557 2101 4627 aliquid
2145 4557 2457 4627 hujusmodi
2488 4559 2745 4628 patiatur,
2795 4556 3253 4626 quemadmodum
3302 4573 3468 4627 supe-

212 4645 307 4699 καὶ
348 4644 549 4714 συνορᾷ
573 4641 761 4695 ἑαυτὸν
811 4641 909 4712 μὲν
958 4643 1353 4712 προκόπτοντα,
1386 4643 1476 4694 τὸν
1513 4643 1570 4695 δὲ
1602 4641 1793 4713 ἐχθρὸν

212 4731 680 4805 καταργούμενον,
707 4731 741 4803 ἢ
777 4732 871 4784 καὶ
902 4732 1107 4786 αἰνέσαι
1137 4733 1228 4785 καὶ
1254 4734 1668 4805 εὐχαριστήσαι,
1700 4732 1795 4787 καὶ

212 4827 506 4898 εὐλογῆσαι
562 4825 806 4896 βούλεται
863 4827 953 4878 τὸν
1000 4827 1220 4896 Κύριον,
1262 4826 1375 4898 ἔχει
1404 4828 1501 4899 τὴν
1543 4828 1795 4881 διδασκα-

212 4920 337 4974 λίαν
360 4919 567 4974 τούτων
603 4920 661 4971 ὲν
693 4923 803 4983 τοῖς
838 4917 1003 4983 θείοις
1033 4919 1286 4991 ψαλμοῖς.
1333 4920 1668 4990 Ἐκλεγέσθω
1687 4921 1795 4993 γὰρ

212 5014 280 5067 τά
309 5014 368 5067 ὲν
391 5014 577 5076 αὐτοῖς
603 5012 728 5081 περὶ
755 5010 985 5067 ἑκάστου
1017 5011 1220 5066 τούτων
1243 5013 1528 5085 εἰρημένα,
1566 5015 1659 5068 καὶ
1708 5013 1797 5067 οὖ-

212 5124 323 5170 τως
353 5105 431 5169 ὡς
464 5106 593 5176 περὶ
621 5103 811 5157 ἑαυτοῦ
844 5104 1199 5176 γεγραμμένα
1226 5106 1417 5175 λέγων,
1458 5107 1553 5159 καὶ
1580 5108 1796 5161 συνδια-

214 5196 500 5264 τιθὲμενος
525 5197 637 5257 τοῖς
660 5196 1085 5266 γεγραμμένοις,
1118 5198 1380 5269 ἀναφέρει
1411 5196 1487 5267 τῷ
1517 5197 1723 5269 Κυρίῳ.

286 5284 389 5338 λα’.
424 5286 515 5357 Μὴ
547 5285 918 5357 περισαλλέτω
946 5287 1125 5357 μέντοι
1158 5306 1241 5352 τις
1270 5290 1408 5343 αὐτὰ
1460 5293 1570 5353 τοῖς
1600 5289 1797 5354 ἔξωθεν

218 5378 466 5441 πιθανοῖς
500 5380 727 5449 ῥήμασι,
759 5379 892 5449 μηδὲ
921 5380 1226 5450 πειραζέτω
1267 5381 1366 5445 τὰς
1418 5382 1589 5449 λέξεις
1632 5400 1796 5453 μετα-

220 5469 447 5540 ποιεῖνῆ
494 5470 630 5534 ὅλως
661 5471 1025 5526 ἐναλλάσσειν·
1080 5472 1193 5526 ἀλλ’
1223 5472 1393 5537 οὕτως
1447 5474 1684 5545 ἀτεχνῶς
1726 5474 1796 5527 τά

217 5560 585 5631 γεγραμμένα
614 5560 819 5629 λεγέτω
875 5562 969 5615 καὶ
1005 5562 1273 5631 ψαλλέτω,
1335 5563 1524 5636 ῶσπερ
1561 5565 1793 5636 εἴρηται,

222 5653 361 5724 ὑπὲρ
386 5651 478 5706 τοῦ
514 5654 607 5708 καὶ
656 5654 781 5718 τοὺς
812 5654 1234 5726 διακονήσαντας
1288 5654 1606 5728 ἀνθρώπους
1659 5656 1799 5709 αὐτὰ

290 5808 340 5840 ⁸⁸
369 5810 384 5864 Ι
418 5807 548 5878 Reg.
592 5826 681 5863 xv:
707 5850 723 5873 ,
761 5809 852 5864 23.
958 5812 1002 5844 ³⁸
1056 5810 1198 5867 Psal.
1239 5826 1322 5880 CL,
1368 5812 1484 5868 “5—5.

466 5900 739 5962 Panos.
772 5901 889 5961 Gn.
930 5903 1190 5964 XXVII.

1897 4645 2012 4703 rius
2041 4647 2244 4703 dictum
2271 4657 2385 4713 est,
2424 4657 2519 4703 aut
2560 4649 2605 4703 si
2648 4646 2793 4702 videt
2836 4661 2894 4702 se
2933 4646 3149 4717 quidem
3182 4647 3467 4718 proﬁcere,

1899 4737 2108 4793 hostem
2155 4754 2285 4792 vero
2338 4738 2569 4801 destrui,
2624 4738 2739 4792 sive
2796 4736 3054 4801 laudare,
3100 4736 3215 4792 sive
3264 4737 3465 4805 gratias

1896 4847 2077 4901 agere,
2109 4832 2223 4887 sive
2255 4830 2486 4886 Domino
2530 4830 2851 4886 benedicere
2878 4831 3029 4894 velit,
3074 4831 3234 4886 habet
3275 4832 3469 4885 horum

1896 4924 2201 4981 doctrinam
2251 4925 2305 4978 in
2359 4924 2561 4979 divinis
2598 4923 2841 4994 psalmis.
2892 4920 3044 4978 Licet
3089 4924 3231 4979 enim
3288 4923 3362 4977 illi
3413 4922 3467 4977 in

1898 5016 2153 5088 singulis,
2201 5014 2345 5085 quod
2401 5015 2633 5071 voluerit
2675 5030 2742 5069 ex
2787 5014 3115 5085 supradictis
3160 5015 3381 5085 eligere,
3416 5023 3472 5069 et

1898 5109 2053 5178 quasi
2088 5108 2155 5162 de
2187 5123 2245 5163 se
2273 5108 2417 5163 dicta
2458 5116 2661 5172 essent,
2713 5122 2774 5161 ea
2816 5108 3082 5171 recitare;
3143 5122 3207 5165 ac
3249 5108 3471 5177 perinde

1899 5198 2149 5253 aﬂ‘ectum
2174 5209 2336 5269 atque
2356 5200 2619 5269 scriptum
2658 5207 2764 5265 est,
2796 5214 2857 5254 ea
2888 5198 3004 5268 ipsa
3036 5198 3144 5254 Deo
3178 5198 3395 5254 referte.

1969 5288 2057 5342 51.
2100 5286 2177 5344 Ne
2206 5290 2331 5359 quis
2367 5297 2547 5343 autem
2579 5303 2643 5344 ea
2672 5288 2953 5344 saecularis
2997 5290 3317 5358 eloquentiae
3348 5303 3472 5343 ver-

1897 5380 1983 5437 bis
2012 5396 2275 5436 exornare
2324 5381 2689 5452 aggrediatur,
2728 5396 2904 5452 neque
2937 5392 3161 5436 conetur
3198 5381 3469 5450 quispiam

1904 5473 2043 5527 dicta
2105 5483 2484 5541 transponere,
2538 5482 2631 5529 aut
2678 5472 2951 5529 ullatenus
2999 5473 3321 5539 immutare;
3374 5472 3468 5527 sed

1905 5567 2022 5619 sine
2064 5564 2173 5619 ullo
2214 5564 2469 5629 artiﬁcio,
2517 5574 2676 5634 prout
2701 5564 2845 5620 dicta
2890 5574 3041 5629 sunt,
3070 5578 3132 5617 ea
3175 5564 3384 5625 recitet,
3415 5572 3470 5617 et

1904 5657 2120 5728 psallat,
2154 5667 2211 5712 ut
2250 5658 2423 5713 sancti
2453 5658 2575 5722 viri,
2604 5656 2697 5727 qui
2737 5671 2802 5713 ea
2852 5656 2969 5728 ipsa
3004 5655 3181 5725 nobis,
3217 5664 3274 5712 ut
3307 5653 3471 5708 mini-

1582 5812 1624 5844 ³¹
1686 5809 1846 5865 Rom.
1894 5824 2023 5875 vut,
2080 5811 2167 5866 15.

3198 5906 3237 5965 2
