4032 6422
644 372 717 424 ιδ
1495 376 1554 429 S.
1594 374 1961 432 ATIIANASII
1998 378 2151 435 OPP.
2192 379 2371 435 PARS
2405 378 2491 436 Ill.
2535 411 2605 421 —-
2642 381 3049 441 EXEGETICA.
3790 392 3866 446 u

642 488 762 551 sui,
812 485 1097 549 tradidere,
1144 500 1239 541 sua
1277 498 1635 556 agnoscentes
1678 492 1863 555 verba,
1912 493 2169 547 nobiscun

2298 494 2750 564 ἐπιγινώσκοντες
2774 499 2833 551 τὸ
2856 499 3060 552 ἐαυτῶν
3094 500 3444 571 συνεύχεσθαι
3475 503 3628 574 ἡμῖν’
3659 505 3865 575 μᾶλλον

640 588 824 647 orent;
854 579 964 633 imo
999 577 1178 648 potius
1214 587 1272 632 ut
1314 577 1570 648 Spiritus,
1600 582 1693 651 qui
1730 581 1782 635 in
1814 586 2016 638 sanctis
2043 585 2169 640 locu

2294 586 2349 638 δὲ
2384 586 2467 638 ἶνα
2491 588 2583 639 καὶ
2610 588 2670 640 τὸ
2690 588 2909 659 Πνεῦμα
2937 590 2997 642 τὸ
3020 590 3253 661 λαλῆσαν
3288 593 3345 644 ἐν
3366 595 3478 648 τοῖς
3499 595 3695 662 ἁγίοις,
3723 597 3862 654 θεω-

637 677 725 723 tus
752 677 855 731 est,
900 666 973 720 ibi
1016 667 1356 735 conspiciens
1399 669 1563 723 verba
1608 685 1705 724 sua
1750 671 1857 726 illis
1906 672 2166 743 inspirata

2296 676 2421 749 ροῦν
2440 679 2564 741 τοὺς
2592 682 2721 751 παρ’
2744 680 2905 734 αὑτοῦ
2965 682 3154 749 λόγους
3192 683 3551 752 ἐνηχηθέντας
3606 687 3859 752 ἐκείνοις.

635 758 794 813 nobis
824 756 1132 826 opituletur.
1158 756 1369 822 Quanto
1399 759 1545 813 enim
1579 763 1923 829 praestantior
1955 775 2039 820 est
2064 782 2169 820 sane

2294 770 2850 839 συναντιλαμὸάνηται
2897 775 3046 842 ἡμῖν.
3105 773 3252 844 Ὃσῳ
3303 774 3410 846 γὰρ
3462 777 3571 829 τῶν
3622 776 3798 846 άγίων
3830 782 3863 833 6

634 859 845 905 ctorum
878 848 986 902 vita
1008 848 1236 902 aliorum
1253 849 1378 914 vita,
1413 858 1563 905 tanto
1594 853 1972 911 excellentiora
1998 872 2169 913 eorun

2292 858 2403 928 βίος
2428 859 2645 929 βελτίων
2679 862 2785 914 τῶν
2811 861 2983 915 ἄλλων
3027 864 3164 926 ἐστὶ,
3196 864 3435 933 τοσούτῳ
3472 866 3566 918 καὶ
3602 868 3671 920 τά
3724 870 3857 941 παρ’

632 940 797 996 verba
840 939 1182 995 sermonibus
1235 942 1457 1006 nostris,
1511 951 1672 1011 atque
1705 942 2013 1001 efﬁcaciora
2067 962 2169 1003 esse

2288 949 2464 1002 αὐτῶν
2488 953 2705 1020 ῥήματα
2734 952 2842 1005 τῶν
2869 956 2993 1023 παρ’
3012 955 3165 1024 ἡμῶν
3189 956 3581 1027 συντιθεμένων
3607 959 3859 1029 βελτίονα

629 1032 752 1101 jure
798 1032 922 1100 quis
952 1030 1171 1085 dixerit.
1221 1030 1317 1087 His
1366 1034 1510 1087 enim
1570 1032 1681 1088 Deo
1727 1035 2086 1103 placuerunt:
2135 1056 2164 1092 e

2288 1043 2382 1095 καὶ
2423 1044 2742 1113 ἰσχυρότερα
2799 1044 2865 1097 ἄν
2914 1061 2998 1107 τις
3026 1047 3169 1098 εἴποι
3215 1046 3453 1111 δικαίως.
3500 1050 3588 1102 Ἐν
3640 1052 3858 1116 τούτοις

632 1123 745 1176 haec
773 1120 1030 1183 dicentes,
1066 1128 1124 1174 ut
1165 1120 1240 1174 ait
1268 1121 1560 1189 Apostolus
1601 1121 1684 1175 "z
1737 1121 1978 1177 Vicerunt
2005 1140 2164 1192 regna

2285 1133 2392 1203 γὰρ
2422 1134 2789 1205 εύηρέστησαν
2819 1134 2898 1205 τῷ
2929 1134 3067 1205 Θεῷ,
3097 1138 3190 1190 καὶ
3236 1139 3407 1192 ταῦτα
3460 1140 3730 1208 λέγοντες.
3776 1144 3856 1207 ὠς

630 1216 832 1286 operati
877 1225 997 1270 sunt
1025 1214 1319 1284 justitiam,
1364 1215 1538 1283 adepti
1580 1225 1702 1268 sunt
1738 1216 2183 1285 repromissiones,

628 1309 996 1361 obturaverunt
1013 1322 1106 1359 ora
1125 1306 1351 1368 leonum,
1371 1306 1730 1360 exstinxerunt
1747 1308 1995 1376 impetum
2023 1308 2181 1377 ignis,

626 1400 920 1469 e/fugerunt
952 1398 1118 1451 aciem
1154 1397 1341 1467 gladii.
1370 1398 1740 1451 convaluerunt
1758 1397 1821 1450 de
1848 1398 2181 1465 inﬁrmitate,

627 1492 788 1557 fortes
828 1490 959 1558 {acti
997 1498 1119 1542 sunt
1159 1488 1212 1541 in
1258 1488 1412 1553 bello,
1456 1496 1633 1541 castra
1670 1500 1929 1543 verterunt
1968 1500 2178 1545 extero-

623 1598 762 1649 rum,
806 1591 1110 1651 acceperunt
1140 1582 1381 1635 mulieres
1422 1581 1486 1635 de
1530 1582 1903 1638 resurrectione
1942 1591 2176 1638 mortuos

623 1687 766 1726 ενοι.

690 1926 777 1982 52.
820 1927 1199 1998 Unusquisque
1240 1928 1401 1999 igitur
1442 1927 1553 1981 haec
1587 1928 1700 1997 jam
1728 1930 1915 1984 dicens
1947 1931 2180 1985 conﬁdat

619 2018 754 2084 fore,
799 2027 857 2073 ut
896 2035 989 2091 per
1018 2035 1078 2074 ea
1120 2020 1260 2075 Deus
1310 2022 1671 2091 supplicantes
1714 2024 1999 2079 auditurus
2042 2024 2113 2079 sit
2161 2043 2174 2079 :

619 2111 732 2164 sive
766 2111 908 2165 enim
945 2112 1247 2177 tribulatur,
1276 2112 1366 2183 qui
1396 2114 1509 2168 haec
1535 2114 1683 2181 dicit,
1718 2130 1968 2184 magnam
2008 2118 2178 2185 perci-

616 2203 724 2271 piet
753 2203 805 2256 in
845 2203 975 2272 ipsis
1002 2204 1464 2269 consolationem;
1499 2204 1612 2259 sive
1647 2213 1905 2271 tentatur,
1934 2216 2024 2262 aut
2058 2223 2179 2278 per-

615 2296 941 2351 secutionem
979 2298 1192 2365 patitur,
1217 2297 1307 2367 qui
1334 2297 1405 2351 ita
1428 2297 1626 2366 psallit,
1657 2298 1931 2368 probatior
1953 2315 2179 2370 appare-

616 2384 710 2449 bit,
739 2394 899 2456 atque
924 2401 954 2440 a
986 2387 1209 2441 Domino
1232 2397 1559 2459 protegetur.
1587 2387 1679 2457 qui
1716 2388 1880 2442 etiam
1910 2389 2023 2444 hac
2055 2406 2179 2459 pro-

616 2476 873 2531 ferentem
924 2476 1196 2542 defendit;
1249 2477 1336 2530 his
1380 2477 1650 2531 diabolum
1704 2477 1930 2549 iugabit,
1980 2480 2181 2536 daemo-

615 2581 819 2637 nesque
856 2566 972 2634 ejus
1014 2566 1209 2637 abiget.
1256 2565 1377 2622 Haec
1422 2582 1585 2636 porro
1627 2568 1831 2636 dicens,
1872 2570 1919 2626 si
1960 2573 2177 2641 quidem

614 2658 933 2729 peccaverit,
962 2672 1081 2713 sese
1114 2656 1178 2712 ad
1208 2657 1464 2728 pudorem
1500 2666 1690 2725 vertet,
1721 2671 1882 2731 atque
1918 2666 2177 2733 peccandi

611 2748 771 2805 ﬁnem
811 2747 1001 2813 faciet;
1046 2749 1091 2802 si
1132 2762 1237 2802 non
1284 2749 1603 2817 peccaverit.
1640 2764 1700 2803 se
1741 2751 1919 2805 laetum
1956 2754 2174 2822 conspi-

608 2840 732 2903 ciet,
762 2840 887 2910 quia
910 2840 976 2893 iis
1006 2855 1127 2908 qua:
1143 2847 1266 2892 ante
1294 2847 1441 2899 sunt,
1465 2840 1794 2903 extenditur,
1823 2850 1987 2911 atque
2012 2857 2178 2913 oppu‘

609 2939 802 3002 gnatus
826 2931 898 2985 ita
922 2931 1251 3000 psalmorum
1285 2930 1335 2983 vi
1364 2931 1706 2998 praevalebit;
1733 2947 1839 2987 non
1868 2948 2176 2991 commove-

608 3020 753 3076 bitur
783 3030 957 3076 antem
987 3020 1040 3075 in
1068 3030 1327 3076 :eternum
1352 3036 1381 3075 a
1413 3023 1637 3076 veritate
1663 3040 1674 3074 :
1708 3022 1816 3077 imo
1839 3022 2171 3094 deceptores,

605 3124 659 3171 ct
686 3116 778 3186 qui
807 3131 932 3172 eum
974 3115 1027 3169 in
1070 3128 1309 3168 errorem
1342 3112 1607 3168 deducere
1646 3114 1984 3181 tentaverint,
2012 3131 2170 3171 coar-

2284 1219 2436 1276 εἶπεν
2467 1225 2495 1277 ὀ
2556 1225 2893 1289 Ἀπόστολος·
2951 1230 3447 1297 Κατηνωνίσαντο
3499 1232 3851 1298 βασιλείας,

2282 1314 2633 1382 εἰργάσαντο
2684 1316 3094 1385 δικαιοσύνην,
3132 1318 3427 1388 ἐπέτυχον
3456 1322 3850 1391 ἐπαγγελιῶν,

2280 1404 2547 1472 ἔφραξαν
2598 1408 2864 1475 στόματα
2923 1410 3217 1471 λεόντων,
3274 1410 3537 1465 ἔσϐεσαν
3593 1413 3856 1481 δύναμιν

2280 1494 2489 1561 πιψὸς,
2519 1496 2743 1565 ἔφυγον
2766 1498 3031 1567 στόματα
3066 1501 3381 1568 μαχαίρας,
3404 1502 3854 1573 ἐνεδυναμώθη-

2278 1599 2400 1637 σαν
2458 1584 2575 1637 ἀπὸ
2642 1585 2988 1653 ἀσθενείας,
3054 1589 3425 1656 ἐγενήθησαν
3481 1594 3716 1663 ἰσχυροὶ
3780 1598 3855 1649 ἐν

2278 1672 2536 1743 πολέμῳ,
2587 1677 2964 1746 παρεμϐολὰς
3007 1678 3255 1734 ἔκλιναν
3295 1681 3647 1752 ἀλλοτρίων,
3703 1688 3849 1740 ἕλα-

2279 1766 2386 1818 ϐον
2454 1766 2730 1835 γυναῖκες
2788 1768 2857 1832 ἐξ
2924 1769 3311 1836 ἀναστάσεως
3378 1772 3520 1839 τοὺς
3592 1777 3856 1845 νεκροὺς

2205 1843 2246 1900 Β
2274 1856 2489 1912 αὐτῶν.

2347 1949 2443 2019 λβ’.
2491 1951 2698 2004 Οὐκοῦν
2757 1952 2849 2006 καὶ
2882 1950 2975 2005 νῦν
3026 1952 3199 2006 ταῦτα
3241 1954 3415 2022 λέγων
3442 1955 3670 2020 ἕκαστος
3702 1958 3852 2014 ἔστω

2277 2040 2510 2114 Θαρρῶν,
2538 2046 2619 2097 ὅτι
2645 2044 2710 2097 δι’
2745 2044 2922 2098 αὐτῶν
2965 2046 3175 2115 ταχέως
3213 2048 3241 2099 ό
3289 2046 3421 2110 Θεὸς
3477 2050 3848 2105 ἐπακούσεται

2275 2140 2386 2201 τοῖς
2416 2138 2706 2209 δεομένοις·
2737 2139 2846 2193 εἴτε
2891 2140 2998 2211 γὰρ
3027 2140 3262 2194 θλίϐεται
3317 2141 3487 2210 λέγων
3524 2144 3713 2209 ταῦτα,
3752 2163 3849 2215 με·-

2277 2230 2446 2300 γάλην
2478 2230 2665 2300 ὄψεται
2699 2230 2795 2303 τὴν
2822 2232 2879 2284 ἐν
2904 2233 3085 2296 αὐτοῖς
3114 2233 3476 2303 παράκλησιν’
3514 2236 3624 2289 εἴτε
3659 2238 3851 2309 πειρά-

2276 2320 2424 2385 ζεται
2454 2323 2545 2375 καὶ
2570 2321 2820 2376 διώκεται
2846 2323 3059 2392 ψάλλων
3089 2323 3282 2388 οὕτως,
3310 2324 3674 2396 δοκιμώτερος
3708 2328 3849 2381 ἀνα-

2277 2416 2590 2484 φανήσεται,
2626 2415 2718 2465 καὶ
2748 2415 3178 2485 σκεπασθήσεται
3202 2417 3351 2487 παρὰ
3373 2418 3466 2470 τοῦ
3491 2419 3717 2488 Κυρίου,
3747 2420 3844 2473 τού

2276 2506 2369 2558 καὶ
2402 2505 2492 2558 τὸν
2520 2505 2738 2560 εἰπόντα
2768 2504 2938 2559 ταῦτα
2983 2504 3370 2570 σκεπάσαντος·
3404 2509 3461 2560 ἐν
3502 2508 3709 2572 τούτοις
3750 2510 3849 2563 τὸν

2277 2598 2374 2667 μὲν
2406 2596 2646 2651 διάὸολον
2674 2597 2986 2668 ἀνατρέψει,
3016 2599 3141 2661 τοὺς
3169 2598 3226 2650 δὲ
3272 2598 3527 2669 δαίμονας
3560 2601 3725 2654 αὑτοῦ
3753 2619 3843 2656 σο-

2275 2689 2451 2759 ϐήσει.
2488 2689 2672 2743 Ταῦτα
2713 2688 2883 2757 λέγων
2915 2690 2963 2740 εί
2996 2690 3093 2759 μὲν
3122 2691 3383 2760 ἥμαρτεν,
3438 2692 3629 2746 ἐαυτὸν
3666 2693 3847 2764 ἐντρέ-

2272 2777 2362 2845 ψει
2396 2779 2489 2832 καὶ
2521 2779 2806 2832 παύσεται·
2844 2780 2889 2831 εί
2922 2780 2978 2832 δὲ
3012 2780 3086 2851 μὴ
3136 2782 3402 2852 ἥμαρτεν,
3430 2782 3619 2850 ὄψεται
3648 2784 3845 2838 ἑαυτὸν

2275 2870 2552 2941 χαίροντα,
2586 2872 2666 2924 ὅτι
2706 2874 2815 2934 τοῖς
2855 2873 2949 2941 μὲν
2983 2871 3290 2942 ἔμπροσθεν
3323 2873 3719 2938 ἐπεκτείνεται,
3748 2877 3844 2929 καὶ

2273 2962 2666 3032 ἀγωνιζόμενος
2696 2964 2793 3033 μὲν
2820 2963 3025 3032 ἰσχύσει
3052 2963 3287 3037 ψάλλωνλ
3312 2964 3506 3029 οὕτως,
3539 2966 3599 3018 οὐ
3648 2966 3845 3020 σαλευ-

2274 3051 2490 3120 θήσεται
2514 3050 2569 3102 δὲ
2602 3052 2680 3113 είς
2706 3050 2797 3103 τὸν
2850 3050 3021 3103 αἰῶνα
3081 3050 3188 3104 ἀπὸ
3227 3052 3324 3121 τῆς
3364 3051 3641 3122 ἀληθείας,
3702 3053 3842 3107 ἀλλά

2196 3175 2237 3231 C
2274 3140 2366 3193 καὶ
2423 3140 2550 3204 τοὺς
2609 3139 2931 3203 ἀπατῶντας
3004 3142 3098 3194 καὶ
3150 3142 3358 3212 πλανᾷν
3429 3142 3843 3213 ἐπιχειροῦντας

605 3216 763 3275 κυει;
800 3218 852 3261 et
884 3206 1045 3274 hujus
1085 3205 1161 3258 rei
1197 3218 1428 3273 sponsor
1459 3220 1566 3259 non
1602 3205 1766 3261 homo
1790 3218 1892 3274 est,
1930 3211 2023 3265 sed
2051 3212 2165 3283 ipsa

2270 3230 2495 3297 ἐλέγξειο
2529 3230 2621 3282 καὶ
2668 3228 2851 3283 τούτου
2901 3230 3001 3283 οὐκ
3046 3205 3329 3302 ἄνθρωπος
3379 3205 3671 3305 ἐγγυητής,
3721 3205 3841 3288 άλλξ

603 3297 784 3353 divina
807 3296 1105 3366 Scriptura.
1130 3294 1271 3351 Deus
1290 3297 1432 3351 enim
1454 3300 1885 3376 praecepitMoysi
1902 3306 1964 3369 ³⁸,
1985 3315 2043 3361 ιιι
2065 3322 2172 3361 ma-

603 3402 760 3457 gnam
778 3385 945 3442 Odam
965 3387 1347 3452 conscriberet,
1363 3388 1685 3461 doceretqne
1697 3396 1950 3463 populum
1974 3415 1987 3461 ;
2008 3410 2169 3467 atque

2268 3321 2403 3392 αὑτὴ
2434 3323 2466 3391 ἡ
2500 3321 2618 3374 θεία
2662 3323 2869 3389 γίνεται
2898 3322 3107 3392 Γραφή.
3150 3323 3208 3374 '0
3231 3324 3337 3393 γὰρ
3384 3325 3512 3387 Θεὸς
3537 3326 3842 3378 ἐνετείλατο

2267 3409 2345 3479 τῷ
2376 3412 2579 3481 Μωῦσῇ
2616 3410 2821 3481 γράψαι
2849 3410 2946 3482 τὴν
2984 3412 3224 3485 μεγάλην
3274 3413 3447 3484 ᾩδὴν,
3496 3416 3590 3468 καὶ
3630 3416 3839 3481 διδάξαι

602 3492 749 3544 eum,
783 3476 875 3546 qui
914 3475 1166 3544 princeps
1194 3477 1522 3532 constitutus
1550 3490 1713 3545 esset,
1740 3482 1896 3551 jubet
1931 3486 2169 3543 scribere

2269 3475 2357 3553 τόν
2388 3501 2532 3553 λαόν·
2684 3475 2748 3553 τε·
2769 3475 3162 3573 καθιστάμενον
3180 3475 3420 3575 ’ἄρχοντα
3435 3475 3443 3479 ν
3457 3506 3664 3560 κελεύει
3698 3475 3837 3579 γρά-

605 3562 1166 3627 Βριιιετοιιοηιίιιιῐι³⁵,
1211 3572 1265 3617 et
1318 3564 1447 3619 illud
1488 3580 1595 3635 pra:
1646 3571 1897 3626 manibus
1946 3573 2163 3642 habere,

604 3668 923 3725 semperque
966 3654 1086 3722 ejus
1119 3652 1283 3707 verba
1322 3654 1588 3720 meditari,
1619 3658 1817 3729 quippe
1851 3660 2166 3719 sufﬁcientia

604 3754 731 3800 sunt
758 3755 869 3801 tum
900 3746 966 3800 ad
997 3744 1213 3801 virtutis
1245 3747 1743 3816 commonitionem,
1772 3760 1885 3805 tum
1916 3752 1981 3807 ad
2011 3768 2164 3822 opcm

600 3836 672 3891 iis
700 3834 1010 3899 ferendam,
1040 3835 1133 3905 qui
1166 3835 1379 3890 sincero
1429 3838 1611 3893 animo
1655 3842 1897 3896 meditati
1944 3858 2006 3898 ea
2051 3844 2167 3901 fue.

600 3927 731 3981 rint.
778 3925 1086 3980 Sane-cum
1132 3924 1186 3978 in
1232 3934 1427 3979 terram
1474 3929 1847 3997 promissionis
1890 3932 2168 4004 ingressus

599 4025 683 4071 est
710 4014 868 4070 Jesus
900 4012 1065 4079 Nave,
1103 4016 1403 4084 conspectis
1431 4018 1664 4085 gentium
1696 4022 1915 4087 castris,
1947 4024 2166 4094 regibus

598 4104 1037 4159 Amorrliteorum
1064 4105 1315 4161 omnibus
1342 4107 1407 4160 ad
1432 4107 1625 4163 bellum
1656 4114 2017 4183 congregatis,
2051 4116 2165 4170 vice

600 4197 829 4251 telorum
886 4195 1290 4267 gladiorumque
1369 4199 1843 4259 Deuteronomium
1905 4206 2031 4277 legit
2096 4211 2162 4264 ad

598 4302 759 4343 aures
823 4288 1099 4353 omnium,
1131 4290 1397 4357 verbaque
1430 4289 1558 4359 legis
1612 4289 1665 4343 in
1720 4294 2029 4347 memoriam
2079 4310 2166 4349 re-

599 4379 812 4434 vocavit
834 4380 898 4444 ",
946 4389 1106 4450 atque
1138 4394 1260 4434 cum
1308 4380 1374 4433 iis
1408 4382 1663 4449 populum
1710 4398 1807 4438 ceu
1850 4387 2018 4441 armis
2084 4387 2164 4441 in-

600 4471 934 4535 struxisset,
996 4470 1241 4525 inimicos
1308 4474 1597 4540 superavit.
1663 4473 1777 4528 Rex

599 4564 743 4625 sias,
798 4562 1019 4616 invento
1074 4562 1234 4628 libro,
1288 4572 1341 4617 et
1372 4562 1437 4616 ad
1483 4565 1723 4619 omnium
1782 4582 1939 4621 aurcs
1988 4570 2159 4636 pcrlc-

596 4664 686 4709 cto
706 4654 771 4721 ⁸⁸,
808 4669 916 4707 non
943 4655 1077 4708 ultra
1105 4656 1349 4711 inimicos
1374 4654 1757 4710 reformidavit.
1784 4658 1846 4711 Et
1871 4658 1913 4711 si
1946 4665 2161 4727 quando

598 4747 799 4804 bellum
826 4748 1023 4817 p0pulo
1062 4748 1355 4819 ingrueret,
1388 4764 1535 4812 arca,
1569 4764 1687 4818 quae
1718 4750 1849 4819 legis
1886 4752 2159 4806 volumina

600 4839 931 4905 continebat,
967 4855 1155 4894 omnes
1192 4842 1543 4910 praecedebat,
1574 4848 1627 4895 et
1664 4842 1715 4896 id
1756 4846 1863 4898 illis
1901 4861 2052 4917 atque
2092 4847 2157 4900 ad

599 4929 898 4984 subsidium
930 4929 1243 4993 suiliciebat,
1276 4945 1341 4985 ac
1371 4933 1620 5000 quaelibet
1646 4934 1807 4999 acies,
1845 4935 1949 4989 nisi
1988 4936 2159 5005 quod-

596 5021 724 5074 dam
782 5020 916 5073 inter
962 5020 1173 5087 baiulos
1220 5022 1355 5092 ejus.
1385 5031 1478 5076 aut
1526 5024 1665 5079 inter
1714 5027 1971 5095 populum
2016 5038 2158 5083 esset

598 5120 901 5179 peccatum,
967 5119 1058 5164 aut
1114 5111 1433 5183 hypocrisis,
1478 5130 1597 5184 quae
1650 5118 1983 5185 praevaleret.
2030 5119 2157 5177 Fide

596 5216 832 5270 namque
875 5208 928 5256 et
966 5203 1134 5272 probo
1176 5204 1496 5275 sinceroque
1540 5206 1733 5261 affectu
1782 5220 1862 5264 est
1904 5225 2062 5281 opus,
2100 5224 2159 5269 ut

597 5292 679 5347 lex
714 5293 768 5347 in
801 5292 886 5359 iis,
918 5310 1041 5365 quae
1072 5294 1126 5349 in
1156 5297 1296 5351 votis
1326 5307 1470 5365 sunt,
1506 5298 1842 5371 suffragetur.

668 5383 756 5438 33.
796 5384 908 5455 Ego
936 5393 1101 5451 certe,
1128 5386 1305 5443 aiebat
1327 5404 1510 5456 senex,
1537 5392 1718 5447 audivi
1750 5408 1779 5447 a
1807 5396 2159 5463 prudentibus

597 5474 745 5541 viris,
786 5477 930 5546 quod
967 5478 1095 5534 olim
1137 5479 1190 5534 in
1226 5476 1420 5536 lsraele
1476 5482 1588 5538 sola
1642 5483 2044 5555 Scripturarum
2087 5492 2160 5545 le-

693 5670 738 5708 “
779 5671 938 5727 Hebr.
980 5692 1066 5743 XI,
1124 5678 1304 5733 35-55.

1420 5680 1642 5737 "Deut.
1692 5702 1841 5756 xxxx,
1899 5692 1981 5747 19.

622 5756 753 5807 xm,
788 5744 929 5799 8-H.

2089 5696 2129 5727 "
2162 5696 2317 5755 Dcut.
2386 5718 2517 5769 xm,
2582 5706 2665 5760 18.
2743 5707 2787 5739 ³⁸
2832 5708 2997 5768 Josue
3031 5727 3149 5781 vm,
3182 5713 3272 5782 54,
3298 5714 3386 5770 35.

2263 3592 2361 3661 ψαι
2398 3593 2458 3645 τὸ
2478 3593 2913 3663 Δευτερονόμιον,
2942 3593 3083 3663 ἔχειν
3125 3612 3185 3647 τε
3226 3596 3384 3648 τοῦτο
3433 3598 3570 3667 μετά
3624 3602 3835 3669 χεῖρας,

2266 3684 2358 3736 καὶ
2394 3684 2618 3752 μελθτᾷν
2642 3684 2729 3735 ἀεὶ
2759 3684 2827 3736 τὰ
2862 3686 2919 3736 ἐν
2951 3684 3097 3755 αὐτῷ
3130 3687 3368 3756 ῥήματα,
3414 3687 3489 3751 ὼς
3522 3690 3842 3759 ἀρκούντων

2265 3773 2371 3826 τῶν
2401 3775 2459 3827 ἐν
2488 3776 2666 3838 αὐτοῖς
2694 3773 2866 3842 λόγων
2897 3775 3030 3846 πρός
3064 3792 3125 3828 τε
3152 3777 3453 3847 ὑπόμνησιν
3485 3781 3707 3851 ἀρετῆς,
3741 3784 3837 3837 καὶ

2268 3864 2515 3937 βοήθειαν
2567 3865 2749 3937 φέρειν
2818 3868 2930 3929 τοῖς
2984 3867 3221 3938 γνησίως
3285 3869 3477 3933 αὐτοὺς
3515 3871 3839 3940 μελετῶσιν.

2280 3956 2492 4027 ,Αμέλει
2535 3957 2771 4027 ὁπηνίκα
2803 3959 2881 4020 είς
2908 3957 3004 4027 τὴν
3040 3958 3142 4026 γῆν
3191 3959 3440 4029 εἰσῆλθεν
3469 3963 3496 4014 ό
3518 3961 3622 4014 τοῦ
3651 3964 3833 4035 Ναυῆ,

2268 4045 2477 4114 βλέπων
2502 4046 2598 4109 τὰς
2626 4046 2730 4101 τῶν
2750 4046 2959 4118 ἐχθρῶν
2988 4047 3278 4115 διατάξεις,
3314 4050 3408 4103 καὶ
3436 4052 3560 4115 τοὺς
3592 4052 3836 4122 βασιλεῖς

2265 4136 2371 4189 τῶν
2411 4136 2749 4208 Ἀμορραίων
2790 4139 2995 4202 πάντας
3036 4140 3385 4205 συνελθόντας
3450 4145 3529 4207 είς
3573 4144 3832 4215 πόλεμον,

2267 4225 2427 4288 αὐτὸς
2458 4225 2569 4279 ἀνθ’
2596 4228 2772 4281 ὅπλων
2798 4230 2889 4281 καὶ
2932 4228 3099 4298 ξιφῶν
3145 4231 3205 4284 τὸ
3249 4234 3661 4306 Δευτερονόμιον
3702 4238 3837 4293 ἀνα-

2266 4316 2425 4383 γνοὺς
2446 4320 2523 4379 εἰς
2545 4317 2612 4370 τὰ
2661 4313 2774 4372 ὦτα
2826 4320 3060 4386 πάντων,
3093 4322 3161 4378 τά
3185 4340 3244 4376 τε
3280 4326 3501 4396 ῥήματα
3542 4328 3635 4381 τοῦ
3663 4330 3830 4401 νόμου

2267 4407 2598 4477 ὑπομνήσας,
2654 4410 2745 4461 καὶ
2780 4410 2986 4475 τούτοις
3033 4412 3122 4466 τδν
3165 4415 3290 4469 λαὸν
3351 4418 3703 4483 καθοπλίσας,
3732 4438 3833 4474 πε·-

1839 4485 2017 4529 θυιθιυ
2070 4476 2163 4578 ξο·
2189 4525 2238 4578 D
2266 4476 2507 4567 ριγέγονε
2556 4498 2663 4553 τῶν
2720 4500 3011 4572 πολεμίων.
3078 4506 3135 4558 ’0
3168 4504 3225 4558 δέ
3292 4505 3539 4575 βασιλεὺς
3599 4476 3827 4577 Ἰωσίας,

2266 4589 2573 4659 εὑρεθέντος
2605 4592 2697 4645 τοῦ
2729 4591 2950 4662 βιϐλίου,
3004 4598 3096 4650 καὶ
3134 4594 3565 4666 ἀναγνωσθέντος
3606 4604 3685 4666 είς
3732 4604 3831 4669 τὰς

2267 4678 2479 4730 πάντων
2504 4681 2689 4745 ἀκοὰς,
2720 4682 2899 4737 ούκέτι
2918 4686 3045 4749 τοὺς
3075 4686 3303 4759 ἐχθροὺς
3331 4690 3596 4757 ἐφοϐεῖτο.
3630 4694 3739 4746 Καὶ
3778 4696 3835 4747 εῐ

2266 4788 2393 4822 ποτε
2428 4770 2483 4822 δὲ
2505 4772 2735 4843 πόλεμος
2772 4770 2839 4845 ἦν
2858 4776 2935 4847 τῷ
2974 4777 3106 4847 λαῷ,
3158 4782 3191 4849 ἡ
3251 4780 3478 4845 κιϐωτὸς
3530 4783 3725 4853 ἔχουσα
3760 4794 3831 4841 τὰ

2266 4860 2427 4924 maia
2480 4862 2573 4914 τοῦ
2620 4864 2781 4933 νόμου
2857 4868 3127 4938 προώδευε
3171 4871 3408 4936 πάντων,
3463 4874 3555 4925 καὶ
3610 4876 3831 4946 ἠρκεῖτο

2264 4950 2471 5039 τούτοις
2500 4954 2617 5007 ἀντὶ
2645 4956 2824 5026 πάσης
2856 4959 3209 5028 παρατάξεως
3238 4963 3319 5025 εἰς
3346 4962 3618 5034 βοήθειαν,
3668 4969 3717 5020 εί
3752 4970 3827 5039 μή

2264 5060 2346 5104 τις
2384 5037 2449 5112 ἦν
2514 5045 2663 5115 παρὰ
2720 5050 2829 5110 τοῖς
2882 5048 3206 5117 βαστάζουσι
3262 5053 3355 5105 καὶ
3407 5056 3465 5107 ἐν
3522 5060 3635 5120 τοῖς
3685 5037 3831 5122 λαοτς

2266 5136 2689 5204 προκρατήσασα
2721 5138 2961 5209 άμαρτία
2989 5142 3082 5193 καὶ
3113 5143 3416 5214 ὑπόκρισις.
3448 5146 3689 5220 Πίστεως
3723 5150 3832 5221 γὰρ

2266 5223 2360 5275 καὶ
2396 5225 2623 5293 γνησίας
2674 5226 2964 5292 διαθέσεως
3022 5232 3200 5302 χρεία,
3243 5232 3328 5286 ἴνα
3369 5236 3398 5287 ό
3429 5234 3587 5305 νόμος
3639 5240 3719 5302 είς
3762 5239 3831 5292 τὰ

2267 5316 2385 5367 κατ’
2413 5315 2577 5387 εὐχὴν
2611 5319 3021 5390 συνεργάζηται.

2335 5405 2435 5472 λγ¹.
2492 5408 2631 5476 Ἐγὼ
2694 5410 2843 5477 γοῦν,
2908 5412 3103 5485 ἔλεγεν,
3137 5417 3165 5469 ό
3225 5416 3421 5491 γέρων,
3477 5421 3684 5490 ηκουσα
3733 5423 3829 5476 καὶ

2267 5498 2414 5569 παρά
2460 5500 2733 5571 φρονίμων
2777 5504 3005 5575 ἀνδρῶν,
3032 5507 3107 5572 ὠς
3144 5509 3250 5579 ἄρα
3280 5511 3341 5563 τὸ
3368 5511 3593 5565 παλαιὸν
3644 5515 3704 5565 ἐν
3750 5513 3829 5584 τῷ

3484 5714 3528 5748 αι
3560 5713 3625 5767 IV
3684 5713 3819 5787 Reg.
