4032 6444
175 412 240 469 ιδ
1094 406 1460 465 ADMONITIO
1500 404 1565 460 ΙΝ
1606 404 2102 463 EXPOSITIONES
2140 404 2586 461 PSALMORUM.
3350 403 3422 457 ισ

184 523 419 598 Ἰσραὴλ,
459 523 619 597 μόνον
651 522 1109 593 ἀναγινώσκοντες
1138 523 1234 587 τὰς
1259 523 1499 595 Γραφὰς,
1516 522 1734 575 ἐδίωκον

1848 524 2015 579 ctione
2033 524 2307 579 daemones
2329 521 2611 593 rogabant,
2638 528 2693 575 et
2726 518 2952 577 insidias
2982 520 3049 574 ab
3073 519 3208 589 ipsis
3231 520 3422 575 adver-

171 619 449 690 δαίμονας.
496 617 590 671 καὶ
621 616 842 686 ἠλέξουν
870 619 969 680 τὰς
1026 618 1155 687 παρ’
1178 614 1357 669 αὐτῶν
1385 618 1499 678 τοῖς
1540 613 1742 685 ἀνθρὼ-

172 728 289 777 m
321 710 615 780 γινομένας
677 708 989 773 ιπιὸουλάς.
1022 711 1182 763 Ὅθεν
1227 710 1321 763 καὶ
1350 705 1742 775 καταγνώσεως

171 809 351 877 πάσης
380 806 565 873 ἀξίους
584 799 725 859 εἶναι
758 804 910 873 ιλεγε
940 805 1067 868 τοὺς
1101 803 1273 857 ταῦτα
1329 803 1425 873 μὲν
1463 802 1740 870 ἀφιέντας,

174 895 518 960 συντιθέντας
566 894 622 948 δὲ
666 896 878 959 ἑαυτοῖς
907 893 1104 958 ἔξωθεν
1143 892 1341 946 πιθανὰ
1382 893 1618 963 ῥήματα,
1650 889 1743 943 καὶ

170 990 229 1043 tv
272 988 487 1050 τούτοις
520 986 839 1058 ἑξορκιστὰς
869 986 1091 1049 ἑαυτοὺς
1130 984 1510 1055 ὀνομάζοντας.
1529 981 1741 1035 Μᾶλλον

170 1082 279 1153 γάρ
304 1080 592 1146 παίζουσι,
641 1083 734 1135 καὶ
763 1082 1092 1152 παρέχουσιν
1132 1078 1356 1140 ἑαυτοὺς
1396 1076 1622 1139 ἐκείνοις
1663 1075 1742 1137 είς

169 1174 229 1227 τὸ
254 1173 631 1244 χλευάζεσθαι·
675 1169 765 1226 οἷα
822 1170 1152 1225 πεπόνθασιν
1210 1168 1449 1221 Ἰουδαῖοι
1492 1168 1541 1219 οί
1568 1167 1743 1219 Σκευᾶ

170 1266 297 1328 υἱοὶ,
326 1265 775 1335 ἐπιχειρήσαντες
836 1261 932 1316 καὶ
980 1261 1132 1315 αὐτοὶ
1173 1260 1262 1313 τὸν
1304 1259 1502 1330 τρόπον
1556 1257 1742 1311 τοῦτον

171 1354 492 1429 εξορκίζειν.
554 1356 737 1409 Ταῦτα
781 1356 880 1425 μὲν
932 1352 1042 1424 γὰρ
1105 1351 1394 1413 ἀκούοντες
1438 1349 1591 1420 παρὰ
1633 1348 1742 1401 τῶν

170 1447 427 1501 τοιούτων
448 1448 501 1499 οί
526 1447 773 1518 δαίμονες
805 1442 1076 1508 παίζουσι·
1112 1443 1180 1497 τὰ
1205 1443 1263 1496 δὲ
1297 1442 1404 1495 τῶν
1443 1443 1613 1510 ἁγίων
1648 1443 1744 1514 ῥή-

174 1556 323 1610 ματα
353 1538 665 1607 φοϐοῦνται,
710 1538 870 1609 ἢκαὶ
917 1536 1104 1607 φέρειν
1162 1534 1302 1587 αὖτᾶ
1352 1536 1412 1588 ού
1462 1534 1737 1588 δύνανται.

174 1632 331 1685 Ἔστι
357 1631 465 1703 γὰρ
506 1632 564 1684 ιν
596 1632 707 1693 τοῖς
749 1627 857 1682 τῶν
890 1625 1121 1698 Γραφῶν
1163 1627 1397 1696 ῥήμασιν
1425 1626 1455 1677 6
1516 1624 1739 1693 Κύριος,

1846 632 1968 671 sum
2037 616 2281 670 homines
2331 626 2549 685 paratas
2601 614 2973 669 destruebant.
3032 614 3213 680 Quare
3271 614 3419 668 omni

1844 707 2194 761 damnatione
2224 706 2419 777 dignos
2443 721 2565 762 esse
2597 706 2809 761 dicebat
2841 720 2938 761 eos
2970 706 3086 776 qui,
3134 706 3218 760 bis
3251 704 3418 759 omis-

1847 798 1945 863 sis,
1995 799 2323 868 adscitisque
2365 798 2587 853 aliunde
2627 799 2805 851 verbis
2849 796 3211 866 elegantibus,
3252 798 3304 849 in
3355 796 3424 876 iis

1848 903 1968 943 sese
1997 888 2298 943 exorcistas
2323 890 2689 943 nominarent.
2721 886 2908 942 Potius
2937 888 3082 942 enim
3114 888 3327 950 ludunt,
3362 904 3425 942 ac

1848 994 1908 1034 se
1946 979 2287 1034 daemonibus
2333 980 2590 1034 ridendos
2624 979 2877 1043 oﬂ'erunt,
2923 980 3067 1033 sicut
3105 980 3301 1035 accidit
3330 976 3426 1035 Ju-

1848 1070 1979 1126 da:is
2019 1072 2143 1125 liliis
2184 1069 2456 1135 Scevae",
2490 1071 2585 1140 qui
2636 1086 2702 1124 eo
2745 1071 2864 1140 ipso
2911 1070 3071 1125 modo
3111 1072 3426 1125 exorcizare

1848 1170 2216 1217 tentaverunt.
2266 1161 2391 1218 Haec
2422 1164 2602 1232 itaque
2630 1178 2754 1217 cum
2794 1162 3021 1217 audiunt
3046 1162 3111 1216 ab
3142 1163 3275 1232 ipsis
3313 1163 3424 1217 dte-

1848 1270 2060 1317 mones,
2095 1256 2174 1311 eis
2217 1256 2482 1320 illudunt;
2520 1262 2710 1309 contra
2743 1270 2872 1310 vero
2913 1264 3220 1310 sanctorum
3261 1258 3427 1309 verba

1848 1344 2226 1409 reformidant,
2261 1362 2361 1401 nec
2394 1354 2625 1415 possunt
2651 1360 2714 1399 ea
2750 1345 3041 1401 sustinere.
3081 1343 3137 1398 ln
3178 1344 3427 1415 Scriptu-

1846 1453 2031 1493 rarum
2058 1454 2293 1509 namque
2319 1439 2500 1495 verbis
2523 1447 2606 1492 est
2636 1437 2917 1501 Dominus,
2941 1454 3104 1508 quem
3132 1454 3255 1493 cum
3288 1438 3429 1492 ferre

1848 1544 1957 1583 non
1988 1541 2231 1600 possent,
2258 1531 2567 1586 clamabant
2596 1550 2609 1585 :
2640 1529 2778 1601 Rogo
2802 1542 2848 1586 te
2875 1546 2936 1585 ne
2966 1546 3044 1583 me
3071 1540 3194 1583 ante
3229 1540 3428 1597 tempus

1849 1631 2092 1689 torqueas
2115 1621 2180 1676 ³⁸.
2247 1620 2555 1676 Urebautur
2606 1623 2875 1693 siquidem
2928 1636 3052 1677 cum
3105 1630 3429 1690 prmsentum

168 1721 228 1775 ὃν
273 1723 349 1793 μὴ
382 1721 667 1792 δυνάμενοι
694 1720 878 1791 φέρειν
937 1715 1183 1789 ἔκραζον·
1226 1716 1440 1785 Δέομαί
1486 1729 1624 1779 σου,
1656 1713 1742 1785 μή

1851 1711 2141 1768 Dominum
2200 1723 2410 1770 tantum
2463 1715 2740 1769 viderent.
2789 1715 2867 1770 Ita
2912 1725 2967 1769 et
3007 1714 3208 1769 Paulus
3255 1715 3430 1784 impe-

169 1830 242 1875 ιιε
261 1813 376 1881 πρὸ
406 1812 611 1881 καιροῦ
640 1811 1013 1878 βασανίσῃς·
1048 1810 1291 1863 ἐκαίοντο
1316 1808 1425 1879 γὰρ
1454 1809 1548 1862 καὶ
1586 1808 1742 1877 μόνον

1850 1807 1990 1859 ravit
2056 1806 2285 1877 impuris
2344 1807 2685 1863 damonibus
2746 1806 2790 1839 ³⁸
2824 1846 2841 1872 ,
2906 1806 2980 1861 ita
3037 1815 3091 1861 et
3146 1806 3433 1876 discipulis

170 1904 460 1974 βλέποντες
486 1904 725 1976 παρόντα
751 1904 843 1957 τὸν
882 1903 1105 1975 Κύριον.
1136 1902 1323 1966 Οὕτως
1353 1903 1448 1956 καὶ
1469 1904 1498 1955 6
1533 1902 1742 1964 Παῦλος

1848 1897 2273 1967 subjiciebantur
2311 1897 2577 1954 daemonia
2596 1898 2661 1949 “.
2695 1896 2760 1951 Et
2820 1912 2983 1967 super
3027 1895 3265 1952 Eliscum
3305 1912 3431 1967 pru-

173 1994 507 2065 παρήγγειλε
548 1998 659 2059 τοῖς
708 1994 1039 2065 ἀκαθάρτοις
1092 1994 1416 2064 πνεύμασιψ
1440 1993 1613 2057 οὕτως
1647 1994 1742 2046 καὶ

1848 1990 2065 2060 plietain
2106 1989 2246 2045 facta
2279 2000 2365 2046 est
2402 2007 2600 2047 manus
2637 1990 2851 2045 Domini
2876 1990 2944 2057 “,
2970 2004 3095 2045 cum
3132 1989 3307 2043 tribus
3346 2004 3431 2043 re-

168 2084 280 2146 τοΞς
330 2080 601 2153 μαθηταῐς
648 2084 982 2136 ύπετάσσετο
1035 2082 1102 2135 τὰ
1143 2082 1414 2152 δαιμόνια.
1480 2083 1588 2136 Καὶ
1650 2082 1742 2134 ἐπὶ

1848 2081 2005 2150 gibus
2057 2082 2400 2151 prophetavit
2438 2082 2507 2138 de
2562 2084 2719 2153 aquis
2762 2101 2774 2138 :
2823 2083 2951 2138 dum
2992 2082 3200 2138 scilicet
3229 2082 3431 2153 psaltes

181 2178 485 2231 Ἐλισσαίου
539 2178 595 2232 ει
638 2176 731 2230 τοῦ
762 2178 1039 2250 προφήτου
1083 2176 1297 2245 ἐγένετο
1343 2177 1462 2248 χεὶρ
1512 2175 1740 2248 Κυρίου,

167 2269 266 2321 καὶ
293 2270 664 2340 προεφήτευσε
699 2268 829 2340 περὶ
869 2269 977 2321 τῶν
1014 2267 1219 2321 ὑδάτων
1271 2270 1381 2329 τοίς
1418 2267 1563 2336 τρισὶ
1591 2265 1742 2337 βασι-

169 2358 376 2422 λεῦσιν,
430 2360 519 2413 ὅτε
556 2358 751 2428 ἔψαλλε
810 2361 930 2412 κατ’
962 2358 1182 2429 ἐντολὴν
1219 2357 1383 2411 αὐτοῦ
1436 2359 1465 2411 6
1505 2356 1739 2427 ψάλλων.

166 2451 357 2514 Οὕτως
388 2451 482 2505 καὶ
508 2449 621 2513 νῦν,
650 2452 703 2504 ετ
726 2468 809 2514 τις
830 2450 1050 2521 κήδεται
1076 2448 1184 2503 τῶν
1212 2450 1546 2519 πασχόντων,
1574 2449 1744 2503 ταῦτα

168 2540 393 2609 λεγέτω,
424 2540 520 2594 καὶ
576 2539 773 2612 μᾶλλον
807 2540 896 2593 τόν
945 2557 1005 2593 τε
1066 2540 1342 2611 πάσχοντα
1380 2539 1579 2610 ὠφελεῖ
1615 2540 1741 2608 (9'),

169 2634 264 2686 καὶ
301 2631 494 2687 ἑαυτοῦ
522 2633 620 2704 τὴν
670 2633 853 2686 πίστιν
880 2631 1054 2705 άληθῆ
1103 2632 1198 2685 καὶ
1238 2631 1458 2702 βεϐαίαν
1482 2631 1742 2697 ἐπιδείξε-

166 2741 279 2780 ται·
315 2724 477 2788 ὥστε,
530 2725 624 2779 καὶ
674 2724 878 2793 ταύτην
929 2724 1141 2795 ὁρῶντα
1183 2723 1293 2776 τὸν’
1339 2722 1494 2787 Θεὸν,
1533 2722 1741 2777 τελείαν

169 2816 269 2887 τὴν
296 2815 595 2888 θεραπείαν
630 2818 932 2886 παρασχεῖν
956 2816 1068 2876 τοῖς
1095 2813 1388 2884 δεομένοις.
1436 2811 1608 2866 Τοῦτο
1634 2812 1741 2885 γὰρ

170 2907 265 2960 καὶ
296 2908 324 2959 6
364 2909 519 2973 ἅγιος
555 2904 857 2972 γινώσκων,
888 2904 1074 2973 ἔλεγεν
1128 2905 1186 2957 ιν
1246 2903 1326 2975 τῷ
1382 2903 1739 2978 ριη¹ψαλμῷ’

180 2996 286 3052 Ἐν
306 2996 431 3062 τοῖς
451 2995 804 3064 δικαιώμασί
858 3011 975 3050 σου
1007 2994 1343 3065 μελετήσω,
1378 2998 1489 3049 οὐκ
1536 2994 1743 3061 ἐπιλή-

167 3098 351 3151 σομαι
370 3083 489 3137 τῶν
519 3085 715 3153 λόγων
770 3097 907 3141 σου·
960 3086 1053 3139 καὶ
1098 3085 1280 3141 πάλιν·
1339 3085 1547 3140 Tala)
1577 3081 1742 3155 ἦσάν

162 3191 263 3243 μοι
286 3174 356 3228 τὰ
384 3174 739 3246 δικαιώματά
775 3192 891 3231 σου
944 3176 1015 3229 ἐν
1048 3177 1207 3242 τόπῳ
1248 3177 1559 3244 παροικίας
1598 3194 1737 3247 μου.

180 3266 272 3319 Ἐν
298 3266 504 3329 τούτοις
528 3266 637 3339 γὰρ
660 3268 751 3319 καὶ
782 3267 1053 3338 σωτηρίαν
1092 3268 1398 3340 ἐκέρδαινον
1420 3310 1434 3334 ,
1469 3246 1736 3338 λέγοντες
1767 3246 1809 3305 C

168 3361 240 3414 ει
257 3359 345 3429 μὴ
375 3360 464 3413 ὅτι
497 3363 530 3413 ὀ
564 3359 745 3430 νόμος
782 3374 897 3414 σου
922 3360 1141 3431 μελέτη
1158 3378 1277 3429 μου
1316 3359 1469 3421 ἐστὶ.
1506 3363 1638 3416 τότε
1668 3362 1745 3416 ἂν

166 3452 500 3521 ἀπωαόμην
552 3451 625 3505 ἐν
670 3451 745 3521 τῇ
812 3450 1167 3507 ταπεινώσει
1185 3469 1327 3521 μου.
1384 3450 1546 3506 Ὅθεν
1596 3452 1689 3505 καὶ
1715 3453 1743 3505 6

167 3542 379 3607 Παῦλος
402 3546 461 3599 ιν
494 3542 703 3607 τούτοις
730 3544 1054 3615 ἡσφαλίζετο
1091 3543 1180 3596 τὸν
1218 3541 1410 3598 ἑαυτοῦ
1463 3542 1739 3614 μαθητὴν,

166 3633 366 3703 λέγων·
410 3635 602 3691 Ταῦτα
638 3634 881 3704 μελέτα,
927 3636 997 3690 ἐν
1040 3637 1274 3703 τούτοις
1322 3635 1466 3700 ισθι,
1492 3634 1593 3688 ἵνα
1624 3652 1740 3689 σου

164 3726 204 3791 ἡ
229 3726 509 3793 προκοπὴ
535 3725 760 3795 φανερὰ
786 3727 1046 3795 γένηται.
1106 3726 1291 3782 Ταῦτα
1340 3726 1435 3781 καὶ
1486 3726 1551 3780 σὺ
1591 3724 1748 3798 μελε-

161 3816 293 3880 τῶν,
320 3818 417 3872 καὶ
451 3817 687 3882 συνετῶς
712 3818 1056 3889 ἐντυγχάνων
1078 3817 1279 3882 -οΰτως
1334 3820 1445 3881 τοῖς
1490 3817 1743 3887 ψαλμοτς,

1844 2172 2001 2243 juxta
2025 2173 2144 2242 ejus
2176 2175 2492 2228 mandatum
2524 2175 2795 2241 psalleret.
2832 2173 3039 2229 Eodem
3070 2174 3236 2229 modo
3263 2175 3429 2230 etiam

1851 2279 1995 2319 nunc
2024 2265 2072 2319 si
2102 2267 2225 2336 quis
2260 2266 2325 2321 de
2352 2266 2682 2336 patientibus
2707 2266 2974 2321 sollicitus
3008 2268 3099 2331 sit,
3130 2268 3234 2321 ista
3259 2267 3428 2331 dicat.

1848 2358 2251 2428 patientemque
2294 2360 2449 2413 valde
2486 2359 2718 2429 juvabit,
2744 2373 3010 2429 suamque
3047 2358 3211 2414 tidem
3240 2374 3428 2414 veram

1849 2448 2171 2519 firmamque
2214 2450 2630 2520 comprobabit;
2670 2449 2806 2504 adeo
2853 2459 2912 2503 ut
2950 2449 3097 2503 illam
3156 2448 3300 2505 Deus
3346 2450 3430 2504 in-

1850 2550 2028 2608 tuens,
2072 2542 2367 2613 perfectam
2415 2543 2705 2598 sanitatem
2744 2541 3068 2613 rogantibus
3104 2541 3325 2597 tribuat.
3370 2540 3428 2595 ιιι

1847 2646 1974 2687 cum
2011 2643 2365 2704 cognosceret
2408 2643 2630 2689 sanctus
2663 2634 2773 2700 iHe,
2813 2633 2993 2687 aiebat
3034 2633 3089 2686 in
3129 2633 3431 2689 centesimo

1848 2720 2060 2776 decimo
2108 2734 2302 2777 octavo
2343 2723 2555 2793 psalmo
2606 2741 2618 2775 :
2681 2720 2747 2775 In
2790 2720 3267 2790 justiﬁcationibus
3322 2723 3427 2777 tuis

1849 2814 2165 2878 meditabor,
2212 2830 2314 2869 non
2352 2814 2632 2870 obliviscar
2662 2830 2921 2869 sermones
2969 2824 3084 2867 tuos
3100 2813 3167 2869 δ’.
3208 2812 3274 2869 Et
3305 2830 3429 2869 rur-

1850 2920 1971 2960 sum
2013 2923 2026 2958 :
2068 2904 2371 2959 Cantobiles
2417 2905 2546 2958 milii
2590 2913 2741 2959 erant
2776 2902 3186 2973 justiﬁcationcs
3227 2912 3333 2958 tua
3371 2904 3427 2957 in

1849 2995 1963 3049 loco
1994 2997 2431 3067 peregrinationis
2462 3013 2588 3051 mea
2604 2996 2671 3051 “.
2703 2996 2758 3050 In
2798 2997 2883 3051 his
2903 2995 3047 3051 enim
3074 2995 3237 3050 etiam
3278 2996 3427 3052 salu-

1848 3094 1956 3140 tem
2009 3087 2288 3141 consecuti
2329 3098 2476 3153 sunt,
2512 3086 2755 3141 dicentes
2798 3101 2814 3139 :
2854 3083 2977 3140 Nisi
3022 3084 3161 3155 quod
3200 3086 3283 3139 lex
3332 3095 3427 3138 tua

1848 3179 2123 3234 meditatio
2159 3195 2274 3234 mea
2306 3188 2404 3247 est,
2437 3190 2560 3234 tunc
2589 3180 2724 3250 forte
2751 3180 3017 3249 periissem
3044 3180 3097 3232 in
3127 3178 3428 3234 humilitate

1848 3288 1963 3327 mea
1979 3273 2045 3328 “.
2092 3272 2241 3329 Unde
2267 3282 2321 3329 et
2348 3272 2550 3329 Paulus
2582 3273 2670 3328 his
2705 3274 2836 3343 ipsis
2868 3272 3227 3328 con-firmabat
3258 3271 3428 3327 disci-

1849 3365 2037 3434 pulum
2074 3380 2234 3419 suum
2267 3366 2456 3421 dicens
2480 3367 2523 3398 “
2556 3384 2570 3420 :
2613 3365 2740 3420 Hac
2772 3368 3043 3431 meditare,
3085 3366 3141 3419 in
3176 3364 3257 3419 liis
3289 3374 3420 3423 esto.

1848 3464 1907 3507 ut
1934 3455 2198 3524 profectus
2229 3464 2346 3510 tuus
2387 3457 2698 3526 manifestus
2728 3458 2817 3510 sit.
2853 3455 2979 3511 Hac
3012 3457 3175 3511 etiam
3211 3466 3267 3511 tu
3305 3473 3423 3511 me-

1846 3540 2049 3606 ditans,
2086 3551 2251 3614 atque
2289 3545 2364 3599 ita
2400 3545 2639 3615 psalmos
2675 3546 2952 3615 sapienter
2990 3545 3194 3617 legens,
3231 3547 3425 3602 unius.

1847 3632 2113 3704 cujusque
2156 3648 2400 3698 sensum,
2450 3635 2657 3706 Spiritu
2693 3636 2843 3704 duce,
2886 3635 3147 3707 consequi
3194 3637 3419 3707 poteris.

1853 3721 2038 3778 Talem
2080 3740 2211 3781 vero
2258 3726 2426 3781 vitam
2470 3735 2527 3782 tu
2572 3742 2791 3797 quoque
2836 3727 3158 3790 imitaberis,
3203 3726 3419 3798 qualem

1851 3816 2180 3882 habuerunt,
2221 3818 2315 3888 qui
2357 3818 2473 3873 haec
2499 3818 2666 3874 locuti
2706 3828 2831 3874 sunt
2860 3818 3049 3875 deileri
3092 3818 3265 3875 sancti
3292 3817 3415 3873 viri.

161 3912 257 3965 τὸν
285 3912 388 3984 μιν
428 3914 487 3967 ὲν
513 3914 727 3985 ἑκάστῳ
749 3913 874 3969 νοῦν
896 3913 1298 3983 ὁδηγούμενοι,-
1327 3911 1445 3967 ῠπὸ
1474 3911 1581 3965 τοῦ
1618 3908 1964 3981 Πκεύματος
2011 3911 2339 3967 καταλαϐεῖν
2387 3912 2607 3985 δυνήσῃ.
2662 3913 2913 3969 Τοιοῦτον
2965 3914 3022 3970 δὲ
3068 3914 3163 3969 καὶ
3212 3914 3276 3967 σὺ
3326 3912 3422 3985 ζη-

164 4001 358 4068 λώσεις
390 4004 526 4076 βίον,
553 4001 664 4059 οἷον
684 4006 843 4078 ῑσχον
869 4007 919 4060 ol
942 4004 1118 4060 ταῦτα
1143 4003 1555 4079 θεοφορούμενοι
1576 4002 1904 4076 λαλήσαντες
1934 4004 2125 4077 ἄνδρες
2146 4005 2312 4075 άγιοι.

166 4135 209 4167 ³⁷
238 4134 362 4192 Act.
394 4150 510 4201 ιιι,
540 4134 725 4190 ιισισ.
795 4135 841 4167 ³⁸
870 4134 1002 4191 Luc.
1034 4151 1153 4202 VIII,
1180 4134 1270 4189 28.
1352 4134 1395 4168 ”
1426 4134 1543 4190 Act.
1578 4150 1691 4198 xw,
1718 4136 1740 4190 l

1893 4136 1940 4169 “
1964 4134 2097 4194 Luc.
2124 4155 2179 4207 ι,
2215 4139 2301 4195 l7.
2358 4140 2401 4172 “
2433 4137 2501 4196 IV
2528 4137 2658 4213 Reg.
2688 4156 2770 4207 ιιι,
2806 4141 2893 4197 15.
2971 4140 3016 4173 δ’
3046 4138 3191 4197 Psal.
3224 4154 3416 4211 sunt,

165 4227 255 4284 i6.
356 4226 404 4261 “
431 4228 565 4283 ibid.
594 4228 683 4283 δι.
778 4229 825 4261 ⁵⁸
854 4230 987 4287 ibid.
1021 4229 1110 4285 99.
1210 4229 1256 4261 ⁸⁸
1282 4228 1304 4284 ι
1331 4227 1472 4284 Tim.
1511 4244 1584 4295 Iv,
1615 4230 1702 4286 15.

236 4342 339 4415 (οο)
391 4342 697 4414 ὀφιλήσιι.
725 4342 813 4397 ed.

428 4588 1129 4685 ADMONITIO
1206 4594 1329 4683 IN
1403 4588 2298 4683 EXPOSITIONES
2370 4591 3141 4691 PSALMORUM.

219 4830 485 4942 pugiles!!!
526 4828 763 4879 habemus
784 4829 1033 4903 Athanasii
1057 4829 1415 4893 expositionem
1450 4832 1498 4880 in
1524 4832 1760 4882 Psalmos.
1790 4832 2011 4883 Priorem
2031 4832 2239 4883 exhibet
2257 4830 2412 4882 editio
2432 4828 2647 4882 Maurlna
2667 4836 2801 4905 ebea
2829 4836 2987 4885 estad
3013 4848 3157 4906 quam
3179 4836 3259 4887 hic
3282 4852 3409 4901 prie-

219 4906 287 4942 .ur
360 4890 719 4942 ontfauconlus.
750 4894 827 4941 cul
851 4900 999 4941 etiam
1021 4893 1260 4942 accedunt
1281 4895 1623 4942 supplementa
1650 4893 1709 4941 ab
1734 4896 1840 4942 luso
1880 4897 2187 4942 postmodum
2210 4896 2342 4942 edlta
2364 4907 2474 4942 cum
2507 4894 2759 4942 Athanasii
2781 4898 3138 4942 Araumenmm
3166 4899 3390 4942 Psalmna

157 4893 287 4963 ρων
305 4890 719 4963 ᾊοιιιῐουεοιιὶιιι,
750 4894 827 4941 cul
851 4896 999 4963 etiam
1021 4890 1261 4963 succidunt
1281 4895 1623 4963 supplementa
1650 4893 1709 4941 ab
1734 4896 2187 4963 lpsopostmodum
2210 4896 2342 4963 edita
2364 4890 3073 4963 cum__._uhauasii_.4rgurnenio
3090 4896 3138 4949 in
3164 4890 3403 4963 {galina

155 4954 535 5066 3905ὶὶἓίοέξὲ
560 4956 763 5003 alteram
786 4966 876 5003 seu
898 4955 1076 5004 librum
1114 4956 1184 5005 De
1209 4954 1359 5005 titulis
1380 4954 1712 5006 ‘Psalmorum
1743 4954 1931 5018 publici
1969 4958 2096 5020 juris
2130 4957 2247 5007 fecit
2277 4957 2533 5007 Antonelll
2573 4960 2711 5017 cujus
2750 4954 3095 5011 Prai'fatioaem
3136 4959 3248 5011 vide
3282 4962 3408 5014 intra

225 5187 265 5244 Ι.
307 5185 681 5257 Βεροεὲιίοηεε
723 5190 896 5245 sancti
924 5190 1207 5245 Athanasii
1246 5192 1300 5246 in
1341 5190 1581 5248 Psalmos
1626 5195 1865 5249 sistimus
1907 5194 2024 5259 tibi,
2054 5193 2242 5249 Lector
2287 5193 2510 5259 erudite,
2546 5192 2671 5247 illas
2702 5194 2899 5249 scilicet
2935 5196 3027 5249 diu
3066 5199 3343 5267 expetitas,
3373 5216 3405 5253 a

151 5284 341 5337 multis
373 5283 646 5351 laudatas,
673 5286 925 5355 antique,
962 5285 1164 5351 medic,
1195 5286 1390 5355 infima:
1418 5289 1593 5341 etatis
1623 5290 1945 5344 auctoribus.
1989 5287 2227 5352 Quarum
2265 5286 2692 5356 άποσιιασμάτια
2718 5293 2955 5360 quaedam
2989 5290 3043 5343 in
3080 5291 3225 5359 prius
3247 5293 3403 5347 editis

148 5375 455 5430 exstabant.
496 5372 682 5429 Utrum
722 5392 839 5431 vero
864 5377 919 5429 lii
947 5379 1306 5431 commentarii
1339 5380 1569 5447 idipsum
1593 5380 1696 5433 sint
1716 5384 1854 5451 quod
1878 5382 2010 5435 liber
2040 5380 2114 5435 De
2136 5380 2305 5436 titulis
2326 5381 2659 5453 psalmorum
2684 5381 2748 5434 ab
2788 5380 3104 5451 Hieronymo
3126 5382 3402 5448 laudatus,

150 5473 208 5516 ut
238 5464 431 5533 nuperi
456 5465 731 5533 cujusdam
754 5465 855 5534 fert
884 5468 1080 5536 opinio,
1104 5483 1204 5521 non
1226 5478 1306 5521 sat
1340 5468 1672 5538 exploratum
1694 5484 1807 5537 est;
1839 5474 1894 5525 id
1918 5489 2046 5527 sane
2076 5474 2121 5528 si
2148 5489 2325 5527 verum
2354 5481 2506 5540 esset,
2542 5483 2643 5526 non
2675 5476 2941 5530 commode
2965 5475 3095 5529 satis
3128 5476 3404 5544 inscriptio

146 5562 325 5628 posita
353 5560 562 5631 fuisset,
596 5577 715 5615 cant
741 5578 841 5617 non
874 5564 939 5617 de
966 5564 1139 5619 titulis
1184 5569 1359 5631 modo,
1383 5567 1473 5621 sed
1504 5569 1664 5621 etiam
1700 5569 1765 5623 de
1790 5570 2059 5625 uersiculis
2101 5571 2339 5625 omnibus
2376 5572 2459 5624 hic
2485 5580 2692 5642 agatur.
2726 5568 2831 5635 Qui
2858 5570 3093 5640 proxime
3118 5571 3402 5624 secundum

150 5649 542 5723 Hieronymum
569 5654 724 5709 hasce
748 5658 1097 5724 expositiones
1134 5657 1373 5713 laudauit
1394 5701 1409 5727 ,
1439 5669 1518 5714 est
1552 5659 1922 5725 Theodoreus.
1953 5664 2001 5718 si
2027 5675 2201 5718 tamen
2229 5681 2345 5735 qua
2372 5676 2657 5735 sequuntur
2681 5680 2782 5718 non
2809 5664 2914 5717 sint
2940 5663 3217 5733 cujusdam
3248 5680 3399 5716 oma-

146 5740 361 5831 nucnsis
384 5741 521 5810 regii
546 5743 741 5796 codicis
763 5742 870 5798 228
894 5745 1273 5815 antiquissimi,
1299 5749 1389 5804 ubi
1418 5760 1627 5804 exstant
1657 5748 2035 5821 Espositiones
2067 5747 2391 5813 Theodoreti
2416 5759 2470 5812 in
2491 5758 2677 5815 titulos
2702 5760 3070 5831 psalmorum;
3107 5776 3216 5815 stac
3252 5760 3399 5813 illius

147 5830 305 5885 uerba
325 5841 452 5887 sunt
478 5831 543 5887 de
572 5832 778 5901 psalmo
798 5850 885 5892 otx
913 5836 1212 5907 loquentis:
1241 5842 1301 5896 '0
1330 5843 1387 5897 δὲ
1416 5843 1569 5913 ἅγιος
1596 5842 1742 5898 Ἀθαι

1853 5862 1911 5911 ος
1939 5847 2081 5903 οὕτω
2114 5850 2281 5919 φησί·
2323 5868 2343 5903 ι
2365 5850 2475 5921 Την
2509 5850 2649 5906 κατὰ
2684 5830 2860 5924 σάρκα
2891 5853 3142 5924 γέννησιν
3170 5850 3264 5905 τοῦ
3289 5852 3403 5907 Ku-
