4032 6424
641 399 708 452 ι’]
1475 387 1531 440 S.
1577 384 1950 438 ATHANASII
1986 385 2134 439 UPP.
2179 383 2356 438 PARS
2397 384 2481 438 Ill.
2519 416 2589 426 —-
2628 383 3035 441 EXEGETICA.
3799 385 3866 442 ιι

643 517 759 588 ρίου
785 510 873 568 διὰ
901 509 1009 563 τῶν
1047 507 1330 580 παρόντων
1367 502 1785 572 κατασημαενει,
1836 504 1929 554 καὶ
1957 503 2045 553 τὸν
2091 502 2438 569 εὐαγγελικὸν
2481 502 2642 554 αὑτοῦ
2677 502 2838 572 νόμον
2870 503 2960 555 τὸν
2992 501 3104 572 (10)
3139 503 3355 557 πάντων
3383 500 3741 574 κυριεύσαντα
3764 504 3870 558 τῶν

643 604 831 667 ιονῶν,
863 603 952 656 καὶ
976 600 1072 672 τὴν
1099 602 1178 661 εἰς
1204 598 1462 668 οὐρανοὺς
1507 597 1689 650 ἄνοδον
1722 597 1908 662 αὐτοῦ,
1943 592 2009 667 ἧς
2041 600 2132 650 καὶ
2163 599 2465 669 ἀπάρχεται
2499 599 2525 648 ὁ
2555 596 2765 666 ψαλμὺς
2794 597 2966 666 λέγων
3005 613 3018 626 ο
3049 597 3232 649 Εἷς-τεν
3264 600 3296 651 ό
3330 598 3543 665 Κύριος
3575 595 3654 662 τῷ
3680 599 3872 666 Κυρίῳ

637 716 756 766 μου
788 715 800 727 ·
843 696 1040 752 Κάθου
1094 696 1160 749 ἐκ
1216 692 1431 752 δεξιῶν
1481 710 1597 761 μου
1644 691 1756 758 ἕως
1797 691 1874 746 ᾶν
1921 692 2000 746 θῶ
2048 693 2189 759 τοὺς
2234 694 2484 762 ἐχθρούς
2537 711 2652 746 σου
2695 693 3028 747 ὑποπόδιον
3062 692 3178 745 τῶν
3209 691 3409 745 ποδῶν
3443 709 3578 747 σου.
3615 692 3871 763 Ἐχθροὺς

638 794 696 848 δὲ
723 793 752 845 6
791 791 1107 854 Ἇπόπολος
1133 790 1283 862 δηλοί
1311 789 1480 856 λέγων
1509 787 1618 858 (11)
1645 802 1659 815 ·
1695 790 1992 855 Ἕσχατος
2044 789 2230 858 ἐχθρὰ

2297 789 2665 860 καταργεῖται
2697 793 2728 842 d
2754 788 3024 855 θάνατος.
3067 808 3086 840 s
3116 787 3228 842 Hoc
3257 799 3332 842 est
3366 804 3384 842 :
3429 787 3660 844 Sanctus
3689 797 3868 842 autem

638 886 973 940 Athanasius
999 885 1072 939 ita
1101 883 1340 953 loquitur
1371 902 1387 940 :
1419 902 1438 934 ι
1469 882 1629 938 Hisce
1659 883 1837 938 verbis
1865 885 2266 954 generationem
2295 883 2506 938 Domini
2537 883 2832 938 secundum
2863 897 3082 936 carnem
3111 881 3401 951 signiﬁcat,
3425 892 3478 936 et
3505 881 3870 953 evangelicam

639 977 761 1044 ejus
787 976 978 1046 legem,
1007 989 1126 1045 qua
1154 974 1406 1028 omnibus
1436 973 1687 1043 gentibus
1710 972 2026 1028 dominatur
2052 993 2062 1027 :
2094 985 2255 1044 atque
2289 972 2409 1042 ejus
2441 988 2728 1028 ascensum
2761 973 2813 1027 in
2845 972 3031 1037 caelos,
3063 989 3222 1042 quem
3250 985 3472 1030 enarrat
3509 977 3756 1046 psalmus
3785 977 3872 1031 di-

641 1071 815 1125 cendo
843 1087 856 1122 :
901 1067 1051 1123 Dixit
1082 1067 1335 1122 Dominus
1375 1067 1597 1122 Domino
1645 1083 1755 1121 meo
1783 1082 1801 1120 :
1830 1068 1947 1123 sede
1970 1086 2001 1120 a
2030 1068 2230 1123 dextris
2254 1069 2401 1132 meis,
2429 1068 2590 1121 donec
2611 1085 2803 1137 ponam
2825 1067 3066 1120 inimicos
3091 1077 3209 1121 tuos
3229 1069 3513 1124 scabellum
3540 1070 3728 1139 pedum
3752 1080 3871 1124 tuo-

641 1182 781 1220 rum.
821 1163 1054 1231 Quinam
1079 1163 1281 1218 inimici
1305 1164 1434 1229 sint,
1452 1165 1689 1221 declarat
1717 1166 2008 1237 Apostolus
2046 1165 2130 1218 his
2172 1163 2348 1218 verbis
2377 1181 2390 1216 :
2427 1162 2732 1217 Novissima
2755 1162 2987 1216 omnium
3017 1161 3315 1218 destruetur
3340 1180 3482 1219 mors
3515 1163 3582 1221 “.
3635 1183 3655 1217 s
3701 1162 3870 1230 Quem

641 1261 810 1314 locum
841 1259 1085 1329 inferius,
1115 1258 1267 1310 initio
1297 1261 1656 1314 commentarii
1686 1261 1740 1315 in
1763 1259 2025 1328 psalmum
2048 1273 2157 1322 Ctx,
2186 1257 2445 1327 integrum
2475 1256 2714 1326 legimus.

715 1350 777 1407 ll.
809 1351 1114 1405 Chronicon
1149 1358 1321 1401 autem
1359 1348 1806 1414 Alexandrinum,
1834 1348 2052 1416 septimo
2083 1345 2276 1400 saeculo
2308 1346 2681 1413 conscriptum,
2719 1361 2770 1413 p.
2798 1344 2926 1409 223,
2958 1346 3068 1399 litec
3101 1345 3252 1399 habet
3284 1361 3303 1398 :
3336 1345 3445 1400 Kal
3470 1347 3499 1400 ὁ
3533 1349 3684 1415 ἅγιος
3713 1344 3872 1400 ’Δθαο

639 1443 818 1504 νάσιος
841 1438 1152 1510 ἑρμηνεύων
1180 1437 1269 1491 τὸν
1301 1437 1412 1509 ρλα¹
1441 1437 1675 1508 ψαλμὸν,
1709 1437 1941 1511 ἔγραψεν
1975 1435 2145 1499 οὓτως
2169 1452 2184 1466 ·
2220 1454 2238 1486 i
2282 1435 2619 1503 Ἀνάστηθι,
2645 1437 2837 1504 Κύριε,
2871 1439 2957 1503 εἰς
2975 1437 3090 1505 τὴν
3114 1438 3463 1504 ἀνάπανσίν
3492 1453 3625 1493 σου.
3655 1439 3765 1508 Τὴν
3791 1440 3873 1502 εἰς

636 1531 896 1603 οὐρανοὺς
928 1528 1193 1600 ἀνάληψιν
1237 1525 1647 1580 ὲπισπεύδουσιν
1677 1525 1861 1580 αὐτοῦ.
1907 1525 1990 1580 Σὺ
2022 1525 2120 1578 καὶ
2149 1527 2186 1593 ή
2218 1525 2462 1590 κιϐωτὸς
2492 1525 2596 1578 τοῦ
2625 1525 2987 1594 ἁγιάσματός
3014 1541 3150 1581 σου.
3179 1528 3288 1599 Τὴν
3315 1529 3475 1596 ἁγίαν
3502 1527 3664 1582 αὑτοῦ
3693 1529 3871 1601 σάρκα

638 1629 792 1700 φησι·
828 1629 944 1698 μετ’
962 1625 1130 1696 αὐτῆς
1168 1624 1277 1695 γάρ
1305 1622 1598 1694 ἀνελήφθη.
1633 1623 1706 1676 Οὐ
1735 1621 1843 1694 γὰρ
1875 1621 2276 1691 ἀποσαρκοῦται
2307 1622 2386 1683 εἰς
2414 1621 2539 1679 τοὺς
2569 1621 2876 1692 ἀγηράτους
2907 1621 3108 1686 αἰῶνας
3132 1623 3239 1679 τῶν
3265 1621 3494 1676 αἰώνων.
3523 1642 3540 1674 ι
3577 1621 3643 1675 Id
3672 1633 3779 1676 est:
3805 1621 3872 1679 Et

636 1729 857 1776 sanctus
885 1716 1215 1772 Athanasius
1243 1716 1509 1786 psalmum
1539 1731 1696 1770 cxxxu
1730 1715 2111 1784 interpretans,
2147 1715 2218 1768 ita
2248 1714 2437 1768 scribit
2466 1732 2478 1767 :
2512 1732 2528 1764 ι
2561 1711 2746 1782 Surge,
2777 1712 3017 1778 Domine,
3067 1716 3121 1766 in
3177 1714 3400 1783 requiem
3437 1722 3599 1765 tuam.
3649 1710 3780 1781 Ejus
3814 1711 3870 1764 in

635 1812 803 1866 caelos
830 1823 1116 1865 ascensum
1156 1807 1263 1861 cito
1310 1807 1563 1861 accedere
1609 1805 1868 1874 gestiunt.
1907 1809 1980 1858 Tu
2009 1815 2054 1857 et
2087 1820 2212 1856 arca
2246 1804 2686 1872 sanctiﬁcationis
2719 1812 2844 1858 tute.
2887 1802 3142 1857 Sanctam
3174 1802 3293 1872 ejus
3321 1817 3538 1856 carnem
3572 1801 3721 1866 dicit,
3743 1816 3868 1856 cmn

636 1903 726 1958 illa
760 1916 992 1970 namque
1014 1908 1326 1968 assumptus
1359 1907 1474 1963 est;
1505 1911 1681 1964 neque
1706 1896 1849 1950 enim
1885 1910 2102 1949 carnem
2135 1895 2356 1948 dimittit
2384 1910 2478 1964 per
2508 1893 2717 1948 infinita
2757 1895 2952 1948 saecula
2991 1893 3332 1948 saeculorum.
3376 1912 3394 1943 ι
3440 1892 3568 1948 Ha'c
3592 1908 3746 1957 porro
3775 1892 3874 1945 lia-

636 1995 720 2047 bes
753 1995 806 2046 in
826 1992 1147 2061 expositione
1173 1991 1406 2060 ejusdem
1439 1991 1628 2059 psalmi
1652 1990 1891 2059 inferius,
1920 2008 1968 2044 v.
1988 1989 2039 2043 8.
2063 1989 2228 2043 Postrt

2280 2007 2337 2043 ia
2365 2001 2539 2044 autent
2564 1990 2739 2053 verba,
2779 1989 2896 2061 μετ’
2909 1989 3079 2059 αὐτῆς
3105 1989 3212 2060 γὰρ
3245 1987 3539 2059 ἀνελήφθη.
3576 1997 3704 2052 etc.,
3731 1988 3872 2042 desi-

634 2087 891 2142 derantur
919 2085 1011 2151 ibi,
1042 2085 1149 2139 sive
1172 2087 1295 2155 quia
1322 2101 1456 2154 stepe
1491 2086 1691 2138 codices
1718 2087 1903 2155 quibus
1932 2087 2014 2139 usi
2046 2102 2226 2140 sumus
2253 2086 2537 2139 sententias
2568 2089 2903 2144 detruncant,
2933 2089 3038 2138 sive
3063 2086 3186 2155 quia
3221 2084 3330 2138 ha:c
3358 2085 3584 2154 fortasse
3612 2083 3871 2152 glossema

635 2190 757 2234 sunt
797 2181 1032 2233 auctoris
1057 2178 1334 2233 Chronici.
1371 2178 1566 2233 Octavo
1591 2177 1802 2243 saeculo,
1827 2175 2117 2231 Germanus
2153 2177 2462 2246 patriarcha
2505 2175 3122 2247 Constantinopolitanus
3156 2177 3208 2228 in
3247 2175 3470 2244 epistola
3505 2175 3573 2228 ad
3619 2175 3870 2229 Thomam

631 2273 927 2340 episcopum
952 2269 1352 2340 Claudiopoleos
1381 2269 1492 2342 (12)
1545 2270 1653 2322 htrc
1682 2269 1834 2336 affert
1860 2284 1876 2320 :
1910 2267 2070 2319 Ἀλλὰ
2096 2269 2187 2320 κα).
2215 2287 2223 2318 t

2273 2268 2540 2338 μακάριος
2574 2267 2905 2330 Ἀθανάσιος,
2940 2267 3002 2318 τὸ
3029 2266 3301 2336 ψαλμικὸν
3336 2265 3649 2337 ἑρμηνεύων
3683 2265 3865 2338 ῥητόν

644 2363 698 2418 Ὀ
723 2364 1055 2433 καθήμενος
1087 2362 1186 2416 ἐπὶ
1220 2361 1327 2415 τὸν
1377 2361 1674 2431 χερουὸὶμ.
1715 2357 2025 2428 ἑμφὰνηθι,
2065 2359 2319 2430 τοιαύτην
2352 2359 2478 2429 περὶ
2498 2357 2673 2412 αὐτῶν
2700 2359 3059 2430 παραδίδωσιν
3088 2357 3295 2411 ἔννοιαν
3327 2377 3336 2389 ·
3377 2378 3396 2409 i
3433 2359 3621 2412 Καίτοι
3648 2357 3871 2412 ἐκείνων

630 2456 740 2509 τῶν
756 2454 1020 2527 χερουόὶμ
1035 2455 1103 2507 τά
1120 2454 1398 2524 ἀρχέτυπα
1417 2453 1666 2520 ἄγνωστα
1681 2453 1777 2521 τὴν
1808 2451 1967 2520 φύσιν
1993 2451 2297 2521 ἀνθρώποις
2323 2453 2663 2506 παντάπασιν
2677 2451 2806 2505 δντά
2827 2469 2840 2481 ·
2859 2451 3074 2522 πνεῦμα
3094 2449 3200 2521 γάρ
3218 2449 3311 2504 καὶ
3333 2448 3441 2522 πῦρ
3461 2449 3760 2520 ὑπάρχουσι
3777 2449 3872 2502 καὶ

633 2549 812 2620 πάσης
838 2546 1263 2618 σχηματοθεσίας
1292 2545 1542 2617 ἀλλότρια
1570 2547 1662 2598 καὶ
1687 2545 1917 2614 φύσεως.
1959 2565 1977 2597 ι
2030 2545 2144 2598 Hoc
2182 2563 2225 2600 et

2279 2564 2296 2599 :
2327 2545 2431 2601 Sed
2462 2557 2516 2602 et
2543 2548 2731 2603 beatus
2758 2547 3090 2604 Athanasius
3122 2548 3445 2618 psalmicum
3485 2549 3616 2603 illud
3658 2551 3866 2605 dictum

633 2641 944 2711 explicans:
973 2640 1076 2704 Qui
1099 2639 1242 2693 sedes
1267 2654 1421 2708 super
1462 2636 1747 2700 cherubim,
1778 2651 1968 2704 appare
1982 2635 2052 2702 ⁸⁷,
2080 2636 2237 2690 talem
2259 2638 2326 2690 de
2361 2636 2464 2690 illis
2495 2636 2657 2691 tradit
2686 2637 2930 2692 notitiam
2958 2656 2971 2692 :
3005 2656 3023 2688 ε
3054 2637 3166 2693 Etsi
3198 2638 3622 2694 chcruhinorum
3652 2641 3868 2696 illorum

633 2734 922 2804 archetypa
951 2739 1142 2786 natura
1174 2731 1282 2785 sint
1328 2726 1641 2783 hominibus
1685 2742 1908 2796 prorsus
1951 2727 2132 2796 ignota
2165 2746 2178 2780 :
2208 2727 2431 2796 spiritus
2455 2729 2598 2781 enim
2633 2736 2688 2782 et
2714 2727 2855 2799 ignis
2898 2738 3024 2784 sunt
3052 2739 3105 2784 ct
3129 2731 3304 2786 aliena
3331 2731 3400 2785 ah
3431 2734 3580 2787 omni
3603 2737 3871 2805 corporali

634 2826 821 2882 Itabitu
845 2833 899 2879 et
925 2831 1138 2878 natura.
1191 2842 1209 2868 ι
1243 2823 1347 2884 Qui
1390 2824 1534 2876 locus
1581 2823 1697 2876 ideo
1743 2838 1845 2875 non
1884 2831 2150 2890 comparet
2192 2824 2246 2875 in
2284 2824 2694 2891 expositionibus
2738 2826 2953 2892 nostris,
2983 2827 3123 2898 quod
3162 2827 3226 2880 ab
3257 2831 3664 2883 amanuensibus
3712 2833 3874 2886 omis-

632 2933 721 2972 sus
763 2916 922 2985 fuerit
971 2913 1289 2977 versiculus,
1319 2922 1374 2964 ut
1421 2920 1469 2965 et
1513 2911 1625 2964 alia
1671 2911 1862 2973 multa,
1902 2911 2039 2980 quod
2081 2927 2182 2980 qua
2220 2914 2421 2966 ratione
2453 2922 2655 2981 gestum
2693 2915 2762 2968 sit
2799 2931 2922 2968 mox
2954 2929 3226 2971 narratur.
3261 2911 3378 2972 Etsi
3416 2935 3532 2973 vero
3559 2919 3679 2974 huic
3706 2923 3872 2975 versi-

634 3009 753 3061 culo
780 3005 922 3073 :Qui
953 3005 1106 3060 sedes
1134 3018 1296 3074 super
1323 3003 1627 3066 cherubim,
1662 3001 2012 3058 manifestare
2035 3017 2218 3057 coram
2253 3001 2533 3073 Ephraim,
2566 3001 2870 3073 Benjamin,
2899 3013 2952 3058 et
2975 3004 3243 3070 Manasse,
3273 3010 3531 3077 expositio
3553 3027 3652 3064 sua
3679 3012 3873 3080 adjici-

635 3112 720 3155 tur
755 3101 995 3171 inferius,
1017 3098 1154 3170 psal.
1179 3115 1324 3163 uix,
1345 3116 1392 3152 v.
1431 3098 1483 3164 5,
1511 3116 1572 3153 ea
1607 3108 1742 3152 certe
1774 3098 2056 3152 secundam
2081 3097 2252 3152 solum
2275 3099 2516 3152 versiculi
2540 3107 2742 3168 partem
2768 3109 2987 3170 spectat,
3012 3101 3359 3157 manifestare
3380 3119 3565 3159 coram
3586 3106 3870 3176 Ephraim,

632 3192 913 3265 Benjamin
946 3203 998 3246 et
1024 3191 1293 3256 Manusse,
1318 3191 1616 3244 nullatenus
1647 3201 1819 3244 autem
1841 3192 2065 3258 primam
2092 3207 2110 3244 :
2145 3191 2248 3256 Qui
2283 3192 2438 3247 sedes
2463 3208 2624 3263 super
2649 3194 2957 3258 cherubim,
2984 3205 3040 3250 ut
3074 3197 3194 3250 hinc
3216 3200 3493 3268 propalant
3524 3202 3592 3255 sit
3619 3204 3873 3256 omissam

631 3288 796 3357 fuisse
821 3286 1008 3338 horum
1038 3282 1534 3350 interpretationem.
1571 3281 1703 3334 Item
1734 3279 2001 3334 Adrianus
2032 3278 2061 3334 I
2092 3281 2311 3350 epistola
2334 3283 2402 3333 ad
2440 3280 2691 3335 Carolum
2719 3282 2972 3353 Magnum
3000 3287 3131 3358 (15),
3158 3289 3295 3342 hunc
3327 3292 3637 3345 versiculum
3678 3310 3872 3347 memo-

633 3400 759 3438 rans
783 3397 802 3436 :
837 3379 1081 3444 Domine,
1108 3377 1162 3431 in
1189 3377 1404 3431 civitate
1443 3383 1534 3429 tua
1573 3373 1860 3445 imaginem
1894 3373 2135 3443 ipsorum
2160 3373 2226 3427 ad
2256 3373 2484 3426 nihilum
2507 3373 2716 3444 rcdiges
2729 3374 2799 3439 "',
2822 3377 2936 3437 [nec
2953 3378 3138 3446 adjicit
3162 3394 3179 3431 :
3203 3401 3220 3430 ε
3246 3381 3373 3434 Item
3393 3386 3562 3438 sancti
3586 3383 3870 3440 Athanasii

634 3479 711 3538 De
749 3476 1173 3547 interpretatione
1204 3474 1546 3541 psalmorum,
1577 3471 1716 3525 inter
1744 3479 1938 3526 caetera
1967 3487 1981 3524 :
2013 3469 2217 3524 Civitas
2250 3468 2394 3522 enim
2427 3467 2661 3535 Domini,
2684 3485 2805 3539 quae
2833 3485 3075 3539 sursum,
3106 3471 3405 3528 Jerusalem
3436 3494 3448 3529 :
3481 3477 3658 3548 imago
3683 3490 3866 3534 autem

633 3586 847 3634 eorum,
871 3568 1160 3624 terrestris.
1189 3565 1345 3632 Quod
1374 3565 1516 3619 enim
1543 3563 1672 3618 dicit
1700 3564 1805 3617 tale
1837 3574 1919 3618 est
1949 3582 1963 3617 :
2003 3561 2272 3629 Quoniam
2314 3563 2626 3628 terrestris,
2660 3565 2867 3633 inquit,
2897 3567 3070 3620 induti
3116 3579 3262 3632 sunt,
3310 3569 3598 3640 imaginem
3627 3613 3641 3636 ,
3673 3583 3728 3628 et
3757 3590 3867 3629 non

635 3661 892 3726 celestis,
921 3669 1137 3730 propter
1165 3657 1267 3711 hoc
1287 3656 1353 3710 ad
1386 3655 1616 3709 nihilum
1648 3655 1978 3723 redigentur.
2005 3653 2240 3707 Audient
2267 3654 2408 3708 enim
2435 3653 2523 3707 illo
2555 3665 2812 3723 tempore,
2844 3654 3033 3710 Nescio
3063 3675 3148 3713 vos
3164 3663 3208 3692 δ’
3235 3679 3247 3715 :
3288 3671 3471 3733 utpote
3500 3679 3607 3719 non
3649 3666 3873 3724 indutos

631 3755 820 3810 eadem
851 3750 1061 3808 Domini
1092 3749 1342 3817 imagine.
1371 3766 1390 3798 ι
1427 3744 1555 3800 Hcce
1589 3745 1764 3798 omnia
1795 3744 1981 3798 videsis
2003 3742 2201 3812 psalm.
2237 3759 2406 3810 uxtt,
2433 3760 2480 3798 v.
2505 3743 2595 3806 20,
2633 3744 2701 3796 ad
2733 3744 2868 3798 hunc
2893 3762 3113 3801 versum.

705 3842 791 3898 Ill.
824 3843 904 3896 Ad
928 3842 1036 3894 ha’c
1063 3843 1117 3891 in
1143 3837 1317 3891 codice
1348 3834 1470 3906 Reg.
1511 3835 1652 3890 22l9
1691 3833 1976 3904 explicatio
2023 3832 2168 3887 illius
2209 3849 2384 3888 versus
2416 3850 2434 3887 :
2467 3832 2545 3888 Tu
2577 3850 2635 3888 es
2666 3836 2918 3892 sacerdos
2971 3837 3025 3891 in
3059 3850 3346 3906 aeternum,
3380 3844 3656 3912 ipsissimis
3700 3849 3868 3905 verbis

631 3935 876 4004 αππιαν,
902 3940 958 3984 ut
989 3929 1180 3999 legitur
1198 3930 1332 3998 psal.
1357 3947 1466 3994 crs,
1492 3947 1537 3984 v.
1571 3932 1622 3984 4.
1648 3928 1816 3998 Super
1844 3931 1952 3984 hac
1976 3929 2156 3982 omnia
2189 3927 2408 3983 Nicetas
2435 3928 2727 3995 Heracleae,
2755 3941 2812 3985 ut
2837 3933 2989 3986 habet
3021 3932 3404 3993 Felcltmannus
3430 3941 3650 4010 inferius
3678 3941 3868 4000 Monit.

633 4027 689 4081 in
721 4023 962 4098 Fragm.,
1000 4025 1360 4095 Expositiones
1392 4029 1669 4082 Athanasii
1704 4029 1756 4081 in
1789 4026 2060 4089 Psalmos,
2090 4035 2146 4079 ut
2179 4043 2270 4079 nos
2288 4027 2626 4096 proferimus,
2660 4031 2714 4081 in
2748 4027 2946 4084 Catena
2979 4048 3078 4086 sua
3110 4035 3299 4101 edidit,
3333 4053 3451 4090 cum
3485 4039 3609 4092 aliis
3639 4039 3868 4095 aliorum

634 4120 862 4175 Patrum
910 4121 1294 4176 commentariis
1333 4123 1630 4192 adjunctus.
1684 4121 1887 4176 Narrat
1929 4120 2143 4175 Gabriel
2188 4121 2474 4176 Crodecius
2505 4121 2889 4192 Dantzicanus,
2925 4128 3192 4197 professor
3248 4129 3524 4185 Hebraicis
3567 4132 3764 4203 linguai
3811 4137 3870 4188 in

631 4213 917 4277 Academia
946 4211 1221 4282 Lipsiana,
1246 4215 1325 4267 vir
1349 4215 1532 4268 doctus
1562 4230 1623 4268 ac
1654 4213 2037 4267 necessitudine
2060 4211 2187 4265 mihi
2214 4213 2544 4281 conjunctae,
2581 4223 2788 4266 exstare
2827 4215 2878 4266 in
2919 4215 3231 4270 bibliotheca
3268 4218 3327 4273 S.
3368 4217 3660 4275 Saluatoris
3693 4223 3870 4278 ἐξοσιο-

631 4304 824 4357 niensis
855 4303 909 4356 in
941 4305 1116 4357 codice
1145 4306 1472 4373 perantiquo,
1500 4306 1878 4374 expositionem
1908 4305 2188 4358 Athanasii
2209 4306 2261 4359 in
2292 4305 2539 4359 Psalmos
2574 4303 2828 4359 Serviano
2852 4307 3056 4376 lingua.
3081 4325 3197 4377 quia
3223 4321 3298 4364 est
3333 4311 3556 4368 Slavica
3582 4315 3867 4384 dialectus,

630 4406 753 4450 sunt
783 4407 955 4450 autem
986 4393 1152 4450 Servii
1175 4393 1361 4464 Mysia:
1393 4395 1675 4464 superioris
1701 4397 1920 4464 populus
1945 4411 1964 4459 ;
1997 4410 2087 4447 nec
2109 4394 2316 4464 ambigo
2346 4411 2410 4448 e1:
2437 4395 2516 4448 his
2543 4397 2736 4448 nostris
2765 4394 3195 4465 Expositionibus
3222 4400 3429 4456 Slavice
3454 4422 3655 4461 versant
3679 4408 3865 4477 fuisse.

635 4487 763 4542 Ηωε
785 4489 963 4557 augeri
995 4496 1225 4556 possent,
1257 4501 1432 4539 verum
1455 4487 1586 4541 satis
1622 4502 1877 4555 superque
1898 4495 2021 4538 sunt
2049 4495 2106 4537 ut
2139 4484 2502 4554 comprobetur
2533 4485 2978 4540 Commentarium
3013 4489 3299 4544 Athanasii
3331 4493 3385 4546 in
3416 4491 3664 4551 Psalmos
3689 4499 3867 4551 omni-

630 4580 726 4634 bus
759 4583 863 4649 fere
889 4578 1170 4633 secundum
1210 4577 1557 4630 Athanasium
1583 4578 1790 4630 sarculis
1819 4576 2094 4629 laudatum
2119 4575 2300 4644 fuisse.
2330 4574 2506 4645 Neque
2525 4575 2706 4628 desunt
2737 4576 2790 4627 in
2812 4577 3026 4645 hujusce
3056 4583 3230 4647 operis
3269 4583 3490 4638 decursu
3515 4589 3867 4644 Athanasiani

630 4668 754 4736 styli
782 4676 918 4721 nota:
939 4666 1216 4737 pleneque.
1252 4664 1392 4717 Nunt
1420 4667 1506 4718 ubi
1537 4667 1742 4718 occasio
1784 4681 1891 4719 sese
1932 4664 2085 4732 offert
2127 4675 2183 4716 ut
2209 4663 2474 4718 Christum
2506 4666 2797 4733 comprobet
2835 4682 2945 4720 esse
2979 4667 3160 4734 Deum,
3187 4672 3241 4725 id
3269 4674 3359 4728 ille
3379 4687 3618 4744 prestat,
3649 4695 3751 4748 quo
3779 4681 3866 4734 in-

633 4765 816 4817 nuitur
836 4779 894 4817 eo
924 4774 1144 4829 tempore
1173 4761 1280 4815 htec
1313 4763 1508 4830 scripta
1533 4762 1714 4830 fuisse,
1747 4776 1847 4830 quo
1877 4760 2247 4813 controversia
2269 4759 2332 4812 de
2358 4756 2554 4812 Christi
2581 4760 2775 4813 deitate
2799 4761 2996 4816 obortw
3019 4776 3158 4819 sunt.
3194 4765 3283 4820 Sic
3309 4767 3455 4824 Psal.
3485 4785 3632 4838 xux,
3655 4790 3703 4826 v.
3730 4773 3786 4835 ϐ.
3807 4776 3865 4828 iis

631 4854 740 4908 hiet:
769 4853 919 4908 verba
947 4871 963 4906 :
989 4852 1256 4919 Quoniam
1295 4849 1437 4905 Deus
1471 4849 1638 4918 judex
1672 4857 1775 4914 est,
1812 4849 1886 4902 sic
1911 4848 1998 4900 ille
2024 4848 2198 4917 arguit
2222 4863 2239 4900 :
2266 4845 2362 4902 llic
2388 4846 2673 4902 manifeste
2703 4847 2982 4905 Christum
3015 4853 3146 4908 dicit
3179 4855 3346 4912 Deum
3375 4878 3390 4914 :
3423 4877 3549 4916 nam
3580 4879 3731 4916 omne
3763 4865 3863 4933 ju-

632 4945 829 4998 dicium
857 4945 999 4998 dedit
1022 4942 1185 4997 Pater
1211 4941 1438 4996 Fiiio“.
1466 4941 1619 5007 Quod
1651 4940 1697 4995 si
1724 4955 1884 4995 omne
1925 4940 2189 5010 judicium
2223 4940 2369 4994 dedit
2411 4940 2506 5001 illi,
2538 4951 2591 4994 et
2625 4941 2764 4995 Deus
2801 4943 2966 5012 judex
3008 4955 3093 4998 est
3117 4964 3129 4999 :
3155 4965 3284 5020 ergo
3313 4951 3558 5009 Christus
3583 4964 3664 5010 est
3700 4958 3861 5014 Deus.

634 5040 892 5098 Similiter
916 5038 1187 5095 Christum
1211 5042 1396 5108 probat
1422 5053 1532 5092 esse
1561 5037 1721 5091 Deum
1746 5045 1795 5090 et
1825 5037 2010 5089 iisdem
2045 5036 2231 5105 quibus
2255 5033 2416 5089 Pater
2443 5036 2740 5091 nominibus
2765 5041 2944 5092 ornari
2974 5043 3110 5107 psal.
3142 5058 3359 5107 Lsms,
3385 5061 3431 5098 v.
3461 5045 3552 5099 25.

701 5131 787 5187 IV.
820 5130 1092 5186 Peculiare
1117 5143 1191 5186 est
1218 5129 1508 5184 Athanasio
1535 5128 1672 5199 quod
1692 5127 1803 5182 solo
1819 5125 2100 5198 ἀγαπητοῦ
2124 5126 2330 5178 nomine
2350 5124 2683 5196 Unigenitum
2706 5129 2796 5181 Dei
2825 5130 3083 5201 intelligat
3109 5136 3279 5204 cujus,
3306 5137 3442 5190 vocis
3467 5141 3601 5191 hunc
3624 5153 3777 5192 usum
3797 5154 3864 5192 e1:

637 5227 859 5282 Homero
889 5229 1168 5298 conﬁrmat
1198 5227 1306 5290 ille,
1329 5244 1450 5298 pag.
1473 5226 1597 5282 507.
1637 5224 1834 5280 Eodem
1864 5238 2038 5278 autem
2072 5241 2170 5278 usu
2204 5240 2320 5278 eam
2351 5239 2522 5278 vocem
2547 5224 2700 5278 habes
2725 5226 2778 5278 in
2808 5226 2946 5281 hisce
2973 5225 3398 5297 Expositionibus
3423 5227 3560 5298 psal.
3584 5245 3692 5294 LIV,
3710 5247 3760 5286 v.
3783 5234 3816 5285 6
3843 5251 3858 5287 ;

642 5322 803 5377 Ἀλλά
854 5323 1016 5392 φόϐος
1059 5322 1154 5375 καὶ
1194 5324 1391 5393 τρόμος
1435 5323 1699 5375 ἐπέπεσεν
1727 5322 1805 5393 τῷ
1832 5323 2084 5394 προφήτῃ
2124 5319 2318 5393 ὁρῶντι
2349 5321 2438 5374 τὸν
2479 5322 2786 5394 ’Λγάπητδν
2810 5322 2901 5376 τοῦ
2932 5323 3067 5378 Θεοῦ
3105 5325 3328 5380 τοιαῦτα
3372 5327 3478 5382 ὑπὸ
3510 5326 3619 5382 τῶν
3649 5327 3861 5384 ἀσεϐῶν

633 5415 927 5484 πάσχοντα.
959 5414 1073 5467 Hoc
1103 5425 1179 5469 est
1215 5429 1232 5468 :
1273 5413 1378 5470 Sed
1422 5417 1582 5470 etiam
1639 5415 1801 5469 timor
1853 5424 1906 5469 et
1947 5426 2147 5468 tremor
2189 5415 2500 5486 prophetam
2547 5416 2765 5483 invasit,
2819 5427 3126 5474 cernentem
3177 5421 3432 5478 dilectum
3479 5421 3614 5495 (sive
3658 5421 3859 5494 linige-

630 5512 826 5578 nitum)
872 5509 964 5565 Dei
1008 5511 1120 5566 haec
1153 5513 1221 5566 ab
1251 5511 1429 5581 impiis
1467 5512 1597 5582 pati.
1632 5509 1937 5565 Notandum
1979 5511 2100 5563 item
2126 5510 2178 5562 in
2217 5510 2358 5565 hisce
2393 5510 2795 5564 Commentariis
2825 5509 3023 5567 Filium
3053 5513 3148 5568 Dei
3167 5516 3364 5581 passim
3394 5532 3501 5571 una
3533 5533 3673 5586 voce,
3705 5532 3862 5587 μονο-

699 5629 744 5661 ⁸⁶
773 5629 788 5682 1
824 5629 950 5682 Cor.
985 5645 1071 5694 xv,
1099 5629 1187 5685 26.
1282 5631 1324 5663 ⁵⁷
1351 5629 1495 5687 Psal.
1521 5647 1704 5695 usis,
1725 5631 1814 5686 9.0.
1891 5630 1934 5662 “
1961 5629 2103 5685 Psal.
2132 5646 2291 5695 tun,

1979 5629 2103 5685 Psal.
2132 5646 2302 5695 Lxxtt,
2334 5628 2387 5683 Ξ.
2498 5628 2542 5661 ⁸¹
2577 5629 2767 5684 Matth.
2807 5647 2928 5691 nv,
2964 5629 3050 5686 12.
3134 5632 3182 5665 ⁸⁸
3210 5629 3370 5690 Joan.
3404 5650 3456 5702 v,
3483 5633 3571 5688 22.

698 5727 810 5803 (1ο)
836 5725 984 5803 infra
1014 5727 1158 5803 l’sal.
1187 5744 1298 5794 cu,
1323 5743 1374 5784 ν.
1413 5728 1461 5792 1,
1487 5727 1640 5797 λόγον

2363 5727 2474 5803 (12)
2504 5729 2662 5803 Ioni.
2695 5727 3023 5803 VllConcil.
3053 5746 3106 5803 p.
3134 5731 3258 5789 3η.

697 5800 747 5868 (1
763 5801 810 5869 1)
835 5795 979 5852 lnl'ra
1019 5798 1175 5870 βοῶν.
1560 5795 1567 5797 “

1560 5795 1567 5797 ⁷
2363 5800 2473 5872 (13)
2499 5799 2631 5854 lbi-l.
2665 5817 2716 5872 ιι.
2749 5802 2873 5857 951.
