4032 6426
174 355 235 410 ιε]
1049 357 1417 414 ADMONITIO
1455 358 1520 410 ΙΝ
1559 358 2052 415 ΕΧΡΟΞΠΊΟΝΕΞ
2095 358 2531 416 PSALMORUM.
3345 364 3412 418 50

173 473 354 540 γενής,
393 472 708 541 signiﬁcari,
739 489 842 542 qua
868 473 920 526 in
952 476 1200 540 opusculo
1232 477 1283 529 in
1317 477 1425 529 haec
1456 476 1629 542 verba,
1662 475 1855 530 Omnia
1887 478 2015 531 mihi
2046 489 2172 532 sunt
2206 480 2402 533 tradita
2443 496 2473 532 a
2504 476 2680 542 Patre,
2702 495 2754 545 p.
2782 477 2872 545 82,
2892 481 3086 546 passim
3120 479 3414 536 itemChri-

172 575 312 618 stum
360 580 630 635 nuncupat
668 569 1011 621 Athanasius.
1057 571 1421 624 Athanasiana
1459 587 1673 640 prorsus
1695 587 1764 624 est

1820 575 1978 626 :autio
2009 574 2102 627 illa
2140 574 2277 642 psal.
2313 590 2500 636 cwi,
2529 591 2575 626 υ.
2614 573 2714 626 175
2738 589 2750 624 :
2777 570 3051 624 Γενέσθω
3073 572 3111 637 ἠ
3141 571 3267 637 χείρ
3297 587 3412 624 σου

171 659 276 712 τοῦ
314 659 516 714 σῶσαί
536 677 631 729 με.
663 660 820 730 Δηλοί
840 661 944 732 γὰρ
973 661 1032 714 οὐ
1063 663 1160 732 τὴν
1188 665 1304 714 κατ’
1322 663 1506 715 οὐσίαν
1535 664 1745 728 γένεσιν
1779 664 1966 735 αὐτῆς,
1996 666 2128 718 ἀλλὰ
2163 667 2258 738 τὴν
2293 667 2425 736 πρὸς
2456 665 2522 718 τὰ
2555 663 2831 733 σωζόμενα
2873 663 3075 732 σχέσιν,
3105 663 3283 715 ὁποῖον
3319 664 3412 715 καὶ

172 747 252 800 τό·
283 750 482 803 Ferat”)
498 767 602 819 μοι
629 752 716 816 εἰς
746 752 894 803 Θεὸν
926 752 1406 819 ὐπερασπιστήν.
1439 753 1552 808 Hoc
1577 767 1651 810 est
1676 775 1693 810 :
1723 779 1739 809 ι

1815 757 1900 812 'iat
1946 774 2129 810 manus
2165 769 2256 810 tua
2299 767 2354 810 ut
2387 757 2548 810 soluet
2596 772 2692 809 me.
2740 752 2855 807 Non
2905 753 3176 824 signiﬁcat
3217 763 3407 806 natura

175 840 374 896 factam
402 857 530 897 esse
557 859 778 897 manum
810 843 950 913 ejus,
980 847 1073 899 sed
1100 846 1219 914 ejus
1246 856 1444 901 statum
1481 864 1604 920 erga
1641 867 1735 905 eos
1769 853 1861 921 qui
1890 853 2118 907 salutem
2137 862 2562 921 consequuntur.
2603 850 2772 916 Quale
2800 860 2881 905 est
2911 851 3038 904 illud
3068 867 3081 904 :
3118 850 3245 903 Esto
3280 851 3408 904 mihi

172 937 228 986 in
255 935 426 990 Deum
454 947 817 1005 protectorem.
846 956 864 989 ι
898 935 1038 988 Nam
1072 937 1261 989 Ariani
1283 939 1452 1007 inepte
1475 956 1538 992 ea:
1571 957 1688 995 voce
1717 942 1978 1011 γενέσθω,
2004 952 2052 994 et
2079 942 2314 1009 ἐγένετο,
2342 941 2715 994 concludebant
2751 939 2967 993 Verbum
2997 939 3158 1008 fuisse
3187 940 3404 1008 factum.

175 1026 374 1082 Hiram
407 1030 803 1082 consonantiam
836 1044 954 1082 cum
982 1027 1077 1080 hoc
1111 1027 1224 1080 loco
1260 1032 1482 1094 reperies
1505 1048 1557 1100 p.
1585 1033 1712 1097 568,
1740 1033 1826 1086 ubi
1855 1036 2015 1088 etiam
2042 1034 2177 1087 illud
2202 1049 2219 1086 :
2250 1031 2375 1087 Fias
2403 1033 2534 1085 mihi
2570 1032 2621 1085 in
2659 1036 2820 1084 lleum
2850 1040 3226 1100 protectorem,
3252 1033 3410 1100 a/fer-

174 1125 258 1168 tur
279 1116 335 1169 in
360 1119 588 1171 medium
609 1135 729 1189 pag.
772 1123 894 1174 item
921 1122 1044 1178 580.
1078 1123 1216 1176 Nam
1242 1125 1356 1178 loca
1379 1125 1666 1181 describere
1688 1129 1900 1199 longum
1929 1138 2080 1182 esset.

243 1207 310 1262 ν.
335 1210 462 1262 lam
487 1211 549 1264 de
577 1214 845 1269 codicibus
889 1217 1037 1269 nobis
1067 1218 1344 1287 agendum.
1388 1220 1716 1275 Memoratur
1744 1242 1774 1275 ει
1809 1222 2162 1276 Felckmanno
2198 1222 2418 1290 infetius
2455 1221 2507 1276 in
2537 1220 2750 1290 Fragm.
2778 1237 2842 1273 ex
2873 1223 3040 1274 indice
3068 1220 3295 1290 quodam
3333 1220 3407 1273 Μ,

173 1297 352 1352 Crasii
382 1306 858 1373 manuscriptorum
887 1309 974 1376 qui
1009 1317 1119 1360 tum
1155 1311 1402 1378 temporis
1436 1312 1893 1382 Constantinopoli
1931 1325 2104 1379 erant,
2137 1327 2345 1368 exstare
2376 1315 2519 1382 apud
2551 1312 2971 1366 illustrissimum
3003 1313 3286 1381 principem
3313 1310 3410 1365 Ja-

170 1389 360 1440 cobum
395 1390 772 1448 Mai-moratam
806 1395 864 1450 S.
901 1397 1180 1451 Athanasii
1207 1401 1580 1469 archiepiscopi
1605 1402 1951 1456 Alexandrini
1979 1404 2378 1469 explicationem
2408 1402 2463 1456 in
2490 1402 2807 1456 Psalterium
2842 1402 3078 1457 Davidis.

243 1479 483 1535 Andreas
527 1484 816 1552 Arnoldus,
850 1486 1328 1561 Norimbergensis,
1355 1496 1409 1548 in
1443 1497 1756 1565 prtefatione
1803 1514 1897 1550 sua
1942 1499 2011 1550 ad
2059 1496 2354 1569 Syntagma
2401 1497 2662 1552 doctrina:
2710 1500 2916 1552 nomine
2957 1499 3237 1552 Athanasii
3263 1499 3325 1551 ab
3358 1516 3409 1555 se

169 1571 373 1624 editum
406 1574 633 1629 Parisiis
667 1595 803 1632 anno
839 1581 996 1646 1685,
1023 1584 1132 1637 lucc
1163 1584 1357 1639 habet:
1396 1605 1412 1635 ι
1444 1585 1698 1642 Volebam
1725 1603 1810 1641 me
1845 1588 2092 1642 conferre
2113 1590 2176 1643 ad
2205 1587 2530 1642 recensenda
2565 1589 2735 1642 sancti
2772 1591 3051 1644 Athanasii
3089 1590 3320 1660 capitula
3355 1593 3408 1643 in

171 1665 446 1734 Psalmos,
474 1669 616 1726 sicut
656 1691 722 1728 ex
767 1691 869 1730 ms.
915 1678 1300 1748 antiquissimo
1343 1682 1758 1754 descripseram,
1798 1684 2014 1738 diversa
2048 1700 2078 1737 a
2112 1681 2322 1739 Latinis
2354 1683 2544 1752 Angcli
2575 1681 2848 1746 Politiaui,
2884 1694 2938 1737 et
2966 1683 3168 1739 Grzecis
3200 1685 3331 1738 tomi
3368 1682 3408 1736 ll

171 1771 427 1826 operum,
454 1762 560 1818 nisi
586 1779 738 1820 nova:
767 1769 1132 1825 cunctationis
1179 1771 1278 1825 iter
1321 1771 1514 1828 fuisset
1548 1774 1874 1842 impatiens:
1905 1774 2045 1828 dabo
2082 1774 2293 1827 initium
2338 1783 2392 1826 et
2429 1772 2612 1836 linem,
2646 1783 2703 1827 ut
2734 1773 2780 1826 si
2814 1772 2943 1842 quid
2980 1770 3308 1825 monendum
3339 1773 3415 1850 sit.

169 1851 464 1920 peritiores
500 1871 722 1910 monere
762 1859 1051 1928 dignentur
1081 1863 1403 1933 :Maxdtpto;
1440 1863 1599 1934 ἀνὴρ,
1635 1865 1761 1930 ἓως,

1814 1867 1892 1918 vim
1924 1865 2192 1918 ἐκάθισεν.
2228 1864 2336 1935 Τὴν
2360 1863 2531 1935 ἀρχὴν
2567 1864 2664 1933 τῆς
2691 1861 3031 1936 προφητείας·
3046 1861 3124 1931 τῷ
3152 1860 3209 1926 ἐξ
3246 1859 3406 1914 αὑτοῦ

168 1941 315 1994 κατὰ
349 1942 528 2013 σάρκα
557 1947 937 2022 τεχθησομὲνῳ
959 1956 1274 2027 ἀνατίθησιν
1297 1960 1325 2009 ὁ
1349 1958 1510 2010 Δαϐίδ
1535 1977 1546 1988 ·
1575 1959 1653 2011 διὸ
1684 1961 1739 2011 ὲν
1773 1957 2006 2030 πρώτοις
2039 1958 2328 2029 μακαρίζει
2354 1959 2479 2020 τοὺς
2511 1960 2569 2010 ὲν
2601 1957 2742 2028 (lege
2767 1958 2878 2027 εἰς)
2907 1956 3066 2010 αὑτὸν
3093 1953 3406 2025 ὴλπικότας.

171 2033 380 2088 Desinit
405 2051 422 2088 :
447 2037 602 2089 Πᾶσα
653 2041 787 2110 πνοὴ
821 2044 1087 2098 αἱνεσάτω
1135 2047 1225 2099 τὸν
1266 2048 1487 2119 Κύριον.
1519 2051 1748 2120 Νοήσεις
1781 2051 1878 2120 τὴν
1909 2051 2095 2119 πνοὴν,
2119 2052 2210 2119 ἀφ’
2230 2042 2301 2102 ὧν
2335 2048 2571 2118 Μωῦσῆς
2609 2047 2984 2117 ἀναγέγραφεν
3009 2063 3022 2075 '
3057 2046 3140 2097 ὅτι
3175 2043 3352 2096 λαϐὼν
3378 2045 3407 2096 ὁ

167 2126 303 2190 Θεὸς
325 2128 452 2197 χοῦν
476 2130 582 2183 ἀπὸ
610 2132 707 2201 τῆς
735 2133 854 2203 γῆς,
883 2135 1081 2192 ἔπλασε
1111 2141 1199 2193 τὸν
1224 2141 1528 2213 ἄνθρωπον,
1555 2144 1646 2195 καὶ
1675 2143 2005 2214 ἐνεφύσησεν
2031 2145 2109 2206 εἰς
2134 2144 2192 2196 τὸ
2226 2143 2510 2213 πρόσωπον
2561 2139 2723 2193 αὑτοῦ
2761 2138 2974 2206 πνεῦμα
3005 2133 3168 2205 ζωῆς.
3187 2134 3269 2188 Ab
3299 2134 3408 2188 ini-

169 2225 246 2278 tio
269 2225 488 2292 dicitur,
527 2237 635 2281 tres
663 2228 831 2285 fuisse
861 2235 1081 2291 ordines
1114 2239 1253 2306 apud
1282 2237 1519 2305 Judaios,
1554 2256 1761 2311 γραμμι

1821 2241 1922 2294 έων
1952 2240 2230 2301 nimirum,
2263 2240 2356 2292 καὶ
2388 2237 2691 2309 Φαρισαίων
2719 2234 2812 2285 καὶ
2839 2227 3092 2301 νομικῶν.
3127 2225 3408 2282 Probabile

166 2328 252 2373 est
277 2318 533 2390 νομικούς
562 2323 696 2376 istos
725 2338 843 2377 esse
865 2323 1212 2394 Sadducacos,
1240 2331 1330 2399 qui
1363 2331 1531 2400 legem
1560 2333 1677 2386 sine
1718 2334 2008 2387 traditione
2041 2335 2406 2387 sectabantur.
2437 2352 2454 2382 ι
2492 2329 2618 2384 Haec
2650 2327 2914 2382 Aruoldns
2934 2343 2952 2378 :
2986 2321 3199 2394 νομικοί
3233 2331 3408 2374 autem

167 2418 254 2469 l.li
280 2427 400 2469 sunt
429 2417 717 2487 legispcriti
754 2420 806 2471 in
837 2419 1120 2491 Evangelia
1144 2427 1437 2480 memorati.
1475 2427 1601 2481 lIazc
1636 2440 1810 2483 autem
1842 2429 2069 2482 Arnoldi
2097 2428 2331 2498 capitula
2361 2427 2590 2495 idipsum
2620 2436 2740 2479 sunt
2771 2424 2907 2496 quod
2937 2421 3284 2486 expositiones
3310 2434 3407 2470 no-

170 2525 302 2566 s:ra
341 2513 393 2566 in
431 2512 778 2579 Psalterium,
818 2524 873 2567 ut
898 2512 1053 2581 liquet
1086 2528 1149 2566 ex
1180 2513 1470 2582 fragmento
1502 2515 1564 2568 ab
1601 2515 1752 2569 initio
1794 2515 1983 2581 allato,
2017 2532 2137 2568 nam
2173 2532 2226 2567 ιη
2258 2515 2360 2584 ﬁne
2389 2514 2592 2568 mutila:
2631 2524 2751 2566 sunt
2785 2509 3133 2580 expositiones
3173 2508 3309 2560 istae.
3342 2502 3408 2557 Ut

167 2607 426 2674 augurari
449 2624 606 2674 porro
637 2609 754 2662 licet
789 2625 852 2662 ex
871 2607 1092 2661 Arnoldi
1111 2607 1301 2672 verbis,
1337 2610 1573 2678 capitula
1601 2611 1746 2663 istxc
1774 2627 1875 2662 non
1895 2613 2098 2680 integra
2122 2621 2289 2674 erant,
2324 2611 2413 2662 sed
2453 2617 2694 2676 excerpta
2733 2608 2973 2678 quadam
3002 2619 3065 2658 ex
3099 2603 3278 2672 aliqua
3305 2599 3410 2654 Ca-

165 2707 310 2758 tena,
350 2714 442 2750 nec
468 2708 629 2752 tanta:
655 2699 804 2752 molis
834 2706 1044 2768 quantm
1064 2697 1173 2751 haec
1198 2699 1573 2751 commentaria
1600 2715 1713 2768 qua:
1737 2715 1828 2752 nos
1850 2699 2072 2752 edimus.

238 2783 328 2842 Vl.
366 2787 456 2841 Vir
477 2790 803 2846 clarissimus
834 2792 1044 2847 Gabriel
1071 2792 1377 2857 Grodecius,
1398 2811 1562 2865 supra
1595 2805 1936 2860 memoratus,
1968 2813 2087 2849 cum
2115 2795 2257 2848 haud
2293 2796 2368 2848 ita
2401 2794 2601 2861 pridem
2635 2790 2969 2846 bibliothecas
3003 2785 3179 2840 Italiae
3205 2783 3407 2838 lustra-

163 2889 270 2943 ret,
296 2878 598 2933 Mediolano
625 2881 830 2934 litteras
863 2883 930 2935 ad
959 2901 1037 2936 me
1070 2884 1231 2947 misit,
1259 2894 1331 2949 et,
1362 2901 1466 2955 qua
1491 2896 1568 2940 est
1595 2903 1719 2956 erga
1755 2904 1846 2941 nos
1881 2887 2230 2950 humanitate,
2264 2887 2398 2938 hanc
2430 2884 2902 2952 manuscriptorum
2930 2876 3254 2932 bibliotheca
3282 2873 3411 2926 Am-

163 2967 428 3023 brosiana:
461 2972 706 3024 notitiam
735 2975 957 3042 prcebuit
997 2975 1123 3044 ipsis
1155 2975 1344 3030 verbis.

161 3104 233 3144 ex
265 3103 454 3143 comes
495 3104 862 3144 usuuscnm‘o
891 3105 1254 3144 BIBUOTHECA-I
1287 3105 1656 3151 sannosum,
1692 3105 1807 3153 que
1830 3105 1928 3143 ssr
1957 3104 2240 3143 lEDIOLANl
2274 3105 2396 3146 can.
2430 3105 2482 3142 Ν.
2517 3105 2569 3142 n.
2601 3087 2727 3149 451,
2756 3102 2806 3140 ut
2834 3099 2937 3148 ouo
2964 3095 3236 3138 couscn
3270 3092 3404 3134 sunt

674 3202 836 3240 OINIA
867 3201 936 3238 ΒΧ
969 3200 1241 3240 CODICIBUS
1270 3201 1650 3240 IANUSCRIPTIS
1681 3201 1914 3240 ειυευειι
1951 3201 2266 3239 Βιειιοτιιεο

1302 3201 1650 3240 LANUSCRIPTIS
1681 3201 1914 3240 ειυευειι
1951 3201 2316 3239 Βιειιοτιιεοιε
2349 3199 2622 3239 HACTENUS
2654 3196 2894 3236 INEDITA.

243 3316 262 3348 ιι
290 3297 758 3351 (Iommentarium
789 3295 963 3350 sancti
993 3293 1274 3349 Athanasii
1306 3294 1359 3347 in
1395 3294 1656 3356 Psalmos,
1687 3311 1819 3349 mss.
1854 3293 2198 3350 Gnaeo-Lat.
2226 3292 2474 3347 Graecum
2503 3289 2935 3358 manuscriptum
2964 3283 3295 3354 descriptum
3324 3291 3410 3336 est

164 3410 232 3449 ex
261 3394 450 3448 codice
481 3393 824 3448 bibliothecae
847 3391 1026 3462 Regize
1067 3391 1119 3444 in
1155 3391 1441 3457 Escurial.,
1477 3391 1666 3445 Latine
1707 3406 1836 3445 vero
1884 3390 2203 3445 translatum
2237 3388 2333 3452 (ut
2367 3386 2499 3440 mihi
2541 3384 2808 3438 referebat
2838 3381 2898 3433 D.
2933 3378 3026 3451 Ν.)
3063 3379 3133 3433 ab
3167 3376 3408 3431 Antonio

164 3488 392 3558 Giggeo.
422 3487 576 3553 Quod
615 3496 790 3541 tamen
818 3501 942 3540 esse
984 3499 1092 3539 non
1125 3493 1301 3553 potest
1333 3503 1344 3537 :
1381 3501 1504 3538 nam
1540 3486 1592 3538 in
1637 3484 1974 3552 frontispicio
2021 3482 2186 3552 hujus
2219 3481 2423 3536 codicis
2457 3481 2599 3534 hanc
2628 3486 2943 3549 sequentem
2970 3472 3407 3532 observationem

167 3583 341 3651 reperi
371 3581 562 3636 eadem
596 3596 759 3636 manu
796 3581 1054 3650 scriptam
1085 3595 1192 3648 qua
1227 3579 1406 3635 versio
1437 3580 1525 3634 illa
1559 3580 1748 3636 Latina
1775 3580 2167 3637 Commentarii
2196 3581 2251 3633 in
2282 3578 2544 3633 Psalmos.

244 3698 261 3727 α
289 3677 410 3731 Vidi
437 3679 490 3730 in
520 3677 844 3732 bibliotheca
879 3675 1236 3729 Ambrosiana
1264 3675 1620 3730 illustrissimi
1649 3678 1796 3731 card.
1833 3677 2106 3731 Borromze
2132 3716 2146 3740 ,
2181 3685 2503 3744 suggerente
2537 3672 2842 3727 clarissimo
2868 3670 3090 3725 doctore
3122 3675 3176 3723 et
3195 3667 3408 3736 lingua-

172 3787 192 3817 σ
223 3783 345 3821 rum
379 3768 722 3822 orientalium
745 3769 1073 3837 peritissimo
1091 3767 1153 3821 1).
1178 3769 1410 3822 Antonio
1430 3768 1652 3841 Giggeo,
1677 3771 1794 3826 viro
1827 3773 1958 3825 mihi
1987 3769 2332 3830 charissimo,
2356 3768 2607 3823 volumen
2637 3766 2927 3820 Arahicum
2952 3763 3120 3827 in-l6,
3147 3762 3200 3816 in
3219 3768 3406 3817 charta

174 3882 191 3910 ι
222 3863 570 3928 bombacina,
603 3874 662 3918 ut
690 3876 906 3931 vocant,
941 3865 1116 3933 fusca,
1142 3866 1246 3921 300
1278 3878 1330 3920 et
1358 3867 1495 3921 ultra
1528 3883 1816 3933 annorum,
1844 3869 1895 3921 in
1939 3882 2048 3936 quo
2083 3867 2312 3920 Arabice
2339 3873 2494 3918 erant
2525 3865 2639 3917 haec
2683 3861 2792 3916 duo
2827 3856 3089 3928 opuscula
3119 3854 3404 3911 Athanasii

174 3978 191 4007 ι
224 3963 277 4012 in
307 3959 579 4025 Psalmos,
607 3961 881 4030 perbrevis
923 3964 1012 4017 illa
1048 3964 1299 4034 synopsis
1323 3964 1680 4030 Psalmorum,
1715 3975 1809 4020 aut
1833 3979 2158 4035 quocunque
2192 3962 2300 4016 alio
2336 3961 2500 4016 modo
2529 3968 2752 4015 vocetur
2777 3956 2844 4011 ad
2876 3953 3279 4017 Marcellinum,
3311 3951 3408 4006 de-

174 4072 190 4098 .
222 4051 347 4104 inde
375 4049 570 4120 integri
602 4055 974 4109 commentarii
1011 4058 1258 4124 perpetui
1291 4056 1344 4109 in
1377 4057 1523 4124 ipsos
1555 4056 1822 4119 Psalmos,
1865 4072 2002 4125 quos
2033 4057 2234 4110 contuli
2297 4069 2420 4109 etim
2451 4052 2569 4107 istis
2602 4050 2826 4116 Graecis,
2857 4060 3067 4104 necnon
3098 4059 3222 4100 cum
3249 4042 3407 4099 Eclo—

172 4160 190 4190 ι
220 4141 303 4210 gis
323 4140 676 4196 Catenarnm.
701 4143 778 4198 Ac
811 4144 938 4198 licet
964 4160 1060 4198 eos
1089 4145 1389 4200 laudabiles
1411 4146 1674 4217 alioquin,
1705 4163 1802 4201 nec
1837 4147 2090 4218 indignos
2129 4145 2413 4199 Athanasii
2447 4141 2766 4196 olienderim
2788 4179 2803 4204 ,
2835 4134 3192 4194 nihilominus
3224 4141 3403 4188 tamen

174 4249 191 4278 ι
222 4231 542 4300 neutiquam
567 4247 692 4286 cum
736 4234 860 4288 istis
899 4234 1292 4290 conveniebant
1326 4254 1341 4290 :
1375 4238 1550 4291 solum
1588 4238 1877 4308 explicatio
1913 4239 2069 4307 primi
2103 4252 2294 4291 versus
2328 4233 2520 4304 psalmi
2548 4233 2708 4302 primi
2739 4229 3042 4303 quadrabat
3071 4241 3194 4282 cum
3216 4225 3403 4295 ecloga

172 4349 191 4381 ι
221 4331 462 4400 quadam
494 4331 731 4394 Catenae,
759 4349 921 4403 quam
954 4349 1055 4389 suo
1081 4333 1201 4389 loco
1225 4336 1424 4398 notavi,
1445 4345 1498 4390 et
1521 4337 1714 4392 deinde
1746 4337 1797 4390 in
1824 4338 2063 4392 secundo
2089 4350 2340 4390 versu....
2372 4332 2685 4404 quiderm...
2707 4325 3050 4398 quadrabant
3073 4317 3256 4376 omnia
3278 4334 3403 4374 cum

171 4444 190 4474 ε
222 4425 346 4480 istis
371 4427 804 4492 commentariis,
832 4427 926 4482 sed
962 4429 1209 4483 oratione
1248 4437 1303 4483 et
1345 4430 1484 4500 stle
1523 4446 1890 4501 nequaquam.
1937 4432 2186 4499 clareque
2220 4427 2476 4497 scriptum
2512 4435 2708 4478 nomen
2737 4413 3044 4482 Athanasii,
3083 4410 3405 4467 Athanasius

172 4540 188 4569 ι
221 4518 534 4588 patriarcha
561 4519 918 4572 Alexandria.
943 4540 959 4569 ι

243 4629 262 4658 ‹
295 4606 354 4660 In
403 4607 504 4661 hac
550 4609 927 4663 observatione
977 4607 1178 4661 mentio
1212 4608 1270 4661 lit
1313 4608 1530 4662 Antonii
1560 4608 1766 4679 Giggei,
1795 4624 1989 4663 manus
2029 4623 2155 4662 vero
2193 4607 2380 4662 eadem
2417 4618 2539 4657 cum
2589 4600 2681 4656 illa
2709 4599 2976 4655 versionis
2999 4600 3206 4655 Latina
3231 4619 3244 4654 :
3274 4615 3404 4669 ergo

165 4703 486 4769 neutiquam
513 4701 769 4770 Giggeus,
807 4704 897 4758 sed
928 4704 1144 4772 quidam
1181 4703 1320 4758 alius
1355 4711 1544 4758 auctor
1601 4704 1870 4758 versionis
1929 4703 2085 4757 istius
2116 4717 2234 4755 esse
2261 4698 2440 4765 debet,
2472 4712 2632 4766 quem
2675 4693 2914 4749 indicare
2947 4693 3077 4746 mihi
3111 4708 3270 4747 nemo
3304 4709 3403 4761 po-

164 4795 289 4848 tuit.
323 4793 514 4862 Reperi
563 4797 633 4848 ibi
666 4797 767 4850 sub
814 4797 972 4851 linem
1013 4798 1172 4850 etiam
1229 4799 1474 4866 quaedam
1523 4799 1775 4852 adnotata
1813 4812 1971 4866 supra
2008 4795 2272 4865 psalmum
2311 4807 2416 4856 cu,
2446 4790 2534 4845 cui
2570 4790 2672 4844 ista
2715 4797 2842 4842 nota
2877 4787 3157 4841 Athanasii
3185 4787 3402 4858 praeﬁxa

162 4897 281 4938 erat
313 4906 324 4938 :
356 4877 523 4948 Οὗτος
552 4888 581 4938 ὁ
611 4887 821 4958 ψαλμὺς
843 4889 936 4941 καὶ
957 4888 1262 4958 ἰδιόγραφος
1288 4888 1364 4958 τῷ
1387 4889 1570 4954 Δαὸὶδ,
1600 4889 1691 4942 καὶ
1718 4888 1910 4953 ἔξωθεν
1932 4887 2024 4939 τοῦ
2053 4883 2310 4955 ἀριθμοῦ,
2340 4883 2421 4936 ὅτι
2449 4881 2825 4951 ἐμονομάχησε
2854 4880 2943 4933 τὸν
2965 4878 3176 4933 Γολιάθ.
3213 4877 3402 4950 Incipit

167 4980 594 5033 commentarius
620 4999 631 5034 :
661 4981 871 5052 Μικρὸς
899 4983 1045 5052 ἥμην
1076 4983 1132 5034 ὲν
1160 4985 1270 5046 τοῖς
1304 4982 1547 5051 ἀδελφοῖς
1579 5001 1697 5052 μου.

246 5083 265 5115 ι
298 5063 738 5122 Cornmcntarius
776 5069 1018 5138 ejusdem
1045 5071 1218 5124 sancti
1247 5071 1525 5124 Athanasii
1556 5068 1609 5123 in
1632 5071 1854 5124 Cantica
1884 5070 2073 5123 Maria:
2097 5068 2292 5120 sororis
2325 5063 2548 5136 Moysis,
2581 5071 2629 5117 et
2654 5060 2874 5130 Moysis.

240 5176 262 5208 ε
297 5155 550 5226 Synopsis
581 5169 630 5212 et
660 5160 1022 5230 interpretatio
1044 5181 1226 5218 vocum
1267 5164 1800 5235 Hebraicarum,quaz
1832 5167 1884 5218 in
1917 5165 2308 5219 commentariis
2332 5162 2611 5214 Athanasii
2641 5159 2989 5228 reperiuntur,
3021 5170 3125 5209 ms.
3156 5152 3402 5210 Hebraeo-

164 5243 448 5305 Latinum,
481 5246 670 5336 ordine
696 5249 1056 5318 alphabetico.
1090 5251 1281 5322 Incipit
1309 5272 1321 5306 :
1353 5255 1528 5306 Aaron
1569 5254 1704 5322 psal.
1735 5271 1915 5316 Lxxvt,
1948 5271 2080 5307 vers.
2117 5254 2216 5307 ult.
2251 5259 2418 5337 mm,
2454 5251 2709 5320 Spiritus,
2744 5249 2986 5321 Πνεῦμα,
3021 5251 3114 5306 sed
3151 5263 3401 5304 commu-

167 5337 308 5389 niter
337 5337 646 5404 exponitur,
672 5355 840 5405 mons,
868 5357 962 5396 seu
997 5351 1294 5408 montanus,
1325 5344 1464 5398 sicut
1498 5354 1551 5397 ct
1581 5345 1716 5413 psal.
1749 5361 1972 5409 Lxxvm,
2009 5344 2060 5407 6,
2087 5346 2140 5398 7.

247 5449 265 5478 ι
293 5426 560 5498 Excerpta
585 5445 704 5500 qua:
721 5433 786 5486 ad
805 5432 1156 5488 Athanasium
1184 5445 1448 5504 spectant,
1466 5452 1529 5488 ex
1548 5449 1732 5490 catena
1761 5438 1814 5488 in
1842 5436 2079 5490 Psolmos
2100 5437 2150 5489 in
2169 5433 2374 5489 Cod.V.
2407 5436 2463 5488 Δ.
2490 5434 2556 5487 10
2586 5433 2919 5487 bibliothecae
2949 5431 3320 5488 Ambrosiana:
3333 5448 3400 5487 ex

169 5525 256 5579 bis
310 5525 567 5579 omnibus
617 5526 934 5581 auctoribus
977 5530 1198 5583 collecta
1244 5549 1255 5583 :
1303 5529 1697 5592 Nazianzenus,
1732 5529 1984 5596 Basilius,
2023 5532 2459 5600 Chrysostomus,
2505 5525 2855 5589 Athanasius,
2890 5521 3186 5593 Nyssenus,
3225 5521 3390 5596 Hesy-

168 5616 346 5680 chius,
379 5614 662 5687 Genrgius,
688 5616 1058 5674 Theodoretus
1100 5625 1384 5690 episcopus
1413 5619 1689 5690 Cyrcnsis,
1729 5619 1984 5682 Severus,
2020 5620 2301 5692 Origenes,
2332 5621 2609 5690 Didymus.
2648 5619 2933 5688 Eusebius,
2974 5619 3197 5684 Esdras,
3235 5619 3401 5676 Eulo-

171 5704 313 5772 gius,
342 5704 580 5761 lsidOrus
603 5703 896 5772 Pelusiota,
928 5706 1142 5774 Arelas,
1165 5710 1550 5778 Apollinarius,
1577 5710 1763 5766 Jovius
1786 5713 1889 5778 (sic
1915 5713 2175 5776 scriptum
2201 5712 2291 5764 τοῦ
2318 5709 3400 5783 ‘lo6lou),JustinusPhilosopbus,Joan-

173 5807 267 5846 nes
292 5791 675 5865 Philosophus,
703 5794 958 5867 Ephrem,
990 5795 1278 5865 Maximus,
1313 5800 1700 5868 Damascenus,
1737 5803 2093 5873 Augustinus,
2122 5801 2506 5875 Hieronymus,
2531 5805 2851 5871 Antiochus,
2902 5804 3195 5873 Adrianus,
3221 5804 3400 5860 Theo—
