4032 6468
607 426 674 486 51
1448 429 1505 485 5.
1548 430 1918 487 ATHANASH
1957 431 2107 487 OPP.
2150 430 2331 487 PARS
2368 430 2455 487 Ill.
2505 460 2567 473 -
2605 430 3011 489 EXEGETICA.
3780 426 3852 484 5!

608 550 778 601 dorus
796 544 1184 609 Antiochenus,
1212 543 1384 611 Nilus,
1403 546 1725 601 Anastasius
1764 544 2034 611 Nicanus,
2066 556 2116 602 et
2140 545 2463 601 Anastasius
2479 544 2685 600 Sinaita
2702 546 3089 608 Antiochenus,
3112 543 3381 608 Asterius,
3398 539 3845 615 Olympiodorus,

612 635 961 706 Epiphanius,
989 637 1231 691 Andreas
1276 634 1571 703 Cretensis,
1614 637 1860 692 Andreas
1911 636 2282 699 Caesariensis.
2335 637 2560 693 Cosmas
2618 635 3052 706 Indicopleustes,
3109 634 3496 701 (Ecumenius,
3542 633 3846 689 Marcus....

610 730 923 794 Cassianus,
953 730 1268 803 Hippolytus
1302 730 1600 798 Romanus,
1637 730 1998 797 Herodianus,
2030 731 2490 803 Thaumaturgus,
2522 741 2717 801 praeter
2754 731 2890 786 alios
2930 747 3251 802 anonymos,
3286 737 3347 785 ut
3379 730 3580 785 dicitur
3621 728 3842 782 ibidem.

610 829 675 883 Et
700 832 968 886 editiones
1002 829 1363 894 Psalmorum,
1392 845 1485 885 seu
1516 830 1922 892 translationes.
1948 831 2146 900 quibus
2178 832 2259 886 usi
2295 839 2422 885 sunt
2450 831 2501 883 in
2531 838 2745 891 catena,
2781 827 2979 883 ibidem
3014 829 3234 892 dicitur,
3265 825 3487 880 fuerunt
3509 822 3845 894 Symmachi,

611 925 840 994 Aquilae,
877 924 1291 989 Theodotionis,
1328 932 1381 977 et
1419 921 1769 993 Septuaginta
1799 922 2181 992 lnterpretum.
2214 920 2393 976 Codex
2430 919 2711 989 originalis
2751 920 2805 973 in
2836 934 3161 990 pergamena
3199 916 3635 987 antiquissimus,
3664 922 3718 970 et
3757 912 3845 967 die

610 1036 763 1077 versa
795 1031 924 1076 sunt
954 1021 1192 1092 plurima
1230 1021 1297 1075 ab
1328 1021 1433 1074 illis
1466 1035 1496 1073 a
1528 1017 1770 1073 Barhtiro
1793 1018 1976 1072 editis.
2006 1017 2065 1071 ln
2094 1019 2194 1073 hac
2222 1016 2538 1073 collectione
2564 1014 2748 1070 Grmce
2773 1024 3004 1068 tantum.

677 1132 697 1165 r
738 1110 989 1169 Extracta
1035 1130 1101 1169 ex
1141 1113 1343 1169 Catena
1388 1111 1725 1168 Psalmorum
1776 1110 1830 1166 in
1876 1124 2201 1182 pergameno
2226 1111 2280 1164 in
2309 1108 2431 1164 cod.
2480 1123 2563 1173 ut,
2592 1107 2658 1163 ll.
2694 1107 2781 1173 ll,
2828 1121 2894 1162 ea
2934 1120 3054 1175 quae
3083 1102 3357 1174 pertinent
3387 1100 3453 1154 ad
3485 1097 3844 1155 Athanasium

611 1207 795 1263 Graece
824 1219 1053 1265 tantum.

680 1321 697 1348 ι
716 1299 994 1359 Periocha:
1020 1310 1074 1357 et
1102 1302 1429 1374 hypotheses
1462 1302 1652 1357 breves
1680 1300 2041 1364 Psalmorum,
2073 1315 2194 1370 qua:
2222 1299 2595 1353 attribuuntur
2625 1293 2860 1349 Eusebio
2894 1292 2947 1345 in
2977 1290 3165 1345 codice
3197 1304 3292 1352 vu,
3326 1286 3384 1342 E.
3410 1286 3495 1351 18,
3515 1286 3718 1352 Graece,
3746 1303 3839 1341 ex-

604 1403 799 1463 cerptas
840 1409 905 1449 ex
955 1404 1143 1449 catena
1196 1394 1401 1465 integra
1452 1394 1507 1448 in
1556 1391 1806 1446 Psalmos
1849 1401 1904 1447 et
1945 1391 2205 1445 attributa
2250 1389 2570 1451 Athanasio,
2619 1385 2837 1440 diversa
2873 1390 3056 1437 tamen
3089 1398 3119 1436 a
3145 1388 3335 1435 catena
3383 1377 3609 1433 Barbari
3656 1377 3843 1433 Grece

610 1497 842 1543 tantum.

681 1600 701 1633 ε
741 1579 1065 1651 Fragmenta
1094 1581 1373 1638 Athanasii
1415 1599 1480 1637 ex
1515 1582 1679 1637 variis
1706 1581 1912 1638 catenis
1951 1580 2175 1637 collecta
2219 1581 2274 1633 in
2308 1579 2572 1649 Epistolas
2603 1577 2709 1631 dici
2749 1574 2930 1640 Pauli,
2961 1580 3015 1627 et
3049 1585 3115 1628 ex
3141 1576 3325 1625 catena
3351 1569 3405 1622 in
3438 1567 3597 1622 libros
3619 1567 3837 1639 Regum,

603 1674 807 1731 Graece.
854 1674 1083 1745 Subjicit
1108 1684 1295 1730 auctor
1322 1676 1527 1731 Latinae
1556 1674 1845 1741 versionis,
1878 1688 2039 1743 quem
2066 1688 2227 1742 supra
2259 1671 2490 1728 iudicavi
2527 1689 2541 1726 :

680 1791 698 1823 ι
725 1770 804 1825 Ex
830 1771 1217 1827 commentario
1243 1786 1336 1825 seu
1365 1779 1554 1825 catena
1578 1768 1682 1822 Titi
1716 1766 2021 1822 Bostrensis
2050 1768 2105 1820 in
2132 1765 2349 1830 Lucam,
2375 1781 2444 1820 ex
2470 1765 2862 1835 Chrysostomo
2897 1770 2951 1816 et
2982 1760 3105 1817 aliis
3130 1761 3376 1824 collecta,
3412 1763 3525 1817 haec
3565 1762 3737 1831 reperi
3768 1777 3836 1816 ex

609 1888 630 1919 ι
665 1868 981 1931 Athanasio,
1017 1883 1138 1938 quae
1165 1875 1352 1937 postea
1381 1865 1585 1922 contuli
1615 1879 1739 1919 cum
1766 1863 1924 1918 editis
1953 1878 1982 1917 a
2020 1860 2264 1926 Peltano,
2296 1875 2417 1930 qua:
2441 1860 2629 1914 eodem
2661 1859 2822 1912 modo
2849 1871 2908 1912 se
2941 1856 3164 1919 habent,
3199 1855 3293 1911 sed
3326 1870 3523 1910 nomen
3552 1839 3837 1911 Athanasii

609 1982 627 2013 ι
663 1977 769 2017 non
814 1962 886 2016 ihi
916 1977 1256 2032 expressum,
1282 1976 1381 2015 nec
1421 1960 1510 2015 hic
1536 1958 1629 2014 ubi
1663 1958 1960 2021 desierunt,
1994 1957 2223 2026 ideoque
2260 1971 2371 2009 non
2397 1956 2551 2024 plura
2572 1953 2857 2022 descripsi,
2884 1954 3014 2023 quia
3052 1952 3309 2007 sublesta:
3337 1964 3519 2006 essent
3546 1952 3688 2007 ﬁdei.
3724 1951 3839 2021 Οὐχ

607 2076 627 2108 ι
665 2056 848 2120 ἁπλῶς
869 2056 924 2109 δὲ
952 2056 1012 2109 τὸ
1034 2056 1365 2127 γεννώμενον
1389 2071 1548 2126 φησιν
1573 2052 1708 2126 πρὸς
1733 2052 1831 2125 τὴν
1854 2052 2128 2123 Παρθένον
2160 2054 2188 2103 ὁ
2207 2051 2454 2119 ἄγγελος,
2483 2051 2569 2103 ἵνα
2603 2050 2676 2120 μὴ
2717 2047 2912 2113 ἔξωθεν
2950 2048 3371 2119 ὲπεισαγόμενον
3399 2051 3535 2119 αὐτῇ
3570 2047 3729 2117 σῶμα
3752 2065 3839 2100 νο·-

607 2171 623 2200 σ
657 2151 842 2222 μισθῇ,
869 2152 980 2205 ἀλλ’
997 2155 1239 2223 ἐπήγαγε
1292 2154 1385 2205 καὶ
1431 2152 1509 2215 τὸ,
1534 2153 1597 2203 ὲκ
1628 2150 1721 2201 σοῦ
1753 2166 1767 2179 ’
1806 2149 1891 2200 ἵνα
1921 2147 1980 2212 ἐξ
1999 2146 2166 2215 αὐτῆς
2197 2146 2407 2216 φύσεως
2433 2145 2494 2197 τὸ
2521 2144 2853 2213 γεννώμενον
2882 2139 3020 2195 εἶναι
3052 2143 3293 2214 πιστωθῇ
3324 2161 3337 2173 ·
3375 2143 3526 2212 ἅγιον
3548 2142 3603 2194 δὲ
3637 2140 3842 2212 κληθη.

606 2262 622 2290 ι
658 2244 900 2315 σύμενον,
925 2247 1021 2316 οὐχ
1042 2246 1114 2308 ὡς
1135 2246 1339 2299 ἕνοικον
1367 2245 1556 2310 ἕξοντα
1582 2245 1672 2297 τὸν
1698 2244 1824 2297 Υἱὸν
1853 2241 1945 2295 τοῦ
1972 2240 2105 2294 Θεοῦ
2137 2244 2228 2294 καὶ
2256 2245 2317 2293 ὲκ
2347 2241 2576 2312 μετοχῆς
2598 2238 3062 2309 ἁγιασθησόμενον
3082 2254 3096 2269 ⁸
3122 2237 3233 2295 ἀλλ’
3250 2238 3324 2302 ὡς
3349 2239 3476 2291 ὄντα
3508 2236 3648 2291 κατὰ
3675 2237 3838 2305 φύσιν

606 2361 621 2386 ι
658 2336 829 2405 ἅγιον,
851 2340 927 2411 τῷ
948 2340 1036 2394 τὸν
1062 2339 1219 2394 αὑτὸν
1238 2341 1362 2393 Υἱὸν
1389 2340 1650 2412 ὑπάρχειν
1691 2337 1825 2392 Θεοῦ
1860 2339 1951 2390 καὶ
1976 2338 2068 2390 ἕνα
2103 2333 2198 2390 sive

2244 2377 2257 2389 .
2290 2334 2367 2390 lta
2391 2352 2449 2390 se
2472 2336 2740 2390 habebant
2767 2343 2877 2389 tres
2905 2333 3119 2388 codices
3149 2335 3202 2387 in
3232 2349 3554 2404 pergamena
3585 2351 3709 2391 cum
3740 2350 3836 2390 ex-

605 2449 624 2480 c
664 2446 849 2497 presso
887 2434 1105 2488 nomine
1130 2434 1445 2498 Athanasii;
1478 2434 1579 2488 hoc
1603 2432 1722 2486 loco
1749 2430 2030 2486 translatio
2054 2428 2259 2484 Peltani
2284 2445 2394 2483 non
2418 2428 2673 2498 exprimit
2700 2437 2971 2497 postrema
3000 2427 3250 2482 ﬁdeliter.
3291 2446 3310 2478 r

674 2544 693 2574 σ
728 2524 792 2580 Et
821 2537 941 2596 post
969 2544 1134 2598 pauca
1165 2529 1267 2583 alia
1300 2527 1597 2598 fragmenta
1627 2527 1788 2581 allata
1814 2527 1929 2581 haec
1956 2526 2258 2580 observatio
2294 2524 2493 2579 ibidem
2530 2525 2793 2592 reperitur
2827 2542 2840 2578 :

671 2640 689 2674 η
724 2620 781 2675 In
813 2623 1124 2693 Ant/tologio
1153 2623 1386 2694 quodam
1413 2620 1510 2675 SS.
1543 2619 1765 2675 Patrum
1796 2620 1908 2675 haec
1935 2620 2109 2689 reperi
2146 2633 2213 2673 ex
2237 2618 2539 2673 Athanasio
2579 2618 2632 2671 in
2657 2618 2839 2672 littera
2872 2617 2938 2682 A,
2963 2617 3153 2673 ordine
3190 2620 3334 2673 enim
3373 2619 3709 2689 alphabetico
3748 2620 3835 2675 di-

602 2737 621 2765 ι
660 2726 807 2785 gesta
834 2728 987 2773 erant
1020 2719 1217 2787 capita,
1248 2726 1300 2774 et
1328 2716 1510 2771 omnia
1546 2716 1828 2787 desumpta
1856 2731 1919 2770 ex
1950 2714 2226 2771 veteribus
2256 2712 2528 2775 Patrihus,
2561 2714 2774 2783 istaqne
2799 2722 2952 2768 erant
2986 2715 3039 2767 in
3066 2728 3197 2767 voce
3232 2714 3626 2783 Ἆστρολογία,
3647 2727 3835 2787 utpras

602 2830 619 2859 ι
658 2827 715 2866 se
740 2811 843 2867 fert
872 2814 1078 2879 titulus,
1113 2830 1236 2869 cum
1271 2816 1469 2871 titulo:
1504 2816 1628 2867 Ὅτι
1657 2816 1705 2867 el
1727 2814 1865 2868 κατὰ
1898 2812 2194 2885 ἀστρολογί‹

2239 2829 2251 2864 t
2281 2811 2349 2864 τὰ
2372 2810 3008 2884 καθ’ήμᾶς,ἈΘανασίου
3038 2808 3441 2883 Ἀλεξανδρείας
3472 2812 3535 2864 ἐκ
3558 2812 3658 2883 τῆς
3690 2815 3831 2869 κατὰ

599 2922 617 2951 ι
658 2904 930 2959 Mareotico
967 2906 1167 2975 βίϐλου.
1206 2926 1224 2957 ι
1257 2904 1383 2962 llaec
1412 2909 1465 2962 in
1500 2907 1731 2977 epistola
1750 2906 2021 2962 Grodecii.

666 2994 773 3051 VII.
810 2996 893 3051 Ex
930 2999 1068 3052 hisce
1092 3010 1264 3053 autem
1294 3018 1453 3054 unum
1481 3011 1577 3066 est,
1608 3001 1744 3071 quod
1785 3018 2039 3070 nusquam
2072 3008 2419 3054 memoratum
2458 2999 2778 3063 audivimus,
2816 3000 3050 3061 scilicet,
3088 2995 3512 3053 Commentarius
3548 2996 3830 3050 Athanasii

593 3089 649 3144 in
686 3088 906 3144 Cantica
938 3088 1119 3145 Mariae
1146 3101 1199 3147 et
1227 3090 1413 3148 Mosis.
1447 3096 1559 3147 Hoc
1585 3090 1762 3147 aulem
1808 3092 2116 3162 opusculum
2154 3108 2525 3164 germanumne
2561 3092 2629 3144 sit
2682 3106 2745 3143 ex
2786 3089 2899 3143 sola
2929 3089 3147 3143 lectione
3176 3089 3455 3141 internosci
3482 3097 3677 3155 potest,
3708 3104 3827 3140 cum

593 3199 626 3234 a
653 3181 820 3245 nullo,
854 3184 991 3253 quod
1021 3186 1224 3254 quidem
1262 3193 1450 3251 norim,
1477 3190 1691 3257 antiquo
1726 3188 2003 3242 laudatum
2030 3186 2209 3255 fuerit.
2255 3186 2456 3242 Obnixe
2482 3202 2597 3240 vero
2626 3184 3006 3251 postulaeimus
3045 3199 3103 3236 ea
3132 3182 3423 3235 transmitti
3459 3182 3605 3235 nobis
3634 3197 3751 3251 quae
3771 3183 3829 3236 in

593 3275 1040 3330 lucubrationibus
1076 3282 1267 3332 nostris
1301 3280 1685 3346 desiderantur,
1720 3282 1808 3334 sed
1848 3297 1964 3335 cum
1997 3281 2176 3335 nullus
2217 3282 2339 3335 istic
2382 3281 2713 3334 amanuensis
2750 3278 2928 3333 Greece
2967 3276 3313 3331 transcribere
3347 3278 3532 3345 possit,
3574 3278 3703 3330 rotis
3733 3292 3829 3330 tto-

594 3370 718 3423 stris
741 3369 949 3440 obsequi
973 3372 1185 3425 minime
1210 3375 1377 3442 potuit
1402 3377 1480 3428 vir
1509 3374 1841 3429 doctissimus
1886 3374 2234 3430 Maratorius.
2266 3376 2333 3429 Et
2368 3386 2623 3445 quantum
2654 3390 2890 3442 auguror
2927 3374 3252 3441 conjectura,
3286 3388 3390 3425 non
3428 3374 3565 3426 tanti
3596 3373 3830 3441 fortasse

592 3460 746 3519 pretii
768 3469 888 3515 sunt
920 3473 1109 3515 ctztera
1138 3478 1155 3515 :
1188 3479 1309 3515 nam
1334 3464 1627 3534 fragmenta
1665 3466 1761 3518 illa
1800 3467 1852 3519 in
1885 3466 2051 3518 libros
2084 3464 2287 3535 Regum
2330 3474 2379 3517 et
2429 3465 2483 3518 in
2533 3464 2865 3527 Matthteum,
2894 3480 2996 3516 non
3017 3479 3081 3517 ex
3114 3464 3371 3533 peculiari
3413 3465 3640 3534 quodam
3679 3482 3824 3518 com-

595 3557 849 3607 mentario
874 3557 925 3608 in
959 3556 1108 3608 hosce
1136 3555 1318 3617 libros,
1336 3559 1423 3610 sed
1449 3574 1512 3610 ex
1535 3559 1654 3611 aliis
1678 3575 1791 3627 quia
1806 3558 1922 3627 jam
1947 3567 2154 3611 exstant
2178 3557 2453 3611 Athanasii
2478 3555 2716 3625 Operibus
2743 3556 2974 3608 maxima
2994 3570 3114 3622 pars
3130 3557 3389 3624 exscripta
3409 3558 3571 3623 luere,
3595 3565 3653 3607 ut
3680 3555 3824 3624 infra

594 3658 881 3707 monemus,
911 3653 959 3697 et
986 3648 1305 3713 experientia
1343 3651 1807 3716 comprobavimus.
1845 3649 2211 3717 Expositioncs
2240 3662 2415 3703 autem
2445 3648 2498 3702 in
2534 3647 2781 3703 Psalmos
2806 3645 2998 3700 eadem
3029 3654 3282 3713 putantur
3308 3662 3419 3701 esse
3446 3662 3563 3715 quia
3593 3656 3821 3701 ucstra:

592 3739 829 3806 synopsis
856 3754 992 3805 vero,
1025 3756 1114 3792 seu
1141 3742 1501 3810 interpretatio
1545 3744 1637 3796 illa
1669 3759 1847 3797 uocum
1877 3743 2258 3797 Ilebraicarum
2297 3760 2413 3813 qua:
2453 3744 2508 3796 in
2552 3740 2965 3812 expositionibus
2996 3740 3275 3793 Athanasii
3314 3752 3520 3794 exstant
3546 3750 3603 3794 ut
3643 3741 3717 3794 vel
3755 3757 3824 3795 ex

591 3830 851 3899 prioribus
893 3834 1057 3886 verbis
1091 3835 1461 3888 testintandum
1497 3837 1829 3907 relinquitur,
1865 3838 2018 3890 nihili
2045 3848 2137 3891 est.
2182 3837 2258 3890 De
2290 3837 2502 3907 reliquis
2536 3837 2581 3889 si
2615 3835 2824 3904 quando
2851 3834 3017 3887 lucem
3055 3835 3278 3888 viderint
3301 3835 3563 3904 judicium
3597 3835 3816 3901 feretur.

662 3919 795 3974 VIII.
815 3922 895 3974 Ad
926 3926 1124 3977 codices
1147 3925 1262 3993 jam
1280 3930 1543 3981 vertiamus
1568 3928 1703 3981 unde
1724 3929 1817 3982 ltus
1844 3929 2121 3981 Athanasii
2141 3929 2488 3997 expositiones
2517 3928 2743 3979 mutuati
2769 3942 2949 3979 sumus
2974 3942 2991 3978 :
3024 3934 3126 3979 tres
3154 3924 3300 3995 Regii
3332 3935 3474 3989 sunt,
3500 3922 3635 3977 1807
3662 3925 3822 3977 nimi-

593 4029 731 4076 rum,
757 4029 905 4083 quem
938 4012 1153 4082 Regium
1187 4018 1411 4082 primum
1454 4029 1717 4079 vocamus,
1747 4014 1870 4085 Reg.
1903 4032 2020 4069 vero
2048 4015 2101 4077 2,
2138 4015 2296 4078 l878,
2326 4014 2451 4083 Reg.
2477 4015 2530 4079 '5,
2561 4013 2719 4067 i879.
2758 4010 2948 4082 Regius
2987 4015 3190 4081 primus
3220 4022 3296 4066 est
3338 4021 3521 4066 catena
3556 4014 3820 4084 antiquis-

593 4110 728 4164 sima
766 4114 829 4163 ab
869 4113 1020 4163 annis
1064 4110 1180 4178 plus
1218 4111 1553 4180 septingentis
1586 4120 1856 4177 exaratus,
1899 4112 2045 4164 bonae
2088 4122 2245 4165 nolle.
2277 4110 2672 4164 Incommodum
2707 4119 2877 4162 tamen
2902 4108 3113 4173 accidit,
3144 4120 3201 4163 ut
3241 4110 3455 4164 nomina
3500 4110 3817 4179 scriptorum

597 4207 929 4259 amanuensis
973 4221 1197 4274 persa'pe
1245 4216 1458 4259 taceret.
1505 4203 1775 4259 Secundus
1810 4204 1933 4275 Reg.
1977 4208 2175 4277 egregie
2204 4207 2496 4274 descriptus
2529 4214 2577 4259 et
2606 4206 2749 4275 paris
2776 4206 3135 4275 antiquitatis,
3167 4206 3341 4258 minus
3372 4214 3545 4258 tanten
3572 4216 3817 4259 accurate

592 4311 841 4361 exoratus
880 4303 1092 4354 nomina
1139 4311 1310 4355 tamen
1332 4304 1605 4372 diligenter
1634 4303 1869 4357 ascribit.
1900 4301 2127 4365 Tertius,
2156 4304 2243 4372 qui
2275 4304 2499 4355 mediam
2515 4302 2726 4355 secundi
2752 4312 2951 4369 partem
2981 4302 3359 4370 complectitur,
3390 4315 3561 4353 recens
3587 4309 3661 4354 est
3682 4308 3730 4353 et
3749 4316 3819 4354 ex

596 4399 818 4453 secundo
841 4400 1156 4469 exscriptus,
1181 4400 1393 4468 ideoque
1417 4416 1517 4452 non
1540 4402 1673 4453 tanti
1697 4416 1842 4453 usus.
1870 4398 1993 4453 Tres
2019 4402 2141 4453 item
2167 4398 2313 4455 Colb.
2334 4409 2476 4463 sunt,
2496 4398 2654 4465 444⁸5,
2679 4415 2828 4469 quem
2851 4399 3080 4465 primum
3101 4395 3248 4451 Colb.
3265 4396 3512 4461 dicimus,
3530 4394 3815 4449 secundum

596 4506 710 4543 sero
736 4492 909 4555 M82;
944 4497 1151 4546 tertium
1184 4496 1236 4547 in
1274 4495 1407 4547 duas
1449 4504 1622 4563 partes
1652 4495 1898 4556 divisum,
1927 4511 2149 4564 quarum
2183 4496 2354 4563 prima
2390 4512 2658 4548 numerum
2687 4496 2880 4549 obtinet
2906 4494 3064 4553 4680.
3092 4494 3321 4548 secunda
3354 4508 3470 4546 vero
3497 4490 3659 4546 4681.
3688 4492 3785 4549 Col

592 4583 821 4637 bertinus
851 4594 1044 4641 autem.
1067 4601 1215 4653 quem
1239 4588 1465 4653 primunt
1496 4585 1743 4646 dicimus,
1771 4583 1960 4637 librum
1990 4586 2057 4637 ad
2088 4584 2456 4637 Marcellinum
2498 4582 2573 4637 De
2598 4583 3039 4652 interpretatione
3060 4581 3402 4639 Psalrnorutn
3433 4592 3641 4636 tantum
3662 4584 3816 4637 exhi-

595 4677 695 4728 bet.
726 4673 992 4728 Secundus
1020 4676 1297 4729 Athanasii
1322 4688 1370 4729 et
1407 4675 1712 4729 Theodoreti
1743 4677 2087 4743 expositiones
2126 4675 2177 4727 iu
2199 4674 2472 4733 Psalntos.
2499 4684 2675 4744 estque
2705 4674 2821 4747 plus
2855 4674 2957 4728 700
2983 4691 3240 4729 annorum
3269 4691 3286 4729 :
3310 4677 3505 4751 tertius
3528 4674 3813 4743 expositio-

594 4784 681 4823 nes
708 4772 830 4823 item
855 4769 1135 4825 Athanasii
1164 4788 1280 4825 cum
1309 4772 1570 4826 nonnullis
1601 4780 1907 4826 cretei-orum
1940 4771 2187 4834 Patrum,
2217 4772 2301 4823 hic
2334 4771 2534 4825 mendis
2558 4780 2741 4837 scatet,
2769 4773 3170 4841 quingentorum
3190 4772 3398 4824 circiter
3425 4788 3703 4827 annorum.

659 4857 865 4913 Harum
892 4864 1270 4930 expositionum
1296 4864 1584 4932 fragmenta
1612 4870 1852 4936 quantum
1877 4884 1909 4919 a
1944 4865 2157 4919 Daniele
2176 4864 2439 4928 Barbara,
2468 4867 2556 4933 qui
2591 4876 2768 4934 postea
2814 4866 3117 4932 patriarcha
3144 4866 3490 4935 Aquileiensis
3518 4868 3640 4933 fuit,
3666 4865 3811 4919 edita

591 4953 800 5020 {uerunt
842 4954 895 5007 in
940 4965 1123 5008 catena
1158 4954 1382 5010 Patrum
1425 4955 1723 5013 ercorum
1746 4960 1797 5013 in
1830 4957 2098 5021 Psalmos,
2138 4958 2360 5013 Venetiis
2405 4976 2533 5013 cusa
2554 4976 2692 5013 anno
2721 4959 2880 5021 1569,
2914 4960 3003 5012 ubi
3038 4958 3106 5012 ad
3133 4960 3619 5029 quinquagesimum
3648 4976 3811 5031 usque

587 5051 845 5119 psalmum
874 5052 1135 5105 duntaxat
1161 5057 1507 5120 expositiones
1536 5059 1821 5111 ducuntur.
1848 5054 1914 5108 Et
1942 5058 2240 5109 accuratior
2267 5056 2471 5125 quidem
2500 5057 2551 5108 in
2581 5056 2760 5108 multis
2786 5066 2860 5107 est
2886 5052 3226 5111 Corderiana.
3255 5056 3391 5110 Hinc
3416 5074 3553 5111 anno
3578 5056 3708 5111 1601
3742 5074 3809 5112 ex

589 5156 775 5201 eatena
802 5147 1339 5205 NicetteHeracleotaz
1372 5148 1751 5207 Felckmannus
1798 5162 2041 5221 excerpta
2080 5154 2325 5222 quadam
2365 5152 2531 5205 edidit
2558 5152 2906 5204 Athanasium
2952 5154 3263 5220 spectantia.
3306 5153 3578 5207 Postremo
3614 5154 3811 5210 Corde-

590 5244 698 5296 rius
724 5260 861 5296 anno
895 5243 1030 5299 1645
1055 5246 1397 5315 prolixiorem
1438 5258 1671 5300 catenam
1706 5247 1929 5301 Patrum
1961 5247 2263 5302 Graecorum
2308 5248 2361 5301 in
2404 5256 2577 5300 totum
2616 5245 2938 5301 Psalterium
2970 5247 3157 5309 edidit,
3188 5246 3356 5301 tribus
3388 5249 3543 5301 tomis
3574 5265 3811 5316 compre-

587 5342 816 5402 hensam,
852 5340 905 5393 in
929 5358 1031 5411 qua
1060 5344 1189 5396 necvi
1210 5359 1313 5395 non
1344 5346 1495 5411 pauci
1520 5355 1815 5398 occurrunt.
1846 5344 2034 5401 Nobile
2062 5355 2234 5398 autem
2258 5358 2332 5399 est
2358 5345 2488 5397 illud
2515 5354 2748 5397 erratum
2777 5345 2915 5413 quod
2941 5343 3282 5413 expositiones
3308 5339 3561 5395 Theodori
3583 5351 3629 5395 et
3651 5340 3811 5394 Theo-

583 5431 752 5485 doreti
781 5432 1075 5487 Athanasio
1101 5435 1348 5489 ascribat.
1392 5431 1457 5485 Et
1488 5434 1717 5503 quidem,
1740 5446 1793 5488 ut
1815 5452 2155 5505 auguramur,
2185 5438 2291 5487 hac
2328 5436 2504 5503 lapsus
2537 5452 2694 5487 causa
2736 5436 2877 5504 fuit:
2911 5438 3262 5489 Amanuenses
3296 5433 3383 5485 ubi
3420 5435 3473 5485 in
3508 5435 3703 5486 catenis
3736 5435 3809 5487 ad

587 5523 869 5589 marginem
908 5523 1115 5575 nomina
1159 5524 1469 5591 scriptorum
1503 5533 1705 5589 notant,
1740 5528 2014 5579 Athanasii
2053 5544 2235 5579 nomen
2269 5526 2501 5579 indicant
2544 5544 2633 5596 per
2663 5528 2893 5580 litteram
2917 5530 2979 5593 A,
3004 5530 3087 5581 cui
3118 5542 3405 5599 sequentem
3438 5529 3493 5581 in
3527 5529 3807 5583 Athanasii

587 5616 811 5676 nomine,
837 5615 879 5666 Θ
911 5616 1109 5669 scilicet
1133 5619 1422 5686 imponunt.
1465 5618 1562 5672 Ubi
1593 5631 1762 5673 autem
1798 5622 2053 5675 Theodori
2083 5624 2232 5675 lectio
2254 5633 2348 5687 est,
2376 5624 2598 5691 primunt
2628 5624 2873 5677 similiter
2892 5624 2933 5676 Θ
2955 5624 3271 5687 describunt,
3298 5626 3381 5678 cui
3403 5626 3632 5678 litteram
3657 5628 3693 5677 Δ
3717 5625 3809 5681 de-

588 5725 739 5773 super
762 5712 1026 5778 scribunt;
1060 5713 1167 5766 ha'c
1202 5725 1372 5770 autem
1400 5718 1574 5771 littera
1604 5725 1653 5771 in
1674 5719 1937 5772 codicibus
1967 5721 2200 5787 proxime
2226 5722 2293 5773 ad
2320 5720 2549 5773 litteram
2579 5721 2620 5773 A
2647 5721 2865 5782 accedit,
2904 5718 2989 5775 ubi
3022 5720 3184 5789 igitur
3212 5720 3342 5775 vidit
3380 5719 3446 5786 Α,
3476 5728 3531 5773 ut
3560 5718 3801 5789 putabat,

588 5806 821 5874 superius
882 5809 923 5859 Θ
958 5826 1069 5861 vero
1099 5810 1316 5879 inferius
1348 5813 1585 5880 describi,
1628 5815 1968 5871 Athanasium
1998 5816 2076 5872 his
2107 5817 2391 5887 signiﬁcari
2428 5817 2717 5871 arbitratus
2748 5830 2846 5873 est.
