4032 6432
174 367 246 426 53
1084 372 1567 431 ARGUMENTUM
1607 375 1673 430 IN
1713 375 1766 430 Pl

1822 375 2045 432 LLMOS.
2086 410 2157 420 —
2179 378 2324 435 ΜοΝ
2330 379 2497 436 [TUM
2505 423 2520 437 .
3344 388 3414 444 54

248 484 339 539 IX.
370 484 473 540 Ila
501 493 675 540 autem
707 485 1053 554 expositiones
1079 490 1260 544 multis
1292 492 1344 544 in
1371 492 1499 545 locis
1522 493 1793 559 deficiunt,
1824 493 1951 563 quia
1981 492 2183 547 scilicet
2204 511 2544 550 amanuenses
2568 512 2670 549 non
2696 501 2873 553 omnia
2900 503 3303 581 descripserunt,
3323 508 3414 558 sed

172 577 433 645 pauciora
465 576 758 631 attulerunt
783 594 940 647 quam
965 580 1156 646 ferrent
1198 582 1479 637 Athanasii
1507 584 1729 639 codices.
1763 583 1904 638 Raro
1936 584 2101 638 evenit
2141 594 2200 638 ut
2242 589 2529 658 peregrina:
2556 590 3006 661 interpretationes
3036 576 3215 649 nomen
3249 594 3415 648 Atha-

172 668 316 720 nasii
343 667 654 737 praferant,
685 669 739 721 id
769 670 942 739 quoad
974 671 1200 739 facultas
1228 675 1347 727 tulit
1373 678 1443 728 ad
1476 678 1763 746 marginem
1787 677 2105 730 notavimus.
2134 675 2203 731 Et
2235 695 2359 733 sane
2390 680 2645 749 perfacile
2675 689 2750 733 est
2780 679 2835 732 in
2864 680 3002 732 hisce
3030 679 3223 748 stylum
3247 680 3413 733 Atha-

173 764 310 815 nasii
339 765 709 830 internoscere,
747 774 858 818 tum
887 767 1010 835 quia
1050 769 1102 820 in
1135 780 1437 838 argumento
1480 772 1780 841 plerumque
1808 787 1900 825 ceu
1930 775 2178 841 synopsin
2214 774 2495 843 quamdam
2536 775 2695 828 totius
2723 773 2914 843 psalmi
2953 773 3014 826 ob
3041 774 3217 827 oculos
3245 774 3411 843 ponit,

171 862 224 908 et
251 857 462 923 quidem
514 872 635 910 mox
672 858 951 926 afferendae
983 862 1404 931 interpretationi
1451 866 1674 933 affinem,
1699 873 1755 917 ut
1788 865 1885 918 hac
1916 874 2112 919 tessera
2148 866 2305 936 facile
2339 867 2409 920 sit
2443 884 2561 921 vera
2585 884 2616 920 a
2641 866 2796 936 falsis
2820 880 3117 928 secernere;
3151 877 3261 918 tum
3289 866 3411 934 quia

176 961 285 1003 tam
318 954 648 1022 perspicuus,
685 964 794 1007 tam
829 956 993 1011 breuis
1022 969 1174 1028 atque
1205 977 1412 1028 pressus
1434 962 1487 1014 in
1528 962 1666 1014 hisce
1694 972 1769 1015 est
1794 961 2136 1025 Athanasius,
2163 971 2220 1014 ut
2248 963 2346 1015 hac
2374 964 2497 1015 item
2528 964 2579 1014 in
2606 969 2756 1031 parte
2777 977 2809 1013 a
2839 960 3038 1012 cwteris
3073 959 3283 1027 perinde
3305 960 3415 1011 dis-

176 1052 346 1119 tingui
374 1054 560 1120 possit.
594 1050 658 1105 In
689 1052 828 1106 hisce
857 1064 1032 1105 autem
1063 1051 1215 1121 vulgo
1268 1054 1577 1105 sententiam
1602 1055 1833 1122 exponit,
1884 1066 1941 1109 ut
1988 1067 2172 1111 uocant
2197 1057 2648 1124 spiritualem,ita
2668 1066 2724 1109 ut
2748 1053 2965 1107 Nicetas
3004 1055 3056 1106 in
3094 1061 3279 1106 catena
3317 1068 3413 1104 sua

180 1146 562 1202 Theodoretum
590 1165 684 1218 pro
714 1148 957 1214 litterali,
991 1147 1341 1201 Athanasium
1369 1150 1475 1218 fere
1498 1165 1595 1217 pro
1624 1151 1887 1219 Spirituali
1921 1153 2130 1222 afferat.
2157 1153 2252 1208 Est
2287 1163 2459 1208 tamen
2480 1152 2623 1206 haud
2648 1169 2771 1208 raro
2795 1168 2912 1206 cum
2948 1151 3178 1205 litteram
3203 1151 3415 1220 attingit

172 1248 223 1292 et
246 1238 460 1308 quidem
490 1240 776 1293 rectissime
804 1240 874 1292 ad
911 1256 1123 1308 scopum
1154 1239 1451 1310 Prophetas,
1478 1252 1534 1295 ut
1566 1259 1713 1297 nemo
1740 1260 1841 1296 non
1865 1246 2221 1300 arstimaturus
2244 1256 2342 1301 est.
2368 1247 2689 1317 Argumenta
2710 1246 3029 1317 psalmorum
3053 1242 3269 1295 maximi
3290 1257 3415 1296 sane

173 1335 331 1398 pretii
378 1343 521 1399 sunt,
552 1334 640 1388 ubi
683 1335 967 1389 litteralem
996 1337 1157 1389 etiam
1204 1352 1340 1405 saepe
1378 1346 1599 1389 mentem
1652 1338 1885 1405 apprime
1913 1345 1962 1390 et
1991 1347 2144 1391 acute
2183 1338 2351 1407 tangit
2395 1348 2674 1408 antequam
2694 1337 2771 1389 nd
2816 1334 3147 1405 spiritualem
3178 1332 3411 1386 accedat.

178 1427 368 1482 Multae
386 1428 474 1481 hic
497 1428 741 1483 lectiones
769 1430 972 1499 Aquila?
999 1440 1047 1484 et
1078 1430 1380 1500 Symmachi
1406 1441 1617 1485 exstant
1646 1433 1896 1487 hactenus
1924 1433 2267 1487 inobservatte
2292 1450 2324 1486 a
2356 1432 2547 1486 Drusio
2578 1443 2625 1486 et
2652 1432 2796 1484 aliis.

246 1521 343 1576 Est
397 1523 541 1579 locus
580 1526 770 1593 psalmi
797 1540 963 1591 van,
988 1544 1139 1597 quem
1168 1531 1395 1582 alitnnm
1435 1530 1759 1583 mtimamus
1802 1539 1850 1583 et
1895 1540 2238 1583 commentum
2277 1529 2399 1591 olet,
2438 1528 2573 1582 illud
2602 1528 2798 1582 scilicet
2829 1526 2892 1579 de
2917 1523 3413 1578 calamoaducrsum

174 1617 263 1672 3i.
284 1618 410 1671 Alia
431 1618 659 1687 fortasse
673 1620 927 1673 nonnulla
944 1635 1047 1673 non
1070 1619 1340 1672 observata
1361 1636 1391 1672 a
1412 1621 1557 1673 nobis
1571 1620 1767 1688 fuerint
1781 1636 1897 1689 qua:
1916 1620 2122 1674 erudito
2138 1619 2320 1674 lectori
2338 1618 2623 1688 supplenda
2639 1615 3038 1671 demandamus.
3056 1613 3204 1667 Psal.
3224 1626 3411 1674 usui,

172 1726 223 1763 υ.
263 1712 353 1778 l7,
378 1713 580 1767 dicitur
608 1713 785 1768 Filius
812 1732 929 1768 cum
960 1714 1173 1768 Patrem
1201 1714 1282 1767 his
1315 1717 1482 1769 verbis
1518 1719 1923 1785 deprecaretur:
1947 1714 2211 1771 Transeat
2244 1731 2275 1770 a
2312 1730 2396 1769 me
2438 1715 2578 1769 calix
2618 1713 2737 1777 iste,
2776 1728 2878 1765 non
2908 1712 2963 1765 in
2989 1710 3276 1779 hypocrisi,
3312 1722 3414 1760 non

171 1810 233 1854 ut
262 1800 523 1857 Satanam
549 1805 798 1860 inescaret
830 1822 892 1860 ac
921 1806 1201 1875 deciperet,
1236 1822 1340 1859 non
1372 1807 1509 1874 quod
1539 1808 1721 1860 mundi
1753 1807 2070 1861 voluntatem
2098 1817 2155 1861 ut
2180 1808 2443 1877 propriam
2476 1806 2701 1874 efferret,
2728 1807 2805 1859 ita
2826 1805 3054 1859 locutum
3080 1804 3261 1873 fuisse.
3283 1803 3416 1866 Qui-

177 1886 273 1946 bus
301 1904 481 1961 aperte
505 1906 758 1967 repugnat
785 1897 1066 1964 explicatio
1101 1914 1217 1967 qua:
1241 1906 1413 1952 exstat
1448 1900 1500 1951 in
1539 1898 1674 1952 libro
1706 1898 1783 1953 De
1810 1899 2059 1968 passione
2089 1898 2302 1953 Domini
2344 1908 2471 1953 tom.
2502 1897 2589 1962 IV,
2614 1914 2764 1967 quem
2803 1899 2941 1951 inter
2986 1905 3246 1966 suspectos
3273 1894 3414 1947 haud

174 1984 381 2053 injuria
410 1985 781 2057 ablegavimus.
812 1986 1030 2057 Argum.
1063 1988 1255 2056 psalmi
1278 2005 1381 2043 Lxx
1413 1990 1639 2058 primum
1687 1991 1781 2044 sub
1823 1989 2073 2045 Romanis
2108 1988 2557 2059 Jerosolymorum
2582 1990 2842 2043 excidium
2883 1996 3155 2051 memorat,
3177 1988 3303 2057 quia
3331 2003 3415 2041 se-

170 2083 408 2134 cundum
438 2083 564 2135 item
586 2100 618 2135 a
640 2082 888 2137 Romanis
918 2082 1126 2137 illatum
1151 2086 1252 2153 fuit
1282 2084 1373 2137 sub
1402 2086 1657 2140 Adriano.
1694 2084 1823 2140 ﬂare
1844 2087 1908 2140 de
1932 2085 2342 2156 expositionibus
2374 2086 2424 2138 in
2457 2082 2704 2139 Psalmos
2725 2084 2857 2137 satis
2884 2092 3060 2136 sunto.

246 2170 550 2226 Secundum
579 2173 712 2225 hanc
734 2173 1080 2241 conscriptam
1112 2172 1518 2228 admonitionem
1546 2174 1754 2229 litteras
1782 2176 1959 2243 accepi
1985 2174 2056 2228 cl.
2090 2173 2150 2228 V.
2168 2174 2387 2228 Antonii
2414 2172 2721 2237 Muratorii,
2745 2172 2835 2242 qui
2863 2186 3021 2223 manu
3048 2170 3263 2239 propria
3287 2171 3416 2226 mihi

171 2284 234 2321 ea
268 2268 545 2335 exscripsit
578 2268 633 2321 in
660 2268 935 2322 laudatum
958 2271 1389 2324 commentarium
1413 2270 1469 2325 in
1501 2270 1787 2326 Canticum
1816 2269 1996 2325 Maria:
2019 2269 2225 2325 sororis
2253 2267 2419 2323 Mosis
2448 2268 2772 2337 paucissima
2809 2280 2936 2319 sane
2969 2273 3028 2317 ut
3056 2263 3217 2318 vides.

248 2355 335 2410 En
357 2357 523 2427 igitur
544 2356 923 2413 Commentarii
952 2362 1120 2413 nostri
1152 2360 1408 2428 specimen
1435 2361 1490 2415 in
1511 2360 1795 2417 Canticum
1821 2359 2246 2417 Dcuteronomii.

245 2450 508 2522 Σημαίνει
534 2451 627 2503 καὶ
654 2450 787 2521 αὐτὴ
810 2450 905 2522 τὴν
943 2451 1211 2505 ἔκπτωσιν
1241 2452 1350 2505 τῶν
1377 2452 1637 2507 Ἰουδαίων
1676 2454 1767 2507 καὶ
1802 2453 1900 2523 τὴν
1928 2451 2233 2524 ἀγαθότητα
2274 2449 2365 2504 τοῦ
2394 2449 2548 2512 Θεοῦ,
2588 2449 2652 2520 ἢν
2683 2445 2948 2519 παρέσχεν
2971 2444 3171 2511 αὐτοῖς,
3204 2449 3294 2501 καὶ
3320 2447 3395 2519 τὴν

170 2544 485 2615 εἰσαγωγὴν
507 2543 615 2597 τῶν
641 2543 830 2599 ἐθνῶν.

171 2632 441 2704 Πρόσεχε,
472 2633 687 2703 οὐρανὲ,
710 2634 804 2698 καὶ
827 2633 1062 2707 λαλήσω,
1094 2635 1206 2700 καί,
1235 2646 1329 2692 etc.

331 2726 484 2778 Ἐπεὶ
520 2725 663 2796 μέγα
683 2720 752 2796 ἦν
779 2725 840 2779 τὸ
870 2715 1220 2799 τὲαράπτωμα
1255 2728 1557 2790 Ἰουδαίων,
1599 2726 1694 2778 καὶ
1726 2727 1782 2778 ἐν
1828 2725 2075 2794 οὐρανοῖς
2117 2724 2390 2795 μάρτυρες
2423 2725 2518 2793 οὐχ
2569 2723 2898 2795 εὑρίσκοντο,
2928 2728 3016 2781 τὸν
3049 2726 3296 2798 οὐρανὸν,
3327 2724 3421 2781 καὶ

320 2816 418 2885 τὴν
447 2816 551 2884 γῆν
570 2815 638 2869 τὰ
665 2815 876 2887 μεγάλα
903 2821 1139 2887 στοιχεῖα
1166 2818 1501 2890 μαρτύρεται
1528 2818 1556 2870 ὁ
1576 2815 1707 2880 θεὸς
1727 2814 1815 2869 διὰ
1834 2815 1927 2868 τοῦ
1960 2817 2256 2886 προφήτου.

172 2933 595 3005 Προσδοκάσθω.

247 3026 423 3091 Πολὺς
455 3028 564 3099 γὰρ
588 3027 664 3091 ὡς
689 3027 863 3092 ὑετὸς,
896 3027 991 3081 καὶ
1020 3026 1308 3100 ὲπωφελὴς
1336 3031 1364 3081 ὁ
1384 3028 1539 3097 λόγος
1568 3026 1663 3082 τοῦ
1690 3028 1825 3082 Θεοῦ
1860 3029 2240 3101 κατεχόμενος.

172 3123 290 3177 Καὶ
312 3123 623 3194 κατασήτω.

251 3218 409 3274 Μετὰ
437 3220 740 3291 πραότητος
776 3217 866 3269 καὶ
901 3216 1150 3286 ἡσυχίας,
1177 3216 1453 3268 τουτέστιν
1468 3216 1544 3279 ὡς
1556 3214 1760 3287 δμϐρος
1782 3216 1869 3268 ἐπ’
1891 3218 2185 3290 ἄγρωστιν,
2216 3221 2313 3276 καὶ
2341 3218 2415 3285 ὼς
2449 3220 2681 3291 νιφετός.

177 3313 314 3368 Post
338 3314 471 3367 duos
498 3313 632 3366 alios
666 3310 948 3364 versiculos
980 3308 1264 3363 subditur:
1296 3306 1503 3365 Desunt
1534 3310 1767 3381 reliqua,
1800 3322 1954 3384 atque
1978 3316 2062 3369 hic
2092 3315 2248 3385 ﬁnem
2270 3316 2619 3385 expositiones
2645 3317 3021 3373 Athanasiante
3040 3317 3251 3371 habent.

255 3410 341 3467 Ex
366 3408 755 3464 Commentario
791 3416 965 3461 autem
999 3415 1287 3461 memorato
1319 3406 1373 3462 in
1404 3403 1675 3473 Psalmos,
1704 3410 1905 3482 aliquot
1943 3412 2211 3471 clausulas
2244 3418 2572 3474 brevissimus
2612 3422 2806 3475 nostris
2833 3429 2915 3474 sat
2957 3419 3238 3475 dissimiles
3279 3417 3420 3471 misit

176 3507 431 3560 laudatus
466 3504 565 3568 vir,
594 3504 671 3557 ita
706 3514 761 3557 ut
792 3502 1059 3556 brevitatis
1081 3517 1243 3554 causa
1266 3516 1369 3554 non
1389 3502 1553 3569 possit
1573 3501 1839 3570 judicium
1873 3508 2000 3573 ferri
2020 3511 2277 3564 eademne
2297 3511 2401 3566 sint
2427 3512 2536 3567 illa:
2561 3530 2623 3569 ac
2648 3514 2993 3583 expositiones
3016 3520 3227 3566 nostra.
3252 3509 3420 3575 Quid-

175 3601 307 3672 quid
348 3602 561 3655 tandem
583 3602 674 3664 sit,
700 3614 817 3651 cum
841 3598 1129 3667 sapissime
1160 3606 1355 3651 nostra:
1379 3599 1443 3650 ab
1478 3601 1778 3656 auctoribus
1807 3602 2092 3661 laudentur
2115 3607 2396 3664 Athanasii
2421 3612 2649 3677 nomine,
2681 3611 2799 3665 hinc
2824 3611 3121 3681 conficitur,
3144 3609 3286 3677 ipsas
3317 3621 3425 3661 non

180 3713 301 3752 vero
322 3698 462 3752 alias
488 3712 598 3750 esse
624 3710 899 3765 germanas
923 3693 1203 3747 Athanasii
1229 3694 1597 3762 expositiones.

1459 4062 2152 4159 ADMONITIO

423 4266 495 4327 In
530 4265 986 4343 Argumentum
1019 4254 1347 4320 Athanasii
1378 4256 1447 4317 in
1480 4257 1882 4332 Psalterium,
1924 4265 1984 4320 et
2008 4258 2075 4320 in
2105 4257 2549 4337 supplementa
2579 4258 3037 4342 subsequentia
3068 4264 3177 4345 (a).

258 4587 449 4643 Prodit
492 4587 755 4657 egregium
797 4586 851 4639 in
895 4584 1138 4638 Psalmos
1190 4584 1565 4653 Argumentum
1610 4596 1675 4635 ex
1716 4580 1891 4634 codice
1922 4579 2247 4634 bibliotheca:
2296 4578 2662 4634 Ambrosiam:
2689 4582 3078 4635 membranaceo
3113 4596 3168 4636 χι
3212 4584 3416 4652 surculi,

182 4685 401 4754 optimas
435 4692 572 4737 notas
600 4697 617 4736 :
649 4682 800 4751 cujus
828 4681 1035 4752 singula
1068 4680 1212 4733 dicta
1246 4679 1512 4749 judicium
1555 4678 1898 4747 peritiamque
1938 4677 2212 4745 scriptoris
2251 4684 2497 4746 arguunt.
2541 4675 2765 4731 Orditur
2814 4687 2989 4732 autem
3024 4676 3343 4735 Athanasius
3386 4699 3421 4734 a

188 4780 527 4836 Psalmorum
571 4780 773 4843 ordine,
818 4795 1040 4849 quorum
1088 4776 1449 4847 perturbatam
1498 4776 1684 4829 seriem
1724 4789 2066 4843 promanasse
2108 4780 2260 4841 putat
2302 4788 2367 4825 ex
2400 4769 2711 4827 Judteorum
2747 4772 2957 4826 incuria
2998 4783 3048 4827 et
3082 4774 3417 4845 negligentia.

184 4875 436 4929 Paternis
476 4876 663 4945 quippe
692 4873 943 4943 despectis
976 4874 1196 4941 legibus,
1230 4873 1615 4942 inclinanteque
1641 4870 1710 4923 ad
1737 4870 2143 4923 simulacrorum
2173 4868 2373 4921 cultum
2395 4868 2591 4935 animo,
2630 4868 2790 4922 libros
2824 4884 2886 4921 ac
2926 4870 3204 4939 scriptores
3232 4870 3419 4939 prisca:

184 4972 461 5043 religionis
503 4972 804 5040 interpretes
844 4969 1331 5040 pessumdederunt,
1376 4969 1453 5021 ita
1485 4979 1537 5021 ut
1573 4966 1726 5019 multi
1753 4966 1873 5018 hinc
1903 4965 2023 5018 inde
2048 4966 2295 5018 distracti
2328 4980 2390 5017 ac
2420 4972 2672 5017 vetustate
2709 4979 2835 5032 pene
2868 4962 3041 5018 obruti
3069 4966 3196 5032 sint,
3228 4981 3419 5035 magna

182 5081 310 5134 pars
340 5064 505 5117 etiam
535 5077 752 5132 prorsus
783 5062 1097 5115 interierint.
1126 5057 1233 5113 Sub
1264 5059 1373 5113 htcc
1409 5073 1584 5111 autem
1625 5072 1741 5110 cum
1768 5058 1825 5109 in
1869 5070 2071 5124 poenam
2098 5053 2373 5119 scelerum,
2403 5051 2583 5107 multis
2612 5054 2785 5107 attriti
2818 5053 3077 5119 cladibus,
3107 5058 3164 5108 in
3192 5054 3421 5124 Babylo-

184 5161 329 5211 niam
360 5158 617 5209 oictururn
634 5154 793 5223 jussu
830 5154 1316 5223 transmigrassent,
1361 5151 1573 5222 quidam
1617 5150 1753 5203 inter
1783 5164 1869 5202 eos
1912 5146 2161 5216 propheta
2211 5161 2389 5199 sacros
2420 5144 2583 5199 libros
2615 5145 2892 5215 colligendi
2935 5161 3117 5199 curam
3152 5147 3420 5215 suscepit:

181 5266 312 5319 quos
355 5247 448 5301 ille
477 5248 553 5299 uti
585 5262 695 5300 sese
729 5246 950 5310 dabant,
982 5254 1260 5315 partesque
1291 5244 1530 5314 singulas
1558 5244 1637 5296 uti
1658 5243 1827 5311 primo
1860 5242 2223 5303 occurrebant,
2255 5256 2347 5293 nec
2389 5240 2565 5293 nativo
2595 5238 2795 5306 ordine,
2828 5238 3065 5309 digessit.
3102 5236 3241 5292 Hinc
3265 5237 3425 5293 Psal-

182 5360 393 5396 morum
426 5341 523 5395 illa
564 5342 824 5409 confusio,
861 5342 982 5395 hinc
1026 5342 1180 5396 seriei
1224 5341 1547 5409 perturbatio
1595 5341 1784 5393 oritur.
1827 5338 1956 5393 Haec
1996 5353 2113 5391 vero
2160 5352 2225 5390 ex
2261 5335 2483 5392 Eusebio
2528 5345 2797 5391 mutuatus
2835 5336 3040 5389 videtur
3078 5335 3421 5400 Athanasius,

184 5439 337 5507 cujus
380 5438 542 5491 etiam
576 5437 728 5491 verba
756 5438 1057 5507 plerumque
1103 5437 1430 5490 transcribit.
1480 5434 1545 5489 In
1588 5437 1684 5490 hoc
1720 5446 1891 5491 tamen
1927 5436 2145 5506 paulum
2188 5436 2381 5501 variat,
2413 5436 2549 5505 quod
2592 5435 2953 5489 restaurando:
2986 5431 3274 5502 Scriptura:
3302 5446 3426 5501 ope-

186 5544 327 5593 ram,
373 5544 533 5599 quam
574 5526 829 5581 Eusebius
859 5528 923 5580 ab
956 5526 1131 5580 Esdra
1163 5536 1459 5595 susceptam
1481 5528 1579 5591 ait,
1614 5528 1723 5596 ipse
1752 5528 1912 5581 alicui
1942 5526 2334 5595 prophetarum,
2366 5524 2511 5579 nullo
2531 5525 2799 5593 speciatim
2834 5532 3147 5586 memorato,
3173 5522 3423 5591 assignet.

250 5644 322 5705 (ο)
346 5641 461 5691 "ac
482 5646 595 5705 post
613 5640 881 5705 absolutam
904 5640 1167 5691 Maurinam
1196 5642 1465 5705 editionem
1507 5640 1689 5703 publici
1724 5643 1847 5703 juris
1888 5638 2004 5690 fecit
2030 5638 2438 5705 Montfsuconiusi
2456 5640 2504 5689 ln
2529 5639 2669 5690 Nova
2698 5635 2989 5705 Bibliotheca
3018 5638 3235 5705 Patrum.
3264 5638 3427 5705 Argu-

189 5698 410 5753 mentum
432 5698 498 5752 in"
513 5703 801 5753 Psalterium
832 5716 939 5753 mox
964 5707 1213 5764 sequitur;
1235 5698 1581 5765 supplementa
1610 5698 1810 5755 vero'ex
1844 5704 2012 5754 codice
2054 5701 2373 5755 Atnbrosiano
2411 5704 2698 5765 deprompta
2736 5698 3063 5750 distinctionis
3105 5712 3247 5749 causa
3290 5698 3428 5749 uncis

190 5768 517 5817 conclusimus
540 5772 593 5816 et
614 5766 763 5830 prlorl
786 5767 941 5817 textui
963 5767 1272 5815 inscruimus.
1298 5766 1428 5814 Εοιτ.
