4032 6424
588 389 658 444 55
1428 389 1486 443 S.
1528 384 1904 440 ATHANASH
1945 385 2094 440 OPP.
2136 383 2316 439 PARS
2359 383 2441 438 ΙΙΙ.
2483 414 2553 425 --
2593 383 3002 438 EXECETICA.
3762 382 3833 438 56

587 507 719 569 Qua:
754 505 816 559 de
854 505 1190 562 Psahnorum
1236 505 1538 558 auctoribus
1569 516 1747 573 postea
1776 505 2046 565 dicuntur,
2093 516 2346 557 accurata
2387 520 2512 556 sane
2541 514 2588 556 et
2627 505 2830 557 erudite
2862 505 3150 572 proposita,
3199 518 3442 573 magnam
3471 503 3658 557 habent
3708 516 3833 555 cum

587 598 830 669 Origenis
865 599 1136 668 opusculo,
1167 617 1198 653 a
1232 601 1378 653 nobis
1427 601 1724 668 propediem
1750 600 1946 652 edendo
1982 600 2079 668 (τι),
2119 602 2441 667 aﬂinitatem.
2491 602 2866 670 Argumentum
2899 617 3056 668 porro
3086 617 3238 654 suum
3269 602 3620 672 pulcherrirna
3642 603 3834 655 admo-

583 692 780 744 nitione
819 691 1017 744 claudit
1067 691 1390 746 Athanasius
1417 731 1433 756 ,
1479 691 1568 744 ubi
1615 709 1718 759 qua
1760 701 1925 744 mente
1961 689 2162 744 Psalmi
2199 693 2307 746 sint
2358 694 2590 762 legendi,
2636 702 2837 746 ascetas
2897 691 3187 761 alloquens,
3238 693 3335 745 etsi
3363 693 3576 760 paucis,
3628 692 3832 760 egregie

581 791 756 835 tamen
798 782 1058 834 edisserit.

653 873 1020 944 Supplementa
1053 873 1459 944 Expositiouum
1490 876 1544 928 in
1593 873 1857 940 Psalmos,
1893 892 1958 930 ex
2001 875 2177 930 codice
2212 878 2250 930 Λ
2281 879 2601 941 mbrosiano,
2628 878 2753 930 dum
2781 875 3069 931 Mediolani
3101 892 3389 946 ageremus,
3433 875 3825 943 exscripsimus.

581 964 780 1036 Estque
824 967 984 1019 codex
1015 967 1105 1020 ille
1141 983 1336 1029 recens,
1364 968 1428 1020 ab
1459 970 1753 1038 antiquiore
1790 967 2111 1027 Scorialensi
2153 969 2480 1038 desuinptus.
2528 968 2692 1036 Nam,
2728 979 2786 1022 ut
2834 970 2888 1022 in
2929 969 3212 1022 Athanasii
3242 968 3408 1030 edito,
3443 984 3476 1018 a
3507 967 3653 1019 nobis
3684 966 3830 1019 haud

581 1059 656 1112 ita
683 1061 881 1128 pridem
909 1065 1187 1122 adornata,
1223 1063 1520 1116 monuimus
1555 1061 1760 1130 (supra,
1815 1063 1919 1116 col.
1962 1062 2086 1132 55).
2126 1060 2496 1131 Expositiones
2523 1062 2634 1115 illa:
2679 1061 2984 1125 Athanasii,
3025 1077 3128 1114 non
3162 1059 3402 1113 omnibus
3442 1059 3551 1111 suis
3585 1056 3829 1126 partibul

577 1161 626 1204 et
664 1154 893 1206 numeris
924 1153 1178 1207 absoluta:
1207 1166 1348 1220 sunt,
1393 1158 1482 1209 sed
1511 1157 1911 1210 amanuensium
1939 1157 2155 1209 ausibus
2190 1159 2388 1225 passim
2426 1167 2686 1211 truncata:
2721 1166 2768 1209 et
2799 1157 2851 1208 in
2891 1156 3252 1224 compendium
3284 1155 3508 1207 redactte
3539 1168 3557 1205 :
3583 1153 3827 1219 quasdam

577 1245 734 1296 etiam
773 1260 835 1296 e1:
862 1247 1056 1297 catenis
1085 1257 1269 1300 erutae.
1311 1245 1464 1299 Nihil
1510 1264 1686 1300 moror
1717 1249 2024 1317 scriptorem
2067 1265 2343 1311 nuperum,
2372 1249 2462 1318 qui
2494 1247 2862 1317 Expositiones
2888 1247 3010 1300 illas
3044 1247 3098 1299 in
3123 1245 3362 1299 Psalmos
3396 1261 3495 1297 non
3521 1261 3629 1298 esse
3659 1244 3831 1296 Atha-

579 1336 714 1389 nasii
753 1353 1049 1406 pra'popere
1080 1341 1458 1406 pronuntiavit,
1504 1342 1592 1394 sed
1636 1342 1784 1395 nulla
1826 1341 2003 1394 oblata
2036 1343 2258 1411 negandi
2315 1345 2538 1396 ratione.
2591 1341 2744 1394 Nihil
2813 1341 2904 1394 ille
2949 1341 3175 1406 curavit,
3213 1341 3316 1393 imo
3366 1341 3542 1410 potius
3572 1337 3829 1391 dissimu-

579 1429 725 1489 lavit,
750 1429 846 1481 hoc
868 1433 1035 1498 operis
1054 1434 1291 1487 omnibus
1334 1445 1450 1502 post
1477 1437 1833 1489 Athanasium
1877 1437 2106 1502 stvculis,
2145 1438 2423 1490 Athanasii
2453 1439 2678 1500 nomine,
2719 1436 2902 1490 allatis
2924 1437 3226 1506 plerumque
3248 1434 3376 1490 locis
3411 1447 3462 1488 ut
3499 1436 3551 1488 in
3576 1433 3830 1487 hodierno

579 1520 964 1575 Commentario
989 1535 1230 1588 exstant,
1274 1543 1306 1576 a
1354 1527 1612 1597 plerisque
1662 1530 2009 1597 scriptoribus
2049 1532 2337 1584 memorari
2369 1547 2385 1582 :
2419 1530 2551 1583 nihil
2587 1531 2741 1584 movit
2774 1531 3000 1598 afﬁnitas
3037 1530 3190 1599 styli,
3238 1531 3487 1600 verbaque
3531 1527 3828 1597 frequentia

578 1618 926 1674 Athanasium
958 1639 1102 1686 usus,
1136 1626 1267 1678 nihil
1298 1629 1536 1681 codicum
1573 1632 1709 1683 unde
1733 1633 2037 1700 prodierunt
2072 1643 2298 1687 vetustas
2329 1651 2346 1687 :
2376 1650 2494 1704 qua:
2522 1651 2647 1687 sane
2680 1643 2926 1686 accurato
2954 1629 3177 1691 censori,
3205 1634 3481 1696 antequam
3511 1623 3826 1676 sententiam

578 1711 766 1783 ferret,
798 1718 934 1769 serio
965 1728 1112 1770 erant
1152 1722 1484 1773 excutienda.
1530 1720 1714 1775 Verum
1758 1723 1845 1776 ille
1908 1727 2085 1777 nasuti
2121 1742 2174 1778 se
2214 1727 2386 1778 critici
2415 1736 2589 1794 partes
2627 1725 2792 1793 egisse
2831 1722 3060 1791 putavit,
3121 1735 3260 1780 cum,
3317 1718 3480 1768 missa
3525 1715 3829 1783 importune:

576 1804 672 1858 illa
707 1807 1053 1878 investigandi
1086 1820 1132 1862 et
1164 1812 1485 1881 disquirendt
1517 1832 1693 1884 opera,
1719 1817 2082 1870 incunctanter
2107 1819 2486 1885 pronuntiavit,
2519 1815 2635 1870 Non
2681 1826 2808 1871 sunt
2831 1812 3130 1868 Athanasii.
3169 1809 3268 1865 Cui
3295 1825 3386 1863 nos
3412 1808 3530 1878 pari
3561 1806 3829 1876 facilitate

577 1903 897 1968 reponimus,
929 1904 1061 1957 Sunt
1095 1907 1374 1961 Athanasii
1409 1927 1422 1961 :
1451 1926 1482 1961 a
1505 1927 1607 1978 qua
1633 1927 1684 1964 re
1713 1912 1879 1967 denuo
1905 1914 2291 1982 comprobanda
2315 1929 2406 1965 nos
2443 1913 2702 1977 exemisti,
2726 1911 2760 1963 d
2781 1927 2868 1963 un:
2902 1909 3033 1962 nihil
3067 1907 3223 1974 affers
3257 1919 3356 1973 quo
3387 1911 3460 1954 tot
3495 1902 3820 1968 scriptorum

578 1992 896 2055 testimonia,
928 2006 1098 2064 totque
1123 1999 1230 2050 alia
1270 2002 1620 2072 γἰησιὸτητος
1648 2017 1952 2074 argumenta
1978 2009 2256 2061 convellas.
2300 2005 2467 2059 Nemo
2497 2023 2621 2059 sane
2660 2004 2808 2058 nobis
2846 2004 3021 2057 dicunt
3057 2001 3332 2069 impingat,
3359 1996 3496 2066 quod
3531 2009 3595 2046 ea:
3625 1993 3824 2060 affectu

578 2084 654 2142 vel
683 2086 1031 2154 pra'judicata
1066 2092 1304 2157 opinione
1340 2096 1523 2160 spuria
1563 2096 1638 2148 vel
1667 2097 1827 2149 dubia
1872 2114 2025 2165 opera
2054 2115 2147 2166 pro
2178 2097 2437 2167 germanis
2474 2104 2522 2149 et
2561 2097 2774 2148 assertis
2829 2095 3126 2147 dederimus
3158 2105 3175 2141 :
3206 2106 3327 2144 naon
3361 2103 3454 2156 pro
3484 2085 3645 2146 virili,
3671 2093 3717 2136 et
3753 2091 3811 2135 ut

578 2183 715 2250 a'qni
749 2184 884 2234 ratio
925 2187 1252 2250 postulabat,
1292 2189 1501 2251 νοθείας
1530 2191 1605 2243 vel
1647 2193 2001 2266 γνησιότητος
2030 2204 2178 2248 notas
2216 2195 2504 2263 quibusque
2542 2193 2935 2260 prtemisimus:
2973 2207 3034 2243 ac
3065 2191 3185 2242 licet
3218 2187 3398 2254 cuique
3430 2183 3651 2236 liberum
3689 2196 3806 2234 sen-

579 2277 756 2330 tentias
795 2279 1068 2331 adversum
1102 2297 1192 2333 nos
1222 2283 1448 2351 ferenda'
1495 2287 1776 2340 arbitrium
1808 2292 2076 2343 mittamus
2103 2333 2116 2356 ,
2158 2291 2202 2344 si
2237 2291 2352 2360 quis
2401 2301 2576 2342 tamen
2612 2290 2745 2341 hanc
2775 2287 3095 2357 provinciam
3127 2285 3300 2348 adeat,
3339 2280 3545 2334 nonnisi
3569 2277 3804 2332 excussis

579 2371 899 2436 argumentis
926 2382 973 2424 et
1007 2379 1166 2436 notis,
1197 2394 1325 2443 quas
1351 2395 1441 2448 pro
1472 2381 1728 2449 facultate
1766 2387 2077 2439 tractatibus
2117 2386 2340 2454 singulis
2385 2387 2771 2455 prwmisimus,
2800 2384 2999 2453 judicis
3042 2391 3089 2434 et
3125 2379 3353 2434 censoris
3388 2385 3563 2446 partes
3598 2382 3811 2441 occupet

647 2459 916 2517 Lectorem
948 2482 1152 2520 monere
1175 2469 1345 2536 juvat,
1393 2471 1843 2526 Commentarium
1883 2476 2048 2527 alium
2076 2477 2358 2528 Athanasii
2391 2478 2594 2529 nomine
2627 2476 2752 2542 ferri
2787 2477 2837 2526 in
2870 2471 3177 2526 bibliotheca
3210 2467 3515 2522 Iustiniano
3552 2463 3802 2523 Venetiis,

579 2556 730 2626 inque
758 2558 1104 2612 Ambrosiana
1137 2561 1443 2627 Mediolani,
1480 2582 1696 2632 prorsus
1741 2568 2001 2619 diversum
2036 2567 2097 2618 ab
2133 2592 2140 2619 4

2244 2584 2293 2629 o,
2341 2568 2490 2636 cujus
2527 2567 2739 2620 initium
2769 2582 2787 2617 :
2813 2565 2878 2616 Ἠ
2916 2565 3012 2632 μὲν
3056 2562 3358 2635 προφητεία
3395 2558 3694 2630 πληροῦται
3736 2559 3818 2619 εις

576 2648 667 2701 τὸν
723 2649 917 2718 Ἰωσὴυ
941 2652 1029 2703 τὸν
1073 2654 1441 2722 Ἀριμαθαῖον.
1496 2655 1597 2710 Sed
1643 2675 1760 2710 cum
1801 2675 1832 2710 a
1870 2659 2069 2710 nemine
2113 2675 2135 2711 s

2244 2671 2428 2711 uorum
2465 2665 2797 2722 inenioretur,
2843 2655 2919 2708 vel
2969 2654 3184 2709 alterius
3219 2663 3394 2706 nostro
3424 2652 3629 2722 gentilis
3666 2665 3794 2717 Opus

577 2742 754 2811 fuerit,
801 2741 876 2795 vel
913 2742 1264 2797 Athanasium
1295 2745 1445 2798 illum
1484 2764 1728 2818 magnum
1770 2752 2068 2803 ementitur.

647 2961 914 3018 SANCTI

678 3033 1225 3158 ﬁllbngANDRINI;
1255 3027 1772 3096 ARGUMENTUJI
1807 3043 1895 3098 14v
1923 3027 2139 3102 PSALZ

647 3218 704 3273 In
740 3219 1002 3277 llebraico
1034 3223 1174 3277 libro
1201 3223 1563 3290 Psalmorum,
1597 3229 1712 3281 sine
1745 3232 1956 3284 numeri
1985 3233 2138 3286 addi-

578 3314 725 3366 tione
769 3330 958 3369 omnes
1008 3315 1200 3384 psalmi
1275 3317 1517 3386 inscripti
1558 3329 1719 3384 sunt,
1774 3329 1934 3390 atque
1977 3324 2142 3379 variis

579 3404 774 3459 modis.
830 3405 935 3459 Alii
985 3407 1203 3476 quidem
1250 3423 1356 3461 una
1401 3409 1599 3477 juncti,
1656 3412 1746 3464 alii
1801 3413 1958 3467 divisi
1993 3424 2138 3469 sunt.

581 3498 771 3553 Statim
795 3498 990 3568 quippe
1029 3499 1096 3552 ah
1121 3499 1270 3553 initio
1292 3501 1495 3569 primus
1525 3512 1577 3556 et
1603 3505 1874 3561 secundus
1909 3507 1961 3558 in
1993 3516 2140 3560 textu

579 3591 842 3646 llehraico
883 3592 1234 3659 capulantur;
1272 3603 1456 3646 contra
1491 3609 1620 3646 vero
1646 3611 1840 3661 nonus,
1875 3598 1971 3666 qui
1999 3600 2141 3667 apud

579 3699 677 3738 nos
706 3684 1027 3748 coniunctus
1054 3693 1154 3746 est,
1207 3684 1258 3736 in
1296 3683 1559 3740 l-lehraico
1609 3696 1752 3743 textu
1785 3689 2041 3745 dividitur
2087 3693 2139 3746 in

578 3774 733 3828 duos.
784 3772 952 3827 Totus
998 3788 1161 3841 porro
1208 3772 1547 3829 l‘sahuorum
1609 3778 1742 3831 liber
1793 3779 1845 3831 in
1901 3781 2142 3849 quinque

577 3874 758 3934 partes
790 3864 1113 3917 distributus
1147 3873 1244 3920 est.
1300 3865 1706 3921 Observandum
1739 3877 1821 3921 est
1845 3879 2020 3923 autem
2053 3885 2143 3922 or-

577 3957 757 4009 dinem
808 3956 1138 4024 psalmorum
1203 3973 1543 4026 nequaquam
1583 3959 1821 4013 historiae
1850 3971 1902 4012 et
1933 3971 2142 4030 tempo-

580 4063 698 4100 rum
732 4049 928 4101 seriem
980 4060 1033 4101 et
1092 4049 1355 4101 rationem
1401 4058 1613 4111 tenere;
1656 4066 1836 4104 verum
1871 4052 1924 4104 in
1957 4055 2141 4107 multis

577 4139 775 4192 mutari
819 4148 1119 4209 temporum
1169 4141 1434 4204 ordinem,
1471 4151 1531 4194 ut
1583 4153 1976 4198 commonstrat
2009 4145 2142 4199 liber

581 4227 916 4300 Regnorum,
960 4232 1096 4286 Cum
1131 4232 1276 4286 enim
1317 4231 1576 4287 Judaicus
1608 4236 1841 4303 populus
1872 4236 2138 4292 idolorum

1024 2965 2137 3042 [irrisui/isti_j_Ancnttamscort
2169 2986 2212 3042 Α

2248 2980 2385 3033 ΤΟΥ
2407 2979 2572 3029 ᾹΓΙΟ
2585 2980 2628 3029 Υ
2645 2983 2683 3030 Λ
2695 2977 3031 3030 ΘΛΛἏΣΙΟΥ
3055 2971 3630 3027 ΑΡΧΙΕΠΙΣΚΟΠΟΥ
3651 2967 3828 3022 ΑΛΕ-

2309 3048 2722 3168 ΒῗιΑλῖέξΡΕΙΑΣ
2799 3047 3160 3099 ΥΠΟΘΕΣΙΣ
3223 3040 3350 3096 ΕΙΣ
3415 3043 3591 3095 ΊῸΥΣ
3644 3041 3826 3093 ΨΑΛ-

2370 3123 2404 3168 ξ)
2461 3121 2524 3168 .J.

2309 3121 2524 3172 MUTS.

2324 3231 2410 3283 Ἐν
2438 3232 2502 3300 τῇ
2551 3229 2806 3298 Ἑϐραῗκῇ
2838 3226 3002 3296 βίϐλῳ
3027 3226 3133 3279 τῶν
3161 3224 3405 3295 Ψαλμῶν
3432 3225 3558 3278 ἄνευ
3592 3225 3689 3295 τῆς
3729 3224 3824 3278 τοῦ

2241 3319 2474 3391 ἀριθμοῦ
2505 3318 2818 3388 προσθήκης
2852 3316 3237 3388 ἀνεγράφησαν
3264 3317 3313 3367 οἱ
3349 3315 3547 3378 πάντες
3576 3315 3669 3372 καὶ
3706 3313 3824 3366 δια-

2242 3413 2420 3481 φόρως
2441 3427 2453 3439 ·
2495 3411 2544 3462 οἰ
2583 3410 2680 3478 μέν
2706 3412 2808 3460 εἰσι
2833 3408 3183 3477 συνημμένοι,
3208 3408 3256 3460 οἱ
3281 3408 3335 3460 δὲ
3357 3407 3694 3480 διῃρημένοι.
3719 3405 3826 3457 Αὑ-

2239 3505 2366 3558 τίκα
2396 3501 2525 3571 γοῦν
2560 3504 2588 3554 6
2631 3502 2842 3571 πρῶτος
2869 3501 2960 3552 καὶ
2987 3502 3013 3552 ὁ
3042 3499 3290 3570 δεύτερος
3324 3500 3463 3552 κατὰ
3492 3500 3558 3551 τὸ
3606 3499 3821 3569 Ἐϐραῖ-

2242 3595 2334 3648 κὺν
2356 3593 2686 3664 συνημμένοι
2705 3610 2716 3622 ·
2755 3593 2848 3644 καὶ
2877 3591 3035 3644 πάλιν
3055 3595 3082 3644 6
3103 3592 3306 3654 ἔνατος,
3329 3591 3668 3662 συνημμένος
3693 3589 3823 3663 παρ’

2241 3689 2392 3757 ἡμῖν,
2427 3688 2483 3738 ἐν
2511 3686 2588 3754 τῷ
2629 3685 2898 3756 Ἐϐραῐκῴ
2929 3684 3175 3755 διῄρηται
3232 3687 3310 3748 είς
3357 3684 3468 3737 δύο.
3536 3686 3640 3737 Καὶ
3674 3687 3824 3738 πᾶσα

2240 3777 2295 3829 δὲ
2330 3780 2361 3848 ἡ
2389 3776 2493 3828 τῶν
2526 3777 2770 3845 ιὶόιλμῶν
2805 3775 2982 3844 βίϐλος
3032 3779 3110 3837 εἰς
3163 3776 3304 3846 μέρη
3355 3776 3514 3828 πέντε
3547 3776 3820 3846 διῄρηται.

2243 3868 2663 3938 Παρατηρητέον
2695 3867 2748 3919 δὲ
2773 3907 2786 3928 ,
2821 3868 2902 3919 ὅτι
2939 3866 3011 3936 μὴ
3046 3867 3186 3919 κατὰ
3229 3866 3544 3920 ἀκολουθίαν
3581 3866 3687 3919 τῶν
3720 3867 3823 3935 τῆς

2245 3959 2482 4030 ἱστορίας
2501 3959 2703 4028 χρόνων
2727 3961 2758 4027 ἡ
2782 3957 2886 4010 τῶν
2902 3957 3146 4026 Ψαλμῶν
3170 3957 3450 4024 σύγκειται
3469 3957 3620 4022 τάξις
3643 3975 3653 3984 ·
3679 3957 3825 4027 ἐνήλ-

2241 4045 2436 4098 λακται
2470 4045 2525 4097 δὲ
2555 4045 2702 4116 παρὰ
2726 4045 2936 4106 πολλοῖς
2963 4049 3076 4108 τοῖς
3103 4046 3335 4115 χρόνοις,
3362 4046 3487 4116 ῶςὴ
3513 4046 3692 4115 βίϐλος
3715 4046 3824 4099 τῶν

2242 4137 2532 4188 Βασιλειῶν
2564 4135 2728 4207 δηλοῖ.
2791 4135 2996 4206 Πολλῆς
3029 4137 3138 4206 γὰρ
3178 4136 3616 4207 εἰδωλολατρείας
3655 4153 3824 4190 κατα-

2241 4226 2593 4296 κρατησάσης
2620 4223 2712 4277 τοῦ
2743 4224 2850 4276 τῶν
2892 4224 3160 4279 Ἰουδαίων
3193 4224 3375 4289 ἔθνους
3394 4267 3406 4290 ,
3430 4225 3598 4296 λήθην
3627 4227 3825 4292 αὐτοὺς

581 4323 747 4375 cultui
765 4322 1052 4376 admodum
1074 4323 1320 4377 addictus
1345 4333 1506 4388 esset,
1528 4326 1580 4376 in
1602 4341 1870 4378 summam
1893 4336 2140 4395 paterna-

2244 4317 2568 4386 πεποιῆσθαι
2589 4317 2694 4372 τῶν
2716 4317 2993 4388 πατρικῶν
3014 4317 3266 4389 Γραφῶν,
3288 4318 3361 4381 ὡς
3385 4319 3516 4388 μηδὲ
3537 4319 3822 4386 φαίνεσθαι

583 4430 700 4468 rum
723 4413 1126 4483 Scripturarum
1150 4416 1476 4470 oblivionem
1505 4429 1788 4484 venerunt,
1809 4435 1978 4488 usque
2007 4420 2142 4475 adeo

583 4515 640 4558 nt
684 4521 751 4558 ne
780 4505 1026 4559 Mosaica:
1057 4507 1273 4574 quidem
1305 4507 1439 4576 legis
1473 4507 1607 4560 liher
1640 4518 2012 4577 compareret,
2046 4526 2144 4564 nec

579 4597 855 4666 quidpiam
876 4607 1108 4665 paternae
1131 4597 1342 4666 pictatis
1363 4613 1524 4666 penes
1543 4598 1687 4667 ipsos
1701 4599 1961 4668 reliquum
1977 4610 2139 4654 esset.

579 4688 714 4741 Cum
736 4689 916 4757 itaque
933 4689 1222 4757 prophetas
1239 4688 1658 4751 interemissent,
1683 4691 1826 4758 quod
1848 4704 2034 4742 eorum
2052 4691 2144 4743 im-

581 4779 804 4848 pietates
832 4789 1205 4849 coarguerent,
1247 4791 1614 4850 acproptcrca
1657 4781 1706 4833 in
1735 4797 1930 4834 manus
1980 4782 2143 4852 Assy-

581 4871 784 4924 riorum
806 4871 1006 4937 traditi,
1030 4872 1083 4925 in
1106 4873 1468 4940 captivitatem
1501 4874 1714 4926 abducti
1741 4873 2006 4938 fuissent;
2037 4876 2138 4928 sub

581 4963 691 5016 Inec
705 4962 922 5030 quidam
944 4965 1225 5033 propheta,
1246 4965 1336 5032 qui
1358 4963 1695 5034 Synagusum
1715 4981 1902 5020 eorum
1923 4975 2141 5021 strenue

578 5055 820 5120 curabat,
862 5072 986 5111 cum
1021 5057 1142 5112 aliis
1172 5056 1466 5126 Scriptnris
1502 5059 1698 5110 librum
1740 5076 1956 5128 quoque
1990 5059 2139 5113 Psal-

580 5162 790 5202 tnorum
815 5146 1029 5216 collegit
1058 5163 1071 5200 :
1104 5165 1210 5201 non
1237 5149 1380 5216 quod
1427 5147 1586 5201 simul
1635 5166 1851 5218 unoque
1904 5161 2142 5219 tempore

580 5238 820 5305 psalmos
864 5254 1051 5294 omnes
1087 5241 1364 5309 repererit.
1397 5242 1489 5293 sed
1510 5241 1740 5294 diversis
1774 5242 2139 5310 temporibus;

579 5345 641 5384 ac
659 5329 861 5399 primos
880 5331 1069 5385 ordine
1087 5333 1372 5400 posuiteos
1388 5335 1476 5400 qui
1503 5333 1660 5401 primi
1682 5335 1874 5401 reperti
1895 5333 2136 5386 fuerant:

581 5438 687 5490 quo
739 5422 941 5478 factum
984 5435 1068 5478 est
1104 5435 1244 5478 utne
1283 5441 1471 5477 omnes
1506 5425 1722 5493 quidem
1781 5425 1949 5493 ipsius
1983 5424 2141 5477 Davi-

579 5514 662 5567 tlis
698 5515 892 5583 psalmi
937 5518 1126 5572 ordine
1167 5529 1456 5586 ponantur,
1487 5526 1648 5585 atque
1689 5517 1877 5586 psalmi
1910 5518 2138 5570 liliorum

581 5602 737 5666 Core,
760 5616 811 5660 et
837 5606 1018 5677 Asaph
1050 5619 1102 5661 et
1129 5607 1454 5669 Salomonis,
1481 5605 1894 5676 Mosisquoquc,
1919 5606 2137 5660 A-Ztham

645 5767 712 5830 (α)
735 5766 856 5818 Vide
881 5779 995 5815 tom.
1042 5771 1123 5820 XV
1141 5807 1157 5830 ,
1219 5770 1344 5818 inter
1371 5769 1742 5830 Prolegomena.
1771 5768 1903 5817 Εδιτ.
1934 5770 2080 5818 Pna.

2246 4407 2422 4476 βίϐλον
2451 4407 2544 4460 τοῦ
2574 4408 2814 4472 Μωσέως
2842 4409 3007 4478 νόμον
3031 4447 3045 4471 ,
3102 4409 3234 4480 μηδὲ
3272 4411 3375 4480 μὴν
3404 4412 3500 4480 τῆς
3523 4411 3628 4463 τῶν
3656 4411 3824 4465 πατέ-

2248 4516 2352 4570 ρων
2383 4500 2661 4563 εὐσεϐείας
2694 4518 2743 4551 τι
2781 4499 3045 4564 σώζεσθαι.
3104 4503 3230 4572 παρ’
3271 4503 3471 4566 αὐτοῖς.
3531 4505 3656 4556 Ὅτε
3689 4504 3822 4570 γοῦν

2244 4591 2335 4642 καὶ
2361 4592 2486 4654 τοὺς
2520 4593 2801 4662 προφήτας
2833 4593 3066 4663 ἀνῄρουν
3085 4634 3099 4657 ,
3123 4594 3496 4665 διελέγχοντας
3526 4596 3700 4650 αὐτῶν
3721 4597 3822 4661 τὰς

2242 4679 2587 4744 δυσσεϐείας,
2640 4682 2734 4734 καὶ
2787 4681 2987 4734 τούτων
3038 4681 3198 4735 ἕνεκα
3248 4684 3306 4736 τὸ
3343 4684 3555 4754 πρῶτον
3589 4688 3654 4755 τῇ
3710 4686 3820 4739 τῶν

2241 4754 2550 4842 ’Ἀσσυρίων
2585 4771 2956 4842 παρεδόθησαν
2987 4776 3331 4847 αἰχμαλωσίᾳ
3351 4793 3364 4804 ·
3415 4777 3551 4846 μετὰ
3571 4777 3624 4828 δὲ
3651 4777 3821 4832 ταῦτὰ

2241 4883 2366 4918 τινα
2410 4864 2516 4917 τῶν
2566 4866 2894 4937 προφητῶν,
2950 4870 3077 4939 περὶ
3133 4869 3231 4938 τῆς
3277 4873 3593 4940 συκιαγοηῆς
3641 4872 3820 4926 αὐτῶν

2243 4957 2627 5020 ἐσπουδακότα,
2660 4960 2799 5028 μετὰ
2820 4977 2880 5028 γε
2903 4961 3010 5014 τῶν
3037 4961 3237 5014 λοιπῶν
3272 4963 3362 5015 καὶ
3381 4963 3478 5033 τὴν
3509 4963 3685 5032 βίϐλον
3709 4965 3819 5018 τῶν

2242 5052 2484 5122 Ψαλμῶν
2538 5054 2962 5124 συναγηοχέναι·
3005 5056 3102 5107 οὐκ
3157 5055 3366 5124 ἀθρόως
3418 5057 3643 5127 εὑρόντα
3695 5059 3819 5120 τοὺς

2243 5145 2448 5206 πάντας
2470 5185 2482 5206 ,
2511 5145 2642 5199 ἁλλᾶ
2676 5147 2816 5198 κατὰ
2848 5146 3134 5217 διαφόρους
3161 5147 3383 5217 χρόνους
3403 5165 3415 5176 ·
3465 5151 3818 5203 κατατάττειν

2241 5234 2294 5286 δὲ
2321 5238 2377 5286 ἓν
2403 5236 2637 5307 πρώτοις
2667 5239 2792 5300 τους
2830 5237 3074 5308 πρώτους
3097 5239 3509 5309 εὑρισκομένους
3529 5258 3541 5269 ο
3574 5241 3653 5293 διὸ
3686 5242 3818 5312 μηδὲ

2239 5328 2332 5381 τοῦ
2365 5329 2524 5381 Δαυῒὸ
2552 5329 2748 5399 ἐφεξῆς
2776 5330 3124 5382 εὑοίσκεσθαι
3158 5330 3280 5392 τοὺς
3308 5330 3532 5394 πάντας,
3565 5332 3620 5382 ἐν
3652 5331 3707 5383 δὲ
3742 5333 3818 5402 τῷ

2244 5425 2443 5495 μεταξὺ
2475 5427 2566 5477 καὶ
2596 5425 2700 5476 τῶν
2724 5424 2853 5476 υἱῶν
2883 5425 3045 5487 Κορὲ,
3078 5423 3169 5476 καὶ
3193 5425 3285 5476 τοῦ
3323 5424 3514 5491 Ἀσᾶφ,
3545 5426 3635 5477 καὶ
3665 5424 3819 5477 Σολο-

2245 5517 2468 5588 μῶντος,
2501 5518 2593 5570 καὶ
2617 5516 2876 5580 Μωσέως,
2907 5517 3086 5586 Λίθάμ
3123 5534 3180 5568 τε
3215 5515 3304 5568 τοῦ
3343 5516 3694 5587 Ἰσραηλίτου,
3727 5519 3818 5572 καὶ

2241 5609 2450 5679 Αἰμὰν,
2483 5609 2574 5662 καὶ
2605 5607 2760 5662 πάλιν
2796 5607 2884 5660 τοῦ
2916 5606 3112 5671 Δαυῒδ,
3147 5607 3494 5677 εὑρίσκεσθαι
3532 5608 3728 5680 ἀναμὶξ
3758 5611 3814 5662 ἐν
