  <div class='ocr_page' id='page_1' title='image "/cluster/home/n/w/nwhite01/storage/ocr_20150623/27/ien.35556001660521/040.png"; bbox 0 0 4032 6444; ppageno 0'>
   <div class='ocr_carea' id='block_1_1' title="bbox 153 372 3392 448">
    <p class='ocr_par' dir='ltr' id='par_1_1' title="bbox 153 372 3392 448">
     <span class='ocr_line' id='line_1_1' title="bbox 153 372 3392 448; baseline 0.009 -28"><span class='ocrx_word' id='word_1_1' title='bbox 153 376 222 436; x_wconf 76' lang='lat'><strong>57</strong></span> <span class='ocrx_word' id='word_1_2' title='bbox 1277 372 1760 432; x_wconf 68' lang='lat' dir='ltr'><strong>ancunsxreu</strong></span> <span class='ocrx_word' id='word_1_3' title='bbox 1805 373 1873 428; x_wconf 82' lang='lat' dir='ltr'><strong>IN</strong></span> <span class='ocrx_word' id='word_1_4' title='bbox 1912 379 2249 438; x_wconf 74' lang='lat' dir='ltr'><strong>PSALMOS.</strong></span> <span class='ocrx_word' id='word_1_5' title='bbox 2302 443 2304 446; x_wconf 53' lang='grc'><strong>,</strong></span> <span class='ocrx_word' id='word_1_6' title='bbox 3323 391 3392 448; x_wconf 86' lang='grc'><strong>58</strong></span> 
     </span>
    </p>
   </div>
   <div class='ocr_carea' id='block_1_2' title="bbox 155 491 1750 579">
    <p class='ocr_par' dir='ltr' id='par_1_2' title="bbox 155 491 1722 570">
     <span class='ocr_line' id='line_1_2' title="bbox 155 491 1722 570; baseline -0.003 -19"><span class='ocrx_word' id='word_1_7' title='bbox 155 502 216 570; x_wconf 81' lang='grc' dir='ltr'>τῇ</span> <span class='ocrx_word' id='word_1_8' title='bbox 262 496 432 568; x_wconf 77' lang='grc' dir='ltr'>βίϐλῳ</span> <span class='ocrx_word' id='word_1_9' title='bbox 470 495 836 565; x_wconf 77' lang='grc' dir='ltr'><strong>τεταγμένους</strong></span> <span class='ocrx_word' id='word_1_10' title='bbox 859 510 872 524; x_wconf 84' lang='grc'>⁶</span> <span class='ocrx_word' id='word_1_11' title='bbox 902 494 962 548; x_wconf 72' lang='grc' dir='ltr'><strong>οὐ</strong></span> <span class='ocrx_word' id='word_1_12' title='bbox 999 493 1118 548; x_wconf 80' lang='grc' dir='ltr'>καθ’</span> <span class='ocrx_word' id='word_1_13' title='bbox 1150 494 1242 556; x_wconf 73' lang='grc' dir='ltr'>οὓς</span> <span class='ocrx_word' id='word_1_14' title='bbox 1276 494 1570 564; x_wconf 74' lang='grc' dir='ltr'>ἐλέχθησαν</span> <span class='ocrx_word' id='word_1_15' title='bbox 1595 491 1722 564; x_wconf 82' lang='grc' dir='ltr'>χρό-</span> 
     </span>
    </p>
   </div>
   <div class='ocr_carea' id='block_1_3' title="bbox 1853 491 3404 579">
    <p class='ocr_par' dir='ltr' id='par_1_3' title="bbox 1853 497 3404 579">
     <span class='ocr_line' id='line_1_3' title="bbox 1853 497 3404 579; baseline 0.008 -29"><span class='ocrx_word' id='word_1_16' title='bbox 1853 497 2104 562; x_wconf 68' lang='lat' dir='ltr'><strong>sraelitae,</strong></span> <span class='ocrx_word' id='word_1_17' title='bbox 2138 499 2358 564; x_wconf 65' lang='lat' dir='ltr'><strong>Eman,</strong></span> <span class='ocrx_word' id='word_1_18' title='bbox 2392 517 2719 573; x_wconf 82' lang='lat' dir='ltr'><strong>rursumque</strong></span> <span class='ocrx_word' id='word_1_19' title='bbox 2737 501 2954 561; x_wconf 80' lang='lat' dir='ltr'><strong>Davidis</strong></span> <span class='ocrx_word' id='word_1_20' title='bbox 2977 509 3276 576; x_wconf 82' lang='lat' dir='ltr'><strong>permistim</strong></span> <span class='ocrx_word' id='word_1_21' title='bbox 3305 524 3404 579; x_wconf 83' lang='lat' dir='ltr'><strong>po-</strong></span> 
     </span>
    </p>
   </div>
   <div class='ocr_carea' id='block_1_4' title="bbox 154 585 1732 658">
    <p class='ocr_par' dir='ltr' id='par_1_4' title="bbox 154 585 1732 658">
     <span class='ocr_line' id='line_1_4' title="bbox 154 585 1732 658; baseline -0.003 -16"><span class='ocrx_word' id='word_1_22' title='bbox 154 609 298 654; x_wconf 83' lang='grc' dir='ltr'>νους,</span> <span class='ocrx_word' id='word_1_23' title='bbox 333 589 474 645; x_wconf 72' lang='grc' dir='ltr'>ἀλλὰ</span> <span class='ocrx_word' id='word_1_24' title='bbox 513 588 632 642; x_wconf 73' lang='grc' dir='ltr'>καθ’</span> <span class='ocrx_word' id='word_1_25' title='bbox 657 587 749 650; x_wconf 74' lang='grc' dir='ltr'><strong>οὓς</strong></span> <span class='ocrx_word' id='word_1_26' title='bbox 781 586 1028 658; x_wconf 74' lang='grc' dir='ltr'>εὕραντο.</span> <span class='ocrx_word' id='word_1_27' title='bbox 1086 587 1160 640; x_wconf 84' lang='grc' dir='ltr'>Τὸ</span> <span class='ocrx_word' id='word_1_28' title='bbox 1199 587 1241 638; x_wconf 80' lang='grc' dir='ltr'><strong>δ’</strong></span> <span class='ocrx_word' id='word_1_29' title='bbox 1267 587 1398 639; x_wconf 80' lang='grc' dir='ltr'>αὐτὸ</span> <span class='ocrx_word' id='word_1_30' title='bbox 1423 585 1602 654; x_wconf 69' lang='grc' dir='ltr'>εὕροις</span> <span class='ocrx_word' id='word_1_31' title='bbox 1639 602 1732 654; x_wconf 84' lang='grc' dir='ltr'>γε·-</span> 
     </span>
    </p>
   </div>
   <div class='ocr_carea' id='block_1_5' title="bbox 154 679 1620 756">
    <p class='ocr_par' dir='ltr' id='par_1_5' title="bbox 154 679 1620 756">
     <span class='ocr_line' id='line_1_5' title="bbox 154 679 1620 756; baseline -0.005 -18"><span class='ocrx_word' id='word_1_32' title='bbox 154 702 283 756; x_wconf 81' lang='grc' dir='ltr'>γενη</span> <span class='ocrx_word' id='word_1_33' title='bbox 294 686 456 754; x_wconf 77' lang='grc' dir='ltr'>μένον</span> <span class='ocrx_word' id='word_1_34' title='bbox 481 683 571 736; x_wconf 76' lang='grc' dir='ltr'><strong>καὶ</strong></span> <span class='ocrx_word' id='word_1_35' title='bbox 602 683 657 735; x_wconf 78' lang='grc' dir='ltr'>ἐν</span> <span class='ocrx_word' id='word_1_36' title='bbox 677 683 797 745; x_wconf 76' lang='grc' dir='ltr'>ταῖς</span> <span class='ocrx_word' id='word_1_37' title='bbox 824 681 932 735; x_wconf 84' lang='grc' dir='ltr'>τῶν</span> <span class='ocrx_word' id='word_1_38' title='bbox 959 679 1249 753; x_wconf 74' lang='grc' dir='ltr'><strong>προφητῶν</strong></span> <span class='ocrx_word' id='word_1_39' title='bbox 1277 683 1620 752; x_wconf 78' lang='grc' dir='ltr'>περικοπαῖς.</span> 
     </span>
    </p>
   </div>
   <div class='ocr_carea' id='block_1_6' title="bbox 227 859 1734 934">
    <p class='ocr_par' dir='ltr' id='par_1_6' title="bbox 227 859 1734 934">
     <span class='ocr_line' id='line_1_6' title="bbox 227 859 1734 934; baseline -0.003 -16"><span class='ocrx_word' id='word_1_40' title='bbox 227 865 369 927; x_wconf 77' lang='grc' dir='ltr'>Τοὺς</span> <span class='ocrx_word' id='word_1_41' title='bbox 390 864 446 916; x_wconf 77' lang='grc' dir='ltr'><strong>δὲ</strong></span> <span class='ocrx_word' id='word_1_42' title='bbox 479 863 616 934; x_wconf 76' lang='grc' dir='ltr'><strong>μετᾶ</strong></span> <span class='ocrx_word' id='word_1_43' title='bbox 643 863 734 914; x_wconf 81' lang='grc' dir='ltr'><strong>τὸν</strong></span> <span class='ocrx_word' id='word_1_44' title='bbox 769 860 983 932; x_wconf 76' lang='grc' dir='ltr'>πρῶτον</span> <span class='ocrx_word' id='word_1_45' title='bbox 1007 860 1099 913; x_wconf 67' lang='grc' dir='ltr'><strong>καὶ</strong></span> <span class='ocrx_word' id='word_1_46' title='bbox 1119 859 1415 913; x_wconf 82' lang='grc' dir='ltr'><strong>δωδέκατον</strong></span> <span class='ocrx_word' id='word_1_47' title='bbox 1439 859 1734 929; x_wconf 75' lang='grc' dir='ltr'>ἀνεπιγρά-</span> 
     </span>
    </p>
   </div>
   <div class='ocr_carea' id='block_1_7' title="bbox 157 951 1735 1025">
    <p class='ocr_par' dir='ltr' id='par_1_7' title="bbox 157 951 1735 1025">
     <span class='ocr_line' id='line_1_7' title="bbox 157 951 1735 1025; baseline -0.015 -1"><span class='ocrx_word' id='word_1_48' title='bbox 157 974 289 1024; x_wconf 78' lang='grc' dir='ltr'><strong>φους</strong></span> <span class='ocrx_word' id='word_1_49' title='bbox 320 954 570 1025; x_wconf 67' lang='grc' dir='ltr'>ψαλμοὺς</span> <span class='ocrx_word' id='word_1_50' title='bbox 590 994 604 1018; x_wconf 88' lang='grc'><strong>,</strong></span> <span class='ocrx_word' id='word_1_51' title='bbox 637 954 730 1006; x_wconf 75' lang='grc' dir='ltr'><strong>καὶ</strong></span> <span class='ocrx_word' id='word_1_52' title='bbox 759 955 882 1015; x_wconf 75' lang='grc' dir='ltr'>τοὺς</span> <span class='ocrx_word' id='word_1_53' title='bbox 920 952 1231 1022; x_wconf 65' lang='grc' dir='ltr'>ὲπιγραιρὴν</span> <span class='ocrx_word' id='word_1_54' title='bbox 1263 951 1513 1021; x_wconf 77' lang='grc' dir='ltr'>ἔχοντας,</span> <span class='ocrx_word' id='word_1_55' title='bbox 1548 951 1608 1002; x_wconf 82' lang='grc' dir='ltr'>οὐ</span> <span class='ocrx_word' id='word_1_56' title='bbox 1641 951 1735 1020; x_wconf 78' lang='grc' dir='ltr'><strong>δη-</strong></span> 
     </span>
    </p>
   </div>
   <div class='ocr_carea' id='block_1_8' title="bbox 156 1041 1734 1112">
    <p class='ocr_par' dir='ltr' id='par_1_8' title="bbox 156 1041 1734 1112">
     <span class='ocr_line' id='line_1_8' title="bbox 156 1041 1734 1112; baseline -0.004 -12"><span class='ocrx_word' id='word_1_57' title='bbox 156 1046 384 1110; x_wconf 81' lang='grc' dir='ltr'>λοῦντας</span> <span class='ocrx_word' id='word_1_58' title='bbox 426 1047 568 1110; x_wconf 86' lang='grc' dir='ltr'>τίνος</span> <span class='ocrx_word' id='word_1_59' title='bbox 595 1046 758 1108; x_wconf 74' lang='grc' dir='ltr'>είσὶν,</span> <span class='ocrx_word' id='word_1_60' title='bbox 803 1044 1023 1098; x_wconf 79' lang='grc' dir='ltr'>ἐκείνων</span> <span class='ocrx_word' id='word_1_61' title='bbox 1049 1041 1190 1096; x_wconf 80' lang='grc' dir='ltr'>εἶναι</span> <span class='ocrx_word' id='word_1_62' title='bbox 1239 1043 1422 1106; x_wconf 82' lang='grc' dir='ltr'>παῖδες</span> <span class='ocrx_word' id='word_1_63' title='bbox 1467 1042 1734 1112; x_wconf 74' lang='grc' dir='ltr'>Ἐϐραίων</span> 
     </span>
    </p>
   </div>
   <div class='ocr_carea' id='block_1_9' title="bbox 157 1133 1734 1209">
    <p class='ocr_par' dir='ltr' id='par_1_9' title="bbox 157 1133 1734 1209">
     <span class='ocr_line' id='line_1_9' title="bbox 157 1133 1734 1209; baseline -0.004 -17"><span class='ocrx_word' id='word_1_64' title='bbox 157 1141 311 1208; x_wconf 78' lang='grc' dir='ltr'>φασὶ,</span> <span class='ocrx_word' id='word_1_65' title='bbox 356 1133 432 1191; x_wconf 77' lang='grc' dir='ltr'>ὧν</span> <span class='ocrx_word' id='word_1_66' title='bbox 459 1137 693 1209; x_wconf 72' lang='grc' dir='ltr'>τοῦνομα</span> <span class='ocrx_word' id='word_1_67' title='bbox 730 1137 952 1206; x_wconf 75' lang='grc' dir='ltr'>φέρεται</span> <span class='ocrx_word' id='word_1_68' title='bbox 981 1139 1036 1189; x_wconf 81' lang='grc' dir='ltr'><strong>ἐν</strong></span> <span class='ocrx_word' id='word_1_69' title='bbox 1067 1139 1184 1199; x_wconf 83' lang='grc' dir='ltr'>ταῖς</span> <span class='ocrx_word' id='word_1_70' title='bbox 1215 1135 1322 1188; x_wconf 76' lang='grc' dir='ltr'><strong>τῶν</strong></span> <span class='ocrx_word' id='word_1_71' title='bbox 1352 1135 1734 1205; x_wconf 74' lang='grc' dir='ltr'>ἁνεπιγράφων</span> 
     </span>
    </p>
   </div>
   <div class='ocr_carea' id='block_1_10' title="bbox 158 1227 1735 1303">
    <p class='ocr_par' dir='ltr' id='par_1_10' title="bbox 158 1227 1735 1303">
     <span class='ocr_line' id='line_1_10' title="bbox 158 1227 1735 1303; baseline -0.003 -20"><span class='ocrx_word' id='word_1_72' title='bbox 158 1231 644 1303; x_wconf 58' lang='grc' dir='ltr'><strong>προτεταγμέναις.</strong></span> <span class='ocrx_word' id='word_1_73' title='bbox 701 1229 803 1282; x_wconf 85' lang='grc' dir='ltr'><strong>Τὸν</strong></span> <span class='ocrx_word' id='word_1_74' title='bbox 848 1229 905 1282; x_wconf 81' lang='grc' dir='ltr'><strong>δὲ</strong></span> <span class='ocrx_word' id='word_1_75' title='bbox 953 1229 1168 1297; x_wconf 82' lang='grc' dir='ltr'>πρῶτον</span> <span class='ocrx_word' id='word_1_76' title='bbox 1201 1229 1294 1280; x_wconf 76' lang='grc' dir='ltr'><strong>καὶ</strong></span> <span class='ocrx_word' id='word_1_77' title='bbox 1321 1228 1571 1297; x_wconf 71' lang='grc' dir='ltr'>δεύτερον</span> <span class='ocrx_word' id='word_1_78' title='bbox 1594 1266 1608 1290; x_wconf 92' lang='grc'><strong>,</strong></span> <span class='ocrx_word' id='word_1_79' title='bbox 1640 1227 1735 1278; x_wconf 74' lang='grc' dir='ltr'><strong>ἕνα</strong></span> 
     </span>
    </p>
   </div>
   <div class='ocr_carea' id='block_1_11' title="bbox 157 1318 1739 1392">
    <p class='ocr_par' dir='ltr' id='par_1_11' title="bbox 157 1318 1739 1392">
     <span class='ocr_line' id='line_1_11' title="bbox 157 1318 1739 1392; baseline -0.004 -17"><span class='ocrx_word' id='word_1_80' title='bbox 157 1325 316 1386; x_wconf 76' lang='grc' dir='ltr'>ὄντας</span> <span class='ocrx_word' id='word_1_81' title='bbox 337 1323 522 1392; x_wconf 70' lang='grc' dir='ltr'>ἄμφω,</span> <span class='ocrx_word' id='word_1_82' title='bbox 548 1320 642 1374; x_wconf 73' lang='grc' dir='ltr'><strong>τοῦ</strong></span> <span class='ocrx_word' id='word_1_83' title='bbox 666 1320 828 1374; x_wconf 79' lang='grc' dir='ltr'><strong>Δαυῖδ</strong></span> <span class='ocrx_word' id='word_1_84' title='bbox 849 1321 1112 1390; x_wconf 76' lang='grc' dir='ltr'>ὑπάρχειν</span> <span class='ocrx_word' id='word_1_85' title='bbox 1132 1318 1266 1388; x_wconf 81' lang='grc' dir='ltr'><strong>ἡγοῦ</strong></span> <span class='ocrx_word' id='word_1_86' title='bbox 1275 1336 1391 1388; x_wconf 80' lang='grc' dir='ltr'>μαι.</span> <span class='ocrx_word' id='word_1_87' title='bbox 1416 1318 1501 1370; x_wconf 74' lang='grc' dir='ltr'><strong>διὰ</strong></span> <span class='ocrx_word' id='word_1_88' title='bbox 1524 1318 1582 1370; x_wconf 83' lang='grc' dir='ltr'><strong>τὸ</strong></span> <span class='ocrx_word' id='word_1_89' title='bbox 1607 1318 1739 1370; x_wconf 73' lang='grc' dir='ltr'>πάν-</span> 
     </span>
    </p>
   </div>
   <div class='ocr_carea' id='block_1_12' title="bbox 157 1409 1739 1484">
    <p class='ocr_par' dir='ltr' id='par_1_12' title="bbox 157 1409 1739 1484">
     <span class='ocr_line' id='line_1_12' title="bbox 157 1409 1739 1484; baseline -0.004 -17"><span class='ocrx_word' id='word_1_90' title='bbox 157 1432 254 1477; x_wconf 84' lang='grc' dir='ltr'><strong>τας</strong></span> <span class='ocrx_word' id='word_1_91' title='bbox 300 1417 426 1476; x_wconf 77' lang='grc' dir='ltr'>τοὺς</span> <span class='ocrx_word' id='word_1_92' title='bbox 459 1416 516 1466; x_wconf 82' lang='grc' dir='ltr'>ἐν</span> <span class='ocrx_word' id='word_1_93' title='bbox 565 1413 641 1484; x_wconf 82' lang='grc' dir='ltr'>τῷ</span> <span class='ocrx_word' id='word_1_94' title='bbox 674 1413 873 1484; x_wconf 80' lang='grc' dir='ltr'>πρώτῳ</span> <span class='ocrx_word' id='word_1_95' title='bbox 923 1414 1078 1483; x_wconf 81' lang='grc' dir='ltr'>μέρει</span> <span class='ocrx_word' id='word_1_96' title='bbox 1110 1411 1215 1464; x_wconf 81' lang='grc' dir='ltr'><strong>τῶν</strong></span> <span class='ocrx_word' id='word_1_97' title='bbox 1251 1411 1494 1481; x_wconf 79' lang='grc' dir='ltr'>Ψαλμῶν</span> <span class='ocrx_word' id='word_1_98' title='bbox 1539 1409 1739 1478; x_wconf 73' lang='grc' dir='ltr'>ἐφεξῆς</span> 
     </span>
    </p>
   </div>
   <div class='ocr_carea' id='block_1_13' title="bbox 159 1499 1737 1574">
    <p class='ocr_par' dir='ltr' id='par_1_13' title="bbox 159 1499 1737 1574">
     <span class='ocr_line' id='line_1_13' title="bbox 159 1499 1737 1574; baseline -0.004 -15"><span class='ocrx_word' id='word_1_99' title='bbox 159 1505 323 1559; x_wconf 73' lang='grc' dir='ltr'>αὑτοῦ</span> <span class='ocrx_word' id='word_1_100' title='bbox 354 1502 512 1559; x_wconf 85' lang='grc' dir='ltr'>εἶναι.</span> <span class='ocrx_word' id='word_1_101' title='bbox 559 1505 691 1558; x_wconf 74' lang='grc' dir='ltr'><strong>Ἀπὸ</strong></span> <span class='ocrx_word' id='word_1_102' title='bbox 724 1503 852 1574; x_wconf 76' lang='grc' dir='ltr'>γοῦν</span> <span class='ocrx_word' id='word_1_103' title='bbox 877 1504 969 1557; x_wconf 76' lang='grc' dir='ltr'><strong>τοῦ</strong></span> <span class='ocrx_word' id='word_1_104' title='bbox 995 1504 1177 1574; x_wconf 83' lang='grc' dir='ltr'>τρίτου</span> <span class='ocrx_word' id='word_1_105' title='bbox 1215 1505 1372 1574; x_wconf 84' lang='grc' dir='ltr'>μέχρι</span> <span class='ocrx_word' id='word_1_106' title='bbox 1406 1501 1500 1554; x_wconf 82' lang='grc' dir='ltr'><strong>τοῦ</strong></span> <span class='ocrx_word' id='word_1_107' title='bbox 1540 1507 1604 1572; x_wconf 81' lang='grc' dir='ltr'><strong>μ’</strong></span> <span class='ocrx_word' id='word_1_108' title='bbox 1643 1499 1737 1553; x_wconf 80' lang='grc' dir='ltr'><strong>τοῦ</strong></span> 
     </span>
    </p>
   </div>
   <div class='ocr_carea' id='block_1_14' title="bbox 157 1593 1741 1668">
    <p class='ocr_par' dir='ltr' id='par_1_14' title="bbox 157 1593 1741 1668">
     <span class='ocr_line' id='line_1_14' title="bbox 157 1593 1741 1668; baseline -0.005 -17"><span class='ocrx_word' id='word_1_109' title='bbox 157 1597 321 1651; x_wconf 79' lang='grc' dir='ltr'>Δαυῖδ</span> <span class='ocrx_word' id='word_1_110' title='bbox 343 1598 733 1668; x_wconf 76' lang='grc' dir='ltr'>ἐπιγράφονται</span> <span class='ocrx_word' id='word_1_111' title='bbox 756 1600 803 1650; x_wconf 76' lang='grc' dir='ltr'><strong>οὶ</strong></span> <span class='ocrx_word' id='word_1_112' title='bbox 828 1598 1024 1659; x_wconf 73' lang='grc' dir='ltr'>πάντες</span> <span class='ocrx_word' id='word_1_113' title='bbox 1040 1614 1051 1626; x_wconf 88' lang='grc'><strong>·</strong></span> <span class='ocrx_word' id='word_1_114' title='bbox 1077 1595 1155 1649; x_wconf 86' lang='grc' dir='ltr'><strong>διό</strong></span> <span class='ocrx_word' id='word_1_115' title='bbox 1185 1613 1272 1666; x_wconf 81' lang='grc' dir='ltr'><strong>μοι</strong></span> <span class='ocrx_word' id='word_1_116' title='bbox 1295 1594 1541 1648; x_wconf 76' lang='grc' dir='ltr'>δοκοῦσιν</span> <span class='ocrx_word' id='word_1_117' title='bbox 1566 1593 1741 1664; x_wconf 82' lang='grc' dir='ltr'>ὑπάρ-</span> 
     </span>
    </p>
   </div>
   <div class='ocr_carea' id='block_1_15' title="bbox 157 1684 1737 1760">
    <p class='ocr_par' dir='ltr' id='par_1_15' title="bbox 157 1684 1737 1760">
     <span class='ocr_line' id='line_1_15' title="bbox 157 1684 1737 1760; baseline -0.004 -18"><span class='ocrx_word' id='word_1_118' title='bbox 157 1707 276 1760; x_wconf 83' lang='grc' dir='ltr'>χειν</span> <span class='ocrx_word' id='word_1_119' title='bbox 305 1688 399 1742; x_wconf 72' lang='grc' dir='ltr'>τοῦ</span> <span class='ocrx_word' id='word_1_120' title='bbox 431 1689 595 1743; x_wconf 67' lang='grc' dir='ltr'>αὒτοῦ</span> <span class='ocrx_word' id='word_1_121' title='bbox 620 1690 649 1742; x_wconf 87' lang='grc' dir='ltr'><strong>ὅ</strong></span> <span class='ocrx_word' id='word_1_122' title='bbox 670 1706 731 1741; x_wconf 85' lang='grc' dir='ltr'><strong>τε</strong></span> <span class='ocrx_word' id='word_1_123' title='bbox 760 1688 972 1757; x_wconf 83' lang='grc' dir='ltr'>πρῶτος</span> <span class='ocrx_word' id='word_1_124' title='bbox 1001 1689 1090 1740; x_wconf 67' lang='grc' dir='ltr'><strong>καὶ</strong></span> <span class='ocrx_word' id='word_1_125' title='bbox 1122 1690 1148 1741; x_wconf 88' lang='grc' dir='ltr'>ὁ</span> <span class='ocrx_word' id='word_1_126' title='bbox 1173 1687 1445 1758; x_wconf 73' lang='grc' dir='ltr'>δεύτερος.</span> <span class='ocrx_word' id='word_1_127' title='bbox 1507 1684 1737 1738; x_wconf 75' lang='grc' dir='ltr'>Πιστοῦ-</span> 
     </span>
    </p>
   </div>
   <div class='ocr_carea' id='block_1_16' title="bbox 154 1775 1739 1849">
    <p class='ocr_par' dir='ltr' id='par_1_16' title="bbox 154 1775 1739 1849">
     <span class='ocr_line' id='line_1_16' title="bbox 154 1775 1739 1849; baseline -0.003 -16"><span class='ocrx_word' id='word_1_128' title='bbox 154 1797 249 1834; x_wconf 83' lang='grc' dir='ltr'><strong>ται</strong></span> <span class='ocrx_word' id='word_1_129' title='bbox 280 1781 337 1833; x_wconf 82' lang='grc' dir='ltr'><strong>δὲ</strong></span> <span class='ocrx_word' id='word_1_130' title='bbox 363 1779 518 1848; x_wconf 76' lang='grc' dir='ltr'>λόγον</span> <span class='ocrx_word' id='word_1_131' title='bbox 553 1781 586 1849; x_wconf 82' lang='grc' dir='ltr'>ὴ</span> <span class='ocrx_word' id='word_1_132' title='bbox 621 1778 728 1832; x_wconf 77' lang='grc' dir='ltr'><strong>τῶν</strong></span> <span class='ocrx_word' id='word_1_133' title='bbox 759 1778 1014 1849; x_wconf 78' lang='grc' dir='ltr'>Πράξεων</span> <span class='ocrx_word' id='word_1_134' title='bbox 1052 1777 1158 1830; x_wconf 77' lang='grc' dir='ltr'><strong>τῶν</strong></span> <span class='ocrx_word' id='word_1_135' title='bbox 1193 1776 1505 1829; x_wconf 71' lang='grc' dir='ltr'>ἀποστόλων</span> <span class='ocrx_word' id='word_1_136' title='bbox 1543 1775 1739 1845; x_wconf 73' lang='grc' dir='ltr'>βίϐλος,</span> 
     </span>
    </p>
   </div>
   <div class='ocr_carea' id='block_1_17' title="bbox 157 1867 1745 1946">
    <p class='ocr_par' dir='ltr' id='par_1_17' title="bbox 157 1867 1745 1946">
     <span class='ocr_line' id='line_1_17' title="bbox 157 1867 1745 1946; baseline -0.004 -20"><span class='ocrx_word' id='word_1_137' title='bbox 157 1874 217 1926; x_wconf 84' lang='grc' dir='ltr'>ὲν</span> <span class='ocrx_word' id='word_1_138' title='bbox 313 1875 526 1943; x_wconf 72' lang='grc' dir='ltr'>εἴρηται</span> <span class='ocrx_word' id='word_1_139' title='bbox 545 1889 558 1902; x_wconf 69' lang='grc' dir='ltr'><strong>ο</strong></span> <span class='ocrx_word' id='word_1_140' title='bbox 598 1871 887 1933; x_wconf 77' lang='grc' dir='ltr'><strong>Δέσποτα,</strong></span> <span class='ocrx_word' id='word_1_141' title='bbox 923 1871 1002 1924; x_wconf 84' lang='grc' dir='ltr'>σὺ</span> <span class='ocrx_word' id='word_1_142' title='bbox 1042 1870 1334 1936; x_wconf 76' lang='grc' dir='ltr'>ἐποίησας</span> <span class='ocrx_word' id='word_1_143' title='bbox 1365 1870 1470 1922; x_wconf 76' lang='grc' dir='ltr'><strong>τὸν</strong></span> <span class='ocrx_word' id='word_1_144' title='bbox 1488 1867 1745 1935; x_wconf 73' lang='grc' dir='ltr'><strong>οὐρανὸν</strong></span> 
     </span>
    </p>
   </div>
   <div class='ocr_carea' id='block_1_18' title="bbox 159 1961 1745 2031">
    <p class='ocr_par' dir='ltr' id='par_1_18' title="bbox 159 1961 1745 2031">
     <span class='ocr_line' id='line_1_18' title="bbox 159 1961 1745 2031; baseline -0.003 -13"><span class='ocrx_word' id='word_1_145' title='bbox 159 1965 262 2018; x_wconf 66' lang='grc' dir='ltr'>καὶ</span> <span class='ocrx_word' id='word_1_146' title='bbox 297 1964 409 2031; x_wconf 74' lang='grc' dir='ltr'><strong>τὴν</strong></span> <span class='ocrx_word' id='word_1_147' title='bbox 436 1962 584 2031; x_wconf 76' lang='grc' dir='ltr'>γῆν,</span> <span class='ocrx_word' id='word_1_148' title='bbox 617 1963 712 2016; x_wconf 81' lang='grc' dir='ltr'>καὶ</span> <span class='ocrx_word' id='word_1_149' title='bbox 751 1963 863 2030; x_wconf 77' lang='grc' dir='ltr'><strong>τὴν</strong></span> <span class='ocrx_word' id='word_1_150' title='bbox 887 1961 1208 2016; x_wconf 72' lang='grc' dir='ltr'>θάλασσαν</span> <span class='ocrx_word' id='word_1_151' title='bbox 1232 2003 1246 2026; x_wconf 85' lang='grc'><strong>,</strong></span> <span class='ocrx_word' id='word_1_152' title='bbox 1286 1962 1384 2014; x_wconf 76' lang='grc' dir='ltr'>καὶ</span> <span class='ocrx_word' id='word_1_153' title='bbox 1425 1961 1620 2014; x_wconf 75' lang='grc' dir='ltr'>πάντα</span> <span class='ocrx_word' id='word_1_154' title='bbox 1675 1961 1745 2014; x_wconf 83' lang='grc' dir='ltr'>τὰ</span> 
     </span>
    </p>
   </div>
   <div class='ocr_carea' id='block_1_19' title="bbox 158 2051 1746 2122">
    <p class='ocr_par' dir='ltr' id='par_1_19' title="bbox 158 2051 1746 2122">
     <span class='ocr_line' id='line_1_19' title="bbox 158 2051 1746 2122; baseline -0.004 -13"><span class='ocrx_word' id='word_1_155' title='bbox 158 2055 231 2110; x_wconf 67' lang='grc' dir='ltr'><strong>ἐν</strong></span> <span class='ocrx_word' id='word_1_156' title='bbox 265 2054 470 2120; x_wconf 80' lang='grc' dir='ltr'>αὐτοῖς</span> <span class='ocrx_word' id='word_1_157' title='bbox 493 2072 506 2085; x_wconf 87' lang='grc'>·</span> <span class='ocrx_word' id='word_1_158' title='bbox 573 2056 606 2108; x_wconf 85' lang='grc' dir='ltr'><em>ό</em></span> <span class='ocrx_word' id='word_1_159' title='bbox 651 2053 756 2108; x_wconf 83' lang='grc' dir='ltr'><strong>τοῦ</strong></span> <span class='ocrx_word' id='word_1_160' title='bbox 797 2053 1018 2121; x_wconf 80' lang='grc' dir='ltr'>πατρὸς</span> <span class='ocrx_word' id='word_1_161' title='bbox 1056 2052 1222 2122; x_wconf 67' lang='grc' dir='ltr'><strong>ἡμῶν</strong></span> <span class='ocrx_word' id='word_1_162' title='bbox 1257 2051 1355 2105; x_wconf 81' lang='grc' dir='ltr'><strong>διὰ</strong></span> <span class='ocrx_word' id='word_1_163' title='bbox 1405 2054 1746 2120; x_wconf 60' lang='lat' dir='ltr'><strong>[Ir-stipator;</strong></span> 
     </span>
    </p>
   </div>
   <div class='ocr_carea' id='block_1_20' title="bbox 160 2141 1747 2217">
    <p class='ocr_par' dir='ltr' id='par_1_20' title="bbox 160 2141 1747 2217">
     <span class='ocr_line' id='line_1_20' title="bbox 160 2141 1747 2217; baseline -0.003 -17"><span class='ocrx_word' id='word_1_164' title='bbox 160 2148 336 2217; x_wconf 75' lang='grc' dir='ltr'>ἁγίου</span> <span class='ocrx_word' id='word_1_165' title='bbox 364 2146 658 2215; x_wconf 82' lang='grc' dir='ltr'>στόματος</span> <span class='ocrx_word' id='word_1_166' title='bbox 684 2145 896 2211; x_wconf 82' lang='grc' dir='ltr'>παιδός</span> <span class='ocrx_word' id='word_1_167' title='bbox 930 2159 1047 2198; x_wconf 90' lang='grc' dir='ltr'><strong>σου</strong></span> <span class='ocrx_word' id='word_1_168' title='bbox 1077 2144 1258 2199; x_wconf 83' lang='grc' dir='ltr'>Δαυῒδ</span> <span class='ocrx_word' id='word_1_169' title='bbox 1283 2141 1467 2197; x_wconf 72' lang='grc' dir='ltr'>εἰπών</span> <span class='ocrx_word' id='word_1_170' title='bbox 1485 2159 1498 2172; x_wconf 65' lang='grc' dir='ltr'>θ</span> <span class='ocrx_word' id='word_1_171' title='bbox 1530 2143 1654 2196; x_wconf 81' lang='grc' dir='ltr'><strong>Ἵνα</strong></span> <span class='ocrx_word' id='word_1_172' title='bbox 1693 2143 1747 2195; x_wconf 80' lang='grc' dir='ltr'><em>τί</em></span> 
     </span>
    </p>
   </div>
   <div class='ocr_carea' id='block_1_21' title="bbox 165 2219 1745 2306">
    <p class='ocr_par' dir='ltr' id='par_1_21' title="bbox 165 2219 1745 2306">
     <span class='ocr_line' id='line_1_21' title="bbox 165 2219 1745 2306; baseline -0.003 -16"><span class='ocrx_word' id='word_1_173' title='bbox 165 2235 476 2306; x_wconf 57' lang='grc' dir='ltr'><strong>ἐφρύαξαν</strong></span> <span class='ocrx_word' id='word_1_174' title='bbox 501 2219 644 2301; x_wconf 66' lang='grc' dir='ltr'><em>ἔθνη</em></span> <span class='ocrx_word' id='word_1_175' title='bbox 671 2277 686 2301; x_wconf 91' lang='grc'><strong>,</strong></span> <span class='ocrx_word' id='word_1_176' title='bbox 716 2235 813 2289; x_wconf 78' lang='grc' dir='ltr'>καὶ</span> <span class='ocrx_word' id='word_1_177' title='bbox 837 2237 972 2290; x_wconf 74' lang='grc' dir='ltr'>λαοὶ</span> <span class='ocrx_word' id='word_1_178' title='bbox 997 2235 1371 2304; x_wconf 73' lang='grc' dir='ltr'><strong>ἐμελέτησαν</strong></span> <span class='ocrx_word' id='word_1_179' title='bbox 1397 2233 1578 2296; x_wconf 78' lang='grc' dir='ltr'>κενὰ;</span> <span class='ocrx_word' id='word_1_180' title='bbox 1637 2236 1745 2287; x_wconf 66' lang='grc' dir='ltr'>Σαι-</span> 
     </span>
    </p>
   </div>
   <div class='ocr_carea' id='block_1_22' title="bbox 169 2325 1746 2398">
    <p class='ocr_par' dir='ltr' id='par_1_22' title="bbox 169 2325 1746 2398">
     <span class='ocr_line' id='line_1_22' title="bbox 169 2325 1746 2398; baseline -0.003 -17"><span class='ocrx_word' id='word_1_181' title='bbox 169 2328 289 2397; x_wconf 84' lang='grc' dir='ltr'>φῶς</span> <span class='ocrx_word' id='word_1_182' title='bbox 321 2329 429 2398; x_wconf 82' lang='grc' dir='ltr'>γὰρ</span> <span class='ocrx_word' id='word_1_183' title='bbox 453 2327 539 2381; x_wconf 79' lang='grc' dir='ltr'><strong>διὰ</strong></span> <span class='ocrx_word' id='word_1_184' title='bbox 565 2327 767 2382; x_wconf 84' lang='grc' dir='ltr'>τούτων</span> <span class='ocrx_word' id='word_1_185' title='bbox 794 2329 883 2380; x_wconf 86' lang='grc' dir='ltr'><strong>τὸν</strong></span> <span class='ocrx_word' id='word_1_186' title='bbox 913 2328 965 2398; x_wconf 86' lang='grc' dir='ltr'><strong>β’</strong></span> <span class='ocrx_word' id='word_1_187' title='bbox 993 2327 1205 2398; x_wconf 68' lang='grc' dir='ltr'>ψαλμὸν</span> <span class='ocrx_word' id='word_1_188' title='bbox 1237 2325 1328 2380; x_wconf 81' lang='grc' dir='ltr'><strong>τοῦ</strong></span> <span class='ocrx_word' id='word_1_189' title='bbox 1359 2325 1519 2380; x_wconf 80' lang='grc' dir='ltr'>Δαυῖδ</span> <span class='ocrx_word' id='word_1_190' title='bbox 1549 2325 1746 2396; x_wconf 74' lang='grc' dir='ltr'>ἔφησεν</span> 
     </span>
    </p>
   </div>
   <div class='ocr_carea' id='block_1_23' title="bbox 164 2417 1745 2491">
    <p class='ocr_par' dir='ltr' id='par_1_23' title="bbox 164 2417 1745 2491">
     <span class='ocr_line' id='line_1_23' title="bbox 164 2417 1745 2491; baseline -0.004 -15"><span class='ocrx_word' id='word_1_191' title='bbox 164 2419 326 2476; x_wconf 82' lang='grc' dir='ltr'>εἶναι.</span> <span class='ocrx_word' id='word_1_192' title='bbox 399 2421 908 2491; x_wconf 79' lang='grc' dir='ltr'>Ἀποσεσιωπῆσθαι</span> <span class='ocrx_word' id='word_1_193' title='bbox 952 2421 1009 2474; x_wconf 78' lang='grc' dir='ltr'><strong>δὲ</strong></span> <span class='ocrx_word' id='word_1_194' title='bbox 1034 2421 1179 2485; x_wconf 77' lang='grc' dir='ltr'>εἰκὸς</span> <span class='ocrx_word' id='word_1_195' title='bbox 1214 2421 1301 2473; x_wconf 81' lang='grc' dir='ltr'><strong>ἐπ’</strong></span> <span class='ocrx_word' id='word_1_196' title='bbox 1344 2420 1502 2472; x_wconf 76' lang='grc' dir='ltr'>αὑτὸν</span> <span class='ocrx_word' id='word_1_197' title='bbox 1527 2418 1623 2489; x_wconf 81' lang='grc' dir='ltr'>τὴν</span> <span class='ocrx_word' id='word_1_198' title='bbox 1653 2417 1745 2471; x_wconf 80' lang='grc' dir='ltr'><strong>τοῦ</strong></span> 
     </span>
    </p>
   </div>
   <div class='ocr_carea' id='block_1_24' title="bbox 168 2508 1748 2585">
    <p class='ocr_par' dir='ltr' id='par_1_24' title="bbox 168 2508 1748 2585">
     <span class='ocr_line' id='line_1_24' title="bbox 168 2508 1748 2585; baseline -0.004 -19"><span class='ocrx_word' id='word_1_199' title='bbox 168 2513 331 2567; x_wconf 82' lang='grc' dir='ltr'>Δαυῖδ</span> <span class='ocrx_word' id='word_1_200' title='bbox 364 2513 686 2585; x_wconf 76' lang='grc' dir='ltr'>προγραφὴν</span> <span class='ocrx_word' id='word_1_201' title='bbox 710 2552 724 2575; x_wconf 94' lang='grc'><strong>,</strong></span> <span class='ocrx_word' id='word_1_202' title='bbox 755 2512 843 2565; x_wconf 83' lang='grc' dir='ltr'><strong>διὰ</strong></span> <span class='ocrx_word' id='word_1_203' title='bbox 867 2513 926 2564; x_wconf 83' lang='grc' dir='ltr'><strong>τὸ</strong></span> <span class='ocrx_word' id='word_1_204' title='bbox 959 2511 1170 2582; x_wconf 76' lang='grc' dir='ltr'>γυμνὴν</span> <span class='ocrx_word' id='word_1_205' title='bbox 1197 2511 1339 2579; x_wconf 76' lang='grc' dir='ltr'>ἔχειν</span> <span class='ocrx_word' id='word_1_206' title='bbox 1369 2510 1495 2581; x_wconf 69' lang='grc' dir='ltr'>περὶ</span> <span class='ocrx_word' id='word_1_207' title='bbox 1516 2508 1610 2562; x_wconf 73' lang='grc' dir='ltr'><strong>τοῦ</strong></span> <span class='ocrx_word' id='word_1_208' title='bbox 1634 2510 1748 2562; x_wconf 82' lang='grc' dir='ltr'><strong>Κυ-</strong></span> 
     </span>
    </p>
   </div>
   <div class='ocr_carea' id='block_1_25' title="bbox 170 2598 1748 2679">
    <p class='ocr_par' dir='ltr' id='par_1_25' title="bbox 170 2598 1748 2679">
     <span class='ocr_line' id='line_1_25' title="bbox 170 2598 1748 2679; baseline -0.003 -21"><span class='ocrx_word' id='word_1_209' title='bbox 170 2606 290 2679; x_wconf 85' lang='grc' dir='ltr'>ρίου</span> <span class='ocrx_word' id='word_1_210' title='bbox 342 2604 712 2676; x_wconf 75' lang='grc' dir='ltr'>προφητείαν,</span> <span class='ocrx_word' id='word_1_211' title='bbox 758 2603 814 2655; x_wconf 82' lang='grc' dir='ltr'>ὲν</span> <span class='ocrx_word' id='word_1_212' title='bbox 919 2604 1166 2673; x_wconf 79' lang='grc' dir='ltr'>εἴρηται·</span> <span class='ocrx_word' id='word_1_213' title='bbox 1199 2606 1358 2655; x_wconf 82' lang='grc' dir='ltr'>Κατὰ</span> <span class='ocrx_word' id='word_1_214' title='bbox 1391 2599 1497 2654; x_wconf 86' lang='grc' dir='ltr'>τοῦ</span> <span class='ocrx_word' id='word_1_215' title='bbox 1527 2602 1748 2668; x_wconf 81' lang='grc' dir='ltr'>Κυρίου</span> 
     </span>
    </p>
   </div>
   <div class='ocr_carea' id='block_1_26' title="bbox 168 2689 1750 2763">
    <p class='ocr_par' dir='ltr' id='par_1_26' title="bbox 168 2689 1750 2763">
     <span class='ocr_line' id='line_1_26' title="bbox 168 2689 1750 2763; baseline -0.005 -11"><span class='ocrx_word' id='word_1_216' title='bbox 168 2697 442 2752; x_wconf 74' lang='grc' dir='ltr'>καὶκατὰ</span> <span class='ocrx_word' id='word_1_217' title='bbox 471 2697 576 2750; x_wconf 88' lang='grc' dir='ltr'>τοῦ</span> <span class='ocrx_word' id='word_1_218' title='bbox 609 2696 862 2763; x_wconf 80' lang='grc' dir='ltr'>Χριστοῦ</span> <span class='ocrx_word' id='word_1_219' title='bbox 893 2695 1098 2749; x_wconf 77' lang='grc' dir='ltr'>αὐτοῦ.</span> <span class='ocrx_word' id='word_1_220' title='bbox 1163 2689 1257 2758; x_wconf 74' lang='grc' dir='ltr'><strong>Οἷς</strong></span> <span class='ocrx_word' id='word_1_221' title='bbox 1287 2693 1596 2756; x_wconf 74' lang='grc' dir='ltr'>ἀκολούθως</span> <span class='ocrx_word' id='word_1_222' title='bbox 1627 2695 1750 2745; x_wconf 76' lang='grc' dir='ltr'>ἐπι-</span> 
     </span>
    </p>
   </div>
   <div class='ocr_carea' id='block_1_27' title="bbox 170 2785 1750 2860">
    <p class='ocr_par' dir='ltr' id='par_1_27' title="bbox 170 2785 1750 2860">
     <span class='ocr_line' id='line_1_27' title="bbox 170 2785 1750 2860; baseline -0.005 -16"><span class='ocrx_word' id='word_1_223' title='bbox 170 2791 314 2860; x_wconf 76' lang='grc' dir='ltr'>λέγει</span> <span class='ocrx_word' id='word_1_224' title='bbox 338 2790 398 2854; x_wconf 76' lang='grc' dir='ltr'>ἐξ</span> <span class='ocrx_word' id='word_1_225' title='bbox 423 2789 587 2843; x_wconf 74' lang='grc' dir='ltr'>αὐτοῦ</span> <span class='ocrx_word' id='word_1_226' title='bbox 609 2787 701 2842; x_wconf 81' lang='grc' dir='ltr'><strong>τοῦ</strong></span> <span class='ocrx_word' id='word_1_227' title='bbox 725 2787 1015 2855; x_wconf 75' lang='grc' dir='ltr'>προσώπου</span> <span class='ocrx_word' id='word_1_228' title='bbox 1038 2786 1130 2839; x_wconf 76' lang='grc' dir='ltr'><strong>τοῦ</strong></span> <span class='ocrx_word' id='word_1_229' title='bbox 1156 2786 1386 2857; x_wconf 80' lang='grc' dir='ltr'>Χριστοῦ</span> <span class='ocrx_word' id='word_1_230' title='bbox 1418 2785 1477 2837; x_wconf 83' lang='grc' dir='ltr'>τό</span> <span class='ocrx_word' id='word_1_231' title='bbox 1495 2800 1507 2813; x_wconf 81' lang='grc'><em>’</em></span> <span class='ocrx_word' id='word_1_232' title='bbox 1536 2786 1750 2850; x_wconf 72' lang='grc' dir='ltr'>Κύριος</span> 
     </span>
    </p>
   </div>
   <div class='ocr_carea' id='block_1_28' title="bbox 168 2874 1750 2951">
    <p class='ocr_par' dir='ltr' id='par_1_28' title="bbox 168 2874 1750 2951">
     <span class='ocr_line' id='line_1_28' title="bbox 168 2874 1750 2951; baseline -0.008 -13"><span class='ocrx_word' id='word_1_233' title='bbox 168 2881 300 2938; x_wconf 72' lang='grc' dir='ltr'>εἶπε</span> <span class='ocrx_word' id='word_1_234' title='bbox 320 2882 469 2951; x_wconf 79' lang='grc' dir='ltr'>πρὸς</span> <span class='ocrx_word' id='word_1_235' title='bbox 495 2881 570 2949; x_wconf 81' lang='grc' dir='ltr'>μέ</span> <span class='ocrx_word' id='word_1_236' title='bbox 589 2898 601 2910; x_wconf 80' lang='grc'><em>’</em></span> <span class='ocrx_word' id='word_1_237' title='bbox 633 2881 761 2943; x_wconf 79' lang='grc' dir='ltr'><strong>Υἱός</strong></span> <span class='ocrx_word' id='word_1_238' title='bbox 784 2897 899 2948; x_wconf 82' lang='grc' dir='ltr'>μου</span> <span class='ocrx_word' id='word_1_239' title='bbox 924 2875 983 2932; x_wconf 86' lang='grc' dir='ltr'>εἷ</span> <span class='ocrx_word' id='word_1_240' title='bbox 1002 2879 1104 2932; x_wconf 83' lang='grc' dir='ltr'><strong>σύ.</strong></span> <span class='ocrx_word' id='word_1_241' title='bbox 1132 2877 1388 2947; x_wconf 81' lang='grc' dir='ltr'>Φέρονται</span> <span class='ocrx_word' id='word_1_242' title='bbox 1415 2877 1590 2930; x_wconf 79' lang='grc' dir='ltr'>τοίνυν</span> <span class='ocrx_word' id='word_1_243' title='bbox 1617 2874 1750 2945; x_wconf 73' lang='grc' dir='ltr'>ψαλ-</span> 
     </span>
    </p>
   </div>
   <div class='ocr_carea' id='block_1_29' title="bbox 174 2964 1751 3047">
    <p class='ocr_par' dir='ltr' id='par_1_29' title="bbox 174 2964 1751 3047">
     <span class='ocr_line' id='line_1_29' title="bbox 174 2964 1751 3047; baseline -0.008 -20"><span class='ocrx_word' id='word_1_244' title='bbox 174 2976 265 3047; x_wconf 73' lang='grc' dir='ltr'><strong>μοὶ</strong></span> <span class='ocrx_word' id='word_1_245' title='bbox 293 2975 341 3026; x_wconf 81' lang='grc' dir='ltr'><strong>οἱ</strong></span> <span class='ocrx_word' id='word_1_246' title='bbox 375 2972 577 3033; x_wconf 75' lang='grc' dir='ltr'>πάντες</span> <span class='ocrx_word' id='word_1_247' title='bbox 615 2977 722 3041; x_wconf 86' lang='grc' dir='ltr'>ρν’.</span> <span class='ocrx_word' id='word_1_248' title='bbox 759 2968 915 3031; x_wconf 78' lang='grc' dir='ltr'>Τινὲς</span> <span class='ocrx_word' id='word_1_249' title='bbox 954 2968 1010 3020; x_wconf 83' lang='grc' dir='ltr'><strong>δὲ</strong></span> <span class='ocrx_word' id='word_1_250' title='bbox 1059 2965 1340 3038; x_wconf 73' lang='grc' dir='ltr'>νομίζουσι</span> <span class='ocrx_word' id='word_1_251' title='bbox 1377 2967 1502 3028; x_wconf 82' lang='grc' dir='ltr'>τοὺς</span> <span class='ocrx_word' id='word_1_252' title='bbox 1544 2964 1751 3027; x_wconf 69' lang='grc' dir='ltr'>πάντας</span> 
     </span>
    </p>
   </div>
   <div class='ocr_carea' id='block_1_30' title="bbox 170 3053 1746 3130">
    <p class='ocr_par' dir='ltr' id='par_1_30' title="bbox 170 3053 1746 3130">
     <span class='ocr_line' id='line_1_30' title="bbox 170 3053 1746 3130; baseline -0.008 -12"><span class='ocrx_word' id='word_1_253' title='bbox 170 3061 308 3118; x_wconf 80' lang='grc' dir='ltr'>εἶναι</span> <span class='ocrx_word' id='word_1_254' title='bbox 337 3061 430 3115; x_wconf 76' lang='grc' dir='ltr'>τοῦ</span> <span class='ocrx_word' id='word_1_255' title='bbox 470 3059 738 3130; x_wconf 82' lang='grc' dir='ltr'>μακαρίου</span> <span class='ocrx_word' id='word_1_256' title='bbox 774 3057 966 3110; x_wconf 73' lang='grc' dir='ltr'>Δαυῒδο</span> <span class='ocrx_word' id='word_1_257' title='bbox 1002 3057 1064 3110; x_wconf 76' lang='grc' dir='ltr'><strong>οὐ</strong></span> <span class='ocrx_word' id='word_1_258' title='bbox 1101 3056 1422 3128; x_wconf 79' lang='grc' dir='ltr'>σημαίνεται</span> <span class='ocrx_word' id='word_1_259' title='bbox 1472 3054 1529 3106; x_wconf 79' lang='grc' dir='ltr'><strong>δὲ</strong></span> <span class='ocrx_word' id='word_1_260' title='bbox 1574 3053 1746 3106; x_wconf 77' lang='grc' dir='ltr'>τοῦτο.</span> 
     </span>
    </p>
   </div>
   <div class='ocr_carea' id='block_1_31' title="bbox 1832 585 3403 665">
    <p class='ocr_par' dir='ltr' id='par_1_31' title="bbox 1832 585 3403 665">
     <span class='ocr_line' id='line_1_31' title="bbox 1832 585 3403 665; baseline 0.011 -25"><span class='ocrx_word' id='word_1_261' title='bbox 1832 585 1924 640; x_wconf 90' lang='lat' dir='ltr'><strong>siti</strong></span> <span class='ocrx_word' id='word_1_262' title='bbox 1957 588 2011 641; x_wconf 92' lang='lat' dir='ltr'><strong>in</strong></span> <span class='ocrx_word' id='word_1_263' title='bbox 2045 587 2183 641; x_wconf 89' lang='lat' dir='ltr'><strong>libro</strong></span> <span class='ocrx_word' id='word_1_264' title='bbox 2235 601 2562 655; x_wconf 80' lang='lat' dir='ltr'><strong>occurram;</strong></span> <span class='ocrx_word' id='word_1_265' title='bbox 2595 608 2701 646; x_wconf 92' lang='lat' dir='ltr'><strong>non</strong></span> <span class='ocrx_word' id='word_1_266' title='bbox 2736 610 2845 662; x_wconf 90' lang='lat' dir='ltr'><strong>quo</strong></span> <span class='ocrx_word' id='word_1_267' title='bbox 2871 605 3109 665; x_wconf 86' lang='lat' dir='ltr'><strong>tempore</strong></span> <span class='ocrx_word' id='word_1_268' title='bbox 3134 599 3282 663; x_wconf 82' lang='lat' dir='ltr'><strong>editi,</strong></span> <span class='ocrx_word' id='word_1_269' title='bbox 3309 602 3403 656; x_wconf 87' lang='lat' dir='ltr'><strong>sed</strong></span> 
     </span>
    </p>
   </div>
   <div class='ocr_carea' id='block_1_32' title="bbox 1832 678 3400 760">
    <p class='ocr_par' dir='ltr' id='par_1_32' title="bbox 1832 678 3400 760">
     <span class='ocr_line' id='line_1_32' title="bbox 1832 678 3400 760; baseline 0.01 -29"><span class='ocrx_word' id='word_1_270' title='bbox 1832 692 1940 746; x_wconf 89' lang='lat' dir='ltr'><strong>quo</strong></span> <span class='ocrx_word' id='word_1_271' title='bbox 1987 679 2189 734; x_wconf 80' lang='lat' dir='ltr'><strong>inventi</strong></span> <span class='ocrx_word' id='word_1_272' title='bbox 2241 678 2394 735; x_wconf 75' lang='lat' dir='ltr'><strong>fuere</strong></span> <span class='ocrx_word' id='word_1_273' title='bbox 2438 685 2631 752; x_wconf 87' lang='lat' dir='ltr'><strong>:quod</strong></span> <span class='ocrx_word' id='word_1_274' title='bbox 2680 685 2855 754; x_wconf 84' lang='lat' dir='ltr'><strong>ipsum</strong></span> <span class='ocrx_word' id='word_1_275' title='bbox 2911 687 2965 741; x_wconf 89' lang='lat' dir='ltr'><strong>in</strong></span> <span class='ocrx_word' id='word_1_276' title='bbox 3018 693 3400 760; x_wconf 83' lang='lat' dir='ltr'><strong>prophetarum</strong></span> 
     </span>
    </p>
   </div>
   <div class='ocr_carea' id='block_1_33' title="bbox 1831 767 2767 844">
    <p class='ocr_par' dir='ltr' id='par_1_33' title="bbox 1831 767 2767 844">
     <span class='ocr_line' id='line_1_33' title="bbox 1831 767 2767 844; baseline 0.011 -23"><span class='ocrx_word' id='word_1_277' title='bbox 1831 767 2071 838; x_wconf 80' lang='lat' dir='ltr'><strong>periodis</strong></span> <span class='ocrx_word' id='word_1_278' title='bbox 2105 778 2160 824; x_wconf 89' lang='lat' dir='ltr'><strong>et</strong></span> <span class='ocrx_word' id='word_1_279' title='bbox 2197 771 2457 828; x_wconf 77' lang='lat' dir='ltr'><strong>clausulis</strong></span> <span class='ocrx_word' id='word_1_280' title='bbox 2506 776 2767 844; x_wconf 79' lang='lat' dir='ltr'><strong>reperias.</strong></span> 
     </span>
    </p>
   </div>
   <div class='ocr_carea' id='block_1_34' title="bbox 1904 860 3404 937">
    <p class='ocr_par' dir='ltr' id='par_1_34' title="bbox 1904 860 3404 937">
     <span class='ocr_line' id='line_1_34' title="bbox 1904 860 3404 937; baseline 0.009 -22"><span class='ocrx_word' id='word_1_281' title='bbox 1904 860 2008 928; x_wconf 94' lang='lat' dir='ltr'><strong>Qui</strong></span> <span class='ocrx_word' id='word_1_282' title='bbox 2054 863 2246 932; x_wconf 87' lang='lat' dir='ltr'><strong>psalmi</strong></span> <span class='ocrx_word' id='word_1_283' title='bbox 2294 880 2423 920; x_wconf 83' lang='lat' dir='ltr'><strong>vero</strong></span> <span class='ocrx_word' id='word_1_284' title='bbox 2482 876 2606 936; x_wconf 89' lang='lat' dir='ltr'><strong>post</strong></span> <span class='ocrx_word' id='word_1_285' title='bbox 2641 869 2878 937; x_wconf 90' lang='lat' dir='ltr'><strong>primum</strong></span> <span class='ocrx_word' id='word_1_286' title='bbox 2932 878 2987 925; x_wconf 88' lang='lat' dir='ltr'><strong>et</strong></span> <span class='ocrx_word' id='word_1_287' title='bbox 3025 871 3404 929; x_wconf 88' lang='lat' dir='ltr'><strong>duodecimum</strong></span> 
     </span>
    </p>
   </div>
   <div class='ocr_carea' id='block_1_35' title="bbox 1835 959 3410 1034">
    <p class='ocr_par' dir='ltr' id='par_1_35' title="bbox 1835 959 3410 1034">
     <span class='ocr_line' id='line_1_35' title="bbox 1835 959 3410 1034; baseline 0.007 -23"><span class='ocrx_word' id='word_1_288' title='bbox 1835 967 2243 1026; x_wconf 88' lang='lat' dir='ltr'><strong>consequuntur</strong></span> <span class='ocrx_word' id='word_1_289' title='bbox 2275 959 2394 1014; x_wconf 88' lang='lat' dir='ltr'><strong>sine</strong></span> <span class='ocrx_word' id='word_1_290' title='bbox 2427 960 2604 1025; x_wconf 91' lang='lat' dir='ltr'><strong>titulo,</strong></span> <span class='ocrx_word' id='word_1_291' title='bbox 2655 977 2866 1017; x_wconf 91' lang='lat' dir='ltr'><strong>necnon</strong></span> <span class='ocrx_word' id='word_1_292' title='bbox 2899 964 2934 1017; x_wconf 89' lang='lat' dir='ltr'><strong>ii</strong></span> <span class='ocrx_word' id='word_1_293' title='bbox 2981 966 3180 1034; x_wconf 79' lang='lat' dir='ltr'><strong>quibus</strong></span> <span class='ocrx_word' id='word_1_294' title='bbox 3219 969 3410 1023; x_wconf 90' lang='lat' dir='ltr'><strong>titulus</strong></span> 
     </span>
    </p>
   </div>
   <div class='ocr_carea' id='block_1_36' title="bbox 1835 1048 3411 1126">
    <p class='ocr_par' dir='ltr' id='par_1_36' title="bbox 1835 1048 3411 1126">
     <span class='ocr_line' id='line_1_36' title="bbox 1835 1048 3411 1126; baseline 0.008 -26"><span class='ocrx_word' id='word_1_295' title='bbox 1835 1048 2052 1118; x_wconf 85' lang='lat' dir='ltr'><strong>quidem</strong></span> <span class='ocrx_word' id='word_1_296' title='bbox 2084 1050 2445 1118; x_wconf 69' lang='lat' dir='ltr'><strong>praemittitur,</strong></span> <span class='ocrx_word' id='word_1_297' title='bbox 2495 1067 2594 1106; x_wconf 86' lang='lat' dir='ltr'><strong>nec</strong></span> <span class='ocrx_word' id='word_1_298' title='bbox 2635 1062 2812 1108; x_wconf 86' lang='lat' dir='ltr'><strong>tamen</strong></span> <span class='ocrx_word' id='word_1_299' title='bbox 2861 1054 3132 1109; x_wconf 82' lang='lat' dir='ltr'><strong>indicatur</strong></span> <span class='ocrx_word' id='word_1_300' title='bbox 3166 1073 3275 1126; x_wconf 91' lang='lat' dir='ltr'><strong>quo</strong></span> <span class='ocrx_word' id='word_1_301' title='bbox 3303 1060 3411 1113; x_wconf 88' lang='lat' dir='ltr'><strong>sint</strong></span> 
     </span>
    </p>
   </div>
   <div class='ocr_carea' id='block_1_37' title="bbox 1837 1140 3408 1218">
    <p class='ocr_par' dir='ltr' id='par_1_37' title="bbox 1837 1140 3408 1218">
     <span class='ocr_line' id='line_1_37' title="bbox 1837 1140 3408 1218; baseline 0.007 -26"><span class='ocrx_word' id='word_1_302' title='bbox 1837 1148 2059 1194; x_wconf 87' lang='lat' dir='ltr'><strong>auctore</strong></span> <span class='ocrx_word' id='word_1_303' title='bbox 2107 1140 2257 1204; x_wconf 89' lang='lat' dir='ltr'><strong>editi,</strong></span> <span class='ocrx_word' id='word_1_304' title='bbox 2304 1157 2494 1196; x_wconf 90' lang='lat' dir='ltr'><strong>eorum</strong></span> <span class='ocrx_word' id='word_1_305' title='bbox 2543 1160 2666 1199; x_wconf 90' lang='lat' dir='ltr'><strong>esse</strong></span> <span class='ocrx_word' id='word_1_306' title='bbox 2701 1146 2891 1200; x_wconf 87' lang='lat' dir='ltr'><strong>dicunt</strong></span> <span class='ocrx_word' id='word_1_307' title='bbox 2919 1145 3150 1209; x_wconf 71' lang='lat' dir='ltr'><strong>Hebraei,</strong></span> <span class='ocrx_word' id='word_1_308' title='bbox 3176 1164 3408 1218; x_wconf 90' lang='lat' dir='ltr'><strong>quorum</strong></span> 
     </span>
    </p>
   </div>
   <div class='ocr_carea' id='block_1_38' title="bbox 1837 1231 3408 1305">
    <p class='ocr_par' dir='ltr' id='par_1_38' title="bbox 1837 1231 3408 1305">
     <span class='ocr_line' id='line_1_38' title="bbox 1837 1231 3408 1305; baseline 0.005 -21"><span class='ocrx_word' id='word_1_309' title='bbox 1837 1247 2034 1285; x_wconf 87' lang='lat' dir='ltr'><strong>nomen</strong></span> <span class='ocrx_word' id='word_1_310' title='bbox 2071 1231 2326 1287; x_wconf 84' lang='lat' dir='ltr'><strong>scribitur</strong></span> <span class='ocrx_word' id='word_1_311' title='bbox 2360 1233 2413 1288; x_wconf 89' lang='lat' dir='ltr'><strong>in</strong></span> <span class='ocrx_word' id='word_1_312' title='bbox 2459 1235 2682 1304; x_wconf 87' lang='lat' dir='ltr'><strong>psalmis</strong></span> <span class='ocrx_word' id='word_1_313' title='bbox 2734 1236 2827 1305; x_wconf 85' lang='lat' dir='ltr'><strong>qui</strong></span> <span class='ocrx_word' id='word_1_314' title='bbox 2875 1238 3030 1291; x_wconf 92' lang='lat' dir='ltr'><strong>titulo</strong></span> <span class='ocrx_word' id='word_1_315' title='bbox 3081 1254 3280 1294; x_wconf 85' lang='lat' dir='ltr'><strong>vacuos</strong></span> <span class='ocrx_word' id='word_1_316' title='bbox 3309 1256 3408 1293; x_wconf 86' lang='lat' dir='ltr'><strong>an-</strong></span> 
     </span>
    </p>
   </div>
   <div class='ocr_carea' id='block_1_39' title="bbox 1839 1318 3414 1399">
    <p class='ocr_par' dir='ltr' id='par_1_39' title="bbox 1839 1318 3414 1399">
     <span class='ocr_line' id='line_1_39' title="bbox 1839 1318 3414 1399; baseline 0.005 -25"><span class='ocrx_word' id='word_1_317' title='bbox 1839 1321 2108 1375; x_wconf 80' lang='lat' dir='ltr'><strong>tecedunt.</strong></span> <span class='ocrx_word' id='word_1_318' title='bbox 2135 1318 2377 1376; x_wconf 64' lang='lat' dir='ltr'><strong>Estimo</strong></span> <span class='ocrx_word' id='word_1_319' title='bbox 2408 1331 2591 1378; x_wconf 86' lang='lat' dir='ltr'><strong>autem</strong></span> <span class='ocrx_word' id='word_1_320' title='bbox 2621 1326 2858 1394; x_wconf 91' lang='lat' dir='ltr'><strong>primum</strong></span> <span class='ocrx_word' id='word_1_321' title='bbox 2889 1334 2942 1379; x_wconf 88' lang='lat' dir='ltr'><strong>ct</strong></span> <span class='ocrx_word' id='word_1_322' title='bbox 2964 1328 3286 1393; x_wconf 88' lang='lat' dir='ltr'><strong>secundum,</strong></span> <span class='ocrx_word' id='word_1_323' title='bbox 3318 1330 3414 1399; x_wconf 86' lang='lat' dir='ltr'><strong>qui</strong></span> 
     </span>
    </p>
   </div>
   <div class='ocr_carea' id='block_1_40' title="bbox 1840 1414 3414 1490">
    <p class='ocr_par' dir='ltr' id='par_1_40' title="bbox 1840 1414 3414 1490">
     <span class='ocr_line' id='line_1_40' title="bbox 1840 1414 3414 1490; baseline 0.009 -28"><span class='ocrx_word' id='word_1_324' title='bbox 1840 1426 2007 1464; x_wconf 91' lang='lat' dir='ltr'><strong>unum</strong></span> <span class='ocrx_word' id='word_1_325' title='bbox 2061 1415 2399 1468; x_wconf 88' lang='lat' dir='ltr'><strong>constituunt</strong></span> <span class='ocrx_word' id='word_1_326' title='bbox 2438 1414 2746 1484; x_wconf 84' lang='lat' dir='ltr'><strong>psalmum,</strong></span> <span class='ocrx_word' id='word_1_327' title='bbox 2817 1417 3036 1472; x_wconf 82' lang='lat' dir='ltr'><strong>Davidis</strong></span> <span class='ocrx_word' id='word_1_328' title='bbox 3085 1435 3234 1487; x_wconf 88' lang='lat' dir='ltr'><strong>esse;</strong></span> <span class='ocrx_word' id='word_1_329' title='bbox 3286 1421 3414 1490; x_wconf 80' lang='lat' dir='ltr'><strong>quia</strong></span> 
     </span>
    </p>
   </div>
   <div class='ocr_carea' id='block_1_41' title="bbox 1840 1503 3410 1580">
    <p class='ocr_par' dir='ltr' id='par_1_41' title="bbox 1840 1503 3410 1580">
     <span class='ocr_line' id='line_1_41' title="bbox 1840 1503 3410 1580; baseline 0.012 -30"><span class='ocrx_word' id='word_1_330' title='bbox 1840 1511 2107 1569; x_wconf 86' lang='lat' dir='ltr'><strong>quotquot</strong></span> <span class='ocrx_word' id='word_1_331' title='bbox 2138 1503 2190 1556; x_wconf 90' lang='lat' dir='ltr'><strong>in</strong></span> <span class='ocrx_word' id='word_1_332' title='bbox 2226 1507 2400 1574; x_wconf 87' lang='lat' dir='ltr'><strong>prima</strong></span> <span class='ocrx_word' id='word_1_333' title='bbox 2426 1517 2574 1575; x_wconf 80' lang='lat' dir='ltr'><strong>parte</strong></span> <span class='ocrx_word' id='word_1_334' title='bbox 2599 1509 3034 1578; x_wconf 84' lang='lat' dir='ltr'><strong>subsequuntur,</strong></span> <span class='ocrx_word' id='word_1_335' title='bbox 3069 1511 3240 1580; x_wconf 88' lang='lat' dir='ltr'><strong>ipsius</strong></span> <span class='ocrx_word' id='word_1_336' title='bbox 3265 1525 3410 1569; x_wconf 91' lang='lat' dir='ltr'><strong>sunt.</strong></span> 
     </span>
    </p>
   </div>
   <div class='ocr_carea' id='block_1_42' title="bbox 1840 1591 3417 1668">
    <p class='ocr_par' dir='ltr' id='par_1_42' title="bbox 1840 1591 3417 1668">
     <span class='ocr_line' id='line_1_42' title="bbox 1840 1591 3417 1668; baseline 0.008 -24"><span class='ocrx_word' id='word_1_337' title='bbox 1840 1591 1883 1643; x_wconf 82' lang='lat' dir='ltr'><strong>A</strong></span> <span class='ocrx_word' id='word_1_338' title='bbox 1924 1594 2078 1647; x_wconf 88' lang='lat' dir='ltr'><strong>tertio</strong></span> <span class='ocrx_word' id='word_1_339' title='bbox 2121 1595 2268 1649; x_wconf 90' lang='lat' dir='ltr'><strong>enim</strong></span> <span class='ocrx_word' id='word_1_340' title='bbox 2317 1598 2384 1650; x_wconf 89' lang='lat' dir='ltr'><strong>ad</strong></span> <span class='ocrx_word' id='word_1_341' title='bbox 2429 1598 2907 1668; x_wconf 64' lang='lat' dir='ltr'><strong>quadragesimum</strong></span> <span class='ocrx_word' id='word_1_342' title='bbox 2955 1617 3146 1657; x_wconf 85' lang='lat' dir='ltr'><strong>omnes</strong></span> <span class='ocrx_word' id='word_1_343' title='bbox 3199 1603 3417 1658; x_wconf 83' lang='lat' dir='ltr'><strong>Davidis</strong></span> 
     </span>
    </p>
   </div>
   <div class='ocr_carea' id='block_1_43' title="bbox 1844 1684 3419 1763">
    <p class='ocr_par' dir='ltr' id='par_1_43' title="bbox 1844 1684 3419 1763">
     <span class='ocr_line' id='line_1_43' title="bbox 1844 1684 3419 1763; baseline 0.008 -27"><span class='ocrx_word' id='word_1_344' title='bbox 1844 1684 2236 1750; x_wconf 86' lang='lat' dir='ltr'><strong>inscribuntur,</strong></span> <span class='ocrx_word' id='word_1_345' title='bbox 2281 1689 2636 1756; x_wconf 82' lang='lat' dir='ltr'><strong>quamobrem</strong></span> <span class='ocrx_word' id='word_1_346' title='bbox 2674 1692 2804 1744; x_wconf 85' lang='lat' dir='ltr'><strong>mihi</strong></span> <span class='ocrx_word' id='word_1_347' title='bbox 2857 1693 2923 1747; x_wconf 84' lang='lat' dir='ltr'><strong>ad</strong></span> <span class='ocrx_word' id='word_1_348' title='bbox 2955 1694 3131 1763; x_wconf 89' lang='lat' dir='ltr'><strong>ipsum</strong></span> <span class='ocrx_word' id='word_1_349' title='bbox 3169 1696 3419 1749; x_wconf 86' lang='lat' dir='ltr'><strong>videntur</strong></span> 
     </span>
    </p>
   </div>
   <div class='ocr_carea' id='block_1_44' title="bbox 1844 1777 3418 1850">
    <p class='ocr_par' dir='ltr' id='par_1_44' title="bbox 1844 1777 3418 1850">
     <span class='ocr_line' id='line_1_44' title="bbox 1844 1777 3418 1850; baseline 0.008 -20"><span class='ocrx_word' id='word_1_350' title='bbox 1844 1777 2112 1844; x_wconf 89' lang='lat' dir='ltr'><strong>pertinere</strong></span> <span class='ocrx_word' id='word_1_351' title='bbox 2136 1780 2342 1847; x_wconf 89' lang='lat' dir='ltr'><strong>primus</strong></span> <span class='ocrx_word' id='word_1_352' title='bbox 2365 1790 2526 1850; x_wconf 89' lang='lat' dir='ltr'><strong>atque</strong></span> <span class='ocrx_word' id='word_1_353' title='bbox 2562 1785 2853 1838; x_wconf 82' lang='lat' dir='ltr'><strong>securnlus.</strong></span> <span class='ocrx_word' id='word_1_354' title='bbox 2886 1784 3061 1850; x_wconf 91' lang='lat' dir='ltr'><strong>Quam</strong></span> <span class='ocrx_word' id='word_1_355' title='bbox 3096 1789 3418 1842; x_wconf 76' lang='lat' dir='ltr'><strong>sententiam</strong></span> 
     </span>
    </p>
   </div>
   <div class='ocr_carea' id='block_1_45' title="bbox 1847 1869 3420 1947">
    <p class='ocr_par' dir='ltr' id='par_1_45' title="bbox 1847 1869 3420 1947">
     <span class='ocr_line' id='line_1_45' title="bbox 1847 1869 3420 1947; baseline 0.008 -26"><span class='ocrx_word' id='word_1_356' title='bbox 1847 1869 2135 1922; x_wconf 82' lang='lat' dir='ltr'><strong>conﬁrmat</strong></span> <span class='ocrx_word' id='word_1_357' title='bbox 2162 1871 2297 1925; x_wconf 79' lang='lat' dir='ltr'><strong>liber</strong></span> <span class='ocrx_word' id='word_1_358' title='bbox 2336 1872 2568 1927; x_wconf 83' lang='lat' dir='ltr'><strong>Actuum</strong></span> <span class='ocrx_word' id='word_1_359' title='bbox 2602 1877 2994 1943; x_wconf 83' lang='lat' dir='ltr'><strong>apostolorum,</strong></span> <span class='ocrx_word' id='word_1_360' title='bbox 3030 1879 3080 1930; x_wconf 89' lang='lat' dir='ltr'><strong>in</strong></span> <span class='ocrx_word' id='word_1_361' title='bbox 3124 1895 3234 1947; x_wconf 91' lang='lat' dir='ltr'><strong>quo</strong></span> <span class='ocrx_word' id='word_1_362' title='bbox 3278 1879 3420 1933; x_wconf 92' lang='lat' dir='ltr'><strong>dici-</strong></span> 
     </span>
    </p>
   </div>
   <div class='ocr_carea' id='block_1_46' title="bbox 1845 1959 3419 2031">
    <p class='ocr_par' dir='ltr' id='par_1_46' title="bbox 1845 1959 3419 2031">
     <span class='ocr_line' id='line_1_46' title="bbox 1845 1959 3419 2031; baseline 0.004 -19"><span class='ocrx_word' id='word_1_363' title='bbox 1845 1970 1931 2012; x_wconf 88' lang='lat' dir='ltr'><strong>tur</strong></span> <span class='ocrx_word' id='word_1_364' title='bbox 1964 1960 2009 1991; x_wconf 78' lang='lat'>“</span> <span class='ocrx_word' id='word_1_365' title='bbox 2036 1978 2048 2014; x_wconf 90' lang='lat'>:</span> <span class='ocrx_word' id='word_1_366' title='bbox 2089 1959 2308 2014; x_wconf 83' lang='lat' dir='ltr'><strong>Domine</strong></span> <span class='ocrx_word' id='word_1_367' title='bbox 2341 1972 2395 2014; x_wconf 87' lang='lat' dir='ltr'><strong>tu</strong></span> <span class='ocrx_word' id='word_1_368' title='bbox 2428 1963 2601 2031; x_wconf 78' lang='lat' dir='ltr'><strong>fecisti</strong></span> <span class='ocrx_word' id='word_1_369' title='bbox 2631 1964 2813 2017; x_wconf 76' lang='lat' dir='ltr'><strong>caelum</strong></span> <span class='ocrx_word' id='word_1_370' title='bbox 2849 1975 2897 2018; x_wconf 84' lang='lat' dir='ltr'><strong>et</strong></span> <span class='ocrx_word' id='word_1_371' title='bbox 2923 1975 3138 2030; x_wconf 83' lang='lat' dir='ltr'><strong>terram,</strong></span> <span class='ocrx_word' id='word_1_372' title='bbox 3161 1975 3209 2018; x_wconf 80' lang='lat' dir='ltr'><strong>et</strong></span> <span class='ocrx_word' id='word_1_373' title='bbox 3251 1983 3419 2031; x_wconf 75' lang='lat' dir='ltr'><strong>mare,</strong></span> 
     </span>
    </p>
   </div>
   <div class='ocr_carea' id='block_1_47' title="bbox 1845 2053 3422 2126">
    <p class='ocr_par' dir='ltr' id='par_1_47' title="bbox 1845 2053 3422 2126">
     <span class='ocr_line' id='line_1_47' title="bbox 1845 2053 3422 2126; baseline 0.006 -24"><span class='ocrx_word' id='word_1_374' title='bbox 1845 2060 1893 2103; x_wconf 86' lang='lat' dir='ltr'><strong>et</strong></span> <span class='ocrx_word' id='word_1_375' title='bbox 1925 2053 2104 2104; x_wconf 81' lang='lat' dir='ltr'><strong>omnia</strong></span> <span class='ocrx_word' id='word_1_376' title='bbox 2131 2069 2250 2121; x_wconf 64' lang='lat' dir='ltr'><strong>quae</strong></span> <span class='ocrx_word' id='word_1_377' title='bbox 2288 2053 2345 2107; x_wconf 86' lang='lat' dir='ltr'><strong>in</strong></span> <span class='ocrx_word' id='word_1_378' title='bbox 2406 2055 2479 2107; x_wconf 84' lang='lat' dir='ltr'><strong>eis</strong></span> <span class='ocrx_word' id='word_1_379' title='bbox 2514 2065 2656 2109; x_wconf 81' lang='lat' dir='ltr'><strong>sunt.</strong></span> <span class='ocrx_word' id='word_1_380' title='bbox 2691 2055 2829 2110; x_wconf 82' lang='lat' dir='ltr'><strong>Deus</strong></span> <span class='ocrx_word' id='word_1_381' title='bbox 2873 2068 3086 2126; x_wconf 86' lang='lat' dir='ltr'><strong>patrum</strong></span> <span class='ocrx_word' id='word_1_382' title='bbox 3123 2069 3422 2112; x_wconf 83' lang='lat' dir='ltr'><strong>nostrorum</strong></span> 
     </span>
    </p>
   </div>
   <div class='ocr_carea' id='block_1_48' title="bbox 1811 2141 3424 2219">
    <p class='ocr_par' dir='ltr' id='par_1_48' title="bbox 1811 2141 3424 2219">
     <span class='ocr_line' id='line_1_48' title="bbox 1811 2141 3424 2219; baseline 0.004 -23"><span class='ocrx_word' id='word_1_383' title='bbox 1811 2194 1813 2196; x_wconf 78' lang='lat'><strong>.</strong></span> <span class='ocrx_word' id='word_1_384' title='bbox 1843 2143 1932 2211; x_wconf 83' lang='lat' dir='ltr'><strong>qui</strong></span> <span class='ocrx_word' id='word_1_385' title='bbox 1974 2143 2161 2196; x_wconf 75' lang='lat' dir='ltr'><strong>dixisti</strong></span> <span class='ocrx_word' id='word_1_386' title='bbox 2202 2161 2292 2212; x_wconf 78' lang='lat' dir='ltr'><strong>per</strong></span> <span class='ocrx_word' id='word_1_387' title='bbox 2319 2141 2578 2213; x_wconf 83' lang='lat' dir='ltr'><strong>Spiritum</strong></span> <span class='ocrx_word' id='word_1_388' title='bbox 2603 2158 2843 2200; x_wconf 81' lang='lat' dir='ltr'><strong>sanctum</strong></span> <span class='ocrx_word' id='word_1_389' title='bbox 2869 2165 2962 2216; x_wconf 84' lang='lat' dir='ltr'><strong>per</strong></span> <span class='ocrx_word' id='word_1_390' title='bbox 2990 2166 3048 2203; x_wconf 78' lang='lat' dir='ltr'><strong>os</strong></span> <span class='ocrx_word' id='word_1_391' title='bbox 3083 2150 3250 2204; x_wconf 84' lang='lat' dir='ltr'><strong>Darid</strong></span> <span class='ocrx_word' id='word_1_392' title='bbox 3275 2150 3424 2219; x_wconf 78' lang='lat' dir='ltr'><strong>pueri</strong></span> 
     </span>
    </p>
   </div>
   <div class='ocr_carea' id='block_1_49' title="bbox 1848 2233 3423 2309">
    <p class='ocr_par' dir='ltr' id='par_1_49' title="bbox 1848 2233 3423 2309">
     <span class='ocr_line' id='line_1_49' title="bbox 1848 2233 3423 2309; baseline 0.006 -25"><span class='ocrx_word' id='word_1_393' title='bbox 1848 2233 2158 2299; x_wconf 82' lang='lat' dir='ltr'><strong>tui:Quare</strong></span> <span class='ocrx_word' id='word_1_394' title='bbox 2190 2235 2519 2303; x_wconf 79' lang='lat' dir='ltr'><strong>fremuerunt</strong></span> <span class='ocrx_word' id='word_1_395' title='bbox 2540 2248 2713 2308; x_wconf 83' lang='lat' dir='ltr'><strong>gentes</strong></span> <span class='ocrx_word' id='word_1_396' title='bbox 2739 2250 2789 2292; x_wconf 80' lang='lat' dir='ltr'><strong>et</strong></span> <span class='ocrx_word' id='word_1_397' title='bbox 2811 2241 2991 2309; x_wconf 83' lang='lat' dir='ltr'><strong>populi</strong></span> <span class='ocrx_word' id='word_1_398' title='bbox 3025 2241 3269 2294; x_wconf 82' lang='lat' dir='ltr'><strong>meditati</strong></span> <span class='ocrx_word' id='word_1_399' title='bbox 3301 2252 3423 2294; x_wconf 81' lang='lat' dir='ltr'><strong>sunt</strong></span> 
     </span>
    </p>
   </div>
   <div class='ocr_carea' id='block_1_50' title="bbox 1846 2323 3424 2398">
    <p class='ocr_par' dir='ltr' id='par_1_50' title="bbox 1846 2323 3424 2398">
     <span class='ocr_line' id='line_1_50' title="bbox 1846 2323 3424 2398; baseline 0.004 -22"><span class='ocrx_word' id='word_1_400' title='bbox 1846 2323 2071 2380; x_wconf 83' lang='lat' dir='ltr'><strong>inania?</strong></span> <span class='ocrx_word' id='word_1_401' title='bbox 2099 2323 2192 2380; x_wconf 82' lang='lat' dir='ltr'><strong>llis</strong></span> <span class='ocrx_word' id='word_1_402' title='bbox 2219 2326 2365 2380; x_wconf 89' lang='lat' dir='ltr'><strong>enim</strong></span> <span class='ocrx_word' id='word_1_403' title='bbox 2402 2328 2688 2395; x_wconf 88' lang='lat' dir='ltr'><strong>perspicue</strong></span> <span class='ocrx_word' id='word_1_404' title='bbox 2718 2329 2878 2394; x_wconf 53' lang='lat' dir='ltr'><strong>dirit,</strong></span> <span class='ocrx_word' id='word_1_405' title='bbox 2921 2330 3190 2398; x_wconf 85' lang='lat' dir='ltr'><strong>psalmum</strong></span> <span class='ocrx_word' id='word_1_406' title='bbox 3224 2344 3424 2383; x_wconf 82' lang='lat' dir='ltr'><strong>secun-</strong></span> 
     </span>
    </p>
   </div>
   <div class='ocr_carea' id='block_1_51' title="bbox 1847 2413 3428 2485">
    <p class='ocr_par' dir='ltr' id='par_1_51' title="bbox 1847 2413 3428 2485">
     <span class='ocr_line' id='line_1_51' title="bbox 1847 2413 3428 2485; baseline 0.004 -17"><span class='ocrx_word' id='word_1_407' title='bbox 1847 2415 1977 2468; x_wconf 90' lang='lat' dir='ltr'><strong>dum</strong></span> <span class='ocrx_word' id='word_1_408' title='bbox 2022 2413 2240 2469; x_wconf 87' lang='lat' dir='ltr'><strong>Davidis</strong></span> <span class='ocrx_word' id='word_1_409' title='bbox 2271 2431 2412 2470; x_wconf 89' lang='lat' dir='ltr'><strong>esse.</strong></span> <span class='ocrx_word' id='word_1_410' title='bbox 2447 2415 2758 2473; x_wconf 83' lang='lat' dir='ltr'><strong>Verisimile</strong></span> <span class='ocrx_word' id='word_1_411' title='bbox 2785 2431 2966 2474; x_wconf 84' lang='lat' dir='ltr'><strong>autem</strong></span> <span class='ocrx_word' id='word_1_412' title='bbox 3002 2431 3102 2485; x_wconf 84' lang='lat' dir='ltr'><strong>est,</strong></span> <span class='ocrx_word' id='word_1_413' title='bbox 3145 2422 3266 2476; x_wconf 91' lang='lat' dir='ltr'><strong>ideo</strong></span> <span class='ocrx_word' id='word_1_414' title='bbox 3300 2424 3428 2476; x_wconf 88' lang='lat' dir='ltr'><strong>titu-</strong></span> 
     </span>
    </p>
   </div>
   <div class='ocr_carea' id='block_1_52' title="bbox 1851 2507 3429 2584">
    <p class='ocr_par' dir='ltr' id='par_1_52' title="bbox 1851 2507 3429 2584">
     <span class='ocr_line' id='line_1_52' title="bbox 1851 2507 3429 2584; baseline 0.006 -24"><span class='ocrx_word' id='word_1_415' title='bbox 1851 2507 1981 2568; x_wconf 85' lang='lat' dir='ltr'><strong>lum.</strong></span> <span class='ocrx_word' id='word_1_416' title='bbox 2014 2507 2252 2574; x_wconf 77' lang='lat' dir='ltr'><strong>Davidis,</strong></span> <span class='ocrx_word' id='word_1_417' title='bbox 2302 2511 2565 2564; x_wconf 86' lang='lat' dir='ltr'><strong>omissum</strong></span> <span class='ocrx_word' id='word_1_418' title='bbox 2601 2511 2768 2566; x_wconf 80' lang='lat' dir='ltr'><strong>fuisse</strong></span> <span class='ocrx_word' id='word_1_419' title='bbox 2815 2515 2867 2565; x_wconf 91' lang='lat' dir='ltr'><strong>in</strong></span> <span class='ocrx_word' id='word_1_420' title='bbox 2915 2529 2980 2566; x_wconf 83' lang='lat' dir='ltr'><strong>eo</strong></span> <span class='ocrx_word' id='word_1_421' title='bbox 3027 2515 3257 2583; x_wconf 80' lang='lat' dir='ltr'><strong>psalmo,</strong></span> <span class='ocrx_word' id='word_1_422' title='bbox 3298 2517 3429 2584; x_wconf 83' lang='lat' dir='ltr'><strong>quia</strong></span> 
     </span>
    </p>
   </div>
   <div class='ocr_carea' id='block_1_53' title="bbox 1851 2599 3430 2673">
    <p class='ocr_par' dir='ltr' id='par_1_53' title="bbox 1851 2599 3430 2673">
     <span class='ocr_line' id='line_1_53' title="bbox 1851 2599 3430 2673; baseline 0.007 -24"><span class='ocrx_word' id='word_1_423' title='bbox 1851 2599 2051 2652; x_wconf 89' lang='lat' dir='ltr'><strong>nudam</strong></span> <span class='ocrx_word' id='word_1_424' title='bbox 2080 2610 2132 2652; x_wconf 90' lang='lat' dir='ltr'><strong>et</strong></span> <span class='ocrx_word' id='word_1_425' title='bbox 2164 2612 2404 2668; x_wconf 86' lang='lat' dir='ltr'><strong>apertam</strong></span> <span class='ocrx_word' id='word_1_426' title='bbox 2439 2600 2818 2669; x_wconf 84' lang='lat' dir='ltr'><strong>complectitur</strong></span> <span class='ocrx_word' id='word_1_427' title='bbox 2852 2605 3193 2673; x_wconf 80' lang='lat' dir='ltr'><strong>prophetiam</strong></span> <span class='ocrx_word' id='word_1_428' title='bbox 3232 2605 3297 2659; x_wconf 91' lang='lat' dir='ltr'><strong>de</strong></span> <span class='ocrx_word' id='word_1_429' title='bbox 3324 2605 3430 2660; x_wconf 79' lang='lat' dir='ltr'><strong>Do-</strong></span> 
     </span>
    </p>
   </div>
   <div class='ocr_carea' id='block_1_54' title="bbox 1852 2691 3430 2758">
    <p class='ocr_par' dir='ltr' id='par_1_54' title="bbox 1852 2691 3430 2758">
     <span class='ocr_line' id='line_1_54' title="bbox 1852 2691 3430 2758; baseline 0.005 -16"><span class='ocrx_word' id='word_1_430' title='bbox 1852 2691 2020 2754; x_wconf 73' lang='lat' dir='ltr'><strong>nunc,</strong></span> <span class='ocrx_word' id='word_1_431' title='bbox 2071 2706 2177 2758; x_wconf 89' lang='lat' dir='ltr'><strong>qua</strong></span> <span class='ocrx_word' id='word_1_432' title='bbox 2220 2691 2441 2755; x_wconf 91' lang='lat' dir='ltr'><strong>dicitur,</strong></span> <span class='ocrx_word' id='word_1_433' title='bbox 2473 2693 2732 2746; x_wconf 74' lang='lat' dir='ltr'><strong>Adversus</strong></span> <span class='ocrx_word' id='word_1_434' title='bbox 2773 2695 3055 2747; x_wconf 81' lang='lat' dir='ltr'><strong>Dominum</strong></span> <span class='ocrx_word' id='word_1_435' title='bbox 3100 2707 3147 2748; x_wconf 81' lang='lat' dir='ltr'><strong>et</strong></span> <span class='ocrx_word' id='word_1_436' title='bbox 3183 2695 3430 2751; x_wconf 74' lang='lat' dir='ltr'><strong>adversus</strong></span> 
     </span>
    </p>
   </div>
   <div class='ocr_carea' id='block_1_55' title="bbox 1851 2780 3430 2858">
    <p class='ocr_par' dir='ltr' id='par_1_55' title="bbox 1851 2780 3430 2858">
     <span class='ocr_line' id='line_1_55' title="bbox 1851 2780 3430 2858; baseline 0.006 -25"><span class='ocrx_word' id='word_1_437' title='bbox 1851 2780 2119 2833; x_wconf 80' lang='lat' dir='ltr'><strong>Christum</strong></span> <span class='ocrx_word' id='word_1_438' title='bbox 2155 2781 2291 2849; x_wconf 82' lang='lat' dir='ltr'><strong>ejus.</strong></span> <span class='ocrx_word' id='word_1_439' title='bbox 2327 2782 2540 2847; x_wconf 83' lang='lat' dir='ltr'><strong>Quibus</strong></span> <span class='ocrx_word' id='word_1_440' title='bbox 2576 2795 2975 2852; x_wconf 89' lang='lat' dir='ltr'><strong>consequenter</strong></span> <span class='ocrx_word' id='word_1_441' title='bbox 3009 2786 3197 2855; x_wconf 85' lang='lat' dir='ltr'><strong>adjicit</strong></span> <span class='ocrx_word' id='word_1_442' title='bbox 3217 2803 3282 2841; x_wconf 74' lang='lat' dir='ltr'><strong>ex</strong></span> <span class='ocrx_word' id='word_1_443' title='bbox 3316 2789 3430 2858; x_wconf 88' lang='lat' dir='ltr'><strong>ipsa</strong></span> 
     </span>
    </p>
   </div>
   <div class='ocr_carea' id='block_1_56' title="bbox 1851 2875 3431 2945">
    <p class='ocr_par' dir='ltr' id='par_1_56' title="bbox 1851 2875 3431 2945">
     <span class='ocr_line' id='line_1_56' title="bbox 1851 2875 3431 2945; baseline 0.003 -14"><span class='ocrx_word' id='word_1_444' title='bbox 1851 2875 2050 2931; x_wconf 82' lang='lat' dir='ltr'><strong>Christi</strong></span> <span class='ocrx_word' id='word_1_445' title='bbox 2086 2892 2315 2945; x_wconf 84' lang='lat' dir='ltr'><strong>persona</strong></span> <span class='ocrx_word' id='word_1_446' title='bbox 2343 2897 2355 2930; x_wconf 89' lang='lat'><strong>:</strong></span> <span class='ocrx_word' id='word_1_447' title='bbox 2380 2877 2631 2930; x_wconf 83' lang='lat' dir='ltr'><strong>Dominus</strong></span> <span class='ocrx_word' id='word_1_448' title='bbox 2661 2878 2798 2931; x_wconf 75' lang='lat' dir='ltr'><strong>dixit</strong></span> <span class='ocrx_word' id='word_1_449' title='bbox 2831 2879 2899 2931; x_wconf 89' lang='lat' dir='ltr'><strong>ad</strong></span> <span class='ocrx_word' id='word_1_450' title='bbox 2927 2896 3005 2933; x_wconf 86' lang='lat' dir='ltr'><strong>me</strong></span> <span class='ocrx_word' id='word_1_451' title='bbox 3037 2896 3055 2933; x_wconf 91' lang='lat'><strong><em>:</em></strong></span> <span class='ocrx_word' id='word_1_452' title='bbox 3085 2878 3261 2934; x_wconf 80' lang='lat' dir='ltr'><strong>Filius</strong></span> <span class='ocrx_word' id='word_1_453' title='bbox 3286 2899 3431 2936; x_wconf 72' lang='lat' dir='ltr'><strong>meus</strong></span> 
     </span>
    </p>
   </div>
   <div class='ocr_carea' id='block_1_57' title="bbox 1852 2967 3432 3044">
    <p class='ocr_par' dir='ltr' id='par_1_57' title="bbox 1852 2967 3432 3044">
     <span class='ocr_line' id='line_1_57' title="bbox 1852 2967 3432 3044; baseline 0.005 -24"><span class='ocrx_word' id='word_1_454' title='bbox 1852 2985 1903 3020; x_wconf 78' lang='lat' dir='ltr'><strong>cs</strong></span> <span class='ocrx_word' id='word_1_455' title='bbox 1934 2979 1990 3020; x_wconf 91' lang='lat' dir='ltr'><strong>tu</strong></span> <span class='ocrx_word' id='word_1_456' title='bbox 2023 2969 2092 3021; x_wconf 81' lang='lat'><strong>&quot;.</strong></span> <span class='ocrx_word' id='word_1_457' title='bbox 2118 2967 2320 3022; x_wconf 88' lang='lat' dir='ltr'><strong>Omnes</strong></span> <span class='ocrx_word' id='word_1_458' title='bbox 2346 2970 2526 3039; x_wconf 88' lang='lat' dir='ltr'><strong>itaque</strong></span> <span class='ocrx_word' id='word_1_459' title='bbox 2559 2970 2777 3041; x_wconf 86' lang='lat' dir='ltr'><strong>psalmi,</strong></span> <span class='ocrx_word' id='word_1_460' title='bbox 2798 2981 3014 3025; x_wconf 84' lang='lat' dir='ltr'><strong>centum</strong></span> <span class='ocrx_word' id='word_1_461' title='bbox 3040 2973 3432 3044; x_wconf 74' lang='lat' dir='ltr'><strong>quinquaginta</strong></span> 
     </span>
    </p>
   </div>
   <div class='ocr_carea' id='block_1_58' title="bbox 1853 3057 3433 3130">
    <p class='ocr_par' dir='ltr' id='par_1_58' title="bbox 1853 3057 3433 3130">
     <span class='ocr_line' id='line_1_58' title="bbox 1853 3057 3433 3130; baseline 0.006 -20"><span class='ocrx_word' id='word_1_462' title='bbox 1853 3057 2123 3113; x_wconf 77' lang='lat' dir='ltr'><strong>feruntur.</strong></span> <span class='ocrx_word' id='word_1_463' title='bbox 2178 3057 2407 3124; x_wconf 85' lang='lat' dir='ltr'><strong>Quidam</strong></span> <span class='ocrx_word' id='word_1_464' title='bbox 2464 3076 2628 3130; x_wconf 87' lang='lat' dir='ltr'><strong>porro</strong></span> <span class='ocrx_word' id='word_1_465' title='bbox 2674 3063 3010 3117; x_wconf 83' lang='lat' dir='ltr'><strong>arbitrantur</strong></span> <span class='ocrx_word' id='word_1_466' title='bbox 3055 3080 3246 3119; x_wconf 86' lang='lat' dir='ltr'><strong>omnes</strong></span> <span class='ocrx_word' id='word_1_467' title='bbox 3291 3066 3433 3120; x_wconf 87' lang='lat' dir='ltr'><strong>beati</strong></span> 
     </span>
    </p>
   </div>
   <div class='ocr_carea' id='block_1_59' title="bbox 170 3147 1750 3241">
    <p class='ocr_par' dir='ltr' id='par_1_59' title="bbox 170 3147 1749 3229">
     <span class='ocr_line' id='line_1_59' title="bbox 170 3147 1749 3229; baseline -0.008 -18"><span class='ocrx_word' id='word_1_468' title='bbox 170 3160 235 3212; x_wconf 84' lang='grc' dir='ltr'><strong>Οἱ</strong></span> <span class='ocrx_word' id='word_1_469' title='bbox 261 3158 358 3229; x_wconf 77' lang='grc' dir='ltr'><strong>μὲν</strong></span> <span class='ocrx_word' id='word_1_470' title='bbox 389 3155 494 3226; x_wconf 83' lang='grc' dir='ltr'><strong>γὰρ</strong></span> <span class='ocrx_word' id='word_1_471' title='bbox 523 3155 721 3217; x_wconf 74' lang='grc' dir='ltr'>πάντες</span> <span class='ocrx_word' id='word_1_472' title='bbox 744 3152 1103 3222; x_wconf 70' lang='grc' dir='ltr'>ἀναφέρονται</span> <span class='ocrx_word' id='word_1_473' title='bbox 1127 3149 1220 3203; x_wconf 77' lang='grc' dir='ltr'><strong>τοῦ</strong></span> <span class='ocrx_word' id='word_1_474' title='bbox 1244 3149 1406 3201; x_wconf 76' lang='grc' dir='ltr'><strong>Δαυῖδ</strong></span> <span class='ocrx_word' id='word_1_475' title='bbox 1432 3165 1442 3176; x_wconf 91' lang='grc'><strong>·</strong></span> <span class='ocrx_word' id='word_1_476' title='bbox 1475 3149 1530 3200; x_wconf 77' lang='grc' dir='ltr'>ἐν</span> <span class='ocrx_word' id='word_1_477' title='bbox 1551 3147 1606 3199; x_wconf 77' lang='grc' dir='ltr'><strong>δὲ</strong></span> <span class='ocrx_word' id='word_1_478' title='bbox 1632 3149 1749 3209; x_wconf 80' lang='grc' dir='ltr'>ταῖς</span> 
     </span>
    </p>
   </div>
   <div class='ocr_carea' id='block_1_60' title="bbox 1853 3147 3438 3241">
    <p class='ocr_par' dir='ltr' id='par_1_60' title="bbox 1862 3147 3438 3224">
     <span class='ocr_line' id='line_1_60' title="bbox 1862 3147 3438 3224; baseline 0.006 -24"><span class='ocrx_word' id='word_1_479' title='bbox 1862 3147 2077 3205; x_wconf 72' lang='grc' dir='ltr'>υινὶἀίε</span> <span class='ocrx_word' id='word_1_480' title='bbox 2111 3164 2274 3205; x_wconf 89' lang='lat' dir='ltr'><strong>esse:</strong></span> <span class='ocrx_word' id='word_1_481' title='bbox 2322 3167 2495 3221; x_wconf 86' lang='lat' dir='ltr'><strong>neque</strong></span> <span class='ocrx_word' id='word_1_482' title='bbox 2533 3161 2711 3206; x_wconf 81' lang='lat' dir='ltr'><strong>tamen</strong></span> <span class='ocrx_word' id='word_1_483' title='bbox 2760 3153 2810 3207; x_wconf 92' lang='lat' dir='ltr'><strong>id</strong></span> <span class='ocrx_word' id='word_1_484' title='bbox 2847 3154 3027 3223; x_wconf 87' lang='lat' dir='ltr'><strong>aliqua</strong></span> <span class='ocrx_word' id='word_1_485' title='bbox 3071 3164 3197 3208; x_wconf 91' lang='lat' dir='ltr'><strong>nota</strong></span> <span class='ocrx_word' id='word_1_486' title='bbox 3228 3156 3438 3224; x_wconf 77' lang='lat' dir='ltr'><strong>signiti-</strong></span> 
     </span>
    </p>
   </div>
   <div class='ocr_carea' id='block_1_61' title="bbox 175 3239 1751 3320">
    <p class='ocr_par' dir='ltr' id='par_1_61' title="bbox 175 3239 1751 3320">
     <span class='ocr_line' id='line_1_61' title="bbox 175 3239 1751 3320; baseline -0.008 -18"><span class='ocrx_word' id='word_1_487' title='bbox 175 3250 510 3320; x_wconf 71' lang='grc' dir='ltr'>ἐπιγραφαῖς</span> <span class='ocrx_word' id='word_1_488' title='bbox 565 3247 840 3298; x_wconf 75' lang='grc' dir='ltr'>δείκνυται</span> <span class='ocrx_word' id='word_1_489' title='bbox 873 3244 954 3305; x_wconf 77' lang='grc' dir='ltr'><strong>τίς</strong></span> <span class='ocrx_word' id='word_1_490' title='bbox 1001 3242 1144 3304; x_wconf 85' lang='grc' dir='ltr'>τίνος</span> <span class='ocrx_word' id='word_1_491' title='bbox 1190 3240 1402 3310; x_wconf 72' lang='grc' dir='ltr'>ψαλμὸς</span> <span class='ocrx_word' id='word_1_492' title='bbox 1444 3239 1751 3307; x_wconf 77' lang='grc' dir='ltr'>γεγένηται.</span> 
     </span>
    </p>
   </div>
   <div class='ocr_carea' id='block_1_62' title="bbox 171 3329 1755 3412">
    <p class='ocr_par' dir='ltr' id='par_1_62' title="bbox 171 3329 1755 3412">
     <span class='ocr_line' id='line_1_62' title="bbox 171 3329 1755 3412; baseline -0.01 -16"><span class='ocrx_word' id='word_1_493' title='bbox 171 3342 450 3412; x_wconf 80' lang='grc' dir='ltr'>Τέσσαρες</span> <span class='ocrx_word' id='word_1_494' title='bbox 487 3340 593 3410; x_wconf 70' lang='grc' dir='ltr'>γὰρ</span> <span class='ocrx_word' id='word_1_495' title='bbox 624 3340 878 3407; x_wconf 77' lang='grc' dir='ltr'>ἄρχοντες</span> <span class='ocrx_word' id='word_1_496' title='bbox 902 3334 1053 3404; x_wconf 77' lang='grc' dir='ltr'><strong>ᾠδῶν</strong></span> <span class='ocrx_word' id='word_1_497' title='bbox 1084 3332 1427 3402; x_wconf 75' lang='grc' dir='ltr'>ἐξελέγησαν,</span> <span class='ocrx_word' id='word_1_498' title='bbox 1463 3337 1599 3400; x_wconf 75' lang='grc' dir='ltr'>σπη’</span> <span class='ocrx_word' id='word_1_499' title='bbox 1629 3329 1755 3381; x_wconf 76' lang='grc' dir='ltr'><strong>ἁκο-</strong></span> 
     </span>
    </p>
   </div>
   <div class='ocr_carea' id='block_1_63' title="bbox 172 3421 1754 3497">
    <p class='ocr_par' dir='ltr' id='par_1_63' title="bbox 172 3421 1754 3497">
     <span class='ocr_line' id='line_1_63' title="bbox 172 3421 1754 3497; baseline -0.009 -11"><span class='ocrx_word' id='word_1_500' title='bbox 172 3433 370 3488; x_wconf 74' lang='grc' dir='ltr'>λουθοι.</span> <span class='ocrx_word' id='word_1_501' title='bbox 424 3431 545 3484; x_wconf 78' lang='grc' dir='ltr'>Τῶν</span> <span class='ocrx_word' id='word_1_502' title='bbox 594 3425 684 3482; x_wconf 76' lang='grc' dir='ltr'>οὖν</span> <span class='ocrx_word' id='word_1_503' title='bbox 737 3427 1015 3497; x_wconf 74' lang='grc' dir='ltr'>τεσσάρων</span> <span class='ocrx_word' id='word_1_504' title='bbox 1067 3424 1368 3494; x_wconf 38' lang='grc' dir='ltr'>ἀρχόντων.</span> <span class='ocrx_word' id='word_1_505' title='bbox 1397 3421 1754 3493; x_wconf 77' lang='grc' dir='ltr'>παράκεινται</span> 
     </span>
    </p>
   </div>
   <div class='ocr_carea' id='block_1_64' title="bbox 170 3514 1757 3597">
    <p class='ocr_par' dir='ltr' id='par_1_64' title="bbox 170 3514 1757 3597">
     <span class='ocr_line' id='line_1_64' title="bbox 170 3514 1757 3597; baseline -0.008 -18"><span class='ocrx_word' id='word_1_506' title='bbox 170 3525 412 3597; x_wconf 70' lang='grc' dir='ltr'>ψαλμοὶ,</span> <span class='ocrx_word' id='word_1_507' title='bbox 445 3523 519 3586; x_wconf 80' lang='grc' dir='ltr'><strong>ὡς</strong></span> <span class='ocrx_word' id='word_1_508' title='bbox 557 3523 646 3576; x_wconf 70' lang='grc' dir='ltr'><strong>καὶ</strong></span> <span class='ocrx_word' id='word_1_509' title='bbox 678 3523 732 3574; x_wconf 83' lang='grc' dir='ltr'>αἱ</span> <span class='ocrx_word' id='word_1_510' title='bbox 769 3517 1073 3590; x_wconf 71' lang='grc' dir='ltr'>ἐπιγραφαὶ</span> <span class='ocrx_word' id='word_1_511' title='bbox 1104 3518 1462 3570; x_wconf 77' lang='grc' dir='ltr'>διδάσκουσιν.</span> <span class='ocrx_word' id='word_1_512' title='bbox 1527 3514 1757 3568; x_wconf 78' lang='grc' dir='ltr'>Ὀπόταν</span> 
     </span>
    </p>
   </div>
   <div class='ocr_carea' id='block_1_65' title="bbox 175 3606 1753 3690">
    <p class='ocr_par' dir='ltr' id='par_1_65' title="bbox 175 3606 1753 3690">
     <span class='ocr_line' id='line_1_65' title="bbox 175 3606 1753 3690; baseline -0.008 -19"><span class='ocrx_word' id='word_1_513' title='bbox 175 3617 283 3690; x_wconf 83' lang='grc' dir='ltr'>γὰρ</span> <span class='ocrx_word' id='word_1_514' title='bbox 305 3617 436 3686; x_wconf 80' lang='grc' dir='ltr'>λέγῃ</span> <span class='ocrx_word' id='word_1_515' title='bbox 459 3635 470 3646; x_wconf 95' lang='grc'><strong>·</strong></span> <span class='ocrx_word' id='word_1_516' title='bbox 506 3615 747 3683; x_wconf 75' lang='grc' dir='ltr'><strong>Ψίιλμὸς</strong></span> <span class='ocrx_word' id='word_1_517' title='bbox 775 3613 898 3678; x_wconf 84' lang='grc' dir='ltr'>τοῖς</span> <span class='ocrx_word' id='word_1_518' title='bbox 917 3611 1071 3675; x_wconf 78' lang='grc' dir='ltr'>υἱοῖς</span> <span class='ocrx_word' id='word_1_519' title='bbox 1100 3609 1270 3678; x_wconf 81' lang='grc' dir='ltr'>Κορὲ,</span> <span class='ocrx_word' id='word_1_520' title='bbox 1300 3610 1502 3671; x_wconf 79' lang='grc' dir='ltr'><strong>Αὶθὰν,</strong></span> <span class='ocrx_word' id='word_1_521' title='bbox 1543 3606 1753 3676; x_wconf 66' lang='grc' dir='ltr'>Ἀσὰρ,</span> 
     </span>
    </p>
   </div>
   <div class='ocr_carea' id='block_1_66' title="bbox 178 3699 1755 3776">
    <p class='ocr_par' dir='ltr' id='par_1_66' title="bbox 178 3699 1755 3776">
     <span class='ocr_line' id='line_1_66' title="bbox 178 3699 1755 3776; baseline -0.008 -14"><span class='ocrx_word' id='word_1_522' title='bbox 178 3709 274 3762; x_wconf 76' lang='grc' dir='ltr'>καὶ</span> <span class='ocrx_word' id='word_1_523' title='bbox 320 3704 546 3776; x_wconf 73' lang='grc' dir='ltr'>Αίμὰνο</span> <span class='ocrx_word' id='word_1_524' title='bbox 580 3705 732 3755; x_wconf 76' lang='grc' dir='ltr'>αὐτοὶ</span> <span class='ocrx_word' id='word_1_525' title='bbox 762 3702 1056 3770; x_wconf 75' lang='grc' dir='ltr'>ψάλλουσιν</span> <span class='ocrx_word' id='word_1_526' title='bbox 1097 3701 1145 3752; x_wconf 84' lang='grc' dir='ltr'>οί</span> <span class='ocrx_word' id='word_1_527' title='bbox 1186 3701 1291 3753; x_wconf 78' lang='grc' dir='ltr'>υἱοὶ</span> <span class='ocrx_word' id='word_1_528' title='bbox 1336 3702 1514 3770; x_wconf 79' lang='grc' dir='ltr'>Κορὲ,</span> <span class='ocrx_word' id='word_1_529' title='bbox 1564 3699 1755 3763; x_wconf 76' lang='grc' dir='ltr'>Αίοὰν,</span> 
     </span>
    </p>
   </div>
   <div class='ocr_carea' id='block_1_67' title="bbox 190 3788 1756 3865">
    <p class='ocr_par' dir='ltr' id='par_1_67' title="bbox 190 3788 1756 3865">
     <span class='ocr_line' id='line_1_67' title="bbox 190 3788 1756 3865; baseline -0.007 -15"><span class='ocrx_word' id='word_1_530' title='bbox 190 3796 383 3865; x_wconf 74' lang='grc' dir='ltr'><strong>’Δσὰφ,</strong></span> <span class='ocrx_word' id='word_1_531' title='bbox 415 3794 510 3847; x_wconf 74' lang='grc' dir='ltr'><strong>καὶ</strong></span> <span class='ocrx_word' id='word_1_532' title='bbox 537 3790 732 3862; x_wconf 73' lang='grc' dir='ltr'>Αίμάν.</span> <span class='ocrx_word' id='word_1_533' title='bbox 757 3792 926 3844; x_wconf 87' lang='grc' dir='ltr'>Ὅταν</span> <span class='ocrx_word' id='word_1_534' title='bbox 949 3788 1100 3862; x_wconf 74' lang='grc' dir='ltr'>εἴπῃ.</span> <span class='ocrx_word' id='word_1_535' title='bbox 1131 3788 1373 3858; x_wconf 49' lang='lat' dir='ltr'><strong>Taulde</strong></span> <span class='ocrx_word' id='word_1_536' title='bbox 1402 3788 1506 3841; x_wconf 81' lang='grc' dir='ltr'><strong>τοῦ</strong></span> <span class='ocrx_word' id='word_1_537' title='bbox 1545 3789 1756 3856; x_wconf 63' lang='grc' dir='ltr'>Ἀσάφ,</span> 
     </span>
    </p>
   </div>
   <div class='ocr_carea' id='block_1_68' title="bbox 177 3877 1758 3953">
    <p class='ocr_par' dir='ltr' id='par_1_68' title="bbox 177 3877 1758 3953">
     <span class='ocr_line' id='line_1_68' title="bbox 177 3877 1758 3953; baseline -0.009 -9"><span class='ocrx_word' id='word_1_538' title='bbox 177 3890 338 3952; x_wconf 75' lang='grc' dir='ltr'>αὐτὸς</span> <span class='ocrx_word' id='word_1_539' title='bbox 364 3883 519 3941; x_wconf 67' lang='grc' dir='ltr'>εἶπεν</span> <span class='ocrx_word' id='word_1_540' title='bbox 552 3887 580 3938; x_wconf 86' lang='grc' dir='ltr'>ὁ</span> <span class='ocrx_word' id='word_1_541' title='bbox 623 3885 825 3953; x_wconf 69' lang='grc' dir='ltr'>Ἀσαφυ</span> <span class='ocrx_word' id='word_1_542' title='bbox 854 3884 981 3936; x_wconf 82' lang='grc' dir='ltr'>ὅταν</span> <span class='ocrx_word' id='word_1_543' title='bbox 1015 3883 1141 3952; x_wconf 78' lang='grc' dir='ltr'>εἴπῃ</span> <span class='ocrx_word' id='word_1_544' title='bbox 1168 3921 1181 3946; x_wconf 88' lang='grc'><strong>,</strong></span> <span class='ocrx_word' id='word_1_545' title='bbox 1213 3878 1457 3949; x_wconf 72' lang='grc' dir='ltr'><strong>Ψαλμὸς</strong></span> <span class='ocrx_word' id='word_1_546' title='bbox 1478 3878 1583 3932; x_wconf 87' lang='grc' dir='ltr'>τοῦ</span> <span class='ocrx_word' id='word_1_547' title='bbox 1623 3877 1758 3932; x_wconf 77' lang='grc' dir='ltr'><strong>Ἰδι-</strong></span> 
     </span>
    </p>
   </div>
   <div class='ocr_carea' id='block_1_69' title="bbox 182 3967 1759 4051">
    <p class='ocr_par' dir='ltr' id='par_1_69' title="bbox 182 3967 1759 4051">
     <span class='ocr_line' id='line_1_69' title="bbox 182 3967 1759 4051; baseline -0.01 -15"><span class='ocrx_word' id='word_1_548' title='bbox 182 3981 363 4051; x_wconf 83' lang='grc' dir='ltr'>θοὺμ,</span> <span class='ocrx_word' id='word_1_549' title='bbox 421 3980 583 4040; x_wconf 74' lang='grc' dir='ltr'>αὐτὸς</span> <span class='ocrx_word' id='word_1_550' title='bbox 633 3976 823 4046; x_wconf 71' lang='grc' dir='ltr'>ψάλλει</span> <span class='ocrx_word' id='word_1_551' title='bbox 872 3973 1143 4044; x_wconf 72' lang='grc' dir='ltr'><strong>Ἰδιθούμο</strong></span> <span class='ocrx_word' id='word_1_552' title='bbox 1199 3972 1398 4026; x_wconf 77' lang='grc' dir='ltr'>ὁπόταν</span> <span class='ocrx_word' id='word_1_553' title='bbox 1450 3969 1602 4043; x_wconf 75' lang='grc' dir='ltr'>εἴπῃ,</span> <span class='ocrx_word' id='word_1_554' title='bbox 1653 3967 1759 4022; x_wconf 82' lang='grc' dir='ltr'>τοῦ</span> 
     </span>
    </p>
   </div>
   <div class='ocr_carea' id='block_1_70' title="bbox 181 4060 1761 4138">
    <p class='ocr_par' dir='ltr' id='par_1_70' title="bbox 181 4060 1761 4138">
     <span class='ocr_line' id='line_1_70' title="bbox 181 4060 1761 4138; baseline -0.009 -10"><span class='ocrx_word' id='word_1_555' title='bbox 181 4071 392 4136; x_wconf 82' lang='grc' dir='ltr'>Δαυῒδ,</span> <span class='ocrx_word' id='word_1_556' title='bbox 427 4069 588 4133; x_wconf 72' lang='grc' dir='ltr'>αὐτὸς</span> <span class='ocrx_word' id='word_1_557' title='bbox 617 4069 794 4136; x_wconf 86' lang='grc' dir='ltr'>λέγων</span> <span class='ocrx_word' id='word_1_558' title='bbox 827 4063 894 4138; x_wconf 80' lang='grc' dir='ltr'>ἦν</span> <span class='ocrx_word' id='word_1_559' title='bbox 945 4066 1108 4118; x_wconf 86' lang='grc' dir='ltr'><strong>Δαυῖδ</strong></span> <span class='ocrx_word' id='word_1_560' title='bbox 1128 4080 1142 4094; x_wconf 86' lang='grc'><em>’</em></span> <span class='ocrx_word' id='word_1_561' title='bbox 1192 4064 1328 4117; x_wconf 71' lang='grc' dir='ltr'>ἐπὰν</span> <span class='ocrx_word' id='word_1_562' title='bbox 1370 4063 1424 4116; x_wconf 82' lang='grc' dir='ltr'><strong>δὲ</strong></span> <span class='ocrx_word' id='word_1_563' title='bbox 1460 4063 1593 4135; x_wconf 82' lang='grc' dir='ltr'>λέγῃ</span> <span class='ocrx_word' id='word_1_564' title='bbox 1614 4105 1626 4127; x_wconf 87' lang='grc'><strong>,</strong></span> <span class='ocrx_word' id='word_1_565' title='bbox 1681 4060 1761 4127; x_wconf 86' lang='grc' dir='ltr'>τῷ</span> 
     </span>
    </p>
   </div>
   <div class='ocr_carea' id='block_1_71' title="bbox 183 4155 1762 4232">
    <p class='ocr_par' dir='ltr' id='par_1_71' title="bbox 183 4155 1762 4232">
     <span class='ocr_line' id='line_1_71' title="bbox 183 4155 1762 4232; baseline -0.008 -13"><span class='ocrx_word' id='word_1_566' title='bbox 183 4164 390 4225; x_wconf 80' lang='grc' dir='ltr'>Δαυῒδ,</span> <span class='ocrx_word' id='word_1_567' title='bbox 431 4163 520 4232; x_wconf 69' lang='grc' dir='ltr'><strong>ὑφ’</strong></span> <span class='ocrx_word' id='word_1_568' title='bbox 560 4161 760 4232; x_wconf 83' lang='grc' dir='ltr'>ἐτέρων</span> <span class='ocrx_word' id='word_1_569' title='bbox 788 4159 1004 4227; x_wconf 84' lang='grc' dir='ltr'>λέγεται</span> <span class='ocrx_word' id='word_1_570' title='bbox 1039 4158 1118 4220; x_wconf 83' lang='grc' dir='ltr'><strong>είς</strong></span> <span class='ocrx_word' id='word_1_571' title='bbox 1146 4157 1236 4209; x_wconf 85' lang='grc' dir='ltr'><strong>τὸν</strong></span> <span class='ocrx_word' id='word_1_572' title='bbox 1276 4155 1458 4208; x_wconf 82' lang='grc' dir='ltr'>Δαυΐδ.</span> <span class='ocrx_word' id='word_1_573' title='bbox 1513 4155 1633 4206; x_wconf 78' lang='grc' dir='ltr'>Εἰσὶ</span> <span class='ocrx_word' id='word_1_574' title='bbox 1665 4155 1762 4224; x_wconf 80' lang='grc' dir='ltr'>μὲν</span> 
     </span>
    </p>
   </div>
   <div class='ocr_carea' id='block_1_72' title="bbox 182 4246 1760 4326">
    <p class='ocr_par' dir='ltr' id='par_1_72' title="bbox 182 4246 1760 4326">
     <span class='ocr_line' id='line_1_72' title="bbox 182 4246 1760 4326; baseline -0.01 -14"><span class='ocrx_word' id='word_1_575' title='bbox 182 4262 230 4312; x_wconf 84' lang='grc' dir='ltr'><strong>οἱ</strong></span> <span class='ocrx_word' id='word_1_576' title='bbox 261 4258 465 4319; x_wconf 84' lang='grc' dir='ltr'>πάντες</span> <span class='ocrx_word' id='word_1_577' title='bbox 492 4260 566 4326; x_wconf 84' lang='grc' dir='ltr'>ρν¹</span> <span class='ocrx_word' id='word_1_578' title='bbox 591 4293 604 4316; x_wconf 89' lang='grc'><strong>,</strong></span> <span class='ocrx_word' id='word_1_579' title='bbox 639 4246 714 4305; x_wconf 80' lang='grc' dir='ltr'>ὧν</span> <span class='ocrx_word' id='word_1_580' title='bbox 739 4250 823 4320; x_wconf 85' lang='grc' dir='ltr'><strong>οβ’</strong></span> <span class='ocrx_word' id='word_1_581' title='bbox 851 4252 955 4304; x_wconf 79' lang='grc' dir='ltr'>εἰσὶ</span> <span class='ocrx_word' id='word_1_582' title='bbox 980 4249 1073 4303; x_wconf 75' lang='grc' dir='ltr'>τοῦ</span> <span class='ocrx_word' id='word_1_583' title='bbox 1104 4247 1283 4312; x_wconf 78' lang='grc' dir='ltr'><strong>Δαυῖδ,</strong></span> <span class='ocrx_word' id='word_1_584' title='bbox 1315 4246 1358 4299; x_wconf 79' lang='grc' dir='ltr'><strong>θ’</strong></span> <span class='ocrx_word' id='word_1_585' title='bbox 1384 4247 1440 4300; x_wconf 80' lang='grc' dir='ltr'><strong>δὲ</strong></span> <span class='ocrx_word' id='word_1_586' title='bbox 1467 4246 1544 4316; x_wconf 84' lang='grc' dir='ltr'>τῷ</span> <span class='ocrx_word' id='word_1_587' title='bbox 1577 4246 1760 4310; x_wconf 80' lang='grc' dir='ltr'>Δαυῒδ,</span> 
     </span>
    </p>
   </div>
   <div class='ocr_carea' id='block_1_73' title="bbox 187 4335 1759 4424">
    <p class='ocr_par' dir='ltr' id='par_1_73' title="bbox 187 4335 1759 4424">
     <span class='ocr_line' id='line_1_73' title="bbox 187 4335 1759 4424; baseline -0.01 -18"><span class='ocrx_word' id='word_1_588' title='bbox 187 4352 264 4424; x_wconf 79' lang='grc' dir='ltr'><strong>ιβ’</strong></span> <span class='ocrx_word' id='word_1_589' title='bbox 288 4350 384 4404; x_wconf 75' lang='grc' dir='ltr'>τοῦ</span> <span class='ocrx_word' id='word_1_590' title='bbox 423 4348 593 4417; x_wconf 75' lang='grc' dir='ltr'><strong>Ἀσὰφ</strong></span> <span class='ocrx_word' id='word_1_591' title='bbox 621 4387 634 4410; x_wconf 89' lang='grc'><strong>,</strong></span> <span class='ocrx_word' id='word_1_592' title='bbox 668 4345 746 4415; x_wconf 80' lang='grc' dir='ltr'><strong>ιβ’</strong></span> <span class='ocrx_word' id='word_1_593' title='bbox 774 4347 886 4407; x_wconf 86' lang='grc' dir='ltr'>τοῖς</span> <span class='ocrx_word' id='word_1_594' title='bbox 918 4347 1052 4406; x_wconf 81' lang='grc' dir='ltr'>υἱοῖς</span> <span class='ocrx_word' id='word_1_595' title='bbox 1077 4341 1242 4414; x_wconf 76' lang='grc' dir='ltr'>Κορὲ,</span> <span class='ocrx_word' id='word_1_596' title='bbox 1275 4335 1355 4404; x_wconf 78' lang='grc' dir='ltr'><strong>εἷς</strong></span> <span class='ocrx_word' id='word_1_597' title='bbox 1378 4339 1472 4393; x_wconf 76' lang='grc' dir='ltr'>τοῦ</span> <span class='ocrx_word' id='word_1_598' title='bbox 1510 4337 1759 4410; x_wconf 79' lang='grc' dir='ltr'>Ἰδιοοὺμ,</span> 
     </span>
    </p>
   </div>
   <div class='ocr_carea' id='block_1_74' title="bbox 185 4429 1762 4511">
    <p class='ocr_par' dir='ltr' id='par_1_74' title="bbox 185 4429 1762 4511">
     <span class='ocr_line' id='line_1_74' title="bbox 185 4429 1762 4511; baseline -0.008 -15"><span class='ocrx_word' id='word_1_599' title='bbox 185 4441 264 4507; x_wconf 77' lang='grc' dir='ltr'>εἷς</span> <span class='ocrx_word' id='word_1_600' title='bbox 295 4441 388 4496; x_wconf 77' lang='grc' dir='ltr'>τοῦ</span> <span class='ocrx_word' id='word_1_601' title='bbox 421 4439 621 4511; x_wconf 75' lang='grc' dir='ltr'>Αίθὰμ,</span> <span class='ocrx_word' id='word_1_602' title='bbox 654 4433 732 4501; x_wconf 74' lang='grc' dir='ltr'>εἷς</span> <span class='ocrx_word' id='word_1_603' title='bbox 765 4435 857 4490; x_wconf 74' lang='grc' dir='ltr'><strong>τοῦ</strong></span> <span class='ocrx_word' id='word_1_604' title='bbox 886 4433 1083 4505; x_wconf 75' lang='grc' dir='ltr'>Αἱμὰν,</span> <span class='ocrx_word' id='word_1_605' title='bbox 1123 4429 1201 4497; x_wconf 76' lang='grc' dir='ltr'>εἷς</span> <span class='ocrx_word' id='word_1_606' title='bbox 1238 4432 1330 4486; x_wconf 78' lang='grc' dir='ltr'><strong>τοῦ</strong></span> <span class='ocrx_word' id='word_1_607' title='bbox 1355 4430 1636 4502; x_wconf 83' lang='grc' dir='ltr'>Σαλομὼν,</span> <span class='ocrx_word' id='word_1_608' title='bbox 1670 4430 1762 4483; x_wconf 80' lang='grc' dir='ltr'><strong>δύο</strong></span> 
     </span>
    </p>
   </div>
   <div class='ocr_carea' id='block_1_75' title="bbox 1862 3240 3437 3312">
    <p class='ocr_par' dir='ltr' id='par_1_75' title="bbox 1862 3240 3437 3312">
     <span class='ocr_line' id='line_1_75' title="bbox 1862 3240 3437 3312; baseline 0.003 -16"><span class='ocrx_word' id='word_1_609' title='bbox 1862 3252 2042 3296; x_wconf 90' lang='lat' dir='ltr'><strong>catur.</strong></span> <span class='ocrx_word' id='word_1_610' title='bbox 2074 3240 2138 3296; x_wconf 89' lang='lat' dir='ltr'><strong>Et</strong></span> <span class='ocrx_word' id='word_1_611' title='bbox 2170 3258 2359 3296; x_wconf 71' lang='lat' dir='ltr'><strong>rerum</strong></span> <span class='ocrx_word' id='word_1_612' title='bbox 2391 3243 2608 3312; x_wconf 89' lang='lat' dir='ltr'><strong>quidem</strong></span> <span class='ocrx_word' id='word_1_613' title='bbox 2638 3254 2718 3299; x_wconf 88' lang='lat' dir='ltr'><strong>est</strong></span> <span class='ocrx_word' id='word_1_614' title='bbox 2755 3246 3041 3300; x_wconf 76' lang='lat' dir='ltr'><strong>universos</strong></span> <span class='ocrx_word' id='word_1_615' title='bbox 3062 3244 3247 3301; x_wconf 87' lang='lat' dir='ltr'><strong>Davidi</strong></span> <span class='ocrx_word' id='word_1_616' title='bbox 3267 3246 3437 3302; x_wconf 83' lang='lat' dir='ltr'><strong>ascri-</strong></span> 
     </span>
    </p>
   </div>
   <div class='ocr_carea' id='block_1_76' title="bbox 1859 3333 3436 3409">
    <p class='ocr_par' dir='ltr' id='par_1_76' title="bbox 1859 3333 3436 3409">
     <span class='ocr_line' id='line_1_76' title="bbox 1859 3333 3436 3409; baseline 0.005 -22"><span class='ocrx_word' id='word_1_617' title='bbox 1859 3334 1938 3398; x_wconf 88' lang='lat' dir='ltr'><strong>bi;</strong></span> <span class='ocrx_word' id='word_1_618' title='bbox 1970 3343 2024 3386; x_wconf 88' lang='lat' dir='ltr'><strong>at</strong></span> <span class='ocrx_word' id='word_1_619' title='bbox 2049 3334 2102 3386; x_wconf 91' lang='lat' dir='ltr'><strong>in</strong></span> <span class='ocrx_word' id='word_1_620' title='bbox 2138 3333 2310 3388; x_wconf 86' lang='lat' dir='ltr'><strong>titulis</strong></span> <span class='ocrx_word' id='word_1_621' title='bbox 2340 3336 2609 3389; x_wconf 88' lang='lat' dir='ltr'><strong>indicatur</strong></span> <span class='ocrx_word' id='word_1_622' title='bbox 2638 3351 2748 3405; x_wconf 92' lang='lat' dir='ltr'><strong>quo</strong></span> <span class='ocrx_word' id='word_1_623' title='bbox 2772 3347 2991 3391; x_wconf 88' lang='lat' dir='ltr'><strong>auctore</strong></span> <span class='ocrx_word' id='word_1_624' title='bbox 3027 3339 3259 3408; x_wconf 87' lang='lat' dir='ltr'><strong>quisque</strong></span> <span class='ocrx_word' id='word_1_625' title='bbox 3289 3340 3436 3409; x_wconf 86' lang='lat' dir='ltr'><strong>psal-</strong></span> 
     </span>
    </p>
   </div>
   <div class='ocr_carea' id='block_1_77' title="bbox 1859 3425 3434 3500">
    <p class='ocr_par' dir='ltr' id='par_1_77' title="bbox 1859 3425 3434 3500">
     <span class='ocr_line' id='line_1_77' title="bbox 1859 3425 3434 3500; baseline 0.004 -22"><span class='ocrx_word' id='word_1_626' title='bbox 1859 3440 1980 3479; x_wconf 86' lang='lat' dir='ltr'><strong>mus</strong></span> <span class='ocrx_word' id='word_1_627' title='bbox 2007 3425 2186 3481; x_wconf 87' lang='lat' dir='ltr'><strong>editus</strong></span> <span class='ocrx_word' id='word_1_628' title='bbox 2215 3427 2304 3481; x_wconf 86' lang='lat' dir='ltr'><strong>sit.</strong></span> <span class='ocrx_word' id='word_1_629' title='bbox 2331 3426 2466 3480; x_wconf 87' lang='lat' dir='ltr'><strong>Nam</strong></span> <span class='ocrx_word' id='word_1_630' title='bbox 2499 3438 2737 3496; x_wconf 88' lang='lat' dir='ltr'><strong>quatuor</strong></span> <span class='ocrx_word' id='word_1_631' title='bbox 2768 3428 3107 3484; x_wconf 82' lang='lat' dir='ltr'><strong>canticorum</strong></span> <span class='ocrx_word' id='word_1_632' title='bbox 3137 3431 3434 3500; x_wconf 76' lang='lat' dir='ltr'><strong>principes,</strong></span> 
     </span>
    </p>
   </div>
   <div class='ocr_carea' id='block_1_78' title="bbox 1860 3517 3432 3590">
    <p class='ocr_par' dir='ltr' id='par_1_78' title="bbox 1860 3517 3432 3590">
     <span class='ocr_line' id='line_1_78' title="bbox 1860 3517 3432 3590; baseline 0.002 -18"><span class='ocrx_word' id='word_1_633' title='bbox 1860 3518 2091 3573; x_wconf 85' lang='lat' dir='ltr'><strong>ministri</strong></span> <span class='ocrx_word' id='word_1_634' title='bbox 2132 3533 2262 3573; x_wconf 78' lang='lat' dir='ltr'><strong>vero</strong></span> <span class='ocrx_word' id='word_1_635' title='bbox 2294 3517 2514 3573; x_wconf 83' lang='lat' dir='ltr'><strong>ducenti</strong></span> <span class='ocrx_word' id='word_1_636' title='bbox 2563 3521 2836 3590; x_wconf 83' lang='lat' dir='ltr'><strong>octoginta</strong></span> <span class='ocrx_word' id='word_1_637' title='bbox 2869 3531 3014 3587; x_wconf 85' lang='lat' dir='ltr'><strong>octo,</strong></span> <span class='ocrx_word' id='word_1_638' title='bbox 3046 3523 3204 3576; x_wconf 84' lang='lat' dir='ltr'><strong>electi</strong></span> <span class='ocrx_word' id='word_1_639' title='bbox 3263 3522 3432 3577; x_wconf 79' lang='lat' dir='ltr'><strong>fuere.</strong></span> 
     </span>
    </p>
   </div>
   <div class='ocr_carea' id='block_1_79' title="bbox 1862 3610 3437 3684">
    <p class='ocr_par' dir='ltr' id='par_1_79' title="bbox 1862 3610 3437 3684">
     <span class='ocr_line' id='line_1_79' title="bbox 1862 3610 3437 3684; baseline 0.004 -21"><span class='ocrx_word' id='word_1_640' title='bbox 1862 3610 2067 3664; x_wconf 84' lang='lat' dir='ltr'><strong>Horum</strong></span> <span class='ocrx_word' id='word_1_641' title='bbox 2106 3621 2342 3680; x_wconf 88' lang='lat' dir='ltr'><strong>quatuor</strong></span> <span class='ocrx_word' id='word_1_642' title='bbox 2387 3613 2690 3681; x_wconf 89' lang='lat' dir='ltr'><strong>principum</strong></span> <span class='ocrx_word' id='word_1_643' title='bbox 2718 3614 2913 3683; x_wconf 89' lang='lat' dir='ltr'><strong>psalmi</strong></span> <span class='ocrx_word' id='word_1_644' title='bbox 2950 3615 3158 3684; x_wconf 85' lang='lat' dir='ltr'><strong>aliquot</strong></span> <span class='ocrx_word' id='word_1_645' title='bbox 3196 3615 3437 3671; x_wconf 85' lang='lat' dir='ltr'><strong>circum-</strong></span> 
     </span>
    </p>
   </div>
   <div class='ocr_carea' id='block_1_80' title="bbox 1862 3702 3436 3772">
    <p class='ocr_par' dir='ltr' id='par_1_80' title="bbox 1862 3702 3436 3772">
     <span class='ocr_line' id='line_1_80' title="bbox 1862 3702 3436 3772; baseline 0.004 -17"><span class='ocrx_word' id='word_1_646' title='bbox 1862 3702 2132 3767; x_wconf 75' lang='lat' dir='ltr'><strong>feruntur,</strong></span> <span class='ocrx_word' id='word_1_647' title='bbox 2172 3713 2229 3758; x_wconf 89' lang='lat' dir='ltr'><strong>ut</strong></span> <span class='ocrx_word' id='word_1_648' title='bbox 2273 3703 2355 3758; x_wconf 83' lang='lat' dir='ltr'><strong>vel</strong></span> <span class='ocrx_word' id='word_1_649' title='bbox 2394 3705 2526 3772; x_wconf 86' lang='lat' dir='ltr'><strong>ipsis</strong></span> <span class='ocrx_word' id='word_1_650' title='bbox 2553 3706 2781 3758; x_wconf 86' lang='lat' dir='ltr'><strong>docetur</strong></span> <span class='ocrx_word' id='word_1_651' title='bbox 2818 3706 3008 3760; x_wconf 85' lang='lat' dir='ltr'><strong>titulis.</strong></span> <span class='ocrx_word' id='word_1_652' title='bbox 3039 3706 3268 3772; x_wconf 87' lang='lat' dir='ltr'><strong>Quando</strong></span> <span class='ocrx_word' id='word_1_653' title='bbox 3293 3709 3436 3762; x_wconf 76' lang='lat' dir='ltr'><strong>ettim</strong></span> 
     </span>
    </p>
   </div>
   <div class='ocr_carea' id='block_1_81' title="bbox 1860 3791 3438 3864">
    <p class='ocr_par' dir='ltr' id='par_1_81' title="bbox 1860 3791 3438 3864">
     <span class='ocr_line' id='line_1_81' title="bbox 1860 3791 3438 3864; baseline 0.003 -20"><span class='ocrx_word' id='word_1_654' title='bbox 1860 3791 2292 3845; x_wconf 72' lang='lat' dir='ltr'><strong>dicittPsalmus</strong></span> <span class='ocrx_word' id='word_1_655' title='bbox 2331 3793 2460 3860; x_wconf 72' lang='lat' dir='ltr'><strong>[iliis</strong></span> <span class='ocrx_word' id='word_1_656' title='bbox 2480 3794 2632 3857; x_wconf 85' lang='lat' dir='ltr'><strong>Core,</strong></span> <span class='ocrx_word' id='word_1_657' title='bbox 2665 3794 2892 3860; x_wconf 58' lang='lat' dir='ltr'><strong>Ait/mn,</strong></span> <span class='ocrx_word' id='word_1_658' title='bbox 2927 3796 3103 3864; x_wconf 80' lang='lat' dir='ltr'><strong>Asaph</strong></span> <span class='ocrx_word' id='word_1_659' title='bbox 3127 3807 3175 3849; x_wconf 83' lang='lat' dir='ltr'><strong>et</strong></span> <span class='ocrx_word' id='word_1_660' title='bbox 3215 3794 3438 3859; x_wconf 79' lang='grc' dir='ltr'>ΑΞιηαιι,</span> 
     </span>
    </p>
   </div>
   <div class='ocr_carea' id='block_1_82' title="bbox 1861 3881 3438 3957">
    <p class='ocr_par' dir='ltr' id='par_1_82' title="bbox 1861 3881 3438 3957">
     <span class='ocr_line' id='line_1_82' title="bbox 1861 3881 3438 3957; baseline 0.003 -21"><span class='ocrx_word' id='word_1_661' title='bbox 1861 3881 1931 3936; x_wconf 88' lang='lat' dir='ltr'><strong>ab</strong></span> <span class='ocrx_word' id='word_1_662' title='bbox 1961 3882 2092 3952; x_wconf 91' lang='lat' dir='ltr'><strong>ipsis</strong></span> <span class='ocrx_word' id='word_1_663' title='bbox 2113 3881 2339 3949; x_wconf 66' lang='lat' dir='ltr'><strong>Etban,</strong></span> <span class='ocrx_word' id='word_1_664' title='bbox 2367 3885 2574 3954; x_wconf 83' lang='lat' dir='ltr'><strong>Asaph,</strong></span> <span class='ocrx_word' id='word_1_665' title='bbox 2595 3883 2815 3948; x_wconf 63' lang='lat' dir='ltr'><strong>.‘Eman,</strong></span> <span class='ocrx_word' id='word_1_666' title='bbox 2837 3886 2964 3941; x_wconf 88' lang='lat' dir='ltr'><strong>tiliis</strong></span> <span class='ocrx_word' id='word_1_667' title='bbox 2993 3886 3132 3941; x_wconf 89' lang='lat' dir='ltr'><strong>Core</strong></span> <span class='ocrx_word' id='word_1_668' title='bbox 3168 3887 3438 3957; x_wconf 88' lang='lat' dir='ltr'><strong>psallitur.</strong></span> 
     </span>
    </p>
   </div>
   <div class='ocr_carea' id='block_1_83' title="bbox 1861 3973 3440 4049">
    <p class='ocr_par' dir='ltr' id='par_1_83' title="bbox 1861 3973 3440 4049">
     <span class='ocr_line' id='line_1_83' title="bbox 1861 3973 3440 4049; baseline 0.004 -22"><span class='ocrx_word' id='word_1_669' title='bbox 1861 3973 1997 4027; x_wconf 83' lang='lat' dir='ltr'><strong>Cum</strong></span> <span class='ocrx_word' id='word_1_670' title='bbox 2030 3975 2179 4039; x_wconf 87' lang='lat' dir='ltr'><strong>dicit,</strong></span> <span class='ocrx_word' id='word_1_671' title='bbox 2221 3975 2470 4029; x_wconf 82' lang='lat' dir='ltr'><strong>Psalmus</strong></span> <span class='ocrx_word' id='word_1_672' title='bbox 2518 3977 2736 4046; x_wconf 75' lang='lat' dir='ltr'><strong>Asap/r;</strong></span> <span class='ocrx_word' id='word_1_673' title='bbox 2788 3977 2903 4048; x_wconf 86' lang='lat' dir='ltr'><strong>ipse</strong></span> <span class='ocrx_word' id='word_1_674' title='bbox 2945 3980 3126 4049; x_wconf 80' lang='lat' dir='ltr'><strong>Asaplr</strong></span> <span class='ocrx_word' id='word_1_675' title='bbox 3163 3980 3440 4049; x_wconf 77' lang='lat' dir='ltr'><strong>recitavit;</strong></span> 
     </span>
    </p>
   </div>
   <div class='ocr_carea' id='block_1_84' title="bbox 1863 4067 3436 4142">
    <p class='ocr_par' dir='ltr' id='par_1_84' title="bbox 1863 4067 3436 4142">
     <span class='ocr_line' id='line_1_84' title="bbox 1863 4067 3436 4142; baseline 0.003 -21"><span class='ocrx_word' id='word_1_676' title='bbox 1863 4081 1988 4121; x_wconf 87' lang='lat' dir='ltr'><strong>cum</strong></span> <span class='ocrx_word' id='word_1_677' title='bbox 2018 4067 2168 4131; x_wconf 90' lang='lat' dir='ltr'><strong>dicit,</strong></span> <span class='ocrx_word' id='word_1_678' title='bbox 2206 4067 2457 4122; x_wconf 79' lang='lat' dir='ltr'><strong>Psalmus</strong></span> <span class='ocrx_word' id='word_1_679' title='bbox 2491 4067 2753 4136; x_wconf 79' lang='lat' dir='ltr'><strong>ldithum,</strong></span> <span class='ocrx_word' id='word_1_680' title='bbox 2800 4070 2914 4140; x_wconf 84' lang='lat' dir='ltr'><strong>ipse</strong></span> <span class='ocrx_word' id='word_1_681' title='bbox 2951 4071 3184 4126; x_wconf 81' lang='lat' dir='ltr'><strong>lditlium</strong></span> <span class='ocrx_word' id='word_1_682' title='bbox 3220 4073 3436 4142; x_wconf 90' lang='lat' dir='ltr'><strong>psallit:</strong></span> 
     </span>
    </p>
   </div>
   <div class='ocr_carea' id='block_1_85' title="bbox 1863 4158 3440 4232">
    <p class='ocr_par' dir='ltr' id='par_1_85' title="bbox 1863 4158 3440 4232">
     <span class='ocr_line' id='line_1_85' title="bbox 1863 4158 3440 4232; baseline 0.004 -19"><span class='ocrx_word' id='word_1_683' title='bbox 1863 4158 1955 4213; x_wconf 91' lang='lat' dir='ltr'><strong>ubi</strong></span> <span class='ocrx_word' id='word_1_684' title='bbox 1988 4159 2142 4225; x_wconf 90' lang='lat' dir='ltr'><strong>dicit,</strong></span> <span class='ocrx_word' id='word_1_685' title='bbox 2176 4159 2420 4224; x_wconf 80' lang='lat' dir='ltr'><strong>Davidis,</strong></span> <span class='ocrx_word' id='word_1_686' title='bbox 2454 4160 2570 4230; x_wconf 88' lang='lat' dir='ltr'><strong>ipse</strong></span> <span class='ocrx_word' id='word_1_687' title='bbox 2603 4159 2770 4215; x_wconf 84' lang='lat' dir='ltr'><strong>David</strong></span> <span class='ocrx_word' id='word_1_688' title='bbox 2806 4173 2888 4215; x_wconf 92' lang='lat' dir='ltr'><strong>est</strong></span> <span class='ocrx_word' id='word_1_689' title='bbox 2912 4164 3006 4231; x_wconf 89' lang='lat' dir='ltr'><strong>qui</strong></span> <span class='ocrx_word' id='word_1_690' title='bbox 3049 4165 3440 4232; x_wconf 61' lang='lat' dir='ltr'><strong>pronuntiavit.</strong></span> 
     </span>
    </p>
   </div>
   <div class='ocr_carea' id='block_1_86' title="bbox 1863 4250 3448 4325">
    <p class='ocr_par' dir='ltr' id='par_1_86' title="bbox 1863 4250 3448 4325">
     <span class='ocr_line' id='line_1_86' title="bbox 1863 4250 3448 4325; baseline 0.003 -19"><span class='ocrx_word' id='word_1_691' title='bbox 1863 4250 1999 4306; x_wconf 89' lang='lat' dir='ltr'><strong>Cum</strong></span> <span class='ocrx_word' id='word_1_692' title='bbox 2025 4261 2203 4306; x_wconf 87' lang='lat' dir='ltr'><strong>autem</strong></span> <span class='ocrx_word' id='word_1_693' title='bbox 2224 4253 2374 4318; x_wconf 91' lang='lat' dir='ltr'><strong>dicit,</strong></span> <span class='ocrx_word' id='word_1_694' title='bbox 2411 4252 2623 4320; x_wconf 83' lang='lat' dir='ltr'><strong>Davidi,</strong></span> <span class='ocrx_word' id='word_1_695' title='bbox 2656 4253 2724 4308; x_wconf 88' lang='lat' dir='ltr'><strong>ab</strong></span> <span class='ocrx_word' id='word_1_696' title='bbox 2755 4253 2876 4308; x_wconf 87' lang='lat' dir='ltr'><strong>aliis</strong></span> <span class='ocrx_word' id='word_1_697' title='bbox 2909 4255 3169 4308; x_wconf 89' lang='lat' dir='ltr'><strong>recitatur</strong></span> <span class='ocrx_word' id='word_1_698' title='bbox 3202 4255 3448 4325; x_wconf 78' lang='lat' dir='ltr'><strong>psalmus</strong></span> 
     </span>
    </p>
   </div>
   <div class='ocr_carea' id='block_1_87' title="bbox 1866 4343 3443 4418">
    <p class='ocr_par' dir='ltr' id='par_1_87' title="bbox 1866 4343 3443 4418">
     <span class='ocr_line' id='line_1_87' title="bbox 1866 4343 3443 4418; baseline 0.001 -19"><span class='ocrx_word' id='word_1_699' title='bbox 1866 4345 1919 4399; x_wconf 90' lang='lat' dir='ltr'><strong>in</strong></span> <span class='ocrx_word' id='word_1_700' title='bbox 1949 4343 2225 4399; x_wconf 83' lang='lat' dir='ltr'><strong>Davidem.</strong></span> <span class='ocrx_word' id='word_1_701' title='bbox 2260 4343 2398 4400; x_wconf 91' lang='lat' dir='ltr'><strong>Sunt</strong></span> <span class='ocrx_word' id='word_1_702' title='bbox 2443 4345 2660 4416; x_wconf 90' lang='lat' dir='ltr'><strong>quidem</strong></span> <span class='ocrx_word' id='word_1_703' title='bbox 2693 4362 2885 4402; x_wconf 90' lang='lat' dir='ltr'><strong>omnes</strong></span> <span class='ocrx_word' id='word_1_704' title='bbox 2907 4355 3127 4403; x_wconf 88' lang='lat' dir='ltr'><strong>centum</strong></span> <span class='ocrx_word' id='word_1_705' title='bbox 3167 4348 3443 4418; x_wconf 82' lang='lat' dir='ltr'><strong>quinqua-</strong></span> 
     </span>
    </p>
   </div>
   <div class='ocr_carea' id='block_1_88' title="bbox 1867 4437 3447 4509">
    <p class='ocr_par' dir='ltr' id='par_1_88' title="bbox 1867 4437 3447 4509">
     <span class='ocr_line' id='line_1_88' title="bbox 1867 4437 3447 4509; baseline 0.003 -20"><span class='ocrx_word' id='word_1_706' title='bbox 1867 4437 2036 4506; x_wconf 74' lang='lat' dir='ltr'><strong>ginta,</strong></span> <span class='ocrx_word' id='word_1_707' title='bbox 2064 4451 2297 4505; x_wconf 88' lang='lat' dir='ltr'><strong>quorum</strong></span> <span class='ocrx_word' id='word_1_708' title='bbox 2335 4439 2677 4509; x_wconf 82' lang='lat' dir='ltr'><strong>septuaginta</strong></span> <span class='ocrx_word' id='word_1_709' title='bbox 2695 4437 2802 4494; x_wconf 91' lang='lat' dir='ltr'><strong>duo</strong></span> <span class='ocrx_word' id='word_1_710' title='bbox 2826 4437 3048 4493; x_wconf 83' lang='lat' dir='ltr'><strong>Davidis</strong></span> <span class='ocrx_word' id='word_1_711' title='bbox 3072 4449 3218 4501; x_wconf 86' lang='lat' dir='ltr'><strong>sunt,</strong></span> <span class='ocrx_word' id='word_1_712' title='bbox 3249 4453 3447 4494; x_wconf 85' lang='lat' dir='ltr'><strong>novem</strong></span> 
     </span>
    </p>
   </div>
   <div class='ocr_carea' id='block_1_89' title="bbox 195 4518 1750 4604">
    <p class='ocr_par' dir='ltr' id='par_1_89' title="bbox 195 4520 1750 4604">
     <span class='ocr_line' id='line_1_89' title="bbox 195 4520 1750 4604; baseline -0.008 -15"><span class='ocrx_word' id='word_1_713' title='bbox 195 4534 451 4604; x_wconf 82' lang='grc' dir='ltr'>Ἀγγαίου</span> <span class='ocrx_word' id='word_1_714' title='bbox 478 4533 570 4585; x_wconf 70' lang='grc' dir='ltr'><strong>καὶ</strong></span> <span class='ocrx_word' id='word_1_715' title='bbox 595 4530 886 4602; x_wconf 84' lang='grc' dir='ltr'>Ζαχαρίου,</span> <span class='ocrx_word' id='word_1_716' title='bbox 909 4527 1268 4598; x_wconf 75' lang='grc' dir='ltr'>ἀνεπίγραφοι</span> <span class='ocrx_word' id='word_1_717' title='bbox 1292 4524 1353 4578; x_wconf 81' lang='grc' dir='ltr'><strong>λθ</strong></span> <span class='ocrx_word' id='word_1_718' title='bbox 1371 4532 1382 4552; x_wconf 89' lang='grc'><em>’</em></span> <span class='ocrx_word' id='word_1_719' title='bbox 1411 4526 1505 4578; x_wconf 78' lang='grc' dir='ltr'><strong>καὶ</strong></span> <span class='ocrx_word' id='word_1_720' title='bbox 1531 4520 1613 4589; x_wconf 74' lang='grc' dir='ltr'>εἷς</span> <span class='ocrx_word' id='word_1_721' title='bbox 1641 4526 1750 4578; x_wconf 68' lang='lat' dir='ltr'><strong>Mm</strong></span> 
     </span>
    </p>
   </div>
   <div class='ocr_carea' id='block_1_90' title="bbox 1853 4518 3446 4604">
    <p class='ocr_par' dir='ltr' id='par_1_90' title="bbox 1870 4529 3446 4601">
     <span class='ocr_line' id='line_1_90' title="bbox 1870 4529 3446 4601; baseline 0.001 -19"><span class='ocrx_word' id='word_1_722' title='bbox 1870 4529 2079 4596; x_wconf 82' lang='lat' dir='ltr'><strong>Davidi,</strong></span> <span class='ocrx_word' id='word_1_723' title='bbox 2106 4529 2390 4585; x_wconf 86' lang='lat' dir='ltr'><strong>duodecim</strong></span> <span class='ocrx_word' id='word_1_724' title='bbox 2418 4531 2642 4601; x_wconf 75' lang='lat' dir='ltr'><strong>Asaphi,</strong></span> <span class='ocrx_word' id='word_1_725' title='bbox 2662 4531 2943 4586; x_wconf 89' lang='lat' dir='ltr'><strong>duodecim</strong></span> <span class='ocrx_word' id='word_1_726' title='bbox 2974 4531 3096 4585; x_wconf 81' lang='lat' dir='ltr'><strong>(iliis</strong></span> <span class='ocrx_word' id='word_1_727' title='bbox 3115 4529 3272 4596; x_wconf 87' lang='lat' dir='ltr'><strong>Core,</strong></span> <span class='ocrx_word' id='word_1_728' title='bbox 3302 4545 3446 4584; x_wconf 86' lang='lat' dir='ltr'><strong>unus</strong></span> 
     </span>
    </p>
   </div>
   <div class='ocr_carea' id='block_1_91' title="bbox 183 4626 725 4695">
    <p class='ocr_par' dir='ltr' id='par_1_91' title="bbox 183 4626 725 4695">
     <span class='ocr_line' id='line_1_91' title="bbox 183 4626 725 4695; baseline -0.007 -13"><span class='ocrx_word' id='word_1_729' title='bbox 183 4629 325 4690; x_wconf 78' lang='grc' dir='ltr'>σέως</span> <span class='ocrx_word' id='word_1_730' title='bbox 345 4643 360 4658; x_wconf 76' lang='grc' dir='ltr'><strong>ο</strong></span> <span class='ocrx_word' id='word_1_731' title='bbox 397 4626 596 4686; x_wconf 77' lang='grc' dir='ltr'>πάντες</span> <span class='ocrx_word' id='word_1_732' title='bbox 623 4629 725 4695; x_wconf 84' lang='lat' dir='ltr'><strong>9v&#39;.</strong></span> 
     </span>
    </p>
   </div>
   <div class='ocr_carea' id='block_1_92' title="bbox 186 4708 2568 4787">
    <p class='ocr_par' dir='ltr' id='par_1_92' title="bbox 186 4708 2568 4787">
     <span class='ocr_line' id='line_1_92' title="bbox 186 4708 2568 4787; baseline -0.004 -15"><span class='ocrx_word' id='word_1_733' title='bbox 186 4719 388 4779; x_wconf 83' lang='lat' dir='ltr'><strong>monis,</strong></span> <span class='ocrx_word' id='word_1_734' title='bbox 421 4716 529 4771; x_wconf 87' lang='lat' dir='ltr'><strong>duo</strong></span> <span class='ocrx_word' id='word_1_735' title='bbox 565 4713 743 4784; x_wconf 70' lang='lat' dir='ltr'><strong>Aggaei</strong></span> <span class='ocrx_word' id='word_1_736' title='bbox 781 4721 835 4766; x_wconf 87' lang='lat' dir='ltr'><strong>et</strong></span> <span class='ocrx_word' id='word_1_737' title='bbox 875 4708 1186 4776; x_wconf 68' lang='lat' dir='ltr'><strong>Zachariae;</strong></span> <span class='ocrx_word' id='word_1_738' title='bbox 1213 4709 1329 4762; x_wconf 90' lang='lat' dir='ltr'><strong>sine</strong></span> <span class='ocrx_word' id='word_1_739' title='bbox 1397 4709 1556 4763; x_wconf 86' lang='lat' dir='ltr'><strong>titulo</strong></span> <span class='ocrx_word' id='word_1_740' title='bbox 1608 4711 1825 4781; x_wconf 74' lang='lat' dir='ltr'><strong>triginta</strong></span> <span class='ocrx_word' id='word_1_741' title='bbox 1863 4733 2080 4783; x_wconf 69' lang='lat' dir='ltr'><strong>novem,</strong></span> <span class='ocrx_word' id='word_1_742' title='bbox 2111 4732 2360 4787; x_wconf 76' lang='lat' dir='ltr'><strong>unusque</strong></span> <span class='ocrx_word' id='word_1_743' title='bbox 2403 4716 2568 4772; x_wconf 71' lang='lat' dir='ltr'><strong>Musis</strong></span> 
     </span>
    </p>
   </div>
   <div class='ocr_carea' id='block_1_93' title="bbox 186 4831 1760 4971">
    <p class='ocr_par' dir='ltr' id='par_1_93' title="bbox 186 4831 1760 4971">
     <span class='ocr_line' id='line_1_93' title="bbox 284 4831 359 4863; baseline -0.027 0"><span class='ocrx_word' id='word_1_744' title='bbox 284 4831 359 4863; x_wconf 81' lang='lat' dir='ltr'><strong>ra.</strong></span> 
     </span>
     <span class='ocr_line' id='line_1_94' title="bbox 186 4831 1760 4971; baseline -0.01 -13"><span class='ocrx_word' id='word_1_745' title='bbox 186 4831 349 4958; x_wconf 67' lang='lat' dir='ltr'><strong>gmAai</strong></span> <span class='ocrx_word' id='word_1_746' title='bbox 382 4901 559 4956; x_wconf 82' lang='grc' dir='ltr'>τοίνυν</span> <span class='ocrx_word' id='word_1_747' title='bbox 586 4901 855 4971; x_wconf 83' lang='grc' dir='ltr'>θεωρῆσαι</span> <span class='ocrx_word' id='word_1_748' title='bbox 888 4899 948 4951; x_wconf 76' lang='grc' dir='ltr'><strong>τὸ</strong></span> <span class='ocrx_word' id='word_1_749' title='bbox 977 4898 1271 4970; x_wconf 84' lang='grc' dir='ltr'>μυστήριον</span> <span class='ocrx_word' id='word_1_750' title='bbox 1303 4897 1409 4950; x_wconf 87' lang='grc' dir='ltr'>τίνι</span> <span class='ocrx_word' id='word_1_751' title='bbox 1443 4897 1615 4970; x_wconf 79' lang='grc' dir='ltr'>λόγῳ,</span> <span class='ocrx_word' id='word_1_752' title='bbox 1647 4900 1760 4953; x_wconf 83' lang='grc' dir='ltr'>δια-</span> 
     </span>
    </p>
   </div>
   <div class='ocr_carea' id='block_1_94' title="bbox 186 4991 1761 5068">
    <p class='ocr_par' dir='ltr' id='par_1_94' title="bbox 186 4991 1761 5068">
     <span class='ocr_line' id='line_1_95' title="bbox 186 4991 1761 5068; baseline -0.003 -18"><span class='ocrx_word' id='word_1_753' title='bbox 186 4999 372 5068; x_wconf 79' lang='grc' dir='ltr'>φόρων</span> <span class='ocrx_word' id='word_1_754' title='bbox 414 4993 562 5066; x_wconf 78' lang='grc' dir='ltr'>ᾠδῶν</span> <span class='ocrx_word' id='word_1_755' title='bbox 607 4993 979 5064; x_wconf 84' lang='grc' dir='ltr'>ὑπαρχόντων,</span> <span class='ocrx_word' id='word_1_756' title='bbox 1011 4991 1105 5044; x_wconf 75' lang='grc' dir='ltr'><strong>καὶ</strong></span> <span class='ocrx_word' id='word_1_757' title='bbox 1142 4991 1214 5060; x_wconf 84' lang='grc' dir='ltr'><strong>μὴ</strong></span> <span class='ocrx_word' id='word_1_758' title='bbox 1242 4991 1463 5043; x_wconf 81' lang='grc' dir='ltr'>πάντων</span> <span class='ocrx_word' id='word_1_759' title='bbox 1495 4991 1602 5044; x_wconf 82' lang='grc' dir='ltr'><strong>τῶν</strong></span> <span class='ocrx_word' id='word_1_760' title='bbox 1630 4992 1761 5063; x_wconf 68' lang='grc' dir='ltr'>ψαλ-</span> 
     </span>
    </p>
   </div>
   <div class='ocr_carea' id='block_1_95' title="bbox 191 5081 1766 5162">
    <p class='ocr_par' dir='ltr' id='par_1_95' title="bbox 191 5081 1766 5162">
     <span class='ocr_line' id='line_1_96' title="bbox 191 5081 1766 5162; baseline -0.002 -21"><span class='ocrx_word' id='word_1_761' title='bbox 191 5091 310 5162; x_wconf 66' lang='grc' dir='ltr'><strong>μῶν</strong></span> <span class='ocrx_word' id='word_1_762' title='bbox 334 5089 501 5141; x_wconf 76' lang='grc' dir='ltr'>ὄντων</span> <span class='ocrx_word' id='word_1_763' title='bbox 524 5084 703 5149; x_wconf 77' lang='grc' dir='ltr'>Δαυῖδ,</span> <span class='ocrx_word' id='word_1_764' title='bbox 735 5085 1059 5154; x_wconf 83' lang='grc' dir='ltr'>ἀναφέρεται</span> <span class='ocrx_word' id='word_1_765' title='bbox 1089 5085 1166 5146; x_wconf 82' lang='grc' dir='ltr'><strong>είς</strong></span> <span class='ocrx_word' id='word_1_766' title='bbox 1190 5081 1279 5134; x_wconf 77' lang='grc' dir='ltr'><strong>τὸν</strong></span> <span class='ocrx_word' id='word_1_767' title='bbox 1305 5081 1467 5134; x_wconf 78' lang='grc' dir='ltr'><strong>Δαυῖδ</strong></span> <span class='ocrx_word' id='word_1_768' title='bbox 1487 5099 1498 5110; x_wconf 83' lang='lat'><strong>&#39;</strong></span> <span class='ocrx_word' id='word_1_769' title='bbox 1526 5084 1618 5136; x_wconf 72' lang='grc' dir='ltr'><strong>καὶ</strong></span> <span class='ocrx_word' id='word_1_770' title='bbox 1648 5083 1766 5137; x_wconf 77' lang='grc' dir='ltr'><strong>τοῦ-</strong></span> 
     </span>
    </p>
   </div>
   <div class='ocr_carea' id='block_1_96' title="bbox 187 5173 1764 5250">
    <p class='ocr_par' dir='ltr' id='par_1_96' title="bbox 187 5173 1764 5250">
     <span class='ocr_line' id='line_1_97' title="bbox 187 5173 1764 5250; baseline -0.019 -14"><span class='ocrx_word' id='word_1_771' title='bbox 187 5200 251 5235; x_wconf 60' lang='lat'><strong>1.)</strong></span> <span class='ocrx_word' id='word_1_772' title='bbox 280 5181 342 5234; x_wconf 73' lang='grc' dir='ltr'><strong>οὗ</strong></span> <span class='ocrx_word' id='word_1_773' title='bbox 370 5177 888 5250; x_wconf 74' lang='grc' dir='ltr'>παραδραμούμεθα.</span> <span class='ocrx_word' id='word_1_774' title='bbox 914 5174 1112 5228; x_wconf 74' lang='grc' dir='ltr'>Τούτου</span> <span class='ocrx_word' id='word_1_775' title='bbox 1137 5173 1244 5244; x_wconf 80' lang='grc' dir='ltr'><strong>γὰρ</strong></span> <span class='ocrx_word' id='word_1_776' title='bbox 1269 5173 1426 5245; x_wconf 77' lang='grc' dir='ltr'>χάριν</span> <span class='ocrx_word' id='word_1_777' title='bbox 1449 5175 1732 5246; x_wconf 54' lang='grc' dir='ltr'><strong>ἐπεγράφη</strong></span> <span class='ocrx_word' id='word_1_778' title='bbox 1751 5215 1764 5237; x_wconf 42' lang='grc' dir='ltr'><strong>ν</strong></span> 
     </span>
    </p>
   </div>
   <div class='ocr_carea' id='block_1_97' title="bbox 190 5262 1769 5336">
    <p class='ocr_par' dir='ltr' id='par_1_97' title="bbox 190 5262 1769 5336">
     <span class='ocr_line' id='line_1_98' title="bbox 190 5262 1769 5336; baseline -0.006 -9"><span class='ocrx_word' id='word_1_779' title='bbox 190 5274 317 5327; x_wconf 69' lang='grc' dir='ltr'>ἐπεὶ</span> <span class='ocrx_word' id='word_1_780' title='bbox 343 5271 502 5334; x_wconf 75' lang='grc' dir='ltr'>αὐτὸς</span> <span class='ocrx_word' id='word_1_781' title='bbox 531 5270 697 5334; x_wconf 82' lang='grc' dir='ltr'>αίτιος</span> <span class='ocrx_word' id='word_1_782' title='bbox 748 5267 1035 5336; x_wconf 84' lang='grc' dir='ltr'>γεγένηται</span> <span class='ocrx_word' id='word_1_783' title='bbox 1058 5266 1151 5319; x_wconf 78' lang='grc' dir='ltr'><strong>τοῦ</strong></span> <span class='ocrx_word' id='word_1_784' title='bbox 1185 5262 1321 5319; x_wconf 82' lang='grc' dir='ltr'>εἶναι</span> <span class='ocrx_word' id='word_1_785' title='bbox 1352 5265 1518 5319; x_wconf 78' lang='grc' dir='ltr'>ταῦτα</span> <span class='ocrx_word' id='word_1_786' title='bbox 1539 5281 1552 5294; x_wconf 78' lang='grc'><strong>⁸</strong></span> <span class='ocrx_word' id='word_1_787' title='bbox 1610 5268 1769 5329; x_wconf 75' lang='grc' dir='ltr'>αὐτὸς</span> 
     </span>
    </p>
   </div>
   <div class='ocr_carea' id='block_1_98' title="bbox 189 5359 1770 5435">
    <p class='ocr_par' dir='ltr' id='par_1_98' title="bbox 189 5359 1770 5435">
     <span class='ocr_line' id='line_1_99' title="bbox 189 5359 1770 5435; baseline -0.004 -16"><span class='ocrx_word' id='word_1_788' title='bbox 189 5365 304 5435; x_wconf 74' lang='grc' dir='ltr'><strong>γὰρ</strong></span> <span class='ocrx_word' id='word_1_789' title='bbox 331 5362 536 5428; x_wconf 78' lang='grc' dir='ltr'>ἐξέλεξε</span> <span class='ocrx_word' id='word_1_790' title='bbox 561 5363 682 5424; x_wconf 73' lang='grc' dir='ltr'>τοὺς</span> <span class='ocrx_word' id='word_1_791' title='bbox 697 5361 885 5432; x_wconf 81' lang='grc' dir='ltr'><strong>ᾠδούς.</strong></span> <span class='ocrx_word' id='word_1_792' title='bbox 911 5359 1079 5422; x_wconf 78' lang='grc' dir='ltr'>Αὐτὸς</span> <span class='ocrx_word' id='word_1_793' title='bbox 1101 5359 1274 5411; x_wconf 85' lang='grc' dir='ltr'>τοίνυν</span> <span class='ocrx_word' id='word_1_794' title='bbox 1294 5360 1460 5422; x_wconf 82' lang='grc' dir='ltr'>αἴτιος</span> <span class='ocrx_word' id='word_1_795' title='bbox 1484 5360 1770 5429; x_wconf 72' lang='grc' dir='ltr'>γενόμενος</span> 
     </span>
    </p>
   </div>
   <div class='ocr_carea' id='block_1_99' title="bbox 192 5447 1768 5526">
    <p class='ocr_par' dir='ltr' id='par_1_99' title="bbox 192 5447 1768 5526">
     <span class='ocr_line' id='line_1_100' title="bbox 192 5447 1768 5526; baseline -0.003 -17"><span class='ocrx_word' id='word_1_796' title='bbox 192 5454 399 5526; x_wconf 77' lang='grc' dir='ltr'><strong>ἠξιώθη</strong></span> <span class='ocrx_word' id='word_1_797' title='bbox 431 5455 529 5523; x_wconf 83' lang='grc' dir='ltr'>τῆς</span> <span class='ocrx_word' id='word_1_798' title='bbox 564 5453 724 5522; x_wconf 80' lang='grc' dir='ltr'>τιμῆς</span> <span class='ocrx_word' id='word_1_799' title='bbox 744 5451 944 5522; x_wconf 76' lang='grc' dir='ltr'>ταύτης</span> <span class='ocrx_word' id='word_1_800' title='bbox 971 5490 985 5513; x_wconf 90' lang='grc'><strong>,</strong></span> <span class='ocrx_word' id='word_1_801' title='bbox 1023 5451 1108 5503; x_wconf 86' lang='grc' dir='ltr'><strong>ἴνα</strong></span> <span class='ocrx_word' id='word_1_802' title='bbox 1143 5451 1338 5512; x_wconf 72' lang='grc' dir='ltr'>πάντες</span> <span class='ocrx_word' id='word_1_803' title='bbox 1388 5451 1487 5504; x_wconf 77' lang='grc' dir='ltr'><strong>ὅσα</strong></span> <span class='ocrx_word' id='word_1_804' title='bbox 1519 5447 1672 5506; x_wconf 77' lang='grc' dir='ltr'>εἶπαν</span> <span class='ocrx_word' id='word_1_805' title='bbox 1720 5453 1768 5504; x_wconf 83' lang='grc' dir='ltr'><strong>οἰ</strong></span> 
     </span>
    </p>
   </div>
   <div class='ocr_carea' id='block_1_100' title="bbox 194 5543 1137 5619">
    <p class='ocr_par' dir='ltr' id='par_1_100' title="bbox 194 5543 1137 5619">
     <span class='ocr_line' id='line_1_101' title="bbox 194 5543 1137 5619; baseline 0.001 -21"><span class='ocrx_word' id='word_1_806' title='bbox 194 5547 322 5619; x_wconf 61' lang='grc' dir='ltr'><strong>ᾠδοί</strong></span> <span class='ocrx_word' id='word_1_807' title='bbox 352 5551 430 5610; x_wconf 86' lang='grc' dir='ltr'>εἰς</span> <span class='ocrx_word' id='word_1_808' title='bbox 463 5548 551 5601; x_wconf 78' lang='grc' dir='ltr'><strong>τὸν</strong></span> <span class='ocrx_word' id='word_1_809' title='bbox 571 5546 728 5600; x_wconf 73' lang='grc' dir='ltr'>Δαυῒδ</span> <span class='ocrx_word' id='word_1_810' title='bbox 755 5543 1137 5618; x_wconf 77' lang='grc' dir='ltr'>καταλογισθῇ.</span> 
     </span>
    </p>
   </div>
   <div class='ocr_carea' id='block_1_101' title="bbox 273 5769 1737 5842">
    <p class='ocr_par' dir='ltr' id='par_1_101' title="bbox 273 5769 1737 5842">
     <span class='ocr_line' id='line_1_102' title="bbox 273 5769 1737 5842; baseline 0.001 -15"><span class='ocrx_word' id='word_1_811' title='bbox 273 5775 315 5807; x_wconf 81' lang='grc'><strong>⁸³</strong></span> <span class='ocrx_word' id='word_1_812' title='bbox 357 5775 474 5829; x_wconf 81' lang='lat' dir='ltr'><strong>Act.</strong></span> <span class='ocrx_word' id='word_1_813' title='bbox 509 5791 578 5836; x_wconf 75' lang='grc' dir='ltr'>ιγ,</span> <span class='ocrx_word' id='word_1_814' title='bbox 609 5773 697 5840; x_wconf 69' lang='grc' dir='ltr'><strong>ει,</strong></span> <span class='ocrx_word' id='word_1_815' title='bbox 722 5773 825 5839; x_wconf 74' lang='lat'><strong>25;</strong></span> <span class='ocrx_word' id='word_1_816' title='bbox 856 5772 997 5828; x_wconf 80' lang='lat' dir='ltr'><strong>Psai.</strong></span> <span class='ocrx_word' id='word_1_817' title='bbox 1020 5789 1078 5841; x_wconf 87' lang='grc' dir='ltr'><strong>ιι,</strong></span> <span class='ocrx_word' id='word_1_818' title='bbox 1109 5771 1155 5827; x_wconf 82' lang='lat' dir='ltr'><strong>i.</strong></span> <span class='ocrx_word' id='word_1_819' title='bbox 1234 5772 1279 5806; x_wconf 80' lang='lat'><strong>&quot;</strong></span> <span class='ocrx_word' id='word_1_820' title='bbox 1316 5769 1458 5828; x_wconf 81' lang='lat' dir='ltr'><strong>Psal.</strong></span> <span class='ocrx_word' id='word_1_821' title='bbox 1499 5786 1559 5839; x_wconf 89' lang='grc' dir='ltr'><strong>ιι,</strong></span> <span class='ocrx_word' id='word_1_822' title='bbox 1604 5772 1658 5842; x_wconf 75' lang='grc'>2,</span> <span class='ocrx_word' id='word_1_823' title='bbox 1685 5771 1737 5828; x_wconf 78' lang='lat'><strong>7.</strong></span> 
     </span>
    </p>
   </div>
   <div class='ocr_carea' id='block_1_102' title="bbox 1867 4620 3446 4690">
    <p class='ocr_par' dir='ltr' id='par_1_102' title="bbox 1867 4620 3446 4690">
     <span class='ocr_line' id='line_1_103' title="bbox 1867 4620 3446 4690; baseline -0.001 -15"><span class='ocrx_word' id='word_1_824' title='bbox 1867 4622 2125 4690; x_wconf 87' lang='lat' dir='ltr'><strong>ldithum,</strong></span> <span class='ocrx_word' id='word_1_825' title='bbox 2175 4639 2315 4678; x_wconf 89' lang='lat' dir='ltr'><strong>unus</strong></span> <span class='ocrx_word' id='word_1_826' title='bbox 2354 4623 2600 4686; x_wconf 62' lang='lat' dir='ltr'><strong>Etlram,</strong></span> <span class='ocrx_word' id='word_1_827' title='bbox 2647 4639 2789 4678; x_wconf 90' lang='lat' dir='ltr'><strong>unus</strong></span> <span class='ocrx_word' id='word_1_828' title='bbox 2833 4622 3057 4688; x_wconf 64' lang='lat' dir='ltr'><strong>Eman,</strong></span> <span class='ocrx_word' id='word_1_829' title='bbox 3109 4639 3248 4677; x_wconf 90' lang='lat' dir='ltr'><strong>unus</strong></span> <span class='ocrx_word' id='word_1_830' title='bbox 3291 4620 3446 4675; x_wconf 78' lang='lat' dir='ltr'><strong>Salo-</strong></span> 
     </span>
    </p>
   </div>
   <div class='ocr_carea' id='block_1_103' title="bbox 2615 4716 3446 4787">
    <p class='ocr_par' dir='ltr' id='par_1_103' title="bbox 2615 4716 3446 4787">
     <span class='ocr_line' id='line_1_104' title="bbox 2615 4716 3446 4787; baseline 0 -15"><span class='ocrx_word' id='word_1_831' title='bbox 2615 4735 2628 4772; x_wconf 92' lang='lat'><strong>:</strong></span> <span class='ocrx_word' id='word_1_832' title='bbox 2681 4732 2871 4771; x_wconf 82' lang='lat' dir='ltr'><strong>omnes</strong></span> <span class='ocrx_word' id='word_1_833' title='bbox 2914 4726 3130 4770; x_wconf 84' lang='lat' dir='ltr'><strong>centum</strong></span> <span class='ocrx_word' id='word_1_834' title='bbox 3175 4716 3446 4787; x_wconf 81' lang='lat' dir='ltr'><strong>quinqua-</strong></span> 
     </span>
    </p>
   </div>
   <div class='ocr_carea' id='block_1_104' title="bbox 1946 4889 3444 4972">
    <p class='ocr_par' dir='ltr' id='par_1_104' title="bbox 1946 4889 3444 4972">
     <span class='ocr_line' id='line_1_105' title="bbox 1946 4889 3444 4972; baseline -0.005 -14"><span class='ocrx_word' id='word_1_835' title='bbox 1946 4903 2495 4960; x_wconf 77' lang='lat' dir='ltr'><strong>Animadvertendum</strong></span> <span class='ocrx_word' id='word_1_836' title='bbox 2521 4903 2704 4972; x_wconf 84' lang='lat' dir='ltr'><strong>itaque</strong></span> <span class='ocrx_word' id='word_1_837' title='bbox 2722 4897 3062 4970; x_wconf 82' lang='lat' dir='ltr'><strong>mysterium,</strong></span> <span class='ocrx_word' id='word_1_838' title='bbox 3087 4911 3209 4967; x_wconf 71' lang='lat' dir='ltr'><strong>qure</strong></span> <span class='ocrx_word' id='word_1_839' title='bbox 3237 4889 3444 4951; x_wconf 62' lang='lat' dir='ltr'><strong>scilice‘</strong></span> 
     </span>
    </p>
   </div>
   <div class='ocr_carea' id='block_1_105' title="bbox 1873 4994 3442 5060">
    <p class='ocr_par' dir='ltr' id='par_1_105' title="bbox 1873 4994 3442 5060">
     <span class='ocr_line' id='line_1_106' title="bbox 1873 4994 3442 5060; baseline -0.006 -8"><span class='ocrx_word' id='word_1_840' title='bbox 1873 5013 2039 5052; x_wconf 81' lang='lat' dir='ltr'><strong>causa</strong></span> <span class='ocrx_word' id='word_1_841' title='bbox 2083 4999 2154 5052; x_wconf 87' lang='lat' dir='ltr'><strong>sit</strong></span> <span class='ocrx_word' id='word_1_842' title='bbox 2199 5013 2316 5060; x_wconf 88' lang='lat' dir='ltr'><strong>cur.</strong></span> <span class='ocrx_word' id='word_1_843' title='bbox 2352 5012 2475 5051; x_wconf 92' lang='lat' dir='ltr'><strong>cum</strong></span> <span class='ocrx_word' id='word_1_844' title='bbox 2525 4995 2726 5050; x_wconf 78' lang='lat' dir='ltr'><strong>diversi</strong></span> <span class='ocrx_word' id='word_1_845' title='bbox 2782 4994 2892 5047; x_wconf 91' lang='lat' dir='ltr'><strong>sint</strong></span> <span class='ocrx_word' id='word_1_846' title='bbox 2937 4999 3209 5054; x_wconf 68' lang='lat' dir='ltr'><strong>(autores,</strong></span> <span class='ocrx_word' id='word_1_847' title='bbox 3266 5004 3442 5058; x_wconf 86' lang='lat' dir='ltr'><strong>neque</strong></span> 
     </span>
    </p>
   </div>
   <div class='ocr_carea' id='block_1_106' title="bbox 1874 5083 3439 5161">
    <p class='ocr_par' dir='ltr' id='par_1_106' title="bbox 1874 5083 3439 5161">
     <span class='ocr_line' id='line_1_107' title="bbox 1874 5083 3439 5161; baseline -0.004 -17"><span class='ocrx_word' id='word_1_848' title='bbox 1874 5107 2064 5146; x_wconf 90' lang='lat' dir='ltr'><strong>omnes</strong></span> <span class='ocrx_word' id='word_1_849' title='bbox 2102 5090 2293 5161; x_wconf 89' lang='lat' dir='ltr'><strong>psalmi</strong></span> <span class='ocrx_word' id='word_1_850' title='bbox 2337 5089 2556 5144; x_wconf 81' lang='lat' dir='ltr'><strong>Davidis</strong></span> <span class='ocrx_word' id='word_1_851' title='bbox 2603 5087 2736 5152; x_wconf 88' lang='lat' dir='ltr'><strong>sint,</strong></span> <span class='ocrx_word' id='word_1_852' title='bbox 2769 5085 3089 5156; x_wconf 85' lang='lat' dir='ltr'><strong>psalterium</strong></span> <span class='ocrx_word' id='word_1_853' title='bbox 3143 5094 3326 5138; x_wconf 90' lang='lat' dir='ltr'><strong>tamen</strong></span> <span class='ocrx_word' id='word_1_854' title='bbox 3372 5083 3439 5137; x_wconf 88' lang='lat' dir='ltr'><strong>ad</strong></span> 
     </span>
    </p>
   </div>
   <div class='ocr_carea' id='block_1_107' title="bbox 1876 5171 3442 5242">
    <p class='ocr_par' dir='ltr' id='par_1_107' title="bbox 1876 5171 3442 5242">
     <span class='ocr_line' id='line_1_108' title="bbox 1876 5171 3442 5242; baseline -0.005 -9"><span class='ocrx_word' id='word_1_855' title='bbox 1876 5181 2129 5236; x_wconf 86' lang='lat' dir='ltr'><strong>Davidem</strong></span> <span class='ocrx_word' id='word_1_856' title='bbox 2177 5180 2489 5235; x_wconf 74' lang='lat' dir='ltr'><strong>referatur:</strong></span> <span class='ocrx_word' id='word_1_857' title='bbox 2542 5182 2655 5231; x_wconf 76' lang='lat' dir='ltr'><strong>lucc</strong></span> <span class='ocrx_word' id='word_1_858' title='bbox 2688 5192 2755 5230; x_wconf 89' lang='lat' dir='ltr'><strong>ne</strong></span> <span class='ocrx_word' id='word_1_859' title='bbox 2806 5173 3023 5229; x_wconf 86' lang='lat' dir='ltr'><strong>silentio</strong></span> <span class='ocrx_word' id='word_1_860' title='bbox 3065 5171 3442 5242; x_wconf 60' lang='lat' dir='ltr'><strong>praetermitta—</strong></span> 
     </span>
    </p>
   </div>
   <div class='ocr_carea' id='block_1_108' title="bbox 1877 5265 3438 5343">
    <p class='ocr_par' dir='ltr' id='par_1_108' title="bbox 1877 5265 3438 5343">
     <span class='ocr_line' id='line_1_109' title="bbox 1877 5265 3438 5343; baseline -0.009 -11"><span class='ocrx_word' id='word_1_861' title='bbox 1877 5293 2019 5332; x_wconf 88' lang='lat' dir='ltr'><strong>mus.</strong></span> <span class='ocrx_word' id='word_1_862' title='bbox 2053 5277 2180 5330; x_wconf 84' lang='lat' dir='ltr'><strong>Ideo</strong></span> <span class='ocrx_word' id='word_1_863' title='bbox 2214 5276 2294 5331; x_wconf 89' lang='lat' dir='ltr'><strong>sic</strong></span> <span class='ocrx_word' id='word_1_864' title='bbox 2335 5273 2654 5343; x_wconf 89' lang='lat' dir='ltr'><strong>inscriptum</strong></span> <span class='ocrx_word' id='word_1_865' title='bbox 2695 5271 2816 5335; x_wconf 81' lang='lat' dir='ltr'><strong>fuit,</strong></span> <span class='ocrx_word' id='word_1_866' title='bbox 2870 5269 2996 5339; x_wconf 87' lang='lat' dir='ltr'><strong>quia</strong></span> <span class='ocrx_word' id='word_1_867' title='bbox 3035 5269 3149 5339; x_wconf 89' lang='lat' dir='ltr'><strong>ipse</strong></span> <span class='ocrx_word' id='word_1_868' title='bbox 3177 5265 3345 5320; x_wconf 84' lang='lat' dir='ltr'><strong>David</strong></span> <span class='ocrx_word' id='word_1_869' title='bbox 3385 5267 3438 5327; x_wconf 83' lang='lat' dir='ltr'><strong>in</strong></span> 
     </span>
    </p>
   </div>
   <div class='ocr_carea' id='block_1_109' title="bbox 1877 5362 3442 5431">
    <p class='ocr_par' dir='ltr' id='par_1_109' title="bbox 1877 5362 3442 5431">
     <span class='ocr_line' id='line_1_110' title="bbox 1877 5362 3442 5431; baseline -0.01 -3"><span class='ocrx_word' id='word_1_870' title='bbox 1877 5388 2038 5428; x_wconf 84' lang='lat' dir='ltr'><strong>causa</strong></span> <span class='ocrx_word' id='word_1_871' title='bbox 2071 5371 2170 5426; x_wconf 78' lang='lat' dir='ltr'><strong>fuit</strong></span> <span class='ocrx_word' id='word_1_872' title='bbox 2221 5387 2321 5424; x_wconf 89' lang='lat' dir='ltr'><strong>cur</strong></span> <span class='ocrx_word' id='word_1_873' title='bbox 2358 5369 2505 5422; x_wconf 65' lang='lat' dir='ltr'><strong>istac</strong></span> <span class='ocrx_word' id='word_1_874' title='bbox 2551 5366 2837 5420; x_wconf 89' lang='lat' dir='ltr'><strong>ederentur</strong></span> <span class='ocrx_word' id='word_1_875' title='bbox 2870 5383 2882 5417; x_wconf 93' lang='lat'>:</span> <span class='ocrx_word' id='word_1_876' title='bbox 2919 5362 3032 5431; x_wconf 87' lang='lat' dir='ltr'><strong>ipse</strong></span> <span class='ocrx_word' id='word_1_877' title='bbox 3056 5374 3289 5430; x_wconf 87' lang='lat' dir='ltr'><strong>namque</strong></span> <span class='ocrx_word' id='word_1_878' title='bbox 3312 5374 3442 5413; x_wconf 86' lang='lat' dir='ltr'><strong>can-</strong></span> 
     </span>
    </p>
   </div>
   <div class='ocr_carea' id='block_1_110' title="bbox 1876 5450 3440 5533">
    <p class='ocr_par' dir='ltr' id='par_1_110' title="bbox 1876 5450 3440 5533">
     <span class='ocr_line' id='line_1_111' title="bbox 1876 5450 3440 5533; baseline -0.01 -13"><span class='ocrx_word' id='word_1_879' title='bbox 1876 5475 2020 5520; x_wconf 87' lang='lat' dir='ltr'><strong>tores</strong></span> <span class='ocrx_word' id='word_1_880' title='bbox 2048 5464 2226 5533; x_wconf 78' lang='lat' dir='ltr'><strong>elegit.</strong></span> <span class='ocrx_word' id='word_1_881' title='bbox 2267 5461 2318 5516; x_wconf 83' lang='lat' dir='ltr'><strong>Is</strong></span> <span class='ocrx_word' id='word_1_882' title='bbox 2348 5461 2511 5531; x_wconf 73' lang='lat' dir='ltr'><strong>igitur</strong></span> <span class='ocrx_word' id='word_1_883' title='bbox 2539 5457 2632 5527; x_wconf 90' lang='lat' dir='ltr'><strong>qui</strong></span> <span class='ocrx_word' id='word_1_884' title='bbox 2678 5472 2839 5512; x_wconf 87' lang='lat' dir='ltr'><strong>causa</strong></span> <span class='ocrx_word' id='word_1_885' title='bbox 2872 5453 2996 5520; x_wconf 83' lang='lat' dir='ltr'><strong>fuit,</strong></span> <span class='ocrx_word' id='word_1_886' title='bbox 3044 5462 3197 5507; x_wconf 87' lang='lat' dir='ltr'><strong>tanto</strong></span> <span class='ocrx_word' id='word_1_887' title='bbox 3234 5450 3440 5505; x_wconf 75' lang='lat' dir='ltr'><strong>honore</strong></span> 
     </span>
    </p>
   </div>
   <div class='ocr_carea' id='block_1_111' title="bbox 1872 5543 3432 5629">
    <p class='ocr_par' dir='ltr' id='par_1_111' title="bbox 1872 5543 3432 5629">
     <span class='ocr_line' id='line_1_112' title="bbox 1872 5543 3432 5629; baseline -0.012 -13"><span class='ocrx_word' id='word_1_888' title='bbox 1872 5563 2123 5629; x_wconf 80' lang='lat' dir='ltr'><strong>dignatus</strong></span> <span class='ocrx_word' id='word_1_889' title='bbox 2143 5563 2247 5622; x_wconf 86' lang='lat' dir='ltr'><strong>est,</strong></span> <span class='ocrx_word' id='word_1_890' title='bbox 2281 5561 2337 5608; x_wconf 86' lang='lat' dir='ltr'><strong>ut</strong></span> <span class='ocrx_word' id='word_1_891' title='bbox 2366 5566 2702 5623; x_wconf 67' lang='lat' dir='ltr'><strong>quaecunque</strong></span> <span class='ocrx_word' id='word_1_892' title='bbox 2731 5560 2978 5606; x_wconf 87' lang='lat' dir='ltr'><strong>cantores</strong></span> <span class='ocrx_word' id='word_1_893' title='bbox 3000 5544 3251 5613; x_wconf 79' lang='lat' dir='ltr'><strong>dixerint,</strong></span> <span class='ocrx_word' id='word_1_894' title='bbox 3274 5543 3432 5612; x_wconf 86' lang='lat' dir='ltr'><strong>quasi</strong></span> 
     </span>
    </p>
   </div>
   <div class='ocr_carea' id='block_1_112' title="bbox 1875 5652 2610 5721">
    <p class='ocr_par' dir='ltr' id='par_1_112' title="bbox 1875 5652 2610 5721">
     <span class='ocr_line' id='line_1_113' title="bbox 1875 5652 2610 5721; baseline -0.011 -14"><span class='ocrx_word' id='word_1_895' title='bbox 1875 5652 2089 5710; x_wconf 70' lang='lat' dir='ltr'><strong>Daridis</strong></span> <span class='ocrx_word' id='word_1_896' title='bbox 2122 5655 2436 5721; x_wconf 89' lang='lat' dir='ltr'><strong>reputentur</strong></span> <span class='ocrx_word' id='word_1_897' title='bbox 2470 5659 2610 5700; x_wconf 87' lang='lat' dir='ltr'><strong>csse.</strong></span> 
     </span>
    </p>
   </div>
  </div>
