  <div class='ocr_page' id='page_1' title='image "/cluster/home/n/w/nwhite01/storage/ocr_20150623/27/ien.35556001660521/041.png"; bbox 0 0 4032 6450; ppageno 0'>
   <div class='ocr_carea' id='block_1_1' title="bbox 579 397 3824 469">
    <p class='ocr_par' dir='ltr' id='par_1_1' title="bbox 579 397 3824 469">
     <span class='ocr_line' id='line_1_1' title="bbox 579 397 3824 469; baseline 0.002 -12"><span class='ocrx_word' id='word_1_1' title='bbox 579 397 649 457; x_wconf 78' lang='lat'><strong>59</strong></span> <span class='ocrx_word' id='word_1_2' title='bbox 1422 407 1477 463; x_wconf 88' lang='lat' dir='ltr'><strong>S.</strong></span> <span class='ocrx_word' id='word_1_3' title='bbox 1521 408 1889 467; x_wconf 69' lang='lat' dir='ltr'><strong>ATHANASII</strong></span> <span class='ocrx_word' id='word_1_4' title='bbox 1931 410 2081 467; x_wconf 85' lang='lat' dir='ltr'><strong>OPP.</strong></span> <span class='ocrx_word' id='word_1_5' title='bbox 2128 412 2309 469; x_wconf 80' lang='lat' dir='ltr'><strong>PARS</strong></span> <span class='ocrx_word' id='word_1_6' title='bbox 2347 412 2435 468; x_wconf 82' lang='lat' dir='ltr'><strong>lli.</strong></span> <span class='ocrx_word' id='word_1_7' title='bbox 2474 440 2546 455; x_wconf 90' lang='lat'><strong>-—</strong></span> <span class='ocrx_word' id='word_1_8' title='bbox 2580 410 2993 467; x_wconf 81' lang='lat' dir='ltr'><strong>EXEGETICA.</strong></span> <span class='ocrx_word' id='word_1_9' title='bbox 3751 409 3824 463; x_wconf 84' lang='lat'><strong>60</strong></span> 
     </span>
    </p>
   </div>
   <div class='ocr_carea' id='block_1_2' title="bbox 646 520 2221 601">
    <p class='ocr_par' dir='ltr' id='par_1_2' title="bbox 646 520 2221 601">
     <span class='ocr_line' id='line_1_2' title="bbox 646 520 2221 601; baseline 0.01 -27"><span class='ocrx_word' id='word_1_10' title='bbox 646 520 781 574; x_wconf 89' lang='lat' dir='ltr'><strong>Cum</strong></span> <span class='ocrx_word' id='word_1_11' title='bbox 846 521 1106 592; x_wconf 87' lang='lat' dir='ltr'><strong>propheta</strong></span> <span class='ocrx_word' id='word_1_12' title='bbox 1155 536 1300 581; x_wconf 89' lang='lat' dir='ltr'><strong>esset</strong></span> <span class='ocrx_word' id='word_1_13' title='bbox 1362 525 1554 593; x_wconf 86' lang='lat' dir='ltr'><strong>David,</strong></span> <span class='ocrx_word' id='word_1_14' title='bbox 1594 539 1755 601; x_wconf 87' lang='lat' dir='ltr'><strong>atque</strong></span> <span class='ocrx_word' id='word_1_15' title='bbox 1798 532 2145 589; x_wconf 87' lang='lat' dir='ltr'><strong>interioribus</strong></span> <span class='ocrx_word' id='word_1_16' title='bbox 2175 546 2221 597; x_wconf 77' lang='grc' dir='ltr'><strong>Α</strong></span> 
     </span>
    </p>
   </div>
   <div class='ocr_carea' id='block_1_3' title="bbox 579 610 2145 690">
    <p class='ocr_par' dir='ltr' id='par_1_3' title="bbox 579 610 2145 690">
     <span class='ocr_line' id='line_1_3' title="bbox 579 610 2145 690; baseline 0.008 -28"><span class='ocrx_word' id='word_1_17' title='bbox 579 610 780 679; x_wconf 86' lang='lat' dir='ltr'><strong>apertis</strong></span> <span class='ocrx_word' id='word_1_18' title='bbox 820 612 1016 677; x_wconf 92' lang='lat' dir='ltr'><strong>oculis,</strong></span> <span class='ocrx_word' id='word_1_19' title='bbox 1051 612 1215 681; x_wconf 89' lang='lat' dir='ltr'><strong>probe</strong></span> <span class='ocrx_word' id='word_1_20' title='bbox 1240 625 1426 670; x_wconf 89' lang='lat' dir='ltr'><strong>nosset</strong></span> <span class='ocrx_word' id='word_1_21' title='bbox 1455 616 1722 687; x_wconf 83' lang='lat' dir='ltr'><strong>malignos</strong></span> <span class='ocrx_word' id='word_1_22' title='bbox 1760 621 1981 688; x_wconf 79' lang='lat' dir='ltr'><strong>spiritus</strong></span> <span class='ocrx_word' id='word_1_23' title='bbox 2013 636 2145 690; x_wconf 81' lang='lat' dir='ltr'><strong>gau-</strong></span> 
     </span>
    </p>
   </div>
   <div class='ocr_carea' id='block_1_4' title="bbox 578 702 2143 779">
    <p class='ocr_par' dir='ltr' id='par_1_4' title="bbox 578 702 2143 779">
     <span class='ocr_line' id='line_1_4' title="bbox 578 702 2143 779; baseline 0.005 -24"><span class='ocrx_word' id='word_1_24' title='bbox 578 702 707 755; x_wconf 88' lang='lat' dir='ltr'><strong>dere</strong></span> <span class='ocrx_word' id='word_1_25' title='bbox 734 703 799 755; x_wconf 86' lang='lat' dir='ltr'><strong>de</strong></span> <span class='ocrx_word' id='word_1_26' title='bbox 835 702 991 771; x_wconf 88' lang='lat' dir='ltr'><strong>lapsu</strong></span> <span class='ocrx_word' id='word_1_27' title='bbox 1038 703 1347 769; x_wconf 86' lang='lat' dir='ltr'><strong>hominum,</strong></span> <span class='ocrx_word' id='word_1_28' title='bbox 1407 714 1463 761; x_wconf 90' lang='lat' dir='ltr'><strong>et</strong></span> <span class='ocrx_word' id='word_1_29' title='bbox 1503 716 1694 762; x_wconf 89' lang='lat' dir='ltr'><strong>contra</strong></span> <span class='ocrx_word' id='word_1_30' title='bbox 1754 708 1938 763; x_wconf 86' lang='lat' dir='ltr'><strong>dolere</strong></span> <span class='ocrx_word' id='word_1_31' title='bbox 1990 712 2143 779; x_wconf 84' lang='lat' dir='ltr'><strong>quasi</strong></span> 
     </span>
    </p>
   </div>
   <div class='ocr_carea' id='block_1_5' title="bbox 577 794 2145 868">
    <p class='ocr_par' dir='ltr' id='par_1_5' title="bbox 577 794 2145 868">
     <span class='ocr_line' id='line_1_5' title="bbox 577 794 2145 868; baseline 0.006 -22"><span class='ocrx_word' id='word_1_32' title='bbox 577 794 753 847; x_wconf 76' lang='lat' dir='ltr'><strong>victos</strong></span> <span class='ocrx_word' id='word_1_33' title='bbox 792 794 858 849; x_wconf 92' lang='lat' dir='ltr'><strong>de</strong></span> <span class='ocrx_word' id='word_1_34' title='bbox 888 795 1200 850; x_wconf 90' lang='lat' dir='ltr'><strong>eorumdem</strong></span> <span class='ocrx_word' id='word_1_35' title='bbox 1251 798 1625 868; x_wconf 86' lang='lat' dir='ltr'><strong>resipiscentia</strong></span> <span class='ocrx_word' id='word_1_36' title='bbox 1658 811 1711 855; x_wconf 91' lang='lat' dir='ltr'><strong>et</strong></span> <span class='ocrx_word' id='word_1_37' title='bbox 1742 802 2145 868; x_wconf 78' lang='lat' dir='ltr'><strong>emendatione,</strong></span> 
     </span>
    </p>
   </div>
   <div class='ocr_carea' id='block_1_6' title="bbox 579 887 2145 961">
    <p class='ocr_par' dir='ltr' id='par_1_6' title="bbox 579 887 2145 961">
     <span class='ocr_line' id='line_1_6' title="bbox 579 887 2145 961; baseline 0.006 -22"><span class='ocrx_word' id='word_1_38' title='bbox 579 887 905 958; x_wconf 86' lang='lat' dir='ltr'><strong>intelligibili</strong></span> <span class='ocrx_word' id='word_1_39' title='bbox 953 905 1017 944; x_wconf 89' lang='lat' dir='ltr'><strong>ac</strong></span> <span class='ocrx_word' id='word_1_40' title='bbox 1052 892 1325 961; x_wconf 86' lang='lat' dir='ltr'><strong>spirituali</strong></span> <span class='ocrx_word' id='word_1_41' title='bbox 1362 894 1524 950; x_wconf 90' lang='lat' dir='ltr'><strong>modo</strong></span> <span class='ocrx_word' id='word_1_42' title='bbox 1558 897 1833 949; x_wconf 85' lang='lat' dir='ltr'><strong>orationes</strong></span> <span class='ocrx_word' id='word_1_43' title='bbox 1857 896 2145 951; x_wconf 85' lang='lat' dir='ltr'><strong>adversum</strong></span> 
     </span>
    </p>
   </div>
   <div class='ocr_carea' id='block_1_7' title="bbox 578 981 2146 1057">
    <p class='ocr_par' dir='ltr' id='par_1_7' title="bbox 578 981 2146 1057">
     <span class='ocr_line' id='line_1_7' title="bbox 578 981 2146 1057; baseline 0.004 -22"><span class='ocrx_word' id='word_1_44' title='bbox 578 981 703 1036; x_wconf 82' lang='lat' dir='ltr'><strong>illos</strong></span> <span class='ocrx_word' id='word_1_45' title='bbox 745 983 1054 1049; x_wconf 85' lang='lat' dir='ltr'><strong>emittebat;</strong></span> <span class='ocrx_word' id='word_1_46' title='bbox 1095 1000 1162 1039; x_wconf 79' lang='lat' dir='ltr'><strong>ex</strong></span> <span class='ocrx_word' id='word_1_47' title='bbox 1208 985 1275 1041; x_wconf 88' lang='lat' dir='ltr'><strong>iis</strong></span> <span class='ocrx_word' id='word_1_48' title='bbox 1308 986 1552 1042; x_wconf 74' lang='lat' dir='ltr'><strong>hostibus</strong></span> <span class='ocrx_word' id='word_1_49' title='bbox 1592 988 1685 1056; x_wconf 85' lang='lat' dir='ltr'><strong>qui</strong></span> <span class='ocrx_word' id='word_1_50' title='bbox 1731 988 1835 1041; x_wconf 89' lang='lat' dir='ltr'><strong>sub</strong></span> <span class='ocrx_word' id='word_1_51' title='bbox 1867 996 2146 1057; x_wconf 84' lang='lat' dir='ltr'><strong>aspectum</strong></span> 
     </span>
    </p>
   </div>
   <div class='ocr_carea' id='block_1_8' title="bbox 578 1074 2149 1146">
    <p class='ocr_par' dir='ltr' id='par_1_8' title="bbox 578 1074 2149 1146">
     <span class='ocr_line' id='line_1_8' title="bbox 578 1074 2149 1146; baseline 0.003 -20"><span class='ocrx_word' id='word_1_52' title='bbox 578 1074 782 1127; x_wconf 88' lang='lat' dir='ltr'><strong>cadunt</strong></span> <span class='ocrx_word' id='word_1_53' title='bbox 804 1083 1081 1144; x_wconf 88' lang='lat' dir='ltr'><strong>assumpta</strong></span> <span class='ocrx_word' id='word_1_54' title='bbox 1118 1076 1456 1146; x_wconf 83' lang='lat' dir='ltr'><strong>metaphora.</strong></span> <span class='ocrx_word' id='word_1_55' title='bbox 1491 1074 1607 1131; x_wconf 87' lang='lat' dir='ltr'><strong>Nisi</strong></span> <span class='ocrx_word' id='word_1_56' title='bbox 1638 1077 1781 1131; x_wconf 87' lang='lat' dir='ltr'><strong>enim</strong></span> <span class='ocrx_word' id='word_1_57' title='bbox 1815 1077 1915 1130; x_wconf 88' lang='lat' dir='ltr'><strong>hac</strong></span> <span class='ocrx_word' id='word_1_58' title='bbox 1938 1080 2149 1131; x_wconf 83' lang='lat' dir='ltr'><strong>ratione</strong></span> 
     </span>
    </p>
   </div>
   <div class='ocr_carea' id='block_1_9' title="bbox 578 1165 2149 1239">
    <p class='ocr_par' dir='ltr' id='par_1_9' title="bbox 578 1165 2149 1239">
     <span class='ocr_line' id='line_1_9' title="bbox 578 1165 2149 1239; baseline 0.004 -22"><span class='ocrx_word' id='word_1_59' title='bbox 578 1165 962 1236; x_wconf 84' lang='lat' dir='ltr'><strong>prophetarum</strong></span> <span class='ocrx_word' id='word_1_60' title='bbox 1022 1182 1247 1235; x_wconf 79' lang='lat' dir='ltr'><strong>scopum</strong></span> <span class='ocrx_word' id='word_1_61' title='bbox 1300 1170 1762 1239; x_wconf 88' lang='lat' dir='ltr'><strong>interpretemur,</strong></span> <span class='ocrx_word' id='word_1_62' title='bbox 1815 1185 1922 1224; x_wconf 91' lang='lat' dir='ltr'><strong>non</strong></span> <span class='ocrx_word' id='word_1_63' title='bbox 1985 1171 2149 1224; x_wconf 88' lang='lat' dir='ltr'><strong>modo</strong></span> 
     </span>
    </p>
   </div>
   <div class='ocr_carea' id='block_1_10' title="bbox 580 1252 2150 1323">
    <p class='ocr_par' dir='ltr' id='par_1_10' title="bbox 580 1252 2150 1323">
     <span class='ocr_line' id='line_1_10' title="bbox 580 1252 2150 1323; baseline 0.005 -20"><span class='ocrx_word' id='word_1_64' title='bbox 580 1252 779 1305; x_wconf 89' lang='lat' dir='ltr'><strong>nullam</strong></span> <span class='ocrx_word' id='word_1_65' title='bbox 813 1254 1006 1307; x_wconf 66' lang='lat' dir='ltr'><strong>animae</strong></span> <span class='ocrx_word' id='word_1_66' title='bbox 1034 1255 1343 1323; x_wconf 79' lang='lat' dir='ltr'><strong>utilitatem,</strong></span> <span class='ocrx_word' id='word_1_67' title='bbox 1372 1272 1438 1311; x_wconf 81' lang='lat' dir='ltr'><strong>ex</strong></span> <span class='ocrx_word' id='word_1_68' title='bbox 1473 1272 1659 1311; x_wconf 87' lang='lat' dir='ltr'><strong>eorum</strong></span> <span class='ocrx_word' id='word_1_69' title='bbox 1692 1258 1871 1322; x_wconf 90' lang='lat' dir='ltr'><strong>dictis,</strong></span> <span class='ocrx_word' id='word_1_70' title='bbox 1897 1260 1963 1312; x_wconf 90' lang='lat' dir='ltr'><strong>ad</strong></span> <span class='ocrx_word' id='word_1_71' title='bbox 1993 1275 2150 1312; x_wconf 91' lang='lat' dir='ltr'><strong>man-</strong></span> 
     </span>
    </p>
   </div>
   <div class='ocr_carea' id='block_1_11' title="bbox 580 1345 2146 1419">
    <p class='ocr_par' dir='ltr' id='par_1_11' title="bbox 580 1345 2146 1419">
     <span class='ocr_line' id='line_1_11' title="bbox 580 1345 2146 1419; baseline 0.004 -22"><span class='ocrx_word' id='word_1_72' title='bbox 580 1345 921 1399; x_wconf 88' lang='lat' dir='ltr'><strong>suetudinem</strong></span> <span class='ocrx_word' id='word_1_73' title='bbox 983 1346 1429 1415; x_wconf 71' lang='lat' dir='ltr'><strong>adipiscendam,</strong></span> <span class='ocrx_word' id='word_1_74' title='bbox 1479 1350 1893 1419; x_wconf 88' lang='lat' dir='ltr'><strong>percipiemus;</strong></span> <span class='ocrx_word' id='word_1_75' title='bbox 1960 1366 2146 1405; x_wconf 89' lang='lat' dir='ltr'><strong>verum</strong></span> 
     </span>
    </p>
   </div>
   <div class='ocr_carea' id='block_1_12' title="bbox 578 1436 2146 1509">
    <p class='ocr_par' dir='ltr' id='par_1_12' title="bbox 578 1436 2146 1509">
     <span class='ocr_line' id='line_1_12' title="bbox 578 1436 2146 1509; baseline 0.003 -20"><span class='ocrx_word' id='word_1_76' title='bbox 578 1436 743 1490; x_wconf 89' lang='lat' dir='ltr'><strong>etiam</strong></span> <span class='ocrx_word' id='word_1_77' title='bbox 790 1438 842 1491; x_wconf 90' lang='lat' dir='ltr'><strong>iu</strong></span> <span class='ocrx_word' id='word_1_78' title='bbox 876 1452 1123 1506; x_wconf 88' lang='lat' dir='ltr'><strong>asperam</strong></span> <span class='ocrx_word' id='word_1_79' title='bbox 1148 1438 1439 1508; x_wconf 86' lang='lat' dir='ltr'><strong>quamdam</strong></span> <span class='ocrx_word' id='word_1_80' title='bbox 1476 1449 1638 1509; x_wconf 87' lang='lat' dir='ltr'><strong>atque</strong></span> <span class='ocrx_word' id='word_1_81' title='bbox 1676 1440 2001 1509; x_wconf 66' lang='lat' dir='ltr'><strong>evangelicae</strong></span> <span class='ocrx_word' id='word_1_82' title='bbox 2045 1440 2146 1493; x_wconf 91' lang='lat' dir='ltr'><strong>do-</strong></span> 
     </span>
    </p>
   </div>
   <div class='ocr_carea' id='block_1_13' title="bbox 580 1529 2147 1602">
    <p class='ocr_par' dir='ltr' id='par_1_13' title="bbox 580 1529 2147 1602">
     <span class='ocr_line' id='line_1_13' title="bbox 580 1529 2147 1602; baseline 0.001 -19"><span class='ocrx_word' id='word_1_83' title='bbox 580 1529 768 1585; x_wconf 67' lang='lat' dir='ltr'><strong>ctrinae</strong></span> <span class='ocrx_word' id='word_1_84' title='bbox 810 1531 1093 1586; x_wconf 81' lang='lat' dir='ltr'><strong>adversam</strong></span> <span class='ocrx_word' id='word_1_85' title='bbox 1136 1532 1306 1585; x_wconf 90' lang='lat' dir='ltr'><strong>animi</strong></span> <span class='ocrx_word' id='word_1_86' title='bbox 1350 1533 1606 1587; x_wconf 88' lang='lat' dir='ltr'><strong>duritiem</strong></span> <span class='ocrx_word' id='word_1_87' title='bbox 1651 1548 1719 1587; x_wconf 82' lang='lat' dir='ltr'><strong>ex</strong></span> <span class='ocrx_word' id='word_1_88' title='bbox 1772 1532 2147 1602; x_wconf 80' lang='lat' dir='ltr'><strong>frequentibus</strong></span> 
     </span>
    </p>
   </div>
   <div class='ocr_carea' id='block_1_14' title="bbox 580 1622 2150 1691">
    <p class='ocr_par' dir='ltr' id='par_1_14' title="bbox 580 1622 2150 1691">
     <span class='ocr_line' id='line_1_14' title="bbox 580 1622 2150 1691; baseline 0.002 -15"><span class='ocrx_word' id='word_1_89' title='bbox 580 1622 841 1678; x_wconf 87' lang='lat' dir='ltr'><strong>adversus</strong></span> <span class='ocrx_word' id='word_1_90' title='bbox 858 1624 1108 1679; x_wconf 89' lang='lat' dir='ltr'><strong>inimicos</strong></span> <span class='ocrx_word' id='word_1_91' title='bbox 1134 1625 1389 1691; x_wconf 89' lang='lat' dir='ltr'><strong>precibus</strong></span> <span class='ocrx_word' id='word_1_92' title='bbox 1406 1625 1742 1691; x_wconf 87' lang='lat' dir='ltr'><strong>delabemur,</strong></span> <span class='ocrx_word' id='word_1_93' title='bbox 1766 1634 1975 1678; x_wconf 89' lang='lat' dir='ltr'><strong>tantum</strong></span> <span class='ocrx_word' id='word_1_94' title='bbox 1992 1624 2150 1681; x_wconf 84' lang='lat' dir='ltr'><strong>abest</strong></span> 
     </span>
    </p>
   </div>
   <div class='ocr_carea' id='block_1_15' title="bbox 2320 528 3826 605">
    <p class='ocr_par' dir='ltr' id='par_1_15' title="bbox 2320 528 3826 605">
     <span class='ocr_line' id='line_1_15' title="bbox 2320 528 3826 605; baseline -0.005 -19"><span class='ocrx_word' id='word_1_95' title='bbox 2320 535 2440 587; x_wconf 82' lang='grc' dir='ltr'><strong>Ὀτι</strong></span> <span class='ocrx_word' id='word_1_96' title='bbox 2470 535 2751 605; x_wconf 73' lang='grc' dir='ltr'><strong>προφήτης</strong></span> <span class='ocrx_word' id='word_1_97' title='bbox 2775 532 3034 602; x_wconf 83' lang='grc' dir='ltr'>ὑπάρχων</span> <span class='ocrx_word' id='word_1_98' title='bbox 3056 530 3086 581; x_wconf 83' lang='grc' dir='ltr'><strong>ὁ</strong></span> <span class='ocrx_word' id='word_1_99' title='bbox 3105 529 3290 591; x_wconf 75' lang='grc' dir='ltr'>Δαυῖδ,</span> <span class='ocrx_word' id='word_1_100' title='bbox 3321 531 3415 583; x_wconf 73' lang='grc' dir='ltr'><strong>καὶ</strong></span> <span class='ocrx_word' id='word_1_101' title='bbox 3444 528 3826 599; x_wconf 72' lang='grc' dir='ltr'>ήνεῳγμένους</span> 
     </span>
    </p>
   </div>
   <div class='ocr_carea' id='block_1_16' title="bbox 2250 620 3828 695">
    <p class='ocr_par' dir='ltr' id='par_1_16' title="bbox 2250 620 3828 695">
     <span class='ocr_line' id='line_1_16' title="bbox 2250 620 3828 695; baseline -0.003 -18"><span class='ocrx_word' id='word_1_102' title='bbox 2250 624 2386 695; x_wconf 76' lang='grc' dir='ltr'>ἔχων</span> <span class='ocrx_word' id='word_1_103' title='bbox 2411 627 2535 687; x_wconf 84' lang='grc' dir='ltr'>τοὺς</span> <span class='ocrx_word' id='word_1_104' title='bbox 2564 624 2708 677; x_wconf 77' lang='grc' dir='ltr'>ἔνδον</span> <span class='ocrx_word' id='word_1_105' title='bbox 2736 624 3047 694; x_wconf 79' lang='grc' dir='ltr'>ὀφθαλμοὺς</span> <span class='ocrx_word' id='word_1_106' title='bbox 3069 664 3083 687; x_wconf 86' lang='grc'><strong>,</strong></span> <span class='ocrx_word' id='word_1_107' title='bbox 3115 624 3210 677; x_wconf 77' lang='grc' dir='ltr'>καὶ</span> <span class='ocrx_word' id='word_1_108' title='bbox 3242 620 3395 685; x_wconf 83' lang='grc' dir='ltr'>εἰδὼς</span> <span class='ocrx_word' id='word_1_109' title='bbox 3419 663 3434 686; x_wconf 88' lang='grc'><strong>,</strong></span> <span class='ocrx_word' id='word_1_110' title='bbox 3465 622 3546 675; x_wconf 81' lang='grc' dir='ltr'>ὅτι</span> <span class='ocrx_word' id='word_1_111' title='bbox 3574 621 3828 691; x_wconf 73' lang='grc' dir='ltr'><strong>χαίρουσι</strong></span> 
     </span>
    </p>
   </div>
   <div class='ocr_carea' id='block_1_17' title="bbox 2249 709 3829 786">
    <p class='ocr_par' dir='ltr' id='par_1_17' title="bbox 2249 709 3829 786">
     <span class='ocr_line' id='line_1_17' title="bbox 2249 709 3829 786; baseline -0.004 -19"><span class='ocrx_word' id='word_1_112' title='bbox 2249 718 2314 785; x_wconf 78' lang='grc' dir='ltr'><strong>τῇ</strong></span> <span class='ocrx_word' id='word_1_113' title='bbox 2344 713 2543 767; x_wconf 80' lang='grc' dir='ltr'><strong>πτώσει</strong></span> <span class='ocrx_word' id='word_1_114' title='bbox 2580 714 2690 767; x_wconf 88' lang='grc' dir='ltr'><strong>τῶν</strong></span> <span class='ocrx_word' id='word_1_115' title='bbox 2720 714 3020 786; x_wconf 85' lang='grc' dir='ltr'>ἀνθρώπων</span> <span class='ocrx_word' id='word_1_116' title='bbox 3049 713 3119 765; x_wconf 75' lang='grc' dir='ltr'><strong>τὰ</strong></span> <span class='ocrx_word' id='word_1_117' title='bbox 3150 713 3364 783; x_wconf 86' lang='grc' dir='ltr'>πονηρά</span> <span class='ocrx_word' id='word_1_118' title='bbox 3394 713 3700 779; x_wconf 81' lang='grc' dir='ltr'>πνεύματα,</span> <span class='ocrx_word' id='word_1_119' title='bbox 3730 709 3829 762; x_wconf 80' lang='grc' dir='ltr'><strong>καὶ</strong></span> 
     </span>
    </p>
   </div>
   <div class='ocr_carea' id='block_1_18' title="bbox 2252 799 3830 874">
    <p class='ocr_par' dir='ltr' id='par_1_18' title="bbox 2252 799 3830 874">
     <span class='ocr_line' id='line_1_18' title="bbox 2252 799 3830 874; baseline -0.004 -17"><span class='ocrx_word' id='word_1_120' title='bbox 2252 806 2412 857; x_wconf 76' lang='grc' dir='ltr'>πάλιν</span> <span class='ocrx_word' id='word_1_121' title='bbox 2439 803 2852 858; x_wconf 72' lang='grc' dir='ltr'>ἀντιλυποῦνται</span> <span class='ocrx_word' id='word_1_122' title='bbox 2878 802 3167 874; x_wconf 87' lang='grc' dir='ltr'>ήττώμενα</span> <span class='ocrx_word' id='word_1_123' title='bbox 3193 803 3284 855; x_wconf 71' lang='grc' dir='ltr'><strong>ἐπὶ</strong></span> <span class='ocrx_word' id='word_1_124' title='bbox 3316 806 3382 872; x_wconf 78' lang='grc' dir='ltr'>τῇ</span> <span class='ocrx_word' id='word_1_125' title='bbox 3408 800 3688 873; x_wconf 78' lang='grc' dir='ltr'><strong>διορθώσει</strong></span> <span class='ocrx_word' id='word_1_126' title='bbox 3716 799 3830 851; x_wconf 85' lang='grc' dir='ltr'><strong>τῶν</strong></span> 
     </span>
    </p>
   </div>
   <div class='ocr_carea' id='block_1_19' title="bbox 2252 893 3827 968">
    <p class='ocr_par' dir='ltr' id='par_1_19' title="bbox 2252 893 3827 968">
     <span class='ocr_line' id='line_1_19' title="bbox 2252 893 3827 968; baseline -0.004 -17"><span class='ocrx_word' id='word_1_127' title='bbox 2252 895 2570 968; x_wconf 84' lang='grc' dir='ltr'>ἀνθρώπων,</span> <span class='ocrx_word' id='word_1_128' title='bbox 2589 897 2807 961; x_wconf 85' lang='grc' dir='ltr'>πάντως</span> <span class='ocrx_word' id='word_1_129' title='bbox 2830 898 2910 949; x_wconf 82' lang='grc' dir='ltr'>ὅτι</span> <span class='ocrx_word' id='word_1_130' title='bbox 2943 894 3147 965; x_wconf 84' lang='grc' dir='ltr'>νοητῶς</span> <span class='ocrx_word' id='word_1_131' title='bbox 3174 894 3272 958; x_wconf 80' lang='grc' dir='ltr'><strong>τὰς</strong></span> <span class='ocrx_word' id='word_1_132' title='bbox 3296 897 3415 949; x_wconf 76' lang='grc' dir='ltr'>κατ’</span> <span class='ocrx_word' id='word_1_133' title='bbox 3442 893 3617 949; x_wconf 80' lang='grc' dir='ltr'>αὐτῶν</span> <span class='ocrx_word' id='word_1_134' title='bbox 3650 908 3827 963; x_wconf 84' lang='grc' dir='ltr'>προσ-</span> 
     </span>
    </p>
   </div>
   <div class='ocr_carea' id='block_1_20' title="bbox 2253 982 3830 1059">
    <p class='ocr_par' dir='ltr' id='par_1_20' title="bbox 2253 982 3830 1059">
     <span class='ocr_line' id='line_1_20' title="bbox 2253 982 3830 1059; baseline -0.005 -16"><span class='ocrx_word' id='word_1_135' title='bbox 2253 988 2415 1059; x_wconf 82' lang='grc' dir='ltr'>ευχὰς</span> <span class='ocrx_word' id='word_1_136' title='bbox 2451 992 2702 1054; x_wconf 76' lang='grc' dir='ltr'>ἐποιεῖτο,</span> <span class='ocrx_word' id='word_1_137' title='bbox 2734 991 2798 1041; x_wconf 83' lang='grc' dir='ltr'>ὲκ</span> <span class='ocrx_word' id='word_1_138' title='bbox 2826 987 2936 1040; x_wconf 90' lang='grc' dir='ltr'><strong>τῶν</strong></span> <span class='ocrx_word' id='word_1_139' title='bbox 2966 986 3236 1055; x_wconf 80' lang='grc' dir='ltr'><strong>αἰσθητῶν</strong></span> <span class='ocrx_word' id='word_1_140' title='bbox 3289 984 3493 1055; x_wconf 72' lang='grc' dir='ltr'>ἐχθρῶν</span> <span class='ocrx_word' id='word_1_141' title='bbox 3526 982 3662 1055; x_wconf 79' lang='grc' dir='ltr'>πρὸς</span> <span class='ocrx_word' id='word_1_142' title='bbox 3686 982 3830 1035; x_wconf 73' lang='grc' dir='ltr'>αὐτὰ</span> 
     </span>
    </p>
   </div>
   <div class='ocr_carea' id='block_1_21' title="bbox 2256 1072 3829 1148">
    <p class='ocr_par' dir='ltr' id='par_1_21' title="bbox 2256 1072 3829 1148">
     <span class='ocr_line' id='line_1_21' title="bbox 2256 1072 3829 1148; baseline -0.003 -19"><span class='ocrx_word' id='word_1_143' title='bbox 2256 1075 2738 1148; x_wconf 78' lang='grc' dir='ltr'>μεταϐαλλόμενος.</span> <span class='ocrx_word' id='word_1_144' title='bbox 2786 1076 2848 1128; x_wconf 91' lang='grc' dir='ltr'>Εἰ</span> <span class='ocrx_word' id='word_1_145' title='bbox 2879 1077 2986 1147; x_wconf 86' lang='grc' dir='ltr'><strong>γὰρ</strong></span> <span class='ocrx_word' id='word_1_146' title='bbox 3017 1076 3091 1147; x_wconf 83' lang='grc' dir='ltr'>μὴ</span> <span class='ocrx_word' id='word_1_147' title='bbox 3121 1074 3260 1128; x_wconf 86' lang='grc' dir='ltr'><strong>κατά</strong></span> <span class='ocrx_word' id='word_1_148' title='bbox 3297 1074 3480 1127; x_wconf 81' lang='grc' dir='ltr'>τοῦτον</span> <span class='ocrx_word' id='word_1_149' title='bbox 3502 1072 3594 1126; x_wconf 80' lang='grc' dir='ltr'>τὸν</span> <span class='ocrx_word' id='word_1_150' title='bbox 3620 1072 3829 1144; x_wconf 79' lang='grc' dir='ltr'>τρόπον</span> 
     </span>
    </p>
   </div>
   <div class='ocr_carea' id='block_1_22' title="bbox 2252 1165 3831 1240">
    <p class='ocr_par' dir='ltr' id='par_1_22' title="bbox 2252 1165 3831 1240">
     <span class='ocr_line' id='line_1_22' title="bbox 2252 1165 3831 1240; baseline -0.004 -17"><span class='ocrx_word' id='word_1_151' title='bbox 2252 1168 2570 1239; x_wconf 71' lang='grc' dir='ltr'>έκλάϐωμεν</span> <span class='ocrx_word' id='word_1_152' title='bbox 2593 1170 2683 1223; x_wconf 84' lang='grc' dir='ltr'>τὸν</span> <span class='ocrx_word' id='word_1_153' title='bbox 2708 1169 2905 1221; x_wconf 78' lang='grc' dir='ltr'>σκοπὸν</span> <span class='ocrx_word' id='word_1_154' title='bbox 2928 1168 3035 1221; x_wconf 89' lang='grc' dir='ltr'><strong>τῶν</strong></span> <span class='ocrx_word' id='word_1_155' title='bbox 3064 1168 3375 1240; x_wconf 75' lang='grc' dir='ltr'>προφητῶν,</span> <span class='ocrx_word' id='word_1_156' title='bbox 3397 1167 3459 1221; x_wconf 81' lang='grc' dir='ltr'>οὗ</span> <span class='ocrx_word' id='word_1_157' title='bbox 3489 1166 3646 1237; x_wconf 85' lang='grc' dir='ltr'>μόνον</span> <span class='ocrx_word' id='word_1_158' title='bbox 3675 1165 3831 1218; x_wconf 74' lang='grc' dir='ltr'>οὐδε-</span> 
     </span>
    </p>
   </div>
   <div class='ocr_carea' id='block_1_23' title="bbox 2258 1255 3829 1331">
    <p class='ocr_par' dir='ltr' id='par_1_23' title="bbox 2258 1255 3829 1331">
     <span class='ocr_line' id='line_1_23' title="bbox 2258 1255 3829 1331; baseline -0.001 -21"><span class='ocrx_word' id='word_1_159' title='bbox 2258 1260 2384 1330; x_wconf 81' lang='grc' dir='ltr'>μίαν</span> <span class='ocrx_word' id='word_1_160' title='bbox 2412 1260 2698 1331; x_wconf 80' lang='grc' dir='ltr'>οἰκοδομὴν</span> <span class='ocrx_word' id='word_1_161' title='bbox 2738 1262 2801 1312; x_wconf 80' lang='grc' dir='ltr'>ἐκ</span> <span class='ocrx_word' id='word_1_162' title='bbox 2830 1260 2938 1313; x_wconf 87' lang='grc' dir='ltr'><strong>τῶν</strong></span> <span class='ocrx_word' id='word_1_163' title='bbox 2980 1261 3110 1330; x_wconf 81' lang='grc' dir='ltr'>παρ’</span> <span class='ocrx_word' id='word_1_164' title='bbox 3144 1260 3325 1323; x_wconf 84' lang='grc' dir='ltr'>αὐτοῖς</span> <span class='ocrx_word' id='word_1_165' title='bbox 3352 1258 3652 1329; x_wconf 73' lang='grc' dir='ltr'><strong>εἰρημένων</strong></span> <span class='ocrx_word' id='word_1_166' title='bbox 3686 1255 3829 1326; x_wconf 78' lang='grc' dir='ltr'>πρὸς</span> 
     </span>
    </p>
   </div>
   <div class='ocr_carea' id='block_1_24' title="bbox 2253 1347 3833 1423">
    <p class='ocr_par' dir='ltr' id='par_1_24' title="bbox 2253 1347 3833 1423">
     <span class='ocr_line' id='line_1_24' title="bbox 2253 1347 3833 1423; baseline -0.003 -19"><span class='ocrx_word' id='word_1_167' title='bbox 2253 1351 2445 1421; x_wconf 82' lang='grc' dir='ltr'>κτῆσιν</span> <span class='ocrx_word' id='word_1_168' title='bbox 2499 1352 2802 1423; x_wconf 86' lang='grc' dir='ltr'>πραότητος</span> <span class='ocrx_word' id='word_1_169' title='bbox 2858 1350 3085 1421; x_wconf 74' lang='grc' dir='ltr'>ἕξομεν,</span> <span class='ocrx_word' id='word_1_170' title='bbox 3158 1350 3290 1403; x_wconf 80' lang='grc' dir='ltr'><strong>ἀλλά</strong></span> <span class='ocrx_word' id='word_1_171' title='bbox 3318 1350 3409 1403; x_wconf 77' lang='grc' dir='ltr'><strong>καὶ</strong></span> <span class='ocrx_word' id='word_1_172' title='bbox 3457 1347 3695 1419; x_wconf 90' lang='grc' dir='ltr'>σκληράν</span> <span class='ocrx_word' id='word_1_173' title='bbox 3746 1363 3833 1399; x_wconf 83' lang='grc' dir='ltr'>τι-</span> 
     </span>
    </p>
   </div>
   <div class='ocr_carea' id='block_1_25' title="bbox 2253 1438 3831 1512">
    <p class='ocr_par' dir='ltr' id='par_1_25' title="bbox 2253 1438 3831 1512">
     <span class='ocr_line' id='line_1_25' title="bbox 2253 1438 3831 1512; baseline -0.001 -19"><span class='ocrx_word' id='word_1_174' title='bbox 2253 1457 2319 1493; x_wconf 93' lang='grc' dir='ltr'>να</span> <span class='ocrx_word' id='word_1_175' title='bbox 2338 1440 2431 1494; x_wconf 79' lang='grc' dir='ltr'><strong>καὶ</strong></span> <span class='ocrx_word' id='word_1_176' title='bbox 2452 1442 2698 1496; x_wconf 78' lang='grc' dir='ltr'>ἐναντίαν</span> <span class='ocrx_word' id='word_1_177' title='bbox 2722 1442 2821 1511; x_wconf 83' lang='grc' dir='ltr'>τῆς</span> <span class='ocrx_word' id='word_1_178' title='bbox 2842 1442 3203 1512; x_wconf 83' lang='grc' dir='ltr'>εὐαγγελικῆς</span> <span class='ocrx_word' id='word_1_179' title='bbox 3224 1441 3563 1504; x_wconf 83' lang='grc' dir='ltr'>διδασκαλίας</span> <span class='ocrx_word' id='word_1_180' title='bbox 3587 1438 3831 1493; x_wconf 83' lang='grc' dir='ltr'>διάθεσιν</span> 
     </span>
    </p>
   </div>
   <div class='ocr_carea' id='block_1_26' title="bbox 2252 1530 3829 1605">
    <p class='ocr_par' dir='ltr' id='par_1_26' title="bbox 2252 1530 3829 1605">
     <span class='ocr_line' id='line_1_26' title="bbox 2252 1530 3829 1605; baseline -0.002 -20"><span class='ocrx_word' id='word_1_181' title='bbox 2252 1532 2634 1603; x_wconf 81' lang='grc' dir='ltr'><strong>ἀναληψόμεθα</strong></span> <span class='ocrx_word' id='word_1_182' title='bbox 2655 1536 2717 1587; x_wconf 66' lang='grc' dir='ltr'>ἐκ</span> <span class='ocrx_word' id='word_1_183' title='bbox 2739 1532 2831 1587; x_wconf 82' lang='grc' dir='ltr'>τοῦ</span> <span class='ocrx_word' id='word_1_184' title='bbox 2856 1534 3213 1605; x_wconf 86' lang='grc' dir='ltr'>κατεύχεσθαι</span> <span class='ocrx_word' id='word_1_185' title='bbox 3233 1533 3439 1604; x_wconf 86' lang='grc' dir='ltr'>συχνῶς</span> <span class='ocrx_word' id='word_1_186' title='bbox 3459 1532 3564 1585; x_wconf 91' lang='grc' dir='ltr'><strong>τῶν</strong></span> <span class='ocrx_word' id='word_1_187' title='bbox 3590 1530 3829 1602; x_wconf 79' lang='grc' dir='ltr'><strong>ἐχθρῶν,</strong></span> 
     </span>
    </p>
   </div>
   <div class='ocr_carea' id='block_1_27' title="bbox 2254 1620 3832 1697">
    <p class='ocr_par' dir='ltr' id='par_1_27' title="bbox 2254 1620 3832 1697">
     <span class='ocr_line' id='line_1_27' title="bbox 2254 1620 3832 1697; baseline 0.004 -22"><span class='ocrx_word' id='word_1_188' title='bbox 2254 1623 2346 1676; x_wconf 70' lang='grc' dir='ltr'><strong>καὶ</strong></span> <span class='ocrx_word' id='word_1_189' title='bbox 2394 1623 2468 1694; x_wconf 85' lang='grc' dir='ltr'>μὴ</span> <span class='ocrx_word' id='word_1_190' title='bbox 2516 1625 2733 1695; x_wconf 81' lang='grc' dir='ltr'>ἀγαπᾷν</span> <span class='ocrx_word' id='word_1_191' title='bbox 2754 1640 2766 1654; x_wconf 91' lang='grc'><strong>·</strong></span> <span class='ocrx_word' id='word_1_192' title='bbox 2818 1627 3165 1697; x_wconf 84' lang='grc' dir='ltr'>μυριοντάκις</span> <span class='ocrx_word' id='word_1_193' title='bbox 3197 1624 3443 1692; x_wconf 84' lang='grc' dir='ltr'>λέγοντος</span> <span class='ocrx_word' id='word_1_194' title='bbox 3494 1620 3587 1673; x_wconf 76' lang='grc' dir='ltr'><strong>τοῦ</strong></span> <span class='ocrx_word' id='word_1_195' title='bbox 3641 1620 3832 1682; x_wconf 69' lang='grc' dir='ltr'><strong>Δαυῒδ.</strong></span> 
     </span>
    </p>
   </div>
   <div class='ocr_carea' id='block_1_28' title="bbox 578 1713 2152 1785">
    <p class='ocr_par' dir='ltr' id='par_1_28' title="bbox 578 1713 2141 1783">
     <span class='ocr_line' id='line_1_28' title="bbox 578 1713 2141 1783; baseline 0.001 -16"><span class='ocrx_word' id='word_1_196' title='bbox 578 1723 640 1767; x_wconf 86' lang='lat' dir='ltr'><strong>ut</strong></span> <span class='ocrx_word' id='word_1_197' title='bbox 676 1713 969 1783; x_wconf 80' lang='lat' dir='ltr'><strong>diligamus</strong></span> <span class='ocrx_word' id='word_1_198' title='bbox 1015 1716 1157 1770; x_wconf 90' lang='lat' dir='ltr'><strong>illos.</strong></span> <span class='ocrx_word' id='word_1_199' title='bbox 1189 1714 1325 1769; x_wconf 84' lang='lat' dir='ltr'><strong>Nam</strong></span> <span class='ocrx_word' id='word_1_200' title='bbox 1378 1717 1683 1771; x_wconf 78' lang='lat' dir='ltr'><strong>sexcenties</strong></span> <span class='ocrx_word' id='word_1_201' title='bbox 1727 1714 1803 1768; x_wconf 90' lang='lat' dir='ltr'><strong>ait</strong></span> <span class='ocrx_word' id='word_1_202' title='bbox 1846 1715 2011 1769; x_wconf 83' lang='lat' dir='ltr'><strong>David</strong></span> <span class='ocrx_word' id='word_1_203' title='bbox 2048 1716 2095 1747; x_wconf 79' lang='lat'>“</span> <span class='ocrx_word' id='word_1_204' title='bbox 2127 1732 2141 1768; x_wconf 90' lang='lat'><strong>:</strong></span> 
     </span>
    </p>
   </div>
   <div class='ocr_carea' id='block_1_29' title="bbox 2253 1713 3833 1785">
    <p class='ocr_par' dir='ltr' id='par_1_29' title="bbox 2253 1713 3833 1785">
     <span class='ocr_line' id='line_1_29' title="bbox 2253 1713 3833 1785; baseline -0.001 -18"><span class='ocrx_word' id='word_1_205' title='bbox 2253 1716 2735 1785; x_wconf 75' lang='grc' dir='ltr'>Αἰσχυνθείησαν</span> <span class='ocrx_word' id='word_1_206' title='bbox 2751 1716 2847 1770; x_wconf 74' lang='grc' dir='ltr'>καὶ</span> <span class='ocrx_word' id='word_1_207' title='bbox 2869 1717 3306 1785; x_wconf 76' lang='grc' dir='ltr'>ἐντραπείησαν</span> <span class='ocrx_word' id='word_1_208' title='bbox 3320 1714 3538 1778; x_wconf 78' lang='grc' dir='ltr'>πάντες</span> <span class='ocrx_word' id='word_1_209' title='bbox 3554 1715 3606 1766; x_wconf 86' lang='grc' dir='ltr'><strong>οἰ</strong></span> <span class='ocrx_word' id='word_1_210' title='bbox 3624 1713 3833 1780; x_wconf 72' lang='grc' dir='ltr'>ἐχθροί</span> 
     </span>
    </p>
   </div>
   <div class='ocr_carea' id='block_1_30' title="bbox 579 1800 2152 1877">
    <p class='ocr_par' dir='ltr' id='par_1_30' title="bbox 579 1801 2144 1874">
     <span class='ocr_line' id='line_1_30' title="bbox 579 1801 2144 1874; baseline 0.001 -18"><span class='ocrx_word' id='word_1_211' title='bbox 579 1801 989 1872; x_wconf 79' lang='lat' dir='ltr'><strong>Coufundautur</strong></span> <span class='ocrx_word' id='word_1_212' title='bbox 1007 1815 1054 1858; x_wconf 79' lang='lat' dir='ltr'><strong>et</strong></span> <span class='ocrx_word' id='word_1_213' title='bbox 1069 1806 1266 1874; x_wconf 78' lang='lat' dir='ltr'><strong>pudore</strong></span> <span class='ocrx_word' id='word_1_214' title='bbox 1284 1806 1582 1874; x_wconf 71' lang='lat' dir='ltr'><strong>afficiantur</strong></span> <span class='ocrx_word' id='word_1_215' title='bbox 1601 1820 1776 1858; x_wconf 74' lang='lat' dir='ltr'><strong>omnes</strong></span> <span class='ocrx_word' id='word_1_216' title='bbox 1797 1806 1995 1858; x_wconf 83' lang='lat' dir='ltr'><strong>inimici</strong></span> <span class='ocrx_word' id='word_1_217' title='bbox 2021 1805 2144 1868; x_wconf 80' lang='lat' dir='ltr'><strong>mei,</strong></span> 
     </span>
    </p>
   </div>
   <div class='ocr_carea' id='block_1_31' title="bbox 2253 1800 3834 1877">
    <p class='ocr_par' dir='ltr' id='par_1_31' title="bbox 2253 1800 3834 1877">
     <span class='ocr_line' id='line_1_31' title="bbox 2253 1800 3834 1877; baseline -0.002 -19"><span class='ocrx_word' id='word_1_218' title='bbox 2253 1822 2395 1873; x_wconf 88' lang='grc' dir='ltr'>μου,</span> <span class='ocrx_word' id='word_1_219' title='bbox 2454 1806 2553 1859; x_wconf 77' lang='grc' dir='ltr'>καὶ</span> <span class='ocrx_word' id='word_1_220' title='bbox 2582 1805 2667 1875; x_wconf 81' lang='grc' dir='ltr'>μὴ</span> <span class='ocrx_word' id='word_1_221' title='bbox 2714 1808 3108 1874; x_wconf 80' lang='grc' dir='ltr'>αἰσχυνθείην</span> <span class='ocrx_word' id='word_1_222' title='bbox 3140 1805 3273 1877; x_wconf 67' lang='grc' dir='ltr'><strong>ἐγώ.</strong></span> <span class='ocrx_word' id='word_1_223' title='bbox 3310 1803 3494 1859; x_wconf 79' lang='grc' dir='ltr'>Ταῦτα</span> <span class='ocrx_word' id='word_1_224' title='bbox 3516 1802 3574 1856; x_wconf 77' lang='grc' dir='ltr'>δὲ</span> <span class='ocrx_word' id='word_1_225' title='bbox 3613 1802 3716 1855; x_wconf 79' lang='grc' dir='ltr'>οὐκ</span> <span class='ocrx_word' id='word_1_226' title='bbox 3762 1800 3834 1855; x_wconf 83' lang='grc' dir='ltr'>ἂν</span> 
     </span>
    </p>
   </div>
   <div class='ocr_carea' id='block_1_32' title="bbox 577 1891 2152 1967">
    <p class='ocr_par' dir='ltr' id='par_1_32' title="bbox 577 1894 2151 1965">
     <span class='ocr_line' id='line_1_32' title="bbox 577 1894 2151 1965; baseline 0.002 -18"><span class='ocrx_word' id='word_1_227' title='bbox 577 1902 628 1947; x_wconf 81' lang='lat' dir='ltr'><strong>et</strong></span> <span class='ocrx_word' id='word_1_228' title='bbox 662 1909 764 1947; x_wconf 83' lang='lat' dir='ltr'><strong>non</strong></span> <span class='ocrx_word' id='word_1_229' title='bbox 802 1895 1099 1963; x_wconf 77' lang='lat' dir='ltr'><strong>confundor</strong></span> <span class='ocrx_word' id='word_1_230' title='bbox 1138 1912 1251 1965; x_wconf 67' lang='lat' dir='ltr'><strong>rgo.</strong></span> <span class='ocrx_word' id='word_1_231' title='bbox 1300 1894 1511 1950; x_wconf 89' lang='lat' dir='ltr'><strong>Similia</strong></span> <span class='ocrx_word' id='word_1_232' title='bbox 1552 1895 1695 1950; x_wconf 88' lang='lat' dir='ltr'><strong>enim</strong></span> <span class='ocrx_word' id='word_1_233' title='bbox 1754 1910 1822 1949; x_wconf 87' lang='lat' dir='ltr'><strong>ne</strong></span> <span class='ocrx_word' id='word_1_234' title='bbox 1865 1896 2151 1950; x_wconf 85' lang='lat' dir='ltr'><strong>credamus</strong></span> 
     </span>
    </p>
   </div>
   <div class='ocr_carea' id='block_1_33' title="bbox 2253 1891 3834 1967">
    <p class='ocr_par' dir='ltr' id='par_1_33' title="bbox 2253 1892 3834 1967">
     <span class='ocr_line' id='line_1_33' title="bbox 2253 1892 3834 1967; baseline -0.002 -20"><span class='ocrx_word' id='word_1_235' title='bbox 2253 1895 2601 1967; x_wconf 89' lang='grc' dir='ltr'>πεισθείημεν</span> <span class='ocrx_word' id='word_1_236' title='bbox 2630 1896 2802 1959; x_wconf 78' lang='grc' dir='ltr'>οὕτως</span> <span class='ocrx_word' id='word_1_237' title='bbox 2834 1895 3113 1967; x_wconf 77' lang='grc' dir='ltr'>εἰρηκέναι</span> <span class='ocrx_word' id='word_1_238' title='bbox 3161 1897 3357 1967; x_wconf 75' lang='grc' dir='ltr'>ἄνδρας</span> <span class='ocrx_word' id='word_1_239' title='bbox 3395 1893 3678 1965; x_wconf 78' lang='grc' dir='ltr'>προφήτας</span> <span class='ocrx_word' id='word_1_240' title='bbox 3731 1892 3834 1944; x_wconf 74' lang='grc' dir='ltr'>καὶ</span> 
     </span>
    </p>
   </div>
   <div class='ocr_carea' id='block_1_34' title="bbox 578 1983 2152 2060">
    <p class='ocr_par' dir='ltr' id='par_1_34' title="bbox 578 1985 2149 2056">
     <span class='ocr_line' id='line_1_34' title="bbox 578 1985 2149 2056; baseline 0.003 -17"><span class='ocrx_word' id='word_1_241' title='bbox 578 1985 781 2041; x_wconf 80' lang='lat' dir='ltr'><strong>dixisse</strong></span> <span class='ocrx_word' id='word_1_242' title='bbox 825 1986 971 2041; x_wconf 86' lang='lat' dir='ltr'><strong>viros</strong></span> <span class='ocrx_word' id='word_1_243' title='bbox 1016 1987 1305 2055; x_wconf 87' lang='lat' dir='ltr'><strong>prophetas</strong></span> <span class='ocrx_word' id='word_1_244' title='bbox 1348 1996 1402 2042; x_wconf 95' lang='lat' dir='ltr'><strong>et</strong></span> <span class='ocrx_word' id='word_1_245' title='bbox 1447 1988 1653 2042; x_wconf 88' lang='lat' dir='ltr'><strong>amicos</strong></span> <span class='ocrx_word' id='word_1_246' title='bbox 1687 1985 1779 2041; x_wconf 91' lang='lat' dir='ltr'><strong>Dei</strong></span> <span class='ocrx_word' id='word_1_247' title='bbox 1831 1988 1939 2041; x_wconf 90' lang='lat' dir='ltr'><strong>alio</strong></span> <span class='ocrx_word' id='word_1_248' title='bbox 1982 2002 2149 2056; x_wconf 86' lang='lat' dir='ltr'><strong>quam</strong></span> 
     </span>
    </p>
   </div>
   <div class='ocr_carea' id='block_1_35' title="bbox 2253 1983 3836 2060">
    <p class='ocr_par' dir='ltr' id='par_1_35' title="bbox 2256 1983 3836 2060">
     <span class='ocr_line' id='line_1_35' title="bbox 2256 1983 3836 2060; baseline -0.001 -21"><span class='ocrx_word' id='word_1_249' title='bbox 2256 1988 2439 2056; x_wconf 84' lang='grc' dir='ltr'>φίλους</span> <span class='ocrx_word' id='word_1_250' title='bbox 2459 1988 2616 2051; x_wconf 83' lang='grc' dir='ltr'>Θεοῦ,</span> <span class='ocrx_word' id='word_1_251' title='bbox 2644 1991 2692 2042; x_wconf 85' lang='grc' dir='ltr'><strong>εἰ</strong></span> <span class='ocrx_word' id='word_1_252' title='bbox 2717 1988 2791 2060; x_wconf 83' lang='grc' dir='ltr'>μὴ</span> <span class='ocrx_word' id='word_1_253' title='bbox 2810 1988 2889 2059; x_wconf 84' lang='grc' dir='ltr'>τῷ</span> <span class='ocrx_word' id='word_1_254' title='bbox 2914 1988 3295 2060; x_wconf 81' lang='grc' dir='ltr'>προειρημένῳ</span> <span class='ocrx_word' id='word_1_255' title='bbox 3312 1987 3516 2058; x_wconf 81' lang='grc' dir='ltr'>τρόπῳ.</span> <span class='ocrx_word' id='word_1_256' title='bbox 3542 1983 3700 2040; x_wconf 71' lang='grc' dir='ltr'>Οὕτω</span> <span class='ocrx_word' id='word_1_257' title='bbox 3718 1985 3836 2055; x_wconf 82' lang='grc' dir='ltr'><strong>γὰρ</strong></span> 
     </span>
    </p>
   </div>
   <div class='ocr_carea' id='block_1_36' title="bbox 579 2074 2152 2150">
    <p class='ocr_par' dir='ltr' id='par_1_36' title="bbox 579 2079 2152 2150">
     <span class='ocr_line' id='line_1_36' title="bbox 579 2079 2152 2150; baseline 0.001 -17"><span class='ocrx_word' id='word_1_258' title='bbox 579 2079 827 2148; x_wconf 81' lang='lat' dir='ltr'><strong>superius</strong></span> <span class='ocrx_word' id='word_1_259' title='bbox 855 2095 883 2131; x_wconf 86' lang='lat' dir='ltr'><strong>a</strong></span> <span class='ocrx_word' id='word_1_260' title='bbox 914 2081 1070 2135; x_wconf 86' lang='lat' dir='ltr'><strong>nobis</strong></span> <span class='ocrx_word' id='word_1_261' title='bbox 1093 2081 1363 2149; x_wconf 80' lang='lat' dir='ltr'><strong>explicato</strong></span> <span class='ocrx_word' id='word_1_262' title='bbox 1388 2096 1557 2135; x_wconf 84' lang='lat' dir='ltr'><strong>more.</strong></span> <span class='ocrx_word' id='word_1_263' title='bbox 1590 2080 1767 2149; x_wconf 82' lang='lat' dir='ltr'><strong>Atque</strong></span> <span class='ocrx_word' id='word_1_264' title='bbox 1792 2081 1861 2134; x_wconf 92' lang='lat' dir='ltr'><strong>ita</strong></span> <span class='ocrx_word' id='word_1_265' title='bbox 1888 2081 2152 2150; x_wconf 80' lang='lat' dir='ltr'><strong>intelligat</strong></span> 
     </span>
    </p>
   </div>
   <div class='ocr_carea' id='block_1_37' title="bbox 2253 2074 3833 2150">
    <p class='ocr_par' dir='ltr' id='par_1_37' title="bbox 2256 2074 3833 2149">
     <span class='ocr_line' id='line_1_37' title="bbox 2256 2074 3833 2149; baseline -0.003 -18"><span class='ocrx_word' id='word_1_266' title='bbox 2256 2078 2360 2149; x_wconf 80' lang='grc' dir='ltr'><strong>χρὴ</strong></span> <span class='ocrx_word' id='word_1_267' title='bbox 2386 2082 2524 2131; x_wconf 88' lang='grc' dir='ltr'>νοεῖν</span> <span class='ocrx_word' id='word_1_268' title='bbox 2552 2078 2643 2132; x_wconf 84' lang='grc' dir='ltr'>τὸν</span> <span class='ocrx_word' id='word_1_269' title='bbox 2678 2079 2962 2149; x_wconf 80' lang='grc' dir='ltr'>φιλόπονον</span> <span class='ocrx_word' id='word_1_270' title='bbox 2982 2119 2997 2142; x_wconf 90' lang='grc'><strong>,</strong></span> <span class='ocrx_word' id='word_1_271' title='bbox 3046 2078 3172 2132; x_wconf 80' lang='grc' dir='ltr'>ἔνθα</span> <span class='ocrx_word' id='word_1_272' title='bbox 3197 2078 3264 2131; x_wconf 81' lang='grc' dir='ltr'>ἂν</span> <span class='ocrx_word' id='word_1_273' title='bbox 3297 2074 3650 2148; x_wconf 73' lang='grc' dir='ltr'>ἐπαρώμενον</span> <span class='ocrx_word' id='word_1_274' title='bbox 3677 2075 3833 2146; x_wconf 77' lang='grc' dir='ltr'>εὕροι</span> 
     </span>
    </p>
   </div>
   <div class='ocr_carea' id='block_1_38' title="bbox 579 2166 2152 2241">
    <p class='ocr_par' dir='ltr' id='par_1_38' title="bbox 579 2168 2151 2239">
     <span class='ocr_line' id='line_1_38' title="bbox 579 2168 2151 2239; baseline 0.002 -18"><span class='ocrx_word' id='word_1_275' title='bbox 579 2177 793 2236; x_wconf 89' lang='lat' dir='ltr'><strong>oportet</strong></span> <span class='ocrx_word' id='word_1_276' title='bbox 840 2168 922 2223; x_wconf 77' lang='lat' dir='ltr'><strong>vir</strong></span> <span class='ocrx_word' id='word_1_277' title='bbox 979 2170 1213 2239; x_wconf 90' lang='lat' dir='ltr'><strong>quisque</strong></span> <span class='ocrx_word' id='word_1_278' title='bbox 1251 2170 1476 2225; x_wconf 82' lang='lat' dir='ltr'><strong>sedulus</strong></span> <span class='ocrx_word' id='word_1_279' title='bbox 1516 2184 1580 2224; x_wconf 89' lang='lat' dir='ltr'><strong>ac</strong></span> <span class='ocrx_word' id='word_1_280' title='bbox 1620 2168 1922 2234; x_wconf 85' lang='lat' dir='ltr'><strong>studiosus,</strong></span> <span class='ocrx_word' id='word_1_281' title='bbox 1973 2171 2151 2225; x_wconf 84' lang='lat' dir='ltr'><strong>sicubi</strong></span> 
     </span>
    </p>
   </div>
   <div class='ocr_carea' id='block_1_39' title="bbox 2253 2166 3832 2241">
    <p class='ocr_par' dir='ltr' id='par_1_39' title="bbox 2257 2166 3832 2241">
     <span class='ocr_line' id='line_1_39' title="bbox 2257 2166 3832 2241; baseline -0.003 -17"><span class='ocrx_word' id='word_1_282' title='bbox 2257 2170 2540 2240; x_wconf 82' lang='grc' dir='ltr'>προφήτην</span> <span class='ocrx_word' id='word_1_283' title='bbox 2560 2209 2575 2233; x_wconf 93' lang='grc'><strong>,</strong></span> <span class='ocrx_word' id='word_1_284' title='bbox 2603 2170 2694 2223; x_wconf 71' lang='grc' dir='ltr'><strong>ἐπὶ</strong></span> <span class='ocrx_word' id='word_1_285' title='bbox 2717 2171 2843 2234; x_wconf 83' lang='grc' dir='ltr'>τοὺς</span> <span class='ocrx_word' id='word_1_286' title='bbox 2868 2171 3090 2241; x_wconf 82' lang='grc' dir='ltr'>νοητοὺς</span> <span class='ocrx_word' id='word_1_287' title='bbox 3117 2169 3343 2241; x_wconf 76' lang='grc' dir='ltr'>ἐχθροὺς</span> <span class='ocrx_word' id='word_1_288' title='bbox 3366 2167 3472 2222; x_wconf 79' lang='grc' dir='ltr'>ἀπὸ</span> <span class='ocrx_word' id='word_1_289' title='bbox 3498 2168 3605 2221; x_wconf 87' lang='grc' dir='ltr'><strong>τῶν</strong></span> <span class='ocrx_word' id='word_1_290' title='bbox 3633 2166 3832 2237; x_wconf 77' lang='grc' dir='ltr'>αἰσθη-</span> 
     </span>
    </p>
   </div>
   <div class='ocr_carea' id='block_1_40' title="bbox 580 2257 2152 2332">
    <p class='ocr_par' dir='ltr' id='par_1_40' title="bbox 580 2260 2150 2332">
     <span class='ocr_line' id='line_1_40' title="bbox 580 2260 2150 2332; baseline 0.001 -18"><span class='ocrx_word' id='word_1_291' title='bbox 580 2262 963 2331; x_wconf 89' lang='lat' dir='ltr'><strong>imprecantem</strong></span> <span class='ocrx_word' id='word_1_292' title='bbox 1002 2263 1322 2332; x_wconf 85' lang='lat' dir='ltr'><strong>pr0phetam</strong></span> <span class='ocrx_word' id='word_1_293' title='bbox 1365 2262 1628 2325; x_wconf 83' lang='lat' dir='ltr'><strong>inveniat,</strong></span> <span class='ocrx_word' id='word_1_294' title='bbox 1666 2262 1735 2314; x_wconf 89' lang='lat' dir='ltr'><strong>ab</strong></span> <span class='ocrx_word' id='word_1_295' title='bbox 1768 2261 2018 2315; x_wconf 88' lang='lat' dir='ltr'><strong>hostibus</strong></span> <span class='ocrx_word' id='word_1_296' title='bbox 2054 2260 2150 2330; x_wconf 81' lang='lat' dir='ltr'><strong>qui</strong></span> 
     </span>
    </p>
   </div>
   <div class='ocr_carea' id='block_1_41' title="bbox 2253 2257 3831 2332">
    <p class='ocr_par' dir='ltr' id='par_1_41' title="bbox 2254 2257 3831 2331">
     <span class='ocr_line' id='line_1_41' title="bbox 2254 2257 3831 2331; baseline 0.002 -19"><span class='ocrx_word' id='word_1_297' title='bbox 2254 2258 2363 2312; x_wconf 86' lang='grc' dir='ltr'><strong>τῶν</strong></span> <span class='ocrx_word' id='word_1_298' title='bbox 2394 2260 2813 2331; x_wconf 80' lang='grc' dir='ltr'>μεταϐάλλοντα.</span> <span class='ocrx_word' id='word_1_299' title='bbox 2866 2262 3063 2315; x_wconf 73' lang='grc' dir='ltr'>Λοιπὸν</span> <span class='ocrx_word' id='word_1_300' title='bbox 3091 2261 3154 2331; x_wconf 84' lang='grc' dir='ltr'>δὴ</span> <span class='ocrx_word' id='word_1_301' title='bbox 3186 2257 3684 2330; x_wconf 61' lang='grc' dir='ltr'>κατασχολπεσθαι</span> <span class='ocrx_word' id='word_1_302' title='bbox 3732 2258 3831 2315; x_wconf 75' lang='grc' dir='ltr'>τὸν</span> 
     </span>
    </p>
   </div>
   <div class='ocr_carea' id='block_1_42' title="bbox 580 2349 2152 2425">
    <p class='ocr_par' dir='ltr' id='par_1_42' title="bbox 580 2349 2148 2421">
     <span class='ocr_line' id='line_1_42' title="bbox 580 2349 2148 2421; baseline -0.001 -14"><span class='ocrx_word' id='word_1_303' title='bbox 580 2353 681 2407; x_wconf 83' lang='lat' dir='ltr'><strong>sub</strong></span> <span class='ocrx_word' id='word_1_304' title='bbox 711 2369 931 2409; x_wconf 88' lang='lat' dir='ltr'><strong>sensum</strong></span> <span class='ocrx_word' id='word_1_305' title='bbox 974 2354 1177 2409; x_wconf 87' lang='lat' dir='ltr'><strong>cadunt</strong></span> <span class='ocrx_word' id='word_1_306' title='bbox 1203 2352 1271 2407; x_wconf 87' lang='lat' dir='ltr'><strong>ad</strong></span> <span class='ocrx_word' id='word_1_307' title='bbox 1319 2351 1684 2421; x_wconf 82' lang='lat' dir='ltr'><strong>intelligibiles</strong></span> <span class='ocrx_word' id='word_1_308' title='bbox 1716 2351 1970 2405; x_wconf 85' lang='lat' dir='ltr'><strong>inimicos</strong></span> <span class='ocrx_word' id='word_1_309' title='bbox 2006 2349 2148 2407; x_wconf 80' lang='lat' dir='ltr'><strong>facta</strong></span> 
     </span>
    </p>
   </div>
   <div class='ocr_carea' id='block_1_43' title="bbox 2253 2349 3491 2425">
    <p class='ocr_par' dir='ltr' id='par_1_43' title="bbox 2255 2352 3491 2425">
     <span class='ocr_line' id='line_1_43' title="bbox 2255 2352 3491 2425; baseline 0.003 -21"><span class='ocrx_word' id='word_1_310' title='bbox 2255 2352 2501 2424; x_wconf 81' lang='grc' dir='ltr'>ἀσκητὴν</span> <span class='ocrx_word' id='word_1_311' title='bbox 2530 2354 2729 2416; x_wconf 83' lang='grc' dir='ltr'>παντὸς</span> <span class='ocrx_word' id='word_1_312' title='bbox 2755 2355 2995 2425; x_wconf 78' lang='grc' dir='ltr'>ῥήματος</span> <span class='ocrx_word' id='word_1_313' title='bbox 3020 2352 3120 2423; x_wconf 85' lang='grc' dir='ltr'>τὴν</span> <span class='ocrx_word' id='word_1_314' title='bbox 3144 2353 3491 2422; x_wconf 81' lang='grc' dir='ltr'>κατανόησιν.</span> 
     </span>
    </p>
   </div>
   <div class='ocr_carea' id='block_1_44' title="bbox 580 2426 3140 2515">
    <p class='ocr_par' dir='ltr' id='par_1_44' title="bbox 580 2426 3140 2515">
     <span class='ocr_line' id='line_1_44' title="bbox 580 2426 3140 2515; baseline -0.001 -16"><span class='ocrx_word' id='word_1_315' title='bbox 580 2445 953 2500; x_wconf 84' lang='lat' dir='ltr'><strong>translatione.</strong></span> <span class='ocrx_word' id='word_1_316' title='bbox 999 2442 1234 2499; x_wconf 90' lang='lat' dir='ltr'><strong>Demum</strong></span> <span class='ocrx_word' id='word_1_317' title='bbox 1267 2457 1463 2498; x_wconf 85' lang='lat' dir='ltr'><strong>vacare</strong></span> <span class='ocrx_word' id='word_1_318' title='bbox 1494 2450 1714 2513; x_wconf 89' lang='lat' dir='ltr'><strong>oportet</strong></span> <span class='ocrx_word' id='word_1_319' title='bbox 1759 2450 2001 2497; x_wconf 89' lang='lat' dir='ltr'><strong>ascetam</strong></span> <span class='ocrx_word' id='word_1_320' title='bbox 2051 2426 2390 2512; x_wconf 83' lang='lat' dir='ltr'><strong>singulorum</strong></span> <span class='ocrx_word' id='word_1_321' title='bbox 2425 2443 2716 2500; x_wconf 79' lang='lat' dir='ltr'><strong>verborum</strong></span> <span class='ocrx_word' id='word_1_322' title='bbox 2754 2442 3140 2515; x_wconf 60' lang='lat' dir='ltr'><strong>intelligentia.</strong></span> 
     </span>
    </p>
   </div>
   <div class='ocr_carea' id='block_1_45' title="bbox 649 2611 1210 2680">
    <p class='ocr_par' dir='ltr' id='par_1_45' title="bbox 649 2611 1210 2680">
     <span class='ocr_line' id='line_1_45' title="bbox 649 2611 1210 2680; baseline 0.005 -15"><span class='ocrx_word' id='word_1_323' title='bbox 649 2611 696 2644; x_wconf 83' lang='lat'><strong>&quot;</strong></span> <span class='ocrx_word' id='word_1_324' title='bbox 734 2612 877 2668; x_wconf 84' lang='lat' dir='ltr'><strong>Psal.</strong></span> <span class='ocrx_word' id='word_1_325' title='bbox 932 2629 1121 2680; x_wconf 75' lang='lat' dir='ltr'><strong>xxxiv,</strong></span> <span class='ocrx_word' id='word_1_326' title='bbox 1152 2614 1210 2668; x_wconf 73' lang='grc'><strong>4.</strong></span> 
     </span>
    </p>
   </div>
   <div class='ocr_carea' id='block_1_46' title="bbox 1267 2969 3145 3137">
    <p class='ocr_par' dir='ltr' id='par_1_46' title="bbox 1267 2969 3145 3137">
     <span class='ocr_line' id='line_1_46' title="bbox 1267 2969 3145 3137; baseline -0.006 0"><span class='ocrx_word' id='word_1_327' title='bbox 1267 2975 1951 3137; x_wconf 85' lang='lat' dir='ltr'><strong>SANCTI</strong></span> <span class='ocrx_word' id='word_1_328' title='bbox 2103 2969 3145 3131; x_wconf 87' lang='lat' dir='ltr'><strong>ATHANASII</strong></span> 
     </span>
    </p>
   </div>
   <div class='ocr_carea' id='block_1_47' title="bbox 1684 3283 2727 3344">
    <p class='ocr_par' dir='ltr' id='par_1_47' title="bbox 1684 3283 2727 3344">
     <span class='ocr_line' id='line_1_47' title="bbox 1684 3283 2727 3344; baseline -0.003 -1"><span class='ocrx_word' id='word_1_329' title='bbox 1684 3284 2218 3344; x_wconf 79' lang='lat' dir='ltr'><strong>ARCHIEPISCOPI</strong></span> <span class='ocrx_word' id='word_1_330' title='bbox 2254 3283 2727 3341; x_wconf 73' lang='lat' dir='ltr'><strong>ALEXANDRINI</strong></span> 
     </span>
    </p>
   </div>
   <div class='ocr_carea' id='block_1_48' title="bbox 1020 3483 3382 3621">
    <p class='ocr_par' dir='ltr' id='par_1_48' title="bbox 1020 3483 3382 3621">
     <span class='ocr_line' id='line_1_48' title="bbox 1020 3483 3382 3621; baseline -0.003 -3"><span class='ocrx_word' id='word_1_331' title='bbox 1020 3486 2175 3621; x_wconf 87' lang='lat' dir='ltr'><strong>EXPOSITIONES</strong></span> <span class='ocrx_word' id='word_1_332' title='bbox 2325 3485 2487 3609; x_wconf 88' lang='lat' dir='ltr'><strong>IN</strong></span> <span class='ocrx_word' id='word_1_333' title='bbox 2617 3483 3382 3616; x_wconf 86' lang='lat' dir='ltr'><strong>PSALMOS.</strong></span> 
     </span>
    </p>
   </div>
   <div class='ocr_carea' id='block_1_49' title="bbox 1130 3873 3300 3939">
    <p class='ocr_par' dir='ltr' id='par_1_49' title="bbox 1130 3873 3300 3939">
     <span class='ocr_line' id='line_1_49' title="bbox 1130 3873 3300 3939; baseline -0.004 -5"><span class='ocrx_word' id='word_1_334' title='bbox 1130 3877 1548 3937; x_wconf 73' lang='grc' dir='ltr'><strong>ΡδΑιΜυε</strong></span> <span class='ocrx_word' id='word_1_335' title='bbox 1600 3877 1653 3934; x_wconf 85' lang='grc' dir='ltr'><strong>Ι.</strong></span> <span class='ocrx_word' id='word_1_336' title='bbox 2176 3881 2219 3939; x_wconf 84' lang='lat' dir='ltr'><strong><em>C</em></strong></span> <span class='ocrx_word' id='word_1_337' title='bbox 2769 3873 3169 3926; x_wconf 81' lang='grc' dir='ltr'><strong>ΨΑΛΜΟΣ</strong></span> <span class='ocrx_word' id='word_1_338' title='bbox 3217 3877 3300 3925; x_wconf 83' lang='grc' dir='ltr'><strong>Α’.</strong></span> 
     </span>
    </p>
   </div>
   <div class='ocr_carea' id='block_1_50' title="bbox 1189 3972 1589 4041">
    <p class='ocr_par' dir='ltr' id='par_1_50' title="bbox 1189 3972 1589 4041">
     <span class='ocr_line' id='line_1_50' title="bbox 1189 3972 1589 4041; baseline 0 -18"><span class='ocrx_word' id='word_1_339' title='bbox 1189 3972 1589 4041; x_wconf 78' lang='lat' dir='ltr'><strong>Argumentum.</strong></span> 
     </span>
    </p>
   </div>
   <div class='ocr_carea' id='block_1_51' title="bbox 582 4060 2153 4136">
    <p class='ocr_par' dir='ltr' id='par_1_51' title="bbox 582 4060 2153 4136">
     <span class='ocr_line' id='line_1_51' title="bbox 582 4060 2153 4136; baseline -0.006 -13"><span class='ocrx_word' id='word_1_340' title='bbox 582 4068 799 4124; x_wconf 83' lang='lat' dir='ltr'><strong>Initium</strong></span> <span class='ocrx_word' id='word_1_341' title='bbox 841 4064 1136 4136; x_wconf 79' lang='lat' dir='ltr'><strong>prophetia:</strong></span> <span class='ocrx_word' id='word_1_342' title='bbox 1168 4062 1388 4117; x_wconf 87' lang='lat' dir='ltr'><strong>Christo</strong></span> <span class='ocrx_word' id='word_1_343' title='bbox 1429 4063 1497 4116; x_wconf 87' lang='lat' dir='ltr'><strong>ab</strong></span> <span class='ocrx_word' id='word_1_344' title='bbox 1541 4062 1660 4130; x_wconf 88' lang='lat' dir='ltr'><strong>ipso</strong></span> <span class='ocrx_word' id='word_1_345' title='bbox 1693 4060 1991 4116; x_wconf 88' lang='lat' dir='ltr'><strong>secundum</strong></span> <span class='ocrx_word' id='word_1_346' title='bbox 2031 4073 2153 4114; x_wconf 87' lang='lat' dir='ltr'><strong>car-</strong></span> 
     </span>
    </p>
   </div>
   <div class='ocr_carea' id='block_1_52' title="bbox 647 4150 2155 4221">
    <p class='ocr_par' dir='ltr' id='par_1_52' title="bbox 647 4150 2155 4221">
     <span class='ocr_line' id='line_1_52' title="bbox 647 4150 2155 4221; baseline -0.006 -6"><span class='ocrx_word' id='word_1_347' title='bbox 647 4176 767 4217; x_wconf 90' lang='lat' dir='ltr'><strong>nem</strong></span> <span class='ocrx_word' id='word_1_348' title='bbox 793 4160 1070 4214; x_wconf 83' lang='lat' dir='ltr'><strong>nascituro</strong></span> <span class='ocrx_word' id='word_1_349' title='bbox 1099 4154 1256 4211; x_wconf 81' lang='lat' dir='ltr'><strong>oﬂ‘ert</strong></span> <span class='ocrx_word' id='word_1_350' title='bbox 1284 4154 1471 4211; x_wconf 80' lang='lat' dir='ltr'><strong>David.</strong></span> <span class='ocrx_word' id='word_1_351' title='bbox 1495 4153 1859 4221; x_wconf 86' lang='lat' dir='ltr'><strong>Quamobrem</strong></span> <span class='ocrx_word' id='word_1_352' title='bbox 1885 4151 1937 4205; x_wconf 89' lang='lat' dir='ltr'><strong>in</strong></span> <span class='ocrx_word' id='word_1_353' title='bbox 1963 4150 2155 4221; x_wconf 86' lang='lat' dir='ltr'><strong>primis</strong></span> 
     </span>
    </p>
   </div>
   <div class='ocr_carea' id='block_1_53' title="bbox 648 4249 1554 4321">
    <p class='ocr_par' dir='ltr' id='par_1_53' title="bbox 648 4249 1554 4321">
     <span class='ocr_line' id='line_1_53' title="bbox 648 4249 1554 4321; baseline -0.007 -13"><span class='ocrx_word' id='word_1_354' title='bbox 648 4254 836 4308; x_wconf 84' lang='lat' dir='ltr'><strong>beatos</strong></span> <span class='ocrx_word' id='word_1_355' title='bbox 861 4252 990 4307; x_wconf 90' lang='lat' dir='ltr'><strong>dicit</strong></span> <span class='ocrx_word' id='word_1_356' title='bbox 1020 4250 1109 4321; x_wconf 90' lang='lat' dir='ltr'><strong>qui</strong></span> <span class='ocrx_word' id='word_1_357' title='bbox 1135 4257 1357 4319; x_wconf 89' lang='lat' dir='ltr'><strong>sperant</strong></span> <span class='ocrx_word' id='word_1_358' title='bbox 1386 4249 1439 4302; x_wconf 94' lang='lat' dir='ltr'><strong>in</strong></span> <span class='ocrx_word' id='word_1_359' title='bbox 1468 4262 1554 4302; x_wconf 92' lang='lat' dir='ltr'><strong>eo.</strong></span> 
     </span>
    </p>
   </div>
   <div class='ocr_carea' id='block_1_54' title="bbox 652 4335 2153 4419">
    <p class='ocr_par' dir='ltr' id='par_1_54' title="bbox 652 4335 2153 4419">
     <span class='ocr_line' id='line_1_54' title="bbox 652 4335 2153 4419; baseline -0.006 -20"><span class='ocrx_word' id='word_1_360' title='bbox 652 4343 874 4419; x_wconf 84' lang='lat' dir='ltr'><strong>[Beatos</strong></span> <span class='ocrx_word' id='word_1_361' title='bbox 892 4352 1071 4398; x_wconf 88' lang='lat' dir='ltr'><strong>autem</strong></span> <span class='ocrx_word' id='word_1_362' title='bbox 1098 4350 1259 4397; x_wconf 82' lang='lat' dir='ltr'><strong>vocat</strong></span> <span class='ocrx_word' id='word_1_363' title='bbox 1281 4355 1377 4394; x_wconf 82' lang='lat' dir='ltr'><strong>eos</strong></span> <span class='ocrx_word' id='word_1_364' title='bbox 1402 4340 1495 4409; x_wconf 90' lang='lat' dir='ltr'><strong>qui</strong></span> <span class='ocrx_word' id='word_1_365' title='bbox 1527 4352 1637 4392; x_wconf 88' lang='lat' dir='ltr'><strong>non</strong></span> <span class='ocrx_word' id='word_1_366' title='bbox 1664 4338 1868 4392; x_wconf 88' lang='lat' dir='ltr'><strong>abeunt</strong></span> <span class='ocrx_word' id='word_1_367' title='bbox 1894 4338 1950 4391; x_wconf 88' lang='lat' dir='ltr'><strong>in</strong></span> <span class='ocrx_word' id='word_1_368' title='bbox 1971 4335 2153 4391; x_wconf 88' lang='lat' dir='ltr'><strong>consi-</strong></span> 
     </span>
    </p>
   </div>
   <div class='ocr_carea' id='block_1_55' title="bbox 2887 3962 3207 4025">
    <p class='ocr_par' dir='ltr' id='par_1_55' title="bbox 2887 3962 3207 4025">
     <span class='ocr_line' id='line_1_55' title="bbox 2887 3962 3207 4025; baseline 0.006 -13"><span class='ocrx_word' id='word_1_369' title='bbox 2887 3962 3207 4025; x_wconf 76' lang='grc' dir='ltr'>Ὑπόθεσις.</span> 
     </span>
    </p>
   </div>
   <div class='ocr_carea' id='block_1_56' title="bbox 2255 4052 3828 4129">
    <p class='ocr_par' dir='ltr' id='par_1_56' title="bbox 2255 4052 3828 4129">
     <span class='ocr_line' id='line_1_56' title="bbox 2255 4052 3828 4129; baseline -0.002 -17"><span class='ocrx_word' id='word_1_370' title='bbox 2255 4058 2366 4129; x_wconf 73' lang='grc' dir='ltr'><strong>Τὴν</strong></span> <span class='ocrx_word' id='word_1_371' title='bbox 2390 4057 2561 4127; x_wconf 78' lang='grc' dir='ltr'>ἀρχὴν</span> <span class='ocrx_word' id='word_1_372' title='bbox 2590 4056 2687 4126; x_wconf 82' lang='grc' dir='ltr'>τῆς</span> <span class='ocrx_word' id='word_1_373' title='bbox 2713 4052 3046 4125; x_wconf 76' lang='grc' dir='ltr'>προφητείας</span> <span class='ocrx_word' id='word_1_374' title='bbox 3070 4052 3147 4124; x_wconf 80' lang='grc' dir='ltr'>τῷ</span> <span class='ocrx_word' id='word_1_375' title='bbox 3174 4052 3233 4117; x_wconf 79' lang='grc' dir='ltr'><strong>ἐξ</strong></span> <span class='ocrx_word' id='word_1_376' title='bbox 3260 4052 3423 4106; x_wconf 87' lang='grc' dir='ltr'><strong>αὑτοῦ</strong></span> <span class='ocrx_word' id='word_1_377' title='bbox 3452 4054 3828 4129; x_wconf 68' lang='grc' dir='ltr'>τεχθησομένῳ</span> 
     </span>
    </p>
   </div>
   <div class='ocr_carea' id='block_1_57' title="bbox 2325 4142 3826 4218">
    <p class='ocr_par' dir='ltr' id='par_1_57' title="bbox 2325 4142 3826 4218">
     <span class='ocr_line' id='line_1_57' title="bbox 2325 4142 3826 4218; baseline -0.007 -16"><span class='ocrx_word' id='word_1_378' title='bbox 2325 4146 2543 4218; x_wconf 82' lang='grc' dir='ltr'>Χριστῷ</span> <span class='ocrx_word' id='word_1_379' title='bbox 2577 4142 2891 4214; x_wconf 83' lang='grc' dir='ltr'>ἀνατίθησιν</span> <span class='ocrx_word' id='word_1_380' title='bbox 2911 4144 2939 4195; x_wconf 87' lang='grc' dir='ltr'><strong>ό</strong></span> <span class='ocrx_word' id='word_1_381' title='bbox 2963 4144 3141 4197; x_wconf 85' lang='grc' dir='ltr'>Δαυῖδ.</span> <span class='ocrx_word' id='word_1_382' title='bbox 3170 4143 3259 4195; x_wconf 85' lang='grc' dir='ltr'><strong>Διὸ</strong></span> <span class='ocrx_word' id='word_1_383' title='bbox 3292 4147 3349 4197; x_wconf 82' lang='grc' dir='ltr'>ὲν</span> <span class='ocrx_word' id='word_1_384' title='bbox 3379 4143 3615 4216; x_wconf 77' lang='grc' dir='ltr'>πρώτοις</span> <span class='ocrx_word' id='word_1_385' title='bbox 3640 4163 3826 4217; x_wconf 76' lang='grc' dir='ltr'>μακα-</span> 
     </span>
    </p>
   </div>
   <div class='ocr_carea' id='block_1_58' title="bbox 2327 4233 3255 4311">
    <p class='ocr_par' dir='ltr' id='par_1_58' title="bbox 2327 4233 3255 4311">
     <span class='ocr_line' id='line_1_58' title="bbox 2327 4233 3255 4311; baseline 0 -24"><span class='ocrx_word' id='word_1_386' title='bbox 2327 4239 2465 4311; x_wconf 74' lang='grc' dir='ltr'>ρίζει</span> <span class='ocrx_word' id='word_1_387' title='bbox 2490 4237 2613 4299; x_wconf 83' lang='grc' dir='ltr'>τοὺς</span> <span class='ocrx_word' id='word_1_388' title='bbox 2642 4236 2721 4298; x_wconf 85' lang='grc' dir='ltr'><strong>εἰς</strong></span> <span class='ocrx_word' id='word_1_389' title='bbox 2748 4234 2907 4288; x_wconf 83' lang='grc' dir='ltr'>αὑτὸν</span> <span class='ocrx_word' id='word_1_390' title='bbox 2941 4233 3255 4301; x_wconf 85' lang='grc' dir='ltr'>ήλπικότας.</span> 
     </span>
    </p>
   </div>
   <div class='ocr_carea' id='block_1_59' title="bbox 2326 4325 3825 4408">
    <p class='ocr_par' dir='ltr' id='par_1_59' title="bbox 2326 4325 3825 4408">
     <span class='ocr_line' id='line_1_59' title="bbox 2326 4325 3825 4408; baseline -0.003 -23"><span class='ocrx_word' id='word_1_391' title='bbox 2326 4330 2668 4408; x_wconf 86' lang='grc' dir='ltr'>[Μακαρίους</span> <span class='ocrx_word' id='word_1_392' title='bbox 2693 4326 2749 4379; x_wconf 86' lang='grc' dir='ltr'>δὲ</span> <span class='ocrx_word' id='word_1_393' title='bbox 2779 4326 2931 4379; x_wconf 83' lang='grc' dir='ltr'>καλεῖ</span> <span class='ocrx_word' id='word_1_394' title='bbox 2946 4328 3071 4389; x_wconf 79' lang='grc' dir='ltr'>τοὺς</span> <span class='ocrx_word' id='word_1_395' title='bbox 3094 4326 3167 4396; x_wconf 85' lang='grc' dir='ltr'>μὴ</span> <span class='ocrx_word' id='word_1_396' title='bbox 3194 4325 3553 4397; x_wconf 78' lang='grc' dir='ltr'>πορευθέντας</span> <span class='ocrx_word' id='word_1_397' title='bbox 3572 4328 3628 4381; x_wconf 79' lang='grc' dir='ltr'>ὲν</span> <span class='ocrx_word' id='word_1_398' title='bbox 3658 4327 3825 4401; x_wconf 75' lang='grc' dir='ltr'>βουλῇ</span> 
     </span>
    </p>
   </div>
   <div class='ocr_carea' id='block_1_60' title="bbox 578 4414 2152 4505">
    <p class='ocr_par' dir='ltr' id='par_1_60' title="bbox 578 4414 2149 4505">
     <span class='ocr_line' id='line_1_60' title="bbox 578 4414 2149 4505; baseline -0.007 -12"><span class='ocrx_word' id='word_1_399' title='bbox 578 4414 711 4493; x_wconf 76' lang='lat' dir='ltr'><strong>lium</strong></span> <span class='ocrx_word' id='word_1_400' title='bbox 747 4438 1059 4505; x_wconf 87' lang='lat' dir='ltr'><strong>impiorum.</strong></span> <span class='ocrx_word' id='word_1_401' title='bbox 1094 4449 1271 4504; x_wconf 89' lang='lat' dir='ltr'><strong>neque</strong></span> <span class='ocrx_word' id='word_1_402' title='bbox 1300 4440 1446 4487; x_wconf 82' lang='lat' dir='ltr'><strong>stant</strong></span> <span class='ocrx_word' id='word_1_403' title='bbox 1476 4432 1529 4485; x_wconf 93' lang='lat' dir='ltr'><strong>in</strong></span> <span class='ocrx_word' id='word_1_404' title='bbox 1562 4432 1647 4485; x_wconf 88' lang='lat' dir='ltr'><strong>via</strong></span> <span class='ocrx_word' id='word_1_405' title='bbox 1679 4439 2027 4501; x_wconf 89' lang='lat' dir='ltr'><strong>peccatorum</strong></span> <span class='ocrx_word' id='word_1_406' title='bbox 2052 4444 2149 4483; x_wconf 89' lang='lat' dir='ltr'><strong>ne-</strong></span> 
     </span>
    </p>
   </div>
   <div class='ocr_carea' id='block_1_61' title="bbox 2253 4414 3826 4505">
    <p class='ocr_par' dir='ltr' id='par_1_61' title="bbox 2253 4414 3826 4490">
     <span class='ocr_line' id='line_1_61' title="bbox 2253 4414 3826 4490; baseline -0.001 -15"><span class='ocrx_word' id='word_1_407' title='bbox 2253 4420 2482 4485; x_wconf 88' lang='grc' dir='ltr'>ἀσεϐῶν,</span> <span class='ocrx_word' id='word_1_408' title='bbox 2523 4420 2659 4489; x_wconf 80' lang='grc' dir='ltr'>μήτε</span> <span class='ocrx_word' id='word_1_409' title='bbox 2696 4414 2804 4485; x_wconf 78' lang='grc' dir='ltr'>μὴν</span> <span class='ocrx_word' id='word_1_410' title='bbox 2840 4415 3067 4479; x_wconf 81' lang='grc' dir='ltr'>στάντας</span> <span class='ocrx_word' id='word_1_411' title='bbox 3093 4418 3149 4468; x_wconf 83' lang='grc' dir='ltr'>ὲν</span> <span class='ocrx_word' id='word_1_412' title='bbox 3176 4415 3279 4486; x_wconf 87' lang='grc' dir='ltr'>όδῷ</span> <span class='ocrx_word' id='word_1_413' title='bbox 3306 4418 3668 4489; x_wconf 80' lang='grc' dir='ltr'>ἁμαρτωλῶν,</span> <span class='ocrx_word' id='word_1_414' title='bbox 3686 4420 3826 4490; x_wconf 85' lang='grc' dir='ltr'>μήτε</span> 
     </span>
    </p>
   </div>
   <div class='ocr_carea' id='block_1_62' title="bbox 580 4505 2152 4598">
    <p class='ocr_par' dir='ltr' id='par_1_62' title="bbox 580 4519 2151 4598">
     <span class='ocr_line' id='line_1_62' title="bbox 580 4519 2151 4598; baseline -0.007 -14"><span class='ocrx_word' id='word_1_415' title='bbox 580 4544 687 4598; x_wconf 86' lang='lat' dir='ltr'><strong>que</strong></span> <span class='ocrx_word' id='word_1_416' title='bbox 716 4529 905 4582; x_wconf 90' lang='lat' dir='ltr'><strong>sedent</strong></span> <span class='ocrx_word' id='word_1_417' title='bbox 945 4528 997 4581; x_wconf 93' lang='lat' dir='ltr'><strong>in</strong></span> <span class='ocrx_word' id='word_1_418' title='bbox 1039 4526 1297 4580; x_wconf 79' lang='lat' dir='ltr'><strong>cathedra</strong></span> <span class='ocrx_word' id='word_1_419' title='bbox 1345 4521 1733 4588; x_wconf 85' lang='lat' dir='ltr'><strong>pestilentium.</strong></span> <span class='ocrx_word' id='word_1_420' title='bbox 1758 4519 1892 4575; x_wconf 88' lang='lat' dir='ltr'><strong>Nam</strong></span> <span class='ocrx_word' id='word_1_421' title='bbox 1923 4530 2031 4575; x_wconf 90' lang='lat' dir='ltr'><strong>tres</strong></span> <span class='ocrx_word' id='word_1_422' title='bbox 2060 4534 2151 4574; x_wconf 92' lang='lat' dir='ltr'><strong>or-</strong></span> 
     </span>
    </p>
   </div>
   <div class='ocr_carea' id='block_1_63' title="bbox 2253 4505 3826 4598">
    <p class='ocr_par' dir='ltr' id='par_1_63' title="bbox 2253 4505 3826 4582">
     <span class='ocr_line' id='line_1_63' title="bbox 2253 4505 3826 4582; baseline -0.003 -15"><span class='ocrx_word' id='word_1_423' title='bbox 2253 4513 2343 4567; x_wconf 76' lang='grc' dir='ltr'><strong>ἐπὶ</strong></span> <span class='ocrx_word' id='word_1_424' title='bbox 2368 4510 2631 4582; x_wconf 83' lang='grc' dir='ltr'>καθέδραν</span> <span class='ocrx_word' id='word_1_425' title='bbox 2657 4506 2858 4575; x_wconf 90' lang='grc' dir='ltr'>λοιμῶν</span> <span class='ocrx_word' id='word_1_426' title='bbox 2889 4505 3307 4576; x_wconf 77' lang='grc' dir='ltr'>καθεστηκότας.</span> <span class='ocrx_word' id='word_1_427' title='bbox 3334 4507 3471 4574; x_wconf 84' lang='grc' dir='ltr'>Τρία</span> <span class='ocrx_word' id='word_1_428' title='bbox 3500 4508 3606 4580; x_wconf 83' lang='grc' dir='ltr'><strong>γὰρ</strong></span> <span class='ocrx_word' id='word_1_429' title='bbox 3646 4505 3714 4581; x_wconf 82' lang='grc' dir='ltr'>ἦν</span> <span class='ocrx_word' id='word_1_430' title='bbox 3754 4510 3826 4564; x_wconf 75' lang='grc' dir='ltr'><strong>τὰ</strong></span> 
     </span>
    </p>
   </div>
   <div class='ocr_carea' id='block_1_64' title="bbox 579 4596 2152 4687">
    <p class='ocr_par' dir='ltr' id='par_1_64' title="bbox 579 4596 2150 4687">
     <span class='ocr_line' id='line_1_64' title="bbox 579 4596 2150 4687; baseline -0.005 -16"><span class='ocrx_word' id='word_1_431' title='bbox 579 4596 736 4672; x_wconf 84' lang='lat' dir='ltr'><strong>dines</strong></span> <span class='ocrx_word' id='word_1_432' title='bbox 769 4617 909 4687; x_wconf 89' lang='lat' dir='ltr'><strong>apud</strong></span> <span class='ocrx_word' id='word_1_433' title='bbox 942 4613 1154 4669; x_wconf 67' lang='lat' dir='ltr'><strong>Judaeos</strong></span> <span class='ocrx_word' id='word_1_434' title='bbox 1186 4620 1344 4667; x_wconf 88' lang='lat' dir='ltr'><strong>erant</strong></span> <span class='ocrx_word' id='word_1_435' title='bbox 1366 4620 1556 4666; x_wconf 90' lang='lat' dir='ltr'><strong>contra</strong></span> <span class='ocrx_word' id='word_1_436' title='bbox 1602 4610 1940 4666; x_wconf 88' lang='lat' dir='ltr'><strong>Salvatorem</strong></span> <span class='ocrx_word' id='word_1_437' title='bbox 1969 4611 2150 4664; x_wconf 88' lang='lat' dir='ltr'><strong>insur-</strong></span> 
     </span>
    </p>
   </div>
   <div class='ocr_carea' id='block_1_65' title="bbox 2253 4596 3825 4687">
    <p class='ocr_par' dir='ltr' id='par_1_65' title="bbox 2253 4596 3825 4674">
     <span class='ocr_line' id='line_1_65' title="bbox 2253 4596 3825 4674; baseline -0.008 -17"><span class='ocrx_word' id='word_1_438' title='bbox 2253 4606 2504 4674; x_wconf 82' lang='grc' dir='ltr'>τάγματα</span> <span class='ocrx_word' id='word_1_439' title='bbox 2546 4599 2697 4670; x_wconf 84' lang='grc' dir='ltr'>παρὰ</span> <span class='ocrx_word' id='word_1_440' title='bbox 2733 4597 3004 4661; x_wconf 79' lang='grc' dir='ltr'>Ἰουδαίοις</span> <span class='ocrx_word' id='word_1_441' title='bbox 3034 4596 3174 4650; x_wconf 75' lang='grc' dir='ltr'>κατᾶ</span> <span class='ocrx_word' id='word_1_442' title='bbox 3210 4597 3304 4650; x_wconf 77' lang='grc' dir='ltr'>τοῦ</span> <span class='ocrx_word' id='word_1_443' title='bbox 3332 4600 3581 4672; x_wconf 83' lang='grc' dir='ltr'>Σωτῆρος</span> <span class='ocrx_word' id='word_1_444' title='bbox 3619 4602 3825 4657; x_wconf 73' lang='grc' dir='ltr'>ἐπανα-</span> 
     </span>
    </p>
   </div>
   <div class='ocr_carea' id='block_1_66' title="bbox 581 4689 2152 4779">
    <p class='ocr_par' dir='ltr' id='par_1_66' title="bbox 581 4702 2149 4779">
     <span class='ocr_line' id='line_1_66' title="bbox 581 4702 2149 4779; baseline -0.005 -16"><span class='ocrx_word' id='word_1_445' title='bbox 581 4721 789 4779; x_wconf 72' lang='lat' dir='ltr'><strong>gentes,</strong></span> <span class='ocrx_word' id='word_1_446' title='bbox 830 4709 1021 4767; x_wconf 57' lang='lat' dir='ltr'><strong>scriba</strong></span> <span class='ocrx_word' id='word_1_447' title='bbox 1061 4707 1287 4771; x_wconf 85' lang='lat' dir='ltr'><strong>scilicet,</strong></span> <span class='ocrx_word' id='word_1_448' title='bbox 1334 4704 1592 4759; x_wconf 71' lang='lat' dir='ltr'><strong>Pharisrei</strong></span> <span class='ocrx_word' id='word_1_449' title='bbox 1636 4713 1689 4757; x_wconf 90' lang='lat' dir='ltr'><strong>et</strong></span> <span class='ocrx_word' id='word_1_450' title='bbox 1712 4702 2026 4771; x_wconf 75' lang='lat' dir='ltr'><strong>legisperiti,</strong></span> <span class='ocrx_word' id='word_1_451' title='bbox 2054 4702 2149 4771; x_wconf 91' lang='lat' dir='ltr'><strong>qui</strong></span> 
     </span>
    </p>
   </div>
   <div class='ocr_carea' id='block_1_67' title="bbox 2253 4689 3824 4779">
    <p class='ocr_par' dir='ltr' id='par_1_67' title="bbox 2253 4689 3824 4762">
     <span class='ocr_line' id='line_1_67' title="bbox 2253 4689 3824 4762; baseline -0.001 -14"><span class='ocrx_word' id='word_1_452' title='bbox 2253 4696 2467 4754; x_wconf 82' lang='grc' dir='ltr'>στάντα,</span> <span class='ocrx_word' id='word_1_453' title='bbox 2501 4690 2866 4762; x_wconf 82' lang='grc' dir='ltr'>γραμματεῖς,</span> <span class='ocrx_word' id='word_1_454' title='bbox 2895 4689 3196 4758; x_wconf 81' lang='grc' dir='ltr'>Φαρισαῖοι,</span> <span class='ocrx_word' id='word_1_455' title='bbox 3228 4690 3322 4742; x_wconf 77' lang='grc' dir='ltr'><strong>καὶ</strong></span> <span class='ocrx_word' id='word_1_456' title='bbox 3355 4690 3569 4761; x_wconf 84' lang='grc' dir='ltr'>νομικοί</span> <span class='ocrx_word' id='word_1_457' title='bbox 3589 4708 3603 4721; x_wconf 73' lang='grc' dir='ltr'><strong><em>ο</em></strong></span> <span class='ocrx_word' id='word_1_458' title='bbox 3645 4693 3695 4746; x_wconf 82' lang='grc' dir='ltr'>οἳ</span> <span class='ocrx_word' id='word_1_459' title='bbox 3725 4693 3824 4748; x_wconf 75' lang='grc' dir='ltr'><strong>καὶ</strong></span> 
     </span>
    </p>
   </div>
   <div class='ocr_carea' id='block_1_68' title="bbox 576 4779 2152 4871">
    <p class='ocr_par' dir='ltr' id='par_1_68' title="bbox 576 4793 2148 4871">
     <span class='ocr_line' id='line_1_68' title="bbox 576 4793 2148 4871; baseline -0.003 -17"><span class='ocrx_word' id='word_1_460' title='bbox 576 4800 699 4871; x_wconf 85' lang='lat' dir='ltr'><strong>jure</strong></span> <span class='ocrx_word' id='word_1_461' title='bbox 741 4808 899 4867; x_wconf 86' lang='lat' dir='ltr'><strong>atque</strong></span> <span class='ocrx_word' id='word_1_462' title='bbox 936 4799 1131 4852; x_wconf 89' lang='lat' dir='ltr'><strong>merito</strong></span> <span class='ocrx_word' id='word_1_463' title='bbox 1180 4796 1354 4865; x_wconf 87' lang='lat' dir='ltr'><strong>impii,</strong></span> <span class='ocrx_word' id='word_1_464' title='bbox 1389 4805 1704 4865; x_wconf 77' lang='lat' dir='ltr'><strong>peccatores</strong></span> <span class='ocrx_word' id='word_1_465' title='bbox 1748 4802 1801 4848; x_wconf 91' lang='lat' dir='ltr'><strong>et</strong></span> <span class='ocrx_word' id='word_1_466' title='bbox 1837 4793 2148 4861; x_wconf 87' lang='lat' dir='ltr'><strong>pestilentes</strong></span> 
     </span>
    </p>
   </div>
   <div class='ocr_carea' id='block_1_69' title="bbox 2253 4779 3820 4871">
    <p class='ocr_par' dir='ltr' id='par_1_69' title="bbox 2253 4779 3820 4856">
     <span class='ocr_line' id='line_1_69' title="bbox 2253 4779 3820 4856; baseline 0 -17"><span class='ocrx_word' id='word_1_467' title='bbox 2253 4785 2495 4855; x_wconf 81' lang='grc' dir='ltr'>κληθεῖεν</span> <span class='ocrx_word' id='word_1_468' title='bbox 2523 4781 2746 4843; x_wconf 75' lang='grc' dir='ltr'>εἰκότως</span> <span class='ocrx_word' id='word_1_469' title='bbox 2777 4779 2991 4844; x_wconf 85' lang='grc' dir='ltr'>ἀσεϐεῖς</span> <span class='ocrx_word' id='word_1_470' title='bbox 3024 4780 3117 4833; x_wconf 79' lang='grc' dir='ltr'>καὶ</span> <span class='ocrx_word' id='word_1_471' title='bbox 3146 4781 3455 4851; x_wconf 76' lang='grc' dir='ltr'>ἁμαρτωλοὶ</span> <span class='ocrx_word' id='word_1_472' title='bbox 3499 4784 3592 4836; x_wconf 74' lang='grc' dir='ltr'><strong>καὶ</strong></span> <span class='ocrx_word' id='word_1_473' title='bbox 3620 4784 3820 4856; x_wconf 86' lang='grc' dir='ltr'>λοιμοί.</span> 
     </span>
    </p>
   </div>
   <div class='ocr_carea' id='block_1_70' title="bbox 582 4869 2152 4959">
    <p class='ocr_par' dir='ltr' id='par_1_70' title="bbox 582 4869 2149 4959">
     <span class='ocr_line' id='line_1_70' title="bbox 582 4869 2149 4959; baseline -0.005 -12"><span class='ocrx_word' id='word_1_474' title='bbox 582 4869 981 4959; x_wconf 81' lang='lat' dir='ltr'><strong>nuncupentur.</strong></span> <span class='ocrx_word' id='word_1_475' title='bbox 1015 4889 1113 4944; x_wconf 85' lang='lat' dir='ltr'><strong>Via</strong></span> <span class='ocrx_word' id='word_1_476' title='bbox 1144 4889 1340 4943; x_wconf 88' lang='lat' dir='ltr'><strong>dicitur</strong></span> <span class='ocrx_word' id='word_1_477' title='bbox 1382 4890 1494 4944; x_wconf 67' lang='lat' dir='ltr'><strong>haec</strong></span> <span class='ocrx_word' id='word_1_478' title='bbox 1524 4888 1657 4951; x_wconf 81' lang='lat' dir='ltr'><strong>vita,</strong></span> <span class='ocrx_word' id='word_1_479' title='bbox 1686 4886 1814 4958; x_wconf 89' lang='lat' dir='ltr'><strong>quia</strong></span> <span class='ocrx_word' id='word_1_480' title='bbox 1852 4887 1888 4941; x_wconf 93' lang='lat' dir='ltr'><strong>ii</strong></span> <span class='ocrx_word' id='word_1_481' title='bbox 1918 4886 2010 4955; x_wconf 91' lang='lat' dir='ltr'><strong>qui</strong></span> <span class='ocrx_word' id='word_1_482' title='bbox 2050 4900 2149 4939; x_wconf 87' lang='lat' dir='ltr'><strong>na-</strong></span> 
     </span>
    </p>
   </div>
   <div class='ocr_carea' id='block_1_71' title="bbox 2253 4869 3821 4959">
    <p class='ocr_par' dir='ltr' id='par_1_71' title="bbox 2261 4869 3821 4945">
     <span class='ocr_line' id='line_1_71' title="bbox 2261 4869 3821 4945; baseline -0.004 -15"><span class='ocrx_word' id='word_1_483' title='bbox 2261 4877 2407 4939; x_wconf 82' lang='grc' dir='ltr'>Ὀδὸς</span> <span class='ocrx_word' id='word_1_484' title='bbox 2438 4875 2534 4945; x_wconf 80' lang='grc' dir='ltr'>μὲν</span> <span class='ocrx_word' id='word_1_485' title='bbox 2562 4876 2590 4926; x_wconf 89' lang='grc' dir='ltr'><strong>ό</strong></span> <span class='ocrx_word' id='word_1_486' title='bbox 2617 4871 2729 4942; x_wconf 90' lang='grc' dir='ltr'>βίος</span> <span class='ocrx_word' id='word_1_487' title='bbox 2774 4870 2988 4942; x_wconf 78' lang='grc' dir='ltr'>εἴρηται</span> <span class='ocrx_word' id='word_1_488' title='bbox 3015 4869 3100 4923; x_wconf 84' lang='grc' dir='ltr'>διὰ</span> <span class='ocrx_word' id='word_1_489' title='bbox 3129 4872 3224 4943; x_wconf 84' lang='grc' dir='ltr'><strong>τήν</strong></span> <span class='ocrx_word' id='word_1_490' title='bbox 3252 4872 3386 4943; x_wconf 84' lang='grc' dir='ltr'>πρὸς</span> <span class='ocrx_word' id='word_1_491' title='bbox 3422 4873 3481 4926; x_wconf 83' lang='grc' dir='ltr'>τὸ</span> <span class='ocrx_word' id='word_1_492' title='bbox 3527 4873 3679 4939; x_wconf 81' lang='grc' dir='ltr'>τέλος</span> <span class='ocrx_word' id='word_1_493' title='bbox 3711 4877 3821 4931; x_wconf 79' lang='grc' dir='ltr'><strong>τῶν</strong></span> 
     </span>
    </p>
   </div>
   <div class='ocr_carea' id='block_1_72' title="bbox 580 4960 2152 5051">
    <p class='ocr_par' dir='ltr' id='par_1_72' title="bbox 580 4977 1413 5051">
     <span class='ocr_line' id='line_1_72' title="bbox 580 4977 1413 5051; baseline -0.011 -10"><span class='ocrx_word' id='word_1_494' title='bbox 580 4992 826 5047; x_wconf 87' lang='lat' dir='ltr'><strong>scuntur,</strong></span> <span class='ocrx_word' id='word_1_495' title='bbox 858 4983 923 5037; x_wconf 92' lang='lat' dir='ltr'><strong>ad</strong></span> <span class='ocrx_word' id='word_1_496' title='bbox 956 4981 1113 5035; x_wconf 72' lang='lat' dir='ltr'><strong>(luem</strong></span> <span class='ocrx_word' id='word_1_497' title='bbox 1139 4977 1413 5051; x_wconf 82' lang='lat' dir='ltr'><strong>pergunt.]</strong></span> 
     </span>
    </p>
   </div>
   <div class='ocr_carea' id='block_1_73' title="bbox 2253 4960 2870 5051">
    <p class='ocr_par' dir='ltr' id='par_1_73' title="bbox 2253 4960 2870 5036">
     <span class='ocr_line' id='line_1_73' title="bbox 2253 4960 2870 5036; baseline -0.011 -16"><span class='ocrx_word' id='word_1_498' title='bbox 2253 4966 2600 5036; x_wconf 85' lang='grc' dir='ltr'>γεννωμένων</span> <span class='ocrx_word' id='word_1_499' title='bbox 2632 4960 2870 5033; x_wconf 59' lang='lat' dir='ltr'><strong>binim]</strong></span> 
     </span>
    </p>
   </div>
   <div class='ocr_carea' id='block_1_74' title="bbox 664 5053 2152 5142">
    <p class='ocr_par' dir='ltr' id='par_1_74' title="bbox 664 5070 2144 5142">
     <span class='ocr_line' id='line_1_74' title="bbox 664 5070 2144 5142; baseline -0.003 -14"><span class='ocrx_word' id='word_1_500' title='bbox 664 5076 715 5128; x_wconf 74' lang='grc'><strong>1.</strong></span> <span class='ocrx_word' id='word_1_501' title='bbox 752 5074 947 5127; x_wconf 79' lang='lat' dir='ltr'><strong>Beatus</strong></span> <span class='ocrx_word' id='word_1_502' title='bbox 986 5074 1065 5125; x_wconf 81' lang='lat' dir='ltr'><strong>vir</strong></span> <span class='ocrx_word' id='word_1_503' title='bbox 1090 5072 1178 5142; x_wconf 75' lang='lat' dir='ltr'><strong>qui</strong></span> <span class='ocrx_word' id='word_1_504' title='bbox 1212 5088 1312 5124; x_wconf 84' lang='lat' dir='ltr'><strong>non</strong></span> <span class='ocrx_word' id='word_1_505' title='bbox 1343 5071 1472 5123; x_wconf 83' lang='lat' dir='ltr'><strong>abiit</strong></span> <span class='ocrx_word' id='word_1_506' title='bbox 1502 5070 1556 5124; x_wconf 81' lang='lat' dir='ltr'><strong>in</strong></span> <span class='ocrx_word' id='word_1_507' title='bbox 1590 5070 1809 5123; x_wconf 77' lang='lat' dir='ltr'><strong>consilio</strong></span> <span class='ocrx_word' id='word_1_508' title='bbox 1843 5070 2144 5138; x_wconf 83' lang='lat' dir='ltr'><strong>impiorum.</strong></span> 
     </span>
    </p>
   </div>
   <div class='ocr_carea' id='block_1_75' title="bbox 2253 5053 3822 5142">
    <p class='ocr_par' dir='ltr' id='par_1_75' title="bbox 2318 5053 3822 5127">
     <span class='ocr_line' id='line_1_75' title="bbox 2318 5053 3822 5127; baseline 0.001 -16"><span class='ocrx_word' id='word_1_509' title='bbox 2318 5055 2614 5125; x_wconf 77' lang='grc' dir='ltr'>Μακάριος</span> <span class='ocrx_word' id='word_1_510' title='bbox 2639 5054 2793 5123; x_wconf 80' lang='grc' dir='ltr'>ἀνὴρ</span> <span class='ocrx_word' id='word_1_511' title='bbox 2823 5053 2889 5119; x_wconf 84' lang='grc' dir='ltr'>ὃς</span> <span class='ocrx_word' id='word_1_512' title='bbox 2914 5055 3023 5109; x_wconf 84' lang='grc' dir='ltr'>οὐκ</span> <span class='ocrx_word' id='word_1_513' title='bbox 3051 5054 3336 5124; x_wconf 77' lang='grc' dir='ltr'>ἐπορεύθη</span> <span class='ocrx_word' id='word_1_514' title='bbox 3363 5056 3653 5127; x_wconf 67' lang='grc' dir='ltr'><strong>ἐνβουλῇ</strong></span> <span class='ocrx_word' id='word_1_515' title='bbox 3675 5056 3822 5113; x_wconf 79' lang='grc' dir='ltr'>ἀσε-</span> 
     </span>
    </p>
   </div>
   <div class='ocr_carea' id='block_1_76' title="bbox 578 5145 2152 5230">
    <p class='ocr_par' dir='ltr' id='par_1_76' title="bbox 578 5159 2147 5230">
     <span class='ocr_line' id='line_1_76' title="bbox 578 5159 2147 5230; baseline -0.004 -12"><span class='ocrx_word' id='word_1_516' title='bbox 578 5164 767 5219; x_wconf 84' lang='lat' dir='ltr'><strong>Potest</strong></span> <span class='ocrx_word' id='word_1_517' title='bbox 786 5163 1075 5217; x_wconf 86' lang='lat' dir='ltr'><strong>consilium</strong></span> <span class='ocrx_word' id='word_1_518' title='bbox 1106 5161 1395 5230; x_wconf 89' lang='lat' dir='ltr'><strong>impiorum</strong></span> <span class='ocrx_word' id='word_1_519' title='bbox 1428 5168 1605 5214; x_wconf 66' lang='lat' dir='ltr'><strong>cretus</strong></span> <span class='ocrx_word' id='word_1_520' title='bbox 1627 5159 1731 5213; x_wconf 88' lang='lat' dir='ltr'><strong>dici</strong></span> <span class='ocrx_word' id='word_1_521' title='bbox 1757 5174 1819 5213; x_wconf 91' lang='lat' dir='ltr'><strong>ac</strong></span> <span class='ocrx_word' id='word_1_522' title='bbox 1848 5169 2147 5213; x_wconf 85' lang='lat' dir='ltr'><strong>conventus</strong></span> 
     </span>
    </p>
   </div>
   <div class='ocr_carea' id='block_1_77' title="bbox 2253 5145 3820 5230">
    <p class='ocr_par' dir='ltr' id='par_1_77' title="bbox 2253 5145 3820 5224">
     <span class='ocr_line' id='line_1_77' title="bbox 2253 5145 3820 5224; baseline 0.001 -22"><span class='ocrx_word' id='word_1_523' title='bbox 2253 5148 2384 5203; x_wconf 74' lang='grc' dir='ltr'><strong>σῶν.</strong></span> <span class='ocrx_word' id='word_1_524' title='bbox 2416 5147 2648 5200; x_wconf 85' lang='grc' dir='ltr'>Δυνατὸν</span> <span class='ocrx_word' id='word_1_525' title='bbox 2698 5146 2755 5199; x_wconf 79' lang='grc' dir='ltr'>δὲ</span> <span class='ocrx_word' id='word_1_526' title='bbox 2798 5145 2989 5217; x_wconf 81' lang='grc' dir='ltr'>βουλήν</span> <span class='ocrx_word' id='word_1_527' title='bbox 3028 5146 3238 5200; x_wconf 88' lang='grc' dir='ltr'>ἀσεϐῶν</span> <span class='ocrx_word' id='word_1_528' title='bbox 3272 5150 3442 5224; x_wconf 73' lang='grc' dir='ltr'>εἰπεῖν</span> <span class='ocrx_word' id='word_1_529' title='bbox 3470 5148 3568 5219; x_wconf 82' lang='grc' dir='ltr'>τὴν</span> <span class='ocrx_word' id='word_1_530' title='bbox 3601 5149 3820 5204; x_wconf 84' lang='grc' dir='ltr'>σύνοδον</span> 
     </span>
    </p>
   </div>
   <div class='ocr_carea' id='block_1_78' title="bbox 580 5225 2152 5326">
    <p class='ocr_par' dir='ltr' id='par_1_78' title="bbox 580 5250 2143 5326">
     <span class='ocr_line' id='line_1_78' title="bbox 580 5250 2143 5326; baseline -0.006 -15"><span class='ocrx_word' id='word_1_531' title='bbox 580 5256 970 5326; x_wconf 83' lang='lat' dir='ltr'><strong>improborum.</strong></span> <span class='ocrx_word' id='word_1_532' title='bbox 1006 5253 1251 5322; x_wconf 88' lang='lat' dir='ltr'><strong>Cumque</strong></span> <span class='ocrx_word' id='word_1_533' title='bbox 1302 5251 1524 5305; x_wconf 78' lang='lat' dir='ltr'><strong>noxium</strong></span> <span class='ocrx_word' id='word_1_534' title='bbox 1574 5251 1644 5303; x_wconf 87' lang='lat' dir='ltr'><strong>sit</strong></span> <span class='ocrx_word' id='word_1_535' title='bbox 1688 5264 1807 5304; x_wconf 87' lang='lat' dir='ltr'><strong>sese</strong></span> <span class='ocrx_word' id='word_1_536' title='bbox 1855 5250 2143 5318; x_wconf 88' lang='lat' dir='ltr'><strong>impiorum</strong></span> 
     </span>
    </p>
   </div>
   <div class='ocr_carea' id='block_1_79' title="bbox 2253 5225 3819 5326">
    <p class='ocr_par' dir='ltr' id='par_1_79' title="bbox 2253 5237 3819 5313">
     <span class='ocr_line' id='line_1_79' title="bbox 2253 5237 3819 5313; baseline 0.001 -19"><span class='ocrx_word' id='word_1_537' title='bbox 2253 5242 2345 5294; x_wconf 83' lang='grc' dir='ltr'>καὶ</span> <span class='ocrx_word' id='word_1_538' title='bbox 2383 5239 2481 5309; x_wconf 74' lang='grc' dir='ltr'>τὴν</span> <span class='ocrx_word' id='word_1_539' title='bbox 2507 5237 2810 5291; x_wconf 85' lang='grc' dir='ltr'>συνέλευσιν</span> <span class='ocrx_word' id='word_1_540' title='bbox 2835 5237 2941 5290; x_wconf 89' lang='grc' dir='ltr'><strong>τῶν</strong></span> <span class='ocrx_word' id='word_1_541' title='bbox 2965 5238 3232 5309; x_wconf 86' lang='grc' dir='ltr'>πονηρῶν.</span> <span class='ocrx_word' id='word_1_542' title='bbox 3260 5240 3369 5291; x_wconf 80' lang='grc' dir='ltr'><strong>Καὶ</strong></span> <span class='ocrx_word' id='word_1_543' title='bbox 3402 5241 3522 5293; x_wconf 76' lang='grc' dir='ltr'>ἐπεὶ</span> <span class='ocrx_word' id='word_1_544' title='bbox 3555 5240 3819 5313; x_wconf 69' lang='grc' dir='ltr'>βλαϐερὸν</span> 
     </span>
    </p>
   </div>
   <div class='ocr_carea' id='block_1_80' title="bbox 580 5329 2152 5411">
    <p class='ocr_par' dir='ltr' id='par_1_80' title="bbox 580 5342 2140 5411">
     <span class='ocr_line' id='line_1_80' title="bbox 580 5342 2140 5411; baseline -0.006 -8"><span class='ocrx_word' id='word_1_545' title='bbox 580 5350 810 5403; x_wconf 70' lang='lat' dir='ltr'><strong>coetibus</strong></span> <span class='ocrx_word' id='word_1_546' title='bbox 850 5348 1175 5409; x_wconf 88' lang='lat' dir='ltr'><strong>immiscere,</strong></span> <span class='ocrx_word' id='word_1_547' title='bbox 1208 5346 1424 5399; x_wconf 86' lang='lat' dir='ltr'><strong>beatum</strong></span> <span class='ocrx_word' id='word_1_548' title='bbox 1452 5344 1585 5399; x_wconf 90' lang='lat' dir='ltr'><strong>dicit</strong></span> <span class='ocrx_word' id='word_1_549' title='bbox 1611 5359 1756 5406; x_wconf 90' lang='lat' dir='ltr'><strong>cum,</strong></span> <span class='ocrx_word' id='word_1_550' title='bbox 1792 5342 1881 5411; x_wconf 89' lang='lat' dir='ltr'><strong>qui</strong></span> <span class='ocrx_word' id='word_1_551' title='bbox 1919 5358 1985 5395; x_wconf 90' lang='lat' dir='ltr'><strong>ne</strong></span> <span class='ocrx_word' id='word_1_552' title='bbox 2016 5351 2140 5396; x_wconf 87' lang='lat' dir='ltr'><strong>tan-</strong></span> 
     </span>
    </p>
   </div>
   <div class='ocr_carea' id='block_1_81' title="bbox 2253 5329 3819 5411">
    <p class='ocr_par' dir='ltr' id='par_1_81' title="bbox 2253 5329 3819 5402">
     <span class='ocr_line' id='line_1_81' title="bbox 2253 5329 3819 5402; baseline -0.001 -17"><span class='ocrx_word' id='word_1_553' title='bbox 2253 5334 2311 5385; x_wconf 79' lang='grc' dir='ltr'>τὸ</span> <span class='ocrx_word' id='word_1_554' title='bbox 2343 5336 2451 5395; x_wconf 82' lang='grc' dir='ltr'>τοῖς</span> <span class='ocrx_word' id='word_1_555' title='bbox 2477 5330 2803 5401; x_wconf 81' lang='grc' dir='ltr'>ἁθροίσμασι</span> <span class='ocrx_word' id='word_1_556' title='bbox 2840 5329 2947 5381; x_wconf 89' lang='grc' dir='ltr'><strong>τῶν</strong></span> <span class='ocrx_word' id='word_1_557' title='bbox 2974 5329 3184 5383; x_wconf 87' lang='grc' dir='ltr'>ἀσεϐῶν</span> <span class='ocrx_word' id='word_1_558' title='bbox 3226 5331 3609 5401; x_wconf 83' lang='grc' dir='ltr'>παραϐάλλειν,</span> <span class='ocrx_word' id='word_1_559' title='bbox 3641 5349 3819 5402; x_wconf 84' lang='grc' dir='ltr'>μακα-</span> 
     </span>
    </p>
   </div>
   <div class='ocr_carea' id='block_1_82' title="bbox 582 5419 2152 5506">
    <p class='ocr_par' dir='ltr' id='par_1_82' title="bbox 582 5431 2146 5506">
     <span class='ocr_line' id='line_1_82' title="bbox 582 5431 2146 5506; baseline -0.004 -14"><span class='ocrx_word' id='word_1_560' title='bbox 582 5440 752 5493; x_wconf 88' lang='lat' dir='ltr'><strong>tilium</strong></span> <span class='ocrx_word' id='word_1_561' title='bbox 777 5438 994 5506; x_wconf 85' lang='lat' dir='ltr'><strong>quidem</strong></span> <span class='ocrx_word' id='word_1_562' title='bbox 1021 5438 1085 5491; x_wconf 87' lang='lat' dir='ltr'><strong>ad</strong></span> <span class='ocrx_word' id='word_1_563' title='bbox 1117 5436 1331 5489; x_wconf 88' lang='lat' dir='ltr'><strong>illorum</strong></span> <span class='ocrx_word' id='word_1_564' title='bbox 1368 5446 1666 5489; x_wconf 85' lang='lat' dir='ltr'><strong>conventus</strong></span> <span class='ocrx_word' id='word_1_565' title='bbox 1698 5431 2146 5501; x_wconf 79' lang='lat' dir='ltr'><strong>accedit.llujus-</strong></span> 
     </span>
    </p>
   </div>
   <div class='ocr_carea' id='block_1_83' title="bbox 2253 5419 3812 5506">
    <p class='ocr_par' dir='ltr' id='par_1_83' title="bbox 2254 5419 3812 5497">
     <span class='ocr_line' id='line_1_83' title="bbox 2254 5419 3812 5497; baseline -0.002 -21"><span class='ocrx_word' id='word_1_566' title='bbox 2254 5425 2388 5497; x_wconf 75' lang='grc' dir='ltr'>ρὶζει</span> <span class='ocrx_word' id='word_1_567' title='bbox 2411 5424 2499 5477; x_wconf 82' lang='grc' dir='ltr'>τὸν</span> <span class='ocrx_word' id='word_1_568' title='bbox 2533 5421 2665 5492; x_wconf 83' lang='grc' dir='ltr'>μηδὲ</span> <span class='ocrx_word' id='word_1_569' title='bbox 2697 5420 2835 5473; x_wconf 85' lang='grc' dir='ltr'><strong>κατά</strong></span> <span class='ocrx_word' id='word_1_570' title='bbox 2862 5420 3024 5474; x_wconf 81' lang='grc' dir='ltr'>ποσὸν</span> <span class='ocrx_word' id='word_1_571' title='bbox 3052 5422 3130 5482; x_wconf 86' lang='grc' dir='ltr'><strong>εἰς</strong></span> <span class='ocrx_word' id='word_1_572' title='bbox 3155 5420 3214 5473; x_wconf 83' lang='grc' dir='ltr'>τὸ</span> <span class='ocrx_word' id='word_1_573' title='bbox 3243 5420 3402 5474; x_wconf 79' lang='grc' dir='ltr'>αὑτὸν</span> <span class='ocrx_word' id='word_1_574' title='bbox 3435 5419 3615 5484; x_wconf 80' lang='grc' dir='ltr'>αὐτοῖς</span> <span class='ocrx_word' id='word_1_575' title='bbox 3654 5422 3812 5492; x_wconf 77' lang='grc' dir='ltr'>ἐρχό-</span> 
     </span>
    </p>
   </div>
   <div class='ocr_carea' id='block_1_84' title="bbox 579 5510 2152 5597">
    <p class='ocr_par' dir='ltr' id='par_1_84' title="bbox 579 5523 2147 5597">
     <span class='ocr_line' id='line_1_84' title="bbox 579 5523 2147 5597; baseline -0.006 -12"><span class='ocrx_word' id='word_1_576' title='bbox 579 5529 726 5585; x_wconf 90' lang='lat' dir='ltr'><strong>modi</strong></span> <span class='ocrx_word' id='word_1_577' title='bbox 754 5539 869 5584; x_wconf 87' lang='lat' dir='ltr'><strong>erat</strong></span> <span class='ocrx_word' id='word_1_578' title='bbox 889 5528 1087 5597; x_wconf 83' lang='lat' dir='ltr'><strong>Joseph</strong></span> <span class='ocrx_word' id='word_1_579' title='bbox 1119 5529 1186 5581; x_wconf 88' lang='lat' dir='ltr'><strong>ah</strong></span> <span class='ocrx_word' id='word_1_580' title='bbox 1208 5527 1506 5581; x_wconf 84' lang='lat' dir='ltr'><strong>Arimathia</strong></span> <span class='ocrx_word' id='word_1_581' title='bbox 1534 5546 1547 5581; x_wconf 89' lang='lat'><strong>:</strong></span> <span class='ocrx_word' id='word_1_582' title='bbox 1580 5528 1673 5595; x_wconf 90' lang='lat' dir='ltr'><strong>qui</strong></span> <span class='ocrx_word' id='word_1_583' title='bbox 1707 5542 1903 5594; x_wconf 88' lang='lat' dir='ltr'><strong>corpus</strong></span> <span class='ocrx_word' id='word_1_584' title='bbox 1933 5523 2147 5578; x_wconf 87' lang='lat' dir='ltr'><strong>Domini</strong></span> 
     </span>
    </p>
   </div>
   <div class='ocr_carea' id='block_1_85' title="bbox 2253 5510 3807 5597">
    <p class='ocr_par' dir='ltr' id='par_1_85' title="bbox 2253 5510 3807 5587">
     <span class='ocr_line' id='line_1_85' title="bbox 2253 5510 3807 5587; baseline -0.006 -17"><span class='ocrx_word' id='word_1_585' title='bbox 2253 5532 2428 5587; x_wconf 86' lang='grc' dir='ltr'>μενον.</span> <span class='ocrx_word' id='word_1_586' title='bbox 2458 5512 2707 5575; x_wconf 83' lang='grc' dir='ltr'>Τοιοῦτος</span> <span class='ocrx_word' id='word_1_587' title='bbox 2731 5512 2971 5582; x_wconf 74' lang='grc' dir='ltr'>ὑπῆρχεν</span> <span class='ocrx_word' id='word_1_588' title='bbox 2996 5512 3024 5563; x_wconf 87' lang='grc' dir='ltr'>ὁ</span> <span class='ocrx_word' id='word_1_589' title='bbox 3053 5510 3249 5581; x_wconf 75' lang='grc' dir='ltr'>Ἰωσὴφ</span> <span class='ocrx_word' id='word_1_590' title='bbox 3278 5514 3305 5563; x_wconf 87' lang='grc' dir='ltr'><strong>ό</strong></span> <span class='ocrx_word' id='word_1_591' title='bbox 3333 5511 3439 5565; x_wconf 85' lang='grc' dir='ltr'>ἀπὸ</span> <span class='ocrx_word' id='word_1_592' title='bbox 3467 5511 3807 5581; x_wconf 81' lang='grc' dir='ltr'>Ἀριμαθίας,</span> 
     </span>
    </p>
   </div>
   <div class='ocr_carea' id='block_1_86' title="bbox 581 5602 2152 5685">
    <p class='ocr_par' dir='ltr' id='par_1_86' title="bbox 581 5611 2145 5685">
     <span class='ocr_line' id='line_1_86' title="bbox 581 5611 2145 5685; baseline -0.004 -14"><span class='ocrx_word' id='word_1_593' title='bbox 581 5633 644 5673; x_wconf 88' lang='lat' dir='ltr'><strong>ac</strong></span> <span class='ocrx_word' id='word_1_594' title='bbox 674 5617 767 5671; x_wconf 89' lang='lat' dir='ltr'><strong>Dei</strong></span> <span class='ocrx_word' id='word_1_595' title='bbox 820 5619 1083 5685; x_wconf 86' lang='lat' dir='ltr'><strong>sepelivit.</strong></span> <span class='ocrx_word' id='word_1_596' title='bbox 1138 5615 1211 5669; x_wconf 90' lang='lat' dir='ltr'><strong>De</strong></span> <span class='ocrx_word' id='word_1_597' title='bbox 1242 5617 1334 5669; x_wconf 87' lang='lat' dir='ltr'><strong>illo</strong></span> <span class='ocrx_word' id='word_1_598' title='bbox 1366 5632 1599 5685; x_wconf 90' lang='lat' dir='ltr'><strong>namque</strong></span> <span class='ocrx_word' id='word_1_599' title='bbox 1630 5616 1834 5669; x_wconf 92' lang='lat' dir='ltr'><strong>dictum</strong></span> <span class='ocrx_word' id='word_1_600' title='bbox 1864 5614 1966 5668; x_wconf 84' lang='lat' dir='ltr'><strong>fuit</strong></span> <span class='ocrx_word' id='word_1_601' title='bbox 1998 5611 2145 5681; x_wconf 88' lang='lat' dir='ltr'><strong>quod</strong></span> 
     </span>
    </p>
   </div>
   <div class='ocr_carea' id='block_1_87' title="bbox 2253 5602 3810 5685">
    <p class='ocr_par' dir='ltr' id='par_1_87' title="bbox 2253 5602 3810 5675">
     <span class='ocr_line' id='line_1_87' title="bbox 2253 5602 3810 5675; baseline -0.004 -14"><span class='ocrx_word' id='word_1_602' title='bbox 2253 5611 2273 5661; x_wconf 72' lang='grc' dir='ltr'><strong>ό</strong></span> <span class='ocrx_word' id='word_1_603' title='bbox 2304 5609 2363 5660; x_wconf 80' lang='grc' dir='ltr'>τὸ</span> <span class='ocrx_word' id='word_1_604' title='bbox 2392 5605 2548 5675; x_wconf 83' lang='grc' dir='ltr'>σῶμα</span> <span class='ocrx_word' id='word_1_605' title='bbox 2574 5605 2667 5656; x_wconf 80' lang='grc' dir='ltr'>τοῦ</span> <span class='ocrx_word' id='word_1_606' title='bbox 2702 5603 2901 5675; x_wconf 81' lang='grc' dir='ltr'>Κυρίου</span> <span class='ocrx_word' id='word_1_607' title='bbox 2930 5604 3021 5656; x_wconf 74' lang='grc' dir='ltr'>καὶ</span> <span class='ocrx_word' id='word_1_608' title='bbox 3046 5602 3180 5656; x_wconf 81' lang='grc' dir='ltr'>Θεοῦ</span> <span class='ocrx_word' id='word_1_609' title='bbox 3208 5602 3399 5672; x_wconf 81' lang='grc' dir='ltr'>θάψας.</span> <span class='ocrx_word' id='word_1_610' title='bbox 3432 5603 3660 5673; x_wconf 75' lang='grc' dir='ltr'>Εἴρηται</span> <span class='ocrx_word' id='word_1_611' title='bbox 3701 5603 3810 5672; x_wconf 83' lang='grc' dir='ltr'><strong>γὰρ</strong></span> 
     </span>
    </p>
   </div>
   <div class='ocr_carea' id='block_1_88' title="bbox 583 5690 2152 5778">
    <p class='ocr_par' dir='ltr' id='par_1_88' title="bbox 583 5704 2147 5778">
     <span class='ocr_line' id='line_1_88' title="bbox 583 5704 2147 5778; baseline -0.004 -15"><span class='ocrx_word' id='word_1_612' title='bbox 583 5724 689 5763; x_wconf 88' lang='lat' dir='ltr'><strong>non</strong></span> <span class='ocrx_word' id='word_1_613' title='bbox 713 5708 1093 5778; x_wconf 84' lang='lat' dir='ltr'><strong>astipularetur</strong></span> <span class='ocrx_word' id='word_1_614' title='bbox 1114 5706 1342 5763; x_wconf 90' lang='lat' dir='ltr'><strong>consilio</strong></span> <span class='ocrx_word' id='word_1_615' title='bbox 1378 5721 1566 5761; x_wconf 91' lang='lat' dir='ltr'><strong>eorum</strong></span> <span class='ocrx_word' id='word_1_616' title='bbox 1603 5706 1695 5774; x_wconf 87' lang='lat' dir='ltr'><strong>qui</strong></span> <span class='ocrx_word' id='word_1_617' title='bbox 1737 5704 1924 5760; x_wconf 77' lang='lat' dir='ltr'><strong>Jesum</strong></span> <span class='ocrx_word' id='word_1_618' title='bbox 1969 5704 2147 5774; x_wconf 88' lang='lat' dir='ltr'><strong>prodi-</strong></span> 
     </span>
    </p>
   </div>
   <div class='ocr_carea' id='block_1_89' title="bbox 2253 5690 3807 5778">
    <p class='ocr_par' dir='ltr' id='par_1_89' title="bbox 2253 5690 3807 5770">
     <span class='ocr_line' id='line_1_89' title="bbox 2253 5690 3807 5770; baseline -0.005 -18"><span class='ocrx_word' id='word_1_619' title='bbox 2253 5700 2373 5770; x_wconf 83' lang='grc' dir='ltr'>περὶ</span> <span class='ocrx_word' id='word_1_620' title='bbox 2403 5695 2587 5761; x_wconf 83' lang='grc' dir='ltr'>αὐτοῦ,</span> <span class='ocrx_word' id='word_1_621' title='bbox 2618 5696 2693 5759; x_wconf 78' lang='grc' dir='ltr'>ὡς</span> <span class='ocrx_word' id='word_1_622' title='bbox 2744 5695 2842 5748; x_wconf 79' lang='grc' dir='ltr'>οὐκ</span> <span class='ocrx_word' id='word_1_623' title='bbox 2886 5690 2955 5765; x_wconf 84' lang='grc' dir='ltr'>ἦν</span> <span class='ocrx_word' id='word_1_624' title='bbox 3008 5693 3526 5764; x_wconf 79' lang='grc' dir='ltr'>συγκατατιθέμενος</span> <span class='ocrx_word' id='word_1_625' title='bbox 3549 5697 3613 5763; x_wconf 76' lang='grc' dir='ltr'><strong>τῇ</strong></span> <span class='ocrx_word' id='word_1_626' title='bbox 3646 5694 3807 5764; x_wconf 77' lang='grc' dir='ltr'>βουλῇ</span> 
     </span>
    </p>
   </div>
   <div class='ocr_carea' id='block_1_90' title="bbox 582 5783 2152 5871">
    <p class='ocr_par' dir='ltr' id='par_1_90' title="bbox 582 5794 2140 5871">
     <span class='ocr_line' id='line_1_90' title="bbox 582 5794 2140 5871; baseline -0.003 -15"><span class='ocrx_word' id='word_1_627' title='bbox 582 5802 728 5856; x_wconf 83' lang='lat' dir='ltr'><strong>dere.</strong></span> <span class='ocrx_word' id='word_1_628' title='bbox 769 5800 831 5856; x_wconf 85' lang='lat' dir='ltr'><strong>Et</strong></span> <span class='ocrx_word' id='word_1_629' title='bbox 868 5802 921 5855; x_wconf 81' lang='lat' dir='ltr'><strong>in</strong></span> <span class='ocrx_word' id='word_1_630' title='bbox 942 5800 1190 5856; x_wconf 72' lang='lat' dir='ltr'><strong>cathedra</strong></span> <span class='ocrx_word' id='word_1_631' title='bbox 1219 5800 1571 5871; x_wconf 70' lang='lat' dir='ltr'><strong>pestilentiam</strong></span> <span class='ocrx_word' id='word_1_632' title='bbox 1602 5814 1703 5852; x_wconf 83' lang='lat' dir='ltr'><strong>non</strong></span> <span class='ocrx_word' id='word_1_633' title='bbox 1738 5799 1893 5854; x_wconf 81' lang='lat' dir='ltr'><strong>udit.</strong></span> <span class='ocrx_word' id='word_1_634' title='bbox 1927 5794 2028 5852; x_wconf 85' lang='lat' dir='ltr'><strong>Per</strong></span> <span class='ocrx_word' id='word_1_635' title='bbox 2052 5813 2140 5852; x_wconf 84' lang='lat' dir='ltr'><strong>ca-</strong></span> 
     </span>
    </p>
   </div>
   <div class='ocr_carea' id='block_1_91' title="bbox 2253 5783 3807 5871">
    <p class='ocr_par' dir='ltr' id='par_1_91' title="bbox 2253 5783 3807 5862">
     <span class='ocr_line' id='line_1_91' title="bbox 2253 5783 3807 5862; baseline -0.005 -17"><span class='ocrx_word' id='word_1_636' title='bbox 2253 5792 2353 5845; x_wconf 82' lang='grc' dir='ltr'><strong>τῶν</strong></span> <span class='ocrx_word' id='word_1_637' title='bbox 2382 5787 2553 5859; x_wconf 78' lang='grc' dir='ltr'>Ἰησοῦ</span> <span class='ocrx_word' id='word_1_638' title='bbox 2586 5787 2870 5862; x_wconf 81' lang='grc' dir='ltr'>προδοτῶν.</span> <span class='ocrx_word' id='word_1_639' title='bbox 2893 5784 3001 5841; x_wconf 79' lang='grc' dir='ltr'><strong>Καὶ</strong></span> <span class='ocrx_word' id='word_1_640' title='bbox 3021 5787 3119 5839; x_wconf 73' lang='grc' dir='ltr'><strong>ἐπὶ</strong></span> <span class='ocrx_word' id='word_1_641' title='bbox 3145 5784 3433 5855; x_wconf 70' lang='grc' dir='ltr'>καθέδραι·</span> <span class='ocrx_word' id='word_1_642' title='bbox 3456 5783 3677 5857; x_wconf 71' lang='grc' dir='ltr'>λοιμῶν</span> <span class='ocrx_word' id='word_1_643' title='bbox 3694 5787 3807 5839; x_wconf 72' lang='grc' dir='ltr'>οὐκ</span> 
     </span>
    </p>
   </div>
  </div>
