4032 6418
176 390 236 446 Μ
1369 373 1734 434 EXPOSITIO

1873 370 2208 430 PSALMUM
2243 371 2285 430 Ι.
3339 354 3415 411 62

173 507 433 564 ἐκάθισε.
459 503 560 579 Διᾲ
583 505 682 576 τῆς
707 501 974 573 καθέδρας
996 499 1094 571 τὴν
1113 497 1458 554 διδασκαλίαν
1482 499 1650 568 δηλοῖ,
1675 494 1751 559 ὥς

1853 513 2120 578 thedram,
2150 508 2450 566 doctrinam
2484 504 2771 574 signiﬁcat,
2810 507 2870 555 ut
2895 499 3009 569 ipse
3040 495 3210 551 ait“:
3244 493 3414 562 Super

175 615 370 672 φησιν·
415 589 544 652 Ἐπὶ
573 594 680 664 τῆς
708 592 995 662 καθέδρας
1031 589 1305 657 Μωσέως.
1339 589 1590 661 Καθέδρα
1634 589 1743 642 τοί-

173 709 265 747 wv
291 690 499 763 λοιμῶν
528 691 562 760 ἡ
587 687 902 742 διδασκαλία
931 686 1040 740 τῶν
1068 684 1338 756 πονηρῶν.

252 783 499 854 Ἡμέρας
530 781 629 835 καὶ
660 781 895 845 νυκτός.
943 779 1017 832 Τὸ
1055 778 1300 831 σύντονον
1331 773 1496 844 δηλοῖ.
1528 774 1601 826 Οὑ
1635 770 1743 843 γὰρ

173 875 535 949 ἠμελημένως
559 874 642 927 δεῖ
669 871 896 944 μελετᾷν
926 869 1018 924 τὸν
1043 869 1205 939 νόμον
1229 865 1324 920 τοῦ
1353 867 1579 936 Κυρίου.

242 1054 438 1128 [Ἀλλ’
485 1055 525 1122 ἢ
552 1053 622 1108 ἐν
653 1050 733 1117 τῷ
758 1052 918 1122 νόμῳ
945 1050 1165 1119 Κυρίου
1193 1047 1258 1102 τὸ
1283 1045 1510 1116 θέλημα
1533 1042 1742 1106 αὐτοῦ,

173 1148 270 1201 καί
296 1148 370 1201 ἐν
397 1163 480 1211 τῳ
513 1146 675 1215 νόμῳ
701 1144 885 1198 αὐτοῦ
908 1141 1225 1214 μελετήσει
1257 1139 1482 1210 ἡμέρας
1512 1137 1609 1190 καὶ
1636 1153 1744 1190 νυ-

1849 594 2150 659 cathedram
2177 601 2368 671 Moysi.
2423 596 2692 654 Cathedra
2724 593 2888 664 igitur
2909 589 3297 662 pestilentium,
3328 593 3416 640 cst

1841 697 2085 751 dot-trina
2122 694 2454 762 iniquorum.

1910 788 1964 842 2.
1998 787 2097 840 Die
2125 802 2186 839 ac
2211 795 2377 837 nocte.
2403 780 2638 836 Fervens
2658 774 2824 831 animi
2851 771 3092 830 studium
3121 767 3414 839 significat.

1845 877 2123 950 Siquidem
2167 891 2278 932 nou
2325 881 2409 929 est
2444 867 2816 927 meditandum
2867 863 3197 935 negligenter
3243 859 3415 930 legem

1843 967 2081 1023 Domini.

1917 1058 2045 1131 [Sed
2083 1058 2138 1112 in
2165 1056 2275 1127 lege
2307 1052 2524 1108 Domini
2555 1050 2797 1106 voluntas
2831 1047 2968 1116 ejus,
2999 1043 3125 1098 etin
3159 1041 3270 1111 lege
3301 1039 3416 1108 ejus

1845 1151 2186 1208 meditabitur
2213 1149 2298 1202 die
2328 1163 2389 1201 ac
2419 1153 2586 1200 nocte.
2617 1143 2671 1196 lu
2702 1141 2837 1210 lege,
2870 1136 3114 1209 angelica
3141 1131 3413 1188 videlicet.

173 1241 332 1304 κτός.
366 1239 460 1310 Τῷ
488 1238 653 1306 νόμῳ,
683 1233 760 1304 τῷ
788 1235 1058 1306 ἀγγελικῷ
1090 1233 1348 1306 δηλονότι.
1387 1230 1461 1284 Τὸ
1498 1229 1745 1281 σύντονον

1853 1245 2258 1302 Βοιιιοηιίοηριη
2309 1239 2577 1310 signiﬁcat
2620 1251 2686 1290 ac
2728 1231 3066 1303 diligentiam
3093 1243 3108 1292 ;
3139 1241 3246 1280 non
3267 1221 3415 1277 enim

171 1331 352 1403 δηλοίο
387 1333 447 1385 οὐ
478 1332 587 1404 γὰρ
614 1330 971 1403 ἠμελημένως
996 1327 1077 1380 δεῖ
1103 1324 1330 1396 μελετᾷν
1361 1321 1449 1375 τὸν
1468 1320 1629 1390 νόμον
1651 1316 1744 1371 τοῦ

173 1423 399 1493 Κυρίου.
431 1423 504 1477 Οὗ
553 1422 661 1494 γὰρ
703 1420 835 1474 ποτὶ
878 1419 957 1471 δεῖ
1000 1419 1109 1478 τοῖς
1139 1414 1385 1485 μελετᾷν,
1416 1411 1545 1463 ποτὲ
1571 1408 1628 1462 δὲ
1655 1405 1739 1473 οὓ,

1845 1337 2073 1391 remisse
2103 1349 2169 1388 ac
2190 1331 2526 1402 negligenter
2550 1332 2764 1396 oportet
2789 1323 2958 1392 legem
2992 1316 3206 1373 Domini
3243 1311 3418 1368 medi-

1845 1427 1969 1486 tari.
2004 1423 2187 1494 Neque
2227 1422 2389 1475 modo
2420 1416 2788 1474 meditandum
2810 1452 2827 1478 ,
2863 1411 3023 1467 modo
3056 1404 3416 1478 superseden-

171 1514 286 1567 ἀλλ’
319 1513 407 1567 ἀεὶ
450 1514 545 1567 καὶ
583 1512 870 1574 διαπαντὸς
908 1511 1019 1572 τοῖς
1047 1507 1208 1569 θείοις
1240 1503 1435 1571 λογίοις
1465 1499 1745 1574 προσηλῶ-

1853 1519 1972 1575 dum
2022 1515 2413 1577 meditatione;
2455 1511 2549 1567 sed
2594 1521 2810 1577 semper
2854 1512 2908 1560 et
2948 1500 3169 1557 assidue
3219 1496 3418 1550 divinis

174 1604 299 1659 σθαι
317 1622 330 1634 ·
367 1605 526 1658 τοῦτο
555 1606 664 1675 γὰρ
689 1603 837 1674 δηλοῖ
861 1601 941 1660 τὸ.
974 1597 1195 1668 ἡμέρας
1239 1595 1337 1648 καὶ
1364 1595 1602 1658 νυκτός.
1634 1593 1747 1645 Κα-

169 1696 262 1760 λὸς
286 1695 384 1750 τοῦ
418 1695 838 1768 κατορθώματος
865 1695 894 1746 ὁ
921 1691 1136 1764 μισθόςο
1168 1692 1196 1744 ὁ
1222 1688 1329 1758 γὰρ
1358 1685 1436 1758 τῷ
1462 1686 1589 1756 θείῳ
1616 1700 1743 1754 σχο-

169 1787 351 1852 λάζων
383 1787 531 1857 νόμῳ
558 1786 651 1839 καὶ
678 1789 789 1848 τοῖς
817 1787 880 1838 ὲκ
907 1782 1094 1835 τούτου
1115 1780 1347 1850 νάμασιν
1370 1776 1740 1848 ἀρδευόμενος.

1844 1610 2080 1665 oraculis
2114 1620 2232 1662 sese
2269 1605 2521 1660 addicere
2551 1615 2688 1671 opus
2723 1608 2846 1654 est:
2882 1597 2932 1652 id
2966 1596 3109 1650 enim
3145 1589 3420 1660 signillca-

1847 1711 1934 1756 tur
1981 1700 2086 1755 hoc
2129 1698 2294 1761 dicto,
2325 1697 2409 1749 die
2443 1711 2505 1748 ac
2535 1703 2701 1747 nocte.
2733 1690 2878 1744 Buna
2919 1696 3004 1742 est
3045 1698 3257 1739 merces
3288 1679 3415 1735 buni

1847 1794 2025 1864 Operis
2053 1811 2066 1846 :
2095 1791 2187 1862 qui
2233 1791 2376 1845 enim
2427 1787 2622 1840 divinae
2666 1792 2823 1839 vacat
2864 1781 2988 1852 legi,
3033 1778 3154 1848 ejus
3199 1771 3417 1829 ﬂuentis

170 1879 283 1931 Καὶ
321 1856 464 1948 ὕδωρ
482 1856 575 1930 διαὶ
601 1877 631 1928 ὁ
651 1874 881 1946 Χριστὸς
921 1873 1020 1943 τὴν
1048 1869 1241 1923 ἑαυτοῦ
1271 1865 1611 1921 διδασκαλίαν
1655 1865 1748 1916 ἁν-

1853 1885 2124 1954 irrigatur.
2165 1883 2418 1937 Christus
2443 1893 2660 1950 quoque
2688 1875 2989 1930 doctrinam
3019 1883 3174 1924 suam
3205 1864 3419 1919 vocavit

169 1969 432 2023 εκάλεσεν
451 1968 620 2020 είπών
635 1984 648 1998 ’
673 1966 746 2020 Et
765 1983 854 2030 τις
884 1962 1049 2033 διψᾷ,
1073 1959 1334 2031 ἐρχέσθω
1358 1959 1503 2026 πρὸς
1533 1957 1632 2026 μὲ,
1648 1954 1743 2008 καί

169 2057 504 2128 πινέτω.Τῷ
520 2057 647 2127 παρ’
661 2054 814 2108 ὕδασι
829 2054 1027 2124 δένδρῳ
1041 2052 1364 2104 ἀπείκασται
1381 2050 1468 2102 ἀεὶ
1479 2046 1743 2117 τεθηλότι,

168 2152 260 2206 ἀεὶ
286 2149 520 2221 βρίθοντι
540 2151 650 2211 τοῖς
675 2147 914 2219 ὡραίοις.
943 2143 1008 2199 Οἱ
1040 2143 1148 2214 γὰρ
1166 2145 1263 2214 τῆς
1289 2142 1487 2214 ἀρετῆς
1521 2138 1746 2208 ἀθληταὶ

167 2241 300 2303 τοὺς
349 2239 444 2310 μὲν
490 2238 598 2292 τῶν
630 2238 805 2291 πόνων
838 2235 1078 2307 καρποὺς
1109 2232 1249 2286 κατὰ
1284 2232 1345 2285 τὺ
1375 2228 1562 2301 μέλλον
1587 2227 1736 2298 κομίι

166 2349 388 2388 σονται·
416 2325 529 2385 οἷον
557 2331 614 2384 δέ
647 2347 758 2384 τισι
800 2329 1018 2398 φύλλοις
1046 2323 1334 2380 κάντεῦθεν
1357 2325 1422 2394 τῇ
1453 2319 1628 2392 ἀγαθῇ
1659 2319 1746 2371 ἐλ-

168 2425 287 2479 πίδι
337 2423 808 2487 κατασκιάζονται,
837 2400 930 2474 καὶ
979 2418 1266 2471 κλέπτουσι
1312 2417 1378 2486 τῇ
1423 2411 1746 2484 ψυχαγωγία

167 2519 272 2588 τὴν
295 2517 402 2568 τῶν
435 2515 613 2568 πόνων
638 2512 931 2582 βαρύτητα.
965 2509 1054 2581 Τῷ
1085 2507 1310 2577 τοιούτῳ
1343 2508 1518 2560 πάντα
1555 2503 1747 2559 εὐοδω-

1850 1991 2068 2046 aquam,
2094 1991 2216 2030 cum
2249 1975 2324 2028 ait
2342 1973 2422 2026 ⁸⁸ι
2454 1970 2513 2026 Si
2545 1971 2659 2040 quis
2678 1968 2815 2030 sitit,
2848 1965 3018 2019 veniat
3044 1961 3111 2013 ad
3144 1974 3222 2011 mc
3257 1966 3305 2010 et
3335 1955 3418 2008 bi-

1851 2043 1959 2120 bat.
2013 2063 2183 2134 Ligno
2223 2062 2289 2117 ad
2328 2077 2499 2131 aquas
2538 2059 2717 2129 posito
2749 2060 3098 2122 comparatus
3132 2057 3236 2113 est,
3274 2043 3420 2115 quod

1851 2171 2060 2225 semper
2087 2155 2261 2220 ﬂoret,
2281 2169 2493 2222 semper
2515 2149 2782 2205 fructibus
2807 2140 3143 2212 tempestivis
3159 2147 3419 2192 onustum

1851 2258 1954 2305 est.
1978 2245 2113 2301 Nam
2148 2246 2366 2301 virtutis
2405 2243 2619 2298 athleta:
2663 2239 2909 2294 laborum
2949 2232 3166 2304 quidem
3208 2228 3420 2282 fructus

1850 2339 1904 2393 in
1939 2338 2125 2394 futuro
2161 2345 2459 2407 reportant,
2499 2343 2572 2397 ct,
2607 2347 2705 2388 ceu
2738 2309 3065 2400 quibusdam
3103 2319 3248 2375 foliis
3295 2317 3420 2371 inde

1847 2429 2091 2492 emissis,
2120 2441 2216 2497 spe
2259 2427 2400 2480 bona
2439 2424 2853 2482 adumbrantur,
2888 2416 3246 2479 laborumque
3291 2423 3418 2497 gra-

1844 2521 2065 2576 vitatem
2115 2496 2428 2588 huiusmodi
2491 2514 2826 2569 recreatione
2891 2506 3250 2562 suli'urautur.
3299 2496 3420 2551 Tali

169 2607 416 2677 θήσεται.
436 2604 601 2657 Οὐδὲν
629 2602 736 2672 γὰρ
760 2600 998 2655 ἐναντίον
1023 2601 1136 2660 τοῖς
1163 2596 1326 2660 θείοις
1348 2595 1529 2666 νόμοις
1552 2595 1746 2664 διενερο

1853 2613 1963 2668 viro
1993 2613 2175 2669 omnia
2199 2625 2413 2680 semper
2445 2621 2700 2679 prospere
2727 2610 2954 2658 vertent.
2979 2595 3125 2652 Nihil
3161 2593 3305 2649 enim
3331 2591 3418 2644 di-

168 2698 354 2768 γήσει,
384 2693 465 2766 τῷ
495 2693 588 2746 τοῦ
635 2693 798 2762 νόμου
829 2690 1126 2761 βουλήματι
1157 2687 1538 2757 συναρμόττων
1562 2684 1624 2736 τὺ
1655 2681 1742 2734 θέ-

167 2787 352 2858 λημα·
391 2782 655 2857 πρότερον
678 2785 889 2838 ἅπαντα
917 2780 1016 2850 τῆς
1041 2779 1237 2840 κακίας
1264 2773 1645 2846 ἀπαγορεύσας
1672 2773 1741 2827 τὰ

171 2879 312 2950 εἴδη,
349 2880 442 2932 καὶ
469 2876 578 2930 τῶν
605 2875 761 2928 θείων
787 2874 963 2943 νόμων
985 2867 1266 2932 ὑποδείξας
1287 2867 1385 2938 τὴν
1408 2865 1740 2936 τελειότητα,

172 2971 345 3033 οὕτως
376 2969 645 3038 ἐπήγαγε*
678 2964 879 3020 Πάντα
909 2962 1026 3017 ὅσα
1057 2960 1132 3016 ἂν
1155 2957 1345 3032 ποιῇ]

1846 2703 1989 2757 vinis
2035 2702 2244 2771 legibus
2291 2698 2664 2754 adversarium
2709 2694 2978 2757 admittet,
3014 2687 3108 2758 qui
3153 2681 3421 2740 voluntati

1850 2793 1986 2863 legis
2021 2807 2178 2848 suam
2224 2787 2603 2846 accommodat
2639 2785 3010 2839 voluntatem:
3046 2777 3172 2847 quia
3207 2791 3235 2829 a
3273 2774 3423 2844 prin-

1850 2883 1994 2955 cipio
2021 2882 2111 2938 ille
2139 2897 2332 2937 omnes
2372 2879 2592 2935 malitiae
2633 2876 2844 2947 species
2883 2868 3204 2933 eliminavit,
3233 2875 3284 2921 et
3326 2865 3422 2919 de-

1850 2953 2051 3029 clarata
2078 2973 2382 3026 divinarum
2402 2971 2579 3040 legum
2605 2966 2955 3038 perfectione,
2980 2963 3053 3017 ita
3081 2957 3270 3014 infert:
3289 2953 3422 3010 Om-

1849 3067 1941 3120 nia
1969 3080 2288 3136 quiscunque
2319 3059 2524 3132 faciet]

253 3192 348 3248 llis
377 3193 567 3262 adjicit
605 3189 740 3244 Dan.
763 3187 1032 3243 Barbarus
1057 3183 1190 3239 :Dic
1208 3191 1385 3236 autem
1418 3177 1706 3232 meditatur
1729 3176 1822 3246 qui
1849 3178 1902 3231 in
1928 3177 2220 3232 virtutibus
2250 3173 2486 3246 proﬁcit,
2514 3180 2671 3226 nocte
2696 3183 2846 3231 vero,
2864 3166 2958 3237 qui
2982 3181 3105 3222 cum
3135 3163 3423 3236 perturbao

173 3289 356 3344 tiones
397 3284 709 3352 insurgunt,
738 3279 1019 3332 immotam
1047 3282 1229 3330 servat
1259 3271 1428 3326 animi
1455 3268 1893 3341 generositatem.

247 3399 359 3455 Kal
401 3398 574 3452 ἔσται
605 3394 684 3459 ὡς
712 3392 776 3446 τὸ
803 3391 994 3456 ξύλον
1022 3387 1086 3442 τὸ
1120 3385 1569 3456 πεφυτευμένον
1593 3380 1750 3449 παρὰ

1922 3383 1975 3438 3.
1995 3387 2064 3438 Et
2087 3385 2186 3438 erit
2205 3395 2455 3456 tanquam
2485 3385 2685 3454 lignum
2710 3380 2848 3452 quod
2869 3379 3166 3448 plantatum
3189 3387 3289 3441 est,
3317 3386 3423 3434 etc.

172 3491 284 3556 τὰς
321 3487 631 3553 διεξόδους
675 3473 790 3537 τῶν
838 3481 1092 3537 ὑδάτων.
1110 3477 1596 3548 Ἐξομολογήσεως,
1633 3473 1750 3543 ἦτοι

176 3579 490 3654 παραὼλῆς
516 3574 669 3641 ξύλον
696 3575 724 3626 ὁ
754 3570 986 3643 Χριστὸς
1014 3568 1424 3637 ἀναγέγραπται
1457 3566 1513 3616 ὲν
1543 3566 1606 3634 τῇ
1638 3563 1754 3618 θεοο

181 3671 429 3741 πνεύστῳ
455 3669 681 3740 Τραφῇ,
711 3664 851 3718 κατὰ
887 3663 947 3716 τὸ
998 3658 1283 3732 εἰρημένον
1307 3675 1320 3687 ·
1368 3657 1567 3711 Edim-
1608 3656 1754 3724 ζωῆς

177 3767 308 3820 ἐστι
338 3762 489 3820 πᾶσι
519 3760 642 3825 τοῖς
661 3754 1076 3826 ἀντεχομένοις
1103 3752 1310 3820 αὐτῆς.
1343 3752 1501 3820 Λέγει
1528 3747 1640 3815 οὖν,
1672 3751 1752 3804 ὅτι

178 3859 227 3911 οί
258 3854 649 3915 πιστεύσαντες
673 3849 749 3920 τῷ
779 3847 998 3921 Χριστῷ
1028 3847 1185 3917 σῶμα
1214 3843 1376 3898 αὑτοῦ
1400 3843 1638 3897 ἔσονται·
1666 3859 1754 3914 με-

174 3946 579 4020 τασχηματίσει
622 3942 730 4014 γὰρ
773 3942 833 3996 τὺ
878 3942 1037 4011 σῶμα
1065 3939 1165 4009 τῆς
1193 3935 1568 3997 ταπεινώσεως
1597 3934 1754 4005 ἡμῶν

177 4040 315 4112 πρὸς
359 4037 422 4090 τὸ
468 4033 722 4104 γενέσθαι
754 4032 1074 4102 σύμμορφον
1101 4028 1180 4098 τῷ
1213 4025 1424 4096 σώματι
1462 4026 1560 4095 τῆς
1598 4024 1754 4092 δόξης

178 4127 365 4185 αὐτοῦ.
418 4125 732 4190 Διεξόδους
776 4123 834 4176 δὲ
875 4121 994 4174 τῶν
1043 4118 1276 4175 ὑδάτων
1311 4117 1410 4182 τὰς
1441 4117 1590 4179 θείας
1621 4115 1754 4184 φησὶ

167 4222 424 4294 Τραφάςο
458 4221 516 4271 ὲν
549 4211 635 4279 αἷς
666 4211 975 4283 ἁπανταχοῦ
1012 4211 1156 4264 ἔστιν
1189 4210 1367 4282 εὑρεῖν
1397 4206 1628 4280 Χριστὸν
1651 4223 1763 4277 κη-,

181 4315 536 4387 ρυσσόμενον.
582 4306 790 4380 [Ξύλον
818 4304 962 4374 ζωῆς
989 4306 1018 4356 ὁ
1049 4302 1302 4374 Χριστὸς,
1331 4301 1511 4354 κλάδοι
1539 4299 1584 4351 oi
1622 4297 1755 4350 ἀπό·-

182 4406 378 4468 στολοι,
409 4401 619 4473 καρπὸς
645 4393 783 4469 αἷμα
810 4399 901 4450 καὶ
930 4395 1072 4466 ὕδωρ
1093 4395 1157 4447 ἐκ
1180 4396 1278 4464 τῆς
1308 4392 1569 4462 πλευρᾶς·
1596 4383 1670 4444 ὧν
1697 4389 1758 4442 τὸ

183 4501 281 4571 μὲν
330 4499 412 4557 είς
446 4493 797 4548 ὑποτύπωσιν
831 4488 1149 4561 μαρτυρίου,
1178 4486 1238 4538 τὸ
1272 4484 1328 4538 δὲ
1363 4482 1752 4562 βαπτίσματος.

178 4570 359 4644 φύλλα
386 4588 436 4641 ὀί
459 4586 606 4654 λόγοι
630 4599 643 4614 ο
678 4581 887 4653 καρπὸν
917 4577 1010 4633 τοῦ
1046 4577 1202 4644 ξύλου
1235 4576 1446 4646 νοήσεις
1470 4573 1566 4643 τὴν
1593 4570 1757 4643 ὀρθὴν

180 4681 392 4735 πίστιν·
428 4677 600 4748 φύλλα
646 4674 703 4728 δὲ
746 4670 909 4726 αὑτοῦ
940 4671 1038 4743 τὴν
1066 4669 1342 4739 πλήρωσιν
1378 4665 1485 4718 τῶν
1508 4663 1755 4718 ἐντολῶν.

1851 3472 2227 3530 Confessionis
2265 3475 2379 3530 sive
2429 3475 2592 3528 etiam
2637 3469 2911 3539 parabolas
2941 3467 3146 3538 lignum
3173 3464 3428 3521 Christus

1852 3581 1974 3621 esse
1989 3566 2314 3621 describitur
2334 3566 2385 3617 in
2401 3563 2658 3617 divinitus
2675 3560 2937 3629 inspirata
2954 3553 3255 3625 Scriptura,
3270 3555 3427 3624 juxta

1854 3658 1986 3713 illud
2012 3655 2266 3726 :Lignum
2295 3656 2416 3708 vita
2436 3662 2512 3707 est
2537 3651 2774 3706 omnibus
2806 3647 3210 3717 suscipientibus
3227 3644 3427 3700 eam".

1854 3749 1943 3803 Ait
1985 3749 2148 3820 igitur
2190 3761 2286 3802 eos
2316 3746 2409 3816 qui
2444 3746 2498 3798 in
2535 3743 2814 3798 Christum
2847 3738 3193 3798 crediderint,
3228 3750 3430 3805 corpus

1853 3841 1974 3911 ejus
2004 3839 2220 3894 futuros
2261 3853 2403 3892 esse.
2446 3831 2885 3888 Transformabit
2912 3830 3058 3886 enim
3088 3844 3288 3898 corpus
3324 3829 3428 3882 hu-

1854 3933 2100 3988 militatis
2122 3938 2339 3993 nostrae,
2356 3925 2750 3995 coutiguratum
2776 3921 2990 3992 corpori
3009 3920 3274 3975 claritatis
3291 3934 3424 3976 sua.

1856 4026 2116 4080 Decursus
2155 4036 2319 4092 porro
2373 4033 2653 4090 aquarum,
2706 4016 2922 4071 divinas
2976 4021 3137 4068 vocat
3185 4011 3432 4080 Scriptu-

1855 4133 1946 4172 ras
1975 4136 1987 4170 :
2023 4117 2075 4169 iu
2109 4113 2309 4184 quibus
2343 4113 2549 4182 passim
2589 4109 2869 4164 Christum
2903 4103 3142 4173 reperire
3180 4110 3264 4158 est
3294 4116 3432 4171 μεως

1855 4209 2114 4263 dicatum.
2147 4205 2298 4270 Quod
2334 4204 2566 4274 fructum
2610 4214 2763 4253 suum
2805 4197 2954 4250 dabit
2977 4197 3034 4250 in
3063 4205 3289 4266 tempore
3310 4211 3428 4249 suo.

1859 4300 2109 4374 [Lignum
2136 4297 2260 4351 vitze
2292 4294 2567 4355 Christus,
2597 4291 2734 4343 rami
2780 4287 3034 4358 apostoli,
3064 4285 3270 4340 fructus
3303 4299 3432 4340 san—

1857 4392 1978 4464 guis
2006 4399 2060 4443 et
2081 4403 2222 4458 aqua
2255 4402 2321 4440 ex
2361 4385 2530 4438 latere
2563 4380 2775 4436 ﬂuens:
2809 4393 3043 4449 quorum
3080 4377 3169 4430 ille
3209 4374 3429 4445 quidem

1859 4485 1913 4538 iu
1937 4481 2166 4536 formam
2205 4488 2260 4534 et
2294 4474 2602 4545 exemplum
2629 4472 2896 4543 martyrii,
2923 4471 3012 4524 illa
3040 4477 3219 4522 autem
3253 4465 3432 4536 bapti-

1857 4575 2069 4631 smatis.
2113 4571 2260 4627 Folia
2302 4578 2429 4624 sunt
2457 4580 2765 4629 sermones;
2803 4563 3038 4617 fructum
3076 4559 3205 4630 ligni
3233 4556 3432 4612 intelli-

1860 4682 1956 4737 gas
1985 4682 2106 4722 esse
2132 4672 2330 4719 rectam
2365 4662 2551 4724 Iidem;
2580 4658 2710 4713 folia
2746 4658 2872 4711 item
2907 4655 3101 4724 ipsius,
3134 4659 3432 4721 praecepto-

184 4771 412 4845 Καρπὺς
440 4735 537 4823 iui.
573 4769 624 4821 οί
661 4764 971 4835 σωζόμενοι,
995 4735 1130 4834 ’ῥίζα
1160 4735 1221 4814 τὸ
1249 4760 1559 4830 βάπτισμα’
1585 4773 1754 4830 γεωρ-

1861 4777 1981 4816 rum
2022 4756 2492 4813 observationem:
2529 4750 2740 4806 fructus
2771 4748 2934 4804 etiam
2966 4753 3096 4799 sunt
3127 4743 3188 4800 ii.
3217 4743 3311 4811 qui
3342 4755 3432 4794 sa-

184 4865 278 4935 γδς
307 4869 334 4919 ὁ
368 4859 609 4933 Πατήρ.]
644 4861 705 4911 Ὃ
728 4861 834 4913 τὸν
865 4855 1096 4925 καρπὸν
1122 4853 1307 4908 αὑτοῦ
1336 4851 1509 4905 δώσει
1530 4849 1600 4902 ἐν
1632 4865 1760 4902 και-

177 4954 267 5025 ρῷ
291 4953 502 5008 αὐτοῦ.
528 4949 753 5020 Καρπδν
793 4945 888 5002 τοῦ
937 4944 1093 5010 ξύλου
1139 4943 1350 5016 νοήσεις
1391 4941 1490 5011 τὴν
1535 4939 1757 4993 πίστινο

189 5043 362 5116 φύλλα
407 5042 464 5096 δὲ
509 5040 671 5095 αὐτοῦ
701 5038 800 5111 τὴν
830 5038 1106 5110 πλήρωσιν
1135 5033 1244 5086 τῶν
1277 5030 1524 5086 ἐντολῶν.
1557 5030 1665 5084 Καὶ
1696 5029 1758 5081 τὸ

187 5140 430 5208 φύλλον
456 5134 642 5189 αὐτοῦ
671 5135 781 5187 οὐκ
808 5128 1246 5199 ἀπορῤυήσεται
1265 5167 1279 5192 ,
1325 5125 1424 5177 οὑκ
1473 5122 1763 5176 ἀποπεσεῖ-

190 5249 300 5285 ται.
335 5228 446 5286 Καὶ
470 5225 664 5280 πάντα
685 5225 802 5279 ὅσα
823 5222 902 5278 ἂν
925 5219 1065 5290 ποιῇ
1091 5215 1652 5283 κατευοδωθήσεται.
1687 5212 1762 5266 Οὑ

190 5325 300 5395 γάρ
329 5325 444 5375 ἐστι
473 5319 669 5392 πρᾶξις
691 5318 797 5370 τῶν
825 5316 965 5371 κατὰ
987 5314 1117 5367 Θεὸν
1137 5311 1434 5381 γινομένων
1459 5307 1760 5377 ἀνωφελής.

193 5415 424 5488 ἱΚαιρὸς
455 5413 550 5466 τοῦ
579 5412 772 5466 διδόναι
802 5413 836 5480 ὴ
869 5408 963 5462 τοῦ
1000 5406 1365 5477 λαμϐάνοντος
1397 5399 1764 5472 ἐπιτηδειότης

193 5505 390 5577 ter:th

267 5600 368 5654 Διὰ
386 5598 563 5654 τοῦτο
587 5597 699 5650 οὐκ
717 5591 1165 5662 ἀναστήσονται
1194 5587 1427 5655 ἀσεϐεῖς
1453 5587 1523 5641 ἐν
1549 5585 1760 5653 κρίσει.

193 5693 296 5749 Διὰ
321 5689 481 5744 τοῦτο
503 5690 624 5762 μὲν,
654 5687 740 5742 διὰ
762 5688 824 5741 τὸ
850 5686 924 5759 μὴ
944 5685 1086 5756 ἔχειν
1114 5682 1287 5757 ῥίζαν,
1314 5681 1426 5736 ἀλλ’
1447 5679 1664 5751 ὁμοίους
1686 5672 1762 5730 εἷ-

1859 4853 2025 4905 lutem
2072 4855 2514 4917 consequuntur;
2567 4843 2755 4907 radix,
2801 4839 3104 4909 baptisma;
3155 4832 3430 4905 agricola,

1858 4942 2065 5015 Pater.]
2097 4940 2355 4996 Fructum
2391 4937 2518 5008 ligni
2551 4935 2821 5005 intelligas
2855 4941 3059 4987 rectam
3087 4926 3249 4982 ﬁdem
3291 4942 3304 4978 :
3349 4923 3436 4978 l‘o-

1860 5037 1992 5091 lium
2027 5046 2206 5088 autem
2231 5033 2371 5102 ejus,
2405 5041 2488 5085 est
2512 5031 2669 5098 plena
2693 5024 3002 5083 observatio
3024 5021 3430 5076 mandatorum.

1863 5125 1932 5179 Et
1967 5125 2153 5194 folium
2184 5122 2298 5191 ejus
2343 5137 2446 5173 non
2484 5118 2697 5188 deﬂuet,
2727 5131 2834 5170 non
2871 5112 3105 5168 decidet.
3139 5107 3208 5162 Et
3257 5106 3434 5160 omnia

1864 5233 2184 5290 quwcunque
2217 5216 2372 5281 faciet
2401 5211 2865 5283 prosperabuntur.
2887 5202 3047 5259 Nulla
3075 5200 3222 5256 enim
3247 5213 3439 5253 secun-

1864 5312 1994 5366 dum
2024 5307 2192 5362 Deum
2217 5306 2360 5361 actio
2389 5303 2622 5358 utilitate
2648 5307 2817 5355 caret.
2841 5295 3104 5370 [Tempus
3137 5291 3325 5354 dandi,
3351 5304 3438 5343 ac-

1865 5403 2113 5475 cipientis
2137 5399 2510 5470 opportunitas
2535 5392 2661 5465 est.]

1940 5582 1991 5637 5.
2031 5579 2157 5634 Ideo
2187 5597 2289 5633 non
2319 5584 2584 5648 resurgent
2626 5575 2775 5646 impii
2816 5573 2872 5625 in
2902 5566 3121 5638 iudicio.
3166 5559 3435 5616 Nimirum

1871 5673 1997 5745 quia
2031 5689 2140 5730 non
2163 5671 2362 5729 habent
2406 5669 2665 5738 radicem,
2699 5666 2793 5724 sed
2833 5661 3039 5721 similes
3075 5662 3202 5714 sunt
3226 5648 3436 5724 pulveri

269 5807 311 5842 “
343 5805 532 5864 Matth.
563 5821 717 5874 nm,
748 5804 801 5862 3.
859 5805 904 5839 ³⁸
933 5801 1088 5859 Joan.
1127 5818 1221 5868 \‘lt,
1254 5803 1340 5860 ‘57.
1417 5800 1464 5835 "
1494 5797 1652 5854 Prov.
1687 5809 1768 5862 ut,
1804 5790 1886 5847 l8.
