4032 6424
580 372 652 429 83
1433 375 1487 430 S.
1531 372 1895 429 ATHANASII
1935 373 2085 428 OPP.
2128 371 2305 427 PARS
2343 372 2427 428 lll.
2469 403 2535 412 —-
2576 371 2981 427 EXECETICA.
3737 367 3810 424 64

584 499 742 546 terra
771 505 802 545 a
837 493 1013 548 ventis
1038 493 1260 565 agitato.
1285 493 1514 550 Ventum
1547 505 1724 550 autem
1763 497 2030 566 intelligas
2059 494 2147 547 Dei

2257 512 2338 547 vat
2368 493 2450 564 χοῖ
2489 495 2588 564 γῆς
2624 495 2728 548 ὑπὸ
2750 495 2947 564 ἀνέμου
2983 490 3312 564 ῥιπιζομένῳ
3332 508 3345 522 ⁶
3379 490 3572 560 ἄνεμον
3601 488 3658 543 δὲ
3684 491 3812 560 νοή-

584 583 1082 651 comminationem,
1116 603 1222 656 qua
1250 588 1381 642 dicit
1406 588 1448 618 ⁸⁷
1475 607 1487 642 :
1510 587 1772 641 Discedite
1801 605 1832 640 a
1861 604 1959 648 me,
1983 589 2144 640 malc-

584 674 734 738 αἱαὶ,
769 675 824 728 in
861 675 1028 746 ignem
1058 687 1329 731 wternum.
1377 678 1476 744 Qui
1509 679 1598 732 tali
1639 679 1820 732 audita
1859 694 1985 733 voce
2025 678 2146 747 jure

583 765 852 829 decident,
891 783 996 820 non
1027 769 1170 822 enim
1221 771 1508 825 constitere
1553 771 1606 824 in
1636 770 1872 830 Christo.
1899 770 1990 840 qui
2030 785 2148 824 cre-

584 853 826 909 dentium
875 856 1108 912 fulcrum
1143 869 1224 915 est
1265 876 1328 914 ac
1365 860 1795 914 fundamentum.
1822 858 1954 912 Nam
1986 859 2146 929 inju-

585 943 730 1000 dicio
748 947 842 1009 ait,
866 965 972 1003 non
1000 951 1049 1003 in
1074 951 1513 1019 interrogatione.
1537 951 1603 1005 In
1624 952 1842 1005 concilio
1854 951 2144 1019 justorum,

586 1040 680 1092 ait.
701 1037 833 1094 Nam
855 1043 1315 1114 separabitjustos
1340 1062 1367 1100 a
1395 1047 1790 1116 peccatoribus.

659 1295 711 1351 6.
733 1297 992 1364 Quoniam
1009 1305 1142 1357 norit
1166 1304 1417 1362 Dominus
1435 1309 2058 1379 viamjustorum.Novit,
2079 1316 2150 1370 ibi

588 1388 824 1455 positum
854 1401 935 1447 est
961 1409 1080 1461 pro,
1112 1397 1683 1458 Itonorat;secundum
1708 1403 1756 1458 id
1784 1406 1928 1473 quod
1946 1407 2150 1461 dictum

592 1494 625 1533 a
648 1477 757 1534 Deo
785 1492 867 1537 est
890 1486 954 1540 ad
987 1486 1186 1542 Mosem
1212 1490 1254 1521 ³⁸
1281 1509 1295 1544 :
1327 1489 1464 1544 Novi
1495 1503 1542 1546 te
1571 1510 1682 1562 pra!
1716 1495 1975 1561 omnibus,
1998 1499 2152 1565 quasi

590 1569 732 1624 dicat
767 1591 779 1625 :
813 1574 1022 1628 honoro
1047 1587 1116 1638 te,
1166 1590 1220 1634 et
1261 1581 1513 1637 invenisti
1555 1587 1784 1654 gratiam
1829 1602 2009 1641 coram
2047 1606 2151 1646 me.

667 1660 1001 1722 PSALML’S
1037 1667 1096 1723 II
1129 1670 1510 1728 Davidi:caret
1537 1677 1871 1746 inscriptione
1909 1679 2050 1748 apud

1240 1763 1288 1817 11
1296 1767 1510 1821 εὺνανοε.

1176 1855 1214 1906 Α
1225 1868 1570 1926 rgumentum.

593 1933 885 2005 Postquam
911 1938 962 1992 in
989 1940 1163 2010 primo
1191 1945 1399 2012 psalmo
1422 1947 1659 2002 Judaicee
1680 1951 1853 2017 gentis
1885 1952 2154 2023 principes

664 2029 876 2082 vocavit
910 2030 1127 2100 impios,
1164 2047 1477 2102 peccatores
1507 2049 1560 2094 et
1599 2042 1942 2110 pestilentes;
1967 2045 2019 2098 in
2052 2046 2155 2100 hoc

665 2115 859 2172 iterum
886 2134 1071 2176 eorum
1107 2138 1269 2194 Opera
1298 2139 1542 2185 recenset
1565 2131 1872 2199 hujusmodi
1901 2150 2032 2189 usus
2058 2151 2155 2190 no-

661 2209 919 2275 minibus,
948 2213 1078 2282 ipsis
1117 2216 1320 2284 optime
1350 2223 1793 2290 congruentibus.
1829 2224 2153 2296 [Postquam

661 2299 896 2368 primum
920 2304 1187 2370 psalmum
1223 2323 1319 2376 per
1345 2311 1634 2379 impiorum
1669 2317 1983 2372 memoriam
2027 2335 2156 2374 con-

664 2393 936 2459 cluscrat.
987 2403 1302 2457 eorumdem
1357 2408 1630 2462 mentione
1685 2412 1984 2466 secundum
2036 2414 2154 2470 iniit

665 2484 957 2553 psalmum,
993 2487 1193 2544 docens
1238 2509 1399 2562 supra
1454 2509 1812 2554 memoratum
1863 2501 2152 2572 impiorum

665 2575 825 2630 linem
853 2592 967 2639 eos.
993 2581 1084 2648 qui
1110 2580 1292 2638 furore
1313 2585 1366 2638 in
1392 2585 1727 2644 Salvatorem
1751 2592 1858 2646 acti
1891 2603 2037 2660 sunt,
2063 2611 2157 2649 ex-

665 2671 998 2741 ccpturum.]

669 2756 720 2811 1.
743 2755 919 2823 Quare
949 2763 1269 2830 fremuerunt
1295 2778 1490 2838 gentes,
1520 2779 1623 2825 etc.
1668 2770 1963 2829 Fremitum
1999 2787 2158 2831 vocat

596 2845 806 2903 brutam
828 2850 1182 2912 ferocitatem.
1210 2857 1342 2914 Illud
1360 2871 1562 2924 autem,
1584 2879 1766 2931 quare,
1797 2866 1849 2918 in
1881 2870 2154 2922 communi

595 2944 810 3012 dicitur,
849 2961 906 3002 ut
940 2950 1268 3020 intelligatur
1305 2956 1465 3008 etiam
1495 2975 1506 3009 :
1545 2957 1721 3021 Quare
1757 2961 1936 3028 populi
1989 2965 2155 3017 medi-

599 3039 695 3088 tati
730 3051 852 3091 sunt
897 3043 1123 3096 inania?
1159 3044 1224 3099 Et
1259 3047 1373 3115 qui,
1410 3065 1614 3117 qureso,
1648 3068 1755 3106 non
1803 3055 1980 3112 inanis
2026 3057 2157 3127 ipsis

597 3128 759 3184 fuerit
788 3132 1096 3202 hujusmodi
1147 3139 1446 3208 meditatio,
1482 3152 1666 3214 utpote
1693 3147 1787 3216 qui
1822 3146 2152 3205 Salvatorem

597 3225 811 3291 generis
835 3227 916 3280 sui
945 3244 1050 3282 non
1091 3233 1440 3300 acceperint?

669 3315 843 3384 mum,
877 3321 971 3385 ait,
1004 3338 1166 3377 causa
1198 3326 1331 3378 tanti
1371 3327 1501 3390 odii,
1540 3337 1597 3382 ut
1632 3329 1682 3383 in
1723 3347 1888 3385 unum
1929 3349 2158 3390 concuro

597 3419 716 3461 rant
749 3418 936 3479 gentes
981 3421 1034 3465 et
1073 3415 1294 3482 populi?
1323 3413 1456 3470 lllud
1493 3418 1661 3480 enim,
1692 3421 2037 3486 fremuerunt,
2079 3425 2157 3477 si-

596 3500 834 3568 gniﬁcat,
868 3510 1072 3556 tantum
1096 3506 1498 3574 superbierunt,
1524 3509 1665 3578 quod
1691 3519 1773 3563 est
1800 3527 1920 3564 cum
1951 3521 2160 3569 tumore

595 3600 648 3645 et
677 3594 979 3661 arrogantia
1007 3595 1192 3650 turbas
1219 3612 1434 3652 movere
1457 3607 1507 3652 et
1543 3600 1877 3654 tumultuari.
1904 3600 2158 3658 Transla-

597 3693 792 3752 tusque
821 3694 902 3737 est
925 3685 1012 3739 hic
1041 3686 1293 3755 loquendi
1321 3689 1511 3742 modus
1531 3707 1560 3743 a
1585 3691 1746 3746 bruto
1772 3708 2033 3762 equorum
2059 3695 2158 3749 im-

596 3786 742 3845 patu,
774 3775 978 3830 nullum
1014 3776 1260 3832 decorem
1299 3790 1569 3845 servante,
1593 3785 1735 3850 quod
1759 3781 1958 3839 Judzcis
1986 3789 2160 3840 conti-

596 3866 668 3934 git
715 3866 977 3922 adversus
1020 3869 1297 3923 Christum
1347 3869 1776 3940 insurgentibus.
1813 3872 1943 3940 Quae
1993 3891 2156 3933 causa

597 3956 842 4023 estquod
864 3956 916 4009 in
952 3973 1116 4010 unum
1143 3969 1672 4030 concurrantgcntes
1690 3972 1743 4017 et
1768 3965 1992 4033 populi?
2021 3965 2158 4023 forte

597 4048 758 4102 etiam
796 4048 1063 4104 lsraelitas
1092 4057 1247 4102 vocat
1279 4059 1464 4119 gentes
1495 4063 1547 4105 et
1571 4055 1818 4120 papulos,
1853 4055 1966 4108 sive
1988 4054 2157 4111 Hero-

596 4139 717 4192 dem
749 4148 802 4193 et
827 4139 1054 4196 Pilatum
1096 4143 1252 4214 quasi
1300 4143 1569 4210 ethnicos,
1599 4143 1815 4201 Judteos
1847 4157 1904 4200 ut
1932 4150 2159 4218 populos

596 4232 906 4304 memnrat.]
1848 4225 1868 4244 ⁸

669 4327 986 4401 [Astiterunt
1025 4345 1163 4399 rcges
1195 4341 1367 4386 terrm.
1397 4331 1472 4382 Ac
1503 4331 1545 4384 si
1569 4329 1790 4394 diceret,
1817 4347 1934 4387 sese
1963 4344 2159 4402 suopte

599 4420 830 4474 consilio
881 4421 947 4475 ad
981 4421 1031 4474 id
1079 4422 1274 4490 negmii
1321 4423 1663 4476 destinaruut
1703 4438 1876 4492 reges,
1917 4422 2158 4480 Herodes

2251 603 2359 649 σεις
2393 586 2488 655 τὴν
2515 587 2738 656 ἀπειλὴν
2763 586 2852 638 τοῦ
2881 585 3012 639 Θεοῦ
3043 585 3137 656 τὴν
3159 585 3444 653 λέγουσαν·
3480 584 3811 651 Πορεύεσθε

2249 677 2348 729 ἀπ’
2400 676 2564 746 ἐμοῦ,
2628 679 2680 730 οὶ
2719 677 3127 746 κατηραμένοι,
3186 678 3272 739 εις
3312 675 3429 742 πῦρ
3467 672 3532 726 τὸ
3553 671 3810 726 αἰώνιον.

2249 772 2312 822 Οί
2360 770 2454 839 τὴν
2499 769 2663 840 αὐτὴν
2691 769 3018 832 ἀκούσαντες
3051 769 3229 840 φωνὴν
3259 765 3686 821 καταπεσοῦνται
3731 763 3815 817 δι-

2251 860 2448 922 καίως·
2483 861 2542 912 οὺ
2591 859 2698 930 γὰρ
2742 861 3032 931 ἑστήκασιν
3085 862 3164 923 είς
3209 860 3459 931 Χριστὸν,
3483 858 3540 920 ὃς
3578 858 3693 910 ἐστι
3724 873 3814 908 πι-

2252 951 2542 1004 στευόντων
2576 953 2850 1025 στήριγμα
2875 954 2966 1005 καὶ
3005 952 3248 1022 θεμέλιος
3267 969 3278 981 ·
3311 952 3371 1004 τὸ
3396 950 3502 1020 γὰρ
3528 951 3606 1012 είς
3633 949 3816 1018 κρίσιδ

2251 1043 2434 1111 φησὶν,
2459 1043 2558 1094 οὐκ
2580 1044 2659 1103 είς
2685 1043 2970 1114 ἐρώτησιν.
2988 1043 3089 1095 Ἔν
3108 1040 3180 1109 τῇ
3209 1038 3528 1110 συναγωγῇ
3545 1039 3812 1100 δικαίων,

2251 1133 2395 1201 λέγει
2413 1151 2426 1164 ·
2456 1134 2701 1204 ἀφορίζει
2729 1135 2838 1204 γὰρ
2877 1135 3001 1197 τοὺς
3030 1132 3266 1195 δικαίους
3291 1131 3399 1184 ἀπὸ
3426 1129 3532 1182 τῶν
3560 1130 3815 1199 ἀμαρτω-

2251 1223 2357 1276 λῶν

2324 1315 2441 1366 ’Ότι
2470 1313 2744 1382 γινώσκει
2785 1315 2996 1382 Κύριος
3024 1312 3166 1366 ὁδὸν
3193 1311 3456 1364 δικαίων.
3493 1309 3587 1372 Τὸ,
3632 1307 3817 1378 τινώ-

2253 1420 2406 1466 σκει,
2432 1405 2550 1456 ἀντὶ
2577 1403 2689 1464 τοῦ,
2714 1401 2868 1472 τιμᾷ,
2896 1403 3033 1456 κατὰ
3055 1404 3116 1454 τὸ
3141 1400 3423 1471 εἰρημένον
3450 1399 3555 1453 ὑπὸ
3576 1397 3707 1451 Θεοῦ
3733 1400 3816 1459 είς

2253 1496 2454 1566 Μωσῆν
2472 1512 2485 1524 ·
2521 1493 2799 1548 Γινώσκω
2831 1509 2904 1546 σε
2935 1493 3092 1560 παρὰ
3123 1491 3375 1555 πάντας·
3406 1488 3527 1543 ἀντὶ
3553 1488 3648 1542 τοῦ
3672 1486 3817 1558 τιμῶ

2255 1603 2336 1648 σε,
2368 1587 2460 1638 καὶ
2492 1581 2643 1657 εὗρες
2666 1585 2823 1655 χάριν
2853 1585 2910 1636 ὲν
2941 1584 3080 1653 ὲμοί.

2259 1681 2565 1734 ΨΑΛΜΟΣ
2595 1677 2673 1744 τῷ
2699 1677 2877 1732 Δαυῒὸ
2919 1675 3317 1744 ἀνεπίγραφος
3345 1674 3478 1741 παρ’
3511 1671 3816 1744 Ἑϐραίοις.

2998 1770 3079 1822 B’.

2878 1860 3198 1923 Ὑπόθεσις.

2265 1953 2350 2005 Ἑν
2397 1951 2475 2023 τῷ
2520 1951 2719 2022 πρώτῳ
2763 1949 2962 2021 ψαλμῷ
3004 1949 3216 2011 ἀσε6εῖς
3248 1965 3306 2000 τε
3338 1947 3431 2001 καὶ
3464 1945 3819 2016 ἁμαρτωλοὺς

2322 2045 2416 2098 καὶ
2451 2045 2668 2114 λοιμοὺς
2696 2045 3110 2113 ἀποφηνάμενος
3139 2041 3263 2104 τοὺς
3284 2041 3545 2110 ἄρχοντας
3574 2038 3666 2091 τοῦ
3693 2039 3820 2091 ’1ου-

2321 2135 2482 2188 δαίων
2512 2134 2716 2196 ἔθνους,
2745 2136 2802 2187 ὲν
2829 2134 3001 2204 τούτῳ
3025 2131 3184 2186 πάλιν
3209 2131 3445 2184 δείκνυσι
3470 2129 3566 2192 τὰς
3588 2126 3820 2198 πράξεις

2325 2221 2412 2275 διὰ
2449 2221 2556 2274 τῶν
2593 2221 2845 2274 τοιούτων
2870 2221 3164 2290 ὀνομάτων,
3191 2213 3266 2274 ὧν
3294 2219 3544 2288 γεγόνασι
3579 2217 3816 2289 μέτοχοι.

2327 2315 2552 2385 [Μνήμῃ
2582 2313 2687 2366 τῶν
2717 2311 2926 2366 ἀσεϐῶν
2951 2330 3010 2366 συ
3020 2313 3298 2384 μπεράνας
3323 2313 3411 2365 τὸν
3440 2311 3652 2382 πρῶτον
3682 2310 3822 2379 ψαλ-

2329 2409 2428 2478 μὸν
2447 2449 2459 2467 ,
2492 2408 2555 2460 ὲκ
2587 2407 2788 2475 ταύτης
2816 2406 2974 2460 πάλιν
2999 2405 3092 2457 τοῦ
3120 2404 3163 2474 β’
3188 2403 3285 2475 τὴν
3315 2403 3484 2474 ἀρχὴν
3503 2403 3817 2472 ἐποιήσατο,

2328 2498 2608 2559 διδάσκων,
2637 2497 2803 2550 ὅτιτὸ
2849 2496 3239 2566 προειρημένον
3271 2495 3376 2548 τῶν
3422 2491 3630 2546 ἀσεϐῶν
3665 2490 3821 2554 τέλος

2329 2595 2422 2647 καὶ
2450 2598 2574 2659 τοὺς
2603 2592 2744 2646 κατά
2765 2590 2858 2644 τοῦ
2894 2591 3140 2662 Σωτῆρος
3163 2589 3528 2660 λυττήσαντας
3567 2584 3820 2650 ὑποδέξε-

2324 2700 2431 2736 ται.

2324 2681 2522 2822 ἶ’ῗξαΙτί
2549 2767 2852 2837 ἐφρύαξαν
2875 2767 3018 2832 ἔθνη
3042 2763 3136 2820 καὶ
3159 2763 3296 2817 λαοὶ
3325 2763 3698 2831 ἐμελέτησαν
3723 2775 3824 2815 κε·

2253 2856 2365 2921 rd;
2396 2857 2576 2928 Φρύαγ
2587 2875 2661 2928 μα
2690 2858 2746 2910 τὸ
2762 2857 2950 2924 ἄλογον
2976 2855 3244 2925 φρόνημα.
3263 2854 3391 2906 Ἀπὸ
3411 2850 3586 2905 κοινοῦ
3616 2851 3694 2913 τὸ,
3719 2851 3823 2904 ἵνα

2255 2950 2330 3014 τί,
2361 2951 2605 3003 τουτέστι
2625 2967 2639 2980 ο
2671 2951 2772 3004 Διά
2797 2951 2851 3002 τί
2877 2953 2928 3003 οἱ
2952 2947 3086 3002 λαοί
3109 2945 3478 3015 ἐμελέτησαν
3495 2943 3671 3007 κενά;
3695 2941 3819 3005 Πῶς

2255 3044 2361 3113 γὰρ
2392 3043 2451 3094 οὑ
2496 3041 2628 3094 κενὰ
2653 3041 2871 3109 γέγονεν
2903 3040 3082 3102 αὐτοῖς
3115 3042 3147 3108 ἡ
3180 3037 3371 3108 μελέτη
3404 3038 3479 3108 μὴ
3510 3036 3823 3106 δεξαμένοις

2257 3135 2344 3188 τὸν
2365 3135 2588 3206 Σωτῆρα
2612 3133 2703 3186 τοῦ
2730 3132 2947 3202 γένουςὶ

2330 3332 2468 3404 [Τίς,
2500 3333 2680 3401 φησὶν,
2700 3333 2732 3401 ἡ
2753 3330 2900 3383 αίτία
2923 3329 3172 3382 τοσούτου
3201 3330 3385 3399 μίσους
3413 3329 3492 3391 είς
3518 3329 3680 3381 ταυτδ
3703 3343 3822 3378 συν-

2256 3427 2480 3496 δραμεῖν
2528 3423 2652 3494 ἕθνη
2699 3424 2790 3474 καὶ
2826 3421 3020 3484 mag;
3061 3421 3132 3472 Τὸ
3175 3419 3302 3492 γὰρ,
3329 3418 3651 3487 ἐφρύαξαν,
3680 3418 3823 3470 κατὰ

2257 3517 2477 3571 τοσοῦτο
2526 3515 3057 3587 ὑπερηφανεύσαντο,
3091 3513 3339 3584 σημαίνει
3390 3513 3451 3564 τὸ
3505 3513 3617 3582 μετ’
3649 3512 3823 3582 ὲπάρυ

2259 3626 2395 3673 σεως
2433 3611 2522 3661 καὶ
2554 3609 2922 3678 μεγαλαυχίας
2948 3607 3090 3670 τινὸς
3124 3606 3482 3678 ταράσσεσθαι
3529 3605 3621 3658 καὶ
3665 3604 3822 3674 θορυ-

2258 3700 2485 3753 δεῖσθαι.
2503 3699 2833 3768 Μετενιιχοὲν
2855 3699 2961 3752 ἀπὸ
2984 3700 3080 3769 τῆς
3102 3698 3295 3766 ἀλόγου
3319 3697 3424 3749 τῶν
3450 3697 3628 3749 ἵππων
3647 3697 3824 3767 ὁρμῆς

2259 3793 2344 3844 ἐπ’
2377 3792 2548 3844 οὐδενὶ
2575 3790 2682 3842 τῶν
2711 3791 2935 3842 δεόντων
2955 3806 2966 3818 ο
2998 3789 3025 3840 δ
3059 3788 3252 3858 συνέϐη
3283 3791 3392 3850 τοῖς
3429 3787 3700 3849 Ἰουδαίοις
3730 3787 3823 3838 ἐπὶ

2258 3881 2512 3953 Χριστοῦ.
2543 3882 2606 3932 Τί
2634 3881 2692 3932 τὸ
2722 3880 2891 3932 αἴτιον
2924 3881 3000 3943 εἰς
3019 3878 3186 3932 ταυτὸ
3220 3879 3542 3950 συνδραμεῖν
3573 3877 3698 3949 ἔθνη
3730 3879 3824 3930 καὶ

2258 3970 2450 4035 λαούς;
2500 3969 2623 4023 Εἴτε
2675 3970 2782 4040 γὰρ
2829 3971 2954 4033 τοὺς
2999 3969 3334 4040 Ἰσραηλίτας
3382 3970 3513 4039 φησὶ
3562 3969 3686 4039 ἔθνη
3730 3971 3825 4022 καὶ

2257 4061 2436 4124 λαοὺς,
2467 4060 2577 4112 εἴτε
2607 4061 2730 4122 τοὺς
2760 4060 2885 4130 περὶ
2923 4059 3165 4130 Ἡρώδην
3201 4059 3293 4110 καὶ
3321 4057 3547 4110 Πιλᾶτον
3577 4057 3652 4120 ὡς
3683 4057 3823 4111 ἐθνι-

2259 4155 2406 4217 κοὺς,
2437 4153 2531 4205 καὶ
2563 4152 2724 4215 λαοὺς
2753 4154 2875 4215 τοὺς
2919 4150 3246 4222 ’1ουδαίους.]

2331 4322 2749 4395 [Παρέστησαν
2790 4329 2842 4379 οἱ
2878 4325 3158 4392 ,βασιλεῖς
3195 4327 3304 4394 τῆς
3345 4326 3474 4396 τῆς.
3521 4327 3611 4392 Τὸ,
3677 4341 3816 4395 παρα

2257 4419 2547 4482 ἔστησαν,
2572 4418 2690 4469 ἀντὶ
2733 4417 2851 4482 τοῦ,
2902 4419 3126 4480 ἑαυτοὺς
3164 4419 3300 4489 πρὸς
3344 4418 3499 4471 τοῦτο
3541 4417 3825 4489 ἀφώρισαν

600 4527 793 4581 nempe
817 4522 870 4565 et
897 4511 1126 4567 Pontius
1149 4511 1374 4568 Pilatus.
1405 4511 1478 4566 Ita
1520 4514 1692 4568 sancti
1719 4515 1948 4583 apostoli
1973 4515 2026 4569 in
2054 4515 2154 4572 Ac-

2265 4509 2500 4579 βασιλεῖς
2538 4508 2777 4579 Ἡρώδης
2835 4527 2891 4562 τε
2944 4511 3035 4563 καὶ
3088 4511 3306 4574 Πόντιος
3359 4510 3603 4573 Πιλᾶτος.
3636 4507 3824 4574 Οὕτως

600 4605 744 4658 tibus
778 4605 1108 4673 interpretati
1139 4604 1306 4676 sunt.]

667 4696 721 4750 2.
754 4695 824 4750 Et
855 4696 1112 4765 principes
1165 4706 1505 4749 convenerunt
1543 4696 1596 4748 in
1637 4713 1817 4752 unum.
1854 4695 2160 4767 Supradicti

599 4787 807 4840 scilicet
835 4786 1051 4842 ordines
1082 4804 1094 4840 :
1135 4786 1326 4841 scriba!
1349 4787 1626 4847 nimirum,
1648 4785 1900 4843 Pharisaei
1923 4799 1976 4843 et
2002 4791 2161 4860 legis.

599 4877 773 4946 periti.
798 4876 1051 4930 Adversus
1075 4878 1353 4931 Dominum
1381 4887 1427 4930 et
1464 4879 1710 4932 adversus
1740 4880 2004 4933 Christum
2023 4880 2156 4949 ejus.

602 4970 812 5023 Insitlia:
836 4969 978 5023 enim
1006 4970 1057 5022 in
1089 4968 1363 5024 Christum
1397 4981 1614 5037 paratae,
1646 4971 1698 5022 in
1734 4971 1910 5040 ipsum
1941 4987 2159 5040 quoque

598 5062 811 5117 Patrem
854 5070 1089 5117 vertunt.
1132 5059 1266 5114 Nam
1313 5063 1356 5116 si
1397 5061 1552 5114 Pater
1579 5061 1630 5114 in
1657 5060 1790 5114 Filio
1819 5073 1870 5116 et
1905 5061 2071 5117 Filius
2103 5064 2155 5116 in

595 5153 778 5218 Patre,
805 5156 1083 5223 quomodo
1109 5169 1213 5208 non
1247 5170 1351 5207 una
1378 5153 1430 5207 in
1455 5162 1744 5222 utrumque
1780 5162 2014 5208 vertatur
2035 5170 2158 5208 con-

601 5256 655 5299 tu
665 5248 818 5301 melia
836 5247 860 5300 τ

2266 4602 2358 4654 καὶ
2374 4603 2421 4653 oi
2440 4603 2580 4669 ἆγιοι
2610 4603 2891 4655 ἀπόστολοι
2919 4607 2976 4656 ὲν
3007 4607 3125 4666 ταῖς
3143 4605 3407 4673 Πράξεσιν
3432 4605 3823 4676 ἡρμήνευσαν.ι

2337 4697 2448 4749 Καὶ
2478 4699 2530 4749 οἱ
2563 4697 2846 4766 ἄρχοντες
2883 4697 3280 4765 συνήχθησαν
3312 4699 3411 4751 ἐπὶ
3450 4699 3516 4752 τὸ
3550 4699 3714 4752 αὐτό.
3743 4698 3822 4750 Τὰ

2268 4789 2629 4859 προλεχθέντα
2653 4792 2925 4860 τάγματα’
2953 4793 3295 4860 γραμματεῖς
3322 4791 3414 4843 καὶ
3428 4792 3706 4861 Φαρισαῖοι
3731 4790 3824 4841 καὶ

2266 4884 2498 4953 νομικοί.
2524 4883 2683 4936 Κατὰ
2717 4883 2822 4935 τοῦ
2850 4885 3069 4950 Κυρίου
3107 4885 3204 4934 καὶ
3242 4885 3389 4938 κατὰ
3421 4884 3525 4938 τοῦ
3569 4885 3823 4952 Χριστοῦ

2264 4975 2468 5027 αὑτοῦ.
2488 4975 2549 5026 ’11
2584 4973 2693 5045 γὰρ
2723 4976 2801 5037 εἰς
2825 4976 2915 5027 τὸν
2944 4975 3174 5044 Χριστὸν
3203 4976 3456 5047 ἐπιϐουλὴ
3486 4977 3580 5028 καὶ
3620 4978 3699 5038 είς
3727 4976 3824 5028 αὺ-

2263 5066 2351 5118 τὸν
2397 5066 2674 5136 ἀνατρέχει
2723 5065 2813 5120 τὸν
2867 5068 3102 5137 Πατέρα.
3135 5068 3196 5119 Ei
3222 5069 3328 5138 γὰρ
3358 5071 3385 5122 ὁ
3429 5069 3614 5138 Πατὴρ
3663 5071 3719 5121 ὲν
3746 5068 3823 5136 τῷ

2265 5156 2379 5227 Υἱῴ
2409 5158 2500 5209 καὶ
2523 5160 2550 5210 ὁ
2581 5158 2704 5220 rw;
2734 5160 2790 5211 ὲν
2842 5159 2917 5229 τῷ
2963 5160 3157 5230 Πατρὶ,
3195 5160 3308 5223 πῶς
3335 5161 3394 5212 οὐ
3421 5161 3512 5212 καὶ
3553 5161 3648 5230 μία
3678 5162 3710 5228 ἡ
3745 5163 3823 5224 είς

2264 5249 2458 5311 αὐτοὺς
2490 5248 2644 5320 ὕϐρις
2669 5251 2858 5324 γένοιτ’
2891 5252 2987 5315 ἀν;

678 5361 872 5424 Adjicit
905 5361 1090 5414 Daniel
1126 5361 1394 5414 Barbarus
1429 5377 1445 5414 :
1480 5360 1613 5414 Nam
1643 5363 2216 5431 prmpositionesduaz,
2245 5375 2298 5418 et
2343 5367 2553 5422 articuli
2610 5368 2738 5432 duo,
2795 5369 2931 5423 duas
2979 5385 3195 5440 quoque
3222 5383 3482 5439 personas
3515 5368 3775 5422 inducunt
3811 5389 3823 5421 :

601 5453 813 5508 Patrem
844 5456 1125 5520 nimirum,
1153 5467 1206 5511 et
1233 5456 1449 5520 Filium,
1475 5456 1628 5526 juxta
1660 5457 1807 5521 illud,
1841 5461 1986 5528 quod
2021 5476 2049 5514 a
2075 5458 2292 5516 Christo
2323 5463 2526 5517 dictum
2557 5473 2639 5518 cst
2668 5467 2710 5497 ⁸⁹
2738 5482 2754 5520 :
2789 5465 2891 5530 Qui
2926 5483 3002 5519 me
3039 5469 3238 5536 recipit,
3278 5466 3455 5533 rrcipit
3478 5481 3590 5519 eum
3624 5466 3714 5533 qui
3751 5483 3828 5518 me

603 5550 784 5614 misit;
809 5561 858 5604 et
886 5554 973 5620 qui
1005 5568 1082 5606 me
1108 5554 1323 5620 spernit,
1354 5554 1532 5606 ambos
1561 5555 1777 5621 spernit.

677 5781 719 5815 ετ
754 5777 940 5835 Matth.
964 5797 1085 5849 xxv,
1118 5783 1206 5839 Η.

1285 5784 1326 5815 ³⁸
1355 5783 1522 5840 Exod.
1557 5800 1724 5851 usit,
1758 5784 1842 5837 ιε.
1916 5784 1958 5817 ⁸⁹
1985 5780 2113 5838 Luc.
2150 5798 2200 5848 κ,
2236 5782 2317 5839 16.
