4032 6442
188 410 255 464 05
1333 399 1685 457 EXI‘OSITIO
1728 396 1793 451 lN
1833 393 2161 450 PSALMUM
2203 392 2265 449 ll.
3342 395 3414 451 δε

254 524 663 594 Δωρῤήεωμεν
719 524 857 589 τοὺς
904 522 1161 594 δεσμοὺς
1204 524 1414 578 αὐτῶν.
1445 522 1631 575 Λείπει
1663 520 1742 582 τὸ,

1918 516 1970 569 3.
2001 514 2375 582 Dirumpamus
2402 513 2605 566 vincula
2640 529 2841 566 eorum.
2873 510 3031 566 Deest
3052 511 3202 574 illud,
3234 511 3411 567 dicen-

185 614 494 684 λέτοντες·
530 614 615 666 ἵνα
718 616 751 684 ή
783 612 987 667 διάνοια
1030 612 1167 684 αὕτη
1194 630 1206 643 ·
1234 611 1577 682 Συνήχθησαν
1610 609 1747 662 κατᾶ

184 704 275 757 τοῦ
306 703 510 774 Κυρίου
554 704 647 756 καὶ
691 701 830 756 κατὰ
858 702 951 755 τοῦ
985 703 1218 773 Χριστοῦ
1252 701 1434 765 αὑτοῦ,
1460 700 1703 767 λέγοντες
1731 713 1744 726 ·

186 794 570 867 Διαρῤήξωμεν
602 794 725 856 τοὺς
753 793 981 863 δεσμοὺς
1011 792 1206 845 αὐτῶν.
1232 792 1431 863 Οὑχάρ
1456 789 1641 861 ἠθελον
1674 788 1748 839 εῖ-

189 905 263 940 σω
286 888 385 957 τῆς
419 887 567 957 ἱερᾶς
599 884 849 954 γενέσθαι
879 885 1136 954 σαγήνης,
1163 884 1287 955 περὶ
1310 880 1378 955 ἦς
1406 882 1710 952 γέγραπται
1730 895 1742 908 ·

199 979 391 1047 Ὁμοία
430 977 602 1030 ἐστίν
645 977 684 1044 ἡ
717 977 1004 1040 ,βασιλεία
1046 974 1164 1027 τῶν
1192 973 1462 1042 οὐρανῶν
1489 970 1745 1041 σαγήνῃ.

186 1072 291 1124 Καὶ
323 1070 744 1139 ἀπορῤίψωμεν
767 1069 864 1138 ἀφ’
890 1068 1059 1136 ἡμῶν
1078 1068 1184 1121 τὸν
1205 1066 1380 1137 ζυγὸν
1399 1064 1617 1121 αὐτῶν.
1638 1064 1748 1134 Τὴν

188 1161 464 1234 βαρύτητα
498 1160 593 1213 τοῦ
636 1160 821 1230 νόμου,
853 1152 1065 1229 περὶοῦ
1093 1159 1278 1229 εἴρηκε
1300 1174 1313 1188 ·
1351 1158 1402 1209 '0
1437 1158 1545 1226 γὰρ
1578 1155 1750 1223 ζυγός

180 1273 296 1323 μου
319 1254 601 1324 χρηστὸς,
633 1254 729 1307 καὶ
769 1250 835 1306 τὸ
867 1252 1110 1321 φορτίον
1131 1268 1249 1321 μου
1273 1250 1534 1318 ἐλαφρόν
1557 1249 1745 1302 ἐστιν.

252 1368 394 1442 [Τὸν
418 1366 591 1435 ζυγὸν
614 1366 832 1421 αὐτῶνθ
870 1368 903 1438 ή
947 1366 1055 1436 γάρ
1097 1365 1175 1428 είς
1212 1364 1303 1416 τὸν
1345 1361 1577 1433 Χριστὸν
1633 1361 1750 1412 ἐπι-

183 1460 347 1531 ϐουλὴ
371 1460 466 1513 καὶ
493 1462 571 1522 είς
601 1458 759 1512 αὑτὸν
786 1457 1073 1529 ἀνατρέχει
1105 1455 1196 1508 τὸν
1218 1452 1453 1515 Πατέρα.
1487 1452 1549 1503 Εί
1586 1449 1693 1521 γὰρ
1720 1450 1749 1501 ὀ

185 1552 370 1622 Πατὴρ
402 1552 459 1604 ἐν
491 1551 569 1621 τῷ
602 1550 731 1621 Υίῷ,
760 1552 850 1603 καὶ
880 1550 908 1603 ὁ
933 1549 1058 1611 Tib;
1090 1549 1147 1601 ἐν
1178 1546 1256 1618 τῷ
1281 1547 1473 1617 Πατρὶ,
1508 1544 1623 1607 πῶς
1649 1544 1748 1597 οὐκ

185 1644 249 1696 ἂν
283 1645 381 1715 μία
409 1661 493 1707 τις
521 1644 605 1714 εἴη
637 1644 670 1715 ή
693 1644 772 1707 είς
799 1643 991 1704 αὐτοὺς
1019 1639 1174 1713 ὕϐρις
1194 1638 1235 1712 ς]

267 1758 321 1808 '0
360 1754 652 1809 κατοικῶν
683 1756 752 1808 ἐν
774 1752 1049 1821 οὐρανοῖς
1086 1750 1469 1822 ἐκγελάσααι
1506 1748 1744 1813 αὐτούς.

198 1851 281 1913 Ὠς
307 1850 508 1921 ἀνόητα
532 1847 981 1917 βουλευσαμένους
1002 1862 1014 1875 ·
1049 1847 1076 1899 ὁ
1118 1844 1226 1915 γὰρ
1254 1845 1344 1895 ὑπ’
1368 1841 1543 1895 αὐτῶν
1574 1857 1742 1911 προσ·
1778 1874 1820 1929 Β

181 1941 431 2011 ηλωθεὶς,
458 1941 552 1993 καὶ
580 1938 788 2009 θανάτῳ
819 1935 1159 2009 παραδοθεὶς,
1189 1938 1245 1988 ὲν
1283 1935 1528 2006 οὐρανοῖς
1555 1932 1629 1984 ὢν
1654 1933 1747 1984 καὶ

180 2036 251 2089 τὰ
279 2034 454 2086 πάντα
479 2031 763 2102 περιέχων,
786 2030 945 2093 κενὰς
970 2028 1146 2083 αὐτῶν
1178 2028 1270 2081 καὶ
1296 2026 1525 2098 ματαίας
1550 2024 1750 2077 δείκνυε

183 2142 235 2178 σι
267 2124 367 2187 τὰς
395 2123 607 2193 βουλάς.
638 2123 747 2175 Καὶ
770 2124 798 2175 ὁ
820 2120 1009 2174 τούτου
1036 2120 1092 2173 δέ
1114 2118 1301 2190 Πατὴρ
1332 2120 1422 2172 καὶ
1450 2116 1554 2170 τῶν
1576 2116 1746 2169 άπάνο

180 2234 289 2269 των
338 2216 613 2285 Δεσπότης
659 2214 756 2286 τὴν
802 2214 959 2280 ἀξίαν
1000 2210 1163 2265 αὐτοῦ
1198 2209 1541 2281 εἰσπράξεται
1570 2208 1742 2276 δίκην.

180 2306 295 2361 Καὶ
350 2310 383 2360 ό
431 2307 646 2374 Κύριος
690 2304 1072 2375 ἐκμυκτηριεῐ
1114 2303 1348 2365 αὐτούς.
1378 2297 1749 2365 Ἐξουδενώσει

179 2402 292 2472 γάρ
316 2400 531 2462 αὐτοὺς,
566 2398 719 2467 φησὶ,
750 2396 840 2449 καὶ
877 2397 1094 2465 μισήσει
1132 2395 1225 2447 καὶ
1251 2391 1747 2463 ἀποστραφήσεται.

255 2489 703 2564 [Καταγελάσει,
734 2488 853 2541 ἀντὶ
880 2485 995 2547 τοῦ,
1035 2488 1251 2557 μισήσει
1282 2484 1373 2537 καὶ
1401 2482 1750 2553 ἀποστραφή-

181 2602 353 2637 σεται.
374 2582 511 2635 Ἀλλ’
532 2586 559 2635 ὁ
582 2581 689 2634 τῶν
715 2578 1187 2643 ἐπιϐουλευόντων,
1211 2577 1394 2648 φησὶν,
1426 2575 1751 2645 ὑψηλότερος

179 2676 567 2745 καταγελάσει,
602 2676 718 2746 ἦτοι
772 2672 983 2741 γέλωτα
1035 2670 1131 2741 τὴν
1189 2669 1407 2723 ἐκείνων
1461 2666 1749 2736 ἐπιϐουλὴν

180 2770 470 2837 ἀποφανεῖ,
499 2767 574 2831 ὡς
618 2768 861 2839 ἀνοήτοις
892 2764 1326 2836 ἐπιχειρούντων.
1356 2763 1464 2815 Καὶ
1495 2761 1599 2830 γὰρ
1647 2778 1749 2829 μυ-

180 2861 484 2931 κτηρισμός
515 2861 631 2912 ἐστι
663 2859 875 2928 πνεῦμα
893 2858 979 2909 διὰ
1010 2857 1167 2927 ῥινῶν
1190 2855 1478 2924 ἀφιέμενον
1508 2855 1585 2916 είς
1608 2853 1753 2919 ἐξου-

178 2952 404 3005 ὂένωςιν
426 2949 534 3001 τῶν
562 2948 766 3019 μεγάλα
792 2945 1229 3017 φρυαττομένων.
1264 2944 1373 2996 Kal.
1392 2943 1453 2995 τὺ
1484 2943 1620 3013 μετᾶ
1643 2941 1751 2995 τῶν

180 3045 493 3114 προθέσεων
541 3042 597 3095 δὲ
643 3041 813 3095 ταῦτα
858 3038 1105 3111 είρῆσθαι
1151 3036 1600 3106 ἐπιτατικώτερον
1641 3036 1751 3105 ἔχει

178 3142 270 3194 τὸν
305 3139 537 3207 γέλωτα.
563 3135 674 3190 Kal.
705 3135 765 3187 οὐ
798 3134 974 3206 μόνον,
1007 3132 1156 3201 φησὶ,
1184 3129 1359 3192 τοῦτο,
1387 3128 1520 3181 ἀλλὰ
1547 3128 1637 3180 καὶ
1662 3128 1752 3196 ὀρ-

179 3234 285 3305 γῆς
315 3226 778 3302 πειραθήσονται.]

258 3346 397 3399 Τότε
420 3342 679 3408 λαλήσει
712 3338 860 3407 πρὸς
884 3336 1102 3400 αὐτοὺς
1121 3336 1191 3388 ἐν
1217 3331 1362 3404 ὀργῇ
1383 3329 1747 3395 αὐτοῦ.Τότε,

182 3438 336 3497 τότε,
374 3435 408 3503 ἦ
455 3435 543 3487 ὅτε
594 3431 773 3497 ελεγον
800 3445 814 3459 ·
865 3427 1277 3495 Διορῤήξωμεν
1322 3423 1460 3489 τοὺς
1492 3421 1752 3491 δεσμοὺς

180 3526 417 3589 (ιὺτῶν;
444 3525 507 3575 Τί
527 3523 583 3575 δέ
608 3519 809 3573 ἐστιτὰ
836 3523 892 3574 ὲν
920 3520 1053 3591 ὀργῇ
1083 3517 1210 3588 παρ’
1234 3515 1395 3570 αὑτοῦ
1421 3514 1748 3585 λαληθέντας

182 3623 218 3691 ἦ
246 3619 307 3672 τό
328 3636 343 3649 ⁸
393 3615 537 3669 Οὐαὶ
566 3613 725 3683 ὑμῖν,
756 3611 1107 3683 γραμματεῖς
1158 3608 1252 3661 καὶ
1287 3606 1591 3675 Φαρισαῖοι
1614 3620 1626 3631 ·
1662 3606 1753 3657 xa‘t

180 3712 243 3764 τό
266 3728 278 3739 ·
316 3708 653 3777 Ἀρθήσεται
672 3706 770 3775 dy‘
802 3704 967 3773 ὑμῶν
991 3704 1029 3771 ἠ
1047 3700 1333 3766 βασιλεία
1354 3715 1367 3727 ·
1403 3698 1491 3752 καὶ
1520 3697 1580 3750 τό
1598 3713 1609 3725 ·
1642 3696 1750 3750 Καὶ

181 3801 327 3873 ὑμῖν
365 3800 500 3856 οὐαί
532 3798 656 3864 τοῖς
679 3794 961 3867 νομικοῖς.

256 3892 518 3968 [Στρατιὰ
546 3892 654 3962 γὰρ
690 3889 884 3951 αὐτοὺς
923 3885 1201 3958 Ῥωμαῖκὴ
1251 3881 1749 3955 ἐξηνδραποδίσατο.

184 3989 442 4056 Διαφέρει
472 3984 528 4037 δέ
558 3982 726 4053 θυμὸς
750 3981 936 4051 ὀργῆς,
970 3976 1047 4049 τῷ
1087 3977 1256 4047 θυμὸν
1288 3976 1384 4046 μὲν
1417 3971 1555 4027 εἶναι
1584 3973 1752 4045 ὀργὴν

182 4074 640 4147 ἀναθυμιωμὲνην
664 4074 755 4125 καὶ
783 4071 861 4124 ἐτι
890 4067 1269 4137 ἐκκαιομένην,
1297 4065 1463 4137 ὀργὴν
1494 4064 1549 4117 δὲ
1577 4062 1751 4135 ὄρεξιν

183 4164 998 4240 άντιλυπήσεως.’Λτελέστερος
1035 4156 1127 4213 οὖν
1173 4159 1269 4229 τῆς
1310 4158 1479 4227 ὀργῆς
1508 4156 1535 4209 ό
1563 4155 1750 4226 θυμὸς,

184 4260 536 4332 ἀποτέλεσμά
563 4275 623 4311 τε
653 4261 687 4328 ή
722 4255 876 4327 ὀργή.
911 4256 1020 4308 Καὶ
1047 4251 1299 4307 τοιούτων
1336 4251 1392 4305 δὲ
1437 4249 1541 4302 τῶν
1574 4248 1751 4320 ῥημά-

182 4374 292 4411 των
335 4356 436 4425 τὴν
476 4349 765 4424 ἑρμηνείαν
801 4348 1037 4402 διδάσκει
1072 4347 1133 4398 τὸ
1163 4345 1316 4407 τέλος
1347 4341 1453 4396 τῶν
1484 4342 1753 4413 πραγμά-

186 4466 314 4504 των.
342 4445 580 4517 Στρατιὰ
606 4442 712 4514 γὰρ
738 4442 917 4503 αὐτοῖς
949 4439 1213 4494 ἐπιστᾶσα
1252 4434 1531 4508 Ῥωμαῖκὴ
1561 4435 1660 4505 τήν
1690 4450 1749 4487 τε

187 4542 342 4597 πόλιν
382 4537 651 4609 ἐπόρθησε
694 4537 786 4589 καὶ
830 4533 1095 4603 ἐνέπρησε
1121 4530 1211 4581 τὸν
1244 4527 1401 4592 νεὼν,
1440 4527 1531 4580 καὶ
1575 4523 1751 4579 αὐτῶν
1783 4556 1827 4611 D

185 4633 314 4695 τοὺς
349 4631 447 4701 μὲν
477 4627 757 4689 πλείστους
782 4625 994 4695 θανάτῳ
1028 4620 1379 4692 παρέπεμψεο
1414 4621 1540 4682 τοὺς
1565 4618 1621 4671 δέ
1653 4617 1752 4689 τὴν

189 4721 405 4793 σφαγὴν
430 4715 763 4785 ἐκφυγόντας
805 4710 1316 4783 ἐξανδραποδίσασα,
1359 4708 1571 4779 δουλείᾳ
1616 4725 1752 4779 παρ-

188 4806 744 4877 έδωκεν.Ἐπιστῆσαι
782 4804 839 4856 δὲ
880 4803 1142 4875 προσήκει
1172 4800 1259 4853 τὸν
1305 4799 1510 4862 πιστὸν,
1536 4799 1610 4860 ὡς
1660 4797 1753 4851 δύο

186 4900 495 4979 προσώπων
530 4898 723 4966 ἑφεξῆς
754 4896 1039 4966 μέμνηται,
1064 4891 1155 4945 καὶ
1181 4890 1390 4961 πρῶτον
1422 4890 1518 4962 μὲν
1546 4889 1750 4960 Κυρίου

185 4998 280 5052 τοῦ
312 4993 549 5067 Χριστοῦ
568 5010 581 5024 ο
618 4993 776 5047 Κατὰ
802 4989 908 5044 τοῦ
937 4989 1154 5057 Kvpiov
1181 4987 1309 5059 γάρ,
1343 4986 1465 5058 εφη,
1485 4985 1581 5040 καί
1605 4986 1752 5041 κατά

187 5088 295 5143 τοῦ
328 5084 585 5155 Χριστοῦ
611 5080 821 5137 αὐτοῦ·
868 5075 985 5133 εἶτα
1017 5077 1390 5141 κατοικοῦντος
1420 5079 1476 5130 ἐν
1508 5078 1754 5149 οὐρανοῖς

187 5182 284 5235 καὶ
315 5177 547 5251 Κυρίουο
581 5178 633 5229 '0
656 5172 944 5231 κατοικῶν
970 5174 1041 5227 ἐν
1068 5169 1342 5240 οὐρανοῖς
1368 5167 1753 5239 ἐκγελὰσεται

187 5273 434 5339 αὐτοὺς,
482 5268 580 5323 καὶ
621 5272 653 5321 ό
700 5268 909 5335 Κύριος
955 5262 1333 5334 ἐκμυκτηριεῖ
1379 5263 1623 5327 αὐτούς·
1663 5261 1755 5315 καὶ

189 5362 345 5426 αὖθις
381 5364 438 5417 δι
462 5363 525 5416 τὸ
547 5359 676 5415 αὐτὸ
702 5359 985 5430 διετήρησε

273 5538 414 5605 ἐγὼ
452 5534 517 5587 δὲ
558 5532 928 5601 κατεστάθην
961 5532 1257 5598 ,βασιλεὺς
1304 5532 1404 5586 ὑπ’
1425 5531 1608 5586 αὐτοῦ
1654 5532 1751 5586 ἐπί

191 5630 361 5688 Σιών.
380 5627 465 5691 Ὠς
489 5626 878 5698 ἀποδληθένιος
916 5624 1009 5679 τοῦ
1035 5624 1093 5689 ἐξ
1125 5623 1338 5695 Ἰσραὴλ
1366 5622 1517 5689 λαοῦ,
1547 5625 1643 5693 τὴν
1676 5626 1755 5688 τίς

256 5795 301 5825 ⁸⁸
326 5791 516 5849 Matth.
540 5806 661 5858 xm,
693 5789 779 5845 Π.

1849 618 1958 673 tes;
1990 618 2047 661 ut
2089 607 2203 660 hate
2234 618 2301 659 Sit
2332 605 2597 659 sententia
2627 623 2638 658 :
2673 611 3044 657 convenerunt
3074 610 3261 654 contra
3304 598 3413 653 Du-

1848 702 2054 755 minum
2083 709 2136 754 et
2164 709 2352 754 contra
2388 697 2688 760 Christum,
2718 696 2957 750 dicentes
2986 712 2999 750 :
3033 693 3414 762 Dirumpamus

1846 792 2062 847 vincula
2105 806 2315 846 eorum.
2350 788 2653 844 Noluerunt
2691 788 2834 843 enim
2880 788 3019 842 intra
3056 803 3267 844 sacram
3293 801 3414 841 esse

1847 898 2125 952 sagenam,
2155 883 2222 936 de
2260 896 2365 950 qua
2415 882 2674 950 scriptum
2715 891 2832 934 est:
2863 878 3046 933 Simile
3082 890 3158 932 est
3201 895 3413 950 regnum

1847 975 2094 1029 calorum
2144 991 2347 1043 sugente
2370 973 2436 1026 ‘°.
2489 973 2557 1027 Et
2592 974 2935 1043 proﬁciamus
2972 990 3002 1026 a
3036 972 3184 1026 nobis
3225 973 3414 1043 jugum

1847 1070 2101 1136 ipsorum.
2132 1066 2460 1120 Gravitatem
2506 1066 2659 1136 legis,
2688 1066 2753 1120 de
2798 1082 2905 1135 qua
2952 1066 3088 1124 dixit
3109 1066 3151 1095 ‘”
3176 1082 3188 1118 :
3216 1064 3416 1135 Jugnm

1846 1162 1986 1215 enim
2017 1177 2185 1215 meum
2212 1176 2369 1214 suave
2399 1171 2499 1227 ut,
2531 1170 2579 1214 et
2606 1177 2734 1214 onus
2762 1175 2931 1214 meum
2965 1160 3090 1215 leve.

1921 1355 2139 1429 [Iugum
2182 1358 2436 1427 ipsorum.
2469 1356 2604 1413 Nam
2653 1358 2864 1413 insidiae
2907 1367 3095 1412 contra
3138 1357 3413 1412 Christum

1848 1451 1914 1505 ad
1955 1451 2129 1520 ipsum
2176 1461 2466 1506 recurrunt
2513 1450 2750 1508 Patrem.
2799 1451 2855 1506 Si
2904 1468 3139 1521 namque
3170 1451 3331 1506 Pater
3361 1453 3413 1506 in

1846 1541 2005 1608 Filio,
2043 1552 2098 1597 et
2126 1541 2296 1598 Filius
2324 1544 2378 1598 in
2417 1542 2577 1598 Patre
2610 1555 2711 1609 est,
2738 1546 3009 1615 quomodo
3034 1560 3142 1598 non
3176 1560 3282 1598 una
3307 1543 3419 1598 fue-

1846 1634 1916 1687 rit
1943 1634 2010 1689 iis
2044 1634 2191 1689 illata
2217 1636 2543 1689 contumelia
2562 1633 2616 1707 ?]

1915 1744 1967 1799 4.
2005 1744 2109 1810 Qui
2152 1746 2356 1799 habitat
2408 1747 2464 1801 in
2507 1748 2645 1800 caelis
2692 1748 2931 1802 irridebit
2972 1764 3077 1801 eos.
3134 1746 3415 1816 Tanquam

1849 1840 2009 1892 stulta
2067 1840 2413 1895 consulentes
2454 1859 2467 1895 :
2504 1841 2597 1910 qui
2636 1841 2780 1895 enim
2831 1841 2898 1895 ab
2934 1840 3039 1896 illis
3064 1843 3307 1895 conﬁxus
3336 1847 3418 1894 est

1847 1939 1900 1983 et
1927 1929 2085 1983 morti
2119 1930 2366 1996 traditus,
2397 1948 2520 1985 cum
2564 1932 2617 1985 in
2658 1933 2809 1987 ctehs
2850 1934 2921 1987 sit
2947 1943 3000 1986 et
3027 1932 3209 1986 omnia
3242 1931 3417 1987 conti-

1847 2031 1989 2087 neat,
2016 2038 2154 2076 vana
2186 2023 2477 2092 inaniaque
2501 2024 2742 2078 declarat
2770 2040 2959 2078 eorum
2988 2025 3239 2078 consilia.
3264 2022 3419 2094 Ejus-

1846 2128 1951 2182 qnc
1973 2112 2151 2180 Pater,
2181 2116 2534 2184 omniumque
2558 2116 2838 2180 Dominus,
2860 2116 3052 2184 dignas
3085 2116 3309 2185 hujusce
3339 2120 3415 2173 rei

1846 2216 2106 2274 exposcat
2139 2222 2346 2276 pugnas.
2370 2205 2438 2259 Et
2465 2206 2718 2260 Dominus
2748 2208 3093 2261 subsannabit
3119 2224 3223 2262 eos.
3250 2208 3415 2275 Quasi

1850 2297 2078 2351 nihilum
2110 2299 2389 2368 despiciet,
2424 2299 2551 2353 odio
2575 2299 2812 2365 habebit,
2842 2298 3203 2355 aversabitur.

1924 2473 2216 2547 [Ινι-ἱάρὸίι,
2244 2492 2307 2532 ac
2333 2477 2377 2530 si
2401 2475 2622 2538 diceret,
2645 2476 2770 2532 odio
2789 2476 3028 2539 habebit,
3058 2478 3417 2533 aversabitur.

1852 2568 1957 2623 Sed
1989 2568 2079 2638 qui
2116 2569 2549 2635 insidiatoribus,
2581 2570 2776 2639 inquit,
2805 2570 3071 2625 excelsior
3095 2580 3202 2637 est,
3231 2569 3421 2625 irride-

1852 2658 1932 2712 bit
1963 2673 2079 2724 eos,
2112 2660 2228 2713 sive
2258 2662 2368 2716 risu
2406 2662 2598 2731 dignas
2626 2677 2817 2716 eorum
2850 2662 3079 2718 insidias
3103 2663 3419 2728 declarabit,

1850 2756 2035 2815 utpote
2061 2751 2153 2816 qui
2186 2748 2353 2802 stulto
2386 2751 2604 2817 negotio
2651 2766 2871 2805 manum
2899 2752 3258 2806 admoverint.
3282 2751 3420 2807 Nam

1852 2838 2203 2892 subsannatio
2231 2848 2315 2894 est
2343 2838 2503 2894 ﬂatus
2533 2855 2627 2909 per
2662 2857 2820 2895 nares
2850 2842 3108 2908 emissus,
3136 2842 3202 2896 ad
3225 2844 3418 2912 despe-

1852 2936 1997 2983 ctum
2042 2945 2232 2984 eorum
2259 2932 2353 3001 qui
2396 2932 2667 3003 ingentem
2715 2931 2989 2987 fremitum
3038 2934 3226 2988 edunt.
3265 2933 3419 3000 Quod

1853 3029 2034 3073 autem
2079 3022 2381 3090 praepositis
2430 3022 2803 3091 superioribus
2845 3023 2959 3077 hinc
3001 3021 3277 3088 dicantur,
3306 3038 3421 3076 am»

1854 3111 2077 3179 plinrem
2106 3112 2343 3179 prebent
2374 3113 2517 3166 risus
2559 3115 2863 3167 materiam.
2898 3112 3083 3182 Neque
3122 3114 3176 3168 id
3217 3116 3423 3168 solun»

1777 3217 1823 3281 ρ
1854 3200 2033 3264 modo,
2064 3202 2256 3272 inquit,
2288 3202 2381 3257 sed
2405 3203 2538 3256 iram
2563 3204 2834 3273 experturi
2862 3202 3031 3274 sunt.]

1922 3319 1973 3375 5.
2002 3317 2145 3371 Tunr
2183 3316 2422 3387 loquetur
2453 3317 2522 3370 ad
2556 3335 2641 3371 eos
2681 3319 2734 3371 in
2759 3321 2841 3372 ira
2873 3336 2991 3373 sua.
3018 3319 3207 3390 Tunc;
3249 3339 3422 3391 quan-

1852 3412 2071 3467 donam.
2114 3411 2214 3463 nisi
2244 3426 2366 3463 cum
2403 3411 2666 3471 dicerent,
2700 3410 3075 3481 Dirumpamus
3102 3414 3309 3469 vincula
3336 3433 3424 3469 eo-

1853 3504 2014 3556 rum?
2052 3502 2189 3566 Quid
2238 3511 2417 3553 autem
2469 3509 2551 3554 est
2595 3502 2737 3569 quod
2787 3502 2949 3556 inira
2994 3519 3091 3557 sua
3134 3505 3423 3574 lnquetur?

1852 3591 1984 3647 Illud
2020 3611 2033 3646 ι
2071 3590 2159 3645 Va-
2182 3593 2345 3655 eobis,
2378 3592 2563 3646 seriba:
2594 3602 2639 3645 et
2680 3591 3036 3663 Phariswi";
3071 3605 3125 3651 et
3157 3596 3285 3652 illud
3312 3616 3325 3652 :
3354 3597 3419 3651 Et

1852 3683 1992 3739 vobis
2016 3700 2217 3756 quoque
2248 3684 2584 3754 legisperitis,
2613 3701 2689 3739 va:
2724 3686 2789 3741 ⁸⁸.

1926 3883 2080 3957 [Nam
2114 3884 2391 3940 Romanus
2417 3886 2690 3940 exercitus
2716 3886 2767 3941 in
2792 3887 3159 3958 captivitatem
3186 3890 3307 3945 illos
3331 3890 3422 3948 ab-

1852 3974 2025 4031 duxit.
2055 3973 2225 4028 Furor
2256 3984 2433 4031 autem
2457 3976 2620 4030 abira
2641 3976 2839 4043 ditl‘ert,
2866 3979 3009 4049 quod
3038 3979 3189 4036 iuror
3220 3983 3289 4037 sit
3314 3983 3422 4038 νει-

1853 4076 1913 4120 ιιι
1961 4067 2036 4119 ira
2062 4064 2327 4119 ebulliens
2357 4077 2410 4120 et
2456 4068 2636 4121 adhuc
2679 4082 2941 4134 accensa;
2974 4070 3053 4124 ira
3090 4080 3294 4137 autem,
3326 4089 3422 4143 ap-

1852 4159 2049 4231 petitus
2074 4157 2339 4214 vindictzc.
2366 4158 2737 4230 lmperl'ectior
2761 4161 2942 4231 itaque
2972 4161 3124 4218 furor
3152 4175 3235 4220 est
3256 4182 3419 4237 quam

1852 4250 1930 4303 ira
1960 4267 1971 4303 :
2003 4259 2193 4319 estque
2233 4250 2312 4302 ira
2354 4264 2451 4303 ceu
2484 4250 2964 4319 complementum.
3010 4250 3421 4325 Verborumque

1852 4339 2163 4409 huiusmodi
2204 4340 2706 4409 interpretationem
2736 4340 2913 4411 palam
2946 4341 3077 4398 facit
3098 4345 3182 4399 vel
3202 4345 3315 4416 ipse
3338 4363 3422 4401 re-

1855 4446 1972 4484 rum
2012 4432 2205 4485 exitus.
2252 4428 2533 4487 Exercitus
2573 4447 2807 4502 namque
2854 4433 3218 4489 Romanorum
3272 4438 3421 4507 ipsos

1854 4520 2114 4577 invadens
2156 4521 2342 4575 urbem
2390 4522 2639 4588 vastavit,
2668 4532 2829 4593 atque
2872 4525 3130 4595 templum
3159 4527 3417 4597 incendit,

1854 4621 1909 4666 et
1949 4627 2196 4682 magnam
2244 4621 2449 4683 partem
2483 4614 2722 4683 ipsorum
2765 4614 3140 4674 internecione
3180 4619 3416 4688 delevit;

1856 4704 1976 4760 illos
2002 4713 2180 4758 autem
2217 4704 2310 4773 qui
2341 4713 2567 4759 mortem
2600 4704 2925 4777 effugerunt,
2956 4720 3143 4779 captos
3172 4715 3417 4770 εει·ιίωιὶ

1856 4796 2094 4851 tradidit.
2153 4795 2561 4851 Animadvertat
2600 4798 2760 4853 velim
2815 4800 3051 4869 quisque
3094 4803 3178 4857 vir
3223 4804 3415 4868 ﬁdelis,

1855 4890 1998 4959 quod
2021 4890 2419 4959 quasiduarum
2437 4905 2792 4961 personarum
2815 4896 3142 4949 mentionem
3166 4898 3419 4969 deinceps

1855 4979 2052 5047 faciat;
2101 4982 2277 5052 primo
2319 4984 2534 5053 quidem
2581 4983 2795 5039 Domini
2846 4984 3086 5055 Christi;
3128 4990 3415 5059 siquidem,

1858 5074 2103 5127 adversus
2125 5073 2422 5137 Dominum,
2444 5074 2701 5144 inquit,et
2721 5076 2969 5132 adversus
2989 5079 3253 5135 Christum
3269 5083 3417 5150 ejus;

1859 5165 2053 5227 deinde
2092 5182 2242 5231 vero,
2272 5166 2389 5235 ejus
2434 5169 2527 5239 qui
2565 5168 2774 5225 habitat
2806 5172 2857 5225 in
2888 5173 3040 5227 uelis
3070 5183 3122 5228 et
3156 5172 3419 5231 Dominus

1854 5265 1972 5312 est:
2002 5255 2107 5320 Qui
2140 5258 2341 5309 habitat
2372 5258 2425 5311 in
2465 5258 2607 5313 cali:
2653 5260 2895 5315 irridebit
2924 5279 3012 5317 eos
3034 5306 3049 5327 ,
3080 5274 3129 5318 et
3164 5264 3416 5322 Dominus

1855 5347 2197 5400 subsannabit
2227 5364 2345 5411 eos;
2372 5364 2435 5404 ac
2458 5364 2674 5405 rursum
2710 5352 2898 5407 eodem
2929 5355 3089 5410 modo
3113 5357 3333 5414 assidue
3360 5368 3416 5413 et

1855 5447 2250 5504 consequenter
2284 5439 2570 5512 procedit.]

1924 5527 1975 5579 6.
2024 5526 2133 5597 Ego
2166 5540 2338 5583 autem
2368 5533 2688 5588 constitutus
2734 5550 2824 5588 rex
2860 5534 2925 5589 ab
2968 5551 3027 5590 eo
3064 5548 3219 5607 super
3261 5535 3412 5594 Sion.

1857 5616 2134 5689 Tanquam
2178 5622 2465 5689 reprobato
2506 5624 2803 5684 Israelitico
2838 5629 3060 5700 populo,
3089 5630 3247 5687 ﬁdem
3291 5645 3419 5703 qua

884 5790 926 5822 “
957 5785 1144 5843 latth.
1173 5800 1251 5853 xl,
1284 5784 1372 5841 47.
1453 5784 1496 5817 ⁸³
1524 5780 1710 5837 Hatth.
1752 5797 1909 5849 xxut,
1940 5781 2022 5837 l5.
2100 5781 2143 5816 ⁸³
2169 5780 2300 5839 Luc.
2336 5798 2411 5849 xl,
2441 5778 2534 5838 ιθ.
