4032 6418
565 412 652 469 ~67
1416 396 1479 454 S.
1516 388 1884 450 ATHANASII
1924 385 2074 445 OPP.
2115 381 2297 441 PARS
2338 381 2427 439 Ill.
2468 410 2535 421 —
2572 377 2988 435 EXEGETICA.
3754 377 3826 436 ea

587 528 731 602 apud
762 532 949 600 gentes
983 521 1164 578 l‘utura
1186 526 1323 586 erat,
1350 523 1589 575 enarrat.
1626 512 1759 568 Sion
1787 525 1937 578 vero,
1960 507 2143 564 Eccle-

2264 504 2311 559 τὰ
2355 502 2483 571 ιον-η
2526 497 2822 570 γενομένην
2871 495 3033 561 αὐτὸς
3080 495 3263 551 πίστιν
3318 496 3501 562 uiror;
3530 497 3823 570 διηγεῖται-

587 624 724 679 siam
757 616 1044 689 signitlcat.
1442 655 1450 661 .

659 709 939 783 [Dominus
964 703 1101 758 dixit
1127 699 1196 754 ad
1222 714 1322 761 ine,
1360 694 1535 750 Filius
1560 709 1725 758 meus,
1747 701 1879 754 etc.,
1904 706 1969 747 ac
2000 689 2047 747 si
2069 689 2153 745 di-

588 812 756 867 ceret,
776 800 891 871 Ipsa
923 813 1009 853 me
1038 793 1217 849 Patris
1242 799 1434 846 natura
1461 786 1657 841 Filium
1686 784 2013 840 declaravit:
2041 798 2153 838 non

587 897 743 965 jussu
785 893 1016 965 quodam
1062 890 1115 944 id
1154 884 1490 959 perliciente;
1523 880 1616 937 sed
1655 877 1891 935 essentia
1920 877 2037 947 ipsa
2066 889 2156 930 me

590 988 817 1057 ﬁguram
851 981 1165 1039 substantia:
1197 975 1373 1031 Patris
1401 987 1523 1028 esse
1549 976 2030 1025 commonstrante.
2055 965 2160 1034 Ap-

592 1053 765 1148 posite
803 1072 1040 1135 additur,
1069 1085 1142 1132 es,
1174 1065 1320 1137 quod
1357 1062 1760 1135 generationem
1801 1066 1926 1111 ante
1959 1053 2157 1110 saecula

593 1168 870 1223 declarat:
902 1175 1017 1219 erat
1060 1162 1203 1214 cnim
1252 1170 1465 1226 semper
1504 1152 1698 1207 Filius.
1728 1149 1943 1219 Adiecit
1977 1156 2157 1203 autem

594 1256 751 1319 illud,
773 1255 925 1308 hodie
950 1252 1100 1323 genui
1120 1260 1186 1308 te.
1204 1256 1264 1303 ut
1288 1243 1693 1316 generationem
1718 1240 2014 1297 secundum
2041 1254 2161 1292 ear-

593 1363 718 1403 nem
751 1348 1205 1401 commonstraret
1230 1358 1245 1393 :
1275 1335 1406 1392 illud
1438 1335 1610 1399 enim,
1637 1333 1812 1399 hodie,
1838 1342 2050 1402 tempus
2078 1331 2162 1385 in-

594 1441 775 1497 dicat:
801 1454 971 1509 quare
997 1450 1094 1506 pro
1117 1429 1398 1502 temporali
1426 1427 1773 1499 generatione
1795 1425 2031 1494 positum
2056 1432 2159 1477 est.

595 1528 1006 1599 Consequenter
1054 1526 1182 1581 item
1226 1536 1325 1592 pro
1372 1520 1609 1574 humana
1649 1515 1997 1587 generatione
2025 1513 2161 1583 adji-

595 1624 815 1678 ciuntur
850 1621 1016 1682 istaec,
1048 1618 1202 1689 genui
1241 1624 1311 1669 te.
1340 1612 1438 1665 Hic
1487 1609 1642 1671 mihi,
1687 1622 1892 1677 quaeso,
1919 1605 2165 1660 animad-

594 1725 797 1775 vertas,
819 1727 925 1781 quo
946 1718 1102 1780 pacto
1121 1706 1521 1777 generationem
1545 1699 1806 1772 unigeniti
1830 1696 2036 1754 Christi
2059 1698 2163 1754 sibi

596 1806 872 1880 propriam
908 1802 1065 1857 Pater
1096 1797 1307 1871 faciat.]

2253 594 2391 650 Σιὼν
2414 594 2472 647 δὲ
2493 592 2590 663 τὴν
2624 589 2948 660 Ἐκκλησίαν
2974 586 3141 658 δηλοῖ.

2326 687 2566 760 [Κύριος
2598 682 2727 741 εἷπε
2758 682 2908 752 πρὸς
2941 682 3033 752 μὰ,
3078 684 3211 748 Υἱός
3246 700 3386 752 μου,
3416 684 3512 737 καὶ
3555 682 3625 738 τὰ
3658 683 3786 755 ιξῆς
3808 700 3825 716 °

2252 781 2374 836 ἀντὶ
2400 780 2514 847 τοῦ,
2533 776 2872 849 Ἀπεφήνατό
2907 793 2974 846 με
3006 778 3040 847 ἡ
3084 775 3178 829 τοῦ
3225 774 3440 847 Πατρός
3471 777 3632 845 φύσις
3658 775 3787 831 Υίόν
3809 791 3828 808 ⁶

2252 875 2314 928 οὐ
2360 873 2784 944 προστάγματος
2834 868 3262 939 ἑνεργήσαντος·
3311 867 3447 921 ἀλλὰ
3495 867 3596 938 τῆς
3640 868 3832 931 οὐσίας

2255 963 2616 1032 ἀποδειξάσης
2639 961 2739 1031 ἐμὲ
2768 959 3089 1031 χαρακτῆρα
3118 956 3221 1028 τῆς
3241 956 3337 1010 τοῦ
3362 958 3571 1029 [ἰατρὸς
3593 957 3834 1032 ὑποστά-

2258 1072 2410 1118 σεως.
2447 1026 2639 1115 lio).ch
2669 1026 3124 1122 γὰρπρόσκεῗται
3153 1026 3235 1114 τὸ,
3259 1045 3331 1114 εἷ,
3358 1048 3455 1120 τὴν
3486 1026 3593 1120 πρὸ
3619 1026 3833 1103 αἶώνων

2255 1147 2446 1220 δηλοῦν
2486 1147 2768 1217 γέννησιν·
2797 1139 2863 1215 ἦν
2906 1142 3014 1215 γὰρ
3053 1144 3142 1196 ἀεὶ
3184 1142 3325 1205 Υἱός.
3346 1143 3643 1213 Ἐπήνεγκε
3667 1142 3724 1196 δὲ
3746 1141 3833 1211 τὸ,

2257 1238 2522 1308 σήμερον
2552 1234 2883 1307 γεγέννηκά
2905 1250 2998 1298 σε,
3027 1234 3116 1287 ῐνα
3141 1233 3239 1306 τὴν
3263 1233 3402 1289 κατὰ
3431 1234 3609 1305 σάρκα
3636 1234 3834 1305 γέννη-

2260 1347 2342 1384 σιν
2371 1328 2547 1401 δείξῃ·
2578 1328 2639 1382 τδ
2666 1327 2795 1397 γὰρ,
2823 1325 3109 1396 σήμερον,
3135 1327 3323 1399 χρόνου
3350 1326 3493 1379 ἐστί·
3521 1325 3603 1380 διὸ
3634 1327 3728 1380 καὶ
3751 1326 3839 1380 τό-

2259 1422 2433 1476 θειται
2478 1422 2607 1493 περὶ
2641 1420 2738 1492 τῆς
2766 1419 3022 1491 χρονικῆς
3064 1419 3385 1490 γεννήσεως.
3404 1417 3734 1483 Ἀκολούθως
3775 1418 3837 1473 δὲ

2258 1514 2338 1586 τῷ
2387 1513 2709 1585 ἀνθρωπίνῳ
2753 1511 2846 1565 καὶ
2892 1512 2960 1566 τὰ
3009 1511 3340 1581 ὲπαγόμενα,
3375 1509 3707 1581 γεγέννηκά
3736 1527 3833 1565 σε.

2263 1608 2406 1678 Ὅρα
2433 1605 2547 1669 πῶς
2581 1604 2677 1676 τὴν
2703 1605 2845 1659 κατὰ
2869 1605 3047 1677 σάρκα
3065 1603 3315 1672 γέννησιν
3337 1602 3631 1659 οἰκειοῦται
3660 1605 3689 1658 ό
3720 1603 3839 1657 Πα-

2258 1700 2363 1772 τὴρ
2389 1697 2481 1752 τοῦ
2524 1696 2843 1770 μονογενοῦς
2867 1696 2959 1751 τοῦ
2988 1694 3273 1768 Χριστοῦ]

668 1893 736 1951 Et
771 1895 1143 1966 possessionem
1175 1902 1318 1943 tuom
1350 1887 1597 1941 terminos
1626 1894 1803 1951 terra,
1832 1900 1973 1955 reges
1998 1899 2083 1939 eos
2106 1884 2162 1937 in

2336 1878 2445 1933 Καὶ
2486 1876 2599 1945 τὴν
2632 1876 3003 1948 κατάσχεσιν
3041 1893 3157 1933 σου
3195 1878 3267 1932 τὰ
3300 1875 3525 1946 πέρατα
3557 1874 3667 1945 τῆς
3700 1871 3837 1946 τῆς.

597 1988 744 2055 uirgo
777 1986 967 2055 ferreo.
1001 1983 1055 2037 id
1088 1990 1172 2037 est
1202 1982 1254 2034 in
1280 1993 1460 2041 cruce,
1495 1976 1652 2047 cujus
1680 1976 1902 2029 materia
1933 1974 2159 2045 lignum,

599 2074 754 2145 cujus
783 2073 956 2128 virtus
985 2069 1205 2125 ferrum.
1227 2065 1390 2122 Juxta
1410 2066 1700 2138 quosdam,
1723 2063 2032 2119 Romanum
2058 2064 2162 2117 im-

599 2167 809 2237 perium
840 2162 1128 2235 signiﬁcat.

2265 1971 2570 2039 ποιμανεῖς
2598 1972 2818 2038 αὐτοὺς
2866 1972 2936 2024 ἐν
2967 1970 3167 2039 ῥάϐδῳ
3197 1967 3433 2039 σιδηρᾷ.
3460 1968 3746 2023 ’τουτέστιν
3777 1968 3840 2021 ἑν

2264 2060 2342 2131 τῷ
2373 2061 2587 2133 σταυρῷ
2611 2078 2624 2092 ’
2658 2064 2707 2132 ἡ.
2724 2062 2821 2131 μὲν
2868 2061 2976 2134 γὰρ
3022 2061 3122 2133 ὖλη
3151 2061 3329 2127 ξύλου,
3359 2061 3393 2133 η
3420 2060 3477 2114 δὶ
3510 2060 3662 2129 ἰσχὺς
3691 2056 3845 2129 σιδή-

2267 2169 2382 2222 ρου.
2413 2152 2568 2217 Τινὲς
2600 2152 2656 2206 δὲ
2690 2152 2787 2222 τὴν
2814 2151 2921 2205 τῶν
2960 2153 3243 2224 Ῥωμαίων
3270 2150 3445 2225 ἀρχὴν
3473 2147 3745 2223 δηλοῦσιν.

671 2278 867 2348 Adjicit
914 2274 1054 2329 Dan.
1087 2271 1357 2326 Barbarus
1384 2285 1402 2322 :
1423 2266 1671 2323 Conterit
1716 2264 1912 2335 ﬁgulus
1958 2279 2075 2328 vas,
2104 2262 2251 2335 quod
2278 2280 2308 2319 e
2339 2265 2591 2319 manibus
2623 2264 2767 2319 cadit
2794 2283 2808 2319 :
2841 2280 2950 2320 non
2990 2265 3174 2322 delens
3218 2264 3314 2321 sed
3346 2264 3657 2320 rel‘ormans
3688 2280 3701 2317 :
3728 2276 3842 2317 non

602 2369 747 2426 aliud
775 2369 969 2426 lutum.
1000 2377 1163 2434 quam
1195 2371 1372 2423 vetus,
1407 2374 1604 2431 aquam
1643 2366 1853 2413 tantum
1886 2357 2116 2421 addens,
2146 2356 2289 2427 quod
2318 2364 2376 2411 et
2406 2355 2661 2411 Christus
2694 2354 2837 2411 fecit.

672 2460 758 2516 i0.
794 2457 864 2513 Et
893 2473 1049 2520 nunc,
1066 2471 1228 2527 reges,
1257 2452 1556 2521 intelligite.
1588 2451 1646 2507 ld
1672 2458 1777 2514 est,
1809 2447 2170 2513 considerate,

604 2552 672 2608 ad
705 2549 1075 2622 pmnitentiam
1121 2543 1521 2601 convertimini.
1560 2538 1886 2601 Erudiinini,
1908 2537 1998 2607 qui
2017 2536 2173 2606 judi»

604 2645 737 2698 cotis
766 2652 978 2695 terram.
1006 2636 1110 2692 Per
1132 2635 1285 2699 illud,
1304 2631 1607 2692 erudimini,
1627 2627 1930 2701 profectum
1952 2627 2160 2698 signiﬁ-

604 2743 725 2800 cat;
750 2748 844 2803 per
877 2729 1010 2786 illud
1036 2738 1241 2792 autem,
1264 2722 1645 2795 Apprehendite
1664 2718 2023 2790 disciplinam,
2049 2734 2172 2789 per-

606 2826 893 2881 fectionem
904 2862 919 2875 .

2341 2447 2452 2502 Καὶ
2494 2447 2630 2512 νῦν,
2659 2447 2960 2513 βασιλεῖς,
3007 2446 3241 2501 σύνετε.
3272 2442 3549 2508 Τουτέστι,
3585 2443 3842 2515 νοήσατε,

2270 2539 2405 2611 πρὸς
2457 2539 2745 2609 μετάνοιαν
2778 2539 3165 2609 ἐπιστράφητε.
3207 2535 3585 2605 Παιδεύθητσ,
3617 2534 3844 2602 πάντες

2269 2633 2323 2684 oi
2352 2632 2662 2699 κρίνοντες
2707 2629 2823 2701 τὴν
2864 2628 3001 2701 γῆν.
3034 2628 3144 2699 Τὴν
3171 2628 3269 2699 μὲν
3295 2628 3577 2701 προκοπὴν
3605 2627 3693 2682 διὰ
3722 2626 3843 2694 τοῦ,

2269 2721 2627 2791 παιδσύθητε
2661 2722 2922 2797 παριστᾷ,
2952 2720 3050 2792 τὴν
3079 2719 3135 2774 δι
3156 2718 3432 2772 τελείωσιν
3450 2717 3539 2773 διὰ
3557 2717 3675 2785 τοῦ,
3701 2715 3847 2788 Δρό-

2269 2813 2458 2879 ξασθε
2481 2816 2774 2883 παιδείας.

679 2917 817 2971 Dan.
854 2913 1127 2969 Barbarus
1154 2926 1171 2965 :
1206 2909 1283 2963 De
1309 2909 1394 2962 uio
1415 2908 1586 2977 justo,
1622 2920 1651 2959 a
1678 2918 1786 2975 qua
1807 2903 1903 2973 qui
1934 2903 2190 2958 aberrant
2216 2906 2421 2964 cadunt
2444 2926 2473 2964 a
2500 2912 2583 2964 oio
2605 2912 2775 2979 justo.

680 3006 766 3061 12.
797 3002 1175 3073 Apprehendite
1215 2997 1571 3067 disciplinam.
1614 2994 1994 3066 Evangelicam
2021 2993 2171 3048 vide-

607 3098 773 3155 licet:
801 3095 868 3149 Et
910 3110 972 3147 ne
1009 3092 1231 3163 pereatis
1274 3089 1337 3146 de
1373 3090 1457 3144 oio
1484 3089 1654 3159 justo.
1690 3086 1823 3158 Ejus
1845 3085 2052 3142 scilicet
2076 3084 2171 3154 qui

607 3191 741 3244 dixit
764 3188 844 3232 “5
876 3185 985 3257 Ego
1008 3200 1122 3239 sum
1152 3186 1255 3239 uio.

611 3278 849 3336 PSALM
860 3276 948 3333 US
975 3276 1142 3331 David
1164 3274 1373 3346 quando
1399 3272 1628 3379 {uqi'e'bot
1650 3287 1682 3323 o
1706 3270 1841 3340 {acie
1870 3268 2174 3324 Abessalont
2200 3323 2243 3379 ο

1201 3367 1302 3435 ﬁlii
1328 3365 1431 3420 sui.
1458 3360 1579 3418 111.

1194 3457 1589 3528 Argumentum.

610 3550 894 3625 Proposita
923 3547 1119 3622 psalmi
1151 3545 1430 3615 inscriptio
1461 3546 1536 3599 ita
1575 3541 1755 3597 habet.
1789 3540 1925 3596 Nam
1962 3540 2067 3597 hoc
2093 3548 2178 3596 est

681 3644 825 3715 quod
866 3642 1106 3713 psalmus
1151 3637 1419 3701 enuntiat,
1445 3633 1590 3704 quod
1643 3632 1848 3687 scilicet
1889 3646 1921 3685 a
1952 3628 2178 3686 Iudaico

684 3734 885 3807 populo
914 3738 1136 3787 vexetur
1168 3727 1552 3798 prophetarum
1578 3723 1800 3778 chorus.
1835 3720 2003 3777 David
2032 3722 2175 3777 enim

682 3827 952 3898 signiﬁcat
977 3822 1332 3885 desideratus;
1365 3818 1512 3890 quod
1549 3831 1735 3873 revera
1764 3816 2020 3887 competit
2051 3827 2180 3886 pro-

685 3921 970 3989 phetarum
1004 3915 1189 3969 choro.
1226 3908 1379 3966 Sicut
1416 3924 1546 3981 ergo
1572 3908 1889 3964 Abessalom
1928 3906 2180 3963 rebellio-

690 4023 811 4065 nem
838 4007 1075 4063 excitare
1096 4003 1333 4059 tentabat
1361 4002 1622 4057 adversus
1646 4008 1853 4070 patrem
1875 4014 2057 4063 suum,
2083 4011 2180 4052 seu

691 4099 983 4165 Davidem;
1016 4097 1091 4152 ita
1129 4104 1184 4152 et
1208 4092 1386 4149 ,ειυᾱεί
1431 4101 1621 4148 contra
1656 4099 1838 4162 patres
1886 4104 2018 4145 suos
2048 4103 2179 4160 pro-

686 4193 879 4265 pbetas
908 4189 1342 4252 insurrexerunt,
1368 4198 1477 4241 non
1525 4182 1868 4239 admittentes
1896 4178 1991 4235 Dei
2023 4194 2179 4234 man-

688 4284 839 4351 data,
877 4283 988 4339 imo
1013 4296 1141 4337 vero
1170 4279 1499 4335 obsistentes
1530 4274 1659 4330 illis.

694 4490 930 4554 Domine,
967 4488 1092 4559 quid
1133 4480 1469 4553 multiplicati
1493 4485 1615 4533 sunt
1637 4479 1727 4548 qui
1756 4476 2010 4532 tribulont
2056 4478 2184 4533 me?

617 4582 752 4638 Illud
780 4581 907 4652 quid
934 4595 1032 4652 pro
1060 4578 1376 4633 vehententer
1406 4573 1644 4644 positum
1669 4579 1773 4624 est.

2347 2999 2651 3069 Δράξασθε
2693 2999 2983 3064 παιδείας.
3014 2999 3126 3069 Τῆς
3176 2994 3536 3066 εὐαγγελικῆς
3578 2993 3842 3066 δηλονότι.

2276 3090 2388 3146 Καὶ
2434 3091 2755 3146 ἀπολεῖσθε
2795 3090 2864 3155 ἐξ
2900 3089 3042 3145 ὁδοῦ
3078 3089 3329 3154 δικαίας.
3362 3085 3467 3140 Τοῦ
3521 3087 3799 3158 εἰρηκότος
3822 3101 3843 3122 ⁸

2291 3184 2430 3252 Ἐγώ
2454 3185 2569 3251 ειμι
2600 3184 2638 3252 ἠ
2672 3182 2831 3249 ὁδός.

2284 3275 2591 3327 ΨΑΛΜΟΣ
2618 3272 2699 3339 τῷ
2724 3273 2903 3327 Δαυτδ
2924 3273 3102 3328 ὁπότε
3126 3270 3565 3339 ἀπεδίδρασκεν
3588 3270 3706 3325 ἀπὸ
3734 3270 3847 3328 ινσῦ

2546 3362 2919 3431 Ἀϐεσσαλὼμ
2957 3362 3060 3415 τοῦ
3091 3362 3223 3417 υίοῦ
3252 3360 3458 3417 αὐτοῦ.
3493 3362 3577 3416 Γ’.

2902 3455 3227 3520 Ὑπόθεσις.

2287 3547 2350 3601 Ἥ
2368 3547 2460 3601 τοῦ
2483 3547 2697 3621 ψαλμοῦ
2721 3545 3056 3619 προκειμένη
3077 3542 3356 3616 ἐπιγραφὴ
3381 3542 3625 3616 περιέχει
3650 3542 3846 3608 οὕτως.

2346 3640 2513 3694 Τοῦτο
2539 3641 2647 3712 γάρ
2691 3644 2835 3694 ἐστιν
2860 3638 2889 3693 ὃ
2916 3638 3059 3707 λέγει
3084 3639 3113 3692 ό
3135 3636 3366 3708 ψαλμδς,
3414 3636 3603 3706 ὅτιπερ
3633 3637 3663 3689 ό
3687 3634 3848 3707 χορὸς

2345 3732 2452 3785 τῶν
2492 3731 2786 3804 προφητῶν
2817 3730 3072 3784 διώκεται
3122 3729 3225 3782 ὑπὸ
3273 3728 3368 3782 τοῦ
3416 3727 3545 3782 λαοῦ
3570 3726 3678 3781 τῶν
3718 3728 3850 3781 ’1ου-

2348 3823 2529 3880 δαίων.
2564 3823 2727 3877 Δαυῖδ
2753 3822 2860 3894 γὰρ
2893 3821 3252 3895 ἑρμηνεύεται
3278 3820 3651 3893 πεποθημένος
3669 3836 3683 3851 ο
3708 3820 3848 3891 ὅπερ

2346 3918 2494 3971 ἔστὶν
2526 3918 2555 3970 ό
2581 3916 2738 3988 χορὸς
2767 3916 2875 3969 τῶν
2910 3915 3441 3987 προφητῶν.ὀσπερ
3472 3908 3566 3967 οὖν
3593 3915 3622 3966 ό
3661 3912 3851 3966 ’Δϐεσο

2350 4007 2541 4079 σαλὼμ
2567 4007 2857 4079 ἁνταρσίαν
2882 4006 3115 4079 διεζήτει
3149 4004 3289 4061 κατὰ
3325 4005 3418 4060 τοῦ
3452 4004 3580 4058 ίδίου
3609 4003 3847 4077 Πατρὸς,

2348 4100 2594 4154 τουτέστι
2626 4098 2720 4153 τοῦ
2762 4099 2942 4163 Δαυῒδ,
2987 4098 3129 4153 οὕτω
3169 4100 3263 4154 καὶ
3304 4098 3354 4153 οἱ
3395 4097 3634 4152 Ἰουδαῖοι
3682 4097 3852 4151 inov-

2352 4191 2585 4262 όστησαν
2618 4190 2760 4245 κατὰ
2794 4191 2900 4244 τῶν
2944 4191 3193 4262 πατέρων
3217 4188 3394 4244 αὐτῶν
3422 4187 3734 4259 προφητῶν,
3772 4188 3852 4260 μὴ

2349 4282 2627 4354 δεχόμενοι
2673 4282 2743 4337 τὰ
2783 4283 3178 4355 προστάγματα
3205 4281 3300 4337 τοῦ
3336 4281 3492 4349 Θεοῦ,
3546 4280 3681 4337 ἀλλὰ
3721 4282 3851 4337 ἀνθ-

2352 4377 2622 4447 ιστάμενοι
2652 4377 2857 4439 αὐτοῖς.

2349 4468 2547 4536 Κύριε,
2593 4466 2652 4520 τί
2694 4465 3167 4534 ἐπληθύνθησαν
3195 4466 3251 4519 οι
3280 4463 3586 4530 autemst,»
3609 4478 3716 4533 μσς
3753 4462 3849 4527 Τδ,

2280 4558 2360 4623 τί,
2390 4558 2511 4611 ἀντὶ
2531 4556 2624 4611 τοῦ
2655 4555 2890 4626 σφόδρα
2915 4558 3109 4610 κεῖται.

686 4676 739 4730 3.
776 4647 897 4727 Non
924 4647 1000 4726 est
1030 4668 1175 4724 solus
1224 4666 1325 4735 ipsi
1365 4665 1422 4718 in
1460 4662 1567 4717 Deo
1606 4661 1741 4730 ejus.
1776 4658 1938 4725 Deus,
1979 4658 2166 4729 inquit,

2354 4653 2475 4704 οὐκ
2500 4649 2631 4705 ἐστι
2658 4650 2922 4718 σωτηρία
2948 4648 3107 4715 αὐτῷ
3125 4649 3195 4703 ἐν
3224 4648 3345 4715 Θεῷ
3379 4650 3585 4705 αὐτοῦ.
3617 4650 3674 4703 ’0
3693 4647 3836 4710 Θεὸς,

616 4768 757 4839 ejus,
780 4781 887 4822 non
916 4763 1123 4819 salvum
1156 4758 1317 4814 faciet
1340 4772 1485 4812 eum.
1512 4754 1789 4823 Siquidem
1814 4753 1866 4807 in
1898 4760 2166 4823 peccatum

2284 4745 2467 4814 φησὶν,
2515 4742 2677 4797 αὐτοῦ
2717 4742 2778 4795 οὐ
2820 4740 2984 4795 σώσει
3032 4742 3192 4796 αὐτόν
3218 4760 3230 4772 ·
3265 4743 3345 4806 είς
3390 4741 3499 4812 γὰρ
3541 4742 3707 4812 μόνην
3750 4738 3845 4809 τὴν

616 4827 969 4932 οξυεωιιυιη
1004 4854 1145 4926 quod
1175 4856 1513 4924 perpetrarat
1551 4847 1927 4912 intuebantur,
1954 4845 2166 4915 ejusque

2281 4832 2554 4904 ἁμαρτίαν
2584 4831 2808 4886 [ϐλεπον
2853 4832 2919 4903 ἠν
2960 4834 3299 4903 ἐπεποιήκει,
3322 4830 3651 4900 ,ἀγνοοῦντες
3682 4827 3849 4884 αὐτοῦ

618 4922 991 5023 paenitentiam
1022 4922 1361 5015 ignorabant.
1388 4938 1504 4995 Hoc
1535 4946 1715 4993 autem
1746 4935 2023 5007 prapalam
2055 4934 2166 5017 facil

2281 4926 2378 4995 τὴν
2409 4924 2713 4996 μετάνοιανε
2740 4924 2908 4978 Τοῦτο
2949 4924 3008 4979 δὲ
3051 4925 3421 4997 φανερώτερον
3461 4922 3727 4977 δείκνυσιν
3757 4922 3853 4975 ἐπὶ

618 5011 686 5100 de
711 5040 909 5096 Davide
928 5011 1131 5093 dictum
1155 5033 1425 5104 psalmum
1450 5028 1641 5085 fuisse.
1670 5026 1805 5081 Illud
1835 5026 1979 5080 enim
2006 5011 2166 5080 insue

2280 5016 2372 5070 τοῦ
2402 5016 2562 5071 Δαυῒδ
2592 5015 2843 5085 λέγεσθαι
2874 5017 2963 5070 τὸν
2986 5016 3294 5087 canone
3321 5016 3428 5088 γὰρ
3461 5011 3851 5069 ἐπανίστασθαι

617 5149 764 5203 gere,
792 5130 1009 5203 proprie
1046 5103 1245 5183 dicitur
1273 5123 1339 5179 de
1369 5124 1437 5179 iis
1472 5121 1567 5193 qui
1602 5129 1758 5175 antea
1786 5132 1816 5173 e
1837 5115 2166 5171 subditorum

2282 5109 2485 5179 κυρίως
2534 5108 2748 5177 λέγεται
2798 5109 2891 5162 ἐπὶ
2934 5107 3043 5161 τῶν
3088 5107 3347 5180 πρότερον
3389 5106 3486 5178 μὲν
3514 5108 3570 5159 ιν
3596 5103 3852 5174 ὑπηκόων

613 5195 771 5280 erant
795 5195 1134 5286 conditione,
1168 5216 1264 5275 sed
1296 5228 1484 5289 postea
1511 5212 1711 5270 bellum
1742 5209 2071 5267 excitarunt.

2278 5198 2430 5265 τάξει
2464 5198 2896 5271 καθεστηκότων,
2933 5198 3072 5271 μετὰ
3096 5199 3153 5252 δὲ
3182 5198 3353 5252 ταῦτα
3384 5198 3616 5269 πόλεμον
3642 5195 3854 5269 ἀραμέ-

2279 5309 2403 5346 νων.

684 5406 738 5461 ε.
774 5403 885 5475 (ιι)
915 5401 993 5457 Tu
1014 5409 1209 5465 autem,
1244 5398 1482 5463 Domine,
1508 5403 1773 5465 susceptor
1792 5409 1935 5448 meus
1960 5407 2034 5457 es,
2066 5388 2166 5462 σίο·

2357 5384 2468 5457 (ﬂ)
2507 5383 2590 5439 Σὺ
2638 5384 2728 5447 δὲ,
2779 5383 2974 5453 Κύριε,
3003 5379 3375 5450 ἁντιλήπτωρ
3422 5396 3540 5450 μου
3588 5374 3661 5441 σῖ,
3703 5376 3854 5442 δόξα

616 5514 698 5551 rio
732 5466 1039 5561 Quia
1080 5492 1284 5547 dictum
1330 5489 1442 5560 jam
1489 5496 1604 5553 est,
1636 5487 1780 5542 hunc
1809 5486 2075 5556 psalmum
2112 5496 2166 5536 et

2279 5492 2419 5545 μου.
2438 5473 2652 5546 Ἐπειδὴ
2679 5472 2892 5544 ὶλέχθη,
2918 5471 2994 5536 ὡς
3021 5473 3085 5525 ὲκ
3115 5469 3404 5543 προσώπου
3437 5468 3641 5542 Κυρίου
3669 5468 3699 5521 ό
3724 5466 3857 5538 ψαλ-

620 5601 849 5657 persona
872 5556 1084 5639 Domini
1130 5556 1491 5653 pronuntiari,
1511 5577 1623 5648 jam
1646 5576 1933 5644 dicendum
1954 5582 2038 5629 est
2061 5570 2166 5643 ejut

2288 5565 2387 5637 μὸς
2418 5564 2835 5635 ἀπαγγέλλεται,
2864 5561 3053 5635 ῥητέον
3089 5561 3165 5625 ὡς
3212 5561 3307 5617 usti
3349 5558 3513 5615 αὑτοῦ
3563 5557 3792 5630 ὑψοῦται
3818 5556 3853 5628 ἡ

696 5704 741 5734 ⁸⁸
773 5699 932 5756 Joan.
968 5714 1081 5763 stv,
1112 5698 1164 5752 ϐ.

686 5821 797 5890 ιιι)
829 5818 949 5877 Hac
971 5830 1080 5874 non
1105 5824 1231 5873 sunt
1268 5813 1567 5885 Athanasii,
1597 5809 1689 5871 sed
1720 5811 1947 5888 Didymi.
