4032 6440
199 402 260 455 69
1320 388 1685 446 EXPOSITIO
1726 387 1761 441 Ii

1860 387 2171 443 PSALMUM
2210 390 2297 445 Ill.
3366 385 3435 441 70

197 514 420 585 κεφαλὴ,
452 514 482 566 ό
503 512 635 574 Θεὸς
659 506 812 573 οὖσα,
840 510 969 564 ὅταν
996 510 1030 582 ἡ
1063 508 1251 579 θεότης
1280 506 1443 560 αὑτοῦ
1471 504 1676 575 φανερὰ
1703 504 1761 557 δι’

1873 514 2062 573 caput,
2097 506 2241 575 quod
2272 503 2415 558 Dcus
2437 512 2555 568 est,
2588 500 2839 563 exaltari,
2881 515 3004 555 cum
3034 498 3289 554 divinitas
3318 498 3437 569 ejus

195 606 517 669 ἀποδείξεως
547 606 658 667 τοῖς
692 605 900 665 πιστοῖς
926 601 1172 673 γένηται.

262 696 368 769 [Σὺ
406 695 495 759 δὲ,
518 695 714 762 Κύριε,
736 692 1110 761 ἁντιλήπτωρ
1132 710 1251 762 μου
1286 687 1359 747 εἴ.
1387 690 1674 759 Πρέπουσα
1700 691 1765 760 τῇ

196 787 371 841 πίστει
405 782 501 839 τοῦ
532 786 807 856 προφήτου
825 784 994 856 φωνὴ,
1024 783 1288 844 ἀσείστως
1321 782 1572 853 φέροντος
1614 780 1765 850 τηλι-

195 876 398 938 καύτας
444 875 811 944 περιστάσεις,
848 876 941 928 καὶ
988 873 1304 935 πεποιθότος
1350 874 1422 944 μὴ
1453 873 1766 940 ἐγκαταλει-

196 967 492 1038 φθήσεσθαι
512 984 526 997 °
558 966 692 1020 ἀλλὰ
720 966 852 1038 πρὸς
882 966 942 1019 τὸ
968 965 1225 1036 βοηθῆναι
1257 966 1349 1018 καὶ
1386 963 1761 1034 ὑψωθήσεσθαι

195 1061 283 1115 καὶ
316 1059 415 1131 τὴν
458 1057 728 1129 βασιλείαν
755 1057 1150 1128 ἀπολήψεσθαι⁹
1181 1057 1337 1110 τοῦτο
1363 1054 1470 1126 γάρ
1503 1052 1651 1107 εἶπόν
1676 1072 1759 1106 τι-

193 1170 296 1215 νες,
331 1149 509 1219 ὑψῶν
534 1149 649 1217 τὴν
681 1148 969 1218 κεφαλήν.
1007 1148 1141 1215 Δόξα
1168 1148 1346 1200 τοίνυν
1374 1146 1467 1199 τοῦ
1496 1145 1703 1199 δικαίου
1731 1147 1761 1197 ό

191 1242 343 1305 Θεὸς,
379 1235 424 1309 ᾧ
468 1239 750 1294 πέποιθεν·
778 1233 822 1308 ᾧ
857 1239 913 1293 δὲ
945 1238 1069 1303 δόξα
1110 1238 1140 1289 ό
1168 1236 1316 1301 Θεὸς,
1351 1230 1504 1300 οὗτος
1536 1236 1759 1306 ὑψοῦται

192 1334 286 1404 τὴν
320 1330 613 1403 κεφαλήν-1

260 1502 435 1571 Φωνῇ
451 1521 568 1573 μου
591 1504 741 1571 πρὸς
766 1504 987 1570 Κύριον
1007 1499 1313 1569 ἐκέκραξα.
1346 1502 1592 1555 Διδάσκει
1617 1505 1645 1557 ό
1672 1504 1760 1558 λό-

189 1610 307 1664 γος,
340 1595 418 1657 ὡς
464 1597 522 1648 ὲν
556 1598 675 1658 ταῖς
715 1593 1062 1666 περιστάσεσι
1093 1593 1191 1646 οὐκ
1218 1591 1361 1663 ἄλλῳ
1393 1593 1426 1663 ἢ
1455 1592 1574 1663 Θεῷ
1615 1596 1759 1667 μόνῳ

189 1686 475 1757 προσιέναι
499 1686 598 1741 δεῖ.

1869 595 2120 650 ﬁdelibus
2158 597 2444 665 perspicue
2472 602 2957 651 commonstratur.

1940 685 2043 758 [Tu
2070 700 2262 749 autem,
2298 686 2540 752 Domine,
2565 697 2833 753 susceptor
2878 700 3024 737 meus
3068 700 3139 737 es.
3170 681 3295 737 Hec
3330 696 3437 737 vox

1865 776 2145 847 Propheta
2192 779 2311 833 ﬁdei
2348 781 2589 848 apprime
2634 778 2907 841 convenit,
2941 776 3033 845 qui
3078 776 3213 829 tales
3257 789 3433 827 rerum

1865 869 2205 924 conditiones
2254 870 2409 923 lirmo
2443 880 2607 939 atque
2659 867 2928 935 intrepido
2978 868 3162 920 animo
3210 864 3432 930 ferebat,

1864 958 2271 1028 conﬁdebatque
2296 976 2352 1015 se
2385 960 2606 1012 minime
2633 959 2878 1012 relictum
2910 957 3004 1020 iri;
3034 958 3141 1009 imo
3169 972 3296 1010 vero
3326 970 3432 1008 non

1862 1053 2121 1106 auxilium
2153 1054 2313 1107 modo
2345 1053 2676 1116 adfuturum,
2710 1065 2896 1103 verum
2924 1050 3083 1103 etiam
3117 1049 3435 1119 erigendum

1862 1157 1920 1196 se
1952 1140 2065 1197 fore
2108 1152 2271 1211 atque
2306 1158 2527 1210 regnum
2574 1150 2962 1210 accepturum:
2998 1140 3049 1193 id
3088 1140 3231 1193 enim
3285 1140 3437 1194 aiunt

1861 1233 2080 1300 quidam
2115 1232 2421 1301 signiﬁcare
2447 1233 2598 1296 illud,
2630 1231 2873 1286 exultans
2905 1244 3079 1299 capu'.
3116 1229 3299 1285 Gloria
3330 1232 3436 1285 ita-

1859 1339 1966 1394 que
2003 1324 2135 1393 justi
2173 1324 2311 1377 Deus
2344 1334 2446 1383 est.
2476 1325 2528 1378 in
2566 1339 2725 1394 quem
2768 1338 2915 1392 spem
2962 1323 3204 1391 reposuit
3233 1342 3245 1375 ;
3277 1321 3437 1392 cujus

1861 1426 2038 1471 autem
2068 1418 2237 1487 gloria
2277 1428 2361 1475 est
2389 1418 2552 1482 Deus,
2589 1418 2751 1485 hujus
2784 1424 2947 1484 caput
2975 1411 3293 1486 exaltatum]

1932 1510 1983 1565 5.
2032 1509 2163 1563 Voce
2187 1527 2298 1563 mea
2329 1511 2398 1563 ad
2427 1510 2704 1564 Dominum
2734 1507 2976 1561 clamavi.
3010 1505 3240 1561 Docelur
3265 1507 3317 1559 in
3343 1521 3435 1561 oc-

1863 1603 2207 1656 currentibus
2248 1603 2489 1669 casibus,
2517 1616 2623 1656 non
2654 1606 2721 1656 ad
2759 1600 2927 1655 alium
2957 1614 3118 1670 quam
3160 1599 3227 1652 ad
3260 1595 3431 1653 Deum

1864 1690 2313 1762 confugiendum.

266 1795 463 1866 Adjicit
492 1795 635 1849 Dan.
667 1794 936 1847 Barbarus
964 1808 982 1846 :
1025 1792 1100 1847 De
1127 1802 1299 1847 monte
1328 1802 1531 1857 sancto,
1565 1794 1615 1849 id
1645 1804 1729 1852 est
1756 1798 1822 1852 de
1848 1803 2007 1857 celo.

260 1909 477 1982 [Φωνῇ
520 1928 638 1979 μου
685 1909 832 1979 πρὸς
878 1910 1096 1978 Κύριον
1124 1907 1436 1977 ἐκέκραξα.
1483 1910 1751 1981 Προέταξε

1927 1914 2092 1988 [Voce
2116 1933 2229 1970 mea
2254 1916 2322 1968 ad
2354 1913 2633 1969 Dominum
2663 1913 2903 1969 clamavi.
2940 1912 3210 1969 Praemisit
3239 1930 3431 1985 preca-

189 2005 294 2076 μὲν
323 2004 422 2075 τὴν
469 2003 651 2073 εὐχὴν,
685 1999 803 2055 εἶτα
835 2003 970 2072 μετὰ
1014 2002 1074 2055 τὸ
1106 2002 1378 2073 διάψαλμα
1406 2003 1505 2075 τὴν
1542 2005 1761 2075 εὐχαρι-

190 2097 370 2160 στίαν,
396 2097 488 2148 ἐπὶ
509 2095 571 2147 τὸ
603 2094 956 2164 τετυχηκέναι
980 2086 1054 2148 ὧν
1080 2095 1263 2165 ᾔτησε.
1292 2094 1403 2149 Νῦν
1435 2095 1615 2166 μέντοι
1636 2096 1765 2149 ἁπο-

187 2187 409 2257 στρέφει
441 2186 501 2238 τὸ
533 2186 821 2256 πρόσωπον
869 2185 1002 2255 πρὸς
1034 2187 1199 2256 ἡμᾶς,
1232 2188 1325 2239 καὶ
1351 2188 1616 2258 διηγεῖται
1648 2187 1762 2251 πῶς

185 2276 483 2347 εὐξάμενος
527 2275 860 2345 ὲπηκοῦσθη,
905 2274 997 2327 καί
1042 2293 1207 2346 φησν
1245 2277 1417 2345 Φωνῇ
1457 2296 1575 2347 μου
1618 2279 1764 2346 πρὸς

183 2370 416 2435 Κύριον
452 2364 763 2433 ἐκέκραξα.
797 2366 907 2418 Καὶ
948 2365 1127 2437 φωνὴν
1162 2366 1260 2437 μὲν
1302 2367 1637 2438 ὑποληπτέον
1667 2366 1763 2437 τὴν

187 2460 381 2530 νοερὰν
406 2458 504 2529 τῆς
532 2457 768 2520 διανοίας
799 2458 936 2528 πρὸς
958 2458 1047 2510 τὸν
1074 2457 1181 2510 τῶν
1205 2457 1339 2511 ὅλων
1365 2458 1495 2511 Θεὸν
1523 2458 1760 2512 ίκεσίαν·

182 2556 249 2606 οὐ
287 2554 395 2623 γὰρ
417 2551 513 2621 τὴν
536 2552 781 2621 κραυγὴν
812 2550 979 2619 λέγει,
1002 2550 1135 2604 ἀλλὰ
1157 2552 1254 2621 τὴν
1283 2552 1508 2607 αὐδαίαν
1534 2552 1631 2623 τῆς
1654 2551 1768 2606 δια-

182 2648 336 2710 νοίας
371 2646 557 2715 εὐχήν.

256 2740 330 2793 Τὸ
362 2740 418 2793 δέ
441 2756 454 2770 ·
480 2736 787 2805 ἐπήκουσέ
812 2754 932 2806 μου
971 2736 1039 2801 ἐξ
1091 2735 1293 2804 ὄρους,
1334 2733 1474 2787 κατά
1503 2732 1600 2803 τὴν
1635 2748 1767 2784 κατ-

181 2831 415 2902 έχουσαν
461 2831 674 2901 εἴρηται
719 2826 1222 2898 δόξαν.Ἐνομίζετο
1248 2826 1357 2897 γὰρ
1390 2827 1446 2878 εν
1486 2827 1552 2896 τῇ
1588 2825 1765 2894 Σκηνῇ

180 2926 479 2985 κατοικεῖν,
515 2920 699 2990 ἐπειδὴ
727 2918 934 2972 ἐκεῖθεν
962 2919 1054 2971 καὶ
1084 2919 1133 2969 oi
1156 2916 1393 2989 χρησμοὶ
1420 2918 1531 2979 τοῖς
1562 2913 1768 2986 ίερεῦσι

183 3014 519 3070 ἐδίδοντο.Ἦ
545 3014 627 3073 τὸ.
648 3013 715 3077 ἐξ
739 3012 916 3081 ὄρους
938 3012 1132 3081 ἁγίου,
1154 3010 1275 3063 ἀντὶ
1298 3008 1411 3073 τοῦ,
1426 3007 1484 3073 ἐξ
1504 3007 1730 3079 οὐρανοῦ
1753 3025 1765 3038 ·

180 3110 259 3173 ὼς
286 3106 494 3161 καὶτὸ·
538 3107 634 3158 Ἐν
666 3104 784 3172 ὄρει
808 3103 953 3171 ἁγίῳ
984 3116 1101 3155 σου
1126 3118 1138 3131 ο
1174 3102 1287 3164 καὶ,
1308 3102 1605 3170 Ἐγγ-[σατε
1642 3099 1767 3166 ὄρε-

182 3216 290 3254 σιν
319 3200 614 3263 αιωνίοις,
648 3196 867 3249 δύναται
917 3194 1040 3265 ὅρος
1095 3194 1248 3260 άγιον
1288 3187 1423 3243 εἶναι
1451 3188 1584 3243 Θεοῦ
1615 3188 1672 3255 ὲξ
1698 3182 1759 3241 οὗ

180 3292 459 3347 είσακούει
504 3261 610 3342 τῦιν
644 3261 1002 3357 εὐχομένωνἾὸ
1027 3283 1159 3347 Θεὸς
1193 3283 1220 3335 ό
1249 3281 1537 3353 μονογενὴς
1570 3280 1755 3347 αὑτοῦ,
1785 3261 1827 3319 C

181 3381 313 3451 περὶ
336 3370 395 3429 οὗ
426 3378 637 3448 εἴρηται
658 3392 671 3404 ·
708 3376 911 3427 Ἔσται
942 3372 1202 3442 ἐμφανὲς
1234 3373 1300 3425 τὸ
1337 3372 1473 3440 ὅρος
1505 3371 1608 3425 τοῦ
1640 3376 1755 3425 Κυ-

177 3472 315 3538 ρίου
342 3468 435 3521 ἐπ’
457 3466 695 3537 ἐσχάτῳ
713 3465 832 3519 τῶν
858 3464 1092 3535 ἡμερῶν
1114 3482 1127 3495 ·
1154 3463 1420 3536 δηλούσης
1442 3465 1539 3534 τῆς
1564 3462 1759 3529 λέξεως

180 3562 386 3632 ταύτης
438 3559 537 3631 τὴν
590 3558 889 3628 γενομένην
940 3554 1105 3610 αὑτοῦ
1142 3556 1465 3626 φανέρωσιν,
1497 3554 1637 3607 κατὰ
1659 3555 1759 3624 τὴν

182 3651 477 3722 ἰπιδημίαν
523 3648 617 3700 ἐπὶ
654 3645 930 3716 συντελείᾳ
975 3644 1085 3697 τῶν
1126 3645 1363 3697 αίώνων·
1414 3644 1471 3713 ἢ,
1505 3642 1565 3707 ἐξ
1602 3644 1759 3714 ὅρους

182 3746 363 3812 άγίου,
396 3744 462 3795 ἑκ
482 3739 577 3794 τοῦ
612 3738 1033 3812 οὐρανοῦ.”ορος
1062 3736 1215 3806 ἅγιον
1251 3733 1383 3789 Θεοῦ
1416 3736 1449 3807 ἡ
1478 3734 1758 3807 ὑπερφυὴς

180 3836 386 3907 γνῶσις
411 3833 602 3887 αὐτοῦ.

253 3928 329 3980 Τὸ
371 3924 673 3994 διάψαλμα,
707 3921 967 3991 μουσικοῦ
1003 3921 1197 3992 μέλους
1230 3920 1263 3991 ἢ
1294 3919 1502 3992 τροπῆς
1530 3920 1757 3990 γενομέ-

182 4036 279 4090 νης
304 4018 339 4087 ἢ
366 4016 602 4078 διανοίας
637 4015 730 4068 καὶ
759 4014 1036 4083 δυνάμεως
1060 4013 1218 4080 λόγου
1244 4011 1563 4081 έναλλαγῆς.

253 4106 348 4170 Τὸ,
377 4104 729 4174 ἐξητέρθην,
748 4101 906 4156 τοῦτο
931 4102 1098 4173 δηλοῖ,
1117 4102 1217 4163 ὅτι,
1240 4102 1338 4173 τῆς
1361 4101 1507 4164 θείας
1530 4100 1762 4155 ἀπολαῦ-

186 4213 282 4259 σας
314 4198 545 4267 τροπῆς,
580 4193 839 4267 κρείττων
882 4192 1148 4265 έγενόμην
1196 4191 1305 4247 τῶν
1348 4191 1759 4263 προσπεσόντων

182 4281 425 4358 κακῶν]

263 4377 407 4448 Ἐγὼ
432 4376 756 4446 ἑκοιμήθην
798 4376 895 4429 καί
938 4375 1207 4428 ὕπνωσα.
1240 4374 1344 4426 Τὸν
1383 4373 1509 4444 περὶ
1546 4372 1640 4427 τοῦ
1668 4370 1759 4426 νοῦ

181 4469 352 4525 ὕπνον
380 4469 536 4539 φησὶ,
564 4468 631 4521 δι’
661 4462 721 4522 οὗ
747 4468 839 4520 καὶ
877 4468 957 4530 είς
985 4466 1084 4537 τὴν
1119 4467 1393 4537 ἁμαρτίαν
1440 4466 1755 4519 κατέπεσεν.

252 4558 404 4631 [Ὅτι
578 4555 878 4621 ἐπάταξας
910 4554 1139 4620 πάντας
1171 4554 1311 4621 τοὺς
1339 4552 1757 4624 ἐχθραίνοντὰς
1790 4588 1832 4643 D

174 4666 298 4719 μοι.
352 4636 619 4711 Πάταεον,
674 4643 1054 4716 σύντριψον,ἢ
1108 4643 1755 4711 πατάξεις.Ἐπισπεύδει

180 4741 278 4811 τὴν
312 4738 668 4802 ἐξανάστασιν
699 4736 796 4809 τὴν
834 4738 953 4791 κατ’
984 4735 1161 4791 αὐτῶν
1192 4736 1285 4789 τοῦ
1319 4735 1475 4801 Θεοῦ,
1508 4737 1626 4808 ἢτοι
1656 4736 1753 4808 τὴν

179 4834 417 4900 ἄμυναν.
449 4828 723 4894 Ματαίως
768 4828 881 4898 εχει
924 4829 1047 4892 τοὺς
1097 4828 1323 4898 ἐχθροὺς
1345 4831 1373 4881 ὁ
1400 4828 1473 4899 μὴ
1501 4828 1752 4898 παρέχων

180 4920 455 4990 πρόφασιν
512 4919 720 4988 μίσους.
760 4916 1029 4982 Ὀδόντας
1075 4916 1131 4970 δὲ
1176 4915 1532 4987 ἀμαρτώ
1577 4918 1609 4989 ἢ
1658 4917 1751 4988 τὴν

183 5012 339 5079 ἰσχὺν
368 5009 517 5076 λέγει
548 5008 655 5060 τῶν
688 5009 767 5070 είς
794 5008 954 5061 αὑτὸν
981 5009 1415 5079 ἁμαρτανόντων,
1441 5009 1473 5079 ἢ
1509 5010 1632 5072 τοὺς
1663 5009 1750 5061 λό-

179 5117 310 5170 γους
358 5100 484 5161 τοὺς
518 5099 636 5152 κατ’
665 5098 848 5163 αὑτοῦ,
879 5100 974 5151 καὶ
1003 5099 1099 5163 τὰς
1135 5098 1509 5170 βλασφημίας·
1537 5100 1569 5172 ἢ
1601 5100 1750 5153 ὀδόν-

179 5210 271 5256 τες
296 5190 633 5263 ἁμαρτωλῶν
659 5194 762 5245 είσι
784 5191 1031 5260 λογισμοὶ
1059 5190 1238 5259 ἄλογοι
1269 5190 1415 5262 παρὰ
1440 5190 1597 5259 φύσιν
1620 5193 1749 5261 ἡμῖν

181 5282 686 5353 ὲπισυμὸαίνοντες.
718 5282 840 5345 Τοῖς
868 5282 975 5354 γὰρ
1005 5281 1282 5352 λογισμοῖς
1306 5282 1380 5346 ὡς
1409 5280 1585 5334 ὀδοῦσι
1616 5281 1752 5353 χρώ-

186 5391 338 5445 μενοι
392 5373 648 5435 πολλάκις
688 5374 1049 5444 ἀντικείμενοι
1104 5374 1551 5446 προσεγγίζουσιν
1598 5376 1746 5445 ἡμῖν,

183 5464 277 5518 τοῦ
308 5465 501 5533 φαγεῖν
524 5465 623 5525 τὰς
648 5465 851 5533 σάρκας
878 5462 1051 5533 ἡμῶν,
1072 5463 1309 5517 τουτέστι
1330 5464 1399 5515 τὰ
1423 5465 1485 5516 tat
1510 5464 1605 5534 τῆς
1628 5478 1752 5532 σαρ-

184 5558 281 5619 κὸς
317 5556 580 5627 φυόμενα.
607 5554 833 5623 dias-apd
858 5554 945 5619 δὲ,
977 5555 1159 5626 φησιν,
1189 5554 1323 5608 ἐστι
1366 5555 1438 5609 τὰ
1466 5554 1608 5625 ἔργα
1639 5552 1744 5622 τῆς

262 5756 309 5791 ⁸⁸
341 5754 487 5812 Psal.
516 5769 626 5821 xlv,
656 5753 705 5809 Ι.
782 5754 827 5786 ⁶⁶
860 5750 1002 5808 Psal.
1036 5768 1198 5819 uxr,
1232 5753 1283 5807 5.

1862 2008 2083 2068 tionem,
2114 2007 2332 2070 dehinc,
2354 2006 2811 2075 postdiapsalma,
2838 2006 3132 2076 gratiarum
3164 2006 3429 2061 actionem

1861 2100 2009 2154 addit
2035 2101 2101 2154 de
2129 2113 2391 2154 concesso
2421 2099 2710 2167 postulato.
2734 2099 2929 2167 Atjam
2954 2098 3019 2153 ad
3041 2112 3141 2152 nos
3168 2114 3433 2153 converso

1860 2192 2033 2254 vultu,
2068 2201 2249 2244 narrat
2288 2206 2396 2261 quo
2430 2199 2587 2259 pacto
2626 2205 2812 2259 preces
2847 2190 2966 2258 ejus
3004 2189 3257 2244 admissae
3301 2191 3431 2256 sint,

1862 2285 2043 2353 aitque
2068 2302 2081 2336 :
2129 2282 2258 2335 Voce
2286 2299 2398 2335 mea
2428 2283 2496 2334 ad
2532 2282 2811 2335 Dominum
2841 2283 3084 2336 clamavi.
3136 2280 3235 2335 Per
3260 2297 3433 2336 vocent

1864 2374 2128 2443 intelligas
2148 2373 2533 2442 intelligibilem
2558 2374 2753 2428 mentis
2776 2373 2884 2427 Deo
2906 2375 3283 2429 universorum
3304 2388 3434 2443 sup-

1863 2465 2209 2537 plicationem
2242 2484 2254 2519 :
2288 2481 2394 2519 non
2426 2466 2567 2519 enim
2592 2465 2658 2520 de
2686 2468 2923 2524 clamore
2953 2468 3213 2539 loquitur,
3246 2469 3340 2525 sed
3365 2470 3433 2525 de

1864 2556 2073 2626 prolata
2108 2572 2202 2627 per
2234 2565 2465 2611 mentem
2506 2558 2772 2613 oratione.

1936 2732 2071 2788 illud
2120 2749 2326 2804 porro:
2353 2738 2624 2791 exaudivit
2663 2753 2742 2791 me
2782 2736 2846 2791 de
2881 2747 3073 2804 monte,
3108 2739 3307 2796 dlcitur
3344 2756 3432 2797 se-

1866 2827 2100 2881 cundum
2149 2828 2419 2898 vulgarem
2473 2829 2803 2899 Opinionem.
2849 2828 3147 2887 Putabatur
3182 2832 3325 2887 enim
3374 2834 3427 2888 in

1868 2918 2216 2972 tabernaculo
2241 2919 2501 2985 habitare,
2520 2919 2647 2989 quia
2674 2921 2796 2976 inde
2814 2921 3032 2976 oracula
3054 2922 3430 2979 sacerdotibus

1866 3009 2153 3063 dabantur.
2172 3007 2289 3074 Vel,
2312 3010 2376 3063 de
2407 3022 2579 3065 monte
2602 3025 2804 3075 sancto,
2824 3014 2977 3081 quasi
3006 3013 3156 3069 dicas
3171 3014 3236 3068 de
3257 3015 3428 3079 coelo;

1868 3105 1927 3151 ut
1957 3098 2115 3151 etiam
2159 3097 2308 3159 illud,
2346 3096 2411 3150 In
2442 3110 2611 3151 monte
2645 3110 2823 3153 sancto
2849 3110 2937 3154 tuo
2962 3100 3026 3165 ",
3061 3110 3115 3156 et
3134 3103 3430 3172 Appropin-

1868 3198 2024 3259 quate
2052 3189 2310 3243 montibus
2338 3190 2547 3243 (sternis
2572 3190 2637 3246 “.
2680 3189 2861 3246 Potest
2894 3206 3048 3247 mons
3077 3202 3298 3249 sanctus
3333 3191 3431 3249 Del

1858 3294 1977 3333 esse
2004 3296 2069 3333 ex
2103 3295 2211 3347 quo
2237 3282 2691 3334 exauditoranles
2721 3280 2863 3335 Deus
2893 3281 3222 3352 unigenitus,
3259 3284 3426 3346 illius,

1856 3367 1921 3421 de
1966 3384 2074 3435 quo
2102 3368 2304 3422 dictum
2336 3382 2437 3434 est,
2464 3369 2577 3423 Erit
2603 3372 2911 3437 conspicuus
2957 3387 3101 3424 mons
3130 3370 3341 3427 Domini
3372 3374 3431 3427 in

1857 3460 2135 3513 novissimo
2179 3460 2403 3515 dierum.
2456 3460 2611 3526 Quod
2664 3462 2872 3515 dictum
2934 3462 3427 3521 manifestationem

1858 3551 1976 3621 ejus
2027 3550 2312 3622 signilicat,
2359 3568 2480 3622 qua:
2531 3551 2711 3608 futura
2740 3562 2824 3609 est
2862 3554 2914 3607 in
2952 3556 3185 3611 adventu
3218 3556 3339 3626 ejus
3370 3558 3426 3611 iu

1857 3642 2324 3697 consummatione
2356 3644 2677 3699 saeculorum
2703 3662 2719 3699 :
2750 3653 2865 3708 aut,
2896 3660 2963 3699 ex
3002 3656 3185 3701 monte
3212 3656 3424 3712 sancto,

1857 3733 1911 3789 id
1939 3745 2020 3789 est
2045 3750 2112 3788 ex
2140 3736 2298 3789 coelo.
2335 3732 2486 3789 Mons
2517 3745 2742 3791 sanctus
2770 3736 2862 3791 Dei
2881 3748 2963 3792 est
2992 3741 3426 3808 supernaturalis

1856 3826 1975 3896 ejus
2006 3827 2264 3896 cognitio.

1923 3916 2227 3986 Diapsalma
2262 3915 2547 3971 adhibetur
2575 3933 2696 3973 cum
2732 3918 2928 3973 musici
2957 3928 3155 3975 cautus
3188 3922 3424 3977 mutatio

1858 4007 1936 4073 ﬁt,
1969 4016 2060 4062 aut
2086 4025 2208 4064 cum
2242 4013 2503 4067 sententia
2527 4017 2582 4065 et
2601 4010 2682 4066 vis
2711 4011 2980 4067 sermonis
3023 4012 3131 4067 alio
3163 4014 3415 4067 vertitur.

1929 4099 2098 4165 Illud,
2142 4099 2464 4167 Exsurrexi,
2507 4100 2805 4171 signiﬁcat,
2833 4100 3013 4155 divina
3065 4104 3423 4159 conversione

1857 4190 2129 4262 dignatus,
2162 4192 2533 4262 ingruentibus
2563 4193 2619 4246 in
2653 4206 2739 4245 me
2764 4192 2919 4247 malis
2949 4195 3199 4263 superior
3223 4195 3419 4269 evasi.]

1929 4371 1982 4425 6.
2021 4369 2131 4440 Ego
2157 4369 2377 4423 dormivi
2404 4377 2454 4423 et
2475 4379 2753 4432 separatus
2777 4384 2916 4425 sum.
2944 4367 3137 4423 Mentis
3167 4384 3421 4427 somnum

1858 4463 2007 4527 dicit,
2036 4477 2131 4531 per
2159 4478 2317 4531 quem
2347 4462 2536 4517 incidit
2573 4462 2625 4513 in
2656 4470 2961 4529 peccatum.

1924 4553 2111 4627 [νεεδ.
2138 4556 2189 4607 8.
2226 4552 2486 4618 Quoniam
2513 4562 2569 4605 tu
2604 4554 2907 4622 percussisti
2934 4568 3107 4606 omnes
3136 4554 3411 4608 adversan-

1861 4657 1934 4699 tes
1969 4645 2116 4700 mihi.
2151 4643 2398 4711 Percute,
2432 4653 2670 4708 contere,
2701 4653 2794 4699 aut
2825 4646 3110 4710 percuties.
3154 4643 3419 4701 Sollicitat

1859 4736 2025 4792 Deum
2061 4746 2120 4791 ut
2148 4747 2335 4793 contra
2371 4736 2620 4794 inimicos
2662 4738 2924 4807 insurgat,
2958 4738 3023 4791 ad
3046 4752 3105 4793 se
3149 4739 3417 4793 ulciscen-

1857 4830 2008 4882 dum.
2056 4828 2179 4883 Sine
2217 4845 2376 4883 causa
2407 4828 2659 4883 inimicos
2690 4829 2867 4893 habet,
2904 4832 2996 4899 qui
3044 4829 3243 4884 nullam
3285 4845 3417 4900 pra:-

1857 4918 1975 4973 buit
2006 4918 2114 4971 odii
2160 4920 2463 4973 materiam.
2504 4919 2693 4973 Dentes
2722 4930 2901 4973 autem
2938 4928 3288 4985 peccatorum,
3323 4930 3418 4973 aut

1857 5010 1963 5064 vim
1986 5011 2062 5065 ait
2086 5024 2205 5065 esse
2233 5012 2569 5080 peccantium
2602 5012 2863 5066 adversus
2896 5010 3087 5075 Deum,
3130 5019 3224 5065 aut
3254 5012 3414 5067 verba

1856 5101 1910 5156 in
1958 5102 2131 5171 ipsum
2185 5102 2409 5172 prolata.
2436 5111 2490 5157 et
2522 5104 2835 5173 blasphema
2880 5103 3047 5157 dicta.
3080 5102 3187 5156 Aut
3224 5098 3415 5159 dentes

1853 5200 2193 5261 peccatorum
2236 5203 2362 5248 sunt
2410 5196 2762 5263 cogitationes
2812 5193 3239 5256 irrationabiles,
3292 5209 3415 5263 qua:

1853 5292 2044 5353 praeter
2067 5294 2314 5338 naturam
2345 5285 2499 5340 nobis
2538 5286 2799 5340 incidunt.
2839 5282 2973 5339 Nam
3003 5286 3414 5355 cogitationibus

1853 5375 1996 5428 velut
2022 5374 2269 5429 dentibus
2299 5376 2378 5430 usi
2406 5377 2737 5443 adversarii,
2765 5376 3082 5447 plerumque
3124 5376 3413 5445 appropin~

1854 5471 2022 5533 quant
2065 5464 2240 5528 nobis,
2286 5476 2345 5519 ut
2369 5466 2528 5520 edant
2566 5481 2758 5531 carnes
2790 5473 3044 5531 nostras;
3079 5465 3324 5519 videlicet
3346 5479 3411 5519 ea

1853 5569 1975 5625 quae
1994 5569 2058 5610 ex
2082 5570 2243 5613 carne
2269 5566 2580 5611 nascuntur.
2612 5554 2891 5625 Manifesta
2913 5565 3085 5610 autem
3112 5566 3233 5612 sunt
3257 5570 3412 5624 opera
