4032 6422
633 392 692 445 7i

1446 387 1502 441 S.
1546 386 1912 442 ATHANASII
1954 386 2104 442 OPP.
2150 383 2328 437 PARS
2366 381 2455 435 lli.
2498 411 2565 421 —
2606 381 3012 436 EXEGETICA.

3788 378 3857 431 78

616 506 815 568 carnis,
853 504 929 559 ait
975 501 1187 557 divinus
1226 499 1513 569 Apostolus
1547 500 1611 552 ".
1649 498 1843 553 Dentes
1885 512 2045 567 porro
2093 496 2188 561 ait,

2292 492 2535 561 σαρκὸς,
2571 496 2597 545 ὁ
2628 494 2766 556 θεῖος
2796 493 3126 556 ’Δπὸστολος.
3148 493 3391 555 Ὀδόντας
3426 492 3601 561 λέγει’
3631 491 3737 547 ἀπὸ
3765 507 3829 559 με

618 603 834 664 sumpta
867 610 897 648 a
931 592 1059 647 feris
1112 592 1457 661 metaphora,
1489 605 1610 659 qure
1650 590 1702 643 in
1735 590 1984 644 dentibus
2017 589 2181 642 robur

618 687 836 749 habent,
866 684 1065 754 quibus
1110 682 1294 737 fractis
1327 681 1603 748 despectui
1646 680 1928 733 habentur.
1972 678 2180 733 Etenim

620 775 902 831 homicida
942 790 1007 829 ac
1048 774 1381 843 sanguinarii
1427 772 1695 836 homines,
1722 771 1852 839 ipsis
1887 769 2185 825 carnivoris

618 867 747 922 t‘eris
777 866 988 936 pejores
1016 874 1161 928 sunt,
1193 872 1355 931 atque
1382 861 1570 915 iisdem
1599 856 2028 929 comparautur.]

686 1047 736 1102 9.
773 1045 982 1099 Domini
1029 1055 1102 1099 est
1140 1044 1304 1101 salus.
1340 1043 1557 1098 Salvum
1595 1060 1680 1098 me
1711 1041 1819 1106 fac,
1848 1043 2046 1111 inquit,
2079 1040 2186 1095 Do-

617 1136 779 1192 mine.
803 1137 953 1209 Rogo
988 1146 1267 1199 autem,ut
1299 1138 1447 1191 salus
1506 1138 1653 1190 istzec
1692 1137 1743 1190 iu
1778 1146 1948 1189 totum
1983 1135 2183 1189 feratur

614 1231 893 1299 populum.
943 1229 1233 1285 Sciendum
1275 1244 1436 1298 porro
1465 1238 1569 1295 est,
1606 1235 1778 1281 totum
1816 1228 2083 1297 psalmum
2115 1227 2181 1281 ad

616 1321 912 1375 humanum
958 1322 1145 1375 referri
1189 1338 1378 1391 genus,
1405 1322 1547 1390 quod
1589 1336 1709 1373 cum
1747 1332 2041 1389 peccasset,
2073 1330 2183 1374 tra-

614 1411 789 1465 ditum
833 1412 951 1465 ideo
986 1412 1085 1465 fuit
1118 1413 1492 1482 spiritualibus
1544 1412 1781 1465 inimicis
1811 1430 1822 1463 :
1860 1410 1951 1464 sed
1986 1411 2183 1465 clamat

616 1502 670 1556 in
705 1505 1050 1559 tribulatione
1079 1515 1132 1559 et
1153 1505 1439 1559 exauditur
1466 1519 1495 1557 a
1528 1502 1656 1565 Deo,
1692 1503 2027 1573 salutemque
2052 1520 2183 1557 con-

617 1604 860 1648 secutum
889 1604 989 1660 est,
1022 1611 1085 1650 eo
1107 1595 1251 1663 quod
1278 1609 1469 1663 nempe
1500 1594 1751 1648 Christus
1781 1609 1811 1647 a
1840 1596 2070 1649 mortuis
2098 1610 2182 1649 re-

616 1687 933 1752 surrexerit,
959 1702 1022 1741 ac
1046 1698 1261 1741 nostros
1279 1687 1605 1755 percusserit
1624 1687 1891 1749 inimicos,
1910 1686 2183 1739 daemones

617 1778 841 1831 scilicet.
866 1776 983 1847 Ipse
1012 1793 1246 1847 namque
1280 1788 1361 1831 est
1385 1778 1475 1846 qui
1500 1783 1663 1829 molas
1687 1778 1891 1829 leonum
1926 1778 2180 1847 confregit

616 1866 870 1921 Dominus
896 1868 962 1923 η.
992 1868 1164 1938 Atque
1198 1868 1365 1933 illius,
1399 1870 1512 1923 sive
1543 1870 1611 1923 ab
1646 1869 1739 1923 illo
1770 1878 1852 1924 est
1875 1869 2043 1925 salus.

685 2019 923 2091 [Domini
964 2031 1040 2075 est
1085 2023 1250 2076 salus.
1293 2022 1407 2078 Non
1436 2033 1519 2079 est
1554 2024 1706 2088 mihi,
1744 2024 1938 2095 inquit,
1972 2040 2095 2093 spes
2125 2026 2177 2079 in

617 2112 835 2167 homine
870 2133 881 2167 :
915 2115 1007 2168 sed
1039 2116 1134 2170 abs
1185 2124 1234 2169 te
1280 2117 1508 2171 salutem
1554 2126 1841 2185 exspecto,
1874 2119 2181 2189 pariterque

618 2205 846 2274 populus
880 2214 1005 2261 tuus
1038 2209 1130 2277 qui
1158 2223 1368 2262 meeum
1395 2208 1534 2263 bello
1566 2210 1861 2277 impetitur.

833 2298 880 2351 l.
921 2296 986 2351 In
1016 2300 1170 2367 ﬁnem
1204 2302 1255 2353 in
1285 2301 1604 2355 carminibus
1636 2301 1976 2357 PSAIJIUS

1245 2391 1415 2445 David
1462 2391 1564 2447 ιν.

1201 2487 1597 2553 Argumentum.

620 2567 775 2626 Hune
804 2569 1078 2625 Psalmum
1112 2583 1233 2641 post
1278 2583 1603 2643 reportatam
1647 2575 1953 2638 victoriam,
1988 2576 2180 2631 victori

1288 2666 1455 2722 dicat.

691 2752 821 2826 [Pro
853 2754 967 2819 illo,
996 2756 1052 2809 in
1077 2757 1255 2825 ﬁnem,
1284 2758 1477 2828 Aquila
1507 2768 1561 2814 et
1588 2759 1887 2816 Theodotio
1916 2761 2182 2831 interpre-

619 2846 715 2900 tati
766 2856 925 2913 sunt,
968 2848 1188 2902 victori:
1236 2849 1599 2920 Symmachus
1650 2866 1799 2916 vero,
1856 2850 2177 2919 Epinicium,

619 2940 733 2995 sive
762 2940 998 2996 victoria:
1027 2940 1293 3012 carmen.]

688 3032 740 3086 2.
771 3031 903 3084 Cum
920 3033 1213 3085 invocarem
1251 3033 1452 3088 audivit
1486 3050 1565 3089 me
1611 3034 1750 3089 Deus
1772 3034 2002 3105 justitia:
2031 3054 2177 3090 mete.

622 3120 808 3176 Simile
837 3130 921 3175 est
954 3122 1028 3175 illi
1057 3140 1069 3175 :
1106 3121 1176 3176 Te
1204 3124 1377 3177 adhuc
1421 3124 1659 3195 loquente
1700 3128 1877 3181 dicet:
1911 3128 2042 3181 Ecce
2085 3129 2180 3179 ad-

2284 587 2522 654 ταφορᾶς
2544 585 2650 637 τῶν
2685 584 2885 654 θηρίων
2908 585 3065 637 τοῦτό
3096 602 3281 655 φησιν,
3299 584 3332 638 ἃ.
3360 584 3555 655 μᾶλλον
3580 585 3691 646 τοῖς
3712 580 3861 637 ὀδοῦ-

2286 692 2367 727 σιν
2395 677 2585 747 ἰσχύει,
2618 676 3160 747 καὶ.συνθλωμένων,
3192 676 3635 747 εὐκαταφρόνητα
3677 676 3855 743 γίνον-

2283 784 2391 821 ται.
2434 770 2542 822 Καὶ
2568 770 2673 840 γὰρ
2709 772 2757 821 οἱ
2804 772 2980 837 φονεῖς
3017 770 3110 822 καὶ
3160 772 3476 839 αἱμοχαρεῖς
3538 766 3632 819 καὶ
3676 767 3858 819 αὐτῶν

2282 860 2388 911 τῶν
2417 861 2724 931 αἱμοεὸρων
2754 861 2955 933 θηρίων
2978 862 3190 933 χείρους
3229 862 3383 923 εἰσὶν,
3414 860 3445 931 ἦ
3471 859 3678 922 τούτοις
3710 875 3855 930 παρ-

2286 951 2522 1003 ισοῦνται

2360 1041 2467 1095 Τοῦ
2492 1043 2712 1109 Κιιριύυ
2738 1044 2775 1110 ἡ
2803 1043 3084 1111 σωτηρία.
3126 1043 3304 1095 Σῶσόν
3336 1059 3423 1113 με,
3448 1043 3629 1113 φησὶν,
3658 1042 3853 1113 Κύριε.

2285 1130 2523 1203 Εῧχομαι
2546 1135 2599 1187 δὲ
2627 1135 2717 1187 καὶ
2747 1135 2904 1189 τοῦτο
2928 1139 3006 1199 εἰς
3033 1138 3208 1190 πάντα
3230 1136 3565 1206 ἐξενεχθῆναι
3590 1135 3681 1187 τὸν
3704 1134 3853 1186 λαόν.

2296 1224 2487 1278 Ἰστὲον
2516 1226 2593 1291 δὲ,
2628 1226 2701 1289 ὡς
2738 1227 2882 1290 ἄπας
2914 1230 2941 1280 ὁ
2965 1226 3176 1298 ψαλμὸς
3206 1228 3481 1298 ἀναφορὰν
3507 1228 3621 1296 ἔχει
3651 1227 3728 1287 είς
3755 1224 3857 1295 τὴν

2288 1315 2699 1387 ἀνθρωπὸτητα,
2732 1318 3082 1388 ἁμαρτοῦσαν
3132 1318 3231 1389 μὲν
3284 1319 3375 1371 καὶ
3423 1319 3489 1371 δι’
3519 1318 3651 1370 αὐτὸ
3695 1316 3855 1369 τοῦτο

2284 1407 2721 1479 παραδεδομένην
2770 1413 2880 1472 τοῖς
2934 1412 3140 1479 νοητοῖς
3174 1408 3404 1481 ἐχθροῖς,
3443 1408 3649 1477 βοῶσαν
3691 1407 3745 1460 δὲ
3796 1408 3857 1458 ἐν

2284 1499 2456 1568 θλίψει
2505 1500 2597 1551 καὶ
2644 1500 3073 1552 ἐπακουσθείσαν
3114 1499 3263 1570 παρα
3292 1498 3385 1551 τοῦ
3421 1498 3575 1561 θεοῦ,
3611 1498 3703 1551 καὶ
3750 1497 3858 1567 μὴν

2284 1590 2377 1641 καὶ
2412 1589 2668 1641 σωθεῖσαν
2696 1588 2783 1640 διὰ
2809 1589 2900 1641 τοῦ
2928 1590 3222 1659 ἀναστῆναι
3252 1587 3410 1641 αὐτὸν
3438 1591 3502 1641 ὲκ
3528 1586 3735 1655 νεκρῶν
3768 1586 3862 1655 δη-

2282 1678 2472 1740 λονότι,
2524 1680 2615 1732 καὶ
2654 1681 2885 1747 πατάξαι
2929 1683 3054 1745 τοὺς
3086 1682 3463 1752 ἐχθραίνοντας
3492 1682 3620 1749 ἡμῖν
3667 1680 3859 1748 δαίμο-

2283 1785 2396 1829 νας.
2432 1768 2600 1832 Αὐτὸς
2648 1769 2774 1839 γὰρ,
2806 1774 2837 1824 ὁ
2879 1772 2983 1836 τὰς
3021 1774 3223 1839 μύλας
3256 1770 3373 1824 τῶν
3403 1774 3665 1825 λεόντων
3700 1787 3857 1823 συν-

2217 1851 2257 1905 Β
2284 1858 2515 1925 θλάσας
2559 1864 2790 1929 Κύριος.
2829 1865 2935 1916 Καὶ
2981 1865 3143 1917 αὑτοῦ
3177 1864 3397 1936 [αὑτὸς,
3430 1863 3649 1936 Antbr.]
3683 1866 3855 1925 ἐστιν,

2281 1953 2398 2023 ἦτοι
2427 1955 2556 2025 παρ’
2584 1955 2769 2019 αὐτοῦ,
2801 1959 2831 2027 ἡ
2862 1958 3120 2028 σωτηρία.

2355 2044 2489 2117 [Τοῦ
2538 2048 2756 2114 Κυρίου
2808 2050 2845 2116 ὴ
2897 2050 3177 2115 σωτηρία.
3221 2049 3334 2101 Οὐκ
3382 2047 3507 2117 εχω,
3556 2047 3740 2117 φησὶν,
3775 2048 3858 2107 είς

2283 2137 2561 2206 ἄνθρωπον
2596 2139 2692 2207 τὴν
2720 2138 2927 2203 ἐλπίδα,
2956 2139 3090 2192 ἀλλὰ
3120 2141 3266 2211 παρὰ
3296 2139 3386 2192 σοῦ
3434 2141 3531 2210 τὴν
3579 2138 3857 2209 σωτηρίαν

2283 2227 2592 2296 προσμένω,
2626 2230 2719 2280 καὶ
2744 2231 2771 2281 ὁ
2801 2229 2888 2291 σδς
2915 2229 3039 2291 λαὸς
3072 2232 3166 2281 σὺν
3200 2230 3322 2298 ἐμοὶ
3358 2228 3780 2299 πολεμούμενος.
3811 2226 3831 2299 ]

2386 2323 2489 2387 Εἰς
2521 2323 2585 2374 τὸ
2616 2322 2787 2389 τέλος
2823 2326 3128 2377 ΨΛΛΜΟΣ
3154 2323 3312 2391 ᾠδῆς
3336 2322 3413 2389 τῷ
3442 2323 3636 2377 Δαυΐδ.
3672 2327 3747 2377 Δθ.

2839 2414 2950 2485 (l5)
2968 2416 3291 2481 'Txddsatq.

2282 2571 2481 2626 Τοῦτον
2536 2574 2627 2627 τὸν
2677 2573 2890 2644 ψαλμὸν
2945 2576 3082 2645 μετὰ
3144 2576 3203 2628 τὸ
3235 2578 3449 2646 νικῆσαι
3498 2578 3584 2629 τὸν
3624 2575 3861 2647 πόλεμον

2719 2664 3000 2733 ἀνατίθησι
3032 2664 3107 2733 τῷ
3138 2665 3391 2734 νικοποιῷ

2352 2752 2528 2823 [Ἀντὶ
2571 2752 2686 2821 τοῦ,
2732 2756 2818 2819 εις
2842 2754 2905 2807 τὸ
2932 2755 3127 2821 τέλος,
3162 2758 3191 2808 ὁ
3234 2755 3459 2819 ’Λκύλας
3492 2759 3583 2811 καὶ
3622 2758 3651 2809 ὁ
3674 2757 3863 2811 Θεοδο-

2280 2842 2429 2908 τῖων,
2459 2842 2538 2909 τῷ
2585 2844 2889 2912 νικοποιῷ,
2936 2848 3321 2917 ἠρμήνευσαν*
3369 2851 3397 2903 ὁ
3439 2849 3494 2903 δὲ
3540 2849 3858 2921 Σύμμαχος,

2294 2932 2667 3007 Ἐπινίκιον.]

2366 3028 2462 3079 Ἐν
2493 3026 2572 3092 τῷ
2586 3027 3005 3085 ἐπικαλεῖσθαί
3025 3048 3101 3098 με
3124 3031 3453 3100 εἰσήκουσέ
3491 3049 3611 3101 μου
3644 3034 3678 3086 d
3716 3033 3864 3097 Θεὸς

2283 3117 2392 3184 τῆς
2417 3117 2809 3185 δικαιοσύνης
2824 3138 2962 3187 μου.
2993 3121 3220 3189 Ὅμοιον
3243 3123 3339 3190 τῷ,
3375 3122 3495 3173 Ἔτι
3523 3120 3867 3185 λαλοῦντός

621 3229 735 3266 sum
759 3214 823 3265 ".
863 3211 927 3267 In
964 3215 1303 3270 tribulatione
1323 3188 1566 3271 dilatasti
1596 3220 1745 3271 mihi.
1782 3218 1897 3273 Non
1928 3218 2087 3272 modo
2116 3218 2183 3271 ab
2210 3206 2212 3229 ¹

2285 3224 2421 3275 σου,
2445 3208 2597 3277 ἐρεῒο
2656 3209 2798 3263 Ἰδοὺ
2832 3188 3087 3279 πάρειμι.
3143 3212 3243 3265 Ἔν
3278 3188 3478 3279 θλίψει
3513 3211 3864 3279 ἐπλάτυνάς

622 3303 988 3361 incidentibus
1020 3307 1282 3361 aerutnnis
1328 3306 1591 3373 liberasti,
1625 3308 1717 3363 sed
1766 3308 1928 3361 etiam
1966 3308 2019 3360 in
2072 3323 2185 3361 ma-

622 3409 783 3464 gnam
823 3394 1165 3450 latitudinem
1208 3405 1261 3449 et
1309 3396 1613 3452 libertatem
1670 3398 1947 3471 posuisti.]
1979 3400 2105 3453 Siba
2133 3410 2186 3454 et

622 3483 807 3537 Berzel
836 3485 1092 3539 alimenta
1126 3487 1292 3539 multa
1317 3497 1371 3541 et
1394 3496 1597 3556 tapetes
1628 3487 1817 3542 Davidi
1847 3489 2181 3551 obtulerunt,

622 3573 842 3643 quando
880 3572 1093 3641 fugiens
1124 3572 1475 3639 Ahsalonem,
1511 3576 1565 3628 in
1596 3576 1823 3629 desertis
1859 3576 1992 3630 locis
2024 3585 2183 3645 atque

624 3662 678 3716 in
708 3663 984 3718 montibus
1010 3663 1348 3727 versabatur,
1399 3664 1556 3734 quasi
1614 3673 1723 3720 tres
1770 3666 1923 3735 pueri
1972 3667 2026 3719 in
2074 3665 2185 3720 for-

624 3771 778 3821 nace,
816 3765 872 3811 et
904 3754 1092 3810 Daniel
1128 3772 1251 3810 cum
1302 3756 1573 3813 leonibus.
1604 3756 1833 3824 Quando
1882 3758 2185 3813 tribulatio-

626 3862 756 3900 num
809 3854 863 3900 et
916 3847 1275 3901 tentationum
1328 3850 1590 3902 rationem
1649 3848 2001 3917 intelligimus
2060 3858 2189 3905 tunc

624 3938 860 3992 maxime
890 3938 1200 3992 dilatamur.
1229 3939 1349 3992 Alio
1395 3939 1521 3993 item
1556 3949 1711 4008 pacto
1746 3950 1923 4009 potest
1963 3941 2188 3995 latitudo

626 4027 906 4097 explicari.
930 4026 951 4099 ]
982 4026 1229 4081 Miserere
1252 4028 1373 4091 mei,
1400 4036 1448 4081 et
1470 4028 1662 4080 exaudi
1685 4030 1972 4081 orationem
1996 4045 2184 4083 nteant.

626 4119 893 4187 Quoniam
929 4119 1143 4173 dixerat
1178 4135 1236 4175 se
1264 4129 1481 4188 propter
1516 4119 1780 4189 justitiam
1814 4136 1968 4175 suam
2018 4137 2186 4176 exau-

626 4212 824 4277 ditum,
854 4219 1139 4281 propterea
1176 4209 1419 4281 confugit
1450 4210 1517 4265 ad
1547 4208 1642 4264 Dei
1681 4210 2133 4266 misericordiam.

698 4391 751 4445 ὃ.
788 4387 917 4443 Filii
943 4389 1236 4451 hominum,
1268 4402 1529 4457 usquequo
1552 4386 1697 4455 gravi
1730 4386 1904 4442 corde.
1948 4386 2073 4442 Haec
2124 4388 2187 4444 iis

628 4480 772 4536 dicta
822 4490 972 4545 sunt,
1005 4480 1097 4548 qui
1153 4479 1332 4549 magni
1380 4479 1651 4533 exercitus
1680 4492 1817 4547 ope,
1845 4479 2052 4548 justum
2086 4494 2185 4548 op-

628 4570 788 4640 primi
816 4584 977 4640 posse
1004 4568 1364 4624 conlidebant.
1402 4567 1527 4623 Haec
1565 4576 1743 4622 autem
1793 4583 1940 4640 spes,
1992 4571 2185 4640 inquit,
2212 4550 2263 4608 D

626 4670 683 4717 et.
705 4676 843 4715 vana
882 4670 936 4714 et
970 4660 1199 4713 mendax
1227 4671 1332 4717 est.

700 4750 754 4805 ι.
789 4747 856 4803 Et
894 4750 1078 4802 scitote
1119 4752 1370 4819 quoniam
1414 4753 1714 4823 miriﬁcavit
1764 4751 2017 4806 Dominus
2067 4767 2190 4804 san-

630 4854 775 4901 ctum
807 4858 979 4896 suum.
1013 4841 1127 4897 Hoc
1174 4852 1279 4906 est,
1328 4845 1541 4911 scitote,
1592 4847 1685 4915 qui
1740 4847 1793 4901 in
1845 4846 2190 4902 multitudine

631 4934 929 4999 conﬁditis,
960 4936 1103 5003 quod
1137 4934 1280 4989 Deus
1321 4937 1692 4992 admirabilem
1740 4938 2043 4993 exhibuerit
2066 4954 2189 4994 eum

632 5027 727 5096 qui
754 5026 976 5081 conlidit
1012 5026 1066 5081 in
1096 5027 1235 5096 ipso.
1264 5026 1523 5085 Dominus
1549 5032 1793 5085 exaudiet
1824 5047 1903 5083 me
1942 5047 2058 5083 cum
2081 5030 2193 5084 cla-

634 5132 859 5171 mavero.
897 5115 1133 5186 Tempus
1175 5132 1280 5186 pro
1311 5127 1555 5188 tempore
1606 5120 1713 5175 alio
1756 5122 2029 5177 sumitur:
2066 5135 2191 5174 nam

630 5223 750 5279 pro,
781 5207 1076 5274 exaudivit,
1106 5208 1262 5272 dixit,
1296 5209 1569 5264 exaudiet.
1774 5276 1777 5285 ν

700 5298 756 5355 5.
811 5295 1117 5350 Irascimini
1156 5308 1207 5351 et
1256 5300 1416 5353 nolite
1455 5317 1687 5368 peccare.
1742 5302 1872 5367 Qua:
1911 5303 2091 5357 dicitis
2137 5302 2193 5357 in

632 5389 875 5444 cordibus
922 5391 1105 5443 vestris
1154 5392 1208 5443 in
1242 5391 1501 5446 cubilibus
1544 5395 1727 5448 vestris
1766 5395 2193 5464 compungimini.

631 5478 799 5547 Quasi
833 5480 948 5536 suis
977 5482 1123 5537 istaec
1142 5482 1403 5553 loquitur,
1437 5495 1496 5538 ut
1516 5494 1571 5539 et
1591 5487 1843 5542 omnibus
1862 5486 2191 5541 hominibus.

700 5658 746 5690 ’ν
770 5658 944 5714 Galat.
976 5678 1029 5729 ν,
1067 5662 1151 5717 19.
1227 5665 1270 5696 ⁸³
1308 5662 1449 5718 Psal.
1485 5681 1613 5731 ινιι,
1650 5666 1700 5719 7.
1782 5668 1824 5699 ⁶⁹
1865 5667 1963 5724 lsa.
2000 5680 2149 5733 Lvltt,
2190 5667 2241 5723 9.

703 5752 814 5823 (15)
846 5754 1235 5824 Argumentum
1275 5760 1465 5815 incerti
1503 5762 1759 5816 auctoris.

2281 3318 2402 3369 μοι.
2456 3302 2531 3353 Οὐ
2568 3300 2746 3371 μόνον,
2799 3301 2953 3372 φησὶ,
2999 3300 3108 3354 τῶν
3141 3301 3512 3375 περιστάσεων
3567 3300 3862 3373 ἐξήγαγες,

2285 3390 2418 3445 ἀλλὰ
2436 3392 2527 3445 καὶ
2550 3393 2627 3455 είς
2644 3392 2980 3463 εὐρυχωρίαν
2997 3392 3195 3462 πολλὴν
3216 3394 3405 3463 στῆναι
3424 3392 3861 3464 παρεσκεύασας.

2287 3482 2482 3553 [Σιϐὰς
2507 3485 2597 3535 καὶ
2621 3484 2685 3535 Bs
2698 3484 2821 3553 ρζὲλ
2850 3485 3054 3553 τροφὰς
3079 3483 3278 3547 πολλὰς
3304 3483 3398 3536 καὶ
3422 3483 3670 3553 τάπητας
3692 3498 3865 3552 προσ-

2285 3574 2490 3643 ήγαγον
2519 3574 2596 3644 τῷ
2628 3575 2811 3639 Δαυῒδ,
2840 3577 2927 3629 ὅτε
2955 3577 3039 3647 δὴ,
3072 3575 3256 3644 φυγὼν
3288 3574 3863 3646 τὸν⁹Δ6εσσαλὼμ,διο

2287 3662 2497 3734 ἑτριϐεν
2521 3667 2577 3718 ὲν
2602 3669 2712 3730 τοῖς
2738 3668 2966 3737 ἐρήμοις
2985 3666 3075 3719 καὶ
3098 3667 3155 3719 ὲν
3171 3668 3280 3728 τοῖς
3302 3667 3502 3738 ερεσιν,
3526 3665 3711 3739 ὥσπερ
3736 3667 3865 3730 τοὺς

2285 3759 2433 3827 τρεῖς
2466 3758 2660 3821 παῖδας
2690 3761 2747 3811 ὲν
2778 3761 2843 3829 τῇ
2877 3758 3112 3833 καμίνῳ,
3143 3758 3236 3810 καὶ
3256 3758 3453 3827 Δανιὴλ
3480 3759 3537 3811 ὲν
3562 3761 3675 3820 τοῖς
3710 3757 3867 3811 λέον-

2289 3862 2391 3898 σιν.
2422 3847 2590 3901 Ὅταν
2619 3848 2850 3916 θλίψεων
2883 3849 3103 3901 καὶτῶν
3146 3848 3470 3919 πειρασμῶν
3506 3848 3632 3910 τοὺς
3668 3846 3863 3915 λόγους

2287 3938 2752 4008 ὲπιγινὼσκωμεν,
2774 3939 2892 3991 τότε
2930 3940 3159 4009 μάλιστα
3189 3937 3583 4009 πλατυνόμεθα.
3625 3938 3778 3990 Ἐστι
3805 3938 3864 3990 δὲ

2288 4028 2379 4079 καὶ
2405 4028 2607 4099 ἑτέρως
2662 4030 3004 4101 εὐρυχωρίαν
3056 4028 3277 4101 είπεῖν.]
3330 4028 3718 4095 Οίκτείρησόν
3761 4042 3861 4095 με,

2288 4120 2387 4173 καὶ
2420 4119 2791 4175 εἰσάκουσον
2828 4121 2934 4189 τῆς
2963 4121 3311 4193 προσευχῆς
3330 4138 3470 4189 μου.
3519 4118 3732 4189 Ἐπειδὴ
3772 4119 3865 4183 ἐξ·

2288 4210 2549 4283 ηκούσθη,
2574 4212 2677 4283 ἔφη
2695 4255 2709 4277 ,
2739 4215 2802 4267 ὲκ
2831 4214 2931 4283 τῆς
2960 4214 3303 4284 δικαιοσύνης
3341 4210 3528 4273 αὑτοῦ,
3551 4209 3741 4263 τούτου
3765 4212 3866 4281 χά-

2291 4322 2374 4378 ριν
2400 4304 2491 4357 ent
2520 4305 2644 4367 τοὺς
2670 4308 2987 4375 οἱκτιρμοὺς
3016 4306 3299 4377 ἀνατρέχει
3324 4303 3417 4357 τοῦ
3446 4300 3601 4355 Θεοῦ.

2367 4393 2485 4447 Υίοί
2516 4393 2858 4462 ἀνθρώπων,
2896 4397 3006 4462 ἓως
3029 4399 3171 4451 πότε
3217 4392 3629 4463 βαρυκὰρδιοι.
3675 4392 3864 4447 Ταῦτα

2288 4483 2363 4546 ὡς
2396 4483 2544 4555 πρὸς·
2566 4484 2694 4546 τοὺς
2734 4486 3129 4549 πιστεύσαντας
3155 4485 3231 4555 τῷ
3259 4482 3451 4554 πλήθει
3492 4481 3584 4534 τοῦ
3632 4481 3863 4553 στρατοῦ

2294 4575 2433 4628 ἑλεῖν
2463 4576 2553 4627 τὸν
2574 4574 2798 4629 δίκαιον.
2827 4577 2971 4648 Αὕτη
3000 4576 3055 4630 δὲ
3078 4580 3111 4647 ὴ
3142 4577 3316 4639 ἐλπὶς,
3348 4573 3503 4644 φησὶ,
3536 4573 3737 4643 ματαία
3769 4575 3865 4628 καὶ

2293 4667 2496 4737 ψευδής
2523 4669 2689 4720 ἐστιν.

2364 4760 2471 4813 Καὶ
2512 4756 2719 4828 γνῶτε,
2752 4756 2841 4810 ὅτι
2866 4754 3295 4825 ﬁliavdeth
3321 4756 3535 4825 Κύριος
3553 4755 3657 4809 τὸν
3688 4754 3865 4809 ὅσιον

2295 4847 2500 4903 αὑτοῦ.
2545 4849 2689 4901 Ἀντὶ
2721 4845 2815 4900 τοῦ
2840 4887 2855 4907 ,
2892 4846 3067 4898 Γνῶτε
3107 4845 3391 4915 τοιγαροῦν
3414 4886 3429 4910 ,
3464 4848 3511 4898 οἱ
3546 4845 3862 4912 πεποιθότες

2294 4940 2387 4992 ἐπὶ
2434 4938 2644 5009 πλήθει,
2676 4936 2751 5000 ὡς
2795 4936 3106 5006 Θαυμαστὸν
3157 4936 3406 5002 ἀπέδειξε
3438 4935 3527 4987 τὸν
3568 4934 3862 4989 πεποιθότα

2294 5033 2379 5084 ἐπ’
2411 5030 2577 5101 αὐτῷ.
2611 5031 2825 5099 Κύριος
2862 5029 3285 5083 εισακούσεταὶ
3303 5046 3421 5097 μου
3446 5028 3514 5081 ἐν
3539 5024 3615 5093 τῷ
3652 5044 3861 5095 accupa-

2295 5124 2458 5192 τέναι
2484 5140 2579 5193 με.
2611 5123 2813 5193 Χρόνος
2860 5122 2981 5175 ἀντὶ
3026 5122 3218 5191 χρόνου
3250 5120 3497 5191 εἴληπται
3522 5136 3537 5150 ⁸
3592 5120 3714 5174 ἀντὶ
3744 5120 3857 5182 τοῦ,

2295 5216 2600 5285 είσήκουσε,
2627 5214 2734 5285 γὰρ
2760 5213 2863 5283 ἔφη
2893 5213 2972 5275 τὸ,
3003 5212 3399 5273 είσακούσεται,
3433 5213 3583 5282 ῥῆμα

2375 5306 2701 5376 Ὀργίζεσθε
2731 5306 2827 5359 καὶ
2869 5306 2954 5374 μὴ
3000 5302 3379 5373 ἁμαρτάνετε.
3428 5306 3495 5359 "A
3541 5304 3744 5374 λέγετε
3790 5301 3860 5354 ἐν

2294 5401 2422 5465 ταῖς
2453 5399 2721 5467 καρδίαις
2752 5395 2937 5466 ὑμῶν,
2963 5396 3060 5450 ἐπὶ
3089 5394 3221 5461 ταῖς
3252 5396 3476 5463 κοίταις
3500 5394 3663 5464 ὑμῶν
3689 5409 3861 5446 scata-

2294 5492 2534 5560 νύγητε.
2578 5490 2662 5552 Ὠς
2694 5489 2827 5560 πρὸς
2858 5486 2983 5550 τοὺς
3030 5486 3188 5550 ἰδίους
3237 5486 3399 5540 αὐτοῦ
3442 5486 3615 5539 ταῦτά
3658 5500 3857 5555 φησιν,
