  <div class='ocr_page' id='page_1' title='image "/cluster/home/n/w/nwhite01/storage/ocr_20150623/27/ien.35556001660521/048.png"; bbox 0 0 4032 6424; ppageno 0'>
   <div class='ocr_carea' id='block_1_1' title="bbox 164 347 3406 408">
    <p class='ocr_par' dir='ltr' id='par_1_1' title="bbox 164 347 3406 408">
     <span class='ocr_line' id='line_1_1' title="bbox 164 347 3406 408; baseline 0 -1"><span class='ocrx_word' id='word_1_1' title='bbox 164 356 231 408; x_wconf 79' lang='lat'><strong>&#39;13</strong></span> <span class='ocrx_word' id='word_1_2' title='bbox 1311 350 1675 406; x_wconf 80' lang='lat' dir='ltr'><strong>EXPOSITIO</strong></span> <span class='ocrx_word' id='word_1_3' title='bbox 1715 348 1778 403; x_wconf 84' lang='lat' dir='ltr'><strong>IN</strong></span> <span class='ocrx_word' id='word_1_4' title='bbox 1818 347 2144 404; x_wconf 74' lang='lat' dir='ltr'><strong>PSALMUM</strong></span> <span class='ocrx_word' id='word_1_5' title='bbox 2190 349 2250 406; x_wconf 73' lang='grc' dir='ltr'>ν.</span> <span class='ocrx_word' id='word_1_6' title='bbox 3336 352 3406 408; x_wconf 68' lang='grc'><strong>74</strong></span> 
     </span>
    </p>
   </div>
   <div class='ocr_carea' id='block_1_2' title="bbox 166 462 1752 540">
    <p class='ocr_par' dir='ltr' id='par_1_2' title="bbox 166 466 1735 540">
     <span class='ocr_line' id='line_1_2' title="bbox 166 466 1735 540; baseline -0.002 -19"><span class='ocrx_word' id='word_1_7' title='bbox 166 469 239 533; x_wconf 84' lang='grc' dir='ltr'>ὡς</span> <span class='ocrx_word' id='word_1_8' title='bbox 274 466 414 539; x_wconf 70' lang='grc' dir='ltr'>πρὸς</span> <span class='ocrx_word' id='word_1_9' title='bbox 456 467 662 531; x_wconf 78' lang='grc' dir='ltr'><strong>πάντας</strong></span> <span class='ocrx_word' id='word_1_10' title='bbox 700 467 1035 540; x_wconf 82' lang='grc' dir='ltr'>ἀνθρώπους.</span> <span class='ocrx_word' id='word_1_11' title='bbox 1081 469 1143 521; x_wconf 82' lang='grc' dir='ltr'><strong>Εἰ</strong></span> <span class='ocrx_word' id='word_1_12' title='bbox 1174 469 1265 521; x_wconf 71' lang='grc' dir='ltr'><strong>καὶ</strong></span> <span class='ocrx_word' id='word_1_13' title='bbox 1291 468 1535 538; x_wconf 77' lang='grc' dir='ltr'><strong>δέξησθε,</strong></span> <span class='ocrx_word' id='word_1_14' title='bbox 1582 466 1735 539; x_wconf 67' lang='grc' dir='ltr'>φησὶ,</span> 
     </span>
    </p>
   </div>
   <div class='ocr_carea' id='block_1_3' title="bbox 1852 462 3403 540">
    <p class='ocr_par' dir='ltr' id='par_1_3' title="bbox 1852 462 3403 532">
     <span class='ocr_line' id='line_1_3' title="bbox 1852 462 3403 532; baseline 0 -14"><span class='ocrx_word' id='word_1_15' title='bbox 1852 464 2090 530; x_wconf 83' lang='lat' dir='ltr'><strong>Etiamsi,</strong></span> <span class='ocrx_word' id='word_1_16' title='bbox 2125 463 2470 532; x_wconf 86' lang='lat' dir='ltr'><strong>inquit,iram</strong></span> <span class='ocrx_word' id='word_1_17' title='bbox 2498 462 2818 526; x_wconf 88' lang='lat' dir='ltr'><strong>admittatis,</strong></span> <span class='ocrx_word' id='word_1_18' title='bbox 2843 463 2937 518; x_wconf 85' lang='lat' dir='ltr'><strong>sed</strong></span> <span class='ocrx_word' id='word_1_19' title='bbox 2969 478 3036 517; x_wconf 88' lang='lat' dir='ltr'><strong>ne</strong></span> <span class='ocrx_word' id='word_1_20' title='bbox 3064 462 3258 522; x_wconf 75' lang='lat' dir='ltr'><strong>sinatis</strong></span> <span class='ocrx_word' id='word_1_21' title='bbox 3283 480 3403 520; x_wconf 82' lang='lat' dir='ltr'><strong>eam</strong></span> 
     </span>
    </p>
   </div>
   <div class='ocr_carea' id='block_1_4' title="bbox 163 555 1752 631">
    <p class='ocr_par' dir='ltr' id='par_1_4' title="bbox 163 557 1732 631">
     <span class='ocr_line' id='line_1_4' title="bbox 163 557 1732 631; baseline 0.001 -21"><span class='ocrx_word' id='word_1_22' title='bbox 163 558 259 630; x_wconf 79' lang='grc' dir='ltr'>τὴν</span> <span class='ocrx_word' id='word_1_23' title='bbox 303 558 491 629; x_wconf 81' lang='grc' dir='ltr'>ὀργὴν,</span> <span class='ocrx_word' id='word_1_24' title='bbox 520 560 632 613; x_wconf 82' lang='grc' dir='ltr'>ἀλλ’</span> <span class='ocrx_word' id='word_1_25' title='bbox 664 560 939 631; x_wconf 79' lang='grc' dir='ltr'>ἄπρακτον</span> <span class='ocrx_word' id='word_1_26' title='bbox 992 561 1307 631; x_wconf 74' lang='grc' dir='ltr'><strong>ἀπεφήνατε</strong></span> <span class='ocrx_word' id='word_1_27' title='bbox 1334 562 1399 630; x_wconf 84' lang='grc' dir='ltr'>τῇ</span> <span class='ocrx_word' id='word_1_28' title='bbox 1440 561 1499 614; x_wconf 81' lang='grc' dir='ltr'>ὲν</span> <span class='ocrx_word' id='word_1_29' title='bbox 1532 557 1732 631; x_wconf 72' lang='grc' dir='ltr'>ἡσυχία</span> 
     </span>
    </p>
   </div>
   <div class='ocr_carea' id='block_1_5' title="bbox 1852 555 3408 631">
    <p class='ocr_par' dir='ltr' id='par_1_5' title="bbox 1852 555 3408 625">
     <span class='ocr_line' id='line_1_5' title="bbox 1852 555 3408 625; baseline 0 -15"><span class='ocrx_word' id='word_1_30' title='bbox 1852 558 1893 610; x_wconf 79' lang='lat' dir='ltr'><strong>in</strong></span> <span class='ocrx_word' id='word_1_31' title='bbox 1916 564 2095 610; x_wconf 90' lang='lat' dir='ltr'><strong>actum</strong></span> <span class='ocrx_word' id='word_1_32' title='bbox 2119 570 2492 625; x_wconf 83' lang='lat' dir='ltr'><strong>prorumpere,</strong></span> <span class='ocrx_word' id='word_1_33' title='bbox 2526 555 2580 609; x_wconf 92' lang='lat' dir='ltr'><strong>in</strong></span> <span class='ocrx_word' id='word_1_34' title='bbox 2612 556 2796 624; x_wconf 82' lang='lat' dir='ltr'><strong>quiete</strong></span> <span class='ocrx_word' id='word_1_35' title='bbox 2822 556 3258 625; x_wconf 88' lang='lat' dir='ltr'><strong>compunctionis</strong></span> <span class='ocrx_word' id='word_1_36' title='bbox 3286 571 3408 611; x_wconf 92' lang='lat' dir='ltr'><strong>eam</strong></span> 
     </span>
    </p>
   </div>
   <div class='ocr_carea' id='block_1_6' title="bbox 162 647 1752 720">
    <p class='ocr_par' dir='ltr' id='par_1_6' title="bbox 162 648 1731 720">
     <span class='ocr_line' id='line_1_6' title="bbox 162 648 1731 720; baseline -0.001 -19"><span class='ocrx_word' id='word_1_37' title='bbox 162 652 463 720; x_wconf 76' lang='grc' dir='ltr'>κατανυγῇ.</span> <span class='ocrx_word' id='word_1_38' title='bbox 522 648 691 702; x_wconf 85' lang='grc' dir='ltr'>Τοῦτο</span> <span class='ocrx_word' id='word_1_39' title='bbox 745 649 854 720; x_wconf 81' lang='grc' dir='ltr'><strong>γάρ</strong></span> <span class='ocrx_word' id='word_1_40' title='bbox 898 651 1013 702; x_wconf 75' lang='grc' dir='ltr'>ἐστι</span> <span class='ocrx_word' id='word_1_41' title='bbox 1058 651 1138 713; x_wconf 85' lang='grc' dir='ltr'><strong>τὸ,</strong></span> <span class='ocrx_word' id='word_1_42' title='bbox 1188 651 1289 703; x_wconf 86' lang='grc' dir='ltr'>Ἐν</span> <span class='ocrx_word' id='word_1_43' title='bbox 1336 648 1464 714; x_wconf 83' lang='grc' dir='ltr'>ταῖς</span> <span class='ocrx_word' id='word_1_44' title='bbox 1509 650 1731 713; x_wconf 75' lang='grc' dir='ltr'><strong>κοίταις</strong></span> 
     </span>
    </p>
   </div>
   <div class='ocr_carea' id='block_1_7' title="bbox 1852 647 3410 720">
    <p class='ocr_par' dir='ltr' id='par_1_7' title="bbox 1852 647 3410 718">
     <span class='ocr_line' id='line_1_7' title="bbox 1852 647 3410 718; baseline 0 -15"><span class='ocrx_word' id='word_1_45' title='bbox 1852 649 2200 704; x_wconf 80' lang='lat' dir='ltr'><strong>:ontinentes.</strong></span> <span class='ocrx_word' id='word_1_46' title='bbox 2233 649 2365 703; x_wconf 89' lang='lat' dir='ltr'><strong>Illud</strong></span> <span class='ocrx_word' id='word_1_47' title='bbox 2401 650 2545 703; x_wconf 90' lang='lat' dir='ltr'><strong>enim</strong></span> <span class='ocrx_word' id='word_1_48' title='bbox 2575 658 2658 703; x_wconf 86' lang='lat' dir='ltr'><strong>est</strong></span> <span class='ocrx_word' id='word_1_49' title='bbox 2703 649 2847 718; x_wconf 87' lang='lat' dir='ltr'><strong>quod</strong></span> <span class='ocrx_word' id='word_1_50' title='bbox 2896 649 3132 703; x_wconf 86' lang='lat' dir='ltr'><strong>dicitur:</strong></span> <span class='ocrx_word' id='word_1_51' title='bbox 3172 647 3236 702; x_wconf 82' lang='lat' dir='ltr'><strong>In</strong></span> <span class='ocrx_word' id='word_1_52' title='bbox 3262 647 3410 703; x_wconf 79' lang='lat' dir='ltr'><strong>cubi-</strong></span> 
     </span>
    </p>
   </div>
   <div class='ocr_carea' id='block_1_8' title="bbox 160 738 1752 812">
    <p class='ocr_par' dir='ltr' id='par_1_8' title="bbox 160 738 747 809">
     <span class='ocr_line' id='line_1_8' title="bbox 160 738 747 809; baseline -0.003 -15"><span class='ocrx_word' id='word_1_53' title='bbox 160 738 328 809; x_wconf 85' lang='grc' dir='ltr'><strong>ὐμῶν</strong></span> <span class='ocrx_word' id='word_1_54' title='bbox 356 741 747 809; x_wconf 78' lang='grc' dir='ltr'>κατανύγητε.</span> 
     </span>
    </p>
   </div>
   <div class='ocr_carea' id='block_1_9' title="bbox 1852 738 2649 812">
    <p class='ocr_par' dir='ltr' id='par_1_9' title="bbox 1852 741 2649 812">
     <span class='ocr_line' id='line_1_9' title="bbox 1852 741 2649 812; baseline 0.005 -20"><span class='ocrx_word' id='word_1_55' title='bbox 1852 741 1972 794; x_wconf 78' lang='grc' dir='ltr'><strong>’ἰὸω</strong></span> <span class='ocrx_word' id='word_1_56' title='bbox 2007 741 2188 795; x_wconf 77' lang='lat' dir='ltr'><strong>vestris</strong></span> <span class='ocrx_word' id='word_1_57' title='bbox 2218 743 2649 812; x_wconf 86' lang='lat' dir='ltr'><strong>compungimini.</strong></span> 
     </span>
    </p>
   </div>
   <div class='ocr_carea' id='block_1_10' title="bbox 237 826 3405 901">
    <p class='ocr_par' dir='ltr' id='par_1_10' title="bbox 237 826 3405 901">
     <span class='ocr_line' id='line_1_10' title="bbox 237 826 3405 901; baseline 0.001 -17"><span class='ocrx_word' id='word_1_58' title='bbox 237 831 429 885; x_wconf 80' lang='lat' dir='ltr'><strong>Daniet</strong></span> <span class='ocrx_word' id='word_1_59' title='bbox 469 830 775 884; x_wconf 84' lang='lat' dir='ltr'><strong>Barbarus:</strong></span> <span class='ocrx_word' id='word_1_60' title='bbox 805 829 937 896; x_wconf 64' lang='lat' dir='ltr'><strong>Quae</strong></span> <span class='ocrx_word' id='word_1_61' title='bbox 978 830 1157 882; x_wconf 80' lang='lat' dir='ltr'><strong>dicitis</strong></span> <span class='ocrx_word' id='word_1_62' title='bbox 1193 829 1247 881; x_wconf 91' lang='lat' dir='ltr'><strong>in</strong></span> <span class='ocrx_word' id='word_1_63' title='bbox 1292 827 1535 883; x_wconf 78' lang='lat' dir='ltr'><strong>cordibus</strong></span> <span class='ocrx_word' id='word_1_64' title='bbox 1583 828 1784 881; x_wconf 85' lang='lat' dir='ltr'><strong>vestris.</strong></span> <span class='ocrx_word' id='word_1_65' title='bbox 1828 826 2073 884; x_wconf 89' lang='lat' dir='ltr'><strong>lnternas</strong></span> <span class='ocrx_word' id='word_1_66' title='bbox 2100 830 2457 901; x_wconf 79' lang='lat' dir='ltr'><strong>cogitationes</strong></span> <span class='ocrx_word' id='word_1_67' title='bbox 2480 840 2689 887; x_wconf 82' lang='lat' dir='ltr'><strong>vestras</strong></span> <span class='ocrx_word' id='word_1_68' title='bbox 2726 834 2779 886; x_wconf 91' lang='lat' dir='ltr'><strong>in</strong></span> <span class='ocrx_word' id='word_1_69' title='bbox 2810 841 2966 886; x_wconf 92' lang='lat' dir='ltr'><strong>nocte</strong></span> <span class='ocrx_word' id='word_1_70' title='bbox 2992 834 3405 891; x_wconf 90' lang='lat' dir='ltr'><strong>condemnetis:</strong></span> 
     </span>
    </p>
   </div>
   <div class='ocr_carea' id='block_1_11' title="bbox 161 922 3413 999">
    <p class='ocr_par' dir='ltr' id='par_1_11' title="bbox 161 922 3413 999">
     <span class='ocr_line' id='line_1_11' title="bbox 161 922 3413 999; baseline 0.001 -19"><span class='ocrx_word' id='word_1_71' title='bbox 161 933 245 980; x_wconf 90' lang='lat' dir='ltr'><strong>est</strong></span> <span class='ocrx_word' id='word_1_72' title='bbox 281 926 426 978; x_wconf 87' lang='lat' dir='ltr'><strong>enim</strong></span> <span class='ocrx_word' id='word_1_73' title='bbox 458 925 804 994; x_wconf 87' lang='lat' dir='ltr'><strong>compunctio</strong></span> <span class='ocrx_word' id='word_1_74' title='bbox 840 938 1035 979; x_wconf 80' lang='lat' dir='ltr'><strong>sensus</strong></span> <span class='ocrx_word' id='word_1_75' title='bbox 1062 924 1281 992; x_wconf 88' lang='lat' dir='ltr'><strong>quidam</strong></span> <span class='ocrx_word' id='word_1_76' title='bbox 1310 932 1566 992; x_wconf 88' lang='lat' dir='ltr'><strong>tanquam</strong></span> <span class='ocrx_word' id='word_1_77' title='bbox 1603 922 1797 976; x_wconf 71' lang='lat' dir='ltr'><strong>animze</strong></span> <span class='ocrx_word' id='word_1_78' title='bbox 1830 922 2109 991; x_wconf 85' lang='lat' dir='ltr'><strong>stimulus,</strong></span> <span class='ocrx_word' id='word_1_79' title='bbox 2155 933 2210 979; x_wconf 90' lang='lat' dir='ltr'><strong>et</strong></span> <span class='ocrx_word' id='word_1_80' title='bbox 2236 925 2499 979; x_wconf 88' lang='lat' dir='ltr'><strong>aculeus:</strong></span> <span class='ocrx_word' id='word_1_81' title='bbox 2536 924 2590 978; x_wconf 89' lang='lat' dir='ltr'><strong>in</strong></span> <span class='ocrx_word' id='word_1_82' title='bbox 2626 934 2784 981; x_wconf 91' lang='lat' dir='ltr'><strong>nocte</strong></span> <span class='ocrx_word' id='word_1_83' title='bbox 2815 936 2991 981; x_wconf 90' lang='lat' dir='ltr'><strong>autem</strong></span> <span class='ocrx_word' id='word_1_84' title='bbox 3026 929 3256 983; x_wconf 87' lang='lat' dir='ltr'><strong>consilia</strong></span> <span class='ocrx_word' id='word_1_85' title='bbox 3282 945 3413 999; x_wconf 90' lang='lat' dir='ltr'><strong>pur-</strong></span> 
     </span>
    </p>
   </div>
   <div class='ocr_carea' id='block_1_12' title="bbox 164 1021 551 1092">
    <p class='ocr_par' dir='ltr' id='par_1_12' title="bbox 164 1021 551 1092">
     <span class='ocr_line' id='line_1_12' title="bbox 164 1021 551 1092; baseline -0.005 -17"><span class='ocrx_word' id='word_1_86' title='bbox 164 1021 375 1092; x_wconf 74' lang='lat' dir='ltr'><strong>gatiora</strong></span> <span class='ocrx_word' id='word_1_87' title='bbox 403 1029 551 1074; x_wconf 91' lang='lat' dir='ltr'><strong>sunt.</strong></span> 
     </span>
    </p>
   </div>
   <div class='ocr_carea' id='block_1_13' title="bbox 234 1108 1752 1183">
    <p class='ocr_par' dir='ltr' id='par_1_13' title="bbox 234 1112 1731 1183">
     <span class='ocr_line' id='line_1_13' title="bbox 234 1112 1731 1183; baseline -0.003 -13"><span class='ocrx_word' id='word_1_88' title='bbox 234 1117 470 1170; x_wconf 81' lang='grc' dir='ltr'>Θύσατε</span> <span class='ocrx_word' id='word_1_89' title='bbox 500 1116 723 1171; x_wconf 79' lang='grc' dir='ltr'><strong>θυσίαν</strong></span> <span class='ocrx_word' id='word_1_90' title='bbox 749 1115 1161 1183; x_wconf 83' lang='grc' dir='ltr'><strong>δικαιοσύνης,</strong></span> <span class='ocrx_word' id='word_1_91' title='bbox 1194 1114 1291 1167; x_wconf 80' lang='grc' dir='ltr'><strong>καί</strong></span> <span class='ocrx_word' id='word_1_92' title='bbox 1314 1114 1603 1167; x_wconf 77' lang='grc' dir='ltr'><strong>ἐλπίσατε</strong></span> <span class='ocrx_word' id='word_1_93' title='bbox 1632 1112 1731 1167; x_wconf 77' lang='grc' dir='ltr'><strong>ἐπὶ</strong></span> 
     </span>
    </p>
   </div>
   <div class='ocr_carea' id='block_1_14' title="bbox 1852 1108 3408 1183">
    <p class='ocr_par' dir='ltr' id='par_1_14' title="bbox 1905 1108 3408 1180">
     <span class='ocr_line' id='line_1_14' title="bbox 1905 1108 3408 1180; baseline -0.001 -13"><span class='ocrx_word' id='word_1_94' title='bbox 1905 1112 1958 1167; x_wconf 88' lang='lat'><strong>6.</strong></span> <span class='ocrx_word' id='word_1_95' title='bbox 2011 1108 2323 1180; x_wconf 84' lang='lat' dir='ltr'><strong>Sacriﬁcate</strong></span> <span class='ocrx_word' id='word_1_96' title='bbox 2364 1110 2687 1178; x_wconf 83' lang='lat' dir='ltr'><strong>sacri/icium</strong></span> <span class='ocrx_word' id='word_1_97' title='bbox 2726 1111 2976 1179; x_wconf 71' lang='lat' dir='ltr'><strong>justitiw,</strong></span> <span class='ocrx_word' id='word_1_98' title='bbox 3008 1122 3056 1163; x_wconf 88' lang='lat' dir='ltr'><strong>et</strong></span> <span class='ocrx_word' id='word_1_99' title='bbox 3103 1120 3308 1179; x_wconf 79' lang='lat' dir='ltr'><strong>sperate</strong></span> <span class='ocrx_word' id='word_1_100' title='bbox 3352 1113 3408 1165; x_wconf 86' lang='lat' dir='ltr'><strong>in</strong></span> 
     </span>
    </p>
   </div>
   <div class='ocr_carea' id='block_1_15' title="bbox 160 1203 1752 1277">
    <p class='ocr_par' dir='ltr' id='par_1_15' title="bbox 160 1205 1728 1277">
     <span class='ocr_line' id='line_1_15' title="bbox 160 1205 1728 1277; baseline -0.001 -17"><span class='ocrx_word' id='word_1_101' title='bbox 160 1207 399 1275; x_wconf 78' lang='grc' dir='ltr'><strong>Κύριον.</strong></span> <span class='ocrx_word' id='word_1_102' title='bbox 465 1206 715 1261; x_wconf 76' lang='grc' dir='ltr'><strong>Διδάσκει</strong></span> <span class='ocrx_word' id='word_1_103' title='bbox 757 1206 873 1271; x_wconf 84' lang='grc' dir='ltr'><strong>πῶς</strong></span> <span class='ocrx_word' id='word_1_104' title='bbox 924 1205 1289 1277; x_wconf 73' lang='grc' dir='ltr'><strong>περιεσόμεθα</strong></span> <span class='ocrx_word' id='word_1_105' title='bbox 1339 1205 1446 1259; x_wconf 81' lang='grc' dir='ltr'><strong>τῶν</strong></span> <span class='ocrx_word' id='word_1_106' title='bbox 1499 1205 1728 1277; x_wconf 77' lang='grc' dir='ltr'>ἐχθρῶν.</span> 
     </span>
    </p>
   </div>
   <div class='ocr_carea' id='block_1_16' title="bbox 1852 1203 3404 1277">
    <p class='ocr_par' dir='ltr' id='par_1_16' title="bbox 1852 1203 3404 1274">
     <span class='ocr_line' id='line_1_16' title="bbox 1852 1203 3404 1274; baseline 0.001 -18"><span class='ocrx_word' id='word_1_107' title='bbox 1852 1204 2083 1257; x_wconf 85' lang='lat' dir='ltr'><strong>Domino.</strong></span> <span class='ocrx_word' id='word_1_108' title='bbox 2136 1203 2302 1259; x_wconf 80' lang='lat' dir='ltr'><strong>Docet</strong></span> <span class='ocrx_word' id='word_1_109' title='bbox 2332 1220 2441 1274; x_wconf 89' lang='lat' dir='ltr'><strong>quo</strong></span> <span class='ocrx_word' id='word_1_110' title='bbox 2497 1212 2653 1272; x_wconf 86' lang='lat' dir='ltr'><strong>pacto</strong></span> <span class='ocrx_word' id='word_1_111' title='bbox 2703 1217 2962 1272; x_wconf 87' lang='lat' dir='ltr'><strong>superare</strong></span> <span class='ocrx_word' id='word_1_112' title='bbox 3012 1205 3193 1260; x_wconf 86' lang='lat' dir='ltr'><strong>hostes</strong></span> <span class='ocrx_word' id='word_1_113' title='bbox 3222 1205 3404 1260; x_wconf 84' lang='lat' dir='ltr'><strong>valea-</strong></span> 
     </span>
    </p>
   </div>
   <div class='ocr_carea' id='block_1_17' title="bbox 160 1295 1752 1369">
    <p class='ocr_par' dir='ltr' id='par_1_17' title="bbox 160 1296 1733 1369">
     <span class='ocr_line' id='line_1_17' title="bbox 160 1296 1733 1369; baseline -0.001 -19"><span class='ocrx_word' id='word_1_114' title='bbox 160 1298 288 1361; x_wconf 81' lang='grc' dir='ltr'><strong>Πῶς</strong></span> <span class='ocrx_word' id='word_1_115' title='bbox 316 1298 373 1351; x_wconf 81' lang='grc' dir='ltr'>δὲ</span> <span class='ocrx_word' id='word_1_116' title='bbox 407 1298 803 1369; x_wconf 85' lang='grc' dir='ltr'>περιεσόμεθα;</span> <span class='ocrx_word' id='word_1_117' title='bbox 838 1300 886 1350; x_wconf 83' lang='grc' dir='ltr'><strong>εί</strong></span> <span class='ocrx_word' id='word_1_118' title='bbox 905 1297 1433 1369; x_wconf 81' lang='grc' dir='ltr'>δικαιοπράττοντες,</span> <span class='ocrx_word' id='word_1_119' title='bbox 1460 1297 1553 1348; x_wconf 78' lang='grc' dir='ltr'><strong>καὶ</strong></span> <span class='ocrx_word' id='word_1_120' title='bbox 1577 1296 1733 1350; x_wconf 88' lang='grc' dir='ltr'>τοῦτο</span> 
     </span>
    </p>
   </div>
   <div class='ocr_carea' id='block_1_18' title="bbox 1852 1295 3412 1369">
    <p class='ocr_par' dir='ltr' id='par_1_18' title="bbox 1852 1295 3412 1367">
     <span class='ocr_line' id='line_1_18' title="bbox 1852 1295 3412 1367; baseline -0.001 -16"><span class='ocrx_word' id='word_1_121' title='bbox 1852 1309 1981 1351; x_wconf 86' lang='lat' dir='ltr'><strong>mus.</strong></span> <span class='ocrx_word' id='word_1_122' title='bbox 2002 1295 2123 1361; x_wconf 89' lang='lat' dir='ltr'><strong>Quo</strong></span> <span class='ocrx_word' id='word_1_123' title='bbox 2145 1306 2307 1367; x_wconf 78' lang='lat' dir='ltr'><strong>pacto</strong></span> <span class='ocrx_word' id='word_1_124' title='bbox 2339 1297 2759 1365; x_wconf 79' lang='lat' dir='ltr'><strong>superabimus?</strong></span> <span class='ocrx_word' id='word_1_125' title='bbox 2788 1296 2956 1365; x_wconf 87' lang='lat' dir='ltr'><strong>proba</strong></span> <span class='ocrx_word' id='word_1_126' title='bbox 2979 1297 3201 1351; x_wconf 81' lang='lat' dir='ltr'><strong>edentes</strong></span> <span class='ocrx_word' id='word_1_127' title='bbox 3226 1311 3412 1366; x_wconf 84' lang='lat' dir='ltr'><strong>opera,</strong></span> 
     </span>
    </p>
   </div>
   <div class='ocr_carea' id='block_1_19' title="bbox 159 1387 1752 1462">
    <p class='ocr_par' dir='ltr' id='par_1_19' title="bbox 159 1387 1734 1462">
     <span class='ocr_line' id='line_1_19' title="bbox 159 1387 1734 1462; baseline -0.001 -19"><span class='ocrx_word' id='word_1_128' title='bbox 159 1389 349 1462; x_wconf 73' lang='grc' dir='ltr'>ὥσπερ</span> <span class='ocrx_word' id='word_1_129' title='bbox 380 1390 565 1443; x_wconf 86' lang='grc' dir='ltr'>θυσίαν</span> <span class='ocrx_word' id='word_1_130' title='bbox 588 1390 999 1461; x_wconf 77' lang='grc' dir='ltr'><strong>ἀναπέμποντες</strong></span> <span class='ocrx_word' id='word_1_131' title='bbox 1020 1389 1096 1460; x_wconf 82' lang='grc' dir='ltr'>τῷ</span> <span class='ocrx_word' id='word_1_132' title='bbox 1111 1389 1249 1459; x_wconf 78' lang='grc' dir='ltr'>Θεῷ.</span> <span class='ocrx_word' id='word_1_133' title='bbox 1275 1389 1493 1442; x_wconf 73' lang='grc' dir='ltr'>Πολλοί</span> <span class='ocrx_word' id='word_1_134' title='bbox 1526 1387 1734 1456; x_wconf 75' lang='grc' dir='ltr'>λέγου-</span> 
     </span>
    </p>
   </div>
   <div class='ocr_carea' id='block_1_20' title="bbox 1852 1387 3412 1462">
    <p class='ocr_par' dir='ltr' id='par_1_20' title="bbox 1852 1388 3412 1459">
     <span class='ocr_line' id='line_1_20' title="bbox 1852 1388 3412 1459; baseline 0.002 -19"><span class='ocrx_word' id='word_1_135' title='bbox 1852 1403 1960 1457; x_wconf 65' lang='lat' dir='ltr'><strong>fluat)</strong></span> <span class='ocrx_word' id='word_1_136' title='bbox 1989 1391 2145 1459; x_wconf 90' lang='lat' dir='ltr'><strong>quasi</strong></span> <span class='ocrx_word' id='word_1_137' title='bbox 2178 1389 2507 1444; x_wconf 80' lang='lat' dir='ltr'><strong>sacriﬁcium</strong></span> <span class='ocrx_word' id='word_1_138' title='bbox 2537 1388 2831 1443; x_wconf 75' lang='lat' dir='ltr'><strong>offeramus</strong></span> <span class='ocrx_word' id='word_1_139' title='bbox 2851 1389 2979 1442; x_wconf 89' lang='lat' dir='ltr'><strong>Deo.</strong></span> <span class='ocrx_word' id='word_1_140' title='bbox 3005 1388 3162 1442; x_wconf 83' lang='lat' dir='ltr'><strong>Multi</strong></span> <span class='ocrx_word' id='word_1_141' title='bbox 3193 1390 3412 1444; x_wconf 81' lang='lat' dir='ltr'><strong>dicunt:</strong></span> 
     </span>
    </p>
   </div>
   <div class='ocr_carea' id='block_1_21' title="bbox 159 1477 1752 1550">
    <p class='ocr_par' dir='ltr' id='par_1_21' title="bbox 159 1477 1736 1550">
     <span class='ocr_line' id='line_1_21' title="bbox 159 1477 1736 1550; baseline -0.004 -14"><span class='ocrx_word' id='word_1_142' title='bbox 159 1497 254 1536; x_wconf 86' lang='grc' dir='ltr'>σι·</span> <span class='ocrx_word' id='word_1_143' title='bbox 290 1482 385 1546; x_wconf 83' lang='grc' dir='ltr'>Τίς</span> <span class='ocrx_word' id='word_1_144' title='bbox 411 1480 591 1545; x_wconf 79' lang='grc' dir='ltr'><strong>δείξει</strong></span> <span class='ocrx_word' id='word_1_145' title='bbox 622 1481 766 1550; x_wconf 75' lang='grc' dir='ltr'>ἡμῖν</span> <span class='ocrx_word' id='word_1_146' title='bbox 792 1482 863 1534; x_wconf 86' lang='grc' dir='ltr'>τὰ</span> <span class='ocrx_word' id='word_1_147' title='bbox 880 1480 1105 1550; x_wconf 56' lang='grc' dir='ltr'>ἀγαθὼ</span> <span class='ocrx_word' id='word_1_148' title='bbox 1133 1478 1318 1532; x_wconf 85' lang='grc' dir='ltr'>Ταῦτα</span> <span class='ocrx_word' id='word_1_149' title='bbox 1346 1478 1453 1530; x_wconf 84' lang='grc' dir='ltr'><strong>τῶν</strong></span> <span class='ocrx_word' id='word_1_150' title='bbox 1490 1479 1618 1548; x_wconf 74' lang='grc' dir='ltr'>περὶ</span> <span class='ocrx_word' id='word_1_151' title='bbox 1639 1477 1736 1539; x_wconf 86' lang='grc' dir='ltr'><strong>τὰς</strong></span> 
     </span>
    </p>
   </div>
   <div class='ocr_carea' id='block_1_22' title="bbox 1852 1477 3411 1550">
    <p class='ocr_par' dir='ltr' id='par_1_22' title="bbox 1852 1479 3411 1545">
     <span class='ocr_line' id='line_1_22' title="bbox 1852 1479 3411 1545; baseline 0.002 -12"><span class='ocrx_word' id='word_1_152' title='bbox 1852 1479 1974 1545; x_wconf 79' lang='lat' dir='ltr'><strong>Quis</strong></span> <span class='ocrx_word' id='word_1_153' title='bbox 2008 1482 2234 1535; x_wconf 84' lang='lat' dir='ltr'><strong>ostendit</strong></span> <span class='ocrx_word' id='word_1_154' title='bbox 2282 1483 2428 1535; x_wconf 87' lang='lat' dir='ltr'><strong>nobis</strong></span> <span class='ocrx_word' id='word_1_155' title='bbox 2469 1482 2652 1535; x_wconf 79' lang='lat' dir='ltr'><strong>bona?</strong></span> <span class='ocrx_word' id='word_1_156' title='bbox 2694 1479 2820 1535; x_wconf 72' lang='lat' dir='ltr'><strong>Haec</strong></span> <span class='ocrx_word' id='word_1_157' title='bbox 2867 1490 2995 1535; x_wconf 93' lang='lat' dir='ltr'><strong>sunt</strong></span> <span class='ocrx_word' id='word_1_158' title='bbox 3031 1498 3221 1535; x_wconf 86' lang='lat' dir='ltr'><strong>eorum</strong></span> <span class='ocrx_word' id='word_1_159' title='bbox 3251 1482 3411 1536; x_wconf 82' lang='lat' dir='ltr'><strong>verba</strong></span> 
     </span>
    </p>
   </div>
   <div class='ocr_carea' id='block_1_23' title="bbox 159 1571 1752 1645">
    <p class='ocr_par' dir='ltr' id='par_1_23' title="bbox 159 1571 1546 1645">
     <span class='ocr_line' id='line_1_23' title="bbox 159 1571 1546 1645; baseline -0.002 -20"><span class='ocrx_word' id='word_1_160' title='bbox 159 1572 458 1643; x_wconf 81' lang='grc' dir='ltr'><strong>διοικήσεις</strong></span> <span class='ocrx_word' id='word_1_161' title='bbox 488 1571 582 1625; x_wconf 86' lang='grc' dir='ltr'><strong>τοῦ</strong></span> <span class='ocrx_word' id='word_1_162' title='bbox 610 1572 742 1625; x_wconf 83' lang='grc' dir='ltr'><strong>Θεοῦ</strong></span> <span class='ocrx_word' id='word_1_163' title='bbox 770 1572 1173 1645; x_wconf 72' lang='grc' dir='ltr'>ὀλιγωροῦντων</span> <span class='ocrx_word' id='word_1_164' title='bbox 1210 1571 1277 1624; x_wconf 80' lang='grc' dir='ltr'>τὰ</span> <span class='ocrx_word' id='word_1_165' title='bbox 1308 1572 1546 1641; x_wconf 77' lang='grc' dir='ltr'>ῥήματα.</span> 
     </span>
    </p>
   </div>
   <div class='ocr_carea' id='block_1_24' title="bbox 1852 1571 3134 1645">
    <p class='ocr_par' dir='ltr' id='par_1_24' title="bbox 1852 1572 3134 1644">
     <span class='ocr_line' id='line_1_24' title="bbox 1852 1572 3134 1644; baseline -0.002 -17"><span class='ocrx_word' id='word_1_166' title='bbox 1852 1574 1943 1644; x_wconf 90' lang='lat' dir='ltr'><strong>qui</strong></span> <span class='ocrx_word' id='word_1_167' title='bbox 1978 1574 2279 1627; x_wconf 87' lang='lat' dir='ltr'><strong>ministeria</strong></span> <span class='ocrx_word' id='word_1_168' title='bbox 2309 1572 2480 1627; x_wconf 82' lang='lat' dir='ltr'><strong>Deum</strong></span> <span class='ocrx_word' id='word_1_169' title='bbox 2511 1573 2809 1643; x_wconf 80' lang='lat' dir='ltr'><strong>Spectantia</strong></span> <span class='ocrx_word' id='word_1_170' title='bbox 2840 1572 3134 1643; x_wconf 82' lang='lat' dir='ltr'><strong>negligunt.</strong></span> 
     </span>
    </p>
   </div>
   <div class='ocr_carea' id='block_1_25' title="bbox 246 1661 1752 1735">
    <p class='ocr_par' dir='ltr' id='par_1_25' title="bbox 246 1661 1737 1733">
     <span class='ocr_line' id='line_1_25' title="bbox 246 1661 1737 1733; baseline 0 -17"><span class='ocrx_word' id='word_1_171' title='bbox 246 1663 603 1733; x_wconf 82' lang='grc' dir='ltr'>Ἐσημειώθη</span> <span class='ocrx_word' id='word_1_172' title='bbox 657 1664 749 1733; x_wconf 62' lang='grc' dir='ltr'><strong>ἐφ’</strong></span> <span class='ocrx_word' id='word_1_173' title='bbox 784 1664 943 1733; x_wconf 75' lang='grc' dir='ltr'>ἡμᾶς</span> <span class='ocrx_word' id='word_1_174' title='bbox 986 1664 1051 1717; x_wconf 76' lang='grc' dir='ltr'>τὸ</span> <span class='ocrx_word' id='word_1_175' title='bbox 1098 1664 1221 1732; x_wconf 68' lang='grc' dir='ltr'>φῶς</span> <span class='ocrx_word' id='word_1_176' title='bbox 1272 1662 1378 1716; x_wconf 86' lang='grc' dir='ltr'><strong>τοῦ</strong></span> <span class='ocrx_word' id='word_1_177' title='bbox 1416 1661 1737 1731; x_wconf 74' lang='grc' dir='ltr'><strong>προσώπου</strong></span> 
     </span>
    </p>
   </div>
   <div class='ocr_carea' id='block_1_26' title="bbox 1852 1661 3413 1735">
    <p class='ocr_par' dir='ltr' id='par_1_26' title="bbox 1919 1664 3413 1735">
     <span class='ocr_line' id='line_1_26' title="bbox 1919 1664 3413 1735; baseline 0.002 -19"><span class='ocrx_word' id='word_1_178' title='bbox 1919 1664 1969 1719; x_wconf 91' lang='grc'><strong>7.</strong></span> <span class='ocrx_word' id='word_1_179' title='bbox 1999 1664 2274 1735; x_wconf 86' lang='lat' dir='ltr'><strong>Signatum</strong></span> <span class='ocrx_word' id='word_1_180' title='bbox 2311 1675 2385 1719; x_wconf 91' lang='lat' dir='ltr'><strong>est</strong></span> <span class='ocrx_word' id='word_1_181' title='bbox 2415 1681 2569 1733; x_wconf 79' lang='lat' dir='ltr'><strong>super</strong></span> <span class='ocrx_word' id='word_1_182' title='bbox 2612 1682 2703 1719; x_wconf 87' lang='lat' dir='ltr'><strong>nos</strong></span> <span class='ocrx_word' id='word_1_183' title='bbox 2743 1665 2916 1720; x_wconf 83' lang='lat' dir='ltr'><strong>lumen</strong></span> <span class='ocrx_word' id='word_1_184' title='bbox 2946 1667 3119 1720; x_wconf 84' lang='lat' dir='ltr'><strong>vultus</strong></span> <span class='ocrx_word' id='word_1_185' title='bbox 3170 1666 3268 1733; x_wconf 89' lang='lat' dir='ltr'><strong>tui,</strong></span> <span class='ocrx_word' id='word_1_186' title='bbox 3302 1665 3413 1719; x_wconf 88' lang='lat' dir='ltr'><strong>Do-</strong></span> 
     </span>
    </p>
   </div>
   <div class='ocr_carea' id='block_1_27' title="bbox 160 1752 1752 1828">
    <p class='ocr_par' dir='ltr' id='par_1_27' title="bbox 160 1754 1740 1828">
     <span class='ocr_line' id='line_1_27' title="bbox 160 1754 1740 1828; baseline -0.003 -18"><span class='ocrx_word' id='word_1_187' title='bbox 160 1770 303 1820; x_wconf 89' lang='grc' dir='ltr'>σου,</span> <span class='ocrx_word' id='word_1_188' title='bbox 339 1758 531 1825; x_wconf 84' lang='grc' dir='ltr'>Κύριε.</span> <span class='ocrx_word' id='word_1_189' title='bbox 584 1757 656 1809; x_wconf 83' lang='grc' dir='ltr'>Τὸ</span> <span class='ocrx_word' id='word_1_190' title='bbox 690 1756 804 1825; x_wconf 80' lang='grc' dir='ltr'>φῶς</span> <span class='ocrx_word' id='word_1_191' title='bbox 841 1757 934 1809; x_wconf 86' lang='grc' dir='ltr'><strong>τοῦ</strong></span> <span class='ocrx_word' id='word_1_192' title='bbox 972 1757 1176 1826; x_wconf 84' lang='grc' dir='ltr'>κόσμου</span> <span class='ocrx_word' id='word_1_193' title='bbox 1206 1757 1233 1807; x_wconf 89' lang='grc' dir='ltr'>ὁ</span> <span class='ocrx_word' id='word_1_194' title='bbox 1264 1756 1496 1828; x_wconf 81' lang='grc' dir='ltr'>Χριστός</span> <span class='ocrx_word' id='word_1_195' title='bbox 1524 1757 1662 1817; x_wconf 79' lang='grc' dir='ltr'>ἐστι,</span> <span class='ocrx_word' id='word_1_196' title='bbox 1712 1754 1740 1806; x_wconf 87' lang='grc' dir='ltr'><strong>ό</strong></span> 
     </span>
    </p>
   </div>
   <div class='ocr_carea' id='block_1_28' title="bbox 1852 1752 3415 1828">
    <p class='ocr_par' dir='ltr' id='par_1_28' title="bbox 1852 1752 3415 1822">
     <span class='ocr_line' id='line_1_28' title="bbox 1852 1752 3415 1822; baseline 0.002 -15"><span class='ocrx_word' id='word_1_197' title='bbox 1852 1755 2005 1808; x_wconf 85' lang='lat' dir='ltr'><strong>mine.</strong></span> <span class='ocrx_word' id='word_1_198' title='bbox 2052 1753 2258 1808; x_wconf 83' lang='lat' dir='ltr'><strong>Lumen</strong></span> <span class='ocrx_word' id='word_1_199' title='bbox 2314 1754 2501 1808; x_wconf 89' lang='lat' dir='ltr'><strong>mundi</strong></span> <span class='ocrx_word' id='word_1_200' title='bbox 2532 1754 2787 1809; x_wconf 82' lang='lat' dir='ltr'><strong>Christus</strong></span> <span class='ocrx_word' id='word_1_201' title='bbox 2813 1763 2916 1816; x_wconf 88' lang='lat' dir='ltr'><strong>est,</strong></span> <span class='ocrx_word' id='word_1_202' title='bbox 2949 1753 3041 1822; x_wconf 92' lang='lat' dir='ltr'><strong>qui</strong></span> <span class='ocrx_word' id='word_1_203' title='bbox 3079 1768 3203 1808; x_wconf 73' lang='lat' dir='ltr'><strong>vera</strong></span> <span class='ocrx_word' id='word_1_204' title='bbox 3254 1752 3415 1810; x_wconf 88' lang='lat' dir='ltr'><strong>nobis</strong></span> 
     </span>
    </p>
   </div>
   <div class='ocr_carea' id='block_1_29' title="bbox 160 1844 1752 1919">
    <p class='ocr_par' dir='ltr' id='par_1_29' title="bbox 160 1844 1743 1919">
     <span class='ocr_line' id='line_1_29' title="bbox 160 1844 1743 1919; baseline -0.003 -18"><span class='ocrx_word' id='word_1_205' title='bbox 160 1848 259 1901; x_wconf 75' lang='grc' dir='ltr'>καὶ</span> <span class='ocrx_word' id='word_1_206' title='bbox 299 1847 513 1913; x_wconf 75' lang='grc' dir='ltr'><strong>διδάξας</strong></span> <span class='ocrx_word' id='word_1_207' title='bbox 552 1848 696 1919; x_wconf 77' lang='grc' dir='ltr'>ἡμᾶς</span> <span class='ocrx_word' id='word_1_208' title='bbox 741 1848 808 1900; x_wconf 78' lang='grc' dir='ltr'>τὰ</span> <span class='ocrx_word' id='word_1_209' title='bbox 834 1848 1000 1911; x_wconf 80' lang='grc' dir='ltr'>δντως</span> <span class='ocrx_word' id='word_1_210' title='bbox 1050 1848 1248 1915; x_wconf 83' lang='grc' dir='ltr'>ἀγαθὰ,</span> <span class='ocrx_word' id='word_1_211' title='bbox 1298 1848 1362 1900; x_wconf 88' lang='grc' dir='ltr'><strong>δι’</strong></span> <span class='ocrx_word' id='word_1_212' title='bbox 1418 1846 1453 1900; x_wconf 80' lang='grc' dir='ltr'><strong>ἃ.</strong></span> <span class='ocrx_word' id='word_1_213' title='bbox 1501 1845 1596 1898; x_wconf 73' lang='grc' dir='ltr'><strong>καὶ</strong></span> <span class='ocrx_word' id='word_1_214' title='bbox 1647 1844 1743 1916; x_wconf 77' lang='grc' dir='ltr'>τὴν</span> 
     </span>
    </p>
   </div>
   <div class='ocr_carea' id='block_1_30' title="bbox 1852 1844 3414 1919">
    <p class='ocr_par' dir='ltr' id='par_1_30' title="bbox 1852 1848 3414 1917">
     <span class='ocr_line' id='line_1_30' title="bbox 1852 1848 3414 1917; baseline 0.001 -15"><span class='ocrx_word' id='word_1_215' title='bbox 1852 1848 1989 1902; x_wconf 87' lang='lat' dir='ltr'><strong>bona</strong></span> <span class='ocrx_word' id='word_1_216' title='bbox 2020 1849 2279 1913; x_wconf 88' lang='lat' dir='ltr'><strong>ostendit,</strong></span> <span class='ocrx_word' id='word_1_217' title='bbox 2312 1863 2407 1917; x_wconf 91' lang='lat' dir='ltr'><strong>per</strong></span> <span class='ocrx_word' id='word_1_218' title='bbox 2431 1864 2552 1917; x_wconf 70' lang='lat' dir='ltr'><strong>quae</strong></span> <span class='ocrx_word' id='word_1_219' title='bbox 2582 1848 2914 1916; x_wconf 87' lang='lat' dir='ltr'><strong>spiritualem</strong></span> <span class='ocrx_word' id='word_1_220' title='bbox 2946 1848 3187 1904; x_wconf 69' lang='lat' dir='ltr'><strong>laetitiam</strong></span> <span class='ocrx_word' id='word_1_221' title='bbox 3218 1848 3414 1903; x_wconf 86' lang='lat' dir='ltr'><strong>habui-</strong></span> 
     </span>
    </p>
   </div>
   <div class='ocr_carea' id='block_1_31' title="bbox 161 1939 1748 2014">
    <p class='ocr_par' dir='ltr' id='par_1_31' title="bbox 161 1939 1748 2014">
     <span class='ocr_line' id='line_1_31' title="bbox 161 1939 1748 2014; baseline -0.003 -19"><span class='ocrx_word' id='word_1_222' title='bbox 161 1942 363 2013; x_wconf 80' lang='grc' dir='ltr'>νοητὴν</span> <span class='ocrx_word' id='word_1_223' title='bbox 395 1942 730 2014; x_wconf 71' lang='grc' dir='ltr'>εὐφροσύνην</span> <span class='ocrx_word' id='word_1_224' title='bbox 756 1944 1069 2013; x_wconf 79' lang='grc' dir='ltr'><strong>ἐσχήκαμεν</strong></span> <span class='ocrx_word' id='word_1_225' title='bbox 1094 1942 1189 2012; x_wconf 81' lang='grc' dir='ltr'><strong>τὴν</strong></span> <span class='ocrx_word' id='word_1_226' title='bbox 1225 1944 1303 2005; x_wconf 87' lang='grc' dir='ltr'><strong>είς</strong></span> <span class='ocrx_word' id='word_1_227' title='bbox 1339 1939 1461 1993; x_wconf 90' lang='grc' dir='ltr'>νοῦν</span> <span class='ocrx_word' id='word_1_228' title='bbox 1493 1942 1586 1993; x_wconf 73' lang='grc' dir='ltr'><strong>καὶ</strong></span> <span class='ocrx_word' id='word_1_229' title='bbox 1618 1956 1748 2009; x_wconf 84' lang='grc' dir='ltr'>καρ-</span> 
     </span>
    </p>
   </div>
   <div class='ocr_carea' id='block_1_32' title="bbox 160 2032 456 2103">
    <p class='ocr_par' dir='ltr' id='par_1_32' title="bbox 160 2032 456 2103">
     <span class='ocr_line' id='line_1_32' title="bbox 160 2032 456 2103; baseline 0.003 -18"><span class='ocrx_word' id='word_1_230' title='bbox 160 2032 286 2086; x_wconf 86' lang='grc' dir='ltr'>δίαν</span> <span class='ocrx_word' id='word_1_231' title='bbox 321 2033 456 2103; x_wconf 77' lang='grc' dir='ltr'>(ιδ).</span> 
     </span>
    </p>
   </div>
   <div class='ocr_carea' id='block_1_33' title="bbox 741 2129 1161 2181">
    <p class='ocr_par' dir='ltr' id='par_1_33' title="bbox 741 2129 1161 2181">
     <span class='ocr_line' id='line_1_33' title="bbox 741 2129 1161 2181; baseline -0.01 0"><span class='ocrx_word' id='word_1_232' title='bbox 741 2129 1042 2181; x_wconf 77' lang='grc' dir='ltr'><strong>ΨΑΛΜΟΣ</strong></span> <span class='ocrx_word' id='word_1_233' title='bbox 1081 2130 1161 2179; x_wconf 86' lang='grc' dir='ltr'><strong>Ε’.</strong></span> 
     </span>
    </p>
   </div>
   <div class='ocr_carea' id='block_1_34' title="bbox 795 2216 1113 2279">
    <p class='ocr_par' dir='ltr' id='par_1_34' title="bbox 795 2216 1113 2279">
     <span class='ocr_line' id='line_1_34' title="bbox 795 2216 1113 2279; baseline -0.006 -11"><span class='ocrx_word' id='word_1_234' title='bbox 795 2216 1113 2279; x_wconf 80' lang='grc' dir='ltr'><strong>’Υπόθεσις.</strong></span> 
     </span>
    </p>
   </div>
   <div class='ocr_carea' id='block_1_35' title="bbox 162 2305 1748 2380">
    <p class='ocr_par' dir='ltr' id='par_1_35' title="bbox 162 2305 1748 2380">
     <span class='ocr_line' id='line_1_35' title="bbox 162 2305 1748 2380; baseline -0.001 -19"><span class='ocrx_word' id='word_1_235' title='bbox 162 2305 596 2378; x_wconf 68' lang='grc' dir='ltr'><strong>κληρονομοῦσα</strong></span> <span class='ocrx_word' id='word_1_236' title='bbox 635 2309 832 2380; x_wconf 72' lang='grc' dir='ltr'>ἐστινὴ</span> <span class='ocrx_word' id='word_1_237' title='bbox 861 2308 1112 2377; x_wconf 75' lang='grc' dir='ltr'>θεοφιλὴς</span> <span class='ocrx_word' id='word_1_238' title='bbox 1167 2308 1335 2377; x_wconf 75' lang='grc' dir='ltr'>ψυχὴ,</span> <span class='ocrx_word' id='word_1_239' title='bbox 1394 2308 1510 2377; x_wconf 68' lang='grc' dir='ltr'>ἦτοι</span> <span class='ocrx_word' id='word_1_240' title='bbox 1560 2308 1593 2378; x_wconf 82' lang='grc' dir='ltr'><strong>ἡ</strong></span> <span class='ocrx_word' id='word_1_241' title='bbox 1628 2307 1748 2360; x_wconf 83' lang='grc' dir='ltr'><strong>Ἐκ-</strong></span> 
     </span>
    </p>
   </div>
   <div class='ocr_carea' id='block_1_36' title="bbox 256 2396 1748 2471">
    <p class='ocr_par' dir='ltr' id='par_1_36' title="bbox 256 2396 1748 2471">
     <span class='ocr_line' id='line_1_36' title="bbox 256 2396 1748 2471; baseline -0.003 -18"><span class='ocrx_word' id='word_1_242' title='bbox 256 2399 477 2471; x_wconf 82' lang='grc' dir='ltr'>κλησία.</span> <span class='ocrx_word' id='word_1_243' title='bbox 532 2399 597 2452; x_wconf 89' lang='grc' dir='ltr'>Τί</span> <span class='ocrx_word' id='word_1_244' title='bbox 629 2399 685 2453; x_wconf 88' lang='grc' dir='ltr'>δέ</span> <span class='ocrx_word' id='word_1_245' title='bbox 712 2402 857 2452; x_wconf 71' lang='grc' dir='ltr'>ἐστιν</span> <span class='ocrx_word' id='word_1_246' title='bbox 891 2398 927 2452; x_wconf 82' lang='grc' dir='ltr'>ἃ</span> <span class='ocrx_word' id='word_1_247' title='bbox 950 2398 1309 2468; x_wconf 77' lang='grc' dir='ltr'>κληρονομεῖς</span> <span class='ocrx_word' id='word_1_248' title='bbox 1356 2398 1413 2450; x_wconf 84' lang='lat' dir='ltr'><strong>&quot;A</strong></span> <span class='ocrx_word' id='word_1_249' title='bbox 1442 2396 1748 2465; x_wconf 69' lang='grc' dir='ltr'>ὀφθαλμὸς</span> 
     </span>
    </p>
   </div>
   <div class='ocr_carea' id='block_1_37' title="bbox 246 2487 1748 2569">
    <p class='ocr_par' dir='ltr' id='par_1_37' title="bbox 246 2487 1748 2569">
     <span class='ocr_line' id='line_1_37' title="bbox 246 2487 1748 2569; baseline -0.002 -24"><span class='ocrx_word' id='word_1_250' title='bbox 246 2494 362 2545; x_wconf 77' lang='grc' dir='ltr'><strong>οὐκ</strong></span> <span class='ocrx_word' id='word_1_251' title='bbox 390 2488 531 2555; x_wconf 77' lang='grc' dir='ltr'>εἶδε,</span> <span class='ocrx_word' id='word_1_252' title='bbox 563 2491 660 2543; x_wconf 84' lang='grc' dir='ltr'><strong>καί</strong></span> <span class='ocrx_word' id='word_1_253' title='bbox 687 2487 795 2556; x_wconf 84' lang='grc' dir='ltr'><strong>οὖς</strong></span> <span class='ocrx_word' id='word_1_254' title='bbox 824 2492 936 2544; x_wconf 84' lang='grc' dir='ltr'>οὐκ</span> <span class='ocrx_word' id='word_1_255' title='bbox 973 2488 1223 2569; x_wconf 71' lang='grc' dir='ltr'>ἤκουσε,</span> <span class='ocrx_word' id='word_1_256' title='bbox 1252 2488 1348 2542; x_wconf 80' lang='grc' dir='ltr'><strong>καί</strong></span> <span class='ocrx_word' id='word_1_257' title='bbox 1370 2488 1468 2541; x_wconf 77' lang='grc' dir='ltr'><strong>ἐπὶ</strong></span> <span class='ocrx_word' id='word_1_258' title='bbox 1496 2487 1748 2555; x_wconf 81' lang='grc' dir='ltr'>καρδίαν</span> 
     </span>
    </p>
   </div>
   <div class='ocr_carea' id='block_1_38' title="bbox 254 2579 1748 2652">
    <p class='ocr_par' dir='ltr' id='par_1_38' title="bbox 254 2579 1748 2652">
     <span class='ocr_line' id='line_1_38' title="bbox 254 2579 1748 2652; baseline -0.004 -15"><span class='ocrx_word' id='word_1_259' title='bbox 254 2581 571 2651; x_wconf 79' lang='grc' dir='ltr'>ἀνθρώπου</span> <span class='ocrx_word' id='word_1_260' title='bbox 599 2585 711 2637; x_wconf 83' lang='grc' dir='ltr'>οὐκ</span> <span class='ocrx_word' id='word_1_261' title='bbox 731 2582 935 2650; x_wconf 77' lang='grc' dir='ltr'>ἀνέϐη.</span> <span class='ocrx_word' id='word_1_262' title='bbox 968 2580 1199 2652; x_wconf 76' lang='grc' dir='ltr'>Εὔχεται</span> <span class='ocrx_word' id='word_1_263' title='bbox 1226 2581 1283 2634; x_wconf 78' lang='grc' dir='ltr'>δὲ</span> <span class='ocrx_word' id='word_1_264' title='bbox 1309 2581 1400 2635; x_wconf 87' lang='grc' dir='ltr'><strong>καί</strong></span> <span class='ocrx_word' id='word_1_265' title='bbox 1422 2597 1472 2633; x_wconf 89' lang='grc' dir='ltr'><strong>τι</strong></span> <span class='ocrx_word' id='word_1_266' title='bbox 1492 2579 1557 2633; x_wconf 82' lang='grc' dir='ltr'><strong>ἂν</strong></span> <span class='ocrx_word' id='word_1_267' title='bbox 1573 2582 1748 2632; x_wconf 85' lang='grc' dir='ltr'>ποιου-</span> 
     </span>
    </p>
   </div>
   <div class='ocr_carea' id='block_1_39' title="bbox 246 2669 1743 2745">
    <p class='ocr_par' dir='ltr' id='par_1_39' title="bbox 246 2669 1743 2745">
     <span class='ocr_line' id='line_1_39' title="bbox 246 2669 1743 2745; baseline -0.002 -20"><span class='ocrx_word' id='word_1_268' title='bbox 246 2673 383 2745; x_wconf 85' lang='grc' dir='ltr'>μένη</span> <span class='ocrx_word' id='word_1_269' title='bbox 403 2672 839 2743; x_wconf 84' lang='grc' dir='ltr'>είσακουσθῆναι,</span> <span class='ocrx_word' id='word_1_270' title='bbox 859 2673 1059 2743; x_wconf 79' lang='grc' dir='ltr'>ἑαυτῆς</span> <span class='ocrx_word' id='word_1_271' title='bbox 1080 2673 1139 2727; x_wconf 90' lang='grc' dir='ltr'><strong>τό</strong></span> <span class='ocrx_word' id='word_1_272' title='bbox 1158 2690 1215 2725; x_wconf 92' lang='grc' dir='ltr'><strong>τε</strong></span> <span class='ocrx_word' id='word_1_273' title='bbox 1239 2672 1392 2735; x_wconf 82' lang='grc' dir='ltr'>εὑθὲς</span> <span class='ocrx_word' id='word_1_274' title='bbox 1408 2669 1743 2742; x_wconf 84' lang='grc' dir='ltr'>παριστῶσα,</span> 
     </span>
    </p>
   </div>
   <div class='ocr_carea' id='block_1_40' title="bbox 243 2760 1516 2834">
    <p class='ocr_par' dir='ltr' id='par_1_40' title="bbox 243 2760 1516 2834">
     <span class='ocr_line' id='line_1_40' title="bbox 243 2760 1516 2834; baseline -0.005 -16"><span class='ocrx_word' id='word_1_275' title='bbox 243 2766 340 2818; x_wconf 76' lang='grc' dir='ltr'>καὶ</span> <span class='ocrx_word' id='word_1_276' title='bbox 358 2762 468 2818; x_wconf 83' lang='grc' dir='ltr'>τῶν</span> <span class='ocrx_word' id='word_1_277' title='bbox 495 2764 681 2819; x_wconf 76' lang='grc' dir='ltr'>αἰτίων</span> <span class='ocrx_word' id='word_1_278' title='bbox 712 2764 1074 2819; x_wconf 77' lang='grc' dir='ltr'>διαϐάλλουσα</span> <span class='ocrx_word' id='word_1_279' title='bbox 1096 2764 1191 2834; x_wconf 82' lang='grc' dir='ltr'>τὴν</span> <span class='ocrx_word' id='word_1_280' title='bbox 1231 2760 1516 2831; x_wconf 81' lang='grc' dir='ltr'>πονηρίαν.</span> 
     </span>
    </p>
   </div>
   <div class='ocr_carea' id='block_1_41' title="bbox 244 2853 1741 2932">
    <p class='ocr_par' dir='ltr' id='par_1_41' title="bbox 244 2853 1741 2932">
     <span class='ocr_line' id='line_1_41' title="bbox 244 2853 1741 2932; baseline -0.004 -20"><span class='ocrx_word' id='word_1_281' title='bbox 244 2857 395 2932; x_wconf 80' lang='grc' dir='ltr'>[Ὅτι</span> <span class='ocrx_word' id='word_1_282' title='bbox 410 2859 560 2926; x_wconf 75' lang='grc' dir='ltr'>πρὸς</span> <span class='ocrx_word' id='word_1_283' title='bbox 580 2859 655 2911; x_wconf 82' lang='grc' dir='ltr'><strong>σὲ</strong></span> <span class='ocrx_word' id='word_1_284' title='bbox 682 2858 1106 2925; x_wconf 80' lang='grc' dir='ltr'>προσεύξομαι.</span> <span class='ocrx_word' id='word_1_285' title='bbox 1142 2857 1229 2909; x_wconf 85' lang='grc' dir='ltr'>Ἐν</span> <span class='ocrx_word' id='word_1_286' title='bbox 1254 2854 1569 2919; x_wconf 81' lang='grc' dir='ltr'>ἀπολαύσει,</span> <span class='ocrx_word' id='word_1_287' title='bbox 1592 2853 1741 2925; x_wconf 72' lang='grc' dir='ltr'><strong>φησὶι</strong></span> 
     </span>
    </p>
   </div>
   <div class='ocr_carea' id='block_1_42' title="bbox 166 2945 1748 3020">
    <p class='ocr_par' dir='ltr' id='par_1_42' title="bbox 166 2945 1748 3020">
     <span class='ocr_line' id='line_1_42' title="bbox 166 2945 1748 3020; baseline -0.003 -17"><span class='ocrx_word' id='word_1_288' title='bbox 166 2949 267 3004; x_wconf 81' lang='grc' dir='ltr'><strong>τοῦ</strong></span> <span class='ocrx_word' id='word_1_289' title='bbox 307 2949 498 3020; x_wconf 78' lang='grc' dir='ltr'>νοητοῦ</span> <span class='ocrx_word' id='word_1_290' title='bbox 550 2949 813 3019; x_wconf 82' lang='grc' dir='ltr'>γενομένη</span> <span class='ocrx_word' id='word_1_291' title='bbox 848 2948 1043 3016; x_wconf 80' lang='grc' dir='ltr'>φωτὸς,</span> <span class='ocrx_word' id='word_1_292' title='bbox 1099 2946 1465 3018; x_wconf 79' lang='grc' dir='ltr'>προσεύξομαί</span> <span class='ocrx_word' id='word_1_293' title='bbox 1510 2962 1628 2999; x_wconf 79' lang='grc' dir='ltr'>σοι’</span> <span class='ocrx_word' id='word_1_294' title='bbox 1669 2945 1748 2999; x_wconf 84' lang='grc' dir='ltr'>διδ</span> 
     </span>
    </p>
   </div>
   <div class='ocr_carea' id='block_1_43' title="bbox 171 3038 1046 3112">
    <p class='ocr_par' dir='ltr' id='par_1_43' title="bbox 171 3038 1046 3112">
     <span class='ocr_line' id='line_1_43' title="bbox 171 3038 1046 3112; baseline -0.006 -16"><span class='ocrx_word' id='word_1_295' title='bbox 171 3042 267 3096; x_wconf 76' lang='grc' dir='ltr'><strong>καὶ</strong></span> <span class='ocrx_word' id='word_1_296' title='bbox 300 3040 720 3112; x_wconf 84' lang='grc' dir='ltr'>είσακουσθῆναι</span> <span class='ocrx_word' id='word_1_297' title='bbox 760 3038 1046 3111; x_wconf 78' lang='grc' dir='ltr'>πιστεύω.]</span> 
     </span>
    </p>
   </div>
   <div class='ocr_carea' id='block_1_44' title="bbox 250 3132 1035 3203">
    <p class='ocr_par' dir='ltr' id='par_1_44' title="bbox 250 3132 1035 3203">
     <span class='ocr_line' id='line_1_44' title="bbox 250 3132 1035 3203; baseline 0 -15"><span class='ocrx_word' id='word_1_298' title='bbox 250 3133 326 3188; x_wconf 82' lang='grc' dir='ltr'><em>Τὰ</em></span> <span class='ocrx_word' id='word_1_299' title='bbox 344 3132 583 3203; x_wconf 73' lang='grc' dir='ltr'>ῥήματά</span> <span class='ocrx_word' id='word_1_300' title='bbox 599 3150 717 3202; x_wconf 86' lang='grc' dir='ltr'><strong>μου</strong></span> <span class='ocrx_word' id='word_1_301' title='bbox 740 3132 1035 3188; x_wconf 80' lang='grc' dir='ltr'>ἐνώτισαι.</span> 
     </span>
    </p>
   </div>
   <div class='ocr_carea' id='block_1_45' title="bbox 1849 1938 2637 1993">
    <p class='ocr_par' dir='ltr' id='par_1_45' title="bbox 1849 1938 2637 1993">
     <span class='ocr_line' id='line_1_45' title="bbox 1849 1938 2637 1993; baseline -0.003 0"><span class='ocrx_word' id='word_1_302' title='bbox 1849 1954 1971 1993; x_wconf 89' lang='lat' dir='ltr'><strong>mus</strong></span> <span class='ocrx_word' id='word_1_303' title='bbox 2001 1938 2055 1992; x_wconf 91' lang='lat' dir='ltr'><strong>in</strong></span> <span class='ocrx_word' id='word_1_304' title='bbox 2088 1948 2267 1992; x_wconf 84' lang='lat' dir='ltr'><strong>mente</strong></span> <span class='ocrx_word' id='word_1_305' title='bbox 2294 1948 2347 1993; x_wconf 88' lang='lat' dir='ltr'><strong>et</strong></span> <span class='ocrx_word' id='word_1_306' title='bbox 2374 1938 2429 1992; x_wconf 89' lang='lat' dir='ltr'><strong>in</strong></span> <span class='ocrx_word' id='word_1_307' title='bbox 2454 1939 2637 1993; x_wconf 87' lang='lat' dir='ltr'><strong>corde.</strong></span> 
     </span>
    </p>
   </div>
   <div class='ocr_carea' id='block_1_46' title="bbox 2415 2118 2858 2174">
    <p class='ocr_par' dir='ltr' id='par_1_46' title="bbox 2415 2118 2858 2174">
     <span class='ocr_line' id='line_1_46' title="bbox 2415 2118 2858 2174; baseline 0.002 -1"><span class='ocrx_word' id='word_1_308' title='bbox 2415 2118 2657 2174; x_wconf 80' lang='lat' dir='ltr'><strong>PSALM</strong></span> <span class='ocrx_word' id='word_1_309' title='bbox 2672 2118 2760 2174; x_wconf 89' lang='lat' dir='ltr'><strong>US</strong></span> <span class='ocrx_word' id='word_1_310' title='bbox 2797 2118 2858 2174; x_wconf 83' lang='lat' dir='ltr'><strong>V.</strong></span> 
     </span>
    </p>
   </div>
   <div class='ocr_carea' id='block_1_47' title="bbox 2427 2215 2829 2283">
    <p class='ocr_par' dir='ltr' id='par_1_47' title="bbox 2427 2215 2829 2283">
     <span class='ocr_line' id='line_1_47' title="bbox 2427 2215 2829 2283; baseline -0.002 -16"><span class='ocrx_word' id='word_1_311' title='bbox 2427 2215 2829 2283; x_wconf 81' lang='lat' dir='ltr'><strong>Argumentum.</strong></span> 
     </span>
    </p>
   </div>
   <div class='ocr_carea' id='block_1_48' title="bbox 1849 2304 3417 2377">
    <p class='ocr_par' dir='ltr' id='par_1_48' title="bbox 1849 2304 3417 2377">
     <span class='ocr_line' id='line_1_48' title="bbox 1849 2304 3417 2377; baseline 0.001 -17"><span class='ocrx_word' id='word_1_312' title='bbox 1849 2304 1980 2377; x_wconf 61' lang='lat' dir='ltr'><strong>Quae</strong></span> <span class='ocrx_word' id='word_1_313' title='bbox 2008 2306 2378 2361; x_wconf 62' lang='lat' dir='ltr'><strong>hereditatem</strong></span> <span class='ocrx_word' id='word_1_314' title='bbox 2409 2307 2627 2375; x_wconf 86' lang='lat' dir='ltr'><strong>accipit,</strong></span> <span class='ocrx_word' id='word_1_315' title='bbox 2659 2316 2742 2360; x_wconf 87' lang='lat' dir='ltr'><strong>est</strong></span> <span class='ocrx_word' id='word_1_316' title='bbox 2772 2306 2955 2361; x_wconf 86' lang='lat' dir='ltr'><strong>anima</strong></span> <span class='ocrx_word' id='word_1_317' title='bbox 2984 2306 3261 2377; x_wconf 78' lang='lat' dir='ltr'><strong>religiosa,</strong></span> <span class='ocrx_word' id='word_1_318' title='bbox 3304 2306 3417 2362; x_wconf 84' lang='lat' dir='ltr'><strong>sive</strong></span> 
     </span>
    </p>
   </div>
   <div class='ocr_carea' id='block_1_49' title="bbox 1921 2397 3423 2469">
    <p class='ocr_par' dir='ltr' id='par_1_49' title="bbox 1921 2397 3423 2469">
     <span class='ocr_line' id='line_1_49' title="bbox 1921 2397 3423 2469; baseline 0.003 -18"><span class='ocrx_word' id='word_1_319' title='bbox 1921 2398 2184 2453; x_wconf 85' lang='lat' dir='ltr'><strong>Ecclesia.</strong></span> <span class='ocrx_word' id='word_1_320' title='bbox 2220 2397 2359 2463; x_wconf 87' lang='lat' dir='ltr'><strong>Quid</strong></span> <span class='ocrx_word' id='word_1_321' title='bbox 2391 2408 2473 2453; x_wconf 90' lang='lat' dir='ltr'><strong>est</strong></span> <span class='ocrx_word' id='word_1_322' title='bbox 2499 2398 2645 2468; x_wconf 91' lang='lat' dir='ltr'><strong>quod</strong></span> <span class='ocrx_word' id='word_1_323' title='bbox 2674 2398 2989 2454; x_wconf 68' lang='lat' dir='ltr'><strong>haereditate</strong></span> <span class='ocrx_word' id='word_1_324' title='bbox 3019 2399 3260 2469; x_wconf 85' lang='lat' dir='ltr'><strong>accipit?</strong></span> <span class='ocrx_word' id='word_1_325' title='bbox 3288 2398 3423 2465; x_wconf 73' lang='lat' dir='ltr'><strong>Qua</strong></span> 
     </span>
    </p>
   </div>
   <div class='ocr_carea' id='block_1_50' title="bbox 1921 2489 3422 2556">
    <p class='ocr_par' dir='ltr' id='par_1_50' title="bbox 1921 2489 3422 2556">
     <span class='ocr_line' id='line_1_50' title="bbox 1921 2489 3422 2556; baseline 0.001 -13"><span class='ocrx_word' id='word_1_326' title='bbox 1921 2490 2103 2543; x_wconf 81' lang='lat' dir='ltr'><strong>oculus</strong></span> <span class='ocrx_word' id='word_1_327' title='bbox 2139 2505 2241 2543; x_wconf 88' lang='lat' dir='ltr'><strong>non</strong></span> <span class='ocrx_word' id='word_1_328' title='bbox 2274 2490 2427 2556; x_wconf 79' lang='lat' dir='ltr'><strong>vidit,</strong></span> <span class='ocrx_word' id='word_1_329' title='bbox 2482 2505 2573 2543; x_wconf 88' lang='lat' dir='ltr'><strong>nec</strong></span> <span class='ocrx_word' id='word_1_330' title='bbox 2626 2490 2775 2543; x_wconf 88' lang='lat' dir='ltr'><strong>auris</strong></span> <span class='ocrx_word' id='word_1_331' title='bbox 2824 2489 3046 2553; x_wconf 80' lang='lat' dir='ltr'><strong>audivit,</strong></span> <span class='ocrx_word' id='word_1_332' title='bbox 3102 2506 3195 2543; x_wconf 84' lang='lat' dir='ltr'><strong>nec</strong></span> <span class='ocrx_word' id='word_1_333' title='bbox 3221 2491 3274 2544; x_wconf 88' lang='lat' dir='ltr'><strong>in</strong></span> <span class='ocrx_word' id='word_1_334' title='bbox 3330 2507 3422 2545; x_wconf 89' lang='lat' dir='ltr'><strong>cor</strong></span> 
     </span>
    </p>
   </div>
   <div class='ocr_carea' id='block_1_51' title="bbox 1926 2581 3416 2653">
    <p class='ocr_par' dir='ltr' id='par_1_51' title="bbox 1926 2581 3416 2653">
     <span class='ocr_line' id='line_1_51' title="bbox 1926 2581 3416 2653; baseline 0.002 -18"><span class='ocrx_word' id='word_1_335' title='bbox 1926 2581 2157 2637; x_wconf 77' lang='lat' dir='ltr'><strong>hominis</strong></span> <span class='ocrx_word' id='word_1_336' title='bbox 2198 2582 2545 2637; x_wconf 86' lang='lat' dir='ltr'><strong>ascenderunt</strong></span> <span class='ocrx_word' id='word_1_337' title='bbox 2568 2583 2635 2637; x_wconf 76' lang='grc'><strong>⁷⁸.</strong></span> <span class='ocrx_word' id='word_1_338' title='bbox 2672 2581 2934 2638; x_wconf 88' lang='lat' dir='ltr'><strong>Precatur</strong></span> <span class='ocrx_word' id='word_1_339' title='bbox 2982 2591 3182 2646; x_wconf 87' lang='lat' dir='ltr'><strong>autem,</strong></span> <span class='ocrx_word' id='word_1_340' title='bbox 3235 2592 3416 2653; x_wconf 90' lang='lat' dir='ltr'><strong>atque,</strong></span> 
     </span>
    </p>
   </div>
   <div class='ocr_carea' id='block_1_52' title="bbox 1921 2671 3416 2741">
    <p class='ocr_par' dir='ltr' id='par_1_52' title="bbox 1921 2671 3416 2741">
     <span class='ocr_line' id='line_1_52' title="bbox 1921 2671 3416 2741; baseline 0.001 -16"><span class='ocrx_word' id='word_1_341' title='bbox 1921 2681 1981 2727; x_wconf 85' lang='lat' dir='ltr'><strong>ut</strong></span> <span class='ocrx_word' id='word_1_342' title='bbox 2012 2672 2357 2739; x_wconf 79' lang='lat' dir='ltr'><strong>exaudiatur,</strong></span> <span class='ocrx_word' id='word_1_343' title='bbox 2390 2681 2594 2727; x_wconf 91' lang='lat' dir='ltr'><strong>rectum</strong></span> <span class='ocrx_word' id='word_1_344' title='bbox 2644 2671 2728 2725; x_wconf 89' lang='lat' dir='ltr'><strong>sui</strong></span> <span class='ocrx_word' id='word_1_345' title='bbox 2773 2671 3112 2741; x_wconf 80' lang='lat' dir='ltr'><strong>prepositum</strong></span> <span class='ocrx_word' id='word_1_346' title='bbox 3160 2672 3416 2738; x_wconf 84' lang='lat' dir='ltr'><strong>declarat,</strong></span> 
     </span>
    </p>
   </div>
   <div class='ocr_carea' id='block_1_53' title="bbox 1923 2751 2801 2833">
    <p class='ocr_par' dir='ltr' id='par_1_53' title="bbox 1923 2751 2801 2833">
     <span class='ocr_line' id='line_1_53' title="bbox 1923 2751 2801 2833; baseline -0.007 -11"><span class='ocrx_word' id='word_1_347' title='bbox 1923 2773 1979 2822; x_wconf 88' lang='lat' dir='ltr'><strong>et</strong></span> <span class='ocrx_word' id='word_1_348' title='bbox 2010 2751 2447 2821; x_wconf 74' lang='lat' dir='ltr'><strong>adversariorum</strong></span> <span class='ocrx_word' id='word_1_349' title='bbox 2484 2764 2801 2833; x_wconf 86' lang='lat' dir='ltr'><strong>nequitiam.</strong></span> 
     </span>
    </p>
   </div>
   <div class='ocr_carea' id='block_1_54' title="bbox 1924 2854 3421 2929">
    <p class='ocr_par' dir='ltr' id='par_1_54' title="bbox 1924 2854 3421 2929">
     <span class='ocr_line' id='line_1_54' title="bbox 1924 2854 3421 2929; baseline 0.003 -20"><span class='ocrx_word' id='word_1_350' title='bbox 1924 2855 2234 2929; x_wconf 83' lang='lat' dir='ltr'><strong>[Quoniam</strong></span> <span class='ocrx_word' id='word_1_351' title='bbox 2287 2856 2354 2909; x_wconf 87' lang='lat' dir='ltr'><strong>ad</strong></span> <span class='ocrx_word' id='word_1_352' title='bbox 2391 2866 2438 2909; x_wconf 88' lang='lat' dir='ltr'><strong>te</strong></span> <span class='ocrx_word' id='word_1_353' title='bbox 2488 2855 2668 2909; x_wconf 84' lang='lat' dir='ltr'><strong>orabo.</strong></span> <span class='ocrx_word' id='word_1_354' title='bbox 2706 2854 3055 2926; x_wconf 81' lang='lat' dir='ltr'><strong>lntelligibili,</strong></span> <span class='ocrx_word' id='word_1_355' title='bbox 3095 2856 3291 2927; x_wconf 89' lang='lat' dir='ltr'><strong>inquit,</strong></span> <span class='ocrx_word' id='word_1_356' title='bbox 3335 2858 3421 2913; x_wconf 92' lang='lat' dir='ltr'><strong>lu-</strong></span> 
     </span>
    </p>
   </div>
   <div class='ocr_carea' id='block_1_55' title="bbox 1849 2947 3419 3019">
    <p class='ocr_par' dir='ltr' id='par_1_55' title="bbox 1849 2947 3419 3019">
     <span class='ocr_line' id='line_1_55' title="bbox 1849 2947 3419 3019; baseline 0 -15"><span class='ocrx_word' id='word_1_357' title='bbox 1849 2949 1996 3005; x_wconf 90' lang='lat' dir='ltr'><strong>mine</strong></span> <span class='ocrx_word' id='word_1_358' title='bbox 2024 2949 2285 3019; x_wconf 81' lang='lat' dir='ltr'><strong>gaudens,</strong></span> <span class='ocrx_word' id='word_1_359' title='bbox 2324 2948 2389 3002; x_wconf 88' lang='lat' dir='ltr'><strong>ad</strong></span> <span class='ocrx_word' id='word_1_360' title='bbox 2432 2957 2483 3002; x_wconf 86' lang='lat' dir='ltr'><strong>te</strong></span> <span class='ocrx_word' id='word_1_361' title='bbox 2518 2947 2708 3011; x_wconf 88' lang='lat' dir='ltr'><strong>orabo,</strong></span> <span class='ocrx_word' id='word_1_362' title='bbox 2760 2964 2825 3003; x_wconf 86' lang='lat' dir='ltr'><strong>ac</strong></span> <span class='ocrx_word' id='word_1_363' title='bbox 2861 2964 2947 3004; x_wconf 92' lang='lat' dir='ltr'><strong>me</strong></span> <span class='ocrx_word' id='word_1_364' title='bbox 2989 2949 3305 3004; x_wconf 77' lang='lat' dir='ltr'><strong>exauditum</strong></span> <span class='ocrx_word' id='word_1_365' title='bbox 3351 2949 3419 3004; x_wconf 93' lang='lat' dir='ltr'><strong>iri</strong></span> 
     </span>
    </p>
   </div>
   <div class='ocr_carea' id='block_1_56' title="bbox 1850 3036 2131 3109">
    <p class='ocr_par' dir='ltr' id='par_1_56' title="bbox 1850 3036 2131 3109">
     <span class='ocr_line' id='line_1_56' title="bbox 1850 3036 2131 3109; baseline -0.014 -16"><span class='ocrx_word' id='word_1_366' title='bbox 1850 3036 2131 3109; x_wconf 80' lang='lat' dir='ltr'><strong>conﬁdo.]</strong></span> 
     </span>
    </p>
   </div>
   <div class='ocr_carea' id='block_1_57' title="bbox 1927 3126 3007 3197">
    <p class='ocr_par' dir='ltr' id='par_1_57' title="bbox 1927 3126 3007 3197">
     <span class='ocr_line' id='line_1_57' title="bbox 1927 3126 3007 3197; baseline 0.001 -16"><span class='ocrx_word' id='word_1_367' title='bbox 1927 3128 2101 3183; x_wconf 85' lang='lat' dir='ltr'><strong>Verba</strong></span> <span class='ocrx_word' id='word_1_368' title='bbox 2124 3145 2239 3181; x_wconf 89' lang='lat' dir='ltr'><strong>mea</strong></span> <span class='ocrx_word' id='word_1_369' title='bbox 2270 3128 2487 3181; x_wconf 84' lang='lat' dir='ltr'><strong>auribus</strong></span> <span class='ocrx_word' id='word_1_370' title='bbox 2511 3130 2735 3197; x_wconf 82' lang='lat' dir='ltr'><strong>percipe,</strong></span> <span class='ocrx_word' id='word_1_371' title='bbox 2767 3126 3007 3183; x_wconf 89' lang='lat' dir='ltr'><strong>Domine.</strong></span> 
     </span>
    </p>
   </div>
   <div class='ocr_carea' id='block_1_58' title="bbox 251 3190 1752 3291">
    <p class='ocr_par' dir='ltr' id='par_1_58' title="bbox 251 3190 1746 3291">
     <span class='ocr_line' id='line_1_58' title="bbox 251 3190 1746 3291; baseline -0.007 -12"><span class='ocrx_word' id='word_1_372' title='bbox 251 3226 323 3279; x_wconf 81' lang='grc' dir='ltr'>Τό</span> <span class='ocrx_word' id='word_1_373' title='bbox 524 3190 725 3291; x_wconf 69' lang='lat' dir='ltr'><strong>rraan</strong></span> <span class='ocrx_word' id='word_1_374' title='bbox 734 3222 986 3291; x_wconf 81' lang='grc' dir='ltr'>τήσομαί</span> <span class='ocrx_word' id='word_1_375' title='bbox 1008 3238 1126 3276; x_wconf 90' lang='grc' dir='ltr'><em>σοι.</em></span> <span class='ocrx_word' id='word_1_376' title='bbox 1152 3221 1309 3287; x_wconf 84' lang='grc' dir='ltr'>Μέγα</span> <span class='ocrx_word' id='word_1_377' title='bbox 1326 3219 1561 3287; x_wconf 80' lang='grc' dir='ltr'><strong>ἀγωνίας</strong></span> <span class='ocrx_word' id='word_1_378' title='bbox 1579 3216 1746 3289; x_wconf 86' lang='grc' dir='ltr'>[μέγα</span> 
     </span>
    </p>
   </div>
   <div class='ocr_carea' id='block_1_59' title="bbox 1852 3190 3421 3291">
    <p class='ocr_par' dir='ltr' id='par_1_59' title="bbox 1924 3190 3421 3288">
     <span class='ocr_line' id='line_1_59' title="bbox 1924 3190 3421 3288; baseline -0.001 -13"><span class='ocrx_word' id='word_1_379' title='bbox 1924 3221 1977 3276; x_wconf 83' lang='grc'><strong>5.</strong></span> <span class='ocrx_word' id='word_1_380' title='bbox 2012 3219 2168 3274; x_wconf 83' lang='grc' dir='ltr'>Μαηε</span> <span class='ocrx_word' id='word_1_381' title='bbox 2192 3218 2377 3273; x_wconf 86' lang='lat' dir='ltr'><strong>astabo</strong></span> <span class='ocrx_word' id='word_1_382' title='bbox 2412 3190 2527 3273; x_wconf 68' lang='lat' dir='ltr'><strong>tibi.</strong></span> <span class='ocrx_word' id='word_1_383' title='bbox 2581 3190 2772 3288; x_wconf 77' lang='lat' dir='ltr'><strong>Magna</strong></span> <span class='ocrx_word' id='word_1_384' title='bbox 2814 3218 2981 3274; x_wconf 83' lang='lat' dir='ltr'><strong>studii</strong></span> <span class='ocrx_word' id='word_1_385' title='bbox 3013 3226 3067 3273; x_wconf 85' lang='lat' dir='ltr'><strong>et</strong></span> <span class='ocrx_word' id='word_1_386' title='bbox 3113 3220 3421 3273; x_wconf 88' lang='lat' dir='ltr'><strong>contentio-</strong></span> 
     </span>
    </p>
   </div>
   <div class='ocr_carea' id='block_1_60' title="bbox 172 3309 1747 3385">
    <p class='ocr_par' dir='ltr' id='par_1_60' title="bbox 172 3309 1747 3385">
     <span class='ocr_line' id='line_1_60' title="bbox 172 3309 1747 3385; baseline -0.006 -15"><span class='ocrx_word' id='word_1_387' title='bbox 172 3318 255 3380; x_wconf 74' lang='grc' dir='ltr'>εἷς</span> <span class='ocrx_word' id='word_1_388' title='bbox 285 3315 508 3385; x_wconf 81' lang='grc' dir='ltr'>ἁγνείας</span> <span class='ocrx_word' id='word_1_389' title='bbox 534 3312 741 3384; x_wconf 80' lang='lat' dir='ltr'><strong>Ambr.]</strong></span> <span class='ocrx_word' id='word_1_390' title='bbox 766 3314 1026 3383; x_wconf 75' lang='grc' dir='ltr'>καύχημα</span> <span class='ocrx_word' id='word_1_391' title='bbox 1055 3312 1115 3364; x_wconf 83' lang='grc' dir='ltr'><strong>τὸ</strong></span> <span class='ocrx_word' id='word_1_392' title='bbox 1152 3313 1215 3363; x_wconf 75' lang='grc' dir='ltr'>ἑκ</span> <span class='ocrx_word' id='word_1_393' title='bbox 1239 3311 1340 3380; x_wconf 83' lang='grc' dir='ltr'>τῆς</span> <span class='ocrx_word' id='word_1_394' title='bbox 1365 3310 1549 3379; x_wconf 88' lang='grc' dir='ltr'>κοίτης</span> <span class='ocrx_word' id='word_1_395' title='bbox 1578 3309 1747 3378; x_wconf 78' lang='grc' dir='ltr'>αὐτῆς</span> 
     </span>
    </p>
   </div>
   <div class='ocr_carea' id='block_1_61' title="bbox 176 3401 1747 3476">
    <p class='ocr_par' dir='ltr' id='par_1_61' title="bbox 176 3401 1747 3476">
     <span class='ocr_line' id='line_1_61' title="bbox 176 3401 1747 3476; baseline -0.004 -18"><span class='ocrx_word' id='word_1_396' title='bbox 176 3404 544 3476; x_wconf 82' lang='grc' dir='ltr'>παρίστασθαι</span> <span class='ocrx_word' id='word_1_397' title='bbox 583 3403 663 3476; x_wconf 80' lang='grc' dir='ltr'>τῷ</span> <span class='ocrx_word' id='word_1_398' title='bbox 694 3404 811 3476; x_wconf 86' lang='grc' dir='ltr'><strong>Θεῷ</strong></span> <span class='ocrx_word' id='word_1_399' title='bbox 841 3405 934 3458; x_wconf 74' lang='grc' dir='ltr'>καὶ</span> <span class='ocrx_word' id='word_1_400' title='bbox 963 3403 1184 3471; x_wconf 83' lang='grc' dir='ltr'>φθάνειν</span> <span class='ocrx_word' id='word_1_401' title='bbox 1212 3404 1269 3455; x_wconf 85' lang='grc' dir='ltr'><strong>ὲν</strong></span> <span class='ocrx_word' id='word_1_402' title='bbox 1304 3401 1624 3473; x_wconf 79' lang='grc' dir='ltr'>εὐχαριστίᾳ</span> <span class='ocrx_word' id='word_1_403' title='bbox 1656 3401 1747 3453; x_wconf 78' lang='grc' dir='ltr'><strong>τὸν</strong></span> 
     </span>
    </p>
   </div>
   <div class='ocr_carea' id='block_1_62' title="bbox 174 3494 1750 3569">
    <p class='ocr_par' dir='ltr' id='par_1_62' title="bbox 174 3494 1750 3569">
     <span class='ocr_line' id='line_1_62' title="bbox 174 3494 1750 3569; baseline -0.003 -18"><span class='ocrx_word' id='word_1_404' title='bbox 174 3498 345 3569; x_wconf 80' lang='grc' dir='ltr'>ἥλιον.</span> <span class='ocrx_word' id='word_1_405' title='bbox 380 3497 537 3551; x_wconf 81' lang='grc' dir='ltr'>Οῦτω</span> <span class='ocrx_word' id='word_1_406' title='bbox 564 3498 694 3569; x_wconf 78' lang='grc' dir='ltr'>γὰρ,</span> <span class='ocrx_word' id='word_1_407' title='bbox 730 3499 914 3568; x_wconf 77' lang='grc' dir='ltr'>φησὶν,</span> <span class='ocrx_word' id='word_1_408' title='bbox 946 3495 1217 3566; x_wconf 73' lang='grc' dir='ltr'>ἐπόψομαι</span> <span class='ocrx_word' id='word_1_409' title='bbox 1248 3494 1316 3548; x_wconf 81' lang='grc' dir='ltr'>τὰ</span> <span class='ocrx_word' id='word_1_410' title='bbox 1343 3494 1460 3548; x_wconf 84' lang='grc' dir='ltr'>θεῖα</span> <span class='ocrx_word' id='word_1_411' title='bbox 1498 3495 1590 3547; x_wconf 71' lang='grc' dir='ltr'>καὶ</span> <span class='ocrx_word' id='word_1_412' title='bbox 1618 3494 1750 3563; x_wconf 74' lang='grc' dir='ltr'>ἅγιά</span> 
     </span>
    </p>
   </div>
   <div class='ocr_carea' id='block_1_63' title="bbox 178 3586 1751 3661">
    <p class='ocr_par' dir='ltr' id='par_1_63' title="bbox 178 3586 1751 3661">
     <span class='ocr_line' id='line_1_63' title="bbox 178 3586 1751 3661; baseline -0.004 -17"><span class='ocrx_word' id='word_1_413' title='bbox 178 3606 271 3644; x_wconf 88' lang='grc' dir='ltr'><strong>σου</strong></span> <span class='ocrx_word' id='word_1_414' title='bbox 322 3592 596 3661; x_wconf 81' lang='grc' dir='ltr'>μυστήρια</span> <span class='ocrx_word' id='word_1_415' title='bbox 647 3589 682 3644; x_wconf 75' lang='grc' dir='ltr'>ἃ</span> <span class='ocrx_word' id='word_1_416' title='bbox 718 3591 1019 3660; x_wconf 80' lang='grc' dir='ltr'>ἡτοίμασας</span> <span class='ocrx_word' id='word_1_417' title='bbox 1070 3591 1181 3650; x_wconf 84' lang='grc' dir='ltr'>τοῖς</span> <span class='ocrx_word' id='word_1_418' title='bbox 1228 3586 1479 3655; x_wconf 85' lang='grc' dir='ltr'>ἁγαπῶσί</span> <span class='ocrx_word' id='word_1_419' title='bbox 1515 3604 1593 3639; x_wconf 89' lang='grc' dir='ltr'><strong>σε.</strong></span> <span class='ocrx_word' id='word_1_420' title='bbox 1631 3588 1751 3639; x_wconf 86' lang='grc' dir='ltr'>Ὅτι</span> 
     </span>
    </p>
   </div>
   <div class='ocr_carea' id='block_1_64' title="bbox 176 3675 1747 3750">
    <p class='ocr_par' dir='ltr' id='par_1_64' title="bbox 176 3675 1747 3750">
     <span class='ocr_line' id='line_1_64' title="bbox 176 3675 1747 3750; baseline -0.005 -13"><span class='ocrx_word' id='word_1_421' title='bbox 176 3682 313 3750; x_wconf 80' lang='grc' dir='ltr'><strong>οὐχὶ</strong></span> <span class='ocrx_word' id='word_1_422' title='bbox 344 3681 489 3747; x_wconf 84' lang='grc' dir='ltr'>Θεὸς</span> <span class='ocrx_word' id='word_1_423' title='bbox 511 3680 699 3734; x_wconf 74' lang='grc' dir='ltr'>θέλων</span> <span class='ocrx_word' id='word_1_424' title='bbox 724 3681 979 3747; x_wconf 79' lang='grc' dir='ltr'>ἀνομίαν</span> <span class='ocrx_word' id='word_1_425' title='bbox 998 3679 1079 3732; x_wconf 91' lang='grc' dir='ltr'><strong>σὺ</strong></span> <span class='ocrx_word' id='word_1_426' title='bbox 1105 3675 1176 3732; x_wconf 75' lang='grc' dir='ltr'><strong>εἷ.</strong></span> <span class='ocrx_word' id='word_1_427' title='bbox 1215 3678 1316 3731; x_wconf 83' lang='grc' dir='ltr'><strong>Διὰ</strong></span> <span class='ocrx_word' id='word_1_428' title='bbox 1346 3676 1526 3739; x_wconf 88' lang='grc' dir='ltr'>τοῦτο,</span> <span class='ocrx_word' id='word_1_429' title='bbox 1562 3678 1747 3748; x_wconf 72' lang='grc' dir='ltr'>φησὶν,</span> 
     </span>
    </p>
   </div>
   <div class='ocr_carea' id='block_1_65' title="bbox 174 3766 1748 3842">
    <p class='ocr_par' dir='ltr' id='par_1_65' title="bbox 174 3766 1748 3842">
     <span class='ocr_line' id='line_1_65' title="bbox 174 3766 1748 3842; baseline -0.004 -17"><span class='ocrx_word' id='word_1_430' title='bbox 174 3770 693 3841; x_wconf 78' lang='grc' dir='ltr'>ιίσακουσθήσεσθαι</span> <span class='ocrx_word' id='word_1_431' title='bbox 727 3770 933 3842; x_wconf 69' lang='grc' dir='ltr'>θαρρῶ,</span> <span class='ocrx_word' id='word_1_432' title='bbox 967 3770 1046 3822; x_wconf 82' lang='grc' dir='ltr'>ὅτι</span> <span class='ocrx_word' id='word_1_433' title='bbox 1076 3767 1184 3821; x_wconf 83' lang='grc' dir='ltr'><strong>τῶν</strong></span> <span class='ocrx_word' id='word_1_434' title='bbox 1216 3766 1471 3821; x_wconf 84' lang='grc' dir='ltr'>τοιούτων</span> <span class='ocrx_word' id='word_1_435' title='bbox 1498 3768 1598 3820; x_wconf 82' lang='grc' dir='ltr'><strong>οὐκ</strong></span> <span class='ocrx_word' id='word_1_436' title='bbox 1626 3770 1748 3821; x_wconf 81' lang='grc' dir='ltr'>ὲπι-</span> 
     </span>
    </p>
   </div>
   <div class='ocr_carea' id='block_1_66' title="bbox 174 3855 1746 3934">
    <p class='ocr_par' dir='ltr' id='par_1_66' title="bbox 174 3855 1746 3934">
     <span class='ocr_line' id='line_1_66' title="bbox 174 3855 1746 3934; baseline -0.002 -19"><span class='ocrx_word' id='word_1_437' title='bbox 174 3863 411 3934; x_wconf 84' lang='grc' dir='ltr'>τήδευσα</span> <span class='ocrx_word' id='word_1_438' title='bbox 430 3862 581 3915; x_wconf 82' lang='grc' dir='ltr'>οὐδὲν</span> <span class='ocrx_word' id='word_1_439' title='bbox 611 3855 684 3915; x_wconf 82' lang='grc' dir='ltr'>ὧν</span> <span class='ocrx_word' id='word_1_440' title='bbox 710 3863 1041 3932; x_wconf 82' lang='grc' dir='ltr'>μεμίσηκας.</span> <span class='ocrx_word' id='word_1_441' title='bbox 1066 3859 1250 3913; x_wconf 85' lang='grc' dir='ltr'>Ταῦτα</span> <span class='ocrx_word' id='word_1_442' title='bbox 1271 3860 1327 3912; x_wconf 88' lang='grc' dir='ltr'>δέ</span> <span class='ocrx_word' id='word_1_443' title='bbox 1355 3860 1501 3912; x_wconf 78' lang='grc' dir='ltr'>ἐστιν</span> <span class='ocrx_word' id='word_1_444' title='bbox 1530 3860 1746 3931; x_wconf 85' lang='grc' dir='ltr'>ἀνομία,</span> 
     </span>
    </p>
   </div>
   <div class='ocr_carea' id='block_1_67' title="bbox 176 3950 1746 4024">
    <p class='ocr_par' dir='ltr' id='par_1_67' title="bbox 176 3950 1746 4024">
     <span class='ocr_line' id='line_1_67' title="bbox 176 3950 1746 4024; baseline -0.003 -17"><span class='ocrx_word' id='word_1_445' title='bbox 176 3954 270 4008; x_wconf 76' lang='grc' dir='ltr'><strong>καὶ</strong></span> <span class='ocrx_word' id='word_1_446' title='bbox 299 3952 551 4023; x_wconf 76' lang='grc' dir='ltr'>πονηρία,</span> <span class='ocrx_word' id='word_1_447' title='bbox 576 3953 670 4006; x_wconf 68' lang='grc' dir='ltr'><strong>καὶ</strong></span> <span class='ocrx_word' id='word_1_448' title='bbox 692 3951 1024 4024; x_wconf 87' lang='grc' dir='ltr'>παρανομία,</span> <span class='ocrx_word' id='word_1_449' title='bbox 1057 3951 1149 4003; x_wconf 84' lang='grc' dir='ltr'><strong>καί</strong></span> <span class='ocrx_word' id='word_1_450' title='bbox 1177 3950 1390 4019; x_wconf 78' lang='grc' dir='ltr'>ψεῦδος,</span> <span class='ocrx_word' id='word_1_451' title='bbox 1406 3952 1500 4004; x_wconf 76' lang='grc' dir='ltr'><strong>καὶ</strong></span> <span class='ocrx_word' id='word_1_452' title='bbox 1535 3950 1746 4018; x_wconf 83' lang='grc' dir='ltr'>φθόνος,</span> 
     </span>
    </p>
   </div>
   <div class='ocr_carea' id='block_1_68' title="bbox 178 4044 468 4106">
    <p class='ocr_par' dir='ltr' id='par_1_68' title="bbox 178 4044 468 4106">
     <span class='ocr_line' id='line_1_68' title="bbox 178 4044 468 4106; baseline -0.01 -8"><span class='ocrx_word' id='word_1_453' title='bbox 178 4044 273 4098; x_wconf 77' lang='grc' dir='ltr'>καὶ</span> <span class='ocrx_word' id='word_1_454' title='bbox 298 4044 468 4106; x_wconf 86' lang='grc' dir='ltr'>δόλος.</span> 
     </span>
    </p>
   </div>
   <div class='ocr_carea' id='block_1_69' title="bbox 260 4132 1750 4204">
    <p class='ocr_par' dir='ltr' id='par_1_69' title="bbox 260 4132 1750 4204">
     <span class='ocr_line' id='line_1_69' title="bbox 260 4132 1750 4204; baseline -0.008 -16"><span class='ocrx_word' id='word_1_455' title='bbox 260 4136 589 4204; x_wconf 81' lang='grc' dir='ltr'>Ἐμίσησας</span> <span class='ocrx_word' id='word_1_456' title='bbox 622 4133 848 4197; x_wconf 80' lang='grc' dir='ltr'>πάντας</span> <span class='ocrx_word' id='word_1_457' title='bbox 873 4132 1013 4198; x_wconf 78' lang='grc' dir='ltr'>τοὺς</span> <span class='ocrx_word' id='word_1_458' title='bbox 1039 4132 1461 4202; x_wconf 80' lang='grc' dir='ltr'>ἐργαζομένους</span> <span class='ocrx_word' id='word_1_459' title='bbox 1482 4133 1596 4202; x_wconf 78' lang='grc' dir='ltr'><strong>τὴν</strong></span> <span class='ocrx_word' id='word_1_460' title='bbox 1613 4136 1750 4189; x_wconf 81' lang='grc' dir='ltr'><strong>ἀνο-</strong></span> 
     </span>
    </p>
   </div>
   <div class='ocr_carea' id='block_1_70' title="bbox 172 4221 1747 4297">
    <p class='ocr_par' dir='ltr' id='par_1_70' title="bbox 172 4221 1747 4297">
     <span class='ocr_line' id='line_1_70' title="bbox 172 4221 1747 4297; baseline -0.003 -17"><span class='ocrx_word' id='word_1_461' title='bbox 172 4227 341 4297; x_wconf 81' lang='grc' dir='ltr'>μίαν,</span> <span class='ocrx_word' id='word_1_462' title='bbox 372 4223 619 4289; x_wconf 74' lang='grc' dir='ltr'>ἀπολεῖς</span> <span class='ocrx_word' id='word_1_463' title='bbox 640 4221 868 4288; x_wconf 82' lang='grc' dir='ltr'>πάντας</span> <span class='ocrx_word' id='word_1_464' title='bbox 890 4223 1029 4288; x_wconf 83' lang='grc' dir='ltr'>τοὺς</span> <span class='ocrx_word' id='word_1_465' title='bbox 1053 4224 1396 4289; x_wconf 73' lang='grc' dir='ltr'>λαλοῦντας</span> <span class='ocrx_word' id='word_1_466' title='bbox 1416 4224 1479 4277; x_wconf 83' lang='grc' dir='ltr'>τὸ</span> <span class='ocrx_word' id='word_1_467' title='bbox 1503 4224 1747 4292; x_wconf 69' lang='grc' dir='ltr'>ψεῦδος.</span> 
     </span>
    </p>
   </div>
   <div class='ocr_carea' id='block_1_71' title="bbox 177 4314 1751 4388">
    <p class='ocr_par' dir='ltr' id='par_1_71' title="bbox 177 4314 1751 4388">
     <span class='ocr_line' id='line_1_71' title="bbox 177 4314 1751 4388; baseline -0.003 -18"><span class='ocrx_word' id='word_1_468' title='bbox 177 4318 319 4381; x_wconf 77' lang='grc' dir='ltr'>Τοὺς</span> <span class='ocrx_word' id='word_1_469' title='bbox 360 4318 460 4388; x_wconf 83' lang='grc' dir='ltr'><strong>μὲν</strong></span> <span class='ocrx_word' id='word_1_470' title='bbox 482 4319 538 4367; x_wconf 79' lang='grc' dir='ltr'>ὲν</span> <span class='ocrx_word' id='word_1_471' title='bbox 560 4318 623 4386; x_wconf 77' lang='grc' dir='ltr'>τῇ</span> <span class='ocrx_word' id='word_1_472' title='bbox 652 4315 899 4384; x_wconf 74' lang='grc' dir='ltr'>πολιτεία</span> <span class='ocrx_word' id='word_1_473' title='bbox 921 4314 1211 4378; x_wconf 84' lang='grc' dir='ltr'>πταίοντας</span> <span class='ocrx_word' id='word_1_474' title='bbox 1234 4316 1634 4385; x_wconf 76' lang='grc' dir='ltr'>ἐργαζομένους</span> <span class='ocrx_word' id='word_1_475' title='bbox 1655 4316 1751 4387; x_wconf 79' lang='grc' dir='ltr'>τὴν</span> 
     </span>
    </p>
   </div>
   <div class='ocr_carea' id='block_1_72' title="bbox 178 4404 1750 4477">
    <p class='ocr_par' dir='ltr' id='par_1_72' title="bbox 178 4404 1750 4477">
     <span class='ocr_line' id='line_1_72' title="bbox 178 4404 1750 4477; baseline -0.001 -17"><span class='ocrx_word' id='word_1_476' title='bbox 178 4407 413 4477; x_wconf 79' lang='grc' dir='ltr'>ἀνομίαν</span> <span class='ocrx_word' id='word_1_477' title='bbox 444 4406 753 4476; x_wconf 72' lang='grc' dir='ltr'>ὠνόμασενσ</span> <span class='ocrx_word' id='word_1_478' title='bbox 786 4404 1007 4469; x_wconf 81' lang='grc' dir='ltr'>τούτους</span> <span class='ocrx_word' id='word_1_479' title='bbox 1038 4405 1094 4457; x_wconf 81' lang='grc' dir='ltr'>δὲ</span> <span class='ocrx_word' id='word_1_480' title='bbox 1122 4408 1270 4475; x_wconf 81' lang='grc' dir='ltr'>μισεῖ</span> <span class='ocrx_word' id='word_1_481' title='bbox 1294 4407 1322 4457; x_wconf 87' lang='grc' dir='ltr'><strong>ό</strong></span> <span class='ocrx_word' id='word_1_482' title='bbox 1354 4406 1485 4469; x_wconf 87' lang='grc' dir='ltr'>Θεός</span> <span class='ocrx_word' id='word_1_483' title='bbox 1508 4422 1522 4436; x_wconf 92' lang='grc'><strong>·</strong></span> <span class='ocrx_word' id='word_1_484' title='bbox 1547 4408 1673 4469; x_wconf 79' lang='grc' dir='ltr'>τοὺς</span> <span class='ocrx_word' id='word_1_485' title='bbox 1694 4407 1750 4460; x_wconf 86' lang='grc' dir='ltr'>δὲ</span> 
     </span>
    </p>
   </div>
   <div class='ocr_carea' id='block_1_73' title="bbox 179 4495 1823 4588">
    <p class='ocr_par' dir='ltr' id='par_1_73' title="bbox 179 4495 1823 4588">
     <span class='ocr_line' id='line_1_73' title="bbox 179 4495 1823 4588; baseline -0.012 -20"><span class='ocrx_word' id='word_1_486' title='bbox 179 4498 559 4560; x_wconf 70' lang='grc' dir='ltr'><strong>ἀποπεσόντας</strong></span> <span class='ocrx_word' id='word_1_487' title='bbox 610 4498 709 4566; x_wconf 82' lang='grc' dir='ltr'>τῆς</span> <span class='ocrx_word' id='word_1_488' title='bbox 772 4498 1029 4569; x_wconf 84' lang='grc' dir='ltr'>ἀληθείας</span> <span class='ocrx_word' id='word_1_489' title='bbox 1067 4495 1406 4567; x_wconf 79' lang='grc' dir='ltr'>έτεροδόξους</span> <span class='ocrx_word' id='word_1_490' title='bbox 1458 4497 1748 4562; x_wconf 80' lang='grc' dir='ltr'>λαλοῦντας</span> <span class='ocrx_word' id='word_1_491' title='bbox 1780 4532 1823 4588; x_wconf 79' lang='lat' dir='ltr'><strong>D</strong></span> 
     </span>
    </p>
   </div>
   <div class='ocr_carea' id='block_1_74' title="bbox 177 4584 1746 4660">
    <p class='ocr_par' dir='ltr' id='par_1_74' title="bbox 177 4584 1746 4660">
     <span class='ocr_line' id='line_1_74' title="bbox 177 4584 1746 4660; baseline 0.001 -20"><span class='ocrx_word' id='word_1_492' title='bbox 177 4587 375 4658; x_wconf 70' lang='grc' dir='ltr'>ψεῦδος</span> <span class='ocrx_word' id='word_1_493' title='bbox 408 4584 580 4651; x_wconf 84' lang='grc' dir='ltr'>εἶπεν,</span> <span class='ocrx_word' id='word_1_494' title='bbox 619 4586 711 4652; x_wconf 75' lang='grc' dir='ltr'><strong>οὓς</strong></span> <span class='ocrx_word' id='word_1_495' title='bbox 748 4588 939 4642; x_wconf 82' lang='grc' dir='ltr'>ἀπολεῖ</span> <span class='ocrx_word' id='word_1_496' title='bbox 964 4590 991 4641; x_wconf 87' lang='grc' dir='ltr'><strong>ό</strong></span> <span class='ocrx_word' id='word_1_497' title='bbox 1020 4588 1169 4651; x_wconf 88' lang='grc' dir='ltr'>Θεός.</span> <span class='ocrx_word' id='word_1_498' title='bbox 1208 4589 1317 4641; x_wconf 73' lang='grc' dir='ltr'><strong>Καὶ</strong></span> <span class='ocrx_word' id='word_1_499' title='bbox 1365 4590 1517 4660; x_wconf 84' lang='grc' dir='ltr'>τήρει</span> <span class='ocrx_word' id='word_1_500' title='bbox 1560 4588 1746 4658; x_wconf 69' lang='grc' dir='ltr'>διαφο-</span> 
     </span>
    </p>
   </div>
   <div class='ocr_carea' id='block_1_75' title="bbox 185 4679 1752 4753">
    <p class='ocr_par' dir='ltr' id='par_1_75' title="bbox 185 4679 1752 4753">
     <span class='ocr_line' id='line_1_75' title="bbox 185 4679 1752 4753; baseline 0 -19"><span class='ocrx_word' id='word_1_501' title='bbox 185 4682 284 4753; x_wconf 78' lang='grc' dir='ltr'>ρὰν</span> <span class='ocrx_word' id='word_1_502' title='bbox 312 4679 428 4743; x_wconf 84' lang='grc' dir='ltr'>τοῦ,</span> <span class='ocrx_word' id='word_1_503' title='bbox 466 4680 783 4747; x_wconf 82' lang='grc' dir='ltr'>ἐμίσησας,</span> <span class='ocrx_word' id='word_1_504' title='bbox 816 4681 930 4744; x_wconf 75' lang='grc' dir='ltr'>καὶ,</span> <span class='ocrx_word' id='word_1_505' title='bbox 982 4680 1250 4745; x_wconf 63' lang='grc' dir='ltr'>ἀπολεῖς.</span> <span class='ocrx_word' id='word_1_506' title='bbox 1289 4679 1508 4752; x_wconf 82' lang='grc' dir='ltr'>Πρῶτον</span> <span class='ocrx_word' id='word_1_507' title='bbox 1561 4680 1659 4749; x_wconf 79' lang='grc' dir='ltr'><strong>μὲν</strong></span> <span class='ocrx_word' id='word_1_508' title='bbox 1704 4682 1752 4734; x_wconf 86' lang='grc' dir='ltr'><strong>εί</strong></span> 
     </span>
    </p>
   </div>
   <div class='ocr_carea' id='block_1_76' title="bbox 182 4769 1753 4841">
    <p class='ocr_par' dir='ltr' id='par_1_76' title="bbox 182 4769 1753 4841">
     <span class='ocr_line' id='line_1_76' title="bbox 182 4769 1753 4841; baseline 0.002 -20"><span class='ocrx_word' id='word_1_509' title='bbox 182 4773 363 4841; x_wconf 81' lang='grc' dir='ltr'>χεῖρον</span> <span class='ocrx_word' id='word_1_510' title='bbox 391 4770 474 4835; x_wconf 84' lang='grc' dir='ltr'><strong>τὸ,</strong></span> <span class='ocrx_word' id='word_1_511' title='bbox 498 4770 766 4836; x_wconf 73' lang='grc' dir='ltr'>ἀπολεῖς,</span> <span class='ocrx_word' id='word_1_512' title='bbox 795 4770 908 4831; x_wconf 84' lang='grc' dir='ltr'>τοῦ,</span> <span class='ocrx_word' id='word_1_513' title='bbox 939 4770 1236 4838; x_wconf 81' lang='grc' dir='ltr'>ἐμίσησας</span> <span class='ocrx_word' id='word_1_514' title='bbox 1261 4786 1275 4799; x_wconf 73' lang='grc' dir='ltr'><strong>ο</strong></span> <span class='ocrx_word' id='word_1_515' title='bbox 1320 4769 1565 4840; x_wconf 77' lang='grc' dir='ltr'>δεύτερον</span> <span class='ocrx_word' id='word_1_516' title='bbox 1582 4770 1637 4824; x_wconf 83' lang='grc' dir='ltr'>δὲ</span> <span class='ocrx_word' id='word_1_517' title='bbox 1664 4772 1753 4824; x_wconf 81' lang='grc' dir='ltr'>διὰ</span> 
     </span>
    </p>
   </div>
   <div class='ocr_carea' id='block_1_77' title="bbox 182 4861 1753 4935">
    <p class='ocr_par' dir='ltr' id='par_1_77' title="bbox 182 4861 1753 4935">
     <span class='ocr_line' id='line_1_77' title="bbox 182 4861 1753 4935; baseline 0.005 -23"><span class='ocrx_word' id='word_1_518' title='bbox 182 4861 235 4913; x_wconf 86' lang='grc' dir='ltr'><strong>τί</strong></span> <span class='ocrx_word' id='word_1_519' title='bbox 254 4862 315 4913; x_wconf 84' lang='grc' dir='ltr'>τδ</span> <span class='ocrx_word' id='word_1_520' title='bbox 351 4861 451 4930; x_wconf 82' lang='grc' dir='ltr'>μὲν</span> <span class='ocrx_word' id='word_1_521' title='bbox 476 4862 553 4924; x_wconf 84' lang='grc' dir='ltr'><strong>είς</strong></span> <span class='ocrx_word' id='word_1_522' title='bbox 590 4862 997 4932; x_wconf 80' lang='grc' dir='ltr'>παρεληλυθότα</span> <span class='ocrx_word' id='word_1_523' title='bbox 1028 4861 1201 4915; x_wconf 74' lang='grc' dir='ltr'>ἔκλινε</span> <span class='ocrx_word' id='word_1_524' title='bbox 1231 4863 1440 4935; x_wconf 80' lang='grc' dir='ltr'>χρόνον,</span> <span class='ocrx_word' id='word_1_525' title='bbox 1478 4865 1539 4916; x_wconf 86' lang='grc' dir='ltr'><strong>τὸ</strong></span> <span class='ocrx_word' id='word_1_526' title='bbox 1573 4865 1631 4918; x_wconf 81' lang='grc' dir='ltr'>δὲ</span> <span class='ocrx_word' id='word_1_527' title='bbox 1674 4870 1753 4930; x_wconf 84' lang='grc' dir='ltr'>εἰς</span> 
     </span>
    </p>
   </div>
   <div class='ocr_carea' id='block_1_78' title="bbox 188 4949 469 5019">
    <p class='ocr_par' dir='ltr' id='par_1_78' title="bbox 188 4949 469 5019">
     <span class='ocr_line' id='line_1_78' title="bbox 188 4949 469 5019; baseline 0.007 -18"><span class='ocrx_word' id='word_1_528' title='bbox 188 4949 469 5019; x_wconf 69' lang='grc' dir='ltr'>μέλλοντα.</span> 
     </span>
    </p>
   </div>
   <div class='ocr_carea' id='block_1_79' title="bbox 258 5038 1743 5113">
    <p class='ocr_par' dir='ltr' id='par_1_79' title="bbox 258 5038 1743 5113">
     <span class='ocr_line' id='line_1_79' title="bbox 258 5038 1743 5113; baseline 0.003 -20"><span class='ocrx_word' id='word_1_529' title='bbox 258 5038 608 5113; x_wconf 83' lang='grc' dir='ltr'>[Δαλοῦντας</span> <span class='ocrx_word' id='word_1_530' title='bbox 638 5038 847 5110; x_wconf 74' lang='grc' dir='ltr'>ψεῦδος,</span> <span class='ocrx_word' id='word_1_531' title='bbox 880 5040 974 5091; x_wconf 71' lang='grc' dir='ltr'><strong>καὶ</strong></span> <span class='ocrx_word' id='word_1_532' title='bbox 1000 5039 1124 5101; x_wconf 74' lang='grc' dir='ltr'>τοὺς</span> <span class='ocrx_word' id='word_1_533' title='bbox 1152 5039 1220 5092; x_wconf 75' lang='grc' dir='ltr'>τὰ</span> <span class='ocrx_word' id='word_1_534' title='bbox 1254 5041 1443 5095; x_wconf 69' lang='grc' dir='ltr'>εἴδωλα</span> <span class='ocrx_word' id='word_1_535' title='bbox 1488 5042 1743 5111; x_wconf 85' lang='grc' dir='ltr'>λέγοντας</span> 
     </span>
    </p>
   </div>
   <div class='ocr_carea' id='block_1_80' title="bbox 186 5130 1754 5201">
    <p class='ocr_par' dir='ltr' id='par_1_80' title="bbox 186 5130 1754 5201">
     <span class='ocr_line' id='line_1_80' title="bbox 186 5130 1754 5201; baseline 0.001 -16"><span class='ocrx_word' id='word_1_536' title='bbox 186 5130 343 5193; x_wconf 79' lang='grc' dir='ltr'>θεοὺς</span> <span class='ocrx_word' id='word_1_537' title='bbox 360 5171 375 5195; x_wconf 91' lang='grc'><strong>,</strong></span> <span class='ocrx_word' id='word_1_538' title='bbox 402 5131 498 5184; x_wconf 75' lang='grc' dir='ltr'>καὶ</span> <span class='ocrx_word' id='word_1_539' title='bbox 533 5132 727 5194; x_wconf 77' lang='grc' dir='ltr'>αὐτοὺς</span> <span class='ocrx_word' id='word_1_540' title='bbox 747 5132 872 5194; x_wconf 78' lang='grc' dir='ltr'>τοὺς</span> <span class='ocrx_word' id='word_1_541' title='bbox 896 5130 1175 5201; x_wconf 87' lang='grc' dir='ltr'>δαίμονας,</span> <span class='ocrx_word' id='word_1_542' title='bbox 1212 5132 1336 5194; x_wconf 75' lang='grc' dir='ltr'>τοὺς</span> <span class='ocrx_word' id='word_1_543' title='bbox 1364 5134 1419 5185; x_wconf 79' lang='grc' dir='ltr'>ὲν</span> <span class='ocrx_word' id='word_1_544' title='bbox 1448 5136 1561 5195; x_wconf 81' lang='grc' dir='ltr'>τοῖς</span> <span class='ocrx_word' id='word_1_545' title='bbox 1605 5134 1754 5186; x_wconf 84' lang='grc' dir='ltr'><strong>εἰδώ-</strong></span> 
     </span>
    </p>
   </div>
   <div class='ocr_carea' id='block_1_81' title="bbox 186 5222 1753 5299">
    <p class='ocr_par' dir='ltr' id='par_1_81' title="bbox 186 5222 1753 5299">
     <span class='ocr_line' id='line_1_81' title="bbox 186 5222 1753 5299; baseline 0.002 -22"><span class='ocrx_word' id='word_1_546' title='bbox 186 5226 299 5287; x_wconf 83' lang='grc' dir='ltr'>λοις</span> <span class='ocrx_word' id='word_1_547' title='bbox 341 5223 593 5291; x_wconf 84' lang='grc' dir='ltr'>λέγοντας</span> <span class='ocrx_word' id='word_1_548' title='bbox 635 5224 825 5293; x_wconf 82' lang='grc' dir='ltr'>λόγους</span> <span class='ocrx_word' id='word_1_549' title='bbox 866 5222 1078 5291; x_wconf 80' lang='grc' dir='ltr'>ψευδεῖς</span> <span class='ocrx_word' id='word_1_550' title='bbox 1126 5226 1217 5276; x_wconf 73' lang='grc' dir='ltr'><strong>καὶ</strong></span> <span class='ocrx_word' id='word_1_551' title='bbox 1269 5224 1453 5291; x_wconf 73' lang='grc' dir='ltr'>λοξοὺς</span> <span class='ocrx_word' id='word_1_552' title='bbox 1496 5227 1588 5279; x_wconf 70' lang='grc' dir='ltr'><strong>καὶ</strong></span> <span class='ocrx_word' id='word_1_553' title='bbox 1618 5245 1753 5299; x_wconf 82' lang='grc' dir='ltr'>χρη-</span> 
     </span>
    </p>
   </div>
   <div class='ocr_carea' id='block_1_82' title="bbox 188 5310 408 5384">
    <p class='ocr_par' dir='ltr' id='par_1_82' title="bbox 188 5310 408 5384">
     <span class='ocr_line' id='line_1_82' title="bbox 188 5310 408 5384; baseline -0.005 -18"><span class='ocrx_word' id='word_1_554' title='bbox 188 5310 408 5384; x_wconf 77' lang='grc' dir='ltr'>σμούς.]</span> 
     </span>
    </p>
   </div>
   <div class='ocr_carea' id='block_1_83' title="bbox 264 5404 1753 5474">
    <p class='ocr_par' dir='ltr' id='par_1_83' title="bbox 264 5404 1753 5474">
     <span class='ocr_line' id='line_1_83' title="bbox 264 5404 1753 5474; baseline 0.001 -17"><span class='ocrx_word' id='word_1_555' title='bbox 264 5404 480 5471; x_wconf 79' lang='grc' dir='ltr'>Ἄνδρα</span> <span class='ocrx_word' id='word_1_556' title='bbox 523 5404 781 5474; x_wconf 67' lang='grc' dir='ltr'>αἱμάτων</span> <span class='ocrx_word' id='word_1_557' title='bbox 812 5405 908 5458; x_wconf 79' lang='grc' dir='ltr'><strong>καί</strong></span> <span class='ocrx_word' id='word_1_558' title='bbox 954 5405 1161 5459; x_wconf 78' lang='grc' dir='ltr'>δόλιον</span> <span class='ocrx_word' id='word_1_559' title='bbox 1198 5406 1609 5471; x_wconf 73' lang='grc' dir='ltr'>βδελύσσεται</span> <span class='ocrx_word' id='word_1_560' title='bbox 1639 5405 1753 5459; x_wconf 79' lang='grc' dir='ltr'><strong>Κύ-</strong></span> 
     </span>
    </p>
   </div>
   <div class='ocr_carea' id='block_1_84' title="bbox 181 5496 1753 5568">
    <p class='ocr_par' dir='ltr' id='par_1_84' title="bbox 181 5496 1753 5568">
     <span class='ocr_line' id='line_1_84' title="bbox 181 5496 1753 5568; baseline -0.001 -19"><span class='ocrx_word' id='word_1_561' title='bbox 181 5512 335 5565; x_wconf 86' lang='grc' dir='ltr'>ριος.</span> <span class='ocrx_word' id='word_1_562' title='bbox 365 5498 529 5549; x_wconf 77' lang='grc' dir='ltr'>Μισεϊ</span> <span class='ocrx_word' id='word_1_563' title='bbox 555 5496 662 5568; x_wconf 83' lang='grc' dir='ltr'>γὰρ</span> <span class='ocrx_word' id='word_1_564' title='bbox 698 5497 786 5549; x_wconf 78' lang='grc' dir='ltr'><strong>τὸν</strong></span> <span class='ocrx_word' id='word_1_565' title='bbox 814 5496 1049 5551; x_wconf 87' lang='grc' dir='ltr'>τοιοῦτον</span> <span class='ocrx_word' id='word_1_566' title='bbox 1077 5500 1106 5551; x_wconf 87' lang='grc' dir='ltr'><strong>ό</strong></span> <span class='ocrx_word' id='word_1_567' title='bbox 1136 5498 1266 5561; x_wconf 82' lang='grc' dir='ltr'>Θεὸς</span> <span class='ocrx_word' id='word_1_568' title='bbox 1294 5499 1386 5550; x_wconf 75' lang='grc' dir='ltr'>καὶ</span> <span class='ocrx_word' id='word_1_569' title='bbox 1418 5496 1753 5566; x_wconf 83' lang='grc' dir='ltr'>ἀποστρέφε-</span> 
     </span>
    </p>
   </div>
   <div class='ocr_carea' id='block_1_85' title="bbox 263 5607 696 5674">
    <p class='ocr_par' dir='ltr' id='par_1_85' title="bbox 263 5607 696 5674">
     <span class='ocr_line' id='line_1_85' title="bbox 263 5607 696 5674; baseline 0.009 -14"><span class='ocrx_word' id='word_1_570' title='bbox 263 5607 352 5659; x_wconf 81' lang='lat' dir='ltr'><strong>&quot;l</strong></span> <span class='ocrx_word' id='word_1_571' title='bbox 386 5607 516 5663; x_wconf 86' lang='lat' dir='ltr'><strong>Cor.</strong></span> <span class='ocrx_word' id='word_1_572' title='bbox 552 5624 613 5674; x_wconf 85' lang='grc' dir='ltr'><strong>ιι,</strong></span> <span class='ocrx_word' id='word_1_573' title='bbox 643 5611 696 5664; x_wconf 88' lang='lat'><strong>9.</strong></span> 
     </span>
    </p>
   </div>
   <div class='ocr_carea' id='block_1_86' title="bbox 1850 3310 3421 3383">
    <p class='ocr_par' dir='ltr' id='par_1_86' title="bbox 1850 3310 3421 3383">
     <span class='ocr_line' id='line_1_86' title="bbox 1850 3310 3421 3383; baseline -0.001 -14"><span class='ocrx_word' id='word_1_574' title='bbox 1850 3314 1937 3369; x_wconf 91' lang='lat' dir='ltr'><strong>nis</strong></span> <span class='ocrx_word' id='word_1_575' title='bbox 1988 3314 2179 3383; x_wconf 80' lang='lat' dir='ltr'><strong>gloria,</strong></span> <span class='ocrx_word' id='word_1_576' title='bbox 2232 3329 2298 3367; x_wconf 81' lang='lat' dir='ltr'><strong>ex</strong></span> <span class='ocrx_word' id='word_1_577' title='bbox 2338 3312 2458 3382; x_wconf 90' lang='lat' dir='ltr'><strong>ipso</strong></span> <span class='ocrx_word' id='word_1_578' title='bbox 2509 3311 2676 3368; x_wconf 87' lang='lat' dir='ltr'><strong>cubili</strong></span> <span class='ocrx_word' id='word_1_579' title='bbox 2728 3310 2840 3366; x_wconf 89' lang='lat' dir='ltr'><strong>Deo</strong></span> <span class='ocrx_word' id='word_1_580' title='bbox 2892 3326 2952 3367; x_wconf 82' lang='lat' dir='ltr'><strong>se</strong></span> <span class='ocrx_word' id='word_1_581' title='bbox 3000 3311 3213 3377; x_wconf 87' lang='lat' dir='ltr'><strong>sistere,</strong></span> <span class='ocrx_word' id='word_1_582' title='bbox 3272 3327 3336 3367; x_wconf 87' lang='lat' dir='ltr'><strong>ac</strong></span> <span class='ocrx_word' id='word_1_583' title='bbox 3364 3312 3421 3367; x_wconf 91' lang='lat' dir='ltr'><strong>in</strong></span> 
     </span>
    </p>
   </div>
   <div class='ocr_carea' id='block_1_87' title="bbox 1852 3402 3422 3477">
    <p class='ocr_par' dir='ltr' id='par_1_87' title="bbox 1852 3402 3422 3477">
     <span class='ocr_line' id='line_1_87' title="bbox 1852 3402 3422 3477; baseline -0.001 -19"><span class='ocrx_word' id='word_1_584' title='bbox 1852 3405 2149 3477; x_wconf 79' lang='lat' dir='ltr'><strong>gratiarum</strong></span> <span class='ocrx_word' id='word_1_585' title='bbox 2173 3405 2392 3458; x_wconf 89' lang='lat' dir='ltr'><strong>actione</strong></span> <span class='ocrx_word' id='word_1_586' title='bbox 2422 3404 2590 3457; x_wconf 89' lang='lat' dir='ltr'><strong>solem</strong></span> <span class='ocrx_word' id='word_1_587' title='bbox 2636 3412 2976 3472; x_wconf 70' lang='lat' dir='ltr'><strong>praevertere.</strong></span> <span class='ocrx_word' id='word_1_588' title='bbox 3014 3402 3105 3458; x_wconf 87' lang='lat' dir='ltr'><strong>Sic</strong></span> <span class='ocrx_word' id='word_1_589' title='bbox 3131 3404 3301 3467; x_wconf 89' lang='lat' dir='ltr'><strong>enim,</strong></span> <span class='ocrx_word' id='word_1_590' title='bbox 3336 3404 3422 3458; x_wconf 76' lang='lat' dir='ltr'><strong>in-</strong></span> 
     </span>
    </p>
   </div>
   <div class='ocr_carea' id='block_1_88' title="bbox 1852 3493 3420 3569">
    <p class='ocr_par' dir='ltr' id='par_1_88' title="bbox 1852 3493 3420 3569">
     <span class='ocr_line' id='line_1_88' title="bbox 1852 3493 3420 3569; baseline -0.002 -18"><span class='ocrx_word' id='word_1_591' title='bbox 1852 3498 1990 3569; x_wconf 90' lang='lat' dir='ltr'><strong>quit,</strong></span> <span class='ocrx_word' id='word_1_592' title='bbox 2041 3495 2237 3550; x_wconf 81' lang='lat' dir='ltr'><strong>videbo</strong></span> <span class='ocrx_word' id='word_1_593' title='bbox 2272 3494 2456 3549; x_wconf 89' lang='lat' dir='ltr'><strong>divina</strong></span> <span class='ocrx_word' id='word_1_594' title='bbox 2494 3502 2548 3549; x_wconf 92' lang='lat' dir='ltr'><strong>et</strong></span> <span class='ocrx_word' id='word_1_595' title='bbox 2590 3502 2778 3549; x_wconf 86' lang='lat' dir='ltr'><strong>sancta</strong></span> <span class='ocrx_word' id='word_1_596' title='bbox 2830 3502 2921 3547; x_wconf 89' lang='lat' dir='ltr'><strong>tua</strong></span> <span class='ocrx_word' id='word_1_597' title='bbox 2968 3493 3250 3565; x_wconf 83' lang='lat' dir='ltr'><strong>mysteria,</strong></span> <span class='ocrx_word' id='word_1_598' title='bbox 3297 3509 3420 3563; x_wconf 74' lang='lat' dir='ltr'><strong>quae</strong></span> 
     </span>
    </p>
   </div>
   <div class='ocr_carea' id='block_1_89' title="bbox 1851 3584 3419 3658">
    <p class='ocr_par' dir='ltr' id='par_1_89' title="bbox 1851 3584 3419 3658">
     <span class='ocr_line' id='line_1_89' title="bbox 1851 3584 3419 3658; baseline -0.003 -15"><span class='ocrx_word' id='word_1_599' title='bbox 1851 3586 2165 3658; x_wconf 65' lang='lat' dir='ltr'><strong>praparasti</strong></span> <span class='ocrx_word' id='word_1_600' title='bbox 2212 3586 2561 3657; x_wconf 84' lang='lat' dir='ltr'><strong>diligentibus</strong></span> <span class='ocrx_word' id='word_1_601' title='bbox 2605 3595 2674 3640; x_wconf 90' lang='lat' dir='ltr'><strong>te.</strong></span> <span class='ocrx_word' id='word_1_602' title='bbox 2733 3584 2873 3651; x_wconf 86' lang='lat' dir='ltr'><strong>Quia</strong></span> <span class='ocrx_word' id='word_1_603' title='bbox 2914 3600 3016 3639; x_wconf 85' lang='lat' dir='ltr'><strong>non</strong></span> <span class='ocrx_word' id='word_1_604' title='bbox 3054 3584 3190 3639; x_wconf 87' lang='lat' dir='ltr'><strong>Deus</strong></span> <span class='ocrx_word' id='word_1_605' title='bbox 3247 3584 3419 3639; x_wconf 81' lang='lat' dir='ltr'><strong>volens</strong></span> 
     </span>
    </p>
   </div>
   <div class='ocr_carea' id='block_1_90' title="bbox 1851 3676 3419 3749">
    <p class='ocr_par' dir='ltr' id='par_1_90' title="bbox 1851 3676 3419 3749">
     <span class='ocr_line' id='line_1_90' title="bbox 1851 3676 3419 3749; baseline 0 -16"><span class='ocrx_word' id='word_1_606' title='bbox 1851 3682 2180 3747; x_wconf 79' lang='lat' dir='ltr'><strong>iniquitatem</strong></span> <span class='ocrx_word' id='word_1_607' title='bbox 2208 3690 2264 3733; x_wconf 90' lang='lat' dir='ltr'><strong>tu</strong></span> <span class='ocrx_word' id='word_1_608' title='bbox 2294 3696 2365 3734; x_wconf 87' lang='lat' dir='ltr'><strong>es.</strong></span> <span class='ocrx_word' id='word_1_609' title='bbox 2403 3676 2717 3749; x_wconf 88' lang='lat' dir='ltr'><strong>Propterea,</strong></span> <span class='ocrx_word' id='word_1_610' title='bbox 2757 3679 2952 3748; x_wconf 91' lang='lat' dir='ltr'><strong>inquit,</strong></span> <span class='ocrx_word' id='word_1_611' title='bbox 2987 3694 3072 3732; x_wconf 91' lang='lat' dir='ltr'><strong>me</strong></span> <span class='ocrx_word' id='word_1_612' title='bbox 3118 3679 3419 3734; x_wconf 83' lang='lat' dir='ltr'><strong>exaudien-</strong></span> 
     </span>
    </p>
   </div>
   <div class='ocr_carea' id='block_1_91' title="bbox 1853 3770 3419 3839">
    <p class='ocr_par' dir='ltr' id='par_1_91' title="bbox 1853 3770 3419 3839">
     <span class='ocr_line' id='line_1_91' title="bbox 1853 3770 3419 3839; baseline -0.002 -12"><span class='ocrx_word' id='word_1_613' title='bbox 1853 3773 1981 3827; x_wconf 91' lang='lat' dir='ltr'><strong>dum</strong></span> <span class='ocrx_word' id='word_1_614' title='bbox 2011 3786 2133 3826; x_wconf 90' lang='lat' dir='ltr'><strong>esse</strong></span> <span class='ocrx_word' id='word_1_615' title='bbox 2160 3772 2397 3831; x_wconf 78' lang='lat' dir='ltr'><strong>conﬁdo,</strong></span> <span class='ocrx_word' id='word_1_616' title='bbox 2432 3771 2559 3839; x_wconf 87' lang='lat' dir='ltr'><strong>quia</strong></span> <span class='ocrx_word' id='word_1_617' title='bbox 2599 3770 2909 3839; x_wconf 86' lang='lat' dir='ltr'><strong>hujusmodi</strong></span> <span class='ocrx_word' id='word_1_618' title='bbox 2944 3784 3149 3834; x_wconf 90' lang='lat' dir='ltr'><strong>rerum,</strong></span> <span class='ocrx_word' id='word_1_619' title='bbox 3193 3786 3331 3839; x_wconf 82' lang='lat' dir='ltr'><strong>quas</strong></span> <span class='ocrx_word' id='word_1_620' title='bbox 3361 3780 3419 3826; x_wconf 89' lang='lat' dir='ltr'><strong>tu</strong></span> 
     </span>
    </p>
   </div>
   <div class='ocr_carea' id='block_1_92' title="bbox 1850 3858 3421 3930">
    <p class='ocr_par' dir='ltr' id='par_1_92' title="bbox 1850 3858 3421 3930">
     <span class='ocr_line' id='line_1_92' title="bbox 1850 3858 3421 3930; baseline 0.001 -13"><span class='ocrx_word' id='word_1_621' title='bbox 1850 3863 2054 3929; x_wconf 91' lang='lat' dir='ltr'><strong>oderis,</strong></span> <span class='ocrx_word' id='word_1_622' title='bbox 2091 3863 2295 3918; x_wconf 87' lang='lat' dir='ltr'><strong>nullam</strong></span> <span class='ocrx_word' id='word_1_623' title='bbox 2332 3861 2498 3915; x_wconf 87' lang='lat' dir='ltr'><strong>habui</strong></span> <span class='ocrx_word' id='word_1_624' title='bbox 2531 3875 2745 3915; x_wconf 90' lang='lat' dir='ltr'><strong>curam.</strong></span> <span class='ocrx_word' id='word_1_625' title='bbox 2781 3858 2908 3915; x_wconf 66' lang='lat' dir='ltr'><strong>Haec</strong></span> <span class='ocrx_word' id='word_1_626' title='bbox 2936 3876 3103 3930; x_wconf 82' lang='lat' dir='ltr'><strong>porro</strong></span> <span class='ocrx_word' id='word_1_627' title='bbox 3148 3872 3278 3917; x_wconf 90' lang='lat' dir='ltr'><strong>sunt</strong></span> <span class='ocrx_word' id='word_1_628' title='bbox 3317 3862 3421 3918; x_wconf 87' lang='lat' dir='ltr'><strong>im-</strong></span> 
     </span>
    </p>
   </div>
   <div class='ocr_carea' id='block_1_93' title="bbox 1850 3952 3307 4027">
    <p class='ocr_par' dir='ltr' id='par_1_93' title="bbox 1850 3952 3307 4027">
     <span class='ocr_line' id='line_1_93' title="bbox 1850 3952 3307 4027; baseline -0.003 -16"><span class='ocrx_word' id='word_1_629' title='bbox 1850 3955 2116 4027; x_wconf 86' lang='lat' dir='ltr'><strong>probitas,</strong></span> <span class='ocrx_word' id='word_1_630' title='bbox 2158 3954 2441 4024; x_wconf 88' lang='lat' dir='ltr'><strong>iniquitas,</strong></span> <span class='ocrx_word' id='word_1_631' title='bbox 2474 3952 2843 4020; x_wconf 90' lang='lat' dir='ltr'><strong>mendacium,</strong></span> <span class='ocrx_word' id='word_1_632' title='bbox 2875 3952 3098 4020; x_wconf 86' lang='lat' dir='ltr'><strong>iuvidia,</strong></span> <span class='ocrx_word' id='word_1_633' title='bbox 3129 3953 3307 4009; x_wconf 86' lang='lat' dir='ltr'><strong>dolus.</strong></span> 
     </span>
    </p>
   </div>
   <div class='ocr_carea' id='block_1_94' title="bbox 1924 4126 3415 4197">
    <p class='ocr_par' dir='ltr' id='par_1_94' title="bbox 1924 4126 3415 4197">
     <span class='ocr_line' id='line_1_94' title="bbox 1924 4126 3415 4197; baseline 0.002 -18"><span class='ocrx_word' id='word_1_634' title='bbox 1924 4128 1975 4181; x_wconf 88' lang='lat'><strong>7.</strong></span> <span class='ocrx_word' id='word_1_635' title='bbox 2011 4127 2189 4181; x_wconf 87' lang='lat' dir='ltr'><strong>Odisti</strong></span> <span class='ocrx_word' id='word_1_636' title='bbox 2208 4143 2384 4181; x_wconf 86' lang='lat' dir='ltr'><strong>omnes</strong></span> <span class='ocrx_word' id='word_1_637' title='bbox 2414 4128 2505 4196; x_wconf 92' lang='lat' dir='ltr'><strong>qui</strong></span> <span class='ocrx_word' id='word_1_638' title='bbox 2529 4134 2814 4194; x_wconf 85' lang='lat' dir='ltr'><strong>operantur</strong></span> <span class='ocrx_word' id='word_1_639' title='bbox 2844 4126 3199 4196; x_wconf 87' lang='lat' dir='ltr'><strong>iniquitatem,</strong></span> <span class='ocrx_word' id='word_1_640' title='bbox 3233 4129 3415 4197; x_wconf 84' lang='lat' dir='ltr'><strong>perdes</strong></span> 
     </span>
    </p>
   </div>
   <div class='ocr_carea' id='block_1_95' title="bbox 1851 4214 3418 4286">
    <p class='ocr_par' dir='ltr' id='par_1_95' title="bbox 1851 4214 3418 4286">
     <span class='ocr_line' id='line_1_95' title="bbox 1851 4214 3418 4286; baseline -0.002 -13"><span class='ocrx_word' id='word_1_641' title='bbox 1851 4235 2026 4274; x_wconf 87' lang='lat' dir='ltr'><strong>omnes</strong></span> <span class='ocrx_word' id='word_1_642' title='bbox 2062 4218 2150 4286; x_wconf 88' lang='lat' dir='ltr'><strong>qui</strong></span> <span class='ocrx_word' id='word_1_643' title='bbox 2184 4217 2473 4285; x_wconf 85' lang='lat' dir='ltr'><strong>loquuntur</strong></span> <span class='ocrx_word' id='word_1_644' title='bbox 2502 4214 2851 4269; x_wconf 86' lang='lat' dir='ltr'><strong>mendacium.</strong></span> <span class='ocrx_word' id='word_1_645' title='bbox 2892 4214 2999 4271; x_wconf 85' lang='lat' dir='ltr'><strong>Eos</strong></span> <span class='ocrx_word' id='word_1_646' title='bbox 3028 4219 3119 4286; x_wconf 93' lang='lat' dir='ltr'><strong>qui</strong></span> <span class='ocrx_word' id='word_1_647' title='bbox 3170 4219 3223 4272; x_wconf 91' lang='lat' dir='ltr'><strong>in</strong></span> <span class='ocrx_word' id='word_1_648' title='bbox 3257 4218 3418 4273; x_wconf 85' lang='lat' dir='ltr'><strong>insti-</strong></span> 
     </span>
    </p>
   </div>
   <div class='ocr_carea' id='block_1_96' title="bbox 1851 4306 3418 4379">
    <p class='ocr_par' dir='ltr' id='par_1_96' title="bbox 1851 4306 3418 4379">
     <span class='ocr_line' id='line_1_96' title="bbox 1851 4306 3418 4379; baseline -0.001 -15"><span class='ocrx_word' id='word_1_649' title='bbox 1851 4321 1968 4365; x_wconf 91' lang='lat' dir='ltr'><strong>tuto</strong></span> <span class='ocrx_word' id='word_1_650' title='bbox 2001 4308 2123 4362; x_wconf 74' lang='lat' dir='ltr'><strong>vita:</strong></span> <span class='ocrx_word' id='word_1_651' title='bbox 2153 4323 2265 4361; x_wconf 71' lang='lat' dir='ltr'><strong>sua:</strong></span> <span class='ocrx_word' id='word_1_652' title='bbox 2294 4307 2573 4373; x_wconf 88' lang='lat' dir='ltr'><strong>labuntur,</strong></span> <span class='ocrx_word' id='word_1_653' title='bbox 2605 4306 2818 4361; x_wconf 80' lang='lat' dir='ltr'><strong>vocavit</strong></span> <span class='ocrx_word' id='word_1_654' title='bbox 2844 4316 3131 4375; x_wconf 88' lang='lat' dir='ltr'><strong>operantes</strong></span> <span class='ocrx_word' id='word_1_655' title='bbox 3162 4308 3418 4379; x_wconf 88' lang='lat' dir='ltr'><strong>iniquita-</strong></span> 
     </span>
    </p>
   </div>
   <div class='ocr_carea' id='block_1_97' title="bbox 1851 4394 3415 4455">
    <p class='ocr_par' dir='ltr' id='par_1_97' title="bbox 1851 4394 3415 4455">
     <span class='ocr_line' id='line_1_97' title="bbox 1851 4394 3415 4455; baseline -0.003 0"><span class='ocrx_word' id='word_1_656' title='bbox 1851 4411 1977 4455; x_wconf 89' lang='lat' dir='ltr'><strong>tem.</strong></span> <span class='ocrx_word' id='word_1_657' title='bbox 2012 4397 2121 4453; x_wconf 85' lang='lat' dir='ltr'><strong>Ilos</strong></span> <span class='ocrx_word' id='word_1_658' title='bbox 2164 4413 2293 4451; x_wconf 86' lang='lat' dir='ltr'><strong>vero</strong></span> <span class='ocrx_word' id='word_1_659' title='bbox 2326 4397 2451 4451; x_wconf 93' lang='lat' dir='ltr'><strong>odio</strong></span> <span class='ocrx_word' id='word_1_660' title='bbox 2502 4396 2663 4449; x_wconf 88' lang='lat' dir='ltr'><strong>habet</strong></span> <span class='ocrx_word' id='word_1_661' title='bbox 2698 4394 2860 4450; x_wconf 87' lang='lat' dir='ltr'><strong>Deus.</strong></span> <span class='ocrx_word' id='word_1_662' title='bbox 2912 4395 3281 4452; x_wconf 80' lang='lat' dir='ltr'><strong>Heterodoxos</strong></span> <span class='ocrx_word' id='word_1_663' title='bbox 3312 4414 3415 4452; x_wconf 88' lang='lat' dir='ltr'><strong>au-</strong></span> 
     </span>
    </p>
   </div>
   <div class='ocr_carea' id='block_1_98' title="bbox 1853 4486 3413 4559">
    <p class='ocr_par' dir='ltr' id='par_1_98' title="bbox 1853 4486 3413 4559">
     <span class='ocr_line' id='line_1_98' title="bbox 1853 4486 3413 4559; baseline -0.001 -14"><span class='ocrx_word' id='word_1_664' title='bbox 1853 4500 1983 4554; x_wconf 90' lang='lat' dir='ltr'><strong>tem,</strong></span> <span class='ocrx_word' id='word_1_665' title='bbox 2024 4490 2114 4559; x_wconf 89' lang='lat' dir='ltr'><strong>qui</strong></span> <span class='ocrx_word' id='word_1_666' title='bbox 2151 4503 2181 4543; x_wconf 89' lang='lat' dir='ltr'><strong>a</strong></span> <span class='ocrx_word' id='word_1_667' title='bbox 2220 4489 2444 4541; x_wconf 85' lang='lat' dir='ltr'><strong>veritate</strong></span> <span class='ocrx_word' id='word_1_668' title='bbox 2485 4486 2827 4553; x_wconf 80' lang='lat' dir='ltr'><strong>exciderunt,</strong></span> <span class='ocrx_word' id='word_1_669' title='bbox 2875 4488 3155 4557; x_wconf 88' lang='lat' dir='ltr'><strong>loquentes</strong></span> <span class='ocrx_word' id='word_1_670' title='bbox 3189 4488 3413 4543; x_wconf 88' lang='lat' dir='ltr'><strong>menda-</strong></span> 
     </span>
    </p>
   </div>
   <div class='ocr_carea' id='block_1_99' title="bbox 1851 4576 3415 4648">
    <p class='ocr_par' dir='ltr' id='par_1_99' title="bbox 1851 4576 3415 4648">
     <span class='ocr_line' id='line_1_99' title="bbox 1851 4576 3415 4648; baseline -0.002 -11"><span class='ocrx_word' id='word_1_671' title='bbox 1851 4582 1997 4637; x_wconf 91' lang='lat' dir='ltr'><strong>cium</strong></span> <span class='ocrx_word' id='word_1_672' title='bbox 2038 4587 2215 4641; x_wconf 86' lang='lat' dir='ltr'><strong>vocat,</strong></span> <span class='ocrx_word' id='word_1_673' title='bbox 2264 4592 2404 4648; x_wconf 89' lang='lat' dir='ltr'><strong>quos</strong></span> <span class='ocrx_word' id='word_1_674' title='bbox 2437 4577 2751 4646; x_wconf 88' lang='lat' dir='ltr'><strong>perditurus</strong></span> <span class='ocrx_word' id='word_1_675' title='bbox 2784 4584 2867 4631; x_wconf 92' lang='lat' dir='ltr'><strong>est</strong></span> <span class='ocrx_word' id='word_1_676' title='bbox 2916 4576 3075 4631; x_wconf 85' lang='lat' dir='ltr'><strong>Deus.</strong></span> <span class='ocrx_word' id='word_1_677' title='bbox 3111 4577 3285 4647; x_wconf 82' lang='lat' dir='ltr'><strong>Atque</strong></span> <span class='ocrx_word' id='word_1_678' title='bbox 3317 4581 3415 4634; x_wconf 85' lang='lat' dir='ltr'><strong>oh-</strong></span> 
     </span>
    </p>
   </div>
   <div class='ocr_carea' id='block_1_100' title="bbox 1854 4665 3414 4735">
    <p class='ocr_par' dir='ltr' id='par_1_100' title="bbox 1854 4665 3414 4735">
     <span class='ocr_line' id='line_1_100' title="bbox 1854 4665 3414 4735; baseline -0.001 -8"><span class='ocrx_word' id='word_1_679' title='bbox 1854 4686 2037 4728; x_wconf 83' lang='lat' dir='ltr'><strong>serves</strong></span> <span class='ocrx_word' id='word_1_680' title='bbox 2067 4668 2227 4722; x_wconf 86' lang='lat' dir='ltr'><strong>velim</strong></span> <span class='ocrx_word' id='word_1_681' title='bbox 2257 4666 2552 4723; x_wconf 84' lang='lat' dir='ltr'><strong>discrimen</strong></span> <span class='ocrx_word' id='word_1_682' title='bbox 2580 4666 2719 4719; x_wconf 89' lang='lat' dir='ltr'><strong>inter</strong></span> <span class='ocrx_word' id='word_1_683' title='bbox 2748 4665 2878 4720; x_wconf 86' lang='lat' dir='ltr'><strong>illud</strong></span> <span class='ocrx_word' id='word_1_684' title='bbox 2903 4684 2916 4718; x_wconf 90' lang='lat'>:</span> <span class='ocrx_word' id='word_1_685' title='bbox 2950 4665 3146 4735; x_wconf 86' lang='lat' dir='ltr'><strong>Odisti,</strong></span> <span class='ocrx_word' id='word_1_686' title='bbox 3179 4676 3233 4722; x_wconf 94' lang='lat' dir='ltr'><strong>et</strong></span> <span class='ocrx_word' id='word_1_687' title='bbox 3252 4668 3414 4725; x_wconf 88' lang='lat' dir='ltr'><strong>illud:</strong></span> 
     </span>
    </p>
   </div>
   <div class='ocr_carea' id='block_1_101' title="bbox 1856 4758 3418 4835">
    <p class='ocr_par' dir='ltr' id='par_1_101' title="bbox 1856 4758 3418 4835">
     <span class='ocr_line' id='line_1_101' title="bbox 1856 4758 3418 4835; baseline -0.001 -18"><span class='ocrx_word' id='word_1_688' title='bbox 1856 4764 2057 4835; x_wconf 86' lang='lat' dir='ltr'><strong>perdes.</strong></span> <span class='ocrx_word' id='word_1_689' title='bbox 2091 4759 2155 4814; x_wconf 87' lang='lat' dir='ltr'><strong>Et</strong></span> <span class='ocrx_word' id='word_1_690' title='bbox 2186 4760 2359 4829; x_wconf 88' lang='lat' dir='ltr'><strong>primo</strong></span> <span class='ocrx_word' id='word_1_691' title='bbox 2393 4758 2613 4829; x_wconf 93' lang='lat' dir='ltr'><strong>quidem</strong></span> <span class='ocrx_word' id='word_1_692' title='bbox 2645 4773 2713 4812; x_wconf 88' lang='lat' dir='ltr'><strong>an</strong></span> <span class='ocrx_word' id='word_1_693' title='bbox 2747 4758 2903 4824; x_wconf 85' lang='lat' dir='ltr'><strong>illud,</strong></span> <span class='ocrx_word' id='word_1_694' title='bbox 2931 4759 3134 4826; x_wconf 88' lang='lat' dir='ltr'><strong>perdes,</strong></span> <span class='ocrx_word' id='word_1_695' title='bbox 3172 4760 3325 4829; x_wconf 84' lang='lat' dir='ltr'><strong>pejus</strong></span> <span class='ocrx_word' id='word_1_696' title='bbox 3350 4760 3418 4816; x_wconf 89' lang='lat' dir='ltr'><strong>sit</strong></span> 
     </span>
    </p>
   </div>
   <div class='ocr_carea' id='block_1_102' title="bbox 1857 4848 3420 4924">
    <p class='ocr_par' dir='ltr' id='par_1_102' title="bbox 1857 4848 3420 4924">
     <span class='ocr_line' id='line_1_102' title="bbox 1857 4848 3420 4924; baseline -0.002 -15"><span class='ocrx_word' id='word_1_697' title='bbox 1857 4869 2020 4924; x_wconf 86' lang='lat' dir='ltr'><strong>quam</strong></span> <span class='ocrx_word' id='word_1_698' title='bbox 2059 4852 2209 4916; x_wconf 89' lang='lat' dir='ltr'><strong>illud,</strong></span> <span class='ocrx_word' id='word_1_699' title='bbox 2262 4850 2443 4903; x_wconf 82' lang='lat' dir='ltr'><strong>odisti.</strong></span> <span class='ocrx_word' id='word_1_700' title='bbox 2496 4848 2747 4903; x_wconf 89' lang='lat' dir='ltr'><strong>Secundo</strong></span> <span class='ocrx_word' id='word_1_701' title='bbox 2776 4848 2904 4918; x_wconf 89' lang='lat' dir='ltr'><strong>quid</strong></span> <span class='ocrx_word' id='word_1_702' title='bbox 2935 4864 3115 4904; x_wconf 69' lang='lat' dir='ltr'><strong>causa:</strong></span> <span class='ocrx_word' id='word_1_703' title='bbox 3148 4851 3238 4914; x_wconf 91' lang='lat' dir='ltr'><strong>sit,</strong></span> <span class='ocrx_word' id='word_1_704' title='bbox 3274 4852 3420 4919; x_wconf 91' lang='lat' dir='ltr'><strong>quod</strong></span> 
     </span>
    </p>
   </div>
   <div class='ocr_carea' id='block_1_103' title="bbox 1856 4939 3417 5015">
    <p class='ocr_par' dir='ltr' id='par_1_103' title="bbox 1856 4939 3417 5015">
     <span class='ocr_line' id='line_1_103' title="bbox 1856 4939 3417 5015; baseline -0.004 -14"><span class='ocrx_word' id='word_1_705' title='bbox 1856 4946 1987 5001; x_wconf 90' lang='lat' dir='ltr'><strong>illud</strong></span> <span class='ocrx_word' id='word_1_706' title='bbox 2024 4945 2077 4999; x_wconf 93' lang='lat' dir='ltr'><strong>in</strong></span> <span class='ocrx_word' id='word_1_707' title='bbox 2105 4944 2377 5015; x_wconf 76' lang='lat' dir='ltr'><strong>przeterito</strong></span> <span class='ocrx_word' id='word_1_708' title='bbox 2425 4948 2691 5011; x_wconf 89' lang='lat' dir='ltr'><strong>tempore,</strong></span> <span class='ocrx_word' id='word_1_709' title='bbox 2746 4941 2851 4995; x_wconf 89' lang='lat' dir='ltr'><strong>hoc</strong></span> <span class='ocrx_word' id='word_1_710' title='bbox 2886 4941 2937 4995; x_wconf 94' lang='lat' dir='ltr'><strong>in</strong></span> <span class='ocrx_word' id='word_1_711' title='bbox 2990 4939 3175 4996; x_wconf 81' lang='lat' dir='ltr'><strong>futuro</strong></span> <span class='ocrx_word' id='word_1_712' title='bbox 3216 4944 3417 5012; x_wconf 86' lang='lat' dir='ltr'><strong>jaceat.</strong></span> 
     </span>
    </p>
   </div>
   <div class='ocr_carea' id='block_1_104' title="bbox 1930 5033 3421 5109">
    <p class='ocr_par' dir='ltr' id='par_1_104' title="bbox 1930 5033 3421 5109">
     <span class='ocr_line' id='line_1_104' title="bbox 1930 5033 3421 5109; baseline -0.001 -18"><span class='ocrx_word' id='word_1_713' title='bbox 1930 5035 2055 5109; x_wconf 87' lang='lat' dir='ltr'><strong>[Qui</strong></span> <span class='ocrx_word' id='word_1_714' title='bbox 2081 5036 2375 5106; x_wconf 87' lang='lat' dir='ltr'><strong>loquuntur</strong></span> <span class='ocrx_word' id='word_1_715' title='bbox 2404 5033 2768 5096; x_wconf 89' lang='lat' dir='ltr'><strong>mendacium,</strong></span> <span class='ocrx_word' id='word_1_716' title='bbox 2812 5042 2866 5088; x_wconf 92' lang='lat' dir='ltr'><strong>et</strong></span> <span class='ocrx_word' id='word_1_717' title='bbox 2898 5033 2993 5104; x_wconf 87' lang='lat' dir='ltr'><strong>qui</strong></span> <span class='ocrx_word' id='word_1_718' title='bbox 3042 5033 3233 5089; x_wconf 89' lang='lat' dir='ltr'><strong>dicunt</strong></span> <span class='ocrx_word' id='word_1_719' title='bbox 3277 5034 3421 5089; x_wconf 86' lang='lat' dir='ltr'><strong>idola</strong></span> 
     </span>
    </p>
   </div>
   <div class='ocr_carea' id='block_1_105' title="bbox 1856 5127 3422 5199">
    <p class='ocr_par' dir='ltr' id='par_1_105' title="bbox 1856 5127 3422 5199">
     <span class='ocr_line' id='line_1_105' title="bbox 1856 5127 3422 5199; baseline -0.002 -13"><span class='ocrx_word' id='word_1_720' title='bbox 1856 5146 1977 5186; x_wconf 87' lang='lat' dir='ltr'><strong>esse</strong></span> <span class='ocrx_word' id='word_1_721' title='bbox 2006 5130 2160 5195; x_wconf 90' lang='lat' dir='ltr'><strong>deos,</strong></span> <span class='ocrx_word' id='word_1_722' title='bbox 2189 5138 2350 5199; x_wconf 91' lang='lat' dir='ltr'><strong>atque</strong></span> <span class='ocrx_word' id='word_1_723' title='bbox 2384 5127 2533 5197; x_wconf 89' lang='lat' dir='ltr'><strong>ipsos</strong></span> <span class='ocrx_word' id='word_1_724' title='bbox 2565 5127 2860 5191; x_wconf 66' lang='lat' dir='ltr'><strong>daemones,</strong></span> <span class='ocrx_word' id='word_1_725' title='bbox 2892 5128 2987 5198; x_wconf 92' lang='lat' dir='ltr'><strong>qui</strong></span> <span class='ocrx_word' id='word_1_726' title='bbox 3034 5128 3088 5182; x_wconf 95' lang='lat' dir='ltr'><strong>in</strong></span> <span class='ocrx_word' id='word_1_727' title='bbox 3138 5129 3297 5185; x_wconf 89' lang='lat' dir='ltr'><strong>idolis</strong></span> <span class='ocrx_word' id='word_1_728' title='bbox 3340 5130 3422 5184; x_wconf 89' lang='lat' dir='ltr'><strong>di-</strong></span> 
     </span>
    </p>
   </div>
   <div class='ocr_carea' id='block_1_106' title="bbox 1855 5218 2959 5292">
    <p class='ocr_par' dir='ltr' id='par_1_106' title="bbox 1855 5218 2959 5292">
     <span class='ocr_line' id='line_1_106' title="bbox 1855 5218 2959 5292; baseline -0.005 -14"><span class='ocrx_word' id='word_1_729' title='bbox 1855 5230 1985 5278; x_wconf 91' lang='lat' dir='ltr'><strong>cunt</strong></span> <span class='ocrx_word' id='word_1_730' title='bbox 2017 5219 2322 5284; x_wconf 87' lang='lat' dir='ltr'><strong>mendacia,</strong></span> <span class='ocrx_word' id='word_1_731' title='bbox 2352 5219 2568 5289; x_wconf 84' lang='lat' dir='ltr'><strong>obliqua</strong></span> <span class='ocrx_word' id='word_1_732' title='bbox 2608 5227 2663 5274; x_wconf 90' lang='lat' dir='ltr'><strong>et</strong></span> <span class='ocrx_word' id='word_1_733' title='bbox 2689 5218 2959 5292; x_wconf 80' lang='lat' dir='ltr'><strong>oracula.j</strong></span> 
     </span>
    </p>
   </div>
   <div class='ocr_carea' id='block_1_107' title="bbox 1925 5393 3421 5465">
    <p class='ocr_par' dir='ltr' id='par_1_107' title="bbox 1925 5393 3421 5465">
     <span class='ocr_line' id='line_1_107' title="bbox 1925 5393 3421 5465; baseline -0.004 -11"><span class='ocrx_word' id='word_1_734' title='bbox 1925 5400 1979 5454; x_wconf 91' lang='lat'><strong>8.</strong></span> <span class='ocrx_word' id='word_1_735' title='bbox 2017 5397 2201 5452; x_wconf 84' lang='lat' dir='ltr'><strong>Virum</strong></span> <span class='ocrx_word' id='word_1_736' title='bbox 2234 5394 2550 5465; x_wconf 88' lang='lat' dir='ltr'><strong>sanguinum</strong></span> <span class='ocrx_word' id='word_1_737' title='bbox 2581 5402 2631 5446; x_wconf 85' lang='lat' dir='ltr'><strong>et</strong></span> <span class='ocrx_word' id='word_1_738' title='bbox 2674 5393 2913 5447; x_wconf 84' lang='lat' dir='ltr'><strong>dolosum</strong></span> <span class='ocrx_word' id='word_1_739' title='bbox 2943 5397 3282 5451; x_wconf 83' lang='lat' dir='ltr'><strong>abominatur</strong></span> <span class='ocrx_word' id='word_1_740' title='bbox 3313 5396 3421 5449; x_wconf 90' lang='lat' dir='ltr'><strong>Do-</strong></span> 
     </span>
    </p>
   </div>
   <div class='ocr_carea' id='block_1_108' title="bbox 1856 5486 3425 5560">
    <p class='ocr_par' dir='ltr' id='par_1_108' title="bbox 1856 5486 3425 5560">
     <span class='ocr_line' id='line_1_108' title="bbox 1856 5486 3425 5560; baseline -0.003 -14"><span class='ocrx_word' id='word_1_741' title='bbox 1856 5494 2050 5546; x_wconf 86' lang='lat' dir='ltr'><strong>minus.</strong></span> <span class='ocrx_word' id='word_1_742' title='bbox 2096 5486 2424 5560; x_wconf 81' lang='lat' dir='ltr'><strong>Hujusmodi</strong></span> <span class='ocrx_word' id='word_1_743' title='bbox 2470 5487 2671 5558; x_wconf 89' lang='lat' dir='ltr'><strong>quippe</strong></span> <span class='ocrx_word' id='word_1_744' title='bbox 2703 5487 2978 5544; x_wconf 88' lang='lat' dir='ltr'><strong>hominem</strong></span> <span class='ocrx_word' id='word_1_745' title='bbox 3030 5490 3143 5544; x_wconf 91' lang='lat' dir='ltr'><strong>odit</strong></span> <span class='ocrx_word' id='word_1_746' title='bbox 3182 5489 3324 5544; x_wconf 90' lang='lat' dir='ltr'><strong>Deus</strong></span> <span class='ocrx_word' id='word_1_747' title='bbox 3372 5496 3425 5543; x_wconf 86' lang='lat' dir='ltr'><strong>et</strong></span> 
     </span>
    </p>
   </div>
   <div class='ocr_carea' id='block_1_109' title="bbox 266 5721 1968 5799">
    <p class='ocr_par' dir='ltr' id='par_1_109' title="bbox 266 5721 1968 5799">
     <span class='ocr_line' id='line_1_109' title="bbox 266 5721 1968 5799; baseline -0.005 -16"><span class='ocrx_word' id='word_1_748' title='bbox 266 5726 377 5799; x_wconf 75' lang='lat' dir='ltr'><strong>(i6)</strong></span> <span class='ocrx_word' id='word_1_749' title='bbox 407 5725 466 5781; x_wconf 84' lang='lat' dir='ltr'><strong>In</strong></span> <span class='ocrx_word' id='word_1_750' title='bbox 502 5727 690 5782; x_wconf 87' lang='lat' dir='ltr'><strong>codice</strong></span> <span class='ocrx_word' id='word_1_751' title='bbox 715 5727 871 5783; x_wconf 87' lang='lat' dir='ltr'><strong>Colb.</strong></span> <span class='ocrx_word' id='word_1_752' title='bbox 914 5725 945 5780; x_wconf 75' lang='grc'>3</span> <span class='ocrx_word' id='word_1_753' title='bbox 977 5727 1128 5781; x_wconf 73' lang='lat' dir='ltr'><strong>deest</strong></span> <span class='ocrx_word' id='word_1_754' title='bbox 1157 5741 1327 5781; x_wconf 90' lang='lat' dir='ltr'><strong>unum</strong></span> <span class='ocrx_word' id='word_1_755' title='bbox 1371 5734 1465 5782; x_wconf 85' lang='lat' dir='ltr'><strong>aut</strong></span> <span class='ocrx_word' id='word_1_756' title='bbox 1494 5725 1728 5781; x_wconf 79' lang='lat' dir='ltr'><strong>alterum</strong></span> <span class='ocrx_word' id='word_1_757' title='bbox 1751 5721 1968 5780; x_wconf 72' lang='lat' dir='ltr'><strong>folium.</strong></span> 
     </span>
    </p>
   </div>
   <div class='ocr_carea' id='block_1_110' title="bbox 431 5814 1202 5879">
    <p class='ocr_par' dir='ltr' id='par_1_110' title="bbox 431 5814 1202 5879">
     <span class='ocr_line' id='line_1_110' title="bbox 431 5814 1202 5879; baseline -0.003 -1"><span class='ocrx_word' id='word_1_758' title='bbox 431 5814 704 5878; x_wconf 75' lang='grc' dir='ltr'><strong>ΡΑτιοι.</strong></span> <span class='ocrx_word' id='word_1_759' title='bbox 768 5816 888 5879; x_wconf 67' lang='lat' dir='ltr'><strong>Gn.</strong></span> <span class='ocrx_word' id='word_1_760' title='bbox 942 5817 1202 5879; x_wconf 77' lang='lat' dir='ltr'><strong>XXVII.</strong></span> 
     </span>
    </p>
   </div>
  </div>
