  <div class='ocr_page' id='page_1' title='image "/cluster/home/n/w/nwhite01/storage/ocr_20150623/27/ien.35556001660521/049.png"; bbox 0 0 4032 6432; ppageno 0'>
   <div class='ocr_carea' id='block_1_1' title="bbox 615 365 3834 434">
    <p class='ocr_par' dir='ltr' id='par_1_1' title="bbox 615 365 3834 434">
     <span class='ocr_line' id='line_1_1' title="bbox 615 365 3834 434; baseline -0.002 -2"><span class='ocrx_word' id='word_1_1' title='bbox 615 377 686 434; x_wconf 75' lang='grc'><strong><em>75</em></strong></span> <span class='ocrx_word' id='word_1_2' title='bbox 1442 371 1497 426; x_wconf 89' lang='lat' dir='ltr'><strong><em>S.</em></strong></span> <span class='ocrx_word' id='word_1_3' title='bbox 1528 368 1897 426; x_wconf 75' lang='lat' dir='ltr'><strong><em>ATllANASll</em></strong></span> <span class='ocrx_word' id='word_1_4' title='bbox 1935 367 2086 424; x_wconf 79' lang='lat' dir='ltr'><strong><em>OPP.</em></strong></span> <span class='ocrx_word' id='word_1_5' title='bbox 2126 365 2307 422; x_wconf 73' lang='lat' dir='ltr'><strong>PARS</strong></span> <span class='ocrx_word' id='word_1_6' title='bbox 2347 368 2434 424; x_wconf 86' lang='grc' dir='ltr'><strong>ΙΙΙ.</strong></span> <span class='ocrx_word' id='word_1_7' title='bbox 2476 399 2544 410; x_wconf 91' lang='lat'><strong><em>--</em></strong></span> <span class='ocrx_word' id='word_1_8' title='bbox 2581 368 2991 426; x_wconf 78' lang='lat' dir='ltr'><strong><em>EXEGETICA.</em></strong></span> <span class='ocrx_word' id='word_1_9' title='bbox 3761 371 3834 426; x_wconf 81' lang='grc'><strong><em>76</em></strong></span> 
     </span>
    </p>
   </div>
   <div class='ocr_carea' id='block_1_2' title="bbox 621 479 2169 556">
    <p class='ocr_par' dir='ltr' id='par_1_2' title="bbox 621 479 2169 556">
     <span class='ocr_line' id='line_1_2' title="bbox 621 479 2169 556; baseline -0.009 -10"><span class='ocrx_word' id='word_1_10' title='bbox 621 495 926 546; x_wconf 75' lang='lat' dir='ltr'><strong><em>aversatur.</em></strong></span> <span class='ocrx_word' id='word_1_11' title='bbox 958 484 1068 556; x_wconf 85' lang='lat' dir='ltr'><strong><em>Ego</em></strong></span> <span class='ocrx_word' id='word_1_12' title='bbox 1109 496 1284 539; x_wconf 84' lang='lat' dir='ltr'><strong><em>autem</em></strong></span> <span class='ocrx_word' id='word_1_13' title='bbox 1322 483 1376 537; x_wconf 88' lang='lat' dir='ltr'><strong><em>in</em></strong></span> <span class='ocrx_word' id='word_1_14' title='bbox 1419 483 1760 536; x_wconf 88' lang='lat' dir='ltr'><strong><em>multitudine</em></strong></span> <span class='ocrx_word' id='word_1_15' title='bbox 1794 479 2169 534; x_wconf 64' lang='lat' dir='ltr'><strong><em>misericordia</em></strong></span> 
     </span>
    </p>
   </div>
   <div class='ocr_carea' id='block_1_3' title="bbox 2268 479 3837 556">
    <p class='ocr_par' dir='ltr' id='par_1_3' title="bbox 2269 479 3837 551">
     <span class='ocr_line' id='line_1_3' title="bbox 2269 479 3837 551; baseline 0.001 -17"><span class='ocrx_word' id='word_1_16' title='bbox 2269 498 2376 535; x_wconf 88' lang='grc' dir='ltr'>ται.</span> <span class='ocrx_word' id='word_1_17' title='bbox 2425 482 2562 551; x_wconf 74' lang='grc' dir='ltr'><strong><em>Ἐγὼ</em></strong></span> <span class='ocrx_word' id='word_1_18' title='bbox 2585 482 2653 535; x_wconf 90' lang='grc' dir='ltr'>δὲ</span> <span class='ocrx_word' id='word_1_19' title='bbox 2675 483 2744 536; x_wconf 86' lang='grc' dir='ltr'>ἐν</span> <span class='ocrx_word' id='word_1_20' title='bbox 2769 480 2984 546; x_wconf 68' lang='grc' dir='ltr'>πλήθει</span> <span class='ocrx_word' id='word_1_21' title='bbox 3010 480 3114 536; x_wconf 84' lang='grc' dir='ltr'>τοῦ</span> <span class='ocrx_word' id='word_1_22' title='bbox 3144 479 3360 548; x_wconf 74' lang='grc' dir='ltr'>ἐλέους</span> <span class='ocrx_word' id='word_1_23' title='bbox 3402 493 3518 534; x_wconf 89' lang='grc' dir='ltr'><strong><em>σου</em></strong></span> <span class='ocrx_word' id='word_1_24' title='bbox 3565 480 3837 535; x_wconf 60' lang='lat' dir='ltr'><strong><em>etacini—</em></strong></span> 
     </span>
    </p>
   </div>
   <div class='ocr_carea' id='block_1_4' title="bbox 618 573 2171 636">
    <p class='ocr_par' dir='ltr' id='par_1_4' title="bbox 618 573 2171 636">
     <span class='ocr_line' id='line_1_4' title="bbox 618 573 2171 636; baseline -0.006 0"><span class='ocrx_word' id='word_1_25' title='bbox 618 594 720 636; x_wconf 73' lang='lat' dir='ltr'><strong><em>tua:</em></strong></span> <span class='ocrx_word' id='word_1_26' title='bbox 750 579 975 635; x_wconf 88' lang='lat' dir='ltr'><strong><em>introibo</em></strong></span> <span class='ocrx_word' id='word_1_27' title='bbox 1004 580 1059 632; x_wconf 86' lang='lat' dir='ltr'><strong><em>in</em></strong></span> <span class='ocrx_word' id='word_1_28' title='bbox 1082 578 1294 631; x_wconf 87' lang='lat' dir='ltr'><strong><em>domum</em></strong></span> <span class='ocrx_word' id='word_1_29' title='bbox 1339 585 1503 630; x_wconf 88' lang='lat' dir='ltr'><strong><em>tuam.</em></strong></span> <span class='ocrx_word' id='word_1_30' title='bbox 1529 575 1814 631; x_wconf 69' lang='lat' dir='ltr'><strong><em>leestem</em></strong></span> <span class='ocrx_word' id='word_1_31' title='bbox 1852 574 1984 629; x_wconf 87' lang='lat' dir='ltr'><strong><em>dicit</em></strong></span> <span class='ocrx_word' id='word_1_32' title='bbox 2010 573 2171 627; x_wconf 80' lang='lat' dir='ltr'><strong><em>Jeru-</em></strong></span> 
     </span>
    </p>
   </div>
   <div class='ocr_carea' id='block_1_5' title="bbox 616 666 2174 743">
    <p class='ocr_par' dir='ltr' id='par_1_5' title="bbox 616 666 2174 743">
     <span class='ocr_line' id='line_1_5' title="bbox 616 666 2174 743; baseline -0.008 -13"><span class='ocrx_word' id='word_1_33' title='bbox 616 676 784 732; x_wconf 87' lang='lat' dir='ltr'><strong><em>salem</em></strong></span> <span class='ocrx_word' id='word_1_34' title='bbox 819 671 1302 743; x_wconf 75' lang='lat' dir='ltr'><strong><em>primogenitorum</em></strong></span> <span class='ocrx_word' id='word_1_35' title='bbox 1350 678 1598 722; x_wconf 89' lang='lat' dir='ltr'><strong><em>matrem.</em></strong></span> <span class='ocrx_word' id='word_1_36' title='bbox 1654 667 1897 720; x_wconf 79' lang='lat' dir='ltr'><strong><em>Adorabo</em></strong></span> <span class='ocrx_word' id='word_1_37' title='bbox 1941 666 2010 718; x_wconf 86' lang='lat' dir='ltr'><strong><em>ad</em></strong></span> <span class='ocrx_word' id='word_1_38' title='bbox 2044 675 2174 718; x_wconf 81' lang='lat' dir='ltr'><strong><em>tem-</em></strong></span> 
     </span>
    </p>
   </div>
   <div class='ocr_carea' id='block_1_6' title="bbox 614 756 2175 837">
    <p class='ocr_par' dir='ltr' id='par_1_6' title="bbox 614 756 2175 837">
     <span class='ocr_line' id='line_1_6' title="bbox 614 756 2175 837; baseline -0.006 -18"><span class='ocrx_word' id='word_1_39' title='bbox 614 767 760 837; x_wconf 84' lang='lat' dir='ltr'><strong><em>plum</em></strong></span> <span class='ocrx_word' id='word_1_40' title='bbox 800 773 1040 817; x_wconf 85' lang='lat' dir='ltr'><strong><em>sanctum</em></strong></span> <span class='ocrx_word' id='word_1_41' title='bbox 1085 770 1232 814; x_wconf 85' lang='lat' dir='ltr'><strong><em>tuum</em></strong></span> <span class='ocrx_word' id='word_1_42' title='bbox 1276 760 1328 813; x_wconf 85' lang='lat' dir='ltr'><strong><em>in</em></strong></span> <span class='ocrx_word' id='word_1_43' title='bbox 1371 760 1557 812; x_wconf 88' lang='lat' dir='ltr'><strong><em>timore</em></strong></span> <span class='ocrx_word' id='word_1_44' title='bbox 1599 767 1708 812; x_wconf 89' lang='lat' dir='ltr'><strong><em>tuo.</em></strong></span> <span class='ocrx_word' id='word_1_45' title='bbox 1779 756 2175 834; x_wconf 86' lang='lat' dir='ltr'><strong><em>Templumest</em></strong></span> 
     </span>
    </p>
   </div>
   <div class='ocr_carea' id='block_1_7' title="bbox 617 845 2169 918">
    <p class='ocr_par' dir='ltr' id='par_1_7' title="bbox 617 845 2169 918">
     <span class='ocr_line' id='line_1_7' title="bbox 617 845 2169 918; baseline -0.008 -7"><span class='ocrx_word' id='word_1_46' title='bbox 617 866 792 911; x_wconf 84' lang='lat' dir='ltr'><strong><em>status</em></strong></span> <span class='ocrx_word' id='word_1_47' title='bbox 829 855 1022 909; x_wconf 76' lang='lat' dir='ltr'><strong><em>animae</em></strong></span> <span class='ocrx_word' id='word_1_48' title='bbox 1048 861 1247 906; x_wconf 76' lang='lat' dir='ltr'><strong><em>sancta:</em></strong></span> <span class='ocrx_word' id='word_1_49' title='bbox 1275 859 1328 905; x_wconf 89' lang='lat' dir='ltr'><strong><em>et</em></strong></span> <span class='ocrx_word' id='word_1_50' title='bbox 1355 851 1552 904; x_wconf 83' lang='lat' dir='ltr'><strong><em>virtute</em></strong></span> <span class='ocrx_word' id='word_1_51' title='bbox 1589 848 1850 913; x_wconf 84' lang='lat' dir='ltr'><strong><em>ﬂorentis,</em></strong></span> <span class='ocrx_word' id='word_1_52' title='bbox 1882 862 2043 918; x_wconf 89' lang='lat' dir='ltr'><strong>quem</strong></span> <span class='ocrx_word' id='word_1_53' title='bbox 2078 845 2169 915; x_wconf 85' lang='lat' dir='ltr'><strong><em>qui</em></strong></span> 
     </span>
    </p>
   </div>
   <div class='ocr_carea' id='block_1_8' title="bbox 615 934 2173 1012">
    <p class='ocr_par' dir='ltr' id='par_1_8' title="bbox 615 934 2173 1012">
     <span class='ocr_line' id='line_1_8' title="bbox 615 934 2173 1012; baseline -0.01 -8"><span class='ocrx_word' id='word_1_54' title='bbox 615 948 862 1004; x_wconf 78' lang='lat' dir='ltr'><strong><em>obtinent</em></strong></span> <span class='ocrx_word' id='word_1_55' title='bbox 895 944 1121 999; x_wconf 91' lang='lat' dir='ltr'><strong><em>ﬁdenter</em></strong></span> <span class='ocrx_word' id='word_1_56' title='bbox 1153 950 1340 1012; x_wconf 75' lang='lat' dir='ltr'><strong><em>agunt.</em></strong></span> <span class='ocrx_word' id='word_1_57' title='bbox 1370 939 1622 994; x_wconf 82' lang='lat' dir='ltr'><strong><em>Christus</em></strong></span> <span class='ocrx_word' id='word_1_58' title='bbox 1654 947 1833 993; x_wconf 90' lang='lat' dir='ltr'><strong><em>autem</em></strong></span> <span class='ocrx_word' id='word_1_59' title='bbox 1866 946 2049 1007; x_wconf 82' lang='lat' dir='ltr'><strong><em>utpote</em></strong></span> <span class='ocrx_word' id='word_1_60' title='bbox 2082 934 2173 989; x_wconf 85' lang='lat' dir='ltr'><strong><em>Fi-</em></strong></span> 
     </span>
    </p>
   </div>
   <div class='ocr_carea' id='block_1_9' title="bbox 615 1027 2169 1102">
    <p class='ocr_par' dir='ltr' id='par_1_9' title="bbox 615 1027 2169 1102">
     <span class='ocr_line' id='line_1_9' title="bbox 615 1027 2169 1102; baseline -0.008 -10"><span class='ocrx_word' id='word_1_61' title='bbox 615 1039 724 1094; x_wconf 86' lang='lat' dir='ltr'><strong><em>lius</em></strong></span> <span class='ocrx_word' id='word_1_62' title='bbox 756 1037 810 1091; x_wconf 91' lang='lat' dir='ltr'><strong><em>in</em></strong></span> <span class='ocrx_word' id='word_1_63' title='bbox 849 1036 1011 1090; x_wconf 87' lang='lat' dir='ltr'><strong><em>domo</em></strong></span> <span class='ocrx_word' id='word_1_64' title='bbox 1061 1033 1181 1102; x_wconf 86' lang='lat' dir='ltr'><strong><em>ejus</em></strong></span> <span class='ocrx_word' id='word_1_65' title='bbox 1235 1031 1555 1100; x_wconf 89' lang='lat' dir='ltr'><strong><em>requiescet.</em></strong></span> <span class='ocrx_word' id='word_1_66' title='bbox 1605 1029 1766 1099; x_wconf 81' lang='lat' dir='ltr'><strong><em>cujus</em></strong></span> <span class='ocrx_word' id='word_1_67' title='bbox 1799 1042 1900 1083; x_wconf 88' lang='lat' dir='ltr'><strong><em>nos</em></strong></span> <span class='ocrx_word' id='word_1_68' title='bbox 1951 1027 2169 1082; x_wconf 88' lang='lat' dir='ltr'><strong><em>domus.</em></strong></span> 
     </span>
    </p>
   </div>
   <div class='ocr_carea' id='block_1_10' title="bbox 612 1121 2175 1191">
    <p class='ocr_par' dir='ltr' id='par_1_10' title="bbox 612 1121 2175 1191">
     <span class='ocr_line' id='line_1_10' title="bbox 612 1121 2175 1191; baseline -0.009 -6"><span class='ocrx_word' id='word_1_69' title='bbox 612 1130 749 1184; x_wconf 85' lang='lat' dir='ltr'><strong><em>Nam</em></strong></span> <span class='ocrx_word' id='word_1_70' title='bbox 779 1139 871 1184; x_wconf 89' lang='lat' dir='ltr'><strong><em>tua</em></strong></span> <span class='ocrx_word' id='word_1_71' title='bbox 901 1126 1084 1181; x_wconf 77' lang='lat' dir='ltr'><strong><em>fruens</em></strong></span> <span class='ocrx_word' id='word_1_72' title='bbox 1123 1122 1432 1187; x_wconf 88' lang='lat' dir='ltr'><strong><em>clementia,</em></strong></span> <span class='ocrx_word' id='word_1_73' title='bbox 1483 1129 1682 1191; x_wconf 89' lang='lat' dir='ltr'><strong><em>tuaque</em></strong></span> <span class='ocrx_word' id='word_1_74' title='bbox 1728 1121 1949 1175; x_wconf 80' lang='lat' dir='ltr'><strong><em>dextera</em></strong></span> <span class='ocrx_word' id='word_1_75' title='bbox 1993 1127 2175 1188; x_wconf 83' lang='lat' dir='ltr'><strong><em>prote-</em></strong></span> 
     </span>
    </p>
   </div>
   <div class='ocr_carea' id='block_1_11' title="bbox 614 1209 2171 1292">
    <p class='ocr_par' dir='ltr' id='par_1_11' title="bbox 614 1209 2171 1292">
     <span class='ocr_line' id='line_1_11' title="bbox 614 1209 2171 1292; baseline -0.009 -16"><span class='ocrx_word' id='word_1_76' title='bbox 614 1230 791 1292; x_wconf 76' lang='lat' dir='ltr'><strong><em>gente,</em></strong></span> <span class='ocrx_word' id='word_1_77' title='bbox 825 1216 1080 1272; x_wconf 88' lang='lat' dir='ltr'><strong><em>continua</em></strong></span> <span class='ocrx_word' id='word_1_78' title='bbox 1111 1214 1164 1268; x_wconf 92' lang='lat' dir='ltr'><strong><em>in</em></strong></span> <span class='ocrx_word' id='word_1_79' title='bbox 1194 1227 1350 1268; x_wconf 89' lang='lat' dir='ltr'><strong><em>sacro</em></strong></span> <span class='ocrx_word' id='word_1_80' title='bbox 1382 1212 1564 1281; x_wconf 74' lang='lat' dir='ltr'><strong><em>gloriae</em></strong></span> <span class='ocrx_word' id='word_1_81' title='bbox 1592 1223 1697 1266; x_wconf 69' lang='lat' dir='ltr'><strong><em>tua:</em></strong></span> <span class='ocrx_word' id='word_1_82' title='bbox 1734 1209 1932 1279; x_wconf 89' lang='lat' dir='ltr'><strong><em>templo</em></strong></span> <span class='ocrx_word' id='word_1_83' title='bbox 1960 1217 2011 1264; x_wconf 93' lang='lat' dir='ltr'><strong><em>te</em></strong></span> <span class='ocrx_word' id='word_1_84' title='bbox 2047 1222 2171 1277; x_wconf 89' lang='lat' dir='ltr'><strong><em>pro-</em></strong></span> 
     </span>
    </p>
   </div>
   <div class='ocr_carea' id='block_1_12' title="bbox 615 1302 2170 1384">
    <p class='ocr_par' dir='ltr' id='par_1_12' title="bbox 615 1302 2170 1384">
     <span class='ocr_line' id='line_1_12' title="bbox 615 1302 2170 1384; baseline -0.012 -14"><span class='ocrx_word' id='word_1_85' title='bbox 615 1327 813 1384; x_wconf 87' lang='lat' dir='ltr'><strong><em>sequor</em></strong></span> <span class='ocrx_word' id='word_1_86' title='bbox 840 1310 1174 1371; x_wconf 82' lang='lat' dir='ltr'><strong><em>adoratione,</em></strong></span> <span class='ocrx_word' id='word_1_87' title='bbox 1205 1305 1280 1360; x_wconf 85' lang='lat' dir='ltr'><strong><em>ait</em></strong></span> <span class='ocrx_word' id='word_1_88' title='bbox 1307 1312 1488 1360; x_wconf 79' lang='lat' dir='ltr'><strong><em>sancta</em></strong></span> <span class='ocrx_word' id='word_1_89' title='bbox 1520 1313 1574 1358; x_wconf 92' lang='lat' dir='ltr'><strong><em>et</em></strong></span> <span class='ocrx_word' id='word_1_90' title='bbox 1605 1318 1736 1373; x_wconf 88' lang='lat' dir='ltr'><strong><em>pura</em></strong></span> <span class='ocrx_word' id='word_1_91' title='bbox 1782 1302 1999 1365; x_wconf 89' lang='lat' dir='ltr'><strong><em>anima;</em></strong></span> <span class='ocrx_word' id='word_1_92' title='bbox 2047 1314 2170 1354; x_wconf 92' lang='lat' dir='ltr'><strong><em>cum</em></strong></span> 
     </span>
    </p>
   </div>
   <div class='ocr_carea' id='block_1_13' title="bbox 619 1392 2168 1464">
    <p class='ocr_par' dir='ltr' id='par_1_13' title="bbox 619 1392 2168 1464">
     <span class='ocr_line' id='line_1_13' title="bbox 619 1392 2168 1464; baseline -0.011 -4"><span class='ocrx_word' id='word_1_93' title='bbox 619 1405 765 1460; x_wconf 92' lang='lat' dir='ltr'><strong><em>enim</em></strong></span> <span class='ocrx_word' id='word_1_94' title='bbox 801 1405 1048 1455; x_wconf 85' lang='lat' dir='ltr'><strong><em>timorem</em></strong></span> <span class='ocrx_word' id='word_1_95' title='bbox 1095 1397 1170 1452; x_wconf 87' lang='lat' dir='ltr'><strong><em>ttti</em></strong></span> <span class='ocrx_word' id='word_1_96' title='bbox 1215 1395 1417 1464; x_wconf 78' lang='lat' dir='ltr'><strong><em>ubique</em></strong></span> <span class='ocrx_word' id='word_1_97' title='bbox 1454 1392 1856 1457; x_wconf 80' lang='lat' dir='ltr'><strong><em>circumferam,</em></strong></span> <span class='ocrx_word' id='word_1_98' title='bbox 1892 1405 2168 1461; x_wconf 80' lang='lat' dir='ltr'><strong><em>nunquam</em></strong></span> 
     </span>
    </p>
   </div>
   <div class='ocr_carea' id='block_1_14' title="bbox 607 1482 2168 1566">
    <p class='ocr_par' dir='ltr' id='par_1_14' title="bbox 607 1482 2168 1566">
     <span class='ocr_line' id='line_1_14' title="bbox 607 1482 2168 1566; baseline -0.012 -14"><span class='ocrx_word' id='word_1_99' title='bbox 607 1498 786 1566; x_wconf 83' lang='lat' dir='ltr'><strong><em>patiar</em></strong></span> <span class='ocrx_word' id='word_1_100' title='bbox 815 1501 875 1547; x_wconf 93' lang='lat' dir='ltr'><strong><em>ut</em></strong></span> <span class='ocrx_word' id='word_1_101' title='bbox 903 1506 1026 1546; x_wconf 91' lang='lat' dir='ltr'><strong><em>eum</em></strong></span> <span class='ocrx_word' id='word_1_102' title='bbox 1057 1489 1324 1554; x_wconf 90' lang='lat' dir='ltr'><strong><em>amittam,</em></strong></span> <span class='ocrx_word' id='word_1_103' title='bbox 1381 1496 1484 1541; x_wconf 68' lang='lat' dir='ltr'><strong><em>tuae</em></strong></span> <span class='ocrx_word' id='word_1_104' title='bbox 1527 1485 1802 1540; x_wconf 87' lang='lat' dir='ltr'><strong><em>conﬁdens</em></strong></span> <span class='ocrx_word' id='word_1_105' title='bbox 1848 1482 2168 1538; x_wconf 63' lang='lat' dir='ltr'><strong><em>clementiae.</em></strong></span> 
     </span>
    </p>
   </div>
   <div class='ocr_carea' id='block_1_15' title="bbox 613 1574 2168 1654">
    <p class='ocr_par' dir='ltr' id='par_1_15' title="bbox 613 1574 2168 1654">
     <span class='ocr_line' id='line_1_15' title="bbox 613 1574 2168 1654; baseline -0.01 -14"><span class='ocrx_word' id='word_1_106' title='bbox 613 1586 837 1654; x_wconf 84' lang='lat' dir='ltr'><strong><em>Propter</em></strong></span> <span class='ocrx_word' id='word_1_107' title='bbox 856 1582 1096 1636; x_wconf 84' lang='lat' dir='ltr'><strong><em>inimicos</em></strong></span> <span class='ocrx_word' id='word_1_108' title='bbox 1126 1595 1265 1633; x_wconf 87' lang='lat' dir='ltr'><strong><em>meos</em></strong></span> <span class='ocrx_word' id='word_1_109' title='bbox 1295 1578 1462 1646; x_wconf 83' lang='lat' dir='ltr'><strong><em>dirige</em></strong></span> <span class='ocrx_word' id='word_1_110' title='bbox 1500 1577 1557 1631; x_wconf 90' lang='lat' dir='ltr'><strong><em>in</em></strong></span> <span class='ocrx_word' id='word_1_111' title='bbox 1589 1576 1864 1645; x_wconf 79' lang='lat' dir='ltr'><strong><em>conspectu</em></strong></span> <span class='ocrx_word' id='word_1_112' title='bbox 1911 1584 2000 1628; x_wconf 90' lang='lat' dir='ltr'><strong><em>tuo</em></strong></span> <span class='ocrx_word' id='word_1_113' title='bbox 2029 1574 2168 1629; x_wconf 77' lang='lat' dir='ltr'><strong><em>viam</em></strong></span> 
     </span>
    </p>
   </div>
   <div class='ocr_carea' id='block_1_16' title="bbox 612 1667 2165 1744">
    <p class='ocr_par' dir='ltr' id='par_1_16' title="bbox 612 1667 2165 1744">
     <span class='ocr_line' id='line_1_16' title="bbox 612 1667 2165 1744; baseline -0.007 -13"><span class='ocrx_word' id='word_1_114' title='bbox 612 1693 798 1731; x_wconf 82' lang='lat' dir='ltr'><strong><em>meam.</em></strong></span> <span class='ocrx_word' id='word_1_115' title='bbox 834 1672 1155 1744; x_wconf 86' lang='lat' dir='ltr'><strong><em>Spirituales</em></strong></span> <span class='ocrx_word' id='word_1_116' title='bbox 1184 1671 1452 1725; x_wconf 86' lang='lat' dir='ltr'><strong><em>videlicet.</em></strong></span> <span class='ocrx_word' id='word_1_117' title='bbox 1499 1667 1603 1723; x_wconf 82' lang='lat' dir='ltr'><strong><em>Cor</em></strong></span> <span class='ocrx_word' id='word_1_118' title='bbox 1632 1684 1810 1723; x_wconf 89' lang='lat' dir='ltr'><strong><em>eorum</em></strong></span> <span class='ocrx_word' id='word_1_119' title='bbox 1845 1683 2036 1722; x_wconf 78' lang='lat' dir='ltr'><strong><em>uanum</em></strong></span> <span class='ocrx_word' id='word_1_120' title='bbox 2066 1677 2165 1721; x_wconf 89' lang='lat' dir='ltr'><strong><em>est.</em></strong></span> 
     </span>
    </p>
   </div>
   <div class='ocr_carea' id='block_1_17' title="bbox 610 1759 2169 1833">
    <p class='ocr_par' dir='ltr' id='par_1_17' title="bbox 610 1759 2169 1833">
     <span class='ocr_line' id='line_1_17' title="bbox 610 1759 2169 1833; baseline -0.008 -9"><span class='ocrx_word' id='word_1_121' title='bbox 610 1768 669 1824; x_wconf 87' lang='lat' dir='ltr'><strong><em>Id</em></strong></span> <span class='ocrx_word' id='word_1_122' title='bbox 695 1776 797 1832; x_wconf 88' lang='lat' dir='ltr'><strong><em>est,</em></strong></span> <span class='ocrx_word' id='word_1_123' title='bbox 824 1781 919 1820; x_wconf 88' lang='lat' dir='ltr'><strong><em>cor</em></strong></span> <span class='ocrx_word' id='word_1_124' title='bbox 952 1763 1275 1833; x_wconf 88' lang='lat' dir='ltr'><strong><em>sapientium</em></strong></span> <span class='ocrx_word' id='word_1_125' title='bbox 1307 1761 1471 1831; x_wconf 89' lang='lat' dir='ltr'><strong>hujus</strong></span> <span class='ocrx_word' id='word_1_126' title='bbox 1499 1760 1681 1816; x_wconf 61' lang='lat' dir='ltr'><strong><em>saeculi</em></strong></span> <span class='ocrx_word' id='word_1_127' title='bbox 1713 1777 1728 1825; x_wconf 88' lang='lat'><strong>;</strong></span> <span class='ocrx_word' id='word_1_128' title='bbox 1758 1767 1851 1813; x_wconf 92' lang='lat' dir='ltr'><strong><em>aut</em></strong></span> <span class='ocrx_word' id='word_1_129' title='bbox 1877 1759 2041 1815; x_wconf 87' lang='lat' dir='ltr'><strong><em>etiam</em></strong></span> <span class='ocrx_word' id='word_1_130' title='bbox 2067 1759 2169 1812; x_wconf 63' lang='lat' dir='ltr'><strong><em>bat-</em></strong></span> 
     </span>
    </p>
   </div>
   <div class='ocr_carea' id='block_1_18' title="bbox 2274 567 3840 642">
    <p class='ocr_par' dir='ltr' id='par_1_18' title="bbox 2274 567 3840 642">
     <span class='ocr_line' id='line_1_18' title="bbox 2274 567 3840 642; baseline -0.001 -16"><span class='ocrx_word' id='word_1_131' title='bbox 2274 587 2454 641; x_wconf 85' lang='grc' dir='ltr'>σομαι</span> <span class='ocrx_word' id='word_1_132' title='bbox 2473 575 2558 639; x_wconf 83' lang='grc' dir='ltr'><strong><em>είς</em></strong></span> <span class='ocrx_word' id='word_1_133' title='bbox 2590 573 2696 625; x_wconf 85' lang='grc' dir='ltr'>τὸν</span> <span class='ocrx_word' id='word_1_134' title='bbox 2723 567 2891 625; x_wconf 79' lang='grc' dir='ltr'>οἶκόν</span> <span class='ocrx_word' id='word_1_135' title='bbox 2918 585 3055 625; x_wconf 89' lang='grc' dir='ltr'>σου.</span> <span class='ocrx_word' id='word_1_136' title='bbox 3074 570 3184 642; x_wconf 68' lang='grc' dir='ltr'><strong><em>Τὴν</em></strong></span> <span class='ocrx_word' id='word_1_137' title='bbox 3212 569 3531 641; x_wconf 73' lang='grc' dir='ltr'><strong><em>ἐπουράνιον</em></strong></span> <span class='ocrx_word' id='word_1_138' title='bbox 3575 570 3840 640; x_wconf 83' lang='grc' dir='ltr'>Ἰερουσα-</span> 
     </span>
    </p>
   </div>
   <div class='ocr_carea' id='block_1_19' title="bbox 2272 660 3839 735">
    <p class='ocr_par' dir='ltr' id='par_1_19' title="bbox 2272 660 3839 735">
     <span class='ocr_line' id='line_1_19' title="bbox 2272 660 3839 735; baseline 0 -20"><span class='ocrx_word' id='word_1_139' title='bbox 2272 663 2382 734; x_wconf 84' lang='grc' dir='ltr'>λὴμ</span> <span class='ocrx_word' id='word_1_140' title='bbox 2411 665 2508 734; x_wconf 81' lang='grc' dir='ltr'>τὴν</span> <span class='ocrx_word' id='word_1_141' title='bbox 2561 664 2915 735; x_wconf 82' lang='grc' dir='ltr'><strong><em>πρωτοτόκων</em></strong></span> <span class='ocrx_word' id='word_1_142' title='bbox 2959 662 3189 733; x_wconf 85' lang='grc' dir='ltr'>μητέρα.</span> <span class='ocrx_word' id='word_1_143' title='bbox 3223 660 3635 730; x_wconf 83' lang='grc' dir='ltr'>Προσκυνήσω</span> <span class='ocrx_word' id='word_1_144' title='bbox 3683 661 3839 730; x_wconf 81' lang='grc' dir='ltr'>πρὸς</span> 
     </span>
    </p>
   </div>
   <div class='ocr_carea' id='block_1_20' title="bbox 2268 752 3836 826">
    <p class='ocr_par' dir='ltr' id='par_1_20' title="bbox 2268 752 3836 826">
     <span class='ocr_line' id='line_1_20' title="bbox 2268 752 3836 826; baseline -0.001 -17"><span class='ocrx_word' id='word_1_145' title='bbox 2268 757 2418 811; x_wconf 81' lang='grc' dir='ltr'>ναὸν</span> <span class='ocrx_word' id='word_1_146' title='bbox 2438 756 2606 826; x_wconf 81' lang='grc' dir='ltr'>ἅγιόν</span> <span class='ocrx_word' id='word_1_147' title='bbox 2636 772 2750 809; x_wconf 90' lang='grc' dir='ltr'><strong><em>σου</em></strong></span> <span class='ocrx_word' id='word_1_148' title='bbox 2779 756 2848 807; x_wconf 86' lang='grc' dir='ltr'>ἐν</span> <span class='ocrx_word' id='word_1_149' title='bbox 2867 755 3026 824; x_wconf 70' lang='grc' dir='ltr'><strong><em>φόϐῳ</em></strong></span> <span class='ocrx_word' id='word_1_150' title='bbox 3058 770 3193 808; x_wconf 90' lang='grc' dir='ltr'>σου.</span> <span class='ocrx_word' id='word_1_151' title='bbox 3232 755 3376 817; x_wconf 80' lang='grc' dir='ltr'>Ναδς</span> <span class='ocrx_word' id='word_1_152' title='bbox 3404 752 3607 823; x_wconf 73' lang='grc' dir='ltr'>Θεοῦ-ἠ</span> <span class='ocrx_word' id='word_1_153' title='bbox 3643 752 3836 824; x_wconf 72' lang='grc' dir='ltr'>ἐνάρε-</span> 
     </span>
    </p>
   </div>
   <div class='ocr_carea' id='block_1_21' title="bbox 2269 843 3835 915">
    <p class='ocr_par' dir='ltr' id='par_1_21' title="bbox 2269 843 3835 915">
     <span class='ocr_line' id='line_1_21' title="bbox 2269 843 3835 915; baseline -0.003 -15"><span class='ocrx_word' id='word_1_154' title='bbox 2269 864 2360 909; x_wconf 85' lang='grc' dir='ltr'><strong><em>τος</em></strong></span> <span class='ocrx_word' id='word_1_155' title='bbox 2393 847 2486 900; x_wconf 76' lang='grc' dir='ltr'>καὶ</span> <span class='ocrx_word' id='word_1_156' title='bbox 2515 847 2644 914; x_wconf 82' lang='grc' dir='ltr'>ἁγία</span> <span class='ocrx_word' id='word_1_157' title='bbox 2667 845 3024 908; x_wconf 76' lang='grc' dir='ltr'>κατάστασις,</span> <span class='ocrx_word' id='word_1_158' title='bbox 3047 845 3112 913; x_wconf 86' lang='grc' dir='ltr'>ἢν</span> <span class='ocrx_word' id='word_1_159' title='bbox 3138 847 3185 897; x_wconf 87' lang='grc' dir='ltr'>οἱ</span> <span class='ocrx_word' id='word_1_160' title='bbox 3208 843 3420 914; x_wconf 79' lang='grc' dir='ltr'>ἔχοντες</span> <span class='ocrx_word' id='word_1_161' title='bbox 3450 843 3586 914; x_wconf 87' lang='grc' dir='ltr'><strong><em>μετά</em></strong></span> <span class='ocrx_word' id='word_1_162' title='bbox 3618 846 3835 915; x_wconf 75' lang='grc' dir='ltr'>παρρη-</span> 
     </span>
    </p>
   </div>
   <div class='ocr_carea' id='block_1_22' title="bbox 2271 931 3832 1008">
    <p class='ocr_par' dir='ltr' id='par_1_22' title="bbox 2271 931 3832 1008">
     <span class='ocr_line' id='line_1_22' title="bbox 2271 931 3832 1008; baseline -0.001 -18"><span class='ocrx_word' id='word_1_163' title='bbox 2271 938 2391 1000; x_wconf 89' lang='grc' dir='ltr'>σίας</span> <span class='ocrx_word' id='word_1_164' title='bbox 2422 938 2570 1007; x_wconf 80' lang='grc' dir='ltr'>φησί.</span> <span class='ocrx_word' id='word_1_165' title='bbox 2606 937 2833 1008; x_wconf 78' lang='grc' dir='ltr'>Χριστὸς</span> <span class='ocrx_word' id='word_1_166' title='bbox 2878 936 2932 988; x_wconf 82' lang='grc' dir='ltr'>δὲ</span> <span class='ocrx_word' id='word_1_167' title='bbox 2974 934 3050 998; x_wconf 80' lang='grc' dir='ltr'>ὡς</span> <span class='ocrx_word' id='word_1_168' title='bbox 3100 935 3228 999; x_wconf 77' lang='grc' dir='ltr'><strong><em>Υἱὸς</em></strong></span> <span class='ocrx_word' id='word_1_169' title='bbox 3253 936 3345 988; x_wconf 76' lang='grc' dir='ltr'><strong><em>ἐπὶ</em></strong></span> <span class='ocrx_word' id='word_1_170' title='bbox 3376 935 3467 989; x_wconf 81' lang='grc' dir='ltr'>τὸν</span> <span class='ocrx_word' id='word_1_171' title='bbox 3495 931 3641 990; x_wconf 83' lang='grc' dir='ltr'>οἷκον</span> <span class='ocrx_word' id='word_1_172' title='bbox 3663 934 3832 988; x_wconf 81' lang='grc' dir='ltr'>αὑτοῦ</span> 
     </span>
    </p>
   </div>
   <div class='ocr_carea' id='block_1_23' title="bbox 2270 1020 3837 1098">
    <p class='ocr_par' dir='ltr' id='par_1_23' title="bbox 2270 1020 3837 1098">
     <span class='ocr_line' id='line_1_23' title="bbox 2270 1020 3837 1098; baseline -0.003 -16"><span class='ocrx_word' id='word_1_173' title='bbox 2270 1029 2736 1092; x_wconf 85' lang='grc' dir='ltr'>ὲπαναπαύσεται,</span> <span class='ocrx_word' id='word_1_174' title='bbox 2763 1020 2821 1081; x_wconf 78' lang='grc' dir='ltr'><strong><em>οὗ</em></strong></span> <span class='ocrx_word' id='word_1_175' title='bbox 2856 1023 3003 1090; x_wconf 82' lang='grc' dir='ltr'>οἶκός</span> <span class='ocrx_word' id='word_1_176' title='bbox 3029 1029 3193 1097; x_wconf 79' lang='grc' dir='ltr'>ἐσμεν</span> <span class='ocrx_word' id='word_1_177' title='bbox 3224 1028 3403 1097; x_wconf 81' lang='grc' dir='ltr'>ἡμεῖς.</span> <span class='ocrx_word' id='word_1_178' title='bbox 3442 1027 3552 1096; x_wconf 84' lang='grc' dir='ltr'><strong><em>Τῆς</em></strong></span> <span class='ocrx_word' id='word_1_179' title='bbox 3589 1025 3697 1098; x_wconf 84' lang='grc' dir='ltr'><strong><em>γὰρ</em></strong></span> <span class='ocrx_word' id='word_1_180' title='bbox 3731 1025 3837 1095; x_wconf 81' lang='grc' dir='ltr'>σῆς</span> 
     </span>
    </p>
   </div>
   <div class='ocr_carea' id='block_1_24' title="bbox 2269 1116 3837 1192">
    <p class='ocr_par' dir='ltr' id='par_1_24' title="bbox 2269 1116 3837 1192">
     <span class='ocr_line' id='line_1_24' title="bbox 2269 1116 3837 1192; baseline -0.006 -14"><span class='ocrx_word' id='word_1_181' title='bbox 2269 1122 2612 1178; x_wconf 83' lang='grc' dir='ltr'>ἀπολαύουσα</span> <span class='ocrx_word' id='word_1_182' title='bbox 2656 1120 3057 1192; x_wconf 71' lang='grc' dir='ltr'><strong><em>φιλανθρωπίας</em></strong></span> <span class='ocrx_word' id='word_1_183' title='bbox 3087 1118 3177 1172; x_wconf 73' lang='grc' dir='ltr'>καὶ</span> <span class='ocrx_word' id='word_1_184' title='bbox 3199 1120 3264 1188; x_wconf 83' lang='grc' dir='ltr'><strong><em>τῇ</em></strong></span> <span class='ocrx_word' id='word_1_185' title='bbox 3299 1121 3364 1189; x_wconf 78' lang='grc' dir='ltr'>σῇ</span> <span class='ocrx_word' id='word_1_186' title='bbox 3389 1116 3537 1186; x_wconf 79' lang='grc' dir='ltr'>δεξιᾷ</span> <span class='ocrx_word' id='word_1_187' title='bbox 3567 1133 3837 1187; x_wconf 84' lang='grc' dir='ltr'>φρουρου-</span> 
     </span>
    </p>
   </div>
   <div class='ocr_carea' id='block_1_25' title="bbox 2272 1207 3835 1287">
    <p class='ocr_par' dir='ltr' id='par_1_25' title="bbox 2272 1207 3835 1287">
     <span class='ocr_line' id='line_1_25' title="bbox 2272 1207 3835 1287; baseline -0.007 -17"><span class='ocrx_word' id='word_1_188' title='bbox 2272 1217 2404 1287; x_wconf 86' lang='grc' dir='ltr'>μένη</span> <span class='ocrx_word' id='word_1_189' title='bbox 2440 1215 2536 1286; x_wconf 83' lang='grc' dir='ltr'>τὴν</span> <span class='ocrx_word' id='word_1_190' title='bbox 2562 1215 2777 1286; x_wconf 81' lang='grc' dir='ltr'><strong><em>διηνεκῆ</em></strong></span> <span class='ocrx_word' id='word_1_191' title='bbox 2831 1229 2911 1265; x_wconf 91' lang='grc' dir='ltr'><strong><em>σοι</em></strong></span> <span class='ocrx_word' id='word_1_192' title='bbox 2958 1210 3253 1282; x_wconf 84' lang='grc' dir='ltr'>προσφέρω</span> <span class='ocrx_word' id='word_1_193' title='bbox 3279 1208 3645 1280; x_wconf 76' lang='grc' dir='ltr'>προσκύνησιν</span> <span class='ocrx_word' id='word_1_194' title='bbox 3671 1210 3728 1260; x_wconf 76' lang='grc' dir='ltr'>ὲν</span> <span class='ocrx_word' id='word_1_195' title='bbox 3753 1207 3835 1279; x_wconf 85' lang='grc' dir='ltr'><strong><em>τῷ</em></strong></span> 
     </span>
    </p>
   </div>
   <div class='ocr_carea' id='block_1_26' title="bbox 2269 1299 3834 1379">
    <p class='ocr_par' dir='ltr' id='par_1_26' title="bbox 2269 1299 3834 1379">
     <span class='ocr_line' id='line_1_26' title="bbox 2269 1299 3834 1379; baseline -0.005 -19"><span class='ocrx_word' id='word_1_196' title='bbox 2269 1307 2626 1379; x_wconf 81' lang='grc' dir='ltr'>ἀφιερωμένῳ</span> <span class='ocrx_word' id='word_1_197' title='bbox 2652 1307 2750 1376; x_wconf 85' lang='grc' dir='ltr'>τῆς</span> <span class='ocrx_word' id='word_1_198' title='bbox 2781 1305 2880 1374; x_wconf 82' lang='grc' dir='ltr'>σῆς</span> <span class='ocrx_word' id='word_1_199' title='bbox 2906 1304 3062 1372; x_wconf 80' lang='grc' dir='ltr'><strong><em>δόξης</em></strong></span> <span class='ocrx_word' id='word_1_200' title='bbox 3092 1302 3203 1373; x_wconf 85' lang='grc' dir='ltr'>ναῷ</span> <span class='ocrx_word' id='word_1_201' title='bbox 3222 1343 3236 1367; x_wconf 94' lang='grc'><strong><em>,</em></strong></span> <span class='ocrx_word' id='word_1_202' title='bbox 3279 1304 3444 1373; x_wconf 81' lang='grc' dir='ltr'>φησὶν</span> <span class='ocrx_word' id='word_1_203' title='bbox 3487 1303 3519 1367; x_wconf 85' lang='grc' dir='ltr'><strong>ή</strong></span> <span class='ocrx_word' id='word_1_204' title='bbox 3579 1300 3704 1369; x_wconf 85' lang='grc' dir='ltr'>ἁγία</span> <span class='ocrx_word' id='word_1_205' title='bbox 3735 1299 3834 1352; x_wconf 77' lang='grc' dir='ltr'>καὶ</span> 
     </span>
    </p>
   </div>
   <div class='ocr_carea' id='block_1_27' title="bbox 2269 1390 3831 1468">
    <p class='ocr_par' dir='ltr' id='par_1_27' title="bbox 2269 1390 3831 1468">
     <span class='ocr_line' id='line_1_27' title="bbox 2269 1390 3831 1468; baseline -0.005 -17"><span class='ocrx_word' id='word_1_206' title='bbox 2269 1397 2481 1468; x_wconf 82' lang='grc' dir='ltr'>καθαρὰ</span> <span class='ocrx_word' id='word_1_207' title='bbox 2502 1397 2675 1467; x_wconf 79' lang='grc' dir='ltr'>ψυχή’</span> <span class='ocrx_word' id='word_1_208' title='bbox 2707 1397 2798 1449; x_wconf 78' lang='grc' dir='ltr'>τὸν</span> <span class='ocrx_word' id='word_1_209' title='bbox 2825 1396 2911 1448; x_wconf 80' lang='grc' dir='ltr'><strong><em>σὺν</em></strong></span> <span class='ocrx_word' id='word_1_210' title='bbox 2939 1395 3046 1465; x_wconf 79' lang='grc' dir='ltr'><strong><em>γὰρ</em></strong></span> <span class='ocrx_word' id='word_1_211' title='bbox 3095 1395 3180 1447; x_wconf 81' lang='grc' dir='ltr'>ἀεὶ</span> <span class='ocrx_word' id='word_1_212' title='bbox 3222 1393 3590 1464; x_wconf 82' lang='grc' dir='ltr'>περιφέρουσα</span> <span class='ocrx_word' id='word_1_213' title='bbox 3642 1390 3831 1459; x_wconf 81' lang='grc' dir='ltr'>φόὄον,</span> 
     </span>
    </p>
   </div>
   <div class='ocr_carea' id='block_1_28' title="bbox 2268 1483 3835 1559">
    <p class='ocr_par' dir='ltr' id='par_1_28' title="bbox 2268 1483 3835 1559">
     <span class='ocr_line' id='line_1_28' title="bbox 2268 1483 3835 1559; baseline -0.004 -16"><span class='ocrx_word' id='word_1_214' title='bbox 2268 1491 2366 1543; x_wconf 83' lang='grc' dir='ltr'><strong><em>ούκ</em></strong></span> <span class='ocrx_word' id='word_1_215' title='bbox 2386 1490 2643 1559; x_wconf 82' lang='grc' dir='ltr'>ἀνέξομαι</span> <span class='ocrx_word' id='word_1_216' title='bbox 2673 1487 2861 1541; x_wconf 79' lang='grc' dir='ltr'>τοῦτον</span> <span class='ocrx_word' id='word_1_217' title='bbox 2886 1485 3176 1540; x_wconf 76' lang='grc' dir='ltr'>ἀποϐαλεῖν</span> <span class='ocrx_word' id='word_1_218' title='bbox 3209 1487 3276 1556; x_wconf 82' lang='grc' dir='ltr'>τῇ</span> <span class='ocrx_word' id='word_1_219' title='bbox 3322 1483 3704 1556; x_wconf 76' lang='grc' dir='ltr'>φιλανθρωπίᾳ</span> <span class='ocrx_word' id='word_1_220' title='bbox 3735 1499 3835 1536; x_wconf 83' lang='grc' dir='ltr'><strong><em>σου</em></strong></span> 
     </span>
    </p>
   </div>
   <div class='ocr_carea' id='block_1_29' title="bbox 2269 1575 3837 1654">
    <p class='ocr_par' dir='ltr' id='par_1_29' title="bbox 2269 1575 3837 1654">
     <span class='ocr_line' id='line_1_29' title="bbox 2269 1575 3837 1654; baseline -0.004 -20"><span class='ocrx_word' id='word_1_221' title='bbox 2269 1579 2562 1654; x_wconf 73' lang='grc' dir='ltr'>θαρροῦσα.</span> <span class='ocrx_word' id='word_1_222' title='bbox 2608 1581 2821 1632; x_wconf 81' lang='grc' dir='ltr'><strong><em>Ἕνεκα</em></strong></span> <span class='ocrx_word' id='word_1_223' title='bbox 2868 1577 2987 1631; x_wconf 80' lang='grc' dir='ltr'>τῶν</span> <span class='ocrx_word' id='word_1_224' title='bbox 3033 1575 3264 1644; x_wconf 78' lang='grc' dir='ltr'><strong><em>ἐχθρῶν</em></strong></span> <span class='ocrx_word' id='word_1_225' title='bbox 3304 1592 3422 1645; x_wconf 78' lang='grc' dir='ltr'><strong><em>μου</em></strong></span> <span class='ocrx_word' id='word_1_226' title='bbox 3464 1576 3837 1628; x_wconf 85' lang='grc' dir='ltr'>κατεύθυνον</span> 
     </span>
    </p>
   </div>
   <div class='ocr_carea' id='block_1_30' title="bbox 2267 1664 3832 1737">
    <p class='ocr_par' dir='ltr' id='par_1_30' title="bbox 2267 1664 3832 1737">
     <span class='ocr_line' id='line_1_30' title="bbox 2267 1664 3832 1737; baseline -0.004 -12"><span class='ocrx_word' id='word_1_227' title='bbox 2267 1671 2522 1724; x_wconf 78' lang='grc' dir='ltr'>ἐνώπιόν</span> <span class='ocrx_word' id='word_1_228' title='bbox 2546 1686 2661 1724; x_wconf 90' lang='grc' dir='ltr'><strong><em>σου</em></strong></span> <span class='ocrx_word' id='word_1_229' title='bbox 2685 1670 2800 1737; x_wconf 82' lang='grc' dir='ltr'>τὴν</span> <span class='ocrx_word' id='word_1_230' title='bbox 2829 1668 2973 1722; x_wconf 83' lang='grc' dir='ltr'>ὀδόν</span> <span class='ocrx_word' id='word_1_231' title='bbox 3001 1685 3140 1736; x_wconf 84' lang='grc' dir='ltr'>μου.</span> <span class='ocrx_word' id='word_1_232' title='bbox 3170 1665 3292 1718; x_wconf 85' lang='grc' dir='ltr'>Τῶν</span> <span class='ocrx_word' id='word_1_233' title='bbox 3331 1665 3534 1736; x_wconf 82' lang='grc' dir='ltr'>νοητῶν</span> <span class='ocrx_word' id='word_1_234' title='bbox 3567 1664 3832 1734; x_wconf 85' lang='grc' dir='ltr'>δηλονότι.</span> 
     </span>
    </p>
   </div>
   <div class='ocr_carea' id='block_1_31' title="bbox 2281 1749 3837 1828">
    <p class='ocr_par' dir='ltr' id='par_1_31' title="bbox 2281 1749 3837 1828">
     <span class='ocr_line' id='line_1_31' title="bbox 2281 1749 3837 1828; baseline -0.004 -16"><span class='ocrx_word' id='word_1_235' title='bbox 2281 1760 2352 1813; x_wconf 85' lang='grc' dir='ltr'><strong>Ἦ</strong></span> <span class='ocrx_word' id='word_1_236' title='bbox 2397 1758 2608 1828; x_wconf 80' lang='grc' dir='ltr'>καρδία</span> <span class='ocrx_word' id='word_1_237' title='bbox 2654 1755 2850 1811; x_wconf 85' lang='grc' dir='ltr'>αὐτῶν</span> <span class='ocrx_word' id='word_1_238' title='bbox 2882 1757 3121 1826; x_wconf 85' lang='grc' dir='ltr'>ματαία.</span> <span class='ocrx_word' id='word_1_239' title='bbox 3157 1755 3277 1808; x_wconf 87' lang='grc' dir='ltr'>Τῶν</span> <span class='ocrx_word' id='word_1_240' title='bbox 3306 1754 3483 1824; x_wconf 82' lang='grc' dir='ltr'>σοφῶν</span> <span class='ocrx_word' id='word_1_241' title='bbox 3513 1749 3837 1819; x_wconf 83' lang='grc' dir='ltr'>τοῦάίῶνος</span> 
     </span>
    </p>
   </div>
   <div class='ocr_carea' id='block_1_32' title="bbox 608 1825 2169 1921">
    <p class='ocr_par' dir='ltr' id='par_1_32' title="bbox 608 1851 2168 1921">
     <span class='ocr_line' id='line_1_32' title="bbox 608 1851 2168 1921; baseline -0.009 -4"><span class='ocrx_word' id='word_1_242' title='bbox 608 1861 922 1917; x_wconf 87' lang='lat' dir='ltr'><strong><em>reticorum.</em></strong></span> <span class='ocrx_word' id='word_1_243' title='bbox 954 1856 1034 1910; x_wconf 91' lang='lat' dir='ltr'><strong><em>Illi</em></strong></span> <span class='ocrx_word' id='word_1_244' title='bbox 1067 1855 1212 1911; x_wconf 88' lang='lat' dir='ltr'><strong><em>enim</em></strong></span> <span class='ocrx_word' id='word_1_245' title='bbox 1254 1853 1498 1908; x_wconf 80' lang='lat' dir='ltr'><strong><em>veritatis</em></strong></span> <span class='ocrx_word' id='word_1_246' title='bbox 1543 1865 1854 1907; x_wconf 78' lang='lat' dir='ltr'><strong><em>sermonem</em></strong></span> <span class='ocrx_word' id='word_1_247' title='bbox 1894 1851 2168 1921; x_wconf 72' lang='lat' dir='ltr'><strong><em>ignorant.</em></strong></span> 
     </span>
    </p>
   </div>
   <div class='ocr_carea' id='block_1_33' title="bbox 2268 1825 3837 1921">
    <p class='ocr_par' dir='ltr' id='par_1_33' title="bbox 2271 1825 3837 1920">
     <span class='ocr_line' id='line_1_33' title="bbox 2271 1825 3837 1920; baseline -0.002 -17"><span class='ocrx_word' id='word_1_248' title='bbox 2271 1825 2540 1920; x_wconf 67' lang='grc' dir='ltr'>τούτου,ἦ</span> <span class='ocrx_word' id='word_1_249' title='bbox 2576 1849 2669 1902; x_wconf 80' lang='grc' dir='ltr'><strong><em>καὶ</em></strong></span> <span class='ocrx_word' id='word_1_250' title='bbox 2711 1848 2817 1901; x_wconf 83' lang='grc' dir='ltr'>τῶν</span> <span class='ocrx_word' id='word_1_251' title='bbox 2868 1825 3175 1919; x_wconf 80' lang='grc' dir='ltr'>αἱρετικῶν.</span> <span class='ocrx_word' id='word_1_252' title='bbox 3226 1841 3382 1901; x_wconf 76' lang='grc' dir='ltr'>Οὗτοι</span> <span class='ocrx_word' id='word_1_253' title='bbox 3439 1846 3547 1916; x_wconf 82' lang='grc' dir='ltr'><strong><em>γὰρ</em></strong></span> <span class='ocrx_word' id='word_1_254' title='bbox 3575 1845 3837 1917; x_wconf 81' lang='grc' dir='ltr'>ἀληθείας</span> 
     </span>
    </p>
   </div>
   <div class='ocr_carea' id='block_1_34' title="bbox 681 2025 2169 2104">
    <p class='ocr_par' dir='ltr' id='par_1_34' title="bbox 681 2025 2169 2104">
     <span class='ocr_line' id='line_1_34' title="bbox 681 2025 2169 2104; baseline -0.009 -14"><span class='ocrx_word' id='word_1_255' title='bbox 681 2037 765 2090; x_wconf 80' lang='grc' dir='ltr'>Η.</span> <span class='ocrx_word' id='word_1_256' title='bbox 815 2033 1120 2104; x_wconf 83' lang='lat' dir='ltr'><strong><em>Sepulcrum</em></strong></span> <span class='ocrx_word' id='word_1_257' title='bbox 1160 2039 1342 2099; x_wconf 86' lang='lat' dir='ltr'><strong><em>patens</em></strong></span> <span class='ocrx_word' id='word_1_258' title='bbox 1380 2035 1456 2082; x_wconf 86' lang='lat' dir='ltr'><strong><em>est</em></strong></span> <span class='ocrx_word' id='word_1_259' title='bbox 1492 2036 1671 2098; x_wconf 83' lang='lat' dir='ltr'><strong><em>guttur</em></strong></span> <span class='ocrx_word' id='word_1_260' title='bbox 1711 2040 1930 2080; x_wconf 86' lang='lat' dir='ltr'><strong><em>eorum:</em></strong></span> <span class='ocrx_word' id='word_1_261' title='bbox 1974 2025 2169 2096; x_wconf 90' lang='lat' dir='ltr'><strong><em>linguis</em></strong></span> 
     </span>
    </p>
   </div>
   <div class='ocr_carea' id='block_1_35' title="bbox 613 2116 2168 2192">
    <p class='ocr_par' dir='ltr' id='par_1_35' title="bbox 613 2116 2168 2192">
     <span class='ocr_line' id='line_1_35' title="bbox 613 2116 2168 2192; baseline -0.009 -11"><span class='ocrx_word' id='word_1_262' title='bbox 613 2128 724 2181; x_wconf 88' lang='lat' dir='ltr'><strong><em>suis</em></strong></span> <span class='ocrx_word' id='word_1_263' title='bbox 751 2124 928 2178; x_wconf 88' lang='lat' dir='ltr'><strong><em>dolose</em></strong></span> <span class='ocrx_word' id='word_1_264' title='bbox 960 2121 1207 2192; x_wconf 85' lang='lat' dir='ltr'><strong><em>agebant.</em></strong></span> <span class='ocrx_word' id='word_1_265' title='bbox 1239 2118 1476 2188; x_wconf 76' lang='lat' dir='ltr'><strong><em>Linguas</em></strong></span> <span class='ocrx_word' id='word_1_266' title='bbox 1505 2132 1632 2171; x_wconf 86' lang='lat' dir='ltr'><strong><em>suas</em></strong></span> <span class='ocrx_word' id='word_1_267' title='bbox 1659 2116 1890 2181; x_wconf 89' lang='lat' dir='ltr'><strong><em>leniunt,</em></strong></span> <span class='ocrx_word' id='word_1_268' title='bbox 1935 2123 1989 2169; x_wconf 89' lang='lat' dir='ltr'><strong><em>et</em></strong></span> <span class='ocrx_word' id='word_1_269' title='bbox 2021 2128 2168 2168; x_wconf 87' lang='lat' dir='ltr'><strong><em>mor-</em></strong></span> 
     </span>
    </p>
   </div>
   <div class='ocr_carea' id='block_1_36' title="bbox 610 2214 1350 2284">
    <p class='ocr_par' dir='ltr' id='par_1_36' title="bbox 610 2214 1350 2284">
     <span class='ocr_line' id='line_1_36' title="bbox 610 2214 1350 2284; baseline -0.016 -9"><span class='ocrx_word' id='word_1_270' title='bbox 610 2220 766 2275; x_wconf 82' lang='lat' dir='ltr'><strong><em>tifera</em></strong></span> <span class='ocrx_word' id='word_1_271' title='bbox 799 2226 1048 2272; x_wconf 81' lang='lat' dir='ltr'><strong><em>eructant</em></strong></span> <span class='ocrx_word' id='word_1_272' title='bbox 1076 2214 1350 2284; x_wconf 79' lang='lat' dir='ltr'><strong><em>dogmata.</em></strong></span> 
     </span>
    </p>
   </div>
   <div class='ocr_carea' id='block_1_37' title="bbox 681 2295 2165 2372">
    <p class='ocr_par' dir='ltr' id='par_1_37' title="bbox 681 2295 2165 2372">
     <span class='ocr_line' id='line_1_37' title="bbox 681 2295 2165 2372; baseline -0.011 -8"><span class='ocrx_word' id='word_1_273' title='bbox 681 2312 768 2364; x_wconf 71' lang='grc'>12.</span> <span class='ocrx_word' id='word_1_274' title='bbox 803 2307 1059 2361; x_wconf 86' lang='lat' dir='ltr'><strong><em>Decidant</em></strong></span> <span class='ocrx_word' id='word_1_275' title='bbox 1079 2320 1110 2356; x_wconf 91' lang='lat' dir='ltr'><strong><em>a</em></strong></span> <span class='ocrx_word' id='word_1_276' title='bbox 1136 2301 1539 2372; x_wconf 76' lang='lat' dir='ltr'><strong><em>cogitationibus</em></strong></span> <span class='ocrx_word' id='word_1_277' title='bbox 1563 2299 1692 2352; x_wconf 89' lang='lat' dir='ltr'><strong><em>suis.</em></strong></span> <span class='ocrx_word' id='word_1_278' title='bbox 1719 2298 1800 2350; x_wconf 86' lang='lat' dir='ltr'><strong><em>Ab</em></strong></span> <span class='ocrx_word' id='word_1_279' title='bbox 1831 2295 1937 2360; x_wconf 88' lang='lat' dir='ltr'><strong><em>his,</em></strong></span> <span class='ocrx_word' id='word_1_280' title='bbox 1971 2295 2165 2365; x_wconf 87' lang='lat' dir='ltr'><strong><em>inquit,</em></strong></span> 
     </span>
    </p>
   </div>
   <div class='ocr_carea' id='block_1_38' title="bbox 612 2388 2168 2472">
    <p class='ocr_par' dir='ltr' id='par_1_38' title="bbox 612 2388 2168 2472">
     <span class='ocr_line' id='line_1_38' title="bbox 612 2388 2168 2472; baseline -0.012 -14"><span class='ocrx_word' id='word_1_281' title='bbox 612 2398 1048 2472; x_wconf 76' lang='lat' dir='ltr'><strong><em>cogitationibus,</em></strong></span> <span class='ocrx_word' id='word_1_282' title='bbox 1076 2411 1213 2465; x_wconf 91' lang='lat' dir='ltr'><strong><em>quas</em></strong></span> <span class='ocrx_word' id='word_1_283' title='bbox 1245 2401 1434 2448; x_wconf 88' lang='lat' dir='ltr'><strong><em>contra</em></strong></span> <span class='ocrx_word' id='word_1_284' title='bbox 1463 2407 1547 2446; x_wconf 90' lang='lat' dir='ltr'><strong><em>me</em></strong></span> <span class='ocrx_word' id='word_1_285' title='bbox 1580 2391 1894 2454; x_wconf 89' lang='lat' dir='ltr'><strong><em>admittunt,</em></strong></span> <span class='ocrx_word' id='word_1_286' title='bbox 1923 2388 2168 2443; x_wconf 72' lang='lat' dir='ltr'><strong><em>inviden-</em></strong></span> 
     </span>
    </p>
   </div>
   <div class='ocr_carea' id='block_1_39' title="bbox 612 2481 1676 2552">
    <p class='ocr_par' dir='ltr' id='par_1_39' title="bbox 612 2481 1676 2552">
     <span class='ocr_line' id='line_1_39' title="bbox 612 2481 1676 2552; baseline -0.013 -3"><span class='ocrx_word' id='word_1_287' title='bbox 612 2504 691 2549; x_wconf 86' lang='lat' dir='ltr'><strong><em>tes</em></strong></span> <span class='ocrx_word' id='word_1_288' title='bbox 717 2505 840 2545; x_wconf 89' lang='lat' dir='ltr'><strong><em>meo</em></strong></span> <span class='ocrx_word' id='word_1_289' title='bbox 867 2487 1162 2543; x_wconf 86' lang='lat' dir='ltr'><strong><em>secundum</em></strong></span> <span class='ocrx_word' id='word_1_290' title='bbox 1191 2485 1360 2538; x_wconf 90' lang='lat' dir='ltr'><strong><em>Deum</em></strong></span> <span class='ocrx_word' id='word_1_291' title='bbox 1388 2481 1676 2552; x_wconf 83' lang='lat' dir='ltr'><strong><em>profectui.</em></strong></span> 
     </span>
    </p>
   </div>
   <div class='ocr_carea' id='block_1_40' title="bbox 683 2568 2164 2655">
    <p class='ocr_par' dir='ltr' id='par_1_40' title="bbox 683 2568 2164 2655">
     <span class='ocr_line' id='line_1_40' title="bbox 683 2568 2164 2655; baseline -0.011 -18"><span class='ocrx_word' id='word_1_292' title='bbox 683 2579 1006 2655; x_wconf 89' lang='lat' dir='ltr'><strong><em>[Secundum</em></strong></span> <span class='ocrx_word' id='word_1_293' title='bbox 1036 2575 1421 2629; x_wconf 82' lang='lat' dir='ltr'><strong><em>multitudinem</em></strong></span> <span class='ocrx_word' id='word_1_294' title='bbox 1451 2573 1780 2639; x_wconf 84' lang='lat' dir='ltr'><strong><em>impietatum</em></strong></span> <span class='ocrx_word' id='word_1_295' title='bbox 1803 2568 2000 2638; x_wconf 72' lang='lat' dir='ltr'><strong><em>expelle</em></strong></span> <span class='ocrx_word' id='word_1_296' title='bbox 2024 2568 2164 2630; x_wconf 84' lang='lat' dir='ltr'><strong><em>illos,</em></strong></span> 
     </span>
    </p>
   </div>
   <div class='ocr_carea' id='block_1_41' title="bbox 611 2660 2167 2743">
    <p class='ocr_par' dir='ltr' id='par_1_41' title="bbox 611 2660 2167 2743">
     <span class='ocr_line' id='line_1_41' title="bbox 611 2660 2167 2743; baseline -0.012 -15"><span class='ocrx_word' id='word_1_297' title='bbox 611 2674 734 2743; x_wconf 86' lang='lat' dir='ltr'><strong><em>pios</em></strong></span> <span class='ocrx_word' id='word_1_298' title='bbox 766 2669 972 2726; x_wconf 86' lang='lat' dir='ltr'><strong><em>scilicet</em></strong></span> <span class='ocrx_word' id='word_1_299' title='bbox 999 2665 1256 2721; x_wconf 84' lang='lat' dir='ltr'><strong><em>eﬁiciens.</em></strong></span> <span class='ocrx_word' id='word_1_300' title='bbox 1287 2660 1421 2715; x_wconf 79' lang='lat' dir='ltr'><strong><em>Nam</em></strong></span> <span class='ocrx_word' id='word_1_301' title='bbox 1446 2662 1539 2731; x_wconf 87' lang='lat' dir='ltr'><strong><em>qui</em></strong></span> <span class='ocrx_word' id='word_1_302' title='bbox 1564 2662 1798 2715; x_wconf 88' lang='lat' dir='ltr'><strong><em>animam</em></strong></span> <span class='ocrx_word' id='word_1_303' title='bbox 1831 2673 2167 2729; x_wconf 84' lang='lat' dir='ltr'><strong><em>persequun-</em></strong></span> 
     </span>
    </p>
   </div>
   <div class='ocr_carea' id='block_1_42' title="bbox 613 2753 2168 2831">
    <p class='ocr_par' dir='ltr' id='par_1_42' title="bbox 613 2753 2168 2831">
     <span class='ocr_line' id='line_1_42' title="bbox 613 2753 2168 2831; baseline -0.012 -11"><span class='ocrx_word' id='word_1_304' title='bbox 613 2779 701 2821; x_wconf 88' lang='lat' dir='ltr'><strong><em>tur</em></strong></span> <span class='ocrx_word' id='word_1_305' title='bbox 732 2762 841 2816; x_wconf 90' lang='lat' dir='ltr'><strong><em>Deo</em></strong></span> <span class='ocrx_word' id='word_1_306' title='bbox 879 2771 1031 2831; x_wconf 78' lang='lat' dir='ltr'><strong><em>grata</em></strong></span> <span class='ocrx_word' id='word_1_307' title='bbox 1087 2771 1249 2825; x_wconf 86' lang='lat' dir='ltr'><strong><em>opera</em></strong></span> <span class='ocrx_word' id='word_1_308' title='bbox 1299 2754 1580 2818; x_wconf 87' lang='lat' dir='ltr'><strong><em>edentem,</em></strong></span> <span class='ocrx_word' id='word_1_309' title='bbox 1630 2753 1797 2806; x_wconf 87' lang='lat' dir='ltr'><strong><em>Deum</em></strong></span> <span class='ocrx_word' id='word_1_310' title='bbox 1844 2759 2168 2818; x_wconf 83' lang='lat' dir='ltr'><strong><em>exasperant</em></strong></span> 
     </span>
    </p>
   </div>
   <div class='ocr_carea' id='block_1_43' title="bbox 611 2847 1429 2924">
    <p class='ocr_par' dir='ltr' id='par_1_43' title="bbox 611 2847 1429 2924">
     <span class='ocr_line' id='line_1_43' title="bbox 611 2847 1429 2924; baseline -0.016 -16"><span class='ocrx_word' id='word_1_311' title='bbox 611 2861 901 2924; x_wconf 85' lang='lat' dir='ltr'><strong><em>aperteque</em></strong></span> <span class='ocrx_word' id='word_1_312' title='bbox 934 2847 1073 2902; x_wconf 89' lang='lat' dir='ltr'><strong><em>bello</em></strong></span> <span class='ocrx_word' id='word_1_313' title='bbox 1098 2851 1429 2914; x_wconf 75' lang='lat' dir='ltr'><strong><em>Oppuguant.</em></strong></span> 
     </span>
    </p>
   </div>
   <div class='ocr_carea' id='block_1_44' title="bbox 682 2926 2167 3000">
    <p class='ocr_par' dir='ltr' id='par_1_44' title="bbox 682 2926 2167 3000">
     <span class='ocr_line' id='line_1_44' title="bbox 682 2926 2167 3000; baseline -0.01 -5"><span class='ocrx_word' id='word_1_314' title='bbox 682 2942 771 2995; x_wconf 73' lang='grc'><strong><em>15.</em></strong></span> <span class='ocrx_word' id='word_1_315' title='bbox 811 2939 879 2992; x_wconf 85' lang='lat' dir='ltr'><strong><em>Et</em></strong></span> <span class='ocrx_word' id='word_1_316' title='bbox 913 2936 1175 2990; x_wconf 78' lang='lat' dir='ltr'><strong><em>habitabis</em></strong></span> <span class='ocrx_word' id='word_1_317' title='bbox 1222 2934 1275 2984; x_wconf 86' lang='lat' dir='ltr'><strong><em>in</em></strong></span> <span class='ocrx_word' id='word_1_318' title='bbox 1325 2934 1419 2985; x_wconf 85' lang='lat' dir='ltr'><strong><em>eis.</em></strong></span> <span class='ocrx_word' id='word_1_319' title='bbox 1475 2929 1594 3000; x_wconf 81' lang='lat' dir='ltr'><strong><em>Ipse</em></strong></span> <span class='ocrx_word' id='word_1_320' title='bbox 1643 2943 1874 2998; x_wconf 82' lang='lat' dir='ltr'><strong><em>namque</em></strong></span> <span class='ocrx_word' id='word_1_321' title='bbox 1926 2936 1980 2982; x_wconf 89' lang='lat' dir='ltr'><strong><em>et</em></strong></span> <span class='ocrx_word' id='word_1_322' title='bbox 2012 2926 2167 2981; x_wconf 87' lang='lat' dir='ltr'><strong><em>Pater</em></strong></span> 
     </span>
    </p>
   </div>
   <div class='ocr_carea' id='block_1_45' title="bbox 611 3019 2008 3100">
    <p class='ocr_par' dir='ltr' id='par_1_45' title="bbox 611 3019 2008 3100">
     <span class='ocr_line' id='line_1_45' title="bbox 611 3019 2008 3100; baseline -0.01 -15"><span class='ocrx_word' id='word_1_323' title='bbox 611 3032 729 3100; x_wconf 84' lang='lat' dir='ltr'><strong><em>ejus</em></strong></span> <span class='ocrx_word' id='word_1_324' title='bbox 755 3028 990 3092; x_wconf 69' lang='lat' dir='ltr'><strong><em>venient,</em></strong></span> <span class='ocrx_word' id='word_1_325' title='bbox 1022 3032 1074 3078; x_wconf 92' lang='lat' dir='ltr'><strong><em>et</em></strong></span> <span class='ocrx_word' id='word_1_326' title='bbox 1106 3021 1442 3076; x_wconf 85' lang='lat' dir='ltr'><strong><em>mansionem</em></strong></span> <span class='ocrx_word' id='word_1_327' title='bbox 1472 3019 1610 3089; x_wconf 89' lang='lat' dir='ltr'><strong><em>apud</em></strong></span> <span class='ocrx_word' id='word_1_328' title='bbox 1641 3035 1766 3074; x_wconf 89' lang='lat' dir='ltr'><strong><em>eum</em></strong></span> <span class='ocrx_word' id='word_1_329' title='bbox 1793 3019 2008 3072; x_wconf 80' lang='lat' dir='ltr'><strong><em>facient.</em></strong></span> 
     </span>
    </p>
   </div>
   <div class='ocr_carea' id='block_1_46' title="bbox 683 3111 2166 3190">
    <p class='ocr_par' dir='ltr' id='par_1_46' title="bbox 683 3111 2166 3190">
     <span class='ocr_line' id='line_1_46' title="bbox 683 3111 2166 3190; baseline -0.009 -14"><span class='ocrx_word' id='word_1_330' title='bbox 683 3121 770 3176; x_wconf 74' lang='grc' dir='ltr'><strong><em>ιι.</em></strong></span> <span class='ocrx_word' id='word_1_331' title='bbox 804 3119 871 3174; x_wconf 86' lang='lat' dir='ltr'><strong><em>Et</em></strong></span> <span class='ocrx_word' id='word_1_332' title='bbox 905 3116 1269 3190; x_wconf 81' lang='lat' dir='ltr'><strong><em>gloriabuntur</em></strong></span> <span class='ocrx_word' id='word_1_333' title='bbox 1317 3115 1373 3168; x_wconf 88' lang='lat' dir='ltr'><strong><em>in</em></strong></span> <span class='ocrx_word' id='word_1_334' title='bbox 1400 3123 1447 3166; x_wconf 89' lang='lat' dir='ltr'><strong><em>te</em></strong></span> <span class='ocrx_word' id='word_1_335' title='bbox 1473 3129 1647 3168; x_wconf 83' lang='lat' dir='ltr'><strong><em>omnes</em></strong></span> <span class='ocrx_word' id='word_1_336' title='bbox 1681 3114 1771 3182; x_wconf 78' lang='lat' dir='ltr'><strong><em>qui</em></strong></span> <span class='ocrx_word' id='word_1_337' title='bbox 1810 3111 2035 3181; x_wconf 85' lang='lat' dir='ltr'><strong><em>diligunt</em></strong></span> <span class='ocrx_word' id='word_1_338' title='bbox 2070 3127 2166 3164; x_wconf 90' lang='lat' dir='ltr'><strong><em>no-</em></strong></span> 
     </span>
    </p>
   </div>
   <div class='ocr_carea' id='block_1_47' title="bbox 609 3169 2238 3277">
    <p class='ocr_par' dir='ltr' id='par_1_47' title="bbox 609 3169 2238 3277">
     <span class='ocr_line' id='line_1_47' title="bbox 609 3169 2238 3277; baseline -0.008 -12"><span class='ocrx_word' id='word_1_339' title='bbox 609 3169 1199 3277; x_wconf 51' lang='lat' dir='ltr'><strong><em>men-tuumjguoniam</em></strong></span> <span class='ocrx_word' id='word_1_340' title='bbox 1228 3213 1283 3257; x_wconf 85' lang='lat' dir='ltr'><strong><em>tu</em></strong></span> <span class='ocrx_word' id='word_1_341' title='bbox 1309 3203 1572 3256; x_wconf 87' lang='lat' dir='ltr'><strong><em>benedices</em></strong></span> <span class='ocrx_word' id='word_1_342' title='bbox 1596 3169 1764 3269; x_wconf 70' lang='lat' dir='ltr'><strong><em>juslo.</em></strong></span> <span class='ocrx_word' id='word_1_343' title='bbox 1794 3169 1934 3263; x_wconf 65' lang='lat' dir='ltr'><strong><em>Tua:</em></strong></span> <span class='ocrx_word' id='word_1_344' title='bbox 1969 3201 2164 3269; x_wconf 91' lang='lat' dir='ltr'><strong><em>inquit,</em></strong></span> <span class='ocrx_word' id='word_1_345' title='bbox 2193 3169 2238 3230; x_wconf 63' lang='grc' dir='ltr'><strong>ϐ</strong></span> 
     </span>
    </p>
   </div>
   <div class='ocr_carea' id='block_1_48' title="bbox 612 3288 2163 3365">
    <p class='ocr_par' dir='ltr' id='par_1_48' title="bbox 612 3288 2163 3365">
     <span class='ocr_line' id='line_1_48' title="bbox 612 3288 2163 3365; baseline -0.008 -8"><span class='ocrx_word' id='word_1_346' title='bbox 612 3301 987 3357; x_wconf 85' lang='lat' dir='ltr'><strong><em>benedictione</em></strong></span> <span class='ocrx_word' id='word_1_347' title='bbox 1016 3307 1070 3351; x_wconf 85' lang='lat' dir='ltr'><strong><em>et</em></strong></span> <span class='ocrx_word' id='word_1_348' title='bbox 1100 3293 1436 3365; x_wconf 73' lang='lat' dir='ltr'><strong><em>providentia</em></strong></span> <span class='ocrx_word' id='word_1_349' title='bbox 1478 3291 1584 3345; x_wconf 90' lang='lat' dir='ltr'><strong><em>tuis</em></strong></span> <span class='ocrx_word' id='word_1_350' title='bbox 1635 3306 1894 3346; x_wconf 87' lang='lat' dir='ltr'><strong><em>concessa</em></strong></span> <span class='ocrx_word' id='word_1_351' title='bbox 1927 3288 2163 3355; x_wconf 82' lang='lat' dir='ltr'><strong><em>famulis,</em></strong></span> 
     </span>
    </p>
   </div>
   <div class='ocr_carea' id='block_1_49' title="bbox 612 3382 2165 3463">
    <p class='ocr_par' dir='ltr' id='par_1_49' title="bbox 612 3382 2165 3463">
     <span class='ocr_line' id='line_1_49' title="bbox 612 3382 2165 3463; baseline -0.005 -17"><span class='ocrx_word' id='word_1_352' title='bbox 612 3394 705 3463; x_wconf 90' lang='lat' dir='ltr'><strong><em>qui</em></strong></span> <span class='ocrx_word' id='word_1_353' title='bbox 745 3406 802 3450; x_wconf 81' lang='lat' dir='ltr'><strong><em>se</em></strong></span> <span class='ocrx_word' id='word_1_354' title='bbox 837 3391 915 3444; x_wconf 88' lang='lat' dir='ltr'><strong><em>tui</em></strong></span> <span class='ocrx_word' id='word_1_355' title='bbox 947 3385 1181 3441; x_wconf 86' lang='lat' dir='ltr'><strong><em>nominis</em></strong></span> <span class='ocrx_word' id='word_1_356' title='bbox 1219 3384 1388 3437; x_wconf 84' lang='lat' dir='ltr'><strong><em>amori</em></strong></span> <span class='ocrx_word' id='word_1_357' title='bbox 1427 3382 1698 3448; x_wconf 89' lang='lat' dir='ltr'><strong><em>dedidere,</em></strong></span> <span class='ocrx_word' id='word_1_358' title='bbox 1745 3383 1815 3436; x_wconf 92' lang='lat' dir='ltr'><strong><em>ob</em></strong></span> <span class='ocrx_word' id='word_1_359' title='bbox 1861 3391 2005 3436; x_wconf 90' lang='lat' dir='ltr'><strong><em>tuam</em></strong></span> <span class='ocrx_word' id='word_1_360' title='bbox 2038 3398 2165 3453; x_wconf 76' lang='lat' dir='ltr'><strong><em>erga</em></strong></span> 
     </span>
    </p>
   </div>
   <div class='ocr_carea' id='block_1_50' title="bbox 613 3473 2164 3553">
    <p class='ocr_par' dir='ltr' id='par_1_50' title="bbox 613 3473 2164 3553">
     <span class='ocr_line' id='line_1_50' title="bbox 613 3473 2164 3553; baseline -0.008 -16"><span class='ocrx_word' id='word_1_361' title='bbox 613 3486 759 3553; x_wconf 90' lang='lat' dir='ltr'><strong><em>ipsos</em></strong></span> <span class='ocrx_word' id='word_1_362' title='bbox 785 3477 1202 3536; x_wconf 89' lang='lat' dir='ltr'><strong><em>sollicitudinem</em></strong></span> <span class='ocrx_word' id='word_1_363' title='bbox 1227 3473 1507 3542; x_wconf 72' lang='lat' dir='ltr'><strong><em>magniﬁce</em></strong></span> <span class='ocrx_word' id='word_1_364' title='bbox 1534 3474 1766 3528; x_wconf 85' lang='lat' dir='ltr'><strong><em>sentient</em></strong></span> <span class='ocrx_word' id='word_1_365' title='bbox 1792 3473 1858 3527; x_wconf 91' lang='lat' dir='ltr'><strong><em>de</em></strong></span> <span class='ocrx_word' id='word_1_366' title='bbox 1886 3482 1976 3526; x_wconf 88' lang='lat' dir='ltr'><strong><em>tua</em></strong></span> <span class='ocrx_word' id='word_1_367' title='bbox 2002 3488 2164 3541; x_wconf 85' lang='lat' dir='ltr'><strong><em>quam</em></strong></span> 
     </span>
    </p>
   </div>
   <div class='ocr_carea' id='block_1_51' title="bbox 610 3563 2167 3636">
    <p class='ocr_par' dir='ltr' id='par_1_51' title="bbox 610 3563 2167 3636">
     <span class='ocr_line' id='line_1_51' title="bbox 610 3563 2167 3636; baseline -0.008 -8"><span class='ocrx_word' id='word_1_368' title='bbox 610 3574 940 3628; x_wconf 88' lang='lat' dir='ltr'><strong><em>enarrabunt</em></strong></span> <span class='ocrx_word' id='word_1_369' title='bbox 997 3575 1282 3636; x_wconf 84' lang='lat' dir='ltr'><strong><em>potestate.</em></strong></span> <span class='ocrx_word' id='word_1_370' title='bbox 1340 3564 1514 3632; x_wconf 81' lang='lat' dir='ltr'><strong><em>Atque</em></strong></span> <span class='ocrx_word' id='word_1_371' title='bbox 1564 3564 1636 3616; x_wconf 88' lang='lat' dir='ltr'><strong><em>ita</em></strong></span> <span class='ocrx_word' id='word_1_372' title='bbox 1689 3563 1928 3631; x_wconf 87' lang='lat' dir='ltr'><strong><em>loquitur</em></strong></span> <span class='ocrx_word' id='word_1_373' title='bbox 1980 3564 2167 3617; x_wconf 88' lang='lat' dir='ltr'><strong><em>beatus</em></strong></span> 
     </span>
    </p>
   </div>
   <div class='ocr_carea' id='block_1_52' title="bbox 611 3652 2164 3727">
    <p class='ocr_par' dir='ltr' id='par_1_52' title="bbox 611 3652 2164 3727">
     <span class='ocr_line' id='line_1_52' title="bbox 611 3652 2164 3727; baseline -0.006 -9"><span class='ocrx_word' id='word_1_374' title='bbox 611 3663 851 3718; x_wconf 87' lang='lat' dir='ltr'><strong><em>Paulus:</em></strong></span> <span class='ocrx_word' id='word_1_375' title='bbox 894 3659 996 3724; x_wconf 83' lang='lat' dir='ltr'><strong><em>Qui</em></strong></span> <span class='ocrx_word' id='word_1_376' title='bbox 1040 3656 1326 3727; x_wconf 82' lang='lat' dir='ltr'><strong><em>gloriatur,</em></strong></span> <span class='ocrx_word' id='word_1_377' title='bbox 1367 3655 1422 3707; x_wconf 85' lang='lat' dir='ltr'><strong><em>in</em></strong></span> <span class='ocrx_word' id='word_1_378' title='bbox 1462 3654 1685 3708; x_wconf 87' lang='lat' dir='ltr'><strong><em>Domino</em></strong></span> <span class='ocrx_word' id='word_1_379' title='bbox 1729 3653 2069 3723; x_wconf 80' lang='lat' dir='ltr'><strong><em>glorietur&quot;.</em></strong></span> <span class='ocrx_word' id='word_1_380' title='bbox 2098 3652 2164 3708; x_wconf 90' lang='lat' dir='ltr'><strong><em>Ut</em></strong></span> 
     </span>
    </p>
   </div>
   <div class='ocr_carea' id='block_1_53' title="bbox 613 3749 2164 3829">
    <p class='ocr_par' dir='ltr' id='par_1_53' title="bbox 613 3749 2164 3829">
     <span class='ocr_line' id='line_1_53' title="bbox 613 3749 2164 3829; baseline -0.005 -18"><span class='ocrx_word' id='word_1_381' title='bbox 613 3765 760 3812; x_wconf 83' lang='lat' dir='ltr'><strong><em>scuto</em></strong></span> <span class='ocrx_word' id='word_1_382' title='bbox 783 3755 927 3808; x_wconf 70' lang='lat' dir='ltr'><strong><em>bona</em></strong></span> <span class='ocrx_word' id='word_1_383' title='bbox 956 3751 1242 3806; x_wconf 82' lang='lat' dir='ltr'><strong><em>voluntatis</em></strong></span> <span class='ocrx_word' id='word_1_384' title='bbox 1271 3758 1372 3803; x_wconf 82' lang='lat' dir='ltr'><strong><em>tua:</em></strong></span> <span class='ocrx_word' id='word_1_385' title='bbox 1413 3749 1675 3802; x_wconf 86' lang='lat' dir='ltr'><strong><em>coronasti</em></strong></span> <span class='ocrx_word' id='word_1_386' title='bbox 1729 3765 1840 3829; x_wconf 79' lang='lat' dir='ltr'><strong><em>nos.</em></strong></span> <span class='ocrx_word' id='word_1_387' title='bbox 1873 3749 2164 3816; x_wconf 88' lang='lat' dir='ltr'><strong><em>Coronam,</em></strong></span> 
     </span>
    </p>
   </div>
   <div class='ocr_carea' id='block_1_54' title="bbox 612 3840 2164 3918">
    <p class='ocr_par' dir='ltr' id='par_1_54' title="bbox 612 3840 2164 3918">
     <span class='ocr_line' id='line_1_54' title="bbox 612 3840 2164 3918; baseline -0.006 -14"><span class='ocrx_word' id='word_1_388' title='bbox 612 3849 808 3918; x_wconf 88' lang='lat' dir='ltr'><strong><em>inquit,</em></strong></span> <span class='ocrx_word' id='word_1_389' title='bbox 858 3861 957 3916; x_wconf 90' lang='lat' dir='ltr'><strong><em>pro</em></strong></span> <span class='ocrx_word' id='word_1_390' title='bbox 991 3843 1263 3898; x_wconf 89' lang='lat' dir='ltr'><strong><em>laboribus</em></strong></span> <span class='ocrx_word' id='word_1_391' title='bbox 1295 3840 1449 3896; x_wconf 84' lang='lat' dir='ltr'><strong><em>dabis</em></strong></span> <span class='ocrx_word' id='word_1_392' title='bbox 1484 3841 1536 3894; x_wconf 90' lang='lat' dir='ltr'><strong><em>in</em></strong></span> <span class='ocrx_word' id='word_1_393' title='bbox 1583 3840 1709 3906; x_wconf 90' lang='lat' dir='ltr'><strong><em>ﬁne,</em></strong></span> <span class='ocrx_word' id='word_1_394' title='bbox 1755 3856 1864 3911; x_wconf 89' lang='lat' dir='ltr'><strong><em>qua</em></strong></span> <span class='ocrx_word' id='word_1_395' title='bbox 1908 3849 2164 3910; x_wconf 84' lang='lat' dir='ltr'><strong><em>tanquam</em></strong></span> 
     </span>
    </p>
   </div>
   <div class='ocr_carea' id='block_1_55' title="bbox 614 3943 1191 4005">
    <p class='ocr_par' dir='ltr' id='par_1_55' title="bbox 614 3943 1191 4005">
     <span class='ocr_line' id='line_1_55' title="bbox 614 3943 1191 4005; baseline -0.014 -12"><span class='ocrx_word' id='word_1_396' title='bbox 614 3948 767 3993; x_wconf 79' lang='lat' dir='ltr'><strong><em>scuto</em></strong></span> <span class='ocrx_word' id='word_1_397' title='bbox 794 3951 895 3992; x_wconf 86' lang='lat' dir='ltr'><strong><em>nos</em></strong></span> <span class='ocrx_word' id='word_1_398' title='bbox 923 3943 1191 4005; x_wconf 76' lang='lat' dir='ltr'><strong><em>protegcs.</em></strong></span> 
     </span>
    </p>
   </div>
   <div class='ocr_carea' id='block_1_56' title="bbox 891 4113 1870 4182">
    <p class='ocr_par' dir='ltr' id='par_1_56' title="bbox 891 4113 1870 4182">
     <span class='ocr_line' id='line_1_56' title="bbox 891 4113 1870 4182; baseline -0.006 -12"><span class='ocrx_word' id='word_1_399' title='bbox 891 4113 957 4170; x_wconf 88' lang='lat' dir='ltr'><strong><em>In</em></strong></span> <span class='ocrx_word' id='word_1_400' title='bbox 989 4114 1164 4182; x_wconf 77' lang='lat' dir='ltr'><strong><em>ﬁnem,</em></strong></span> <span class='ocrx_word' id='word_1_401' title='bbox 1193 4115 1248 4165; x_wconf 86' lang='lat' dir='ltr'><strong><em>in</em></strong></span> <span class='ocrx_word' id='word_1_402' title='bbox 1282 4113 1508 4182; x_wconf 80' lang='lat' dir='ltr'><strong><em>hymnis,</em></strong></span> <span class='ocrx_word' id='word_1_403' title='bbox 1538 4128 1633 4180; x_wconf 87' lang='lat' dir='ltr'><strong><em>pro</em></strong></span> <span class='ocrx_word' id='word_1_404' title='bbox 1664 4120 1870 4178; x_wconf 85' lang='lat' dir='ltr'><strong><em>octava,</em></strong></span> 
     </span>
    </p>
   </div>
   <div class='ocr_carea' id='block_1_57' title="bbox 1028 4202 1727 4261">
    <p class='ocr_par' dir='ltr' id='par_1_57' title="bbox 1028 4202 1727 4261">
     <span class='ocr_line' id='line_1_57' title="bbox 1028 4202 1727 4261; baseline 0.003 -2"><span class='ocrx_word' id='word_1_405' title='bbox 1028 4203 1363 4259; x_wconf 82' lang='lat' dir='ltr'><strong><em>PSALMUS</em></strong></span> <span class='ocrx_word' id='word_1_406' title='bbox 1400 4204 1591 4259; x_wconf 84' lang='lat' dir='ltr'><strong><em>David.</em></strong></span> <span class='ocrx_word' id='word_1_407' title='bbox 1631 4202 1727 4261; x_wconf 81' lang='lat' dir='ltr'><strong><em>Vl.</em></strong></span> 
     </span>
    </p>
   </div>
   <div class='ocr_carea' id='block_1_58' title="bbox 1183 4301 1578 4369">
    <p class='ocr_par' dir='ltr' id='par_1_58' title="bbox 1183 4301 1578 4369">
     <span class='ocr_line' id='line_1_58' title="bbox 1183 4301 1578 4369; baseline 0.005 -18"><span class='ocrx_word' id='word_1_408' title='bbox 1183 4301 1578 4369; x_wconf 78' lang='lat' dir='ltr'><strong><em>Argumentum.</em></strong></span> 
     </span>
    </p>
   </div>
   <div class='ocr_carea' id='block_1_59' title="bbox 612 4389 2163 4466">
    <p class='ocr_par' dir='ltr' id='par_1_59' title="bbox 612 4389 2163 4466">
     <span class='ocr_line' id='line_1_59' title="bbox 612 4389 2163 4466; baseline -0.004 -15"><span class='ocrx_word' id='word_1_409' title='bbox 612 4395 813 4466; x_wconf 81' lang='lat' dir='ltr'><strong><em>Ecquid</em></strong></span> <span class='ocrx_word' id='word_1_410' title='bbox 849 4405 1014 4464; x_wconf 89' lang='lat' dir='ltr'><strong><em>porro</em></strong></span> <span class='ocrx_word' id='word_1_411' title='bbox 1051 4391 1196 4445; x_wconf 79' lang='lat' dir='ltr'><strong><em>aliud</em></strong></span> <span class='ocrx_word' id='word_1_412' title='bbox 1227 4389 1390 4444; x_wconf 81' lang='lat' dir='ltr'><strong><em>fuerit</em></strong></span> <span class='ocrx_word' id='word_1_413' title='bbox 1429 4396 1639 4455; x_wconf 82' lang='lat' dir='ltr'><strong><em>octava,</em></strong></span> <span class='ocrx_word' id='word_1_414' title='bbox 1671 4391 1776 4446; x_wconf 86' lang='lat' dir='ltr'><strong><em>nisi</em></strong></span> <span class='ocrx_word' id='word_1_415' title='bbox 1812 4390 2163 4445; x_wconf 85' lang='lat' dir='ltr'><strong><em>resurrectio—</em></strong></span> 
     </span>
    </p>
   </div>
   <div class='ocr_carea' id='block_1_60' title="bbox 2270 1941 2778 2010">
    <p class='ocr_par' dir='ltr' id='par_1_60' title="bbox 2270 1941 2778 2010">
     <span class='ocr_line' id='line_1_60' title="bbox 2270 1941 2778 2010; baseline -0.002 -15"><span class='ocrx_word' id='word_1_416' title='bbox 2270 1941 2427 2010; x_wconf 76' lang='grc' dir='ltr'>λόγον</span> <span class='ocrx_word' id='word_1_417' title='bbox 2453 1942 2553 1994; x_wconf 89' lang='grc' dir='ltr'><strong><em>ούκ</em></strong></span> <span class='ocrx_word' id='word_1_418' title='bbox 2580 1942 2778 1994; x_wconf 83' lang='grc' dir='ltr'>ι’σασιν.</span> 
     </span>
    </p>
   </div>
   <div class='ocr_carea' id='block_1_61' title="bbox 2345 2025 3838 2098">
    <p class='ocr_par' dir='ltr' id='par_1_61' title="bbox 2345 2025 3838 2098">
     <span class='ocr_line' id='line_1_61' title="bbox 2345 2025 3838 2098; baseline -0.003 -15"><span class='ocrx_word' id='word_1_419' title='bbox 2345 2029 2531 2098; x_wconf 66' lang='grc' dir='ltr'>Τάφος</span> <span class='ocrx_word' id='word_1_420' title='bbox 2545 2028 2914 2098; x_wconf 81' lang='grc' dir='ltr'><strong><em>ἀνεῳγμένος</em></strong></span> <span class='ocrx_word' id='word_1_421' title='bbox 2934 2031 2966 2081; x_wconf 87' lang='grc' dir='ltr'><strong><em>ό</em></strong></span> <span class='ocrx_word' id='word_1_422' title='bbox 2988 2027 3219 2097; x_wconf 73' lang='grc' dir='ltr'>λάρυγξ</span> <span class='ocrx_word' id='word_1_423' title='bbox 3239 2026 3436 2081; x_wconf 80' lang='grc' dir='ltr'>αὐτῶν</span> <span class='ocrx_word' id='word_1_424' title='bbox 3454 2043 3467 2058; x_wconf 76' lang='grc' dir='ltr'><strong><em>ο</em></strong></span> <span class='ocrx_word' id='word_1_425' title='bbox 3489 2027 3618 2092; x_wconf 84' lang='grc' dir='ltr'>ταῖς</span> <span class='ocrx_word' id='word_1_426' title='bbox 3639 2025 3838 2096; x_wconf 80' lang='grc' dir='ltr'>γλώσ-</span> 
     </span>
    </p>
   </div>
   <div class='ocr_carea' id='block_1_62' title="bbox 2269 2118 3836 2192">
    <p class='ocr_par' dir='ltr' id='par_1_62' title="bbox 2269 2118 3836 2192">
     <span class='ocr_line' id='line_1_62' title="bbox 2269 2118 3836 2192; baseline -0.004 -15"><span class='ocrx_word' id='word_1_427' title='bbox 2269 2140 2408 2190; x_wconf 88' lang='grc' dir='ltr'>σαις</span> <span class='ocrx_word' id='word_1_428' title='bbox 2427 2123 2623 2178; x_wconf 84' lang='grc' dir='ltr'>αὐτῶν</span> <span class='ocrx_word' id='word_1_429' title='bbox 2645 2121 3022 2177; x_wconf 80' lang='grc' dir='ltr'><strong><em>ἐδολιοῦσαν.</em></strong></span> <span class='ocrx_word' id='word_1_430' title='bbox 3054 2121 3162 2192; x_wconf 85' lang='grc' dir='ltr'><strong><em>Τὴν</em></strong></span> <span class='ocrx_word' id='word_1_431' title='bbox 3198 2120 3447 2189; x_wconf 86' lang='grc' dir='ltr'>γλῶσσαν</span> <span class='ocrx_word' id='word_1_432' title='bbox 3490 2119 3667 2173; x_wconf 85' lang='grc' dir='ltr'>αὐτῶν</span> <span class='ocrx_word' id='word_1_433' title='bbox 3691 2118 3836 2174; x_wconf 88' lang='grc' dir='ltr'>λεαί-</span> 
     </span>
    </p>
   </div>
   <div class='ocr_carea' id='block_1_63' title="bbox 2267 2214 3469 2288">
    <p class='ocr_par' dir='ltr' id='par_1_63' title="bbox 2267 2214 3469 2288">
     <span class='ocr_line' id='line_1_63' title="bbox 2267 2214 3469 2288; baseline -0.002 -17"><span class='ocrx_word' id='word_1_434' title='bbox 2267 2234 2434 2280; x_wconf 87' lang='grc' dir='ltr'>νουσι,</span> <span class='ocrx_word' id='word_1_435' title='bbox 2465 2217 2559 2269; x_wconf 81' lang='grc' dir='ltr'>καὶ</span> <span class='ocrx_word' id='word_1_436' title='bbox 2581 2215 2648 2269; x_wconf 86' lang='grc' dir='ltr'><strong><em>τὰ</em></strong></span> <span class='ocrx_word' id='word_1_437' title='bbox 2681 2215 2845 2288; x_wconf 86' lang='grc' dir='ltr'>νεκρά</span> <span class='ocrx_word' id='word_1_438' title='bbox 2873 2215 3187 2285; x_wconf 77' lang='grc' dir='ltr'>ἐρεύγονται</span> <span class='ocrx_word' id='word_1_439' title='bbox 3205 2214 3469 2284; x_wconf 85' lang='grc' dir='ltr'>δόγματα.</span> 
     </span>
    </p>
   </div>
   <div class='ocr_carea' id='block_1_64' title="bbox 2350 2301 3833 2362">
    <p class='ocr_par' dir='ltr' id='par_1_64' title="bbox 2350 2301 3833 2362">
     <span class='ocr_line' id='line_1_64' title="bbox 2350 2301 3833 2362; baseline -0.004 -1"><span class='ocrx_word' id='word_1_440' title='bbox 2350 2307 2845 2362; x_wconf 78' lang='grc' dir='ltr'>Ἀποπεσέτωσαν</span> <span class='ocrx_word' id='word_1_441' title='bbox 2896 2305 3013 2358; x_wconf 78' lang='grc' dir='ltr'>ἀπὸ</span> <span class='ocrx_word' id='word_1_442' title='bbox 3059 2304 3176 2358; x_wconf 86' lang='grc' dir='ltr'>τῶν</span> <span class='ocrx_word' id='word_1_443' title='bbox 3209 2303 3564 2359; x_wconf 78' lang='grc' dir='ltr'>διαϐουλιῶν</span> <span class='ocrx_word' id='word_1_444' title='bbox 3611 2301 3833 2358; x_wconf 84' lang='grc' dir='ltr'>αὐτῶν.</span> 
     </span>
    </p>
   </div>
   <div class='ocr_carea' id='block_1_65' title="bbox 2268 2391 3835 2467">
    <p class='ocr_par' dir='ltr' id='par_1_65' title="bbox 2268 2391 3835 2467">
     <span class='ocr_line' id='line_1_65' title="bbox 2268 2391 3835 2467; baseline -0.003 -18"><span class='ocrx_word' id='word_1_445' title='bbox 2268 2396 2455 2451; x_wconf 82' lang='grc' dir='ltr'>Ταῦτα</span> <span class='ocrx_word' id='word_1_446' title='bbox 2491 2395 2620 2466; x_wconf 86' lang='grc' dir='ltr'>γὰρ,</span> <span class='ocrx_word' id='word_1_447' title='bbox 2657 2395 2810 2467; x_wconf 75' lang='grc' dir='ltr'>φησὶ,</span> <span class='ocrx_word' id='word_1_448' title='bbox 2862 2396 2931 2448; x_wconf 83' lang='grc' dir='ltr'><strong><em>τὰ</em></strong></span> <span class='ocrx_word' id='word_1_449' title='bbox 2972 2394 3250 2449; x_wconf 80' lang='grc' dir='ltr'>διαϐούλια</span> <span class='ocrx_word' id='word_1_450' title='bbox 3295 2395 3476 2448; x_wconf 79' lang='grc' dir='ltr'>πάντα</span> <span class='ocrx_word' id='word_1_451' title='bbox 3524 2394 3644 2447; x_wconf 85' lang='grc' dir='ltr'>κατ’</span> <span class='ocrx_word' id='word_1_452' title='bbox 3699 2391 3835 2463; x_wconf 69' lang='grc' dir='ltr'>ἐμοῦ</span> 
     </span>
    </p>
   </div>
   <div class='ocr_carea' id='block_1_66' title="bbox 2267 2483 3829 2559">
    <p class='ocr_par' dir='ltr' id='par_1_66' title="bbox 2267 2483 3829 2559">
     <span class='ocr_line' id='line_1_66' title="bbox 2267 2483 3829 2559; baseline -0.003 -18"><span class='ocrx_word' id='word_1_453' title='bbox 2267 2488 2543 2541; x_wconf 71' lang='grc' dir='ltr'>ἐποιοῦντο</span> <span class='ocrx_word' id='word_1_454' title='bbox 2568 2490 2634 2559; x_wconf 81' lang='grc' dir='ltr'><strong><em>τῇ</em></strong></span> <span class='ocrx_word' id='word_1_455' title='bbox 2666 2487 2805 2540; x_wconf 82' lang='grc' dir='ltr'>κατὰ</span> <span class='ocrx_word' id='word_1_456' title='bbox 2834 2486 2965 2539; x_wconf 78' lang='grc' dir='ltr'>θεόν</span> <span class='ocrx_word' id='word_1_457' title='bbox 2987 2504 3087 2557; x_wconf 91' lang='grc' dir='ltr'><strong><em>μου</em></strong></span> <span class='ocrx_word' id='word_1_458' title='bbox 3128 2487 3376 2557; x_wconf 81' lang='grc' dir='ltr'>προκοπῇ</span> <span class='ocrx_word' id='word_1_459' title='bbox 3409 2483 3829 2554; x_wconf 77' lang='grc' dir='ltr'>ἐναντιούμενοι.</span> 
     </span>
    </p>
   </div>
   <div class='ocr_carea' id='block_1_67' title="bbox 2339 2577 3832 2652">
    <p class='ocr_par' dir='ltr' id='par_1_67' title="bbox 2339 2577 3832 2652">
     <span class='ocr_line' id='line_1_67' title="bbox 2339 2577 3832 2652; baseline 0 -20"><span class='ocrx_word' id='word_1_460' title='bbox 2339 2579 2529 2652; x_wconf 83' lang='grc' dir='ltr'>[Κατὰ</span> <span class='ocrx_word' id='word_1_461' title='bbox 2549 2579 2615 2632; x_wconf 82' lang='grc' dir='ltr'>τὸ</span> <span class='ocrx_word' id='word_1_462' title='bbox 2639 2579 2870 2648; x_wconf 74' lang='grc' dir='ltr'>πλῆθος</span> <span class='ocrx_word' id='word_1_463' title='bbox 2888 2578 3007 2631; x_wconf 86' lang='grc' dir='ltr'>τῶν</span> <span class='ocrx_word' id='word_1_464' title='bbox 3029 2577 3314 2633; x_wconf 78' lang='grc' dir='ltr'>ἀσεϐειῶν</span> <span class='ocrx_word' id='word_1_465' title='bbox 3333 2577 3564 2642; x_wconf 71' lang='grc' dir='ltr'>ἐξωσον</span> <span class='ocrx_word' id='word_1_466' title='bbox 3586 2577 3832 2643; x_wconf 81' lang='grc' dir='ltr'>αὐτοὺς,</span> 
     </span>
    </p>
   </div>
   <div class='ocr_carea' id='block_1_68' title="bbox 2268 2667 3835 2740">
    <p class='ocr_par' dir='ltr' id='par_1_68' title="bbox 2268 2667 3835 2740">
     <span class='ocr_line' id='line_1_68' title="bbox 2268 2667 3835 2740; baseline -0.002 -16"><span class='ocrx_word' id='word_1_467' title='bbox 2268 2670 2509 2732; x_wconf 75' lang='grc' dir='ltr'>εὐσεϐεῖς</span> <span class='ocrx_word' id='word_1_468' title='bbox 2541 2671 2736 2733; x_wconf 71' lang='grc' dir='ltr'>αὐτοὺς</span> <span class='ocrx_word' id='word_1_469' title='bbox 2759 2671 3151 2740; x_wconf 83' lang='grc' dir='ltr'>ἐργασάμενος.</span> <span class='ocrx_word' id='word_1_470' title='bbox 3188 2671 3250 2722; x_wconf 84' lang='lat' dir='ltr'><strong><em>Ol</em></strong></span> <span class='ocrx_word' id='word_1_471' title='bbox 3281 2667 3389 2739; x_wconf 83' lang='grc' dir='ltr'>γὰρ</span> <span class='ocrx_word' id='word_1_472' title='bbox 3417 2667 3700 2731; x_wconf 83' lang='grc' dir='ltr'>διώκοντες</span> <span class='ocrx_word' id='word_1_473' title='bbox 3732 2669 3835 2740; x_wconf 72' lang='grc' dir='ltr'><strong><em>τὴν</em></strong></span> 
     </span>
    </p>
   </div>
   <div class='ocr_carea' id='block_1_69' title="bbox 2268 2759 3833 2834">
    <p class='ocr_par' dir='ltr' id='par_1_69' title="bbox 2268 2759 3833 2834">
     <span class='ocr_line' id='line_1_69' title="bbox 2268 2759 3833 2834; baseline -0.003 -18"><span class='ocrx_word' id='word_1_474' title='bbox 2268 2764 2396 2832; x_wconf 86' lang='grc' dir='ltr'>φίλα</span> <span class='ocrx_word' id='word_1_475' title='bbox 2445 2761 2523 2834; x_wconf 82' lang='grc' dir='ltr'>τῷ</span> <span class='ocrx_word' id='word_1_476' title='bbox 2553 2762 2671 2833; x_wconf 85' lang='grc' dir='ltr'><strong><em>Θεῷ</em></strong></span> <span class='ocrx_word' id='word_1_477' title='bbox 2701 2763 3042 2833; x_wconf 80' lang='grc' dir='ltr'>πράττουσαν</span> <span class='ocrx_word' id='word_1_478' title='bbox 3093 2759 3271 2832; x_wconf 79' lang='grc' dir='ltr'>ψυχὴν</span> <span class='ocrx_word' id='word_1_479' title='bbox 3324 2759 3455 2813; x_wconf 81' lang='grc' dir='ltr'>Θεὸν</span> <span class='ocrx_word' id='word_1_480' title='bbox 3487 2760 3833 2830; x_wconf 81' lang='grc' dir='ltr'>πικραίνουσι</span> 
     </span>
    </p>
   </div>
   <div class='ocr_carea' id='block_1_70' title="bbox 2268 2851 2922 2925">
    <p class='ocr_par' dir='ltr' id='par_1_70' title="bbox 2268 2851 2922 2925">
     <span class='ocr_line' id='line_1_70' title="bbox 2268 2851 2922 2925; baseline -0.005 -18"><span class='ocrx_word' id='word_1_481' title='bbox 2268 2854 2661 2925; x_wconf 80' lang='grc' dir='ltr'>θεομαχοῦντες</span> <span class='ocrx_word' id='word_1_482' title='bbox 2691 2851 2922 2925; x_wconf 57' lang='grc' dir='ltr'>σαφῶς]</span> 
     </span>
    </p>
   </div>
   <div class='ocr_carea' id='block_1_71' title="bbox 2337 2940 3833 3014">
    <p class='ocr_par' dir='ltr' id='par_1_71' title="bbox 2337 2940 3833 3014">
     <span class='ocr_line' id='line_1_71' title="bbox 2337 2940 3833 3014; baseline -0.002 -17"><span class='ocrx_word' id='word_1_483' title='bbox 2337 2943 2448 2997; x_wconf 82' lang='lat' dir='ltr'><strong><em>Kal</em></strong></span> <span class='ocrx_word' id='word_1_484' title='bbox 2480 2942 2966 3010; x_wconf 65' lang='grc' dir='ltr'>κατασκηνώσεις</span> <span class='ocrx_word' id='word_1_485' title='bbox 2996 2943 3066 2996; x_wconf 86' lang='grc' dir='ltr'>ἐν</span> <span class='ocrx_word' id='word_1_486' title='bbox 3088 2942 3312 3008; x_wconf 86' lang='grc' dir='ltr'>αὐτοῖς.</span> <span class='ocrx_word' id='word_1_487' title='bbox 3343 2941 3514 3006; x_wconf 53' lang='lat' dir='ltr'><strong><em>sors;</em></strong></span> <span class='ocrx_word' id='word_1_488' title='bbox 3543 2940 3649 3014; x_wconf 80' lang='grc' dir='ltr'><strong><em>γὰρ</em></strong></span> <span class='ocrx_word' id='word_1_489' title='bbox 3680 2941 3833 2995; x_wconf 80' lang='grc' dir='ltr'>ἐλεύ-</span> 
     </span>
    </p>
   </div>
   <div class='ocr_carea' id='block_1_72' title="bbox 2268 3034 3831 3106">
    <p class='ocr_par' dir='ltr' id='par_1_72' title="bbox 2268 3034 3831 3106">
     <span class='ocr_line' id='line_1_72' title="bbox 2268 3034 3831 3106; baseline -0.001 -16"><span class='ocrx_word' id='word_1_490' title='bbox 2268 3054 2418 3090; x_wconf 87' lang='grc' dir='ltr'>σεται</span> <span class='ocrx_word' id='word_1_491' title='bbox 2449 3039 2541 3089; x_wconf 74' lang='grc' dir='ltr'>καὶ</span> <span class='ocrx_word' id='word_1_492' title='bbox 2569 3039 2597 3089; x_wconf 85' lang='grc' dir='ltr'>ὁ</span> <span class='ocrx_word' id='word_1_493' title='bbox 2623 3036 2837 3106; x_wconf 84' lang='grc' dir='ltr'>Πατὴρ,</span> <span class='ocrx_word' id='word_1_494' title='bbox 2869 3036 2960 3088; x_wconf 77' lang='grc' dir='ltr'>καὶ</span> <span class='ocrx_word' id='word_1_495' title='bbox 2983 3036 3146 3106; x_wconf 82' lang='grc' dir='ltr'>μονὴν</span> <span class='ocrx_word' id='word_1_496' title='bbox 3177 3034 3304 3106; x_wconf 90' lang='grc' dir='ltr'>παρ’</span> <span class='ocrx_word' id='word_1_497' title='bbox 3327 3034 3472 3106; x_wconf 88' lang='grc' dir='ltr'><strong><em>αύτῷ</em></strong></span> <span class='ocrx_word' id='word_1_498' title='bbox 3495 3036 3831 3105; x_wconf 81' lang='grc' dir='ltr'>ποιήσονται.</span> 
     </span>
    </p>
   </div>
   <div class='ocr_carea' id='block_1_73' title="bbox 2335 3123 3837 3196">
    <p class='ocr_par' dir='ltr' id='par_1_73' title="bbox 2335 3123 3837 3196">
     <span class='ocr_line' id='line_1_73' title="bbox 2335 3123 3837 3196; baseline -0.001 -15"><span class='ocrx_word' id='word_1_499' title='bbox 2335 3127 2444 3182; x_wconf 81' lang='grc' dir='ltr'><strong><em>Καὶ</em></strong></span> <span class='ocrx_word' id='word_1_500' title='bbox 2470 3126 2877 3196; x_wconf 83' lang='grc' dir='ltr'>καυχήσονται</span> <span class='ocrx_word' id='word_1_501' title='bbox 2906 3126 2976 3179; x_wconf 82' lang='grc' dir='ltr'>ἐν</span> <span class='ocrx_word' id='word_1_502' title='bbox 2994 3126 3090 3179; x_wconf 82' lang='grc' dir='ltr'>σοὶ</span> <span class='ocrx_word' id='word_1_503' title='bbox 3116 3128 3170 3178; x_wconf 86' lang='lat' dir='ltr'><strong><em>ol</em></strong></span> <span class='ocrx_word' id='word_1_504' title='bbox 3191 3123 3532 3194; x_wconf 76' lang='grc' dir='ltr'>ἀγαπῶντες</span> <span class='ocrx_word' id='word_1_505' title='bbox 3556 3125 3622 3178; x_wconf 83' lang='grc' dir='ltr'>τὸ</span> <span class='ocrx_word' id='word_1_506' title='bbox 3645 3124 3837 3195; x_wconf 78' lang='grc' dir='ltr'>ὄνομά</span> 
     </span>
    </p>
   </div>
   <div class='ocr_carea' id='block_1_74' title="bbox 2267 3215 3834 3288">
    <p class='ocr_par' dir='ltr' id='par_1_74' title="bbox 2267 3215 3834 3288">
     <span class='ocr_line' id='line_1_74' title="bbox 2267 3215 3834 3288; baseline -0.004 -14"><span class='ocrx_word' id='word_1_507' title='bbox 2267 3237 2402 3284; x_wconf 90' lang='grc' dir='ltr'>σου,</span> <span class='ocrx_word' id='word_1_508' title='bbox 2434 3219 2522 3272; x_wconf 85' lang='grc' dir='ltr'>ὅτι</span> <span class='ocrx_word' id='word_1_509' title='bbox 2552 3218 2632 3272; x_wconf 84' lang='grc' dir='ltr'>σὺ</span> <span class='ocrx_word' id='word_1_510' title='bbox 2652 3217 3008 3286; x_wconf 76' lang='grc' dir='ltr'>εὐλογήσεις</span> <span class='ocrx_word' id='word_1_511' title='bbox 3053 3215 3308 3280; x_wconf 85' lang='grc' dir='ltr'>δίκαιον,</span> <span class='ocrx_word' id='word_1_512' title='bbox 3342 3217 3538 3284; x_wconf 86' lang='grc' dir='ltr'>Κύριε.</span> <span class='ocrx_word' id='word_1_513' title='bbox 3581 3217 3690 3286; x_wconf 84' lang='grc' dir='ltr'>Τῆς</span> <span class='ocrx_word' id='word_1_514' title='bbox 3723 3216 3834 3288; x_wconf 84' lang='grc' dir='ltr'><strong><em>γὰρ</em></strong></span> 
     </span>
    </p>
   </div>
   <div class='ocr_carea' id='block_1_75' title="bbox 2269 3308 3832 3382">
    <p class='ocr_par' dir='ltr' id='par_1_75' title="bbox 2269 3308 3832 3382">
     <span class='ocr_line' id='line_1_75' title="bbox 2269 3308 3832 3382; baseline -0.001 -20"><span class='ocrx_word' id='word_1_515' title='bbox 2269 3313 2364 3382; x_wconf 83' lang='grc' dir='ltr'>σῆς</span> <span class='ocrx_word' id='word_1_516' title='bbox 2401 3309 2646 3377; x_wconf 80' lang='grc' dir='ltr'>εὐλογίας</span> <span class='ocrx_word' id='word_1_517' title='bbox 2677 3327 2735 3361; x_wconf 90' lang='grc' dir='ltr'><strong><em>τε</em></strong></span> <span class='ocrx_word' id='word_1_518' title='bbox 2766 3310 2859 3362; x_wconf 75' lang='grc' dir='ltr'>καὶ</span> <span class='ocrx_word' id='word_1_519' title='bbox 2892 3308 3146 3380; x_wconf 76' lang='grc' dir='ltr'>προνοίας</span> <span class='ocrx_word' id='word_1_520' title='bbox 3188 3311 3299 3372; x_wconf 84' lang='grc' dir='ltr'>τοῖς</span> <span class='ocrx_word' id='word_1_521' title='bbox 3334 3310 3447 3370; x_wconf 78' lang='grc' dir='ltr'>σοῖς</span> <span class='ocrx_word' id='word_1_522' title='bbox 3488 3309 3832 3380; x_wconf 81' lang='grc' dir='ltr'>χορηγουμέ-</span> 
     </span>
    </p>
   </div>
   <div class='ocr_carea' id='block_1_76' title="bbox 2266 3397 3832 3470">
    <p class='ocr_par' dir='ltr' id='par_1_76' title="bbox 2266 3397 3832 3470">
     <span class='ocr_line' id='line_1_76' title="bbox 2266 3397 3832 3470; baseline 0 -20"><span class='ocrx_word' id='word_1_523' title='bbox 2266 3417 2360 3468; x_wconf 84' lang='grc' dir='ltr'><strong><em>νης</em></strong></span> <span class='ocrx_word' id='word_1_524' title='bbox 2398 3399 2778 3470; x_wconf 83' lang='grc' dir='ltr'>θεραπευταῖς,</span> <span class='ocrx_word' id='word_1_525' title='bbox 2811 3398 2883 3464; x_wconf 78' lang='grc' dir='ltr'>οἳ,</span> <span class='ocrx_word' id='word_1_526' title='bbox 2925 3399 3061 3467; x_wconf 82' lang='grc' dir='ltr'>σφᾶς</span> <span class='ocrx_word' id='word_1_527' title='bbox 3092 3398 3286 3462; x_wconf 78' lang='grc' dir='ltr'>αὐτοὺς</span> <span class='ocrx_word' id='word_1_528' title='bbox 3327 3398 3564 3470; x_wconf 78' lang='grc' dir='ltr'>ἐραστὰς</span> <span class='ocrx_word' id='word_1_529' title='bbox 3607 3398 3699 3452; x_wconf 81' lang='grc' dir='ltr'><strong><em>τοῦ</em></strong></span> <span class='ocrx_word' id='word_1_530' title='bbox 3736 3397 3832 3450; x_wconf 83' lang='grc' dir='ltr'><strong><em>σοῦ</em></strong></span> 
     </span>
    </p>
   </div>
   <div class='ocr_carea' id='block_1_77' title="bbox 2265 3491 3832 3562">
    <p class='ocr_par' dir='ltr' id='par_1_77' title="bbox 2265 3491 3832 3562">
     <span class='ocr_line' id='line_1_77' title="bbox 2265 3491 3832 3562; baseline -0.001 -17"><span class='ocrx_word' id='word_1_531' title='bbox 2265 3492 2522 3561; x_wconf 85' lang='grc' dir='ltr'>ὀνόματος</span> <span class='ocrx_word' id='word_1_532' title='bbox 2553 3493 3012 3562; x_wconf 80' lang='grc' dir='ltr'>καταστήσαντες,</span> <span class='ocrx_word' id='word_1_533' title='bbox 3041 3492 3133 3542; x_wconf 80' lang='grc' dir='ltr'><strong><em>ἐπὶ</em></strong></span> <span class='ocrx_word' id='word_1_534' title='bbox 3170 3493 3237 3562; x_wconf 85' lang='grc' dir='ltr'><strong><em>τῇ</em></strong></span> <span class='ocrx_word' id='word_1_535' title='bbox 3275 3494 3339 3561; x_wconf 82' lang='grc' dir='ltr'><strong><em>σῇ</em></strong></span> <span class='ocrx_word' id='word_1_536' title='bbox 3388 3491 3683 3562; x_wconf 74' lang='grc' dir='ltr'>κηδεμονίᾳ</span> <span class='ocrx_word' id='word_1_537' title='bbox 3728 3508 3832 3561; x_wconf 76' lang='grc' dir='ltr'>με·-</span> 
     </span>
    </p>
   </div>
   <div class='ocr_carea' id='block_1_78' title="bbox 2266 3583 3834 3656">
    <p class='ocr_par' dir='ltr' id='par_1_78' title="bbox 2266 3583 3834 3656">
     <span class='ocr_line' id='line_1_78' title="bbox 2266 3583 3834 3656; baseline -0.001 -17"><span class='ocrx_word' id='word_1_538' title='bbox 2266 3585 2402 3654; x_wconf 78' lang='grc' dir='ltr'>γάλα</span> <span class='ocrx_word' id='word_1_539' title='bbox 2431 3587 2754 3656; x_wconf 84' lang='grc' dir='ltr'>φρονήσουσι</span> <span class='ocrx_word' id='word_1_540' title='bbox 2780 3585 2876 3656; x_wconf 81' lang='grc' dir='ltr'>τὴν</span> <span class='ocrx_word' id='word_1_541' title='bbox 2903 3585 3000 3655; x_wconf 84' lang='grc' dir='ltr'><strong><em>σὴν</em></strong></span> <span class='ocrx_word' id='word_1_542' title='bbox 3029 3583 3373 3656; x_wconf 87' lang='grc' dir='ltr'>διηγούμενοι</span> <span class='ocrx_word' id='word_1_543' title='bbox 3394 3583 3642 3654; x_wconf 89' lang='grc' dir='ltr'>δύναμιν.</span> <span class='ocrx_word' id='word_1_544' title='bbox 3674 3583 3834 3638; x_wconf 78' lang='grc' dir='ltr'>Οὕτω</span> 
     </span>
    </p>
   </div>
   <div class='ocr_carea' id='block_1_79' title="bbox 2266 3672 3834 3748">
    <p class='ocr_par' dir='ltr' id='par_1_79' title="bbox 2266 3672 3834 3748">
     <span class='ocr_line' id='line_1_79' title="bbox 2266 3672 3834 3748; baseline -0.001 -18"><span class='ocrx_word' id='word_1_545' title='bbox 2266 3678 2360 3730; x_wconf 78' lang='grc' dir='ltr'>καὶ</span> <span class='ocrx_word' id='word_1_546' title='bbox 2387 3679 2415 3730; x_wconf 89' lang='grc' dir='ltr'><strong><em>ὀ</em></strong></span> <span class='ocrx_word' id='word_1_547' title='bbox 2444 3677 2712 3748; x_wconf 78' lang='grc' dir='ltr'>μακάριος</span> <span class='ocrx_word' id='word_1_548' title='bbox 2760 3675 2908 3743; x_wconf 80' lang='grc' dir='ltr'>λέγει</span> <span class='ocrx_word' id='word_1_549' title='bbox 2941 3674 3150 3738; x_wconf 81' lang='grc' dir='ltr'>Παῦλος</span> <span class='ocrx_word' id='word_1_550' title='bbox 3171 3691 3184 3705; x_wconf 90' lang='grc'><strong>·</strong></span> <span class='ocrx_word' id='word_1_551' title='bbox 3231 3675 3292 3728; x_wconf 86' lang='lat'><strong><em>&#39;0</em></strong></span> <span class='ocrx_word' id='word_1_552' title='bbox 3343 3672 3725 3744; x_wconf 78' lang='grc' dir='ltr'>καυχώμενος</span> <span class='ocrx_word' id='word_1_553' title='bbox 3759 3675 3834 3728; x_wconf 75' lang='grc' dir='ltr'>ἐν</span> 
     </span>
    </p>
   </div>
   <div class='ocr_carea' id='block_1_80' title="bbox 2266 3767 3836 3838">
    <p class='ocr_par' dir='ltr' id='par_1_80' title="bbox 2266 3767 3836 3838">
     <span class='ocr_line' id='line_1_80' title="bbox 2266 3767 3836 3838; baseline -0.001 -14"><span class='ocrx_word' id='word_1_554' title='bbox 2266 3771 2457 3837; x_wconf 76' lang='grc' dir='ltr'>Κυρίῳ</span> <span class='ocrx_word' id='word_1_555' title='bbox 2491 3770 2825 3838; x_wconf 80' lang='grc' dir='ltr'>καυχάσθω.</span> <span class='ocrx_word' id='word_1_556' title='bbox 2864 3769 2954 3834; x_wconf 84' lang='grc' dir='ltr'>Ὠς</span> <span class='ocrx_word' id='word_1_557' title='bbox 2974 3768 3167 3821; x_wconf 74' lang='grc' dir='ltr'>ὅπλον</span> <span class='ocrx_word' id='word_1_558' title='bbox 3197 3767 3474 3833; x_wconf 82' lang='grc' dir='ltr'>εὐδοκίας</span> <span class='ocrx_word' id='word_1_559' title='bbox 3501 3767 3836 3836; x_wconf 70' lang='grc' dir='ltr'>ἐστεφάνω-</span> 
     </span>
    </p>
   </div>
   <div class='ocr_carea' id='block_1_81' title="bbox 2265 3857 3832 3930">
    <p class='ocr_par' dir='ltr' id='par_1_81' title="bbox 2265 3857 3832 3930">
     <span class='ocr_line' id='line_1_81' title="bbox 2265 3857 3832 3930; baseline -0.002 -14"><span class='ocrx_word' id='word_1_560' title='bbox 2265 3879 2381 3929; x_wconf 91' lang='grc' dir='ltr'><strong><em>σας</em></strong></span> <span class='ocrx_word' id='word_1_561' title='bbox 2424 3860 2598 3930; x_wconf 78' lang='grc' dir='ltr'>ήμᾶς.</span> <span class='ocrx_word' id='word_1_562' title='bbox 2660 3860 2944 3929; x_wconf 81' lang='grc' dir='ltr'>Στέφανος.</span> <span class='ocrx_word' id='word_1_563' title='bbox 2980 3858 3163 3930; x_wconf 73' lang='grc' dir='ltr'>φησὶν,</span> <span class='ocrx_word' id='word_1_564' title='bbox 3187 3857 3342 3930; x_wconf 84' lang='grc' dir='ltr'>ἡμῶν</span> <span class='ocrx_word' id='word_1_565' title='bbox 3371 3859 3478 3912; x_wconf 86' lang='grc' dir='ltr'>τῶν</span> <span class='ocrx_word' id='word_1_566' title='bbox 3507 3860 3683 3913; x_wconf 87' lang='grc' dir='ltr'>πόνων</span> <span class='ocrx_word' id='word_1_567' title='bbox 3729 3877 3832 3930; x_wconf 84' lang='grc' dir='ltr'><strong><em>χα-</em></strong></span> 
     </span>
    </p>
   </div>
   <div class='ocr_carea' id='block_1_82' title="bbox 2267 3949 3832 4026">
    <p class='ocr_par' dir='ltr' id='par_1_82' title="bbox 2267 3949 3832 4026">
     <span class='ocr_line' id='line_1_82' title="bbox 2267 3949 3832 4026; baseline -0.003 -19"><span class='ocrx_word' id='word_1_568' title='bbox 2267 3955 2390 4026; x_wconf 76' lang='grc' dir='ltr'>ρίσῃ</span> <span class='ocrx_word' id='word_1_569' title='bbox 2423 3954 2484 4006; x_wconf 84' lang='grc' dir='ltr'>τὸ</span> <span class='ocrx_word' id='word_1_570' title='bbox 2512 3952 2681 4017; x_wconf 81' lang='grc' dir='ltr'>τέλος,</span> <span class='ocrx_word' id='word_1_571' title='bbox 2714 3951 2886 4022; x_wconf 87' lang='grc' dir='ltr'>τούτῳ</span> <span class='ocrx_word' id='word_1_572' title='bbox 2915 3949 3162 4022; x_wconf 80' lang='grc' dir='ltr'>καθάπερ</span> <span class='ocrx_word' id='word_1_573' title='bbox 3187 3950 3335 4022; x_wconf 76' lang='grc' dir='ltr'>ὅπλῳ</span> <span class='ocrx_word' id='word_1_574' title='bbox 3382 3951 3489 4003; x_wconf 75' lang='grc' dir='ltr'>τινὶ</span> <span class='ocrx_word' id='word_1_575' title='bbox 3521 3951 3832 4022; x_wconf 84' lang='grc' dir='ltr'>περιφράτ-</span> 
     </span>
    </p>
   </div>
   <div class='ocr_carea' id='block_1_83' title="bbox 2265 4046 2627 4115">
    <p class='ocr_par' dir='ltr' id='par_1_83' title="bbox 2265 4046 2627 4115">
     <span class='ocr_line' id='line_1_83' title="bbox 2265 4046 2627 4115; baseline -0.003 -17"><span class='ocrx_word' id='word_1_576' title='bbox 2265 4062 2430 4099; x_wconf 85' lang='grc' dir='ltr'>τουσα</span> <span class='ocrx_word' id='word_1_577' title='bbox 2462 4046 2627 4115; x_wconf 74' lang='grc' dir='ltr'>ἡμᾶς.</span> 
     </span>
    </p>
   </div>
   <div class='ocr_carea' id='block_1_84' title="bbox 2389 4133 3720 4205">
    <p class='ocr_par' dir='ltr' id='par_1_84' title="bbox 2389 4133 3720 4205">
     <span class='ocr_line' id='line_1_84' title="bbox 2389 4133 3720 4205; baseline -0.002 -17"><span class='ocrx_word' id='word_1_578' title='bbox 2389 4138 2490 4200; x_wconf 73' lang='grc' dir='ltr'><strong><em>Εἰς</em></strong></span> <span class='ocrx_word' id='word_1_579' title='bbox 2521 4134 2588 4188; x_wconf 84' lang='grc' dir='ltr'>τὸ</span> <span class='ocrx_word' id='word_1_580' title='bbox 2623 4133 2816 4200; x_wconf 77' lang='grc' dir='ltr'>τέλος,</span> <span class='ocrx_word' id='word_1_581' title='bbox 2849 4135 2919 4188; x_wconf 81' lang='grc' dir='ltr'>ἐν</span> <span class='ocrx_word' id='word_1_582' title='bbox 2941 4135 3165 4205; x_wconf 83' lang='grc' dir='ltr'>ὕμνοις,</span> <span class='ocrx_word' id='word_1_583' title='bbox 3190 4133 3340 4203; x_wconf 81' lang='grc' dir='ltr'>ὑπὲρ</span> <span class='ocrx_word' id='word_1_584' title='bbox 3362 4133 3471 4202; x_wconf 84' lang='grc' dir='ltr'>τῆς</span> <span class='ocrx_word' id='word_1_585' title='bbox 3486 4133 3720 4204; x_wconf 70' lang='grc' dir='ltr'>ὀγδόης,</span> 
     </span>
    </p>
   </div>
   <div class='ocr_carea' id='block_1_85' title="bbox 2673 4225 3426 4292">
    <p class='ocr_par' dir='ltr' id='par_1_85' title="bbox 2673 4225 3426 4292">
     <span class='ocr_line' id='line_1_85' title="bbox 2673 4225 3426 4292; baseline 0 -13"><span class='ocrx_word' id='word_1_586' title='bbox 2673 4228 2980 4281; x_wconf 81' lang='grc' dir='ltr'><strong><em>ΨΑΛΜΟΣ</em></strong></span> <span class='ocrx_word' id='word_1_587' title='bbox 3002 4225 3080 4290; x_wconf 83' lang='grc' dir='ltr'><strong><em>τῷ</em></strong></span> <span class='ocrx_word' id='word_1_588' title='bbox 3102 4225 3300 4280; x_wconf 79' lang='grc' dir='ltr'>Δαυΐδ.</span> <span class='ocrx_word' id='word_1_589' title='bbox 3335 4228 3426 4292; x_wconf 75' lang='grc' dir='ltr'>ς’.</span> 
     </span>
    </p>
   </div>
   <div class='ocr_carea' id='block_1_86' title="bbox 2883 4318 3205 4383">
    <p class='ocr_par' dir='ltr' id='par_1_86' title="bbox 2883 4318 3205 4383">
     <span class='ocr_line' id='line_1_86' title="bbox 2883 4318 3205 4383; baseline 0.003 -14"><span class='ocrx_word' id='word_1_590' title='bbox 2883 4318 3205 4383; x_wconf 80' lang='grc' dir='ltr'>Ὑπόθεσις.</span> 
     </span>
    </p>
   </div>
   <div class='ocr_carea' id='block_1_87' title="bbox 2265 4405 3831 4478">
    <p class='ocr_par' dir='ltr' id='par_1_87' title="bbox 2265 4405 3831 4478">
     <span class='ocr_line' id='line_1_87' title="bbox 2265 4405 3831 4478; baseline 0 -18"><span class='ocrx_word' id='word_1_591' title='bbox 2265 4408 2374 4460; x_wconf 70' lang='grc' dir='ltr'><strong><em>Καὶ</em></strong></span> <span class='ocrx_word' id='word_1_592' title='bbox 2396 4407 2478 4469; x_wconf 88' lang='grc' dir='ltr'><strong><em>τίς</em></strong></span> <span class='ocrx_word' id='word_1_593' title='bbox 2517 4405 2583 4459; x_wconf 81' lang='grc' dir='ltr'>ἂν</span> <span class='ocrx_word' id='word_1_594' title='bbox 2608 4405 2692 4476; x_wconf 73' lang='grc' dir='ltr'><strong><em>εἴη</em></strong></span> <span class='ocrx_word' id='word_1_595' title='bbox 2718 4407 2750 4478; x_wconf 77' lang='grc' dir='ltr'><strong>ἡ</strong></span> <span class='ocrx_word' id='word_1_596' title='bbox 2778 4405 2958 4476; x_wconf 78' lang='grc' dir='ltr'>ὀγδόη,</span> <span class='ocrx_word' id='word_1_597' title='bbox 2991 4407 3024 4477; x_wconf 77' lang='grc' dir='ltr'>ἢ</span> <span class='ocrx_word' id='word_1_598' title='bbox 3057 4409 3090 4477; x_wconf 81' lang='grc' dir='ltr'>ὴ</span> <span class='ocrx_word' id='word_1_599' title='bbox 3141 4405 3235 4459; x_wconf 86' lang='grc' dir='ltr'><strong><em>τοῦ</em></strong></span> <span class='ocrx_word' id='word_1_600' title='bbox 3267 4407 3501 4478; x_wconf 75' lang='grc' dir='ltr'>Χριστοῦ</span> <span class='ocrx_word' id='word_1_601' title='bbox 3537 4408 3831 4462; x_wconf 82' lang='grc' dir='ltr'>ἀναστάσι-</span> 
     </span>
    </p>
   </div>
   <div class='ocr_carea' id='block_1_88' title="bbox 682 4481 2169 4570">
    <p class='ocr_par' dir='ltr' id='par_1_88' title="bbox 682 4481 2160 4553">
     <span class='ocr_line' id='line_1_88' title="bbox 682 4481 2160 4553; baseline -0.003 -12"><span class='ocrx_word' id='word_1_602' title='bbox 682 4488 766 4542; x_wconf 90' lang='lat' dir='ltr'><strong><em>nis</em></strong></span> <span class='ocrx_word' id='word_1_603' title='bbox 793 4485 994 4540; x_wconf 82' lang='lat' dir='ltr'><strong><em>Christi</em></strong></span> <span class='ocrx_word' id='word_1_604' title='bbox 1024 4484 1160 4548; x_wconf 90' lang='lat' dir='ltr'><strong><em>dies,</em></strong></span> <span class='ocrx_word' id='word_1_605' title='bbox 1190 4498 1297 4552; x_wconf 90' lang='lat' dir='ltr'><strong><em>qua</em></strong></span> <span class='ocrx_word' id='word_1_606' title='bbox 1338 4483 1586 4537; x_wconf 88' lang='lat' dir='ltr'><strong><em>laborum</em></strong></span> <span class='ocrx_word' id='word_1_607' title='bbox 1623 4481 1830 4538; x_wconf 77' lang='lat' dir='ltr'><strong><em>fructus</em></strong></span> <span class='ocrx_word' id='word_1_608' title='bbox 1860 4484 2160 4553; x_wconf 85' lang='lat' dir='ltr'><strong><em>percepturi</em></strong></span> 
     </span>
    </p>
   </div>
   <div class='ocr_carea' id='block_1_89' title="bbox 2268 4481 3828 4570">
    <p class='ocr_par' dir='ltr' id='par_1_89' title="bbox 2338 4496 3828 4570">
     <span class='ocr_line' id='line_1_89' title="bbox 2338 4496 3828 4570; baseline -0.001 -18"><span class='ocrx_word' id='word_1_609' title='bbox 2338 4518 2433 4570; x_wconf 83' lang='grc' dir='ltr'><strong><em>μσς</em></strong></span> <span class='ocrx_word' id='word_1_610' title='bbox 2457 4500 2659 4570; x_wconf 75' lang='grc' dir='ltr'>ἡμέρα,</span> <span class='ocrx_word' id='word_1_611' title='bbox 2689 4498 2807 4551; x_wconf 85' lang='grc' dir='ltr'>καθ’</span> <span class='ocrx_word' id='word_1_612' title='bbox 2834 4499 2900 4568; x_wconf 83' lang='grc' dir='ltr'>ἠν</span> <span class='ocrx_word' id='word_1_613' title='bbox 2924 4496 3030 4550; x_wconf 82' lang='grc' dir='ltr'><strong><em>τῶν</em></strong></span> <span class='ocrx_word' id='word_1_614' title='bbox 3073 4497 3356 4568; x_wconf 81' lang='grc' dir='ltr'>ἡμετέρων</span> <span class='ocrx_word' id='word_1_615' title='bbox 3396 4498 3579 4552; x_wconf 86' lang='grc' dir='ltr'>κόπων</span> <span class='ocrx_word' id='word_1_616' title='bbox 3626 4497 3828 4568; x_wconf 84' lang='grc' dir='ltr'>ἀπολη-</span> 
     </span>
    </p>
   </div>
   <div class='ocr_carea' id='block_1_90' title="bbox 681 4573 2165 4644">
    <p class='ocr_par' dir='ltr' id='par_1_90' title="bbox 681 4573 2165 4644">
     <span class='ocr_line' id='line_1_90' title="bbox 681 4573 2165 4644; baseline -0.003 -10"><span class='ocrx_word' id='word_1_617' title='bbox 681 4595 870 4635; x_wconf 84' lang='lat' dir='ltr'><strong><em>sumus</em></strong></span> <span class='ocrx_word' id='word_1_618' title='bbox 899 4597 912 4643; x_wconf 87' lang='lat'><strong>;</strong></span> <span class='ocrx_word' id='word_1_619' title='bbox 961 4575 1198 4630; x_wconf 91' lang='lat' dir='ltr'><strong><em>inimicis</em></strong></span> <span class='ocrx_word' id='word_1_620' title='bbox 1235 4573 1444 4628; x_wconf 85' lang='lat' dir='ltr'><strong><em>scilicet</em></strong></span> <span class='ocrx_word' id='word_1_621' title='bbox 1490 4574 1693 4629; x_wconf 87' lang='lat' dir='ltr'><strong><em>nostris</em></strong></span> <span class='ocrx_word' id='word_1_622' title='bbox 1722 4590 1848 4628; x_wconf 89' lang='lat' dir='ltr'><strong><em>cum</em></strong></span> <span class='ocrx_word' id='word_1_623' title='bbox 1880 4575 2085 4644; x_wconf 87' lang='lat' dir='ltr'><strong><em>pudore</em></strong></span> <span class='ocrx_word' id='word_1_624' title='bbox 2111 4583 2165 4629; x_wconf 92' lang='lat' dir='ltr'><strong><em>et</em></strong></span> 
     </span>
    </p>
   </div>
   <div class='ocr_carea' id='block_1_91' title="bbox 682 4664 2164 4740">
    <p class='ocr_par' dir='ltr' id='par_1_91' title="bbox 682 4664 2164 4740">
     <span class='ocr_line' id='line_1_91' title="bbox 682 4664 2164 4740; baseline -0.001 -18"><span class='ocrx_word' id='word_1_625' title='bbox 682 4668 1085 4740; x_wconf 85' lang='lat' dir='ltr'><strong><em>perturbatione</em></strong></span> <span class='ocrx_word' id='word_1_626' title='bbox 1145 4675 1446 4720; x_wconf 88' lang='lat' dir='ltr'><strong><em>retrorsum</em></strong></span> <span class='ocrx_word' id='word_1_627' title='bbox 1498 4665 1725 4719; x_wconf 90' lang='lat' dir='ltr'><strong><em>abactis.</em></strong></span> <span class='ocrx_word' id='word_1_628' title='bbox 1801 4664 1955 4720; x_wconf 84' lang='lat' dir='ltr'><strong><em>Hunc</em></strong></span> <span class='ocrx_word' id='word_1_629' title='bbox 2002 4681 2164 4736; x_wconf 89' lang='lat' dir='ltr'><strong><em>porro</em></strong></span> 
     </span>
    </p>
   </div>
   <div class='ocr_carea' id='block_1_92' title="bbox 681 4756 2163 4829">
    <p class='ocr_par' dir='ltr' id='par_1_92' title="bbox 681 4756 2163 4829">
     <span class='ocr_line' id='line_1_92' title="bbox 681 4756 2163 4829; baseline -0.001 -13"><span class='ocrx_word' id='word_1_630' title='bbox 681 4761 829 4817; x_wconf 85' lang='lat' dir='ltr'><strong><em>canit</em></strong></span> <span class='ocrx_word' id='word_1_631' title='bbox 853 4761 1143 4829; x_wconf 86' lang='lat' dir='ltr'><strong><em>psalmum,</em></strong></span> <span class='ocrx_word' id='word_1_632' title='bbox 1184 4766 1368 4828; x_wconf 89' lang='lat' dir='ltr'><strong><em>utpote</em></strong></span> <span class='ocrx_word' id='word_1_633' title='bbox 1396 4756 1654 4812; x_wconf 81' lang='lat' dir='ltr'><strong><em>diuturno</em></strong></span> <span class='ocrx_word' id='word_1_634' title='bbox 1693 4766 1933 4826; x_wconf 89' lang='lat' dir='ltr'><strong><em>tempore</em></strong></span> <span class='ocrx_word' id='word_1_635' title='bbox 1964 4758 2015 4811; x_wconf 89' lang='lat' dir='ltr'><strong><em>in</em></strong></span> <span class='ocrx_word' id='word_1_636' title='bbox 2051 4773 2163 4827; x_wconf 72' lang='lat' dir='ltr'><strong><em>pte-</em></strong></span> 
     </span>
    </p>
   </div>
   <div class='ocr_carea' id='block_1_93' title="bbox 680 4849 2029 4919">
    <p class='ocr_par' dir='ltr' id='par_1_93' title="bbox 680 4849 2029 4919">
     <span class='ocr_line' id='line_1_93' title="bbox 680 4849 2029 4919; baseline -0.001 -12"><span class='ocrx_word' id='word_1_637' title='bbox 680 4854 905 4907; x_wconf 87' lang='lat' dir='ltr'><strong><em>nitentia</em></strong></span> <span class='ocrx_word' id='word_1_638' title='bbox 931 4862 1199 4912; x_wconf 83' lang='lat' dir='ltr'><strong><em>versatus,</em></strong></span> <span class='ocrx_word' id='word_1_639' title='bbox 1229 4865 1391 4919; x_wconf 88' lang='lat' dir='ltr'><strong><em>quam</em></strong></span> <span class='ocrx_word' id='word_1_640' title='bbox 1429 4849 1624 4904; x_wconf 89' lang='lat' dir='ltr'><strong><em>obtulit</em></strong></span> <span class='ocrx_word' id='word_1_641' title='bbox 1661 4864 1760 4919; x_wconf 88' lang='lat' dir='ltr'><strong><em>pro</em></strong></span> <span class='ocrx_word' id='word_1_642' title='bbox 1788 4861 2029 4919; x_wconf 83' lang='lat' dir='ltr'><strong><em>peccato.</em></strong></span> 
     </span>
    </p>
   </div>
   <div class='ocr_carea' id='block_1_94' title="bbox 677 4941 2159 5011">
    <p class='ocr_par' dir='ltr' id='par_1_94' title="bbox 677 4941 2159 5011">
     <span class='ocr_line' id='line_1_94' title="bbox 677 4941 2159 5011; baseline 0 -15"><span class='ocrx_word' id='word_1_643' title='bbox 677 4945 732 4996; x_wconf 76' lang='grc'>2.</span> <span class='ocrx_word' id='word_1_644' title='bbox 771 4944 1011 5009; x_wconf 87' lang='lat' dir='ltr'><strong><em>Domine,</em></strong></span> <span class='ocrx_word' id='word_1_645' title='bbox 1035 4960 1096 4996; x_wconf 86' lang='lat' dir='ltr'><strong><em>ne</em></strong></span> <span class='ocrx_word' id='word_1_646' title='bbox 1125 4944 1177 4995; x_wconf 88' lang='lat' dir='ltr'><strong><em>in</em></strong></span> <span class='ocrx_word' id='word_1_647' title='bbox 1203 4943 1376 5011; x_wconf 75' lang='lat' dir='ltr'><strong><em>furore</em></strong></span> <span class='ocrx_word' id='word_1_648' title='bbox 1404 4951 1492 4994; x_wconf 86' lang='lat' dir='ltr'><strong><em>tuo</em></strong></span> <span class='ocrx_word' id='word_1_649' title='bbox 1532 4957 1724 5010; x_wconf 86' lang='lat' dir='ltr'><strong><em>arguas</em></strong></span> <span class='ocrx_word' id='word_1_650' title='bbox 1762 4958 1860 4996; x_wconf 89' lang='lat' dir='ltr'><strong><em>me.</em></strong></span> <span class='ocrx_word' id='word_1_651' title='bbox 1892 4941 2004 4997; x_wconf 88' lang='lat' dir='ltr'><strong><em>Non</em></strong></span> <span class='ocrx_word' id='word_1_652' title='bbox 2029 4944 2159 4998; x_wconf 89' lang='lat' dir='ltr'><strong><em>sim-</em></strong></span> 
     </span>
    </p>
   </div>
   <div class='ocr_carea' id='block_1_95' title="bbox 611 5031 2158 5103">
    <p class='ocr_par' dir='ltr' id='par_1_95' title="bbox 611 5031 2158 5103">
     <span class='ocr_line' id='line_1_95' title="bbox 611 5031 2158 5103; baseline 0.003 -18"><span class='ocrx_word' id='word_1_653' title='bbox 611 5035 839 5103; x_wconf 80' lang='lat' dir='ltr'><strong><em>pliciter.</em></strong></span> <span class='ocrx_word' id='word_1_654' title='bbox 872 5035 962 5088; x_wconf 91' lang='lat' dir='ltr'><strong><em>sed</em></strong></span> <span class='ocrx_word' id='word_1_655' title='bbox 993 5049 1117 5087; x_wconf 87' lang='lat' dir='ltr'><strong><em>cum</em></strong></span> <span class='ocrx_word' id='word_1_656' title='bbox 1157 5031 1340 5086; x_wconf 76' lang='lat' dir='ltr'><strong><em>lurore</em></strong></span> <span class='ocrx_word' id='word_1_657' title='bbox 1367 5032 1519 5100; x_wconf 80' lang='lat' dir='ltr'><strong><em>argui</em></strong></span> <span class='ocrx_word' id='word_1_658' title='bbox 1547 5040 1778 5086; x_wconf 89' lang='lat' dir='ltr'><strong><em>recusat.</em></strong></span> <span class='ocrx_word' id='word_1_659' title='bbox 1811 5031 1993 5103; x_wconf 84' lang='lat' dir='ltr'><strong><em>Neque</em></strong></span> <span class='ocrx_word' id='word_1_660' title='bbox 2035 5049 2158 5089; x_wconf 90' lang='lat' dir='ltr'><strong><em>cor-</em></strong></span> 
     </span>
    </p>
   </div>
   <div class='ocr_carea' id='block_1_96' title="bbox 608 5124 1982 5194">
    <p class='ocr_par' dir='ltr' id='par_1_96' title="bbox 608 5124 1982 5194">
     <span class='ocr_line' id='line_1_96' title="bbox 608 5124 1982 5194; baseline 0 -16"><span class='ocrx_word' id='word_1_661' title='bbox 608 5126 908 5194; x_wconf 73' lang='lat' dir='ltr'><strong><em>reptionem</em></strong></span> <span class='ocrx_word' id='word_1_662' title='bbox 939 5124 1146 5188; x_wconf 86' lang='lat' dir='ltr'><strong><em>abnuit,</em></strong></span> <span class='ocrx_word' id='word_1_663' title='bbox 1177 5124 1270 5177; x_wconf 86' lang='lat' dir='ltr'><strong><em>sed</em></strong></span> <span class='ocrx_word' id='word_1_664' title='bbox 1308 5137 1426 5176; x_wconf 88' lang='lat' dir='ltr'><strong><em>eam</em></strong></span> <span class='ocrx_word' id='word_1_665' title='bbox 1460 5137 1580 5192; x_wconf 66' lang='lat' dir='ltr'><strong><em>qua:</em></strong></span> <span class='ocrx_word' id='word_1_666' title='bbox 1613 5138 1736 5178; x_wconf 93' lang='lat' dir='ltr'><strong><em>cum</em></strong></span> <span class='ocrx_word' id='word_1_667' title='bbox 1766 5124 1846 5178; x_wconf 88' lang='lat' dir='ltr'><strong><em>ira</em></strong></span> <span class='ocrx_word' id='word_1_668' title='bbox 1873 5125 1982 5179; x_wconf 88' lang='lat' dir='ltr'><strong><em>ﬁat.</em></strong></span> 
     </span>
    </p>
   </div>
   <div class='ocr_carea' id='block_1_97' title="bbox 681 5212 2157 5284">
    <p class='ocr_par' dir='ltr' id='par_1_97' title="bbox 681 5212 2157 5284">
     <span class='ocr_line' id='line_1_97' title="bbox 681 5212 2157 5284; baseline 0.001 -15"><span class='ocrx_word' id='word_1_669' title='bbox 681 5217 735 5269; x_wconf 79' lang='lat'><strong><em>&#39;5.</em></strong></span> <span class='ocrx_word' id='word_1_670' title='bbox 775 5213 1022 5267; x_wconf 81' lang='lat' dir='ltr'><strong><em>Miserere</em></strong></span> <span class='ocrx_word' id='word_1_671' title='bbox 1045 5215 1164 5276; x_wconf 87' lang='lat' dir='ltr'><strong><em>mei,</em></strong></span> <span class='ocrx_word' id='word_1_672' title='bbox 1194 5212 1434 5274; x_wconf 85' lang='lat' dir='ltr'><strong><em>Domine,</em></strong></span> <span class='ocrx_word' id='word_1_673' title='bbox 1465 5214 1712 5280; x_wconf 87' lang='lat' dir='ltr'><strong><em>quoniam</em></strong></span> <span class='ocrx_word' id='word_1_674' title='bbox 1745 5215 1984 5284; x_wconf 80' lang='lat' dir='ltr'><strong><em>inﬁrmus</em></strong></span> <span class='ocrx_word' id='word_1_675' title='bbox 2021 5233 2157 5270; x_wconf 86' lang='lat' dir='ltr'><strong><em>sum.</em></strong></span> 
     </span>
    </p>
   </div>
   <div class='ocr_carea' id='block_1_98' title="bbox 607 5304 2161 5380">
    <p class='ocr_par' dir='ltr' id='par_1_98' title="bbox 607 5304 2161 5380">
     <span class='ocr_line' id='line_1_98' title="bbox 607 5304 2161 5380; baseline 0.004 -22"><span class='ocrx_word' id='word_1_676' title='bbox 607 5305 764 5359; x_wconf 85' lang='lat' dir='ltr'><strong><em>Nulla</em></strong></span> <span class='ocrx_word' id='word_1_677' title='bbox 786 5304 929 5357; x_wconf 88' lang='lat' dir='ltr'><strong><em>enim</em></strong></span> <span class='ocrx_word' id='word_1_678' title='bbox 962 5304 1140 5356; x_wconf 85' lang='lat' dir='ltr'><strong><em>anima</em></strong></span> <span class='ocrx_word' id='word_1_679' title='bbox 1178 5313 1303 5357; x_wconf 88' lang='lat' dir='ltr'><strong><em>ante</em></strong></span> <span class='ocrx_word' id='word_1_680' title='bbox 1350 5304 1548 5358; x_wconf 89' lang='lat' dir='ltr'><strong><em>labitur</em></strong></span> <span class='ocrx_word' id='word_1_681' title='bbox 1579 5306 1632 5359; x_wconf 91' lang='lat' dir='ltr'><strong><em>in</em></strong></span> <span class='ocrx_word' id='word_1_682' title='bbox 1669 5317 1968 5376; x_wconf 90' lang='lat' dir='ltr'><strong><em>peccatum,</em></strong></span> <span class='ocrx_word' id='word_1_683' title='bbox 1998 5326 2161 5380; x_wconf 86' lang='lat' dir='ltr'><strong><em>quam</em></strong></span> 
     </span>
    </p>
   </div>
   <div class='ocr_carea' id='block_1_99' title="bbox 607 5396 1515 5465">
    <p class='ocr_par' dir='ltr' id='par_1_99' title="bbox 607 5396 1515 5465">
     <span class='ocr_line' id='line_1_99' title="bbox 607 5396 1515 5465; baseline -0.002 -12"><span class='ocrx_word' id='word_1_684' title='bbox 607 5414 674 5453; x_wconf 79' lang='lat' dir='ltr'><strong><em>ex</em></strong></span> <span class='ocrx_word' id='word_1_685' title='bbox 705 5396 911 5450; x_wconf 83' lang='lat' dir='ltr'><strong><em>viribus</em></strong></span> <span class='ocrx_word' id='word_1_686' title='bbox 948 5397 1221 5465; x_wconf 88' lang='lat' dir='ltr'><strong><em>quidpiam</em></strong></span> <span class='ocrx_word' id='word_1_687' title='bbox 1252 5398 1515 5453; x_wconf 86' lang='lat' dir='ltr'><strong><em>amiserit.</em></strong></span> 
     </span>
    </p>
   </div>
   <div class='ocr_carea' id='block_1_100' title="bbox 679 5488 2160 5560">
    <p class='ocr_par' dir='ltr' id='par_1_100' title="bbox 679 5488 2160 5560">
     <span class='ocr_line' id='line_1_100' title="bbox 679 5488 2160 5560; baseline 0.005 -17"><span class='ocrx_word' id='word_1_688' title='bbox 679 5488 1070 5560; x_wconf 85' lang='lat' dir='ltr'><strong><em>[Inﬁrmitatem</em></strong></span> <span class='ocrx_word' id='word_1_689' title='bbox 1104 5489 1409 5551; x_wconf 89' lang='lat' dir='ltr'><strong><em>adumbrat,</em></strong></span> <span class='ocrx_word' id='word_1_690' title='bbox 1445 5505 1565 5558; x_wconf 68' lang='lat' dir='ltr'><strong><em>quae</em></strong></span> <span class='ocrx_word' id='word_1_691' title='bbox 1597 5507 1661 5545; x_wconf 79' lang='lat' dir='ltr'><strong><em>ex</em></strong></span> <span class='ocrx_word' id='word_1_692' title='bbox 1693 5493 2011 5559; x_wconf 71' lang='lat' dir='ltr'><strong><em>aegritudine</em></strong></span> <span class='ocrx_word' id='word_1_693' title='bbox 2045 5496 2160 5550; x_wconf 89' lang='lat' dir='ltr'><strong><em>ani-</em></strong></span> 
     </span>
    </p>
   </div>
   <div class='ocr_carea' id='block_1_101' title="bbox 610 5578 1426 5650">
    <p class='ocr_par' dir='ltr' id='par_1_101' title="bbox 610 5578 1426 5650">
     <span class='ocr_line' id='line_1_101' title="bbox 610 5578 1426 5650; baseline -0.001 -17"><span class='ocrx_word' id='word_1_694' title='bbox 610 5580 682 5633; x_wconf 89' lang='lat' dir='ltr'><strong><em>mi</em></strong></span> <span class='ocrx_word' id='word_1_695' title='bbox 715 5590 764 5634; x_wconf 87' lang='lat' dir='ltr'><strong><em>et</em></strong></span> <span class='ocrx_word' id='word_1_696' title='bbox 795 5597 860 5634; x_wconf 80' lang='lat' dir='ltr'><strong><em>ex</em></strong></span> <span class='ocrx_word' id='word_1_697' title='bbox 896 5579 1109 5634; x_wconf 84' lang='lat' dir='ltr'><strong><em>ﬁetibus</em></strong></span> <span class='ocrx_word' id='word_1_698' title='bbox 1134 5578 1426 5650; x_wconf 78' lang='lat' dir='ltr'><strong><em>provenit.]</em></strong></span> 
     </span>
    </p>
   </div>
   <div class='ocr_carea' id='block_1_102' title="bbox 681 5671 2156 5732">
    <p class='ocr_par' dir='ltr' id='par_1_102' title="bbox 681 5671 2156 5732">
     <span class='ocr_line' id='line_1_102' title="bbox 681 5671 2156 5732; baseline 0.004 -8"><span class='ocrx_word' id='word_1_699' title='bbox 681 5671 732 5725; x_wconf 79' lang='grc'>4.</span> <span class='ocrx_word' id='word_1_700' title='bbox 758 5673 826 5722; x_wconf 83' lang='grc' dir='ltr'>Ει</span> <span class='ocrx_word' id='word_1_701' title='bbox 854 5673 1030 5724; x_wconf 66' lang='lat' dir='ltr'><strong><em>mima</em></strong></span> <span class='ocrx_word' id='word_1_702' title='bbox 1060 5689 1171 5725; x_wconf 85' lang='lat' dir='ltr'><strong><em>mea</em></strong></span> <span class='ocrx_word' id='word_1_703' title='bbox 1197 5672 1406 5725; x_wconf 82' lang='lat' dir='ltr'><strong><em>turbata</em></strong></span> <span class='ocrx_word' id='word_1_704' title='bbox 1439 5681 1513 5725; x_wconf 82' lang='lat' dir='ltr'><strong><em>est</em></strong></span> <span class='ocrx_word' id='word_1_705' title='bbox 1550 5672 1715 5725; x_wconf 76' lang='lat' dir='ltr'><strong><em>valde.</em></strong></span> <span class='ocrx_word' id='word_1_706' title='bbox 1771 5674 1975 5730; x_wconf 69' lang='lat' dir='ltr'><strong><em>Animae</em></strong></span> <span class='ocrx_word' id='word_1_707' title='bbox 2010 5677 2156 5732; x_wconf 81' lang='lat' dir='ltr'><strong><em>scili-</em></strong></span> 
     </span>
    </p>
   </div>
   <div class='ocr_carea' id='block_1_103' title="bbox 680 5779 1164 5849">
    <p class='ocr_par' dir='ltr' id='par_1_103' title="bbox 680 5779 1164 5849">
     <span class='ocr_line' id='line_1_103' title="bbox 680 5779 1164 5849; baseline -0.008 -12"><span class='ocrx_word' id='word_1_708' title='bbox 680 5779 787 5836; x_wconf 73' lang='lat' dir='ltr'><strong><em>&quot;ll</em></strong></span> <span class='ocrx_word' id='word_1_709' title='bbox 829 5780 954 5836; x_wconf 85' lang='lat' dir='ltr'><strong><em>Cur.</em></strong></span> <span class='ocrx_word' id='word_1_710' title='bbox 987 5798 1038 5849; x_wconf 67' lang='grc' dir='ltr'>χ,</span> <span class='ocrx_word' id='word_1_711' title='bbox 1084 5781 1164 5834; x_wconf 87' lang='lat' dir='ltr'><strong><em>l7.</em></strong></span> 
     </span>
    </p>
   </div>
   <div class='ocr_carea' id='block_1_104' title="bbox 2329 4586 3827 4661">
    <p class='ocr_par' dir='ltr' id='par_1_104' title="bbox 2329 4586 3827 4661">
     <span class='ocr_line' id='line_1_104' title="bbox 2329 4586 3827 4661; baseline 0 -19"><span class='ocrx_word' id='word_1_712' title='bbox 2329 4589 2538 4661; x_wconf 79' lang='grc' dir='ltr'>ψόμεθα</span> <span class='ocrx_word' id='word_1_713' title='bbox 2565 4588 2842 4660; x_wconf 88' lang='grc' dir='ltr'>καρπούς;</span> <span class='ocrx_word' id='word_1_714' title='bbox 2873 4587 2980 4642; x_wconf 85' lang='grc' dir='ltr'><strong><em>τῶν</em></strong></span> <span class='ocrx_word' id='word_1_715' title='bbox 3013 4586 3222 4659; x_wconf 79' lang='grc' dir='ltr'>ἐχθρῶν</span> <span class='ocrx_word' id='word_1_716' title='bbox 3245 4588 3443 4659; x_wconf 78' lang='grc' dir='ltr'>δηλαδὴ</span> <span class='ocrx_word' id='word_1_717' title='bbox 3482 4590 3827 4660; x_wconf 84' lang='grc' dir='ltr'>ἀποστρεφο-</span> 
     </span>
    </p>
   </div>
   <div class='ocr_carea' id='block_1_105' title="bbox 2333 4679 3826 4752">
    <p class='ocr_par' dir='ltr' id='par_1_105' title="bbox 2333 4679 3826 4752">
     <span class='ocr_line' id='line_1_105' title="bbox 2333 4679 3826 4752; baseline 0.001 -19"><span class='ocrx_word' id='word_1_718' title='bbox 2333 4682 2505 4752; x_wconf 86' lang='grc' dir='ltr'>μένων</span> <span class='ocrx_word' id='word_1_719' title='bbox 2543 4682 2620 4742; x_wconf 75' lang='lat' dir='ltr'><strong><em>sic;</em></strong></span> <span class='ocrx_word' id='word_1_720' title='bbox 2646 4681 2712 4734; x_wconf 77' lang='grc' dir='ltr'><strong><em>τὰ</em></strong></span> <span class='ocrx_word' id='word_1_721' title='bbox 2735 4680 2910 4733; x_wconf 81' lang='grc' dir='ltr'>ὀπίσω</span> <span class='ocrx_word' id='word_1_722' title='bbox 2935 4720 2949 4744; x_wconf 95' lang='grc'><strong><em>,</em></strong></span> <span class='ocrx_word' id='word_1_723' title='bbox 3002 4680 3118 4750; x_wconf 81' lang='grc' dir='ltr'>μετ’</span> <span class='ocrx_word' id='word_1_724' title='bbox 3151 4679 3408 4752; x_wconf 74' lang='grc' dir='ltr'>αἰσχύνης</span> <span class='ocrx_word' id='word_1_725' title='bbox 3437 4680 3680 4750; x_wconf 89' lang='grc' dir='ltr'>δηλονότι</span> <span class='ocrx_word' id='word_1_726' title='bbox 3729 4681 3826 4734; x_wconf 69' lang='grc' dir='ltr'>καὶ</span> 
     </span>
    </p>
   </div>
   <div class='ocr_carea' id='block_1_106' title="bbox 2327 4770 3826 4844">
    <p class='ocr_par' dir='ltr' id='par_1_106' title="bbox 2327 4770 3826 4844">
     <span class='ocr_line' id='line_1_106' title="bbox 2327 4770 3826 4844; baseline -0.001 -17"><span class='ocrx_word' id='word_1_727' title='bbox 2327 4773 2592 4844; x_wconf 82' lang='grc' dir='ltr'>ταραχῆς.</span> <span class='ocrx_word' id='word_1_728' title='bbox 2655 4771 2802 4842; x_wconf 59' lang='lat' dir='ltr'><strong><em>&quot;abet</em></strong></span> <span class='ocrx_word' id='word_1_729' title='bbox 2836 4771 2893 4824; x_wconf 79' lang='grc' dir='ltr'>δὲ</span> <span class='ocrx_word' id='word_1_730' title='bbox 2921 4771 3011 4823; x_wconf 83' lang='grc' dir='ltr'>τὸν</span> <span class='ocrx_word' id='word_1_731' title='bbox 3035 4770 3248 4841; x_wconf 75' lang='grc' dir='ltr'>ψαλμὸν</span> <span class='ocrx_word' id='word_1_732' title='bbox 3271 4771 3344 4834; x_wconf 86' lang='grc' dir='ltr'>ὡς</span> <span class='ocrx_word' id='word_1_733' title='bbox 3381 4772 3592 4842; x_wconf 83' lang='grc' dir='ltr'>μακρὸν</span> <span class='ocrx_word' id='word_1_734' title='bbox 3633 4773 3826 4842; x_wconf 81' lang='grc' dir='ltr'>χρόνον</span> 
     </span>
    </p>
   </div>
   <div class='ocr_carea' id='block_1_107' title="bbox 2324 4862 3818 4936">
    <p class='ocr_par' dir='ltr' id='par_1_107' title="bbox 2324 4862 3818 4936">
     <span class='ocr_line' id='line_1_107' title="bbox 2324 4862 3818 4936; baseline -0.001 -19"><span class='ocrx_word' id='word_1_735' title='bbox 2324 4866 2460 4936; x_wconf 70' lang='grc' dir='ltr'>ἔχων</span> <span class='ocrx_word' id='word_1_736' title='bbox 2477 4867 2533 4917; x_wconf 82' lang='grc' dir='ltr'>ὲν</span> <span class='ocrx_word' id='word_1_737' title='bbox 2554 4866 2618 4934; x_wconf 84' lang='grc' dir='ltr'>τῇ</span> <span class='ocrx_word' id='word_1_738' title='bbox 2640 4863 2915 4933; x_wconf 78' lang='grc' dir='ltr'>μετανοίᾳ.</span> <span class='ocrx_word' id='word_1_739' title='bbox 2934 4862 2999 4932; x_wconf 77' lang='grc' dir='ltr'>ἣν</span> <span class='ocrx_word' id='word_1_740' title='bbox 3017 4863 3154 4932; x_wconf 82' lang='grc' dir='ltr'>ὑπὲρ</span> <span class='ocrx_word' id='word_1_741' title='bbox 3169 4862 3437 4933; x_wconf 77' lang='grc' dir='ltr'>ἁμαρτίας</span> <span class='ocrx_word' id='word_1_742' title='bbox 3465 4863 3818 4934; x_wconf 78' lang='grc' dir='ltr'>προσέφερεν.</span> 
     </span>
    </p>
   </div>
   <div class='ocr_carea' id='block_1_108' title="bbox 2333 4947 3823 5022">
    <p class='ocr_par' dir='ltr' id='par_1_108' title="bbox 2333 4947 3823 5022">
     <span class='ocr_line' id='line_1_108' title="bbox 2333 4947 3823 5022; baseline -0.003 -15"><span class='ocrx_word' id='word_1_743' title='bbox 2333 4954 2527 5021; x_wconf 82' lang='grc' dir='ltr'>Κύριε,</span> <span class='ocrx_word' id='word_1_744' title='bbox 2570 4951 2656 5022; x_wconf 82' lang='grc' dir='ltr'>μὴ</span> <span class='ocrx_word' id='word_1_745' title='bbox 2701 4948 2781 5014; x_wconf 77' lang='grc' dir='ltr'>τῷ</span> <span class='ocrx_word' id='word_1_746' title='bbox 2828 4947 2990 5018; x_wconf 80' lang='grc' dir='ltr'>θυμῷ</span> <span class='ocrx_word' id='word_1_747' title='bbox 3026 4963 3141 5002; x_wconf 90' lang='grc' dir='ltr'><strong><em>σου</em></strong></span> <span class='ocrx_word' id='word_1_748' title='bbox 3183 4947 3439 5017; x_wconf 71' lang='grc' dir='ltr'>ἐλέγξῃς</span> <span class='ocrx_word' id='word_1_749' title='bbox 3469 4965 3564 5017; x_wconf 82' lang='grc' dir='ltr'><strong><em>με.</em></strong></span> <span class='ocrx_word' id='word_1_750' title='bbox 3612 4949 3686 5000; x_wconf 85' lang='grc' dir='ltr'><strong><em>Οὐ</em></strong></span> <span class='ocrx_word' id='word_1_751' title='bbox 3731 4949 3823 5002; x_wconf 81' lang='grc' dir='ltr'><strong><em>τὸν</em></strong></span> 
     </span>
    </p>
   </div>
   <div class='ocr_carea' id='block_1_109' title="bbox 2261 5038 3822 5112">
    <p class='ocr_par' dir='ltr' id='par_1_109' title="bbox 2261 5038 3822 5112">
     <span class='ocr_line' id='line_1_109' title="bbox 2261 5038 3822 5112; baseline -0.003 -17"><span class='ocrx_word' id='word_1_752' title='bbox 2261 5043 2478 5112; x_wconf 77' lang='grc' dir='ltr'>ἔλεγχον</span> <span class='ocrx_word' id='word_1_753' title='bbox 2511 5043 2877 5111; x_wconf 85' lang='grc' dir='ltr'>παραιτεῖται,</span> <span class='ocrx_word' id='word_1_754' title='bbox 2927 5038 3062 5091; x_wconf 85' lang='grc' dir='ltr'><strong><em>ἀλλά</em></strong></span> <span class='ocrx_word' id='word_1_755' title='bbox 3103 5039 3194 5092; x_wconf 82' lang='grc' dir='ltr'>τὸν</span> <span class='ocrx_word' id='word_1_756' title='bbox 3246 5039 3386 5109; x_wconf 87' lang='grc' dir='ltr'><strong><em>μετά</em></strong></span> <span class='ocrx_word' id='word_1_757' title='bbox 3433 5038 3606 5108; x_wconf 80' lang='grc' dir='ltr'>θυμοῦ</span> <span class='ocrx_word' id='word_1_758' title='bbox 3633 5056 3645 5069; x_wconf 89' lang='grc'><strong>·</strong></span> <span class='ocrx_word' id='word_1_759' title='bbox 3697 5038 3822 5090; x_wconf 73' lang='grc' dir='ltr'>οὐδὲ</span> 
     </span>
    </p>
   </div>
   <div class='ocr_carea' id='block_1_110' title="bbox 2260 5131 3319 5206">
    <p class='ocr_par' dir='ltr' id='par_1_110' title="bbox 2260 5131 3319 5206">
     <span class='ocr_line' id='line_1_110' title="bbox 2260 5131 3319 5206; baseline -0.006 -19"><span class='ocrx_word' id='word_1_760' title='bbox 2260 5136 2358 5206; x_wconf 80' lang='grc' dir='ltr'>τὴν</span> <span class='ocrx_word' id='word_1_761' title='bbox 2386 5133 2648 5195; x_wconf 87' lang='grc' dir='ltr'>παιδείαν,</span> <span class='ocrx_word' id='word_1_762' title='bbox 2687 5132 2820 5185; x_wconf 80' lang='grc' dir='ltr'>ἀλλὰ</span> <span class='ocrx_word' id='word_1_763' title='bbox 2852 5133 2950 5202; x_wconf 79' lang='grc' dir='ltr'>τὴν</span> <span class='ocrx_word' id='word_1_764' title='bbox 2983 5131 3098 5200; x_wconf 76' lang='grc' dir='ltr'>μετ’</span> <span class='ocrx_word' id='word_1_765' title='bbox 3131 5131 3319 5200; x_wconf 79' lang='grc' dir='ltr'>ὀργῆς.</span> 
     </span>
    </p>
   </div>
   <div class='ocr_carea' id='block_1_111' title="bbox 2347 5216 3821 5290">
    <p class='ocr_par' dir='ltr' id='par_1_111' title="bbox 2347 5216 3821 5290">
     <span class='ocr_line' id='line_1_111' title="bbox 2347 5216 3821 5290; baseline -0.005 -15"><span class='ocrx_word' id='word_1_766' title='bbox 2347 5223 2630 5289; x_wconf 76' lang='grc' dir='ltr'>Ἐλέησόν</span> <span class='ocrx_word' id='word_1_767' title='bbox 2647 5239 2742 5290; x_wconf 83' lang='grc' dir='ltr'><strong><em>με,</em></strong></span> <span class='ocrx_word' id='word_1_768' title='bbox 2771 5223 2965 5288; x_wconf 82' lang='grc' dir='ltr'>Κύριε,</span> <span class='ocrx_word' id='word_1_769' title='bbox 2990 5219 3075 5272; x_wconf 82' lang='grc' dir='ltr'>ὅτι</span> <span class='ocrx_word' id='word_1_770' title='bbox 3093 5220 3355 5286; x_wconf 77' lang='grc' dir='ltr'>ἀσθενής</span> <span class='ocrx_word' id='word_1_771' title='bbox 3379 5221 3510 5286; x_wconf 81' lang='grc' dir='ltr'>ειμι.</span> <span class='ocrx_word' id='word_1_772' title='bbox 3540 5219 3694 5270; x_wconf 82' lang='grc' dir='ltr'>Πᾶσα</span> <span class='ocrx_word' id='word_1_773' title='bbox 3712 5216 3821 5286; x_wconf 78' lang='grc' dir='ltr'><strong><em>γὰρ</em></strong></span> 
     </span>
    </p>
   </div>
   <div class='ocr_carea' id='block_1_112' title="bbox 2263 5307 3820 5384">
    <p class='ocr_par' dir='ltr' id='par_1_112' title="bbox 2263 5307 3820 5384">
     <span class='ocr_line' id='line_1_112' title="bbox 2263 5307 3820 5384; baseline -0.005 -19"><span class='ocrx_word' id='word_1_774' title='bbox 2263 5313 2406 5384; x_wconf 81' lang='grc' dir='ltr'>ψυχὴ</span> <span class='ocrx_word' id='word_1_775' title='bbox 2463 5314 2521 5365; x_wconf 83' lang='grc' dir='ltr'><strong><em>ού</em></strong></span> <span class='ocrx_word' id='word_1_776' title='bbox 2577 5314 2835 5383; x_wconf 83' lang='grc' dir='ltr'>πρότερον</span> <span class='ocrx_word' id='word_1_777' title='bbox 2899 5311 2974 5372; x_wconf 83' lang='grc' dir='ltr'><strong><em>είς</em></strong></span> <span class='ocrx_word' id='word_1_778' title='bbox 3016 5309 3285 5379; x_wconf 83' lang='grc' dir='ltr'>ἁμαρτίαν</span> <span class='ocrx_word' id='word_1_779' title='bbox 3326 5309 3508 5361; x_wconf 85' lang='grc' dir='ltr'>πίπτει</span> <span class='ocrx_word' id='word_1_780' title='bbox 3565 5307 3692 5377; x_wconf 68' lang='grc' dir='ltr'>πρὶν</span> <span class='ocrx_word' id='word_1_781' title='bbox 3721 5308 3820 5375; x_wconf 85' lang='grc' dir='ltr'>τῆς</span> 
     </span>
    </p>
   </div>
   <div class='ocr_carea' id='block_1_113' title="bbox 2269 5403 2635 5476">
    <p class='ocr_par' dir='ltr' id='par_1_113' title="bbox 2269 5403 2635 5476">
     <span class='ocr_line' id='line_1_113' title="bbox 2269 5403 2635 5476; baseline -0.005 -20"><span class='ocrx_word' id='word_1_782' title='bbox 2269 5407 2447 5476; x_wconf 70' lang='grc' dir='ltr'>ἰσχύος</span> <span class='ocrx_word' id='word_1_783' title='bbox 2486 5403 2635 5472; x_wconf 80' lang='grc' dir='ltr'>ἐνδῷ.</span> 
     </span>
    </p>
   </div>
   <div class='ocr_carea' id='block_1_114' title="bbox 2337 5484 3820 5567">
    <p class='ocr_par' dir='ltr' id='par_1_114' title="bbox 2337 5484 3820 5567">
     <span class='ocr_line' id='line_1_114' title="bbox 2337 5484 3820 5567; baseline -0.007 -19"><span class='ocrx_word' id='word_1_784' title='bbox 2337 5496 2674 5567; x_wconf 76' lang='grc' dir='ltr'>[Ἀσθένειαν</span> <span class='ocrx_word' id='word_1_785' title='bbox 2697 5494 2986 5546; x_wconf 69' lang='grc' dir='ltr'>αἰνίττεται</span> <span class='ocrx_word' id='word_1_786' title='bbox 3029 5495 3127 5562; x_wconf 78' lang='grc' dir='ltr'>τὴν</span> <span class='ocrx_word' id='word_1_787' title='bbox 3161 5491 3266 5544; x_wconf 86' lang='grc' dir='ltr'>ἀπὸ</span> <span class='ocrx_word' id='word_1_788' title='bbox 3311 5493 3408 5559; x_wconf 80' lang='grc' dir='ltr'>τῆς</span> <span class='ocrx_word' id='word_1_789' title='bbox 3453 5487 3689 5556; x_wconf 86' lang='grc' dir='ltr'>ἀθυμίας</span> <span class='ocrx_word' id='word_1_790' title='bbox 3724 5484 3820 5539; x_wconf 71' lang='grc' dir='ltr'>καὶ</span> 
     </span>
    </p>
   </div>
   <div class='ocr_carea' id='block_1_115' title="bbox 2266 5583 3051 5657">
    <p class='ocr_par' dir='ltr' id='par_1_115' title="bbox 2266 5583 3051 5657">
     <span class='ocr_line' id='line_1_115' title="bbox 2266 5583 3051 5657; baseline -0.004 -17"><span class='ocrx_word' id='word_1_791' title='bbox 2266 5587 2370 5640; x_wconf 82' lang='grc' dir='ltr'>τῶν</span> <span class='ocrx_word' id='word_1_792' title='bbox 2390 5587 2633 5657; x_wconf 80' lang='grc' dir='ltr'>ὀδυρμῶν</span> <span class='ocrx_word' id='word_1_793' title='bbox 2659 5583 3051 5655; x_wconf 77' lang='grc' dir='ltr'>ὲγγινομένην.]</span> 
     </span>
    </p>
   </div>
   <div class='ocr_carea' id='block_1_116' title="bbox 2336 5669 3818 5746">
    <p class='ocr_par' dir='ltr' id='par_1_116' title="bbox 2336 5669 3818 5746">
     <span class='ocr_line' id='line_1_116' title="bbox 2336 5669 3818 5746; baseline -0.006 -15"><span class='ocrx_word' id='word_1_794' title='bbox 2336 5678 2442 5731; x_wconf 78' lang='grc' dir='ltr'><strong><em>Καὶ</em></strong></span> <span class='ocrx_word' id='word_1_795' title='bbox 2475 5679 2512 5745; x_wconf 78' lang='grc' dir='ltr'>ἠ</span> <span class='ocrx_word' id='word_1_796' title='bbox 2539 5677 2706 5746; x_wconf 66' lang='grc' dir='ltr'><strong><em>ψυχή</em></strong></span> <span class='ocrx_word' id='word_1_797' title='bbox 2723 5695 2841 5745; x_wconf 82' lang='grc' dir='ltr'><strong><em>μου</em></strong></span> <span class='ocrx_word' id='word_1_798' title='bbox 2874 5676 3166 5744; x_wconf 80' lang='grc' dir='ltr'>ἐταράχθη</span> <span class='ocrx_word' id='word_1_799' title='bbox 3193 5672 3443 5742; x_wconf 70' lang='grc' dir='ltr'>σφόδρα.</span> <span class='ocrx_word' id='word_1_800' title='bbox 3484 5673 3549 5724; x_wconf 75' lang='grc' dir='ltr'>Δί</span> <span class='ocrx_word' id='word_1_801' title='bbox 3589 5672 3688 5744; x_wconf 76' lang='grc' dir='ltr'><strong><em>τῆς</em></strong></span> <span class='ocrx_word' id='word_1_802' title='bbox 3717 5669 3818 5739; x_wconf 76' lang='grc' dir='ltr'>ψυ-</span> 
     </span>
    </p>
   </div>
  </div>
