4032 6422
172 380 233 434 ’Π
1297 378 1658 435 EXPOSITIO
1696 376 1743 431 ll‘

1840 376 2131 432 ’δικιδίοΜ
2179 377 2285 431 Vll.
3353 380 3423 435 78

168 497 269 567 χῆς
321 494 567 564 δηλονότι
606 494 883 566 δυνάμεις.
910 491 1022 547 Καὶ
1046 491 1149 557 σὺ,
1180 494 1378 561 Κύριε,
1426 493 1537 558 ἕως
1568 493 1743 555 ades;

1852 502 1936 547 cet
1977 490 2283 546 facultates.
2331 489 2396 544 Et
2444 500 2521 555 tu,
2575 490 2821 555 Domine,
2866 494 3174 562 usquequo.’
3204 492 3423 551 Dlutur—

166 586 278 657 Τῆς
304 585 637 657 πολυχρόνου
668 584 957 656 μετανοίας
971 583 1033 636 τὸ
1068 583 1218 654 ῥῆμα
1248 583 1676 655 παραστατικόν.

247 677 668 744 Ἐπίστρεψον,
695 676 897 743 Κύριε,
917 674 1106 742 ῥῦσαι
1125 674 1239 742 τὴν
1260 674 1473 745 ψυχήν
1489 692 1627 743 μου.
1663 673 1750 735 Ὠς

165 767 625 839 ἀπεστραμμένου
684 765 852 821 αὐτοῦ
904 767 1144 838 δηλονότι
1179 767 1265 821 διά
1309 767 1408 838 τὴν
1451 765 1745 837 ἁμαρτίαν.

165 859 381 915 Σῶσόν
400 858 703 928 μεένεκεν
730 859 835 913 τοῦ
858 859 1070 926 ἐλέους
1093 878 1230 915 σου.
1283 862 1396 913 Πᾶν
1422 864 1529 930 γὰρ
1559 859 1619 911 τὸ
1650 860 1749 929 τῆς

167 952 442 1024 σωτηρίας
467 951 622 1022 ήμῶν
651 951 731 1022 τῷ
756 952 890 1022 ἐλέῳ
921 951 1207 1005 ἀναθετέον
1234 951 1328 1005 τοῦ
1359 952 1518 1005 Θεοῦ.

235 1045 368 1098 Ὀτι
417 1046 529 1098 οὐκ
580 1042 753 1097 ἔστιν
783 1043 853 1096 ἐν
882 1042 963 1109 τῷ
989 1043 1223 1111 θανάτῳ
1276 1047 1309 1097 ό
1352 1044 1749 1113 μνημονεύων

163 1148 302 1188 σου.
359 1132 576 1202 Ἐπειδὴ
606 1132 822 1204 μακρός
832 1150 922 1203 μοι
953 1133 1164 1201 γέγονε,
1192 1134 1375 1204 φησὶν,
1401 1136 1429 1186 6
1448 1134 1545 1203 τῆς
1577 1149 1745 1203 μετα-

163 1226 311 1288 νοίας
346 1225 557 1296 καιρὸς,
592 1224 802 1278 δέδοικα
843 1224 917 1296 μὴ
952 1223 1132 1298 φθάσῃ
1166 1226 1258 1278 τὸν
1289 1224 1441 1296 παρά
1474 1224 1567 1277 σοῦ
1597 1224 1746 1277 ἔλεον

161 1321 192 1371 6
220 1319 472 1381 θάνατος,
502 1318 561 1370 ἐν
592 1310 636 1383 ᾧ
667 1316 733 1370 τά
755 1319 853 1387 τῆς
874 1316 1313 1389 ἐξομολογήσεως
1332 1319 1431 1371 οὐκ
1458 1316 1594 1371 ἔστι.
1614 1318 1748 1371 Τού-

160 1426 256 1463 του
290 1411 453 1481 χάριν
482 1408 804 1479 ἐπιταχῦναι
828 1408 922 1461 τὸν
960 1408 1108 1462 ἔλεον
1140 1408 1296 1463 αἰτῶ.

246 1502 572 1555 Ἐκοπίασα
614 1501 686 1555 ἐν
717 1500 796 1565 τῷ
840 1500 1153 1571 στεναγμῷ
1203 1520 1342 1571 μου.
1399 1501 1745 1571 Ἀκούσωμεν

158 1596 279 1649 οἷαν
311 1598 340 1648 6
380 1595 635 1666 βασιλεὺς
684 1593 972 1664 μετάνοιαν
1013 1579 1349 1659 ἐπεδείξατο.
1402 1595 1514 1664 υὺχ
1558 1592 1744 1656 ἀπλῶς

160 1687 390 1757 ἔκαμεν,
422 1686 537 1739 ἀλλ’
566 1686 822 1739 ἐκοπίασε
857 1686 1131 1751 στενάζων
1150 1702 1165 1716 ·
1191 1687 1288 1757 οὐχ
1310 1686 1496 1749 ἁπλῶς
1520 1687 1744 1758 ἐδάκρυ-

161 1794 278 1841 σεν,
306 1777 444 1831 ἀλλά
469 1778 567 1850 τὴν
584 1778 772 1847 κλίνην
794 1778 1000 1843 ἔλουσε,
1020 1781 1113 1832 καὶ
1142 1778 1263 1832 καθ’
1294 1779 1529 1849 ἑκάστην
1551 1778 1737 1833 νύκτα.

1853 599 1978 637 nam
2002 583 2380 653 paenitentiam
2411 582 2650 638 declarat
2676 583 2779 639 hoc
2808 584 3033 639 dictum.

1921 676 1973 729 5.
2008 675 2339 741 Convertere,
2365 676 2603 739 'Domine,
2654 677 2795 745 eripe
2837 678 3069 731 animum
3101 696 3290 733 meam.
3324 678 3420 750 (Id

1851 768 1967 839 ait)
1996 771 2153 839 quasi
2184 769 2415 823 Domino
2444 770 2512 824 ob
2541 778 2818 839 peccatum
2850 786 3065 825 averso.
3094 770 3312 825 Salvum
3342 788 3422 825 me

1852 860 1937 921 [ac
1964 868 2175 928 prapler
2201 860 2619 913 misericordiam
2653 869 2817 912 tuam.
2863 858 3061 914 Totum
3094 861 3286 915 salutis
3317 875 3419 915 no-

1851 959 1976 1005 strae
2005 952 2282 1023 negotium
2314 952 2703 1007 misericordia:
2737 950 2828 1006 Dei
2860 954 3263 1008 ascribendum.

1917 1041 1969 1095 6.
2005 1041 2267 1106 Quoniam
2305 1060 2406 1097 non
2454 1054 2531 1098 est
2576 1044 2633 1097 in
2676 1054 2840 1097 morte
2862 1046 2953 1113 qui
2998 1060 3194 1098 memor
3215 1047 3287 1098 sit
3320 1046 3414 1098 tui.

1849 1128 2142 1197 Quoniam,
2180 1134 2377 1204 inquit,
2420 1135 2743 1189 diuturnum
2800 1135 2931 1189 mihi
2964 1145 3046 1191 est
3088 1138 3420 1205 prenitentize

1849 1232 2087 1294 tempus,
2121 1226 2289 1280 timeo
2325 1241 2393 1280 ne
2434 1240 2583 1281 mors
2615 1236 2765 1280 tuam
2819 1227 3247 1282 misericordiam
3281 1244 3419 1299 prae-

1851 1325 2048 1379 verlat,
2079 1317 2167 1370 ubi
2201 1317 2384 1372 nullus
2407 1318 2508 1371 erit
2540 1318 2867 1373 confessioni
2897 1320 3072 1375 locus.
3106 1319 3277 1390 Cujus
3303 1336 3420 1391 gra—

1848 1407 1943 1472 tia,
1978 1420 2253 1462 maturare
2280 1409 2715 1463 misericordiam
2748 1418 2895 1463 tuam
2931 1412 3165 1479 postulo.

1914 1496 1966 1572 7.
2004 1495 2271 1550 Laboravi
2300 1499 2355 1549 in
2383 1500 2580 1567 gemitu
2606 1491 2740 1554 meo.
2768 1498 3069 1555 Audiamus
3101 1503 3242 1572 regis
3274 1504 3415 1558 illius

1845 1568 2239 1657 pcenitentiam,
2273 1589 2364 1658 qui
2413 1605 2518 1643 non
2555 1590 2733 1644 solum
2775 1591 3059 1657 laboravit,
3106 1593 3200 1647 sed
3247 1593 3407 1648 calam

1845 1678 2253 1750 ingemiscenda
2272 1694 2465 1749 magno
2496 1679 2714 1735 allectus
2746 1688 2829 1735 est
2854 1682 3069 1747 dolore;
3104 1698 3209 1735 non
3241 1684 3412 1737 solum

1845 1770 2267 1839 collaerymatus
2302 1779 2427 1833 est,
2483 1771 2575 1824 sed
2622 1770 2753 1825 lavit
2808 1786 2901 1839 per
2939 1772 3179 1842 singulas
3232 1764 3418 1830 noctes

158 1869 274 1921 Καὶ
320 1869 382 1921 οὐ
422 1868 484 1922 τὸ
515 1840 783 1940 παρελθδν
810 1840 1020 1933 σκοπεί,
1055 1870 1189 1923 ἀλλά
1230 1870 1324 1923 καὶ
1351 1840 1743 1938 ἐπαγγέλλεται

1846 1862 2040 1916 lectum
2092 1878 2273 1916 suum.
2314 1860 2497 1932 Neque
2562 1872 2739 1916 tamen
2790 1862 2841 1916 id
2882 1864 2970 1917 ille
3019 1840 3237 1933 respicit
3270 1868 3416 1936 quod

156 1963 277 2024 τοῖς
308 1962 447 2032 πρὸς
466 1962 527 2015 τὸ
563 1960 753 2031 μέλλον
781 1960 869 2015 διά
901 1963 1082 2033 πάσης
1112 1962 1211 2031 τῆς
1246 1960 1393 2031 ζωῆς
1416 1978 1430 1992 ο
1474 1962 1569 2015 καὶ
1606 1962 1664 2017 ὂν
1695 1964 1744 2015 οἰ

162 2052 357 2105 πολλοὶ
384 2052 664 2106 ποιοῦνται
698 2054 955 2116 αἰνέσεως
985 2051 1266 2125 [ἀνέσεως]
1297 2053 1484 2124 καιρὸν
1502 2094 1516 2117 ,
1557 2052 1745 2108 τοῦτον

156 2147 369 2208 ἐκεῖνος
401 2144 856 2216 ὲξομολογήσεως.
877 2147 1089 2199 Λούσω
1109 2146 1237 2199 καθ’
1263 2144 1533 2213 ἑκάστην
1558 2148 1745 2199 νύκτα

155 2236 279 2305 τὴν
312 2237 532 2305 κλίνην
571 2254 713 2306 μου.
755 2238 901 2291 ’Δντὶ
951 2238 1101 2307 μιᾶς,
1154 2238 1306 2307 φησὶ,
1354 2239 1564 2303 νυκτὸς,
1621 2238 1743 2291 καθ’

154 2328 227 2399 ἦν
275 2327 375 2397 τὴν
405 2329 683 2401 ἁμαρτίαν
720 2330 973 2399 ἐποίησα,
1015 2329 1213 2393 πολλάς
1242 2330 1514 2382 διετέλεσα
1543 2329 1745 2393 νύκτας
1811 2376 1815 2381 .

150 2418 390 2490 ὥκρυσι
418 2418 625 2491 βρέχων
647 2418 743 2489 τὴν
779 2421 1071 2490 στρωμνήν
1112 2436 1238 2489 μου.

230 2508 557 2578 Ἐταράχθη
581 2510 697 2562 ἀπὸ
719 2508 910 2578 θυμοῦ
942 2512 975 2562 ό
1006 2511 1312 2580 ὀφθαλμός
1334 2528 1475 2579 μου.
1516 2510 1743 2579 Ὀφθαλ-

157 2601 261 2671 μδν
288 2601 348 2655 δὲ
373 2601 466 2653 τὸν
496 2599 621 2654 νοῦν
649 2600 819 2669 λέγει,
853 2603 1038 2674 ἐπειδὴ
1065 2604 1093 2656 6
1122 2602 1399 2674 ὀφθαλμὸς
1439 2604 1537 2674 τῆς
1563 2603 1743 2673 ψυχῆς

152 2696 307 2747 ἔστιν
339 2695 369 2747 6
394 2692 541 2756 νοῦς.
586 2690 994 2763 Ἐπαλαιώθην
1041 2694 1111 2748 ὲν
1152 2693 1304 2749 πᾶσι
1337 2694 1463 2759 τοῖς
1507 2693 1741 2761 ἐχθροῖς

150 2807 295 2859 μου.
332 2790 597 2844 Ἐνταῦθα
619 2791 710 2844 τὸν
739 2791 929 2862 χρόνον
956 2790 1107 2860 δηλοῖ
1125 2791 1223 2859 τῆς
1253 2790 1643 2853 κακοπαθείας.

230 2879 358 2953 [Ὃν
391 2883 487 2934 καὶ
508 2884 567 2935 ἐν
589 2881 740 2949 τάξει
764 2881 1188 2953 κατορθώματος
1217 2883 1483 2952 κέκτηται
1509 2922 1523 2947 ,
1555 2882 1643 2935 διά
1680 2882 1743 2936 τὸ

157 2974 329 3026 loli“
354 2969 544 3045 είναι.]

228 3064 351 3118 Ὀτι
376 3064 703 3133 εἰσήκουσε
718 3066 933 3135 Κύριος
946 3065 1059 3136 τῆς
1077 3065 1285 3136 φωνῆς
1304 3067 1410 3122 τοῦ
1430 3068 1740 3137 κλαυθμοῦ

1841 1952 1953 2021 jam
1987 1952 2270 2020 prmteriit,
2322 1955 2415 2007 sed
2466 1954 2664 2008 similia
2708 1954 2978 2009 facturum
3027 1973 3083 2011 se
3130 1956 3417 2027 pollicetur

1846 2059 1940 2112 per
1965 2052 2135 2097 totum
2173 2044 2295 2098 vitae
2328 2056 2539 2114 tempus
2568 2066 2579 2099 :
2616 2056 2669 2101 et
2698 2048 2844 2116 quod
2879 2048 2972 2101 alii
2999 2059 3210 2119 tempus
3238 2050 3415 2105 laudi-

1844 2133 1945 2187 bus
1974 2134 2278 2200 insumunt,
2312 2136 2363 2190 id
2416 2138 2504 2191 ille
2540 2138 2871 2193 confessioni
2906 2141 3148 2209 deputat.
3202 2141 3413 2197 Lavabo

1843 2241 1933 2293 per
1979 2227 2217 2296 singulas
2256 2238 2427 2281 noctes
2474 2229 2661 2282 lectum
2692 2246 2882 2285 meum.
2931 2230 3036 2286 Pro
3068 2242 3227 2287 noete
3277 2251 3406 2300 una,

1846 2316 2044 2385 inquit,
2076 2333 2241 2387 quam
2272 2321 2546 2394 peccando
2587 2322 2844 2392 transegi,
2879 2324 3080 2378 multas
3126 2325 3278 2394 exegi
3311 2342 3413 2378 uo—

1843 2416 1957 2462 etes
1989 2408 2215 2477 rigando
2246 2389 2501 2480 lacryinis
2531 2412 2731 2466 lectum
2759 2429 2963 2467 meum.

1923 2499 1976 2553 8.
2013 2499 2275 2555 Turbatus
2301 2514 2377 2556 est
2403 2521 2433 2556 a
2455 2504 2635 2573 furore
2657 2506 2837 2561 oculus
2860 2524 3019 2561 meus.
3045 2507 3276 2564 Mentem
3303 2511 3411 2577 ait;

1843 2591 1958 2660 ipsa
1990 2592 2188 2661 quippe
2215 2604 2298 2647 cst
2336 2596 2530 2650 animae
2569 2600 2781 2653 oculus.
2819 2600 3105 2655 lneeterari
3138 2603 3273 2655 inter
3298 2620 3411 2657 om-

1842 2697 1930 2734 nes
1961 2684 2202 2738 inimicos
2248 2703 2407 2741 meos.
2462 2686 2560 2743 Hic
2585 2698 2796 2760 tempus
2824 2706 3077 2747 aerumnae
3102 2694 3335 2749 declarat

1914 2772 2091 2845 [Quod
2124 2777 2176 2829 in
2232 2788 2379 2833 recte
2426 2778 2691 2835 factorum
2746 2798 2971 2838 numero
3020 2785 3253 2855 reponit,
3285 2788 3410 2857 quia

1841 2868 2071 2922 multum
2108 2867 2255 2940 fuit]

1905 3076 1959 3130 9.
1994 3075 2256 3140 Quoniam
2289 3081 2561 3135 exaudiui:
2598 3082 2850 3139 Dominus
2885 3104 3057 3141 uocem
3088 3090 3243 3157 ﬂetus
3290 3088 3409 3147 mei.

149 3177 289 3228 μου.
328 3160 415 3223 Ὦς
441 3159 543 3230 ἤδη
572 3159 944 3224 εἰσακουσθεὶς
975 3160 1185 3231 μακρὸν
1213 3159 1356 3213 κατά
1380 3160 1490 3214 τῶν
1528 3160 1739 3232 ἐχθρῶν

1841 3162 2011 3230 Quasi
2064 3166 2178 3235 jam
2238 3170 2530 3225 exauditus
2592 3171 2814 3242 longum
2889 3187 3079 3231 contra
3157 3179 3410 3237 inimicos

156 3252 395 3325 συνείρει
421 3251 599 3321 λόγον.
626 3253 702 3306 Οὐ
738 3253 910 3323 μικρά
944 3250 1001 3304 δὲ
1030 3251 1125 3303 καὶ
1158 3251 1297 3321 αὕτη
1354 3252 1491 3323 πρὸς
1535 3252 1737 3324 ἀρετὴν

150 3344 294 3408 ὁδὸς,
320 3343 384 3397 τὸ
411 3343 632 3413 φεύγειν
662 3344 756 3396 καὶ
790 3340 1176 3413 διακρούεσθαι
1218 3342 1318 3406 τὰς
1341 3342 1450 3395 τῶν
1484 3344 1735 3415 πονηρῶν

150 3439 465 3504 συνουσίας.
500 3434 665 3501 Οὗτος
694 3438 803 3510 γὰρ
824 3438 924 3507 τῆς
954 3438 1241 3508 μετανοίας
1269 3441 1483 3511 καρπὸς
1515 3442 1608 3495 καὶ
1628 3441 1737 3495 τῶν

148 3530 408 3604 δακρύων
464 3530 531 3583 τὸ
561 3529 767 3601 κέρδος.
807 3530 877 3583 Ἦ
934 3530 1167 3595 ἐλλιπῶς
1221 3530 1403 3598 τοῦτο,
1438 3532 1559 3585 ἀντὶ
1604 3532 1733 3585 τοῦ·

148 3623 251 3685 Δὸς
299 3623 477 3674 εἰπεῖν
519 3623 630 3685 τοῖς
674 3620 1096 3692 ὲπεμόαίνουσιν
1121 3622 1375 3695 ἐχθροῖς·
1416 3620 1736 3697 Ἀπόστητε,

148 3716 232 3769 δτι
255 3712 644 3786 εἰσηκούσθην,
674 3714 754 3768 ὅτι
786 3714 1155 3787 προσεδέχθην
1177 3717 1206 3768 6
1228 3716 1316 3771 διὰ
1340 3717 1439 3787 τῆς
1464 3718 1738 3789 ἁμαρτίας

149 3804 457 3869 ἀπωσθείς.

155 3983 473 4038 ῩΑΛΠΟΣ
493 3978 574 4046 τῷ
601 3980 802 4045 Δαυῒδ,
839 3980 913 4035 ὃν
942 3977 1059 4054 ᾖσε
1084 3980 1162 4048 τῷ
1194 3983 1390 4051 Κυρίῳ
1416 3983 1570 4053 ὑπὲρ
1619 3984 1737 4038 τῶν

461 4076 661 4146 λόγων
691 4075 880 4129 Χουσί
905 4076 1040 4130 υἱοῦ
1075 4075 1321 4146 ’1εμινεῖ.
1350 4079 1428 4130 Z'.

787 4165 1113 4232 Ὺπόθεσις.

161 4258 538 4330 ’Δρχιεταϊρος
580 4256 675 4310 ¹τοῦ
725 4256 886 4311 Δαυῖδ
916 4260 945 4311 6
981 4257 1189 4321 Χουσὶ,
1240 4257 1298 4321 ὃς
1348 4258 1735 4313 ἀποστέλλεται

222 4350 379 4420 παρά
415 4346 509 4401 τοῦ
538 4347 697 4401 Δαυτδ
726 4349 863 4417 πρὸς
882 4348 1233 4419 Ἀὀεσσαλὼμ
1256 4350 1347 4402 ἐπὶ
1372 4348 1448 4420 τῷ
1474 4351 1737 4423 ἀντιπρᾶ-

222 4440 311 4506 ξαι
358 4438 438 4510 τῷ
495 4440 772 4511 ’Δχιτόφελ
816 4440 1009 4511 βουλὰς
1049 4440 1423 4511 εἰσηγουμένῳ
1462 4441 1604 4495 κατά
1640 4442 1733 4495 τοῦ

219 4532 418 4586 Δαυῖδ·
451 4532 510 4595 δς
542 4532 635 4585 καὶ
657 4531 906 4585 ἀπελθὼν
926 4572 940 4598 ,
976 4534 1069 4585 καὶ
1102 4532 1393 4603 προδοσίαν
1435 4533 1730 4605 ὑποκρινά-
1761 4558 1805 4613 D

220 4641 405 4696 μενος,
423 4622 619 4695 βουλῆς
642 4624 1035 4697 προστεθείσης
1058 4625 1209 4696 παρά
1226 4624 1317 4677 τοῦ
1350 4624 1724 4696 ’Δὸεσσαλὼμ,

217 4715 370 4787 αὐτῷ
392 4732 451 4768 τε
486 4714 563 4786 τῷ
583 4716 752 4769 Χουσὶ
777 4717 871 4771 καὶ
904 4716 981 4787 τῷ
1020 4716 1331 4787 Ἀχιτόφελ·
1372 4720 1467 4771 καὶ
1503 4718 1595 4771 τοῦ
1631 4718 1728 4789 μὲν

218 4808 534 4871 κελεύοντος
573 4807 903 4872 ἐπιδιώκειν,
934 4808 1028 4862 τοῦ
1074 4809 1377 4880 Ἀχιτόφελ,
1406 4810 1497 4863 τοῦ
1536 4811 1592 4863 δὲ
1629 4811 1724 4881 μὴ,

214 4900 315 4953 τοῦ
338 4898 506 4954 Χουσί
531 4916 544 4930 ⁸
575 4899 636 4953 ού
668 4900 777 4972 γὰρ
808 4900 891 4953 δεῖ
908 4900 1206 4972 ἀπράκτως
1226 4940 1241 4963 ,
1276 4903 1439 4972 φησὶν
1459 4945 1473 4969 ,
1518 4902 1726 4955 ἐπιέναι

217 4990 372 5062 ἀνδρὶ
398 4989 746 5061 ἐπισταμένῳ
773 4990 842 5043 τά
866 4990 1125 5061 πολέμια·
1158 4992 1253 5044 καὶ
1278 4992 1452 5063 τούτῳ
1476 4992 1553 5063 τῷ
1585 4993 1727 5064 λόγῳ

217 5076 582 5139 διασώσαντος
607 5078 697 5131 τὸν
720 5078 880 5131 Δαυῖδ
901 5096 914 5109 ο
948 5079 1021 5141 ὡς
1049 5080 1115 5134 ἂν
1134 5081 1208 5151 μὴ
1238 5080 1583 5154 ἀνθρωπίνης
1606 5085 1728 5136 ἐπι-

217 5170 445 5242 κουρίας
471 5170 794 5241 σωζόμενος,
834 5170 911 5242 τῷ
949 5170 1067 5242 Θεῷ
1098 5173 1197 5242 τὴν
1232 5174 1371 5245 ὑπὲρ
1403 5175 1606 5229 τούτων
1635 5177 1725 5229 εὑ-

218 5263 571 5333 χαριστήριον
604 5262 747 5334 ᾠδὴν
773 5263 1124 5334 ἀναπέμπει,
1158 5264 1219 5317 τὸ
1253 5267 1361 5318 πᾶν
1406 5266 1615 5321 ἐκείνου
1658 5270 1721 5338 τῇ

219 5354 402 5423 χάριτι
426 5352 725 5416 ἀνατιθεὶς⁹
756 5352 1059 5425 ἀνθρώπων
1092 5354 1148 5407 δὲ
1172 5356 1362 5409 οὐδενί.

217 5446 447 5510 [rupted
479 5445 623 5510 Θεός
645 5462 781 5511 μου,
808 5446 905 5499 ἐπὶ
937 5447 1036 5500 σοί
1078 5446 1335 5515 ἤλπισα.
1384 5450 1599 5521 Ἐπειδὴ
1630 5452 1723 5504 ἀν-

150 5535 375 5607 θρώπῳ,
403 5538 537 5607 φησὶ
559 5579 575 5602 ,
612 5538 739 5611 περὶ
772 5540 1045 5609 σωτηρίας
1067 5540 1128 5593 οὐ
1162 5539 1371 5613 θαρῤὦ,
1426 5545 1474 5595 εἰ
1508 5544 1601 5596 καὶ
1628 5544 1722 5597 τοῦ

154 5627 319 5681 Χουσὶ
343 5630 392 5681 οἰ
420 5628 567 5696 λόγοι
593 5628 768 5695 καλοὶ,
797 5630 969 5684 σῶσόν
996 5650 1063 5703 με
1090 5634 1183 5687 καὶ
1215 5636 1278 5687 ὲκ
1302 5635 1410 5689 τῶν
1440 5638 1723 5709 παρόντων

152 5718 250 5789 μὲν
278 5719 511 5792 ἐχθρῶν,
546 5721 779 5790 μάλιστα
803 5722 860 5775 δὲ
882 5724 989 5777 ἀπὸ
1012 5724 1105 5779 τοῦ
1127 5725 1506 5799 ἐφεδρεύοντος
1533 5730 1721 5801 νοητοῦ

150 5807 359 5873 δαίοντος
380 5813 447 5880 τῇ
474 5810 715 5883 ἡμετέρᾳ
746 5811 913 5885 ψυχῇ.

1842 3256 2082 3310 contexit
2112 3272 2439 3312 sermonem.
2477 3258 2587 3315 Nec
2624 3262 2848 3317 minima
2884 3264 2975 3319 illa
3024 3275 3108 3322 est
3141 3267 3210 3322 ad
3240 3270 3411 3326 virtu-

1838 3355 1945 3401 tem
1974 3349 2084 3415 via,
2107 3349 2293 3420 fugere
2313 3359 2365 3404 et
2393 3352 2629 3421 abjicere
2652 3354 3024 3424 improborum
3048 3362 3405 3417 consortium.

1839 3433 1937 3490 llic
1962 3439 2107 3492 enim
2159 3448 2243 3495 est
2295 3445 2629 3509 paenitentiae
2678 3444 2889 3502 fructus
2940 3461 2994 3504 et
3043 3452 3407 3524 lacrymarum

1838 3526 2077 3585 lucrum.
2104 3528 2212 3584 Aut
2235 3529 2487 3587 fortassis
2521 3534 2652 3589 illud
2695 3552 2790 3605 per
2816 3538 3029 3609 ellipsin
3074 3542 3276 3599 dictum
3301 3558 3406 3611 est,

1839 3628 1900 3675 ut
1927 3620 2263 3692 intelligatur
2297 3643 2310 3679 ;
2343 3624 2592 3683 Concede
2638 3631 2796 3686 nobis
2823 3643 2879 3687 ut
2924 3634 3171 3694 dicamus
3199 3639 3265 3695 iis
3312 3640 3407 3709 qui

1839 3712 1893 3767 in
1933 3728 2034 3768 nos
2066 3714 2282 3769 irruunt
2300 3716 2629 3775 adversariis
2656 3740 2668 3774 :
2702 3721 3010 3788 Abscedite,
3038 3729 3297 3796 quoniam
3319 3745 3408 3785 ex-

1836 3805 2045 3860 audivit
2071 3823 2176 3862 me.
2217 3808 2486 3873 Quoniam
2517 3813 2632 3881 ipse
2654 3824 2939 3884 susceptus
2971 3833 3115 3885 sum,
3149 3822 3243 3890 qui
3276 3836 3404 3892 pec-

1836 3896 1943 3950 cati
1977 3912 2143 3951 causa
2174 3901 2435 3968 expulsus
2468 3902 2701 3958 fueram.

1978 3984 2319 4045 PSALJIUS
2350 3991 2559 4057 Daeidi,
2602 4013 2755 4065 quem
2781 4003 3010 4055 cantavit
3045 4001 3263 4058 Domino

2088 4098 2183 4151 pro
2212 4086 2378 4139 verbis
2405 4085 2587 4151 Chusi,
2624 4090 2726 4157 ﬁlii
2753 4090 2968 4147 Jemini.
3020 4094 3148 4151 VII.

2419 4179 2816 4247 Argumentum.

1835 4264 2213 4321 Amicissimus
2238 4266 2423 4321 Davidi
2455 4279 2572 4322 erat
2592 4252 2786 4338 (illusi,
2839 4276 2931 4344 qui
2983 4277 3215 4333 mittitur
3242 4296 3270 4334 a
3307 4280 3404 4336 Da-

1909 4356 2028 4409 vide
2076 4356 2141 4408 ad
2174 4355 2514 4423 Abessalom,
2545 4370 2603 4414 ut
2629 4360 2973 4435 AeliitOpheli
2999 4408 3014 4432 ,
3047 4371 3402 4427 consiliorum

1906 4458 2092 4500 contra
2145 4445 2400 4502 Davidem
2429 4453 2660 4519 auctori,
2695 4455 3096 4514 adversaretur.
3140 4459 3243 4527 Qui
3276 4478 3398 4517 eum

1901 4540 2273 4608 abscessisset,
2301 4558 2365 4597 ac
2386 4544 2747 4613 proditionem
2779 4548 3086 4616 simularet,
3112 4555 3401 4611 consilium

1900 4633 2209 4701 postulante
2236 4637 2274 4687 Α
2287 4635 2590 4690 bessalome
2610 4638 2775 4693 Clausi
2792 4647 2845 4693 et
2860 4642 3222 4712 Aclnitopbeli,
3241 4657 3402 4718 atque

1900 4724 2187 4779 consilium
2213 4726 2375 4781 dante
2395 4727 2770 4799 Achitophele,
2793 4743 2853 4786 ut
2870 4732 3125 4790 Davidem
3148 4736 3401 4807 inseque-

1902 4824 2085 4879 retur;
2124 4814 2293 4869 Chusi
2323 4827 2503 4871 autem
2530 4833 2689 4874 secus
2713 4822 2996 4890 suadente,
3017 4838 3125 4878 non
3150 4837 3401 4895 oportere

1901 4906 2128 4971 scilicet,
2172 4924 2271 4963 nec
2315 4925 2346 4965 e
2376 4926 2436 4965 re
2480 4910 2617 4975 fore,
2666 4912 2881 4985 insequi
2929 4916 3106 4971 virum
3164 4920 3399 4988 peritum

1900 5000 2025 5055 belli
2059 5021 2073 5068 ;
2103 5003 2169 5057 iis
2199 5003 2382 5059 verbis
2413 5002 2671 5061 Davidem
2702 5010 2958 5064 servavit.
2992 5009 3042 5065 Is
3073 5026 3200 5065 vero
3243 5016 3399 5083 quasi

1906 5110 2014 5149 non
2043 5095 2285 5151 humano
2322 5106 2571 5154 servatus
2598 5100 2825 5166 auxilio,
2856 5102 2964 5156 Deo
2997 5105 3267 5159 canticum
3295 5106 3399 5161 hoc

1898 5186 1953 5241 in
1981 5187 2275 5257 gratiarum
2319 5189 2584 5244 actionem
2629 5190 2815 5245 od‘ert:
2838 5192 3065 5263 ejusque
3088 5195 3277 5264 gratia:
3308 5206 3394 5251 too

1899 5288 2035 5342 tum,
2072 5292 2135 5333 ac
2166 5279 2299 5333 nulli
2323 5280 2607 5336 hominum
2640 5283 2884 5339 ascribit.

1896 5455 1952 5510 2.
1974 5454 2196 5510 Domine
2226 5456 2363 5511 Deus
2398 5473 2561 5523 meus,
2596 5459 2649 5510 in
2681 5471 2729 5513 te
2754 5461 2979 5529 speravi.
3002 5459 3290 5528 Quoniam,
3322 5464 3397 5517 in-

1827 5547 1965 5615 quit,
2000 5548 2067 5602 de
2106 5563 2225 5603 mea
2274 5550 2449 5605 salute
2504 5552 2637 5605 nihil
2682 5553 2750 5607 ab
2797 5555 3019 5609 homine
3065 5555 3394 5624 sperandum

1826 5646 1980 5708 puto,
2016 5638 2143 5693 licet
2167 5638 2336 5696 Chusi
2367 5644 2596 5698 consilia
2627 5646 2767 5700 bona
2796 5646 2907 5701 sint
2935 5665 2949 5713 ;
2983 5655 3042 5701 tu
3072 5660 3250 5702 tamen
3281 5648 3394 5702 sal-

1826 5741 1953 5781 vum
1994 5742 2081 5782 me
2119 5726 2228 5797 fac,
2281 5738 2334 5785 et
2364 5732 2584 5801 quidem
2634 5749 2701 5787 ex
2753 5734 3083 5790 instantibus
3134 5735 3392 5801 inimicis,

1827 5819 1921 5876 sed
1946 5820 2182 5875 maxime
2212 5836 2242 5877 a
2270 5823 2540 5895 spirituali
2569 5826 2749 5895 leone,
2782 5827 2874 5897 qui
2912 5828 3109 5883 anima
3139 5842 3271 5883 mea:
3310 5828 3392 5885 in-

1829 5912 1996 5969 sidias
2025 5920 2198 5979 parat.
