4032 6422
599 367 666 424 79
1444 368 1501 424 S.
1541 365 1910 422 ATHANASU
1951 365 2102 422 OPP.
2145 366 2324 422 PARS
2361 366 2447 424 Ill.
2487 397 2558 410 —
2595 365 3009 423 EXEGETICA.
3757 363 3836 421 80

668 487 718 540 5.
769 486 828 543 Si
864 490 1068 544 reddidi
1117 490 1519 546 retribuentibus
1549 491 1679 542 mihi
1711 489 1871 544 mala.
1920 489 2155 560 lnjuria-

2322 491 2391 544 Et
2416 489 2808 544 ἁνταπέδωκα
2853 489 2976 555 τοῖς
3009 485 3480 543 ἀνταποδιδοῦσί
3524 503 3623 557 μοι
3651 485 3832 540 κακά.

597 583 716 632 ru’m
744 580 1073 635 oblivionem
1124 581 1361 651 praefert,
1405 597 1515 651 qua
1548 580 1716 635 Deum
1749 582 1813 635 ad
1849 581 2160 636 misericor-

597 668 740 721 diam
791 679 1070 738 provocat.
1130 670 1378 724 Decidam
1413 671 1598 722 merita
1653 671 1716 723 ab
1769 670 1997 723 inimicis
2032 671 2160 722 meis

597 756 791 809 inanis.
825 754 1012 812 Justus
1043 766 1165 826 post
1192 759 1474 812 victoriam
1497 759 1687 826 plenus
1733 768 2072 826 onustosque
2094 758 2161 811 ab

599 846 838 903 inimicis
881 850 1149 904 abscedit:
1185 850 1464 918 improbus
1489 860 1668 904 autem
1713 850 1802 904 ubi
1847 851 2021 904 victus
2055 857 2159 915 est,

599 938 668 993 iis
697 954 900 994 vacuus
921 941 1142 1002 excidit,
1178 943 1380 996 nullam
1409 944 1615 998 habens
1639 957 1818 996 rerum
1846 942 2079 1009 copiam.

671 1028 724 1082 6.
757 1028 1110 1100 Persequatur
1147 1032 1392 1085 inimicus
1419 1036 1652 1087 animam
1684 1048 1871 1085 meam.
1902 1031 2057 1096 Quod
2087 1031 2164 1084 ait

599 1129 683 1176 est
712 1121 1021 1191 hujusmodi
1050 1140 1064 1177 :
1103 1124 1336 1178 incidam
1386 1127 1441 1179 in
1473 1140 1669 1179 manus
1726 1124 1923 1178 diaboli
1957 1124 2000 1177 si
2032 1123 2162 1191 quid

601 1227 666 1267 ex
696 1215 1023 1283 supradictis
1051 1216 1268 1270 admisi.
1303 1223 1322 1285 (
1349 1218 1468 1271 Alio
1497 1217 1669 1270 modo.
1696 1218 1713 1283 )
1754 1215 1808 1268 ld
1843 1224 1947 1279 est,
1985 1215 2030 1269 si
2063 1215 2164 1269 hoc

601 1307 800 1362 illudve
832 1306 953 1372 feci,
996 1324 1060 1361 ne
1112 1324 1141 1362 a
1196 1319 1419 1378 peccato
1471 1309 1670 1362 liberer
1727 1317 1849 1360 ante
1907 1314 2158 1359 mortem.

603 1397 859 1452 Exaltare
890 1402 944 1452 in
993 1401 1185 1468 ﬁnibus
1217 1402 1546 1454 inimicorum
1575 1415 1825 1453 meorum.
1873 1397 1925 1452 ld
1953 1406 2056 1460 est,
2108 1397 2162 1450 in

599 1490 839 1546 robustis
885 1491 1230 1546 inimicorum
1267 1507 1533 1546 meorum.
1568 1491 1702 1545 Nam
1747 1490 1883 1544 lines
1930 1488 2161 1544 summi-

602 1590 740 1636 tates
776 1581 1103 1651 signiﬁcant.

674 1672 724 1724 7.
753 1671 822 1724 Et
860 1687 1105 1742 exsurge,
1141 1673 1358 1728 Domine
1392 1673 1528 1728 Deus
1578 1689 1741 1736 meus,
1778 1674 1830 1724 in
1877 1679 2151 1738 pracepto.

604 1759 790 1816 Palam
818 1761 904 1818 his
935 1764 1114 1818 verbis
1162 1763 1451 1818 adventum
1503 1763 1789 1817 annuntiat
1843 1760 2155 1814 Salvatoris.

2263 581 2334 633 Τὸ
2355 582 2726 652 ἀμνησίκακον
2750 580 3108 652 προϐάλλεται
3151 580 3545 650 ἐκκαλούμενος
3573 579 3639 632 δι’
3667 577 3835 632 αὑτοῦ

2263 673 2341 735 εἰς
2375 673 2520 725 ἔλεον
2551 673 2641 725 τὸν
2667 673 2818 726 Θεόν.
2846 672 3233 740 Ἀποπέσοιμι
3277 671 3390 739 ἄρα
3423 669 3540 724 ἀπὸ
3585 669 3703 723 τῶν
3733 670 3836 736 ἐχ-

2262 762 2415 829 θρῶν
2427 780 2546 831 μου
2574 765 2768 827 κενός.
2810 761 2866 814 '0
2895 763 2992 832 μὲν
3021 762 3220 824 δίκαιος
3238 762 3465 830 νικήσας
3490 759 3700 830 πλήρης
3725 758 3838 811 ἀπὸ

2262 854 2368 906 τῶν
2414 854 2622 924 ἐχθρῶν
2665 854 2977 924 ἐξέρχεται·
3013 856 3042 907 ό
3094 853 3150 906 δὲ
3202 853 3402 921 φαῦλος
3453 853 3544 905 καὶ
3589 851 3837 921 νικηθεὶς

2262 949 2558 1000 ἀποπίπτει
2586 942 2761 999 αύτῶν
2783 947 2956 1009 κενὸς,
2982 948 3075 998 καὶ
3103 946 3253 997 οὐδὲν
3282 945 3420 1015 ἔχων
3447 944 3835 1015 πληρώματος.

2332 1039 2690 1103 Καταδιώξαι
2733 1039 2847 1107 ἄρα
2891 1041 2922 1091 ό
2955 1037 3166 1104 ἐχθρὸς
3203 1034 3316 1102 τὴν
3341 1035 3550 1103 ψυχήν
3590 1051 3730 1102 μου.
3769 1033 3839 1085 Ὀ

2262 1131 2408 1198 λέγει
2433 1131 2670 1183 τοιοῦτόν
2718 1131 2897 1181 ἐστιν’
2946 1128 3199 1197 Ἐμπέσω
3241 1128 3322 1189 εἰς
3352 1126 3447 1188 τὰς
3500 1127 3687 1195 χεῖρας
3736 1121 3836 1176 τοῦ

2261 1222 2528 1283 διαϐόλου,
2567 1223 2616 1273 εί
2644 1219 2883 1273 τοιοῦτόν
2911 1237 2961 1272 τι
2989 1219 3220 1290 ἐποίησα
3254 1217 3360 1269 τῶν
3390 1215 3796 1287 προλεχθέντων
3817 1230 3834 1245 °

2263 1315 2310 1365 ei
2335 1313 2426 1365 καὶ
2450 1312 2508 1364 τὸ
2529 1312 2623 1365 καὶ
2638 1311 2696 1364 τὺ
2719 1311 2970 1379 ἐποίησα,
2999 1309 3072 1380 μὴ
3094 1308 3512 1379 ἐλευθερωθείην
3537 1309 3633 1377 τῆς
3655 1307 3840 1376 ἁμαρ-

2262 1403 2381 1465 τίας
2427 1402 2532 1473 πρὸ
2568 1401 2661 1455 τοῦ
2721 1402 2973 1454 Θανάτου.
3015 1399 3300 1467 Ὑψὼθητι
3335 1400 3403 1452 ἐν
3454 1397 3577 1463 τοῖς
3615 1396 3840 1465 πέρασι

2262 1493 2382 1548 τῶν
2401 1491 2628 1562 ἐχθρῶν
2647 1511 2787 1560 μου.
2827 1491 3133 1554 Τουτέστιν,
3181 1493 3236 1544 ὲν
3267 1494 3378 1552 τοῖς
3405 1491 3680 1560 κραταιοῖς
3727 1486 3838 1540 τῶν

2264 1586 2468 1658 ἐχθρῶν
2497 1603 2617 1656 μου.
2650 1585 2868 1656 Πέρατα
2896 1584 3002 1654 γὰρ
3028 1583 3096 1636 τὰ
3127 1583 3270 1653 ἄκρα
3293 1582 3458 1651 δηλοῖ.

2333 1677 2442 1729 Καὶ
2474 1674 2826 1744 ἑξεγέρθητι,
2857 1675 3032 1741 Κύριε
3052 1676 3084 1726 ό
3119 1674 3264 1737 Θεός
3283 1688 3424 1739 μου,
3457 1670 3526 1723 ἐν
3571 1668 3838 1736 προστάσ-

2266 1783 2436 1836 γματι
2458 1759 2508 1831 ᾧ
2535 1764 2828 1818 ὲνετείλω.
2865 1763 3058 1831 Σαφῶς
3090 1762 3218 1834 περὶ
3244 1762 3342 1832 τῆς
3388 1759 3705 1829 θεοφανείας
3738 1759 3839 1813 τοῦ

608 1851 678 1905 Et
708 1869 971 1923 synagoga
998 1853 1309 1922 populorum
1344 1853 1688 1907 circumdabit
1722 1861 1787 1906 te.
1838 1849 1934 1905 His
1980 1857 2164 1919 aperte

2273 1832 2514 1927 Σωτῆρος
2537 1856 2625 1909 διὰ
2651 1855 2756 1909 τῶν
2787 1856 3069 1925 παρόντων
3101 1832 3530 1920 εὐαγγελίζεται.
3562 1854 3670 1907 Καὶ
3694 1868 3843 1906 συν-

603 1942 842 1998 declarat
869 1941 1122 1998 Ecclesia:
1152 1944 1312 1997 ﬁdem
1336 1944 1389 1997 in
1424 1943 1625 2013 ipsum.

676 2118 730 2173 8.
756 2117 824 2172 Et
850 2129 1060 2188 propter
1099 2120 1232 2172 hanc
1279 2120 1335 2171 in
1380 2120 1546 2172 altum
1592 2117 1877 2188 regredere.
1921 2115 2168 2188 Synago-

606 2225 729 2282 gam
768 2212 1033 2267 videlicet.
1076 2211 1211 2267 Illud
1254 2227 1404 2275 vero,
1439 2214 1494 2265 in
1529 2211 1694 2264 altum
1725 2250 1738 2273 ,
1773 2219 1868 2264 aut
1906 2225 2166 2265 veneran-

606 2302 729 2355 dam
786 2301 1056 2372 signiﬁcat
1105 2316 1343 2368 crucem,
1384 2302 1450 2356 ad
1502 2317 1665 2371 quam
1717 2301 1895 2355 attulit
1942 2310 2161 2371 peccata

607 2401 810 2456 nostra,
844 2402 938 2447 aut
966 2394 1194 2447 reditum
1231 2394 1283 2448 in
1314 2394 1534 2449 caelum.
1570 2393 1718 2447 Abiit
1755 2393 1900 2446 enim
1954 2401 2016 2446 ut
2066 2406 2165 2461 pro

609 2484 767 2539 nobis
795 2498 914 2540 sese
937 2486 1154 2540 sisteret
1180 2486 1245 2540 ad
1272 2493 1626 2554 conspectum
1657 2483 1856 2537 Patris.

682 2667 736 2722 9.
757 2665 953 2720 Judica
984 2682 1081 2730 me,
1109 2665 1349 2732 Domine,
1373 2663 1657 2718 secundum
1686 2662 1959 2732 justitiam
1978 2676 2165 2714 meam.

610 2758 786 2829 Rogat
816 2758 1008 2813 iterum
1041 2774 1076 2813 ι
1101 2756 1214 2813 suis
1262 2757 1398 2826 eripi
1438 2756 1697 2816 inimicis,
1743 2770 1809 2808 ex
1865 2753 2021 2807 malis
2061 2753 2166 2808 sibi

612 2849 775 2904 illatis
799 2849 865 2903 ad
897 2848 1321 2904 misericordiam
1353 2861 1674 2916 provocans.

2265 1946 2461 2016 αγωγὴ
2482 1946 2646 2000 λαῶν
2666 1945 2961 2001 κυκλώσει
2983 1961 3076 1999 σε.
3097 1946 3288 2014 Σαφῶς
3311 1945 3398 1998 διὰ
3419 1944 3526 1996 τῶν
3554 1943 3840 2014 παρόντων

2266 2039 2364 2110 τῆς
2405 2039 2729 2109 Ἐκκλησίας
2755 2039 2854 2110 τὴν
2879 2040 2957 2102 είς
2991 2037 3150 2091 αὑτὸν
3175 2037 3354 2089 πίστιν
3382 2035 3550 2104 δηλοῖ.

2339 2130 2450 2184 Kal
2479 2129 2630 2197 ὑπὲρ
2658 2130 2878 2196 ταύτης
2895 2132 2982 2194 εις
3010 2129 3167 2196 ὕψος
3207 2128 3592 2194 ἐπίστρεψον.
3621 2123 3842 2192 Ταύτης

2270 2223 2370 2294 μὲν
2401 2224 2500 2292 τῆς
2541 2221 2860 2290 συναγωγῆς
2889 2219 3148 2289 δηλονότι.
3181 2219 3253 2270 Τὸ
3276 2219 3352 2280 δὲ,
3387 2221 3473 2282 εἰς
3494 2215 3721 2285 ὕψος-,ἢ
3749 2215 3844 2268 τὸν

2268 2313 2444 2385 τίμιον
2472 2313 2763 2367 αἰνίττεται
2789 2309 3039 2380 σταυρὸν,
3060 2310 3138 2371 είς
3166 2308 3224 2360 δν
3240 2308 3531 2376 ἀνήνεγκεν
3554 2305 3709 2374 ήμῶν
3742 2304 3843 2366 τὰς

2273 2403 2624 2473 ἁμαρτίας,ἢ
2654 2403 2751 2473 τὴν
2768 2403 2846 2464 είς
2868 2400 3095 2470 οὐρανὸν
3125 2397 3497 2466 ἁναφοίτησιν.
3539 2393 3840 2465 Ἐπορεύϐη

2273 2493 2382 2563 γάρ
2434 2493 2830 2564 ἐμφανισθῆναι
2870 2491 2946 2562 τῷ
2989 2489 3264 2561 προσώπῳ
3314 2489 3407 2542 τοῦ
3457 2486 3670 2557 Πατρὸς
3701 2485 3843 2555 ὑπὲρ

2277 2587 2453 2656 ἡμῶν.

2345 2675 2564 2744 Κρῐνόν
2587 2691 2682 2744 με,
2708 2676 2900 2743 Κύριε,
2948 2675 3096 2727 κατὰ
3126 2673 3240 2740 τὴν
3280 2673 3672 2736 δικαιοσύνην
3697 2687 3819 2738 μου

2288 2769 2452 2835 Ἀξιοῖ
2481 2768 2640 2822 πάλιν
2669 2768 2774 2822 ἀπὸ
2797 2767 2904 2821 τῶν
2935 2765 3143 2837 ἐχθρῶν
3174 2765 3431 2834 σωθῆναι,
3467 2757 3648 2832 ἀφ’ὦν
3673 2762 3842 2832 ἐπρα-

2277 2860 2370 2924 ξαν
2403 2862 2493 2914 τὸν
2517 2862 2666 2914 ἔλεον
2689 2862 2920 2916 ὲκκαλού
2930 2879 3110 2932 μενος.

684 2983 873 3039 Daniel
922 2981 1190 3036 Barbarus
1231 2994 1250 3031 :
1291 2977 1506 3032 Iustum
1551 2975 1875 3044 adjutorium
1925 2991 2092 3027 meum
2144 2990 2176 3026 a
2215 2971 2460 3024 Domino.
2507 2970 2662 3025 Justa
2698 2975 2924 3042 petenda
2969 2985 3117 3036 sunt,
3169 2982 3228 3026 ut
3281 2971 3398 3041 ipsa
3451 2971 3728 3040 petitionis
3791 2969 3843 3022 vi

610 3087 664 3134 et
691 3087 904 3140 natura,
935 3078 1267 3126 momentum
1294 3071 1412 3140 ejus
1441 3068 1534 3139 qui
1575 3076 1755 3123 servat
1787 3077 1964 3122 rectos
1997 3065 2162 3121 corde
2202 3062 2358 3117 facile
2388 3064 2714 3117 attrahendo
2744 3065 3092 3117 inclinemus.

685 3193 770 3247 ll.
808 3188 911 3254 Qui
941 3185 1109 3240 salvos
1158 3185 1287 3253 facit
1320 3191 1483 3236 rectos
1515 3182 1688 3235 corde.
1733 3178 1906 3246 Nosti,
1967 3178 2165 3247 inquit,

2345 3173 2452 3227 Τοῦ
2476 3172 2769 3240 σώζοντος
2798 3174 2937 3240 τοὺς
2982 3173 3174 3239 εὐθεῒς
3225 3172 3300 3240 τῇ
3333 3172 3574 3241 καρδίᾳ.
3624 3175 3844 3249 Ἐπειδὴ

611 3284 791 3341 cordis
808 3280 979 3336 nostri
1008 3277 1360 3347 cogitationes
1378 3293 1392 3339 ;
1411 3282 1740 3343 quaprOpter
1757 3281 1911 3324 tuum
1941 3270 2173 3339 imploro

614 3376 945 3521 “Igqu'eus
966 3459 1133 3529 judez
1148 3457 1349 3527 justus,
1372 3454 1527 3524 {ortis
1553 3461 1602 3508 et
1630 3453 1854 3521 patiens.
1874 3448 1968 3505 His
1995 3446 2174 3502 verbis

615 3568 797 3632 aperte
849 3554 1089 3609 declarat
1135 3549 1228 3602 Dei
1281 3545 1782 3616 longanimitatem,
1834 3542 1928 3610 qui
1973 3538 2175 3608 suppli-

614 3652 758 3706 cium
790 3645 985 3706 differt,
1025 3642 1125 3696 etsi
1159 3654 1265 3692 non
1297 3635 1520 3690 omnino
1550 3642 1757 3704 parcat.

692 3830 778 3885 Η.
811 3826 1047 3897 Sagittas
1083 3839 1206 3876 suus
1241 3818 1545 3873 ardentibus
1590 3815 1779 3884 effecit.
1831 3811 2069 3882 Sagittas
2096 3808 2178 3863 di-

617 3925 692 3979 cit
720 3921 1044 3992 supplicium
1087 3935 1100 3971 :
1144 3914 1465 3980 ardentibus,
1498 3913 1566 3967 iis
1599 3910 1806 3965 scilicet
1833 3909 1925 3978 qui
1958 3919 2175 3976 pmnam

618 4015 758 4086 ignis
784 4019 1115 4066 meruerunt.

693 4104 780 4159 15.
815 4101 946 4156 Ecce
975 4099 1222 4168 parturiit
1257 4094 1600 4165 injustitiam.
1636 4090 1894 4144 Inimicus
1929 4087 2178 4141 videlicet

619 4196 741 4252 vitae
757 4204 974 4250 nostrae.
1009 4190 1254 4259 Concepit
1275 4189 1507 4240 dolorem
1527 4195 1575 4239 et
1605 4186 1800 4253 peperit
1825 4183 2175 4250 iniquitatem.

621 4286 734 4343 Hoc
756 4294 860 4347 est,
889 4293 941 4338 et
965 4280 1299 4344 deliberavit,
1319 4287 1373 4333 et
1403 4277 1547 4348 quod
1569 4277 1884 4330 decreverat
1912 4274 1962 4324 in
1997 4280 2177 4325 actum

623 4377 1018 4523 de'l'gf'zacum
1070 4465 1272 4535 aperuit
1300 4474 1349 4516 et
1401 4463 1582 4532 effodit
1632 4476 1770 4524 eum,
1804 4468 1906 4512 etc.
1945 4455 2080 4509 Cum
2124 4453 2177 4506 in

2274 3261 2442 3330 οἶδας,
2475 3267 2627 3336 φησὶ,
2655 3268 2750 3338 τῆς
2773 3267 3044 3337 ἡμετέρας
3070 3266 3291 3336 καρδίας
3326 3265 3390 3318 τὰ
3419 3265 3682 3336 νοήματα,
3722 3269 3848 3321 τού-

2275 3375 2366 3409 τοῦ
2408 3360 2566 3429 χάριν
2593 3360 2688 3429 τὴν
2721 3359 2970 3429 βοήθειαν
3005 3359 3220 3423 ὲξαιτῶ.

2358 3451 2420 3503 '0
2449 3454 2593 3516 Θεος
2623 3450 2827 3518 κριτὴς
2850 3451 3079 3516 δίκαιος
3111 3451 3207 3503 καὶ
3234 3451 3481 3520 ἰσχυρὸς
3513 3452 3608 3505 καὶ
3630 3455 3848 3520 μακρό⁴

2276 3544 2481 3610 θυμος.
2530 3542 2723 3610 Σαφῶς
2755 3541 2845 3594 διὰ
2869 3541 2977 3594 τῶν
3005 3542 3258 3594 τοιούτων
3293 3542 3590 3614 παρίστησι
3630 3541 3691 3594 τὸ
3738 3559 3844 3612 μα-

2278 3630 2552 3702 κρόουμον
2570 3632 2663 3683 τοῦ
2690 3631 2845 3694 Θεοῦ,
2893 3617 3158 3702 ἀναϐολὴν
3195 3634 3294 3702 μὲν
3329 3634 3544 3704 ἔχοντος
3572 3633 3672 3702 τῆς
3706 3635 3848 3703 ἡμε-

2279 3724 2442 3794 τέρας
2468 3724 2758 3787 κολάσεως,
2793 3727 2853 3776 ού
2892 3726 2996 3796 μὴν
3025 3725 3262 3795 παντελῆ
3287 3725 3634 3796 συγγνώμην.

2357 3815 2430 3868 Τὰ
2461 3815 2619 3881 ,ϐέλη
2658 3815 2842 3868 αὐτοῦ
2897 3816 3018 3881 τοῖς
3066 3816 3401 3885 καιομένοις
3433 3816 3841 3884 ἐξειργάσατο.

2282 3908 2418 3978 Βέλη
2462 3908 2560 3979 μὲν
2593 3909 2692 3978 τὴν
2732 3908 2998 3979 τιμωρίαν
3042 3909 3234 3980 φησὶν,
3266 3909 3600 3978 καιομένοις
3641 3909 3696 3961 δὲ
3733 3911 3848 3972 τοῖς

2281 3999 2447 4066 ἀξίοις
2485 4000 2674 4069 πυρός.

2363 4091 2506 4144 Ἰδοὺ
2533 4091 2829 4157 ιί›δι’νησεν
2855 4091 3112 4145 ἀδικίαν.
3153 4093 3209 4145 '0
3227 4093 3420 4163 ἐχθρὸς
3442 4093 3539 4162 τῆς
3571 4093 3848 4165 ἡμετέρας

2283 4183 2442 4253 ζωῆς.
2479 4182 2776 4237 Συνέλαὸε
2805 4187 2994 4237 πόνον
3019 4184 3117 4236 καὶ
3136 4184 3338 4236 ἔτεκεν
3364 4185 3638 4252 ἀνομίαν.
3675 4185 3814 4237 Τουτ
3841 4217 3846 4221 -

2283 4272 2397 4326 ἐστι
2427 4275 2519 4326 καὶ
2548 4273 2891 4343 βεϐούλευται
2921 4278 3012 4328 καὶ
3040 4278 3118 4340 εἰς
3136 4277 3292 4348 ἔργον
3326 4278 3560 4350 ἐξήγαγε
3589 4268 3657 4331 τὰ
3681 4278 3851 4349 σκέμ-

2287 4379 2449 4433 ματα.

2354 4453 2593 4508 Λάκκον
2618 4453 2808 4522 ὤρυξε
2833 4455 2928 4506 καὶ
2971 4455 3322 4524 ἀνέσκαψεν
3363 4457 3570 4510 αὐτόν.
3611 4456 3849 4510 Θάνατον

625 4561 957 4618 Salvatorem
1002 4557 1276 4610 Christum
1306 4564 1535 4609 mortem
1571 4559 1838 4623 parasset,
1869 4548 2031 4601 morti
2068 4545 2168 4613 ipse

2287 4548 2394 4618 γὰρ
2423 4547 2838 4610 κατασκευάσας
2872 4548 3008 4600 κατᾶ
3048 4548 3140 4600 τοῦ
3180 4549 3429 4620 Σωτῆρος
3458 4548 3692 4619 Χριστοῦ
3713 4590 3727 4613 ,
3757 4548 3852 4602 θα-

626 4653 858 4708 traditus
888 4660 994 4706 est.

810 4742 874 4796 In
903 4743 1076 4806 linem,
1109 4757 1200 4808 pro
1227 4738 1597 4801 torcularibus,
1628 4729 1963 4787 PSALMUS

1192 4831 1379 4884 David.
1425 4827 1589 4882 VIII.

1183 4921 1222 4972 Λ
1235 4932 1583 4990 rgumentum.

623 5017 762 5074 Olim
795 5016 847 5069 in
877 5015 1030 5086 legali
1059 5016 1203 5070 cultu
1223 5052 1236 5075 ,
1266 5013 1318 5064 in
1351 5011 1550 5079 templo
1580 5017 1696 5062 erat
1727 5005 2011 5076 προλήνιον
2041 5017 2095 5070 q.
2129 5000 2182 5053 d.

694 5107 1065 5178 protorcular,
1118 5105 1169 5157 id
1223 5115 1306 5157 cst
1364 5102 1576 5155 altare:
1631 5098 1723 5151 sed
1774 5103 1896 5167 post
1942 5093 2182 5164 gentium

695 5199 1050 5262 vocationem,
1083 5197 1246 5250 multa
1296 5202 1424 5249 sunt
1469 5191 1783 5250 toreularia,
1815 5189 1945 5256 ipsae
1975 5185 2183 5240 scilicet

694 5292 967 5357 Ecclesiae,
1019 5289 1225 5342 fructus
1271 5301 1460 5342 eorum
1509 5284 1602 5353 qui
1657 5284 1740 5350 pie
1771 5281 1961 5332 vivunt
2010 5279 2184 5347 perci-

697 5382 924 5451 pientes.

695 5471 786 5544 [Ia
832 5473 984 5540 ﬁnem
1026 5471 1230 5525 dictum
1279 5475 1382 5529 est,
1434 5465 1563 5534 quia
1612 5464 1665 5516 in
1719 5462 1825 5515 line
1855 5459 2178 5515 saeculorum

623 5562 914 5618 terminum
969 5562 1168 5616 habent
1213 5574 1273 5613 ea
1315 5572 1433 5625 quze
1467 5555 1783 5624 prophetico
1819 5552 2012 5620 spiritu
2045 5564 2182 5618 pra:-

625 5654 765 5708 dicta
797 5661 940 5707 sunt.
970 5650 1043 5706 De
1075 5652 1288 5704 Christo
1315 5661 1548 5718 namque
1581 5656 1635 5699 et
1669 5645 1734 5698 de
1771 5642 2025 5696 Ecclesiis
2061 5654 2183 5710 quae

627 5745 918 5800 secundum
983 5744 1408 5799 incarnationem
1466 5737 1819 5797 exstiterunt,
1879 5748 2182 5788 sermonem

2288 4637 2432 4708 νάτῳ
2465 4637 2835 4709 παραδίδοται.

2461 4732 2566 4794 Εἰς
2591 4730 2652 4781 τὸ
2681 4729 2873 4799 τέλος,
2908 4728 3059 4800 ὑπὲρ
3090 4729 3549 4801 ληνῶν,ξΨΑΛΜ
3555 4734 3644 4784 ΟΣ

2862 4823 2940 4888 τῷ
2972 4822 3170 4875 Δαυΐδ.
3200 4825 3286 4876 II’.

2919 4914 3238 4976 Ὑπόθεονις.

2289 5008 2460 5062 Πάλαι
2497 5007 2595 5078 μὲν
2630 5007 2687 5057 ὲν
2717 5007 2782 5075 τῇ
2813 5006 3010 5074 νομικῇ
3044 5003 3270 5073 λατρεία
3317 4999 3384 5075 ἦν
3431 5003 3487 5054 ἓν
3527 5001 3850 5073 προλήνιον,

2353 5098 2413 5151 τὸ
2437 5097 2816 5166 Θυσιαστήριον
2847 5093 3084 5164 δηλονότι
3106 5095 3163 5148 τὸ
3187 5098 3240 5148 ἐν
3258 5096 3333 5165 τῷ
3360 5093 3490 5163 ναῷ’
3522 5093 3658 5164 μετὰ
3683 5093 3735 5144 δὲ
3756 5092 3851 5162 τὴν

2358 5190 2464 5243 τῶν
2497 5188 2662 5241 ὲονῶν
2690 5188 2878 5256 κλῆσιν
2918 5187 3099 5239 πολλοὶ
3128 5188 3272 5258 ληνοί
3298 5204 3311 5215 ⁸
3339 5183 3497 5239 αῦται
3529 5186 3584 5238 δὲ
3641 5185 3705 5238 ἂν
3745 5179 3851 5235 εἷεν

2361 5280 2416 5332 αἱ
2461 5277 2794 5346 Ἐκκλησίαι,
2830 5279 2883 5328 αἱ
2917 5277 3042 5339 τοὺς
3071 5279 3188 5330 τῶν·
3208 5276 3612 5346 κατορθούντων
3655 5277 3711 5326 ὲν
3738 5273 3851 5326 Oeo-

2364 5367 2546 5436 σεϐείᾳ
2577 5367 2858 5435 δεχόμεναι
2886 5367 3151 5438 καρπούς.

2362 5459 2491 5531 [Εἰς
2513 5461 2575 5512 τὸ
2595 5458 2766 5524 τέλος
2799 5459 3032 5528 εἴρηται,
3050 5459 3136 5511 διὰ
3151 5458 3209 5511 τὸ
3225 5458 3316 5511 ἐπὶ
3341 5457 3483 5510 τέλει
3513 5455 3619 5509 τῶν
3646 5454 3852 5508 αἰώνων

2289 5551 2462 5618 πέρας
2508 5552 2650 5617 σχεῖν
2702 5549 2769 5601 τά
2809 5549 3277 5619 προφητεύόμενα.
3309 5549 3441 5619 Περὶ
3471 5547 3704 5617 Χριστοῦ
3747 5545 3851 5615 γὰρ

2294 5640 2390 5692 καὶ
2423 5638 2529 5690 τῶν
2578 5638 2826 5709 μετὰτὴν
2870 5637 3277 5710 ὲν-ανθρώπησιν
3311 5637 3457 5706 λέγει
3497 5636 3847 5704 Ἐκκλησιῶν.

2308 5732 2458 5785 Ἐπεί
2511 5748 2572 5793 γε
2610 5731 2702 5800 κα).
2745 5732 2774 5782 ὁ
2826 5730 3133 5790 Μονογενὴς
3172 5729 3411 5787 ἄμπελος
3457 5728 3752 5789 κέκληται,
3778 5727 3850 5803 ,οἱ
