4032 6436
126 413 188 473 si
1259 400 1617 456 exeosmo
1658 401 1720 455 lN
1761 395 2089 454 PSALMUM
2139 391 2266 449 vni.
2724 375 2731 382 '
3287 386 3357 440 ει

128 536 181 587 δὲ
210 533 395 587 πιστοὶ
435 531 706 600 κλήματα.
741 527 802 579 Εἰ
839 526 893 578 δέ
939 526 1181 595 βιάζεται
1227 526 1255 576 ὁ
1307 525 1577 590 Ἰουδαῖος,
1620 525 1738 585 εἰςλ

1841 521 1980 573 abet.
2044 511 2493 582 Quandoquidem
2558 505 2884 576 Unigenilus
2949 502 3117 564 vitis,
3174 500 3356 556 ﬁdeles

131 626 216 680 τὸν
265 625 445 678 κοινὸν
497 623 585 675 τὸν
634 619 844 689 ψαλμὸν
909 617 1164 685 λέγεσθαι
1221 617 1542 686 ἄνθρωπον·
1611 615 1704 668 καὶ

130 718 302 778 αὔτως
353 715 594 782 γνωστὸν
644 713 818 775 ἔστω,
868 711 941 774 ὡς
982 711 1069 764 δια
1115 709 1271 761 τοῦτο
1319 707 1494 761 πάντα
1558 705 1706 775 αὐτῷ

134 807 406 876 ὑπετάγη,
454 804 529 867 ὡς
581 805 637 856 ἐν
681 802 847 855 εἰκόνι
883 801 1017 853 Θεοῦ
1052 799 1299 868 γεγονότι
1341 797 1431 849 τοῦ
1494 797 1709 866 μέλλον-

133 917 220 962 τος
251 897 412 951 ἐνανθ
421 895 724 967 pentina]

205 1077 386 1142 Κύριε
416 1077 446 1128 ό
477 1074 688 1140 Κύριος
721 1071 885 1139 ἡμῶν
905 1109 919 1133 ,
951 1070 1030 1134 ὡς
1057 1068 1400 1136 θαυμαστὸν
1425 1067 1489 1119 τὸ
1526 1064 1712 1133 ὄνομά

138 1185 252 1221 σου
287 1168 356 1219 ὲν
385 1168 549 1231 πάσῃ
577 1162 649 1230 τῇ
688 1161 803 1230 τῇ]
837 1161 1227 1231 Ἐκπλήττεται
1258 1160 1356 1228 τὴν
1394 1160 1472 1220 εἰς
1508 1155 1713 1226 ἀνθρὼ-

141 1275 276 1320 πους
328 1254 574 1308 δοθεῖσαν
627 1254 829 1322 γνῶσιν
869 1252 963 1304 τοῦ
993 1252 1253 1321 ὀνόματος
1277 1249 1371 1302 τοῦ
1409 1248 1563 1302 Θεοῦ.
1601 1248 1714 1300 Οὐκ

141 1350 220 1400 ιτι
253 1348 365 1417 γὰρ
403 1347 584 1416 μόνοις
610 1347 722 1406 τοῖς
755 1347 811 1396 ἐν
838 1345 902 1413 τῇ
947 1341 1174 1410 Ἰουδαία
1204 1340 1441 1409 γνωστὸς
1471 1340 1499 1389 ὁ
1525 1337 1668 1400 Θεός.

224 1439 326 1490 Ἕκ
368 1437 664 1504 στόματος
705 1433 936 1500 νηπίων
967 1431 1064 1484 καὶ
1110 1428 1482 1496 θηλαζόντων
1507 1444 1716 1493 κατηρ-

142 1528 292 1579 τίσω
322 1521 513 1577 αἶνον.
550 1524 670 1576 Τῶν
705 1522 842 1574 κατὰ
876 1521 1007 1573 Θεὸν
1040 1518 1408 1588 νηπιαζόντων
1430 1519 1493 1587 τῇ
1527 1517 1713 1586 κακία.

146 1608 318 1670 Τοῦτο
349 1615 405 1667 δὲ
437 1615 530 1666 καὶ
558 1617 614 1667 ἐν
646 1615 756 1675 τοῖς
784 1609 1135 1678 Εὑαγγελίοις
1174 1608 1358 1676 σαφῶς
1407 1608 1718 1679 ἀναγέγρα-

147 1725 281 1761 πται
307 1705 543 1779 εἰρηκὼς
569 1707 596 1757 ὁ
623 1705 832 1775 Σωτὴρ,
867 1705 955 1756 ὅτε
983 1704 1108 1764 τοὺς
1142 1703 1336 1763 παῖδας
1367 1702 1414 1753 οἱ
1436 1701 1720 1770 Φαρισαῖοι

1806 625 1934 664 vero
1972 605 2220 677 palmites
2254 607 2516 654 vocantur
2545 596 2634 648 ⁷¹⁶.
2669 592 2822 659 Quod
2869 591 2914 645 si
2947 587 3235 644 contendat
3261 585 3359 641 Ju-

1806 704 1977 762 daaus,
2009 698 2274 766 psalmum
2309 693 2361 745 in
2395 687 2671 744 communi
2695 686 2760 739 de
2788 684 3004 737 homine
3029 681 3132 735 dici
3160 698 3175 744 ;
3201 679 3363 732 etiam

1808 794 1913 847 hoc
1934 800 2088 859 pacto
2121 797 2304 841 notum
2333 783 2422 845 sit,
2450 778 2593 850 quod
2621 778 2743 832 ideo
2771 776 2952 828 omnia
2987 772 3089 842 ipsi
3121 771 3359 838 subjecta

1810 893 1960 948 sunt,
2000 881 2125 950 quia
2165 878 2230 932 ad
2283 874 2570 943 imaginem
2603 869 2720 933 Dei,
2763 866 2858 935 qui
2905 879 3120 920 carnem
3156 876 3369 916 assum-

1811 989 2000 1046 pturus
2022 981 2160 1034 erat,
2197 969 2372 1023 factus
2400 963 2528 1034 cst.]

1880 1067 1934 1120 Ξ.
1984 1064 2202 1117 Domine
2240 1060 2497 1114 Dominus
2546 1062 2739 1117 noster,
2764 1065 2916 1120 quam
2952 1040 3262 1098 admirabile
3294 1047 3369 1093 est

1813 1176 1997 1214 nomen
2027 1167 2174 1210 tuum
2218 1155 2271 1206 in
2319 1151 2562 1205 universa
2594 1143 2777 1198 terra!
2806 1136 3152 1207 Obstupescit
3179 1134 3250 1188 ob
3277 1130 3374 1185 da-

1815 1262 1922 1306 tam
1974 1247 2209 1303 nominis
2261 1243 2353 1297 Dci
2405 1237 2718 1294 hominibus
2760 1233 3029 1287 notitiam.
3067 1227 3185 1280 Non
3234 1223 3374 1279 ultra

1815 1345 1960 1399 enim
1993 1339 2126 1393 solis
2156 1338 2222 1391 iis
2251 1335 2344 1404 qui
2378 1333 2431 1386 in
2470 1329 2653 1383 Iudaea
2683 1335 2810 1381 sunt
2843 1334 3004 1377 notus
3039 1327 3123 1372 est
3154 1316 3314 1370 Deus.

1887 1436 1939 1488 3.
1979 1431 2059 1484 Ea:
2086 1446 2174 1483 ore
2217 1425 2502 1495 infantium
2529 1431 2578 1473 et
2622 1417 2924 1471 lactentium
2962 1407 3227 1481 perfecisti
3255 1405 3376 1459 lau-

1818 1527 1955 1579 dem.
1988 1523 2186 1576 Eorum
2228 1518 2434 1572 scilicet
2479 1513 2573 1582 qui
2621 1523 2800 1564 coram
2839 1504 2946 1558 Deo
2990 1500 3223 1557 infantes
3255 1503 3382 1551 sunt

1820 1617 1998 1688 quoad
2051 1611 2335 1667 malitiam.
2389 1605 2502 1659 Hoc
2546 1613 2724 1657 autem
2764 1601 2816 1652 in
2866 1592 3166 1665 Evangeliis
3217 1588 3378 1643 etiam

1822 1682 2083 1776 scriptum
2118 1712 2202 1758 est
2227 1697 2513 1770 perspicue
2546 1693 2752 1748 dixisse
2800 1682 3218 1746 Salvatorem",
3255 1693 3378 1734 cum

149 1799 506 1868 ἐπεστόμιξρν
531 1795 883 1863 εὐλογοῦντας
907 1793 1087 1846 αὐτὸν.
1114 1793 1329 1845 Ἕνεκα
1356 1790 1473 1843 τῶν
1496 1789 1722 1858 ἐχθρῶν

1841 1771 2005 1853 )ueiis
2050 1796 2224 1864 ipsum
2269 1787 2614 1844 laudantibus
2641 1798 2702 1836 os
2739 1776 2996 1834 Pharisaei
3033 1771 3379 1829 obturabant.

149 1909 268 1945 σου
295 1857 398 1943 τοῦ
428 1857 762 1941 natalium
791 1886 1008 1956 ἐχθρὸν
1046 1885 1139 1938 καὶ
1167 1882 1507 1948 ἐκδικητὴν.
1530 1857 1604 1932 νἪ
1634 1879 1722 1932 τὸν

1841 1883 2048 1951 Propter
2079 1880 2321 1932 inimicos
2353 1886 2491 1938 tuos,
2518 1883 2574 1926 ut
2607 1871 2847 1924 destruas
2878 1863 3143 1918 inimicum
3172 1868 3220 1912 et
3250 1857 3386 1911 ulto-

151 1981 432 2051 αἰσθητὸν,
460 1981 492 2048 ἢ
526 1979 616 2032 τὸν
648 1949 858 2048 νοητὸν,
955 1978 1046 2028 τὸν
1097 1976 1221 2028 λαὸν
1266 1975 1356 2027 τὸν
1393 1973 1679 2027 Ἰουδαϊκόν
1707 1987 1720 1999 ⁸

1841 1990 1953 2026 τοι.
1999 1970 2109 2024 Aut
2143 1967 2478 2029 sensibiiem,
2523 1971 2612 2016 aut
2666 1955 3052 2027 intelligibilem
3107 1949 3384 2004 inimicum

152 2044 384 2143 ἤλαυνον
413 2044 520 2140 γὰρ
545 2070 619 2132 ὡς
640 2044 830 2139 ἐχθρὸν
874 2044 964 2120 τδν
1012 2067 1241 2137 Χριστόν
1259 2082 1272 2094 ·
1306 2062 1726 2136 προσεποιοῦντο

1841 2065 1920 2127 iit,
1969 2071 2062 2116 aut
2097 2059 2357 2130 populum
2416 2054 2724 2109 Iudaicum.
2769 2048 3045 2103 Clu-istum
3094 2044 3237 2096 enim
3287 2053 3388 2095 ceu

153 2164 210 2217 δὲ
231 2163 323 2215 τὸν
354 2161 574 2232 Πατέρα
616 2157 954 2220 ἐκδικοῦντες
987 2155 1144 2209 τοῦτο
1176 2157 1369 2208 ποιεῖν.
1416 2155 1513 2207 Διὰ
1547 2153 1722 2215 τοῦτο,

1841 2155 2110 2207 inimicum
2147 2150 2440 2220 pellebant,
2489 2156 2543 2200 et
2580 2141 2906 2199 simulabant
2936 2153 2995 2193 se
3042 2135 3218 2190 Patris
3264 2133 3394 2187 ulci-

154 2253 270 2307 ᾰνω
304 2252 397 2305 καὶ
417 2251 568 2304 κάτω
599 2249 802 2319 ταύτης
830 2248 1026 2310 αὐτοὺς
1054 2247 1370 2316 ἀποστερῶν
1406 2247 1505 2316 τῆς
1535 2245 1726 2298 ἀπολο-

1841 2244 2012 2298 scendi
2066 2241 2250 2294 animo
2303 2239 2352 2292 id
2388 2251 2580 2307 agere;
2631 2230 2982 2300 quamobrem
3036 2236 3094 2280 ut
3127 2239 3246 2277 eam
3282 2222 3390 2275 illis

155 2346 306 2412 γίας,
337 2345 520 2411 ἔλεγεν
541 2361 554 2373 ·
611 2342 673 2394 '0
704 2314 807 2410 ἐμὲ
834 2339 1030 2409 μισῶν
1077 2338 1176 2392 καὶ
1219 2314 1324 2390 τὸν
1347 2314 1577 2404 Πατέρα
1610 2353 1728 2404 μου

1841 2333 2199 2390 defensionem
2252 2328 2466 2398 penitus
2514 2324 2776 2378 adimeret
2806 2319 2984 2374 ait":
3017 2315 3119 2381 Qui
3151 2314 3259 2368 odit
3289 2327 3388 2376 me,

151 2433 339 2502 μισεῖ.
384 2431 626 2498 Ἐχθρὸν
652 2432 750 2484 καὶ
785 2428 1128 2496 ἐκδικητὴν,
1158 2427 1246 2480 τὸν
1280 2427 1520 2480 διάϐολον
1542 2425 1728 2496 δηλονο

158 2526 264 2578 ότι.
330 2523 581 2593 Ἐπειδὴ,
641 2521 778 2592 μετὰ
837 2521 897 2572 τὸ
946 2521 1247 2587 ἀναγκάσαι
1295 2518 1581 2588 πληρῶσαι
1634 2516 1731 2586 τὴν

159 2616 456 2688 ἁμαρτίαν,
495 2618 586 2669 καὶ
639 2616 960 2684 τιμωρεῖται
1013 2614 1136 2674 τοὺς
1187 2612 1632 2681 ἁμαρτάνοντας,
1673 2608 1734 2660 τὸ

165 2707 396 2792 μέγεθος
434 2708 615 2770 αὐτοῖς
639 2705 729 2758 τοῦ
767 2706 1156 2775 ἁμαρτήματος
1179 2703 1236 2754 ἐν
1264 2701 1558 2770 ὀφθαλμοῖς
1593 2717 1732 2770 παρ-

165 2791 352 2853 ιστὼν.
394 2799 465 2851 Ἦ
499 2799 588 2850 τὸν
619 2797 744 2850 λαὸν
774 2795 880 2848 τῶν
924 2793 1208 2856 Ἰουδαίων,
1251 2791 1446 2862 ἐχθρὸν
1494 2792 1591 2862 μὲν
1637 2791 1735 2860 τῆς

164 2890 441 2960 ἀληθείας,
468 2888 757 2958 ἐκδικητὴν
785 2887 840 2939 δέ
861 2886 936 2956 τῷ
959 2886 1130 2938 δοκεῖν
1159 2884 1391 2937 ἐκδικεῖν
1425 2882 1515 2935 τὸν
1549 2884 1733 2952 νόμον.

238 2983 359 3034 Ὀτι
389 2981 606 3048 ὄψομαι
636 2979 775 3043 τοὺς
801 2977 1094 3045 οίχρανοὺς
1114 2975 1256 3044 ἔργα
1285 2971 1402 3025 τῶν
1428 2971 1739 3024 δακτύλων

166 3090 302 3129 σου.
347 3073 571 3125 Ἐκεῖνοι
607 3072 704 3140 μὲν
756 3067 1119 3137 ἀγανακτοῦσι
1162 3065 1271 3118 τῶν
1292 3064 1499 3136 νηπίων
1534 3079 1737 3135 καταρ-

167 3165 423 3230 τιζόντων
449 3158 626 3216 αἶνον·
664 3160 774 3227 ἐγὼ
804 3160 860 3212 δὲ
891 3159 953 3212 τὸ
999 3157 1140 3210 οὕτω
1174 3158 1317 3227 μέγα
1355 3155 1447 3208 κα)⁵
1481 3153 1738 3226 περικαλ-

168 3253 280 3318 us.
310 3252 439 3312 τοὺς
471 3248 731 3319 οὺρινούς
766 3264 930 3317 φημιο
983 3245 1176 3317 μικράν
1219 3262 1270 3296 τι
1320 3244 1480 3315 ἔργον
1508 3244 1605 3312 τῆς
1637 3243 1736 3312 σῆς

169 3344 233 3415 δη
241 3341 554 3414 μηωργίας,
586 3338 795 3410 θεωρῶ.

249 3435 309 3487 Τί
350 3434 523 3485 ἐστιν
570 3431 879 3498 ἅνθρωπος
904 3469 917 3492 ,
964 3427 1052 3480 ὅτι
1097 3427 1406 3496 μιμνήσκῃ
1443 3421 1660 3487 αὺτοῦὶ
1700 3422 1738 3492 ἢ

174 3524 302 3588 υίὸς
333 3520 669 3589 ἀνθρώπου,
706 3520 793 3572 ὅτι
831 3517 1162 3583 ἐπισκέπτῃ
1193 3516 1379 3570 αὐτόν
1400 3530 1418 3577 ;
1462 3512 1741 3568 Ὴλάττω-

176 3631 291 3680 σας
343 3612 534 3666 αὑτὸν
580 3611 781 3678 βραχύ
817 3627 870 3661 τι
924 3609 1058 3674 παρ’
1097 3606 1407 3676 ἀγγέλους.
1435 3603 1616 3657 Ταῦτα
1647 3603 1742 3656 τοῦ

178 3705 392 3760 Παύλου
446 3703 632 3773 σαφῶς
674 3703 764 3754 ἐπὶ
814 3701 903 3753 τὸν
935 3699 1162 3770 Σωτῆρα
1188 3697 1342 3768 ἡμῶν
1371 3695 1742 3766 ἐξειληφότος,

177 3797 466 3869 ἀρκεῖσθαι
499 3799 564 3866 τῇ
589 3795 794 3848 ἐκδόσει
828 3793 953 3864 χρὴ.

248 3892 458 3948 Πάντα
495 3889 795 3954 ὑπέταξας
825 3886 1103 3944 ὑποκάτω
1139 3885 1257 3939 τῶν
1297 3883 1497 3938 ποδῶν
1539 3883 1745 3939 αὑτοῦ.

177 3984 364 4040 Εἰπὼν
394 3985 422 4035 ό
457 3981 586 4043 Θεός
609 3998 622 4010 ’
654 3981 1005 4048 Ποιήσωμεν
1037 3979 1347 4045 ἄνθρωπον
1390 3977 1516 4031 κατ’
1548 3978 1751 4031 εἰκόνα

181 4074 477 4145 ἡμετέραν
505 4073 601 4126 καὶ
630 4072 934 4140 ὁμοίωσιν,
965 4070 1238 4140 ἐπήγαγε’
1266 4068 1376 4122 Kal
1403 4068 1752 4137 ἀρχέτωσαν

180 4167 299 4223 τῶν
329 4166 551 4235 ἰχθύων
592 4163 700 4231 τῆς
731 4161 1064 4229 θαλάσσης,
1096 4161 1188 4214 καὶ
1230 4163 1339 4222 τοῖς
1373 4159 1579 4222 λοιποῖς
1611 4157 1752 4212 κατὰ

185 4261 354 4333 μέρος
385 4257 756 4328 ἐπεξέρχεται,
814 4248 894 4316 οἷς
950 4253 1225 4320 ἐπιλέγει·
1275 4249 1618 4314 Αὺξάνεσθε
1658 4247 1754 4302 καὶ

184 4350 567 4417 πληθύνεσθε
591 4346 686 4400 καὶ
735 4343 1086 4411 πληρώσατε
1112 4343 1224 4410 τὴν
1256 4341 1393 4411 γῆν,
1432 4342 1530 4394 καί
1574 4356 1754 4394 κατα-

186 4440 542 4508 κυριεύσατε
585 4434 799 4502 αὐτῆς·
849 4437 914 4505 τῇ
963 4433 1068 4504 γὰρ
1119 4433 1305 4504 λογικῇ
1347 4432 1524 4500 φύσει,
1567 4433 1640 4495 ὡς
1691 4431 1756 4484 ἂν

1831 2428 1939 2480 odit
1967 2435 2014 2479 et
2063 2423 2274 2476 Patrem
2306 2436 2493 2472 meum.
2528 2414 2809 2469 Inimicum
2839 2421 2886 2464 et
2920 2409 3166 2473 ultorem,
3200 2404 3391 2459 diabo—

1833 2520 1942 2573 lum
1979 2517 2128 2570 dicit.
2175 2513 2276 2578 Qui
2330 2521 2614 2581 postquam
2668 2502 2928 2573 compulit
2976 2500 3039 2554 ad
3083 2506 3390 2568 peccatum,

1834 2623 2025 2678 poenas
2077 2602 2457 2674 peccatoribus
2491 2598 2704 2666 inﬂigit,
2764 2591 2968 2664 pecnati
3015 2588 3274 2659 gravitate
3321 2585 3393 2639 ob

1833 2675 2024 2755 oculos
2052 2695 2186 2766 ipsis
2215 2693 2410 2763 posita.
2442 2691 2550 2742 Aut
2577 2687 2833 2756 populum
2889 2681 3223 2743 Iudaeorum,
3255 2675 3397 2731 veri-

1836 2791 1961 2845 tatis
1993 2787 2211 2859 quidem
2235 2781 2543 2846 inimicum;
2573 2780 2803 2832 ultorem
2834 2789 2983 2840 vero,
3010 2771 3138 2842 quia
3175 2768 3386 2824 videbao

1837 2892 1927 2936 tur
1955 2882 2128 2950 legem
2161 2877 2455 2931 vindicare.

1906 2973 1959 3025 4.
2000 2970 2261 3035 Quoniam
2311 2963 2490 3019 uidebo
2540 2960 2695 3014 caelos
2742 2967 2880 3021 tuos,
2907 2970 3063 3024 opera
3113 2950 3402 3021 digitorum

1843 3076 2074 3120 tuorum.
2125 3060 2481 3130 Indignamur
2531 3054 2607 3108 illi
2661 3049 2957 3105 infantibus
2989 3044 3199 3099 laudem
3239 3041 3400 3111 perit—

1841 3155 2132 3213 cientibus.
2187 3149 2324 3205 Illud
2370 3156 2550 3203 autem
2598 3149 2808 3198 tantum
2851 3147 3070 3207 tamque
3112 3133 3400 3205 pulchrum

1799 3241 1804 3245 ’
1840 3247 2140 3316 opificium,
2192 3241 2362 3297 cmlos
2393 3250 2606 3306 nempe.
2654 3248 2752 3301 ego
2804 3230 2896 3301 qui
2941 3243 3062 3284 sum
3107 3220 3400 3280 creationis

1841 3348 1946 3393 tuae
1968 3336 2223 3407 pusillum
2270 3347 2431 3401 opus,
2468 3326 2822 3392 contemplor.

1916 3403 1986 3485 Ei.—
2003 3427 2140 3493 Quid
2172 3433 2248 3479 est
2287 3423 2458 3484 homo,
2487 3419 2622 3490 quod
2654 3430 2848 3468 memor
2872 3428 2924 3464 es
2953 3410 3101 3479 ejus;
3135 3417 3223 3460 aut
3257 3403 3402 3474 [ilius

1844 3523 2090 3585 hominis,
2129 3519 2380 3590 quoniam
2409 3515 2590 3570 visitas
2620 3509 2783 3565 cum?
2819 3503 3060 3558 Minuisti
3086 3516 3203 3555 eum
3245 3495 3404 3568 paulo

1846 3617 2018 3668 minus
2053 3614 2117 3666 ab
2156 3610 2377 3681 angelis.
2422 3606 2611 3661 Isthmi:
2631 3601 2801 3655 Paulo
2833 3599 2897 3650 ad
2937 3594 3269 3649 Salvatorem
3308 3603 3408 3642 no-

1847 3717 2023 3763 strum
2057 3702 2328 3757 referente
2351 3699 2417 3763 ⁷⁵,
2449 3697 2497 3749 id
2527 3696 2592 3748 ad
2630 3688 3020 3758 expositionem
3049 3681 3180 3736 satis
3217 3689 3355 3731 esto.

1922 3881 1976 3935 8.
2013 3878 2206 3935 Omnia
2238 3870 2505 3942 subjeciin
2543 3868 2635 3922 sub
2674 3862 2890 3934 pedibus
2927 3856 3038 3920 eius
3073 3853 3204 3926 (17).
3250 3849 3408 3942 Post—

1851 3988 2012 4043 quam
2045 3970 2183 4024 dixit
2208 3940 2458 4021 Deus":
2497 3958 2780 4013 Faciamus
2820 3950 3076 4006 hominem
3105 3943 3172 3998 ad
3219 3940 3408 4010 imagi-

1852 4082 1966 4120 nem
1990 4074 2038 4118 et
2073 4059 2472 4115 similitudinem
2507 4060 2758 4110 nostram,
2783 4040 3018 4113 adjecit:
3051 4035 3116 4090 Et
3141 4033 3412 4088 dominon-

1856 4166 1943 4208 tur
1976 4149 2206 4221 piscibus
2238 4146 2422 4206 maris,
2459 4149 2513 4195 et
2560 4134 2805 4204 reliquis,
2855 4141 2976 4200 qua:
3022 4132 3273 4179 accurate
3322 4133 3409 4173 re-

1855 4209 2055 4302 censet.
2089 4240 2297 4308 Quibus
2325 4236 2487 4292 etiam
2515 4229 2646 4286 dicit
2664 4227 2709 4258 "
2738 4243 2751 4279 :
2790 4219 3016 4277 Crescite
3046 4223 3094 4269 et
3154 4209 3411 4280 multipli-

1854 4336 2048 4394 camini
2077 4303 2133 4388 εἶ
2154 4332 2340 4400 replete
2370 4338 2586 4388 terram,
2623 4329 2670 4374 et
2699 4309 3044 4371 dominamini
3089 4306 3192 4360 illi.
3223 4303 3412 4358 Ratio.

1857 4393 2022 4484 nabili
2059 4393 2257 4496 quippe
2295 4432 2523 4480 naturae,
2553 4419 2740 4483 utpote
2765 4407 2831 4462 ad
2875 4399 3286 4458 similitudinem
3319 4393 3413 4448 Dei

186 4487 516 4603 ὡμοιωμένῃ
541 4527 679 4597 Θεῷ,
818 4487 956 4579 κατὰ
976 4487 1201 4579 στάντων.
1425 4487 1733 4596 ἐδωρήσατο

1860 4521 2109 4582 conditae,
2145 4514 2385 4571 omnium
2420 4521 2600 4562 rerum
2639 4497 2924 4570 imperium
2973 4489 3212 4546 tradidit.
3247 4487 3414 4538 Acce-

2301 4604 2331 4609 ··
2377 4601 2387 4609 ·
2508 4598 2518 4607 ο
2652 4594 2662 4604 ο
2711 4591 2752 4609 ε-
2785 4588 2980 4609 “2-.--.-
3041 4591 3092 4609 ..ι
3146 4593 3235 4609 ..ιη
3291 4590 3414 4609 nm‘

189 4626 299 4678 Καὶ
334 4622 561 4691 δύναμιν
607 4622 634 4672 ὁ
663 4619 945 4690 ἄνθρωπος
985 4617 1162 4671 λαϐὼν
1187 4618 1286 4687 τῆς
1318 4619 1502 4688 θεῖκῆς
1527 4619 1753 4682 εἰκόνος,

189 4716 266 4780 ὡς
310 4714 558 4785 βασιλεὺς
606 4712 857 4766 ἁπάντων
901 4711 1047 4762 ἐστὶν
1075 4712 1104 4762 ὁ
1134 4710 1297 4776 Θεὸς,
1347 4710 1520 4773 οὕτως
1572 4710 1755 4781 ἄρχων

193 4805 432 4872 κατέστη
463 4802 570 4855 τῶν
601 4803 693 4854 ἐπὶ
723 4802 845 4871 γῆς.
881 4800 940 4852 Ei
961 4800 1017 4852 δὲ
1053 4799 1352 4862 καθολικῶς
1375 4800 1614 4870 εἴρηται·
1647 4799 1759 4852 Καὶ

193 4897 570 4962 κατέστησας
596 4893 782 4949 αὐτὸν
807 4893 904 4945 ἐπὶ
939 4890 1011 4943 τὰ
1036 4893 1178 4959 ἔργα
1217 4890 1334 4944 τῶν
1367 4891 1578 4959 χειρῶν
1606 4908 1721 4945 σου
1745 4933 1759 4956 ,

194 4988 348 5056 λέγει
371 4982 706 5055 δέὰλλαχοῦ,
740 4982 851 5036 Καὶ
882 4983 1024 5052 ἔργα
1061 4983 1179 5036 τῶν
1208 4982 1419 5051 χειρῶν
1444 4999 1558 5036 σου
1604 4983 1762 5036 εἰσὶν

196 5083 252 5134 οὶ
277 5081 523 5145 οὐρανοί
537 5095 550 5108 ο
575 5077 733 5146 δῆλον
774 5074 848 5137 ὠς
871 5074 962 5126 ἐπὶ
981 5075 1104 5138 τοὺς
1132 5075 1394 5142 οὐρανοὺς
1431 5075 1759 5142 κατέστησεν

198 5170 384 5236 αὑτὸν,
417 5171 511 5222 καὶ
542 5171 749 5240 μήποτε
791 5168 1117 5237 ἁπορῤήτως
1153 5168 1252 5246 τὴν
1299 5168 1355 5219 ἐν
1388 5169 1632 5236 οὐρανοῖς
1663 5183 1761 5234 ση-

203 5265 386 5335 μαίνει
413 5260 691 5333 διατριὸὴν
724 5260 830 5312 τῶν
858 5259 1087 5328 ἁπὸαγῆς
1123 5261 1298 5312 ἐκεῖσε
1335 5260 1762 5330 μεθισταμένων,

201 5354 292 5407 ὅτι
340 5351 589 5422 μέλλουσι
640 5347 907 5418 βασιλείαν
959 5347 1199 5417 οὐρανῶν
1243 5347 1591 5418 κληρονομεῖν
1617 5389 1630 5412 ,
1687 5347 1763 5411 ὡς

203 5440 558 5513 ἐπήγγελται.
591 5441 748 5507 Λέγει
770 5439 826 5490 δὲ
852 5437 945 5490 καὶ
978 5437 1184 5501 Παῦλος
1204 5453 1217 5467 ο
1263 5439 1625 5507 Κληρονόμοι
1653 5436 1765 5507 μὲν

1862 4621 2057 4682 ptaque
2092 4610 2252 4661 homo
2283 4601 2477 4656 divinae
2508 4591 2756 4662 imaginis
2785 4588 3001 4651 virtute,
3041 4591 3099 4636 ut
3146 4593 3239 4633 rex
3291 4590 3416 4631 om-

1862 4706 2012 4759 nium
2070 4712 2153 4754 est
2218 4695 2381 4755 Deus,
2446 4693 2518 4746 ita
2580 4690 2743 4742 homo
2793 4692 3127 4756 terrenorum
3173 4671 3412 4726 omnium

1865 4796 2196 4853 constitutus
2215 4800 2297 4846 est
2326 4789 2596 4859 princeps.
2632 4779 2787 4847 Quod
2822 4776 2868 4832 si
2897 4775 2950 4828 in
2996 4771 3306 4826 universum
3334 4764 3416 4818 di-

1865 4900 2018 4946 catur
2044 4905 2057 4940 :
2087 4884 2152 4938 Et
2183 4878 2501 4938 constituisti
2531 4890 2646 4930 eum
2668 4885 2821 4939 super
2845 4881 3001 4935 opera
3027 4874 3274 4915 manuum
3304 4867 3418 4908 tua-

1868 4997 2022 5044 rum;
2057 4981 2291 5046 itemque
2324 4974 2430 5028 alio
2453 4971 2571 5023 loco
2600 4967 2744 5020 dicat
2766 4962 2853 5014 ττι
2887 4957 2954 5012 Et
2979 4970 3134 5025 opera
3170 4963 3416 5004 manuum

1871 5082 2075 5125 tuarum
2111 5078 2229 5122 sunt
2261 5064 2398 5126 caeli,
2423 5062 2596 5131 palam
2625 5068 2707 5112 est
2732 5050 2875 5123 quod
2901 5063 3063 5119 super
3104 5042 3268 5098 caelos
3297 5053 3421 5094 con-

1869 5161 2106 5219 stituerit
2135 5173 2280 5221 eum,
2309 5170 2407 5210 nec
2435 5154 2662 5207 latenter
2694 5142 2870 5200 innuit
2907 5140 2962 5194 in
2997 5134 3148 5193 caelis
3181 5143 3416 5187 commoo

1869 5257 2136 5310 rationem
2167 5249 2282 5305 fore
2313 5261 2501 5303 eorum
2527 5242 2619 5313 qui
2665 5254 2696 5292 a
2741 5246 2884 5292 terra
2917 5231 3044 5285 illuc
3083 5220 3417 5281 transferun-

1874 5355 1980 5410 tur,
2006 5343 2224 5414 quando
2257 5337 2405 5410 regni
2441 5311 2702 5392 calorum
2747 5323 3112 5382 [nereditatem
3149 5311 3418 5382 accepturi

1873 5399 2041 5501 sunt;
2075 5435 2151 5490 uti
2203 5399 2530 5504 promissum
2580 5424 2700 5480 fuit.
2748 5417 2886 5474 Dicit
2928 5426 3056 5468 vero
3107 5405 3304 5461 Paulus
3330 5399 3415 5451 "';

358 5617 426 5646 n-
449 5615 604 5670 δοεη,
639 5627 724 5680 ιν,
760 5615 810 5668 5.
863 5616 906 5646 ⁷⁸
928 5614 1114 5671 Matth.
1144 5629 1257 5677 xxi,
1289 5613 1370 5667 l6.
1446 5613 1490 5644 ⁷³
1510 5612 1665 5668 Joan.
1716 5630 1738 5667 ι

1841 5613 1929 5668 25.
2014 5613 2060 5644 ⁷⁸
2081 5596 2240 5668 Hebr.
2282 5625 2342 5675 ιι,
2373 5607 2426 5672 6,
2463 5607 2516 5662 'l.
2591 5603 2636 5636 "
2657 5599 2791 5657 Gen.
2854 5614 2893 5662 ι,
2921 5592 3010 5647 26.
3083 5588 3130 5620 "
3152 5580 3286 5641 ibid.
3327 5577 3420 5636 28.

208 5687 254 5720 τ’
275 5685 420 5742 Psal.
444 5701 517 5749 τι,
554 5687 644 5740 36.
717 5687 762 5718 "
789 5687 945 5740 Rom.
980 5702 1096 5750 vui,
1127 5685 1210 5739 Π.

288 5797 402 5871 (i7)
435 5795 554 5853 Haec
584 5798 848 5870 expositio
871 5797 1013 5869 apud
1043 5797 1175 5853 Dan.
1201 5795 1518 5858 Barbarum,
1549 5788 1769 5845 Eusebii
1809 5787 2025 5843 dicitur.
