4032 6444
638 418 708 474 85
1486 409 1544 465 S.
1584 405 1953 463 ATHANASII
1994 401 2146 460 OPP.
2180 397 2359 454 PARS
2399 398 2486 452 Ill.
2523 426 2592 438 —
2628 390 3039 447 ΕΧΕϐΕΤΙΒΑ.
3795 384 3870 440 86

637 529 881 586 Heredes
904 527 1110 597 quidem
1143 526 1257 589 Dei,
1299 523 1589 577 coliaredes
1619 534 1794 575 autem
1843 519 2061 572 Christi.
2114 515 2191 569 Eo

2295 510 2463 572 Θεοῦ,
2491 506 2971 574 συγκληρονόμοι
3014 502 3082 555 δὲ
3113 500 3391 570 Χριστοῦ.
3437 497 3619 562 Οὕτως
3656 498 3753 551 καὶ
3778 494 3865 562 τὸ,

634 622 791 690 plane
822 617 983 671 modo
1011 614 1413 683 intelligendum
1449 608 1578 665 illud
1619 618 1701 663 est
1730 627 1743 661 :
1779 606 1972 662 Omnia
2019 603 2195 672 subje-

633 713 750 766 cisti
781 710 875 764 sub
905 708 1115 771 pedibus
1168 707 1301 773 ejus.
1352 703 1420 757 Et
1452 716 1598 756 nunc
1624 699 1844 769 quidem
1885 696 2140 752 animalia
2175 713 2189 749 :

631 799 725 855 sed
749 796 877 868 quia
917 797 1023 849 vita
1068 795 1324 864 angelica!
1358 807 1454 862 par
1492 791 1543 843 in
1572 790 1711 844 coelo
1758 788 2074 843 hominibus
2109 801 2193 841 re-

629 890 803 960 posita
835 898 916 942 est
946 928 962 949 .
998 902 1120 942 cum
1173 886 1247 939 ibi
1293 886 1621 940 constitutus
1663 882 1767 935 erit
1820 895 1982 948 super
2031 892 2191 947 opera

631 996 887 1035 manuum
922 980 1063 1049 ejus,
1104 979 1365 1034 caelorum
1415 987 1469 1031 et
1515 976 1761 1031 omnium
1813 987 1934 1042 quae
1979 972 2033 1026 in
2086 970 2192 1025 illis

631 1085 757 1129 sunt
804 1072 1110 1142 speculator
1155 1071 1278 1124 erit.
1336 1068 1533 1123 Beatus
1602 1074 1782 1121 autem
1833 1063 2034 1118 Paulus
2089 1062 2193 1117 hoc

631 1166 791 1220 etiam
820 1166 886 1219 de
919 1162 1198 1217 Salvatore
1225 1163 1433 1230 accepit
1452 1162 1521 1218 ".
1552 1168 1611 1214 ut
1643 1158 1884 1212 futurum
1912 1157 1965 1210 in
1994 1154 2192 1211 saeculo

630 1266 877 1309 venturo.
910 1253 1087 1320 Quare
1112 1255 1187 1309 ait
1218 1254 1293 1308 illi
1327 1252 1486 1307 Pater
1513 1269 1525 1305 :
1573 1249 1707 1307 Sede
1733 1266 1764 1303 a
1795 1248 1992 1303 dextris
2038 1248 2188 1311 meis,

630 1352 792 1401 donec
836 1362 1026 1415 ponam
1072 1347 1311 1398 inimicos
1362 1354 1476 1396 tuos
1528 1340 1811 1396 scubellum
1855 1341 2043 1409 pedum
2075 1348 2191 1391 tuo-

632 1457 749 1495 rum
771 1440 837 1491 ".
875 1437 1002 1493 Oves
1044 1450 1092 1492 et
1127 1439 1274 1492 bores
1302 1439 1587 1492 universas.
1629 1434 1725 1490 His
1777 1434 2066 1489 adumbrat
2097 1446 2190 1487 eos

631 1531 724 1600 qui
747 1529 1093 1585 crediderunt
1118 1544 1183 1583 ex
1218 1529 1403 1583 Israel.
1445 1527 1668 1597 Insuper
1694 1537 1742 1580 et
1782 1541 1969 1596 pecora
1998 1524 2187 1591 campi.

630 1622 726 1677 His
754 1635 938 1692 gentes
972 1620 1194 1677 indicat.
1230 1619 1480 1674 Valucres
1506 1619 1643 1682 coeli,
1673 1632 1768 1673 eos
1812 1616 1945 1671 dicit
1989 1614 2084 1683 qui
2135 1612 2188 1668 in

628 1716 737 1769 vita
772 1728 872 1769 sua
900 1713 1023 1768 elati
1052 1722 1105 1768 et
1153 1714 1372 1783 superbi
1424 1720 1571 1775 sunt,
1621 1709 1715 1780 qui
1761 1709 1865 1763 alte
1926 1706 2184 1771 sentiunt,

631 1803 878 1860 homines
906 1804 1195 1858 admodum
1233 1802 1569 1871 insipientes.

2295 600 2497 655 Πάντα
2524 598 2824 662 ὑπέταξας
2848 593 3125 652 ὑποκάτω
3153 591 3271 646 τῶν
3294 590 3494 646 ποδῶν
3506 587 3717 653 αὐτοῦ,
3740 605 3869 656 νοη-

2293 692 2430 745 τέον.
2451 688 2564 743 Νῦν
2592 690 2687 759 μὲν
2708 690 2774 742 τὰ
2800 687 2916 750 ζῶα
2935 702 2949 717 ·
2976 683 3165 755 ἐπειδὴ
3192 684 3248 737 δὲ
3279 684 3394 754 βίος
3419 680 3702 751 ίσάγγελος
3724 679 3868 734 ἀπό-

2294 799 2469 837 κειται
2494 785 2605 844 τοῖς
2640 778 2943 851 ἀνθρώποις
2978 781 3035 831 ὲν
3066 776 3302 847 οὐρανῷ.
3327 778 3442 829 ἐκεῖ
3470 773 3747 837 καταστὰς
3772 773 3869 826 ἐπὶ

2290 874 2360 927 τὰ
2416 874 2553 943 ἔργα
2583 873 2692 926 τῶν
2722 871 2920 943 χειρῶν
2971 870 3156 933 αὐτοῦ,
3193 867 3394 940 θεωρὸς
3422 866 3665 939 οὐρανῶν
3712 865 3868 919 εσται

2292 967 2387 1034 καὶ
2415 966 2523 1017 τῶν
2553 968 2611 1018 ὲν
2636 966 2837 1026 αὐτοῖς.
2886 962 2943 1015 '0
2974 962 3031 1014 δὲ
3059 961 3323 1033 μακάριος
3356 959 3567 1023 Παῦλος
3598 956 3869 1011 καὶτοῦτο

2294 1058 2421 1128 περὶ
2447 1056 2539 1109 τοῦ
2576 1056 2825 1126 Σωτῆρος
2851 1053 3101 1119 ἐξέλαϐεν
3128 1056 3184 1107 ὲν
3214 1052 3370 1107 αίῶνι
3394 1050 3471 1122 τῷ
3498 1050 3745 1122 μέλλοντι
3773 1066 3869 1118 γε·

2292 1149 2614 1219 νησόμενον.
2669 1146 2760 1198 Διό
2794 1163 2925 1216 φησι
2966 1144 3102 1215 πρὸς
3138 1144 3298 1197 αὑτὸν
3330 1144 3359 1195 ὁ
3387 1143 3609 1213 Πατήρο
3662 1139 3866 1195 Κάθου

2291 1241 2359 1293 ἐκ
2385 1237 2597 1302 δεξιῶν
2613 1254 2753 1306 μου,
2788 1236 2897 1301 ἕως
2916 1235 2991 1289 ἂν
3017 1233 3097 1287 θῶ
3122 1232 3265 1299 τοὺς
3291 1233 3542 1303 ἐχθρούς
3575 1246 3693 1285 σου
3717 1232 3866 1285 ὐπο-

2291 1330 2500 1385 πόδιον
2529 1327 2648 1381 τῶν
2669 1326 2869 1382 ποδῶν
2906 1342 3043 1380 σου.
3078 1326 3350 1394 Πρόϐατα
3397 1324 3493 1378 καί
3519 1322 3677 1389 ,ϐόας
3703 1322 3864 1377 ἀπά-

2291 1439 2426 1487 σας.
2464 1422 2600 1484 Τοὺς
2632 1420 2690 1484 ἐξ
2732 1418 2947 1491 Ἰσραὴλ
2988 1416 3344 1479 πιστεύοντας
3386 1415 3704 1470 αἰνίττεται.
3740 1417 3866 1469 Ἐ’τι

2291 1515 2358 1568 δὲ
2402 1515 2500 1568 καὶ
2533 1515 2604 1568 τὰ
2644 1513 2833 1583 κτήνη
2874 1512 2980 1567 τοῦ
3012 1511 3243 1568 πεδίου.
3272 1509 3370 1563 Διά
3388 1509 3594 1563 τούτων
3629 1509 3699 1562 τὰ
3733 1508 3862 1579 ῑθνη

2290 1607 2458 1679 δηλοῖ.
2500 1608 2574 1662 Τὰ
2602 1606 2840 1660 πετεινὰ
2871 1605 2979 1660 τοῦ
3026 1603 3307 1673 οὐρανοῦ,
3363 1604 3487 1665 τοὺς
3516 1600 3865 1673 ἐπηρμένους

2290 1699 2433 1752 κατὰ
2454 1698 2545 1752 τὸν
2575 1698 2688 1768 βίον
2711 1697 2804 1750 καὶ
2835 1696 2905 1750 τὰ
2936 1695 3116 1766 ὑψηλὰ
3140 1692 3489 1763 φρονοῦντας,
3507 1692 3634 1754 τοὺς
3658 1689 3865 1759 ἀλογω-

2289 1790 2504 1854 τάτους.

702 1892 787 1948 10.
821 1894 1040 1947 Domine
1073 1892 1325 1946 Dominus
1351 1900 1543 1954 noster,
1571 1907 1725 1961 quam
1772 1889 2087 1943 admirabile
2111 1898 2185 1942 est

2364 1852 2540 1949 Κύριε
2572 1883 2605 1934 ό
2626 1881 2841 1949 Κύριος
2865 1878 3053 1949 ήμῶν,
3084 1879 3165 1941 ὠς
3185 1873 3533 1946 θαυμαστὸν
3577 1873 3645 1928 τὸ
3674 1872 3865 1941 ὄνομά

629 2001 811 2039 nomen
845 1994 991 2038 tuum
1013 1986 1065 2037 in
1094 1985 1338 2039 universa
1366 1983 1548 2036 terra!
1580 1982 1791 2052 Repetit
1817 1981 1969 2047 illud,
2016 1979 2190 2035 admi-

629 2078 841 2131 ratione
876 2075 1234 2145 stupefactus,
1266 2076 1344 2129 uti
1393 2076 1505 2145 jam
1537 2074 1671 2138 dixi,
1702 2074 1772 2128 ob
1800 2074 1979 2128 datam
2014 2072 2190 2126 homi-

630 2165 790 2221 nibus
819 2166 910 2220 Dci
944 2168 1331 2237 cognitionem.

797 2258 862 2314 In
892 2261 1066 2329 liuent,
1094 2277 1187 2329 pro
1216 2259 1433 2313 occultis
1464 2258 1586 2327 ﬁlii,
1618 2254 1958 2313 PSALMUS

1260 2348 1446 2402 David.
1484 2347 1587 2401 IX.

1233 2442 1626 2508 Argumentum.

630 2531 741 2590 Hoc
770 2534 978 2604 psalmo
1030 2549 1093 2589 ea
1138 2534 1377 2589 declarat
1425 2549 1547 2604 qua:
1583 2533 1812 2588 latenter
1842 2548 1872 2586 a
1912 2530 2191 2586 Salvatce

700 2625 845 2680 facta
869 2635 1013 2681 sunt.
1053 2625 1217 2681 Multa
1247 2636 1427 2681 autem
1461 2627 1553 2681 illa
1579 2635 1735 2681 erant
1765 2626 1975 2682 occulte
2007 2632 2185 2696 gesta:

698 2715 964 2773 Nativitas
988 2718 1193 2773 scilicet
1218 2719 1515 2774 secundum
1541 2732 1760 2773 carnem
1791 2732 1857 2771 ex
1884 2716 2052 2770 Maria
2074 2715 2191 2769 Vir-

694 2808 817 2877 gine
847 2823 942 2877 per
984 2806 1245 2877 Spiritum
1289 2817 1574 2863 sanctum:
1608 2805 1884 2875 stupenda:
1913 2819 1977 2859 ac
2023 2804 2190 2857 mira-

701 2900 844 2955 culis
892 2900 1130 2969 insignes
1157 2894 1421 2955 virtutes:
1472 2914 1619 2954 mors
1660 2899 1774 2968 ipsa
1807 2913 1869 2952 ac
1896 2898 2189 2953 descensus

701 2988 756 3042 in
787 2986 1081 3055 infernum,
1109 2989 1434 3044 resurrectio
1454 2989 1671 3044 demum
1694 3003 1759 3043 ex
1786 2988 2032 3042 mortuis.
2064 2984 2189 3041 Haec

697 3079 895 3150 quippe
922 3080 1104 3134 omnia
1134 3081 1347 3135 occulte
1373 3082 1442 3136 ab
1472 3081 1563 3135 illo
1592 3091 1738 3150 gesta
1767 3088 1913 3135 sunt.
1945 3080 2188 3133 Abscon-

693 3173 772 3227 dit
800 3174 944 3229 enim
971 3174 1061 3228 illa
1091 3176 1252 3229 etiam
1288 3173 1629 3243 principibus
1660 3170 2058 3239 mundi-hujus.
2085 3168 2190 3223 Pro
2215 3202 2259 3260 ε

699 3264 849 3320 hisce
881 3266 1109 3319 occultis
1146 3264 1414 3334 PrOpbeta
1446 3279 1730 3334 personam
1766 3278 1957 3333 gerens
1989 3263 2185 3317 huma«

703 3371 786 3409 nte
812 3365 1025 3410 natura:
1065 3356 1364 3427 ingreditur
1393 3357 1597 3427 gratias
1636 3371 1801 3427 agens
1849 3372 1913 3412 ac
1958 3357 2184 3411 dicens:

694 3448 1001 3520 Conﬁtebor‘
1023 3451 1140 3519 tibi,
1188 3450 1431 3506 Domine.
1478 3450 1826 3507 Occultorum
1873 3467 2037 3521 porro
2070 3451 2189 3506 illo-

695 3556 819 3595 rum
846 3543 1104 3598 revelatio
1136 3558 1286 3597 mors
1308 3553 1411 3608 est,
1444 3552 1607 3613 atque
1642 3558 1705 3597 ea
1736 3557 1857 3612 quae
1889 3544 1943 3597 in
1976 3542 2191 3599 inferno

698 3641 848 3704 gesta
881 3642 1007 3687 sunt
1032 3652 1044 3687 :
1073 3649 1281 3689 necnon
1313 3635 1644 3690 resurrectio
1673 3643 1725 3688 et
1752 3634 2022 3689 ascensio.

710 3814 751 3866 ζ.
784 3808 1083 3879 Conﬁtebor
1133 3809 1247 3875 tibi,
1301 3808 1539 3874 Domine,
1573 3811 1629 3864 in
1675 3818 1782 3863 toto
1828 3809 1981 3863 corde
2010 3824 2121 3862 meo

632 3900 698 3954 1η
721 3898 1061 3953 convertenda
1092 3899 1364 3952 inimicum
1410 3915 1581 3953 meum
1627 3908 1935 3958 retrorsum.
1977 3906 2081 3951 etc.
2116 3895 2190 3950 De

628 3992 955 4063 quibusnam
980 3989 1253 4046 confessio
1282 3990 1352 4045 sit
1392 3990 1650 4046 declarat.
1686 3990 1969 4045 Inimicum
2010 3998 2189 4043 autem

627 4083 766 4153 ejus,
796 4093 1029 4137 mortem
1066 4097 1187 4138 esse
1218 4082 1312 4144 ait,
1348 4099 1470 4153 qua:
1501 4092 1803 4138 retrorsum
1837 4080 2188 4145 convertitur,

625 4175 899 4237 videlicet,
930 4174 996 4228 ad
1025 4190 1131 4229 non
1160 4190 1299 4229 esse.

697 4269 750 4323 4.
782 4266 1205 4337 Inﬁrmabuntur
1227 4276 1275 4320 et
1306 4267 1546 4335 peribunt
1578 4283 1609 4319 a
1640 4267 1773 4335 [acie
1798 4276 1909 4320 tua.
1938 4262 2187 4330 Quando,

627 4360 720 4425 ait,
748 4370 1048 4416 retrorsum
1074 4376 1223 4417 mors
1247 4369 1613 4425 convertetur,
1646 4368 1759 4414 tum
1791 4359 1969 4414 omnis
2006 4357 2191 4413 adver-

626 4453 769 4508 saria
812 4463 1051 4523 potestas
1087 4456 1435 4517 destruetur;
1482 4469 1607 4507 nam
1639 4453 1684 4508 si
1720 4453 1907 4507 ultima
1941 4452 2184 4505 omnium

2294 1987 2411 2025 σου
2438 1971 2509 2025 ἐν
2530 1971 2695 2039 πάσῃ
2722 1970 2796 2039 τῆ
2818 1969 2895 2040 τῇ
2919 1970 2939 2021 .'
2975 1967 3389 2038 ’Δναλαμόάνων
3418 1962 3865 2029 ἀναδιπλασιάζει

2293 2063 2355 2115 τὸ
2381 2060 2566 2132 θαῦμα
2587 2061 3039 2131 ἐκπληττόμενος,
3069 2060 3144 2121 ὡς
3173 2058 3329 2129 ἔφην,
3365 2057 3459 2111 ἐπὶ
3488 2058 3556 2127 τῇ
3594 2054 3866 2128 γενομένῃ

2294 2151 2402 2207 τῶν
2432 2150 2731 2223 ἀνθρώπων
2755 2148 3071 2220 θεογνωσίᾳ.

2434 2246 2537 2308 Είς
2562 2243 2629 2296 τὸ
2661 2242 2854 2308 τέλος,
2878 2240 3031 2310 ὑπὲρ
3050 2240 3169 2295 τῶν
3183 2239 3449 2309 κρυφίων
3466 2236 3575 2291 τοῦ
3598 2233 3756 2303 υἱοῦ,

2709 2337 3017 2388 ΨΑΛΜΟΣ
3044 2332 3123 2398 τῷ
3146 2330 3342 2386 Δαυτδ.
3378 2332 3454 2384 Θν.

2918 2425 3241 2489 Ὑπόθεσις.

2296 2522 2392 2575 Διὰ
2423 2519 2606 2575 τούτου
2640 2518 2734 2573 τοῦ
2760 2515 2975 2588 ψαλμοῦ
3006 2516 3075 2570 τὰ
3113 2514 3357 2587 κρυφίως
3393 2511 3757 2585 πεπραγμένα
3783 2509 3864 2581 τῷ

2367 2612 2578 2682 Σωτῆρι
2606 2610 2775 2680 δηλοῖ.
2797 2607 2973 2662 Πολλὰ
3004 2606 3060 2660 δὲ
3086 2602 3153 2677 ἦν
3174 2604 3323 2676 αὐτῷ
3356 2604 3422 2658 τὰ
3440 2602 3680 2675 κρυφίως
3696 2618 3865 2675 πρατ-

2364 2702 2564 2774 τόμενα
2588 2718 2600 2729 ·
2633 2702 2668 2772 ἦ
2710 2717 2770 2753 τε
2816 2702 2880 2752 ὲκ
2918 2696 3194 2769 Παρθένου
3225 2693 3313 2747 διὰ
3345 2693 3661 2763 Πνεύματος
3704 2690 3862 2760 ἁγίου

2366 2794 2506 2848 κατὰ
2539 2794 2718 2866 σάρκα
2740 2793 3015 2862 γέννησις,
3044 2790 3103 2843 αἴ
3126 2806 3185 2842 τε
3210 2786 3500 2860 παράδοξοι
3528 2786 3622 2840 καὶ
3645 2784 3861 2854 θαυμα-

2365 2885 2583 2955 τουργοὶ
2603 2882 2858 2951 δυνάμεις
2877 2921 2891 2945 ,
2926 2881 2954 2932 ὃ
2971 2897 3031 2933 τε
3071 2878 3299 2940 θάνατος
3331 2875 3493 2939 αὐτὸς
3519 2916 3535 2941 ,
3580 2875 3675 2928 καὶ
3722 2874 3756 2944 ἡ
3781 2873 3864 2937 είς

2366 2977 2490 3049 ᾅδου
2521 2974 2764 3039 κάθοδος,
2798 2974 2892 3027 καὶ
2921 2974 3034 3043 ἠὲκ
3063 2971 3272 3042 νεκρῶν
3315 2968 3628 3031 ἁναδίωσις.
3677 2965 3863 3019 Ταῦτα

2364 3067 2471 3139 γὰρ
2494 3066 2671 3121 πάντα
2705 3064 2946 3134 κρυφίως
2974 3060 3122 3132 αὐτῷ
3162 3060 3493 3130 πέπρακται.
3552 3056 3865 3127 ’Δπέκρυψε

2366 3159 2474 3230 γὰρ
2516 3157 2655 3211 αὐτὰ
2688 3155 2923 3217 καὶτοὺς
2971 3152 3237 3224 ἄρχοντας
3288 3148 3382 3204 τοῦ
3414 3149 3617 3220 κόσμου
3649 3146 3862 3201 τούτου.

2372 3250 2541 3321 ’Υπὲρ
2562 3250 2624 3319 δὴ
2641 3248 2844 3301 τούτων
2859 3245 2966 3299 τῶν
2987 3244 3229 3317 κρυφίων
3254 3244 3284 3296 ό
3308 3242 3592 3313 προφήτης
3611 3240 3675 3293 ὲκ
3695 3254 3867 3310 προσ⁴

2360 3341 2511 3394 ώπου
2544 3340 2643 3408 τῆς
2694 3336 3110 3407 ἁνθρωπότητος
3162 3334 3470 3406 εἰσέρχεται
3526 3329 3865 3402 εὐχαριστῶν

2362 3431 2453 3483 καὶ
2481 3428 2682 3498 λέγων·
2729 3422 3280 3495 Ἐξομολογήσομαί
3306 3439 3425 3485 σοι,
3454 3422 3649 3490 Κύριε.
3689 3420 3863 3489 (Alius

2360 3530 2537 3575 autem
2560 3518 2751 3586 codex)
2796 3516 3243 3587 Ἐπισφράγισμα
3298 3512 3356 3565 δὲ
3398 3511 3507 3565 τῶν
3548 3508 3794 3583 κρυφίων
3835 3512 3867 3562 ό

2362 3614 2589 3676 θάνατος
2614 3610 2788 3665 καὶτὰ
2818 3612 2875 3663 ὲν
2903 3609 3029 3681 ᾅδου
3058 3605 3389 3678 πραχθέντα,
3419 3606 3454 3676 ἡ
3480 3601 3773 3667 ἀνάστασίς
3803 3617 3863 3655 τε

2362 3706 2455 3758 καὶ
2478 3706 2511 3774 ὴ
2536 3702 2821 3772 ἀνάληψις.

2374 3790 2914 3862 Ἐξομολοτήσομαί
2955 3803 3053 3843 σοι
3078 3826 3094 3849 ,
3142 3788 3349 3856 Κύριε,
3388 3785 3458 3839 ἐν
3488 3785 3602 3853 ὅλῃ
3650 3784 3870 3854 καρδίᾳ

2286 3902 2404 3953 μου
2432 3924 2443 3935 .
2474 3921 2489 3937 .
2525 3922 2537 3936 .
2578 3924 2591 3935 .
2627 3882 2695 3935 ἐν
2738 3880 2819 3947 τῷ
2855 3878 3317 3950 ἀποστραφῆναι
3343 3877 3451 3932 τὸν
3479 3876 3697 3946 ἐχθρόν
3743 3893 3866 3947 μου

2291 3977 2378 4041 είς
2402 3976 2475 4028 τὰ
2526 3973 2737 4027 ὀπίσω.
2793 3973 2917 4028 Ἐπὶ
2968 3974 3109 4027 τίσιν
3158 3974 3190 4042 ἠ
3250 3968 3634 4041 ἐξομολόγησις
3691 3966 3863 4038 δηλοῖ.

2304 4064 2526 4137 Ἐχθρδν
2558 4064 2615 4119 δὲ
2650 4064 2811 4119 αὐτοῦ
2854 4064 2945 4118 τὸν
2984 4064 3212 4118 θάνατον
3242 4058 3382 4115 εἷναί
3405 4078 3539 4132 φησι
3566 4060 3657 4114 τδν
3684 4062 3765 4125 εἰς
3795 4061 3869 4115 τὰ

2291 4158 2465 4211 ὀπίσω
2493 4158 2987 4227 ἀποστρεφόμενον,
3014 4154 3290 4209 τουτέστιν
3317 4156 3397 4218 είς
3434 4153 3496 4206 τὸ
3531 4152 3603 4224 μὴ
3631 4148 3793 4207 εἷναι.

2374 4248 2803 4316 Ἀσθενήσουσι
2828 4248 2926 4303 καὶ
2973 4244 3343 4301 ἀπολοῦνται
3385 4244 3503 4298 ἀπὸ
3539 4242 3868 4313 προσώπου

2291 4354 2428 4393 σου.
2482 4337 2766 4401 Ἐπειδὰν,
2809 4338 2992 4408 φησιν,
3025 4336 3347 4405 ἀποστραφῇ
3401 4336 3481 4397 είς
3524 4333 3593 4387 τὰ
3622 4332 3798 4386 ὀπίσω
3836 4335 3869 4388 ό

2290 4431 2538 4495 θάνατος,
2562 4432 2681 4484 τότε
2709 4429 2771 4500 δὴ
2792 4430 2886 4483 καὶ
2914 4432 3063 4482 πᾶσα
3094 4427 3321 4497 δύναμις
3349 4423 3698 4497 ἀντικειμένη
3730 4440 3867 4479 κατ-

625 4541 843 4596 inimica
866 4556 1015 4597 mors
1041 4542 1343 4599 destruitur
1368 4544 1435 4604 ἰ.
1462 4543 1638 4611 palam
1670 4551 1753 4599 est
1798 4543 1948 4613 prius
1980 4540 2185 4595 destrui

2294 4522 2660 4593 αργηθήσεται
2685 4536 2698 4550 ·
2735 4523 2783 4573 εί
2815 4520 2925 4591 γὰρ
2949 4519 3176 4589 ἔσχατος
3216 4516 3408 4588 ἐχθρὸς
3451 4516 3807 4586 καταργεῖται
3837 4516 3868 4567 ό

625 4633 964 4689 adversarias
997 4642 1307 4704 potestates.

694 4810 747 4863 5.
782 4807 916 4863 Illud
950 4829 961 4864 :
1006 4809 1267 4875 Quoniam
1300 4812 1472 4881 fecisti
1496 4811 1760 4882 judicium
1795 4828 1965 4866 meum
1993 4820 2041 4865 et
2062 4828 2191 4866 cau-

625 4917 739 4955 sam
765 4917 953 4967 meam,
1002 4918 1221 4959 causam
1254 4903 1409 4959 εσσε-ι
1438 4906 1735 4974 gratiarum
1781 4905 2049 4971 actionis;
2084 4905 2189 4959 hoc

626 5002 804 5048 autem
838 5012 851 5046 :
889 4994 1082 5047 Sedisti
1114 5012 1269 5064 super
1301 4996 1566 5061 thronum,
1597 4996 1800 5051 indicat
1829 4996 1921 5049 Dei
1964 4994 2185 5064 injudi-

626 5085 799 5139 cando
833 5084 1246 5155 inspectionem.

697 5176 748 5229 6.
789 5176 1085 5245 lncrepasti
1104 5189 1363 5249 gentes,et
1396 5182 1550 5249 periit
1582 5181 1797 5250 impius.
1822 5180 2189 5251 lntelligibiles

627 5268 880 5325 inimicos
903 5271 1129 5326 scilicet.
1158 5270 1362 5327 Nomen
1383 5289 1561 5326 eorum
1582 5274 1767 5327 delesti
1814 5274 1874 5325 in
1914 5272 2187 5325 secutum.

625 5363 924 5418 Draconcm
955 5366 1030 5419 ait
1060 5366 1417 5435 spiritualem,
1446 5367 1496 5421 id
1530 5377 1613 5421 est
1643 5367 1940 5421 diabolum.

693 5520 1019 5591 [lncrepasti
1070 5532 1266 5594 gentes.
1307 5535 1357 5578 et
1412 5527 1569 5594 periit
1621 5526 1832 5596 impius.
1886 5525 2186 5580 Draconem

622 5614 700 5666 ait
735 5626 829 5667 aut
883 5616 1185 5683 diabolum,
1221 5620 1347 5689 quia
1407 5619 1705 5688 increpatio
1755 5618 2188 5674 emendationem

623 5703 910 5773 signiﬁcat.
946 5703 1074 5759 Jure
1105 5708 1228 5775 quis
1261 5707 1481 5772 dixerit,
1514 5710 1816 5765 emendatis
1846 5724 1941 5779 per
1971 5718 2189 5777 aposto-

701 5846 919 5905 "Hebr.
950 5868 1009 5917 li,
1051 5853 1102 5906 8.
1183 5856 1226 5886 ⁸ο
1248 5854 1393 5911 Psal.
1421 5857 1587 5923 c1x,l.
1669 5858 1705 5885 ’“
1732 5859 1748 5911 l
1778 5857 1903 5910 Cor.
1930 5873 2016 5919 ru,
2039 5853 2122 5908 26.

2299 4614 2548 4677 θάνατος,
2567 4612 2807 4685 δηλονότι
2824 4607 3316 4683 προαναιρεθεισῶν
3338 4605 3446 4661 τῶν
3474 4607 3867 4677 ἀντικειμένων

2297 4703 2600 4774 δυνάμεων.

2370 4796 2491 4847 ’Ότι
2523 4793 2814 4861 ἐποίησας
2854 4789 2968 4860 τὴν
2996 4790 3198 4859 κρίσιν
3247 4806 3366 4858 μου
3418 4785 3516 4841 καί
3541 4784 3656 4853 τὴν
3685 4782 3867 4852 δίκην

2291 4904 2432 4957 μου.
2462 4886 2573 4956 Τὴν
2596 4885 2773 4939 αἰτίαν
2799 4883 2896 4953 τῆς
2918 4881 3268 4952 εὐχαριστίας
3307 4876 3700 4932 ἀνταποδίδωσι
3724 4891 3738 4904 ·
3767 4874 3865 4940 τὸ,

2312 4979 2365 5030 Ἐ
2371 4977 2623 5041 κάθισας
2652 4976 2748 5029 ἐπὶ
2777 4978 2993 5044 θρόνου
3018 4973 3116 5044 τὴν
3143 4975 3221 5035 είς
3248 4972 3308 5025 τὺ
3329 4968 3534 5041 κρίνειν
3560 4965 3866 5038 ἐπισκοπὴν

2294 5067 2557 5139 δηλοίτοῦ
2584 5067 2743 5123 Θεοῦ.

2377 5160 2777 5229 Ἐπετίμησας
2808 5158 3043 5222 ἔθνεσι,
3084 5156 3182 5211 καί
3225 5154 3495 5210 ἀπώλετο
3533 5156 3567 5207 ό
3613 5150 3861 5217 ἀσεϐής.

2297 5254 2436 5316 Τοὺς
2480 5254 2701 5323 νοητοὺς
2747 5249 2974 5323 ἐχθροὺς
3031 5247 3291 5320 δηλονότι.
3348 5245 3417 5299 Τὸ
3450 5245 3637 5315 ὄνομα
3676 5240 3863 5297 αὐτοῦ

2297 5343 2629 5411 ἐξήλειψας
2671 5345 2755 5408 εἰς
2797 5343 2903 5396 τὸν
2928 5339 3130 5395 αἰῶνα.
3169 5339 3271 5391 Τὸν
3293 5337 3561 5409 δράκοντά
3604 5350 3736 5407 φησι
3770 5332 3864 5386 τὸν

2300 5432 2507 5505 νοητὸν.
2538 5434 2596 5496 ὃς
2630 5434 2776 5485 ἐστιν
2798 5435 2825 5485 ὁ
2858 5430 3120 5493 διάϐολος.

2372 5526 2802 5597 [Ἑπετίμησας
2822 5525 3044 5588 ἔθνεσι,
3092 5522 3187 5575 καί
3226 5520 3495 5575 ἀπώλετο
3541 5522 3573 5572 ό
3614 5515 3857 5583 ἀσεϐής.

2299 5618 2400 5669 Τὸν
2427 5615 2693 5686 δράκοντά
2724 5630 2907 5686 φησιν,
2945 5612 2977 5683 ἢ
3002 5614 3090 5665 τὸν
3114 5611 3355 5665 διάϐολον
3377 5626 3390 5639 ’
3421 5607 3605 5677 ἐπειδὴ
3630 5609 3663 5677 ἡ
3687 5604 3856 5661 ἐπιτί-

2302 5725 2463 5778 μησις
2494 5707 2584 5761 καὶ
2616 5706 2898 5778 διόρθωσιν
2940 5704 3215 5775 σημαίνει.
3250 5702 3404 5755 Εἴποι
3448 5699 3513 5754 ἄν
3544 5714 3627 5761 τις
3651 5736 3666 5762 ,
3713 5695 3829 5767 διορ
