4032 6446
180 382 255 442 85
1322 364 1685 425 EXPOSITIO
1724 362 1789 417 IN
1832 359 2161 417 PSALMUM
2204 357 2293 411 IX.
3373 346 3444 404 86

176 498 455 571 θουμένων
486 496 595 550 τῶν
628 495 796 549 ἐθνῶν
823 492 927 547 ὑπὸ
954 490 1061 574 τῶν
1096 488 1429 550 ἀποστόλων,
1461 483 1750 541 ἀπολέσθαι

1862 479 1944 533 los
1984 475 2296 550 gentilibus,
2340 471 2567 544 periisse
2603 467 2856 540 impium,
2894 466 3164 523 exstincto
3214 480 3443 537 prorsus

174 594 267 645 τὸν
297 589 494 661 ἀσεϐῆ,
528 586 849 657 σϐεσθείσης
872 583 1039 640 αὐτοῦ
1072 584 1169 655 τῆς
1195 581 1496 652 ἐπιϐωμίου
1536 579 1762 649 κνίσσης

174 685 272 737 καὶ
300 676 627 752 παυθείσης.
677 678 1140 750 Ἐπιτιμηθέντων
1164 675 1272 746 γὰρ
1305 674 1413 727 τῶν
1444 673 1633 738 ἐθνῶν,
1668 674 1763 725 καὶ

175 773 315 843 πρὸς
345 772 555 843 Κύριον
580 770 1026 843 ἐπιστρεψάντων
1050 811 1065 834 ,
1098 770 1127 820 ὁ
1172 768 1229 820 ἐν
1264 767 1446 829 αὐτοῖς
1499 764 1757 834 ἐνεργῶν,

173 863 269 917 ᾶτε
305 865 446 926 υίοῖς
502 856 652 915 οὖσιν
681 860 986 923 ἀπειθείας,
1038 859 1302 921 διάϐολος,
1341 856 1588 912 ἀπώλετο
1623 854 1760 925 μετὰ

170 954 281 1009 τῶν
304 954 442 1007 νεῶν
458 953 566 1006 τῶν
600 952 894 1006 είδωλικῶν
919 967 934 982 ο
968 952 1017 1005 οἳ
1037 952 1113 1014 ὡς
1140 950 1324 1013 πόλεις
1364 951 1604 1019 συνεῖχον
1636 947 1762 1009 τοὺς

171 1042 313 1112 πρὸς
343 1040 666 1093 δυσσέϐειαν
708 1039 1047 1111 ἀφορῶντας.
1098 1039 1208 1093 Καὶ
1253 1037 1427 1101 οὕτως
1459 1036 1758 1102 ἀπώλοντο,

168 1132 246 1198 ὡς
277 1132 415 1204 μηδὲ
443 1134 588 1203 ἴχνος
620 1130 1033 1203 ὑπολειφθῆναι.
1090 1132 1278 1184 Ἔστιν
1322 1128 1570 1183 ἐκλαϐεῖν
1602 1128 1760 1181 τοῦτο

171 1222 269 1276 καὶ
292 1222 439 1276 κατά
458 1223 558 1293 τὴν
582 1222 897 1276 τελευταίαν
920 1222 1102 1293 κρίσιν
1122 1238 1135 1252 ·
1171 1222 1291 1275 τότε
1310 1221 1420 1291 γὰρ
1445 1220 1553 1274 τῶν
1583 1222 1760 1291 ἀμαρ-

166 1315 360 1368 τωλῶν
392 1314 836 1385 ἐπιτιμωμένων,
860 1316 952 1368 καὶ
975 1317 1003 1368 ὀ
1032 1314 1296 1378 διάϐολοςο,
1332 1315 1360 1365 ὁ
1388 1315 1594 1387 κυρίως
1628 1314 1757 1366 ἀσε-

168 1407 297 1478 ϐὴς,
331 1405 673 1475 ἀφανίζεται.
704 1407 770 1458 Δί
804 1406 1009 1470 πόλεις,
1031 1407 1130 1476 τῆς
1159 1408 1215 1459 ἐν
1241 1407 1432 1470 αὐταῖς
1467 1407 1634 1460 πάλαι
1662 1423 1759 1459 πο-

165 1498 529 1568 λιτευομένης
562 1498 819 1563 ἀσεϐείας
844 1498 1238 1569 καταλυθείσης
1259 1537 1273 1561 ,
1306 1497 1403 1569 τὴν
1442 1498 1757 1569 οἰκοδομίαν

166 1588 272 1658 τῆς
300 1587 583 1650 εὐσεϐείας
616 1583 909 1658 ἐδέξαντο.]

245 1680 363 1734 Τοῦ
388 1679 604 1749 ἐχθροῦ
655 1678 941 1743 ἐξέλιπον
989 1681 1049 1733 αἱ
1073 1677 1361 1748 ρομφαῖαι
1417 1680 1505 1745 είς
1553 1678 1749 1743 τέλος.

171 1770 485 1841 Ῥομφαίας
531 1770 625 1824 τοῦ
656 1769 906 1824 διαϐόλου
934 1770 1033 1833 τὰς
1076 1769 1459 1840 ἀντικειμένας
1494 1769 1752 1839 δυνάμεις

161 1867 325 1937 φησι,
350 1866 419 1919 δι’
452 1861 524 1920 ὧν
551 1862 620 1937 ἦν
649 1865 887 1937 ἰσχυρός.
925 1864 1030 1936 [Δί
1070 1865 1254 1929 πόλεις
1289 1866 1346 1917 αἱ
1380 1865 1751 1934 ἀντικείμεναι

158 1956 447 2026 δυνάμεις,
491 1956 577 2021 αἳ,
609 1956 799 2026 ὧσπερ
840 1954 1021 2018 πόλεις
1070 1956 1286 2026 ἰσχυραὶ
1327 1954 1750 2025 τετειχισμέναι,

157 2047 295 2109 τοὺς
342 2046 567 2109 ἁλόντας
615 2046 794 2098 αὐτῶν
824 2046 1006 2117 ἀπάτῃ
1056 2048 1113 2099 ἐν
1148 2047 1339 2110 αὐταῖς
1393 2046 1752 2099 συλλαϐοῦσαι

158 2140 437 2207 κατεῖχον.
472 2137 579 2189 Καὶ
615 2137 798 2200 πόλεις
831 2138 991 2199 ποίας
1010 2137 1157 2205 λέγει
1191 2137 1223 2207 ἢ
1255 2137 1459 2200 ταύτας
1506 2138 1634 2208 περὶ
1678 2131 1753 2190 ὧν

157 2228 403 2299 ἀλλαχοῦ
433 2229 680 2299 λέγεται·
702 2231 959 2303 Ἕθηκας
984 2231 1072 2294 εἰς
1089 2227 1255 2296 χῶμα
1276 2229 1487 2293 πόλεις
1506 2228 1748 2295 ὀχυρὰς,

154 2318 274 2373 τοῦ
302 2318 515 2373 πεσεῖν
541 2318 741 2373 αὐτῶν
769 2320 841 2372 τὰ
868 2318 1147 2386 aettula;
1174 2318 1233 2369 αἶ
1274 2320 1435 2382 εἰσιν,
1489 2318 1567 2381 ὼς
1594 2317 1750 2389 δεδή-

156 2410 352 2475 λωται,
379 2413 433 2462 αί
470 2410 841 2479 ἀντικείμεναι
868 2408 1174 2481 δυνάμεις]
1210 2409 1496 2463 Ἀπώλετο
1519 2410 1585 2463 τὸ
1601 2427 1752 2479 μνη-

148 2502 440 2570 μόσυνον
468 2499 667 2554 αὐτῶν
680 2502 805 2570 μετ’
830 2500 1005 2569 ἤχου.
1031 2500 1222 2575 [Ὥστε
1249 2500 1574 2565 ἐξάκουστον
1595 2503 1749 2570 γενέ-

156 2592 288 2645 σθαι
312 2591 495 2645 αὐτῶν
520 2593 616 2663 τὴν
638 2591 933 2646 ἀπώλειαν.
971 2595 1041 2649 Ἦ
1056 2593 1155 2664 τὴν
1179 2593 1407 2646 πανολεθ
1416 2594 1537 2665 ρίαν
1562 2596 1747 2664 φησὶν,

155 2682 190 2753 ἢ
224 2683 289 2735 τὸ
322 2683 608 2751 διωλύγιον
655 2683 762 2737 τῶν
810 2684 1026 2749 κακῶν,
1090 2684 1182 2736 καὶ
1220 2684 1281 2736 τὸ
1319 2685 1617 2754 περιφανὲς
1652 2686 1750 2755 τῆς

155 2777 347 2830 ἀπωλε
358 2777 489 2848 ίας.]
507 2776 729 2842 Ἐξάκου
738 2794 859 2840 στος
881 2777 990 2847 γὰρ
1005 2777 1181 2829 αὐτῶν
1204 2776 1423 2844 γέγονεν
1438 2778 1470 2847 ἠ
1484 2776 1747 2831 ἀπώλεια.

231 2869 343 2923 Kal
371 2869 609 2937 ἐγένετο
634 2870 850 2936 Κύριος
879 2868 1190 2937 καταφυγὴ
1218 2868 1298 2933 τῷ
1327 2868 1555 2936 πένητι.
1591 2868 1745 2941 [Συν-

154 2961 301 3032 εχῶς
330 2962 523 3015 ἑαυτὸν
555 2960 712 3014 καλεί
761 2963 968 3032 πένητα
1007 2962 1100 3014 καὶ
1132 2962 1364 3032 πτωχὸν,
1390 2963 1651 3030 καίτοιγε
1692 2964 1750 3016 ἐν

155 3053 477 3124 βασιλείοις.
543 3054 698 3125 ᾝδει
733 3055 840 3126 γάρ
886 3055 955 3107 τά
1005 3054 1318 3125 ἀνθρώπινα
1370 3056 1549 3116 πάντα
1590 3057 1749 3119 σκιᾶς

153 3143 555 3215 ἀδρανέστερα.
582 3148 911 3213 Εὑκαιρίαν
943 3145 1090 3213 λέχει
1117 3146 1207 3198 τὸν
1241 3147 1341 3216 τῆς
1362 3146 1749 3217 θλίψεωςηιαι-
1777 3173 1819 3231 C

156 3240 289 3310 ρόν.
326 3239 414 3292 ἀεὶ
450 3238 546 3308 μὲν
576 3238 685 3308 γὰρ
714 3238 813 3308 τῆς
853 3236 1105 3309 βοηθείας
1156 3237 1509 3307 ἐπιδεόμεθα,
1557 3242 1650 3293 καὶ
1685 3244 1742 3295 ἐν

152 3329 521 3401 εὐημερίαιςο
573 3325 708 3379 ἀλλά
739 3326 899 3379 πλέον
952 3328 1009 3379 ἐν
1050 3324 1226 3395 θλίψει
1274 3325 1374 3395 τῆς
1428 3327 1744 3397 συμμαχίας

151 3418 653 3490 ἑπαισθανόμεθα.]
687 3418 776 3489 Τῷ
810 3418 1043 3490 πτωχῷ,
1100 3419 1177 3490 τῷ
1229 3419 1580 3491 πνευματικῷ
1631 3420 1743 3492 λαῷ

153 3530 313 3585 φησι.
349 3511 576 3577 Βοηθὸς
604 3512 673 3563 ἐν
698 3512 1025 3579 εὐκαιρίαις
1052 3512 1122 3564 ἐν
1146 3512 1449 3580 θλίψεσιν.
1486 3514 1573 3578 Ὠς
1594 3531 1606 3544 ³
1642 3515 1743 3568 Ἐν

153 3597 342 3668 καιρῷ
365 3595 554 3663 δεκτῷ
584 3598 902 3667 ἐπήκουσά
930 3615 1068 3652 σου.

232 3775 480 3828 Vitare
536 3772 615 3839 τῷ
669 3776 864 3842 Κυρίῳ
916 3773 996 3839 τῷ
1036 3775 1411 3830 κατοικοῦντι
1463 3778 1532 3829 ἐν
1566 3777 1735 3833 Σιών.

154 3867 237 3936 Τῇ
270 3866 604 3935 ἐπουρανίῳ,
638 3867 791 3937 φησὶ,
831 3866 1204 3938 Ἰερουσαλήμ.
1251 3868 1742 3937 Ἀναγγείλατεὲν

153 3956 284 4023 τοῖς
317 3958 523 4011 ἔθνεσι
562 3957 635 4011 τὰ
688 3957 1126 4028 ἐπιτηδεύματα
1182 3960 1389 4014 αὑτοῦ.
1432 3960 1617 4016 Ταῦτα
1665 3962 1741 4027 ὡς

156 4046 300 4118 πρὸς
352 4048 480 4110 τοὺς
530 4048 859 4112 ἀποστόλους
897 4051 992 4102 καὶ
1046 4052 1175 4113 τοὺς
1232 4051 1338 4103 τῶν
1394 4052 1741 4120 Εὑαγγελίων

153 4136 412 4208 κήρυκάς
435 4153 619 4206 φησιν.
673 4138 805 4191 Τίνα
836 4138 892 4191 δὲ
939 4138 1008 4192 τά
1067 4139 1471 4212 ἐπιτηδεύματα
1511 4142 1597 4197 διά
1632 4143 1740 4198 τῶν

153 4226 287 4298 ἐξῆς
306 4228 538 4298 οημαίνε
548 4247 583 4282 ι.

228 4319 353 4371 Ὀτι
375 4322 409 4372 ό
436 4318 695 4387 ἐκζητῶν
722 4321 794 4375 τὰ
821 4323 1042 4391 αἵματα
1078 4321 1277 4377 αὐτῶν
1303 4326 1594 4397 ἐμνήσθη.
1660 4330 1741 4383 Τὰ

152 4410 386 4481 αἵματα,
420 4414 575 4482 φησι,
603 4413 671 4466 τὰ
696 4413 836 4485 ὑπὲρ
869 4415 1035 4469 αἱ)τοῦ
1067 4417 1406 4488 ἐκκεχυμένα
1448 4420 1736 4494 ἐκζητήσει

152 4500 248 4553 ἐπὶ
281 4501 344 4553 τὸ
367 4503 610 4566 ἐκδικίας
632 4504 883 4568 ἀξιῶσαι.

226 4590 390 4664 [Οὐκ
426 4592 751 4647 ἐπελάθετο
808 4594 920 4664 τῆς
968 4594 1233 4664 δεήσεως
1281 4598 1398 4652 τῶν
1443 4604 1735 4670 πενήτων.

152 4685 405 4754 Πὲνητας
428 4684 589 4737 πάλιν
615 4687 740 4750 τοὺς
769 4686 836 4739 δι’
866 4688 1028 4740 αὐτὸν
1056 4690 1435 4760 Μωχεύοντάς
1474 4714 1657 4767 φησιν,
1690 4700 1739 4751 οἳ

152 4776 251 4828 καὶ
286 4775 374 4828 διὰ
425 4776 624 4839 παντὸς
679 4777 778 4841 τάς
834 4779 971 4849 πρὸς
994 4780 1155 4834 αὑτὸν
1201 4784 1407 4849 ἱκεσίας
1438 4789 1736 4855 ποιοῦντες,

151 4865 436 4937 ἐκδίκησιν
463 4866 572 4919 τῶν
611 4870 731 4921 κατ’
755 4869 935 4922 αὐτῶν
968 4872 1277 4942 γενομένων
1328 4876 1549 4931 ἀδικιῶν
1588 4883 1739 4951 ποιρά

150 4957 264 5008 τῶν
293 4957 565 5027 δαιμόνων
592 4958 916 5033 αἰτοῦντες.]

237 5051 301 5103 '0
334 5052 511 5119 ὑψῶν
535 5071 612 5123 με
653 5054 720 5107 ἐκ
751 5055 870 5107 τῶν
920 5057 1132 5111 πυλῶν
1176 5061 1283 5114 τοῦ
1324 5066 1601 5122 θανάτου.
1637 5072 1734 5125 Διά

150 5141 312 5195 τοῦτο
342 5143 577 5235 ἐγείρεις
599 5146 662 5198 ἐκ
693 5145 797 5217 γῆς
820 5148 1224 5217 ταπεινώσεως,
1268 5154 1354 5208 ἴνα
1382 5160 1448 5228 τῇ
1498 5162 1734 5235 ἐπουρα-

151 5235 251 5302 νίῳ
280 5233 629 5305 συγχορεύσω
650 5236 811 5290 Σιών.

228 5322 247 5395 [
276 5326 370 5375 Ἐν
428 5328 646 5393 πύλαις
687 5327 795 5395 τῆς
822 5330 1113 5399 θυγατρὸς
1140 5333 1310 5389 Σιών.
1362 5338 1448 5390 Ἐν
1477 5344 1543 5410 τῇ
1574 5342 1732 5394 ἐπου-

157 5417 325 5489 ρανίῳ
361 5418 733 5493 Ἰερουσαλήμ.
778 5422 870 5490 Τὸ,
896 5423 1250 5495 ἐπαγγείλω,
1286 5429 1405 5483 ἀντὶ
1443 5432 1537 5485 τοῦ
1559 5475 1573 5498 ,
1612 5452 1736 5505 χρο-

154 5508 281 5572 νίως
321 5509 572 5584 ᾄσομαι]

225 5600 591 5655 Γινώσκεται
620 5605 835 5673 Κύριος
860 5607 1114 5677 κρίματα
1152 5611 1353 5666 ποιῶν.
1395 5616 1586 5688 Κρίμα
1628 5618 1734 5692 γάρ

154 5691 371 5764 ἀληθῶς
405 5694 615 5749 δίκαιον
654 5696 715 5749 τὸ
743 5701 867 5762 τοὺς
903 5704 1417 5771 κατασκευάσαντας
1465 5691 1734 5775 ἀνθρώπω

229 5806 393 5863 "lsa.
439 5824 565 5874 xxv,
607 5811 660 5867 2.
738 5815 806 5847 ⁸¹⁶
841 5812 943 5870 lsa.
973 5832 1121 5881 xm.
1152 5819 1205 5872 2.

1866 581 2030 642 atque
2058 569 2235 624 deleto
2281 566 2534 621 altarium
2569 564 2689 633 ejus
2713 561 2923 615 nidore.
2956 558 3253 629 Postquam
3292 558 3439 612 enim

1866 673 2055 735 gentes
2088 663 2399 729 increpata,
2436 665 2491 711 et
2537 654 2602 710 ad
2638 654 2927 709 Dominum
2965 666 3241 706 conversa:
3287 660 3439 706 sunt.

1863 755 1954 825 qui
1995 754 2049 807 in
2085 753 2221 822 ipsis
2270 757 2454 819 utpote
2499 744 2935 816 inobsequentia:
2981 743 3107 797 tiliis
3140 744 3249 797 vim
3281 758 3438 796 suam

1861 847 2172 910 exercebat,
2231 844 2483 899 diabolus
2540 841 2771 903 scilicet,
2826 854 2934 893 una
2991 852 3116 892 cum
3167 835 3437 891 idolorum

1861 938 2080 1007 templis
2120 936 2301 1006 periit,
2351 949 2473 1004 qua:
2513 949 2614 987 ceu
2660 931 2910 987 civitates
2940 928 3209 999 quaedam.
3263 926 3439 981 conti.

1861 1031 2066 1085 nebant
2097 1044 2193 1083 eos
2220 1028 2315 1097 qui
2352 1024 2688 1097 impietatem
2733 1022 3104 1078 sectabantur.
3133 1017 3311 1087 Atque
3362 1018 3435 1070 ita

1859 1126 2035 1181 deleta
2068 1132 2218 1190 sunt,
2248 1131 2310 1177 ut
2336 1137 2405 1177 ne
2429 1120 2719 1190 vestigium
2741 1117 2963 1188 quidem
2996 1129 3186 1170 eorum
3220 1126 3438 1167 reman-

1860 1216 2013 1270 serit.
2046 1212 2231 1268 Potest
2264 1212 2397 1267 illud
2432 1211 2499 1265 de
2536 1218 2813 1280 postremo
2848 1219 3068 1275 quoque
3095 1203 3304 1273 judicio
3336 1217 3436 1256 ex-

1860 1306 2048 1375 plicari
2080 1323 2095 1372 ;
2131 1314 2259 1359 tunc
2290 1306 2436 1357 enim
2481 1299 2775 1369 increpatis
2806 1296 3206 1367 peccatoribus,
3241 1293 3433 1348 diabo-

1858 1397 1968 1461 lus,
1996 1397 2090 1465 qui
2119 1394 2339 1465 proprie
2375 1392 2576 1461 impius
2616 1390 2788 1454 audit,
2820 1387 3064 1442 funditus
3096 1384 3310 1455 peribit.
3340 1383 3437 1438 Ci-

1857 1486 2055 1540 vitates
2089 1499 2276 1554 porro,
2311 1483 2601 1547 exstincta,
2653 1494 2775 1549 qua:
2816 1480 2870 1531 in
2926 1476 3059 1547 ipsis
3106 1484 3232 1529 ante
3257 1474 3436 1530 domi-

1858 1580 2115 1642 nabatur,
2143 1578 2443 1647 impietate,
2467 1572 2756 1629 aaditicium
2782 1570 3001 1640 pietatis
3024 1566 3433 1638 susceperunt.]

1929 1672 1981 1725 7.
2012 1669 2229 1724 Inimici
2265 1668 2567 1737 defecerunt
2618 1667 2833 1735 framea!
2864 1665 2920 1716 in
2965 1663 3142 1732 ﬁnem.
3176 1660 3436 1725 Erameas

1856 1763 2059 1818 diaboli
2086 1761 2432 1816 adversarias
2462 1758 2596 1813 dicit
2625 1766 2944 1827 potestates,
2987 1755 3191 1824 quibus
3239 1760 3434 1823 potens

1856 1853 1945 1907 ille
1973 1862 2076 1908 est.
2111 1852 2395 1924 [Civitates
2423 1860 2551 1905 sunt
2576 1849 2903 1903 adversaria:
2948 1854 3267 1916 potestates,
3312 1858 3435 1913 qua

1855 1942 2017 2012 quasi
2056 1940 2312 1995 civitates
2343 1938 2649 2008 praevalidae
2679 1936 2851 1992 muris
2900 1937 3199 1997 instructa,
3248 1948 3435 1989 errore

1854 2035 2112 2104 deceptos
2175 2033 2701 2101 complectebanlur.
2758 2028 2825 2084 Et
2881 2029 3187 2098 cuiusmodi
3245 2042 3434 2098 quaeso

1856 2122 2105 2176 civitates
2160 2122 2257 2185 ait,
2306 2122 2409 2174 nisi
2449 2135 2542 2175 eas
2595 2120 2662 2175 de
2707 2120 2908 2189 quibus
2967 2120 3095 2173 alibi
3141 2119 3432 2183 dicitur“,

1860 2210 2124 2280 Redegisti
2160 2212 2215 2264 in
2247 2211 2516 2280 pulverem
2562 2210 2800 2263 civitates
2830 2218 3085 2277 potentes,
3137 2209 3213 2260 ita
3259 2217 3316 2260 ut
3345 2224 3434 2260 ca-

1854 2300 1983 2353 dant
2017 2302 2256 2369 ipsarum
2291 2301 2641 2369 fundamenta
2665 2300 2690 2351 ?
2711 2315 2834 2369 qua:
2864 2300 2939 2352 uti
2970 2297 3301 2353 declaratum
3325 2307 3429 2361 est,

1855 2400 1984 2445 sunt
2014 2391 2343 2447 adversaria:
2371 2388 2716 2461 potestates.]
2756 2389 2925 2444 Periit
2969 2374 3223 2444 memoria
3251 2406 3433 2444 eorum

1856 2499 1975 2536 cum
2018 2485 2216 2536 sonitu.
2253 2481 2352 2554 [lla
2384 2492 2442 2537 ut
2470 2497 2660 2537 eorum
2692 2481 2961 2552 pernicies
2990 2481 3192 2553 ubique
3215 2482 3431 2552 pervul-

1853 2584 2031 2645 getur.
2065 2575 2174 2629 Aut
2199 2577 2425 2630 exitium
2471 2590 2787 2645 supremum
2830 2575 2982 2641 dicit,
3016 2576 3130 2630 sive
3160 2575 3432 2630 malorum

1852 2666 2276 2730 vehementiam,
2334 2677 2385 2720 et
2433 2667 2693 2735 perniciei
2741 2664 3242 2736 conspicuitatem.]
3298 2664 3431 2735 Ejus

1853 2768 2089 2824 namque
2119 2756 2388 2825 pernicies
2420 2755 2563 2809 ultro
2589 2758 2837 2827 citroque
2863 2758 3046 2811 audita
3074 2756 3194 2811 fuit.

1928 2844 2013 2900 10.
2058 2847 2126 2900 Et
2183 2852 2356 2916 [actus
2416 2857 2493 2902 est
2554 2847 2813 2902 Dominus
2863 2850 3129 2919 refugium
3188 2853 3428 2921 pauperi.

1853 2938 2011 3010 [Sese
2048 2940 2367 3010 frequenter
2413 2958 2707 3013 pauperem
2763 2959 2825 2997 ac
2862 2944 3172 2997 mendicum
3228 2955 3428 3012 vocat,

1850 3032 2065 3087 etiamsi
2096 3034 2151 3087 in
2178 3036 2325 3104 regia
2363 3045 2698 3090 versaretur.
2728 3034 2963 3091 Noverat
3004 3038 3148 3092 enim
3190 3037 3429 3093 humana

1852 3122 2039 3177 omnia
2083 3124 2166 3177 vel
2209 3123 2421 3178 umbris
2467 3124 2822 3178 imbecilliora
2858 3142 2999 3181 esse.
3046 3127 3430 3196 Opportunita-

1859 3226 1962 3269 tem
2001 3226 2161 3270 vocat
2201 3222 2420 3286 tempus
2448 3215 2863 3270 tribulationis:
2902 3231 3117 3287 semper
3156 3218 3299 3272 enim
3329 3234 3431 3272 au-

1850 3289 1983 3361 xilio
2034 3322 2279 3378 egemus,
2334 3309 2500 3362 etiam
2547 3308 2601 3362 in
2661 3308 3061 3378 prosperitate:
3121 3324 3311 3364 verum
3372 3312 3427 3365 in

1848 3399 2148 3467 aerumnis,
2216 3401 2548 3455 auxiliorum
2600 3417 2757 3456 usuin
2834 3404 3008 3472 magis
3064 3401 3427 3477 experimur.]

1847 3489 2120 3555 Mendico,
2154 3491 2365 3545 scilicet
2394 3491 2665 3560 spirituali
2703 3493 2905 3562 populo
2947 3494 3045 3547 ait.
3093 3494 3325 3563 Adjutor
3374 3496 3430 3548 in

1848 3585 2331 3655 opportunitatibus
2385 3587 2441 3640 in
2500 3586 2952 3643 tribulationibus.
3011 3587 3081 3644 Ut
3129 3590 3307 3646 illud:
3360 3588 3429 3647 In

1849 3688 2078 3747 tempore
2102 3689 2313 3748 accepto
2341 3680 2590 3733 exaudiui
2621 3692 2669 3734 te
2706 3681 2794 3735 ⁸²⁶.

1917 3769 2006 3823 12.
2045 3769 2272 3825 Psallite
2294 3771 2521 3825 Domino
2555 3774 2646 3841 qui
2674 3774 2881 3827 habitat
2926 3775 2979 3827 in
3016 3773 3168 3830 Sion.
3217 3778 3277 3831 In
3314 3792 3422 3833 cm-

1846 3863 1989 3925 lesti,
2045 3863 2253 3932 inquit,
2301 3862 2628 3919 Jerusalem.
2679 3866 3005 3921 Annuntiate
3054 3869 3192 3922 inter
3249 3880 3424 3940 gentes

1846 3955 2026 4009 studia
2063 3954 2202 4023 ejus.
2251 3956 2378 4010 Htec
2411 3958 2569 4026 quasi
2602 3958 2666 4011 ad
2711 3962 2989 4029 apostolos
3023 3970 3074 4016 et
3103 3959 3427 4034 Evangelio-

1846 4061 1967 4099 rum
2000 4062 2283 4116 praecones
2324 4048 2586 4119 loquitur.
2638 4051 2770 4117 Quae
2802 4067 2967 4121 porro
3016 4053 3126 4109 sint
3154 4056 3424 4126 ejusmodi

1846 4143 2025 4197 studia
2055 4144 2107 4197 in
2144 4145 2504 4215 sequentibus
2532 4146 2756 4202 indicat.

1918 4327 2002 4382 15.
2038 4328 2303 4394 Quoniam
2337 4331 2604 4400 requirens
2629 4332 2939 4401 sanguinein
2968 4350 3146 4389 eorum
3178 4338 3425 4391 recorda-

1847 4428 1932 4474 tus
1971 4432 2065 4474 est.
2101 4420 2459 4493 Sanguinem,
2492 4423 2587 4489 ait,
2618 4440 2718 4495 pro
2752 4426 2846 4480 illo
2884 4426 3114 4484 eﬂ'usum
3144 4430 3421 4499 requiret,

1773 4537 1816 4589 Ι)
1846 4518 1905 4563 ιιι
1937 4510 2232 4564 vindictam
2271 4512 2527 4581 postulet.

1922 4602 2071 4675 [Non
2108 4614 2185 4657 est
2222 4604 2416 4658 oblitus
2462 4605 2749 4659 clamorem
2786 4622 3096 4677 pauperum.
3148 4608 3422 4680 Pauperes

1846 4709 2065 4748 rursum
2117 4705 2281 4750 vocat
2322 4710 2419 4750 eos
2453 4696 2547 4765 qui
2590 4704 2810 4766 propter
2850 4699 3027 4765 ipsum
3084 4700 3419 4766 mendicant,

1844 4790 1938 4858 qui
1989 4789 2209 4844 assidue
2259 4790 2435 4859 ipsum
2466 4790 2741 4859 supplices
2773 4800 2990 4861 rogant,
3034 4795 3422 4864 postulantque

1846 4882 2113 4935 ultionem
2166 4882 2493 4951 injuriarnm
2544 4882 2649 4938 sibi
2712 4883 2782 4937 ab
2831 4883 3174 4942 daemonibus
3240 4886 3419 4942 illata-

1842 4979 2013 5045 rum.]

1918 5068 2012 5121 15.
2050 5067 2154 5133 Qui
2182 5068 2388 5121 exultas
2413 5085 2491 5122 me
2524 5070 2587 5123 de
2618 5071 2785 5137 portis
2817 5072 3025 5125 mortis.
3056 5070 3180 5127 Ideo
3208 5072 3418 5129 excitus

1843 5176 1928 5214 me
1984 5177 2049 5215 ex
2086 5170 2226 5217 terra
2280 5162 2722 5227 liumiliationis,
2773 5172 2833 5217 ut
2882 5163 3114 5219 choreas
3152 5178 3308 5235 agam
3361 5166 3415 5221 in

1840 5252 2048 5307 ccelcsti
2084 5253 2238 5308 Sion.

1911 5340 2017 5414 [In
2080 5347 2247 5415 portis
2310 5347 2438 5416 ﬁlice
2489 5345 2639 5402 Sion.
2697 5347 2755 5402 ln
2811 5348 3017 5403 caelesti
3087 5346 3411 5404 Jerusalem.

1841 5436 1977 5492 lllud
2034 5454 2231 5508 porro,
2297 5442 2635 5504 annuntiem,
2692 5441 2985 5511 intelligas,
3043 5440 3265 5496 assidue
3322 5456 3412 5496 ca-

1843 5529 2018 5604 nam]

1915 5624 2001 5678 17.
2036 5623 2384 5695 Cognoscitur
2412 5625 2671 5681 Dominus
2702 5626 2911 5697 judicia
2942 5626 3161 5696 faciens,
3185 5634 3290 5681 etc.
3318 5623 3414 5679 Ju-

1842 5715 2044 5773 dicium
2080 5734 2317 5789 namque
2345 5719 2505 5789 plane
2530 5718 2737 5789 justum
2772 5726 2885 5782 est;
2906 5726 2963 5773 ut
2996 5718 3033 5772 ii
3065 5718 3157 5788 qui
3182 5726 3410 5773 mortem
