4032 6446
627 382 693 436 87
1460 382 1518 439 S.
1559 382 1928 439 ATHANASII
1969 383 2116 440 OPP.
2161 386 2340 440 PARS
2381 386 2466 439 Ill.
2511 419 2571 427 ——
2613 387 3023 446 EXEGETICA.
3773 396 3852 452 88

627 489 835 552 homini
868 505 1137 561 struxere,
1169 499 1220 552 in
1276 514 1337 553 ea
1393 499 1507 569 ipsa
1542 516 1602 555 re
1637 504 2179 570 comprehendantur.

2288 504 2513 558 θάνατον
2553 509 2607 558 ἐν
2640 507 2784 577 αύτῴ
2819 508 3233 579 περιληφθῆναι.
3282 511 3432 580 Τάχα
3479 511 3600 566 ἐπεὶ
3633 513 3728 566 καὶ
3762 510 3855 577 οἷς

628 583 878 644 Fortasse
906 589 923 656 (
951 589 1003 642 id
1037 589 1152 658 ait)
1188 591 1316 658 quia
1351 590 1385 643 ii
1417 590 1472 644 in
1521 606 1660 660 quos
1692 590 1862 645 fertur
1892 593 2176 661 judicium,

627 677 856 744 iudicem
893 691 1220 748 cognoscent
1251 688 1491 750 tempore
1516 681 1729 750 judicii.

2285 597 2343 648 τὸ
2371 597 2542 667 κρίμα
2563 598 2783 665 γίνεται,
2810 599 3104 667 γνώσονται
3131 601 3219 654 τὸν
3261 602 3511 672 κρίνοντα
3563 605 3620 656 ὲν
3667 605 3854 677 καιρῷ

2283 689 2533 757 κρίσεως.

694 769 778 824 18.
825 769 1011 823 Daniel
1041 769 1310 824 Barbarus
1338 772 1760 826 :Convertantur
1794 785 2083 842 peccatores
2122 778 2174 829 in
2232 779 2513 847 infernum.
2553 781 2831 839 llaainones
2875 784 3100 852 scilicet,
3149 793 3202 840 et
3231 786 3544 855 quicunque
3594 786 3702 840 illis
3733 801 3855 842 ser.

625 861 856 914 tierunt.
896 860 1084 916 Omnes
1111 873 1280 931 gentes
1319 880 1433 934 qua:
1469 864 1842 919 obliviscuntur
1886 870 2066 920 Deum.
2108 867 2301 932 Grzrci,
2339 871 2598 938 haeretici,
2633 872 2821 928 Judzei.

692 951 782 1004 20.
815 950 1072 1022 Exsurge,
1104 953 1343 1017 Domine,
1374 972 1474 1008 non
1500 956 1824 1024 confortatur
1851 959 2022 1012 homo.
2056 957 2182 1012 Pre-

623 1051 775 1094 catur
795 1040 1140 1111 Unigenitum
1167 1045 1219 1098 in
1251 1047 1412 1102 terris
1437 1047 1751 1103 illucescere
1775 1065 1788 1114 ;
1821 1065 1887 1104 ne
1911 1053 2182 1120 superbus

626 1130 714 1184 ille
743 1130 1010 1197 diabolus,
1047 1150 1207 1202 quem
1263 1136 1316 1189 in
1371 1139 1622 1205 przesenti
1676 1152 1834 1194 vocat
1883 1141 2182 1205 hominem,

625 1223 972 1290 supercilium
1006 1225 1145 1279 ultra
1183 1227 1351 1282 tollat.
1395 1228 1712 1282 Judicentur
1739 1241 1912 1300 gentes
1951 1234 2004 1284 in
2054 1249 2180 1285 con-

624 1321 798 1378 spectu
852 1323 959 1366 tuo.
1004 1314 1306 1371 Salutarem
1358 1323 1596 1388 gentium
1641 1321 1980 1375 vocationem
2030 1332 2183 1392 rogat

625 1401 788 1457 citius
817 1404 1025 1459 adesse.

694 1581 778 1634 2|.
810 1581 1102 1646 Constitue,
1136 1586 1370 1652 Domine,
1392 1588 1740 1656 legislalorent
1767 1606 1918 1657 super
1948 1607 2052 1643 eos.
2085 1590 2184 1644 Ec-

2365 963 2700 1030 Ἀνάστηθι,
2733 968 2928 1033 Κύριε,
2969 968 3054 1037 μὴ
3086 969 3493 1035 κραταιούσθω
3516 969 3850 1036 ἅνθρωπος.

2296 1052 2649 1122 Ἐπιλάμψειν
2698 1058 2809 1120 τοῖς
2858 1059 2948 1109 ἐπὶ
2976 1059 3076 1128 γῆς
3115 1059 3332 1128 εὔχεται
3392 1058 3482 1111 τὸν
3535 1060 3851 1130 Μονογενῆο

2283 1146 2430 1208 ὅπως
2457 1148 2486 1199 6
2507 1147 2830 1218 ὑψηλόφρων
2858 1150 3057 1212 ἐκεῖνος
3081 1150 3343 1214 διάϐολος,
3366 1151 3423 1203 ὃν
3453 1152 3543 1203 καὶ
3564 1151 3855 1224 ἄνθρωπον

2283 1237 2375 1288 ἐπὶ
2399 1237 2491 1288 τοῦ
2524 1240 2784 1308 παρόντος
2830 1240 3000 1301 καλεῖ,
3037 1241 3127 1292 ἐπὶ
3184 1241 3350 1294 πλείω
3388 1240 3461 1312 μὴ
3492 1243 3693 1313 ὲπαίρῃ
3749 1243 3856 1316 τὴν

2285 1324 2474 1394 ὀφρύν.
2500 1325 2880 1393 Κριθήτωσαν
2899 1329 3042 1394 ἔθνη
3062 1329 3316 1381 ἐνώπιόν
3340 1345 3473 1382 σου.
3502 1331 3612 1400 Τὴν
3633 1331 3725 1384 ὲπί
3751 1347 3857 1386 σω-

2285 1417 2448 1486 τηρίᾳ
2471 1418 2764 1488 γενομένην
2795 1419 2898 1470 τῶν
2927 1418 3091 1471 ἐθνῶν
3117 1421 3304 1489 κλῆσιν
3332 1421 3669 1475 ἐπισπεύδων
3697 1421 3859 1494 εὔχε-

2287 1525 2390 1558 ται.

2357 1598 2770 1664 Κατάστησον,
2807 1602 2996 1667 Κύριε,
3022 1603 3349 1670 νομοθέτην
3371 1603 3461 1655 ἐπ’
3484 1605 3723 1670 αὐτούς.
3741 1606 3858 1659 Καὶ

624 1672 748 1740 quis
781 1673 1057 1742 legislator
1091 1677 1199 1739 ille,
1236 1678 1340 1732 nisi
1371 1678 1460 1746 qui
1497 1677 1629 1731 Novi
1652 1677 1980 1734 Testamenti
2013 1683 2179 1750 legem

2287 1689 2367 1752 τίς
2397 1691 2423 1740 6
2447 1690 2740 1759 νομοθέτης
2767 1690 2798 1760 ἢ
2828 1693 2856 1743 6
2886 1692 2974 1743 τὸν
3006 1693 3105 1762 τῆς
3151 1695 3356 1763 Καινῆς
3386 1694 3659 1765 Διαθήκης
3687 1695 3855 1766 νόμον

625 1763 786 1817 nobis
818 1764 1067 1819 induxit?
1094 1766 1274 1820 Sciant
1305 1779 1476 1837 gentes
1506 1772 1750 1838 quoniam
1780 1772 2010 1825 homines
2041 1782 2180 1825 sunt.

625 1850 726 1905 Per
753 1852 1025 1923 ingentem
1051 1855 1358 1910 dremonum
1402 1857 1696 1922 fallaciam,
1731 1860 1784 1912 in
1812 1860 2183 1928 jumentorum

625 1959 831 1998 morem
886 1949 1201 2002 commutati
1255 1959 1450 2010 erant,
1504 1960 1563 2004 ut
1607 1951 1673 2005 de
1716 1951 1822 2006 illis
1877 1952 2180 2008 diceretur:

628 2034 978 2105 Comparatus
1025 2050 1102 2092 est
1138 2040 1394 2108 jumentis
1446 2041 1844 2110 insipientibus,
1899 2055 1947 2096 et
1997 2047 2185 2100 similis

627 2126 801 2193 factus
825 2138 899 2180 est
932 2129 1041 2181 illis
1073 2129 1139 2183 ⁸³.

899 2237 1238 2296 PSALMUS
1269 2242 1315 2294 Χ
1348 2245 1631 2297 secundum
1669 2245 1937 2298 Hebraeos.

698 2328 749 2381 1.
789 2328 1016 2400 thuid,
1049 2332 1286 2396 Domine,
1322 2335 1584 2387 recessisti
1623 2335 1790 2404 longe.
1827 2335 1999 2406 Rogat
2034 2354 2186 2391 acce—

626 2419 786 2473 lerari
821 2425 1058 2490 gentium
1108 2426 1448 2478 vocationem
1505 2426 1718 2479 modico
1776 2437 1896 2495 post
1947 2437 2186 2496 tempore

627 2507 888 2563 futuram.
927 2509 1163 2579 ldipsum
1201 2521 1381 2566 autem
1418 2512 1593 2569 effecit
1630 2515 1834 2569 diaboli
1872 2519 2146 2586 superbia.

692 2683 746 2737 2.
766 2682 903 2736 Dum
931 2684 1159 2752 superbit
1184 2686 1396 2754 impius,
1416 2687 1713 2740 incenditur
1736 2705 1954 2759 panper.
1984 2689 2184 2760 Super-

627 2775 737 2841 hia,
774 2775 971 2844 inquit,
1008 2777 1264 2845 improbi,
1294 2779 1450 2847 quasi
1485 2779 1794 2833 incendium
1830 2791 1912 2835 est
1938 2782 2182 2850 pauperi,

626 2867 829 2936 populo
876 2868 1083 2924 scilicet
1115 2880 1228 2924 tuo.
1286 2869 1811 2939 Comprehenduntur
1847 2874 1900 2926 in
1948 2874 2181 2927 consiliis

2287 1782 2413 1851 ἡμῖν
2439 1782 2898 1852 είσηγησάμενος;
2927 1783 3258 1838 Γνώτωσαν
3284 1784 3428 1852 ἔθνη
3451 1827 3466 1851 ,
3499 1787 3587 1840 ὅτι
3625 1788 3854 1856 ἅνθρω-

2286 1873 2386 1925 ποί
2437 1876 2570 1927 εἱσι.
2598 1875 2674 1944 Τῇ
2722 1876 2990 1947 ὑπερϐολῇ
3022 1879 3119 1946 τῆς
3165 1877 3272 1930 τῶν
3318 1877 3608 1948 δαιμονίων
3634 1879 3855 1950 ἀπάτης

2286 1965 2362 2027 εἰς
2396 1965 2604 2034 κτηνῶν
2642 1964 2780 2036 ἦσαν
2805 1969 3214 2038 μετενεχθὲν-τες
3236 1971 3432 2042 τρόπον
3450 1987 3462 1999 ·
3496 1971 3569 2033 ὡς
3595 1969 3854 2038 λέγεσθαι

2288 2058 2414 2126 περὶ
2449 2057 2660 2110 αὑτῶψ
2700 2060 3210 2128 Παρασυνεϐλήθη
3265 2061 3388 2126 τοῖς
3421 2061 3671 2130 κτήνεσι
3722 2061 3854 2128 τοῖς

2286 2149 2562 2217 ἀνοήτοις
2586 2150 2681 2202 καὶ
2709 2149 2972 2220 ὡμοιώθη
3001 2151 3223 2216 αὐτοῖς.

2874 2240 3178 2292 ΨΑΛΜΟΣ
3215 2242 3277 2293 1’.

2357 2328 2487 2381 "Ira
2513 2327 2588 2391 tl,
2611 2329 2804 2394 Κύριε,
2831 2329 3178 2397 ἀφέστηκας
3201 2334 3496 2399 μακρόθεν
3512 2349 3530 2396 ;
3559 2333 3851 2404 Ἐπιταχῦ-

2286 2435 2371 2470 ναι
2403 2417 2496 2487 τὴν
2548 2417 2752 2488 μακρὸν
2812 2418 3036 2489 ὕστερον
3081 2422 3449 2492 γενησομένην
3511 2422 3702 2492 κλῆσιν
3737 2423 3852 2475 τῶν

2287 2507 2452 2560 ἐθνῶν
2491 2506 2726 2577 εὔχεται.
2761 2509 2928 2562 Τοῦτο
2952 2510 3008 2562 δὲ
3046 2511 3176 2564 αὐτὸ
3209 2511 3503 2583 πεποίηκεν
3538 2515 3572 2581 ἡ
3598 2511 3691 2565 τοῦ
3736 2511 3853 2565 δια-

2287 2598 2437 2652 ϐόλου
2480 2600 2576 2650 ὑπε
2586 2599 2762 2670 ροψία.

2367 2695 2462 2747 Ἐν
2487 2692 2563 2758 τῷ
2590 2695 3136 2761 ὺπερηφανεύεσθαι
3178 2696 3285 2748 τὸν
3326 2695 3517 2764 ἀσεϐῆ
3546 2695 3853 2765 ἐμπυρίᾶ-

2285 2802 2377 2839 ται
2399 2790 2429 2840 ό
2457 2787 2726 2854 πτωχός-,ι
2747 2787 2807 2838 'H
2841 2787 3129 2856 ὑπεροψία,
3157 2788 3310 2858 φησὶ,
3345 2787 3438 2840 τοῦ
3464 2787 3720 2859 πονηροῦ,
3743 2787 3851 2841 πύ-

2291 2894 2449 2949 ρωσις
2481 2878 2558 2948 τῷ
2593 2879 2789 2948 πτωχῷ
2826 2895 2916 2931 σου
2951 2879 3154 2946 γίνεται
3196 2879 3334 2950 λαῷ·
3383 2880 3852 2946 Συλλαμάἱνον·

623 2957 811 3027 quibus
872 2960 1123 3028 cogitant.
1184 2960 1237 3014 ld
1294 2970 1397 3024 est,
1449 2963 1995 3030 comprehendentur.
2043 2963 2177 3020 Nam

2288 2986 2378 3021 ται
2419 2969 2488 3021 ἐν
2519 2969 2897 3034 διαϐουλίοις,
2930 2965 3017 3034 οἷς
3055 2969 3503 3040 διαλογίζονται,
3548 2971 3689 3025 Ἀντὶ
3730 2970 3846 3036 τοῦ,

625 3057 684 3104 tu
702 3063 784 3112 es,
803 3049 1001 3118 inquit,
1031 3050 1124 3119 qui
1152 3052 1570 3121 comprehendis
1602 3056 1872 3124 sapientes
1899 3056 1952 3110 in
1983 3058 2180 3111 astutia

625 3154 812 3195 eorum
836 3140 903 3196 “.

695 3234 749 3287 '5.
777 3232 1038 3297 Quoniam
1067 3235 1320 3290 laudatur
1345 3246 1586 3306 peccator
1614 3239 1668 3290 in
1692 3239 1966 3293 desideriis
1994 3240 2183 3294 animi:

625 3338 755 3376 sue.
786 3323 980 3388 Tanta,
1037 3327 1230 3394 inquit,
1276 3325 1376 3380 fuit
1409 3327 1526 3395 ejus
1578 3327 1886 3391 clementia,
1937 3339 2015 3396 ut,
2057 3333 2181 3400 quia

627 3414 780 3485 impii
811 3417 1056 3486 impuniti
1095 3419 1465 3483 remanebant,
1491 3420 1710 3474 demum
1745 3422 1885 3490 apud
1915 3424 2180 3491 quosdam

626 3508 980 3564 stultissimos
1030 3511 1278 3568 homines
1315 3527 1504 3567 eorum
1551 3513 1661 3565 vita
1714 3522 1932 3582 accepta
1959 3525 2101 3570 esset
2131 3525 2184 3569 et

626 3598 960 3654 laudaretur.

695 3689 748 3743 4.
793 3687 1140 3745 Exacerbavit
1189 3692 1474 3746 Dominum
1523 3704 1785 3763 peccator.
1829 3693 2186 3751 Exacerhavit

625 3779 842 3848 quidem
875 3781 1150 3838 irridendo
1178 3784 1324 3839 illius
1348 3785 1411 3840 de
1437 3785 1773 3855 providentia
1799 3795 1850 3841 et
1877 3787 1942 3842 de
1977 3786 2183 3855 judicio

624 3872 810 3928 verba.
846 3872 998 3928 Multi
1026 3891 1258 3946 namque
1299 3893 1422 3932 cum
1472 3878 1848 3948 hujuscemodi
1902 3879 2181 3948 quidpiam

626 3963 876 4032 audiunt,
903 3966 1088 4020 statim
1107 3968 1302 4021 rident.
1326 3966 1436 4022 Hoc
1465 3980 1648 4024 autem
1675 3969 2054 4038 suhjungitur:
2091 3967 2184 4033 Se-

625 4059 860 4114 Cundum
893 4058 1278 4111 multitudinem
1311 4060 1404 4112 ira:
1449 4077 1576 4113 sum.
1637 4059 1707 4113 Ut
1750 4061 1825 4114 ita
1884 4077 1942 4116 se
1990 4062 2185 4115 habeat

627 4161 735 4205 tota
769 4149 1064 4203 sententia:
1098 4147 1453 4203 Exaccrbavit
1486 4149 1796 4215 Dominum,
1830 4149 2022 4219 inquit,
2057 4166 2182 4219 pec-

625 4253 800 4307 cator,
849 4241 1253 4296 multitudinem
1299 4243 1391 4296 irze
1441 4241 1545 4296 sibi
1595 4243 1992 4295 thesaurizans.
2046 4239 2181 4296 Illud

2286 3059 2768 3130 συλληφθήσονται.
2812 3061 2881 3112 Σὺ
2926 3061 3034 3131 γαρ
3071 3057 3150 3122 εἶ,
3182 3062 3365 3129 φησιν,
3409 3062 3437 3113 6
3483 3061 3850 3132 δρασσόμενος

2282 3151 2408 3213 τοὺς
2440 3152 2636 3218 σοφοὺς
2665 3152 2721 3203 ἐν
2742 3153 2805 3221 τῇ
2839 3152 3138 3223 πανουργίᾳ
3164 3152 3362 3207 αὐτῶν.

2357 3239 2473 3291 Ὅτι
2496 3239 2815 3293 ἐπαινεῖται
2831 3244 2863 3293 ὁ
2891 3241 3234 3309 ἁμαρτωλὸς
3257 3243 3327 3295 ἐν
3348 3242 3475 3310 ταῖς
3511 3245 3849 3314 ἐπιθυμίαις

2283 3327 2392 3395 τῆς
2423 3329 2633 3398 ψυχῆς
2660 3329 2864 3384 αὐτοῦ.
2893 3331 3160 3402 Τοσαύτη,
3199 3333 3331 3402 φησὶ
3354 3372 3368 3395 ,
3405 3334 3628 3402 γέγονεν
3673 3337 3707 3406 ἡ
3729 3335 3850 3388 «hv-

2282 3421 2552 3487 ιξικακία,
2608 3422 2682 3484 ὡς
2715 3423 2825 3486 καὶ,
2871 3422 2956 3474 διὰ
2987 3423 3042 3474 τὸ
3094 3425 3471 3496 ἀτιμωρήτους
3509 3425 3689 3495 μένειν
3720 3428 3848 3490 τοὺς

2282 3510 2516 3577 ἀσεϐεῖς,
2550 3511 2731 3564 λοιπὸν
2759 3513 2851 3565 καὶ
2882 3512 3031 3583 παρά
3052 3530 3158 3565 τισι
3189 3512 3297 3566 τῶν
3318 3514 3683 3587 ἁνοητοτέρων
3711 3516 3848 3569 ἀπό-

2281 3601 2466 3654 δεκτον
2497 3603 2675 3664 αὐτοῖς
2703 3597 2839 3654 εἶναι
2865 3603 2952 3654 τὸν
2981 3603 3114 3673 βίον.

2353 3690 2669 3758 Παρώξυνε
2700 3693 2804 3744 τὸν
2828 3695 3044 3760 Κύριον
3069 3697 3100 3746 ὀ
3133 3695 3497 3763 ἁμαρτωλός.
3547 3695 3842 3767 Παρώξυνε

2288 3784 2384 3854 μὲν
2411 3783 2682 3853 χλευάζων
2723 3785 2847 3846 τοὺς
2876 3786 3002 3856 περὶ
3037 3787 3288 3856 προνοίας
3340 3787 3431 3839 καὶ
3470 3787 3566 3857 τῆς
3610 3789 3847 3859 κρίσεως

2283 3873 2444 3927 αὑτοῦ
2475 3873 2681 3942 λόγους.
2709 3875 2897 3929 Πολλοὶ
2930 3877 3026 3947 μὲν
3049 3878 3155 3948 γὰρ
3180 3877 3471 3942 ἀκούοντες
3512 3878 3754 3933 τοιοῦτόν
3790 3898 3845 3935 τι

2282 3964 2509 4033 γελῶσιν
2542 3965 2740 4028 εὐθέως
2760 3984 2771 3995 ·
2800 3967 2956 4019 τοῦτο
2990 3967 3046 4020 δὲ
3083 3969 3408 4022 συνάπτεται
3433 4009 3447 4029 ,
3491 3969 3551 4022 τὸ
3590 3970 3752 4024 Κατὰ
3777 3971 3844 4025 τὸ

2283 4055 2512 4122 πλῆθος
2559 4054 2667 4123 τῆς
2704 4056 2885 4124 ὀργῆς
2915 4058 3098 4111 αὑτοῦ
3123 4076 3135 4088 ·
3166 4059 3250 4110 ἵνα
3358 4058 3417 4111 τὸ
3465 4059 3585 4112 ὅλον
3639 4058 3841 4123 οὓτως·

2282 4145 2572 4217 Παρώξυνε
2607 4147 2696 4200 τὸν
2721 4147 2942 4217 Κύριον,
2981 4149 3163 4219 φησιν,
3191 4151 3219 4202 6
3254 4149 3605 4222 ἁμαρτωλὸς,
3640 4149 3846 4219 πλῆθος

2281 4235 2448 4307 ὀργῆς
2501 4235 2674 4306 ἑαυτῷ
2702 4237 3063 4306 θησαυρίζων.
3116 4241 3189 4292 Τὸ
3233 4241 3359 4311 γὰρ,
3391 4241 3598 4303 αὑτοῦ,
3627 4241 3722 4294 ἐπὶ
3747 4240 3844 4294 τοῦ

623 4333 792 4396 enim,
825 4349 954 4395 sum,
984 4332 1050 4385 de
1073 4333 1434 4386 exacerbante
1457 4342 1540 4386 est
1563 4331 1957 4400 accipiendum.
1980 4331 2179 4386 Deinde

2286 4325 2681 4396 παροξύναντος
2710 4326 2962 4397 ληπτέον.
2995 4323 3124 4380 Εἶτα
3148 4329 3208 4381 τὸ
3243 4329 3632 4400 ἐπιφερόμενον
3661 4329 3844 4394 τοῦτο,

623 4424 769 4494 quod
809 4423 1012 4478 dicitur
1043 4442 1053 4476 :
1089 4440 1190 4475 non
1229 4433 1444 4491 quazret,
1479 4439 1602 4475 cum
1640 4423 2074 4491 interpunctione
2109 4423 2183 4477 le-

624 4515 881 4585 gendum,
905 4525 963 4567 ut
991 4515 1062 4566 ita
1105 4515 1454 4582 intelligatur:
1473 4515 1550 4566 An
1587 4514 1674 4568 ille
1701 4515 1862 4568 homo
1889 4513 2056 4566 Deum
2089 4530 2179 4567 ex-

622 4605 861 4664 acerbat,
895 4604 988 4657 irae
1019 4604 1121 4656 sibi
1152 4604 1580 4673 magnitudinem
1611 4604 1934 4669 accendens,
1963 4611 2018 4657 et
2041 4601 2181 4658 Deus

623 4711 731 4748 non
773 4696 1013 4764 quaeret?
1041 4695 1175 4748 Cum
1202 4695 1638 4763 interpunctione
1668 4694 1850 4763 itaque
1873 4693 2180 4764 legendum,

623 4799 682 4842 ut
713 4789 783 4843 sit
809 4788 896 4840 hic
932 4802 1125 4841 sensus
1153 4804 1167 4840 ε
1198 4785 1393 4837 Annon
1428 4793 1630 4852 quieret
1667 4785 1848 4838 Deus?
1870 4800 2049 4838 annon
2082 4784 2180 4838 tri-

620 4881 749 4934 buet
778 4879 877 4947 ipsi
912 4878 1209 4934 secundum
1244 4878 1402 4940 iram,
1451 4892 1613 4946 quam
1660 4876 1762 4932 sibi
1795 4877 2182 4932 thesaurizavit

621 4973 674 5027 in
707 4973 795 5027 die
822 4971 914 5025 irae
940 4987 1051 5026 sua:
1082 4970 1105 5023 ?

691 5063 743 5115 5.
783 5059 903 5113 Non
932 5072 1005 5112 est
1032 5059 1169 5113 Deus
1198 5059 1250 5110 in
1278 5067 1553 5126 conspectu
1583 5057 1716 5124 ejus.
1756 5056 1970 5110 Initium
2002 5059 2179 5112 omnis

621 5153 848 5220 improbi
896 5152 1073 5221 operis
1126 5163 1208 5205 est
1253 5148 1420 5203 Deum
1475 5163 1580 5203 non
1633 5149 1870 5218 cogitare
1915 5147 2175 5217 judicent.

622 5245 948 5312 Auferuntur
976 5245 1184 5311 judicia
1217 5253 1307 5295 tua
1346 5261 1377 5294 a
1405 5243 1540 5309 {acie
1576 5240 1708 5309 ejus.
1744 5238 1876 5292 Nam
1903 5240 1993 5308 qui
2024 5239 2177 5307 igno-

621 5349 702 5389 rat
729 5351 846 5390 esse
867 5334 1056 5398 Deum,
1088 5335 1300 5403 ignorat
1332 5335 1456 5386 item
1490 5347 1608 5386 csse
1633 5332 1894 5398 judicem.
1931 5329 2174 5384 Omnium

619 5427 950 5478 inimicorum
986 5441 1201 5478 suorum
1250 5421 1630 5476 dominabitur.
1686 5421 1872 5474 Simile
1926 5431 2006 5474 est
2055 5420 2174 5473 illi:

621 5516 928 5570 Universum
976 5515 1150 5568 orbem
1211 5531 1367 5567 manu
1414 5513 1843 5580 comprehendant
1895 5513 2047 5580 quasi
2097 5512 2177 5563 ni-

616 5607 801 5659 dum"
855 5605 1002 5659 Dixit
1032 5607 1170 5658 enim
1203 5607 1254 5658 in
1295 5606 1448 5658 corde
1476 5621 1602 5658 suo:
1632 5603 1752 5657 Non
1784 5602 2040 5667 movebar,
2069 5611 2171 5657 etc.

2286 4420 2395 4471 οὐκ
2431 4416 2757 4484 ὲκζὴτήσει,
2795 4419 2913 4484 καθ’
2943 4421 3281 4491 ὑποστιγμὴν
3313 4422 3713 4489 ἀναγνωστέονο
3755 4423 3844 4478 ἵνα

2284 4506 2316 4582 ᾖ
2344 4509 2403 4561 τὸ
2431 4509 2712 4578 νοούμενον
2737 4509 2908 4572 οὕτως
2931 4527 2944 4539 ο
2980 4507 3102 4581 'Ap‘
3141 4509 3233 4565 οὖν
3263 4514 3290 4564 6
3320 4511 3417 4583 μὲν
3441 4511 3729 4583 παροξύνει
3752 4512 3844 4567 τὸν

2283 4600 2432 4665 Θεὸν,
2463 4601 2638 4653 καίτοι
2671 4601 2870 4669 πλῆθος
2911 4602 3057 4672 αὐτῷ
3086 4603 3320 4657 ἐκκαίων
3355 4604 3558 4675 ὀργῆς,
3596 4605 3625 4656 6
3652 4603 3709 4656 δὲ
3741 4604 3843 4660 οὐκ

2282 4691 2606 4762 ἐκζητήσει;
2656 4692 2790 4745 Καθ’
2830 4694 3169 4763 ὑποστιγμὴν
3213 4696 3611 4765 ἡάνὰγνωσις,
3653 4696 3739 4748 ἴνα
3824 4712 3838 4725 ·

2282 4783 2394 4836 Οὐκ
2441 4782 2751 4852 ὲκζητήσει,
2796 4784 2978 4852 φησὶν,
3006 4786 3033 4836 6
3060 4784 3209 4846 Θεὸς,
3236 4785 3331 4838 καὶ
3376 4783 3644 4837 ἀποδώσει
3693 4784 3842 4856 αὐτῷ

2283 4875 2419 4928 κατὰ
2449 4875 2545 4944 τὴν
2595 4873 2791 4944 ὀργὴν,
2832 4876 2895 4944 ἢν
2943 4876 3120 4944 ἑαυτῷ
3152 4875 3507 4946 ὲθησαύρισεν
3552 4875 3610 4927 ὲν
3658 4874 3842 4947 ἡμέρα

2279 4967 2446 5036 ὀργῆς
2480 4961 2641 5017 αὑτοῦ
2660 4980 2672 5025 ;
3372 4955 3380 4964 ’

2343 5061 2464 5111 Οὐκ
2491 5059 2659 5112 ἐστιν
2687 5061 2718 5111 ό
2759 5057 2898 5121 Θεὸς
2935 5057 3186 5110 ἐνώπιον
3221 5056 3425 5111 αὑτοῦ.
3463 5055 3626 5127 Ἀρχὴ
3660 5054 3840 5126 πάσης

2281 5151 2519 5222 πονηρᾶς
2547 5151 2792 5220 πράξεως
2831 5149 2891 5201 τὸ
2919 5149 2991 5220 μὴ
3021 5148 3328 5216 λογίζεσθαι
3351 5147 3538 5219 κριτὴν
3567 5146 3656 5200 τὸν
3672 5145 3802 5200 Θεόν
3820 5161 3837 5178 ο

2291 5241 2711 5308 Ἀνταναίρεται
2734 5239 2806 5292 τὰ
2833 5239 3081 5308 χρίματὰ
3102 5255 3215 5292 σου
3239 5239 3352 5292 ἀπὸ
3384 5235 3705 5306 προσώπου
3731 5239 3838 5290 αὐ-

2280 5333 2402 5387 τοῦ.
2445 5335 2500 5386 Ὀ
2534 5333 2641 5404 γὰρ
2673 5334 2745 5404 μὴ
2773 5333 3152 5402 ἐπιστάμενος,
3181 5332 3261 5384 ὅτι
3284 5331 3397 5383 ἔστι
3431 5331 3580 5393 Θεὸς,
3606 5329 3725 5382 οὐδὲ
3757 5330 3836 5382 ὃτι

2280 5427 2471 5498 κριτής
2507 5428 2648 5478 ἐστιν
2681 5422 2808 5479 οἶδε.
2845 5425 3088 5479 Πάντων
3119 5423 3235 5478 τῶν
3266 5423 3490 5493 ἐχθρῶν
3521 5421 3704 5477 αὐτοῦ
3733 5438 3834 5476 κα-

2278 5518 2671 5584 τακυριεύσει.
2725 5518 2946 5585 Ὅμοιον
2993 5516 3055 5569 τὸ
3082 5555 3096 5577 ,
3154 5516 3278 5583 Τὴν
3305 5513 3660 5584 οικοινμένην
3687 5513 3836 5582 ὅλην

2279 5607 2694 5676 καταλήψομαι
2718 5606 2789 5676 τῇ
2815 5610 2965 5679 χειρί
2989 5625 3104 5677 μου
3132 5611 3210 5674 ὡς
3237 5606 3516 5662 νοσσιὰν.
3561 5601 3704 5660 Εἶπε
3730 5604 3834 5674 γὰρ

696 5759 890 5815 ⁸³Ρεει1.
919 5776 1103 5827 mm,
1141 5761 1226 5813 1'5.
1303 5757 1467 5814 “Job
1499 5775 1552 5822 ν,
1593 5761 1676 5812 l3.
1754 5761 1797 5791 ⁸⁵
1824 5757 1927 5812 lsa.
1962 5776 2012 5821 ι,
2052 5757 2138 5821 Η,
2173 5815 2179 5827 ,

2284 5769 2326 5816 L1
2359 5758 2519 5813 LXX.
