4032 6422
179 384 250 442 89
1329 383 1691 441 EXPOSITIO
1731 384 1797 439 IN
1838 385 2171 445 PSALMUM
2209 391 2272 448 Χ.
3345 407 3416 464 90

176 508 249 557 ἐν
289 501 363 570 τῇ
395 503 610 571 καρδίᾳ
632 499 819 556 αὑτοῦ
838 517 852 531 ·
889 500 972 555 Οὐ
996 501 1080 570 μὴ
1111 500 1404 556 σαλευθῶ.
1452 503 1593 555 Ἀντὶ
1617 501 1712 556 τοῦ
1739 519 1752 533 ·

1860 503 1913 558 Id
1943 515 2064 560 est:
2102 506 2218 561 Non
2272 507 2502 563 inducar
2541 510 2593 562 iu
2643 527 2907 580 errorem,
2964 531 3069 571 non
3103 528 3315 574 evertar
3360 522 3415 578 in

177 597 253 650 οὐ
303 596 376 667 μὴ
415 595 620 665 σφάλω,
656 594 715 648 οὐ
761 594 835 666 μὴ
882 596 1362 666 περιτραπήσομαι
1402 597 1480 659 εἰς
1513 597 1700 665 γενεάν
1729 613 1740 624 ·

175 685 234 740 οὗ
263 684 377 753 γὰρ
402 683 594 753 ἔσομαι
628 685 685 736 ἐν
716 682 974 736 κακώσει.

1853 600 2272 667 generationem,
2300 617 2402 654 non
2435 602 2485 654 in
2517 603 2676 657 malis
2707 620 2821 660 ero.

258 776 458 844 Adjicit
494 774 624 826 Dan.
676 773 840 827 Barb.
885 773 1018 826 Nam
1051 773 1359 841 quicunque
1395 774 1505 826 vitii
1543 774 1810 842 particeps
1833 781 1936 834 est,
1972 771 2101 824 nihil
2131 787 2294 842 grave
2324 788 2381 826 se
2409 773 2715 828 subiturum
2752 787 2921 846 putat.

257 867 415 938 [Οὐκ
442 867 612 919 ἔστιν
649 869 682 919 ό
721 865 864 930 Θεὸς
909 864 1163 918 ἐνώπιον
1206 866 1414 919 αὐτοῦ.
1480 866 1752 920 Ἐκϐαλὼν

181 959 275 1010 τὸν
310 956 450 1009 θεῖον
475 955 633 1026 φόϐον
662 958 726 1008 ὲκ
767 959 863 1026 τῆς
921 955 1116 1025 ψυχῆς,
1167 956 1457 1020 διαπαντὸς
1487 961 1544 1010 ὲν
1592 957 1758 1029 κακίᾳ

181 1048 470 1120 διατρίϐει.
518 1047 683 1119 Ἀρχὴ
704 1047 882 1118 πάσης
908 1048 1148 1116 πονηρᾶς
1175 1048 1424 1118 πράξεως
1458 1048 1519 1100 τὸ
1547 1048 1620 1118 μὴ
1670 1048 1756 1100 λο-

178 1139 429 1208 γίζεσθαι
452 1141 641 1211 κριτὴν
668 1139 914 1191 τὸνθεόν.
948 1139 1386 1206 Ἀνταναφετίιι
1407 1140 1478 1191 τὰ
1497 1139 1748 1207 κρίματά

176 1249 297 1286 σου
327 1231 446 1286 ἀπὸ
491 1229 811 1300 προσώπου
849 1228 1054 1283 αὑτοῦ.
1104 1231 1178 1282 Οὐ
1244 1229 1489 1300 βούλεται
1522 1230 1740 1294 εἰδέναι,

176 1325 259 1375 ὅτι
291 1323 484 1393 κριτὴς
521 1319 570 1374 εἷ
607 1323 833 1384 δίκαιοςο
884 1323 912 1373 ὁ
946 1321 1053 1391 γὰρ
1110 1323 1183 1392 μὴ
1233 1321 1612 1392 ἐπιστάμενος,
1665 1323 1746 1375 ὅτι

175 1415 294 1467 εστι
324 1414 475 1478 Θεὸς,
503 1413 622 1466 οὐδὲ
642 1415 721 1466 ὅτι
749 1415 939 1483 κριτὴς
985 1413 1129 1464 ἐστιν
1169 1410 1297 1466 οἶδε.
1356 1413 1602 1467 Πάντων
1630 1412 1747 1467 τῶν

175 1504 408 1574 ἐχθρῶν
437 1504 622 1558 αὐτοῦ
677 1505 1150 1571 κατακειριεύσει.
1184 1504 1304 1555 Τῶν
1349 1504 1668 1575 πειρασμῶν
1701 1506 1750 1558 oi

180 1596 281 1665 μὲν
309 1596 671 1667 προσάγονται
693 1596 758 1665 τῇ
785 1595 1010 1664 ψυχῇ,οί
1033 1594 1087 1646 δὲ
1109 1592 1186 1664 τῷ
1212 1594 1441 1664 σώματι,
1474 1596 1522 1647 οἱ
1555 1595 1611 1648 δὲ
1635 1599 1748 1660 τοῖς

177 1683 340 1755 πέριξ
371 1683 464 1738 τοῦ
497 1683 765 1754 σώματος.
789 1684 894 1736 Καὶ
928 1685 976 1735 oi
1035 1684 1132 1753 μὲν
1163 1684 1306 1754 ψυχῇ
1356 1687 1750 1757 προσαγόμενοι

1929 863 2072 936 [Non
2105 876 2180 919 est
2210 865 2350 919 Deus
2374 867 2427 919 in
2458 879 2734 936 conspectu
2767 871 2898 938 ejus.
2934 872 3170 942 Expulso
3202 893 3266 930 ex
3299 879 3416 932 ani-

1857 973 1944 1011 ma
1973 973 2069 1012 sua
2106 956 2198 1011 Dei
2245 959 2440 1014 timore
2464 1002 2478 1025 ,
2507 976 2722 1030 semper
2767 966 2818 1016 in
2852 966 3054 1020 malitia
3087 979 3414 1035 perseverat.

1855 1049 2190 1119 Principium
2220 1053 2399 1108 omnis
2440 1055 2592 1108 malae
2637 1056 2866 1110 actionis
2897 1068 3008 1122 est,
3035 1075 3141 1114 non
3179 1063 3420 1131 cogitare

1853 1140 2091 1209 judicem
2124 1139 2314 1196 Deum.
2365 1144 2690 1212 Auferutttur
2723 1146 2930 1214 judicia
2959 1157 3050 1202 uia
3073 1168 3104 1202 a
3127 1151 3262 1220 facie
3281 1154 3415 1221 ejus.

1853 1230 2024 1287 Nosse
2059 1248 2169 1286 non
2200 1233 2313 1286 vult
2344 1243 2394 1287 te
2427 1235 2668 1303 judicem
2714 1253 2833 1292 esse
2855 1239 3064 1308 justum
3102 1261 3115 1297 :
3147 1245 3241 1312 qui
3274 1244 3417 1297 enim

1857 1337 1965 1373 non
2011 1323 2162 1376 novit
2201 1337 2320 1376 esse
2361 1321 2530 1377 Deum
2561 1365 2576 1390 ,
2615 1341 2789 1395 neque
2832 1328 3070 1396 judicem
3101 1347 3222 1385 esse
3248 1333 3417 1388 novit.

1861 1410 2111 1465 Omnium
2135 1413 2468 1466 inimicorum
2498 1430 2711 1468 suorum
2733 1417 3106 1471 dominabitur.
3141 1419 3420 1475 Tentatio-

1857 1515 1952 1554 nes
1984 1500 2101 1554 alia:
2133 1501 2318 1554 animo
2343 1541 2357 1566 ,
2404 1505 2618 1571 corpori
2658 1505 2778 1559 alia:
2805 1507 3163 1574 objiciuntur;
3209 1510 3328 1562 alize
3353 1511 3422 1566 iis

1859 1605 1978 1658 qua:
2009 1591 2212 1644 circum
2252 1605 2449 1659 corpus
2480 1601 2783 1644 versantur.
2815 1592 2944 1658 Quae
2972 1595 3155 1648 animo
3183 1593 3421 1648 oﬂ‘erun-

1857 1688 1966 1741 tur,
2013 1679 2372 1749 cogitationes
2424 1680 2647 1749 impurae
2693 1692 3097 1752 nuncupantur,
3138 1701 3260 1755 quae
3298 1699 3421 1753 pec-

173 1773 427 1842 λογισμοὶ
485 1773 782 1844 ἀκάθαρτοι
831 1773 1094 1840 λέγονται,
1152 1775 1424 1845 ἁμαρτίας
1449 1775 1746 1842 γεννῶντες

1855 1778 1974 1824 cata
2009 1777 2062 1822 et
2112 1770 2364 1841 dogmata
2401 1770 2537 1824 falsa
2574 1779 2865 1840 generant;
2901 1787 3023 1841 qua:
3071 1774 3286 1842 corpori
3324 1773 3423 1827 ad-

176 1867 272 1916 καὶ
308 1864 552 1936 δόγματα
579 1863 771 1934 ψευδῆ·
826 1865 957 1925 οἱδὲ
1000 1863 1077 1934 τῷ
1128 1863 1337 1933 σώματι
1372 1866 1752 1936 προσφερόμε-

173 1971 258 2008 νοι
301 1954 526 2025 πληγῶν
558 1956 650 2008 καὶ
709 1953 1087 2026 στρεϐλώσεων
1112 1955 1204 2006 καὶ
1232 1953 1484 2024 διωγμῶν
1524 1954 1618 2007 καὶ
1649 1972 1746 2023 φυ-

173 2046 363 2098 λακῶν
386 2047 478 2098 καὶ
522 2045 765 2099 θανάτων
794 2046 952 2098 αἴτιοι
999 2044 1253 2112 γίνονται·
1283 2047 1332 2097 οἱ
1377 2045 1433 2098 δὲ
1472 2046 1578 2100 τῶν
1626 2047 1755 2118 περὶ

173 2132 274 2186 τοῦ
315 2131 564 2204 σώματος
611 2132 905 2204 πειρασμοὶ
938 2131 1248 2201 περιέχουσι
1296 2130 1494 2202 ζημίας
1539 2132 1754 2202 χρημά-

174 2242 286 2278 των
308 2226 404 2278 καὶ
430 2225 722 2296 κτημάτων
752 2224 845 2276 καὶ
869 2222 1140 2284 ἁποϐολὰς
1155 2223 1357 2274 τέκνων
1376 2222 1754 2289 καὶγυναικῶν

175 2316 522 2387 ἀφαιρέσεις.
553 2315 718 2384 Δῆλον
763 2309 854 2366 οὖν
877 2315 1022 2364 ἐστιν
1056 2314 1119 2364 ὲκ
1151 2311 1376 2374 τούτων,
1423 2312 1502 2363 ὅτι
1539 2313 1753 2376 πάντως

174 2407 267 2460 διά
293 2423 440 2468 τινος
468 2405 576 2457 τῶν
628 2405 1057 2474 κατειλεγμένων
1103 2404 1421 2474 πειρασμῶν
1474 2403 1755 2473 ἐκυρίευσε

176 2498 382 2560 παντὸς
414 2497 624 2550 δικαίου
655 2498 683 2549 ό
708 2497 967 2557 Σατανᾶς·
997 2497 1153 2566 μόνος
1184 2496 1291 2566 γὰρ
1319 2496 1548 2566 Χριστὸς
1582 2496 1758 2564 ἀμαρ-

174 2591 316 2644 τια-ν·
349 2591 458 2643 οὐκ
510 2590 778 2656 ἐποίησε,
825 2591 922 2642 καὶ
957 2591 1069 2659 οὐχ
1113 2587 1322 2657 εὑρέθη
1377 2588 1556 2654 δόλος
1580 2589 1649 2640 ἐν
1678 2587 1755 2654 τῷ

175 2685 431 2751 στόματι
459 2680 692 2753 αὑτοῦ]

244 2769 510 2840 Οὗὰρᾶς
541 2773 605 2825 τό
636 2773 828 2841 στόμα
847 2771 1029 2824 αὐτοῦ
1057 2771 1233 2840 γέμει.
1274 2770 1612 2840 Παράμονον,
1647 2787 1752 2841 φη-

179 2866 286 2925 σὶν,
317 2863 459 2929 ἕξειν
480 2863 577 2934 τὴν
605 2861 900 2931 εὐημερίαν
919 2862 1242 2929 λελόγισται.
1273 2861 1363 2913 Διὸ
1405 2861 1497 2914 καὶ
1532 2863 1754 2933 πικρίας

177 2956 274 3008 καὶ
311 2955 462 3007 δόλου
483 2954 544 3007 τδ
571 2953 744 3024 στόμα
798 2953 1170 3026 πεπλήρωται·
1205 2955 1297 3006 καὶ
1345 2955 1449 3024 μὴν
1490 2954 1754 3022 ὲνεδρεύει

179 3047 430 3115 πτωχοὺς
457 3045 592 3117 πρὸς
621 3045 683 3098 τὸ
703 3046 1015 3098 ἀποκτεῖναι
1048 3045 1134 3099 διὰ
1181 3045 1289 3100 τῶν
1325 3046 1467 3098 ἰδίων
1490 3046 1750 3114 παγίδων.

1853 1869 2177 1926 moventur,
2241 1869 2368 1914 sunt
2427 1876 2608 1916 causa:
2661 1862 2984 1932 plagarum,
3036 1863 3419 1930 cruciatuum,

1852 1950 2293 2020 persecutionum
2320 1989 2335 2012 ,
2365 1966 2670 2015 carcerum,
2701 1954 2929 2020 mortis;
2963 1969 3083 2023 quae
3121 1955 3261 2009 circa
3295 1969 3420 2010 cor-

1852 2056 1954 2110 pus
2011 2047 2297 2095 versantur
2350 2042 2713 2106 tcntationes,
2781 2057 2910 2097 sunt
2965 2047 3320 2114 pecuniarum
3367 2057 3424 2101 et

1853 2132 2259 2201 possessionum
2293 2132 2528 2194 mulctae,
2560 2132 2794 2187 ﬁliorum
2827 2145 2878 2188 et
2908 2151 3137 2189 uxorum
3169 2139 3419 2207 jactura.

1853 2222 2037 2276 Palam
2060 2224 2243 2292 itaque
2271 2231 2355 2276 est
2386 2237 2451 2276 ex
2487 2222 2816 2292 supradictis
2854 2223 3109 2278 Satanam
3143 2227 3327 2294 aliquo
3356 2242 3420 2280 ex

1855 2313 2170 2369 memoratis
2203 2315 2565 2368 tentationum
2604 2315 2916 2383 generibus,
2949 2316 3001 2368 in
3031 2316 3210 2386 justus
3234 2333 3425 2372 omnes

1853 2406 2194 2460 dominatum
2242 2405 2500 2459 habuisse
2534 2423 2547 2459 :
2595 2406 2744 2459 solus
2778 2408 2977 2474 quippe
3009 2407 3262 2464 Christus
3304 2424 3425 2480 pec-

1854 2506 2033 2549 catum
2078 2512 2180 2549 non
2226 2497 2394 2566 fecit,
2439 2513 2601 2567 neque
2647 2498 2801 2551 dolus
2848 2500 3086 2552 inventus
3127 2509 3204 2553 est
3243 2504 3300 2556 in
3338 2517 3428 2557 ore

1853 2588 1967 2656 ejus
1998 2586 2102 2658 ⁸⁶.]

1927 2783 1976 2837 7.
2018 2782 2185 2853 Cujus
2231 2786 2594 2841 maledictione
2637 2805 2694 2842 os
2734 2789 2945 2854 plenum
2972 2803 3069 2846 est.
3101 2792 3430 2850 Permanen-

1855 2885 1984 2942 tem,
2014 2876 2218 2946 inquit,
2238 2894 2296 2932 se
2325 2879 2633 2933 felicitatem
2668 2881 2975 2934 habiturum
3017 2892 3202 2952 putat,
3233 2899 3427 2953 quam-

1854 2969 2040 3022 obrem
2087 2979 2138 3021 cl.
2194 2971 2557 3027 amaritudine
2583 2984 2636 3026 ct
2669 2974 2794 3027 dolo
2821 2989 2883 3028 os
2912 2974 3030 3043 ejus
3057 2976 3271 3043 plenum
3301 2985 3382 3031 est
3408 3016 3423 3041 ,

1856 3065 2018 3126 atque
2064 3057 2289 3112 insidias
2337 3069 2490 3128 parat
2523 3062 2892 3129 pauperibus,
2942 3074 3000 3115 ut
3047 3065 3258 3133 laqueis
3311 3068 3426 3121 suis

179 3139 254 3191 Τὸ
277 3139 354 3201 δὲ,
379 3139 528 3207 μετὰ
555 3141 884 3202 πλουσίων,
914 3141 966 3192 τί
1014 3138 1078 3192 ἂν
1111 3140 1295 3209 ἕτερον
1339 3138 1556 3210 νοηθείη
1583 3140 1616 3209 ἦ
1646 3140 1752 3194 τῶν

1859 3148 2146 3203 interﬁciat
2171 3165 2287 3206 eos.
2314 3148 2446 3203 Illud
2477 3165 2662 3220 porro,
2687 3164 2807 3204 cum
2832 3153 3104 3213 divitibus.
3126 3155 3254 3225 quid
3279 3155 3425 3210 aliud

176 3227 552 3281 πλουτούντων
586 3231 644 3281 ὲν
675 3232 862 3291 κακοῖς
887 3246 901 3294 ;
940 3225 1097 3284 Οὗτοι
1125 3230 1234 3299 γὰρ
1259 3223 1342 3299 τῷ
1365 3229 1591 3300 διαϐόλῳ
1612 3230 1752 3284 κατὰ

176 3317 288 3371 τῶν
337 3317 568 3389 πτωχῶν
598 3317 676 3388 τῷ
706 3319 871 3389 πατρὶ
896 3318 1071 3371 αὐτῶν
1106 3319 1546 3391 συμπράττουσιν

262 3497 614 3566 Ἐτκάθηται
675 3498 742 3552 ἐν
794 3498 1004 3568 ἐνέδρᾳ
1051 3500 1200 3568 μετὰ
1265 3501 1594 3554 πλουσίων.
1679 3501 1750 3553 Εν

183 3591 462 3658 συλλόγοις
489 3589 544 3642 δὲ
573 3591 666 3644 καὶ
697 3592 754 3644 ὲν
799 3592 1096 3661 συνεδρίοις
1151 3590 1476 3661 καθήμενος,
1531 3591 1751 3664 ἐνέδρας

180 3682 332 3744 τινὰς
366 3683 462 3734 καὶ
500 3682 743 3752 μηχανὰς
765 3685 875 3744 τοῖς
903 3684 1160 3744 ἀναιτίοις
1193 3683 1608 3747 κατασκευάζει.

251 3774 446 3841 mea;
497 3774 594 3827 καὶ
635 3773 920 3827 πεσεῖται.
957 3774 1122 3826 Ὅταν
1157 3774 1283 3844 εἴπῃ
1318 3774 1524 3847 [Αηιὺν.
1564 3776 1688 3829 add.
1723 3779 1751 3830 ό

178 3865 424 3928 διάϐολος
515 3864 810 3935 Νενίκηκα,
849 3863 968 3917 τότε
999 3862 1177 3917 πεσὼν
1210 3865 1539 3934 αἰσχύνεται.

249 3951 401 4010 Εἷπε
460 3954 570 4024 γὰρ
631 3957 699 4007 ἐν
746 3953 961 4024 καρδίᾳ
1010 3955 1214 4008 αὐτοῦ·
1252 3955 1669 4023 Ἑπιλέλησται
1718 3959 1750 4012 ὁ

182 4047 347 4112 Θεός.
376 4045 537 4114 Λέγει
568 4045 739 4099 ταῦτα
793 4047 822 4097 ὁ
846 4046 1087 4108 διάϐολος
1115 4047 1212 4117 οὐχ
1241 4047 1412 4112 οὕτως
1458 4049 1613 4120 ἔχων,
1637 4048 1750 4103 ἀλλ’

180 4139 329 4210 ἡμᾶς
371 4138 647 4208 ἀπατῆσαι
674 4137 1009 4209 βουλόμενος,
1057 4139 1142 4192 ἵνα
1183 4141 1568 4212 σκελισθῶμεν,
1617 4145 1753 4214 ἁμεο

181 4230 295 4283 λείν
319 4230 410 4283 τὸν
440 4229 571 4282 Θεὸν
599 4229 706 4282 τῶν
739 4229 1091 4302 ἀνθρωπίνων
1129 4231 1456 4302 νομίζοντες.

264 4320 605 4389 Ἀνάστηθι,
637 4323 814 4390 Κύριε
847 4325 879 4376 ό
911 4324 1054 4388 Θεός-
1095 4341 1232 4391 μου.
1263 4323 1491 4394 Εὔχεται
1532 4324 1628 4397 τὴν
1666 4327 1752 4380 ἀν-

179 4413 310 4484 οχὴν
334 4411 427 4466 τοῦ
457 4412 590 4465 Θεοῦ
617 4413 710 4465 καὶ
727 4413 824 4481 τὴν
846 4415 1185 4486 χρηστότητα
1218 4417 1454 4486 κινῆσαιλ
1487 4418 1560 4488 μὴ
1589 4417 1752 4488 ὑψου-

1856 3240 1961 3294 sibi
2013 3242 2277 3306 voluerit,
2315 3259 2512 3313 quam,
2553 3258 2677 3299 cum
2710 3245 2778 3302 iis
2818 3246 2912 3316 qui
2947 3246 3138 3301 divites
3180 3247 3233 3300 in
3266 3249 3425 3303 malis

1856 3334 2022 3387 sunt?
2075 3332 2148 3386 llli
2186 3350 2422 3404 namque
2475 3351 2599 3390 cum
2648 3338 2866 3392 diabolo
2899 3350 3052 3409 patre
3095 3355 3196 3396 suo
3236 3350 3424 3396 contra

1855 3438 2121 3492 pauperes
2151 3441 2253 3478 una
2288 3426 2570 3480 machinas
2605 3437 2819 3496 parant.

1921 3516 1975 3569 8.
2017 3515 2169 3570 Sedet
2206 3517 2258 3569 in
2283 3517 2489 3571 insidiis
2521 3534 2639 3570 cum
2663 3519 2932 3573 divitibus.
2968 3521 3025 3574 lu
3053 3524 3417 3579 conventibus

1855 3614 1910 3659 et
1938 3607 2168 3661 canibus
2198 3609 2391 3661 sedens
2413 3649 2427 3674 ,
2460 3609 2688 3664 insidias
2721 3618 2774 3664 et
2803 3611 3087 3666 machinas
3115 3612 3425 3670 insontibus

1855 3704 2030 3765 parat.

1926 3786 2012 3838 l0.
2057 3783 2346 3840 Inclinabit
2371 3803 2424 3839 se
2452 3796 2501 3840 et
2527 3787 2699 3840 cadet.
2736 3787 3028 3859 Postquam
3058 3789 3194 3844 dixit
3223 3809 3236 3845 :
3271 3788 3421 3857 Vici,

1857 3885 1986 3931 tunc
2013 3877 2199 3946 lapsus
2236 3879 2527 3934 erubescit.

1927 3967 2014 4020 11.
2031 3966 2178 4020 Dixit
2200 3970 2333 4022 enim
2359 3969 2410 4022 iu
2442 3970 2594 4024 corde
2620 3987 2713 4024 suo
2736 3985 2756 4024 :
2785 3970 2993 4027 Oblitus
3012 3982 3088 4026 est
3112 3972 3275 4028 Deus.
3301 3971 3424 4045 Haec

1854 4059 1985 4115 dicit
2023 4059 2292 4127 diabolus,
2321 4077 2427 4115 non
2454 4063 2598 4130 quod
2642 4063 2718 4116 ita
2749 4077 2808 4116 se
2834 4079 2920 4118 res
2954 4063 3171 4130 habeat,
3195 4065 3287 4118 sed
3314 4079 3424 4134 quo

1855 4168 1958 4208 nos
1988 4153 2244 4223 decipiat,
2280 4163 2442 4222 atque
2495 4163 2553 4206 ut
2605 4154 3037 4224 supplantemur,
3097 4157 3203 4210 rati
3251 4154 3420 4211 Deum

1855 4245 2093 4300 humana
2113 4244 2402 4314 negligere.

1927 4335 2012 4389 12.
2063 4334 2339 4403 Exsurge,
2382 4333 2605 4389 Domine
2651 4334 2790 4389 Deus
2839 4353 3001 4390 meus.
3047 4335 3309 4392 Precatur
3363 4347 3424 4393 ut

1857 4426 1950 4483 Dei
1979 4429 2031 4483 in
2067 4428 2344 4497 puniendo
2373 4443 2525 4481 mora
2556 4437 2609 4482 et
2632 4427 2914 4482 clementia
2948 4439 3262 4483 moveatur:
3293 4445 3423 4483 nam

184 4504 355 4576 μένης
396 4503 504 4573 γὰρ
530 4503 623 4554 ἐπὶ
643 4505 707 4574 τῇ
737 4505 915 4575 μωρίᾳ
945 4505 1049 4559 τῶν
1078 4506 1288 4560 ἀσεϐῶν
1322 4508 1420 4579 τῆς
1447 4510 1625 4580 χειρὸς
1655 4508 1748 4564 τοῦ

1856 4529 1981 4567 cum
2014 4512 2108 4568 Dei
2160 4528 2353 4567 manus
2401 4522 2590 4565 contra
2633 4512 2922 4580 impiorum
2974 4513 3258 4567 stultitiam
3313 4528 3425 4567 non

181 4595 344 4650 Θεοῦ.
381 4593 802 4664 προπετέστεροι
826 4594 1084 4661 γίνονται.

255 4682 278 4754 [
305 4681 625 4750 ’Υψωθήτω
669 4685 700 4750 ἡ
727 4685 854 4752 χείρ
887 4701 1023 4739 σου.
1056 4687 1295 4759 Ἐπαρον
1317 4690 1414 4761 τὴν
1435 4691 1591 4761 χεῖρά
1639 4709 1751 4757 σου,

186 4777 283 4828 καὶ⁵
314 4773 522 4838 δίδαξον
549 4775 764 4838 αὐτοὺς,
801 4776 876 4839 ὡς
898 4777 1005 4831 τῶν
1028 4779 1393 4850 ἀδικουμένων
1416 4787 1634 4855 προνοῇ·
1663 4787 1756 4840 καὶ

186 4866 262 4928 ὡς
285 4865 342 4931 ἐξ
377 4864 542 4918 ὕπνου
577 4866 831 4930 ἀναστὰς,
860 4869 1136 4940 ἀνωτὲραν
1190 4869 1360 4936 δεῖξον
1405 4874 1504 4942 τῆς
1535 4876 1756 4929 ἐκείνων

187 4957 414 5028 γνώμης
466 4959 562 5028 τὴν
618 4959 723 5011 ἀπὸ
781 4959 873 5012 σοῦ
922 4963 1206 5033 τιμωρίαν.
1252 4965 1359 5018 Καὶ
1402 4965 1624 5020 κόλασον
1660 4969 1757 5038 μὲν

187 5048 454 5110 ἐκείνους.
491 5051 671 5117 φεῖσαι
719 5049 775 5102 δὲ
836 5051 927 5103 τὸν
981 5053 1353 5122 ἀδικούμενον,
1411 5058 1757 5132 σφοδρότερον

189 5138 476 5208 ἀχθεσθεὶς
525 5143 642 5202 ταῖς
695 5142 916 5196 ἐκείνων
965 5144 1188 5216 τόλμαις
1231 5148 1325 5199 καὶ
1371 5148 1754 5221 βλασφημίαις.

191 5234 448 5287 ’Ἕνεκεν
489 5233 671 5298 τίνος,
715 5238 868 5305 φησὶ,
895 5237 1265 5308 παρώρτισεν
1298 5243 1331 5293 ὁ
1378 5241 1605 5310 ἀσεϐὴς
1656 5244 1759 5297 τὸν

192 5325 343 5379 Θεόν
365 5340 384 5388 ;
410 5325 430 5396 ]

258 5413 405 5468 Eius
453 5416 560 5484 γὰρ
611 5419 680 5470 ἐν
715 5418 928 5488 καρδίᾳ
982 5422 1188 5476 αὐτοῦ·
1253 5425 1375 5477 Οὐκ
1427 5424 1753 5495 ἐπιζητήσει.

193 5505 366 5560 Τοῦτο
411 5508 582 5561 αἴτιον
639 5512 731 5563 καὶ
776 5511 868 5564 τοῦ
923 5513 1227 5584 ἐπαρθῆναι
1276 5516 1367 5570 καὶ
1426 5517 1518 5571 τοῦ
1577 5522 1757 5571 πεσεῖν

192 5597 373 5654 αὐτόν.

263 5761 309 5794 ³⁸
338 5761 355 5818 Ι
382 5759 527 5817 Pctr.
568 5778 628 5822 tt.
664 5762 756 5816 2‘2.

1856 4607 2142 4671 attollitur,
2174 4617 2303 4659 tunc
2339 4605 2731 4674 petulantiores
2762 4606 3018 4659 evadunt.

1931 4697 2238 4771 [Exaltetur
2276 4713 2459 4750 manus
2518 4705 2630 4750 tua.
2663 4695 2824 4767 Erige
2877 4712 3098 4750 manum
3157 4706 3307 4750 tuam
3364 4708 3426 4751 ut

1855 4790 2051 4844 doceas
2100 4789 2251 4855 illos,
2308 4797 2360 4842 te
2396 4803 2584 4842 eorum
2626 4790 2716 4857 qui
2754 4789 2969 4857 injuriis
3000 4788 3304 4843 adiciuntur
3327 4804 3422 4844 cu-

1856 4899 1973 4937 ram
2005 4898 2191 4951 gerere
2224 4902 2238 4936 :
2278 4890 2328 4934 et
2374 4882 2529 4950 quasi
2564 4898 2625 4934 ex
2660 4896 2853 4935 somno
2892 4897 3155 4952 surgens,
3195 4883 3421 4936 ostende

1857 4976 2115 5029 ultionem
2166 4985 2311 5028 tuam
2365 4989 2555 5027 eorum
2594 4974 2838 5027 consiliis
2890 4973 3227 5043 superiorem
3279 4990 3420 5030 esse.

1856 5070 2031 5140 Atque
2073 5069 2195 5123 illos
2240 5069 2460 5136 quidem
2517 5069 2798 5138 corrigas,
2864 5069 2955 5121 sed
3000 5068 3198 5136 injuria
3249 5067 3423 5123 affecti

1857 5156 2287 5211 misericordiam
2334 5157 2556 5225 capias,
2607 5157 2956 5210 vehementer
3003 5166 3313 5211 commotus
3372 5168 3427 5210 ct

1858 5248 2164 5304 concitatus
2193 5264 2380 5302 eorum
2412 5248 2744 5303 facinoribus
2775 5264 2839 5302 ac
2876 5249 3210 5318 blasphemis
3237 5250 3421 5305 dictis.

1860 5337 2085 5407 Propter
2110 5340 2256 5408 quid,
2297 5340 2493 5408 inquit,
2532 5341 2758 5393 irritavit
2784 5341 2975 5408 impius
3015 5339 3181 5394 Deum
3198 5340 3244 5414 ξ’]

1928 5430 2016 5483 13.
2041 5429 2190 5483 Dixit
2216 5431 2351 5484 enim
2377 5432 2427 5484 in
2459 5431 2611 5484 corde
2637 5449 2732 5486 suo
2755 5448 2773 5485 :
2806 5431 2926 5487 Non
2959 5435 3202 5503 requiret.
3245 5435 3423 5505 Atque

1859 5521 1910 5576 id
1936 5522 1989 5576 iu
2020 5537 2183 5578 causa
2209 5533 2314 5588 est,
2351 5524 2494 5593 quod
2531 5524 2619 5580 ille
2647 5524 2912 5580 exaitetur
2940 5536 2995 5580 et
3015 5525 3248 5581 labatur.
