4032 6418
256 372 342 432 93
1412 375 1774 433 EXPOSITIO
1814 375 1879 431 IN
1916 374 2246 432 PSALMUM
2288 374 2377 430 XI.
3449 376 3518 431 94

351 494 480 547 ἐπὶ
504 492 585 560 τῷ
606 495 801 563 Κυρίῳ
842 494 1115 559 πέποιθα,
1157 494 1283 563 πῶς
1321 497 1505 566 ἐρεῖτε
1548 497 1623 567 τῇ
1678 502 1801 568 ψυχ

1907 505 1926 561 ι
2024 500 2081 553 2.
2123 496 2191 552 1η
2241 496 2467 551 Domino
2497 493 2743 563 confido,
2794 493 3052 564 quomodo
3102 495 3282 551 dicitis
3322 500 3517 553 anima

245 604 424 654 nov,“
450 586 575 650 Πῶς
603 605 692 658 μοι
720 589 915 657 ἐρεῖτε,
948 589 1100 659 φησὶ,
1135 589 1355 658 φεύγειν
1411 591 1503 644 ἐπὶ
1534 590 1603 644 τά
1631 592 1731 664 ὅρη
1768 592 1843 645 δί-

250 692 374 748 κην
400 678 706 749 στρουθίου,
757 677 931 731 καίτοι
993 679 1270 733 πεποιθὰτι
1316 681 1409 734 ἐπὶ
1463 682 1614 753 Θεῷ;
1647 686 1839 736 Μετα-

248 770 567 823 ναστεύου
591 770 689 822 ἐπὶ
717 771 789 824 τὰ
816 770 921 839 ὄρη
944 772 1023 837 ὡς
1049 772 1383 840 στρουθίον.
1404 772 1678 839 Μετοίκει,
1709 791 1837 844 μετ-

249 859 449 930 έρχου,
480 860 649 930 φεῦγε
686 862 779 913 ἐπὶ
803 860 869 915 τὰ
898 862 1020 935 ὅρη,
1047 862 1289 916 τουτέστι
1316 863 1415 925 τὰς
1442 865 1658 934 ἀρετάς.

338 954 468 1006 Ὀτι
499 952 627 1008 ἰδοὺ
644 958 698 1008 οἱ
718 954 1049 1024 ἁμαρτωλοὶ
1064 955 1369 1010 ἐνέτειναν
1388 958 1588 1020 τόξον,
1606 957 1839 1026 ἡτοίμα-

246 1054 386 1094 σαν
418 1038 577 1108 βέλη
603 1044 689 1107 εἰς
724 1043 1039 1111 φαρέτραν.
1093 1044 1313 1108 Τούτοις
1368 1047 1476 1109 τοῖς
1524 1045 1702 1115 λόγοις
1752 1048 1836 1109 ἐἰς

250 1131 441 1203 φυγὴν
489 1133 740 1204 ἠρέθιζον
785 1135 1102 1203 φάσκοντες,
1148 1138 1195 1189 εἰ
1254 1136 1328 1207 μὴ
1372 1137 1545 1208 φεύγῃ
1608 1154 1833 1191 κατατο-

251 1220 436 1285 ξεύειν
486 1224 648 1279 αὑτὸν
702 1226 828 1288 τοὺς
895 1226 1270 1297 ἁμαρτωλούς.
1333 1229 1491 1299 Δηλοῖ
1551 1226 1644 1284 οὖν
1706 1232 1832 1293 τοὺς

252 1317 533 1387 πονηροὺς
587 1316 879 1388 λογισμοὺς
929 1317 1056 1389 βέλη
1114 1315 1250 1373 εἶναι
1286 1320 1379 1373 τοῦ
1415 1321 1671 1393 πονηροῦ.
1720 1325 1829 1378 Τοῦ

244 1405 689 1471 κατατοξεῦσαι
704 1408 767 1461 ἐν
784 1409 1130 1480 σκοτομήνη
1154 1411 1295 1478 τοὺς
1306 1411 1497 1478 εὐθεῖς
1509 1412 1582 1482 τῇ
1593 1414 1824 1482 καρδίᾳ,

244 1500 376 1553 ἀντὶ
405 1498 722 1569 λεληθότως.
754 1500 986 1553 Τοιαῦτα
1016 1502 1123 1573 γὰρ
1150 1503 1257 1557 τῶν
1294 1504 1497 1573 νοητῶν
1530 1505 1738 1578 ἐχθρῶν
1760 1506 1828 1560 τὰ

233 1591 406 1656 τοξεύ
416 1609 581 1661 ματα.

322 1682 446 1735 Ὀτι
495 1682 533 1736 ἃ
581 1684 663 1738 σὺ
728 1688 1060 1755 κατηρτίσω
1108 1690 1279 1743 αὐτοὶ
1334 1695 1632 1747 καθεῖλον.
1678 1695 1824 1745 Κατ-

238 1774 470 1845 ήνεγκε,
500 1778 683 1848 φησιν,
731 1780 759 1830 ὁ
789 1778 980 1850 ἐχθρὸς
1019 1782 1108 1836 τὸν
1141 1783 1425 1856 ἄνθρωπον
1482 1789 1560 1851 εἰς
1594 1786 1818 1857 φθοράν,

237 1867 422 1921 καίτοι
444 1868 535 1919 ἐπὶ
558 1868 832 1942 ἀφθαρσίᾳ
886 1875 1332 1946 κατηρτισμένον.
1390 1878 1442 1929 '0
1493 1877 1561 1930 δὲ
1591 1877 1818 1946 ῥίκαιος

234 1958 656 2025 τί·ἐποίησεν;
718 1962 779 2014 Et
813 1964 903 2016 καὶ
931 1965 980 2017 οἱ
1033 1965 1236 2037 ἐχθροὶ,
1269 1968 1419 2039 φησὶ,
1480 1969 1550 2022 τὰ
1596 1970 1815 2025 τοιαῦτα

232 2046 493 2116 ἔδρασαν,
526 2048 688 2103 ἀλλ’ὀ
738 2051 938 2123 Κύριος
984 2055 1013 2105 ὁ
1068 2056 1192 2108 ναὸν
1250 2057 1389 2127 ἔχων
1442 2058 1531 2112 τὸν
1563 2061 1811 2131 οὐρανὸν.

230 2139 485 2204 ἐξέτασιν
536 2142 645 2196 τῶν
690 2144 912 2197 δικαίων
974 2146 1200 2200 καὶτῶν
1238 2149 1445 2202 ἀσεϐῶν
1478 2151 1808 2222 ποιούμενος,

228 2235 348 2295 τοῖς
381 2235 481 2302 μὲν
509 2235 772 2306 ἀπονέμει
806 2236 876 2290 τὰ
920 2238 1120 2307 ἀγαθὰ,
1150 2240 1277 2302 τοὺς
1325 2241 1380 2294 δὲ
1406 2244 1524 2304 ταῖς
1564 2245 1811 2308 αἰωνίαις

230 2325 599 2396 παραπέμπει
628 2328 900 2382 κολάσεσι.
936 2332 1150 2398 Κύριος
1182 2333 1251 2385 ἐν
1278 2332 1401 2398 ναῷ
1422 2334 1567 2404 ἁγίῳ
1598 2337 1804 2392 αὐτοῦ.

304 2415 469 2487 [”Οτι
500 2417 538 2470 ἆ
584 2417 665 2471 σὺ
724 2422 1055 2489 κατηρτίσω
1106 2423 1273 2479 αὐτοὶ
1328 2425 1623 2481 καθεῖλον.
1664 2428 1807 2481 Ἀντὶ

222 2506 346 2573 τοῦ,
372 2507 440 2561 τά
473 2510 540 2563 σὰ
600 2509 737 2582 ἔργα
776 2513 1065 2567 καταλύειν
1105 2516 1394 2571 σπεύδουσι
1440 2518 1505 2571 δι’
1536 2519 1690 2590 ἐμοῦ·
1746 2521 1805 2575 ὃν

222 2599 340 2671 γὰρ
388 2598 609 2672 ἔχρισας
639 2602 860 2673 βασιλέα
923 2607 1306 2672 σπουδάζουσιν
1341 2610 1617 2682 ἀκυρῶσαι
1665 2614 1803 2668 κατὰ

219 2691 326 2761 τῆς
364 2691 465 2763 σῆς
520 2696 858 2767 ὁπλιζόμενοι
894 2697 1093 2769 ψήφου.
1124 2701 1233 2751 Καὶ
1271 2701 1440 2754 ταῦτα
1498 2701 1663 2773 δρῶσι
1704 2705 1800 2768 τὰς

222 2782 371 2835 κατὰ
392 2782 553 2854 φύσιν
582 2786 747 2856 ὀρθὰς
767 2789 973 2853 ἐννοίας
1031 2790 1347 2856 καθελόντες
1372 2792 1430 2859 ἐξ
1459 2795 1684 2860 ἑαυτῶν,
1733 2796 1799 2861 ἃς

217 2873 387 2944 δῆθεν
420 2878 835 2952 κατηρτίσατο.]

284 3060 353 3111 οι
384 3058 681 3130 ὀφθαλμοὶ
714 3064 902 3119 αὑτοῦ
923 3068 1010 3132 εις
1042 3068 1146 3121 τὸν
1167 3068 1393 3138 πένητα
1418 3072 1792 3127 ἀποϐλέπου-

1948 607 2075 644 meae
2094 591 2120 643 .’
2142 589 2255 644 Cur
2280 587 2413 642 mihi
2444 586 2712 651 suadelis,
2743 586 2939 656 inquit,
2972 595 3031 640 ut
3052 584 3253 657 fugiam
3286 587 3338 640 in
3365 604 3492 643 mon

1944 692 2027 737 tes
2067 682 2209 736 sicut
2239 695 2449 750 passer,
2484 679 2699 733 etiamsi
2730 679 2783 732 in
2826 678 2938 733 Deo
2977 679 3287 734 conﬁdam?
3318 679 3513 733 Trans-

1946 776 2112 843 migra
2140 774 2217 827 in-
2240 781 2437 825 montes
2468 773 2603 826 sicut
2637 787 2840 839 passer.
2900 769 3160 827 Transfer
3184 780 3265 838 te,
3304 772 3508 838 transi,

1942 864 2066 935 fuge
2097 864 2150 917 in
2178 873 2408 925 montes,
2443 862 2494 916 id
2528 872 2612 916 cst
2631 863 2886 917 virtutes.

2009 957 2062 1011 5.
2106 954 2367 1020 Quoniam
2406 971 2519 1009 ecce
2555 966 2852 1023 peccatores
2907 956 3239 1009 intenderunt
3282 972 3464 1010 arcum
3488 997 3505 1024 ,

1935 1048 2252 1107 paraverunt
2278 1039 2499 1107 sagittas
2524 1040 2577 1091 in
2608 1040 2872 1107 pharetra.
2900 1037 2997 1092 His
3022 1040 3202 1094 verbis
3230 1041 3295 1095 ad
3321 1040 3501 1110 fugam

1932 1146 2059 1185 eum
2092 1129 2437 1185 concitabant
2474 1130 2748 1191 dicentes,
2790 1130 2836 1184 si
2872 1146 2979 1184 nou
3010 1130 3246 1202 fugeret,
3289 1132 3502 1203 sagittis

1933 1224 2247 1280 confossum
2275 1224 2341 1277 iri
2364 1239 2395 1277 a
2426 1223 2825 1292 peccatoribus.
2855 1222 3105 1279 Declarat
3129 1226 3308 1295 itaque
3332 1226 3503 1280 malas

1931 1313 2290 1383 cogitationes
2331 1327 2451 1365 esse
2494 1313 2715 1383 maligni
2756 1313 2880 1367 tela.
2916 1312 2986 1366 Ut
3032 1316 3283 1383 sagittent
3325 1315 3379 1367 in
3404 1313 3499 1367 ob-

1929 1419 2082 1457 scuro
2102 1414 2268 1457 rectos
2291 1402 2466 1457 corde.
2500 1401 2668 1468 Quasi
2699 1404 2864 1464 dicat,
2893 1405 3137 1457 latenter.
3172 1402 3498 1475 Hujusmodi

1929 1508 2163 1563 namque
2198 1501 2325 1548 sunt
2357 1493 2719 1563 spiritualium
2756 1494 3100 1549 inimicorum
3130 1495 3255 1550 tela.

1992 1678 2047 1732 4.
2090 1678 2352 1743 Quoniam
2389 1694 2506 1748 qua
2533 1679 2799 1749 perfecistt'
2829 1680 3225 1735 destruxerunt.
3260 1679 3496 1750 Compu-

1924 1768 2020 1831 lit,
2076 1770 2294 1838 inquit.
2336 1769 2594 1825 inimicus
2639 1770 2913 1825 hominem
2967 1771 3021 1825 in
3066 1774 3490 1841 corruptionem,

1922 1861 2048 1915 licet
2072 1862 2125 1915 in
2152 1861 2615 1931 incorruptionem
2642 1862 2893 1919 conditus
2915 1875 3075 1919 esset.
3103 1864 3289 1919 Justus
3314 1877 3491 1921 autem

1920 1950 2048 2021 quid
2076 1950 2244 2019 fecit?
2280 1950 2539 2017 Etiamsi,
2584 1953 2789 2023 inquit,
2825 1953 3031 2009 inimici
3055 1956 3182 2009 talia
3230 1956 3485 2023 fecerint;

1921 2049 1977 2096 at
2006 2039 2293 2107 Dominus,
2325 2043 2417 2113 qui
2448 2045 2706 2112 templum
2746 2045 2908 2099 habet
2934 2048 3129 2101 caelum
3150 2088 3164 2112 ,
3201 2049 3343 2101 facto
3364 2049 3484 2118 jus-

1919 2142 2097 2187 torum
2129 2142 2184 2188 et
2220 2134 2512 2204 impiorum
2542 2137 2790 2191 examine
2817 2180 2831 2203 ,
2863 2139 2985 2193 aliis
3007 2140 3223 2207 quidem
3250 2140 3489 2209 impertit

1916 2223 2079 2287 bona,
2112 2224 2249 2279 alios
2279 2225 2333 2277 in
2371 2237 2572 2280 aeterna
2603 2229 2867 2297 supplicia
2897 2228 3098 2298 dejicit.
3142 2227 3398 2284 Dominus
3430 2232 3484 2285 in

1916 2314 2104 2382 templo
2132 2323 2314 2368 sancto
2340 2332 2455 2369 suo.

1988 2403 2275 2477 [Quoniam
2314 2422 2431 2476 qua
2466 2407 2733 2475 perfecisti
2757 2408 3154 2466 destruxerunt.
3193 2414 3361 2481 Quasi
3395 2415 3481 2471 di-

1911 2506 2028 2562 cat,
2054 2512 2218 2566 opera
2249 2506 2340 2552 tua
2377 2508 2621 2554 evertere
2663 2510 2919 2572 satagunt
2944 2514 3166 2575 propter
3197 2522 3319 2574 me,
3353 2524 3478 2563 nam

1908 2602 2069 2657 quem
2102 2588 2307 2644 unxisti
2337 2604 2540 2659 regem,
2563 2598 2752 2646 contra
2776 2595 3047 2651 calculum
3078 2605 3229 2651 tuum
3258 2601 3476 2666 armati,

1908 2678 2125 2733 student
2170 2679 2453 2749 abrogare.
2486 2678 2553 2734 Et
2603 2681 2707 2736 hoc
2753 2694 2921 2753 agunt
2964 2698 3252 2756 postquam
3302 2698 3476 2746 rectas

1904 2770 2213 2842 probasque
2260 2772 2653 2842 cogitationes,
2709 2791 2831 2845 qua:
2883 2781 3183 2834 secundum
3223 2791 3473 2838 naturam

1904 2871 2067 2930 sunt,
2102 2863 2483 2931 eliminarunt,
2513 2880 2651 2936 quas
2684 2866 2891 2922 scilicet
2924 2866 3190 2925 Dominus
3227 2870 3472 2940 perfece-

1903 2968 1962 3006 ra
1970 2962 2007 3007 ι.

1972 2962 2007 3007 ι.

1972 2951 2034 3099 ΒΞ.
2069 3045 2222 3101 Oculi
2262 3049 2376 3116 ejus
2422 3048 2475 3101 in
2507 3064 2788 3117 pauperem
2826 3053 3133 3120 respiciunt.
3193 3050 3471 3124 Significat

214 3164 345 3202 σιν.
383 3149 457 3201 Τὸ
478 3150 742 3223 ὰλάθητον
770 3157 1021 3225 σημαίνει
1066 3157 1161 3212 τοῦ
1200 3132 1353 3215 Θεοιῖ·
1386 3162 1693 3234 ὀφθαλμοὺς
1733 3163 1790 3216 δὲ

1907 3132 1995 3190 Dei
2027 3136 2394 3206 cognitionem
2425 3138 2512 3192 cui
2548 3138 2683 3192 nihil
2720 3138 2889 3193 latere
2917 3150 3111 3208 potest.
3138 3141 3338 3198 Oculos
3369 3160 3469 3198 au-

1907 3236 1998 3252 ιλ...
2050 3226 2175 3252 Αἶρε.
2209 3226 2323 3252 λε..-
2373 3227 2664 3252 ιμ..-η--..,
2703 3230 3090 3252 2---..--.ε-----,.
3193 3232 3231 3252 h
3274 3233 3287 3252 1
3357 3234 3374 3252 ι

212 3240 317 3311 τὴν
366 3242 720 3314 εὐεργετικὴν
774 3247 1097 3321 ἐπισκοπὴν.
1147 3250 1223 3305 Τὰ
1273 3252 1551 3323 ,ϐλέφαρα
1604 3256 1790 3311 αὑτοῦ

210 3329 471 3395 ἐξετάζει
498 3332 640 3399 τοὺς
684 3334 851 3403 υἱοὺς
896 3336 1015 3391 τῶν
1056 3340 1396 3409 ἀνθρώπων.
1453 3343 1703 3416 Βλέφαρα
1734 3345 1789 3398 δὲ

209 3423 313 3495 τὴν
342 3425 594 3496 κριτικὴν
635 3427 799 3481 αὐτοῦ
844 3432 1096 3502 πρόνοιαν
1149 3435 1240 3486 καὶ
1288 3435 1395 3488 τῶν
1451 3438 1787 3508 πραγμάτων

209 3514 589 3586 ἰξεταστικήν.

205 3604 312 3673 Εἰς
368 3606 436 3660 τὸ
491 3606 683 3675 τέλος,
716 3611 867 3680 ὑπὲρ
919 3613 1028 3681 τῆς
1076 3615 1313 3685 ὀγδόης,
1368 3620 1673 3674 ΨΑΑΜΟΣ
1705 3619 1785 3685 τῷ

834 3707 1031 3761 Δαυτδ.
1060 3711 1171 3764 1Α’.

834 3799 1164 3866 ’Υπόθεσις.

202 3888 437 3959 Εἴρηται
461 3889 588 3958 περὶ
612 3890 711 3959 τῆς
742 3888 931 3961 ὀγδόης
954 3892 1011 3943 ὲν
1032 3891 1107 3961 τῷ
1133 3893 1275 3963 ἕκτῳ
1307 3893 1523 3967 ψαλμῷ.
1552 3895 1779 3969 Εὖχεται

273 3980 333 4034 δὲ
379 3980 640 4051 ῥυσθῆναι
705 3982 804 4052 τῆς
849 3984 1042 4051 γενεᾶς
1076 3985 1175 4056 τῆς
1222 3990 1482 4059 πονηρᾶς.
1539 3990 1685 4062 Αὐτὴ
1725 3990 1779 4044 δὲ

272 4071 341 4126 ἂν
373 4072 459 4143 εἴη
504 4072 665 4141 γενεά
692 4074 724 4144 ἡ
748 4074 840 4127 ἐπὶ
862 4074 953 4128 τοῦ
976 4075 1227 4148 Σωτῆρος
1253 4078 1408 4148 ἡμῶν
1440 4080 1613 4151 Ἰησοῦ
1646 4083 1780 4153 Χρι-

274 4164 425 4219 στοῦ·
479 4166 610 4236 περὶ
654 4160 722 4236 ἧς
749 4167 910 4231 αὐτὸς
962 4168 1166 4237 ἔλεγεν·
1200 4171 1437 4239 Ἄνδρες
1480 4174 1777 4229 Νινευῗται

268 4256 744 4324 ἀναστήσονται,
785 4259 885 4312 καὶ
929 4264 1354 4331 κατακρινοῦσι
1404 4266 1521 4333 τὴν
1564 4268 1776 4337 γενεὰν

266 4350 515 4416 ταύτην.

266 4441 482 4495 Σῶσόν
516 4459 614 4512 με,
660 4446 865 4513 Κύριε,
913 4446 1004 4511 ὅτι
1052 4448 1407 4503 ἐκλέλοιπεν
1454 4450 1641 4517 ὅσιος,
1685 4451 1773 4505 ὅτι

1895 3235 2001 3282 tem
2047 3226 2179 3282 dicit
2207 3226 2326 3297 ejus
2371 3227 2668 3283 beneﬁcam
2703 3230 3118 3299 inspectionem.
3185 3232 3461 3303 Palpebra

1889 3320 2003 3388 ejus
2057 3320 2389 3390 interrogant
2447 3321 2588 3389 ﬁlios
2642 3322 2936 3380 hominum.
2998 3325 3287 3396 Palpebras
3334 3328 3466 3384 dicit

1888 3408 2008 3477 ejus
2036 3408 2352 3478 judicialcm
2386 3425 2679 3481 rerumque
2707 3414 3126 3482 exploratricem
3171 3419 3462 3486 providen-

1892 3500 2043 3553 tiam.

2131 3595 2182 3649 1.
2226 3593 2292 3648 1η
2326 3596 2505 3665 ﬁnem,
2537 3614 2631 3667 pro
2665 3611 2873 3667 octava,
2909 3600 3250 3659 PSALMUS

2501 3691 2693 3746 David.
2726 3691 2832 3747 XI.

2465 3780 2867 3849 Argumentum.

1882 3867 1958 3924 De
1982 3878 2168 3925 octava
2194 3869 2395 3925 dictum
2429 3869 2530 3925 fuit
2551 3872 2606 3926 in
2632 3882 2786 3929 sexto
2828 3876 3057 3944 psalmo.
3088 3876 3263 3949 Rogat
3288 3894 3453 3950 porro

1953 3964 2175 4019 liberari
2216 3980 2247 4019 a
2286 3966 2637 4035 generatione
2674 3969 2832 4023 mala.
2873 3968 2998 4026 Haec
3026 3982 3205 4028 autem
3228 3989 3451 4045 genera-

1953 4057 2027 4112 tio
2058 4057 2147 4112 illa
2180 4072 2312 4113 sane
2348 4057 2552 4125 fuerit,
2585 4075 2707 4129 qua
2734 4070 2975 4132 tempore
2999 4075 3118 4120 erat
3153 4065 3449 4125 Salvatoris

1946 4149 2117 4204 nostri
2146 4147 2491 4205 JesuChristi
2519 4169 2531 4205 :
2556 4152 2622 4207 de
2644 4168 2749 4218 qua
2784 4155 2896 4223 ipse
2923 4156 3060 4211 dixit
3080 4159 3124 4189 "
3152 4177 3165 4212 :
3208 4159 3318 4213 Viri
3340 4158 3436 4214 Ni-

1945 4241 2123 4296 nivita
2193 4250 2424 4310 surgent,
2470 4253 2520 4297 et
2589 4245 3003 4301 condemnabunt
3062 4252 3444 4319 generationem

1942 4332 2124 4385 istam.

1941 4424 1993 4477 2.
2041 4422 2258 4479 Salvum
2289 4444 2370 4482 me
2394 4429 2499 4498 fac,
2538 4429 2693 4495 Deus,
2717 4434 2967 4501 quoniam
2988 4435 3176 4505 defecit
3202 4450 3438 4505 sanctus,

189 4533 578 4605 ὀλιγώθησαν
622 4542 679 4590 at
721 4538 989 4605 ἀλήθειαι
1022 4541 1139 4595 ἀπὸ
1187 4541 1304 4595 τῶν
1334 4542 1476 4597 υἱῶν
1513 4543 1631 4598 τῶν
1664 4544 1768 4598 ἀνα
1799 4535 1801 4543 “

1907 4517 2121 4569 uoniam
2148 4520 2426 4575 diminuta'
2462 4532 2583 4577 sunt
2632 4526 2877 4578 veritates
2907 4542 2939 4578 ιι
2976 4526 3106 4595 filiis
3146 4529 3435 4585 hominum.

189 4628 461 4693 θρώπων.
492 4628 601 4692 Τάς
625 4630 762 4684 κατὰ
790 4631 882 4684 τοῦ
912 4634 1159 4704 Σωτῆρος
1188 4636 1219 4704 ἡ
1230 4634 1344 4704 μῶν
1374 4635 1616 4704 συνάγων
1645 4636 1764 4689 ἐπι-

188 4718 407 4782 σουλάς.
445 4721 696 4789 ’Δφέντες
743 4723 851 4794 γὰρ
879 4724 976 4795 τὴν
1006 4725 1261 4797 ἀλήθειαν
1294 4729 1343 4779 οἱ
1386 4728 1623 4782 Ἰουδαῖοι
1642 4728 1765 4800 ψεῦο

185 4809 276 4872 δος
305 4810 448 4863 κατὰ
474 4810 568 4864 τοῦ
596 4813 1201 4883 Χριστοῦ-ἐπετέλεσαν.

256 4904 442 4971 Χειλη
482 4902 656 4958 δόλια
685 4905 755 4958 ἐν
782 4905 1013 4974 καρδίᾳ.
1057 4909 1197 4975 Ὅτι,
1258 4911 1573 4970 διδάσκαλον
1600 4920 1759 4976 αὐτὸν

185 4990 589 5059 ἀποκαλοῦντες
620 4996 715 5049 καὶ
766 4996 986 5064 ἀγαθὸν,
1024 4999 1187 5072 ἕτερα
1236 5002 1579 5062 ἐϐουλεύοντο
1630 5013 1758 5083 περὶ

185 5083 373 5139 αὐτοῦ.

268 5176 719 5247 Ἔξολοθρεύσει
748 5186 962 5253 Κύριος
1006 5185 1202 5241 πάντα
1242 5190 1315 5243 τὰ
1348 5193 1519 5260 χείλη
1547 5192 1619 5247 τὰ
1663 5193 1754 5248 δό-

180 5270 301 5332 λια,
343 5267 635 5337 γλῶσσαν
660 5276 1166 5347 μεγαλορῤήμονα.
1201 5278 1326 5345 Πῶς
1360 5281 1467 5354 γάρ
1488 5283 1548 5336 οὐ
1582 5301 1751 5355 μεγα-

180 5358 472 5449 λορῥήμων
498 5362 530 5431 ή
564 5360 781 5429 γλῶσσα
813 5366 993 5439 ἐκείνη
1030 5370 1063 5440 ἡ
1106 5369 1417 5442 τολμήσασα
1444 5374 1521 5445 τῷ
1539 5375 1747 5449 Σωτῆρι

176 5446 376 5516 λέγειν·
421 5449 517 5502 Ἐν
545 5452 688 5519 ποία
709 5453 961 5525 ἐξουσίᾳ
993 5459 1179 5514 ταῦτα
1230 5464 1452 5530 eratsic;
1500 5467 1597 5520 καὶ

174 5554 273 5593 σοι
305 5539 489 5596 ἔδωκε
512 5542 627 5610 τὴν
646 5544 937 5610 ἐξουσίαν
964 5552 1219 5620 ταύτην;

248 5629 394 5697 Τοὺς
417 5635 713 5702 εἰπόντας·
740 5637 858 5705 Τὴν
886 5640 1173 5709 γλῶσσαν
1196 5646 1361 5713 ἡμῶν
1377 5652 1743 5718 μεγαιυνοῦ.

240 5784 285 5818 ⁸⁹
330 5786 522 5846 ﬂatth.
556 5808 649 5858 xu,
696 5795 782 5849 tl.
865 5797 911 5828 "
956 5797 1121 5854 Marc.
1172 5816 1246 5866 xi,
1279 5803 1367 5857 9.8.

1872 4605 2105 4664 Insidias
2135 4611 2187 4663 in
2218 4611 2497 4668 Christum
2522 4625 2736 4685 paratas
2767 4617 2819 4670 in
2849 4632 3014 4670 unum
3038 4619 3436 4688 complectitur.

1871 4697 2103 4756 Dimissa
2133 4718 2370 4772 namque
2402 4708 2653 4770 veritate,
2680 4706 2849 4761 Judaei
2872 4708 3212 4764 mendacium
3244 4722 3433 4768 contra

1868 4788 2147 4845 Christum
2181 4796 2471 4849 commenti
2496 4806 2638 4851 sunt.

1935 4928 1987 4982 5.
2031 4929 2198 4985 Labia
2247 4934 2430 4987 dolosa
2470 4936 2523 4989 in
2569 4938 2747 4990 corde.
2798 4939 3102 5003 Quoniam,
3148 4956 3271 4995 cum
3302 4956 3458 4998 curm

1864 5022 2180 5089 magistrum
2210 5039 2275 5077 ac
2309 5026 2510 5080 honuni
2544 5028 2908 5098 appellarent,
2950 5030 3107 5101 longe
3128 5030 3341 5087 diversa
3371 5034 3425 5089 in

1866 5126 1990 5166 eum
2017 5114 2247 5169 consilia
2279 5116 2506 5171 inibant.

1925 5205 1974 5259 4.
2020 5205 2296 5276 Disperdet
2327 5208 2583 5264 Dominus
2616 5214 2859 5265 universa
2888 5212 3033 5265 laliia
3066 5214 3251 5269 dolosa
3274 5256 3289 5281 ,
3318 5216 3423 5271 lin-

1854 5315 2015 5369 guam
2052 5302 2464 5371 magnitoquam.
2492 5303 2778 5369 Quomodo
2804 5318 2911 5358 nou
2940 5306 3291 5377 magniloqua
3315 5308 3419 5363 lin-

1853 5406 1956 5461 gua
1984 5391 2095 5457 illa,
2122 5409 2243 5464 qua:
2272 5410 2408 5451 ausa
2436 5405 2515 5450 est
2542 5394 2809 5450 Salvatori
2832 5396 3011 5452 dicere
3042 5413 3058 5451 :
3095 5396 3162 5452 In
3200 5415 3303 5470 qua
3327 5416 3417 5470 po-

1852 5490 2038 5537 testate
2083 5485 2193 5539 Ita'c
2242 5486 2377 5555 facis
2402 5527 2417 5552 ,
2459 5498 2510 5541 et
2535 5487 2652 5557 quis
2684 5488 2780 5542 tibi
2806 5488 2953 5542 dedit
3003 5489 3139 5545 hanc
3177 5500 3413 5560 potesta-

1851 5582 1953 5627 tem
1984 5575 2029 5605 ⁹⁶
2052 5576 2075 5628 ?

1918 5668 1970 5721 5.
2013 5668 2117 5733 Qui
2158 5671 2442 5725 dixerunt:
2482 5669 2737 5741 Linguam
2767 5682 3003 5729 nostram
3046 5675 3408 5745 magniﬁca“-
