4032 6440
556 406 626 462 95
1382 398 1439 452 S.
1483 395 1857 452 ATHANASII
1895 393 2045 449 OPP.
2079 390 2258 445 PARS
2301 385 2387 442 Ill.
2432 416 2498 425 ——
2539 381 2948 439 EXEGETICA.
3715 371 3792 426 96

554 538 670 576 mna
697 563 712 586 ,
739 521 883 573 (abin
929 529 1109 572 nostra
1142 535 1171 570 a
1215 516 1364 570 nobis
1389 525 1532 569 sunt.
1570 514 1700 579 Quis
1744 522 1917 566 noster
1948 509 2123 563 Domi-

2241 523 2350 558 ιεν·
2397 502 2466 556 τὰ
2504 504 2675 572 χείλη
2744 498 2911 569 ἡμῶν
2956 496 3089 564 παρ’
3125 495 3269 564 ἡμῖν
3318 495 3466 548 ἐστι.
3500 493 3590 556 Τίς
3627 491 3797 560 ἡμῶν

555 631 650 668 καις
675 613 796 666 est?
825 611 989 676 Quasi
1016 610 1222 664 scilicet
1251 609 1366 662 haec
1392 623 1575 662 secum
1603 612 1935 674 reputarent,
1962 602 2122 656 facul-

2241 597 2436 664 '(v’ptdt;
2468 596 2638 648 ἐστιν
2656 610 2674 657 ;
2712 595 2800 656 Ὠς
2827 592 2984 645 τοῦτο
3010 588 3426 658 διανοουμένων,
3455 583 3516 636 τὸ
3547 583 3788 650 ἐξουσίαε

556 714 719 758 tatem
753 718 810 756 se
847 703 1044 755 habere
1077 699 1292 770 quidvis
1322 714 1419 767 pro
1460 697 1681 752 libidine
1710 702 1898 750 contra
1932 693 2122 747 Salva-

2241 687 2365 757 ἱχειν
2391 687 2494 738 πᾶν
2515 686 2544 737 ὃ
2574 703 2624 737 τι
2650 685 2712 737 ἂν
2737 682 3004 752 βούλοιντο
3036 682 3206 731 εἰπεῖν
3238 677 3376 731 κατὰ
3399 676 3489 729 τοῦ
3522 673 3777 744 Σωτῆρος

558 807 726 849 torem
759 793 1082 862 proferendi.
1123 791 1256 844 Illud
1296 800 1473 844 autem
1511 808 1524 842 :
1559 788 1690 853 Quis
1731 796 1908 840 noster
1943 785 2123 838 Domi-

2241 777 2394 830 Τοῦτο
2452 776 2528 829 δέ’
2591 777 2684 840 Τίς
2738 772 2904 842 ἡμῶν
2961 771 3173 838 Κύριός
3231 769 3394 831 ἐστι;
3452 767 3634 837 ὅμοιον
3697 764 3778 836 τῷ

558 900 656 941 nus
682 888 799 941 est!
849 885 1022 939 simile
1050 892 1134 937 est
1164 883 1237 936 illi
1265 882 1409 936 dicto
1437 901 1450 935 :
1485 879 1639 932 Hunc
1664 890 1839 933 autem
1869 878 2124 931 nescimus

558 977 694 1029 unde
717 977 783 1029 sit
815 975 882 1027 ⁹¹.

632 1069 683 1120 li.
726 1065 949 1134 Propter
992 1065 1256 1117 miseriam
1295 1063 1528 1129 inopum,
1552 1069 1656 1115 etc.
1691 1058 1883 1128 Inopes
1912 1073 1965 1114 et
1995 1074 2128 1127 pau-

559 1173 715 1226 peres
747 1158 1045 1210 secundum
1075 1156 1325 1224 spiritum
1359 1154 1624 1223 intelligit.
1656 1151 1898 1218 Quorum
1929 1153 2126 1222 gemitu

558 1252 766 1316 audito,
805 1250 1128 1318 Exsurgam,
1165 1249 1259 1301 ait.
1296 1246 1497 1298 Ponant
1535 1247 1587 1297 in
1626 1245 1874 1308 salutari,
1907 1245 2132 1312 ﬁducia-

559 1343 682 1396 (iter
715 1359 867 1411 agam
908 1343 963 1394 in
1013 1357 1092 1394 eo.
1134 1339 1187 1392 ld
1229 1348 1345 1401 est,
1405 1337 1589 1389 Palam
1634 1336 1886 1389 omnibus
1934 1334 2130 1388 faciam

562 1435 820 1498 salutare,
845 1435 987 1503 quod
1014 1434 1175 1486 etiam
1203 1431 1407 1486 curabo
1433 1428 1673 1497 etulgari
1703 1427 1842 1481 ultro
1863 1427 2129 1496 citroque.

568 1523 774 1593 Ubique
807 1528 948 1577 enim
977 1535 1241 1577 let-rarum
1275 1521 1626 1590 prxdicatum
1667 1528 1768 1573 est.

638 1700 687 1755 7.
732 1699 953 1769 Eloqnia
982 1698 1219 1752 Domini.
1259 1698 1466 1765 eloquia
1497 1707 1650 1750 casta
1676 1736 1690 1759 ,
1721 1706 1990 1765 argentum
2020 1695 2136 1764 igne

564 1791 942 1844 examinatum.
976 1787 1112 1841 Vera
1141 1829 1154 1851 ,
1203 1788 1413 1856 inquit,
1452 1796 1580 1841 sunt
1622 1785 1783 1842 verba
1819 1788 1884 1841 de
1911 1787 2134 1841 salutari

565 1883 845 1936 enuntiata
888 1891 941 1934 et
986 1880 1294 1948 promissa,
1348 1879 1804 1947 quemadmodum
1853 1888 2134 1947 argentum

567 1988 710 2041 saepe
744 1974 796 2026 in
838 1973 1181 2026 ct-ucilmlmn
1225 1970 1557 2023 immissum.
1609 1968 1744 2023 Illud
1800 1979 1978 2023 autem
2005 2008 2019 2028 .
2055 1986 2137 2024 se-

567 2064 802 2134 ptupluot
830 2104 843 2128 ,
890 2081 985 2132 pro
1028 2063 1227 2132 pluries
1253 2063 1469 2132 posuit;
1500 2061 1547 2116 is
1582 2061 1727 2114 enim
1768 2071 1852 2116 est
1902 2077 2018 2117 mos
2047 2077 2136 2115 sa-

567 2172 676 2212 cra:
717 2156 1032 2224 Scriptum.

636 2247 692 2302 8.
733 2245 830 2310 Τιι,
869 2246 1106 2308 Domine,
1139 2244 1370 2300 servabis
1391 2261 1504 2297 nos.
1538 2244 1682 2308 Ideo,
1716 2244 1915 2314 inquit,
1957 2259 2140 2300 serva-

574 2341 660 2395 bis
689 2354 790 2394 nos
813 2382 826 2403 ,
867 2340 993 2406 quia
1034 2338 1377 2392 circumdant
1409 2354 1507 2393 nos
1538 2339 1713 2409 impii,
1754 2339 1914 2393 saluti
1943 2348 2143 2393 nostra:

573 2433 920 2486 insidiantes.
979 2429 1042 2484 Hi
1069 2438 1252 2484 autem
1288 2438 1418 2484 sunt
1460 2429 1784 2483 adversaria:
1816 2439 1868 2482 et
1897 2428 2144 2496 malignae

572 2534 887 2597 potestates.

643 2617 696 2672 9.
735 2616 1035 2672 Secundum
1065 2613 1401 2667 altitudinem
1430 2623 1574 2666 tuam
1610 2612 1978 2682 multiplicasti
2005 2612 2142 2680 filios

573 2709 867 2762 hominum.
918 2705 1274 2759 Allilndinem
1310 2704 1442 2758 dicit
1481 2705 1733 2758 virtutem
1767 2722 1780 2755 ι
1816 2703 2143 2771 multiplica-

577 2803 777 2856 tionem
818 2808 997 2854 autem
1051 2800 1220 2862 illam,
1269 2798 1534 2866 temporis
1583 2797 2018 2850 diuturnitatem.
2075 2794 2147 2850 Ut

575 2895 693 2952 haec
747 2895 818 2950 sit
869 2892 1194 2949 sententia:
1240 2890 1345 2944 Per
1399 2890 1654 2943 virtutem
1715 2897 1768 2942 et
1825 2897 2144 2957 potestatem

578 2998 765 3048 tuam,
821 2984 1237 3040 diuturnitatem
1291 2981 1548 3050 temporis
1589 2989 1643 3034 et
1678 2980 1844 3034 vitam
1891 2989 2146 3034 aeternam

577 3078 773 3133 dedisti
823 3077 1002 3130 nobis.
1049 3073 1181 3128 Nam
1228 3084 1351 3144 post
1402 3074 1696 3126 salutarem
1749 3072 2145 3134 ascensionem,

579 3173 636 3227 in
665 3170 876 3224 inlinita
901 3169 1100 3223 smcula
1132 3168 1241 3222 vita
1275 3174 1458 3220 nostra
1493 3163 1825 3218 extenditur.
1875 3164 1983 3217 Aut
2027 3163 2148 3216 alti-

581 3264 823 3318 tudinem
875 3260 1028 3324 dicit,
1072 3261 1200 3329 quia
1250 3259 1458 3313 scilicet
1507 3255 1714 3311 similes
1763 3255 1860 3309 tibi
1900 3255 2150 3308 homines

581 3353 831 3416 effecisti,
881 3359 1152 3421 quatenus
1193 3364 1382 3405 eorum
1434 3347 1539 3402 fert
1585 3346 1859 3402 facultas:
1899 3357 1991 3401 aut
2021 3347 2151 3417 quia

584 3446 811 3500 multam
847 3458 1037 3499 eorum
1071 3458 1257 3498 curam
1293 3440 1554 3495 habuisti.

794 3538 847 3591 1.
889 3535 953 3589 In
985 3537 1164 3604 ﬁnem,
1203 3531 1540 3587 PSALMUS
1578 3531 1934 3586 David..XIl.

1167 3629 1568 3696 Argumentum.

2232 868 2449 923 Τοῦτον
2479 865 2546 918 δὲ
2575 868 2684 919 οὐκ
2713 864 2958 933 οἴδαμεν
2991 863 3178 916 πόθεν
3200 861 3385 914 ἐστίν.

2301 1045 2504 1096 "Er-exe
2535 1039 2644 1108 τῆς
2675 1039 3074 1106 ταλαιπωρίας
3108 1034 3224 1088 τῶν
3251 1033 3521 1102 πτωχῶν.
3546 1033 3802 1103 Πτωχοὺς

2229 1136 2284 1188 δὲ
2307 1135 2399 1186 καὶ
2430 1134 2683 1202 πένητας
2727 1130 2851 1192 τοὺς
2897 1127 3039 1182 κατὰ
3101 1126 3316 1197 πνεῦμα
3374 1126 3539 1194 λέγει’
3587 1119 3660 1177 ὧν
3710 1124 3813 1177 καὶ

2229 1224 2321 1278 τοῦ
2354 1222 2656 1292 στεναγμοῦ
2695 1219 2953 1279 ἀκούσας,
2989 1219 3405 1288 Ἀναστήσομαι,
3431 1215 3582 1286 φησί.
3607 1215 3801 1281 Θήσο-

2231 1334 2331 1385 μαι
2359 1316 2427 1368 ἐν
2471 1313 2766 1379 σωτηρίῳ,
2819 1308 3301 1378 παρρησιάσομαι
3339 1307 3408 1359 ἐν
3429 1302 3606 1369 αὐτῷ,
3639 1305 3807 1356 T001:-

2234 1408 2371 1469 ἐστι,
2426 1404 2662 1473 Φανερὸν
2703 1404 2838 1454 πᾶσι
2889 1400 3218 1470 καταστήσω
3259 1400 3313 1452 τὸ
3350 1401 3631 1470 σωτήριον,
3658 1395 3686 1448 ὂ
3711 1393 3813 1446 καὶ

2234 1491 2556 1563 ἐξάκουστον
2581 1493 2984 1566 παρασκευάσω
3015 1492 3284 1561 γενέσθαι.
3335 1489 3642 1562 Ἐκηρύχθη
3697 1487 3812 1558 γὰρ

2235 1592 2313 1654 εἰς
2341 1591 2519 1641 πᾶσαν
2544 1586 2638 1657 τὴν
2669 1585 2790 1655 γῆν.

2311 1681 2382 1734 Τὰ
2411 1681 2583 1748 λόγια
2595 1678 2814 1744 Κυρίου
2845 1677 3018 1744 λόγια
3047 1673 3519 1742 arvinam-optat"
3540 1684 3814 1738 πεπυρω-

2233 1772 2438 1842 μένον.
2478 1769 2742 1838 Ἀληθεῖς,
2779 1767 2962 1836 φησὶν,
2994 1767 3040 1817 οἱ
3072 1763 3290 1832 λόγοιοί
3331 1763 3456 1832 περὶ
3504 1760 3597 1813 τοῦ
3632 1776 3814 1828 σωτη-

2171 1842 2210 1895 Β
2239 1862 2353 1933 ρίου
2388 1858 2806 1932 ἐπηγγελμένοι,
2836 1857 3023 1925 ὥσπερ
3075 1855 3168 1907 καὶ
3197 1854 3256 1905 τὸ
3307 1852 3565 1923 ἀργύριον
3594 1849 3655 1902 τὸ
3683 1850 3816 1933 πολῖ-

2237 1932 2389 2012 λάκις
2421 1948 2707 2020 χωνευθέν.
2756 1946 2828 1997 Τὸ
2887 1943 2976 2004 δὲ,
3035 1940 3488 2004 ἑπταπλασίως,
3539 1936 3657 1989 ἀντὶ
3711 1932 3815 1988 τοῦ

2238 2039 2616 2102 πολυπλασίως
2667 2037 2896 2090 τέθεικε·
2955 2033 3112 2087 τοῦτο
3154 2032 3260 2102 γὰρ
3297 2029 3524 2100 σύνηθες
3577 2030 3643 2097 τῇ
3691 2025 3817 2096 θείᾳ

2238 2133 2451 2202 Γραφῇ.

2309 2223 2413 2288 Σὺ,
2460 2223 2655 2289 Κύριε,
2690 2218 2980 2289 φυλάξεις
3003 2216 3176 2286 ἡμᾶς.
3210 2215 3306 2267 Διὰ
3327 2213 3502 2277 τοῦτο,
3524 2211 3677 2281 φησὶ,
3710 2228 3816 2280 φυ-

2238 2313 2418 2376 λάξεις
2460 2312 2628 2382 ἡμᾶς,
2679 2308 2865 2378 ἐπειδὴ
2913 2304 3236 2367 κυκλοῦντες
3298 2304 3443 2373 ἡμᾶς
3495 2304 3542 2354 οί
3597 2300 3820 2363 ἀσεσεῖς

2241 2403 2674 2465 ἐπιϐουλεύοντες
2702 2404 2766 2472 τῇ
2796 2400 2950 2470 ἡμῶν
2977 2397 3234 2468 σωτηρίᾳ.
3297 2388 3454 2448 Οῦτοι
3508 2394 3551 2447 δ’
3607 2393 3673 2446 ἂν
3705 2388 3817 2445 εἷεν

2242 2497 2299 2548 αἱ
2329 2495 2696 2565 ἁντικείμεναι
2742 2493 2834 2544 καὶ
2865 2490 3094 2560 πονηραὶ
3124 2488 3397 2558 δυνάμεις.

2313 2587 2471 2642 Κατὰ
2503 2586 2568 2638 τὸ
2606 2586 2762 2652 ῦψος
2814 2599 2929 2636 σου
2981 2582 3413 2647 ἐπολυὼρησας
3465 2575 3605 2640 τοὺς
3647 2572 3820 2639 υἱοὺς

2245 2675 2362 2730 τῶν
2417 2672 2760 2742 ἀνθρώπων.
2819 2671 2986 2739 ’Ὕψος
3051 2670 3148 2740 μὲν
3208 2667 3302 2738 τὴν
3357 2665 3584 2733 δύναμιν
3646 2661 3817 2730 λέγει’

2248 2766 2553 2835 πολυωρίαν
2587 2763 2758 2833 δὲτὴν
2805 2762 3278 2832 πολυχρονιότητα.
3324 2751 3506 2830 Ἵναῇ
3568 2753 3626 2806 τὸ
3667 2753 3821 2820 λεγό-

2250 2874 2406 2926 μενον
2433 2853 2687 2907 τοιοῦτοψ
2725 2852 2820 2905 Διὰ
2852 2853 2950 2921 τῆς
2991 2852 3090 2920 σῆς
3123 2848 3324 2919 ἰσχύος,
3367 2843 3822 2916 πολυχρονιότητα

2249 2946 2343 2998 καὶ
2388 2944 2605 2997 αἰώνιον
2635 2942 2777 3012 ζωὴν
2812 2943 2942 3011 ἡμῖν
2969 2938 3228 3001 δέδωκας.
3262 2935 3414 2989 Μετὰ
3436 2933 3544 3003 γὰρ
3592 2931 3691 3000 τὴν
3717 2947 3821 3011 σω-

2249 3036 2434 3107 τήριον
2475 3035 2764 3087 ἀνάστασιν
2824 3030 2902 3092 είς
2967 3028 3304 3096 ἀπεράντους
3353 3023 3553 3083 αἰῶνας
3611 3019 3679 3072 τὰ
3722 3020 3822 3087 τῆς

2251 3128 2395 3197 ζωῆς
2416 3129 2543 3197 ἡμῖν
2569 3125 2888 3178 ἐκτείνεται.
2925 3123 2994 3174 Ἢ
3029 3121 3160 3188 ὕψος
3188 3118 3352 3186 λέγει,
3378 3118 3458 3169 ὅτι
3491 3113 3706 3185 ὁμοίους
3728 3128 3822 3164 σου

2175 3186 2216 3244 C
2252 3186 2532 3289 ἐποίησας,
2559 3216 2633 3279 ὡς
2665 3214 2932 3286 ἀνθρώπῳ
2980 3186 3222 3264 δυνατόν’
3258 3207 3290 3278 ἦ
3318 3210 3399 3261 ὅτι
3437 3204 3636 3276 πολλῆς
3663 3218 3822 3275 φρον-

2251 3309 2392 3372 τίδος
2419 3307 2674 3377 ἠξίωσας.

2392 3528 2496 3592 Είς
2528 3523 2592 3577 τὸ
2627 3522 2822 3588 τέλος,
2874 3519 3180 3572 ΨΑΛΜΟΣ
3201 3515 3280 3580 τῷ
3307 3512 3504 3566 Δαυΐδ.
3537 3511 3652 3566 IB’.

2871 3611 2884 3630 '
2898 3611 3206 3673 Υπόθεσις.

586 3717 743 3776 Hunc
785 3719 934 3774 canit
984 3694 1298 3788 psalmum,
1358 3719 1488 3772 dum
1542 3716 1919 3787 pmnitentiam
1969 3716 2146 3771 delicti

2257 3709 2456 3762 Τοῦτον
2481 3707 2571 3758 τὸν
2597 3703 2808 3774 ψαλμὸν
2833 3703 2946 3773 ᾅδει
2996 3702 3075 3762 εἰς
3129 3699 3414 3768 μετάνοιαν
3458 3695 3551 3748 τοῦ
3581 3694 3825 3764 ἁμαρτή-

655 3822 873 3882 ageret,
937 3821 989 3864 et
1040 3825 1145 3863 una
1199 3810 1440 3863 salutare
1479 3817 1726 3862 nostrum
1785 3807 2153 3860 annuntiaret.

658 3901 816 3959 Unde
857 3903 1166 3970 exemplum
1195 3904 1340 3956 nacti
1375 3917 1566 3955 sumus
1592 3942 1606 3966 ,
1651 3915 1762 3970 quo
1808 3913 1965 3969 pacto
1992 3916 2155 3970 opor-

659 4007 771 4053 teat
806 4012 928 4058 nos,
958 4011 1082 4051 cum
1113 3995 1479 4064 peccavimus,
1505 3994 1571 4046 ad
1612 3992 1781 4046 Deum
1811 3993 2094 4048 accedere.

668 4169 980 4241 anuequo,
1033 4169 1297 4235 Domine,
1345 4167 1663 4221 oblivisceria
1717 4183 1798 4221 me
1851 4168 1905 4220 in
1963 4168 2162 4236 ﬁnem!

591 4259 760 4323 Quasi
797 4265 918 4326 post
948 4257 1269 4310 diuturnam
1310 4269 1522 4307 moram
1565 4269 1659 4323 per
1692 4255 2069 4324 paenitentiam
2095 4253 2160 4309 ad

593 4347 764 4402 Deum
796 4347 1112 4409 accesserit,
1141 4352 1363 4414 propter
1389 4344 1688 4398 admissum
1720 4357 2024 4414 peccatum.
2061 4345 2163 4400 Us-

2332 3815 2498 3870 ματος
2540 3793 2798 3863 γεγονὼς,
2858 3791 2972 3861 ἃμα
3028 3789 3084 3841 δὲ
3141 3787 3235 3840 καὶ
3277 3785 3338 3837 τὸ
3392 3786 3654 3854 σωτήριον
3695 3783 3828 3852 ἡμῖν

2328 3887 2826 3959 εὐαγγελιζόμενος.
2880 3883 2957 3936 Δι’
3009 3875 3068 3935 οὗ
3116 3878 3378 3947 ἐλάϐομεν
3443 3874 3828 3946 ὑπογραμμὸν,

2331 3980 2447 4044 πῶς
2481 3980 2560 4032 δεῖ
2591 3980 2734 4050 ἡμᾶς
2764 3979 2819 4029 ἐν
2858 3973 3149 4047 ἁμαρτίαις
3187 3968 3507 4040 γενομένους
3553 3966 3829 4039 προσιέναι

2332 4071 2469 4141 Θεῷ.

2333 4162 2490 4228 Ἕως
2527 4162 2689 4223 πότε,
2746 4159 2942 4225 Κύριε,
2995 4152 3260 4219 ἐπιλήσῃ
3314 4165 3430 4219 μου
3483 4150 3568 4215 είς
3624 4146 3829 4214 τέλος;

2273 4256 2359 4320 Ὧς
2396 4255 2610 4326 μακρᾶς
2639 4250 2804 4321 οὔσης
2827 4249 2923 4318 τῆς
2947 4247 3236 4318 γινομένης
3258 4241 3406 4313 αύτῷ
3425 4240 3510 4295 διὰ
3535 4241 3632 4311 τὴν
3655 4240 3828 4310 ἁμαρ-

2261 4349 2381 4401 τίαν
2431 4349 2488 4399 ἐν
2529 4347 2595 4415 τῇ
2652 4340 2909 4413 μετανοίᾳ
2956 4339 3089 4409 πρὸς
3151 4337 3282 4390 θεὸν
3339 4333 3621 4407 προσόδου.
3680 4333 3830 4397 Ἕως

593 4455 793 4508 quequo
820 4439 1010 4491 avertis
1043 4437 1235 4506 facient
1264 4445 1412 4490 tuam
1440 4453 1471 4491 ιι
1501 4436 1619 4490 me?
1658 4435 1812 4492 Hanc
1845 4437 2038 4495 faciem
2068 4455 2146 4494 an-

2264 4442 2408 4494 πότε
2437 4436 2823 4505 ἀποστρέφῃς
2879 4433 2943 4487 τὸ
2984 4431 3307 4501 πρόσωπὸν
3345 4442 3460 4481 σου
3491 4425 3590 4480 ἀπ’
3650 4423 3831 4494 duci};

595 4531 701 4600 geli
724 4544 936 4600 semper
959 4529 1162 4583 vident.

665 4708 723 4762 2.
782 4705 1033 4771 Quandiu
1059 4721 1252 4774 ponam
1287 4703 1514 4757 consilia
1553 4704 1606 4755 in
1635 4703 1817 4756 anima
1857 4706 2016 4757 mea?
2055 4705 2167 4759 An-

598 4814 730 4870 κοτε
755 4798 995 4861 crucior,
1034 4798 1231 4867 inquit,
1262 4797 1388 4850 dum
1427 4796 1612 4850 animo
1639 4812 1852 4851 mecum
1880 4799 2067 4858 volvo,
2102 4813 2168 4853 ne

2194 4523 2237 4577 Ι)
2266 4532 2467 4585 Τούτου
2534 4528 2593 4582 τὸ
2665 4527 2953 4598 πρόσωπον
3016 4526 3064 4576 οἱ
3127 4520 3345 4592 ἄγγελοι
3414 4519 3669 4591 βλέπουσι
3716 4515 3832 4568 δια-

2265 4621 2480 4676 παντὸς.

2335 4655 2482 4778 Ἔωῖς
2531 4710 2696 4775 τίνος
2749 4705 3004 4776 θήσομαι
3049 4704 3288 4770 ,ϐουλὰς
3338 4701 3407 4754 ἐν
3457 4697 3832 4768 ψυχῇ-μου;

2277 4802 2537 4872 Ἀνιῶμαι
2579 4799 2708 4870 γὰρ,
2747 4798 2897 4866 φησὶ,
2931 4795 3312 4866 βουλευόμενος
3346 4790 3486 4844 κατὰ
3539 4789 3713 4859 ψυχὴν
3743 4789 3833 4858 μή·

600 4889 739 4944 forte
765 4889 818 4942 in
847 4898 1067 4957 peccato
1099 4890 1302 4943 moriar
1328 4927 1343 4952 ,
1385 4897 1441 4942 et
1482 4888 1613 4942 illud
1645 4889 1882 4943 maxime
1910 4899 1994 4942 est
2019 4905 2146 4959 qu0t

2267 4913 2383 4959 πως
2414 4894 2522 4964 ἄρα
2570 4893 2638 4944 ,ἐν
2688 4892 2754 4961 τῇ
2815 4887 3057 4959 ἁμαρτίᾳ
3107 4882 3505 4952 ἀποθανοῦμαι,
3555 4882 3650 4934 καὶ
3679 4879 3832 4934 τοῦτῦ

600 4982 788 5038 animo
827 4996 951 5036 meo
983 4982 1198 5036 dolores
1230 4991 1402 5050 parat.
1461 4980 1705 5035 Dolorem
1759 4981 1812 5033 in
1862 4983 2015 5035 corde
2057 4999 2146 5034 me.

2267 4987 2460 5042 ἐστινὸ
2502 4984 2734 5056 μάλιστα
2767 4983 2956 5043 ὀδύνας
2993 4998 3091 5050 μου
3116 4982 3182 5050 τῇ
3409 4973 3832 5047 παρασκευάζει.

600 5073 687 5129 die
708 5091 769 5128 ac
795 5087 960 5128 nocte.
998 5073 1175 5128 Corde
1209 5074 1450 5143 quotidie
1477 5073 1807 5128 meditando.

669 5257 727 5311 3.
777 5256 1050 5327 Usquequo
1085 5256 1407 5310 exaltabitur
1434 5257 1677 5310 inimicus
1704 5272 1843 5309 meus
1875 5271 2030 5322 super
2051 5257 2174 5309 me?

605 5349 742 5405 Nam
779 5351 824 5404 si
860 5350 1166 5405 colentibus
1202 5351 1363 5404 nobis
1389 5349 1582 5414 Deum,
1612 5365 1676 5403 ac
1710 5349 1962 5419 religiose
1986 5350 2172 5402 viven-

611 5443 758 5497 tibus
783 5482 796 5504 .
854 5442 1175 5511 deprimitur
1207 5442 1502 5507 inimicus;
1540 5441 1882 5495 manifestum
1914 5449 1998 5496 est
2047 5456 2172 5510 pec-

613 5536 864 5591 cantibus
895 5536 1051 5589 nobis
1079 5535 1288 5590 extolli.
1346 5533 1614 5590 Exaltatio
1663 5551 1898 5604 namque
1940 5534 2172 5602 Satanm,

2281 5080 2530 5142 Ὀδύνας
2603 5076 2672 5128 ἐν
2715 5073 2925 5141 καρδίᾳ
2981 5089 3100 5141 μου
3163 5070 3383 5139 ἡμέρας
3435 5067 3535 5122 καὶ
3594 5066 3831 5135 νυκτός.

2270 5167 2548 5237 Μεριμνᾷν
2577 5167 2634 5217 ἐν
2659 5166 2724 5233 τῇ
2760 5160 2955 5232 καρδίᾳ
2993 5159 3113 5213 καθ’
3143 5159 3375 5229 ἡμέραν.

2343 5259 2495 5321 Ἕως
2527 5256 2671 5307 πότε
2705 5251 3086 5320 ὑψωθήσεται
3123 5252 3154 5303 ό
3191 5249 3398 5317 ἐχθρός
3426 5264 3544 5317 μου
3578 5245 3671 5299 ἐπ’
3699 5243 3832 5316 ene;

2271 5348 2470 5420 Είγὰρ
2502 5344 2895 5398 Θεοσεόούντων
2946 5341 3102 5411 ἡμῶν
3158 5337 3504 5392 ταπεινοῦται
3563 5338 3592 5389 ὁ
3647 5337 3833 5408 ἐχθρὸς

2273 5439 2429 5511 ἡμῶν
2475 5434 2748 5498 διάϐολος,
2779 5433 2934 5503 δῆλον
2981 5433 3062 5484 ὅτι
3124 5429 3539 5501 ἁμαρτανόντων
3589 5427 3831 5496 ὑψοῦται.

2274 5530 2446 5599 ’Ὕψος
2499 5527 2606 5599 γὰρ
2631 5526 2708 5596 τῷ
2735 5525 2946 5595 Σατανᾷ
2975 5525 3008 5595 ἡ
3035 5524 3142 5576 τῶν
3170 5520 3466 5593 ἀνθρώπων
3493 5520 3831 5581 ταπείνωσις·

613 5636 696 5682 est
728 5628 1008 5682 hominum
1028 5628 1355 5684 ltumiliatio.
1385 5628 1688 5699 Siquidem,
1718 5627 2146 5697 quemadmodum

2276 5621 2486 5692 ἐπειδὴ,
2527 5618 2773 5688 καθάπερ
2802 5618 2830 5671 ὁ
2857 5615 2988 5678 Θεὸς
3017 5616 3073 5670 ἐν
3099 5617 3163 5685 τῇ
3228 5613 3466 5686 σωτηρίᾳ
3492 5609 3750 5683 ὑψοῦσθαι
3770 5609 3833 5680 τῆ

687 5783 732 5816 ⁹¹
761 5780 919 5839 Joan.
951 5800 1028 5844 ix,
1071 5783 1159 5838 29.
