  <div class='ocr_page' id='page_1' title='image "/cluster/home/n/w/nwhite01/storage/ocr_20150623/27/ien.35556001660521/060.png"; bbox 0 0 4032 6434; ppageno 0'>
   <div class='ocr_carea' id='block_1_1' title="bbox 170 328 3420 398">
    <p class='ocr_par' dir='ltr' id='par_1_1' title="bbox 170 328 3420 398">
     <span class='ocr_line' id='line_1_1' title="bbox 170 328 3420 398; baseline 0.004 -14"><span class='ocrx_word' id='word_1_1' title='bbox 170 328 242 384; x_wconf 76' lang='grc'><strong>97</strong></span> <span class='ocrx_word' id='word_1_2' title='bbox 1293 331 1655 389; x_wconf 78' lang='lat' dir='ltr'><strong>EXPOSITIO</strong></span> <span class='ocrx_word' id='word_1_3' title='bbox 1689 334 1756 388; x_wconf 82' lang='lat' dir='ltr'>IN</span> <span class='ocrx_word' id='word_1_4' title='bbox 1794 334 2129 393; x_wconf 76' lang='lat' dir='ltr'><strong>PSALMUM</strong></span> <span class='ocrx_word' id='word_1_5' title='bbox 2170 335 2305 390; x_wconf 74' lang='lat' dir='ltr'>XIII.</span> <span class='ocrx_word' id='word_1_6' title='bbox 3350 341 3420 398; x_wconf 83' lang='lat'><strong>98</strong></span> 
     </span>
    </p>
   </div>
   <div class='ocr_carea' id='block_1_2' title="bbox 169 448 1748 529">
    <p class='ocr_par' dir='ltr' id='par_1_2' title="bbox 169 448 1745 529">
     <span class='ocr_line' id='line_1_2' title="bbox 169 448 1745 529; baseline 0.007 -29"><span class='ocrx_word' id='word_1_7' title='bbox 169 448 446 521; x_wconf 67' lang='grc' dir='ltr'>ἡμετέρᾳ,</span> <span class='ocrx_word' id='word_1_8' title='bbox 490 449 662 516; x_wconf 73' lang='grc' dir='ltr'>οὕτως</span> <span class='ocrx_word' id='word_1_9' title='bbox 709 451 738 505; x_wconf 82' lang='grc' dir='ltr'><strong><em>ὁ</em></strong></span> <span class='ocrx_word' id='word_1_10' title='bbox 775 451 1018 516; x_wconf 85' lang='grc' dir='ltr'>διάϐολος</span> <span class='ocrx_word' id='word_1_11' title='bbox 1053 454 1110 507; x_wconf 83' lang='grc' dir='ltr'><strong>ἐν</strong></span> <span class='ocrx_word' id='word_1_12' title='bbox 1145 455 1214 526; x_wconf 71' lang='grc' dir='ltr'>τῇ</span> <span class='ocrx_word' id='word_1_13' title='bbox 1243 455 1486 527; x_wconf 75' lang='grc' dir='ltr'><strong>ἀπωλείᾳ</strong></span> <span class='ocrx_word' id='word_1_14' title='bbox 1525 457 1745 529; x_wconf 83' lang='grc' dir='ltr'>ἐπαίρε-</span> 
     </span>
    </p>
   </div>
   <div class='ocr_carea' id='block_1_3' title="bbox 1848 448 3416 529">
    <p class='ocr_par' dir='ltr' id='par_1_3' title="bbox 1849 454 3416 522">
     <span class='ocr_line' id='line_1_3' title="bbox 1849 454 3416 522; baseline 0 -11"><span class='ocrx_word' id='word_1_15' title='bbox 1849 457 1990 514; x_wconf 87' lang='lat' dir='ltr'><strong>Deus</strong></span> <span class='ocrx_word' id='word_1_16' title='bbox 2026 457 2231 513; x_wconf 87' lang='lat' dir='ltr'><strong>dicitur</strong></span> <span class='ocrx_word' id='word_1_17' title='bbox 2278 457 2332 510; x_wconf 90' lang='lat' dir='ltr'><strong>in</strong></span> <span class='ocrx_word' id='word_1_18' title='bbox 2366 455 2540 510; x_wconf 88' lang='lat' dir='ltr'><strong>salute</strong></span> <span class='ocrx_word' id='word_1_19' title='bbox 2584 463 2772 510; x_wconf 91' lang='lat' dir='ltr'><strong>nostra</strong></span> <span class='ocrx_word' id='word_1_20' title='bbox 2803 454 3067 522; x_wconf 79' lang='lat' dir='ltr'><strong>exaltari;</strong></span> <span class='ocrx_word' id='word_1_21' title='bbox 3106 455 3182 510; x_wconf 87' lang='lat' dir='ltr'><strong>ita</strong></span> <span class='ocrx_word' id='word_1_22' title='bbox 3218 465 3271 510; x_wconf 89' lang='lat' dir='ltr'><strong>et</strong></span> <span class='ocrx_word' id='word_1_23' title='bbox 3297 455 3416 511; x_wconf 88' lang='lat' dir='ltr'><strong>dia-</strong></span> 
     </span>
    </p>
   </div>
   <div class='ocr_carea' id='block_1_4' title="bbox 172 539 572 609">
    <p class='ocr_par' dir='ltr' id='par_1_4' title="bbox 172 539 572 609">
     <span class='ocr_line' id='line_1_4' title="bbox 172 539 572 609; baseline 0.01 -18"><span class='ocrx_word' id='word_1_24' title='bbox 172 539 304 592; x_wconf 88' lang='grc' dir='ltr'>σθαι</span> <span class='ocrx_word' id='word_1_25' title='bbox 333 539 572 609; x_wconf 85' lang='grc' dir='ltr'>λέγεται.</span> 
     </span>
    </p>
   </div>
   <div class='ocr_carea' id='block_1_5' title="bbox 243 631 1749 710">
    <p class='ocr_par' dir='ltr' id='par_1_5' title="bbox 243 631 1749 710">
     <span class='ocr_line' id='line_1_5' title="bbox 243 631 1749 710; baseline 0.005 -25"><span class='ocrx_word' id='word_1_26' title='bbox 243 631 518 686; x_wconf 70' lang='grc' dir='ltr'>Φώτισον</span> <span class='ocrx_word' id='word_1_27' title='bbox 547 631 687 697; x_wconf 80' lang='grc' dir='ltr'>τοὺς</span> <span class='ocrx_word' id='word_1_28' title='bbox 715 632 1058 702; x_wconf 66' lang='grc' dir='ltr'>ὀφθαλμούς</span> <span class='ocrx_word' id='word_1_29' title='bbox 1077 653 1216 704; x_wconf 87' lang='grc' dir='ltr'>μου.</span> <span class='ocrx_word' id='word_1_30' title='bbox 1262 637 1601 710; x_wconf 86' lang='grc' dir='ltr'>Ὀφθαλμοὺς</span> <span class='ocrx_word' id='word_1_31' title='bbox 1624 641 1749 704; x_wconf 76' lang='grc' dir='ltr'>τοὺς</span> 
     </span>
    </p>
   </div>
   <div class='ocr_carea' id='block_1_6' title="bbox 168 723 1748 799">
    <p class='ocr_par' dir='ltr' id='par_1_6' title="bbox 168 723 1748 799">
     <span class='ocr_line' id='line_1_6' title="bbox 168 723 1748 799; baseline 0.004 -24"><span class='ocrx_word' id='word_1_32' title='bbox 168 723 278 792; x_wconf 78' lang='grc' dir='ltr'>τῆς</span> <span class='ocrx_word' id='word_1_33' title='bbox 338 723 574 786; x_wconf 80' lang='grc' dir='ltr'><strong>διανοίας</strong></span> <span class='ocrx_word' id='word_1_34' title='bbox 642 724 812 795; x_wconf 85' lang='grc' dir='ltr'>δηλοῖ.</span> <span class='ocrx_word' id='word_1_35' title='bbox 869 727 1144 780; x_wconf 75' lang='grc' dir='ltr'>Φωτίσατε</span> <span class='ocrx_word' id='word_1_36' title='bbox 1194 728 1303 799; x_wconf 77' lang='grc' dir='ltr'>γὰρ</span> <span class='ocrx_word' id='word_1_37' title='bbox 1355 731 1582 794; x_wconf 80' lang='grc' dir='ltr'>ἑαυτοὺς</span> <span class='ocrx_word' id='word_1_38' title='bbox 1635 730 1748 799; x_wconf 89' lang='grc' dir='ltr'><strong>φῶς</strong></span> 
     </span>
    </p>
   </div>
   <div class='ocr_carea' id='block_1_7' title="bbox 169 829 452 882">
    <p class='ocr_par' dir='ltr' id='par_1_7' title="bbox 169 829 452 882">
     <span class='ocr_line' id='line_1_7' title="bbox 169 829 452 882; baseline 0.007 -18"><span class='ocrx_word' id='word_1_39' title='bbox 169 829 452 882; x_wconf 70' lang='grc' dir='ltr'>γνωσεως.</span> 
     </span>
    </p>
   </div>
   <div class='ocr_carea' id='block_1_8' title="bbox 260 903 1746 980">
    <p class='ocr_par' dir='ltr' id='par_1_8' title="bbox 260 903 1746 980">
     <span class='ocr_line' id='line_1_8' title="bbox 260 903 1746 980; baseline 0.005 -25"><span class='ocrx_word' id='word_1_40' title='bbox 260 903 405 972; x_wconf 77' lang='grc' dir='ltr'><strong>Ἐγὼ</strong></span> <span class='ocrx_word' id='word_1_41' title='bbox 452 903 520 956; x_wconf 81' lang='grc' dir='ltr'>δὲ</span> <span class='ocrx_word' id='word_1_42' title='bbox 579 904 677 958; x_wconf 80' lang='grc' dir='ltr'><strong>ἐπὶ</strong></span> <span class='ocrx_word' id='word_1_43' title='bbox 732 903 812 970; x_wconf 84' lang='grc' dir='ltr'>τῷ</span> <span class='ocrx_word' id='word_1_44' title='bbox 859 905 1014 960; x_wconf 73' lang='grc' dir='ltr'>ἐλέει</span> <span class='ocrx_word' id='word_1_45' title='bbox 1055 923 1171 961; x_wconf 90' lang='grc' dir='ltr'><strong>σου</strong></span> <span class='ocrx_word' id='word_1_46' title='bbox 1227 906 1480 976; x_wconf 77' lang='grc' dir='ltr'>ἤλπισα.</span> <span class='ocrx_word' id='word_1_47' title='bbox 1527 909 1746 980; x_wconf 80' lang='grc' dir='ltr'>Θαρρῶ,</span> 
     </span>
    </p>
   </div>
   <div class='ocr_carea' id='block_1_9' title="bbox 170 994 1749 1072">
    <p class='ocr_par' dir='ltr' id='par_1_9' title="bbox 170 994 1749 1072">
     <span class='ocr_line' id='line_1_9' title="bbox 170 994 1749 1072; baseline 0.006 -27"><span class='ocrx_word' id='word_1_48' title='bbox 170 996 362 1066; x_wconf 76' lang='grc' dir='ltr'>φησὶν,</span> <span class='ocrx_word' id='word_1_49' title='bbox 417 995 689 1066; x_wconf 82' lang='grc' dir='ltr'>ἁμαρτίας</span> <span class='ocrx_word' id='word_1_50' title='bbox 718 994 910 1066; x_wconf 71' lang='grc' dir='ltr'>ἄφεσιν</span> <span class='ocrx_word' id='word_1_51' title='bbox 954 998 1204 1062; x_wconf 82' lang='grc' dir='ltr'>δέξασθαι</span> <span class='ocrx_word' id='word_1_52' title='bbox 1241 999 1319 1070; x_wconf 82' lang='grc' dir='ltr'>τῷ</span> <span class='ocrx_word' id='word_1_53' title='bbox 1346 1001 1484 1054; x_wconf 83' lang='grc' dir='ltr'>ἐλέει</span> <span class='ocrx_word' id='word_1_54' title='bbox 1514 1018 1749 1072; x_wconf 85' lang='grc' dir='ltr'>προσαν-</span> 
     </span>
    </p>
   </div>
   <div class='ocr_carea' id='block_1_10' title="bbox 169 1079 1750 1162">
    <p class='ocr_par' dir='ltr' id='par_1_10' title="bbox 169 1079 1750 1162">
     <span class='ocr_line' id='line_1_10' title="bbox 169 1079 1750 1162; baseline 0.005 -24"><span class='ocrx_word' id='word_1_55' title='bbox 169 1085 316 1154; x_wconf 79' lang='grc' dir='ltr'>ἐχων</span> <span class='ocrx_word' id='word_1_56' title='bbox 378 1084 456 1154; x_wconf 84' lang='grc' dir='ltr'>τῷ</span> <span class='ocrx_word' id='word_1_57' title='bbox 499 1084 596 1155; x_wconf 88' lang='grc' dir='ltr'>σῷ,</span> <span class='ocrx_word' id='word_1_58' title='bbox 654 1086 719 1139; x_wconf 88' lang='grc' dir='ltr'>δι’</span> <span class='ocrx_word' id='word_1_59' title='bbox 779 1079 838 1138; x_wconf 74' lang='grc' dir='ltr'><strong>οὗ</strong></span> <span class='ocrx_word' id='word_1_60' title='bbox 879 1089 971 1141; x_wconf 79' lang='grc' dir='ltr'>καὶ</span> <span class='ocrx_word' id='word_1_61' title='bbox 999 1089 1060 1142; x_wconf 65' lang='grc' dir='ltr'><strong>τι</strong></span> <span class='ocrx_word' id='word_1_62' title='bbox 1095 1091 1360 1162; x_wconf 85' lang='grc' dir='ltr'>σωτήριον</span> <span class='ocrx_word' id='word_1_63' title='bbox 1384 1091 1615 1155; x_wconf 85' lang='grc' dir='ltr'>δέδωκας</span> <span class='ocrx_word' id='word_1_64' title='bbox 1643 1094 1750 1147; x_wconf 83' lang='grc' dir='ltr'>πᾶ-</span> 
     </span>
    </p>
   </div>
   <div class='ocr_carea' id='block_1_11' title="bbox 173 1174 1750 1252">
    <p class='ocr_par' dir='ltr' id='par_1_11' title="bbox 173 1174 1750 1252">
     <span class='ocr_line' id='line_1_11' title="bbox 173 1174 1750 1252; baseline 0.006 -24"><span class='ocrx_word' id='word_1_65' title='bbox 173 1193 262 1230; x_wconf 85' lang='grc' dir='ltr'><strong>σιν</strong></span> <span class='ocrx_word' id='word_1_66' title='bbox 316 1174 651 1248; x_wconf 85' lang='grc' dir='ltr'>ἀνθρώποις·</span> <span class='ocrx_word' id='word_1_67' title='bbox 712 1180 849 1250; x_wconf 85' lang='grc' dir='ltr'>ὅπερ</span> <span class='ocrx_word' id='word_1_68' title='bbox 901 1183 1166 1252; x_wconf 88' lang='grc' dir='ltr'>σωτήριον</span> <span class='ocrx_word' id='word_1_69' title='bbox 1227 1183 1585 1251; x_wconf 83' lang='grc' dir='ltr'>ἀγαλλιᾶσθαι</span> <span class='ocrx_word' id='word_1_70' title='bbox 1644 1203 1750 1237; x_wconf 84' lang='grc' dir='ltr'>πα-</span> 
     </span>
    </p>
   </div>
   <div class='ocr_carea' id='block_1_12' title="bbox 171 1269 1750 1348">
    <p class='ocr_par' dir='ltr' id='par_1_12' title="bbox 171 1269 1750 1348">
     <span class='ocr_line' id='line_1_12' title="bbox 171 1269 1750 1348; baseline 0.004 -26"><span class='ocrx_word' id='word_1_71' title='bbox 171 1269 505 1340; x_wconf 81' lang='grc' dir='ltr'>ρασκευάσει</span> <span class='ocrx_word' id='word_1_72' title='bbox 541 1285 640 1336; x_wconf 84' lang='grc' dir='ltr'>μου</span> <span class='ocrx_word' id='word_1_73' title='bbox 669 1270 765 1339; x_wconf 85' lang='grc' dir='ltr'>τὴν</span> <span class='ocrx_word' id='word_1_74' title='bbox 817 1273 1064 1343; x_wconf 75' lang='grc' dir='ltr'><strong>καρδίαν,</strong></span> <span class='ocrx_word' id='word_1_75' title='bbox 1094 1275 1190 1345; x_wconf 84' lang='grc' dir='ltr'>τὴν</span> <span class='ocrx_word' id='word_1_76' title='bbox 1213 1277 1376 1330; x_wconf 83' lang='grc' dir='ltr'>πάλαι</span> <span class='ocrx_word' id='word_1_77' title='bbox 1410 1277 1750 1348; x_wconf 66' lang='grc' dir='ltr'>ὀδυνωμένττν</span> 
     </span>
    </p>
   </div>
   <div class='ocr_carea' id='block_1_13' title="bbox 167 1361 711 1432">
    <p class='ocr_par' dir='ltr' id='par_1_13' title="bbox 167 1361 711 1432">
     <span class='ocr_line' id='line_1_13' title="bbox 167 1361 711 1432; baseline -0.002 -17"><span class='ocrx_word' id='word_1_78' title='bbox 167 1363 264 1417; x_wconf 78' lang='grc' dir='ltr'>διὰ</span> <span class='ocrx_word' id='word_1_79' title='bbox 291 1363 392 1432; x_wconf 84' lang='grc' dir='ltr'>τὴν</span> <span class='ocrx_word' id='word_1_80' title='bbox 418 1361 711 1431; x_wconf 80' lang='grc' dir='ltr'>ἁμαρτίαν.</span> 
     </span>
    </p>
   </div>
   <div class='ocr_carea' id='block_1_14' title="bbox 309 1449 1588 1523">
    <p class='ocr_par' dir='ltr' id='par_1_14' title="bbox 309 1449 1588 1523">
     <span class='ocr_line' id='line_1_14' title="bbox 309 1449 1588 1523; baseline 0.008 -19"><span class='ocrx_word' id='word_1_81' title='bbox 309 1454 412 1518; x_wconf 65' lang='lat' dir='ltr'><strong>El;-</strong></span> <span class='ocrx_word' id='word_1_82' title='bbox 439 1451 505 1504; x_wconf 83' lang='grc' dir='ltr'>τὸ</span> <span class='ocrx_word' id='word_1_83' title='bbox 551 1449 742 1518; x_wconf 69' lang='grc' dir='ltr'>τέλος,</span> <span class='ocrx_word' id='word_1_84' title='bbox 797 1458 1092 1510; x_wconf 75' lang='grc' dir='ltr'><strong>ΨἉΑΜΟΣ</strong></span> <span class='ocrx_word' id='word_1_85' title='bbox 1118 1457 1197 1523; x_wconf 82' lang='grc' dir='ltr'>τῷ</span> <span class='ocrx_word' id='word_1_86' title='bbox 1251 1459 1448 1514; x_wconf 78' lang='grc' dir='ltr'>Δαὸὶδ.</span> <span class='ocrx_word' id='word_1_87' title='bbox 1476 1461 1588 1514; x_wconf 86' lang='grc' dir='ltr'><strong>1Γ¹.</strong></span> 
     </span>
    </p>
   </div>
   <div class='ocr_carea' id='block_1_15' title="bbox 813 1547 1143 1614">
    <p class='ocr_par' dir='ltr' id='par_1_15' title="bbox 813 1547 1143 1614">
     <span class='ocr_line' id='line_1_15' title="bbox 813 1547 1143 1614; baseline 0.009 -15"><span class='ocrx_word' id='word_1_88' title='bbox 813 1547 824 1563; x_wconf 73' lang='grc'><strong><em>⁸</em></strong></span> <span class='ocrx_word' id='word_1_89' title='bbox 839 1549 1143 1614; x_wconf 76' lang='grc' dir='ltr'>Υπόϐεσις.</span> 
     </span>
    </p>
   </div>
   <div class='ocr_carea' id='block_1_16' title="bbox 169 1639 1751 1714">
    <p class='ocr_par' dir='ltr' id='par_1_16' title="bbox 169 1639 1751 1714">
     <span class='ocr_line' id='line_1_16' title="bbox 169 1639 1751 1714; baseline 0.005 -25"><span class='ocrx_word' id='word_1_90' title='bbox 169 1639 481 1712; x_wconf 73' lang='grc' dir='ltr'>Διαρρήδην</span> <span class='ocrx_word' id='word_1_91' title='bbox 541 1646 597 1698; x_wconf 89' lang='grc' dir='ltr'><strong>ἐν</strong></span> <span class='ocrx_word' id='word_1_92' title='bbox 653 1643 731 1714; x_wconf 80' lang='grc' dir='ltr'>τῷ</span> <span class='ocrx_word' id='word_1_93' title='bbox 785 1642 1011 1713; x_wconf 80' lang='grc' dir='ltr'>παρόντι</span> <span class='ocrx_word' id='word_1_94' title='bbox 1065 1641 1265 1713; x_wconf 72' lang='grc' dir='ltr'>ψαλμῷ</span> <span class='ocrx_word' id='word_1_95' title='bbox 1312 1642 1596 1714; x_wconf 74' lang='grc' dir='ltr'>σαφηνίζει</span> <span class='ocrx_word' id='word_1_96' title='bbox 1641 1643 1751 1698; x_wconf 89' lang='grc' dir='ltr'><strong>τῶν</strong></span> 
     </span>
    </p>
   </div>
   <div class='ocr_carea' id='block_1_17' title="bbox 241 1732 1748 1808">
    <p class='ocr_par' dir='ltr' id='par_1_17' title="bbox 241 1732 1748 1808">
     <span class='ocr_line' id='line_1_17' title="bbox 241 1732 1748 1808; baseline 0.006 -25"><span class='ocrx_word' id='word_1_97' title='bbox 241 1732 544 1804; x_wconf 82' lang='grc' dir='ltr'>ἀνθρώπων</span> <span class='ocrx_word' id='word_1_98' title='bbox 571 1737 768 1807; x_wconf 79' lang='grc' dir='ltr'>τὴνείς</span> <span class='ocrx_word' id='word_1_99' title='bbox 823 1736 882 1788; x_wconf 82' lang='grc' dir='ltr'>τὸ</span> <span class='ocrx_word' id='word_1_100' title='bbox 918 1736 1174 1799; x_wconf 87' lang='grc' dir='ltr'>παντελὲς</span> <span class='ocrx_word' id='word_1_101' title='bbox 1219 1737 1328 1790; x_wconf 87' lang='grc' dir='ltr'><strong>τῶν</strong></span> <span class='ocrx_word' id='word_1_102' title='bbox 1380 1739 1748 1808; x_wconf 78' lang='grc' dir='ltr'>ἐπιτηδευμά-</span> 
     </span>
    </p>
   </div>
   <div class='ocr_carea' id='block_1_18' title="bbox 1850 545 2825 616">
    <p class='ocr_par' dir='ltr' id='par_1_18' title="bbox 1850 545 2825 616">
     <span class='ocr_line' id='line_1_18' title="bbox 1850 545 2825 616; baseline -0.003 -12"><span class='ocrx_word' id='word_1_103' title='bbox 1850 547 2007 604; x_wconf 86' lang='lat' dir='ltr'><strong>bolus</strong></span> <span class='ocrx_word' id='word_1_104' title='bbox 2039 548 2091 602; x_wconf 91' lang='lat' dir='ltr'><strong>in</strong></span> <span class='ocrx_word' id='word_1_105' title='bbox 2123 547 2362 616; x_wconf 73' lang='lat' dir='ltr'><strong>pernicie</strong></span> <span class='ocrx_word' id='word_1_106' title='bbox 2398 555 2586 602; x_wconf 90' lang='lat' dir='ltr'><strong>nostra</strong></span> <span class='ocrx_word' id='word_1_107' title='bbox 2617 545 2825 601; x_wconf 78' lang='lat' dir='ltr'><strong>extolli.</strong></span> 
     </span>
    </p>
   </div>
   <div class='ocr_carea' id='block_1_19' title="bbox 1919 636 3412 695">
    <p class='ocr_par' dir='ltr' id='par_1_19' title="bbox 1919 636 3412 695">
     <span class='ocr_line' id='line_1_19' title="bbox 1919 636 3412 695; baseline -0.001 -1"><span class='ocrx_word' id='word_1_108' title='bbox 1919 641 1971 694; x_wconf 70' lang='grc'>4.</span> <span class='ocrx_word' id='word_1_109' title='bbox 2018 639 2273 693; x_wconf 84' lang='lat' dir='ltr'><strong>Illumina</strong></span> <span class='ocrx_word' id='word_1_110' title='bbox 2310 639 2485 692; x_wconf 87' lang='lat' dir='ltr'><strong>oculos</strong></span> <span class='ocrx_word' id='word_1_111' title='bbox 2519 655 2680 693; x_wconf 84' lang='lat' dir='ltr'><strong>meos.</strong></span> <span class='ocrx_word' id='word_1_112' title='bbox 2727 636 2926 693; x_wconf 87' lang='lat' dir='ltr'><strong>Oculos</strong></span> <span class='ocrx_word' id='word_1_113' title='bbox 2959 641 3157 694; x_wconf 89' lang='lat' dir='ltr'><strong>mentis</strong></span> <span class='ocrx_word' id='word_1_114' title='bbox 3193 639 3412 695; x_wconf 81' lang='lat' dir='ltr'><strong>Iudicat.</strong></span> 
     </span>
    </p>
   </div>
   <div class='ocr_carea' id='block_1_20' title="bbox 1846 730 2925 802">
    <p class='ocr_par' dir='ltr' id='par_1_20' title="bbox 1846 730 2925 802">
     <span class='ocr_line' id='line_1_20' title="bbox 1846 730 2925 802; baseline -0.001 -16"><span class='ocrx_word' id='word_1_115' title='bbox 1846 730 2156 788; x_wconf 90' lang='lat' dir='ltr'><strong>Illuminate</strong></span> <span class='ocrx_word' id='word_1_116' title='bbox 2185 734 2307 788; x_wconf 90' lang='lat' dir='ltr'><strong>illos</strong></span> <span class='ocrx_word' id='word_1_117' title='bbox 2341 733 2548 788; x_wconf 86' lang='lat' dir='ltr'><strong>lumine</strong></span> <span class='ocrx_word' id='word_1_118' title='bbox 2574 734 2925 802; x_wconf 80' lang='lat' dir='ltr'><strong>cognitionis.</strong></span> 
     </span>
    </p>
   </div>
   <div class='ocr_carea' id='block_1_21' title="bbox 1922 824 3414 895">
    <p class='ocr_par' dir='ltr' id='par_1_21' title="bbox 1922 824 3414 895">
     <span class='ocr_line' id='line_1_21' title="bbox 1922 824 3414 895; baseline 0.001 -17"><span class='ocrx_word' id='word_1_119' title='bbox 1922 825 1974 878; x_wconf 88' lang='lat'><strong>6.</strong></span> <span class='ocrx_word' id='word_1_120' title='bbox 2021 824 2131 895; x_wconf 81' lang='lat' dir='ltr'><strong>Ego</strong></span> <span class='ocrx_word' id='word_1_121' title='bbox 2165 835 2342 879; x_wconf 85' lang='lat' dir='ltr'><strong>autem</strong></span> <span class='ocrx_word' id='word_1_122' title='bbox 2376 828 2427 878; x_wconf 91' lang='lat' dir='ltr'><strong>in</strong></span> <span class='ocrx_word' id='word_1_123' title='bbox 2468 826 2832 878; x_wconf 77' lang='lat' dir='ltr'><strong>misericordia</strong></span> <span class='ocrx_word' id='word_1_124' title='bbox 2877 834 2966 877; x_wconf 86' lang='lat' dir='ltr'><strong>tua</strong></span> <span class='ocrx_word' id='word_1_125' title='bbox 2995 826 3216 893; x_wconf 77' lang='lat' dir='ltr'><strong>sperari.</strong></span> <span class='ocrx_word' id='word_1_126' title='bbox 3270 825 3414 879; x_wconf 92' lang='lat' dir='ltr'><strong>Con-</strong></span> 
     </span>
    </p>
   </div>
   <div class='ocr_carea' id='block_1_22' title="bbox 1848 915 3415 986">
    <p class='ocr_par' dir='ltr' id='par_1_22' title="bbox 1848 915 3415 986">
     <span class='ocr_line' id='line_1_22' title="bbox 1848 915 3415 986; baseline 0.001 -18"><span class='ocrx_word' id='word_1_127' title='bbox 1848 915 1977 979; x_wconf 86' lang='lat' dir='ltr'><strong>lido,</strong></span> <span class='ocrx_word' id='word_1_128' title='bbox 2009 916 2203 984; x_wconf 86' lang='lat' dir='ltr'><strong>inquit,</strong></span> <span class='ocrx_word' id='word_1_129' title='bbox 2235 917 2440 986; x_wconf 91' lang='lat' dir='ltr'><strong>peccati</strong></span> <span class='ocrx_word' id='word_1_130' title='bbox 2477 932 2564 970; x_wconf 88' lang='lat' dir='ltr'><strong>me</strong></span> <span class='ocrx_word' id='word_1_131' title='bbox 2601 917 2978 970; x_wconf 81' lang='lat' dir='ltr'><strong>remissionem</strong></span> <span class='ocrx_word' id='word_1_132' title='bbox 3035 925 3415 985; x_wconf 69' lang='lat' dir='ltr'><strong>accepturum,</strong></span> 
     </span>
    </p>
   </div>
   <div class='ocr_carea' id='block_1_23' title="bbox 1847 1003 3414 1077">
    <p class='ocr_par' dir='ltr' id='par_1_23' title="bbox 1847 1003 3414 1077">
     <span class='ocr_line' id='line_1_23' title="bbox 1847 1003 3414 1077; baseline 0.001 -19"><span class='ocrx_word' id='word_1_133' title='bbox 1847 1003 1976 1058; x_wconf 92' lang='lat' dir='ltr'><strong>dum</strong></span> <span class='ocrx_word' id='word_1_134' title='bbox 2014 1013 2163 1059; x_wconf 88' lang='lat' dir='ltr'><strong>tuam</strong></span> <span class='ocrx_word' id='word_1_135' title='bbox 2202 1007 2481 1076; x_wconf 88' lang='lat' dir='ltr'><strong>perpendo</strong></span> <span class='ocrx_word' id='word_1_136' title='bbox 2523 1007 2978 1061; x_wconf 84' lang='lat' dir='ltr'><strong>misericordiam.</strong></span> <span class='ocrx_word' id='word_1_137' title='bbox 3036 1006 3170 1071; x_wconf 83' lang='lat' dir='ltr'><strong>Tua,</strong></span> <span class='ocrx_word' id='word_1_138' title='bbox 3218 1007 3414 1077; x_wconf 80' lang='lat' dir='ltr'><strong>inquit,</strong></span> 
     </span>
    </p>
   </div>
   <div class='ocr_carea' id='block_1_24' title="bbox 1847 1098 3418 1167">
    <p class='ocr_par' dir='ltr' id='par_1_24' title="bbox 1847 1098 3418 1167">
     <span class='ocr_line' id='line_1_24' title="bbox 1847 1098 3418 1167; baseline 0.003 -18"><span class='ocrx_word' id='word_1_139' title='bbox 1847 1111 1944 1165; x_wconf 89' lang='lat' dir='ltr'><strong>per</strong></span> <span class='ocrx_word' id='word_1_140' title='bbox 1984 1113 2148 1167; x_wconf 80' lang='lat' dir='ltr'><strong>quam</strong></span> <span class='ocrx_word' id='word_1_141' title='bbox 2179 1098 2419 1153; x_wconf 86' lang='lat' dir='ltr'><strong>salutare</strong></span> <span class='ocrx_word' id='word_1_142' title='bbox 2448 1108 2600 1153; x_wconf 90' lang='lat' dir='ltr'><strong>tuum</strong></span> <span class='ocrx_word' id='word_1_143' title='bbox 2649 1099 2844 1155; x_wconf 59' lang='lat' dir='ltr'><strong>dedisti</strong></span> <span class='ocrx_word' id='word_1_144' title='bbox 2900 1099 3144 1154; x_wconf 76' lang='lat' dir='ltr'><strong>minibus</strong></span> <span class='ocrx_word' id='word_1_145' title='bbox 3183 1099 3418 1153; x_wconf 85' lang='lat' dir='ltr'><strong>homini-</strong></span> 
     </span>
    </p>
   </div>
   <div class='ocr_carea' id='block_1_25' title="bbox 1850 1187 3414 1258">
    <p class='ocr_par' dir='ltr' id='par_1_25' title="bbox 1850 1187 3414 1258">
     <span class='ocr_line' id='line_1_25' title="bbox 1850 1187 3414 1258; baseline 0 -18"><span class='ocrx_word' id='word_1_146' title='bbox 1850 1187 1972 1241; x_wconf 87' lang='lat' dir='ltr'><strong>bus.</strong></span> <span class='ocrx_word' id='word_1_147' title='bbox 2034 1187 2188 1253; x_wconf 85' lang='lat' dir='ltr'><strong>Quod</strong></span> <span class='ocrx_word' id='word_1_148' title='bbox 2245 1190 2486 1244; x_wconf 87' lang='lat' dir='ltr'><strong>salntare</strong></span> <span class='ocrx_word' id='word_1_149' title='bbox 2525 1190 2944 1244; x_wconf 75' lang='lat' dir='ltr'><strong>exsultationem</strong></span> <span class='ocrx_word' id='word_1_150' title='bbox 3005 1189 3220 1258; x_wconf 87' lang='lat' dir='ltr'><strong>parabit</strong></span> <span class='ocrx_word' id='word_1_151' title='bbox 3261 1188 3414 1243; x_wconf 67' lang='lat' dir='ltr'><strong>cogdi</strong></span> 
     </span>
    </p>
   </div>
   <div class='ocr_carea' id='block_1_26' title="bbox 1847 1280 2764 1350">
    <p class='ocr_par' dir='ltr' id='par_1_26' title="bbox 1847 1280 2764 1350">
     <span class='ocr_line' id='line_1_26' title="bbox 1847 1280 2764 1350; baseline 0.001 -18"><span class='ocrx_word' id='word_1_152' title='bbox 1847 1292 1990 1345; x_wconf 88' lang='lat' dir='ltr'><strong>meo,</strong></span> <span class='ocrx_word' id='word_1_153' title='bbox 2027 1280 2156 1333; x_wconf 90' lang='lat' dir='ltr'><strong>olim</strong></span> <span class='ocrx_word' id='word_1_154' title='bbox 2183 1280 2250 1335; x_wconf 89' lang='lat' dir='ltr'><strong>de</strong></span> <span class='ocrx_word' id='word_1_155' title='bbox 2283 1290 2508 1350; x_wconf 86' lang='lat' dir='ltr'><strong>peccato</strong></span> <span class='ocrx_word' id='word_1_156' title='bbox 2537 1280 2764 1335; x_wconf 89' lang='lat' dir='ltr'><strong>dolenti.</strong></span> 
     </span>
    </p>
   </div>
   <div class='ocr_carea' id='block_1_27' title="bbox 2047 1455 3216 1526">
    <p class='ocr_par' dir='ltr' id='par_1_27' title="bbox 2047 1455 3216 1526">
     <span class='ocr_line' id='line_1_27' title="bbox 2047 1455 3216 1526; baseline 0.003 -16"><span class='ocrx_word' id='word_1_157' title='bbox 2047 1457 2099 1512; x_wconf 80' lang='grc'>1.</span> <span class='ocrx_word' id='word_1_158' title='bbox 2133 1455 2200 1510; x_wconf 87' lang='lat' dir='ltr'><strong>In</strong></span> <span class='ocrx_word' id='word_1_159' title='bbox 2227 1458 2407 1526; x_wconf 79' lang='lat' dir='ltr'><strong>ﬁnem,</strong></span> <span class='ocrx_word' id='word_1_160' title='bbox 2438 1457 2776 1514; x_wconf 75' lang='lat' dir='ltr'><strong>PSALMUS</strong></span> <span class='ocrx_word' id='word_1_161' title='bbox 2807 1459 3000 1515; x_wconf 85' lang='lat' dir='ltr'><strong>David.</strong></span> <span class='ocrx_word' id='word_1_162' title='bbox 3040 1459 3216 1514; x_wconf 81' lang='lat' dir='ltr'>XIII.</span> 
     </span>
    </p>
   </div>
   <div class='ocr_carea' id='block_1_28' title="bbox 2429 1553 2828 1620">
    <p class='ocr_par' dir='ltr' id='par_1_28' title="bbox 2429 1553 2828 1620">
     <span class='ocr_line' id='line_1_28' title="bbox 2429 1553 2828 1620; baseline 0.003 -15"><span class='ocrx_word' id='word_1_163' title='bbox 2429 1553 2828 1620; x_wconf 79' lang='lat' dir='ltr'><strong>Argumentum.</strong></span> 
     </span>
    </p>
   </div>
   <div class='ocr_carea' id='block_1_29' title="bbox 1850 1640 3414 1713">
    <p class='ocr_par' dir='ltr' id='par_1_29' title="bbox 1850 1640 3414 1713">
     <span class='ocr_line' id='line_1_29' title="bbox 1850 1640 3414 1713; baseline 0.003 -19"><span class='ocrx_word' id='word_1_164' title='bbox 1850 1640 2059 1698; x_wconf 80' lang='lat' dir='ltr'><strong>Diserte</strong></span> <span class='ocrx_word' id='word_1_165' title='bbox 2091 1641 2146 1695; x_wconf 89' lang='lat' dir='ltr'><strong>in</strong></span> <span class='ocrx_word' id='word_1_166' title='bbox 2195 1644 2448 1712; x_wconf 63' lang='lat' dir='ltr'><strong>priescnti</strong></span> <span class='ocrx_word' id='word_1_167' title='bbox 2489 1644 2703 1713; x_wconf 87' lang='lat' dir='ltr'><strong>psalmo</strong></span> <span class='ocrx_word' id='word_1_168' title='bbox 2754 1643 2996 1700; x_wconf 83' lang='lat' dir='ltr'><strong>declarat</strong></span> <span class='ocrx_word' id='word_1_169' title='bbox 3043 1644 3327 1700; x_wconf 85' lang='lat' dir='ltr'><strong>hominum</strong></span> <span class='ocrx_word' id='word_1_170' title='bbox 3357 1643 3414 1702; x_wconf 84' lang='lat' dir='ltr'><strong>in</strong></span> 
     </span>
    </p>
   </div>
   <div class='ocr_carea' id='block_1_30' title="bbox 1916 1735 3416 1807">
    <p class='ocr_par' dir='ltr' id='par_1_30' title="bbox 1916 1735 3416 1807">
     <span class='ocr_line' id='line_1_30' title="bbox 1916 1735 3416 1807; baseline 0.002 -18"><span class='ocrx_word' id='word_1_171' title='bbox 1916 1735 2172 1790; x_wconf 83' lang='lat' dir='ltr'><strong>omnibus</strong></span> <span class='ocrx_word' id='word_1_172' title='bbox 2199 1736 2393 1790; x_wconf 87' lang='lat' dir='ltr'><strong>studiis</strong></span> <span class='ocrx_word' id='word_1_173' title='bbox 2432 1748 2486 1791; x_wconf 88' lang='lat' dir='ltr'><strong>et</strong></span> <span class='ocrx_word' id='word_1_174' title='bbox 2525 1736 2736 1791; x_wconf 83' lang='lat' dir='ltr'><strong>actibus</strong></span> <span class='ocrx_word' id='word_1_175' title='bbox 2779 1738 2894 1791; x_wconf 90' lang='lat' dir='ltr'><strong>suis</strong></span> <span class='ocrx_word' id='word_1_176' title='bbox 2944 1737 3276 1807; x_wconf 87' lang='lat' dir='ltr'><strong>impietatem</strong></span> <span class='ocrx_word' id='word_1_177' title='bbox 3311 1738 3416 1793; x_wconf 90' lang='lat' dir='ltr'><strong>ini-</strong></span> 
     </span>
    </p>
   </div>
   <div class='ocr_carea' id='block_1_31' title="bbox 239 1823 1748 1901">
    <p class='ocr_par' dir='ltr' id='par_1_31' title="bbox 239 1828 1748 1901">
     <span class='ocr_line' id='line_1_31' title="bbox 239 1828 1748 1901; baseline 0.005 -23"><span class='ocrx_word' id='word_1_178' title='bbox 239 1842 350 1879; x_wconf 89' lang='grc' dir='ltr'><strong>των</strong></span> <span class='ocrx_word' id='word_1_179' title='bbox 383 1828 639 1882; x_wconf 90' lang='grc' dir='ltr'>ἀσέϐειαν</span> <span class='ocrx_word' id='word_1_180' title='bbox 689 1830 782 1882; x_wconf 75' lang='grc' dir='ltr'>καὶ</span> <span class='ocrx_word' id='word_1_181' title='bbox 821 1829 1186 1901; x_wconf 77' lang='grc' dir='ltr'>παρανομίαν,</span> <span class='ocrx_word' id='word_1_182' title='bbox 1232 1831 1316 1882; x_wconf 77' lang='grc' dir='ltr'>ἵνα</span> <span class='ocrx_word' id='word_1_183' title='bbox 1370 1833 1430 1884; x_wconf 75' lang='grc' dir='ltr'><strong>τὸ</strong></span> <span class='ocrx_word' id='word_1_184' title='bbox 1455 1833 1748 1899; x_wconf 81' lang='grc' dir='ltr'>ἀναγκαῖον</span> 
     </span>
    </p>
   </div>
   <div class='ocr_carea' id='block_1_32' title="bbox 1848 1823 3416 1901">
    <p class='ocr_par' dir='ltr' id='par_1_32' title="bbox 1917 1823 3416 1896">
     <span class='ocr_line' id='line_1_32' title="bbox 1917 1823 3416 1896; baseline 0.003 -19"><span class='ocrx_word' id='word_1_185' title='bbox 1917 1823 2317 1894; x_wconf 88' lang='lat' dir='ltr'><strong>quitatemque,</strong></span> <span class='ocrx_word' id='word_1_186' title='bbox 2367 1833 2426 1880; x_wconf 93' lang='lat' dir='ltr'><strong>ut</strong></span> <span class='ocrx_word' id='word_1_187' title='bbox 2456 1826 2836 1882; x_wconf 86' lang='lat' dir='ltr'><strong>necessitatem</strong></span> <span class='ocrx_word' id='word_1_188' title='bbox 2862 1827 3117 1896; x_wconf 67' lang='lat' dir='ltr'><strong>praedicet</strong></span> <span class='ocrx_word' id='word_1_189' title='bbox 3148 1828 3416 1883; x_wconf 80' lang='lat' dir='ltr'><strong>adventus</strong></span> 
     </span>
    </p>
   </div>
   <div class='ocr_carea' id='block_1_33' title="bbox 238 1919 1204 1992">
    <p class='ocr_par' dir='ltr' id='par_1_33' title="bbox 238 1919 1204 1992">
     <span class='ocr_line' id='line_1_33' title="bbox 238 1919 1204 1992; baseline 0 -18"><span class='ocrx_word' id='word_1_190' title='bbox 238 1919 340 1990; x_wconf 79' lang='grc' dir='ltr'>τῆς</span> <span class='ocrx_word' id='word_1_191' title='bbox 368 1922 683 1991; x_wconf 77' lang='grc' dir='ltr'>ἐπιφανείας</span> <span class='ocrx_word' id='word_1_192' title='bbox 714 1921 920 1992; x_wconf 78' lang='grc' dir='ltr'><strong>κηρύξῃ</strong></span> <span class='ocrx_word' id='word_1_193' title='bbox 951 1921 1204 1992; x_wconf 79' lang='grc' dir='ltr'><strong>Χριστοῦ.</strong></span> 
     </span>
    </p>
   </div>
   <div class='ocr_carea' id='block_1_34' title="bbox 235 2008 1747 2082">
    <p class='ocr_par' dir='ltr' id='par_1_34' title="bbox 235 2008 1747 2082">
     <span class='ocr_line' id='line_1_34' title="bbox 235 2008 1747 2082; baseline 0.005 -20"><span class='ocrx_word' id='word_1_194' title='bbox 235 2008 429 2066; x_wconf 78' lang='grc' dir='ltr'>Εἶπεν</span> <span class='ocrx_word' id='word_1_195' title='bbox 454 2013 657 2082; x_wconf 56' lang='grc' dir='ltr'>ἄφρων</span> <span class='ocrx_word' id='word_1_196' title='bbox 685 2015 754 2067; x_wconf 78' lang='grc' dir='ltr'>ἐν</span> <span class='ocrx_word' id='word_1_197' title='bbox 787 2013 996 2082; x_wconf 79' lang='grc' dir='ltr'>καρδίᾳ</span> <span class='ocrx_word' id='word_1_198' title='bbox 1027 2013 1235 2067; x_wconf 81' lang='grc' dir='ltr'>αὐτοῦ’</span> <span class='ocrx_word' id='word_1_199' title='bbox 1267 2014 1386 2066; x_wconf 84' lang='grc' dir='ltr'><strong>Οὐκ</strong></span> <span class='ocrx_word' id='word_1_200' title='bbox 1411 2014 1541 2068; x_wconf 78' lang='grc' dir='ltr'>ἐστι</span> <span class='ocrx_word' id='word_1_201' title='bbox 1585 2016 1747 2081; x_wconf 82' lang='grc' dir='ltr'>Θεός.</span> 
     </span>
    </p>
   </div>
   <div class='ocr_carea' id='block_1_35' title="bbox 180 2101 1750 2178">
    <p class='ocr_par' dir='ltr' id='par_1_35' title="bbox 180 2101 1750 2178">
     <span class='ocr_line' id='line_1_35' title="bbox 180 2101 1750 2178; baseline 0.006 -25"><span class='ocrx_word' id='word_1_202' title='bbox 180 2102 424 2173; x_wconf 79' lang='grc' dir='ltr'>Ἐπειδὴ,</span> <span class='ocrx_word' id='word_1_203' title='bbox 482 2103 556 2176; x_wconf 86' lang='grc' dir='ltr'><strong>μὴ</strong></span> <span class='ocrx_word' id='word_1_204' title='bbox 606 2105 972 2174; x_wconf 77' lang='grc' dir='ltr'>λογισάμενοι,</span> <span class='ocrx_word' id='word_1_205' title='bbox 1026 2106 1210 2174; x_wconf 70' lang='grc' dir='ltr'>φησὶν,</span> <span class='ocrx_word' id='word_1_206' title='bbox 1269 2101 1406 2159; x_wconf 77' lang='grc' dir='ltr'>εἶναι</span> <span class='ocrx_word' id='word_1_207' title='bbox 1461 2107 1593 2160; x_wconf 82' lang='grc' dir='ltr'>Θεὸν</span> <span class='ocrx_word' id='word_1_208' title='bbox 1627 2111 1750 2178; x_wconf 90' lang='grc' dir='ltr'>ἐφο-</span> 
     </span>
    </p>
   </div>
   <div class='ocr_carea' id='block_1_36' title="bbox 170 2191 1746 2270">
    <p class='ocr_par' dir='ltr' id='par_1_36' title="bbox 170 2191 1746 2270">
     <span class='ocr_line' id='line_1_36' title="bbox 170 2191 1746 2270; baseline 0.004 -25"><span class='ocrx_word' id='word_1_209' title='bbox 170 2191 356 2263; x_wconf 84' lang='grc' dir='ltr'>ρῶντα</span> <span class='ocrx_word' id='word_1_210' title='bbox 393 2196 462 2247; x_wconf 65' lang='grc' dir='ltr'><strong>τὰ</strong></span> <span class='ocrx_word' id='word_1_211' title='bbox 487 2195 803 2266; x_wconf 78' lang='grc' dir='ltr'>ἀνθρώπινα</span> <span class='ocrx_word' id='word_1_212' title='bbox 854 2197 947 2249; x_wconf 77' lang='grc' dir='ltr'>καὶ</span> <span class='ocrx_word' id='word_1_213' title='bbox 1005 2195 1256 2266; x_wconf 84' lang='grc' dir='ltr'>κρίνοντα</span> <span class='ocrx_word' id='word_1_214' title='bbox 1305 2196 1482 2266; x_wconf 86' lang='grc' dir='ltr'>κρίσει</span> <span class='ocrx_word' id='word_1_215' title='bbox 1544 2199 1746 2270; x_wconf 71' lang='grc' dir='ltr'>δικαίᾳ.</span> 
     </span>
    </p>
   </div>
   <div class='ocr_carea' id='block_1_37' title="bbox 170 2285 1750 2361">
    <p class='ocr_par' dir='ltr' id='par_1_37' title="bbox 170 2285 1750 2361">
     <span class='ocr_line' id='line_1_37' title="bbox 170 2285 1750 2361; baseline 0.003 -24"><span class='ocrx_word' id='word_1_216' title='bbox 170 2285 358 2337; x_wconf 81' lang='grc' dir='ltr'>πᾶσαν</span> <span class='ocrx_word' id='word_1_217' title='bbox 389 2285 817 2358; x_wconf 84' lang='grc' dir='ltr'>ἀθεμιτουργίαν</span> <span class='ocrx_word' id='word_1_218' title='bbox 850 2287 1192 2358; x_wconf 77' lang='grc' dir='ltr'>εἰργάσαντο’</span> <span class='ocrx_word' id='word_1_219' title='bbox 1224 2286 1501 2358; x_wconf 43' lang='grc' dir='ltr'>τούτουδδὴ</span> <span class='ocrx_word' id='word_1_220' title='bbox 1536 2289 1694 2361; x_wconf 81' lang='grc' dir='ltr'>χάριν</span> <span class='ocrx_word' id='word_1_221' title='bbox 1723 2292 1750 2342; x_wconf 79' lang='grc' dir='ltr'>ὁ</span> 
     </span>
    </p>
   </div>
   <div class='ocr_carea' id='block_1_38' title="bbox 171 2375 1751 2452">
    <p class='ocr_par' dir='ltr' id='par_1_38' title="bbox 171 2375 1751 2452">
     <span class='ocr_line' id='line_1_38' title="bbox 171 2375 1751 2452; baseline 0.003 -24"><span class='ocrx_word' id='word_1_222' title='bbox 171 2375 381 2447; x_wconf 82' lang='grc' dir='ltr'>Κύριος</span> <span class='ocrx_word' id='word_1_223' title='bbox 418 2379 482 2430; x_wconf 86' lang='grc' dir='ltr'><strong>ἐκ</strong></span> <span class='ocrx_word' id='word_1_224' title='bbox 529 2377 622 2430; x_wconf 80' lang='grc' dir='ltr'>τοῦ</span> <span class='ocrx_word' id='word_1_225' title='bbox 656 2378 884 2450; x_wconf 74' lang='grc' dir='ltr'>ούρανοῦ</span> <span class='ocrx_word' id='word_1_226' title='bbox 939 2379 1181 2448; x_wconf 73' lang='grc' dir='ltr'>διέκυψε.</span> <span class='ocrx_word' id='word_1_227' title='bbox 1223 2378 1392 2432; x_wconf 75' lang='grc' dir='ltr'>Τοῦτο</span> <span class='ocrx_word' id='word_1_228' title='bbox 1421 2380 1526 2452; x_wconf 82' lang='grc' dir='ltr'>γὰρ</span> <span class='ocrx_word' id='word_1_229' title='bbox 1567 2381 1751 2450; x_wconf 87' lang='grc' dir='ltr'>σαφῶς</span> 
     </span>
    </p>
   </div>
   <div class='ocr_carea' id='block_1_39' title="bbox 165 2467 1749 2542">
    <p class='ocr_par' dir='ltr' id='par_1_39' title="bbox 165 2467 1749 2542">
     <span class='ocr_line' id='line_1_39' title="bbox 165 2467 1749 2542; baseline 0.004 -24"><span class='ocrx_word' id='word_1_230' title='bbox 165 2467 270 2536; x_wconf 81' lang='grc' dir='ltr'>τὴν</span> <span class='ocrx_word' id='word_1_231' title='bbox 302 2471 380 2530; x_wconf 87' lang='grc' dir='ltr'><strong>είς</strong></span> <span class='ocrx_word' id='word_1_232' title='bbox 436 2468 754 2539; x_wconf 79' lang='grc' dir='ltr'>ἀνθρώπους</span> <span class='ocrx_word' id='word_1_233' title='bbox 798 2469 890 2521; x_wconf 80' lang='grc' dir='ltr'>τοῦ</span> <span class='ocrx_word' id='word_1_234' title='bbox 933 2470 1135 2540; x_wconf 85' lang='grc' dir='ltr'>Κυρίου</span> <span class='ocrx_word' id='word_1_235' title='bbox 1164 2469 1385 2540; x_wconf 82' lang='grc' dir='ltr'>πρόοδον</span> <span class='ocrx_word' id='word_1_236' title='bbox 1405 2473 1749 2542; x_wconf 84' lang='grc' dir='ltr'>κατασημαί-</span> 
     </span>
    </p>
   </div>
   <div class='ocr_carea' id='block_1_40' title="bbox 165 2559 1750 2630">
    <p class='ocr_par' dir='ltr' id='par_1_40' title="bbox 165 2559 1750 2630">
     <span class='ocr_line' id='line_1_40' title="bbox 165 2559 1750 2630; baseline 0.003 -18"><span class='ocrx_word' id='word_1_237' title='bbox 165 2577 272 2612; x_wconf 83' lang='grc' dir='ltr'>νει.</span> <span class='ocrx_word' id='word_1_238' title='bbox 299 2563 423 2614; x_wconf 80' lang='grc' dir='ltr'><strong>Οὐκ</strong></span> <span class='ocrx_word' id='word_1_239' title='bbox 456 2561 590 2614; x_wconf 79' lang='grc' dir='ltr'>ἐστι</span> <span class='ocrx_word' id='word_1_240' title='bbox 617 2559 804 2614; x_wconf 85' lang='grc' dir='ltr'>ποιῶν</span> <span class='ocrx_word' id='word_1_241' title='bbox 859 2563 1255 2630; x_wconf 80' lang='grc' dir='ltr'><strong>χρηστότητα,</strong></span> <span class='ocrx_word' id='word_1_242' title='bbox 1283 2563 1393 2615; x_wconf 82' lang='grc' dir='ltr'>οὐκ</span> <span class='ocrx_word' id='word_1_243' title='bbox 1429 2562 1600 2616; x_wconf 79' lang='grc' dir='ltr'>ἔστιν</span> <span class='ocrx_word' id='word_1_244' title='bbox 1641 2563 1750 2629; x_wconf 76' lang='grc' dir='ltr'>ἕως</span> 
     </span>
    </p>
   </div>
   <div class='ocr_carea' id='block_1_41' title="bbox 167 2649 1750 2727">
    <p class='ocr_par' dir='ltr' id='par_1_41' title="bbox 167 2649 1750 2727">
     <span class='ocr_line' id='line_1_41' title="bbox 167 2649 1750 2727; baseline 0.002 -24"><span class='ocrx_word' id='word_1_245' title='bbox 167 2651 331 2717; x_wconf 72' lang='grc' dir='ltr'>ἑνός.</span> <span class='ocrx_word' id='word_1_246' title='bbox 376 2650 598 2712; x_wconf 84' lang='grc' dir='ltr'>Ἐλθὼν,</span> <span class='ocrx_word' id='word_1_247' title='bbox 629 2653 815 2724; x_wconf 80' lang='grc' dir='ltr'>φησὶν,</span> <span class='ocrx_word' id='word_1_248' title='bbox 874 2656 901 2706; x_wconf 85' lang='grc' dir='ltr'>ὁ</span> <span class='ocrx_word' id='word_1_249' title='bbox 950 2653 1152 2724; x_wconf 85' lang='grc' dir='ltr'>Κύριος</span> <span class='ocrx_word' id='word_1_250' title='bbox 1182 2655 1289 2707; x_wconf 84' lang='grc' dir='ltr'>οὐδ’</span> <span class='ocrx_word' id='word_1_251' title='bbox 1339 2656 1434 2707; x_wconf 78' lang='grc' dir='ltr'>ἕνα</span> <span class='ocrx_word' id='word_1_252' title='bbox 1464 2649 1589 2727; x_wconf 75' lang='grc' dir='ltr'>εὗρε</span> <span class='ocrx_word' id='word_1_253' title='bbox 1617 2673 1750 2726; x_wconf 86' lang='grc' dir='ltr'>χρη-</span> 
     </span>
    </p>
   </div>
   <div class='ocr_carea' id='block_1_42' title="bbox 171 2742 1745 2818">
    <p class='ocr_par' dir='ltr' id='par_1_42' title="bbox 171 2742 1745 2818">
     <span class='ocr_line' id='line_1_42' title="bbox 171 2742 1745 2818; baseline 0.005 -24"><span class='ocrx_word' id='word_1_254' title='bbox 171 2742 431 2812; x_wconf 84' lang='grc' dir='ltr'>στότητος</span> <span class='ocrx_word' id='word_1_255' title='bbox 459 2743 717 2814; x_wconf 81' lang='grc' dir='ltr'>ἐργάτην,</span> <span class='ocrx_word' id='word_1_256' title='bbox 743 2744 875 2796; x_wconf 72' lang='grc' dir='ltr'>ἀλλὰ</span> <span class='ocrx_word' id='word_1_257' title='bbox 904 2745 1011 2815; x_wconf 74' lang='grc' dir='ltr'><strong>γὰρ</strong></span> <span class='ocrx_word' id='word_1_258' title='bbox 1036 2745 1334 2798; x_wconf 82' lang='grc' dir='ltr'>ὑπεύθυνον</span> <span class='ocrx_word' id='word_1_259' title='bbox 1364 2747 1509 2817; x_wconf 79' lang='grc' dir='ltr'>πάσῃ</span> <span class='ocrx_word' id='word_1_260' title='bbox 1545 2749 1745 2818; x_wconf 79' lang='grc' dir='ltr'>πράξει</span> 
     </span>
    </p>
   </div>
   <div class='ocr_carea' id='block_1_43' title="bbox 167 2831 1745 2902">
    <p class='ocr_par' dir='ltr' id='par_1_43' title="bbox 167 2831 1745 2902">
     <span class='ocr_line' id='line_1_43' title="bbox 167 2831 1745 2902; baseline 0.003 -18"><span class='ocrx_word' id='word_1_261' title='bbox 167 2832 379 2900; x_wconf 81' lang='grc' dir='ltr'>ἀτόπῳ.</span> <span class='ocrx_word' id='word_1_262' title='bbox 419 2831 639 2900; x_wconf 62' lang='grc' dir='ltr'>,Τάφος</span> <span class='ocrx_word' id='word_1_263' title='bbox 704 2832 1076 2900; x_wconf 78' lang='grc' dir='ltr'><strong>ἀνεῳγμένος</strong></span> <span class='ocrx_word' id='word_1_264' title='bbox 1130 2836 1163 2886; x_wconf 83' lang='grc' dir='ltr'><strong>ό</strong></span> <span class='ocrx_word' id='word_1_265' title='bbox 1220 2831 1453 2902; x_wconf 76' lang='grc' dir='ltr'>λάρυγξ</span> <span class='ocrx_word' id='word_1_266' title='bbox 1527 2836 1745 2888; x_wconf 76' lang='grc' dir='ltr'>αὐτῶν.</span> 
     </span>
    </p>
   </div>
   <div class='ocr_carea' id='block_1_44' title="bbox 182 2918 1749 2998">
    <p class='ocr_par' dir='ltr' id='par_1_44' title="bbox 182 2918 1749 2998">
     <span class='ocr_line' id='line_1_44' title="bbox 182 2918 1749 2998; baseline 0.006 -27"><span class='ocrx_word' id='word_1_267' title='bbox 182 2918 426 2972; x_wconf 85' lang='grc' dir='ltr'>Ἐαυτῶν</span> <span class='ocrx_word' id='word_1_268' title='bbox 461 2921 569 2989; x_wconf 74' lang='grc' dir='ltr'>γὰρ</span> <span class='ocrx_word' id='word_1_269' title='bbox 593 2921 670 2991; x_wconf 81' lang='grc' dir='ltr'>τῷ</span> <span class='ocrx_word' id='word_1_270' title='bbox 700 2922 940 2994; x_wconf 77' lang='grc' dir='ltr'>φάρυγγι</span> <span class='ocrx_word' id='word_1_271' title='bbox 968 2925 1015 2975; x_wconf 86' lang='grc' dir='ltr'>οἱ</span> <span class='ocrx_word' id='word_1_272' title='bbox 1050 2923 1299 2994; x_wconf 89' lang='grc' dir='ltr'>δαίμονες</span> <span class='ocrx_word' id='word_1_273' title='bbox 1334 2924 1521 2998; x_wconf 84' lang='grc' dir='ltr'>ὥσπερ</span> <span class='ocrx_word' id='word_1_274' title='bbox 1545 2926 1749 2998; x_wconf 88' lang='grc' dir='ltr'>βρῶσιν</span> 
     </span>
    </p>
   </div>
   <div class='ocr_carea' id='block_1_45' title="bbox 169 3003 1750 3083">
    <p class='ocr_par' dir='ltr' id='par_1_45' title="bbox 169 3003 1750 3083">
     <span class='ocr_line' id='line_1_45' title="bbox 169 3003 1750 3083; baseline 0.007 -23"><span class='ocrx_word' id='word_1_275' title='bbox 169 3003 319 3079; x_wconf 79' lang='grc' dir='ltr'>εῐχον</span> <span class='ocrx_word' id='word_1_276' title='bbox 347 3009 438 3061; x_wconf 77' lang='grc' dir='ltr'><strong>τὸν</strong></span> <span class='ocrx_word' id='word_1_277' title='bbox 476 3009 780 3083; x_wconf 80' lang='grc' dir='ltr'>ἄνθρωπον,</span> <span class='ocrx_word' id='word_1_278' title='bbox 820 3012 893 3082; x_wconf 84' lang='grc' dir='ltr'>μὴ</span> <span class='ocrx_word' id='word_1_279' title='bbox 940 3007 1078 3065; x_wconf 77' lang='grc' dir='ltr'>εἶναι</span> <span class='ocrx_word' id='word_1_280' title='bbox 1132 3013 1396 3078; x_wconf 83' lang='grc' dir='ltr'>νοοῦντες,</span> <span class='ocrx_word' id='word_1_281' title='bbox 1446 3016 1528 3068; x_wconf 85' lang='grc' dir='ltr'>ὅτι</span> <span class='ocrx_word' id='word_1_282' title='bbox 1556 3019 1583 3070; x_wconf 86' lang='grc' dir='ltr'>ὁ</span> <span class='ocrx_word' id='word_1_283' title='bbox 1619 3017 1750 3082; x_wconf 85' lang='grc' dir='ltr'>Θεδς</span> 
     </span>
    </p>
   </div>
   <div class='ocr_carea' id='block_1_46' title="bbox 169 3101 1544 3174">
    <p class='ocr_par' dir='ltr' id='par_1_46' title="bbox 169 3101 1544 3174">
     <span class='ocr_line' id='line_1_46' title="bbox 169 3101 1544 3174; baseline 0.007 -22"><span class='ocrx_word' id='word_1_284' title='bbox 169 3101 529 3155; x_wconf 73' lang='grc' dir='ltr'>ἐπιλαθέσθαι</span> <span class='ocrx_word' id='word_1_285' title='bbox 554 3104 647 3155; x_wconf 77' lang='grc' dir='ltr'><strong>τοῦ</strong></span> <span class='ocrx_word' id='word_1_286' title='bbox 677 3104 992 3174; x_wconf 75' lang='grc' dir='ltr'>πλάσματος</span> <span class='ocrx_word' id='word_1_287' title='bbox 1015 3105 1178 3158; x_wconf 80' lang='grc' dir='ltr'>αὐτοῦ</span> <span class='ocrx_word' id='word_1_288' title='bbox 1213 3106 1271 3157; x_wconf 80' lang='grc' dir='ltr'>οὐ</span> <span class='ocrx_word' id='word_1_289' title='bbox 1303 3106 1544 3161; x_wconf 87' lang='grc' dir='ltr'>δύναται.</span> 
     </span>
    </p>
   </div>
   <div class='ocr_carea' id='block_1_47' title="bbox 1925 1913 2153 1968">
    <p class='ocr_par' dir='ltr' id='par_1_47' title="bbox 1925 1913 2153 1968">
     <span class='ocr_line' id='line_1_47' title="bbox 1925 1913 2153 1968; baseline 0 0"><span class='ocrx_word' id='word_1_290' title='bbox 1925 1913 2153 1968; x_wconf 88' lang='lat' dir='ltr'><strong>Christi.</strong></span> 
     </span>
    </p>
   </div>
   <div class='ocr_carea' id='block_1_48' title="bbox 1924 2003 3417 2075">
    <p class='ocr_par' dir='ltr' id='par_1_48' title="bbox 1924 2003 3417 2075">
     <span class='ocr_line' id='line_1_48' title="bbox 1924 2003 3417 2075; baseline 0.003 -17"><span class='ocrx_word' id='word_1_291' title='bbox 1924 2005 2074 2059; x_wconf 76' lang='lat' dir='ltr'><strong>Dixit</strong></span> <span class='ocrx_word' id='word_1_292' title='bbox 2099 2003 2349 2075; x_wconf 78' lang='lat' dir='ltr'><strong>insipiens</strong></span> <span class='ocrx_word' id='word_1_293' title='bbox 2384 2007 2441 2060; x_wconf 90' lang='lat' dir='ltr'><strong>in</strong></span> <span class='ocrx_word' id='word_1_294' title='bbox 2467 2010 2622 2062; x_wconf 88' lang='lat' dir='ltr'><strong>corde</strong></span> <span class='ocrx_word' id='word_1_295' title='bbox 2643 2025 2776 2063; x_wconf 87' lang='lat' dir='ltr'><strong>suo:</strong></span> <span class='ocrx_word' id='word_1_296' title='bbox 2804 2008 2926 2063; x_wconf 87' lang='lat' dir='ltr'><strong>Non</strong></span> <span class='ocrx_word' id='word_1_297' title='bbox 2947 2018 3024 2062; x_wconf 83' lang='lat' dir='ltr'><strong>est</strong></span> <span class='ocrx_word' id='word_1_298' title='bbox 3044 2007 3204 2063; x_wconf 88' lang='lat' dir='ltr'><strong>Deus.</strong></span> <span class='ocrx_word' id='word_1_299' title='bbox 3240 2007 3417 2075; x_wconf 82' lang='lat' dir='ltr'><strong>Quan—</strong></span> 
     </span>
    </p>
   </div>
   <div class='ocr_carea' id='block_1_49' title="bbox 1851 2095 3416 2171">
    <p class='ocr_par' dir='ltr' id='par_1_49' title="bbox 1851 2095 3416 2171">
     <span class='ocr_line' id='line_1_49' title="bbox 1851 2095 3416 2171; baseline 0.004 -22"><span class='ocrx_word' id='word_1_300' title='bbox 1851 2095 2145 2166; x_wconf 90' lang='lat' dir='ltr'><strong>doquidem</strong></span> <span class='ocrx_word' id='word_1_301' title='bbox 2176 2114 2286 2154; x_wconf 91' lang='lat' dir='ltr'><strong>non</strong></span> <span class='ocrx_word' id='word_1_302' title='bbox 2315 2100 2615 2170; x_wconf 77' lang='lat' dir='ltr'><strong>cogitantes</strong></span> <span class='ocrx_word' id='word_1_303' title='bbox 2644 2100 2813 2155; x_wconf 90' lang='lat' dir='ltr'><strong>Deum</strong></span> <span class='ocrx_word' id='word_1_304' title='bbox 2840 2116 2994 2168; x_wconf 88' lang='lat' dir='ltr'><strong>esse,</strong></span> <span class='ocrx_word' id='word_1_305' title='bbox 3037 2101 3131 2170; x_wconf 88' lang='lat' dir='ltr'><strong>qui</strong></span> <span class='ocrx_word' id='word_1_306' title='bbox 3162 2102 3416 2171; x_wconf 80' lang='lat' dir='ltr'><strong>respiciat</strong></span> 
     </span>
    </p>
   </div>
   <div class='ocr_carea' id='block_1_50' title="bbox 1849 2189 3418 2262">
    <p class='ocr_par' dir='ltr' id='par_1_50' title="bbox 1849 2189 3418 2262">
     <span class='ocr_line' id='line_1_50' title="bbox 1849 2189 3418 2262; baseline 0.004 -22"><span class='ocrx_word' id='word_1_307' title='bbox 1849 2189 2031 2242; x_wconf 90' lang='lat' dir='ltr'><strong>omnia</strong></span> <span class='ocrx_word' id='word_1_308' title='bbox 2059 2191 2297 2245; x_wconf 87' lang='lat' dir='ltr'><strong>humana</strong></span> <span class='ocrx_word' id='word_1_309' title='bbox 2320 2233 2334 2258; x_wconf 93' lang='lat'><strong>,</strong></span> <span class='ocrx_word' id='word_1_310' title='bbox 2377 2207 2442 2246; x_wconf 94' lang='lat' dir='ltr'><strong>ac</strong></span> <span class='ocrx_word' id='word_1_311' title='bbox 2465 2193 2557 2261; x_wconf 88' lang='lat' dir='ltr'><strong>qui</strong></span> <span class='ocrx_word' id='word_1_312' title='bbox 2593 2192 2743 2262; x_wconf 88' lang='lat' dir='ltr'><strong>justo</strong></span> <span class='ocrx_word' id='word_1_313' title='bbox 2771 2192 2980 2261; x_wconf 89' lang='lat' dir='ltr'><strong>judicio</strong></span> <span class='ocrx_word' id='word_1_314' title='bbox 2999 2192 3204 2262; x_wconf 87' lang='lat' dir='ltr'><strong>judicet</strong></span> <span class='ocrx_word' id='word_1_315' title='bbox 3227 2233 3242 2256; x_wconf 93' lang='lat'><strong>,</strong></span> <span class='ocrx_word' id='word_1_316' title='bbox 3294 2193 3418 2247; x_wconf 78' lang='lat' dir='ltr'><strong>nul-</strong></span> 
     </span>
    </p>
   </div>
   <div class='ocr_carea' id='block_1_51' title="bbox 1849 2279 3418 2352">
    <p class='ocr_par' dir='ltr' id='par_1_51' title="bbox 1849 2279 3418 2352">
     <span class='ocr_line' id='line_1_51' title="bbox 1849 2279 3418 2352; baseline 0.003 -20"><span class='ocrx_word' id='word_1_317' title='bbox 1849 2279 1962 2334; x_wconf 92' lang='lat' dir='ltr'><strong>lum</strong></span> <span class='ocrx_word' id='word_1_318' title='bbox 1997 2295 2103 2334; x_wconf 90' lang='lat' dir='ltr'><strong>non</strong></span> <span class='ocrx_word' id='word_1_319' title='bbox 2134 2283 2313 2336; x_wconf 85' lang='lat' dir='ltr'><strong>scelus</strong></span> <span class='ocrx_word' id='word_1_320' title='bbox 2347 2291 2767 2352; x_wconf 79' lang='lat' dir='ltr'><strong>per-petrarum;</strong></span> <span class='ocrx_word' id='word_1_321' title='bbox 2823 2283 3029 2338; x_wconf 85' lang='lat' dir='ltr'><strong>idcirco</strong></span> <span class='ocrx_word' id='word_1_322' title='bbox 3061 2282 3325 2338; x_wconf 91' lang='lat' dir='ltr'><strong>Dominus</strong></span> <span class='ocrx_word' id='word_1_323' title='bbox 3351 2284 3418 2337; x_wconf 87' lang='lat' dir='ltr'><strong>de</strong></span> 
     </span>
    </p>
   </div>
   <div class='ocr_carea' id='block_1_52' title="bbox 1850 2373 3418 2445">
    <p class='ocr_par' dir='ltr' id='par_1_52' title="bbox 1850 2373 3418 2445">
     <span class='ocr_line' id='line_1_52' title="bbox 1850 2373 3418 2445; baseline -0.003 -15"><span class='ocrx_word' id='word_1_324' title='bbox 1850 2377 1989 2430; x_wconf 66' lang='lat' dir='ltr'><strong>c0310</strong></span> <span class='ocrx_word' id='word_1_325' title='bbox 2025 2375 2322 2445; x_wconf 75' lang='lat' dir='ltr'><strong>prospexit.</strong></span> <span class='ocrx_word' id='word_1_326' title='bbox 2372 2373 2506 2427; x_wconf 89' lang='lat' dir='ltr'><strong>Illud</strong></span> <span class='ocrx_word' id='word_1_327' title='bbox 2542 2374 2686 2428; x_wconf 90' lang='lat' dir='ltr'><strong>enim</strong></span> <span class='ocrx_word' id='word_1_328' title='bbox 2727 2383 2911 2443; x_wconf 90' lang='lat' dir='ltr'><strong>aperte</strong></span> <span class='ocrx_word' id='word_1_329' title='bbox 2949 2373 3162 2427; x_wconf 89' lang='lat' dir='ltr'><strong>Domini</strong></span> <span class='ocrx_word' id='word_1_330' title='bbox 3205 2374 3270 2426; x_wconf 89' lang='lat' dir='ltr'><strong>ad</strong></span> <span class='ocrx_word' id='word_1_331' title='bbox 3319 2373 3418 2426; x_wconf 83' lang='lat' dir='ltr'><strong>lio-</strong></span> 
     </span>
    </p>
   </div>
   <div class='ocr_carea' id='block_1_53' title="bbox 1849 2467 3414 2538">
    <p class='ocr_par' dir='ltr' id='par_1_53' title="bbox 1849 2467 3414 2538">
     <span class='ocr_line' id='line_1_53' title="bbox 1849 2467 3414 2538; baseline -0.003 -14"><span class='ocrx_word' id='word_1_332' title='bbox 1849 2471 2022 2524; x_wconf 88' lang='lat' dir='ltr'><strong>mincs</strong></span> <span class='ocrx_word' id='word_1_333' title='bbox 2043 2469 2331 2524; x_wconf 86' lang='lat' dir='ltr'><strong>adventum</strong></span> <span class='ocrx_word' id='word_1_334' title='bbox 2363 2467 2585 2523; x_wconf 88' lang='lat' dir='ltr'><strong>indicat.</strong></span> <span class='ocrx_word' id='word_1_335' title='bbox 2635 2467 2758 2520; x_wconf 86' lang='lat' dir='ltr'><strong>Non</strong></span> <span class='ocrx_word' id='word_1_336' title='bbox 2778 2478 2854 2522; x_wconf 80' lang='lat' dir='ltr'><strong>es!</strong></span> <span class='ocrx_word' id='word_1_337' title='bbox 2883 2470 2971 2538; x_wconf 83' lang='lat' dir='ltr'><strong>qui</strong></span> <span class='ocrx_word' id='word_1_338' title='bbox 3009 2469 3173 2536; x_wconf 80' lang='lat' dir='ltr'><strong>faciat</strong></span> <span class='ocrx_word' id='word_1_339' title='bbox 3199 2467 3414 2529; x_wconf 87' lang='lat' dir='ltr'><strong>bonum,</strong></span> 
     </span>
    </p>
   </div>
   <div class='ocr_carea' id='block_1_54' title="bbox 1855 2560 3419 2631">
    <p class='ocr_par' dir='ltr' id='par_1_54' title="bbox 1855 2560 3419 2631">
     <span class='ocr_line' id='line_1_54' title="bbox 1855 2560 3419 2631; baseline 0.001 -18"><span class='ocrx_word' id='word_1_340' title='bbox 1855 2579 1957 2616; x_wconf 88' lang='lat' dir='ltr'><strong>non</strong></span> <span class='ocrx_word' id='word_1_341' title='bbox 1980 2572 2055 2615; x_wconf 84' lang='lat' dir='ltr'><strong>est</strong></span> <span class='ocrx_word' id='word_1_342' title='bbox 2083 2577 2243 2630; x_wconf 84' lang='lat' dir='ltr'><strong>usque</strong></span> <span class='ocrx_word' id='word_1_343' title='bbox 2270 2560 2339 2613; x_wconf 83' lang='lat' dir='ltr'><strong>ad</strong></span> <span class='ocrx_word' id='word_1_344' title='bbox 2367 2577 2550 2614; x_wconf 88' lang='lat' dir='ltr'><strong>unum.</strong></span> <span class='ocrx_word' id='word_1_345' title='bbox 2607 2561 2743 2616; x_wconf 88' lang='lat' dir='ltr'><strong>Cum</strong></span> <span class='ocrx_word' id='word_1_346' title='bbox 2767 2563 2914 2615; x_wconf 81' lang='lat' dir='ltr'><strong>venit</strong></span> <span class='ocrx_word' id='word_1_347' title='bbox 2937 2602 2950 2621; x_wconf 89' lang='lat'><strong>,</strong></span> <span class='ocrx_word' id='word_1_348' title='bbox 2987 2563 3192 2631; x_wconf 90' lang='lat' dir='ltr'><strong>inquit,</strong></span> <span class='ocrx_word' id='word_1_349' title='bbox 3230 2560 3419 2615; x_wconf 88' lang='lat' dir='ltr'><strong>Domi-</strong></span> 
     </span>
    </p>
   </div>
   <div class='ocr_carea' id='block_1_55' title="bbox 1850 2653 3416 2719">
    <p class='ocr_par' dir='ltr' id='par_1_55' title="bbox 1850 2653 3416 2719">
     <span class='ocr_line' id='line_1_55' title="bbox 1850 2653 3416 2719; baseline -0.002 -10"><span class='ocrx_word' id='word_1_350' title='bbox 1850 2669 1990 2719; x_wconf 91' lang='lat' dir='ltr'><strong>nus,</strong></span> <span class='ocrx_word' id='word_1_351' title='bbox 2037 2653 2243 2707; x_wconf 91' lang='lat' dir='ltr'><strong>nullum</strong></span> <span class='ocrx_word' id='word_1_352' title='bbox 2294 2653 2698 2707; x_wconf 78' lang='lat' dir='ltr'><strong>mansuetudini</strong></span> <span class='ocrx_word' id='word_1_353' title='bbox 2743 2654 3024 2717; x_wconf 84' lang='lat' dir='ltr'><strong>deditum;</strong></span> <span class='ocrx_word' id='word_1_354' title='bbox 3077 2654 3170 2707; x_wconf 89' lang='lat' dir='ltr'><strong>scd</strong></span> <span class='ocrx_word' id='word_1_355' title='bbox 3224 2668 3416 2707; x_wconf 85' lang='lat' dir='ltr'><strong>omnes</strong></span> 
     </span>
    </p>
   </div>
   <div class='ocr_carea' id='block_1_56' title="bbox 1852 2743 3417 2814">
    <p class='ocr_par' dir='ltr' id='par_1_56' title="bbox 1852 2743 3417 2814">
     <span class='ocr_line' id='line_1_56' title="bbox 1852 2743 3417 2814; baseline -0.003 -14"><span class='ocrx_word' id='word_1_356' title='bbox 1852 2745 1988 2800; x_wconf 92' lang='lat' dir='ltr'><strong>nulli</strong></span> <span class='ocrx_word' id='word_1_357' title='bbox 2025 2760 2131 2800; x_wconf 91' lang='lat' dir='ltr'><strong>non</strong></span> <span class='ocrx_word' id='word_1_358' title='bbox 2157 2758 2326 2814; x_wconf 82' lang='lat' dir='ltr'><strong>pravo</strong></span> <span class='ocrx_word' id='word_1_359' title='bbox 2365 2744 2514 2812; x_wconf 89' lang='lat' dir='ltr'><strong>operi</strong></span> <span class='ocrx_word' id='word_1_360' title='bbox 2545 2743 2812 2809; x_wconf 85' lang='lat' dir='ltr'><strong>addictos,</strong></span> <span class='ocrx_word' id='word_1_361' title='bbox 2847 2744 3070 2798; x_wconf 69' lang='lat' dir='ltr'><strong>invenit.</strong></span> <span class='ocrx_word' id='word_1_362' title='bbox 3105 2743 3417 2813; x_wconf 71' lang='lat' dir='ltr'><strong>Sepulcrum</strong></span> 
     </span>
    </p>
   </div>
   <div class='ocr_carea' id='block_1_57' title="bbox 1849 2831 3420 2908">
    <p class='ocr_par' dir='ltr' id='par_1_57' title="bbox 1849 2831 3420 2908">
     <span class='ocr_line' id='line_1_57' title="bbox 1849 2831 3420 2908; baseline -0.001 -17"><span class='ocrx_word' id='word_1_363' title='bbox 1849 2848 2033 2908; x_wconf 80' lang='lat' dir='ltr'><strong>patens</strong></span> <span class='ocrx_word' id='word_1_364' title='bbox 2079 2846 2157 2890; x_wconf 73' lang='grc'><strong>881</strong></span> <span class='ocrx_word' id='word_1_365' title='bbox 2208 2845 2391 2906; x_wconf 86' lang='lat' dir='ltr'><strong>guttur</strong></span> <span class='ocrx_word' id='word_1_366' title='bbox 2432 2850 2631 2888; x_wconf 86' lang='lat' dir='ltr'><strong>eorum.</strong></span> <span class='ocrx_word' id='word_1_367' title='bbox 2696 2831 2752 2887; x_wconf 91' lang='lat' dir='ltr'><strong>In</strong></span> <span class='ocrx_word' id='word_1_368' title='bbox 2793 2848 2894 2887; x_wconf 83' lang='lat' dir='ltr'><strong>SUO</strong></span> <span class='ocrx_word' id='word_1_369' title='bbox 2922 2849 3156 2902; x_wconf 83' lang='lat' dir='ltr'><strong>namque</strong></span> <span class='ocrx_word' id='word_1_370' title='bbox 3203 2844 3420 2904; x_wconf 73' lang='lat' dir='ltr'><strong>gutture</strong></span> 
     </span>
    </p>
   </div>
   <div class='ocr_carea' id='block_1_58' title="bbox 1849 2924 3416 2994">
    <p class='ocr_par' dir='ltr' id='par_1_58' title="bbox 1849 2924 3416 2994">
     <span class='ocr_line' id='line_1_58' title="bbox 1849 2924 3416 2994; baseline -0.002 -12"><span class='ocrx_word' id='word_1_371' title='bbox 1849 2930 2122 2982; x_wconf 65' lang='lat' dir='ltr'><strong>damones</strong></span> <span class='ocrx_word' id='word_1_372' title='bbox 2158 2927 2432 2985; x_wconf 84' lang='lat' dir='ltr'><strong>hominem</strong></span> <span class='ocrx_word' id='word_1_373' title='bbox 2479 2924 2638 2994; x_wconf 85' lang='lat' dir='ltr'><strong>quasi</strong></span> <span class='ocrx_word' id='word_1_374' title='bbox 2680 2924 2862 2977; x_wconf 88' lang='lat' dir='ltr'><strong>cibum</strong></span> <span class='ocrx_word' id='word_1_375' title='bbox 2907 2924 3257 2989; x_wconf 86' lang='lat' dir='ltr'><strong>detinebant,</strong></span> <span class='ocrx_word' id='word_1_376' title='bbox 3308 2941 3416 2979; x_wconf 89' lang='lat' dir='ltr'><strong>non</strong></span> 
     </span>
    </p>
   </div>
   <div class='ocr_carea' id='block_1_59' title="bbox 1851 3013 3417 3086">
    <p class='ocr_par' dir='ltr' id='par_1_59' title="bbox 1851 3013 3417 3086">
     <span class='ocr_line' id='line_1_59' title="bbox 1851 3013 3417 3086; baseline -0.002 -15"><span class='ocrx_word' id='word_1_377' title='bbox 1851 3017 2149 3086; x_wconf 80' lang='lat' dir='ltr'><strong>cogitantes</strong></span> <span class='ocrx_word' id='word_1_378' title='bbox 2199 3030 2305 3069; x_wconf 90' lang='lat' dir='ltr'><strong>non</strong></span> <span class='ocrx_word' id='word_1_379' title='bbox 2356 3029 2516 3084; x_wconf 90' lang='lat' dir='ltr'><strong>posse</strong></span> <span class='ocrx_word' id='word_1_380' title='bbox 2562 3013 2731 3069; x_wconf 87' lang='lat' dir='ltr'><strong>Deum</strong></span> <span class='ocrx_word' id='word_1_381' title='bbox 2785 3029 3027 3081; x_wconf 89' lang='lat' dir='ltr'><strong>unquam</strong></span> <span class='ocrx_word' id='word_1_382' title='bbox 3081 3013 3281 3081; x_wconf 84' lang='lat' dir='ltr'><strong>opiticii</strong></span> <span class='ocrx_word' id='word_1_383' title='bbox 3331 3014 3417 3070; x_wconf 85' lang='lat' dir='ltr'><strong>sui</strong></span> 
     </span>
    </p>
   </div>
   <div class='ocr_carea' id='block_1_60' title="bbox 1852 3105 2118 3162">
    <p class='ocr_par' dir='ltr' id='par_1_60' title="bbox 1852 3105 2118 3162">
     <span class='ocr_line' id='line_1_60' title="bbox 1852 3105 2118 3162; baseline -0.019 1"><span class='ocrx_word' id='word_1_384' title='bbox 1852 3105 2118 3162; x_wconf 86' lang='lat' dir='ltr'><strong>oblivisci.</strong></span> 
     </span>
    </p>
   </div>
   <div class='ocr_carea' id='block_1_61' title="bbox 247 3176 1748 3268">
    <p class='ocr_par' dir='ltr' id='par_1_61' title="bbox 247 3192 1748 3268">
     <span class='ocr_line' id='line_1_61' title="bbox 247 3192 1748 3268; baseline 0.005 -22"><span class='ocrx_word' id='word_1_385' title='bbox 247 3192 398 3260; x_wconf 76' lang='grc' dir='ltr'><strong>Οὐχὶ</strong></span> <span class='ocrx_word' id='word_1_386' title='bbox 447 3192 780 3261; x_wconf 73' lang='grc' dir='ltr'>γνώσονται</span> <span class='ocrx_word' id='word_1_387' title='bbox 843 3194 1062 3261; x_wconf 82' lang='grc' dir='ltr'>πάντες</span> <span class='ocrx_word' id='word_1_388' title='bbox 1120 3199 1173 3248; x_wconf 78' lang='grc' dir='ltr'><strong>οι</strong></span> <span class='ocrx_word' id='word_1_389' title='bbox 1231 3197 1599 3267; x_wconf 77' lang='grc' dir='ltr'>ἐργαζόμενοι</span> <span class='ocrx_word' id='word_1_390' title='bbox 1639 3199 1748 3268; x_wconf 83' lang='grc' dir='ltr'>τὴν</span> 
     </span>
    </p>
   </div>
   <div class='ocr_carea' id='block_1_62' title="bbox 1848 3176 3419 3268">
    <p class='ocr_par' dir='ltr' id='par_1_62' title="bbox 1923 3193 3419 3264">
     <span class='ocr_line' id='line_1_62' title="bbox 1923 3193 3419 3264; baseline -0.003 -15"><span class='ocrx_word' id='word_1_391' title='bbox 1923 3198 1976 3252; x_wconf 70' lang='grc'>4.</span> <span class='ocrx_word' id='word_1_392' title='bbox 2012 3194 2198 3248; x_wconf 84' lang='lat' dir='ltr'><strong>Nonne</strong></span> <span class='ocrx_word' id='word_1_393' title='bbox 2228 3202 2531 3264; x_wconf 81' lang='lat' dir='ltr'><strong>cognoscent</strong></span> <span class='ocrx_word' id='word_1_394' title='bbox 2563 3208 2738 3246; x_wconf 81' lang='lat' dir='ltr'><strong>omnes</strong></span> <span class='ocrx_word' id='word_1_395' title='bbox 2781 3195 2868 3262; x_wconf 87' lang='lat' dir='ltr'><strong>qui</strong></span> <span class='ocrx_word' id='word_1_396' title='bbox 2911 3201 3196 3260; x_wconf 83' lang='lat' dir='ltr'><strong>operantur</strong></span> <span class='ocrx_word' id='word_1_397' title='bbox 3221 3193 3419 3262; x_wconf 79' lang='lat' dir='ltr'><strong>iniqui-</strong></span> 
     </span>
    </p>
   </div>
   <div class='ocr_carea' id='block_1_63' title="bbox 169 3283 1750 3355">
    <p class='ocr_par' dir='ltr' id='par_1_63' title="bbox 169 3283 1750 3355">
     <span class='ocr_line' id='line_1_63' title="bbox 169 3283 1750 3355; baseline 0.003 -19"><span class='ocrx_word' id='word_1_398' title='bbox 169 3283 472 3351; x_wconf 64' lang='lat' dir='ltr'><strong>droplar;</strong></span> <span class='ocrx_word' id='word_1_399' title='bbox 502 3283 639 3336; x_wconf 81' lang='grc' dir='ltr'>Καθ’</span> <span class='ocrx_word' id='word_1_400' title='bbox 676 3284 1016 3355; x_wconf 78' lang='grc' dir='ltr'>ύποστιγμὴν</span> <span class='ocrx_word' id='word_1_401' title='bbox 1065 3286 1459 3354; x_wconf 81' lang='grc' dir='ltr'>ἀναγνωστέον,</span> <span class='ocrx_word' id='word_1_402' title='bbox 1498 3289 1592 3340; x_wconf 81' lang='grc' dir='ltr'>καὶ</span> <span class='ocrx_word' id='word_1_403' title='bbox 1616 3287 1750 3351; x_wconf 82' lang='grc' dir='ltr'><strong>ἔξω·</strong></span> 
     </span>
    </p>
   </div>
   <div class='ocr_carea' id='block_1_64' title="bbox 171 3370 1755 3448">
    <p class='ocr_par' dir='ltr' id='par_1_64' title="bbox 171 3370 1755 3448">
     <span class='ocr_line' id='line_1_64' title="bbox 171 3370 1755 3448; baseline 0.004 -24"><span class='ocrx_word' id='word_1_404' title='bbox 171 3371 265 3424; x_wconf 86' lang='grc' dir='ltr'><strong>θεν</strong></span> <span class='ocrx_word' id='word_1_405' title='bbox 290 3372 384 3424; x_wconf 66' lang='grc' dir='ltr'>τὸν</span> <span class='ocrx_word' id='word_1_406' title='bbox 409 3371 612 3442; x_wconf 79' lang='grc' dir='ltr'>Κύριον</span> <span class='ocrx_word' id='word_1_407' title='bbox 638 3373 994 3444; x_wconf 75' lang='grc' dir='ltr'>προληπτέονο</span> <span class='ocrx_word' id='word_1_408' title='bbox 1031 3370 1169 3448; x_wconf 82' lang='grc' dir='ltr'>ἴναῇ</span> <span class='ocrx_word' id='word_1_409' title='bbox 1197 3373 1368 3439; x_wconf 78' lang='grc' dir='ltr'>οὕτως</span> <span class='ocrx_word' id='word_1_410' title='bbox 1406 3375 1466 3428; x_wconf 85' lang='grc' dir='ltr'>τὸ</span> <span class='ocrx_word' id='word_1_411' title='bbox 1499 3377 1755 3446; x_wconf 80' lang='grc' dir='ltr'>σημαινόο</span> 
     </span>
    </p>
   </div>
   <div class='ocr_carea' id='block_1_65' title="bbox 173 3464 1750 3540">
    <p class='ocr_par' dir='ltr' id='par_1_65' title="bbox 173 3464 1750 3540">
     <span class='ocr_line' id='line_1_65' title="bbox 173 3464 1750 3540; baseline 0.006 -26"><span class='ocrx_word' id='word_1_412' title='bbox 173 3479 359 3532; x_wconf 82' lang='grc' dir='ltr'>μενον’</span> <span class='ocrx_word' id='word_1_413' title='bbox 387 3465 497 3516; x_wconf 74' lang='grc' dir='ltr'>Καὶ</span> <span class='ocrx_word' id='word_1_414' title='bbox 540 3464 741 3528; x_wconf 82' lang='grc' dir='ltr'>πάντες</span> <span class='ocrx_word' id='word_1_415' title='bbox 791 3464 1089 3530; x_wconf 80' lang='grc' dir='ltr'>ἐξέκλιναν,</span> <span class='ocrx_word' id='word_1_416' title='bbox 1134 3467 1414 3520; x_wconf 71' lang='grc' dir='ltr'>καὶτοῦτο</span> <span class='ocrx_word' id='word_1_417' title='bbox 1471 3469 1750 3540; x_wconf 86' lang='grc' dir='ltr'>ἐποίησαν.</span> 
     </span>
    </p>
   </div>
   <div class='ocr_carea' id='block_1_66' title="bbox 171 3553 1752 3628">
    <p class='ocr_par' dir='ltr' id='par_1_66' title="bbox 171 3553 1752 3628">
     <span class='ocr_line' id='line_1_66' title="bbox 171 3553 1752 3628; baseline 0.006 -22"><span class='ocrx_word' id='word_1_418' title='bbox 171 3555 248 3606; x_wconf 75' lang='grc' dir='ltr'><strong>Οὐ</strong></span> <span class='ocrx_word' id='word_1_419' title='bbox 280 3553 536 3622; x_wconf 79' lang='grc' dir='ltr'>μέλλουσι</span> <span class='ocrx_word' id='word_1_420' title='bbox 561 3554 847 3622; x_wconf 81' lang='grc' dir='ltr'>γινώσκειν</span> <span class='ocrx_word' id='word_1_421' title='bbox 868 3557 958 3610; x_wconf 81' lang='grc' dir='ltr'>τὸν</span> <span class='ocrx_word' id='word_1_422' title='bbox 986 3557 1208 3626; x_wconf 82' lang='grc' dir='ltr'>Κύριον.</span> <span class='ocrx_word' id='word_1_423' title='bbox 1227 3560 1445 3625; x_wconf 80' lang='grc' dir='ltr'>Κύριον</span> <span class='ocrx_word' id='word_1_424' title='bbox 1465 3562 1536 3614; x_wconf 90' lang='grc' dir='ltr'>οὐ</span> <span class='ocrx_word' id='word_1_425' title='bbox 1565 3577 1752 3628; x_wconf 81' lang='grc' dir='ltr'>προσ-</span> 
     </span>
    </p>
   </div>
   <div class='ocr_carea' id='block_1_67' title="bbox 167 3642 1752 3718">
    <p class='ocr_par' dir='ltr' id='par_1_67' title="bbox 167 3642 1752 3718">
     <span class='ocr_line' id='line_1_67' title="bbox 167 3642 1752 3718; baseline 0.004 -22"><span class='ocrx_word' id='word_1_426' title='bbox 167 3642 548 3696; x_wconf 72' lang='grc' dir='ltr'>εκαλέσαντο</span> <span class='ocrx_word' id='word_1_427' title='bbox 600 3646 654 3696; x_wconf 84' lang='grc' dir='ltr'>οὶ</span> <span class='ocrx_word' id='word_1_428' title='bbox 700 3643 1007 3710; x_wconf 85' lang='grc' dir='ltr'>ἐσθίοντες</span> <span class='ocrx_word' id='word_1_429' title='bbox 1050 3645 1156 3698; x_wconf 85' lang='grc' dir='ltr'>τὸν</span> <span class='ocrx_word' id='word_1_430' title='bbox 1181 3649 1334 3699; x_wconf 67' lang='grc' dir='ltr'>λαόν</span> <span class='ocrx_word' id='word_1_431' title='bbox 1358 3665 1474 3714; x_wconf 84' lang='grc' dir='ltr'>μου</span> <span class='ocrx_word' id='word_1_432' title='bbox 1501 3648 1570 3701; x_wconf 76' lang='grc' dir='ltr'>ἐν</span> <span class='ocrx_word' id='word_1_433' title='bbox 1595 3649 1752 3718; x_wconf 73' lang='grc' dir='ltr'>,ϐρώ-</span> 
     </span>
    </p>
   </div>
   <div class='ocr_carea' id='block_1_68' title="bbox 170 3731 1754 3807">
    <p class='ocr_par' dir='ltr' id='par_1_68' title="bbox 170 3731 1754 3807">
     <span class='ocr_line' id='line_1_68' title="bbox 170 3731 1754 3807; baseline 0.006 -23"><span class='ocrx_word' id='word_1_434' title='bbox 170 3747 272 3786; x_wconf 85' lang='grc' dir='ltr'>σει</span> <span class='ocrx_word' id='word_1_435' title='bbox 323 3731 528 3799; x_wconf 81' lang='grc' dir='ltr'>ἇρτου.</span> <span class='ocrx_word' id='word_1_436' title='bbox 586 3733 893 3805; x_wconf 86' lang='grc' dir='ltr'>Κατήσθιον</span> <span class='ocrx_word' id='word_1_437' title='bbox 940 3734 1047 3807; x_wconf 79' lang='grc' dir='ltr'><strong>γὰρ</strong></span> <span class='ocrx_word' id='word_1_438' title='bbox 1104 3735 1193 3788; x_wconf 86' lang='grc' dir='ltr'>τὸν</span> <span class='ocrx_word' id='word_1_439' title='bbox 1238 3736 1362 3790; x_wconf 74' lang='grc' dir='ltr'>λαὸν</span> <span class='ocrx_word' id='word_1_440' title='bbox 1410 3738 1573 3791; x_wconf 78' lang='grc' dir='ltr'>αὐτοῦ</span> <span class='ocrx_word' id='word_1_441' title='bbox 1627 3741 1754 3793; x_wconf 87' lang='grc' dir='ltr'>ἀνα-</span> 
     </span>
    </p>
   </div>
   <div class='ocr_carea' id='block_1_69' title="bbox 173 3823 1748 3898">
    <p class='ocr_par' dir='ltr' id='par_1_69' title="bbox 173 3823 1748 3898">
     <span class='ocr_line' id='line_1_69' title="bbox 173 3823 1748 3898; baseline 0.004 -21"><span class='ocrx_word' id='word_1_442' title='bbox 173 3823 456 3886; x_wconf 80' lang='grc' dir='ltr'>πείθοντες</span> <span class='ocrx_word' id='word_1_443' title='bbox 485 3827 808 3895; x_wconf 77' lang='grc' dir='ltr'>προσκυνεῖν</span> <span class='ocrx_word' id='word_1_444' title='bbox 831 3824 926 3896; x_wconf 81' lang='grc' dir='ltr'>τὴν</span> <span class='ocrx_word' id='word_1_445' title='bbox 961 3826 1137 3879; x_wconf 90' lang='grc' dir='ltr'>κτίσιν</span> <span class='ocrx_word' id='word_1_446' title='bbox 1165 3827 1315 3898; x_wconf 87' lang='grc' dir='ltr'><strong>παρά</strong></span> <span class='ocrx_word' id='word_1_447' title='bbox 1344 3828 1433 3881; x_wconf 84' lang='grc' dir='ltr'>τὸν</span> <span class='ocrx_word' id='word_1_448' title='bbox 1471 3829 1748 3883; x_wconf 87' lang='grc' dir='ltr'>κτίσαντα.</span> 
     </span>
    </p>
   </div>
   <div class='ocr_carea' id='block_1_70' title="bbox 169 3908 1754 3991">
    <p class='ocr_par' dir='ltr' id='par_1_70' title="bbox 169 3908 1754 3991">
     <span class='ocr_line' id='line_1_70' title="bbox 169 3908 1754 3991; baseline 0.004 -24"><span class='ocrx_word' id='word_1_449' title='bbox 169 3916 285 3968; x_wconf 73' lang='grc' dir='ltr'>Καὶ</span> <span class='ocrx_word' id='word_1_450' title='bbox 316 3908 485 3978; x_wconf 74' lang='grc' dir='ltr'>οὗτοι,</span> <span class='ocrx_word' id='word_1_451' title='bbox 520 3916 701 3986; x_wconf 80' lang='grc' dir='ltr'>φησὶν,</span> <span class='ocrx_word' id='word_1_452' title='bbox 736 3916 962 3988; x_wconf 75' lang='grc' dir='ltr'>ιέτέροις</span> <span class='ocrx_word' id='word_1_453' title='bbox 1007 3916 1192 3970; x_wconf 85' lang='grc' dir='ltr'>κακῶν</span> <span class='ocrx_word' id='word_1_454' title='bbox 1221 3919 1506 3988; x_wconf 70' lang='grc' dir='ltr'>είσηγηταὶ</span> <span class='ocrx_word' id='word_1_455' title='bbox 1528 3922 1754 3991; x_wconf 85' lang='grc' dir='ltr'>γενόμε-</span> 
     </span>
    </p>
   </div>
   <div class='ocr_carea' id='block_1_71' title="bbox 170 4005 1752 4083">
    <p class='ocr_par' dir='ltr' id='par_1_71' title="bbox 170 4005 1752 4083">
     <span class='ocr_line' id='line_1_71' title="bbox 170 4005 1752 4083; baseline 0.003 -23"><span class='ocrx_word' id='word_1_456' title='bbox 170 4023 274 4068; x_wconf 87' lang='grc' dir='ltr'>νοι,</span> <span class='ocrx_word' id='word_1_457' title='bbox 303 4006 394 4058; x_wconf 82' lang='grc' dir='ltr'>τὸν</span> <span class='ocrx_word' id='word_1_458' title='bbox 418 4005 620 4076; x_wconf 82' lang='grc' dir='ltr'>Κύριον</span> <span class='ocrx_word' id='word_1_459' title='bbox 673 4007 771 4059; x_wconf 74' lang='grc' dir='ltr'>οὔκ</span> <span class='ocrx_word' id='word_1_460' title='bbox 818 4007 1248 4063; x_wconf 82' lang='grc' dir='ltr'>ὲπικαλέσονται.</span> <span class='ocrx_word' id='word_1_461' title='bbox 1310 4009 1465 4063; x_wconf 86' lang='grc' dir='ltr'>Οὖτω</span> <span class='ocrx_word' id='word_1_462' title='bbox 1494 4012 1601 4083; x_wconf 79' lang='grc' dir='ltr'><strong>γὰρ</strong></span> <span class='ocrx_word' id='word_1_463' title='bbox 1621 4014 1752 4066; x_wconf 89' lang='grc' dir='ltr'>ἀνα-</span> 
     </span>
    </p>
   </div>
   <div class='ocr_carea' id='block_1_72' title="bbox 170 4099 1499 4173">
    <p class='ocr_par' dir='ltr' id='par_1_72' title="bbox 170 4099 1499 4173">
     <span class='ocr_line' id='line_1_72' title="bbox 170 4099 1499 4173; baseline 0.005 -23"><span class='ocrx_word' id='word_1_464' title='bbox 170 4099 446 4168; x_wconf 80' lang='grc' dir='ltr'>γνωστέον</span> <span class='ocrx_word' id='word_1_465' title='bbox 485 4099 745 4170; x_wconf 82' lang='grc' dir='ltr'>μέλλοντα</span> <span class='ocrx_word' id='word_1_466' title='bbox 774 4101 892 4154; x_wconf 77' lang='grc' dir='ltr'>ἀντὶ</span> <span class='ocrx_word' id='word_1_467' title='bbox 919 4099 1011 4154; x_wconf 80' lang='grc' dir='ltr'><strong>τοῦ</strong></span> <span class='ocrx_word' id='word_1_468' title='bbox 1048 4101 1499 4173; x_wconf 80' lang='grc' dir='ltr'>παρεληλυθότος.</span> 
     </span>
    </p>
   </div>
   <div class='ocr_carea' id='block_1_73' title="bbox 257 4190 1745 4266">
    <p class='ocr_par' dir='ltr' id='par_1_73' title="bbox 257 4190 1745 4266">
     <span class='ocr_line' id='line_1_73' title="bbox 257 4190 1745 4266; baseline 0.004 -22"><span class='ocrx_word' id='word_1_469' title='bbox 257 4191 419 4244; x_wconf 80' lang='grc' dir='ltr'>Ἐκεῖ</span> <span class='ocrx_word' id='word_1_470' title='bbox 447 4190 513 4243; x_wconf 82' lang='grc' dir='ltr'>δὲ</span> <span class='ocrx_word' id='word_1_471' title='bbox 545 4191 890 4246; x_wconf 74' lang='grc' dir='ltr'>ἐδειλίασαν</span> <span class='ocrx_word' id='word_1_472' title='bbox 945 4195 1123 4263; x_wconf 71' lang='grc' dir='ltr'>φόϐῳ,</span> <span class='ocrx_word' id='word_1_473' title='bbox 1154 4191 1226 4251; x_wconf 84' lang='grc' dir='ltr'>οὗ</span> <span class='ocrx_word' id='word_1_474' title='bbox 1279 4197 1389 4248; x_wconf 83' lang='grc' dir='ltr'>οὐκ</span> <span class='ocrx_word' id='word_1_475' title='bbox 1421 4191 1499 4266; x_wconf 86' lang='grc' dir='ltr'>ἦν</span> <span class='ocrx_word' id='word_1_476' title='bbox 1543 4198 1745 4265; x_wconf 75' lang='grc' dir='ltr'>φόϐος.</span> 
     </span>
    </p>
   </div>
   <div class='ocr_carea' id='block_1_74' title="bbox 183 4281 1748 4353">
    <p class='ocr_par' dir='ltr' id='par_1_74' title="bbox 183 4281 1748 4353">
     <span class='ocr_line' id='line_1_74' title="bbox 183 4281 1748 4353; baseline 0.005 -19"><span class='ocrx_word' id='word_1_477' title='bbox 183 4282 244 4334; x_wconf 85' lang='grc'><strong>’0</strong></span> <span class='ocrx_word' id='word_1_478' title='bbox 271 4281 515 4344; x_wconf 81' lang='grc' dir='ltr'>Μωσέως</span> <span class='ocrx_word' id='word_1_479' title='bbox 563 4281 744 4352; x_wconf 85' lang='grc' dir='ltr'>νόμος,</span> <span class='ocrx_word' id='word_1_480' title='bbox 786 4285 937 4353; x_wconf 68' lang='grc' dir='ltr'>φησὶ,</span> <span class='ocrx_word' id='word_1_481' title='bbox 994 4286 1210 4339; x_wconf 83' lang='grc' dir='ltr'>κόλασιν</span> <span class='ocrx_word' id='word_1_482' title='bbox 1258 4287 1449 4339; x_wconf 83' lang='grc' dir='ltr'>ἐποίει·</span> <span class='ocrx_word' id='word_1_483' title='bbox 1481 4289 1508 4339; x_wconf 91' lang='grc' dir='ltr'>ὀ</span> <span class='ocrx_word' id='word_1_484' title='bbox 1563 4288 1618 4341; x_wconf 86' lang='grc' dir='ltr'>δὲ</span> <span class='ocrx_word' id='word_1_485' title='bbox 1658 4289 1748 4342; x_wconf 80' lang='grc' dir='ltr'>τοῦ</span> 
     </span>
    </p>
   </div>
   <div class='ocr_carea' id='block_1_75' title="bbox 171 4372 1748 4448">
    <p class='ocr_par' dir='ltr' id='par_1_75' title="bbox 171 4372 1748 4448">
     <span class='ocr_line' id='line_1_75' title="bbox 171 4372 1748 4448; baseline 0.006 -23"><span class='ocrx_word' id='word_1_486' title='bbox 171 4372 412 4444; x_wconf 75' lang='grc' dir='ltr'>Χριστοῦ</span> <span class='ocrx_word' id='word_1_487' title='bbox 447 4372 606 4440; x_wconf 87' lang='grc' dir='ltr'>φόϐος</span> <span class='ocrx_word' id='word_1_488' title='bbox 635 4375 795 4443; x_wconf 84' lang='grc' dir='ltr'>ἁγνός</span> <span class='ocrx_word' id='word_1_489' title='bbox 821 4377 986 4429; x_wconf 87' lang='grc' dir='ltr'>ἐστιν·</span> <span class='ocrx_word' id='word_1_490' title='bbox 1030 4376 1104 4439; x_wconf 87' lang='grc' dir='ltr'>ὼς</span> <span class='ocrx_word' id='word_1_491' title='bbox 1159 4379 1307 4442; x_wconf 75' lang='grc' dir='ltr'>υἱοὺς</span> <span class='ocrx_word' id='word_1_492' title='bbox 1329 4378 1438 4448; x_wconf 79' lang='grc' dir='ltr'>γὰρ</span> <span class='ocrx_word' id='word_1_493' title='bbox 1468 4379 1748 4448; x_wconf 80' lang='grc' dir='ltr'>φοϐεῖσθαι</span> 
     </span>
    </p>
   </div>
   <div class='ocr_carea' id='block_1_76' title="bbox 170 4464 1742 4540">
    <p class='ocr_par' dir='ltr' id='par_1_76' title="bbox 170 4464 1742 4540">
     <span class='ocr_line' id='line_1_76' title="bbox 170 4464 1742 4540; baseline 0.004 -23"><span class='ocrx_word' id='word_1_494' title='bbox 170 4464 396 4535; x_wconf 81' lang='grc' dir='ltr'>Πατέρα</span> <span class='ocrx_word' id='word_1_495' title='bbox 426 4467 825 4536; x_wconf 81' lang='grc' dir='ltr'>παρεσκεύαζε.</span> <span class='ocrx_word' id='word_1_496' title='bbox 852 4466 1010 4520; x_wconf 86' lang='grc' dir='ltr'>Κατὰ</span> <span class='ocrx_word' id='word_1_497' title='bbox 1025 4468 1113 4520; x_wconf 85' lang='grc' dir='ltr'>τὸν</span> <span class='ocrx_word' id='word_1_498' title='bbox 1134 4469 1324 4539; x_wconf 81' lang='grc' dir='ltr'>καιρὸν</span> <span class='ocrx_word' id='word_1_499' title='bbox 1345 4472 1571 4535; x_wconf 81' lang='grc' dir='ltr'>ἐκεῖνον,</span> <span class='ocrx_word' id='word_1_500' title='bbox 1593 4473 1742 4540; x_wconf 77' lang='grc' dir='ltr'>φησὶ,</span> 
     </span>
    </p>
   </div>
   <div class='ocr_carea' id='block_1_77' title="bbox 173 4556 1747 4632">
    <p class='ocr_par' dir='ltr' id='par_1_77' title="bbox 173 4556 1747 4632">
     <span class='ocr_line' id='line_1_77' title="bbox 173 4556 1747 4632; baseline 0.003 -22"><span class='ocrx_word' id='word_1_501' title='bbox 173 4556 298 4610; x_wconf 82' lang='grc' dir='ltr'>καθ’</span> <span class='ocrx_word' id='word_1_502' title='bbox 329 4557 389 4610; x_wconf 81' lang='grc' dir='ltr'>ὃν</span> <span class='ocrx_word' id='word_1_503' title='bbox 413 4557 469 4610; x_wconf 87' lang='grc' dir='ltr'><strong>δέ</strong></span> <span class='ocrx_word' id='word_1_504' title='bbox 492 4556 729 4629; x_wconf 86' lang='grc' dir='ltr'>δηλονότι</span> <span class='ocrx_word' id='word_1_505' title='bbox 763 4559 796 4628; x_wconf 73' lang='grc' dir='ltr'>ἡ</span> <span class='ocrx_word' id='word_1_506' title='bbox 826 4559 1135 4628; x_wconf 84' lang='grc' dir='ltr'>ἐπιφάνεια,</span> <span class='ocrx_word' id='word_1_507' title='bbox 1172 4560 1333 4629; x_wconf 82' lang='grc' dir='ltr'>φόϐον</span> <span class='ocrx_word' id='word_1_508' title='bbox 1352 4560 1747 4632; x_wconf 85' lang='grc' dir='ltr'>φοϐηθήσονται</span> 
     </span>
    </p>
   </div>
   <div class='ocr_carea' id='block_1_78' title="bbox 171 4640 1748 4723">
    <p class='ocr_par' dir='ltr' id='par_1_78' title="bbox 171 4640 1748 4723">
     <span class='ocr_line' id='line_1_78' title="bbox 171 4640 1748 4723; baseline 0.003 -21"><span class='ocrx_word' id='word_1_509' title='bbox 171 4640 238 4703; x_wconf 72' lang='grc' dir='ltr'><strong>οὗ</strong></span> <span class='ocrx_word' id='word_1_510' title='bbox 276 4650 376 4702; x_wconf 80' lang='grc' dir='ltr'>οὐκ</span> <span class='ocrx_word' id='word_1_511' title='bbox 410 4648 522 4702; x_wconf 78' lang='grc' dir='ltr'>ἐστι</span> <span class='ocrx_word' id='word_1_512' title='bbox 547 4648 726 4718; x_wconf 89' lang='grc' dir='ltr'>φόϐος.</span> <span class='ocrx_word' id='word_1_513' title='bbox 747 4651 860 4703; x_wconf 80' lang='grc' dir='ltr'>Οὐκ</span> <span class='ocrx_word' id='word_1_514' title='bbox 880 4651 943 4703; x_wconf 83' lang='grc' dir='ltr'><strong>ἐκ</strong></span> <span class='ocrx_word' id='word_1_515' title='bbox 972 4654 1202 4722; x_wconf 84' lang='grc' dir='ltr'>νομικῆς</span> <span class='ocrx_word' id='word_1_516' title='bbox 1234 4652 1460 4722; x_wconf 85' lang='grc' dir='ltr'>ἀπειλῆς</span> <span class='ocrx_word' id='word_1_517' title='bbox 1487 4652 1748 4723; x_wconf 87' lang='grc' dir='ltr'>δηλονότι,</span> 
     </span>
    </p>
   </div>
   <div class='ocr_carea' id='block_1_79' title="bbox 173 4741 1538 4813">
    <p class='ocr_par' dir='ltr' id='par_1_79' title="bbox 173 4741 1538 4813">
     <span class='ocr_line' id='line_1_79' title="bbox 173 4741 1538 4813; baseline 0.002 -19"><span class='ocrx_word' id='word_1_518' title='bbox 173 4741 290 4794; x_wconf 80' lang='grc' dir='ltr'>ἀλλ’</span> <span class='ocrx_word' id='word_1_519' title='bbox 325 4743 359 4812; x_wconf 78' lang='grc' dir='ltr'><strong>ἡ</strong></span> <span class='ocrx_word' id='word_1_520' title='bbox 397 4741 680 4811; x_wconf 86' lang='grc' dir='ltr'>πρέπουσα</span> <span class='ocrx_word' id='word_1_521' title='bbox 704 4741 903 4810; x_wconf 78' lang='grc' dir='ltr'>μᾶλλον</span> <span class='ocrx_word' id='word_1_522' title='bbox 945 4742 1245 4813; x_wconf 76' lang='grc' dir='ltr'>ἐλευθέροις</span> <span class='ocrx_word' id='word_1_523' title='bbox 1266 4743 1538 4798; x_wconf 86' lang='grc' dir='ltr'>εὐλάϐεια.</span> 
     </span>
    </p>
   </div>
   <div class='ocr_carea' id='block_1_80' title="bbox 247 4830 1750 4904">
    <p class='ocr_par' dir='ltr' id='par_1_80' title="bbox 247 4830 1750 4904">
     <span class='ocr_line' id='line_1_80' title="bbox 247 4830 1750 4904; baseline 0.002 -19"><span class='ocrx_word' id='word_1_524' title='bbox 247 4832 379 4885; x_wconf 85' lang='grc' dir='ltr'>Ὀτι</span> <span class='ocrx_word' id='word_1_525' title='bbox 401 4832 616 4899; x_wconf 81' lang='grc' dir='ltr'>Κύριος</span> <span class='ocrx_word' id='word_1_526' title='bbox 637 4833 706 4884; x_wconf 86' lang='grc' dir='ltr'>ὲν</span> <span class='ocrx_word' id='word_1_527' title='bbox 728 4830 901 4900; x_wconf 80' lang='grc' dir='ltr'>γενεᾷ</span> <span class='ocrx_word' id='word_1_528' title='bbox 929 4832 1189 4885; x_wconf 81' lang='grc' dir='ltr'>δικαίων.</span> <span class='ocrx_word' id='word_1_529' title='bbox 1210 4833 1330 4886; x_wconf 87' lang='grc' dir='ltr'><strong>Τῶν</strong></span> <span class='ocrx_word' id='word_1_530' title='bbox 1357 4834 1567 4888; x_wconf 86' lang='grc' dir='ltr'>δικαιου</span> <span class='ocrx_word' id='word_1_531' title='bbox 1576 4834 1750 4904; x_wconf 82' lang='grc' dir='ltr'>μένων</span> 
     </span>
    </p>
   </div>
   <div class='ocr_carea' id='block_1_81' title="bbox 173 4922 1750 4997">
    <p class='ocr_par' dir='ltr' id='par_1_81' title="bbox 173 4922 1750 4997">
     <span class='ocr_line' id='line_1_81' title="bbox 173 4922 1750 4997; baseline 0.002 -19"><span class='ocrx_word' id='word_1_532' title='bbox 173 4922 265 4978; x_wconf 81' lang='grc' dir='ltr'>διὰ</span> <span class='ocrx_word' id='word_1_533' title='bbox 282 4925 382 4996; x_wconf 83' lang='grc' dir='ltr'>τῆς</span> <span class='ocrx_word' id='word_1_534' title='bbox 403 4926 720 4996; x_wconf 76' lang='grc' dir='ltr'>ἐπιφανείας</span> <span class='ocrx_word' id='word_1_535' title='bbox 749 4927 930 4980; x_wconf 72' lang='grc' dir='ltr'>αὑτοῦ.</span> <span class='ocrx_word' id='word_1_536' title='bbox 954 4927 1155 4995; x_wconf 57' lang='lat' dir='ltr'><strong>Bauli;</strong></span> <span class='ocrx_word' id='word_1_537' title='bbox 1174 4929 1409 4997; x_wconf 77' lang='grc' dir='ltr'>πτωχοῦ</span> <span class='ocrx_word' id='word_1_538' title='bbox 1430 4930 1750 4997; x_wconf 82' lang='grc' dir='ltr'>καταισχύ-</span> 
     </span>
    </p>
   </div>
   <div class='ocr_carea' id='block_1_82' title="bbox 174 5018 1746 5092">
    <p class='ocr_par' dir='ltr' id='par_1_82' title="bbox 174 5018 1746 5092">
     <span class='ocr_line' id='line_1_82' title="bbox 174 5018 1746 5092; baseline 0.003 -22"><span class='ocrx_word' id='word_1_539' title='bbox 174 5034 360 5072; x_wconf 64' lang='lat' dir='ltr'><strong>retas.</strong></span> <span class='ocrx_word' id='word_1_540' title='bbox 391 5018 575 5072; x_wconf 77' lang='grc' dir='ltr'>Ταῦτα</span> <span class='ocrx_word' id='word_1_541' title='bbox 597 5019 671 5082; x_wconf 85' lang='grc' dir='ltr'>ὡς</span> <span class='ocrx_word' id='word_1_542' title='bbox 696 5020 830 5090; x_wconf 83' lang='grc' dir='ltr'>πρὸς</span> <span class='ocrx_word' id='word_1_543' title='bbox 860 5020 981 5082; x_wconf 67' lang='grc' dir='ltr'>τοὺς</span> <span class='ocrx_word' id='word_1_544' title='bbox 1001 5020 1398 5090; x_wconf 79' lang='grc' dir='ltr'>ἀπομείναντας</span> <span class='ocrx_word' id='word_1_545' title='bbox 1424 5025 1488 5092; x_wconf 77' lang='grc' dir='ltr'><strong>τῇ</strong></span> <span class='ocrx_word' id='word_1_546' title='bbox 1524 5022 1746 5091; x_wconf 70' lang='grc' dir='ltr'>ἀπιστίᾳ</span> 
     </span>
    </p>
   </div>
   <div class='ocr_carea' id='block_1_83' title="bbox 176 5107 1580 5184">
    <p class='ocr_par' dir='ltr' id='par_1_83' title="bbox 176 5107 1580 5184">
     <span class='ocr_line' id='line_1_83' title="bbox 176 5107 1580 5184; baseline 0.003 -22"><span class='ocrx_word' id='word_1_547' title='bbox 176 5109 268 5162; x_wconf 81' lang='grc' dir='ltr'>καὶ</span> <span class='ocrx_word' id='word_1_548' title='bbox 297 5107 592 5174; x_wconf 84' lang='grc' dir='ltr'>διώξαντας</span> <span class='ocrx_word' id='word_1_549' title='bbox 623 5111 748 5175; x_wconf 70' lang='grc' dir='ltr'>τοὺς</span> <span class='ocrx_word' id='word_1_550' title='bbox 779 5112 1172 5174; x_wconf 83' lang='grc' dir='ltr'>πιστεύσαντας</span> <span class='ocrx_word' id='word_1_551' title='bbox 1209 5114 1288 5175; x_wconf 84' lang='grc' dir='ltr'>εἰς</span> <span class='ocrx_word' id='word_1_552' title='bbox 1325 5114 1580 5184; x_wconf 85' lang='grc' dir='ltr'>Χριστόν.</span> 
     </span>
    </p>
   </div>
   <div class='ocr_carea' id='block_1_84' title="bbox 253 5289 1746 5360">
    <p class='ocr_par' dir='ltr' id='par_1_84' title="bbox 253 5289 1746 5360">
     <span class='ocr_line' id='line_1_84' title="bbox 253 5289 1746 5360; baseline -0.001 -14"><span class='ocrx_word' id='word_1_553' title='bbox 253 5291 349 5357; x_wconf 79' lang='grc' dir='ltr'>τίς</span> <span class='ocrx_word' id='word_1_554' title='bbox 375 5289 552 5344; x_wconf 80' lang='grc' dir='ltr'>δώσει</span> <span class='ocrx_word' id='word_1_555' title='bbox 579 5291 647 5344; x_wconf 81' lang='grc' dir='ltr'><strong>ἐκ</strong></span> <span class='ocrx_word' id='word_1_556' title='bbox 692 5291 843 5345; x_wconf 89' lang='grc' dir='ltr'>Σιὼν</span> <span class='ocrx_word' id='word_1_557' title='bbox 889 5291 951 5345; x_wconf 87' lang='grc' dir='ltr'>τὸ</span> <span class='ocrx_word' id='word_1_558' title='bbox 983 5291 1276 5360; x_wconf 81' lang='grc' dir='ltr'>σωτήριον</span> <span class='ocrx_word' id='word_1_559' title='bbox 1323 5292 1430 5346; x_wconf 79' lang='grc' dir='ltr'>τοῦ</span> <span class='ocrx_word' id='word_1_560' title='bbox 1474 5291 1746 5359; x_wconf 79' lang='grc' dir='ltr'>Ἰσραήλ;</span> 
     </span>
    </p>
   </div>
   <div class='ocr_carea' id='block_1_85' title="bbox 175 5381 1744 5454">
    <p class='ocr_par' dir='ltr' id='par_1_85' title="bbox 175 5381 1744 5454">
     <span class='ocr_line' id='line_1_85' title="bbox 175 5381 1744 5454; baseline -0.001 -17"><span class='ocrx_word' id='word_1_561' title='bbox 175 5383 347 5437; x_wconf 79' lang='grc' dir='ltr'>Τοῦτο</span> <span class='ocrx_word' id='word_1_562' title='bbox 371 5383 427 5435; x_wconf 83' lang='grc' dir='ltr'><strong>δέ</strong></span> <span class='ocrx_word' id='word_1_563' title='bbox 449 5381 641 5451; x_wconf 81' lang='grc' dir='ltr'>διπλῆν</span> <span class='ocrx_word' id='word_1_564' title='bbox 671 5381 782 5452; x_wconf 72' lang='grc' dir='ltr'>ἔχει</span> <span class='ocrx_word' id='word_1_565' title='bbox 821 5381 916 5452; x_wconf 83' lang='grc' dir='ltr'>τὴν</span> <span class='ocrx_word' id='word_1_566' title='bbox 946 5385 1300 5453; x_wconf 79' lang='grc' dir='ltr'>προφητείαν·</span> <span class='ocrx_word' id='word_1_567' title='bbox 1331 5383 1390 5435; x_wconf 82' lang='grc' dir='ltr'><strong>ού</strong></span> <span class='ocrx_word' id='word_1_568' title='bbox 1447 5382 1554 5452; x_wconf 73' lang='grc' dir='ltr'><strong>γὰρ</strong></span> <span class='ocrx_word' id='word_1_569' title='bbox 1586 5384 1744 5454; x_wconf 86' lang='grc' dir='ltr'>μόνον</span> 
     </span>
    </p>
   </div>
   <div class='ocr_carea' id='block_1_86' title="bbox 173 5471 1744 5545">
    <p class='ocr_par' dir='ltr' id='par_1_86' title="bbox 173 5471 1744 5545">
     <span class='ocr_line' id='line_1_86' title="bbox 173 5471 1744 5545; baseline 0.001 -20"><span class='ocrx_word' id='word_1_570' title='bbox 173 5473 430 5542; x_wconf 84' lang='grc' dir='ltr'>τηνικάδε</span> <span class='ocrx_word' id='word_1_571' title='bbox 458 5471 753 5542; x_wconf 84' lang='grc' dir='ltr'>γενομένην</span> <span class='ocrx_word' id='word_1_572' title='bbox 777 5474 886 5536; x_wconf 83' lang='grc' dir='ltr'>τοῖς</span> <span class='ocrx_word' id='word_1_573' title='bbox 916 5472 1320 5544; x_wconf 77' lang='grc' dir='ltr'>πολιορκηθεῖσι</span> <span class='ocrx_word' id='word_1_574' title='bbox 1351 5474 1744 5545; x_wconf 79' lang='grc' dir='ltr'>προσαγορεύει</span> 
     </span>
    </p>
   </div>
   <div class='ocr_carea' id='block_1_87' title="bbox 177 5563 1743 5635">
    <p class='ocr_par' dir='ltr' id='par_1_87' title="bbox 177 5563 1743 5635">
     <span class='ocr_line' id='line_1_87' title="bbox 177 5563 1743 5635; baseline 0.001 -18"><span class='ocrx_word' id='word_1_575' title='bbox 177 5564 470 5633; x_wconf 75' lang='grc' dir='ltr'>σωτηρίαν,</span> <span class='ocrx_word' id='word_1_576' title='bbox 506 5563 640 5616; x_wconf 68' lang='grc' dir='ltr'>ἀλλὰ</span> <span class='ocrx_word' id='word_1_577' title='bbox 666 5566 759 5616; x_wconf 71' lang='grc' dir='ltr'>καὶ</span> <span class='ocrx_word' id='word_1_578' title='bbox 787 5563 884 5634; x_wconf 80' lang='grc' dir='ltr'>τὴν</span> <span class='ocrx_word' id='word_1_579' title='bbox 909 5563 1120 5628; x_wconf 79' lang='grc' dir='ltr'>πολλοῖς</span> <span class='ocrx_word' id='word_1_580' title='bbox 1153 5564 1374 5634; x_wconf 80' lang='grc' dir='ltr'>ὕστερον</span> <span class='ocrx_word' id='word_1_581' title='bbox 1407 5565 1617 5635; x_wconf 84' lang='grc' dir='ltr'>χρόνοις</span> <span class='ocrx_word' id='word_1_582' title='bbox 1649 5564 1743 5618; x_wconf 80' lang='grc' dir='ltr'>τοῦ</span> 
     </span>
    </p>
   </div>
   <div class='ocr_carea' id='block_1_88' title="bbox 175 5655 1739 5727">
    <p class='ocr_par' dir='ltr' id='par_1_88' title="bbox 175 5655 1739 5727">
     <span class='ocr_line' id='line_1_88' title="bbox 175 5655 1739 5727; baseline -0.001 -19"><span class='ocrx_word' id='word_1_583' title='bbox 175 5655 425 5726; x_wconf 82' lang='grc' dir='ltr'>Σωτῆρος</span> <span class='ocrx_word' id='word_1_584' title='bbox 455 5655 611 5724; x_wconf 78' lang='grc' dir='ltr'>ἡμῶν</span> <span class='ocrx_word' id='word_1_585' title='bbox 657 5655 954 5726; x_wconf 83' lang='grc' dir='ltr'>γενομένην</span> <span class='ocrx_word' id='word_1_586' title='bbox 1005 5655 1210 5707; x_wconf 82' lang='grc' dir='ltr'>ἐκεῖθεν</span> <span class='ocrx_word' id='word_1_587' title='bbox 1251 5657 1511 5727; x_wconf 83' lang='grc' dir='ltr'>σωτήριον</span> <span class='ocrx_word' id='word_1_588' title='bbox 1545 5656 1739 5722; x_wconf 86' lang='grc' dir='ltr'>ἐπιφά-</span> 
     </span>
    </p>
   </div>
   <div class='ocr_carea' id='block_1_89' title="bbox 175 5743 1746 5814">
    <p class='ocr_par' dir='ltr' id='par_1_89' title="bbox 175 5743 1746 5814">
     <span class='ocr_line' id='line_1_89' title="bbox 175 5743 1746 5814; baseline 0.001 -16"><span class='ocrx_word' id='word_1_589' title='bbox 175 5762 344 5801; x_wconf 81' lang='grc' dir='ltr'>νειαν.</span> <span class='ocrx_word' id='word_1_590' title='bbox 411 5743 857 5809; x_wconf 52' lang='grc' dir='ltr'>Ἀγώλιὰσεται</span> <span class='ocrx_word' id='word_1_591' title='bbox 923 5743 1133 5799; x_wconf 79' lang='grc' dir='ltr'>Ἰακώϐ.</span> <span class='ocrx_word' id='word_1_592' title='bbox 1192 5746 1329 5808; x_wconf 76' lang='grc' dir='ltr'>Τοὺς</span> <span class='ocrx_word' id='word_1_593' title='bbox 1398 5745 1584 5814; x_wconf 82' lang='grc' dir='ltr'>ἁγίους</span> <span class='ocrx_word' id='word_1_594' title='bbox 1643 5761 1746 5800; x_wconf 85' lang='grc' dir='ltr'>πα-</span> 
     </span>
    </p>
   </div>
   <div class='ocr_carea' id='block_1_90' title="bbox 1855 3283 3415 3353">
    <p class='ocr_par' dir='ltr' id='par_1_90' title="bbox 1855 3283 3415 3353">
     <span class='ocr_line' id='line_1_90' title="bbox 1855 3283 3415 3353; baseline -0.001 -13"><span class='ocrx_word' id='word_1_595' title='bbox 1855 3289 2056 3341; x_wconf 83' lang='lat' dir='ltr'><strong>tatem?</strong></span> <span class='ocrx_word' id='word_1_596' title='bbox 2081 3288 2218 3339; x_wconf 92' lang='lat' dir='ltr'><strong>Cum</strong></span> <span class='ocrx_word' id='word_1_597' title='bbox 2249 3285 2690 3353; x_wconf 89' lang='lat' dir='ltr'><strong>interpunctione</strong></span> <span class='ocrx_word' id='word_1_598' title='bbox 2723 3283 3030 3348; x_wconf 78' lang='lat' dir='ltr'><strong>legendum,</strong></span> <span class='ocrx_word' id='word_1_599' title='bbox 3066 3293 3227 3350; x_wconf 87' lang='lat' dir='ltr'><strong>atque</strong></span> <span class='ocrx_word' id='word_1_600' title='bbox 3264 3284 3415 3346; x_wconf 85' lang='lat' dir='ltr'><strong>illud.</strong></span> 
     </span>
    </p>
   </div>
   <div class='ocr_carea' id='block_1_91' title="bbox 1853 3371 3415 3441">
    <p class='ocr_par' dir='ltr' id='par_1_91' title="bbox 1853 3371 3415 3441">
     <span class='ocr_line' id='line_1_91' title="bbox 1853 3371 3415 3441; baseline -0.001 -12"><span class='ocrx_word' id='word_1_601' title='bbox 1853 3377 2155 3438; x_wconf 87' lang='lat' dir='ltr'><strong>Dominum,</strong></span> <span class='ocrx_word' id='word_1_602' title='bbox 2179 3381 2332 3429; x_wconf 79' lang='lat' dir='ltr'><strong>extra</strong></span> <span class='ocrx_word' id='word_1_603' title='bbox 2359 3372 2729 3441; x_wconf 87' lang='lat' dir='ltr'><strong>accipiendum</strong></span> <span class='ocrx_word' id='word_1_604' title='bbox 2755 3388 2769 3435; x_wconf 89' lang='lat'><strong>;</strong></span> <span class='ocrx_word' id='word_1_605' title='bbox 2797 3380 2856 3424; x_wconf 89' lang='lat' dir='ltr'><strong>ut</strong></span> <span class='ocrx_word' id='word_1_606' title='bbox 2878 3371 2992 3424; x_wconf 65' lang='lat' dir='ltr'><strong>haec</strong></span> <span class='ocrx_word' id='word_1_607' title='bbox 3007 3372 3075 3425; x_wconf 77' lang='lat' dir='ltr'><strong>sit</strong></span> <span class='ocrx_word' id='word_1_608' title='bbox 3105 3372 3370 3426; x_wconf 87' lang='lat' dir='ltr'><strong>sententia</strong></span> <span class='ocrx_word' id='word_1_609' title='bbox 3399 3391 3415 3429; x_wconf 88' lang='lat'><strong>:</strong></span> 
     </span>
    </p>
   </div>
   <div class='ocr_carea' id='block_1_92' title="bbox 1855 3460 3418 3534">
    <p class='ocr_par' dir='ltr' id='par_1_92' title="bbox 1855 3460 3418 3534">
     <span class='ocr_line' id='line_1_92' title="bbox 1855 3460 3418 3534; baseline -0.003 -14"><span class='ocrx_word' id='word_1_610' title='bbox 1855 3466 1921 3520; x_wconf 85' lang='lat' dir='ltr'><strong>Et</strong></span> <span class='ocrx_word' id='word_1_611' title='bbox 1940 3479 2150 3530; x_wconf 89' lang='lat' dir='ltr'><strong>omnes,</strong></span> <span class='ocrx_word' id='word_1_612' title='bbox 2177 3462 2372 3534; x_wconf 86' lang='lat' dir='ltr'><strong>inquit,</strong></span> <span class='ocrx_word' id='word_1_613' title='bbox 2408 3460 2837 3523; x_wconf 84' lang='lat' dir='ltr'><strong>declinaverunt,</strong></span> <span class='ocrx_word' id='word_1_614' title='bbox 2865 3471 3028 3530; x_wconf 89' lang='lat' dir='ltr'><strong>atque</strong></span> <span class='ocrx_word' id='word_1_615' title='bbox 3060 3460 3110 3513; x_wconf 90' lang='lat' dir='ltr'><strong>id</strong></span> <span class='ocrx_word' id='word_1_616' title='bbox 3141 3471 3418 3531; x_wconf 85' lang='lat' dir='ltr'><strong>perpetra-</strong></span> 
     </span>
    </p>
   </div>
   <div class='ocr_carea' id='block_1_93' title="bbox 1852 3552 3418 3625">
    <p class='ocr_par' dir='ltr' id='par_1_93' title="bbox 1852 3552 3418 3625">
     <span class='ocr_line' id='line_1_93' title="bbox 1852 3552 3418 3625; baseline -0.004 -12"><span class='ocrx_word' id='word_1_617' title='bbox 1852 3569 1996 3613; x_wconf 87' lang='lat' dir='ltr'><strong>runt.</strong></span> <span class='ocrx_word' id='word_1_618' title='bbox 2042 3556 2394 3625; x_wconf 85' lang='lat' dir='ltr'><strong>Nequaquam</strong></span> <span class='ocrx_word' id='word_1_619' title='bbox 2450 3552 2691 3606; x_wconf 81' lang='lat' dir='ltr'><strong>futurum</strong></span> <span class='ocrx_word' id='word_1_620' title='bbox 2747 3564 2832 3607; x_wconf 90' lang='lat' dir='ltr'><strong>est</strong></span> <span class='ocrx_word' id='word_1_621' title='bbox 2876 3561 2936 3606; x_wconf 94' lang='lat' dir='ltr'><strong>ut</strong></span> <span class='ocrx_word' id='word_1_622' title='bbox 2983 3552 3274 3606; x_wconf 88' lang='lat' dir='ltr'><strong>Dominum</strong></span> <span class='ocrx_word' id='word_1_623' title='bbox 3321 3569 3418 3608; x_wconf 91' lang='lat' dir='ltr'><strong>co-</strong></span> 
     </span>
    </p>
   </div>
   <div class='ocr_carea' id='block_1_94' title="bbox 1853 3642 3416 3718">
    <p class='ocr_par' dir='ltr' id='par_1_94' title="bbox 1853 3642 3416 3718">
     <span class='ocr_line' id='line_1_94' title="bbox 1853 3642 3416 3718; baseline -0.003 -16"><span class='ocrx_word' id='word_1_624' title='bbox 1853 3653 2132 3718; x_wconf 79' lang='lat' dir='ltr'><strong>gnoscant.</strong></span> <span class='ocrx_word' id='word_1_625' title='bbox 2179 3645 2283 3710; x_wconf 85' lang='lat' dir='ltr'><strong>Qui</strong></span> <span class='ocrx_word' id='word_1_626' title='bbox 2319 3645 2568 3699; x_wconf 75' lang='lat' dir='ltr'><strong>devorant</strong></span> <span class='ocrx_word' id='word_1_627' title='bbox 2619 3642 2814 3712; x_wconf 82' lang='lat' dir='ltr'><strong>plebem</strong></span> <span class='ocrx_word' id='word_1_628' title='bbox 2863 3659 3028 3695; x_wconf 85' lang='lat' dir='ltr'><strong>meam</strong></span> <span class='ocrx_word' id='word_1_629' title='bbox 3072 3643 3206 3696; x_wconf 88' lang='lat' dir='ltr'><strong>sicut</strong></span> <span class='ocrx_word' id='word_1_630' title='bbox 3243 3660 3416 3698; x_wconf 71' lang='lat' dir='ltr'><strong>escam</strong></span> 
     </span>
    </p>
   </div>
   <div class='ocr_carea' id='block_1_95' title="bbox 1852 3735 3414 3810">
    <p class='ocr_par' dir='ltr' id='par_1_95' title="bbox 1852 3735 3414 3810">
     <span class='ocr_line' id='line_1_95' title="bbox 1852 3735 3414 3810; baseline -0.002 -16"><span class='ocrx_word' id='word_1_631' title='bbox 1852 3742 2037 3810; x_wconf 85' lang='lat' dir='ltr'><strong>panis,</strong></span> <span class='ocrx_word' id='word_1_632' title='bbox 2103 3738 2387 3792; x_wconf 87' lang='lat' dir='ltr'><strong>Dominum</strong></span> <span class='ocrx_word' id='word_1_633' title='bbox 2436 3753 2538 3791; x_wconf 90' lang='lat' dir='ltr'><strong>non</strong></span> <span class='ocrx_word' id='word_1_634' title='bbox 2585 3737 2973 3790; x_wconf 81' lang='lat' dir='ltr'><strong>invocaverunt.</strong></span> <span class='ocrx_word' id='word_1_635' title='bbox 3041 3735 3414 3793; x_wconf 86' lang='lat' dir='ltr'><strong>Comedebant</strong></span> 
     </span>
    </p>
   </div>
   <div class='ocr_carea' id='block_1_96' title="bbox 1852 3827 3411 3902">
    <p class='ocr_par' dir='ltr' id='par_1_96' title="bbox 1852 3827 3411 3902">
     <span class='ocr_line' id='line_1_96' title="bbox 1852 3827 3411 3902; baseline -0.005 -14"><span class='ocrx_word' id='word_1_636' title='bbox 1852 3835 1994 3888; x_wconf 91' lang='lat' dir='ltr'><strong>enim</strong></span> <span class='ocrx_word' id='word_1_637' title='bbox 2037 3832 2292 3902; x_wconf 80' lang='lat' dir='ltr'><strong>populum</strong></span> <span class='ocrx_word' id='word_1_638' title='bbox 2325 3829 2466 3898; x_wconf 84' lang='lat' dir='ltr'><strong>ejus,</strong></span> <span class='ocrx_word' id='word_1_639' title='bbox 2515 3830 2803 3882; x_wconf 81' lang='lat' dir='ltr'><strong>suadentes</strong></span> <span class='ocrx_word' id='word_1_640' title='bbox 2846 3827 3074 3880; x_wconf 88' lang='lat' dir='ltr'><strong>adorare</strong></span> <span class='ocrx_word' id='word_1_641' title='bbox 3107 3836 3411 3881; x_wconf 87' lang='lat' dir='ltr'><strong>creaturam</strong></span> 
     </span>
    </p>
   </div>
   <div class='ocr_carea' id='block_1_97' title="bbox 1851 3918 3415 3990">
    <p class='ocr_par' dir='ltr' id='par_1_97' title="bbox 1851 3918 3415 3990">
     <span class='ocr_line' id='line_1_97' title="bbox 1851 3918 3415 3990; baseline -0.004 -11"><span class='ocrx_word' id='word_1_642' title='bbox 1851 3934 1905 3980; x_wconf 91' lang='lat' dir='ltr'><strong>ct</strong></span> <span class='ocrx_word' id='word_1_643' title='bbox 1936 3939 2041 3977; x_wconf 91' lang='lat' dir='ltr'><strong>non</strong></span> <span class='ocrx_word' id='word_1_644' title='bbox 2089 3930 2414 3976; x_wconf 88' lang='lat' dir='ltr'><strong>creatorem.</strong></span> <span class='ocrx_word' id='word_1_645' title='bbox 2469 3920 2645 3990; x_wconf 84' lang='lat' dir='ltr'><strong>Atque</strong></span> <span class='ocrx_word' id='word_1_646' title='bbox 2677 3919 2790 3986; x_wconf 93' lang='lat' dir='ltr'><strong>illi,</strong></span> <span class='ocrx_word' id='word_1_647' title='bbox 2839 3918 3052 3988; x_wconf 88' lang='lat' dir='ltr'><strong>inquit,</strong></span> <span class='ocrx_word' id='word_1_648' title='bbox 3095 3919 3217 3973; x_wconf 90' lang='lat' dir='ltr'><strong>aliis</strong></span> <span class='ocrx_word' id='word_1_649' title='bbox 3244 3919 3415 3973; x_wconf 89' lang='lat' dir='ltr'><strong>malo-</strong></span> 
     </span>
    </p>
   </div>
   <div class='ocr_carea' id='block_1_98' title="bbox 1851 4008 3412 4072">
    <p class='ocr_par' dir='ltr' id='par_1_98' title="bbox 1851 4008 3412 4072">
     <span class='ocr_line' id='line_1_98' title="bbox 1851 4008 3412 4072; baseline -0.002 -3"><span class='ocrx_word' id='word_1_650' title='bbox 1851 4029 1970 4069; x_wconf 89' lang='lat' dir='ltr'><strong>rum</strong></span> <span class='ocrx_word' id='word_1_651' title='bbox 2011 4021 2260 4066; x_wconf 88' lang='lat' dir='ltr'><strong>auctores</strong></span> <span class='ocrx_word' id='word_1_652' title='bbox 2286 4011 2434 4072; x_wconf 80' lang='lat' dir='ltr'><strong>lacti,</strong></span> <span class='ocrx_word' id='word_1_653' title='bbox 2473 4011 2762 4064; x_wconf 90' lang='lat' dir='ltr'><strong>Dominum</strong></span> <span class='ocrx_word' id='word_1_654' title='bbox 2801 4024 2907 4063; x_wconf 91' lang='lat' dir='ltr'><strong>non</strong></span> <span class='ocrx_word' id='word_1_655' title='bbox 2941 4009 3296 4064; x_wconf 84' lang='lat' dir='ltr'><strong>invocabunt.</strong></span> <span class='ocrx_word' id='word_1_656' title='bbox 3335 4008 3412 4066; x_wconf 84' lang='lat' dir='ltr'><strong>Ita</strong></span> 
     </span>
    </p>
   </div>
   <div class='ocr_carea' id='block_1_99' title="bbox 1851 4101 3117 4176">
    <p class='ocr_par' dir='ltr' id='par_1_99' title="bbox 1851 4101 3117 4176">
     <span class='ocr_line' id='line_1_99' title="bbox 1851 4101 3117 4176; baseline -0.005 -15"><span class='ocrx_word' id='word_1_657' title='bbox 1851 4121 2085 4176; x_wconf 89' lang='lat' dir='ltr'><strong>namque</strong></span> <span class='ocrx_word' id='word_1_658' title='bbox 2116 4105 2400 4174; x_wconf 81' lang='lat' dir='ltr'><strong>legendum</strong></span> <span class='ocrx_word' id='word_1_659' title='bbox 2428 4102 2670 4156; x_wconf 81' lang='lat' dir='ltr'><strong>futurum</strong></span> <span class='ocrx_word' id='word_1_660' title='bbox 2693 4116 2791 4171; x_wconf 90' lang='lat' dir='ltr'><strong>pro</strong></span> <span class='ocrx_word' id='word_1_661' title='bbox 2825 4101 3117 4170; x_wconf 66' lang='lat' dir='ltr'><strong>praeterito.</strong></span> 
     </span>
    </p>
   </div>
   <div class='ocr_carea' id='block_1_100' title="bbox 1923 4194 3408 4263">
    <p class='ocr_par' dir='ltr' id='par_1_100' title="bbox 1923 4194 3408 4263">
     <span class='ocr_line' id='line_1_100' title="bbox 1923 4194 3408 4263; baseline 0 -13"><span class='ocrx_word' id='word_1_662' title='bbox 1923 4197 1975 4250; x_wconf 83' lang='lat'><strong>5.</strong></span> <span class='ocrx_word' id='word_1_663' title='bbox 2015 4194 2138 4249; x_wconf 82' lang='lat' dir='ltr'><strong>Illic</strong></span> <span class='ocrx_word' id='word_1_664' title='bbox 2175 4195 2562 4263; x_wconf 80' lang='lat' dir='ltr'><strong>trepidaverunt</strong></span> <span class='ocrx_word' id='word_1_665' title='bbox 2597 4195 2802 4260; x_wconf 86' lang='lat' dir='ltr'><strong>timore,</strong></span> <span class='ocrx_word' id='word_1_666' title='bbox 2854 4195 2941 4248; x_wconf 82' lang='lat' dir='ltr'><strong>ubi</strong></span> <span class='ocrx_word' id='word_1_667' title='bbox 2971 4213 3074 4250; x_wconf 87' lang='lat' dir='ltr'><strong>non</strong></span> <span class='ocrx_word' id='word_1_668' title='bbox 3091 4206 3204 4250; x_wconf 82' lang='lat' dir='ltr'><strong>erat</strong></span> <span class='ocrx_word' id='word_1_669' title='bbox 3234 4197 3408 4252; x_wconf 85' lang='lat' dir='ltr'><strong>timor.</strong></span> 
     </span>
    </p>
   </div>
   <div class='ocr_carea' id='block_1_101' title="bbox 1850 4286 3411 4358">
    <p class='ocr_par' dir='ltr' id='par_1_101' title="bbox 1850 4286 3411 4358">
     <span class='ocr_line' id='line_1_101' title="bbox 1850 4286 3411 4358; baseline 0.004 -18"><span class='ocrx_word' id='word_1_670' title='bbox 1850 4286 2050 4358; x_wconf 84' lang='lat' dir='ltr'><strong>Moysis</strong></span> <span class='ocrx_word' id='word_1_671' title='bbox 2071 4287 2181 4351; x_wconf 82' lang='lat' dir='ltr'><strong>lex,</strong></span> <span class='ocrx_word' id='word_1_672' title='bbox 2208 4286 2408 4356; x_wconf 77' lang='lat' dir='ltr'><strong>inquit,</strong></span> <span class='ocrx_word' id='word_1_673' title='bbox 2452 4301 2668 4356; x_wconf 78' lang='lat' dir='ltr'><strong>pceuam</strong></span> <span class='ocrx_word' id='word_1_674' title='bbox 2699 4286 2967 4342; x_wconf 82' lang='lat' dir='ltr'><strong>inferebat</strong></span> <span class='ocrx_word' id='word_1_675' title='bbox 2988 4331 3003 4354; x_wconf 93' lang='lat'><strong>,</strong></span> <span class='ocrx_word' id='word_1_676' title='bbox 3042 4291 3203 4344; x_wconf 88' lang='lat' dir='ltr'><strong>timor</strong></span> <span class='ocrx_word' id='word_1_677' title='bbox 3230 4302 3411 4347; x_wconf 90' lang='lat' dir='ltr'><strong>autem</strong></span> 
     </span>
    </p>
   </div>
   <div class='ocr_carea' id='block_1_102' title="bbox 1852 4380 3414 4450">
    <p class='ocr_par' dir='ltr' id='par_1_102' title="bbox 1852 4380 3414 4450">
     <span class='ocr_line' id='line_1_102' title="bbox 1852 4380 3414 4450; baseline 0.004 -17"><span class='ocrx_word' id='word_1_678' title='bbox 1852 4380 2066 4434; x_wconf 86' lang='lat' dir='ltr'><strong>Domini</strong></span> <span class='ocrx_word' id='word_1_679' title='bbox 2100 4391 2281 4434; x_wconf 87' lang='lat' dir='ltr'><strong>castus</strong></span> <span class='ocrx_word' id='word_1_680' title='bbox 2319 4390 2440 4433; x_wconf 82' lang='lat' dir='ltr'><strong>est:</strong></span> <span class='ocrx_word' id='word_1_681' title='bbox 2483 4395 2607 4433; x_wconf 88' lang='lat' dir='ltr'><strong>nam</strong></span> <span class='ocrx_word' id='word_1_682' title='bbox 2639 4394 2740 4434; x_wconf 81' lang='lat' dir='ltr'><strong>nos</strong></span> <span class='ocrx_word' id='word_1_683' title='bbox 2785 4391 3045 4449; x_wconf 91' lang='lat' dir='ltr'><strong>tanquam</strong></span> <span class='ocrx_word' id='word_1_684' title='bbox 3089 4384 3266 4450; x_wconf 81' lang='lat' dir='ltr'><strong>ﬁlios,</strong></span> <span class='ocrx_word' id='word_1_685' title='bbox 3308 4385 3414 4440; x_wconf 84' lang='lat' dir='ltr'><strong>Pa-</strong></span> 
     </span>
    </p>
   </div>
   <div class='ocr_carea' id='block_1_103' title="bbox 1779 4471 3414 4560">
    <p class='ocr_par' dir='ltr' id='par_1_103' title="bbox 1779 4471 3414 4560">
     <span class='ocr_line' id='line_1_103' title="bbox 1779 4471 3414 4560; baseline 0.003 -32"><span class='ocrx_word' id='word_1_686' title='bbox 1779 4506 1822 4560; x_wconf 80' lang='lat' dir='ltr'><strong>D</strong></span> <span class='ocrx_word' id='word_1_687' title='bbox 1852 4482 1986 4528; x_wconf 89' lang='lat' dir='ltr'><strong>trem</strong></span> <span class='ocrx_word' id='word_1_688' title='bbox 2024 4475 2214 4527; x_wconf 89' lang='lat' dir='ltr'><strong>timere</strong></span> <span class='ocrx_word' id='word_1_689' title='bbox 2244 4472 2448 4527; x_wconf 91' lang='lat' dir='ltr'><strong>docuit.</strong></span> <span class='ocrx_word' id='word_1_690' title='bbox 2473 4471 2603 4527; x_wconf 87' lang='lat' dir='ltr'><strong>Post</strong></span> <span class='ocrx_word' id='word_1_691' title='bbox 2625 4473 2756 4526; x_wconf 91' lang='lat' dir='ltr'><strong>illud</strong></span> <span class='ocrx_word' id='word_1_692' title='bbox 2786 4483 3022 4544; x_wconf 89' lang='lat' dir='ltr'><strong>tempus,</strong></span> <span class='ocrx_word' id='word_1_693' title='bbox 3067 4491 3174 4546; x_wconf 91' lang='lat' dir='ltr'><strong>quo</strong></span> <span class='ocrx_word' id='word_1_694' title='bbox 3207 4478 3414 4533; x_wconf 88' lang='lat' dir='ltr'><strong>scilicet</strong></span> 
     </span>
    </p>
   </div>
   <div class='ocr_carea' id='block_1_104' title="bbox 1854 4564 3408 4632">
    <p class='ocr_par' dir='ltr' id='par_1_104' title="bbox 1854 4564 3408 4632">
     <span class='ocr_line' id='line_1_104' title="bbox 1854 4564 3408 4632; baseline 0.001 -12"><span class='ocrx_word' id='word_1_695' title='bbox 1854 4568 2119 4620; x_wconf 88' lang='lat' dir='ltr'><strong>adventus</strong></span> <span class='ocrx_word' id='word_1_696' title='bbox 2149 4564 2253 4619; x_wconf 88' lang='lat' dir='ltr'><strong>erit</strong></span> <span class='ocrx_word' id='word_1_697' title='bbox 2284 4564 2425 4632; x_wconf 86' lang='lat' dir='ltr'><strong>ejus,</strong></span> <span class='ocrx_word' id='word_1_698' title='bbox 2458 4564 2530 4617; x_wconf 90' lang='lat' dir='ltr'><strong>ibi</strong></span> <span class='ocrx_word' id='word_1_699' title='bbox 2561 4564 2828 4620; x_wconf 89' lang='lat' dir='ltr'><strong>timebunt</strong></span> <span class='ocrx_word' id='word_1_700' title='bbox 2854 4567 2944 4621; x_wconf 84' lang='lat' dir='ltr'><strong>ubi</strong></span> <span class='ocrx_word' id='word_1_701' title='bbox 2982 4583 3090 4622; x_wconf 92' lang='lat' dir='ltr'><strong>non</strong></span> <span class='ocrx_word' id='word_1_702' title='bbox 3123 4579 3202 4623; x_wconf 87' lang='lat' dir='ltr'><strong>est</strong></span> <span class='ocrx_word' id='word_1_703' title='bbox 3226 4570 3408 4624; x_wconf 89' lang='lat' dir='ltr'><strong>timor.</strong></span> 
     </span>
    </p>
   </div>
   <div class='ocr_carea' id='block_1_105' title="bbox 1850 4656 3409 4727">
    <p class='ocr_par' dir='ltr' id='par_1_105' title="bbox 1850 4656 3409 4727">
     <span class='ocr_line' id='line_1_105' title="bbox 1850 4656 3409 4727; baseline 0.005 -17"><span class='ocrx_word' id='word_1_704' title='bbox 1850 4656 1967 4711; x_wconf 87' lang='lat' dir='ltr'><strong>Non</strong></span> <span class='ocrx_word' id='word_1_705' title='bbox 2009 4657 2205 4712; x_wconf 89' lang='lat' dir='ltr'><strong>timore</strong></span> <span class='ocrx_word' id='word_1_706' title='bbox 2232 4657 2323 4726; x_wconf 92' lang='lat' dir='ltr'><strong>qui</strong></span> <span class='ocrx_word' id='word_1_707' title='bbox 2346 4673 2412 4710; x_wconf 79' lang='lat' dir='ltr'><strong>ex</strong></span> <span class='ocrx_word' id='word_1_708' title='bbox 2439 4656 2574 4725; x_wconf 82' lang='lat' dir='ltr'><strong>legis</strong></span> <span class='ocrx_word' id='word_1_709' title='bbox 2598 4658 3024 4715; x_wconf 88' lang='lat' dir='ltr'><strong>comminatione</strong></span> <span class='ocrx_word' id='word_1_710' title='bbox 3051 4661 3278 4727; x_wconf 88' lang='lat' dir='ltr'><strong>oriatur,</strong></span> <span class='ocrx_word' id='word_1_711' title='bbox 3318 4664 3409 4717; x_wconf 87' lang='lat' dir='ltr'><strong>sed</strong></span> 
     </span>
    </p>
   </div>
   <div class='ocr_carea' id='block_1_106' title="bbox 1850 4747 2795 4817">
    <p class='ocr_par' dir='ltr' id='par_1_106' title="bbox 1850 4747 2795 4817">
     <span class='ocr_line' id='line_1_106' title="bbox 1850 4747 2795 4817; baseline -0.001 -15"><span class='ocrx_word' id='word_1_712' title='bbox 1850 4749 2150 4803; x_wconf 79' lang='lat' dir='ltr'><strong>reverentia</strong></span> <span class='ocrx_word' id='word_1_713' title='bbox 2184 4763 2306 4817; x_wconf 68' lang='lat' dir='ltr'><strong>quae</strong></span> <span class='ocrx_word' id='word_1_714' title='bbox 2339 4747 2540 4802; x_wconf 87' lang='lat' dir='ltr'><strong>liberos</strong></span> <span class='ocrx_word' id='word_1_715' title='bbox 2573 4747 2795 4813; x_wconf 68' lang='lat' dir='ltr'><strong>deceat.</strong></span> 
     </span>
    </p>
   </div>
   <div class='ocr_carea' id='block_1_107' title="bbox 1919 4839 3410 4909">
    <p class='ocr_par' dir='ltr' id='par_1_107' title="bbox 1919 4839 3410 4909">
     <span class='ocr_line' id='line_1_107' title="bbox 1919 4839 3410 4909; baseline 0.001 -15"><span class='ocrx_word' id='word_1_716' title='bbox 1919 4840 1970 4894; x_wconf 88' lang='lat'><strong>6.</strong></span> <span class='ocrx_word' id='word_1_717' title='bbox 2008 4839 2266 4903; x_wconf 83' lang='lat' dir='ltr'><strong>Quoniam</strong></span> <span class='ocrx_word' id='word_1_718' title='bbox 2298 4839 2548 4892; x_wconf 80' lang='lat' dir='ltr'><strong>Dominus</strong></span> <span class='ocrx_word' id='word_1_719' title='bbox 2569 4840 2622 4890; x_wconf 86' lang='lat' dir='ltr'><strong>in</strong></span> <span class='ocrx_word' id='word_1_720' title='bbox 2645 4840 2975 4908; x_wconf 82' lang='lat' dir='ltr'><strong>generatione</strong></span> <span class='ocrx_word' id='word_1_721' title='bbox 2994 4840 3279 4908; x_wconf 85' lang='lat' dir='ltr'><strong>justorum.</strong></span> <span class='ocrx_word' id='word_1_722' title='bbox 3307 4842 3410 4909; x_wconf 87' lang='lat' dir='ltr'><strong>Qui</strong></span> 
     </span>
    </p>
   </div>
   <div class='ocr_carea' id='block_1_108' title="bbox 1843 4931 3410 5002">
    <p class='ocr_par' dir='ltr' id='par_1_108' title="bbox 1843 4931 3410 5002">
     <span class='ocr_line' id='line_1_108' title="bbox 1843 4931 3410 5002; baseline 0.001 -16"><span class='ocrx_word' id='word_1_723' title='bbox 1843 4933 2213 5002; x_wconf 81' lang='lat' dir='ltr'><strong>justiﬁcantur</strong></span> <span class='ocrx_word' id='word_1_724' title='bbox 2255 4947 2352 5000; x_wconf 86' lang='lat' dir='ltr'><strong>per</strong></span> <span class='ocrx_word' id='word_1_725' title='bbox 2396 4932 2516 4999; x_wconf 88' lang='lat' dir='ltr'><strong>ejus</strong></span> <span class='ocrx_word' id='word_1_726' title='bbox 2560 4933 2871 4986; x_wconf 87' lang='lat' dir='ltr'><strong>adventum.</strong></span> <span class='ocrx_word' id='word_1_727' title='bbox 2920 4931 3214 4987; x_wconf 76' lang='lat' dir='ltr'><strong>Consilium</strong></span> <span class='ocrx_word' id='word_1_728' title='bbox 3241 4935 3410 5001; x_wconf 78' lang='lat' dir='ltr'><strong>inopis</strong></span> 
     </span>
    </p>
   </div>
   <div class='ocr_carea' id='block_1_109' title="bbox 1848 5019 3408 5090">
    <p class='ocr_par' dir='ltr' id='par_1_109' title="bbox 1848 5019 3408 5090">
     <span class='ocr_line' id='line_1_109' title="bbox 1848 5019 3408 5090; baseline -0.001 -15"><span class='ocrx_word' id='word_1_729' title='bbox 1848 5023 2212 5090; x_wconf 82' lang='lat' dir='ltr'><strong>confunditur.</strong></span> <span class='ocrx_word' id='word_1_730' title='bbox 2260 5019 2387 5075; x_wconf 69' lang='lat' dir='ltr'><strong>Haec</strong></span> <span class='ocrx_word' id='word_1_731' title='bbox 2431 5022 2562 5075; x_wconf 91' lang='lat' dir='ltr'><strong>dicit</strong></span> <span class='ocrx_word' id='word_1_732' title='bbox 2596 5020 2662 5074; x_wconf 92' lang='lat' dir='ltr'><strong>ad</strong></span> <span class='ocrx_word' id='word_1_733' title='bbox 2698 5034 2792 5074; x_wconf 87' lang='lat' dir='ltr'><strong>eos</strong></span> <span class='ocrx_word' id='word_1_734' title='bbox 2826 5021 2919 5090; x_wconf 90' lang='lat' dir='ltr'><strong>qui</strong></span> <span class='ocrx_word' id='word_1_735' title='bbox 2969 5031 3318 5089; x_wconf 86' lang='lat' dir='ltr'><strong>perseverant</strong></span> <span class='ocrx_word' id='word_1_736' title='bbox 3356 5022 3408 5074; x_wconf 91' lang='lat' dir='ltr'><strong>in</strong></span> 
     </span>
    </p>
   </div>
   <div class='ocr_carea' id='block_1_110' title="bbox 1852 5111 3407 5183">
    <p class='ocr_par' dir='ltr' id='par_1_110' title="bbox 1852 5111 3407 5183">
     <span class='ocr_line' id='line_1_110' title="bbox 1852 5111 3407 5183; baseline -0.001 -16"><span class='ocrx_word' id='word_1_737' title='bbox 1852 5114 2249 5180; x_wconf 85' lang='lat' dir='ltr'><strong>incredulitate,</strong></span> <span class='ocrx_word' id='word_1_738' title='bbox 2283 5122 2338 5170; x_wconf 89' lang='lat' dir='ltr'><strong>et</strong></span> <span class='ocrx_word' id='word_1_739' title='bbox 2364 5121 2763 5183; x_wconf 89' lang='lat' dir='ltr'><strong>persequuntur</strong></span> <span class='ocrx_word' id='word_1_740' title='bbox 2797 5127 2893 5167; x_wconf 84' lang='lat' dir='ltr'><strong>eos</strong></span> <span class='ocrx_word' id='word_1_741' title='bbox 2915 5113 3009 5182; x_wconf 87' lang='lat' dir='ltr'><strong>qui</strong></span> <span class='ocrx_word' id='word_1_742' title='bbox 3039 5113 3091 5165; x_wconf 93' lang='lat' dir='ltr'><strong>in</strong></span> <span class='ocrx_word' id='word_1_743' title='bbox 3126 5111 3407 5167; x_wconf 87' lang='lat' dir='ltr'><strong>Christum</strong></span> 
     </span>
    </p>
   </div>
   <div class='ocr_carea' id='block_1_111' title="bbox 1847 5203 2145 5257">
    <p class='ocr_par' dir='ltr' id='par_1_111' title="bbox 1847 5203 2145 5257">
     <span class='ocr_line' id='line_1_111' title="bbox 1847 5203 2145 5257; baseline -0.007 0"><span class='ocrx_word' id='word_1_744' title='bbox 1847 5203 2145 5257; x_wconf 90' lang='lat' dir='ltr'><strong>credidere.</strong></span> 
     </span>
    </p>
   </div>
   <div class='ocr_carea' id='block_1_112' title="bbox 1919 5287 3406 5359">
    <p class='ocr_par' dir='ltr' id='par_1_112' title="bbox 1919 5287 3406 5359">
     <span class='ocr_line' id='line_1_112' title="bbox 1919 5287 3406 5359; baseline 0.002 -19"><span class='ocrx_word' id='word_1_745' title='bbox 1919 5291 1969 5344; x_wconf 89' lang='lat'><strong>7.</strong></span> <span class='ocrx_word' id='word_1_746' title='bbox 2005 5289 2134 5355; x_wconf 83' lang='lat' dir='ltr'><strong>Quis</strong></span> <span class='ocrx_word' id='word_1_747' title='bbox 2166 5289 2312 5343; x_wconf 78' lang='lat' dir='ltr'><strong>dabit</strong></span> <span class='ocrx_word' id='word_1_748' title='bbox 2331 5306 2396 5343; x_wconf 80' lang='lat' dir='ltr'><strong>ea:</strong></span> <span class='ocrx_word' id='word_1_749' title='bbox 2414 5289 2540 5343; x_wconf 88' lang='lat' dir='ltr'><strong>Sion</strong></span> <span class='ocrx_word' id='word_1_750' title='bbox 2570 5289 2803 5342; x_wconf 86' lang='lat' dir='ltr'><strong>salutare</strong></span> <span class='ocrx_word' id='word_1_751' title='bbox 2837 5287 3049 5344; x_wconf 82' lang='lat' dir='ltr'><strong>Israel?</strong></span> <span class='ocrx_word' id='word_1_752' title='bbox 3088 5288 3200 5344; x_wconf 89' lang='lat' dir='ltr'><strong>lloc</strong></span> <span class='ocrx_word' id='word_1_753' title='bbox 3231 5290 3406 5359; x_wconf 85' lang='lat' dir='ltr'><strong>dupli-</strong></span> 
     </span>
    </p>
   </div>
   <div class='ocr_carea' id='block_1_113' title="bbox 1847 5380 3407 5450">
    <p class='ocr_par' dir='ltr' id='par_1_113' title="bbox 1847 5380 3407 5450">
     <span class='ocr_line' id='line_1_113' title="bbox 1847 5380 3407 5450; baseline -0.002 -14"><span class='ocrx_word' id='word_1_754' title='bbox 1847 5398 1963 5436; x_wconf 91' lang='lat' dir='ltr'><strong>cem</strong></span> <span class='ocrx_word' id='word_1_755' title='bbox 1995 5381 2235 5436; x_wconf 89' lang='lat' dir='ltr'><strong>continet</strong></span> <span class='ocrx_word' id='word_1_756' title='bbox 2261 5380 2601 5450; x_wconf 86' lang='lat' dir='ltr'><strong>prophetiam</strong></span> <span class='ocrx_word' id='word_1_757' title='bbox 2638 5398 2650 5434; x_wconf 91' lang='lat'><strong>:</strong></span> <span class='ocrx_word' id='word_1_758' title='bbox 2682 5395 2788 5433; x_wconf 92' lang='lat' dir='ltr'><strong>non</strong></span> <span class='ocrx_word' id='word_1_759' title='bbox 2818 5380 2980 5434; x_wconf 90' lang='lat' dir='ltr'><strong>modo</strong></span> <span class='ocrx_word' id='word_1_760' title='bbox 3009 5381 3151 5434; x_wconf 89' lang='lat' dir='ltr'><strong>enim</strong></span> <span class='ocrx_word' id='word_1_761' title='bbox 3187 5380 3273 5434; x_wconf 86' lang='lat' dir='ltr'><strong>hic</strong></span> <span class='ocrx_word' id='word_1_762' title='bbox 3306 5380 3407 5434; x_wconf 87' lang='lat' dir='ltr'><strong>oh-</strong></span> 
     </span>
    </p>
   </div>
   <div class='ocr_carea' id='block_1_114' title="bbox 1846 5471 3410 5541">
    <p class='ocr_par' dir='ltr' id='par_1_114' title="bbox 1846 5471 3410 5541">
     <span class='ocr_line' id='line_1_114' title="bbox 1846 5471 3410 5541; baseline -0.003 -13"><span class='ocrx_word' id='word_1_763' title='bbox 1846 5474 2013 5528; x_wconf 87' lang='lat' dir='ltr'><strong>sessis</strong></span> <span class='ocrx_word' id='word_1_764' title='bbox 2041 5482 2250 5541; x_wconf 86' lang='lat' dir='ltr'><strong>partam</strong></span> <span class='ocrx_word' id='word_1_765' title='bbox 2279 5472 2510 5528; x_wconf 89' lang='lat' dir='ltr'><strong>salutem</strong></span> <span class='ocrx_word' id='word_1_766' title='bbox 2550 5471 2874 5538; x_wconf 83' lang='lat' dir='ltr'><strong>annuntiat,</strong></span> <span class='ocrx_word' id='word_1_767' title='bbox 2922 5471 3014 5525; x_wconf 90' lang='lat' dir='ltr'><strong>sed</strong></span> <span class='ocrx_word' id='word_1_768' title='bbox 3057 5472 3224 5525; x_wconf 86' lang='lat' dir='ltr'><strong>etiam</strong></span> <span class='ocrx_word' id='word_1_769' title='bbox 3261 5472 3410 5524; x_wconf 87' lang='lat' dir='ltr'><strong>salu-</strong></span> 
     </span>
    </p>
   </div>
   <div class='ocr_carea' id='block_1_115' title="bbox 1848 5563 3408 5632">
    <p class='ocr_par' dir='ltr' id='par_1_115' title="bbox 1848 5563 3408 5632">
     <span class='ocr_line' id='line_1_115' title="bbox 1848 5563 3408 5632; baseline -0.002 -13"><span class='ocrx_word' id='word_1_770' title='bbox 1848 5575 2016 5619; x_wconf 85' lang='lat' dir='ltr'><strong>tarem</strong></span> <span class='ocrx_word' id='word_1_771' title='bbox 2040 5563 2241 5617; x_wconf 79' lang='lat' dir='ltr'><strong>Christi</strong></span> <span class='ocrx_word' id='word_1_772' title='bbox 2277 5564 2568 5618; x_wconf 86' lang='lat' dir='ltr'><strong>adventum</strong></span> <span class='ocrx_word' id='word_1_773' title='bbox 2594 5605 2609 5629; x_wconf 92' lang='lat'><strong>,</strong></span> <span class='ocrx_word' id='word_1_774' title='bbox 2653 5564 2838 5618; x_wconf 87' lang='lat' dir='ltr'><strong>multis</strong></span> <span class='ocrx_word' id='word_1_775' title='bbox 2861 5571 2982 5632; x_wconf 88' lang='lat' dir='ltr'><strong>post</strong></span> <span class='ocrx_word' id='word_1_776' title='bbox 3009 5563 3221 5619; x_wconf 62' lang='lat' dir='ltr'><strong>sarculis</strong></span> <span class='ocrx_word' id='word_1_777' title='bbox 3257 5563 3408 5617; x_wconf 89' lang='lat' dir='ltr'><strong>l&#39;utu-</strong></span> 
     </span>
    </p>
   </div>
   <div class='ocr_carea' id='block_1_116' title="bbox 1845 5652 3407 5724">
    <p class='ocr_par' dir='ltr' id='par_1_116' title="bbox 1845 5652 3407 5724">
     <span class='ocr_line' id='line_1_116' title="bbox 1845 5652 3407 5724; baseline -0.001 -17"><span class='ocrx_word' id='word_1_778' title='bbox 1845 5669 1993 5707; x_wconf 88' lang='lat' dir='ltr'><strong>rum.</strong></span> <span class='ocrx_word' id='word_1_779' title='bbox 2023 5652 2327 5708; x_wconf 75' lang='lat' dir='ltr'><strong>Exsullabit</strong></span> <span class='ocrx_word' id='word_1_780' title='bbox 2351 5653 2538 5709; x_wconf 77' lang='lat' dir='ltr'><strong>Iacob.</strong></span> <span class='ocrx_word' id='word_1_781' title='bbox 2583 5652 2816 5709; x_wconf 90' lang='lat' dir='ltr'><strong>Sanctos</strong></span> <span class='ocrx_word' id='word_1_782' title='bbox 2838 5654 3179 5724; x_wconf 81' lang='lat' dir='ltr'><strong>patriarchas</strong></span> <span class='ocrx_word' id='word_1_783' title='bbox 3207 5663 3261 5709; x_wconf 87' lang='lat' dir='ltr'><strong>et</strong></span> <span class='ocrx_word' id='word_1_784' title='bbox 3281 5669 3407 5723; x_wconf 86' lang='lat' dir='ltr'><strong>pro-</strong></span> 
     </span>
    </p>
   </div>
   <div class='ocr_carea' id='block_1_117' title="bbox 1846 5744 3403 5815">
    <p class='ocr_par' dir='ltr' id='par_1_117' title="bbox 1846 5744 3403 5815">
     <span class='ocr_line' id='line_1_117' title="bbox 1846 5744 3403 5815; baseline 0.001 -17"><span class='ocrx_word' id='word_1_785' title='bbox 1846 5744 2040 5814; x_wconf 90' lang='lat' dir='ltr'><strong>phetas</strong></span> <span class='ocrx_word' id='word_1_786' title='bbox 2070 5745 2354 5815; x_wconf 78' lang='lat' dir='ltr'><strong>intelligit,</strong></span> <span class='ocrx_word' id='word_1_787' title='bbox 2399 5747 2494 5814; x_wconf 89' lang='lat' dir='ltr'><strong>qui</strong></span> <span class='ocrx_word' id='word_1_788' title='bbox 2536 5760 2885 5812; x_wconf 88' lang='lat' dir='ltr'><strong>summopere</strong></span> <span class='ocrx_word' id='word_1_789' title='bbox 2918 5746 3024 5800; x_wconf 68' lang='lat' dir='ltr'><strong>laeti</strong></span> <span class='ocrx_word' id='word_1_790' title='bbox 3059 5755 3249 5807; x_wconf 89' lang='lat' dir='ltr'><strong>erunt.</strong></span> <span class='ocrx_word' id='word_1_791' title='bbox 3285 5761 3403 5801; x_wconf 81' lang='lat' dir='ltr'><strong>cum</strong></span> 
     </span>
    </p>
   </div>
  </div>
