4032 6452
586 399 657 458 99
1431 388 1485 445 S.
1529 383 1904 442 ATIIANASII
1936 383 2085 438 OPP.
2128 382 2160 436 P

2270 380 2306 435 S
2337 378 2425 434 111.
2467 406 2539 420 -
2572 374 2981 434 EXEGETICA.

3719 364 3836 422 100

587 511 871 583 praedictas
903 507 973 563 ab
1015 507 1148 579 ipsis
1176 501 1574 575 promissiones
1598 498 1853 555 Christus
1888 498 2147 568 impleve-

2262 494 2509 565 εριάρχας
2529 492 2623 545 καὶ
2658 492 2939 561 προφήτας
2986 484 3117 556 φησὶ
3136 523 3151 547 ,
3193 484 3318 547 τοὺς
3373 480 3515 554 χαρᾷ
3538 476 3839 550 χαίροντας

585 617 675 662 rit.
712 603 805 658 Hae
842 613 1022 657 autem
1051 606 1240 664 erant,
1282 610 1405 669 qua:
1437 594 1684 649 omnium
1722 592 1966 664 gentium
2001 590 2150 647 salu-

586 705 692 753 tem
723 691 1188 766 praenuntiabant.

778 878 832 934 1.
874 874 944 931 In
972 875 1153 944 linem,
1186 866 1524 927 PSALMUS
1554 865 1751 921 David.
1792 862 1955 924 XIV.

1169 966 1569 1035 Argumentum.

586 1061 741 1117 Hunc
777 1059 921 1115 canit
948 1059 1241 1129 psalmum,
1265 1054 1471 1107 docens
1496 1049 1758 1123 quidnam
1797 1047 2005 1120 aditum
2051 1047 2150 1101 ho-

652 1154 789 1209 mini
846 1152 1088 1223 praebeat
1139 1150 1206 1204 ad
1252 1148 1403 1201 illam
1463 1143 1861 1214 assequendam
1904 1151 2146 1197 sortem;

652 1256 988 1315 quapropter
1014 1245 1083 1295 ita
1112 1239 1324 1295 orditur
1353 1257 1365 1293 :

649 1335 892 1398 Domine,
921 1333 1038 1403 quis
1073 1329 1338 1383 habitabit
1378 1330 1434 1383 in
1488 1326 1827 1384 tabernaculo
1875 1325 2006 1380 tuo?
2040 1322 2149 1377 ﬂa-

583 1426 783 1483 bitatio
810 1435 895 1480 est
930 1422 1291 1479 commoratio
1327 1429 1710 1489 temporanea,
1755 1433 1864 1472 non
1905 1416 2069 1469 lixam
2096 1424 2152 1469 et

582 1527 990 1593 permanentem
1014 1516 1204 1577 vitam,
1229 1514 1325 1568 sed
1360 1520 1759 1573 transeuntem,
1798 1526 1862 1565 ac
1893 1524 2020 1564 cum
2053 1523 2149 1579 spe

580 1607 1078 1681 transmigrationis
1128 1605 1194 1659 ad
1251 1604 1631 1674 praestantiora
1678 1602 2026 1669 coniunctam
2076 1600 2150 1654 si-

582 1704 863 1776 gniﬁcans.
902 1698 1087 1755 Sancti
1111 1697 1309 1766 quippe
1340 1697 1440 1749 viri
1463 1705 1547 1751 est
1571 1696 1712 1749 hanc
1734 1694 1900 1748 vitam
1930 1700 2151 1762 praeter-

581 1797 761 1852 eundo
803 1810 999 1864 agere,
1039 1801 1201 1860 atque
1246 1789 1313 1844 ad
1356 1789 1517 1842 aliam
1571 1786 1961 1841 transmittere.
2018 1782 2150 1849 Qua:

2249 588 2341 639 ἐπὶ
2373 584 2450 656 τῷ
2473 584 2571 647 τὰς
2602 583 2991 655 προλεχθείσας
3019 575 3199 633 αὐτῶν
3225 575 3552 643 ἐπαγγελίας
3583 570 3838 641 άποππη-

2250 678 2417 750 ρῶσαι
2442 677 2531 730 τὸν
2560 676 2811 748 Χριστόν.
2840 667 3009 727 Δῦται
3042 672 3098 727 δὲ
3118 666 3259 742 ἦσαν
3298 670 3355 722 al
3395 667 3493 739 τὴν
3514 666 3622 720 τῶν
3651 664 3837 719 ιθνῶν

2249 771 2504 825 ἁπάντων
2528 767 2802 839 σωτηρίαν
2836 765 3365 837 κατασημαίνουσαι.

2422 864 2526 929 Εἰς
2563 862 2629 914 τὸ
2655 859 2829 927 τέλος
2859 860 3170 913 ΨΑΛΜΟΣ
3189 854 3270 921 τῷ
3308 853 3507 911 Δαυίΰ.
3535 856 3643 909 Μ’.

2872 951 2885 969 '
2899 951 3206 1013 Υπόθσσις.

2248 1044 2447 1098 Τοῦτον
2496 1044 2611 1116 ᾄδει
2642 1043 2735 1097 τὸν
2761 1041 2997 1112 ψαλμὸν,
3025 1040 3290 1093 διδάσκων
3317 1036 3369 1091 τί
3423 1036 3491 1091 ἂν
3535 1034 3835 1105 ἄνθρωπον

2319 1136 2709 1207 παρασκευάσῃ
2735 1136 2832 1206 τῆς
2856 1132 3128 1205 μακαρίας
3152 1130 3365 1201 ἐκείνης
3386 1131 3567 1199 τυχεῖν
3591 1126 3829 1199 λήξεωςο

2318 1227 2399 1282 διὸ
2436 1226 2738 1298 άρχόμενός
2758 1241 2939 1297 φησιν·

2318 1320 2511 1387 Κύριε,
2546 1318 2639 1383 τις
2668 1314 3021 1385 παροικήσει
3050 1315 3121 1368 ἐν
3171 1312 3254 1380 τῷ
3297 1309 3645 1381 σκηνώματι
3661 1325 3785 1365 σου
3806 1324 3830 1374 ;

2248 1411 2517 1484 Παροικία
2549 1411 2663 1463 ἐστὶ
2693 1409 2934 1480 διαγωγὴ
2986 1406 3336 1477 πρόσκαιρος,
3400 1404 3498 1474 οὐχ
3529 1402 3830 1475 ἱδρυμένην

2249 1502 2417 1573 ζωὴν,
2441 1501 2577 1555 ἀλλὰ
2606 1499 2903 1572 παροδικην
2942 1498 3026 1551 ἐπ’
3068 1496 3241 1550 ἐλπίδι
3273 1496 3371 1565 τῆς
3414 1496 3509 1548 ἐπὶ
3530 1494 3600 1547 τά
3637 1492 3830 1563 κρείτ-

2248 1612 2376 1648 τονα
2407 1594 2788 1665 μεταστάσεως
2832 1590 3223 1659 ὑποφαίνουσα.
3264 1589 3442 1655 Ἀγίου
3483 1586 3593 1659 γὰρ
3627 1585 3829 1657 ἀνδρὸς

2250 1688 2567 1761 παροδεύειν
2599 1685 2691 1739 τὸν
2719 1685 2828 1756 βίον
2876 1681 3083 1747 τοῦτον,
3119 1681 3415 1750 ἐπάγεσθαι
3448 1679 3503 1735 δὲ
3537 1679 3675 1750 πρὸς
3705 1677 3830 1731 ἐτό-

2253 1799 2351 1852 ραν
2381 1780 2547 1851 ζωήν.
2583 1779 2674 1832 Διὸ
2725 1776 2820 1832 καὶ
2850 1778 2878 1829 ό
2908 1773 3071 1829 Δαυῒδ
3126 1777 3253 1845 περὶ
3286 1773 3451 1829 αὐτοῦ
3485 1789 3637 1844 φησι·
3666 1769 3830 1839 Πάρ-

580 1904 746 1946 causa
772 1858 865 1941 est
891 1895 950 1939 ut
987 1858 1152 1939 David
1184 1882 1251 1937 de
1286 1898 1345 1936 se
1386 1882 1505 1951 ipso
1531 1879 1680 1933 dicat
1701 1880 1746 1912 "
1780 1876 2032 1932 :Advena
2054 1891 2147 1943 ego

2262 1888 2411 1936 νικος
2440 1869 2554 1938 ἐγώ
2576 1870 2692 1937 ειμι
2735 1868 2891 1937 παρὰ
2922 1866 3022 1921 σοί
3054 1865 3150 1919 καί
3180 1862 3605 1931 παρεπίδημος,
3626 1858 3829 1925 καθὼς

581 1997 698 2036 sum
731 1978 872 2048 apud
916 1985 963 2029 te
1003 1985 1052 2029 et
1083 1977 1383 2045 peregrinus
1403 2013 1417 2036 ,
1469 1970 1603 2024 sicut
1628 1985 1801 2022 omnes
1823 1976 1998 2037 patres
2024 1967 2146 2021 mei.

583 2072 743 2143 Quis,
773 2072 871 2134 ait,
905 2069 1106 2137 dignus
1131 2068 1235 2121 erit
1262 2066 1317 2119 in
1347 2063 1664 2118 caelestibus
1696 2059 1805 2115 illis
1832 2059 2153 2114 tabernacu-

582 2170 651 2223 lis
700 2160 1035 2220 consistere?
1099 2159 1204 2212 Aut
1261 2158 1378 2228 quis
1434 2152 1839 2208 tabernaculum
1878 2160 2030 2220 ponet
2096 2148 2150 2201 in

584 2270 758 2315 monte
784 2265 967 2311 sancto
994 2254 1125 2309 tuo?
1154 2252 1447 2319 Postquam
1467 2249 1613 2303 enim
1638 2246 1916 2316 quispiam
1947 2253 2151 2296 aeterno

583 2353 678 2407 illo
707 2350 1061 2405 tabernaculo
1105 2345 1363 2414 dignatus
1404 2340 1604 2403 fuerit,
1645 2335 1979 2394 beatitudine
2008 2332 2154 2387 frue-

585 2454 673 2501 tur
696 2445 748 2498 in
774 2440 971 2498 sacula
1001 2436 1232 2491 inﬁnita.

656 2532 771 2588 2-5.
820 2529 925 2595 Qui
969 2526 1162 2582 incedit
1210 2525 1324 2579 sine
1364 2520 1597 2587 macula,
1623 2529 1728 2576 etc.
1762 2518 1931 2573 Docet
1952 2514 2155 2588 quibus

588 2626 766 2682 modis
790 2625 1005 2678 beatum
1025 2618 1338 2689 huiusmodi
1361 2616 1523 2670 linem
1550 2610 1898 2667 consecuturi
1928 2623 2151 2663 sumus:

586 2718 769 2789 primo
805 2713 1023 2784 quidem
1066 2712 1113 2765 si
1165 2707 1516 2763 immaculata
1547 2706 1631 2758 via
1673 2701 1991 2757 incedamus
2031 2713 2153 2769 quae

584 2817 669 2865 est
698 2810 812 2879 ipse
834 2804 1119 2868 Christus;
1176 2800 1391 2863 deinde,
1445 2796 1491 2853 si
1533 2809 1822 2865 operemur
1857 2791 2150 2861 iustitiam;

583 2902 779 2969 tertio,
816 2899 861 2953 si
908 2912 1004 2953 cor
1040 2902 1290 2950 nostrum
1332 2890 1577 2947 veritatis
1620 2887 1958 2944 domicilium
1998 2900 2155 2956 pare—

588 3009 747 3059 mus;
778 2999 997 3061 quarto,
1023 2988 1072 3043 si
1097 2986 1284 3041 dolosa
1310 2982 1560 3037 instructi
1595 2980 1779 3048 lingua
1803 2992 1912 3032 non
1945 2976 2152 3041 simus;

587 3088 801 3155 quinto,
835 3083 882 3137 si
925 3080 1128 3135 malum
1164 3076 1415 3147 proximo
1446 3086 1553 3127 non
1594 3069 1927 3133 inferamus;
1977 3073 2153 3130 sexto,

588 3175 636 3230 si
673 3171 969 3243 opprobrio
1026 3167 1334 3238 proximum
1381 3163 1612 3233 superbe
1658 3174 1768 3215 non
1818 3158 2151 3223 alliciamus;

2254 1962 2473 2028 πάντες
2504 1964 2559 2014 οἱ
2587 1963 2835 2028 πατέρες
2858 1978 2995 2030 μου.
3023 1960 3138 2024 Τίς,
3172 1958 3354 2029 φησὶν,
3384 1956 3531 2023 ἄξιος
3579 1956 3734 2010 ἔσται
3765 1957 3827 2008 tv

2255 2053 2489 2115 ἐκείναις
2544 2054 2663 2114 ταῖς
2701 2052 2978 2122 οὐρανίαις
3016 2050 3266 2119 γενέσθαι
3322 2051 3579 2118 σκηναίς;
3630 2049 3703 2099 Ἡ
3729 2046 3829 2112 τις

2254 2144 2708 2213 κατασκηνώσει
2740 2143 2808 2195 ἐν
2842 2141 2962 2209 ὄρει
3000 2143 3146 2211 ἁγίῳ
3172 2157 3320 2206 σου;
3369 2138 3556 2211 ἐπειδὴ
3600 2138 3666 2191 ἂν
3713 2138 3828 2209 γάρ

2251 2254 2337 2300 τις
2381 2235 2587 2307 ἀξιωθῇ
2615 2236 2715 2305 τῆς
2748 2235 3023 2306 μακαρίας
3052 2235 3265 2304 ἐκείνης
3300 2232 3526 2303 σκηνῆς,
3568 2231 3651 2295 είς
3681 2230 3825 2284 ἁπε-

2254 2328 2480 2400 ράντους
2512 2327 2711 2391 αἰῶνας
2738 2326 2850 2392 ἔξει
2877 2326 2974 2398 τὴν
3002 2327 3397 2398 μακαριότητα.

2321 2505 2722 2575 Πορευόμενος
2755 2503 3010 2573 ἄμωμος,
3046 2504 3138 2557 καὶ
3172 2502 3241 2556 τὰ
3278 2501 3423 2574 ἑξῆς.
3460 2502 3709 2556 Διδάσκει
3754 2499 3827 2555 δι’

2255 2590 2330 2651 ὧν
2357 2594 2656 2666 τευξόμεθα
2710 2594 2803 2649 τοῦ
2865 2596 3132 2669 μακαρίου
3173 2595 3380 2648 ἐκείνου
3412 2594 3667 2666 πέρατος
3730 2595 3828 2649 καὶ

2256 2686 2471 2760 πρῶτον
2502 2686 2602 2755 μὲν
2652 2688 2701 2739 εί
2759 2687 2857 2756 τὴν
2888 2686 3118 2757 ἄμωμον
3169 2685 3472 2755 ὁδεύσωμεν
3524 2683 3660 2749 ὁδὸν,
3703 2683 3829 2752 ητις

2254 2775 2399 2829 ἐστὶν
2428 2775 2456 2826 ό
2486 2775 2737 2844 Χριστός
2770 2777 2958 2829 ἔπειτα
2990 2779 3038 2829 εί
3074 2774 3434 2847 ὲργασὼμεθα
3458 2773 3825 2843 δικαιοσύνην·

2253 2867 2455 2939 τρίτον,
2485 2868 2534 2921 εί
2562 2866 2819 2937 ἀληθείας
2872 2862 3021 2921 οἷκον
3067 2870 3166 2938 τὴν
3212 2869 3437 2938 καρδίαν
3486 2869 3826 2939 ποιήσωμενυ

2257 2960 2531 3031 τέταρτον,
2589 2961 2639 3012 εί
2695 2958 2871 3011 δολίαν
2904 2956 3152 3028 γλῶσσαν
3196 2958 3270 3028 μὴ
3297 2956 3647 3029 κτησώμεθαο
3681 2957 3825 3029 πόμ-

2258 3068 2389 3104 πτον
2424 3050 2486 3103 τὸ
2518 3048 2594 3120 μὴ
2616 3049 2781 3102 κακὸν
2809 3048 2886 3118 τῷ
2918 3046 3141 3119 πλησίον
3181 3047 3525 3119 ἐργάζεσθαι·
3558 3047 3715 3100 ῑκτον
3765 3046 3829 3100 τὸ

2260 3139 2335 3209 μὴ
2364 3137 2615 3190 ὀνειδίσαι
2640 3138 2730 3190 τὸν
2767 3136 2990 3208 πλησίον
3011 3137 3571 3209 ύπρηφανευόμενονο
3602 3135 3832 3207 ἕϐδομον

589 3265 854 3335 septimo,
904 3261 950 3317 si
982 3273 1273 3331 personam
1305 3271 1413 3310 non
1443 3253 1818 3323 accipiamus;
1859 3258 2071 3313 octavo,
2113 3249 2159 3304 si

2264 3231 2338 3335 μὴ
2373 3231 2658 3302 πρόσωπον
2700 3230 3017 3301 θαυμάξειψ
3049 3232 3233 3300 δγδοον
3276 3231 3338 3285 τδ
3371 3231 3445 3303 μὴ
3477 3229 3832 3301 παραϐαίνειν

586 3356 886 3431 juramenti
925 3355 1087 3409 ﬁdem
1130 3368 1236 3406 nou
1272 3350 1576 3411 violemus;
1614 3361 1794 3413 nono,
1846 3347 1892 3401 si
1933 3360 2041 3400 non
2077 3343 2161 3399 fe-

590 3466 883 3516 neremur;
930 3448 1167 3508 decimo,
1206 3443 1351 3514 quod
1391 3439 1672 3497 estomnis
1700 3439 2157 3508 complementum

592 3542 745 3604 boui,
776 3539 823 3595 si
852 3538 1171 3593 muneribus
1198 3534 1369 3606 pervii
1397 3547 1506 3587 non
1535 3531 1728 3587 simus.
1758 3529 1863 3596 Qui
1900 3529 2165 3583 horumce

593 3636 906 3705 aequitatem
960 3647 1025 3686 ac
1082 3631 1338 3684 meritum
1386 3624 1700 3687 edidicerit,
1752 3621 1966 3676 ﬁrmam
2002 3629 2164 3690 atque

596 3729 883 3783 immotam
918 3724 1186 3777 bonorum
1219 3719 1568 3774 donationem
1596 3716 1963 3769 nanciscetur.

875 3816 927 3869 1.
961 3812 1125 3868 Tituli
1152 3811 1449 3880 inscriptio,
1480 3807 1695 3861 Davidi.
1731 3805 1781 3859 Χ
1800 3804 1858 3860 ν.

1183 3906 1584 3976 Argumentum.

597 4000 771 4067 Quam
814 4013 959 4053 nunc
998 4004 1303 4052 tractamus
1348 3990 1664 4063 prophetia,
1707 3988 1951 4061 gentium
2004 4002 2167 4043 voca-

667 4094 872 4148 tionem
903 4088 1281 4159 complectitur
1301 4125 1316 4150 ,
1346 4099 1446 4139 nec
1469 4098 1577 4137 non
1606 4078 2169 4150 variasinobsequen-

670 4184 758 4238 tiae
795 4180 1170 4237 accusationes
1187 4176 1449 4231 adversus
1491 4171 1783 4236 Israelem;
1818 4170 2056 4239 itemque
2084 4169 2168 4237 ip-

669 4290 791 4332 sum
841 4268 1256 4327 resurrectionis
1287 4266 1586 4322 Salvatoris
1620 4264 1866 4318 omnium
1914 4272 2165 4317 nostrum

669 4366 798 4422 Jesu
826 4364 1027 4419 Christi
1048 4360 1366 4433 mysterium
1400 4376 1413 4412 :
1462 4356 1605 4412 unde
1628 4356 1867 4410 arbitror
1893 4354 2166 4409 canticum

669 4458 815 4515 istud
842 4466 1089 4511 vocatum
1118 4450 1538 4525 στηλογραφίαν,
1555 4451 1667 4506 sive
1692 4448 1829 4502 tituli
1851 4460 1945 4502 aut
1966 4448 2171 4503 colum-

672 4566 755 4605 na
807 4547 1215 4617 inscriptionem
1264 4544 1465 4609 luisse,
1509 4543 1628 4613 ipso
1669 4540 1869 4595 Davide
1907 4539 2167 4610 propheta
2199 4573 2244 4629 D

673 4640 803 4696 illud
836 4655 937 4695 ceu
990 4640 1043 4692 in
1089 4637 1341 4691 columna
1382 4635 1753 4697 inscribente,
1802 4631 1870 4686 ad
1920 4638 2169 4699 posteros

678 4731 1177 4791 transmittendum.
1248 4726 1380 4797 Ejus
1438 4742 1606 4797 porro
1664 4724 1827 4779 verba
1887 4722 2045 4792 quasi
2102 4736 2171 4775 ex

672 4823 874 4878 Christi
908 4835 1139 4891 persona
1173 4828 1466 4875 canuntur.
1499 4816 1744 4885 Namque
1780 4829 1839 4870 ut
1864 4815 1941 4868 ita
1968 4812 2172 4868 sentia-

677 4931 799 4970 mus
829 4922 1015 4968 auctor
1045 4912 1206 4967 uohis
1230 4910 1429 4965 Petrus
1454 4918 1537 4965 est
1565 4910 1633 4964 ”.

678 5005 939 5060 Conserva
972 5019 1084 5068 me,
1133 5002 1385 5064 Domine,
1426 5003 1678 5069 quoniam
1737 4998 1942 5067 speravi
1990 4997 2043 5050 in
2101 5006 2171 5050 te.

606 5095 772 5164 Quasi
796 5105 1076 5163 assumpta
1107 5092 1331 5146 humani
1361 5092 1579 5162 generis
1600 5106 1856 5160 persona,
1890 5089 1977 5143 his
2003 5087 2171 5142 Deum

607 5191 662 5236 et
684 5180 898 5236 Patrem
922 5180 1240 5248 alloquitur.
1276 5178 1385 5234 Nec
1410 5188 1622 5234 tantum
1654 5194 1752 5249 pro
1774 5193 1854 5244 se,
1888 5180 1981 5233 sed
2005 5178 2171 5232 etiam

609 5282 825 5344 propter
865 5286 963 5325 nos
1008 5279 1064 5325 et
1092 5286 1193 5340 pro
1237 5270 1416 5335 nobis,
1472 5279 1657 5338 utpote
1688 5286 1781 5338 per
1810 5268 2171 5324 (economiam

608 5376 663 5417 et
693 5363 1121 5417 incarnationem
1150 5377 1293 5415 unus
1318 5376 1384 5414 ex
1421 5361 1579 5415 nobis
1603 5360 1850 5415 elfectus.
1882 5360 2172 5415 Dominum

609 5455 793 5523 itaque
825 5452 1037 5507 Patrem
1076 5461 1256 5516 vocat,
1300 5450 1447 5521 quod
1502 5453 1555 5504 in
1604 5451 1777 5506 forma
1811 5452 1952 5506 servi
1986 5451 2170 5504 fuerit.

606 5544 931 5605 Conservari
983 5553 1165 5598 autem
1216 5560 1273 5599 se
1327 5546 1564 5612 postulat
1608 5552 1830 5613 propter
1869 5542 2170 5597 Ecclesiam

610 5652 730 5707 qua:
754 5651 881 5691 caro
928 5635 1099 5705 ipsius
1140 5647 1243 5690 est.
1292 5634 1433 5691 Caro
1462 5650 1697 5703 namque
1739 5637 1859 5705 ejus
1886 5645 1969 5691 est
1998 5634 2177 5689 Eccle-

683 5814 729 5845 "
763 5811 905 5868 Psal.
937 5812 1163 5881 xxxviii,
1195 5813 1281 5867 15.
1354 5813 1401 5845 ⁵³
1432 5813 1547 5868 Act.
1584 5829 1643 5878 ιι,
1673 5813 1761 5867 25.

2260 3323 2423 3394 ὅρκου
2462 3322 2664 3375 πίει-τιν’
2687 3321 2903 3376 ἔννατον
2953 3322 3013 3375 τὸ
3053 3323 3127 3393 μὴ
3154 3323 3474 3388 ὲκτοκίζειν·
3524 3323 3772 3387 δέκατον,
3802 3321 3833 3374 δ

2263 3416 2357 3468 καὶ
2383 3414 2532 3478 τέλος
2561 3416 2677 3468 ἐστὶ
2699 3415 2897 3477 παντὸς
2952 3412 3181 3483 ἀγαθοῦ,
3238 3414 3638 3485 ἀδωροδόκητον
3667 3408 3830 3469 εἶναι.

2262 3507 2478 3560 Τούτων
2510 3510 2539 3561 ό
2566 3506 2822 3578 ἐκμαθὼν
2867 3506 2966 3577 τὴν
3019 3505 3355 3576 κατόρθωσιν
3394 3506 3689 3561 ἀσάλευτον
3720 3503 3832 3571 [Est

2262 3598 2370 3651 τῶν
2402 3598 2622 3668 ἀγαθῶν
2648 3600 2747 3669 τὴν
2773 3598 2937 3654 δόσιν.

2577 3799 2992 3871 Στηλοπκιφία
3025 3798 3105 3864 τῷ
3138 3797 3337 3853 Δαυτδ.
3367 3797 3480 3853 IE'.

2869 3891 2882 3910 '
2893 3892 3197 3955 Υπόθεσις.

2278 3982 2340 4035 Ἥ
2397 3983 2454 4035 ὲν
2512 3982 2668 4053 χερσὶ
2703 3982 3008 4053 προφητεία
3063 3982 3307 4053 περιέχει
3362 3982 3461 4051 τὴν
3505 3979 3613 4035 τῶν
3665 3978 3834 4032 ἐθνῶν

2334 4077 2546 4148 κλῆσιν,
2606 4078 2699 4130 καὶ⁵
2746 4078 2813 4131 τὰ
2858 4078 2953 4130 ἐπὶ
2999 4081 3119 4141 ταῖς
3148 4078 3449 4143 ἁπειθείαις
3480 4076 3574 4131 τοῦ
3623 4074 3834 4148 Ἰσραὴλ

2336 4172 2501 4243 ὲγκλή
2511 4188 2675 4241 ματα,
2699 4172 2793 4225 καὶ
2822 4170 2927 4242 μὴν
2957 4171 3051 4224 καὶ
3091 4171 3221 4224 αὐτὸ
3246 4171 3307 4224 τὸ
3358 4171 3459 4242 τῆς
3487 4170 3833 4233 ἀναστάσεως

2337 4262 2430 4317 τοῦ
2466 4261 2680 4316 πάντων
2726 4264 2759 4332 ἡ
2770 4261 2885 4331 μῶν
2936 4261 3189 4333 Σωτῆρος
3245 4260 3417 4331 Ἰησοῦ
3465 4260 3701 4332 Χριστοῦ
3735 4278 3836 4330 μυ·

2340 4356 2577 4427 στήριον·
2602 4353 2722 4407 ὅθεν
2746 4353 2898 4423 οἶμαι
2931 4354 3023 4406 καὶ
3069 4353 3466 4425 στηλογραφίαν
3522 4350 3835 4423 ὠνομάσθαι

2336 4446 2435 4515 τὴν
2464 4444 2624 4515 ᾠδὴν,
2679 4443 2965 4506 ἀναθέντος
3016 4443 3183 4515 αὐτὴν
3232 4442 3326 4496 τοῦ
3372 4445 3647 4514 προφήτου
3676 4440 3836 4496 Anule!

2342 4537 2530 4608 ὥσπερ
2562 4539 2618 4589 ὲν
2646 4537 2812 4610 στήλῃ
2838 4540 2951 4602 τοῖς
2996 4539 3111 4609 μετ’
3138 4537 3319 4591 αὐτόν.
3355 4538 3604 4608 ’ᾼδονται
3623 4536 3678 4590 δὲ
3703 4538 3751 4590 οί
3777 4538 3835 4589 ὲν

2338 4629 2487 4699 αύτῷ
2515 4630 2660 4698 λόγοι
2686 4630 2760 4693 ὡς
2782 4632 2845 4683 ὲκ
2890 4630 3181 4701 προσώπου
3212 4630 3307 4684 τοῦ
3339 4629 3599 4702 Χριστοῦ.
3654 4630 3835 4693 Οὕτως

2341 4721 2449 4791 γὰρ
2470 4723 2615 4791 ἡμᾶς
2640 4726 2668 4775 ό
2690 4721 2893 4792 Πέτρος
2933 4720 3135 4787 ἐδίδαξε
3187 4725 3420 4793 φρονεῖν.

2345 4990 2625 5052 Φύλαξόν
2665 5006 2759 5058 με,
2800 4991 2995 5057 Κύριε,
3045 4990 3133 5043 ὅτι
3185 4990 3283 5043 ἐπί
3330 4990 3428 5044 σοι
3478 4988 3731 5056 ἤλπισα.
3764 4989 3836 5046 Τδ

2275 5083 2449 5135 κοινὸν
2472 5082 2657 5153 ὥσπερ
2707 5083 2993 5152 πρόσωπον
3033 5087 3129 5155 τῆς
3181 5084 3593 5155 ἀνθρωπότητος
3643 5082 3833 5137 ἀναλα-

2277 5172 2387 5226 ϐὼν
2413 5176 2537 5237 τοὺς
2572 5176 2705 5245 πρὸς
2752 5174 2881 5229 Θεὸν
2929 5177 3021 5228 καὶ
3070 5177 3287 5248 Πατέρα
3338 5179 3568 5229 ποιεῖται
3628 5176 3830 5245 λόγους·

2276 5268 2372 5335 ούχ
2404 5266 2541 5337 ὑπὲρ
2579 5284 2641 5334 γε
2700 5267 2897 5337 μᾶλλον
2926 5269 3139 5335 ἑαυτοῦ,
3178 5268 3243 5321 δι’
3274 5269 3421 5338 ἡμᾶς
3466 5268 3525 5322 δὲ
3577 5270 3669 5322 καὶ
3701 5267 3833 5337 ὑπὲρ

2275 5355 2432 5426 ἡμῶν
2453 5357 2526 5419 ὡς
2559 5350 2638 5419 εἷς
2666 5357 2724 5421 ἐξ
2754 5358 2908 5427 ἡμῶν
2944 5359 3031 5411 διὰ
3051 5361 3149 5429 τὴν
3168 5359 3495 5429 οἰκονομίαν.
3525 5359 3730 5429 Κύριον
3748 5354 3834 5412 οὖν

2276 5447 2525 5518 ὀνομάζει
2559 5450 2649 5501 τὸν
2682 5450 2897 5521 Πατέρα
2928 5450 3015 5503 διὰ
3068 5450 3129 5503 τὸ
3155 5452 3213 5503 ὲν
3240 5454 3303 5521 τῇ
3358 5450 3449 5503 τοῦ
3484 5451 3667 5504 δούλου
3691 5452 3833 5518 γενι-

2280 5538 2401 5592 σθαι
2468 5544 2669 5611 μορφῇ.
2703 5541 3039 5611 Φυλαχθῆναι
3087 5541 3141 5595 δὲ
3203 5544 3364 5595 αὑτὸν
3420 5546 3559 5596 αίτεῐ
3614 5544 3700 5597 διὰ
3741 5544 3833 5617 τὴν

2291 5634 2687 5705 Ἐκκλτησίαιαῆ
2737 5637 2881 5689 ἐστιν
2929 5635 3126 5707 ὴσὰρξ
3185 5635 3368 5690 αὐτοῦ.
3423 5638 3485 5690 'ﬂ
3541 5636 3676 5708 σὰρξ
3732 5638 3832 5706 γὰρ
