4032 6436
156 367 256 427 101

1294 356 1655 414 EXPOSITIO
1692 357 1758 412 IN
1795 356 2125 414 ΡδΑιιωιι
2159 358 2275 415 XV.

3296 363 3401 419 102

154 485 328 541 αὐτοῦ
383 487 417 557 ἡ
461 483 772 553 Ἐκκλησία·
824 480 1158 552 φυλαχθῆναι
1214 480 1270 533 δὲ
1316 480 1521 549 ταύτην
1572 480 1728 533 αἰτεῖ.

1838 479 1951 541 sia,
1997 494 2161 547 quam
2212 476 2525 533 conservari
2572 476 2831 545 postulat.
2877 475 3009 543 Qua
3058 481 3400 533 conservatio

155 579 403 641 Είκότως
435 572 527 630 οὖν
573 577 666 630 καὶ
714 576 793 638 είς
824 575 883 627 τὸ
914 572 1077 627 αὑτοῦ
1109 572 1398 644 πρόσωπον
1422 571 1733 642 άναφέροιτ⁸

154 671 220 722 ἂν
246 672 296 740 ,ἡ
329 669 565 739 φυλακή.

224 758 390 816 Eheu
417 759 498 824 τῷ
531 759 744 826 Κυρίῳ,
765 758 909 823 Θεός
930 774 1050 826 μου
1068 752 1123 811 εἶ
1140 757 1241 811 σύ.
1274 754 1440 810 Πάλιν
1460 755 1553 807 καὶ
1580 753 1735 807 τοῦτο

156 852 488 923 προτρέπων
513 851 588 917 (Ι)
620 852 685 920 τῇ
710 848 803 902 τοῦ
836 848 1021 902 δούλου
1078 850 1280 920 μορφῇ’
1339 846 1489 917 δηλοῖ
1530 846 1585 898 δὲ
1618 845 1736 916 ἅμα

157 948 254 1001 καὶ
281 946 383 1015 τὴν
413 946 470 996 ὲν
513 943 692 995 πίστει
748 942 815 994 δι’
852 940 1139 1011 ὁμολογίας
1191 938 1554 1009 δικαιοσύνην.
1616 939 1735 989 Ὅτι

156 1037 282 1090 τῶν
308 1034 545 1106 ἀγαθῶν
584 1052 701 1103 μου
742 1036 812 1087 οὐ
857 1034 1063 1101 χρείαν
1088 1032 1268 1101 ἔχεις.
1316 1030 1548 1099 ’Δγαθάς
1573 1046 1735 1099 φησιν

156 1132 216 1181 έν
265 1128 475 1189 τούτοις
503 1127 603 1189 τὰς
626 1126 765 1179 κατὰ
813 1126 974 1195 νόμον
1030 1124 1472 1196 προσφερομένας
1523 1124 1731 1187 Θυσίας·

154 1222 221 1273 τὸ
254 1220 365 1290 γὰρ
393 1219 491 1289 τῆς
523 1217 760 1281 πίστεως
800 1217 958 1286 ,ῥῆμα
1003 1217 1179 1269 έκεῖνο
1228 1218 1460 1287 άναιρεί·
1496 1215 1591 1282 Μὴ
1625 1214 1735 1283 φά-

155 1327 335 1379 τιομαι
362 1310 490 1380 γὰρ,
524 1310 707 1379 φησιν,
733 1308 875 1375 κρέα
922 1308 1173 1375 ταύρων,
1211 1308 1309 1361 καὶ
1335 1302 1481 1376 αἷμα
1506 1306 1735 1375 τράγων

156 1405 368 1471 πίομαι
390 1418 407 1465 ;

240 1496 372 1561 Τοῖς
394 1494 583 1561 ἁγίοις
607 1493 731 1560 τοῖς
769 1494 838 1547 ἐν
861 1492 935 1562 τῇ
952 1492 1029 1562 γῆ
1067 1493 1252 1547 αὐτοῦ
1272 1491 1735 1562 ἐθαυμάστωσεν

156 1591 192 1641 ὀ
231 1584 448 1653 Κύριός
471 1583 663 1638 πάντα
715 1584 788 1638 τὰ
837 1584 1138 1653 θελήματα
1182 1584 1367 1638 αὐτοῦ
1416 1585 1485 1636 ἐν
1508 1583 1729 1649 αὐτοῖς.

166 1679 388 1745 Ἀγίους
409 1675 547 1730 εἶναί
588 1693 720 1746 φησι
766 1678 893 1740 τοὺς
939 1677 1305 1747 ἡγιασμένους
1344 1677 1401 1729 ὲν
1436 1676 1731 1746 Πνεύματι·

153 1766 401 1839 Χριστοῦ
424 1767 480 1819 δὲ
506 1768 606 1837 γῆν
629 1767 724 1837 τὴν
740 1766 1080 1838 Ἐκκλησίαν·
1109 1768 1169 1819 τὸ
1191 1767 1245 1820 δὲ
1269 1766 1733 1835 ἐθαυμάστωσεν

153 1860 281 1911 ἀντὶ
316 1858 435 1922 τοῦ,
465 1858 732 1922 ἐδίδαξεν·
763 1858 824 1911 τὸ
856 1859 933 1922 δὲ,
996 1859 1201 1923 αὑτοῦ,
1252 1858 1346 1912 τοῦ
1400 1859 1629 1930 Πατρός·
1667 1859 1731 1912 ἵν’

152 1948 188 2025 ᾖ
226 1952 289 2004 τὸ
319 1952 438 2005 ὅλον
471 1952 659 2014 οὕτως·
690 1950 813 2013 Τοῖς
836 1952 1187 2023 ἡγιασμένοις
1207 1954 1264 2004 ὲν
1291 1951 1464 2004 πίστει
1498 1951 1734 2019 γνωστὸν

152 2044 386 2112 ἐποίησε
416 2043 476 2095 τὸ
499 2043 708 2113 θέλημα
738 2042 832 2095 τοῦ
867 2043 1095 2114 Πατρός·
1124 2043 1204 2097 διὸ
1230 2044 1322 2096 καὶ
1359 2042 1598 2097 καλεῖται
1637 2045 1734 2115 τῆς

156 2136 406 2204 μεγάλης
441 2135 632 2203 βουλῆς
655 2134 901 2202 ἄγγελος.

228 2226 248 2299 [
275 2227 404 2292 Τοῖς
423 2213 665 2297 ἁγῖαθοῖς
687 2229 758 2280 ἐν
789 2227 863 2295 τῇ
908 2227 988 2297 τῇ
1015 2227 1476 2297 ἐθαυμάστωσεν
1504 2231 1537 2281 ό
1569 2229 1731 2293 Θεός.

152 2318 282 2381 Τοῖς
307 2318 659 2388 ἡγιασμένοις
688 2321 745 2371 ὲν
775 2320 954 2371 πίστει
992 2319 1228 2387 γνωστὸν
1275 2319 1495 2388 ἐποίησε
1533 2319 1593 2370 τὸ
1650 2317 1735 2372 θέ-

151 2410 309 2479 λημα
365 2409 460 2461 τοῦ
510 2409 741 2480 Πατρός,
798 2411 869 2462 ἐν
909 2410 1275 2476 αὐτοῖς,τοῖς
1304 2411 1361 2462 ὲν
1416 2413 1480 2481 τῇ
1515 2412 1585 2480 γῇ
1639 2408 1734 2463 τοῦ

150 2502 315 2564 Θεοῦ,
347 2503 464 2572 ἦτοι
487 2504 554 2571 τῇ
597 2501 910 2572 Ἐκκλησία·
934 2504 967 2573 ἡ
988 2519 1149 2555 τινων
1170 2502 1277 2554 τῶν
1300 2505 1357 2555 ἐν
1386 2506 1451 2573 τῇ
1478 2503 1609 2574 άγίᾳ
1639 2505 1732 2574 γῇ,

149 2596 184 2664 ἢ
220 2597 323 2651 ὅτι.
355 2597 413 2646 ὲν
441 2594 654 2665 οὐρανῷ
688 2596 736 2647 οἱ
768 2594 911 2663 ἆγιοι
964 2596 1026 2648 τὸ
1064 2596 1365 2663 πολίτευμα
1392 2596 1627 2665 ἔχοντες,
1675 2596 1735 2648 ὲν

148 2688 219 2755 τῇ
250 2687 321 2755 γῇ
350 2684 515 2737 αὐτοῦ
552 2683 902 2755 διατρίϐουσι,
933 2684 1033 2739 κᾶν
1062 2687 1117 2739 ὲν
1162 2685 1334 2758 ταύτῃ
1382 2679 1514 2737 ὦσιν
1558 2684 1636 2736 ετι
1666 2686 1731 2755 τῇ

150 2779 247 2847 τῇ.
308 2775 624 2845 Θελήματα
667 2776 723 2828 δὲ
758 2774 894 2828 Θεοῦ
932 2778 987 2828 at
1049 2778 1170 2829 κατ’
1205 2773 1341 2838 εἶδος
1408 2775 1620 2846 ἀρεταὶ,
1668 2774 1733 2837 ἃς

150 2866 466 2935 θαυμαστοῖ
495 2868 523 2917 ό
578 2864 708 2929 Θεὸς
765 2866 823 2916 ἐν
853 2867 963 2926 τοῖς
1012 2864 1189 2933 ἁγίοις
1236 2863 1423 2927 αὐτοῦ,
1482 2864 1641 2917 πλέον
1682 2882 1734 2918 τι

148 2959 360 3012 τούτων
408 2958 639 3027 ἐχόντων
696 2955 805 3009 τῶν
858 2956 1031 3010 ἄλλων
1061 2955 1363 3028 ἀνθρώπων
1403 2957 1460 3010 ἐν
1502 2956 1581 3027 τῷ
1613 2956 1734 3009 κατ’

147 3051 358 3121 ἀρετὴν
397 3051 657 3120 ἐνεργεῖν.
689 3051 764 3103 Οὺ
796 3050 900 3120 γὰρ
957 3052 990 3120 ἡ
1021 3048 1157 3119 αὐτὴ
1184 3048 1404 3119 ἀνδρεία
1424 3048 1733 3102 ἀποστόλων

148 3142 246 3194 καὶ
276 3140 575 3213 μαρτύρων
602 3144 667 3211 τῇ
708 3140 816 3193 τῶν
865 3140 1038 3203 άλλως
1088 3139 1507 3210 ἀνδριζομένων,
1537 3139 1654 3192 οὐδὲ
1693 3143 1727 3210 ἡ
1757 3168 1798 3224 C

151 3233 483 3304 σωφροσύνη
526 3234 720 3302 Ἰωσὴφ
751 3233 888 3285 κατὰ
934 3232 1032 3294 τὰς
1065 3231 1286 3300 ἑτέρων.
1332 3230 1516 3294 Οὕτως
1544 3232 1600 3284 δέ
1644 3249 1728 3295 τις

148 3323 569 3394 θαυμαστωθεὶς
622 3323 933 3375 αἰσθάνεται
971 3323 1069 3393 τῆς
1120 3322 1253 3385 ιδίας
1312 3322 1612 3387 ἀσθενείας,
1653 3324 1728 3387 ὠς

148 3417 291 3468 πολὺ
312 3415 411 3485 τῆς
440 3414 587 3478 θείας
617 3414 795 3485 ἰσχύος
825 3416 919 3467 καὶ¹
958 3414 1051 3467 τοῦ
1095 3414 1358 3486 μεγέθους
1398 3414 1731 3486 άπολιπόμε-

151 3527 259 3572 νος.
300 3510 470 3563 Ὅταν
502 3508 609 3579 γὰρ
658 3507 1029 3577 πληθυνθῶσιν
1083 3509 1140 3560 αί
1185 3507 1458 3561 ἀσθένειαι
1503 3508 1611 3561 τῶν
1654 3509 1729 3561 δι-

148 3602 348 3665 καίων,
374 3599 663 3670 ταχύνουσι
693 3598 827 3668 πρὸς
852 3600 943 3650 τὸν
967 3597 1099 3651 Θεὸν
1124 3596 1552 3669 μετανοοῦντες]

233 3778 747 3847 Ἔπληθύνθησαν
775 3781 835 3831 αὶ
866 3778 1167 3833 ἀσθένειαι
1198 3777 1419 3833 αὐτῶν·
1452 3778 1541 3831 ὅτε
1576 3776 1730 3830 εἰδω-

147 3871 468 3941 λολάτρουν.
503 3872 666 3923 Μετὰ
688 3868 873 3922 ταῦτα
922 3869 1244 3937 ἐτάχυναν.
1291 3868 1411 3922 Κᾶν
1444 3869 1725 3939 ἠσθένουν,

148 3964 313 4035 φησὶ,
376 3960 437 4013 τὸ
490 3960 755 4032 πρότερον
800 3960 857 4011 ἐν
888 3958 1186 4029 ἁμαρτίαις
1235 3959 1405 4025 ὄντες,
1462 3958 1577 4012 ἀλλ’
1634 3955 1727 4015 οὖν

148 4054 488 4115 ἀκούσαντες
540 4052 635 4105 τοῦ
698 4051 1089 4123 κηρύγματος,
1141 4052 1330 4115 ὠκέως
1386 4051 1722 4123 ὑπήκουσαν.

148 4151 324 4205 Τοῦτο
345 4149 455 4220 γάρ
487 4150 604 4201 ἐστι
631 4148 709 4201 1:6-
738 4146 1067 4217 Ἐτάχυναν
1089 4147 1242 4216 μετὰ
1258 4146 1462 4212 ταῦτα,
1485 4147 1726 4218 δηλονότι

147 4246 230 4307 είς
258 4244 322 4295 τὸ
357 4240 662 4295 ὑπακοῦσαι
708 4239 784 4311 τῷ
829 4241 1161 4311 κηρύγματι.
1218 4241 1300 4293 Οὐ
1345 4238 1431 4308 μὴ
1485 4238 1727 4307 συνάγω

147 4340 258 4402 τὰς
292 4335 645 4403 συναγωγὰς
670 4332 867 4387 αὐτῶν
889 4334 958 4397 ἐξ
978 4331 1255 4401 αἱμάτων.
1271 4332 1543 4400 Συνάγων,
1570 4332 1723 4401 φησὶ,

148 4426 475 4494 συναγωγὰς
527 4428 590 4477 ὲκ
658 4423 765 4477 τῶν
811 4422 1000 4487 έθνῶν,
1056 4423 1116 4475 οὐ
1171 4422 1236 4475 δι’
1268 4422 1513 4493 αἱμάτων
1557 4422 1724 4484 αὑτὰς

1840 569 1957 623 ideo
1987 568 2109 639 jure
2136 584 2199 623 ac
2230 568 2425 623 merito
2459 567 2525 622 ad
2555 567 2676 637 ejus
2707 582 2995 638 personam
3030 567 3319 623 referatur.

1904 746 1958 799 2.
2021 744 2147 799 Dixi
2195 745 2440 809 Domino,
2486 744 2630 799 Deus
2672 761 2815 800 meus
2849 762 2902 799 es
2930 754 3005 799 tu.
3042 745 3279 801 Rursum
3315 746 3399 800 hic

1839 836 2140 891 secundum
2184 835 2326 890 servi
2361 835 2593 890 formam
2618 835 2870 890 obsecrat
2900 854 2912 889 ε
2941 836 3268 905 exhibetque
3296 852 3399 890 una

1832 926 2100 996 justitiam
2133 942 2255 996 quae
2304 928 2355 980 in
2389 928 2492 981 lide
2526 942 2623 996 per
2652 926 3057 982 confessionem
3091 936 3400 995 praestatur.

1838 1017 2096 1082 Quoniam
2116 1016 2367 1070 bonorum
2382 1034 2611 1071 meorum
2624 1034 2725 1071 non
2742 1034 2877 1088 eges.
2895 1016 3053 1073 Hisce
3068 1020 3245 1073 verbis
3259 1019 3403 1073 bona

1836 1106 1911 1160 ait
1933 1121 2053 1161 esse
2094 1105 2359 1161 sacriﬁcia
2386 1108 2541 1176 juxta
2583 1107 2753 1176 legem
2781 1106 2961 1161 oblata
2994 1122 3149 1176 :quaz
3177 1109 3404 1163 verbum

1837 1195 1961 1249 fidei
1998 1196 2262 1250 eliminat.
2312 1196 2566 1267 Nunquid
2613 1197 2941 1251 manducabo
2990 1199 3150 1263 enim,
3204 1199 3403 1270 inquit,

1835 1304 2022 1342 carnes
2048 1297 2320 1341 taurorum
2341 1328 2357 1353 ,
2399 1299 2448 1342 et
2482 1292 2791 1359 sanguinem
2818 1290 3083 1344 hircorum
3107 1291 3296 1359 potabo
3323 1290 3407 1344 *ιι

1904 1493 1955 1547 3.
1990 1491 2200 1547 Sanctis
2232 1495 2322 1563 qui
2345 1503 2467 1547 sunt
2506 1495 2558 1547 in
2587 1504 2729 1548 terra
2754 1493 2868 1564 ejus
2896 1494 3199 1564 miriﬁcauit
3229 1512 3406 1550 omnes

1833 1585 2124 1638 voluntates
2159 1586 2272 1654 ejus
2302 1586 2357 1639 in
2384 1586 2480 1640 eis.
2527 1584 2759 1643 Sanctos
2798 1588 2875 1642 ait
2902 1603 2998 1642 eos
3028 1587 3119 1657 qui
3164 1586 3407 1643 sanctifi-

1834 1678 1940 1730 cati
1967 1686 2093 1732 sunt
2116 1678 2169 1732 in
2198 1676 2440 1747 Spiritu:
2477 1678 2680 1735 Chri‘sti
2714 1689 2917 1735 terram
2938 1720 2954 1743 ,
2990 1680 3291 1736 Ecelesiam
3323 1680 3406 1735 di-

1833 1770 1905 1822 cit
1934 1788 1945 1822 :
1978 1770 2131 1838 illud,
2182 1769 2522 1838 miriﬁcavit,
2556 1785 2656 1839 pro
2683 1768 2891 1837 docuit,
2924 1770 3110 1840 jacet:
3141 1771 3273 1825 illud
3308 1786 3407 1826 au—

1838 1870 1967 1924 tem,
1997 1862 2134 1929 ejus,
2178 1862 2230 1916 id
2267 1871 2352 1916 est
2384 1860 2597 1927 Patris;
2630 1872 2690 1917 ut
2709 1871 2821 1917 tota
2854 1864 3119 1918 sententia
3148 1865 3228 1920 sic
3255 1864 3406 1919 intel-

1837 1954 2071 2021 ligatur:
2102 1953 2469 2008 Sanctilicatis
2496 1944 2561 2007 in'
2581 1953 2684 2009 fide
2718 1964 2903 2024 notam
2947 1953 3076 2010 fecit
3104 1954 3283 2011 Patris
3311 1970 3405 2011 vo-

1834 2045 2100 2100 luntatem
2130 2064 2144 2100 :
2181 2062 2350 2117 quare
2377 2058 2603 2102 vocatur
2634 2048 2818 2118 magni
2846 2048 3315 2119 consiliiAngelus
3331 2049 3401 2102 ’⁸.

1908 2222 2145 2296 [Sanctis
2168 2224 2222 2277 in
2248 2231 2387 2277 terra
2420 2222 2723 2291 miriﬁcavit
2751 2220 2910 2276 Deus.
2947 2220 3313 2277 Sanctiﬁcatis
3344 2223 3401 2277 in

1834 2316 1938 2371 lide
1971 2325 2154 2370 notam
2192 2315 2321 2371 fecit
2348 2316 2682 2370 voluntatem
2720 2314 2901 2371 Patris
2927 2357 2942 2381 ,
2982 2315 3036 2368 in
3067 2316 3142 2368 eis
3175 2315 3403 2381 scilicet,

1835 2411 1928 2479 qui
1960 2410 2013 2464 in
2049 2420 2190 2463 terra
2222 2408 2336 2474 Dei,
2364 2408 2477 2462 sive
2502 2410 2554 2461 in
2576 2406 2819 2463 Ecclesia
2841 2416 3027 2471 erant;
3071 2416 3186 2473 aut,
3212 2407 3405 2478 aliqui-

1835 2502 1937 2557 bus
1969 2502 2025 2556 in
2062 2509 2204 2555 terra
2238 2509 2425 2555 sancta
2455 2498 2831 2565 versantibus;
2866 2506 2962 2553 aut
2988 2498 3119 2568 quia
3149 2501 3324 2554 sancti
3350 2501 3404 2554 in

1836 2594 1975 2649 cwlo
2001 2592 2474 2647 conversationem
2513 2589 2778 2644 habentes
2796 2588 2865 2654 ",
2900 2589 2954 2642 in
2988 2598 3132 2643 terra
3163 2588 3284 2657 ejus
3311 2587 3406 2643 de-

1835 2693 1969 2755 gunt
1990 2726 2004 2749 ,
2036 2684 2139 2738 etsi
2169 2684 2349 2738 adhuc
2377 2684 2431 2736 in
2476 2683 2578 2736 hac
2605 2690 2750 2735 terra
2780 2690 3089 2735 versentur.
3156 2679 3408 2735 Volunta-

1837 2783 1911 2827 tes
1953 2782 2134 2829 autem
2168 2772 2262 2827 Dei
2308 2782 2436 2827 sunt
2479 2773 2712 2825 virtutes
2763 2770 3141 2841 cujuscunque
3181 2772 3406 2841 speciei,

1834 2882 1970 2936 quas
2000 2866 2253 2921 mirificat
2282 2864 2424 2921 Deus
2454 2864 2508 2919 in
2538 2865 2741 2920 sanctis
2763 2864 2903 2925 suis,
2935 2864 3050 2933 qui,
3089 2863 3213 2932 plus
3238 2875 3404 2933 quam

1835 2958 1929 3012 alii
1962 2958 2248 3022 homines,
2300 2958 2354 3011 in
2397 2956 2697 3012 exercenda
2743 2956 2945 3010 virtute
2995 2954 3268 3011 facultatis
3309 2956 3407 3010 ha-

1833 3050 1978 3103 bent.
2031 3046 2149 3103 Non
2183 3050 2329 3103 enim
2367 3050 2553 3103 eadem
2597 3047 2861 3102 fortitudo
2916 3047 3291 3117 apostolorum
3349 3055 3404 3102 et

1834 3150 2131 3211 martyrum
2160 3149 2275 3206 est,
2314 3156 2378 3195 ac
2414 3140 2504 3193 illa
2534 3155 2640 3208 qua
2689 3139 2780 3193 alii
2827 3138 2935 3193 alio
2982 3140 3146 3193 modo
3178 3139 3407 3192 viriliter

1831 3242 2016 3302 agunt,
2051 3248 2224 3301 neque
2260 3231 2599 3287 continentia
2627 3229 2884 3299 Iosephi,
2926 3230 3162 3283 aliorum
3203 3230 3405 3286 similis

1827 3332 1932 3380 est.
1968 3326 2145 3391 Atque
2190 3325 2264 3378 ita
2303 3324 2573 3393 quispiam
2611 3320 2936 3377 mitificatus
2968 3322 3245 3391 propriam
3280 3338 3405 3377 sen-

1829 3417 1894 3472 tit
1941 3416 2349 3478 intlrmitatem,
2400 3425 2459 3469 ut
2487 3414 2686 3469 divina
2712 3414 2903 3469 virtuti
2941 3423 2996 3469 et
3040 3417 3403 3487 magnitudini

1828 3508 2126 3579 plurimum
2158 3506 2406 3562 inferior.
2438 3504 2577 3561 Cum
2608 3508 2755 3561 enim
2795 3508 3173 3576 multiplicata!
3198 3509 3404 3567 fuerint

1828 3598 2171 3651 inﬁrmitates
2197 3598 2496 3666 justorum,
2523 3598 2791 3652 accedunt
2816 3598 2895 3652 illi
2924 3597 2993 3652 ad
3020 3596 3193 3655 Deum
3220 3603 3399 3672 pinni-

1829 3691 1994 3745 tentia
2018 3687 2197 3761 moti.]

1894 3782 1945 3835 4.
1976 3780 2349 3850 Multiplicata:
2370 3790 2494 3835 sunt
2516 3781 2855 3852 inﬁrmitates
2879 3800 3082 3852 eorum,
3103 3803 3226 3843 cum
3254 3788 3399 3849 idola

1827 3874 2083 3929 colerent.
2119 3873 2315 3927 Postea
2344 3873 2787 3927 acceleraverunt.
2828 3874 3090 3943 Quamvis
3110 3919 3125 3944 ,
3155 3882 3263 3945 ait,
3294 3898 3396 3938 an-

1827 3974 1908 4018 tea
1939 3951 2383 4025 inlirmarentur,
2442 3978 2566 4017 cum
2617 3963 2677 4017 in
2723 3968 2963 4033 pecc'atis
3008 3968 3306 4040 degerent,
3342 3982 3399 4028 at

1830 4054 2011 4109 audita
2043 4052 2456 4123 praedicatione,
2488 4055 2893 4123 quamprimum
2928 4056 3392 4128 obtemperarunt.

1826 4143 1963 4198 Nam
1994 4143 2046 4198 id
2071 4145 2172 4199 sibi
2198 4145 2311 4197 vult
2335 4142 2464 4196 illud
2499 4160 2511 4195 :
2546 4141 2740 4195 Postea
2758 4144 3210 4213 acceleraverunt,
3246 4150 3395 4206 vide-

1826 4236 1952 4291 licet
1980 4236 2197 4305 quando
2231 4232 2599 4303 prmdicationi
2630 4242 2757 4287 sunt
2785 4235 3058 4290 obsecuti.
3107 4236 3231 4292 Non
3267 4257 3395 4295 con-

1825 4327 2047 4399 gregabo
2072 4325 2421 4381 conventicula
2445 4341 2624 4378 eorum
2642 4326 2704 4378 de
2730 4327 3098 4397 sanguinibus.
3125 4327 3226 4384 Ubi
3261 4347 3393 4387 c0n-

1827 4418 2083 4486 gregabo,
2124 4416 2329 4484 inquit,
2380 4414 2695 4485 Synagogas
2725 4430 2791 4469 ex
2824 4417 3109 4485 gentibus,
3152 4434 3259 4472 non
3296 4437 3394 4490 per

148 4519 386 4583 συνάξω,
414 4516 689 4570 τουτέστιν
715 4516 774 4568 ού
805 4515 1211 4585 παρασκευάσω
1240 4515 1326 4567 διὰ.
1366 4514 1463 4585 τῆς
1491 4515 1721 4585 νομικῆς

1829 4509 2144 4577 sanguinem
2183 4520 2279 4561 eas
2311 4505 2684 4575 congregabo,
2735 4505 2786 4559 id
2818 4516 2922 4571 est,
2955 4522 3061 4561 non
3094 4509 3300 4565 curabo
3335 4522 3395 4567 ut

150 4629 243 4681 μοι
273 4608 671 4681 προσέρχεσθαι
721 4608 995 4678 λατρείας,
1043 4607 1111 4659 δι’
1141 4608 1407 4669 αἰνέσεως
1438 4606 1495 4659 δὲ
1525 4607 1722 4676 μᾶλλον

147 4704 243 4755 καὶ
278 4704 377 4771 τῆς
407 4698 741 4769 ἀναιμάκτου
766 4698 973 4763 θυσίας.
1032 4697 1183 4751 Οὐδὲ
1205 4698 1290 4766 μὴ
1331 4697 1581 4767 μνησθῶ
1607 4696 1724 4750 τῶν

146 4791 460 4862 ὀνομάτων
501 4790 698 4845 αὐτῶν
755 4789 852 4844 διὰ
903 4790 1151 4860 χειλέων
1206 4809 1340 4859 μου.
1369 4790 1564 4843 Οὐκέτι
1594 4790 1723 4860 κλη-

147 4885 429 4957 θήσονται,
450 4886 634 4954 φησὶν,
651 4882 1029 4953 εἰδωλολάτραι
1062 4883 1155 4935 καί¹
1178 4881 1346 4948 ἄθεοι,
1369 4882 1504 4935 ἀλλὰ
1535 4882 1721 4952 κλητοὶ

147 4978 240 5031 καὶ
269 4976 537 5030 ἐκλεκτοί.
568 4975 742 5028 Πάλαι
770 4975 887 5044 μὲν,
937 4974 1121 5045 φησὶν,
1174 4973 1402 5040 έπαξίας
1438 4973 1547 5025 τῶν
1576 4973 1719 5044 πρά-

148 5074 281 5138 ξεων
310 5072 579 5141 ἐπήγοντο
618 5070 1005 5141 προσηγορίας,
1033 5066 1430 5139 εἰδωλολάτραι,
1463 5067 1713 5121 πολύθεοι

144 5163 554 5235 ὀνομαζόμενοι*
587 5160 681 5213 νῦν
706 5160 764 5213 δὲ
783 5160 964 5213 οὐκέτι
991 5158 1369 5230 μνησθήσομαι
1395 5158 1501 5211 τῶν
1522 5158 1719 5230 ὀνομά-

144 5275 250 5310 των
274 5255 521 5315 ὲκείνων,
554 5252 793 5315 ιὺπσεῖς
842 5253 1038 5315 αὐτοὺς
1094 5252 1187 5304 καὶ
1247 5251 1433 5320 άγίους
1485 5252 1716 5313 κλητοὺς

145 5350 236 5403 καὶ
265 5346 555 5407 ἐκλεκτοὺς
579 5343 877 5415 ὀνομάζων.

184 5461 230 5493 ’⁸
260 5459 408 5514 Psal.
429 5473 576 5518 xux.
606 5458 689 5512 l3.
769 5455 1029 5517 "lsa.lx,
1058 5455 1110 5508 6.
1162 5455 1208 5486 "
1242 5452 1474 5522 Philipp.
1509 5470 1566 5507 ιιι
1588 5450 1710 5518 .20.

216 5576 294 5643 (Ι)
332 5574 390 5627 1η
428 5572 615 5627 codice
642 5568 1228 5643 Ambrosianolegitur
1250 5566 1355 5643 erat
1389 5565 1545 5643 τοῦτο
1572 5565 1713 5643 ’πρέ-

147 5636 287 5707 πων,
310 5654 366 5698 et
398 5645 514 5698 hac
538 5650 622 5696 est
648 5656 773 5694 vera
806 5640 965 5694 lectio
997 5640 1126 5692 dum
1158 5638 1384 5706 πρέπων
1409 5636 1710 5707 substitua-

146 5705 412 5769 tur.')lox
460 5727 561 5779 pro
596 5710 940 5779 δικαιοσύνην
984 5705 1705 5779 Λιιιὺτςίιξιδειδικαίωσιν.

146 5784 425 5849 Totusque
456 5776 610 5837 locus
635 5776 935 5838 secundum
966 5780 1107 5834 hanc
1156 5776 1442 5833 lectionem
1476 5777 1547 5829 ita
1584 5790 1704 5829 vcr-

1822 4611 1917 4666 per
1947 4595 2169 4665 legalem
2205 4595 2409 4649 cultum
2447 4608 2531 4646 me
2564 4593 2795 4657 adeant,
2852 4610 3039 4650 verum
3074 4598 3258 4667 potius
3297 4616 3393 4670 per

1824 4688 2007 4742 laudes
2038 4694 2093 4740 et
2138 4702 2233 4755 per
2265 4685 2608 4739 incruentum
2641 4686 2992 4741 sacritleium.
3048 4687 3161 4743 Nec
3194 4708 3392 4748 memor

1820 4796 1909 4833 ero
1939 4779 2205 4831 nominum
2234 4792 2411 4830 eorum
2432 4792 2524 4845 per
2545 4778 2689 4830 labia
2717 4794 2851 4831 mea.
2889 4776 3006 4835 Non
3030 4781 3172 4836 ultra
3203 4785 3389 4855 appel-

1822 4872 2100 4937 labuntur,
2132 4870 2338 4939 inquit,
2374 4870 2669 4925 idololatra:
2699 4880 2753 4926 et
2788 4872 2933 4926 athei
2955 4912 2970 4936 ,
3005 4874 3099 4928 sed
3131 4878 3309 4932 vocati
3334 4888 3388 4935 et

1819 4964 1997 5019 electi.
2024 4961 2187 5026 Olim,
2219 4962 2543 5033 condignam
2574 4964 2741 5033 gestis
2770 4963 2887 5018 suis
2912 4966 3384 5024 nomenclaturam

1820 5058 1960 5111 nacti
1988 5065 2134 5122 sunt,
2160 5055 2457 5110 idololatrae
2488 5065 2541 5109 et
2565 5054 2824 5125 polythei,
2862 5055 2916 5111 id
2935 5065 3038 5124 est,
3066 5059 3270 5115 multos
3294 5076 3386 5116 co-

1818 5148 1991 5203 lentes
2018 5150 2172 5212 deos,
2199 5146 2516 5215 nuncupati.
2578 5144 2699 5201 Jam
2723 5162 2855 5201 vero
2883 5161 2993 5202 non
3022 5148 3254 5206 ulterius
3288 5168 3387 5207 no-

1817 5241 2025 5294 minum
2055 5254 2245 5294 eorum
2278 5238 2638 5304 recordabor,
2683 5238 2776 5293 sed
2803 5239 2945 5309 pios,
2996 5250 3237 5306 sanctos,
3286 5259 3383 5298 vo-

1816 5338 1990 5395 catos,
2024 5329 2225 5384 electos
2254 5327 2614 5397 compellabo.

1816 5564 2007 5618 tendus
2034 5582 2045 5616 :
2074 5562 2457 5648 ﬂurs‘stm,.hoc
2486 5566 2619 5620 servi
2660 5565 2885 5648 [arment
2916 5570 3059 5618 decet
3085 5565 3377 5648 ,‘exliiliet-

1811 5651 2041 5758 que-una
2059 5635 2497 5705 iustiﬁcationem
2515 5652 2632 5705 qua:
2661 5638 2713 5689 in
2746 5636 2850 5703 ﬁde
2875 5652 2966 5705 per
2994 5635 3373 5704 confessionem

1812 5722 1842 5759 ο
1901 5722 1984 5759 me
2012 5721 2095 5762 ur.
