4032 6444
610 411 714 466 105

1445 408 1504 463 6.
1549 405 1922 463 ATHANASII
1960 405 2110 462 OPP.
2149 402 2329 458 PARS
2369 402 2455 458 lll.
2491 433 2559 444 —
2591 399 3004 458 EXEGETICA.

3730 401 3835 457 104

683 527 1078 600 [Μαίιὶριξειιιιε
1101 538 1221 583 sunt
1247 530 1583 599 inﬁrmitates
1614 547 1815 587 eorum.
1855 531 1991 584 Cum
2015 529 2156 584 idola
2186 530 2210 588 Δ

2330 524 2874 598 [Ὲπληθύνθησαν
2930 524 2991 575 at
3051 519 3354 574 ἀσθένειαι
3404 514 3620 571 αὐτῶν.
3697 516 3834 568 Ὅτε

610 621 851 677 colerem
880 619 980 692 (2).
1008 621 1241 675 'Etiamsi
1268 637 1401 676 vero
1426 622 1870 692 multiplicemur,
1907 637 2012 675 non
2045 634 2166 689 per-

613 723 863 767 severant
894 730 906 766 :
950 728 1070 765 nam
1106 729 1279 782 usque
1306 713 1372 766 ad
1402 714 1632 782 primum
1674 727 1890 766 sensum
1923 721 1977 765 et
2003 726 2166 779 expe-

615 803 904 858 rimentum
947 804 1212 858 duntaxat
1243 813 1592 873 permanent;
1637 805 1765 873 quia
1803 803 1936 872 justi
1961 802 2168 855 viribus

613 894 793 947 valent
838 895 890 947 in
939 895 1158 948 Christo
1203 894 1565 949 confortante.
1633 897 1740 946 Aut
1793 893 1858 946 de
1908 890 2169 960 apostolis

612 999 774 1054 agere
799 983 1031 1049 videtur,
1073 1001 1285 1039 necnon
1319 985 1383 1038 de
1419 985 1484 1039 iis
1508 985 1600 1054 qui
1635 999 1833 1051 eorum.
1851 997 2015 1051 opera
2047 996 2169 1037 cre-

614 1077 902 1143 diderunt;
945 1078 998 1131 in
1034 1078 1233 1147 quibus
1263 1078 1557 1146 conspicua
1607 1076 1827 1130 fuerunt
1853 1074 2035 1128 divina
2067 1071 2170 1126 ini-

613 1170 819 1232 racula,
853 1178 1034 1240 utpote
1064 1171 1157 1240 qui
1191 1171 1374 1224 divina
1410 1170 1595 1225 omnia
1628 1176 1890 1240 praecepta
1919 1179 2172 1221 servave—

614 1260 743 1314 rint.
805 1260 1176 1329 Multiplicatw
1228 1273 1405 1315 autem
1447 1272 1567 1315 sunt
1613 1261 1949 1330 inﬁrmitates
1972 1272 2172 1319 eorum,

614 1361 727 1415 aut,
762 1361 818 1407 ut
840 1353 947 1406 alio
979 1353 1138 1407 modo
1178 1353 1402 1423 legitur,
1434 1352 1637 1405 labores
1660 1391 1674 1414 ,
1714 1350 1898 1405 multis
1925 1345 2174 1403 instanti-

616 1444 719 1498 bus
749 1444 982 1513 populis,
1013 1445 1323 1499 oratorihus
1345 1485 1360 1510 ,
1394 1443 1650 1506 ducibus,
1690 1442 1907 1511 regibus
1928 1481 1943 1505 ,
1976 1438 2177 1508 quibus

616 1537 884 1604 superatis
918 1536 1173 1589 omnibus
1194 1575 1208 1598 ,
1251 1551 1471 1589 cursum
1505 1533 1855 1589 confecerunt
1888 1551 1899 1586 :
1936 1531 2023 1586 vel
2053 1532 2178 1584 bre-

617 1625 754 1678 vitas
789 1633 843 1678 et
886 1624 1212 1692 temporaria
1241 1624 1479 1678 conditio
1514 1623 1927 1677 tribulationum
1952 1663 1966 1687 ,
2002 1618 2182 1673 inlini-

615 1727 730 1772 tum
765 1717 1020 1770 s.cculum
1065 1715 1354 1783 signiﬁcat.
1405 1714 1528 1768 Non
1567 1713 1888 1783 congregabo
1918 1709 2184 1764 conventi-

619 1807 758 1861 cula.
788 1806 1239 1860 Acceleraverunt
1265 1806 1331 1859 ad
1354 1805 1759 1874 obsequendum
1777 1799 2177 1872 praedicationi:

2263 613 2696 685 εἰδωλολάτρουν.
2722 615 2784 665 Ei
2810 614 2904 666 καὶ
2931 609 3307 680 πληθύνονται,
3337 607 3399 660 οὐ
3433 605 3832 678 παραμένουσι·

2269 705 2426 776 μέχρι
2445 705 2550 774 γὰρ
2582 704 2886 774 αἰσθήσεως
2907 703 3000 755 καὶ
3038 701 3193 772 μόνον
3223 694 3363 768 εἶχον
3393 695 3834 768 παραμενούσας,

2265 796 2352 850 διὰ
2383 796 2444 848 τὸ
2469 796 2673 867 ἰσχύειν
2722 794 2798 866 τῷ
2846 791 3226 861 ὲνόυναμοῦντι
3280 788 3518 860 Χριστῷ.
3583 788 3655 839 Ἦ
3706 787 3838 848 τοὺς

2267 887 2592 950 ἀποστόλους
2621 886 2764 939 ἔοικε
2812 885 3013 953 λέγειν,
3066 883 3161 935 καὶ
3203 881 3329 944 τοὺς
3381 881 3446 933 δι’
3480 879 3702 932 ἐκείνων
3738 894 3840 928 πε-

2269 977 2648 1039 πιστευκότας,
2695 978 2752 1028 ὲν
2797 970 2877 1039 οἷς
2931 976 3026 1028 καὶ
3079 971 3310 1042 διαφανῆ
3359 970 3548 1039 γέγονε
3601 969 3669 1022 τὰ
3717 968 3840 1021 θεῖα

2271 1065 2568 1136 θαυμάσια,
2596 1065 2671 1129 ὼς
2694 1066 2871 1119 πάντα
2895 1063 3308 1135 τετηρηκόσιτὰ
3339 1062 3457 1114 θεῖα
3490 1060 3843 1130 προστάγμαο

2271 1173 2359 1210 τα.
2403 1155 2841 1227 Ἐπληθύνθησαν
2887 1155 2944 1206 δὲ
2993 1155 3172 1207 αὐτῶν
3237 1155 3292 1206 αἱ
3325 1152 3620 1217 ἀσθένειαι,
3663 1151 3697 1221 ἢ
3765 1151 3844 1214 ὡς

2273 1248 2497 1318 ἑτέρως,
2553 1248 2624 1300 τὰ
2673 1245 3102 1316 διαπονήματα,
3153 1244 3362 1298 πολλῶν
3419 1244 3844 1297 ἐπαναστάντων

2272 1337 2477 1408 δήμων,
2501 1338 2848 1409 δημηγορῶν,
2903 1335 3244 1408 στρατηγῶν,
3273 1335 3556 1406 βασιλέων,
3596 1329 3670 1389 ὧν
3704 1334 3844 1387 πάν-

2274 1444 2381 1480 των
2412 1430 2842 1498 περιγενόμενοι,
2869 1430 2959 1481 τὸν
2989 1428 3186 1498 δρόμον
3213 1428 3486 1480 ἐτέλεσαν⁹
3519 1426 3550 1496 ἢ
3585 1427 3646 1479 τὸ
3669 1425 3845 1499 βραχὺ

2278 1519 2370 1570 καὶ
2400 1518 2731 1590 πρόσκαιρον
2792 1519 2899 1572 τῶν
2949 1517 3198 1586 θλίψεων,
3261 1517 3350 1569 τὸν
3402 1517 3626 1586 ἄπειρον
3673 1517 3849 1570 αἰῶνα

2278 1608 2565 1662 δείκνυσιν.
2600 1613 2682 1663 Οὐ
2734 1608 2819 1678 μὴ
2869 1607 3240 1677 συναγωγάς.
3308 1608 3594 1677 Ἐτάχυνον
3659 1609 3739 1670 είς
3786 1605 3849 1658 τὸ

2281 1701 2582 1754 ὑπακοῦσαι
2635 1702 2713 1772 τῷ
2751 1701 3081 1772 κηρύγματι’
3146 1700 3416 1771 καθαροὺς
3450 1695 3589 1753 εἶναι
3634 1698 3714 1751 δεῖ
3738 1698 3849 1751 ἀπὸ

2284 1792 2456 1861 φόνων
2494 1795 2587 1845 καὶ
2613 1792 2858 1863 αἱμάτων
2888 1793 3011 1856 τοὺς
3049 1792 3337 1860 μέλλοντας
3373 1789 3696 1858 συνάγεσθαι
3743 1787 3850 1841 ὑπὸ

619 1907 831 1966 oportet
851 1913 878 1950 a
900 1896 1139 1951 caedibus
1168 1905 1221 1950 et
1255 1897 1519 1966 sanguine
1543 1893 1773 1948 mundos
1813 1907 1934 1947 esse
1961 1906 2058 1946 eos
2089 1890 2180 1959 qui

2292 1884 2536 1956 Χριστοῦ.
2571 1861 2843 1952 Συνάγων,
2873 1885 3024 1954 φησι,
3077 1884 3394 1952 συναγωγὰς
3424 1885 3488 1936 ὲκ
3517 1881 3624 1934 τῶν
3654 1879 3847 1947 ἐθνῶν,

622 2006 653 2044 a
684 1990 900 2044 Christo
925 1988 1289 2059 congregandi
1328 1997 1475 2042 sunt.
1517 1986 1912 2042 Conventicula
1932 2026 1948 2051 ,
1977 1984 2177 2052 inquit,

623 2096 686 2136 ex
725 2080 973 2149 gentibus
995 2120 1008 2140 ,
1053 2095 1160 2132 non
1198 2095 1291 2149 per
1327 2079 1647 2147 sanguinem
1674 2085 1728 2131 et
1758 2077 1932 2132 caedes
1957 2089 2186 2145 congre—

625 2173 796 2243 gnbo,
847 2187 1022 2238 neque
1067 2172 1274 2224 curabo
1316 2182 1374 2223 ut
1423 2169 1579 2237 legali
1619 2169 1766 2223 cultu
1803 2166 2090 2223 accedatur
2119 2165 2187 2219 ad

627 2280 735 2330 nte,
771 2264 865 2318 sed
912 2265 1094 2332 potius
1146 2278 1269 2317 cum
1307 2262 1558 2315 laudibus
1601 2277 1664 2316 ac
1711 2276 1802 2331 per
1841 2261 2187 2315 incruentum

627 2355 1002 2426 sacriﬁcium]

702 2451 756 2505 5.
801 2449 1056 2502 Dominus
1090 2463 1212 2514 pars
1256 2445 1580 2500 hareditatis
1615 2459 1743 2498 mea:
1773 2451 1821 2496 et
1855 2440 2036 2494 salicis
2067 2439 2187 2506 mei,

626 2545 732 2593 etc.
762 2538 840 2592 Ac
883 2538 928 2592 si
975 2537 1213 2606 apertius
1241 2536 1481 2599 diceret,
1526 2533 1686 2588 Pater
1725 2547 1879 2586 meus
1908 2533 1960 2584 in
1991 2539 2189 2584 sortem

631 2630 765 2684 mihi
805 2639 857 2682 et
891 2630 1194 2698 portionem
1221 2635 1406 2696 gentes
1430 2625 1673 2688 donavit,
1715 2624 1803 2676 cui
1829 2620 2087 2675 obediens
2118 2618 2192 2672 lui

631 2734 806 2788 usque
824 2718 888 2771 ad
918 2726 1163 2771 mortem.
1198 2715 1348 2771 Calix
1377 2730 1608 2782 namque
1642 2721 1870 2766 mortem
1901 2710 2190 2778 signiﬁcat,

627 2808 782 2879 juxta
827 2807 953 2860 illud
982 2825 994 2860 :
1031 2805 1192 2860 Pater
1214 2844 1228 2868 ,
1263 2806 1308 2858 si
1348 2803 1596 2873 possibile
1625 2811 1736 2867 est,
1776 2807 2009 2854 transeat
2053 2813 2086 2849 a
2117 2812 2194 2849 me

630 2901 776 2956 calix
806 2901 903 2954 iste
922 2899 988 2952 ".

705 3071 987 3146 [Dominus
1009 3087 1130 3141 pars
1162 3069 1485 3123 ha’reditatis
1506 3083 1629 3122 mea
1651 3077 1699 3121 et
1723 3067 1906 3121 colicis
1928 3068 2046 3122 mei.
2080 3067 2198 3124 Ha-

2280 1976 2340 2028 οὑ
2373 1976 2439 2028 δι’
2471 1976 2716 2046 αἱμάτων
2771 1975 2940 2038 αὐτὰς
2988 1975 3219 2040 συνάξω,
3276 1975 3397 2027 οὐδὲ
3447 1973 3852 2045 παρασκευάσω

2280 2066 2367 2121 διὰ
2393 2067 2491 2137 τῆς
2509 2068 2736 2138 νομικῆς
2767 2084 2855 2136 μοι
2879 2066 3273 2138 προσέρχεσθαι
3302 2065 3574 2134 λατρείας,
3593 2064 3852 2128 αἰνέσεως

2281 2156 2338 2208 δὲ
2367 2156 2565 2225 μᾶλλον
2598 2157 2691 2208 καὶ
2720 2156 2818 2226 τῆς
2845 2157 3180 2226 ἅναιμάκτου
3216 2155 3452 2227 θυσίας.]

2357 2437 2566 2503 Κύριος
2577 2433 2743 2503 μερίς
2773 2432 2882 2501 τῆς
2912 2434 3314 2502 κληρονομίας
3329 2450 3449 2502 μου
3492 2432 3590 2485 καί
3620 2433 3725 2486 τοῦ
3749 2446 3858 2486 πο-

2287 2529 2490 2596 τηρίου
2505 2546 2641 2597 μου.
2666 2545 2719 2581 κ.
2741 2545 2790 2580 τ.
2813 2528 2861 2581 λ.
2879 2529 3022 2581 Ὠσεὶ
3037 2527 3574 2598 σαφέστερονξωεγεν·
3595 2527 3651 2580 Ὀ
3666 2527 3860 2597 Πατήρ

2293 2638 2392 2691 μου
2429 2623 2507 2683 εις
2536 2619 2735 2690 κλῆρόν
2776 2637 2864 2690 μοι
2915 2622 3008 2673 καὶ
3054 2619 3247 2691 μερίδα
3271 2619 3340 2672 τὰ
3379 2618 3504 2689 ἔθνη
3529 2617 3857 2690 δεδώρηται.

2288 2704 2332 2779 ᾧ
2358 2711 2449 2764 και¹
2474 2710 2670 2778 γέγονα
2697 2711 2933 2780 ὑπήκοος
2970 2709 3130 2779 μέχρι
3163 2707 3412 2761 θανάτου.
3453 2708 3525 2761 Τὸ
3556 2709 3663 2779 γὰρ
3692 2709 3863 2778 ποτή-

2295 2820 2406 2874 ριον
2435 2803 2525 2855 τὸν
2557 2802 2784 2856 θάνατον
2815 2801 3088 2870 σημαίνει,
3117 2800 3256 2854 κατὰ
3287 2798 3348 2852 τὸ
3405 2799 3709 2870 είρημένον·
3738 2798 3862 2852 Πά-

2293 2910 2410 2960 τερ,
2438 2896 2486 2946 εὶ
2513 2892 2792 2955 δυνατὸν,
2826 2891 3163 2960 παρελθέτω
3194 2891 3293 2944 ἀπ’
3312 2889 3457 2958 ἐμοῦ
3481 2890 3547 2943 τὸ
3576 2889 3864 2959 ποτήριον

2294 3001 2491 3037 τουτο.

2368 3076 2611 3148 [Κύριος
2654 3076 2822 3145 μερὶς
2853 3074 2963 3141 τῆς
3005 3073 3404 3143 κληρονομίας
3447 3089 3567 3143 μου
3610 3073 3708 3125 καὶ
3751 3071 3866 3125 τοῦ

636 3165 922 3219 reditatcm
951 3170 1107 3217 vocat
1134 3162 1369 3230 gentium
1412 3175 1656 3228 regnum.
1694 3157 1964 3225 Ecclesiae,
2001 3160 2194 3230 inquit,

2299 3169 2583 3236 ποτηρίου
2611 3184 2749 3236 μου.
2798 3165 3172 3237 κληρονομίαν
3223 3164 3377 3218 καλεῖ
3428 3165 3528 3234 τὴν
3566 3163 3671 3215 τῶν
3696 3162 3868 3217 ἐθνῶν

638 3271 794 3319 meae,
834 3271 953 3324 quae
973 3265 1057 3310 est
1095 3254 1376 3308 hereditas
1407 3267 1556 3318 mea,
1607 3253 1784 3321 portio
1819 3263 1902 3308 est
1934 3251 2195 3307 Dominus

635 3345 818 3410 Pater,
849 3348 1074 3416 ipseque
1121 3346 1304 3400 calicis
1328 3345 1434 3397 mei
1462 3358 1590 3411 pars
1613 3353 1731 3408 est,
1767 3343 1816 3396 id
1854 3351 1937 3398 est
1984 3343 2191 3398 mortis.

632 3437 877 3494 Ecclesia
904 3453 1032 3491 vero
1051 3436 1266 3490 Patrem
1297 3435 1611 3488 haereditate
1639 3435 1870 3503 accepit,
1904 3449 2028 3488 cum
2054 3450 2196 3504 prae-

641 3538 794 3598 cepta
825 3528 944 3598 ejus
970 3528 1225 3583 servavit.
1277 3525 1503 3597 Ipsaque
1533 3541 1681 3581 mors
1710 3541 1828 3582 mea
1862 3525 2079 3581 Patrem
2105 3527 2197 3582 ba-

638 3621 756 3675 buit
784 3623 837 3674 in
863 3621 1246 3681 haereditatem,
1271 3618 1728 3689 quemadmodum
1746 3619 1943 3675 dicitur
1966 3637 1980 3674 :
2008 3619 2193 3674 Heres

640 3711 761 3779 Dei,
801 3712 1025 3766 cohmres
1048 3712 1249 3766 Christi
1282 3710 1378 3782 ".]

711 3991 765 4046 6.
800 3990 972 4044 Funes
1000 3991 1292 4043 ceciderunt
1326 3991 1452 4044 mihi
1491 3991 1547 4044 in
1589 3992 1861 4061 prwctaris
1897 3992 2024 4046 meis
2065 4007 2083 4046 :
2121 4001 2201 4046 et-

643 4084 782 4139 enim
823 4081 1103 4134 hwreditas
1137 4095 1250 4132 mea
1274 4083 1535 4148 praeclara
1560 4090 1637 4134 est
1668 4079 2050 4136 mihi.Vincula
2075 4081 2204 4137 cha—

645 4174 822 4229 ritatis
853 4173 930 4226 ait
971 4187 1092 4241 qua:
1133 4171 1321 4224 habuit
1368 4186 1492 4237 erga
1531 4170 1859 4239 Ecclesiam',
1913 4187 2037 4243 qua
2065 4188 2206 4245 pra:-

646 4268 792 4320 clara
825 4273 931 4328 est,
961 4264 1216 4316 nimirum
1248 4262 1350 4330 ipsi
1386 4262 1606 4330 placita.

720 4442 772 4496 7.
805 4440 1116 4495 Beuedicam
1154 4437 1432 4491 Dominum
1476 4439 1565 4509 qui
1607 4439 1787 4493 tribuit
1816 4443 1944 4495 milli
1991 4443 2200 4497 intelle—

2302 3259 2592 3331 βασιλείαν.
2627 3259 2734 3312 Καὶ
2767 3259 2864 3329 τῆς
2905 3258 3043 3328 ἐμῆς
3085 3257 3432 3328 Ἐκκλησίας,
3464 3257 3584 3325 ἥτις
3636 3255 3784 3308 ἐστὶν
3828 3257 3865 3324 ἠ

2301 3352 2628 3425 κληρονομία
2663 3367 2784 3421 μου,
2829 3350 2984 3422 μερίς
3032 3351 3178 3402 ἐστιν
3227 3352 3254 3403 ὁ
3286 3348 3485 3421 Κύριος
3517 3349 3546 3402 ὁ
3597 3345 3807 3418 Πατὴρ,
3837 3350 3872 3400 ὁ

2302 3445 2460 3505 αὐτὸς
2493 3443 2548 3495 δὲ
2579 3441 2788 3494 καὶτοῦ
2820 3442 3078 3511 ποτηρίου
3113 3457 3212 3510 μου
3256 3439 3409 3510 μερίς
3458 3439 3594 3499 ἐστι,
3622 3440 3872 3490 τουτέστι

2302 3533 2397 3587 τοῦ
2454 3533 2701 3587 θανάτου.
2754 3531 2864 3584 Καὶ
2917 3532 2950 3602 ἡ
2988 3530 3279 3600 Ἐκκλησία
3328 3529 3726 3599 ἐκληρονόμησε
3777 3528 3874 3581 τὸν

2304 3626 2542 3697 Πατέρα,
2585 3622 2979 3694 κατορθώσασα
3012 3622 3111 3686 τὰς
3169 3621 3388 3674 ἐντολὰς
3436 3619 3631 3674 αὑτοῦ·
3658 3621 3749 3674 καὶ
3771 3621 3875 3674 αὖ·-

2303 3713 2394 3775 τὸς
2436 3713 2465 3763 ὁ
2517 3710 2745 3773 θάνατος
2793 3713 2821 3763 ὁ
2869 3710 2997 3780 ἐμὸς
3039 3710 3435 3779 ἐκληρονόμησε
3500 3710 3591 3762 τὸν
3651 3710 3878 3780 Πατέρα

2307 3800 2446 3854 κατὰ.
2471 3801 2560 3855 τὸν
2593 3801 2837 3870 λέγοντα·
2859 3802 3204 3870 Κληρονόμε
3221 3800 3388 3865 Θεοῦ,
3413 3803 3880 3874 συγκληρονόμς

2306 3890 2606 3964 Χριστοῦ.]

2376 3985 2619 4051 Σχοινία
2639 3981 2944 4037 ἐπέπεσάν
2960 3999 3062 4051 μοι
3107 3981 3176 4035 έν
3200 3982 3323 4049 τοῖς
3369 3985 3701 4052 κρατίστοις
3726 4003 3872 4054 μου·

2309 4075 2408 4128 καὶ
2441 4075 2549 4144 γὰρ
2589 4074 2628 4140 ἠ
2673 4074 3036 4141 κληρονομία
3079 4091 3195 4142 μου
3248 4075 3534 4142 κρατίστη
3569 4078 3671 4145 μοί
3716 4077 3874 4131 ἐστι.

2309 4165 2447 4229 Τοὺς
2472 4164 2701 4236 δεσμοὺς
2722 4164 2822 4234 τῆς
2853 4164 3070 4236 ἀγάπης
3095 4165 3275 4236 φησὶν,
3307 4164 3399 4229 οὒς
3432 4166 3584 4235 ἔσχεν
3613 4165 3746 4238 πρὸς
3776 4167 3880 4240 τὴν

2321 4257 2677 4328 Ἐκκλησίαν,
2739 4257 2860 4328 ἥτις
2918 4257 3011 4310 καὶ
3063 4257 3324 4328 κρατίστη
3391 4259 3539 4323 ἐστὶ,
3599 4260 3880 4314 τουτέστιν

2310 4348 2543 4417 ἁρέσκου
2553 4365 2620 4400 σα
2647 4347 2816 4417 αὐτῷ.

2378 4438 2706 4508 Εὑλογὴσω
2759 4440 2867 4493 τὸν
2905 4439 3122 4506 Κύριον
3174 4439 3280 4492 τὸν
3331 4440 3731 4496 συνετίσαντά
3776 4461 3880 4513 με.

649 4543 811 4588 ctum.
873 4530 1044 4599 Hujus
1091 4530 1221 4584 dicti
1276 4530 1648 4599 interpretatio
1689 4530 1832 4598 jacet
1879 4533 1934 4586 in
1975 4532 2204 4588 Actibus

2311 4532 2511 4587 Τούτου
2546 4533 2578 4602 ἡ
2609 4531 2871 4603 ἑρμηνεία
2899 4534 3070 4584 κεῖται
3093 4532 3150 4583 ὲν
3182 4533 3300 4593 ταῖς
3334 4531 3569 4603 Πράξεσι
3600 4533 3709 4585 τῶν
3738 4537 3880 4590 ἁπο-

649 4625 1019 4695 apostolorum
1051 4622 1148 4692 (5).
1193 4620 1412 4689 Insuper
1439 4632 1486 4674 et
1515 4638 1675 4691 usque
1706 4622 1774 4675 ad
1803 4635 2001 4677 nectent
2046 4626 2208 4679 incre-

649 4725 872 4785 puerunt
896 4730 973 4766 me
1001 4730 1144 4768 renes
1172 4713 1291 4764 mei.
1339 4711 1454 4767 Mos
1496 4711 1788 4781 Scriptura:
1816 4716 2012 4771 divina
2049 4732 2208 4772 renes

652 4821 845 4862 vocare
894 4805 1137 4860 occultas
1180 4816 1234 4858 et
1272 4804 1376 4858 alte
1416 4804 1620 4872 positas
1656 4807 2012 4875 cogitationes
2045 4825 2059 4864 :
2093 4822 2201 4862 no-

653 4911 795 4956 ctem
829 4913 975 4959 vero,
1011 4896 1155 4966 quod
1185 4895 1513 4949 absconsum
1546 4905 1649 4949 est.

723 4992 777 5046 8.
819 4989 1156 5044 Providebam
1189 4987 1472 5040 Dominum
1521 4990 1576 5041 in
1618 4998 1891 5057 conspectu
1920 5005 2032 5045 meo
2071 5007 2210 5045 sem-

655 5102 745 5155 per
764 5127 779 5150 ,
815 5084 1062 5153 quoniam
1087 5099 1118 5135 a
1143 5083 1343 5135 dextris
1371 5091 1446 5135 est
1478 5083 1629 5146 mihi,
1658 5099 1720 5136 ne
1751 5101 2094 5140 commoveor.
2154 5085 2210 5140 In

657 5181 922 5243 quantum
956 5170 1098 5226 Deus
1126 5186 1247 5225 esse
1272 5171 1584 5240 intelligitur
1607 5212 1622 5239 ,
1654 5173 1768 5242 ipse
1791 5183 1874 5229 est
1900 5175 1995 5244 qui
2035 5176 2216 5230 ﬁrmat

659 5273 715 5318 et
747 5262 979 5319 sustinet
1019 5262 1232 5327 omnia;
1277 5262 1329 5315 in
1375 5270 1637 5331 quantum
1670 5281 1800 5320 vero
1834 5267 1995 5320 homo
2031 5266 2211 5323 iactus

661 5361 762 5416 est,
801 5353 966 5420 probe
995 5351 1098 5420 ipsi
1137 5352 1394 5406 convenit
1419 5352 1598 5407 dicere
1643 5370 1700 5408 se
1727 5371 1757 5409 a
1793 5356 1998 5412 dextris
2030 5357 2215 5412 Domi—

663 5457 793 5496 num
823 5442 1038 5504 habere,
1065 5457 1130 5494 ne
1157 5451 1580 5496 commoveatur.
1619 5441 1751 5497 Nam
1792 5447 1992 5515 ubique
2026 5448 2218 5500 burna-

735 5594 779 5624 ⁸⁷
821 5591 1006 5647 Matth.
1043 5610 1189 5658 τινι,
1236 5595 1324 5649 59.
1401 5597 1448 5628 "
1494 5595 1650 5650 Rom.
1689 5613 1811 5657 vm.
1853 5599 1938 5651 17.

739 5706 817 5774 (2)
855 5706 1032 5764 Locus
1066 5707 1305 5763 vitiatus.

744 5777 821 5846 (5)
853 5775 972 5832 Non
1010 5778 1170 5849 hujus
1209 5778 1336 5834 dicti
1357 5816 1372 5844 ,
1406 5777 1498 5833 sed
1528 5790 1716 5831 eorum
1747 5791 1870 5845 qua
1903 5792 2051 5834 vers.
2079 5779 2112 5834 S
2142 5781 2217 5836 le-

2309 4626 2530 4680 στόλων.
2565 4627 2688 4676 Ἔτι
2716 4622 2784 4676 δὲ
2820 4623 2916 4676 καί
2973 4622 3083 4688 ἕως
3137 4621 3356 4688 νυκτὸς
3401 4623 3775 4678 ἑπαίδευσὰν
3802 4645 3885 4697 με

2307 4719 2361 4771 οἱ
2393 4717 2598 4784 νεφροί
2619 4732 2756 4783 μου.
2776 4713 2935 4776 Ἔθος
2961 4715 3026 4782 τῇ
3051 4712 3390 4780 θεοπνεύστῳ
3437 4715 3625 4786 Γραφῇ
3649 4720 3884 4790 νεφροὺς

2309 4805 2590 4876 ὀνομάζειν
2616 4806 2738 4867 τοὺς
2760 4804 3171 4875 κεκρυμμένους
3193 4806 3284 4858 καὶ
3304 4807 3363 4857 ἐν
3395 4805 3545 4874 βάθει
3563 4807 3880 4880 λογισμούς·

2317 4898 2480 4952 νύκτα
2512 4897 2568 4948 δὲ
2593 4897 2651 4949 τὸ
2673 4896 2894 4964 ἀφανές.

2381 4985 2777 5055 Προεωρώμην
2807 4985 2914 5039 τὸν
2942 4987 3163 5055 Κύριον
3186 4987 3442 5040 ἐνώπιόν
3483 5005 3603 5057 μου
3630 4989 3884 5045 διαπαν-

2312 5077 2542 5142 τὸς,ὄτι
2583 5078 2649 5129 ἐκ
2705 5074 2917 5139 δεξιῶν
2967 5093 3084 5144 μου
3112 5076 3264 5140 ἐστὶ,
3327 5077 3426 5130 ἵνα
3457 5078 3542 5147 μὴ
3581 5080 3882 5135 σαλευθῶ.

2313 5168 2462 5222 Καθὸ
2497 5168 2594 5237 μὲν
2626 5170 2823 5220 νοεῖται
2850 5166 3003 5232 Θεὸς,
3037 5167 3196 5231 αὐτός
3229 5170 3375 5222 ἐστιν
3406 5172 3434 5223 ὁ
3497 5171 3670 5240 πάντα
3696 5173 3884 5243 στηρί-

2315 5259 2422 5323 ζων
2452 5258 2545 5313 καὶ
2571 5258 2800 5327 ἀνέχων·
2831 5257 2967 5310 καθὸ
2990 5258 3046 5310 δὲ
3067 5258 3286 5326 γέγονεν
3335 5260 3636 5331 ἄνθρωπος,
3679 5265 3881 5334 πρέποι

2317 5353 2383 5407 ἂν
2407 5352 2565 5406 αὐτὴν
2595 5353 2687 5405 καὶ
2712 5352 2771 5404 τὸ
2795 5351 2976 5420 λέγειν
2998 5353 3062 5404 ὲκ
3093 5351 3280 5416 δεξιῶν
3324 5354 3615 5423 ἔσχηκέναι
3660 5355 3751 5408 τὸν
3775 5355 3886 5410 Κύ-

2321 5461 2452 5516 ριον,
2494 5443 2582 5496 ἶνα
2617 5442 2690 5512 μὴ
2738 5442 2988 5512 σαλευθῇ.
3025 5443 3431 5513 Συμπλάττεται
3479 5445 3586 5513 γὰρ
3608 5447 3883 5517 πανταχοῦ

2325 5723 2544 5783 guntur,
2570 5711 2912 5768 Providebam
2939 5713 3237 5780 Dominum,
3269 5727 3398 5781 etc.,
3423 5719 3668 5773 meminit
3692 5719 3885 5777 Petrus

2327 5787 2382 5838 iu
2411 5783 2636 5839 Actibus
2670 5784 3063 5854 apostolorum,
3099 5803 3216 5857 cap.
3249 5803 3308 5856 ll,
3336 5803 3480 5844 vers.
3505 5788 3596 5844 25.
3621 5787 3787 5846 Eutr.
