4032 6422
212 390 304 439 105

1333 386 1701 443 EXPOSITIO
1738 385 1804 439 IN
1846 386 2177 442 PSALMUM
2211 386 2350 443 XVI.

3355 390 3450 445 l08

201 505 310 566 τοῖς
344 502 444 573 τῆς
472 502 888 574 ἀνθρωπότητος
922 506 1159 575 μέτροις,
1198 506 1289 558 καὶ
1335 505 1395 558 τὸ
1439 508 1503 575 τῇ
1554 502 1755 558 κενώσε

1886 519 1965 556 me
1997 512 2207 558 natura:
2248 502 2524 558 mensuris
2566 511 2622 556 et
2663 505 2913 559 terminis
2950 504 3355 571 conformatur,
3405 513 3459 559 et

201 595 408 666 πρέπον
453 595 554 648 οὐκ
598 594 911 664 αἰσχύνεται
959 596 1045 649 διὰ
1099 597 1196 667 τὴν
1235 598 1566 666 οἰκονομίαν.
1624 596 1766 665 Ὅρα

200 684 327 754 γοῦν
358 687 507 749 ὅπως
538 686 758 754 γέγονεν
789 689 821 756 ὴ
846 686 1006 757 φύσις
1048 690 1080 759 ἡ
1091 689 1206 759 μῶν
1245 690 1528 759 εὐδόκιμος
1568 691 1624 740 ἐν
1646 689 1779 756 Χρι-

202 778 329 847 στῷ.
360 779 471 831 Καὶ
517 778 970 849 προσηνέχθημεν
1003 781 1083 842 εἰς
1116 779 1403 850 πρόσωπον
1446 779 1539 833 τοῦ
1569 778 1777 848 Πατρὸς

197 869 661 941 οἱὲκϐεὸλημένοι
695 871 782 924 διὰ
832 872 930 943 τὴν
978 875 1037 924 ἐν
1099 872 1265 942 Ἀδὰμ
1315 872 1643 943 παράϐασιν,
1688 872 1781 923 καὶ

198 963 511 1033 ὲτχήκαμεν
539 965 698 1016 αὑτὸν
726 965 1071 1034 ἐπαμύνοντα
1102 968 1194 1017 καὶ
1226 964 1566 1034 στηρίζοντα.

266 1234 285 1308 [
320 1237 416 1289 Ἐκ
445 1235 659 1299 δεξιῶν
686 1238 802 1305 μού
830 1238 979 1291 ἐστι.
1008 1240 1264 1310 Προφανῆ
1291 1239 1509 1310 ἔλεγχον
1537 1240 1648 1310 ἔχει
1682 1241 1781 1309 τῆς

206 1328 476 1383 ’ἶουδαίων
505 1328 922 1399 ἐμϐροντησίας.
988 1332 1098 1384 Καὶ
1143 1332 1350 1402 Πέτρος
1404 1333 1511 1404 γὰρ
1552 1334 1580 1384 ὁ
1617 1350 1779 1403 κορυ-

193 1426 353 1490 φαῖος
380 1425 437 1475 ὲν
466 1425 585 1484 ταῖς
619 1421 889 1492 Πράξεσιν
928 1424 1008 1487 είς
1044 1425 1279 1495 Χριστὸν
1328 1424 1502 1478 ταῦτα
1541 1428 1780 1497 προσήρ-

194 1535 377 1586 μοσεν.
433 1514 585 1568 Καθὸ
635 1516 869 1587 μὲνγὰρ
918 1516 1068 1578 Θεὸς,
1128 1516 1291 1580 αὐτὸς
1346 1519 1551 1571 ἐστινὸ
1605 1520 1778 1572 πάντα

190 1606 464 1678 στηρίζων
488 1608 584 1659 καὶ
618 1608 845 1677 ἀνέχων·
880 1608 1015 1661 καθὸ
1044 1609 1100 1661 δὲ
1129 1608 1438 1679 ἄνορωπος,
1481 1610 1679 1681 πρέποι
1713 1610 1777 1663 ἂν

187 1698 339 1768 αὐτῷ
394 1700 489 1752 καὶ
532 1698 592 1750 τὸ
619 1700 683 1750 ἐκ
732 1698 922 1761 δεξιῶν
970 1698 1115 1768 ἔχειν
1164 1698 1253 1751 τὸν
1288 1698 1511 1769 Κύριον,
1561 1701 1647 1752 ἵνα
1703 1700 1776 1770 μὴ

187 1792 444 1863 σαλευθῗμ

260 1887 384 1938 Οὐκ
432 1883 891 1951 ἐγκαταλείψεις
927 1881 1040 1949 τὴν
1068 1881 1281 1951 ψυχήν
1310 1901 1449 1950 μου.
1504 1884 1674 1945 Αὐτὸς
1697 1882 1770 1935 ὣν

184 1976 298 2047 ζωὴ
344 1976 439 2029 καὶ
492 1974 771 2039 ζωοποιὸς,
807 1973 1202 2040 ὲζωοποιῆσθαι
1236 1974 1447 2041 λέγεται
1497 1976 1645 2046 παρὰ
1677 1976 1769 2028 τοῦ

183 2070 400 2139 Πατρὶς
432 2067 519 2120 διὰ
551 2068 649 2137 τὴν
673 2067 1001 2136 οἰκονομίαν.
1054 2064 1414 2134 Ἑγνώρ.·σὰς
1445 2084 1547 2137 μοι
1594 2067 1772 2135 ὁδοὺς

182 2161 357 2229 ζωῆς,
386 2164 414 2216 ὀ
445 2162 544 2230 τῆς
581 2159 995 2234 ἀνθρωπότητος
1028 2160 1165 2231 ἔχων
1192 2163 1499 2232 πρόσωπον,
1541 2164 1616 2225 ὡς
1648 2163 1766 2216 καθ’

179 2256 332 2324 ἡμᾶς
390 2254 649 2323 γεγονὼς,
707 2256 832 2315 τοὺς
881 2256 1013 2323 ἡμῖν
1067 2255 1265 2325 μᾶλλον
1317 2257 1411 2308 καὶ
1450 2257 1548 2325 οὐχ
1592 2256 1769 2326 ἑαυτῷ

181 2348 516 2420 πρέποντας,
556 2346 689 2399 καθὸ
717 2350 915 2399 νοεῖται
950 2348 1100 2411 Θεὸς,
1138 2350 1450 2419 ἀναπέμπει
1482 2348 1724 2419 λόγους]

254 2441 593 2509 Τερπνότης
643 2436 813 2507 ἐντῇ
845 2437 1013 2506 δεξιᾷ
1059 2456 1174 2493 σου
1200 2441 1288 2505 είς
1354 2439 1549 2505 τέλος.
1597 2438 1768 2491 Τοῦτο

177 2532 462 2603 σημαίνει,
496 2532 553 2583 ὲν
602 2529 827 2602 τέρψεσι
880 2532 973 2584 καὶ
1034 2530 1396 2602 εὐφροσύναις
1460 2532 1671 2584 ἔσονται
1717 2532 1767 2584 0i

177 2624 327 2691 ἆγιοι
361 2623 501 2692 μετὰ
527 2623 587 2675 τὸ
612 2623 909 2677 ἀναϐιῶναι
959 2624 1099 2676 κατὰ
1127 2624 1218 2675 τὸν
1277 2624 1375 2694 τῆς
1419 2625 1767 2686 ἀναστάσεως

176 2714 395 2785 καιρόν.
434 2714 653 2783 Ταύτην
686 2714 741 2766 δὲ
772 2714 869 2785 τὴν
916 2714 1106 2785 τέρψιν
1140 2714 1234 2769 καὶ
1265 2715 1364 2786 τὴν
1403 2716 1761 2786 εὐφροσύνην,

175 2805 297 2874 ἥτις
361 2805 511 2857 ἐστὶν
557 2807 591 2875 ἡ
647 2805 939 2875 ἀφθαρσία,
992 2805 1256 2876 λήψεσθαι
1322 2806 1536 2874 λέγουσι
1612 2806 1764 2877 παρὰ

174 2895 442 2969 Χριστοῦ.
472 2897 531 2959 ὃς
571 2897 716 2948 ἐστιν
747 2897 804 2947 ἐν
847 2899 978 2965 ἡμῖν
1020 2897 1115 2949 καὶ
1172 2896 1322 2962 δεξιὰ
1379 2897 1473 2951 τοῦ
1528 2898 1760 2969 Πατρός.

173 2990 287 3041 Καὶ
317 2988 395 3051 ώς
452 2986 658 3057 ἀληθὴς
712 2989 740 3040 ὁ
791 2987 966 3054 λόγος,
1017 2987 1173 3057 δῆλον
1228 2989 1291 3041 ἐκ
1347 2988 1440 3041 τοῦ
1492 2991 1763 3061 φήσαντος

172 3080 377 3148 λογίου·
423 3080 522 3144 ⁸·ος
557 3081 1070 3148 μετασχηματίσει
1121 3080 1185 3134 τὸ
1240 3080 1449 3151 σχῆμα
1505 3081 1615 3150 τῆς
1665 3100 1763 3136 ταρ-

1880 605 2096 662 propter
2129 596 2498 650 meonomiam
2534 596 2649 650 sive
2680 595 3109 649 incarnationem
3135 638 3149 660 ,
3188 612 3297 650 non
3334 611 3458 649 eri:-

1880 687 2052 741 bescit
2082 702 2144 740 ea
2175 703 2295 755 quae
2326 687 2388 740 ad
2421 688 2832 740 evacuationem
2862 695 2917 739 et
2941 687 3302 741 humilitatem
3332 702 3459 757 pcr-

1880 774 2075 827 tinent.
2131 774 2265 829 \‘idc
2300 790 2429 845 ergo
2468 792 2632 845 quam
2676 776 2932 845 praeclara
2984 778 3037 830 in
3080 775 3301 831 Christo
3356 793 3456 830 na-

1880 876 2001 919 tura
2042 876 2227 921 nostra
2269 868 2525 924 evaserit.
2587 867 2648 921 In
2686 880 3038 937 conspectum
3085 880 3231 924 certe
3274 869 3453 922 Patria

1883 958 2098 1012 adducti
2149 960 2428 1029 oblatiquc
2465 960 2669 1015 fuimus
2704 961 2797 1031 qui
2834 977 2929 1030 per
2971 961 3100 1015 Adae
3150 972 3455 1031 transgres-

1885 1051 2095 1104 siooem
2128 1051 2285 1119 ejecti
2328 1068 2549 1117 sumus,
2603 1063 2655 1106 ct
2707 1053 3001 1107 habuimus
3031 1069 3155 1107 cum
3184 1055 3453 1108 vindicem

1882 1152 1938 1196 et
1967 1152 2275 1211 patronum.

1955 1234 2019 1307 [Α
2072 1236 2274 1289 dextris
2318 1247 2395 1290 est
2439 1238 2589 1291 milii.
2655 1235 2939 1290 Manifesta
2968 1236 3455 1305 coarguitJudmo-

1881 1342 2002 1381 rum
2036 1328 2431 1398 stupidilatcm.
2467 1329 2677 1383 Etenim
2735 1328 2924 1384 Petrus
2961 1332 3331 1399 apostolorum
3360 1345 3454 1384 co-

1882 1420 2135 1489 ryphaeus
2172 1420 2223 1472 in
2266 1423 2528 1486 Actibus,
2579 1422 2693 1475 haec
2737 1420 2959 1475 Christo
2990 1424 3253 1477 attribuit.
3318 1420 3449 1475 Nam

1881 1522 2150 1581 quatenus
2186 1514 2329 1569 Deus
2379 1516 2493 1583 ipse
2524 1526 2609 1570 est
2647 1518 2740 1585 qui
2764 1518 2948 1569 omnia
2982 1516 3162 1569 ﬁrmat
3189 1528 3243 1571 et
3270 1519 3447 1571 conti-

1882 1615 1973 1656 net
1999 1622 2012 1671 ;
2045 1615 2315 1674 quatenus
2346 1618 2523 1659 autem
2556 1608 2737 1671 homo,
2784 1608 2881 1675 ipsi
2910 1608 3163 1661 convenit
3194 1624 3222 1659 a
3247 1608 3451 1661 dextris

1883 1696 2173 1754 Dominum
2200 1710 2466 1755 astantem
2496 1701 2717 1763 habere,
2756 1716 2822 1753 ne
2849 1710 3277 1755 commoveatur.

1946 1878 2067 1933 Non
2113 1881 2441 1951 derelinques
2472 1883 2705 1935 animam
2737 1900 2930 1937 meam.
2984 1882 3136 1937 Licet
3183 1884 3297 1952 ipse
3342 1885 3447 1937 vita

1874 1971 1945 2025 sit
1995 1981 2049 2026 et
2097 1974 2261 2025 vitam
2322 1974 2592 2043 prsehcat,
2650 1990 2745 2043 per
2788 1976 3151 2027 meonomiam
3186 1976 3387 2029 dicitur
3420 1993 3447 2028 a

1872 2060 2033 2116 Patre
2069 2063 2351 2116 \‘iviﬁcari.
2420 2062 2590 2117 Notas
2646 2064 2774 2115 mihi
2813 2065 2985 2132 fecisti
3020 2066 3131 2118 rias
3168 2068 3320 2130 vitw,
3355 2069 3445 2134 qui

1875 2155 2233 2210 humanitatis
2262 2170 2550 2226 personam
2588 2157 2783 2219 hahet,
2826 2166 3013 2225 utpote
3036 2158 3101 2210 ad
3135 2159 3447 2213 similitudi-

1871 2262 1993 2300 nem
2040 2250 2211 2301 nostri
2265 2249 2484 2314 factus,
2540 2267 2821 2306 sermones
2862 2252 3017 2305 ell‘ert
3066 2252 3225 2304 nobis
3272 2253 3450 2319 magis

1870 2353 2033 2407 quam
2055 2339 2181 2400 sibi,
2217 2351 2490 2409 quatenus
2520 2340 2649 2403 Deo,
2676 2341 3095 2415 competentes]

1944 2429 2029 2485 l0.
2068 2430 2357 2483 Delectatio
2383 2432 2434 2483 in
2469 2432 2683 2485 dextera
2709 2443 2799 2485 tua
2830 2451 2991 2502 usque
3028 2436 3079 2487 in
3111 2435 3292 2501 ﬁnem.
3330 2434 3445 2489 lloc

1871 2525 2162 2595 signiﬁcat,
2219 2526 2272 2579 in
2310 2527 2685 2595 voluptatibus
2722 2536 2777 2582 ct
2805 2528 3019 2596 gaudiis
3048 2528 3222 2582 sancti
3254 2529 3448 2597 degcnt

1868 2627 2160 2687 postquam
2194 2628 2437 2687 tempore
2467 2621 2900 2674 resurrectionis
2931 2621 3242 2675 ievixcrinl.
3282 2619 3442 2675 Istam

1868 2718 2048 2763 autem
2083 2710 2413 2777 voluptatem
2444 2726 2506 2763 ac
2526 2711 2789 2773 laetitiam,
2819 2728 2941 2781 quae
2962 2722 3045 2767 est
3076 2713 3442 2783 incorruptio,

1868 2814 1968 2854 nos
2009 2810 2324 2868 recepturos
2356 2801 2511 2853 aiunt
2542 2817 2573 2854 a
2611 2801 2868 2868 Christo,
2914 2804 3006 2872 qui
3056 2805 3224 2858 estin
3267 2806 3443 2865 nobis.

1866 2900 1920 2945 et
1948 2892 2169 2947 dextera
2217 2902 2300 2945 est
2332 2890 2531 2945 Patris.
2584 2891 2737 2957 Quod
2786 2902 2968 2947 autem
3007 2910 3197 2949 verum
3251 2894 3305 2949 id
3350 2896 3442 2960 sit,

1866 2984 2044 3053 palam
2084 2992 2169 3039 est
2205 2999 2268 3037 cx
2303 2983 2615 3052 hujusmodi
2654 2985 2801 3039 dicto
2831 3004 2843 3038 :
2880 2985 2984 3049 Qui
3032 2987 3441 3055 transformabit

1864 3078 2092 3146 formam
2112 3076 2431 3131 liunu'litatis
2462 3092 2660 3134 nostra:
2684 3082 3071 3150 conﬁguratam
3096 3083 3303 3149 corpori
3333 3081 3445 3134 cla—

170 3169 518 3236 κεινώσεως
553 3170 721 3241 ἡμῶν
757 3174 1113 3242 σύμμορφον
1150 3174 1230 3239 τῷ
1272 3177 1495 3245 σώματι
1529 3174 1638 3243 τῆς
1666 3175 1761 3229 δό-

1868 3170 2047 3223 ritatis
2074 3169 2187 3238 ejus
2212 3171 2279 3223 ”.

170 3264 289 3332 εης
317 3264 530 3318 αὑτοῦ.

556 3356 876 3425 Προσευχὴ
909 3356 990 3422 τῷ
1029 3356 1225 3411 Δαυτδ.
1260 3359 1378 3424 IG’.

799 3449 811 3465 '
824 3451 1138 3516 Υπόθεσις.

171 3538 401 3608 ’ᾼδεται
468 3538 497 3590 ὁ
554 3535 767 3607 ψαλμὸς
827 3536 893 3588 ὲκ
927 3536 1222 3609 προσώπου
1282 3534 1376 3590 τοῦ
1427 3535 1571 3591 κατὰ
1625 3534 1758 3589 Θεὸν

821 3630 1049 3685 τελείου.

244 3722 654 3784 Εἱσὰκουσον,
693 3723 889 3790 Κύριε,
925 3721 1325 3790 δικαιοσύνην
1360 3738 1500 3789 μου.
1550 3720 1757 3791 Πολλῆς

167 3816 550 3888 πεποιθήσεως
574 3818 603 3869 ὁ
628 3816 785 3884 λόγος
821 3816 1016 3886 μεστός
1038 3830 1049 3845 '
1101 3813 1162 3868 τὸ
1194 3816 1303 3886 γὰρ
1341 3816 1439 3885 τῆς
1476 3814 1750 3867 δικαιοσύ-

165 3927 269 3982 νης
306 3907 544 3963 ἐνταῦθα
571 3910 669 3979 οὐχ
712 3908 789 3970 ώς
835 3907 1185 3979 καυχώμενος
1220 3946 1233 3972 ,
1282 3906 1388 3959 οὐδ’
1426 3905 1501 3969 ώς
1544 3906 1751 3958 δίκαιον

162 4004 364 4058 ἑαυτὸν
392 4002 709 4069 ἀποφαίνων
760 4018 772 4030 ·
811 4000 924 4053 ἀλλ’
958 4000 1079 4054 ἀντὶ
1118 3999 1233 4062 τοῦ,
1280 3998 1515 4060 Δικαίως
1548 3998 1753 4051 αἰτοῦν-

163 4115 260 4161 τος
298 4096 401 4167 τὴν
450 4094 601 4166 παρά
636 4092 728 4146 σοῦ
766 4091 1039 4163 βοήθειαν,
1102 4094 1196 4146 καὶ
1247 4092 1524 4156 ἀξιοῦντος
1572 4092 1751 4144 ἀπαλς

2352 3353 2542 3409 Oratio
2578 3354 2764 3408 David.
2798 3352 2963 3409 XVI.

2444 3448 2851 3517 Argumentum.

1862 3538 1914 3593 1.
1951 3538 2180 3594 Canitur
2216 3539 2307 3595 hic
2334 3540 2582 3610 psalmus
2616 3556 2679 3593 ex
2713 3555 2945 3609 persona
2972 3539 3212 3595 hominis
3244 3556 3442 3596 secun-

2390 3634 2517 3687 dum
2550 3632 2720 3686 Deum
2757 3632 3003 3702 perfecti.

1930 3724 2182 3789 Exaudi,
2218 3724 2459 3792 Domine,
2487 3725 2762 3795 justitiam
2792 3742 2981 3779 meam.
3021 3724 3213 3795 Magna
3245 3726 3439 3795 plenus

1858 3819 2054 3874 ﬁducia
2092 3834 2273 3871 sermo
2316 3838 2328 3870 :
2363 3834 2485 3871 nam
2516 3819 2662 3887 quod
2699 3819 2785 3871 hic
2814 3818 3083 3886 justitiam
3121 3835 3277 3873 suam
3323 3835 3437 3873 mc—

1858 3921 2068 3975 morat,
2107 3925 2215 3963 non
2256 3910 2661 3979 jactabundus,
2713 3924 2812 3963 nec
2840 3925 2951 3979 quo
2982 3926 3039 3963 se
3065 3909 3279 3979 justum
3310 3926 3433 3967 esse

1856 4004 2107 4071 pradicet
2128 4042 2142 4065 ,
2186 4002 2257 4055 ita
2292 4001 2573 4069 loquitur;
2628 4001 2719 4054 sed
2750 4000 2901 4069 quasi
2932 4000 3076 4056 dicat
3102 4018 3116 4054 :
3146 3998 3299 4055 Justc
3328 4002 3435 4055 im-

1856 4098 2157 4167 plorantem
2193 4097 2457 4149 auxilium
2486 4105 2661 4161 tuum,
2694 4111 2759 4149 ac
2792 4103 3071 4165 rogantem
3107 4098 3224 4149 erui
3255 4097 3324 4151 ab
3353 4098 3436 4150 in—

163 4186 404 4257 λαγῆναι
433 4179 509 4237 ὧν
547 4184 747 4248 ἀδίκως
784 4184 1067 4255 ὑπομένει,
1102 4186 1279 4253 μάτην
1319 4184 1423 4237 ὑπὸ
1452 4184 1542 4237 soi
1578 4184 1750 4238 Σαοὺλ

1877 4191 2014 4245 uriis
2047 4201 2406 4261 persequente
2438 4189 2600 4243 Saule
2645 4190 2847 4253 illatis,
2901 4190 3099 4244 exaudi
3146 4200 3201 4244 et
3237 4202 3430 4260 postu-

162 4279 521 4348 διωκόμενος,
567 4275 661 4328 καὶ
704 4274 995 4339 ὲξάκουσον
1036 4275 1133 4328 καὶ
1182 4274 1464 4347 παράσχου
1514 4276 1614 4345 τὴν
1665 4274 1749 4328 αἷς

243 4388 345 4424 σιν.

243 4388 345 4424 σιν.

161 4388 566 4517 τηἘνυώτισαι
598 4458 715 4529 τὴν
737 4462 1097 4531 προσευχήν
1104 4477 1224 4529 μου
1259 4460 1372 4514 οὐκ
1400 4457 1471 4512 ἐν
1515 4458 1747 4526 χείλεσι

1853 4280 1960 4335 lata
1986 4280 2246 4335 concede.

1922 4454 2155 4509 Auribus
2176 4470 2384 4525 percipe
2413 4456 2710 4509 orationem
2743 4472 2913 4509 meam
2947 4472 3051 4509 non
3074 4458 3131 4510 in
3158 4458 3315 4513 labiis
3333 4462 3431 4515 do—

162 4554 419 4620 ὄολίοις.
452 4553 767 4625 Πρωευχῆς
800 4552 911 4625 γὰρ
948 4552 1010 4604 οὐ
1043 4550 1132 4603 διὰ
1160 4548 1385 4621 χειλέων
1417 4548 1629 4613 δολίων,
1657 4548 1745 4602 διὰ

1868 4550 2000 4604 οδίε.
2035 4546 2173 4603 Nam
2201 4548 2500 4602 orationem
2545 4564 2652 4602 non
2706 4548 2866 4603 labiis
2917 4549 3126 4605 dolosis
3164 4550 3428 4618 oblatam,

160 4648 220 4700 δὲ
250 4645 499 4718 γλώττης
531 4645 975 4717 κεκαθαρμένης,
1004 4645 1097 4698 καὶ
1129 4643 1198 4697 τὰ
1238 4641 1358 4696 θεῖα
1401 4642 1557 4710 λόγια
1588 4642 1749 4713 μελε-

160 4743 266 4811 τᾷν
306 4740 624 4812 εἰθισμένης
657 4737 970 4803 ἑνωτίξεται
996 4740 1025 4792 ὁ
1051 4736 1206 4801 Θεός.

250 4834 355 4889 Ἐκ
385 4833 715 4900 προσώπου
745 4849 863 4887 σου
897 4830 963 4885 τὸ
996 4829 1176 4899 κρῖμά
1201 4846 1321 4899 μου
1349 4828 1603 4893 ἐξέλθοι.
1641 4829 1747 4882 Σα-

164 4926 287 4997 φῶς
316 4924 535 4995 εὔχεται
568 4924 660 4979 τὸν
702 4923 980 4994 Μονογενῆ
1026 4922 1219 4994 κριτὴν
1252 4921 1430 4993 ἑαυτῷ
1478 4922 1749 4993 καταστῆ-

163 5039 275 5076 ναι.
322 5022 389 5073 Οί
432 5017 729 5088 ὀφθαλμοί
761 5031 881 5070 σου
930 5014 1223 5070 ὶδέτωσαν
1272 5015 1624 5080 εὐθύτητος.
1675 5014 1749 5067 Τὸ

160 5112 378 5167 δίκαιον
400 5111 575 5181 κρῖμα
600 5107 800 5173 ἐξαιτεῖ
822 5107 920 5161 τοῦ
950 5105 1101 5170 Υἱοῦ,
1128 5105 1158 5158 ὃ
1187 5104 1401 5177 ἔκρινεν
1427 5106 1579 5176 ἡμῖν.

250 5203 649 5270 Edax/paea;-
682 5200 794 5268 τὴν
821 5199 1075 5268 καρδίαν
1099 5216 1240 5269 μου,
1284 5196 1601 5268 ἐπεσκέψω
1640 5217 1746 5253 νυ-

160 5296 331 5365 κτὸς,
351 5292 671 5362 ἑπύρωσὰς
692 5311 788 5362 με,
821 5292 921 5347 καὶ
957 5294 1071 5363 οὐχ
1102 5289 1316 5361 εὑρέθη
1350 5292 1421 5345 ἐν
1446 5290 1577 5362 ἐμοὶ
1617 5291 1745 5346 ἀδι-

159 5392 285 5446 κία.
331 5386 572 5441 ’Δδικίαν
598 5384 790 5439 εἴωθεν
818 5386 852 5455 ἡ
875 5384 998 5438 θεία
1030 5383 1221 5455 Γραφὴ
1254 5383 1437 5437 καλεῖν
1467 5382 1563 5454 τὴν
1599 5384 1739 5436 κατὰ

156 5482 255 5541 ιωῦ
293 5478 435 5534 Θεοῦ
466 5475 815 5547 βλασφημίαν
836 5489 851 5505 ⁸
894 5475 1159 5529 Ἀδικίαν
1180 5474 1312 5545 γὰρ,
1346 5475 1534 5547 φησὶν,
1563 5478 1649 5541 εις
1682 5474 1744 5527 τὸ

159 5577 323 5643 ὕψος
347 5568 688 5637 ἐλάλησαν.

233 5665 443 5728 Ὅπως
492 5658 571 5714 ἂν
609 5657 697 5728 μὴ
734 5656 987 5728 λαλήσῃ
1015 5660 1083 5714 τὸ
1101 5661 1298 5729 στόμα
1333 5677 1445 5715 ιιου
1489 5663 1561 5713 τὰ
1604 5661 1747 5729 ἔργα

238 5823 285 5854 κ
330 5819 477 5873 Phil.
513 5834 595 5883 ni,
632 5816 723 5871 21.
798 5820 815 5851 ⁸
844 5816 991 5872 Psal.
1028 5833 1203 5882 Lxxn,
1237 5816 1289 5871 8.

406 5914 681 5973 ΡΑτιιοι..
726 5911 843 5971 Gn.
892 5911 1159 5990 XXVII.

1853 4643 1947 4698 sed
1976 4643 2158 4715 lingua
2197 4658 2367 4713 pura,
2413 4654 2467 4698 et
2500 4646 2830 4700 meditandis
2859 4646 3095 4717 eloquiis
3122 4646 3322 4700 divinis
3350 4664 3433 4704 as-

1851 4748 2027 4802 sueta,
2060 4738 2284 4793 auribus
2316 4740 2547 4809 percipit
2573 4739 2736 4795 Deus.

1922 4832 1975 4887 2.
2021 4831 2100 4887 De
2124 4832 2270 4886 cultu
2312 4842 2400 4886 tuo
2428 4830 2691 4901 iudicium
2725 4851 2896 4888 meum
2924 4838 3164 4906 prodeat.
3210 4840 3429 4913 Perspi-

1851 4938 1953 4977 cue
1996 4933 2249 4992 precatur
2293 4921 2642 4993 Unigenitum
2702 4926 2805 4980 sibi
2851 4926 3092 4998 judicem
3144 4935 3428 4991 constitui.

1856 5015 2010 5069 Oculi
2043 5015 2121 5069 tui
2149 5015 2360 5069 videant
2396 5017 2694 5085 wquitates.
2748 5014 2966 5072 Justum
3006 5018 3126 5073 Filii
3158 5024 3427 5091 judicium

1852 5106 2112 5177 postulat.
2148 5121 2259 5175 quo
2279 5105 2544 5175 judicavit
2570 5105 2638 5161 de
2662 5105 2840 5161 nobis.

1922 5199 1976 5253 '5.
2011 5196 2264 5252 Probain
2302 5213 2392 5251 cor
2430 5213 2602 5251 meum
2634 5208 2683 5252 et
2714 5199 2947 5257 oisitasti
2978 5212 3161 5270 nocte,
3200 5207 3316 5275 igne
3352 5224 3431 5261 me

1851 5291 2203 5354 nominasti,
2238 5298 2289 5343 et
2327 5305 2430 5342 non
2461 5298 2540 5343 est
2571 5290 2784 5345 inventa
2815 5292 2866 5345 in
2890 5309 2969 5346 me
3009 5295 3283 5363 iniquitas.
3325 5296 3432 5351 Im-

1851 5384 2111 5451 quitatem
2158 5384 2298 5437 solet
2335 5382 2520 5436 divina
2552 5383 2830 5453 Scn'ptura
2861 5400 3059 5441 vocare
3111 5390 3427 5461 hlasphema

1851 5474 1906 5529 in
1938 5476 2105 5529 Deum
2136 5474 2277 5529 dicta
2304 5492 2319 5527 :
2351 5470 2697 5542 Iniquitatem
2729 5476 2889 5541 enim,
2920 5477 3115 5547 inquit,
3147 5480 3201 5532 in
3224 5482 3429 5536 excelso

1850 5567 2012 5622 locuti
2042 5576 2165 5621 sunt
2194 5569 2232 5621 '.

1926 5662 1978 5717 ι.
2015 5658 2081 5714 Ut
2106 5677 2206 5715 non
2237 5660 2484 5718 loquatur
2519 5678 2576 5716 os
2603 5678 2771 5716 meum
2795 5680 2953 5731 opera
3000 5664 3288 5721 hominum.
3325 5666 3427 5723 Do—

3110 5903 3149 5963 ι
