4032 6454
577 444 678 502 10⁸1

1381 421 1437 475 S.
1481 417 1846 472 ATHANASH
1885 417 2036 472 OPP.
2077 414 2253 470 PARS
2293 413 2376 466 111.
2419 443 2485 454 -
2524 410 2932 466 EXEGETICA.

3679 407 3783 462 108

577 578 663 626 cet
693 566 744 621 id
776 575 991 634 quoque
1022 553 1321 613 cavendum
1355 561 1496 608 esse,
1519 553 1579 597 ut
1607 543 1741 597 nihil
1770 538 2017 596 mortale,
2048 535 2121 586 ni-
2155 540 2193 594 Α

2267 530 2337 583 In-
2368 529 2706 598 ἀνθρώπων.
2741 529 3010 591 Διδάσκει,
3035 526 3109 588 ὡς
3138 525 3230 577 καὶ
3261 525 3414 577 τοῦτο
3435 525 3792 596 παραφυλάτ-

2326 622 2347 634 .
2524 622 2655 634 ..
2783 617 2909 634 ..Α
3019 615 3469 634 .,..,..,,
3665 615 3722 634 Α,

579 615 663 626 ν“’
694 615 744 621 ““
782 615 833 634 Ἰν
896 615 920 631 1

579 661 654 715 hil
683 660 977 711 humanum
1031 651 1337 717 loquamur.
1400 640 1621 706 Propter
1668 635 1820 688 verba
1866 632 2126 683 (alviorum

2267 622 2410 676 εσθαι
2445 625 2577 700 πρὸς
2610 622 2669 672 τὸ
2702 619 2862 689 μηδὲν
2885 616 3074 686 θνητὸν
3101 616 3234 687 μηδὲ
3259 615 3593 686 ἀνθρώπινον
3625 615 3792 685 φθέγ-

579 765 790 811 tisorunt
813 763 902 817 ego
935 740 1192 798 custodiri
1226 738 1336 791 vias
1367 733 1551 787 duras.
1596 729 1676 781 Oh
1702 727 1888 796 jussa,
1931 719 2126 788 inquit,

581 854 695 909 tua,
725 847 1006 910 angustam
1037 843 1091 888 et
1123 841 1324 885 arctam
1351 837 1560 897 portam
1587 821 1864 887 ingressus
1893 825 2035 866 sum.

651 1118 705 1172 5.
747 1112 947 1180 Perﬁce
978 1121 1182 1178 gressus
1214 1115 1352 1154 meos
1378 1099 1432 1150 in
1457 1096 1657 1150 semitis
1695 1091 1831 1153 tuis,
1879 1095 1985 1140 etc.
2023 1082 2132 1135 Do-

2229 714 2435 783 γεσθαι.
2473 713 2571 765 Διά
2610 712 2748 774 τοὺς
2797 711 3017 778 λόγους
3064 708 3181 762 τῶν
3227 708 3473 776 χειλέων
3514 722 3629 762 σου
3676 708 3794 778 ἐγὼ

2227 805 2501 873 ἐφύλαξα
2581 803 2757 867 ὀδοὺς
2815 800 3105 867 σκληράς.
3153 802 3251 853 Διὰ
3314 800 3382 853 τὰ
3449 801 3516 852 σὰ
3551 802 3790 870 προστά-

2231 916 2432 967 γματα,
2483 898 2633 967 φησὶ,
2662 897 2756 964 τὴν
2785 895 2972 965 στενὴν
3022 897 3114 947 καὶ
3141 892 3503 964 τεθλιμμένην
3532 892 3796 962 είσήλασα

2232 989 2424 1041 πύλτν.

2303 1080 2660 1148 Κιιτάρτισαι
2689 1080 2759 1132 τὰ
2805 1077 3134 1147 διαδήματά
3156 1094 3274 1146 μου
3314 1075 3383 1128 ἐν
3415 1075 3538 1140 τοῖς
3576 1075 3799 1142 τρίϐοις

583 1167 1062 1265 catur-liia'vernis
1093 1211 1158 1252 uc
1207 1192 1310 1250 sibi
1352 1189 1638 1260 quisquam
1675 1181 1845 1245 fidat;
1899 1176 1991 1232 sed
2026 1173 2136 1226 Deo

2267 1172 2651 1265 '0v.AAt6:ioxu
2682 1173 2709 1222 ὀ
2740 1170 2894 1238 λόγος
2929 1170 3001 1240 μὴ
3057 1167 3373 1221 πεποιθέναι
3417 1167 3501 1237 ἐφ’
3537 1167 3746 1224 ἑαυτοῖς
3781 1202 3798 1227 ,

583 1300 862 1354 innitatur.

657 1388 899 1464 [Semita
931 1391 1112 1440 autem
1144 1372 1356 1430 Domini
1391 1376 1517 1425 sunt
1546 1364 1955 1422 observationes
1993 1378 2140 1417 mau-

583 1479 887 1552 datorum]

655 1576 708 1629 6.
741 1573 852 1643 Ego
867 1545 1105 1625 .clamavi
1142 1564 1389 1635 quoniam
1413 1555 1679 1614 exaudisti
1711 1568 1788 1606 me
1811 1591 1824 1616 ,
1863 1549 2020 1603 Deus.
2076 1545 2142 1599 ll-

585 1669 700 1734 lud,
723 1662 1011 1724 exaudisti,
1047 1674 1164 1730 pro,
1195 1653 1472 1710 exaudics.
1520 1646 1640 1701 Non
1675 1653 1877 1698 temere
1906 1641 1994 1694 liis
2023 1652 2143 1690 ver-

2237 1265 2327 1315 ὲπὶ
2351 1263 2407 1315 δὲ
2438 1261 2514 1331 τῷ
2545 1261 2662 1332 Θεῷ
2687 1259 3148 1331 ὲπιστηρίζεσθαι.

2321 1352 2548 1424 [Τρίὸοι
2577 1354 2632 1405 δὲ
2667 1355 2867 1423 Κυρίου
2897 1352 3002 1404 τῶν
3032 1352 3260 1405 ἐντολῶν
3292 1352 3345 1405 αῖ
3375 1348 3692 1422 τηρήσεις.]

2321 1534 2467 1604 Ἐγὼ
2498 1533 2808 1602 ἐκέκραξα.
2845 1535 2933 1587 ὅτι
2964 1533 3332 1600 εὶσὴκουσάς
3368 1553 3510 1602 μου,
3556 1538 3589 1588 ὁ
3632 1534 3803 1599 Θεός.

2242 1627 2314 1680 Τὸ
2346 1625 2754 1691 είσήκουσας,
2797 1627 2917 1678 ἀντὶ
2964 1625 3092 1688 τοῦ,
3139 1624 3453 1697 είσακούσῃ.
3502 1627 3577 1679 Οὐ
3627 1627 3806 1696 μάτην

585 1759 668 1812 bis
700 1770 821 1811 sum
847 1766 1000 1814 usus,
1031 1748 1123 1803 sed
1171 1754 1317 1799 tuam
1363 1746 1616 1808 expertus
1648 1729 2016 1788 clementiam.
2062 1723 2144 1778 Me

2267 1719 2416 1770 τοῖσδε
2449 1717 2766 1814 τοῖςᾼλόγοις
2794 1718 3132 1788 ἐχρησάμην,
3171 1718 3305 1771 ἀλλὰ
3351 1721 3542 1789 πεῖραν
3573 1719 3671 1788 τῆς
3707 1720 3809 1789 οῆς

588 1849 785 1918 quippe
827 1848 1105 1913 rogantem
1168 1849 1309 1905 sepe
1357 1827 1643 1886 exaudisti.

591 1911 738 1990 tuoin
763 1911 917 1987 mihi.
956 1929 1097 1983 Deus
1121 1932 1265 1981 totus
1295 1922 1444 1977 auris
1473 1930 1589 1984 est,
1625 1925 1812 1992 utpote
1841 1913 1935 1970 oui
1965 1911 2144 1966 omnia

589 2023 792 2077 audiat.

704 2113 815 2185 Ego
843 2109 1086 2171 clamavi,
1118 2114 1224 2161 etc.
1264 2101 1380 2155 Non
1424 2098 1626 2154 frustra
1663 2099 1867 2160 clamo,
1894 2092 1987 2150 sed
2022 2092 2149 2162 quia

593 2208 911 2277 plerumque
931 2197 1197 2254 exaudisti
1234 2209 1319 2248 mc
1340 2232 1352 2256 ,
1381 2199 1505 2260 peto
1525 2190 1686 2243 etiam
1726 2202 1870 2242 nunc
1892 2195 1952 2239 ut
1977 2199 2148 2236 exau-

591 2274 711 2353 dias
745 2309 852 2350 me.
885 2292 1105 2347 Clamor
1133 2296 1312 2343 autem
1339 2286 1449 2349 ille,
1484 2293 1569 2340 est
1595 2284 1801 2337 intenta
1826 2293 1950 2345 erga
1983 2274 2150 2327 Deum

593 2382 901 2456 cogitatio]

669 2451 917 2548 {Adipern
945 2487 1097 2526 suum
1124 2467 1511 2522 concluserunt.
1555 2461 1725 2529 Adipe
1752 2455 2019 2527 signiﬁcat
2052 2451 2152 2506 ini-

601 2571 870 2624 micorum
899 2562 1191 2617 maximam
1224 2550 1686 2628 prosperitatem]

673 2659 764 2713 ll.
831 2655 1022 2712 Oculos
1065 2668 1186 2706 suos
1212 2654 1509 2704 statuerunt
1543 2643 1803 2697 declinare
1842 2639 1896 2692 in
1941 2646 2152 2688 terram.

601 2749 778 2812 Unus,
814 2747 1013 2817 inquit,
1047 2758 1247 2813 scopas
1274 2740 1374 2794 fuit
1415 2738 1599 2792 illisut
1625 2735 1690 2788 ad
1732 2741 1928 2787 terram
1959 2727 2157 2782 demit-

598 2850 734 2906 tant,
763 2849 818 2896 et
838 2853 960 2909 quae,
982 2850 1201 2891 carnem
1225 2837 1470 2902 spectant
1497 2827 1698 2882 sentire
1731 2823 2014 2878 suadeant.

670 2934 758 2989 ιι.
799 2931 1082 2985 Frameam
1108 2937 1256 2981 tuam
1283 2923 1347 2975 ab
1376 2919 1605 2973 inimicis
1638 2929 1888 2968 manuum
1923 2922 2154 2964 tuarum.

595 3026 861 3096 Quaelibet
881 3022 1015 3090 justi
1039 3017 1220 3072 anima
1247 3024 1300 3069 et
1329 3010 1672 3082 potissimum
1696 3021 1883 3061 eorum
1916 3004 2009 3074 qui
2036 3019 2160 3072 poc-

597 3125 811 3172 catores
845 3113 914 3167 ab
958 3110 1234 3179 impietate
1286 3105 1356 3159 ad
1410 3101 1659 3172 pietatem
1712 3104 1999 3158 revocant,
2059 3107 2157 3147 ceu

600 3209 806 3265 framea
834 3213 918 3259 est
945 3211 1130 3257 contra
1162 3198 1430 3267 malignos
1469 3192 1692 3262 spiritus
1714 3198 1960 3245 exacuta.
2011 3184 2160 3237 Hanc

599 3302 766 3372 igitur
804 3297 1090 3356 frameam,
1137 3291 1384 3350 Domine,
1411 3299 1575 3354 quam
1609 3284 1724 3352 ipse
1754 3289 1942 3335 contra
1977 3276 2160 3330 mimi-

601 3407 696 3446 cos
723 3399 846 3443 tuos
871 3382 1172 3445 exacuisti,
1217 3380 1366 3448 eripe
1413 3377 1482 3430 ab
1529 3373 1766 3428 inimicis
1807 3385 2001 3424 manus
2033 3377 2159 3421 tum.

604 3483 833 3550 Quinam
870 3485 1048 3533 autem
1094 3480 1222 3529 sunt
1269 3467 1474 3525 inimici
1525 3480 1720 3520 manus
1756 3463 1868 3524 Dei,
1922 3461 2026 3515 nisi
2070 3457 2163 3528 qui

604 3574 728 3628 tidei
774 3572 829 3626 in
861 3566 1210 3640 Unigeuitum
1230 3602 1245 3628 ,
1292 3563 1383 3633 qui
1414 3575 1609 3616 manus
1631 3559 1777 3612 illius
1805 3564 1923 3618 est,
1971 3554 2162 3606 adver-

605 3663 829 3721 saritur?

676 3849 918 3911 Domine,
951 3861 984 3899 a
1007 3842 1190 3914 paucis
1222 3839 1284 3892 de
1314 3849 1452 3892 terra
1484 3835 1657 3890 divide
1686 3849 1792 3887 eos.
1819 3829 2075 3883 Precatur
2116 3834 2173 3879 ut

615 3961 644 3998 ι
679 3941 865 4014 paucis
887 3936 1038 4006 impii
1065 3939 1402 4004 separentur,
1430 3927 1574 3996 quod
1607 3934 1688 3979 est
1713 3939 1776 3977 ac
1803 3923 1846 3976 si
1871 3919 2173 3975 divideren-

610 4011 718 4090 tur.
736 4033 966 4100 Quinam
990 4035 1169 4082 autem
1188 4032 1315 4080 sunt
1336 4020 1492 4091 pauci
1513 4019 1610 4079 illi.
1635 4017 1740 4071 nisi
1763 4016 1830 4069 de
1845 4014 2042 4084 quibus
2058 4011 2173 4064 diu-

613 4136 729 4180 tum
757 4129 838 4179 est
856 4140 869 4176 :
890 4118 1046 4173 Multi
1072 4116 1277 4187 quidem
1293 4121 1413 4166 sunt
1437 4109 1604 4166 uocati
1641 4107 1794 4175 pauci
1811 4121 1924 4158 vero
1948 4102 2096 4157 electi
2114 4103 2133 4132 ’
2155 4100 2177 4152 ?

1711 1821 1921 1877 Inclina
1963 1833 2143 1872 aurem
2245 1811 2381 1882 ἔχων
2409 1809 2814 1881 φιλανθρωπίας
2839 1829 2850 1840 ·
2883 1813 3118 1881 ήκουσας
3150 1813 3256 1883 γάρ
3289 1829 3390 1882 μου
3431 1811 3811 1883 παρακαλοῦν.

2176 1886 2217 1940 Β
2246 1918 2334 1962 τος
2368 1901 2643 1963 πολλάκις.
2687 1900 2908 1954 κλῖνον
2956 1902 3022 1954 τὸ
3061 1898 3171 1966 οὖς
3221 1918 3336 1957 σου
3382 1903 3531 1973 ἐμοί.
3579 1901 3738 1965 Ὄλος
3782 1905 3812 1956 ὁ

2247 1990 2376 2054 θεὸς
2408 1986 2499 2052 οὖς
2531 1992 2698 2055 ἐστιν,
2736 1992 2810 2053 ὼς
2832 1991 2899 2044 τὰ
2933 1991 3109 2044 πάντα
3143 1993 3374 2047 ἀκούων.

2322 2079 2341 2152 [
2376 2082 2521 2150 Ἐγὼ
2546 2083 2857 2150 ἐκέκραξα,
2891 2084 2983 2135 καὶ
3012 2084 3078 2137 τά
3106 2084 3250 2154 ἑξῆς.
3282 2086 3357 2137 υὺ
3396 2087 3570 2158 μάτην
3603 2084 3811 2158 κράζω,

2250 2172 2363 2225 ἀλλ’
2401 2173 2522 2224 ἐπεὶ
2550 2173 2805 2236 πολλάκις
2828 2175 3084 2244 ἤκουσας,
3123 2175 3257 2228 αἰτῶ
3291 2176 3383 2229 καὶ
3418 2175 3510 2229 νῦν
3541 2177 3814 2247 ἀκουσθῆ-

2253 2282 2359 2318 ναι.
2394 2264 2623 2335 Κραυγὴ
2671 2265 2727 2316 δέ
2757 2268 2872 2317 ὲστι
2918 2267 3052 2336 πρὸς
3101 2266 3230 2319 Θεὸν
3260 2268 3354 2320 καὶ
3385 2269 3418 2338 ή
3450 2268 3815 2339 ἑπιτεταμένη

2253 2357 2454 2427 νόησις.
2477 2355 2495 2427 ]

2326 2448 2440 2520 [Τὸ
2473 2448 2658 2517 στέαρ
2687 2450 2884 2503 αὐτῶν
2922 2449 3298 2504 συνέκλειον.
3335 2451 3508 2522 Στέαρ
3545 2451 3646 2522 τὴν
3691 2468 3821 2520 σφο-

2254 2538 2513 2609 δροτάτην
2547 2540 2842 2610 εὐημερίαν
2864 2541 2970 2592 τῶν
3000 2540 3207 2611 ἐχθρῶν
3233 2541 3502 2610 σημαίνει.
3525 2541 3544 2613 ]

2332 2630 2475 2696 Τοὺς
2497 2631 2839 2699 ὀφθαλμοὺς
2875 2631 3070 2684 αὐτῶν
3107 2634 3309 2686 ἔθεντο
3337 2632 3608 2685 ἐκκλῖναι
3645 2633 3714 2686 ἐν
3744 2629 3822 2700 τῇ

2256 2720 2355 2790 γῇ.
2392 2718 2486 2783 Εἷς
2518 2723 2738 2785 σκοπὸς,
2767 2722 2918 2790 φησὶ,
2962 2721 3183 2789 γέγονεν
3220 2722 3419 2787 αὐτοῖς,
3462 2722 3623 2774 οἱονεὶ⁵
3663 2738 3824 2774 κατε-

2257 2813 2447 2881 νέγκαι
2481 2814 2558 2874 είς
2589 2812 2710 2882 γῆν,
2742 2812 2834 2864 καὶ
2860 2812 2928 2864 τὰ
2957 2813 3154 2883 σαρκὸς
3194 2815 3376 2865 πεῖσαι
3407 2815 3643 2882 φρονεῖν.

2342 2906 2558 2972 Ῥομςσα
2573 2909 2658 2957 ἀν
2698 2922 2812 2959 σου
2855 2904 2973 2958 ἀπὸ
3017 2903 3243 2973 ἐχθρῶν
3281 2903 3397 2956 τῶν
3440 2903 3653 2972 χειρῶν
3684 2919 3825 2959 σου.

2278 2997 2510 3068 Ἐκάστη
2549 2999 2655 3052 τῶν
2690 2999 2912 3052 δικαίων
2940 2997 3082 3068 ψυχὴ
3114 2997 3206 3050 καὶ
3249 2996 3484 3066 μάλιστα
3505 2997 3611 3049 τῶν
3637 2995 3826 3049 ἑλκόν-

2261 3107 2367 3142 των
2396 3089 2521 3150 me;
2570 3089 2923 3158 ἁμαρτωλοὺς
2964 3087 3024 3149 ἐξ
3065 3086 3316 3148 ἀσεϐείας
3362 3089 3441 3150 είς
3483 3086 3824 3147 θεοσέϐειαν,

2262 3180 2420 3232 οἱονεί
2440 3196 2554 3241 πως
2570 3180 2812 3250 ῥομφαία
2829 3179 2973 3230 ἐστὶν
2992 3179 3302 3248 ὴκονημένη
3319 3179 3458 3230 κατὰ
3473 3179 3579 3232 τῶν
3593 3196 3723 3231 πνευ
3732 3179 3828 3248 μάν-

2265 3289 2370 3324 των
2395 3271 2494 3340 τῆς
2524 3271 2802 3341 πονηρίας.
2841 3271 3054 3341 Ταύτην
3085 3265 3175 3322 οὖν
3207 3268 3304 3339 τὴν
3340 3268 3634 3338 ῥομφαίαν.
3663 3262 3708 3320 ὦ
3735 3270 3831 3322 Δέ-

2271 3379 2459 3425 σποτα,
2495 3362 2678 3432 φησὶν,
2715 3363 2779 3431 ἢν
2809 3361 2969 3425 αὐτὸς
2998 3360 3140 3414 κατὰ
3177 3360 3286 3413 τῶν
3315 3360 3422 3414 σῶν
3461 3360 3669 3430 ἐχθρῶν
3700 3361 3831 3428 ἡκό-

2269 3471 2456 3522 νησας,
2489 3453 2643 3524 ῥῦσαι
2678 3454 2786 3506 ἀπὸ
2819 3454 2924 3506 τῶν
2974 3452 3183 3525 ἐχθρῶν
3218 3453 3315 3522 τῆς
3365 3453 3462 3522 σῆς
3489 3453 3690 3523 χειρός.
3743 3451 3836 3504 Τί-

2271 3563 2358 3608 νες
2378 3545 2421 3598 δ’
2454 3545 2518 3598 ἂν
2542 3543 2649 3598 εἷεν
2677 3547 2726 3598 οἱ
2763 3545 2862 3614 τῆς
2895 3545 3076 3616 χειρὸς
3101 3543 3193 3597 τοῦ
3223 3545 3357 3597 Θεοῦ
3387 3544 3571 3615 ἐχθροὶ
3603 3545 3636 3614 ἢ
3667 3546 3715 3598 οἱ
3749 3546 3838 3598 ἀν-

2272 3635 2580 3706 θιστάμενοι
2611 3638 2675 3706 τῇ
2721 3637 2798 3698 είς
2834 3635 2921 3687 τὸν
2961 3633 3236 3703 Μονογενῆ
3269 3633 3432 3686 αὑτοῦ
3460 3634 3659 3699 πίστει,
3689 3635 3837 3697 ὅστις

2273 3729 2388 3780 εστὶ
2422 3729 2513 3781 καὶ
2542 3729 2663 3799 χεὶρ
2694 3729 2891 3792 αὐτοῦς

2345 3819 2538 3884 Κύριε,
2580 3817 2698 3871 ἀπὸ
2741 3819 2956 3885 ὀλίγων
2995 3817 3113 3872 ἀπὸ
3172 3816 3282 3886 τῆς
3342 3817 3689 3886 διαμέρισον
3732 3821 3840 3872 αὑ·

2279 3912 2436 3975 τούς.
2473 3909 2814 3980 Χωρισθῆναι
2843 3911 2966 3972 τοὺς
2989 3909 3208 3973 ἀσεϐεῖς
3235 3910 3342 3962 τῶν
3367 3910 3562 3977 ὀλίγων
3596 3909 3836 3980 εὔχεται,

2279 4001 2436 4054 οἱονεί
2462 4017 2576 4063 πως
2615 4000 3047 4071 διαμερισθῆναι.
3075 4001 3229 4063 Τίνες
3253 4001 3310 4054 δὲ
3331 4003 3380 4053 οἱ
3408 4001 3577 4068 ὀλίγοι
3628 4001 3661 4073 ἢ
3712 4003 3844 4072 περὶ

2281 4088 2355 4146 ὧν
2383 4093 2662 4145 λέλεκται·
2695 4093 2913 4145 Πολλοὶ
2946 4093 3060 4159 μὲν
3084 4093 3314 4159 κλητοί,
3351 4093 3539 4160 ὀλίγοι
3571 4092 3639 4145 δὲ
3668 4093 3844 4147 ἐκλε-

2283 4186 2410 4239 κτοί

688 4371 873 4426 Daniel
893 4367 1162 4424 Barbarus
1181 4362 1510 4430 :Przeparata
1523 4367 1627 4424 est,
1651 4356 1845 4427 inquit,
1866 4355 1971 4409 illis
1989 4352 2196 4408 occulta
2215 4367 2370 4423 poena
2389 4367 2508 4422 quae
2536 4365 2704 4418 usque
2731 4349 2794 4402 ad
2813 4348 3019 4402 viscera
3051 4346 3534 4416 pcnetrabit,juxta
3553 4345 3680 4401 illud
3700 4344 3848 4416 quod

619 4465 684 4518 de
710 4463 846 4518 Juda
867 4463 1072 4515 dictum
1095 4467 1176 4513 est
1202 4475 1214 4510 :
1243 4454 1310 4508 Et
1343 4452 1557 4507 intravit
1580 4450 1881 4504 maledictio
1903 4450 2054 4517 quasi
2091 4464 2227 4515 aqua
2267 4448 2321 4498 in
2353 4446 2606 4498 interiora
2642 4442 2774 4503 eius.
2799 4453 2846 4494 et
2868 4442 3001 4494 sicut
3028 4441 3197 4493 oleum
3220 4441 3272 4493 in
3296 4439 3500 4493 ossibus
3530 4439 3642 4508 ejus
3671 4440 3712 4492 ³.

691 4617 760 4674 Et
791 4617 852 4671 de
873 4612 1190 4669 absconditis
1223 4611 1328 4665 tuis
1353 4608 1661 4676 adimpletus
1688 4616 1763 4660 est
1791 4615 1960 4660 venter
1988 4620 2185 4657 eorum.

2362 4602 2469 4655 Kal
2494 4601 2611 4655 τῶν
2648 4600 3063 4670 κεκρυμμένων
3103 4615 3218 4654 σου
3247 4600 3524 4669 ἐπλήσθη
3554 4603 3592 4670 ἡ
3621 4603 3859 4673 γαστὴρ

622 4712 906 4773 Omnibus,
937 4708 1127 4776 inquit,
1161 4701 1412 4775 pretiosis
1439 4699 1593 4769 potiti
1631 4705 1759 4753 sunt
1791 4714 1808 4762 ;
1839 4695 2070 4764 ideoque
2108 4695 2184 4748 ita

626 4801 1054 4860 recalcitrarunt,
1090 4811 1147 4849 ut
1189 4789 1688 4863 pmvaricarentur.
1738 4785 1856 4838 Alio
1891 4786 2064 4836 modo.
2111 4780 2189 4834 De

626 4890 943 4946 absconditis
975 4889 1101 4952 tuis,
1146 4902 1211 4940 ac
1239 4886 1286 4940 si
1319 4884 1542 4946 diceret,
1576 4894 1714 4949 quas
1756 4884 1815 4930 tu
1863 4890 2052 4945 ρωπος
2093 4889 2187 4928 oc-

630 4986 767 5040 culte
804 4985 966 5047 nosﬁ,
1001 4995 1102 5050 ego
1136 4979 1348 5049 ignoro,
1397 4975 1464 5030 iis
1511 4973 1672 5041 imple
1716 4977 1931 5025 ventres
1976 4981 2187 5021 eorum.

626 5079 769 5150 quod
812 5073 1111 5146 periphrasi
1156 5072 1382 5128 dictum.
1433 5082 1553 5136 pro,
1601 5079 1693 5118 eos
1740 5064 1906 5133 ipsos.
1952 5058 2192 5114 Saturati

623 5149 744 5224 sunt
769 5168 916 5237 ﬁliis,
945 5175 993 5220 et
1014 5165 1322 5218 dimiserunt
1350 5158 1596 5227 reliquias
1627 5172 1752 5208 suos
1798 5149 2029 5221 parvulis
2062 5150 2195 5204 suis.

623 5263 782 5318 Omni
816 5259 1001 5329 repleti
1041 5255 1168 5312 sunt
1211 5251 1512 5322 iniquitate,
1547 5257 1600 5304 et
1633 5263 1750 5303 eam
1786 5245 1911 5300 ﬁliis
1940 5244 2196 5298 transmi-

627 5364 834 5410 serunt.

697 5441 895 5515 [Atque
919 5441 1088 5511 ipsam
1117 5438 1382 5506 reliquere
1409 5434 1647 5504 parvolis
1683 5431 1913 5485 filiorum
1944 5442 2187 5490 suorum,

629 5535 832 5589 scilicet
865 5546 1034 5600 usque
1054 5529 1120 5583 ad
1147 5526 1486 5597 abnepotes.)

703 5627 788 5679 l5.
836 5625 943 5691 Ego
969 5633 1140 5674 autem
1166 5622 1220 5671 in
1235 5620 1445 5690 )ustitia
1479 5615 1734 5687 apparebo
1758 5613 2052 5682 conspectui
2083 5621 2191 5664 tuo.

699 5806 726 5838 ⁸
766 5800 929 5856 Ilattli
988 5815 1078 5867 ιι,
1113 5798 1196 5851 ιι).
1283 5799 1302 5827 ³
1341 5795 1480 5850 Psal.
1518 5809 1664 5858 cvul,
1697 5794 1782 5847 18.

2290 4691 2501 4746 αὐτῶν.
2543 4692 2785 4754 Πάντων,
2816 4692 2968 4762 φησὶ,
3011 4690 3119 4742 τῶν
3152 4692 3348 4761 τιμίων
3381 4692 3696 4745 ἀπέλαυσαν
3722 4711 3735 4723 ·
3773 4695 3861 4748 διδ

2293 4783 2384 4834 καὶ
2403 4782 2766 4834 άπελάκτισιν
2800 4781 2990 4845 οὕτως,
3014 4782 3088 4844 ὼς
3117 4784 3210 4834 καὶ
3242 4786 3596 4852 παρανομεῖν.
3634 4785 3756 4839 Τῶν
3799 4787 3860 4838 δὲ

2295 4871 2714 4938 κεκρυμμένων
2747 4886 2862 4924 σου
2891 4872 3014 4924 ἀντὶ
3039 4870 3154 4933 τοῦ,
3182 4865 3257 4925 ὧν
3277 4877 3336 4927 ὲν
3363 4873 3665 4944 ἀποκρύφῳ
3695 4893 3864 4948 τιμω-

2299 4965 2428 5062 ριῶν
2451 4965 2590 5062 ἔχεις
2615 4965 2711 5062 ⁴τὴν
2736 4964 2954 5032 γνῶσιν,
2994 4961 3103 5031 ἐγὼ
3128 4965 3327 5032 ἀγνοῶ,
3345 4965 3556 5018 ’τούτων
3581 4967 3864 5039 ἔμπλησον

2298 5058 2391 5121 τὰς
2423 5056 2692 5128 γαστέρας
2728 5056 2925 5120 αὐτῶν,
2970 5056 3411 5126 περιφραστικῶς
3445 5059 3597 5122 ἀντὶ,
3640 5059 3861 5125 αὐτούς.

2313 5147 2800 5218 Ἑχορτάσθησαν
2824 5145 2986 5208 υἱῶν,
3020 5145 3116 5198 καί
3155 5145 3397 5213 ἀφῆκαν
3428 5145 3498 5198 τὰ
3529 5148 3867 5203 κατάλοιπα

2297 5243 2418 5307 τοῖς
2470 5242 2707 5306 νηπίοις
2759 5237 2972 5292 αὐτῶν.
3029 5239 3254 5308 [ldo-qq,
3315 5241 3469 5308 φησὶ,
3518 5242 3867 5311 παρανομιας

2295 5336 2661 5406 ἐπλήσθησαν,
2687 5336 2778 5389 καὶ
2803 5336 2883 5397 είς
2915 5333 3104 5396 παῖδας
3138 5333 3193 5386 δὲ
3218 5333 3421 5404 ταύτην
3445 5335 3837 5404 παρέπεμψαν.

2364 5427 2508 5499 [Καὶ
2534 5429 2736 5498 ταύτην
2767 5426 3091 5494 κατέλειψαν
3120 5429 3229 5488 τοῖς
3252 5427 3465 5496 νηπίοις
3482 5426 3592 5478 τῶν
3615 5427 3748 5479 υίῶν
3771 5430 3868 5480 αὐ-

2295 5522 2420 5581 τῶν,
2452 5522 2615 5591 ἠγουν
2653 5521 2812 5590 μέχρι
2846 5519 3103 5586 ἐκγόνων.
3132 5517 3151 5589 ]

2381 5610 2523 5678 Ἐγὼ
2559 5610 2624 5662 δὲ
2654 5610 2723 5662 ἐν
2747 5609 3099 5675 δικαιοσύνῃ
3147 5606 3478 5677 ὀφθήσομαι
3521 5607 3597 5672 τῷ
3635 5607 3862 5676 προσώ-
