4032 6446
132 408 219 463 ιω
1195 386 1554 442 EXPOSITIO
1599 385 1662 439 lN
1717 384 2047 440 PSALMUM
2088 384 2249 437 XV“.

3246 384 3346 436 ΗΟ

128 536 209 583 sip
236 532 372 571 σου.
406 512 516 582 Οὐχ
553 506 955 580 ὁμοιωθήσομαι
990 502 1236 563 ἐκείνοις,
1264 500 1382 553 οὐδὲ
1433 498 1537 551 τῶν
1583 499 1680 551 αὑ-

1810 498 1897 550 ion
1928 513 2021 550 ero
2046 497 2240 551 similis
2270 494 2402 559 illis,
2433 510 2605 561 neque
2643 495 2831 549 iisdem
2872 495 3023 563 queis
3062 494 3138 547 illi
3176 497 3344 550 satia-

128 610 244 674 τῶν,
274 605 430 675 φησὶ,
457 597 924 672 χορτασθήσομαι·
962 592 1097 644 ἀλλὰ
1128 592 1221 660 τῆς
1258 589 1353 657 σῆς
1387 587 1543 658 δόξης
1587 589 1683 655 εμ-

129 697 505 773 πλησθήσομαι
536 692 623 744 διὰ
652 688 873 741 δικαίων
907 685 1102 755 ἔργων.

129 836 225 901 Εις
259 834 325 887 τὸ
364 830 538 892 τέλος
579 824 657 889 τῷ
698 822 857 876 παιδὶ
895 823 1112 888 Κυρίου
1152 817 1230 882 τῷ
1263 816 1462 877 Δαυῒδ,
1493 815 1529 869 ἂ
1553 814 1688 867 ἑ·λά-

192 930 350 992 λησε
387 918 467 983 τῷ
494 916 687 984 Κυρίῳ
720 914 861 979 τοὺς
886 914 1106 978 ,λόγους
1142 908 1251 975 τῆς
1284 906 1442 974 ᾠδῆς
1470 906 1689 971 ταύτης

197 1018 265 1069 ἐν
298 1014 487 1081 ἡμέρᾳ
518 1004 557 1079 ᾖ
586 1006 879 1076 ἐρρύσατο
906 1002 1093 1055 αὑτὸν
1127 1002 1341 1067 Κύριος
1383 1000 1451 1051 ἐκ
1496 998 1690 1065 χειρὸς

195 1107 435 1161 πάντων·
470 1102 589 1155 τῶν
618 1098 843 1167 ἐχθρῶν
888 1094 1072 1149 αὐτοῦ
1117 1094 1214 1145 καὶ
1258 1094 1323 1145 ἐκ
1357 1092 1551 1160 χειρὸς
1583 1093 1693 1143 Σα-

191 1199 326 1262 οὺλ,
365 1194 463 1248 καὶ
495 1189 682 1246 εἶπεν.
711 1192 815 1242 ΙΖ’.

739 1347 752 1364 ”
765 1347 1074 1408 Υπόθεσις.

130 1490 373 1562 Περιέχει
404 1489 431 1540 ὁ
458 1486 666 1556 σζκαλμὺς
710 1481 1072 1536 ἐπανάστασιν
1112 1474 1319 1545 ἐχυρῶν
1346 1474 1440 1526 καὶ
1468 1472 1694 1542 ἐπίκλη-

197 1600 279 1634 σιν
328 1581 405 1641 εἰς
443 1574 755 1647 συμμαχίαν
802 1571 956 1632 Θεοῦ,
993 1569 1086 1620 καὶ
1116 1566 1338 1619 κάθοδον
1386 1563 1479 1616 τοῦ
1519 1564 1694 1617 Μονο-

193 1670 385 1741 τενοῦς
428 1671 521 1722 καὶ
558 1663 843 1734 ἀνάληψιν,
886 1663 979 1715 καὶ
1027 1658 1162 1730 μετά
1203 1658 1297 1727 τὴν
1340 1656 1603 1725 ἀνάληψιν
1628 1655 1697 1706 τὰ

194 1765 338 1818 κατά
385 1761 495 1813 τῶν
532 1758 797 1827 δαιμόνων
838 1752 1163 1824 πραχθέντα,
1209 1750 1299 1802 καὶ
1349 1746 1439 1800 τοῦ
1486 1746 1698 1817 Ἰσραὴλ

1790 588 1923 641 bor:
1959 589 2051 641 sed
2085 598 2172 639 tua
2208 587 2374 656 gloria
2403 601 2493 653 per
2527 587 2663 638 bona
2693 600 2853 652 Opera
2891 585 3152 652 replcbur.

1788 812 1931 866 LIn
1978 814 2131 881 ﬁnem
2184 829 2339 881 puero
2391 812 2597 864 Domini
2645 813 2833 877 David,
2883 828 3001 881 qua!
3032 813 3231 865 locutus
3273 823 3346 863 est

1867 902 2090 956 Domino
2143 904 2294 956 verba
2339 904 2531 954 cantici
2581 903 2758 971 hujus.
2815 905 2867 957 in
2897 904 2981 956 die
3021 922 3121 973 qua
3158 906 3345 972 eripuit

1861 1010 1977 1046 eum
2010 993 2265 1046 Dominus
2295 995 2357 1045 de
2384 1010 2541 1044 manu
2579 995 2811 1046 omnium
2850 995 3179 1046 inimicorum
3212 995 3344 1063 ejus,

1866 1097 1914 1139 et
1942 1088 2004 1140 de
2025 1104 2179 1139 manu
2210 1086 2363 1149 Saul,
2402 1098 2450 1140 et
2476 1086 2632 1140 dixit.
2662 1087 2999 1143 PSALMUS
3028 1088 3221 1144 XVII.

2376 1332 2771 1401 Argumentum.

1794 1462 2045 1520 Continet
2074 1467 2315 1535 psalmus
2362 1468 2713 1536 irruptionem
2749 1466 3117 1527 inimicorum,
3164 1475 3216 1519 et
3255 1465 3352 1519 im.

1875 1558 2227 1625 plorationcm
2276 1560 2460 1613 auxilii
2511 1558 2650 1625 Dei;
2692 1560 3007 1613 descensum
3061 1557 3351 1626 Unigeniti,

1864 1660 1917 1702 et
1944 1654 2364 1720 assumptionem
2387 1652 2523 1719 ejus,
2548 1660 2599 1706 et
2622 1664 2738 1721 post
2756 1651 3207 1719 assumptionem,
3234 1666 3355 1719 qua:

1866 1750 2052 1792 contra
2079 1740 2351 1796 daemones
2383 1752 2497 1795 acta
2524 1751 2673 1806 sunt,
2702 1741 3023 1809 eiectionem
3066 1739 3277 1793 lsraelis
3305 1748 3359 1793 et

194 1855 445 1924 ἐκϐολὴν,
482 1852 577 1906 καὶ
606 1848 715 1902 τῶν
750 1843 915 1900 ἐθνῶν
950 1846 1159 1915 κλῆσιν.
1193 1841 1264 1895 Τὸ
1296 1842 1372 1902 δὲ,
1408 1840 1474 1892 ἐκ
1500 1838 1696 1906 χειρὸς

1868 1831 2103 1897 gentium
2130 1833 2484 1886 vocationem.
2506 1832 2639 1886 Illud
2660 1842 2859 1893 autem,
2875 1831 2938 1882 de
2959 1846 3114 1882 manu
3130 1831 3359 1883 inimico-

196 1948 320 2001 τῶν
347 1942 577 2013 ἐχθρῶν
604 1940 811 2001 αὐτοῦ,
848 1939 945 1994 καὶ
987 1938 1054 1989 ἐκ
1081 1934 1279 2003 χειρὸς
1311 1932 1530 1993 Σαοὺλ,
1564 1932 1696 1984 ἀνα-

198 2037 405 2111 φέροιτ’
438 2035 502 2088 ἂν
534 2036 613 2096 εἰς
654 2033 779 2093 τοὺς
812 2028 1033 2098 νοητοὺς
1063 2026 1287 2095 ἐχθροὺς
1333 2024 1425 2075 καὶ
1452 2023 1540 2074 τὸν
1573 2018 1693 2072 τού-

196 2148 308 2183 των
338 2130 596 2198 ἄρχοντα.

212 2218 527 2289 Ἀταπήσω
558 2229 661 2277 σε,
705 2214 899 2279 Κύριε,
938 2208 1115 2276 ἰσχύς
1143 2221 1289 2274 μου·
1328 2205 1541 2271 Κύριος
1567 2218 1701 2255 στε-

1862 1936 1977 1971 rum
2016 1921 2126 1988 ejus
2163 1934 2210 1973 et
2233 1923 2294 1974 de
2328 1938 2486 1974 manu
2519 1921 2719 1987 Saulis,
2746 1921 2810 1975 ad
2840 1920 3143 1989 spirituales
3169 1921 3353 1976 hostes

1869 2022 1920 2064 et
1950 2012 2143 2064 horum
2180 2016 2476 2082 principem
2511 2014 2702 2068 referri
2735 2022 2932 2084 potest.

1867 2191 1919 2246 2.
1974 2192 2199 2262 Diligam
2251 2204 2315 2257 te,
2359 2192 2602 2255 Domine,
2639 2193 2895 2262 fortitudo
2936 2210 3068 2256 mea,
3110 2193 3361 2246 Dominus

119 2285 324 2379 ρέωμιὶ
371 2325 487 2377 μου
548 2304 642 2357 καὶ
690 2298 999 2368 καταφυγή
1046 2313 1185 2365 μου.
1228 2292 1347 2345 Τῶν
1378 2291 1701 2362 εὐεργεσιῶν

1810 2285 2188 2346 ﬁrmamentum
2240 2304 2409 2339 meum
2470 2298 2517 2341 et
2566 2289 2822 2358 refugium
2866 2305 3052 2342 meum.
3092 2287 3224 2343 Cum
3268 2289 3359 2343 Dei

128 2403 455 2472 αἰσθόμενος
511 2396 604 2449 τοῦ
653 2392 810 2454 Θεοῦ,
860 2394 995 2460 ὅπερ
1046 2388 1163 2440 ἐστὶ
1203 2387 1455 2457 μέγιστον
1509 2384 1694 2453 δῶρον,

128 2495 452 2566 ἀνατίθησιν
477 2490 643 2558 αὐτῷ,
675 2486 770 2557 τὴν
800 2484 1020 2552 ἀγάπην
1049 2480 1221 2550 φημί·
1258 2480 1323 2548 ἢν
1356 2479 1447 2529 καὶ
1478 2476 1701 2546 πρώτην

127 2592 157 2641 ὀ
180 2587 374 2655 Σωτὴρ
409 2586 466 2636 ἐν
498 2580 731 2640 ἐντολαῖς
763 2575 969 2641 ἔταξεν.

205 2674 406 2732 Αἰγῶν
432 2668 894 2735 ἐπεκαλεσὰμην
947 2665 1057 2717 τὸν
1105 2663 1319 2730 Κύριον
1349 2660 1444 2713 καὶ
1476 2660 1542 2712 ἐκ
1586 2655 1704 2710 τῶν

125 2768 362 2840 ἐχθρῶν
417 2780 533 2834 μου
594 2760 959 2827 σωθήσομαι.
1040 2754 1299 2807 Ἐνταῦθα
1349 2747 1704 2819 διδασκόμεθα

131 2863 295 2933 χάριν
340 2858 437 2929 μὲν
459 2855 739 2925 ὁμολογεῖν
773 2851 912 2919 ὑπὲρ
939 2848 1047 2899 τῶν
1076 2843 1440 2914 ὑπηργμένων
1464 2840 1701 2906 ἀγαθῶν

129 2932 309 3005 αἰτεῖν
338 2949 396 3000 δέ
429 2946 590 2998 πάλιν
622 2942 690 2995 τὰ
715 2941 980 2993 ἐνδέοντα.
1008 2933 1139 2989 Εἶτα
1165 2934 1431 3005 διηγεῖται
1461 2932 1557 2996 τὰς
1583 2946 1707 2983 παν-

128 3039 376 3101 τοδαπὰς
408 3036 515 3089 τῶν
550 3032 821 3102 πολεμίων
847 3028 1257 3087 ἐπαναστάσεις.

202 3130 536 3202 Περιέσχον
562 3143 638 3195 με
681 3123 888 3186 ὠδῖνες
926 3118 1202 3175 θανάτου.
1240 3113 1490 3177 Οὐδενὸς.
1522 3112 1703 3182 φησιν,

1802 2378 2028 2430 senserit
2062 2377 2337 2442 beneficia,
2366 2378 2508 2447 quod
2526 2380 2765 2431 omnium
2793 2380 3056 2432 donorum
3080 2388 3161 2433 est
3194 2380 3362 2432 maxi-

1804 2482 1950 2519 mum
1992 2465 2148 2520 oﬂ'ert
2186 2467 2309 2535 ipsi,
2342 2482 2531 2535 nempe
2569 2468 2911 2533 cltaritatem,
2946 2469 3031 2521 cui
3071 2469 3273 2537 primas
3305 2470 3359 2522 in

1804 2557 2084 2625 praeceptis
2116 2556 2363 2610 Salvator
2390 2557 2602 2610 detulit.

1872 2645 1925 2699 3.
1974 2644 2220 2699 Laudans
2271 2645 2503 2698 invocavi
2557 2644 2854 2709 Dominum,
2905 2656 2954 2698 et
3014 2648 3076 2698 ab
3134 2648 3358 2701 inimicus

1804 2738 1929 2789 meis
1976 2736 2150 2790 salvus
2198 2754 2304 2790 ero.
2351 2734 2447 2792 Hic
2494 2736 2752 2791 docemur
2786 2738 3010 2807 gratiam
3049 2738 3247 2791 relerre
3291 2739 3357 2791 de

1805 2830 1963 2883 bonis
2005 2830 2201 2894 quibus
2246 2829 2387 2881 aucti
2438 2844 2625 2882 sumus
2664 2848 2675 2882 :
2716 2838 2770 2883 et
2815 2843 3031 2882 rursum
3089 2828 3362 2897 postulare

1808 2936 1927 2990 qua:
1959 2921 2172 2974 desunt.
2219 2918 2479 2989 Deinceps
2516 2929 2691 2974 autem
2731 2920 2971 2974 diversas
3015 2929 3229 2973 enarrat
3260 2920 3363 2973 ini-

1808 3014 2070 3066 micorum
2110 3014 2457 3081 irruptiones.

1878 3104 1929 3157 5.
1978 3103 2439 3158 Circumdederunt
2480 3120 2559 3156 me
2594 3103 2797 3156 dolores
2842 3105 3044 3157 mortis.
3074 3101 3189 3158 Non
3224 3120 3367 3159 mor-

131 3186 375 3279 ἐνταῦθα
416 3186 654 3289 πολέμου
706 3214 901 3283 θνητοῦ
939 3212 1231 3282 μέμνηται,
1268 3207 1400 3260 ἀλλὰ
1428 3204 1704 3274 δυνάμεων

1813 3196 1916 3249 tale
1944 3197 2028 3249 hic
2048 3196 2244 3249 bellum
2264 3205 2547 3257 memOrat,
2577 3195 2667 3248 sed
2713 3194 3007 3249 invisibiles
3051 3205 3364 3264 potestates.

129 3315 385 3387 ἀφανῶν,
418 3312 564 3365 ἔνδον
588 3312 685 3381 τὴν
710 3308 885 3378 ψυχὴν
908 3304 1070 3358 αὑτοῦ
1098 3298 1425 3354 κυκλουσῶν.
1462 3296 1568 3349 Καὶ
1588 3295 1708 3363 χεί-

124 3385 350 3478 μὰρῤοι
388 3402 638 3471 drop/ac
668 3394 1032 3465 ἐξετὰραξάν
1055 3409 1148 3462 με.
1196 3389 1417 3452 Ὠδῖνες
1434 3385 1580 3452 ᾅδου
1608 3400 1708 3478 πε-

122 3474 559 3570 ριέκύκλωσάν
585 3512 659 3563 με
688 3511 702 3524 ’
733 3485 1122 3559 προέφθασάν
1140 3499 1217 3552 με
1256 3478 1501 3549 πατίδες
1531 3474 1709 3531 θανά-

130 3610 266 3647 του.
310 3591 615 3659 Χείμαρροι
659 3583 885 3654 ἀνομίας
936 3580 1071 3633 εἰσὶν
1115 3580 1160 3629 οἱ
1210 3575 1509 3645 παράνομοι
1567 3571 1711 3637 λογι-

134 3683 267 3753 σμοε
291 3698 305 3710 ·
335 3674 481 3733 οῦτοι
515 3678 572 3731 δὲ
605 3674 756 3728 αὑτοὶ
783 3674 875 3725 καὶ
902 3672 1089 3730 ὠδῖνες
1129 3666 1415 3719 καλοῦνται
1448 3662 1714 3732 χρονίζον-

131 3790 230 3836 τες
256 3773 315 3824 ἐν
346 3772 500 3839 ἡμῖν,
544 3766 637 3819 καὶ
682 3762 842 3816 πάλιν
887 3759 1131 3827 παγίδες,
1179 3754 1531 3815 θανατοῦντες
1564 3754 1710 3821 ἡμᾶς

130 3865 226 3918 διὰ
258 3862 358 3932 τῆς
394 3860 510 3913 κατ’
544 3856 821 3929 ἐνέργειαν
857 3850 1149 3923 ἁμαρτίας.

212 3931 326 4010 Καὶ
344 3952 646 4016 ἐσαλεύθη
688 3946 784 3999 καὶ
815 3945 1099 4011 ἔντρομος
1132 3937 1383 4009 ἐγενήθη
1422 3938 1460 4004 ἡ
1497 3931 1595 4005 τῆ.
1630 3933 1710 3986 Τὰ

136 4046 492 4119 παραχθέντα
536 4042 655 4094 τότε
700 4038 792 4091 ἐπὶ
835 4039 899 4105 τῇ
932 4034 1144 4103 καθόδῳ
1184 4030 1276 4083 τοῦ
1320 4029 1521 4098 Κυρίου
1563 4028 1711 4096 εἰση-

136 4117 355 4208 γεῖται·
393 4134 591 4194 πάντες
620 4130 727 4201 γὰρ
774 4127 823 4179 οἱ
861 4126 959 4195 τὴν
1000 4124 1104 4192 γῆν
1151 4118 1424 4181 οἰκοῦντες
1457 4117 1710 4188 ἐκινήθη-

139 4248 242 4285 σαν
264 4248 275 4259 ·
317 4225 469 4280 πᾶσὰ
500 4240 557 4276 τε
598 4220 752 4291 χώρα
780 4215 1084 4287 ἐπληροῦτο
1116 4212 1215 4281 τῆς
1250 4210 1378 4281 περὶ
1404 4208 1568 4262 αὐτοῦ
1608 4209 1710 4278 φή-

140 4338 274 4392 μης.
312 4317 421 4373 Καὶ
465 4312 537 4367 τὰ
589 4309 833 4380 θεμέλια
871 4306 991 4360 τῶν
1042 4303 1227 4374 ὁρέων
1274 4298 1711 4392 ἐταράχθησαν.

142 4390 289 4483 ᾸὌρη
318 4409 576 4478 δυνάμεις
599 4404 705 4457 εἰσὶ
729 4400 963 4471 πονηραὶ
988 4398 1044 4450 αἱ
1072 4395 1426 4464 ἐπαιρόμεναι
1454 4391 1591 4483 κατὰ
1614 4390 1713 4483 τῆς

1809 3289 1955 3340 intus
1984 3288 2218 3340 animam
2245 3287 2413 3355 ipsius
2443 3287 2858 3341 circumdantes.
2891 3286 2955 3339 Et
2993 3296 3244 3341 torrente:
3271 3290 3368 3341 ini-

1807 3378 2021 3445 quitatis
2053 3375 2491 3429 contaﬂmverunt
2532 3393 2629 3430 me.
2660 3376 2877 3430 Dolores
2918 3378 3112 3447 inferni
3146 3380 3367 3431 circum-

1808 3467 2057 3520 dederunt
2111 3484 2210 3529 me,
2260 3478 2749 3535 prwoccupaverunt
2803 3482 2881 3520 me
2937 3468 3109 3538 laquei
3162 3469 3363 3523 mortis.

1811 3557 2100 3613 Torrentes
2142 3558 2441 3628 iniquitatis
2481 3566 2607 3611 sunt
2649 3573 2825 3626 pravtc
2870 3558 3258 3627 cogitationes:
3292 3574 3368 3611 em

1810 3651 1952 3704 enim
1980 3652 2108 3719 ipsa!
2134 3650 2349 3705 dolores
2380 3658 2640 3704 vocantur
2668 3664 2788 3703 cum
2830 3648 2919 3702 diu
2972 3648 3023 3701 in
3067 3648 3222 3701 nobis
3248 3663 3368 3717 pcr-

1813 3752 2080 3807 severant,
2126 3752 2177 3796 et
2233 3743 2424 3797 iterum
2474 3742 2672 3810 laquei,
2727 3741 2851 3809 quia
2879 3754 2975 3795 nos
3020 3755 3114 3808 per
3157 3741 3369 3793 acturio

1811 3844 2088 3904 peccatum
2116 3845 2359 3889 enecant.

1883 3926 1934 3980 8.
1982 3924 2253 3980 Commota
2280 3935 2354 3978 est
2394 3934 2443 3978 et
2472 3933 2781 3979 contremuit
2818 3933 2975 3979 terra.
3006 3922 3135 3993 Qua:
3182 3925 3235 3978 in
3276 3926 3369 3978 de-

1812 4033 2007 4072 scensu
2050 4015 2262 4070 Domini
2288 4031 2513 4070 evenere
2545 4024 2749 4069 narrat.
2782 4013 2981 4069 Omnes
3007 4017 3146 4069 enim
3181 4014 3370 4069 incola.-

1814 4116 1970 4160 terra:
2009 4107 2263 4159 commoti
2296 4114 2441 4165 sunt,
2470 4106 2617 4172 regio
2646 4105 2827 4157 omnis
2858 4106 2975 4170 ejus
2997 4103 3138 4157 fama
3168 4106 3371 4173 repleta

1813 4210 1915 4253 est.
1957 4195 2322 4250 Fundamenta
2350 4196 2603 4248 montium
2643 4194 2954 4249 conturbata
2988 4205 3129 4249 sunt.
3162 4194 3371 4251 Monte.

1814 4298 1943 4343 sunt
1966 4288 2210 4357 malignae
2240 4295 2550 4356 potestates.
2588 4302 2709 4354 qua:
2743 4287 3154 4339 insurrexerunt
3178 4285 3366 4339 advel-

1818 4397 1911 4435 sus
1958 4380 2049 4434 Dei
2100 4380 2343 4451 gloriam.
2402 4378 2771 4433 Fundamenta
2820 4388 2997 4432 autem
3054 4393 3237 4431 eorum
3297 4379 3371 4432 ait

138 4469 304 4575 δόέης
332 4500 429 4553 τοῦ
454 4469 610 4551 Deo-3.
643 4469 881 4565 Θεμέλια
911 4491 968 4543 δὲ
998 4487 1177 4541 αὐτῶν
1202 4487 1325 4547 τοὺς
1360 4485 1418 4535 ἐν
1452 4482 1604 4552 βάθει
1632 4482 1708 4534 λο-

1817 4472 2115 4543 profundas
2150 4472 2524 4542 cogitationes.
2561 4469 2625 4523 Et
2672 4480 2927 4523 commota
2963 4481 3082 4522 sunt
3124 4471 3368 4539 quoniam

139 4574 379 4667 γισμούς
413 4607 595 4660 φησιν.
644 4587 753 4642 Καὶ
806 4582 1263 4645 ἐσαλεύθηοάν,
1322 4576 1409 4629 ὅτι
1453 4574 1712 4667 ὠργίσθη

140 4664 348 4751 αὐτοῖς
379 4686 412 4738 ὁ
444 4682 604 4747 Θεός.
638 4679 777 4733 Διότι
815 4678 872 4730 ἐν
908 4669 1281 4743 μακρῷ·αἰῶνι
1324 4669 1449 4729 τοὺς
1488 4664 1577 4720 ἐπὶ
1616 4664 1713 4735 τῆς

141 4783 245 4851 γῆς
274 4778 566 4847 ἠπάτησαν
596 4770 684 4825 διὰ
714 4769 810 4839 τῆς
840 4763 1098 4819 πολυθέου
1132 4757 1571 4828 δεισιδαιμονίας.

222 4845 434 4934 Ἀκέὄη
460 4864 688 4929 καπνὸς
712 4861 782 4915 ἐν
803 4856 950 4929 ὀργῆ
973 4853 1180 4909 αὑτοῦ.
1216 4849 1539 4921 Ὀργισθεὶς,
1559 4845 1710 4917 φησὶ,

141 4960 476 5018 κατέσϐεσεν
509 4953 689 5009 αὐτῶν
726 4952 786 5005 τὸ
820 4949 931 5018 πῦρ
962 4947 1028 5000 δι’
1062 4942 1123 4999 οῦ
1158 4944 1322 4998 πάλαι
1352 4941 1475 5002 τοῦς
1508 4938 1714 5009 ἀνθρὼ-

142 5071 277 5118 πους
306 5049 659 5119 κατέφλεγον.
701 5044 811 5097 Καὶ
858 5038 1045 5095 τούτου
1079 5035 1346 5108 σύμϐολον
1386 5034 1475 5085 τὸν
1511 5028 1714 5085 καπνὸν

139 5148 343 5216 τίθησι.
378 5140 487 5197 Καὶ
530 5138 649 5206 πῦρ
682 5134 799 5190 ἀιτύ
832 5132 1154 5201 προσώπου
1194 5126 1379 5182 αὐτοῦ
1424 5125 1715 5216 καταφλξ-

142 5213 414 5308 τήάεται.
450 5231 636 5285 Ταῦτα
650 5228 757 5297 γάρ
777 5224 914 5280 ὁτοῦ
937 5222 1070 5277 Θεοῦ
1100 5221 1226 5283 Υἱὸς
1257 5218 1469 5287 ἐνεργεῖ
1496 5213 1715 5283 ἀφανῶς

143 5305 287 5383 κατά
305 5326 417 5379 τῶν
439 5320 828 5389 ἀντικειμένων
844 5314 1125 5384 δυνάμεων
1148 5311 1208 5362 τὸ
1230 5309 1340 5378 πῦρ
1360 5306 1537 5361 αὐτῶν
1560 5305 1714 5357 σϐεν-

142 5422 236 5484 νὺς
256 5417 434 5487 ἑτέρῳ
460 5431 533 5467 πυ
543 5412 594 5481 pi
610 5410 878 5481 κρείττονι
910 5407 1001 5458 καὶ
1020 5401 1387 5471 δυνατωτέρῳ.
1417 5396 1715 5487 [ὐρῶντες

142 5513 251 5581 γὰρ
274 5512 325 5563 οἱ
358 5486 611 5574 δαίμονες
653 5502 742 5555 τὸν
781 5500 984 5570 Κύριον
1005 5538 1019 5559 ,
1057 5499 1116 5548 ἐν
1149 5497 1214 5563 τῇ
1255 5490 1523 5562 παρουσίᾳ
1551 5486 1714 5581 apro?»

143 5574 393 5655 ἐκαίοντο
443 5595 552 5647 ἀπὸ
603 5588 892 5663 προσώπου
940 5582 1165 5656 αὑτοῦ]
1202 5584 1526 5647 ’Λγθρακες
1573 5574 1715 5639 ἀγή-

143 5696 393 5761 ρυησαν
444 5687 544 5741 ἀπ’
585 5684 788 5738 αὑτοῦ.
834 5682 894 5734 Οἱ
949 5678 1088 5732 κατὰ
1122 5674 1408 5747 μετουσίαν
1434 5671 1527 5724 τοῦ
1571 5670 1714 5723 θείου

345 5778 727 5849 φωτισθέντες.

1818 4568 1986 4620 iratus
2019 4576 2093 4619 est
2129 4567 2203 4618 eis
2240 4564 2398 4617 Deus.
2432 4562 2569 4629 Quia
2613 4563 2869 4615 diuturno
2898 4564 3153 4632 temporis
3195 4566 3368 4632 spatio

1815 4666 1970 4712 terra:
1998 4658 2202 4712 incolas
2224 4656 2550 4725 deceperunt
2586 4668 2680 4723 per
2710 4655 3144 4723 superstitiosum
3174 4655 3370 4707 multo-

1814 4768 1932 4806 rum
1962 4754 2242 4807 numinum
2274 4751 2497 4805 cultum.

1888 4844 1941 4899 9.
1995 4843 2240 4898 Ascendit
2290 4842 2467 4906 [unius
2511 4841 2567 4892 in
2602 4841 2683 4893 ira
2727 4839 2861 4909 ejus.
2920 4846 3114 4904 iratus,
3174 4837 3367 4907 inquit.

1814 4952 2001 4991 eorum
2054 4937 2229 5005 ignem
2281 4949 2390 5004 quo
2443 4932 2571 4987 olim
2640 4933 2884 4987 homines
2934 4931 3367 4993 concremabant,

1813 5026 2084 5079 restinxit.
2118 5024 2367 5093 lgnisque
2406 5023 2617 5092 signum
2649 5022 2855 5075 fumum
2884 5021 3054 5091 ponit.
3094 5018 3161 5073 Et
3184 5021 3316 5089 ignis
3339 5039 3370 5072 α

1816 5119 1950 5181 facie
1982 5118 2093 5186 ejus
2133 5116 2456 5170 exardescet.
2497 5113 2618 5169 Hac
2668 5114 2810 5168 enim
2859 5113 2949 5168 Dei
2982 5112 3143 5167 Filius
3186 5123 3367 5167 contra

1815 5209 2153 5264 adversarias
2225 5216 2517 5277 potestates
2584 5206 2793 5260 occulte
2869 5213 3123 5273 Oper-atur
3193 5205 3369 5271 ignem

1814 5318 2001 5356 eorum
2035 5302 2384 5369 exstinguens
2414 5303 2533 5367 igne
2575 5297 2680 5351 alio
2710 5297 2915 5364 potiore
2952 5305 3006 5349 et
3042 5295 3369 5349 ardentiore.

1818 5392 2092 5466 [Videutes
2116 5396 2256 5446 enim
2285 5392 2555 5445 daemones
2581 5388 2890 5455 Dominum,
2914 5388 2966 5441 in
2994 5388 3221 5441 adventu
3255 5387 3377 5454 ejus

1816 5484 2274 5539 comburebantur
2327 5497 2354 5534 a
2400 5479 2536 5535 facie
2583 5476 2798 5549 ipsius.]
2833 5476 3092 5533 Carbone:
3140 5475 3372 5529 succensi

1816 5583 1936 5630 sunt
1976 5572 2040 5625 ab
2063 5588 2141 5625 eo.
2175 5570 2211 5624 li
2240 5570 2443 5624 scilicet
2470 5569 2561 5639 qui
2582 5584 2674 5638 per
2702 5566 3163 5637 participationem
3193 5564 3373 5619 divino

1817 5666 1937 5736 igne
1968 5675 2093 5717 sunt
2118 5661 2419 5717 illuminati.
