  <div class='ocr_page' id='page_1' title='image "/cluster/home/n/w/nwhite01/storage/ocr_20150623/27/ien.35556001660521/068.png"; bbox 0 0 4032 6434; ppageno 0'>
   <div class='ocr_carea' id='block_1_1' title="bbox 138 403 230 456">
    <p class='ocr_par' dir='ltr' id='par_1_1' title="bbox 138 403 230 456">
     <span class='ocr_line' id='line_1_1' title="bbox 138 403 230 456; baseline 0.033 -3"><span class='ocrx_word' id='word_1_1' title='bbox 138 403 230 456; x_wconf 71' lang='grc'><strong>115</strong></span> 
     </span>
    </p>
   </div>
   <div class='ocr_carea' id='block_1_2' title="bbox 1197 381 2241 446">
    <p class='ocr_par' dir='ltr' id='par_1_2' title="bbox 1197 381 2241 446">
     <span class='ocr_line' id='line_1_2' title="bbox 1197 381 2241 446; baseline -0.009 -1"><span class='ocrx_word' id='word_1_2' title='bbox 1197 387 1558 446; x_wconf 74' lang='lat' dir='ltr'><strong>EXPOSLTIO</strong></span> <span class='ocrx_word' id='word_1_3' title='bbox 1600 385 1663 441; x_wconf 84' lang='lat' dir='ltr'><strong>IN</strong></span> <span class='ocrx_word' id='word_1_4' title='bbox 1705 385 2039 441; x_wconf 74' lang='lat' dir='ltr'><strong>PSALMUM</strong></span> <span class='ocrx_word' id='word_1_5' title='bbox 2081 381 2241 438; x_wconf 77' lang='lat' dir='ltr'><strong>XVII.</strong></span> 
     </span>
    </p>
   </div>
   <div class='ocr_carea' id='block_1_3' title="bbox 3269 380 3368 433">
    <p class='ocr_par' dir='ltr' id='par_1_3' title="bbox 3269 380 3368 433">
     <span class='ocr_line' id='line_1_3' title="bbox 3269 380 3368 433; baseline 0.02 -2"><span class='ocrx_word' id='word_1_6' title='bbox 3269 380 3368 433; x_wconf 71' lang='lat' dir='ltr'><strong>1H</strong></span> 
     </span>
    </p>
   </div>
   <div class='ocr_carea' id='block_1_4' title="bbox 139 496 1721 586">
    <p class='ocr_par' dir='ltr' id='par_1_4' title="bbox 139 506 1698 586">
     <span class='ocr_line' id='line_1_4' title="bbox 139 506 1698 586; baseline -0.01 -16"><span class='ocrx_word' id='word_1_7' title='bbox 139 517 358 586; x_wconf 66' lang='grc' dir='ltr'>θεμέλια</span> <span class='ocrx_word' id='word_1_8' title='bbox 396 514 494 582; x_wconf 74' lang='grc' dir='ltr'>τῆς</span> <span class='ocrx_word' id='word_1_9' title='bbox 526 515 614 566; x_wconf 60' lang='grc' dir='ltr'><strong>ὑπτ</strong></span> <span class='ocrx_word' id='word_1_10' title='bbox 654 512 903 583; x_wconf 66' lang='grc' dir='ltr'>οὐρανὸν,</span> <span class='ocrx_word' id='word_1_11' title='bbox 936 511 1060 572; x_wconf 73' lang='grc' dir='ltr'>τοὺς</span> <span class='ocrx_word' id='word_1_12' title='bbox 1090 509 1278 576; x_wconf 81' lang='grc' dir='ltr'><strong>ἁγίους</strong></span> <span class='ocrx_word' id='word_1_13' title='bbox 1319 506 1648 567; x_wconf 73' lang='grc' dir='ltr'><strong>ἀποστόλους</strong></span> <span class='ocrx_word' id='word_1_14' title='bbox 1685 521 1698 534; x_wconf 76' lang='grc' dir='ltr'><strong>ο</strong></span> 
     </span>
    </p>
   </div>
   <div class='ocr_carea' id='block_1_5' title="bbox 1822 496 3369 586">
    <p class='ocr_par' dir='ltr' id='par_1_5' title="bbox 1822 496 3369 569">
     <span class='ocr_line' id='line_1_5' title="bbox 1822 496 3369 569; baseline -0.005 -13"><span class='ocrx_word' id='word_1_15' title='bbox 1822 515 1986 556; x_wconf 74' lang='lat' dir='ltr'><strong>nenia</strong></span> <span class='ocrx_word' id='word_1_16' title='bbox 2019 502 2188 567; x_wconf 85' lang='lat' dir='ltr'><strong>orbis,</strong></span> <span class='ocrx_word' id='word_1_17' title='bbox 2220 509 2436 556; x_wconf 86' lang='lat' dir='ltr'><strong>sanctos</strong></span> <span class='ocrx_word' id='word_1_18' title='bbox 2471 498 2749 569; x_wconf 84' lang='lat' dir='ltr'><strong>apestolos</strong></span> <span class='ocrx_word' id='word_1_19' title='bbox 2783 515 2796 552; x_wconf 92' lang='lat'><strong>:</strong></span> <span class='ocrx_word' id='word_1_20' title='bbox 2829 511 2952 551; x_wconf 89' lang='lat' dir='ltr'><strong>nam</strong></span> <span class='ocrx_word' id='word_1_21' title='bbox 2989 503 3042 550; x_wconf 89' lang='lat' dir='ltr'><strong>et</strong></span> <span class='ocrx_word' id='word_1_22' title='bbox 3087 496 3188 566; x_wconf 88' lang='lat' dir='ltr'><strong>ipsi</strong></span> <span class='ocrx_word' id='word_1_23' title='bbox 3223 499 3369 551; x_wconf 83' lang='lat' dir='ltr'><strong>salu-</strong></span> 
     </span>
    </p>
   </div>
   <div class='ocr_carea' id='block_1_6' title="bbox 141 595 1707 674">
    <p class='ocr_par' dir='ltr' id='par_1_6' title="bbox 141 595 1707 674">
     <span class='ocr_line' id='line_1_6' title="bbox 141 595 1707 674; baseline -0.008 -16"><span class='ocrx_word' id='word_1_24' title='bbox 141 606 547 674; x_wconf 70' lang='grc' dir='ltr'>άναπηγάςουσι</span> <span class='ocrx_word' id='word_1_25' title='bbox 585 604 693 673; x_wconf 74' lang='grc' dir='ltr'><strong>γάρ</strong></span> <span class='ocrx_word' id='word_1_26' title='bbox 727 603 819 654; x_wconf 67' lang='grc' dir='ltr'>καὶ</span> <span class='ocrx_word' id='word_1_27' title='bbox 843 602 992 654; x_wconf 75' lang='grc' dir='ltr'>αὐτοὶ</span> <span class='ocrx_word' id='word_1_28' title='bbox 1013 601 1104 652; x_wconf 73' lang='grc' dir='ltr'><strong>τὸν</strong></span> <span class='ocrx_word' id='word_1_29' title='bbox 1131 601 1392 668; x_wconf 78' lang='grc' dir='ltr'>σωτήριον</span> <span class='ocrx_word' id='word_1_30' title='bbox 1425 595 1578 663; x_wconf 77' lang='grc' dir='ltr'>λόγον</span> <span class='ocrx_word' id='word_1_31' title='bbox 1614 595 1707 647; x_wconf 74' lang='grc' dir='ltr'><strong>καί¹</strong></span> 
     </span>
    </p>
   </div>
   <div class='ocr_carea' id='block_1_7' title="bbox 141 691 1707 773">
    <p class='ocr_par' dir='ltr' id='par_1_7' title="bbox 141 691 1707 773">
     <span class='ocr_line' id='line_1_7' title="bbox 141 691 1707 773; baseline -0.004 -18"><span class='ocrx_word' id='word_1_32' title='bbox 141 703 375 773; x_wconf 73' lang='grc' dir='ltr'>κρηπίόα</span> <span class='ocrx_word' id='word_1_33' title='bbox 433 703 499 770; x_wconf 81' lang='grc' dir='ltr'>τῇ</span> <span class='ocrx_word' id='word_1_34' title='bbox 551 700 640 752; x_wconf 78' lang='grc' dir='ltr'><strong>ὑπ’</strong></span> <span class='ocrx_word' id='word_1_35' title='bbox 688 698 913 768; x_wconf 62' lang='grc' dir='ltr'>οὐρανὸν</span> <span class='ocrx_word' id='word_1_36' title='bbox 960 695 1315 750; x_wconf 79' lang='grc' dir='ltr'>κατεεάλοντο</span> <span class='ocrx_word' id='word_1_37' title='bbox 1372 691 1469 762; x_wconf 78' lang='grc' dir='ltr'>τὴν</span> <span class='ocrx_word' id='word_1_38' title='bbox 1504 691 1707 743; x_wconf 73' lang='grc' dir='ltr'>πίστιν.</span> 
     </span>
    </p>
   </div>
   <div class='ocr_carea' id='block_1_8' title="bbox 141 783 1711 862">
    <p class='ocr_par' dir='ltr' id='par_1_8' title="bbox 141 783 1711 862">
     <span class='ocr_line' id='line_1_8' title="bbox 141 783 1711 862; baseline -0.008 -16"><span class='ocrx_word' id='word_1_39' title='bbox 141 793 327 862; x_wconf 71' lang='grc' dir='ltr'>Πηγὰς</span> <span class='ocrx_word' id='word_1_40' title='bbox 355 792 412 844; x_wconf 72' lang='grc' dir='ltr'>δὲ</span> <span class='ocrx_word' id='word_1_41' title='bbox 455 791 661 843; x_wconf 78' lang='grc' dir='ltr'><strong>ὑδάτων</strong></span> <span class='ocrx_word' id='word_1_42' title='bbox 706 790 797 842; x_wconf 74' lang='grc' dir='ltr'><strong>καὶ</strong></span> <span class='ocrx_word' id='word_1_43' title='bbox 828 789 1051 858; x_wconf 83' lang='grc' dir='ltr'>θεμέλια</span> <span class='ocrx_word' id='word_1_44' title='bbox 1090 788 1186 856; x_wconf 77' lang='grc' dir='ltr'>τῆς</span> <span class='ocrx_word' id='word_1_45' title='bbox 1218 787 1538 857; x_wconf 80' lang='grc' dir='ltr'>οἰκουμένης</span> <span class='ocrx_word' id='word_1_46' title='bbox 1588 783 1711 852; x_wconf 80' lang='grc' dir='ltr'>νοή-</span> 
     </span>
    </p>
   </div>
   <div class='ocr_carea' id='block_1_9' title="bbox 141 878 1151 949">
    <p class='ocr_par' dir='ltr' id='par_1_9' title="bbox 141 878 1151 949">
     <span class='ocr_line' id='line_1_9' title="bbox 141 878 1151 949; baseline -0.005 -15"><span class='ocrx_word' id='word_1_47' title='bbox 141 899 248 946; x_wconf 70' lang='grc' dir='ltr'>σεις</span> <span class='ocrx_word' id='word_1_48' title='bbox 283 881 444 933; x_wconf 81' lang='grc' dir='ltr'>πάλιν</span> <span class='ocrx_word' id='word_1_49' title='bbox 468 881 528 932; x_wconf 77' lang='grc' dir='ltr'>τὸ</span> <span class='ocrx_word' id='word_1_50' title='bbox 565 882 828 949; x_wconf 84' lang='grc' dir='ltr'>σωτήριον</span> <span class='ocrx_word' id='word_1_51' title='bbox 853 878 1151 947; x_wconf 76' lang='grc' dir='ltr'><strong>βάπτισμα.</strong></span> 
     </span>
    </p>
   </div>
   <div class='ocr_carea' id='block_1_10' title="bbox 226 969 1714 1040">
    <p class='ocr_par' dir='ltr' id='par_1_10' title="bbox 226 969 1714 1040">
     <span class='ocr_line' id='line_1_10' title="bbox 226 969 1714 1040; baseline -0.009 -13"><span class='ocrx_word' id='word_1_52' title='bbox 226 974 356 1027; x_wconf 69' lang='lat' dir='ltr'><strong>Am)</strong></span> <span class='ocrx_word' id='word_1_53' title='bbox 413 969 804 1040; x_wconf 65' lang='grc' dir='ltr'>ἐπιτιμήσεως</span> <span class='ocrx_word' id='word_1_54' title='bbox 855 987 1011 1032; x_wconf 74' lang='grc' dir='ltr'><strong>σου,</strong></span> <span class='ocrx_word' id='word_1_55' title='bbox 1069 969 1264 1034; x_wconf 71' lang='grc' dir='ltr'>Κύριε.</span> <span class='ocrx_word' id='word_1_56' title='bbox 1323 969 1714 1036; x_wconf 86' lang='grc' dir='ltr'>Προσυπακου-</span> 
     </span>
    </p>
   </div>
   <div class='ocr_carea' id='block_1_11' title="bbox 142 1054 1709 1134">
    <p class='ocr_par' dir='ltr' id='par_1_11' title="bbox 142 1054 1709 1134">
     <span class='ocr_line' id='line_1_11' title="bbox 142 1054 1709 1134; baseline -0.008 -17"><span class='ocrx_word' id='word_1_57' title='bbox 142 1066 294 1117; x_wconf 81' lang='grc' dir='ltr'>στέον</span> <span class='ocrx_word' id='word_1_58' title='bbox 327 1065 404 1126; x_wconf 63' lang='grc' dir='ltr'><strong>τὸ,</strong></span> <span class='ocrx_word' id='word_1_59' title='bbox 433 1063 770 1134; x_wconf 68' lang='grc' dir='ltr'><strong>ἀνῃρέθησαν</strong></span> <span class='ocrx_word' id='word_1_60' title='bbox 810 1063 857 1113; x_wconf 83' lang='grc' dir='ltr'>οἱ</span> <span class='ocrx_word' id='word_1_61' title='bbox 898 1059 1284 1131; x_wconf 79' lang='grc' dir='ltr'>προλεχθέντες</span> <span class='ocrx_word' id='word_1_62' title='bbox 1318 1057 1519 1128; x_wconf 77' lang='grc' dir='ltr'>ἐχθροί.</span> <span class='ocrx_word' id='word_1_63' title='bbox 1575 1054 1709 1109; x_wconf 78' lang='grc' dir='ltr'><strong>Ἀπὸ</strong></span> 
     </span>
    </p>
   </div>
   <div class='ocr_carea' id='block_1_12' title="bbox 139 1146 1715 1224">
    <p class='ocr_par' dir='ltr' id='par_1_12' title="bbox 139 1146 1715 1224">
     <span class='ocr_line' id='line_1_12' title="bbox 139 1146 1715 1224; baseline -0.006 -17"><span class='ocrx_word' id='word_1_64' title='bbox 139 1157 524 1224; x_wconf 71' lang='grc' dir='ltr'>ἐμετιέὐσεως</span> <span class='ocrx_word' id='word_1_65' title='bbox 549 1154 887 1221; x_wconf 73' lang='grc' dir='ltr'>πνεύματος</span> <span class='ocrx_word' id='word_1_66' title='bbox 925 1151 1108 1220; x_wconf 71' lang='grc' dir='ltr'>ὀργῆς</span> <span class='ocrx_word' id='word_1_67' title='bbox 1160 1166 1294 1203; x_wconf 77' lang='grc' dir='ltr'>σου.</span> <span class='ocrx_word' id='word_1_68' title='bbox 1333 1150 1407 1202; x_wconf 68' lang='lat' dir='ltr'><strong>Ub</strong></span> <span class='ocrx_word' id='word_1_69' title='bbox 1463 1146 1715 1218; x_wconf 74' lang='grc' dir='ltr'>παραυτά</span> 
     </span>
    </p>
   </div>
   <div class='ocr_carea' id='block_1_13' title="bbox 138 1238 1712 1313">
    <p class='ocr_par' dir='ltr' id='par_1_13' title="bbox 138 1238 1712 1313">
     <span class='ocr_line' id='line_1_13' title="bbox 138 1238 1712 1313; baseline -0.006 -15"><span class='ocrx_word' id='word_1_70' title='bbox 138 1247 267 1307; x_wconf 73' lang='grc' dir='ltr'>Θεὸς</span> <span class='ocrx_word' id='word_1_71' title='bbox 298 1245 514 1310; x_wconf 76' lang='grc' dir='ltr'><strong>κολάζει</strong></span> <span class='ocrx_word' id='word_1_72' title='bbox 543 1247 666 1308; x_wconf 69' lang='grc' dir='ltr'>τοὺς</span> <span class='ocrx_word' id='word_1_73' title='bbox 698 1243 1107 1313; x_wconf 83' lang='grc' dir='ltr'>ἁμαρτάνοντας</span> <span class='ocrx_word' id='word_1_74' title='bbox 1134 1258 1147 1272; x_wconf 88' lang='grc'><strong>·</strong></span> <span class='ocrx_word' id='word_1_75' title='bbox 1210 1242 1241 1310; x_wconf 86' lang='grc' dir='ltr'>ἢ</span> <span class='ocrx_word' id='word_1_76' title='bbox 1294 1241 1404 1311; x_wconf 76' lang='grc' dir='ltr'><strong>γὰρ</strong></span> <span class='ocrx_word' id='word_1_77' title='bbox 1456 1240 1521 1292; x_wconf 84' lang='grc' dir='ltr'><strong>ἂν</strong></span> <span class='ocrx_word' id='word_1_78' title='bbox 1547 1238 1712 1308; x_wconf 75' lang='grc' dir='ltr'>ἄρδην</span> 
     </span>
    </p>
   </div>
   <div class='ocr_carea' id='block_1_14' title="bbox 139 1330 1711 1406">
    <p class='ocr_par' dir='ltr' id='par_1_14' title="bbox 139 1330 1711 1406">
     <span class='ocr_line' id='line_1_14' title="bbox 139 1330 1711 1406; baseline -0.008 -14"><span class='ocrx_word' id='word_1_79' title='bbox 139 1337 420 1392; x_wconf 72' lang='grc' dir='ltr'>ἀπώλοντο</span> <span class='ocrx_word' id='word_1_80' title='bbox 445 1355 458 1367; x_wconf 77' lang='grc' dir='ltr'><strong>ο</strong></span> <span class='ocrx_word' id='word_1_81' title='bbox 496 1338 875 1406; x_wconf 75' lang='grc' dir='ltr'>προαναφωνεῐ</span> <span class='ocrx_word' id='word_1_82' title='bbox 900 1336 955 1387; x_wconf 84' lang='grc' dir='ltr'><strong>δὲ</strong></span> <span class='ocrx_word' id='word_1_83' title='bbox 981 1335 1077 1403; x_wconf 73' lang='grc' dir='ltr'>τῆς</span> <span class='ocrx_word' id='word_1_84' title='bbox 1102 1333 1271 1403; x_wconf 80' lang='grc' dir='ltr'>ὀργῆς</span> <span class='ocrx_word' id='word_1_85' title='bbox 1295 1332 1392 1395; x_wconf 70' lang='grc' dir='ltr'>τὰς</span> <span class='ocrx_word' id='word_1_86' title='bbox 1423 1330 1669 1392; x_wconf 78' lang='grc' dir='ltr'><strong>κολάσεις</strong></span> <span class='ocrx_word' id='word_1_87' title='bbox 1696 1343 1711 1359; x_wconf 87' lang='grc'>⁶</span> 
     </span>
    </p>
   </div>
   <div class='ocr_carea' id='block_1_15' title="bbox 141 1425 1714 1496">
    <p class='ocr_par' dir='ltr' id='par_1_15' title="bbox 141 1425 1714 1496">
     <span class='ocr_line' id='line_1_15' title="bbox 141 1425 1714 1496; baseline -0.004 -15"><span class='ocrx_word' id='word_1_88' title='bbox 141 1426 455 1481; x_wconf 71' lang='grc' dir='ltr'>Παιδεὺσω</span> <span class='ocrx_word' id='word_1_89' title='bbox 499 1429 611 1496; x_wconf 74' lang='grc' dir='ltr'>γὰρ</span> <span class='ocrx_word' id='word_1_90' title='bbox 640 1428 862 1493; x_wconf 75' lang='grc' dir='ltr'>αὐτοὺς</span> <span class='ocrx_word' id='word_1_91' title='bbox 907 1429 976 1480; x_wconf 82' lang='grc' dir='ltr'><strong>ὲν</strong></span> <span class='ocrx_word' id='word_1_92' title='bbox 1019 1426 1093 1494; x_wconf 75' lang='grc' dir='ltr'>τῇ</span> <span class='ocrx_word' id='word_1_93' title='bbox 1133 1425 1281 1494; x_wconf 73' lang='grc' dir='ltr'>ὀργῇ</span> <span class='ocrx_word' id='word_1_94' title='bbox 1313 1425 1422 1492; x_wconf 77' lang='grc' dir='ltr'>τῆς</span> <span class='ocrx_word' id='word_1_95' title='bbox 1455 1425 1714 1490; x_wconf 74' lang='grc' dir='ltr'>θλίψεως</span> 
     </span>
    </p>
   </div>
   <div class='ocr_carea' id='block_1_16' title="bbox 138 1509 1714 1580">
    <p class='ocr_par' dir='ltr' id='par_1_16' title="bbox 138 1509 1714 1580">
     <span class='ocr_line' id='line_1_16' title="bbox 138 1509 1714 1580; baseline -0.003 -13"><span class='ocrx_word' id='word_1_96' title='bbox 138 1514 360 1568; x_wconf 77' lang='grc' dir='ltr'><strong>αὐτῶν.</strong></span> <span class='ocrx_word' id='word_1_97' title='bbox 401 1519 509 1569; x_wconf 73' lang='grc' dir='ltr'>Καὶ</span> <span class='ocrx_word' id='word_1_98' title='bbox 557 1516 713 1569; x_wconf 78' lang='grc' dir='ltr'>τοῦτό</span> <span class='ocrx_word' id='word_1_99' title='bbox 755 1519 869 1569; x_wconf 80' lang='grc' dir='ltr'>ἐστι</span> <span class='ocrx_word' id='word_1_100' title='bbox 902 1516 961 1567; x_wconf 80' lang='grc' dir='ltr'><strong>τὸ</strong></span> <span class='ocrx_word' id='word_1_101' title='bbox 991 1515 1248 1567; x_wconf 66' lang='grc' dir='ltr'>ὲιιπνέειν</span> <span class='ocrx_word' id='word_1_102' title='bbox 1299 1512 1476 1565; x_wconf 72' lang='grc' dir='ltr'>αὑτὸν</span> <span class='ocrx_word' id='word_1_103' title='bbox 1501 1509 1714 1580; x_wconf 78' lang='grc' dir='ltr'>πνεῦμα</span> 
     </span>
    </p>
   </div>
   <div class='ocr_carea' id='block_1_17' title="bbox 138 1609 663 1679">
    <p class='ocr_par' dir='ltr' id='par_1_17' title="bbox 138 1609 663 1679">
     <span class='ocr_line' id='line_1_17' title="bbox 138 1609 663 1679; baseline 0.006 -20"><span class='ocrx_word' id='word_1_104' title='bbox 138 1610 233 1678; x_wconf 72' lang='grc' dir='ltr'>τῆς</span> <span class='ocrx_word' id='word_1_105' title='bbox 269 1610 440 1679; x_wconf 77' lang='grc' dir='ltr'>ὀργῆς</span> <span class='ocrx_word' id='word_1_106' title='bbox 475 1609 663 1662; x_wconf 73' lang='grc' dir='ltr'>αὑτοῦ.</span> 
     </span>
    </p>
   </div>
   <div class='ocr_carea' id='block_1_18' title="bbox 1813 589 3371 654">
    <p class='ocr_par' dir='ltr' id='par_1_18' title="bbox 1813 589 3371 654">
     <span class='ocr_line' id='line_1_18' title="bbox 1813 589 3371 654; baseline -0.002 -6"><span class='ocrx_word' id='word_1_107' title='bbox 1813 603 1928 648; x_wconf 87' lang='lat' dir='ltr'><strong>tare</strong></span> <span class='ocrx_word' id='word_1_108' title='bbox 1981 593 2202 647; x_wconf 83' lang='lat' dir='ltr'><strong>verbum</strong></span> <span class='ocrx_word' id='word_1_109' title='bbox 2256 591 2587 654; x_wconf 80' lang='lat' dir='ltr'><strong>scaturiunt,</strong></span> <span class='ocrx_word' id='word_1_110' title='bbox 2645 599 2698 645; x_wconf 91' lang='lat' dir='ltr'><strong>et</strong></span> <span class='ocrx_word' id='word_1_111' title='bbox 2763 589 3171 643; x_wconf 76' lang='lat' dir='ltr'><strong>fundamentum</strong></span> <span class='ocrx_word' id='word_1_112' title='bbox 3223 590 3371 645; x_wconf 84' lang='lat' dir='ltr'><strong>orbis</strong></span> 
     </span>
    </p>
   </div>
   <div class='ocr_carea' id='block_1_19' title="bbox 1815 682 3373 758">
    <p class='ocr_par' dir='ltr' id='par_1_19' title="bbox 1815 682 3373 758">
     <span class='ocr_line' id='line_1_19' title="bbox 1815 682 3373 758; baseline -0.001 -18"><span class='ocrx_word' id='word_1_113' title='bbox 1815 696 2130 758; x_wconf 88' lang='lat' dir='ltr'><strong>posuerunt,</strong></span> <span class='ocrx_word' id='word_1_114' title='bbox 2177 686 2332 740; x_wconf 77' lang='lat' dir='ltr'><strong>[idem</strong></span> <span class='ocrx_word' id='word_1_115' title='bbox 2383 685 2651 738; x_wconf 74' lang='lat' dir='ltr'><strong>videlicet.</strong></span> <span class='ocrx_word' id='word_1_116' title='bbox 2687 682 2887 737; x_wconf 85' lang='lat' dir='ltr'><strong>Fontes</strong></span> <span class='ocrx_word' id='word_1_117' title='bbox 2931 683 3055 738; x_wconf 91' lang='lat' dir='ltr'><strong>item</strong></span> <span class='ocrx_word' id='word_1_118' title='bbox 3094 692 3146 737; x_wconf 85' lang='lat' dir='ltr'><strong>et</strong></span> <span class='ocrx_word' id='word_1_119' title='bbox 3179 683 3373 739; x_wconf 80' lang='lat' dir='ltr'><strong>funda-</strong></span> 
     </span>
    </p>
   </div>
   <div class='ocr_carea' id='block_1_20' title="bbox 1809 774 3366 845">
    <p class='ocr_par' dir='ltr' id='par_1_20' title="bbox 1809 774 3366 845">
     <span class='ocr_line' id='line_1_20' title="bbox 1809 774 3366 845; baseline -0.003 -12"><span class='ocrx_word' id='word_1_120' title='bbox 1809 790 1989 834; x_wconf 86' lang='lat' dir='ltr'><strong>menta</strong></span> <span class='ocrx_word' id='word_1_121' title='bbox 2029 778 2177 832; x_wconf 83' lang='lat' dir='ltr'><strong>orbis</strong></span> <span class='ocrx_word' id='word_1_122' title='bbox 2218 777 2512 832; x_wconf 76' lang='lat' dir='ltr'><strong>salutarem</strong></span> <span class='ocrx_word' id='word_1_123' title='bbox 2556 775 2880 845; x_wconf 77' lang='lat' dir='ltr'><strong>baptismum</strong></span> <span class='ocrx_word' id='word_1_124' title='bbox 2908 774 3366 845; x_wconf 88' lang='lat' dir='ltr'><strong>interpretaberis.</strong></span> 
     </span>
    </p>
   </div>
   <div class='ocr_carea' id='block_1_21' title="bbox 1883 954 3372 1028">
    <p class='ocr_par' dir='ltr' id='par_1_21' title="bbox 1883 954 3372 1028">
     <span class='ocr_line' id='line_1_21' title="bbox 1883 954 3372 1028; baseline -0.005 -13"><span class='ocrx_word' id='word_1_125' title='bbox 1883 962 1969 1015; x_wconf 79' lang='grc' dir='ltr'><strong>Π.</strong></span> <span class='ocrx_word' id='word_1_126' title='bbox 2015 959 2089 1013; x_wconf 82' lang='lat' dir='ltr'><strong>Ab</strong></span> <span class='ocrx_word' id='word_1_127' title='bbox 2142 960 2491 1028; x_wconf 75' lang='lat' dir='ltr'><strong>increpatione</strong></span> <span class='ocrx_word' id='word_1_128' title='bbox 2539 968 2650 1024; x_wconf 88' lang='lat' dir='ltr'><strong>tua,</strong></span> <span class='ocrx_word' id='word_1_129' title='bbox 2691 955 2926 1010; x_wconf 74' lang='lat' dir='ltr'><strong>Domine.</strong></span> <span class='ocrx_word' id='word_1_130' title='bbox 2979 954 3329 1024; x_wconf 79' lang='lat' dir='ltr'><strong>Suhintellige</strong></span> <span class='ocrx_word' id='word_1_131' title='bbox 3356 994 3372 1018; x_wconf 89' lang='lat'><strong>,</strong></span> 
     </span>
    </p>
   </div>
   <div class='ocr_carea' id='block_1_22' title="bbox 1812 1047 3373 1121">
    <p class='ocr_par' dir='ltr' id='par_1_22' title="bbox 1812 1047 3373 1121">
     <span class='ocr_line' id='line_1_22' title="bbox 1812 1047 3373 1121; baseline -0.005 -13"><span class='ocrx_word' id='word_1_132' title='bbox 1812 1054 2010 1108; x_wconf 91' lang='lat' dir='ltr'><strong>sublati</strong></span> <span class='ocrx_word' id='word_1_133' title='bbox 2047 1063 2174 1107; x_wconf 87' lang='lat' dir='ltr'><strong>sunt</strong></span> <span class='ocrx_word' id='word_1_134' title='bbox 2205 1051 2446 1121; x_wconf 52' lang='lat' dir='ltr'><strong>praedicti</strong></span> <span class='ocrx_word' id='word_1_135' title='bbox 2481 1051 2689 1106; x_wconf 76' lang='lat' dir='ltr'><strong>hostes.</strong></span> <span class='ocrx_word' id='word_1_136' title='bbox 2722 1050 2798 1105; x_wconf 72' lang='lat' dir='ltr'><strong>Ab</strong></span> <span class='ocrx_word' id='word_1_137' title='bbox 2837 1049 3178 1119; x_wconf 68' lang='lat' dir='ltr'><strong>inspirmione</strong></span> <span class='ocrx_word' id='word_1_138' title='bbox 3211 1047 3373 1116; x_wconf 82' lang='lat' dir='ltr'><strong>spiri-</strong></span> 
     </span>
    </p>
   </div>
   <div class='ocr_carea' id='block_1_23' title="bbox 1812 1141 3374 1213">
    <p class='ocr_par' dir='ltr' id='par_1_23' title="bbox 1812 1141 3374 1213">
     <span class='ocr_line' id='line_1_23' title="bbox 1812 1141 3374 1213; baseline -0.004 -13"><span class='ocrx_word' id='word_1_139' title='bbox 1812 1150 2006 1200; x_wconf 81' lang='lat' dir='ltr'><strong>tnsira:</strong></span> <span class='ocrx_word' id='word_1_140' title='bbox 2031 1156 2153 1199; x_wconf 69' lang='lat' dir='ltr'><strong>tute.</strong></span> <span class='ocrx_word' id='word_1_141' title='bbox 2185 1144 2299 1198; x_wconf 82' lang='lat' dir='ltr'><strong>Non</strong></span> <span class='ocrx_word' id='word_1_142' title='bbox 2332 1154 2508 1199; x_wconf 90' lang='lat' dir='ltr'><strong>autem</strong></span> <span class='ocrx_word' id='word_1_143' title='bbox 2532 1145 2710 1200; x_wconf 91' lang='lat' dir='ltr'><strong>statim</strong></span> <span class='ocrx_word' id='word_1_144' title='bbox 2736 1160 2858 1199; x_wconf 90' lang='lat' dir='ltr'><strong>cum</strong></span> <span class='ocrx_word' id='word_1_145' title='bbox 2890 1151 3111 1213; x_wconf 88' lang='lat' dir='ltr'><strong>peccant</strong></span> <span class='ocrx_word' id='word_1_146' title='bbox 3129 1141 3374 1194; x_wconf 80' lang='lat' dir='ltr'><strong>homines</strong></span> 
     </span>
    </p>
   </div>
   <div class='ocr_carea' id='block_1_24' title="bbox 1809 1231 3377 1306">
    <p class='ocr_par' dir='ltr' id='par_1_24' title="bbox 1809 1231 3377 1306">
     <span class='ocr_line' id='line_1_24' title="bbox 1809 1231 3377 1306; baseline -0.005 -15"><span class='ocrx_word' id='word_1_147' title='bbox 1809 1255 1903 1293; x_wconf 89' lang='lat' dir='ltr'><strong>eos</strong></span> <span class='ocrx_word' id='word_1_148' title='bbox 1937 1236 2077 1290; x_wconf 81' lang='lat' dir='ltr'><strong>Deus</strong></span> <span class='ocrx_word' id='word_1_149' title='bbox 2112 1238 2296 1306; x_wconf 82' lang='lat' dir='ltr'><strong>punit;</strong></span> <span class='ocrx_word' id='word_1_150' title='bbox 2325 1250 2448 1288; x_wconf 90' lang='lat' dir='ltr'><strong>nam</strong></span> <span class='ocrx_word' id='word_1_151' title='bbox 2485 1235 2528 1288; x_wconf 92' lang='lat' dir='ltr'><strong>si</strong></span> <span class='ocrx_word' id='word_1_152' title='bbox 2556 1236 2654 1288; x_wconf 91' lang='lat' dir='ltr'><strong>hoc</strong></span> <span class='ocrx_word' id='word_1_153' title='bbox 2685 1235 2852 1300; x_wconf 80' lang='lat' dir='ltr'><strong>ﬁeret,</strong></span> <span class='ocrx_word' id='word_1_154' title='bbox 2879 1233 2978 1302; x_wconf 91' lang='lat' dir='ltr'><strong>ipsi</strong></span> <span class='ocrx_word' id='word_1_155' title='bbox 3018 1233 3174 1303; x_wconf 88' lang='lat' dir='ltr'><strong>plane</strong></span> <span class='ocrx_word' id='word_1_156' title='bbox 3213 1231 3377 1284; x_wconf 74' lang='lat' dir='ltr'><strong>intrr-</strong></span> 
     </span>
    </p>
   </div>
   <div class='ocr_carea' id='block_1_25' title="bbox 1812 1322 3377 1396">
    <p class='ocr_par' dir='ltr' id='par_1_25' title="bbox 1812 1322 3377 1396">
     <span class='ocr_line' id='line_1_25' title="bbox 1812 1322 3377 1396; baseline -0.005 -14"><span class='ocrx_word' id='word_1_157' title='bbox 1812 1330 1953 1383; x_wconf 85' lang='lat' dir='ltr'><strong>ircnt</strong></span> <span class='ocrx_word' id='word_1_158' title='bbox 2006 1347 2018 1382; x_wconf 92' lang='lat'>:</span> <span class='ocrx_word' id='word_1_159' title='bbox 2062 1344 2185 1380; x_wconf 86' lang='lat' dir='ltr'><strong>nam</strong></span> <span class='ocrx_word' id='word_1_160' title='bbox 2236 1328 2328 1380; x_wconf 70' lang='lat' dir='ltr'><strong>ine</strong></span> <span class='ocrx_word' id='word_1_161' title='bbox 2357 1327 2624 1396; x_wconf 70' lang='lat' dir='ltr'><strong>supplicia</strong></span> <span class='ocrx_word' id='word_1_162' title='bbox 2669 1327 2826 1395; x_wconf 84' lang='lat' dir='ltr'><strong>longe</strong></span> <span class='ocrx_word' id='word_1_163' title='bbox 2876 1335 3003 1379; x_wconf 81' lang='lat' dir='ltr'><strong>ante</strong></span> <span class='ocrx_word' id='word_1_164' title='bbox 3051 1322 3377 1394; x_wconf 78' lang='lat' dir='ltr'><strong>pramuntiat</strong></span> 
     </span>
    </p>
   </div>
   <div class='ocr_carea' id='block_1_26' title="bbox 1810 1415 3378 1489">
    <p class='ocr_par' dir='ltr' id='par_1_26' title="bbox 1810 1415 3378 1489">
     <span class='ocr_line' id='line_1_26' title="bbox 1810 1415 3378 1489; baseline -0.003 -17"><span class='ocrx_word' id='word_1_165' title='bbox 1810 1435 1971 1489; x_wconf 89' lang='lat' dir='ltr'><strong>quam</strong></span> <span class='ocrx_word' id='word_1_166' title='bbox 2012 1419 2237 1488; x_wconf 80' lang='lat' dir='ltr'><strong>inﬂigat.</strong></span> <span class='ocrx_word' id='word_1_167' title='bbox 2269 1419 2354 1472; x_wconf 80' lang='lat' dir='ltr'><strong>Ait</strong></span> <span class='ocrx_word' id='word_1_168' title='bbox 2382 1420 2528 1473; x_wconf 89' lang='lat' dir='ltr'><strong>cnim</strong></span> <span class='ocrx_word' id='word_1_169' title='bbox 2577 1437 2590 1473; x_wconf 92' lang='lat'>:</span> <span class='ocrx_word' id='word_1_170' title='bbox 2636 1417 2934 1485; x_wconf 72' lang='lat' dir='ltr'><strong>Corripiens</strong></span> <span class='ocrx_word' id='word_1_171' title='bbox 2968 1433 3054 1469; x_wconf 85' lang='lat' dir='ltr'><strong>eos</strong></span> <span class='ocrx_word' id='word_1_172' title='bbox 3083 1416 3137 1468; x_wconf 86' lang='lat' dir='ltr'><strong>in</strong></span> <span class='ocrx_word' id='word_1_173' title='bbox 3167 1416 3249 1468; x_wconf 87' lang='lat' dir='ltr'><strong>ira</strong></span> <span class='ocrx_word' id='word_1_174' title='bbox 3282 1415 3378 1467; x_wconf 82' lang='lat' dir='ltr'><strong>tri-</strong></span> 
     </span>
    </p>
   </div>
   <div class='ocr_carea' id='block_1_27' title="bbox 1812 1504 3382 1576">
    <p class='ocr_par' dir='ltr' id='par_1_27' title="bbox 1812 1504 3382 1576">
     <span class='ocr_line' id='line_1_27' title="bbox 1812 1504 3382 1576; baseline -0.003 -14"><span class='ocrx_word' id='word_1_175' title='bbox 1812 1511 2098 1564; x_wconf 85' lang='lat' dir='ltr'><strong>bulationis</strong></span> <span class='ocrx_word' id='word_1_176' title='bbox 2133 1526 2312 1564; x_wconf 87' lang='lat' dir='ltr'><strong>eorum</strong></span> <span class='ocrx_word' id='word_1_177' title='bbox 2346 1510 2387 1563; x_wconf 82' lang='grc'><strong>⁸.</strong></span> <span class='ocrx_word' id='word_1_178' title='bbox 2420 1508 2484 1564; x_wconf 83' lang='lat' dir='ltr'><strong>Et</strong></span> <span class='ocrx_word' id='word_1_179' title='bbox 2515 1509 2569 1563; x_wconf 89' lang='lat' dir='ltr'><strong>in</strong></span> <span class='ocrx_word' id='word_1_180' title='bbox 2607 1510 2710 1564; x_wconf 87' lang='lat' dir='ltr'><strong>hoc</strong></span> <span class='ocrx_word' id='word_1_181' title='bbox 2739 1508 2941 1563; x_wconf 86' lang='lat' dir='ltr'><strong>dicitur</strong></span> <span class='ocrx_word' id='word_1_182' title='bbox 2970 1506 3239 1576; x_wconf 81' lang='lat' dir='ltr'><strong>inspirare</strong></span> <span class='ocrx_word' id='word_1_183' title='bbox 3276 1504 3382 1573; x_wconf 87' lang='lat' dir='ltr'><strong>spi-</strong></span> 
     </span>
    </p>
   </div>
   <div class='ocr_carea' id='block_1_28' title="bbox 1811 1601 2259 1654">
    <p class='ocr_par' dir='ltr' id='par_1_28' title="bbox 1811 1601 2259 1654">
     <span class='ocr_line' id='line_1_28' title="bbox 1811 1601 2259 1654; baseline -0.004 0"><span class='ocrx_word' id='word_1_184' title='bbox 1811 1601 1976 1654; x_wconf 85' lang='lat' dir='ltr'><strong>ritum</strong></span> <span class='ocrx_word' id='word_1_185' title='bbox 2006 1602 2098 1654; x_wconf 83' lang='lat' dir='ltr'><strong>ira:</strong></span> <span class='ocrx_word' id='word_1_186' title='bbox 2130 1615 2259 1654; x_wconf 63' lang='lat' dir='ltr'><strong>suae.</strong></span> 
     </span>
    </p>
   </div>
   <div class='ocr_carea' id='block_1_29' title="bbox 212 1729 3383 1809">
    <p class='ocr_par' dir='ltr' id='par_1_29' title="bbox 212 1729 3383 1809">
     <span class='ocr_line' id='line_1_29' title="bbox 212 1729 3383 1809; baseline -0.003 -16"><span class='ocrx_word' id='word_1_187' title='bbox 212 1741 406 1795; x_wconf 80' lang='lat' dir='ltr'><strong>Daniel</strong></span> <span class='ocrx_word' id='word_1_188' title='bbox 442 1742 752 1795; x_wconf 81' lang='lat' dir='ltr'><strong>Barbarus:</strong></span> <span class='ocrx_word' id='word_1_189' title='bbox 784 1741 929 1795; x_wconf 72' lang='lat' dir='ltr'><strong>Misit</strong></span> <span class='ocrx_word' id='word_1_190' title='bbox 961 1741 1024 1795; x_wconf 79' lang='lat' dir='ltr'><strong>de</strong></span> <span class='ocrx_word' id='word_1_191' title='bbox 1070 1745 1195 1795; x_wconf 70' lang='lat' dir='ltr'><strong>cazto</strong></span> <span class='ocrx_word' id='word_1_192' title='bbox 1241 1752 1287 1796; x_wconf 90' lang='lat' dir='ltr'><strong>et</strong></span> <span class='ocrx_word' id='word_1_193' title='bbox 1332 1741 1530 1809; x_wconf 80' lang='lat' dir='ltr'><strong>accepit</strong></span> <span class='ocrx_word' id='word_1_194' title='bbox 1566 1757 1664 1794; x_wconf 87' lang='lat' dir='ltr'><strong>me.</strong></span> <span class='ocrx_word' id='word_1_195' title='bbox 1700 1737 1834 1791; x_wconf 79' lang='lat' dir='ltr'><strong>Vere</strong></span> <span class='ocrx_word' id='word_1_196' title='bbox 1875 1736 2172 1789; x_wconf 89' lang='lat' dir='ltr'><strong>humanum</strong></span> <span class='ocrx_word' id='word_1_197' title='bbox 2219 1750 2388 1806; x_wconf 77' lang='lat' dir='ltr'><strong>genus</strong></span> <span class='ocrx_word' id='word_1_198' title='bbox 2429 1735 2682 1801; x_wconf 84' lang='lat' dir='ltr'><strong>servavit,</strong></span> <span class='ocrx_word' id='word_1_199' title='bbox 2717 1733 2785 1789; x_wconf 87' lang='lat' dir='ltr'><strong>de</strong></span> <span class='ocrx_word' id='word_1_200' title='bbox 2827 1733 2966 1788; x_wconf 66' lang='lat' dir='ltr'><strong>caelo</strong></span> <span class='ocrx_word' id='word_1_201' title='bbox 3013 1732 3173 1788; x_wconf 88' lang='lat' dir='ltr'><strong>nobis</strong></span> <span class='ocrx_word' id='word_1_202' title='bbox 3209 1729 3383 1786; x_wconf 82' lang='lat' dir='ltr'><strong>sancti</strong></span> 
     </span>
    </p>
   </div>
   <div class='ocr_carea' id='block_1_30' title="bbox 141 1827 2232 1902">
    <p class='ocr_par' dir='ltr' id='par_1_30' title="bbox 141 1827 2232 1902">
     <span class='ocr_line' id='line_1_30' title="bbox 141 1827 2232 1902; baseline -0.002 -17"><span class='ocrx_word' id='word_1_203' title='bbox 141 1831 380 1902; x_wconf 74' lang='lat' dir='ltr'><strong>Spiritus</strong></span> <span class='ocrx_word' id='word_1_204' title='bbox 405 1834 610 1886; x_wconf 79' lang='lat' dir='ltr'><strong>dorium</strong></span> <span class='ocrx_word' id='word_1_205' title='bbox 640 1833 952 1887; x_wconf 82' lang='lat' dir='ltr'><strong>demittens.</strong></span> <span class='ocrx_word' id='word_1_206' title='bbox 977 1833 1278 1887; x_wconf 88' lang='lat' dir='ltr'><strong>Theodotio</strong></span> <span class='ocrx_word' id='word_1_207' title='bbox 1313 1852 1324 1886; x_wconf 92' lang='lat'>:</span> <span class='ocrx_word' id='word_1_208' title='bbox 1356 1831 1435 1885; x_wconf 84' lang='lat' dir='ltr'><strong>De</strong></span> <span class='ocrx_word' id='word_1_209' title='bbox 1456 1831 1582 1886; x_wconf 76' lang='lat' dir='ltr'><strong>cmlo</strong></span> <span class='ocrx_word' id='word_1_210' title='bbox 1613 1830 1837 1884; x_wconf 79' lang='lat' dir='ltr'><strong>salutent</strong></span> <span class='ocrx_word' id='word_1_211' title='bbox 1868 1827 1998 1880; x_wconf 79' lang='lat' dir='ltr'><strong>mihi</strong></span> <span class='ocrx_word' id='word_1_212' title='bbox 2026 1827 2232 1884; x_wconf 81' lang='lat' dir='ltr'><strong>tribuit.</strong></span> 
     </span>
    </p>
   </div>
   <div class='ocr_carea' id='block_1_31' title="bbox 213 1939 1721 2020">
    <p class='ocr_par' dir='ltr' id='par_1_31' title="bbox 213 1944 1715 2014">
     <span class='ocr_line' id='line_1_31' title="bbox 213 1944 1715 2014; baseline -0.001 -16"><span class='ocrx_word' id='word_1_213' title='bbox 213 1944 633 2012; x_wconf 74' lang='grc' dir='ltr'>Προσελιίϐετό</span> <span class='ocrx_word' id='word_1_214' title='bbox 661 1963 739 2014; x_wconf 83' lang='grc' dir='ltr'><strong>με</strong></span> <span class='ocrx_word' id='word_1_215' title='bbox 792 1947 862 2010; x_wconf 82' lang='grc' dir='ltr'><strong>ἐξ</strong></span> <span class='ocrx_word' id='word_1_216' title='bbox 920 1947 1155 2001; x_wconf 71' lang='grc' dir='ltr'>ὑδάτων</span> <span class='ocrx_word' id='word_1_217' title='bbox 1200 1947 1467 2000; x_wconf 72' lang='grc' dir='ltr'>πολλῶν.</span> <span class='ocrx_word' id='word_1_218' title='bbox 1507 1946 1715 1999; x_wconf 86' lang='grc' dir='ltr'>Ὕδατα</span> 
     </span>
    </p>
   </div>
   <div class='ocr_carea' id='block_1_32' title="bbox 1822 1939 3385 2020">
    <p class='ocr_par' dir='ltr' id='par_1_32' title="bbox 1892 1939 3385 2013">
     <span class='ocr_line' id='line_1_32' title="bbox 1892 1939 3385 2013; baseline 0.003 -19"><span class='ocrx_word' id='word_1_219' title='bbox 1892 1943 2188 2012; x_wconf 80' lang='lat' dir='ltr'><strong>Assumpsit</strong></span> <span class='ocrx_word' id='word_1_220' title='bbox 2217 1960 2295 1996; x_wconf 88' lang='lat' dir='ltr'><strong>me</strong></span> <span class='ocrx_word' id='word_1_221' title='bbox 2329 1960 2392 1996; x_wconf 87' lang='lat' dir='ltr'><strong>ae</strong></span> <span class='ocrx_word' id='word_1_222' title='bbox 2421 1943 2571 2013; x_wconf 82' lang='lat' dir='ltr'><strong>aquis</strong></span> <span class='ocrx_word' id='word_1_223' title='bbox 2602 1941 2805 1996; x_wconf 84' lang='lat' dir='ltr'><strong>multis.</strong></span> <span class='ocrx_word' id='word_1_224' title='bbox 2834 1940 3022 2012; x_wconf 79' lang='lat' dir='ltr'><strong>Aquas</strong></span> <span class='ocrx_word' id='word_1_225' title='bbox 3042 1939 3176 1997; x_wconf 84' lang='lat' dir='ltr'><strong>dicit</strong></span> <span class='ocrx_word' id='word_1_226' title='bbox 3209 1949 3385 1998; x_wconf 86' lang='lat' dir='ltr'><strong>tenta-</strong></span> 
     </span>
    </p>
   </div>
   <div class='ocr_carea' id='block_1_33' title="bbox 138 2037 832 2109">
    <p class='ocr_par' dir='ltr' id='par_1_33' title="bbox 138 2037 832 2109">
     <span class='ocr_line' id='line_1_33' title="bbox 138 2037 832 2109; baseline 0.003 -20"><span class='ocrx_word' id='word_1_227' title='bbox 138 2038 265 2098; x_wconf 72' lang='grc' dir='ltr'>τοὺς</span> <span class='ocrx_word' id='word_1_228' title='bbox 301 2037 642 2107; x_wconf 77' lang='grc' dir='ltr'>πειρασμούς</span> <span class='ocrx_word' id='word_1_229' title='bbox 679 2056 832 2109; x_wconf 74' lang='grc' dir='ltr'>φησι.</span> 
     </span>
    </p>
   </div>
   <div class='ocr_carea' id='block_1_34' title="bbox 212 2125 1717 2201">
    <p class='ocr_par' dir='ltr' id='par_1_34' title="bbox 212 2125 1717 2201">
     <span class='ocr_line' id='line_1_34' title="bbox 212 2125 1717 2201; baseline 0.003 -24"><span class='ocrx_word' id='word_1_230' title='bbox 212 2125 345 2198; x_wconf 82' lang='grc' dir='ltr'><strong>[Ἐξ</strong></span> <span class='ocrx_word' id='word_1_231' title='bbox 391 2127 627 2181; x_wconf 76' lang='grc' dir='ltr'>ὑδάτων</span> <span class='ocrx_word' id='word_1_232' title='bbox 662 2129 929 2183; x_wconf 65' lang='grc' dir='ltr'>πολλῶν.</span> <span class='ocrx_word' id='word_1_233' title='bbox 976 2130 1183 2183; x_wconf 85' lang='grc' dir='ltr'>’Ύδατα</span> <span class='ocrx_word' id='word_1_234' title='bbox 1231 2133 1355 2194; x_wconf 76' lang='grc' dir='ltr'>τοὺς</span> <span class='ocrx_word' id='word_1_235' title='bbox 1383 2129 1717 2201; x_wconf 82' lang='grc' dir='ltr'>πειρασμούς</span> 
     </span>
    </p>
   </div>
   <div class='ocr_carea' id='block_1_35' title="bbox 143 2214 1718 2294">
    <p class='ocr_par' dir='ltr' id='par_1_35' title="bbox 143 2214 1718 2294">
     <span class='ocr_line' id='line_1_35' title="bbox 143 2214 1718 2294; baseline 0.003 -25"><span class='ocrx_word' id='word_1_236' title='bbox 143 2235 301 2288; x_wconf 75' lang='grc' dir='ltr'><strong>φησι.</strong></span> <span class='ocrx_word' id='word_1_237' title='bbox 332 2221 495 2286; x_wconf 76' lang='grc' dir='ltr'>Λέγε.</span> <span class='ocrx_word' id='word_1_238' title='bbox 539 2224 567 2274; x_wconf 83' lang='grc' dir='ltr'>ὁ</span> <span class='ocrx_word' id='word_1_239' title='bbox 609 2214 798 2274; x_wconf 70' lang='grc' dir='ltr'>Δαυῖδ·</span> <span class='ocrx_word' id='word_1_240' title='bbox 832 2221 1044 2275; x_wconf 70' lang='grc' dir='ltr'>Ἐλαιῖέ</span> <span class='ocrx_word' id='word_1_241' title='bbox 1065 2240 1160 2291; x_wconf 85' lang='grc' dir='ltr'>με,</span> <span class='ocrx_word' id='word_1_242' title='bbox 1202 2224 1320 2294; x_wconf 76' lang='grc' dir='ltr'>ἤτοι</span> <span class='ocrx_word' id='word_1_243' title='bbox 1371 2223 1468 2294; x_wconf 79' lang='grc' dir='ltr'><strong>τὴν</strong></span> <span class='ocrx_word' id='word_1_244' title='bbox 1510 2222 1718 2292; x_wconf 81' lang='grc' dir='ltr'>ἀνορω-</span> 
     </span>
    </p>
   </div>
   <div class='ocr_carea' id='block_1_36' title="bbox 147 2309 1719 2383">
    <p class='ocr_par' dir='ltr' id='par_1_36' title="bbox 147 2309 1719 2383">
     <span class='ocr_line' id='line_1_36' title="bbox 147 2309 1719 2383; baseline 0.004 -25"><span class='ocrx_word' id='word_1_245' title='bbox 147 2309 306 2362; x_wconf 86' lang='grc' dir='ltr'>πείαν</span> <span class='ocrx_word' id='word_1_246' title='bbox 340 2310 534 2378; x_wconf 73' lang='grc' dir='ltr'>φύσινο</span> <span class='ocrx_word' id='word_1_247' title='bbox 572 2311 974 2382; x_wconf 73' lang='grc' dir='ltr'>ἐϐαπτίσθησαν</span> <span class='ocrx_word' id='word_1_248' title='bbox 1026 2311 1134 2383; x_wconf 73' lang='grc' dir='ltr'><strong>γὰρ</strong></span> <span class='ocrx_word' id='word_1_249' title='bbox 1185 2313 1242 2365; x_wconf 82' lang='grc' dir='ltr'><strong>ἐν</strong></span> <span class='ocrx_word' id='word_1_250' title='bbox 1288 2315 1352 2383; x_wconf 79' lang='grc' dir='ltr'>τῇ</span> <span class='ocrx_word' id='word_1_251' title='bbox 1389 2312 1569 2383; x_wconf 74' lang='grc' dir='ltr'>ἡμέρᾳ</span> <span class='ocrx_word' id='word_1_252' title='bbox 1619 2311 1719 2381; x_wconf 77' lang='grc' dir='ltr'><strong>τῆς</strong></span> 
     </span>
    </p>
   </div>
   <div class='ocr_carea' id='block_1_37' title="bbox 144 2399 1718 2475">
    <p class='ocr_par' dir='ltr' id='par_1_37' title="bbox 144 2399 1718 2475">
     <span class='ocr_line' id='line_1_37' title="bbox 144 2399 1718 2475; baseline 0.006 -26"><span class='ocrx_word' id='word_1_253' title='bbox 144 2399 528 2472; x_wconf 71' lang='grc' dir='ltr'>Πεντηκοστῆς</span> <span class='ocrx_word' id='word_1_254' title='bbox 561 2403 690 2455; x_wconf 80' lang='grc' dir='ltr'>ὡσεὶ</span> <span class='ocrx_word' id='word_1_255' title='bbox 721 2403 888 2472; x_wconf 74' lang='grc' dir='ltr'>ψυχαὶ</span> <span class='ocrx_word' id='word_1_256' title='bbox 921 2405 1212 2475; x_wconf 72' lang='grc' dir='ltr'><strong>τρισχίλιαι</strong></span> <span class='ocrx_word' id='word_1_257' title='bbox 1262 2406 1364 2458; x_wconf 75' lang='grc' dir='ltr'>ὑπὸ</span> <span class='ocrx_word' id='word_1_258' title='bbox 1416 2405 1524 2460; x_wconf 75' lang='grc' dir='ltr'><strong>τῶν</strong></span> <span class='ocrx_word' id='word_1_259' title='bbox 1581 2406 1718 2458; x_wconf 85' lang='grc' dir='ltr'>ἁπο-</span> 
     </span>
    </p>
   </div>
   <div class='ocr_carea' id='block_1_38' title="bbox 142 2492 410 2563">
    <p class='ocr_par' dir='ltr' id='par_1_38' title="bbox 142 2492 410 2563">
     <span class='ocr_line' id='line_1_38' title="bbox 142 2492 410 2563; baseline 0 -19"><span class='ocrx_word' id='word_1_260' title='bbox 142 2492 369 2544; x_wconf 73' lang='grc' dir='ltr'>ῦτόλων.</span> <span class='ocrx_word' id='word_1_261' title='bbox 396 2492 410 2563; x_wconf 86' lang='lat'><strong>]</strong></span> 
     </span>
    </p>
   </div>
   <div class='ocr_carea' id='block_1_39' title="bbox 225 2583 1716 2656">
    <p class='ocr_par' dir='ltr' id='par_1_39' title="bbox 225 2583 1716 2656">
     <span class='ocr_line' id='line_1_39' title="bbox 225 2583 1716 2656; baseline 0.003 -20"><span class='ocrx_word' id='word_1_262' title='bbox 225 2583 505 2636; x_wconf 74' lang='grc' dir='ltr'>Ῥὐσεταί</span> <span class='ocrx_word' id='word_1_263' title='bbox 523 2600 600 2651; x_wconf 86' lang='grc' dir='ltr'><strong>με</strong></span> <span class='ocrx_word' id='word_1_264' title='bbox 627 2585 692 2638; x_wconf 77' lang='grc' dir='ltr'>ἐκ</span> <span class='ocrx_word' id='word_1_265' title='bbox 743 2584 861 2638; x_wconf 81' lang='grc' dir='ltr'><strong>τῶν</strong></span> <span class='ocrx_word' id='word_1_266' title='bbox 887 2587 1113 2656; x_wconf 71' lang='grc' dir='ltr'><strong>ἐχθρῶν</strong></span> <span class='ocrx_word' id='word_1_267' title='bbox 1152 2605 1264 2655; x_wconf 80' lang='grc' dir='ltr'><strong>μου</strong></span> <span class='ocrx_word' id='word_1_268' title='bbox 1297 2586 1587 2650; x_wconf 79' lang='grc' dir='ltr'><strong>δυνατῶν,</strong></span> <span class='ocrx_word' id='word_1_269' title='bbox 1619 2588 1716 2640; x_wconf 75' lang='grc' dir='ltr'><strong>καί</strong></span> 
     </span>
    </p>
   </div>
   <div class='ocr_carea' id='block_1_40' title="bbox 139 2672 1719 2750">
    <p class='ocr_par' dir='ltr' id='par_1_40' title="bbox 139 2672 1719 2750">
     <span class='ocr_line' id='line_1_40' title="bbox 139 2672 1719 2750; baseline 0.003 -26"><span class='ocrx_word' id='word_1_270' title='bbox 139 2673 208 2725; x_wconf 65' lang='grc' dir='ltr'>ἐκ</span> <span class='ocrx_word' id='word_1_271' title='bbox 240 2672 362 2726; x_wconf 81' lang='grc' dir='ltr'><strong>τῶν</strong></span> <span class='ocrx_word' id='word_1_272' title='bbox 391 2677 738 2742; x_wconf 77' lang='grc' dir='ltr'><strong>μισούντων</strong></span> <span class='ocrx_word' id='word_1_273' title='bbox 781 2696 876 2746; x_wconf 83' lang='grc' dir='ltr'>με.</span> <span class='ocrx_word' id='word_1_274' title='bbox 928 2680 1018 2742; x_wconf 83' lang='grc' dir='ltr'><strong>Εἰς</strong></span> <span class='ocrx_word' id='word_1_275' title='bbox 1063 2679 1131 2732; x_wconf 78' lang='grc' dir='ltr'>τὰ</span> <span class='ocrx_word' id='word_1_276' title='bbox 1160 2679 1520 2750; x_wconf 81' lang='grc' dir='ltr'>πεπραγμένα</span> <span class='ocrx_word' id='word_1_277' title='bbox 1574 2678 1719 2747; x_wconf 75' lang='grc' dir='ltr'><strong>αὖτῷ</strong></span> 
     </span>
    </p>
   </div>
   <div class='ocr_carea' id='block_1_41' title="bbox 139 2766 1719 2841">
    <p class='ocr_par' dir='ltr' id='par_1_41' title="bbox 139 2766 1719 2841">
     <span class='ocr_line' id='line_1_41' title="bbox 139 2766 1719 2841; baseline 0.003 -24"><span class='ocrx_word' id='word_1_278' title='bbox 139 2766 234 2818; x_wconf 73' lang='grc' dir='ltr'><strong>ἐπὶ</strong></span> <span class='ocrx_word' id='word_1_279' title='bbox 262 2768 328 2834; x_wconf 84' lang='grc' dir='ltr'>τῇ</span> <span class='ocrx_word' id='word_1_280' title='bbox 361 2767 604 2838; x_wconf 76' lang='grc' dir='ltr'><strong>ἁμαρτίᾳ</strong></span> <span class='ocrx_word' id='word_1_281' title='bbox 638 2771 730 2822; x_wconf 75' lang='grc' dir='ltr'><strong>καὶ</strong></span> <span class='ocrx_word' id='word_1_282' title='bbox 766 2774 830 2840; x_wconf 82' lang='grc' dir='ltr'>τῇ</span> <span class='ocrx_word' id='word_1_283' title='bbox 872 2773 1126 2841; x_wconf 79' lang='grc' dir='ltr'>μετανοίᾳ</span> <span class='ocrx_word' id='word_1_284' title='bbox 1159 2770 1378 2839; x_wconf 81' lang='grc' dir='ltr'>μετέϐη.</span> <span class='ocrx_word' id='word_1_285' title='bbox 1413 2772 1477 2822; x_wconf 87' lang='grc' dir='ltr'><strong>Ὃ</strong></span> <span class='ocrx_word' id='word_1_286' title='bbox 1493 2770 1547 2822; x_wconf 82' lang='grc' dir='ltr'>δὲ</span> <span class='ocrx_word' id='word_1_287' title='bbox 1572 2770 1719 2838; x_wconf 82' lang='grc' dir='ltr'>λέγει</span> 
     </span>
    </p>
   </div>
   <div class='ocr_carea' id='block_1_42' title="bbox 140 2855 1718 2930">
    <p class='ocr_par' dir='ltr' id='par_1_42' title="bbox 140 2855 1718 2930">
     <span class='ocr_line' id='line_1_42' title="bbox 140 2855 1718 2930; baseline 0.004 -24"><span class='ocrx_word' id='word_1_288' title='bbox 140 2855 386 2910; x_wconf 70' lang='grc' dir='ltr'>τοιοῦτόν</span> <span class='ocrx_word' id='word_1_289' title='bbox 437 2861 602 2914; x_wconf 84' lang='grc' dir='ltr'>ἐστιν.</span> <span class='ocrx_word' id='word_1_290' title='bbox 645 2861 782 2930; x_wconf 84' lang='grc' dir='ltr'>Ἤδη</span> <span class='ocrx_word' id='word_1_291' title='bbox 835 2862 951 2929; x_wconf 81' lang='grc' dir='ltr'>μὲν,</span> <span class='ocrx_word' id='word_1_292' title='bbox 992 2861 1090 2928; x_wconf 72' lang='grc' dir='ltr'>τῆς</span> <span class='ocrx_word' id='word_1_293' title='bbox 1129 2859 1566 2930; x_wconf 80' lang='grc' dir='ltr'>ἐξομολογήσεὼς</span> <span class='ocrx_word' id='word_1_294' title='bbox 1621 2878 1718 2930; x_wconf 88' lang='grc' dir='ltr'><strong>μου</strong></span> 
     </span>
    </p>
   </div>
   <div class='ocr_carea' id='block_1_43' title="bbox 141 2945 1723 3018">
    <p class='ocr_par' dir='ltr' id='par_1_43' title="bbox 141 2945 1723 3018">
     <span class='ocr_line' id='line_1_43' title="bbox 141 2945 1723 3018; baseline 0.004 -23"><span class='ocrx_word' id='word_1_295' title='bbox 141 2945 457 3008; x_wconf 75' lang='grc' dir='ltr'>ἐπακούσας</span> <span class='ocrx_word' id='word_1_296' title='bbox 482 2947 508 2997; x_wconf 75' lang='grc' dir='ltr'>ὁ</span> <span class='ocrx_word' id='word_1_297' title='bbox 542 2945 764 3014; x_wconf 80' lang='grc' dir='ltr'>Κύριος,</span> <span class='ocrx_word' id='word_1_298' title='bbox 798 2947 987 3014; x_wconf 85' lang='grc' dir='ltr'>γέγονέ</span> <span class='ocrx_word' id='word_1_299' title='bbox 1021 2966 1109 3018; x_wconf 90' lang='grc' dir='ltr'><strong>μοι</strong></span> <span class='ocrx_word' id='word_1_300' title='bbox 1131 2950 1552 3018; x_wconf 86' lang='grc' dir='ltr'>άντιστὴριγμα,</span> <span class='ocrx_word' id='word_1_301' title='bbox 1597 2949 1723 3017; x_wconf 80' lang='grc' dir='ltr'>μέλ·</span> 
     </span>
    </p>
   </div>
   <div class='ocr_carea' id='block_1_44' title="bbox 141 3035 1722 3110">
    <p class='ocr_par' dir='ltr' id='par_1_44' title="bbox 141 3035 1722 3110">
     <span class='ocr_line' id='line_1_44' title="bbox 141 3035 1722 3110; baseline 0.003 -23"><span class='ocrx_word' id='word_1_302' title='bbox 141 3035 330 3100; x_wconf 82' lang='grc' dir='ltr'>λοντός</span> <span class='ocrx_word' id='word_1_303' title='bbox 387 3055 487 3106; x_wconf 89' lang='grc' dir='ltr'><strong>μου</strong></span> <span class='ocrx_word' id='word_1_304' title='bbox 519 3039 939 3109; x_wconf 74' lang='grc' dir='ltr'><strong>περιτρέπεσθαι</strong></span> <span class='ocrx_word' id='word_1_305' title='bbox 971 3043 1064 3093; x_wconf 73' lang='grc' dir='ltr'><strong>καὶ</strong></span> <span class='ocrx_word' id='word_1_306' title='bbox 1093 3042 1234 3110; x_wconf 87' lang='grc' dir='ltr'>μέγα</span> <span class='ocrx_word' id='word_1_307' title='bbox 1269 3040 1468 3110; x_wconf 80' lang='grc' dir='ltr'>πτῶμα</span> <span class='ocrx_word' id='word_1_308' title='bbox 1519 3042 1722 3109; x_wconf 80' lang='grc' dir='ltr'>ὑπομέ-</span> 
     </span>
    </p>
   </div>
   <div class='ocr_carea' id='block_1_45' title="bbox 142 3127 1719 3200">
    <p class='ocr_par' dir='ltr' id='par_1_45' title="bbox 142 3127 1719 3200">
     <span class='ocr_line' id='line_1_45' title="bbox 142 3127 1719 3200; baseline 0.013 -29"><span class='ocrx_word' id='word_1_309' title='bbox 142 3144 277 3189; x_wconf 74' lang='grc' dir='ltr'>νειν,</span> <span class='ocrx_word' id='word_1_310' title='bbox 332 3129 382 3178; x_wconf 80' lang='grc' dir='ltr'>εξ</span> <span class='ocrx_word' id='word_1_311' title='bbox 424 3128 560 3195; x_wconf 80' lang='grc' dir='ltr'>μετὰ</span> <span class='ocrx_word' id='word_1_312' title='bbox 596 3127 693 3198; x_wconf 79' lang='grc' dir='ltr'>τὴν</span> <span class='ocrx_word' id='word_1_313' title='bbox 722 3131 995 3200; x_wconf 78' lang='grc' dir='ltr'>ἁμαρτίαν</span> <span class='ocrx_word' id='word_1_314' title='bbox 1024 3133 1102 3194; x_wconf 88' lang='grc' dir='ltr'>εἰς</span> <span class='ocrx_word' id='word_1_315' title='bbox 1147 3131 1383 3200; x_wconf 80' lang='grc' dir='ltr'>παντελῆ</span> <span class='ocrx_word' id='word_1_316' title='bbox 1433 3130 1719 3195; x_wconf 78' lang='grc' dir='ltr'>ἐξέπιπτον</span> 
     </span>
    </p>
   </div>
   <div class='ocr_carea' id='block_1_46' title="bbox 141 3218 1717 3291">
    <p class='ocr_par' dir='ltr' id='par_1_46' title="bbox 141 3218 1717 3291">
     <span class='ocr_line' id='line_1_46' title="bbox 141 3218 1717 3291; baseline 0.002 -20"><span class='ocrx_word' id='word_1_317' title='bbox 141 3218 502 3271; x_wconf 76' lang='grc' dir='ltr'>ἀποστασίαν.</span> <span class='ocrx_word' id='word_1_318' title='bbox 565 3219 709 3289; x_wconf 82' lang='grc' dir='ltr'>Πλὴν</span> <span class='ocrx_word' id='word_1_319' title='bbox 759 3221 893 3272; x_wconf 70' lang='grc' dir='ltr'>ἀλλὰ</span> <span class='ocrx_word' id='word_1_320' title='bbox 939 3223 1031 3273; x_wconf 75' lang='grc' dir='ltr'><strong>καὶ</strong></span> <span class='ocrx_word' id='word_1_321' title='bbox 1077 3221 1351 3284; x_wconf 75' lang='grc' dir='ltr'>παντελῶς</span> <span class='ocrx_word' id='word_1_322' title='bbox 1383 3221 1604 3289; x_wconf 72' lang='grc' dir='ltr'>ῥύσεταί</span> <span class='ocrx_word' id='word_1_323' title='bbox 1650 3239 1717 3291; x_wconf 85' lang='grc' dir='ltr'><strong>με</strong></span> 
     </span>
    </p>
   </div>
   <div class='ocr_carea' id='block_1_47' title="bbox 1821 2033 2021 2089">
    <p class='ocr_par' dir='ltr' id='par_1_47' title="bbox 1821 2033 2021 2089">
     <span class='ocr_line' id='line_1_47' title="bbox 1821 2033 2021 2089; baseline 0 -2"><span class='ocrx_word' id='word_1_324' title='bbox 1821 2033 2021 2089; x_wconf 84' lang='lat' dir='ltr'><strong>tiones.</strong></span> 
     </span>
    </p>
   </div>
   <div class='ocr_carea' id='block_1_48' title="bbox 1890 2124 3391 2198">
    <p class='ocr_par' dir='ltr' id='par_1_48' title="bbox 1890 2124 3391 2198">
     <span class='ocr_line' id='line_1_48' title="bbox 1890 2124 3391 2198; baseline 0.003 -19"><span class='ocrx_word' id='word_1_325' title='bbox 1890 2126 1910 2198; x_wconf 95' lang='lat'>[</span> <span class='ocrx_word' id='word_1_326' title='bbox 1944 2126 2018 2180; x_wconf 89' lang='lat' dir='ltr'><strong>De</strong></span> <span class='ocrx_word' id='word_1_327' title='bbox 2061 2128 2212 2197; x_wconf 82' lang='lat' dir='ltr'><strong>aquis</strong></span> <span class='ocrx_word' id='word_1_328' title='bbox 2262 2128 2467 2183; x_wconf 82' lang='lat' dir='ltr'><strong>multis.</strong></span> <span class='ocrx_word' id='word_1_329' title='bbox 2495 2129 2680 2198; x_wconf 85' lang='lat' dir='ltr'><strong>Aquas</strong></span> <span class='ocrx_word' id='word_1_330' title='bbox 2711 2136 2871 2183; x_wconf 87' lang='lat' dir='ltr'><strong>vocat</strong></span> <span class='ocrx_word' id='word_1_331' title='bbox 2911 2128 3254 2183; x_wconf 86' lang='lat' dir='ltr'><strong>tentationes.</strong></span> <span class='ocrx_word' id='word_1_332' title='bbox 3295 2124 3391 2184; x_wconf 79' lang='lat' dir='ltr'><strong>Ait</strong></span> 
     </span>
    </p>
   </div>
   <div class='ocr_carea' id='block_1_49' title="bbox 1823 2217 3386 2286">
    <p class='ocr_par' dir='ltr' id='par_1_49' title="bbox 1823 2217 3386 2286">
     <span class='ocr_line' id='line_1_49' title="bbox 1823 2217 3386 2286; baseline 0.002 -16"><span class='ocrx_word' id='word_1_333' title='bbox 1823 2217 1987 2271; x_wconf 80' lang='lat' dir='ltr'><strong>David</strong></span> <span class='ocrx_word' id='word_1_334' title='bbox 2024 2236 2036 2271; x_wconf 90' lang='lat'>:</span> <span class='ocrx_word' id='word_1_335' title='bbox 2074 2220 2283 2286; x_wconf 79' lang='lat' dir='ltr'><strong>Accepit</strong></span> <span class='ocrx_word' id='word_1_336' title='bbox 2331 2236 2432 2281; x_wconf 88' lang='lat' dir='ltr'><strong>me,</strong></span> <span class='ocrx_word' id='word_1_337' title='bbox 2485 2219 2588 2273; x_wconf 90' lang='lat' dir='ltr'><strong>hoc</strong></span> <span class='ocrx_word' id='word_1_338' title='bbox 2631 2230 2713 2273; x_wconf 90' lang='lat' dir='ltr'><strong>est</strong></span> <span class='ocrx_word' id='word_1_339' title='bbox 2754 2219 3047 2272; x_wconf 88' lang='lat' dir='ltr'><strong>humanam</strong></span> <span class='ocrx_word' id='word_1_340' title='bbox 3097 2228 3386 2273; x_wconf 81' lang='lat' dir='ltr'><strong>naturam:</strong></span> 
     </span>
    </p>
   </div>
   <div class='ocr_carea' id='block_1_50' title="bbox 1820 2306 3388 2377">
    <p class='ocr_par' dir='ltr' id='par_1_50' title="bbox 1820 2306 3388 2377">
     <span class='ocr_line' id='line_1_50' title="bbox 1820 2306 3388 2377; baseline 0 -15"><span class='ocrx_word' id='word_1_341' title='bbox 1820 2308 2088 2376; x_wconf 84' lang='lat' dir='ltr'><strong>baptizata</strong></span> <span class='ocrx_word' id='word_1_342' title='bbox 2121 2324 2354 2377; x_wconf 85' lang='lat' dir='ltr'><strong>namque</strong></span> <span class='ocrx_word' id='word_1_343' title='bbox 2380 2317 2507 2362; x_wconf 90' lang='lat' dir='ltr'><strong>sunt</strong></span> <span class='ocrx_word' id='word_1_344' title='bbox 2533 2309 2585 2362; x_wconf 93' lang='lat' dir='ltr'><strong>iu</strong></span> <span class='ocrx_word' id='word_1_345' title='bbox 2613 2308 2699 2362; x_wconf 85' lang='lat' dir='ltr'><strong>die</strong></span> <span class='ocrx_word' id='word_1_346' title='bbox 2724 2307 3069 2362; x_wconf 84' lang='lat' dir='ltr'><strong>Pcntecostes</strong></span> <span class='ocrx_word' id='word_1_347' title='bbox 3098 2306 3256 2377; x_wconf 86' lang='lat' dir='ltr'><strong>quasi</strong></span> <span class='ocrx_word' id='word_1_348' title='bbox 3283 2307 3388 2362; x_wconf 84' lang='lat' dir='ltr'><strong>tria</strong></span> 
     </span>
    </p>
   </div>
   <div class='ocr_carea' id='block_1_51' title="bbox 1821 2395 2743 2468">
    <p class='ocr_par' dir='ltr' id='par_1_51' title="bbox 1821 2395 2743 2468">
     <span class='ocr_line' id='line_1_51' title="bbox 1821 2395 2743 2468; baseline -0.002 -15"><span class='ocrx_word' id='word_1_349' title='bbox 1821 2399 1987 2453; x_wconf 87' lang='lat' dir='ltr'><strong>millia</strong></span> <span class='ocrx_word' id='word_1_350' title='bbox 2011 2399 2315 2452; x_wconf 87' lang='lat' dir='ltr'><strong>animarum</strong></span> <span class='ocrx_word' id='word_1_351' title='bbox 2347 2398 2414 2452; x_wconf 91' lang='lat' dir='ltr'><strong>ab</strong></span> <span class='ocrx_word' id='word_1_352' title='bbox 2435 2395 2743 2468; x_wconf 85' lang='lat' dir='ltr'><strong>apostolis.]</strong></span> 
     </span>
    </p>
   </div>
   <div class='ocr_carea' id='block_1_52' title="bbox 1892 2573 3388 2645">
    <p class='ocr_par' dir='ltr' id='par_1_52' title="bbox 1892 2573 3388 2645">
     <span class='ocr_line' id='line_1_52' title="bbox 1892 2573 3388 2645; baseline -0.003 -14"><span class='ocrx_word' id='word_1_353' title='bbox 1892 2578 1977 2631; x_wconf 79' lang='grc'><strong>18.</strong></span> <span class='ocrx_word' id='word_1_354' title='bbox 2023 2577 2225 2645; x_wconf 79' lang='lat' dir='ltr'><strong>Eripiet</strong></span> <span class='ocrx_word' id='word_1_355' title='bbox 2253 2592 2332 2628; x_wconf 85' lang='lat' dir='ltr'><strong>me</strong></span> <span class='ocrx_word' id='word_1_356' title='bbox 2363 2576 2426 2628; x_wconf 86' lang='lat' dir='ltr'><strong>de</strong></span> <span class='ocrx_word' id='word_1_357' title='bbox 2464 2575 2690 2628; x_wconf 82' lang='lat' dir='ltr'><strong>inimicis</strong></span> <span class='ocrx_word' id='word_1_358' title='bbox 2720 2575 2848 2628; x_wconf 80' lang='lat' dir='ltr'><strong>meis</strong></span> <span class='ocrx_word' id='word_1_359' title='bbox 2883 2573 3210 2643; x_wconf 79' lang='lat' dir='ltr'><strong>fortissimis,</strong></span> <span class='ocrx_word' id='word_1_360' title='bbox 3235 2581 3285 2627; x_wconf 80' lang='lat' dir='ltr'><strong>et</strong></span> <span class='ocrx_word' id='word_1_361' title='bbox 3323 2573 3388 2626; x_wconf 80' lang='lat' dir='ltr'><strong>ab</strong></span> 
     </span>
    </p>
   </div>
   <div class='ocr_carea' id='block_1_53' title="bbox 1821 2665 3392 2737">
    <p class='ocr_par' dir='ltr' id='par_1_53' title="bbox 1821 2665 3392 2737">
     <span class='ocr_line' id='line_1_53' title="bbox 1821 2665 3392 2737; baseline -0.001 -17"><span class='ocrx_word' id='word_1_362' title='bbox 1821 2669 1886 2720; x_wconf 88' lang='lat' dir='ltr'><strong>iis</strong></span> <span class='ocrx_word' id='word_1_363' title='bbox 1912 2669 2001 2737; x_wconf 87' lang='lat' dir='ltr'><strong>qui</strong></span> <span class='ocrx_word' id='word_1_364' title='bbox 2024 2667 2244 2720; x_wconf 82' lang='lat' dir='ltr'><strong>oderunt</strong></span> <span class='ocrx_word' id='word_1_365' title='bbox 2281 2683 2380 2729; x_wconf 88' lang='lat' dir='ltr'><strong>me,</strong></span> <span class='ocrx_word' id='word_1_366' title='bbox 2402 2676 2503 2720; x_wconf 88' lang='lat' dir='ltr'><strong>etc.</strong></span> <span class='ocrx_word' id='word_1_367' title='bbox 2527 2666 2742 2720; x_wconf 88' lang='lat' dir='ltr'><strong>Transit</strong></span> <span class='ocrx_word' id='word_1_368' title='bbox 2766 2666 2831 2719; x_wconf 90' lang='lat' dir='ltr'><strong>ad</strong></span> <span class='ocrx_word' id='word_1_369' title='bbox 2862 2681 2924 2719; x_wconf 91' lang='lat' dir='ltr'><strong>ea</strong></span> <span class='ocrx_word' id='word_1_370' title='bbox 2952 2665 3253 2718; x_wconf 87' lang='lat' dir='ltr'><strong>enarranda</strong></span> <span class='ocrx_word' id='word_1_371' title='bbox 3269 2679 3392 2734; x_wconf 71' lang='lat' dir='ltr'><strong>qua:</strong></span> 
     </span>
    </p>
   </div>
   <div class='ocr_carea' id='block_1_54' title="bbox 1823 2753 3395 2827">
    <p class='ocr_par' dir='ltr' id='par_1_54' title="bbox 1823 2753 3395 2827">
     <span class='ocr_line' id='line_1_54' title="bbox 1823 2753 3395 2827; baseline -0.001 -17"><span class='ocrx_word' id='word_1_372' title='bbox 1823 2757 2025 2827; x_wconf 77' lang='lat' dir='ltr'><strong>peccati</strong></span> <span class='ocrx_word' id='word_1_373' title='bbox 2073 2765 2125 2808; x_wconf 84' lang='lat' dir='ltr'><strong>et</strong></span> <span class='ocrx_word' id='word_1_374' title='bbox 2176 2755 2508 2823; x_wconf 74' lang='lat' dir='ltr'><strong>pmuiteutia:</strong></span> <span class='ocrx_word' id='word_1_375' title='bbox 2541 2770 2704 2809; x_wconf 85' lang='lat' dir='ltr'><strong>causa</strong></span> <span class='ocrx_word' id='word_1_376' title='bbox 2745 2755 2874 2824; x_wconf 83' lang='lat' dir='ltr'><strong>egit.</strong></span> <span class='ocrx_word' id='word_1_377' title='bbox 2915 2753 3070 2821; x_wconf 82' lang='lat' dir='ltr'><strong>Quod</strong></span> <span class='ocrx_word' id='word_1_378' title='bbox 3105 2763 3285 2809; x_wconf 87' lang='lat' dir='ltr'><strong>autem</strong></span> <span class='ocrx_word' id='word_1_379' title='bbox 3316 2755 3395 2809; x_wconf 87' lang='lat' dir='ltr'><strong>ait</strong></span> 
     </span>
    </p>
   </div>
   <div class='ocr_carea' id='block_1_55' title="bbox 1821 2842 3392 2913">
    <p class='ocr_par' dir='ltr' id='par_1_55' title="bbox 1821 2842 3392 2913">
     <span class='ocr_line' id='line_1_55' title="bbox 1821 2842 3392 2913; baseline -0.003 -11"><span class='ocrx_word' id='word_1_380' title='bbox 1821 2849 1901 2902; x_wconf 84' lang='lat' dir='ltr'><strong>sic</strong></span> <span class='ocrx_word' id='word_1_381' title='bbox 1944 2845 2246 2913; x_wconf 76' lang='lat' dir='ltr'><strong>inlelligito.</strong></span> <span class='ocrx_word' id='word_1_382' title='bbox 2296 2842 2414 2897; x_wconf 82' lang='lat' dir='ltr'><strong>Jam</strong></span> <span class='ocrx_word' id='word_1_383' title='bbox 2457 2860 2576 2898; x_wconf 91' lang='lat' dir='ltr'><strong>mea</strong></span> <span class='ocrx_word' id='word_1_384' title='bbox 2611 2845 2863 2898; x_wconf 76' lang='lat' dir='ltr'><strong>exaudita</strong></span> <span class='ocrx_word' id='word_1_385' title='bbox 2898 2842 3238 2899; x_wconf 78' lang='lat' dir='ltr'><strong>confessione</strong></span> <span class='ocrx_word' id='word_1_386' title='bbox 3282 2843 3392 2898; x_wconf 82' lang='lat' dir='ltr'><strong>Do-</strong></span> 
     </span>
    </p>
   </div>
   <div class='ocr_carea' id='block_1_56' title="bbox 1825 2934 3394 3006">
    <p class='ocr_par' dir='ltr' id='par_1_56' title="bbox 1825 2934 3394 3006">
     <span class='ocr_line' id='line_1_56' title="bbox 1825 2934 3394 3006; baseline 0 -16"><span class='ocrx_word' id='word_1_387' title='bbox 1825 2939 2004 2991; x_wconf 83' lang='lat' dir='ltr'><strong>minus</strong></span> <span class='ocrx_word' id='word_1_388' title='bbox 2046 2936 2220 2990; x_wconf 68' lang='lat' dir='ltr'><strong>faenus</strong></span> <span class='ocrx_word' id='word_1_389' title='bbox 2261 2946 2343 2990; x_wconf 86' lang='lat' dir='ltr'><strong>est</strong></span> <span class='ocrx_word' id='word_1_390' title='bbox 2381 2936 2510 2988; x_wconf 90' lang='lat' dir='ltr'><strong>mihi</strong></span> <span class='ocrx_word' id='word_1_391' title='bbox 2554 2935 2609 2989; x_wconf 93' lang='lat' dir='ltr'><strong>in</strong></span> <span class='ocrx_word' id='word_1_392' title='bbox 2670 2934 2928 3003; x_wconf 80' lang='lat' dir='ltr'><strong>fulcrum,</strong></span> <span class='ocrx_word' id='word_1_393' title='bbox 2975 2950 3097 2990; x_wconf 89' lang='lat' dir='ltr'><strong>cum</strong></span> <span class='ocrx_word' id='word_1_394' title='bbox 3147 2935 3394 3006; x_wconf 84' lang='lat' dir='ltr'><strong>proxime</strong></span> 
     </span>
    </p>
   </div>
   <div class='ocr_carea' id='block_1_57' title="bbox 1822 3029 3397 3099">
    <p class='ocr_par' dir='ltr' id='par_1_57' title="bbox 1822 3029 3397 3099">
     <span class='ocr_line' id='line_1_57' title="bbox 1822 3029 3397 3099; baseline 0 -17"><span class='ocrx_word' id='word_1_395' title='bbox 1822 3039 1968 3082; x_wconf 92' lang='lat' dir='ltr'><strong>esset</strong></span> <span class='ocrx_word' id='word_1_396' title='bbox 1995 3039 2049 3082; x_wconf 93' lang='lat' dir='ltr'><strong>ut</strong></span> <span class='ocrx_word' id='word_1_397' title='bbox 2075 3044 2172 3096; x_wconf 83' lang='lat' dir='ltr'><strong>ego</strong></span> <span class='ocrx_word' id='word_1_398' title='bbox 2209 3029 2571 3091; x_wconf 88' lang='lat' dir='ltr'><strong>subverterer,</strong></span> <span class='ocrx_word' id='word_1_399' title='bbox 2604 3031 2730 3082; x_wconf 89' lang='lat' dir='ltr'><strong>etin</strong></span> <span class='ocrx_word' id='word_1_400' title='bbox 2766 3033 3238 3099; x_wconf 84' lang='lat' dir='ltr'><strong>magnum’casum</strong></span> <span class='ocrx_word' id='word_1_401' title='bbox 3269 3044 3397 3083; x_wconf 87' lang='lat' dir='ltr'><strong>rue-</strong></span> 
     </span>
    </p>
   </div>
   <div class='ocr_carea' id='block_1_58' title="bbox 1825 3117 3396 3188">
    <p class='ocr_par' dir='ltr' id='par_1_58' title="bbox 1825 3117 3396 3188">
     <span class='ocr_line' id='line_1_58' title="bbox 1825 3117 3396 3188; baseline 0.001 -15"><span class='ocrx_word' id='word_1_402' title='bbox 1825 3135 1934 3173; x_wconf 88' lang='lat' dir='ltr'><strong>rem</strong></span> <span class='ocrx_word' id='word_1_403' title='bbox 1969 3161 1984 3183; x_wconf 90' lang='lat'><strong>,</strong></span> <span class='ocrx_word' id='word_1_404' title='bbox 2017 3120 2062 3174; x_wconf 92' lang='lat' dir='ltr'><strong>si</strong></span> <span class='ocrx_word' id='word_1_405' title='bbox 2092 3127 2214 3188; x_wconf 92' lang='lat' dir='ltr'><strong>post</strong></span> <span class='ocrx_word' id='word_1_406' title='bbox 2256 3126 2536 3187; x_wconf 87' lang='lat' dir='ltr'><strong>peccatum</strong></span> <span class='ocrx_word' id='word_1_407' title='bbox 2576 3119 2629 3172; x_wconf 92' lang='lat' dir='ltr'><strong>in</strong></span> <span class='ocrx_word' id='word_1_408' title='bbox 2670 3118 2916 3172; x_wconf 88' lang='lat' dir='ltr'><strong>ultimam</strong></span> <span class='ocrx_word' id='word_1_409' title='bbox 2945 3117 3263 3174; x_wconf 85' lang='lat' dir='ltr'><strong>decidissem</strong></span> <span class='ocrx_word' id='word_1_410' title='bbox 3300 3121 3396 3174; x_wconf 86' lang='lat' dir='ltr'><strong>de-</strong></span> 
     </span>
    </p>
   </div>
   <div class='ocr_carea' id='block_1_59' title="bbox 1827 3209 3398 3280">
    <p class='ocr_par' dir='ltr' id='par_1_59' title="bbox 1827 3209 3398 3280">
     <span class='ocr_line' id='line_1_59' title="bbox 1827 3209 3398 3280; baseline 0.001 -17"><span class='ocrx_word' id='word_1_411' title='bbox 1827 3210 2134 3266; x_wconf 82' lang='lat' dir='ltr'><strong>fectionem.</strong></span> <span class='ocrx_word' id='word_1_412' title='bbox 2171 3210 2436 3264; x_wconf 68' lang='lat' dir='ltr'><strong>Cmterum</strong></span> <span class='ocrx_word' id='word_1_413' title='bbox 2462 3226 2688 3280; x_wconf 85' lang='lat' dir='ltr'><strong>prorsus</strong></span> <span class='ocrx_word' id='word_1_414' title='bbox 2720 3209 2808 3264; x_wconf 87' lang='lat' dir='ltr'><strong>ille</strong></span> <span class='ocrx_word' id='word_1_415' title='bbox 2831 3211 3027 3280; x_wconf 86' lang='lat' dir='ltr'><strong>eripiet</strong></span> <span class='ocrx_word' id='word_1_416' title='bbox 3047 3225 3153 3274; x_wconf 91' lang='lat' dir='ltr'><strong>me,</strong></span> <span class='ocrx_word' id='word_1_417' title='bbox 3176 3220 3228 3266; x_wconf 89' lang='lat' dir='ltr'><strong>et</strong></span> <span class='ocrx_word' id='word_1_418' title='bbox 3247 3209 3398 3264; x_wconf 81' lang='lat' dir='ltr'><strong>dabit</strong></span> 
     </span>
    </p>
   </div>
   <div class='ocr_carea' id='block_1_60' title="bbox 140 3299 1721 3384">
    <p class='ocr_par' dir='ltr' id='par_1_60' title="bbox 140 3309 1719 3384">
     <span class='ocr_line' id='line_1_60' title="bbox 140 3309 1719 3384; baseline 0.003 -23"><span class='ocrx_word' id='word_1_419' title='bbox 140 3309 320 3372; x_wconf 76' lang='grc' dir='ltr'>διδοὺς</span> <span class='ocrx_word' id='word_1_420' title='bbox 366 3309 559 3378; x_wconf 60' lang='grc' dir='ltr'>ἄψεσιν</span> <span class='ocrx_word' id='word_1_421' title='bbox 592 3312 689 3380; x_wconf 76' lang='grc' dir='ltr'>τῆς</span> <span class='ocrx_word' id='word_1_422' title='bbox 730 3312 1001 3382; x_wconf 83' lang='grc' dir='ltr'>ἁμαρτίας</span> <span class='ocrx_word' id='word_1_423' title='bbox 1025 3312 1163 3365; x_wconf 75' lang='grc' dir='ltr'>κατὰ</span> <span class='ocrx_word' id='word_1_424' title='bbox 1193 3314 1282 3365; x_wconf 86' lang='grc' dir='ltr'>τὸν</span> <span class='ocrx_word' id='word_1_425' title='bbox 1309 3313 1719 3384; x_wconf 60' lang='grc' dir='ltr'>προφητευόμε-</span> 
     </span>
    </p>
   </div>
   <div class='ocr_carea' id='block_1_61' title="bbox 1822 3299 3396 3384">
    <p class='ocr_par' dir='ltr' id='par_1_61' title="bbox 1825 3299 3396 3371">
     <span class='ocr_line' id='line_1_61' title="bbox 1825 3299 3396 3371; baseline -0.001 -16"><span class='ocrx_word' id='word_1_426' title='bbox 1825 3301 2026 3371; x_wconf 89' lang='lat' dir='ltr'><strong>peccati</strong></span> <span class='ocrx_word' id='word_1_427' title='bbox 2056 3300 2291 3363; x_wconf 88' lang='lat' dir='ltr'><strong>veniam,</strong></span> <span class='ocrx_word' id='word_1_428' title='bbox 2322 3309 2564 3368; x_wconf 86' lang='lat' dir='ltr'><strong>tempore</strong></span> <span class='ocrx_word' id='word_1_429' title='bbox 2597 3300 2862 3354; x_wconf 84' lang='lat' dir='ltr'><strong>adventus</strong></span> <span class='ocrx_word' id='word_1_430' title='bbox 2893 3301 3012 3368; x_wconf 90' lang='lat' dir='ltr'><strong>ejus</strong></span> <span class='ocrx_word' id='word_1_431' title='bbox 3057 3314 3084 3353; x_wconf 90' lang='lat' dir='ltr'><strong>a</strong></span> <span class='ocrx_word' id='word_1_432' title='bbox 3117 3299 3396 3370; x_wconf 86' lang='lat' dir='ltr'><strong>prophetis</strong></span> 
     </span>
    </p>
   </div>
   <div class='ocr_carea' id='block_1_62' title="bbox 142 3400 1719 3473">
    <p class='ocr_par' dir='ltr' id='par_1_62' title="bbox 142 3400 1719 3473">
     <span class='ocr_line' id='line_1_62' title="bbox 142 3400 1719 3473; baseline 0.005 -24"><span class='ocrx_word' id='word_1_433' title='bbox 142 3415 231 3452; x_wconf 86' lang='grc' dir='ltr'><strong>νον</strong></span> <span class='ocrx_word' id='word_1_434' title='bbox 266 3400 459 3469; x_wconf 78' lang='grc' dir='ltr'>καιρὸν</span> <span class='ocrx_word' id='word_1_435' title='bbox 491 3400 588 3468; x_wconf 79' lang='grc' dir='ltr'>τῆς</span> <span class='ocrx_word' id='word_1_436' title='bbox 617 3401 779 3452; x_wconf 73' lang='grc' dir='ltr'>αὐτοῦ</span> <span class='ocrx_word' id='word_1_437' title='bbox 811 3401 1128 3473; x_wconf 77' lang='grc' dir='ltr'>παρουσίας,</span> <span class='ocrx_word' id='word_1_438' title='bbox 1175 3404 1268 3456; x_wconf 78' lang='grc' dir='ltr'><strong>καὶ</strong></span> <span class='ocrx_word' id='word_1_439' title='bbox 1319 3403 1474 3457; x_wconf 74' lang='grc' dir='ltr'>τοῦτο</span> <span class='ocrx_word' id='word_1_440' title='bbox 1504 3406 1719 3467; x_wconf 77' lang='grc' dir='ltr'>ποιήσει</span> 
     </span>
    </p>
   </div>
   <div class='ocr_carea' id='block_1_63' title="bbox 141 3487 1721 3564">
    <p class='ocr_par' dir='ltr' id='par_1_63' title="bbox 141 3487 1721 3564">
     <span class='ocr_line' id='line_1_63' title="bbox 141 3487 1721 3564; baseline 0.003 -26"><span class='ocrx_word' id='word_1_441' title='bbox 141 3487 453 3558; x_wconf 74' lang='grc' dir='ltr'>εὐεργετῶν</span> <span class='ocrx_word' id='word_1_442' title='bbox 485 3504 550 3557; x_wconf 90' lang='grc' dir='ltr'><strong>με</strong></span> <span class='ocrx_word' id='word_1_443' title='bbox 579 3490 607 3540; x_wconf 87' lang='grc' dir='ltr'><strong>ὀ</strong></span> <span class='ocrx_word' id='word_1_444' title='bbox 653 3491 874 3559; x_wconf 82' lang='grc' dir='ltr'>Κύριος,</span> <span class='ocrx_word' id='word_1_445' title='bbox 910 3491 1037 3543; x_wconf 80' lang='grc' dir='ltr'>’Ὁτι</span> <span class='ocrx_word' id='word_1_446' title='bbox 1083 3490 1349 3557; x_wconf 73' lang='grc' dir='ltr'>ἠθέλησέ</span> <span class='ocrx_word' id='word_1_447' title='bbox 1390 3508 1485 3564; x_wconf 70' lang='grc' dir='ltr'>με.</span> <span class='ocrx_word' id='word_1_448' title='bbox 1543 3491 1604 3542; x_wconf 74' lang='lat' dir='ltr'><strong>Ei</strong></span> <span class='ocrx_word' id='word_1_449' title='bbox 1646 3491 1721 3560; x_wconf 76' lang='grc' dir='ltr'>μὴ</span> 
     </span>
    </p>
   </div>
   <div class='ocr_carea' id='block_1_64' title="bbox 141 3577 1722 3651">
    <p class='ocr_par' dir='ltr' id='par_1_64' title="bbox 141 3577 1722 3651">
     <span class='ocr_line' id='line_1_64' title="bbox 141 3577 1722 3651; baseline 0.002 -23"><span class='ocrx_word' id='word_1_450' title='bbox 141 3581 252 3648; x_wconf 70' lang='grc' dir='ltr'><strong>γάρ</strong></span> <span class='ocrx_word' id='word_1_451' title='bbox 281 3577 516 3647; x_wconf 67' lang='grc' dir='ltr'>ἠθέλησέ</span> <span class='ocrx_word' id='word_1_452' title='bbox 547 3595 636 3648; x_wconf 83' lang='grc' dir='ltr'>με,</span> <span class='ocrx_word' id='word_1_453' title='bbox 681 3582 780 3634; x_wconf 78' lang='grc' dir='ltr'><strong>οὐκ</strong></span> <span class='ocrx_word' id='word_1_454' title='bbox 825 3581 890 3634; x_wconf 82' lang='grc' dir='ltr'>ἂν</span> <span class='ocrx_word' id='word_1_455' title='bbox 924 3582 1014 3633; x_wconf 85' lang='grc' dir='ltr'><strong>τὸν</strong></span> <span class='ocrx_word' id='word_1_456' title='bbox 1064 3582 1346 3651; x_wconf 65' lang='grc' dir='ltr'>ποοιβήτην</span> <span class='ocrx_word' id='word_1_457' title='bbox 1375 3579 1535 3634; x_wconf 74' lang='grc' dir='ltr'>αὑτοῦ</span> <span class='ocrx_word' id='word_1_458' title='bbox 1585 3580 1722 3651; x_wconf 80' lang='grc' dir='ltr'>πρὸς</span> 
     </span>
    </p>
   </div>
   <div class='ocr_carea' id='block_1_65' title="bbox 147 3668 557 3739">
    <p class='ocr_par' dir='ltr' id='par_1_65' title="bbox 147 3668 557 3739">
     <span class='ocr_line' id='line_1_65' title="bbox 147 3668 557 3739; baseline 0.002 -18"><span class='ocrx_word' id='word_1_459' title='bbox 147 3670 215 3739; x_wconf 77' lang='grc' dir='ltr'>μὲ</span> <span class='ocrx_word' id='word_1_460' title='bbox 241 3668 351 3722; x_wconf 84' lang='grc' dir='ltr'><strong>άπέ</strong></span> <span class='ocrx_word' id='word_1_461' title='bbox 361 3668 557 3722; x_wconf 84' lang='grc' dir='ltr'>στειλε.</span> 
     </span>
    </p>
   </div>
   <div class='ocr_carea' id='block_1_66' title="bbox 215 3756 1723 3830">
    <p class='ocr_par' dir='ltr' id='par_1_66' title="bbox 215 3756 1723 3830">
     <span class='ocr_line' id='line_1_66' title="bbox 215 3756 1723 3830; baseline 0.002 -22"><span class='ocrx_word' id='word_1_462' title='bbox 215 3756 330 3808; x_wconf 75' lang='grc' dir='ltr'><strong>Καὶ</strong></span> <span class='ocrx_word' id='word_1_463' title='bbox 355 3757 764 3812; x_wconf 80' lang='grc' dir='ltr'>ἀνταποδώσει</span> <span class='ocrx_word' id='word_1_464' title='bbox 791 3777 890 3826; x_wconf 82' lang='grc' dir='ltr'><strong>μοι</strong></span> <span class='ocrx_word' id='word_1_465' title='bbox 920 3761 1152 3827; x_wconf 74' lang='grc' dir='ltr'>Κύριος.</span> <span class='ocrx_word' id='word_1_466' title='bbox 1188 3761 1512 3829; x_wconf 86' lang='grc' dir='ltr'>Πέπεισμαι,</span> <span class='ocrx_word' id='word_1_467' title='bbox 1537 3760 1723 3830; x_wconf 77' lang='grc' dir='ltr'>φησὶν,</span> 
     </span>
    </p>
   </div>
   <div class='ocr_carea' id='block_1_67' title="bbox 143 3847 1722 3921">
    <p class='ocr_par' dir='ltr' id='par_1_67' title="bbox 143 3847 1722 3921">
     <span class='ocr_line' id='line_1_67' title="bbox 143 3847 1722 3921; baseline 0.001 -21"><span class='ocrx_word' id='word_1_468' title='bbox 143 3848 226 3900; x_wconf 79' lang='grc' dir='ltr'><strong>ὅτι</strong></span> <span class='ocrx_word' id='word_1_469' title='bbox 248 3847 392 3901; x_wconf 73' lang='grc' dir='ltr'>κατὰ</span> <span class='ocrx_word' id='word_1_470' title='bbox 413 3849 504 3900; x_wconf 68' lang='grc' dir='ltr'><strong>τὶν</strong></span> <span class='ocrx_word' id='word_1_471' title='bbox 531 3850 718 3918; x_wconf 86' lang='grc' dir='ltr'>καιρὸν</span> <span class='ocrx_word' id='word_1_472' title='bbox 743 3850 840 3918; x_wconf 77' lang='grc' dir='ltr'>τῆς</span> <span class='ocrx_word' id='word_1_473' title='bbox 867 3850 1262 3921; x_wconf 79' lang='grc' dir='ltr'>δικαιοκρισίας</span> <span class='ocrx_word' id='word_1_474' title='bbox 1287 3851 1473 3914; x_wconf 81' lang='grc' dir='ltr'>αὐτοῦ,</span> <span class='ocrx_word' id='word_1_475' title='bbox 1503 3850 1562 3903; x_wconf 81' lang='grc' dir='ltr'>οὐ</span> <span class='ocrx_word' id='word_1_476' title='bbox 1589 3867 1722 3919; x_wconf 84' lang='grc' dir='ltr'>μνη-</span> 
     </span>
    </p>
   </div>
   <div class='ocr_carea' id='block_1_68' title="bbox 147 3939 1722 4012">
    <p class='ocr_par' dir='ltr' id='par_1_68' title="bbox 147 3939 1722 4012">
     <span class='ocr_line' id='line_1_68' title="bbox 147 3939 1722 4012; baseline 0.001 -22"><span class='ocrx_word' id='word_1_477' title='bbox 147 3956 216 4007; x_wconf 91' lang='grc' dir='ltr'><strong>μο</strong></span> <span class='ocrx_word' id='word_1_478' title='bbox 230 3939 420 4000; x_wconf 69' lang='grc' dir='ltr'>δεύσας</span> <span class='ocrx_word' id='word_1_479' title='bbox 453 3957 551 4009; x_wconf 78' lang='grc' dir='ltr'><strong>μου</strong></span> <span class='ocrx_word' id='word_1_480' title='bbox 582 3948 680 4006; x_wconf 73' lang='grc' dir='ltr'><strong>τας</strong></span> <span class='ocrx_word' id='word_1_481' title='bbox 713 3942 987 4012; x_wconf 82' lang='grc' dir='ltr'>ἁμαρτίας</span> <span class='ocrx_word' id='word_1_482' title='bbox 1016 3982 1030 4005; x_wconf 91' lang='grc'><em>,</em></span> <span class='ocrx_word' id='word_1_483' title='bbox 1062 3941 1204 3994; x_wconf 76' lang='grc' dir='ltr'>κατὰ</span> <span class='ocrx_word' id='word_1_484' title='bbox 1251 3942 1348 4011; x_wconf 70' lang='grc' dir='ltr'><strong>τὴν</strong></span> <span class='ocrx_word' id='word_1_485' title='bbox 1381 3941 1722 4010; x_wconf 70' lang='grc' dir='ltr'>δικαιοσύνην</span> 
     </span>
    </p>
   </div>
   <div class='ocr_carea' id='block_1_69' title="bbox 149 4029 1724 4103">
    <p class='ocr_par' dir='ltr' id='par_1_69' title="bbox 149 4029 1724 4103">
     <span class='ocr_line' id='line_1_69' title="bbox 149 4029 1724 4103; baseline 0.004 -23"><span class='ocrx_word' id='word_1_486' title='bbox 149 4046 250 4098; x_wconf 84' lang='grc' dir='ltr'><strong>μου</strong></span> <span class='ocrx_word' id='word_1_487' title='bbox 282 4029 671 4084; x_wconf 72' lang='grc' dir='ltr'>ἀνταποδὼσει.</span> <span class='ocrx_word' id='word_1_488' title='bbox 724 4033 766 4083; x_wconf 89' lang='grc' dir='ltr'><strong>Τ</strong></span> <span class='ocrx_word' id='word_1_489' title='bbox 772 4032 833 4095; x_wconf 79' lang='grc' dir='ltr'>ὰς</span> <span class='ocrx_word' id='word_1_490' title='bbox 864 4033 970 4102; x_wconf 82' lang='grc' dir='ltr'>γὰρ</span> <span class='ocrx_word' id='word_1_491' title='bbox 1020 4034 1182 4093; x_wconf 80' lang='grc' dir='ltr'>ἄλλας</span> <span class='ocrx_word' id='word_1_492' title='bbox 1215 4050 1313 4102; x_wconf 77' lang='grc' dir='ltr'><strong>μου</strong></span> <span class='ocrx_word' id='word_1_493' title='bbox 1360 4032 1587 4103; x_wconf 72' lang='grc' dir='ltr'>πράξεις</span> <span class='ocrx_word' id='word_1_494' title='bbox 1625 4034 1724 4097; x_wconf 75' lang='grc' dir='ltr'>τὰς</span> 
     </span>
    </p>
   </div>
   <div class='ocr_carea' id='block_1_70' title="bbox 146 4117 1724 4191">
    <p class='ocr_par' dir='ltr' id='par_1_70' title="bbox 146 4117 1724 4191">
     <span class='ocr_line' id='line_1_70' title="bbox 146 4117 1724 4191; baseline 0.002 -23"><span class='ocrx_word' id='word_1_495' title='bbox 146 4119 205 4169; x_wconf 79' lang='grc' dir='ltr'>ὲν</span> <span class='ocrx_word' id='word_1_496' title='bbox 235 4117 555 4191; x_wconf 78' lang='grc' dir='ltr'>δικαιοσύνῃ</span> <span class='ocrx_word' id='word_1_497' title='bbox 580 4119 765 4190; x_wconf 83' lang='grc' dir='ltr'>ὥσπερ</span> <span class='ocrx_word' id='word_1_498' title='bbox 800 4119 950 4189; x_wconf 80' lang='grc' dir='ltr'><strong>ζυγῷ</strong></span> <span class='ocrx_word' id='word_1_499' title='bbox 986 4119 1471 4190; x_wconf 78' lang='grc' dir='ltr'>ἀντιπαραϐάλλων</span> <span class='ocrx_word' id='word_1_500' title='bbox 1506 4120 1600 4172; x_wconf 71' lang='grc' dir='ltr'><strong>καὶ</strong></span> <span class='ocrx_word' id='word_1_501' title='bbox 1631 4122 1724 4173; x_wconf 86' lang='grc' dir='ltr'>άν-</span> 
     </span>
    </p>
   </div>
   <div class='ocr_carea' id='block_1_71' title="bbox 146 4209 1727 4280">
    <p class='ocr_par' dir='ltr' id='par_1_71' title="bbox 146 4209 1727 4280">
     <span class='ocr_line' id='line_1_71' title="bbox 146 4209 1727 4280; baseline 0.001 -20"><span class='ocrx_word' id='word_1_502' title='bbox 146 4212 414 4278; x_wconf 71' lang='grc' dir='ltr'>τιστήσας</span> <span class='ocrx_word' id='word_1_503' title='bbox 461 4209 538 4277; x_wconf 84' lang='grc' dir='ltr'><strong>τῷ</strong></span> <span class='ocrx_word' id='word_1_504' title='bbox 577 4210 925 4280; x_wconf 66' lang='grc' dir='ltr'><strong>¹ἱμαρτήματί</strong></span> <span class='ocrx_word' id='word_1_505' title='bbox 975 4227 1098 4279; x_wconf 86' lang='grc' dir='ltr'>μου,</span> <span class='ocrx_word' id='word_1_506' title='bbox 1135 4210 1278 4262; x_wconf 78' lang='grc' dir='ltr'>κατὰ</span> <span class='ocrx_word' id='word_1_507' title='bbox 1329 4209 1460 4262; x_wconf 69' lang='grc' dir='ltr'>πολὺ</span> <span class='ocrx_word' id='word_1_508' title='bbox 1502 4210 1727 4262; x_wconf 85' lang='grc' dir='ltr'>πλεονα-</span> 
     </span>
    </p>
   </div>
   <div class='ocr_carea' id='block_1_72' title="bbox 148 4297 1720 4371">
    <p class='ocr_par' dir='ltr' id='par_1_72' title="bbox 148 4297 1720 4371">
     <span class='ocr_line' id='line_1_72' title="bbox 148 4297 1720 4371; baseline 0 -19"><span class='ocrx_word' id='word_1_509' title='bbox 148 4297 353 4362; x_wconf 77' lang='grc' dir='ltr'>ζούσας</span> <span class='ocrx_word' id='word_1_510' title='bbox 402 4301 626 4370; x_wconf 80' lang='grc' dir='ltr'>εὑρήσει</span> <span class='ocrx_word' id='word_1_511' title='bbox 669 4300 762 4353; x_wconf 78' lang='grc' dir='ltr'><strong>τοῦ</strong></span> <span class='ocrx_word' id='word_1_512' title='bbox 822 4301 1109 4370; x_wconf 75' lang='grc' dir='ltr'>γενομένου</span> <span class='ocrx_word' id='word_1_513' title='bbox 1168 4319 1256 4371; x_wconf 87' lang='grc' dir='ltr'><strong>μοι</strong></span> <span class='ocrx_word' id='word_1_514' title='bbox 1310 4301 1720 4371; x_wconf 82' lang='grc' dir='ltr'>ἁμαρτήματος.</span> 
     </span>
    </p>
   </div>
   <div class='ocr_carea' id='block_1_73' title="bbox 148 4390 1728 4458">
    <p class='ocr_par' dir='ltr' id='par_1_73' title="bbox 148 4390 1728 4458">
     <span class='ocr_line' id='line_1_73' title="bbox 148 4390 1728 4458; baseline 0.002 -16"><span class='ocrx_word' id='word_1_515' title='bbox 148 4390 405 4442; x_wconf 70' lang='grc' dir='ltr'>Διδάσκει</span> <span class='ocrx_word' id='word_1_516' title='bbox 440 4390 496 4442; x_wconf 82' lang='grc' dir='ltr'>δὲ</span> <span class='ocrx_word' id='word_1_517' title='bbox 521 4393 548 4443; x_wconf 84' lang='grc' dir='ltr'>ὁ</span> <span class='ocrx_word' id='word_1_518' title='bbox 581 4391 735 4458; x_wconf 72' lang='grc' dir='ltr'>λόγος</span> <span class='ocrx_word' id='word_1_519' title='bbox 768 4392 828 4444; x_wconf 75' lang='grc' dir='ltr'><strong>τὸ</strong></span> <span class='ocrx_word' id='word_1_520' title='bbox 854 4391 1110 4444; x_wconf 68' lang='grc' dir='ltr'>δύνασθαι</span> <span class='ocrx_word' id='word_1_521' title='bbox 1142 4392 1230 4444; x_wconf 83' lang='grc' dir='ltr'><strong>τὸν</strong></span> <span class='ocrx_word' id='word_1_522' title='bbox 1263 4392 1406 4444; x_wconf 81' lang='grc' dir='ltr'>κατά</span> <span class='ocrx_word' id='word_1_523' title='bbox 1431 4408 1550 4445; x_wconf 87' lang='grc' dir='ltr'>τινα</span> <span class='ocrx_word' id='word_1_524' title='bbox 1576 4392 1728 4445; x_wconf 70' lang='grc' dir='ltr'>ἀσθέ-</span> 
     </span>
    </p>
   </div>
   <div class='ocr_carea' id='block_1_74' title="bbox 147 4481 1725 4555">
    <p class='ocr_par' dir='ltr' id='par_1_74' title="bbox 147 4481 1725 4555">
     <span class='ocr_line' id='line_1_74' title="bbox 147 4481 1725 4555; baseline 0.003 -22"><span class='ocrx_word' id='word_1_525' title='bbox 147 4498 300 4534; x_wconf 84' lang='grc' dir='ltr'>νειαν</span> <span class='ocrx_word' id='word_1_526' title='bbox 333 4481 674 4552; x_wconf 72' lang='grc' dir='ltr'>ὠλισθηκότα</span> <span class='ocrx_word' id='word_1_527' title='bbox 699 4484 1100 4555; x_wconf 68' lang='grc' dir='ltr'>ἀναλαμϐάνειν</span> <span class='ocrx_word' id='word_1_528' title='bbox 1127 4483 1316 4537; x_wconf 78' lang='grc' dir='ltr'>ἑαυτὸν</span> <span class='ocrx_word' id='word_1_529' title='bbox 1337 4483 1424 4536; x_wconf 83' lang='grc' dir='ltr'>διὰ</span> <span class='ocrx_word' id='word_1_530' title='bbox 1461 4483 1725 4555; x_wconf 80' lang='grc' dir='ltr'>δευτέρων</span> 
     </span>
    </p>
   </div>
   <div class='ocr_carea' id='block_1_75' title="bbox 150 4572 616 4643">
    <p class='ocr_par' dir='ltr' id='par_1_75' title="bbox 150 4572 616 4643">
     <span class='ocr_line' id='line_1_75' title="bbox 150 4572 616 4643; baseline 0 -18"><span class='ocrx_word' id='word_1_531' title='bbox 150 4572 616 4643; x_wconf 71' lang='grc' dir='ltr'>κατορθωμάτων.</span> 
     </span>
    </p>
   </div>
   <div class='ocr_carea' id='block_1_76' title="bbox 221 4659 1810 4737">
    <p class='ocr_par' dir='ltr' id='par_1_76' title="bbox 221 4659 1810 4737">
     <span class='ocr_line' id='line_1_76' title="bbox 221 4659 1810 4737; baseline 0 -22"><span class='ocrx_word' id='word_1_532' title='bbox 221 4661 241 4734; x_wconf 90' lang='grc'><strong>[</strong></span> <span class='ocrx_word' id='word_1_533' title='bbox 265 4665 625 4734; x_wconf 73' lang='grc' dir='ltr'>Δικαιοσύνην</span> <span class='ocrx_word' id='word_1_534' title='bbox 653 4663 752 4734; x_wconf 80' lang='grc' dir='ltr'><strong>τὴν</strong></span> <span class='ocrx_word' id='word_1_535' title='bbox 773 4663 1006 4718; x_wconf 82' lang='grc' dir='ltr'>καθόλου</span> <span class='ocrx_word' id='word_1_536' title='bbox 1033 4663 1232 4736; x_wconf 81' lang='grc' dir='ltr'>ἀρετὴν</span> <span class='ocrx_word' id='word_1_537' title='bbox 1258 4664 1406 4732; x_wconf 84' lang='grc' dir='ltr'>λέγει</span> <span class='ocrx_word' id='word_1_538' title='bbox 1429 4681 1444 4696; x_wconf 78' lang='grc' dir='ltr'><strong><em>ο</em></strong></span> <span class='ocrx_word' id='word_1_539' title='bbox 1471 4665 1569 4734; x_wconf 83' lang='grc' dir='ltr'><strong>τὴν</strong></span> <span class='ocrx_word' id='word_1_540' title='bbox 1596 4682 1735 4737; x_wconf 82' lang='grc' dir='ltr'>πρα-</span> <span class='ocrx_word' id='word_1_541' title='bbox 1767 4659 1810 4715; x_wconf 91' lang='lat' dir='ltr'><strong>D</strong></span> 
     </span>
    </p>
   </div>
   <div class='ocr_carea' id='block_1_77' title="bbox 149 4752 1736 4826">
    <p class='ocr_par' dir='ltr' id='par_1_77' title="bbox 149 4752 1736 4826">
     <span class='ocr_line' id='line_1_77' title="bbox 149 4752 1736 4826; baseline 0.002 -19"><span class='ocrx_word' id='word_1_542' title='bbox 149 4753 347 4824; x_wconf 80' lang='grc' dir='ltr'>κτικὴν</span> <span class='ocrx_word' id='word_1_543' title='bbox 381 4752 724 4823; x_wconf 78' lang='grc' dir='ltr'>καθαρότητα</span> <span class='ocrx_word' id='word_1_544' title='bbox 749 4754 945 4825; x_wconf 84' lang='grc' dir='ltr'>χειρῶν</span> <span class='ocrx_word' id='word_1_545' title='bbox 972 4758 1070 4818; x_wconf 73' lang='grc' dir='ltr'><strong>τας</strong></span> <span class='ocrx_word' id='word_1_546' title='bbox 1098 4756 1407 4825; x_wconf 71' lang='grc' dir='ltr'>πρακτικὰς</span> <span class='ocrx_word' id='word_1_547' title='bbox 1455 4757 1736 4826; x_wconf 78' lang='grc' dir='ltr'>ἐνεργείας</span> 
     </span>
    </p>
   </div>
   <div class='ocr_carea' id='block_1_78' title="bbox 149 4843 1728 4916">
    <p class='ocr_par' dir='ltr' id='par_1_78' title="bbox 149 4843 1728 4916">
     <span class='ocr_line' id='line_1_78' title="bbox 149 4843 1728 4916; baseline 0.001 -20"><span class='ocrx_word' id='word_1_548' title='bbox 149 4843 488 4912; x_wconf 74' lang='grc' dir='ltr'>ἀμολύντους</span> <span class='ocrx_word' id='word_1_549' title='bbox 519 4843 815 4912; x_wconf 67' lang='grc' dir='ltr'>γενομένας</span> <span class='ocrx_word' id='word_1_550' title='bbox 844 4844 907 4896; x_wconf 82' lang='grc' dir='ltr'>τὸ</span> <span class='ocrx_word' id='word_1_551' title='bbox 945 4845 1053 4898; x_wconf 81' lang='grc' dir='ltr'>ἀπὸ</span> <span class='ocrx_word' id='word_1_552' title='bbox 1082 4843 1364 4916; x_wconf 75' lang='grc' dir='ltr'>βελτίστης</span> <span class='ocrx_word' id='word_1_553' title='bbox 1400 4844 1565 4909; x_wconf 74' lang='grc' dir='ltr'>ἕξεως</span> <span class='ocrx_word' id='word_1_554' title='bbox 1591 4846 1728 4898; x_wconf 84' lang='grc' dir='ltr'>ἀπο-</span> 
     </span>
    </p>
   </div>
   <div class='ocr_carea' id='block_1_79' title="bbox 149 4933 490 5006">
    <p class='ocr_par' dir='ltr' id='par_1_79' title="bbox 149 4933 490 5006">
     <span class='ocr_line' id='line_1_79' title="bbox 149 4933 490 5006; baseline 0.006 -20"><span class='ocrx_word' id='word_1_555' title='bbox 149 4933 445 4988; x_wconf 75' lang='grc' dir='ltr'>τελεῖσθαι.</span> <span class='ocrx_word' id='word_1_556' title='bbox 469 4934 490 5006; x_wconf 95' lang='grc'>]</span> 
     </span>
    </p>
   </div>
   <div class='ocr_carea' id='block_1_80' title="bbox 1831 3390 3396 3460">
    <p class='ocr_par' dir='ltr' id='par_1_80' title="bbox 1831 3390 3396 3460">
     <span class='ocr_line' id='line_1_80' title="bbox 1831 3390 3396 3460; baseline 0.001 -16"><span class='ocrx_word' id='word_1_557' title='bbox 1831 3393 2208 3460; x_wconf 78' lang='lat' dir='ltr'><strong>praenuntiato.</strong></span> <span class='ocrx_word' id='word_1_558' title='bbox 2249 3390 2414 3459; x_wconf 85' lang='lat' dir='ltr'><strong>quue</strong></span> <span class='ocrx_word' id='word_1_559' title='bbox 2456 3399 2577 3456; x_wconf 72' lang='lat' dir='ltr'><strong>aget</strong></span> <span class='ocrx_word' id='word_1_560' title='bbox 2608 3391 2873 3444; x_wconf 89' lang='lat' dir='ltr'><strong>Dominus</strong></span> <span class='ocrx_word' id='word_1_561' title='bbox 2905 3391 3224 3448; x_wconf 82' lang='lat' dir='ltr'><strong>beneﬁcium</strong></span> <span class='ocrx_word' id='word_1_562' title='bbox 3263 3391 3396 3446; x_wconf 87' lang='lat' dir='ltr'><strong>mihi</strong></span> 
     </span>
    </p>
   </div>
   <div class='ocr_carea' id='block_1_81' title="bbox 1829 3482 3394 3552">
    <p class='ocr_par' dir='ltr' id='par_1_81' title="bbox 1829 3482 3394 3552">
     <span class='ocr_line' id='line_1_81' title="bbox 1829 3482 3394 3552; baseline 0.001 -16"><span class='ocrx_word' id='word_1_563' title='bbox 1829 3483 2091 3548; x_wconf 87' lang='lat' dir='ltr'><strong>tribuens,</strong></span> <span class='ocrx_word' id='word_1_564' title='bbox 2119 3482 2383 3547; x_wconf 85' lang='lat' dir='ltr'><strong>Quoniam</strong></span> <span class='ocrx_word' id='word_1_565' title='bbox 2417 3483 2578 3536; x_wconf 76' lang='lat' dir='ltr'><strong>coluit</strong></span> <span class='ocrx_word' id='word_1_566' title='bbox 2619 3499 2719 3536; x_wconf 88' lang='lat' dir='ltr'><strong>me.</strong></span> <span class='ocrx_word' id='word_1_567' title='bbox 2750 3482 2884 3538; x_wconf 81' lang='lat' dir='ltr'><strong>Nam</strong></span> <span class='ocrx_word' id='word_1_568' title='bbox 2920 3485 2965 3539; x_wconf 89' lang='lat' dir='ltr'><strong>si</strong></span> <span class='ocrx_word' id='word_1_569' title='bbox 2996 3500 3080 3538; x_wconf 90' lang='lat' dir='ltr'><strong>me</strong></span> <span class='ocrx_word' id='word_1_570' title='bbox 3115 3484 3394 3552; x_wconf 79' lang='lat' dir='ltr'><strong>noluisset,</strong></span> 
     </span>
    </p>
   </div>
   <div class='ocr_carea' id='block_1_82' title="bbox 1831 3575 3210 3644">
    <p class='ocr_par' dir='ltr' id='par_1_82' title="bbox 1831 3575 3210 3644">
     <span class='ocr_line' id='line_1_82' title="bbox 1831 3575 3210 3644; baseline 0.002 -17"><span class='ocrx_word' id='word_1_571' title='bbox 1831 3589 2170 3644; x_wconf 85' lang='lat' dir='ltr'><strong>nequaquam</strong></span> <span class='ocrx_word' id='word_1_572' title='bbox 2197 3575 2512 3643; x_wconf 82' lang='lat' dir='ltr'><strong>prophetam</strong></span> <span class='ocrx_word' id='word_1_573' title='bbox 2546 3590 2704 3630; x_wconf 91' lang='lat' dir='ltr'><strong>suum</strong></span> <span class='ocrx_word' id='word_1_574' title='bbox 2731 3575 2801 3630; x_wconf 89' lang='lat' dir='ltr'><strong>ad</strong></span> <span class='ocrx_word' id='word_1_575' title='bbox 2836 3591 2922 3630; x_wconf 86' lang='lat' dir='ltr'><strong>me</strong></span> <span class='ocrx_word' id='word_1_576' title='bbox 2949 3575 3210 3632; x_wconf 86' lang='lat' dir='ltr'><strong>misisset.</strong></span> 
     </span>
    </p>
   </div>
   <div class='ocr_carea' id='block_1_83' title="bbox 1899 3750 3399 3818">
    <p class='ocr_par' dir='ltr' id='par_1_83' title="bbox 1899 3750 3399 3818">
     <span class='ocr_line' id='line_1_83' title="bbox 1899 3750 3399 3818; baseline 0.002 -13"><span class='ocrx_word' id='word_1_577' title='bbox 1899 3751 1988 3805; x_wconf 74' lang='lat' dir='ltr'><strong>2i.</strong></span> <span class='ocrx_word' id='word_1_578' title='bbox 2035 3750 2102 3804; x_wconf 81' lang='lat' dir='ltr'><strong>Et</strong></span> <span class='ocrx_word' id='word_1_579' title='bbox 2137 3751 2383 3806; x_wconf 84' lang='lat' dir='ltr'><strong>retribuet</strong></span> <span class='ocrx_word' id='word_1_580' title='bbox 2426 3752 2552 3804; x_wconf 86' lang='lat' dir='ltr'><strong>mihi</strong></span> <span class='ocrx_word' id='word_1_581' title='bbox 2596 3751 2874 3818; x_wconf 75' lang='lat' dir='ltr'><strong>Dominus,</strong></span> <span class='ocrx_word' id='word_1_582' title='bbox 2918 3759 3023 3806; x_wconf 88' lang='lat' dir='ltr'><strong>etc.</strong></span> <span class='ocrx_word' id='word_1_583' title='bbox 3066 3750 3399 3808; x_wconf 85' lang='lat' dir='ltr'><strong>Persuasum</strong></span> 
     </span>
    </p>
   </div>
   <div class='ocr_carea' id='block_1_84' title="bbox 1832 3842 3401 3915">
    <p class='ocr_par' dir='ltr' id='par_1_84' title="bbox 1832 3842 3401 3915">
     <span class='ocr_line' id='line_1_84' title="bbox 1832 3842 3401 3915; baseline 0.003 -20"><span class='ocrx_word' id='word_1_584' title='bbox 1832 3843 1986 3907; x_wconf 84' lang='lat' dir='ltr'><strong>mihi,</strong></span> <span class='ocrx_word' id='word_1_585' title='bbox 2013 3842 2209 3913; x_wconf 87' lang='lat' dir='ltr'><strong>inquit,</strong></span> <span class='ocrx_word' id='word_1_586' title='bbox 2247 3852 2348 3905; x_wconf 80' lang='lat' dir='ltr'><strong>est,</strong></span> <span class='ocrx_word' id='word_1_587' title='bbox 2379 3858 2504 3896; x_wconf 90' lang='lat' dir='ltr'><strong>eum</strong></span> <span class='ocrx_word' id='word_1_588' title='bbox 2533 3851 2776 3912; x_wconf 84' lang='lat' dir='ltr'><strong>tempore</strong></span> <span class='ocrx_word' id='word_1_589' title='bbox 2811 3843 2945 3914; x_wconf 87' lang='lat' dir='ltr'><strong>justi</strong></span> <span class='ocrx_word' id='word_1_590' title='bbox 2977 3843 3170 3914; x_wconf 89' lang='lat' dir='ltr'><strong>judicii</strong></span> <span class='ocrx_word' id='word_1_591' title='bbox 3208 3859 3401 3915; x_wconf 80' lang='lat' dir='ltr'><strong>pecca-</strong></span> 
     </span>
    </p>
   </div>
   <div class='ocr_carea' id='block_1_85' title="bbox 1833 3936 3398 4007">
    <p class='ocr_par' dir='ltr' id='par_1_85' title="bbox 1833 3936 3398 4007">
     <span class='ocr_line' id='line_1_85' title="bbox 1833 3936 3398 4007; baseline 0.002 -19"><span class='ocrx_word' id='word_1_592' title='bbox 1833 3944 2010 3989; x_wconf 90' lang='lat' dir='ltr'><strong>torum</strong></span> <span class='ocrx_word' id='word_1_593' title='bbox 2056 3951 2302 3989; x_wconf 86' lang='lat' dir='ltr'><strong>meorum</strong></span> <span class='ocrx_word' id='word_1_594' title='bbox 2350 3936 2750 4000; x_wconf 84' lang='lat' dir='ltr'><strong>immemorem,</strong></span> <span class='ocrx_word' id='word_1_595' title='bbox 2796 3938 3094 3992; x_wconf 84' lang='lat' dir='ltr'><strong>secundum</strong></span> <span class='ocrx_word' id='word_1_596' title='bbox 3133 3936 3398 4007; x_wconf 85' lang='lat' dir='ltr'><strong>justitiam</strong></span> 
     </span>
    </p>
   </div>
   <div class='ocr_carea' id='block_1_86' title="bbox 1832 4028 3400 4087">
    <p class='ocr_par' dir='ltr' id='par_1_86' title="bbox 1832 4028 3400 4087">
     <span class='ocr_line' id='line_1_86' title="bbox 1832 4028 3400 4087; baseline 0.001 -6"><span class='ocrx_word' id='word_1_597' title='bbox 1832 4043 2006 4083; x_wconf 88' lang='lat' dir='ltr'><strong>meam</strong></span> <span class='ocrx_word' id='word_1_598' title='bbox 2059 4028 2193 4081; x_wconf 89' lang='lat' dir='ltr'><strong>mihi</strong></span> <span class='ocrx_word' id='word_1_599' title='bbox 2250 4029 2668 4084; x_wconf 88' lang='lat' dir='ltr'><strong>retributurum.</strong></span> <span class='ocrx_word' id='word_1_600' title='bbox 2723 4029 2860 4083; x_wconf 90' lang='lat' dir='ltr'><strong>Cum</strong></span> <span class='ocrx_word' id='word_1_601' title='bbox 2910 4028 3063 4083; x_wconf 91' lang='lat' dir='ltr'><strong>enim.</strong></span> <span class='ocrx_word' id='word_1_602' title='bbox 3119 4029 3224 4083; x_wconf 90' lang='lat' dir='ltr'><strong>alia</strong></span> <span class='ocrx_word' id='word_1_603' title='bbox 3280 4044 3400 4087; x_wconf 83' lang='lat' dir='ltr'><strong>mea</strong></span> 
     </span>
    </p>
   </div>
   <div class='ocr_carea' id='block_1_87' title="bbox 1830 4119 3400 4190">
    <p class='ocr_par' dir='ltr' id='par_1_87' title="bbox 1830 4119 3400 4190">
     <span class='ocr_line' id='line_1_87' title="bbox 1830 4119 3400 4190; baseline 0.002 -18"><span class='ocrx_word' id='word_1_604' title='bbox 1830 4134 1994 4188; x_wconf 86' lang='lat' dir='ltr'><strong>opera</strong></span> <span class='ocrx_word' id='word_1_605' title='bbox 2020 4119 2072 4172; x_wconf 93' lang='lat' dir='ltr'><strong>in</strong></span> <span class='ocrx_word' id='word_1_606' title='bbox 2093 4119 2306 4186; x_wconf 89' lang='lat' dir='ltr'><strong>justitia</strong></span> <span class='ocrx_word' id='word_1_607' title='bbox 2339 4120 2482 4175; x_wconf 90' lang='lat' dir='ltr'><strong>edita</strong></span> <span class='ocrx_word' id='word_1_608' title='bbox 2507 4120 2559 4173; x_wconf 91' lang='lat' dir='ltr'><strong>in</strong></span> <span class='ocrx_word' id='word_1_609' title='bbox 2599 4120 2754 4174; x_wconf 84' lang='lat' dir='ltr'><strong>lance</strong></span> <span class='ocrx_word' id='word_1_610' title='bbox 2784 4119 3196 4188; x_wconf 89' lang='lat' dir='ltr'><strong>comparabitet</strong></span> <span class='ocrx_word' id='word_1_611' title='bbox 3228 4134 3400 4190; x_wconf 87' lang='lat' dir='ltr'><strong>oppo-</strong></span> 
     </span>
    </p>
   </div>
   <div class='ocr_carea' id='block_1_88' title="bbox 1831 4212 3401 4282">
    <p class='ocr_par' dir='ltr' id='par_1_88' title="bbox 1831 4212 3401 4282">
     <span class='ocr_line' id='line_1_88' title="bbox 1831 4212 3401 4282; baseline 0.002 -19"><span class='ocrx_word' id='word_1_612' title='bbox 1831 4221 1920 4264; x_wconf 88' lang='lat' dir='ltr'><strong>net</strong></span> <span class='ocrx_word' id='word_1_613' title='bbox 1951 4221 2173 4280; x_wconf 79' lang='lat' dir='ltr'><strong>peccato</strong></span> <span class='ocrx_word' id='word_1_614' title='bbox 2212 4226 2352 4273; x_wconf 90' lang='lat' dir='ltr'><strong>meo,</strong></span> <span class='ocrx_word' id='word_1_615' title='bbox 2399 4212 2630 4265; x_wconf 83' lang='lat' dir='ltr'><strong>multum</strong></span> <span class='ocrx_word' id='word_1_616' title='bbox 2670 4226 2733 4266; x_wconf 84' lang='lat' dir='ltr'><strong>ea</strong></span> <span class='ocrx_word' id='word_1_617' title='bbox 2777 4220 2996 4281; x_wconf 83' lang='lat' dir='ltr'><strong>peccato</strong></span> <span class='ocrx_word' id='word_1_618' title='bbox 3023 4227 3053 4265; x_wconf 91' lang='lat' dir='ltr'><strong>a</strong></span> <span class='ocrx_word' id='word_1_619' title='bbox 3085 4226 3171 4266; x_wconf 90' lang='lat' dir='ltr'><strong>me</strong></span> <span class='ocrx_word' id='word_1_620' title='bbox 3205 4226 3401 4282; x_wconf 87' lang='lat' dir='ltr'><strong>perpe-</strong></span> 
     </span>
    </p>
   </div>
   <div class='ocr_carea' id='block_1_89' title="bbox 1833 4302 3398 4371">
    <p class='ocr_par' dir='ltr' id='par_1_89' title="bbox 1833 4302 3398 4371">
     <span class='ocr_line' id='line_1_89' title="bbox 1833 4302 3398 4371; baseline 0.001 -15"><span class='ocrx_word' id='word_1_621' title='bbox 1833 4311 1970 4356; x_wconf 87' lang='lat' dir='ltr'><strong>trato</strong></span> <span class='ocrx_word' id='word_1_622' title='bbox 2023 4302 2436 4371; x_wconf 69' lang='lat' dir='ltr'><strong>praeponderare</strong></span> <span class='ocrx_word' id='word_1_623' title='bbox 2482 4303 2737 4357; x_wconf 89' lang='lat' dir='ltr'><strong>inveniet.</strong></span> <span class='ocrx_word' id='word_1_624' title='bbox 2782 4302 3017 4359; x_wconf 89' lang='lat' dir='ltr'><strong>Doeetur</strong></span> <span class='ocrx_word' id='word_1_625' title='bbox 3054 4313 3233 4359; x_wconf 90' lang='lat' dir='ltr'><strong>autem</strong></span> <span class='ocrx_word' id='word_1_626' title='bbox 3274 4319 3398 4358; x_wconf 89' lang='lat' dir='ltr'><strong>cum</strong></span> 
     </span>
    </p>
   </div>
   <div class='ocr_carea' id='block_1_90' title="bbox 1831 4390 3402 4462">
    <p class='ocr_par' dir='ltr' id='par_1_90' title="bbox 1831 4390 3402 4462">
     <span class='ocr_line' id='line_1_90' title="bbox 1831 4390 3402 4462; baseline 0.001 -18"><span class='ocrx_word' id='word_1_627' title='bbox 1831 4393 1923 4460; x_wconf 91' lang='lat' dir='ltr'><strong>qui</strong></span> <span class='ocrx_word' id='word_1_628' title='bbox 1987 4390 2300 4444; x_wconf 75' lang='lat' dir='ltr'><strong>infirmitate</strong></span> <span class='ocrx_word' id='word_1_629' title='bbox 2362 4392 2600 4460; x_wconf 81' lang='lat' dir='ltr'><strong>quadam</strong></span> <span class='ocrx_word' id='word_1_630' title='bbox 2671 4393 2867 4462; x_wconf 87' lang='lat' dir='ltr'><strong>lapsus</strong></span> <span class='ocrx_word' id='word_1_631' title='bbox 2918 4393 3023 4456; x_wconf 90' lang='lat' dir='ltr'><strong>sit,</strong></span> <span class='ocrx_word' id='word_1_632' title='bbox 3086 4405 3249 4461; x_wconf 88' lang='lat' dir='ltr'><strong>posse</strong></span> <span class='ocrx_word' id='word_1_633' title='bbox 3305 4407 3402 4462; x_wconf 88' lang='lat' dir='ltr'><strong>per</strong></span> 
     </span>
    </p>
   </div>
   <div class='ocr_carea' id='block_1_91' title="bbox 1830 4483 3404 4556">
    <p class='ocr_par' dir='ltr' id='par_1_91' title="bbox 1830 4483 3404 4556">
     <span class='ocr_line' id='line_1_91' title="bbox 1830 4483 3404 4556; baseline 0.001 -19"><span class='ocrx_word' id='word_1_634' title='bbox 1830 4483 2068 4537; x_wconf 88' lang='lat' dir='ltr'><strong>secunda</strong></span> <span class='ocrx_word' id='word_1_635' title='bbox 2092 4485 2234 4540; x_wconf 90' lang='lat' dir='ltr'><strong>bona</strong></span> <span class='ocrx_word' id='word_1_636' title='bbox 2266 4498 2432 4554; x_wconf 88' lang='lat' dir='ltr'><strong>opera</strong></span> <span class='ocrx_word' id='word_1_637' title='bbox 2459 4485 2514 4538; x_wconf 92' lang='lat' dir='ltr'><strong>in</strong></span> <span class='ocrx_word' id='word_1_638' title='bbox 2549 4483 2843 4554; x_wconf 88' lang='lat' dir='ltr'><strong>pristinum</strong></span> <span class='ocrx_word' id='word_1_639' title='bbox 2885 4499 2945 4540; x_wconf 89' lang='lat' dir='ltr'><strong>se</strong></span> <span class='ocrx_word' id='word_1_640' title='bbox 2983 4485 3208 4556; x_wconf 76' lang='lat' dir='ltr'><strong>gradum</strong></span> <span class='ocrx_word' id='word_1_641' title='bbox 3243 4484 3404 4540; x_wconf 88' lang='lat' dir='ltr'><strong>resti-</strong></span> 
     </span>
    </p>
   </div>
   <div class='ocr_carea' id='block_1_92' title="bbox 1833 4583 2004 4632">
    <p class='ocr_par' dir='ltr' id='par_1_92' title="bbox 1833 4583 2004 4632">
     <span class='ocr_line' id='line_1_92' title="bbox 1833 4583 2004 4632; baseline 0.018 -3"><span class='ocrx_word' id='word_1_642' title='bbox 1833 4583 2004 4632; x_wconf 90' lang='lat' dir='ltr'><strong>tuere.</strong></span> 
     </span>
    </p>
   </div>
   <div class='ocr_carea' id='block_1_93' title="bbox 1913 4664 3402 4740">
    <p class='ocr_par' dir='ltr' id='par_1_93' title="bbox 1913 4664 3402 4740">
     <span class='ocr_line' id='line_1_93' title="bbox 1913 4664 3402 4740; baseline 0.002 -22"><span class='ocrx_word' id='word_1_643' title='bbox 1913 4664 2206 4736; x_wconf 79' lang='lat' dir='ltr'><strong>[Justitiam</strong></span> <span class='ocrx_word' id='word_1_644' title='bbox 2279 4682 2498 4722; x_wconf 89' lang='lat' dir='ltr'><strong>omnem</strong></span> <span class='ocrx_word' id='word_1_645' title='bbox 2557 4667 2813 4723; x_wconf 88' lang='lat' dir='ltr'><strong>virtutem</strong></span> <span class='ocrx_word' id='word_1_646' title='bbox 2871 4668 3050 4734; x_wconf 90' lang='lat' dir='ltr'><strong>dicit;</strong></span> <span class='ocrx_word' id='word_1_647' title='bbox 3112 4669 3402 4740; x_wconf 86' lang='lat' dir='ltr'><strong>puritatem</strong></span> 
     </span>
    </p>
   </div>
   <div class='ocr_carea' id='block_1_94' title="bbox 1841 4759 3405 4832">
    <p class='ocr_par' dir='ltr' id='par_1_94' title="bbox 1841 4759 3405 4832">
     <span class='ocr_line' id='line_1_94' title="bbox 1841 4759 3405 4832; baseline 0.003 -20"><span class='ocrx_word' id='word_1_648' title='bbox 1841 4773 2100 4813; x_wconf 92' lang='lat' dir='ltr'><strong>manuum</strong></span> <span class='ocrx_word' id='word_1_649' title='bbox 2147 4759 2202 4813; x_wconf 92' lang='lat' dir='ltr'><strong>in</strong></span> <span class='ocrx_word' id='word_1_650' title='bbox 2255 4760 2484 4829; x_wconf 85' lang='lat' dir='ltr'><strong>agendo,</strong></span> <span class='ocrx_word' id='word_1_651' title='bbox 2534 4760 2836 4830; x_wconf 90' lang='lat' dir='ltr'><strong>inculpatas</strong></span> <span class='ocrx_word' id='word_1_652' title='bbox 2889 4763 3254 4831; x_wconf 87' lang='lat' dir='ltr'><strong>operationes,</strong></span> <span class='ocrx_word' id='word_1_653' title='bbox 3285 4777 3405 4832; x_wconf 73' lang='lat' dir='ltr'><strong>qua:</strong></span> 
     </span>
    </p>
   </div>
   <div class='ocr_carea' id='block_1_95' title="bbox 1843 4849 3042 4925">
    <p class='ocr_par' dir='ltr' id='par_1_95' title="bbox 1843 4849 3042 4925">
     <span class='ocr_line' id='line_1_95' title="bbox 1843 4849 3042 4925; baseline 0.001 -20"><span class='ocrx_word' id='word_1_654' title='bbox 1843 4852 1912 4905; x_wconf 87' lang='lat' dir='ltr'><strong>ab</strong></span> <span class='ocrx_word' id='word_1_655' title='bbox 1939 4851 2148 4920; x_wconf 91' lang='lat' dir='ltr'><strong>optimo</strong></span> <span class='ocrx_word' id='word_1_656' title='bbox 2176 4851 2363 4906; x_wconf 89' lang='lat' dir='ltr'><strong>habitu</strong></span> <span class='ocrx_word' id='word_1_657' title='bbox 2389 4861 2444 4906; x_wconf 90' lang='lat' dir='ltr'><strong>et</strong></span> <span class='ocrx_word' id='word_1_658' title='bbox 2470 4849 2673 4907; x_wconf 77' lang='lat' dir='ltr'><strong>affectu</strong></span> <span class='ocrx_word' id='word_1_659' title='bbox 2703 4850 3042 4925; x_wconf 87' lang='lat' dir='ltr'><strong>procedant.]</strong></span> 
     </span>
    </p>
   </div>
   <div class='ocr_carea' id='block_1_96' title="bbox 226 5095 3402 5170">
    <p class='ocr_par' dir='ltr' id='par_1_96' title="bbox 226 5095 3402 5170">
     <span class='ocr_line' id='line_1_96' title="bbox 226 5095 3402 5170; baseline 0.002 -19"><span class='ocrx_word' id='word_1_660' title='bbox 226 5097 419 5152; x_wconf 76' lang='lat' dir='ltr'><strong>Daniel</strong></span> <span class='ocrx_word' id='word_1_661' title='bbox 456 5098 726 5153; x_wconf 83' lang='lat' dir='ltr'><strong>Barbarus</strong></span> <span class='ocrx_word' id='word_1_662' title='bbox 757 5115 774 5154; x_wconf 91' lang='lat'><em>:</em></span> <span class='ocrx_word' id='word_1_663' title='bbox 800 5098 1069 5154; x_wconf 65' lang='lat' dir='ltr'><strong>Caeterum</strong></span> <span class='ocrx_word' id='word_1_664' title='bbox 1093 5100 1188 5169; x_wconf 88' lang='lat' dir='ltr'><strong>qui</strong></span> <span class='ocrx_word' id='word_1_665' title='bbox 1213 5099 1328 5155; x_wconf 76' lang='lat' dir='ltr'><strong>lizec</strong></span> <span class='ocrx_word' id='word_1_666' title='bbox 1357 5099 1597 5170; x_wconf 86' lang='lat' dir='ltr'><strong>loquitur</strong></span> <span class='ocrx_word' id='word_1_667' title='bbox 1621 5097 1756 5154; x_wconf 87' lang='lat' dir='ltr'><strong>nihil</strong></span> <span class='ocrx_word' id='word_1_668' title='bbox 1789 5098 1890 5153; x_wconf 90' lang='lat' dir='ltr'><strong>sibi</strong></span> <span class='ocrx_word' id='word_1_669' title='bbox 1921 5096 2111 5152; x_wconf 81' lang='lat' dir='ltr'><strong>tribuit</strong></span> <span class='ocrx_word' id='word_1_670' title='bbox 2144 5115 2158 5164; x_wconf 90' lang='lat'><strong>;</strong></span> <span class='ocrx_word' id='word_1_671' title='bbox 2189 5112 2356 5167; x_wconf 91' lang='lat' dir='ltr'><strong>quare</strong></span> <span class='ocrx_word' id='word_1_672' title='bbox 2385 5096 2452 5152; x_wconf 88' lang='lat' dir='ltr'><strong>ad</strong></span> <span class='ocrx_word' id='word_1_673' title='bbox 2487 5095 2828 5155; x_wconf 83' lang='lat' dir='ltr'><strong>Salvatorem</strong></span> <span class='ocrx_word' id='word_1_674' title='bbox 2860 5101 3014 5155; x_wconf 88' lang='lat' dir='ltr'><strong>aiunt</strong></span> <span class='ocrx_word' id='word_1_675' title='bbox 3051 5102 3166 5156; x_wconf 70' lang='lat' dir='ltr'><strong>haec</strong></span> <span class='ocrx_word' id='word_1_676' title='bbox 3190 5100 3402 5165; x_wconf 81' lang='lat' dir='ltr'><strong>referri,</strong></span> 
     </span>
    </p>
   </div>
   <div class='ocr_carea' id='block_1_97' title="bbox 154 5191 3404 5265">
    <p class='ocr_par' dir='ltr' id='par_1_97' title="bbox 154 5191 3404 5265">
     <span class='ocr_line' id='line_1_97' title="bbox 154 5191 3404 5265; baseline 0.001 -20"><span class='ocrx_word' id='word_1_677' title='bbox 154 5196 246 5262; x_wconf 88' lang='lat' dir='ltr'><strong>qui</strong></span> <span class='ocrx_word' id='word_1_678' title='bbox 278 5209 346 5247; x_wconf 78' lang='lat' dir='ltr'><strong>ex</strong></span> <span class='ocrx_word' id='word_1_679' title='bbox 369 5194 489 5261; x_wconf 87' lang='lat' dir='ltr'><strong>ejus</strong></span> <span class='ocrx_word' id='word_1_680' title='bbox 521 5209 754 5263; x_wconf 88' lang='lat' dir='ltr'><strong>persona</strong></span> <span class='ocrx_word' id='word_1_681' title='bbox 787 5195 931 5248; x_wconf 91' lang='lat' dir='ltr'><strong>hunc</strong></span> <span class='ocrx_word' id='word_1_682' title='bbox 958 5194 1226 5263; x_wconf 88' lang='lat' dir='ltr'><strong>psahnum</strong></span> <span class='ocrx_word' id='word_1_683' title='bbox 1266 5195 1458 5249; x_wconf 88' lang='lat' dir='ltr'><strong>dictari</strong></span> <span class='ocrx_word' id='word_1_684' title='bbox 1482 5195 1672 5249; x_wconf 85' lang='lat' dir='ltr'><strong>dicunt</strong></span> <span class='ocrx_word' id='word_1_685' title='bbox 1701 5213 1714 5247; x_wconf 86' lang='lat'><strong>:</strong></span> <span class='ocrx_word' id='word_1_686' title='bbox 1751 5191 2030 5246; x_wconf 85' lang='lat' dir='ltr'><strong>Tentatum</strong></span> <span class='ocrx_word' id='word_1_687' title='bbox 2061 5209 2154 5261; x_wconf 78' lang='lat' dir='ltr'><strong>per</strong></span> <span class='ocrx_word' id='word_1_688' title='bbox 2186 5193 2365 5247; x_wconf 87' lang='lat' dir='ltr'><strong>omnia</strong></span> <span class='ocrx_word' id='word_1_689' title='bbox 2392 5194 2680 5248; x_wconf 82' lang='lat' dir='ltr'><strong>secundum</strong></span> <span class='ocrx_word' id='word_1_690' title='bbox 2717 5195 3118 5249; x_wconf 81' lang='lat' dir='ltr'><strong>similitudinem</strong></span> <span class='ocrx_word' id='word_1_691' title='bbox 3142 5196 3254 5252; x_wconf 68' lang='lat' dir='ltr'><strong>sit:</strong></span> <span class='ocrx_word' id='word_1_692' title='bbox 3283 5211 3404 5265; x_wconf 80' lang='lat' dir='ltr'><strong>pce-</strong></span> 
     </span>
    </p>
   </div>
   <div class='ocr_carea' id='block_1_98' title="bbox 157 5285 3407 5357">
    <p class='ocr_par' dir='ltr' id='par_1_98' title="bbox 157 5285 3407 5357">
     <span class='ocr_line' id='line_1_98' title="bbox 157 5285 3407 5357; baseline 0.001 -19"><span class='ocrx_word' id='word_1_693' title='bbox 157 5295 275 5338; x_wconf 82' lang='lat' dir='ltr'><strong>cato</strong></span> <span class='ocrx_word' id='word_1_694' title='bbox 302 5291 343 5339; x_wconf 83' lang='grc'><strong>’.</strong></span> <span class='ocrx_word' id='word_1_695' title='bbox 376 5285 651 5341; x_wconf 79' lang='lat' dir='ltr'><strong>Justitiam</strong></span> <span class='ocrx_word' id='word_1_696' title='bbox 675 5303 803 5340; x_wconf 88' lang='lat' dir='ltr'><strong>vero</strong></span> <span class='ocrx_word' id='word_1_697' title='bbox 827 5298 981 5342; x_wconf 79' lang='lat' dir='ltr'><strong>vocat</strong></span> <span class='ocrx_word' id='word_1_698' title='bbox 1005 5287 1058 5340; x_wconf 89' lang='lat' dir='ltr'><strong>in</strong></span> <span class='ocrx_word' id='word_1_699' title='bbox 1099 5287 1416 5343; x_wconf 86' lang='lat' dir='ltr'><strong>universum</strong></span> <span class='ocrx_word' id='word_1_700' title='bbox 1455 5289 1711 5342; x_wconf 84' lang='lat' dir='ltr'><strong>actriccm</strong></span> <span class='ocrx_word' id='word_1_701' title='bbox 1735 5287 1990 5342; x_wconf 83' lang='lat' dir='ltr'><strong>virtutem</strong></span> <span class='ocrx_word' id='word_1_702' title='bbox 2024 5305 2038 5353; x_wconf 94' lang='lat'><strong>;</strong></span> <span class='ocrx_word' id='word_1_703' title='bbox 2075 5289 2364 5357; x_wconf 89' lang='lat' dir='ltr'><strong>puritatem</strong></span> <span class='ocrx_word' id='word_1_704' title='bbox 2395 5298 2575 5343; x_wconf 86' lang='lat' dir='ltr'><strong>autem</strong></span> <span class='ocrx_word' id='word_1_705' title='bbox 2610 5302 2892 5350; x_wconf 85' lang='lat' dir='ltr'><strong>manuum,</strong></span> <span class='ocrx_word' id='word_1_706' title='bbox 2923 5287 3151 5352; x_wconf 86' lang='lat' dir='ltr'><strong>actrices</strong></span> <span class='ocrx_word' id='word_1_707' title='bbox 3173 5285 3407 5342; x_wconf 79' lang='lat' dir='ltr'><strong>faculta-</strong></span> 
     </span>
    </p>
   </div>
   <div class='ocr_carea' id='block_1_99' title="bbox 155 5372 3405 5452">
    <p class='ocr_par' dir='ltr' id='par_1_99' title="bbox 155 5372 3405 5452">
     <span class='ocr_line' id='line_1_99' title="bbox 155 5372 3405 5452; baseline 0.002 -22"><span class='ocrx_word' id='word_1_708' title='bbox 155 5372 238 5432; x_wconf 66' lang='lat' dir='ltr'><strong>tes</strong></span> <span class='ocrx_word' id='word_1_709' title='bbox 275 5387 330 5432; x_wconf 88' lang='lat' dir='ltr'><strong>et</strong></span> <span class='ocrx_word' id='word_1_710' title='bbox 352 5381 600 5436; x_wconf 83' lang='lat' dir='ltr'><strong>actiones</strong></span> <span class='ocrx_word' id='word_1_711' title='bbox 634 5382 879 5436; x_wconf 89' lang='lat' dir='ltr'><strong>sordium</strong></span> <span class='ocrx_word' id='word_1_712' title='bbox 915 5381 1205 5446; x_wconf 89' lang='lat' dir='ltr'><strong>immunes,</strong></span> <span class='ocrx_word' id='word_1_713' title='bbox 1233 5392 1286 5436; x_wconf 90' lang='lat' dir='ltr'><strong>et</strong></span> <span class='ocrx_word' id='word_1_714' title='bbox 1309 5384 1379 5437; x_wconf 93' lang='lat' dir='ltr'><strong>ab</strong></span> <span class='ocrx_word' id='word_1_715' title='bbox 1410 5383 1618 5452; x_wconf 85' lang='lat' dir='ltr'><strong>Optimo</strong></span> <span class='ocrx_word' id='word_1_716' title='bbox 1652 5382 1840 5436; x_wconf 91' lang='lat' dir='ltr'><strong>habitu</strong></span> <span class='ocrx_word' id='word_1_717' title='bbox 1871 5381 2299 5452; x_wconf 78' lang='lat' dir='ltr'><strong>proﬁciscentes.</strong></span> <span class='ocrx_word' id='word_1_718' title='bbox 2335 5381 2603 5438; x_wconf 71' lang='lat' dir='ltr'><strong>Caeterum</strong></span> <span class='ocrx_word' id='word_1_719' title='bbox 2629 5383 2699 5437; x_wconf 89' lang='lat' dir='ltr'><strong>ab</strong></span> <span class='ocrx_word' id='word_1_720' title='bbox 2724 5381 2872 5437; x_wconf 92' lang='lat' dir='ltr'><strong>omni</strong></span> <span class='ocrx_word' id='word_1_721' title='bbox 2908 5380 3168 5451; x_wconf 87' lang='lat' dir='ltr'><strong>jactantia</strong></span> <span class='ocrx_word' id='word_1_722' title='bbox 3198 5381 3405 5437; x_wconf 80' lang='lat' dir='ltr'><strong>alienas</strong></span> 
     </span>
    </p>
   </div>
   <div class='ocr_carea' id='block_1_100' title="bbox 159 5473 3403 5550">
    <p class='ocr_par' dir='ltr' id='par_1_100' title="bbox 159 5473 3403 5550">
     <span class='ocr_line' id='line_1_100' title="bbox 159 5473 3403 5550; baseline 0.002 -23"><span class='ocrx_word' id='word_1_723' title='bbox 159 5473 570 5530; x_wconf 79' lang='lat' dir='ltr'><strong>benefactorum</strong></span> <span class='ocrx_word' id='word_1_724' title='bbox 597 5493 819 5532; x_wconf 88' lang='lat' dir='ltr'><strong>suorum</strong></span> <span class='ocrx_word' id='word_1_725' title='bbox 850 5491 1046 5532; x_wconf 86' lang='lat' dir='ltr'><strong>causas</strong></span> <span class='ocrx_word' id='word_1_726' title='bbox 1087 5476 1195 5530; x_wconf 90' lang='lat' dir='ltr'><strong>Deo</strong></span> <span class='ocrx_word' id='word_1_727' title='bbox 1227 5479 1433 5533; x_wconf 82' lang='lat' dir='ltr'><strong>tribuit.</strong></span> <span class='ocrx_word' id='word_1_728' title='bbox 1467 5476 1594 5533; x_wconf 83' lang='lat' dir='ltr'><strong>Vias</strong></span> <span class='ocrx_word' id='word_1_729' title='bbox 1630 5487 1811 5532; x_wconf 89' lang='lat' dir='ltr'><strong>autem</strong></span> <span class='ocrx_word' id='word_1_730' title='bbox 1843 5477 2097 5532; x_wconf 90' lang='lat' dir='ltr'><strong>mandata</strong></span> <span class='ocrx_word' id='word_1_731' title='bbox 2121 5477 2392 5541; x_wconf 66' lang='lat' dir='ltr'><strong>intelligit.</strong></span> <span class='ocrx_word' id='word_1_732' title='bbox 2414 5476 2531 5534; x_wconf 79' lang='lat' dir='ltr'><strong>Non</strong></span> <span class='ocrx_word' id='word_1_733' title='bbox 2563 5479 2726 5550; x_wconf 89' lang='lat' dir='ltr'><strong>impie</strong></span> <span class='ocrx_word' id='word_1_734' title='bbox 2756 5487 2937 5535; x_wconf 87' lang='lat' dir='ltr'><strong>autem</strong></span> <span class='ocrx_word' id='word_1_735' title='bbox 2974 5493 3034 5534; x_wconf 87' lang='lat' dir='ltr'><strong>se</strong></span> <span class='ocrx_word' id='word_1_736' title='bbox 3064 5481 3202 5548; x_wconf 75' lang='lat' dir='ltr'><strong>gerit</strong></span> <span class='ocrx_word' id='word_1_737' title='bbox 3224 5476 3294 5533; x_wconf 82' lang='lat' dir='ltr'><strong>ab</strong></span> <span class='ocrx_word' id='word_1_738' title='bbox 3315 5489 3403 5547; x_wconf 83' lang='lat' dir='ltr'><strong>eo,</strong></span> 
     </span>
    </p>
   </div>
   <div class='ocr_carea' id='block_1_101' title="bbox 161 5563 2244 5643">
    <p class='ocr_par' dir='ltr' id='par_1_101' title="bbox 161 5563 2244 5643">
     <span class='ocr_line' id='line_1_101' title="bbox 161 5563 2244 5643; baseline 0.007 -31"><span class='ocrx_word' id='word_1_739' title='bbox 161 5563 474 5633; x_wconf 88' lang='lat' dir='ltr'><strong>quicunque</strong></span> <span class='ocrx_word' id='word_1_740' title='bbox 511 5568 758 5623; x_wconf 82' lang='lat' dir='ltr'><strong>veritatis</strong></span> <span class='ocrx_word' id='word_1_741' title='bbox 788 5569 1042 5640; x_wconf 78' lang='lat' dir='ltr'><strong>dogmata</strong></span> <span class='ocrx_word' id='word_1_742' title='bbox 1077 5584 1133 5630; x_wconf 86' lang='lat' dir='ltr'><strong>et</strong></span> <span class='ocrx_word' id='word_1_743' title='bbox 1163 5577 1496 5633; x_wconf 82' lang='lat' dir='ltr'><strong>assertiones</strong></span> <span class='ocrx_word' id='word_1_744' title='bbox 1527 5577 1692 5634; x_wconf 84' lang='lat' dir='ltr'><strong>Drobe</strong></span> <span class='ocrx_word' id='word_1_745' title='bbox 1721 5591 1784 5630; x_wconf 84' lang='lat' dir='ltr'><strong>ac</strong></span> <span class='ocrx_word' id='word_1_746' title='bbox 1810 5586 1953 5630; x_wconf 88' lang='lat' dir='ltr'><strong>recte</strong></span> <span class='ocrx_word' id='word_1_747' title='bbox 1991 5574 2244 5643; x_wconf 80' lang='lat' dir='ltr'><strong>explicat.</strong></span> 
     </span>
    </p>
   </div>
   <div class='ocr_carea' id='block_1_102' title="bbox 221 5735 1196 5814">
    <p class='ocr_par' dir='ltr' id='par_1_102' title="bbox 221 5735 1196 5814">
     <span class='ocr_line' id='line_1_102' title="bbox 221 5735 1196 5814; baseline 0.015 -22"><span class='ocrx_word' id='word_1_748' title='bbox 221 5735 248 5767; x_wconf 86' lang='grc'><strong>⁸</strong></span> <span class='ocrx_word' id='word_1_749' title='bbox 284 5736 410 5794; x_wconf 86' lang='lat' dir='ltr'><strong>Ose.</strong></span> <span class='ocrx_word' id='word_1_750' title='bbox 450 5756 545 5804; x_wconf 83' lang='lat' dir='ltr'><strong>vn,</strong></span> <span class='ocrx_word' id='word_1_751' title='bbox 583 5741 666 5795; x_wconf 73' lang='lat' dir='ltr'><strong>l2.</strong></span> <span class='ocrx_word' id='word_1_752' title='bbox 745 5748 765 5774; x_wconf 88' lang='lat'><strong>’</strong></span> <span class='ocrx_word' id='word_1_753' title='bbox 805 5745 964 5802; x_wconf 82' lang='lat' dir='ltr'><strong>Hebr.</strong></span> <span class='ocrx_word' id='word_1_754' title='bbox 1005 5765 1073 5814; x_wconf 82' lang='lat' dir='ltr'><strong>tv,</strong></span> <span class='ocrx_word' id='word_1_755' title='bbox 1115 5751 1196 5806; x_wconf 74' lang='lat' dir='ltr'><strong>l5.</strong></span> 
     </span>
    </p>
   </div>
  </div>
