4032 6444
661 414 766 465 115

1476 405 1531 457 ὃ.
1573 402 1941 457 ATHANASII
1980 401 2129 461 OPP.
2173 401 2353 456 PARS
2391 402 2479 457 lll.
2522 433 2589 442 --
2628 399 3035 455 EXEGETICA.

3774 396 3877 451 116

723 576 811 629 22.
832 575 1019 628 Daniel
1038 573 1306 627 Barbarus
1325 587 1343 625 :
1364 570 1471 624 Nec
1500 572 1652 639 impie
1670 576 1800 640 gessi
1834 590 1865 625 α
1900 572 2001 624 Deo
2025 587 2153 623 meo.
2181 569 2348 623 Justis
2368 571 2513 624 enim
2538 571 2629 635 qui
2657 578 2902 639 prompte
2930 567 3004 623 illi
3027 576 3220 638 parent
3250 566 3549 623 mercedem
3579 567 3829 638 rependit
3856 584 3873 620 :

657 670 744 723 ille
773 679 951 722 autem
984 684 1088 720 non
1121 683 1178 722 se
1206 667 1367 736 impie
1392 669 1527 737 gerit
1557 669 1645 735 qui
1675 683 1797 720 vera
1830 669 2078 737 dogmata
2109 666 2351 733 suscipit.

727 762 1011 835 [Quoniam
1035 765 1210 816 omnia
1224 765 1452 833 judicia,
1478 774 1581 818 etc.
1604 763 1705 828 Qui
1737 764 1870 831 lapsi
1896 772 2025 841 sunt
2048 778 2207 830 opor-
2240 793 2251 821 λ

2382 759 2549 832 [Ὅτι
2576 776 2770 812 narra
2801 763 2871 814 τὰ
2902 759 3169 827 κρίματα,
3200 757 3292 808 καὶ
3324 754 3394 807 τά
3426 754 3572 823 ἐξῆς.
3623 753 3876 822 ’0“an-

658 864 733 908 tet
763 864 817 908 ut
850 856 1088 923 repetitis
1120 856 1277 909 bonis
1308 856 1562 924 operibus
1599 856 1665 909 ad
1692 856 1969 909 meliorem
2005 869 2062 907 se
2093 854 2205 906 fru-

655 960 772 1014 gem
818 946 1096 1015 recipiant.
1132 945 1244 1001 Etsi
1291 954 1469 1001 autem
1506 946 1816 1014 investigari
1862 960 1969 997 non
2008 955 2207 1014 queant

650 1033 851 1102 judicia
898 1036 1038 1105 ejus,
1093 1050 1254 1103 atque
1302 1038 1497 1105 abysso
1553 1036 1855 1090 consimilia
1899 1036 2039 1099 sint,
2080 1035 2207 1103 quia

655 1125 861 1179 scilicet
935 1127 1499 1194 incomprehensibilia
1568 1140 1742 1189 sunt;
1833 1136 2205 1180 verumtamen

2310 852 2470 914 κότας
2496 850 2891 921 ἀναλαμϐάνειν
2922 851 3001 903 δεῖ
3030 850 3252 910 ἑαυτοὺς
3271 846 3359 900 διὰ
3387 846 3651 916 δευτέρων
3684 860 3881 915 κατορ-

2312 944 2594 1015 θωμάτων.
2638 945 2699 996 El
2734 944 2827 996 καὶ
2877 942 3264 1014 ἀνεξερεύνητα
3308 938 3363 991 δὲ
3393 938 3485 990 καὶ
3525 936 3593 989 τὰ
3630 936 3879 1007 κρίματα

2312 1039 2403 1091 καὶ
2434 1036 2653 1105 ἀϐύσσῳ
2700 1035 2913 1087 ἐοικότα
2943 1033 3029 1086 διά
3063 1032 3121 1085 τὸ
3167 1030 3547 1101 ἀκατάληπτον
3577 1077 3590 1093 ,
3640 1028 3749 1081 ἀλλ’
3780 1020 3879 1082 οὖν

2314 1130 2491 1183 πάντα
2519 1127 2744 1180 ἐνώπιόν
2778 1128 2892 1178 ἐστι
2920 1125 3012 1178 τοῦ
3046 1123 3341 1194 θεοφιλοῦς.
3367 1120 3390 1194 1

652 1218 837 1271 omnia
866 1219 1121 1287 religioso
1151 1220 1265 1273 viro
1292 1222 1573 1289 pra-sentia
1608 1219 1780 1291 sunt.]

720 1328 809 1383 25.
856 1330 1042 1383 Daniel
1082 1330 1353 1385 Barbarus
1387 1347 1404 1383 :
1442 1332 1701 1395 Quoniam
1745 1334 1922 1384 omnia
1944 1333 2152 1401 judicia
2188 1332 2299 1400 ejus
2328 1333 2383 1385 in
2429 1337 2709 1397 conspectu
2747 1342 2878 1380 meo.
2907 1324 3009 1391 Qui
3045 1326 3338 1379 secundum
3369 1324 3538 1378 Deum
3571 1324 3737 1377 homo
3769 1309 3879 1389 est,

653 1420 894 1475 divinum
928 1423 1177 1475 timorem
1215 1434 1337 1477 ante
1366 1426 1556 1479 oculos
1584 1427 1921 1479 continenter
1952 1427 2182 1492 habens,
2223 1440 2343 1479 cum
2384 1424 2582 1479 ﬁducia
2624 1431 2679 1476 et
2724 1422 2971 1475 libertate
3008 1435 3193 1475 coram
3230 1420 3339 1475 Deo
3383 1422 3512 1491 agit.
3536 1418 3745 1474 Iudicia
3781 1418 3882 1473 Dei

655 1515 701 1569 si
732 1515 1093 1585 inquii-antur,
1124 1518 1494 1573 inscrutabilia
1527 1529 1649 1574 sunt
1671 1530 1723 1574 et
1759 1521 1991 1588 abyssus
2016 1521 2208 1583 multa,
2230 1520 2486 1590 quoniam
2520 1527 2735 1589 propter
2763 1516 3144 1571 obscuritatem
3172 1515 3553 1585 comprehendi
3576 1524 3878 1584 nequeunt.

653 1610 793 1665 Fieri
818 1623 992 1667 tamen
1028 1615 1169 1668 haud
1201 1624 1395 1683 potest,
1429 1625 1485 1669 ut
1518 1618 1827 1687 quijudicia
1865 1618 1957 1672 Dei
1986 1633 2097 1687 prae
2128 1618 2301 1673 oculis
2327 1617 2509 1681 habet,
2551 1630 2691 1685 aagre
2724 1612 2861 1668 ferat
2890 1613 2981 1667 Dei
3016 1609 3429 1682 providentiam,
3465 1605 3739 1675 etjudicio
3780 1601 3885 1657 Del

654 1712 847 1757 cuncta
885 1704 1095 1773 disponi
1130 1726 1142 1759 :
1179 1724 1300 1761 nam
1342 1713 1427 1764 vel
1465 1728 1527 1765 cx
1560 1715 1676 1781 ipso
1701 1714 1891 1782 judicii
1935 1714 2153 1768 nomine
2198 1715 2401 1783 iustum
2435 1726 2555 1767 esse
2592 1710 2859 1780 judicium
2904 1708 3245 1777 cognoscitur
3275 1726 3287 1760 :
3321 1706 3411 1775 jus
3443 1703 3588 1758 enim
3632 1701 3745 1755 dat.
3782 1699 3883 1755 Vel

653 1795 917 1863 justitiam
959 1799 1107 1865 dicit,
1135 1817 1258 1856 cum
1292 1808 1473 1859 omnia
1500 1807 1699 1875 judicia
1732 1824 1851 1878 qua:
1879 1810 2303 1879 citrajustitiam
2344 1808 2492 1873 liant,
2520 1822 2585 1862 eo
2614 1807 2978 1860 additamento
3012 1801 3378 1861 nominentur,
3412 1804 3469 1849 ut
3506 1809 3613 1848 non
3645 1791 3881 1861 judicia,

655 1894 748 1946 sed
771 1894 974 1962 judicia
1003 1912 1255 1966 perversa
1278 1900 1545 1955 dicantur.
1579 1900 1865 1971 Propterea
1895 1905 2097 1958 dictum
2126 1916 2229 1967 est,
2262 1904 2581 1972 Egrediatur
2607 1902 2871 1971 judicium
2893 1913 3187 1967 perversum
3209 1895 3272 1948 ¹⁰.
3296 1883 3361 1946 Et
3379 1892 3619 1960 justitias
3636 1890 3748 1957 ejus
3774 1903 3884 1940 non

655 1988 820 2055 repuli
848 2006 878 2041 a
907 2007 1003 2045 me.
1046 1994 1325 2061 Adhaeret),
1360 1996 1553 2065 inquit,
1583 1998 1809 2067 justitiis
1855 2000 1967 2054 Dei.
2018 2001 2098 2057 Ab
2145 2001 2251 2054 illis
2288 2002 2431 2054 enim
2471 1999 2746 2060 recedunt,
2783 1997 2873 2066 qui
2920 2012 3012 2051 eas
3048 2010 3155 2049 non
3192 1990 3608 2058 amplectuntur.
3643 1982 3886 2037 iustitiae

654 2092 780 2130 vero
804 2079 906 2133 hoc
936 2082 1056 2135 loco
1093 2084 1365 2150 dicuntur,
1400 2105 1519 2156 qua:
1546 2090 1767 2157 justiti-Ae
1793 2106 1955 2145 causa
1985 2101 2038 2145 et
2083 2091 2351 2157 :equitatis
2387 2091 2501 2160 lege
2542 2090 2749 2143 sancita
2789 2098 2932 2149 sunt,
2968 2095 3025 2139 ut
3058 2086 3186 2139 illud
3224 2100 3238 2137 :
3273 2080 3331 2135 Si
3353 2096 3493 2134 emas
3532 2096 3733 2133 servum
3770 2077 3884 2132 He-

652 2168 844 2224 brazum
865 2172 929 2236 υ,
960 2182 1013 2226 et
1049 2176 1251 2245 reliqua
1290 2195 1304 2236 ;
1341 2194 1464 2231 nam
1506 2180 1655 2247 prius
1676 2180 1883 2234 dixerat
1916 2201 1928 2236 :
1971 2182 2099 2236 Haec
2132 2194 2247 2235 sunt
2268 2182 2476 2250 judicia
2504 2198 2619 2251 qua:
2646 2196 2897 2249 propones
2925 2180 2998 2232 eis
3025 2179 3088 2229 “.
3120 2174 3318 2229 Verum
3346 2187 3468 2227 cum
3495 2170 3737 2239 justitias
3770 2187 3883 2226 una

652 2276 775 2319 cum
797 2262 1016 2331 judiciis
1046 2267 1307 2329 nominet,
1340 2281 1597 2336 purgatos
1620 2286 1681 2323 ac
1714 2271 1966 2339 probatos
2007 2273 2099 2327 Dei
2143 2288 2424 2327 sermones
2454 2272 2534 2325 ha:
2560 2272 2784 2341 justitia:
2821 2268 3127 2339 signiﬁcare
3167 2273 3415 2335 possunt.
3454 2261 3557 2327 Qui
3594 2276 3885 2315 sermones

651 2369 774 2407 cum
822 2354 1168 2422 iudicantur,
1227 2375 1323 2414 nec
1373 2360 1524 2429 argui
1588 2376 1685 2415 nec
1748 2363 1979 2430 perverti
2044 2365 2289 2431 possint,
2334 2363 2538 2431 judicia
2608 2370 3010 2429 nuncupantur.
3070 2356 3347 2410 Justorum
3409 2366 3626 2421 quoque
3674 2350 3885 2422 cogita-

654 2448 825 2503 tiones
855 2452 1161 2518 ponderata
1192 2465 1243 2507 ct
1266 2456 1499 2522 probatae
1525 2456 1826 2523 diligenter,
1864 2471 1987 2510 cum
2025 2458 2229 2512 similes
2256 2456 2562 2526 azquilibrio
2587 2457 2716 2521 sint,
2743 2454 2946 2523 judicia
2978 2452 3169 2507 merito
3194 2448 3301 2504 diri
3334 2456 3582 2516 possunt.

723 2539 913 2593 Daniel
946 2541 1214 2595 Barbarus
1240 2559 1259 2596 :
1290 2543 1357 2595 Et
1378 2545 1785 2613 justiﬁcationes
1819 2548 1931 2613 ejus
1963 2564 2061 2602 non
2096 2556 2416 2606 recesserunt
2460 2564 2492 2600 α
2534 2562 2634 2600 me.
2667 2545 2915 2603 Mandata
2951 2544 3195 2613 intelligit
3227 2555 3323 2609 per
3353 2536 3793 2608 iustiﬁcationes,
3827 2546 3887 2591 et

653 2630 921 2686 decedunt
941 2634 1008 2687 ab
1046 2634 1153 2689 illis
1183 2636 1274 2704 qui
1305 2653 1367 2689 ea
1397 2652 1503 2689 non
1529 2637 1838 2693 admittunt.

720 2750 810 2804 ‘26.
854 2750 987 2805 Cum
1011 2765 1193 2807 sancto
1216 2766 1427 2809 sanctus
1450 2759 1571 2810 eris.
1600 2756 1789 2811 Merito
1822 2758 1927 2812 tuis
1950 2774 2034 2811 me
2054 2757 2214 2811 benc-
2244 2764 2251 2820 1

2385 2756 2544 2809 Μετὰ
2582 2756 2756 2809 ὁσίου
2785 2753 2950 2819 ὅσιος
2988 2752 3125 2819 ἔσῃ.
3157 2752 3396 2814 Εἰκότως
3438 2749 3784 2819 κατηξίωσάς
3815 2770 3887 2820 με

655 2844 793 2898 liciis
839 2845 1093 2913 dignatus
1143 2862 1201 2900 es
1240 2866 1254 2899 :
1303 2864 1425 2899 nam
1472 2859 1691 2902 sanctus
1739 2864 1862 2903 cum
1912 2850 2007 2913 sis,
2067 2850 2209 2903 nosti

2321 2848 2411 2916 τῆς
2447 2848 2542 2916 σῆς
2578 2846 2889 2917 εὐεργεσίας
2921 2862 2932 2874 ’
2970 2845 3262 2917 ἐπειδήπερ
3287 2886 3301 2909 ,
3332 2844 3535 2908 δίκαιος
3590 2845 3664 2896 ὢν
3691 2887 3705 2909 ,
3733 2840 3890 2909 οἶδας

655 2950 780 2989 cum
814 2943 1004 2988 sancto
1036 2936 1382 2990 sanctiﬁcari.
1425 2935 1481 2991 Si
1517 2939 1659 2991 enim
1690 2939 1742 2992 in
1780 2950 1997 3007 peccato
2031 2954 2213 3008 perse-

655 3042 953 3090 verassem,
982 3028 1109 3081 etin
1141 3027 1354 3082 ruinam
1378 3027 1621 3083 funditus
1649 3030 1832 3099 lapsus
1856 3047 2055 3097 essem,
2088 3032 2210 3085 novi

656 3128 709 3172 te
731 3134 947 3188 quoque
976 3134 1230 3189 maguum
1252 3120 1509 3188 iudicem,
1537 3122 1602 3173 de
1618 3130 1835 3189 peccato
1861 3136 1979 3173 meo
1999 3137 2212 3190 aequum

654 3211 917 3281 judicium
944 3212 1419 3280 pronuntiaturum
1458 3210 1644 3264 fuisse.
1680 3212 1748 3263 At
1783 3211 2002 3279 quando
2032 3221 2216 3265 custo-

658 3303 767 3358 divi
806 3303 919 3357 vias
949 3313 1089 3368 tuas,
1136 3302 1255 3357 ideo
1285 3312 1341 3357 tu
1379 3303 1470 3372 qui
1513 3318 1635 3357 cum
1670 3313 1857 3357 sancto
1906 3314 2125 3358 sanctus
2159 3319 2217 3358 es

658 3407 861 3452 etcum
899 3398 1183 3452 innocente
1227 3397 1508 3462 innocens,
1556 3412 1898 3467 nequaquam
1954 3414 2065 3451 rem
2100 3398 2216 3452 dis-

659 3490 886 3559 posuisti
931 3490 1229 3544 secundum
1285 3489 1435 3542 illum
1492 3489 1853 3558 perniciosum
1914 3498 2111 3542 statum
2163 3490 2216 3543 in

660 3596 769 3651 quo
811 3589 961 3635 certo
1016 3589 1255 3648 tempore
1294 3590 1541 3633 versatus
1592 3594 1734 3642 sum,
1788 3579 1880 3632 sed
1920 3580 2217 3633 secundum

659 3672 823 3725 vitam
857 3686 975 3743 qua:
991 3673 1185 3727 exinde
1214 3672 1497 3726 subsecuta
1527 3680 1627 3735 est,
1652 3680 1704 3725 et
1736 3671 1903 3727 vitam
1928 3672 1980 3724 in
2008 3671 2217 3739 justitia

660 3774 858 3831 actam,
890 3765 1238 3834 promeritam
1270 3764 1401 3819 mihi
1438 3766 1846 3820 retributionem
1877 3764 1929 3817 in
1966 3765 2218 3819 tribunali

660 3856 752 3913 illo
783 3864 875 3911 tuo
897 3856 1161 3925 largieris.

730 3944 821 3998 28.
864 3944 1124 4007 Quoniam
1156 3954 1212 3998 tu
1241 3946 1489 4014 populum
1529 3946 1774 4000 humilem
1804 3946 2002 4000 salvum
2035 3947 2217 4013 facies.
2247 3962 2290 4019 ο

660 4036 739 4089 Ad
764 4036 990 4088 chorum
1030 4036 1196 4090 mittit
1239 4038 1625 4106 apostolorum.
1660 4036 1729 4089 Et
1770 4038 1945 4089 oculos
1977 4042 2225 4105 superbo-

663 4145 779 4181 rum
799 4128 1121 4184 humiliabis.
1150 4126 1261 4183 Hoc
1285 4128 1454 4184 tendit
1488 4128 1539 4182 in
1567 4126 1783 4182 Scribas
1817 4139 1871 4181 et
1898 4128 2218 4181 Pharisaeos.

731 4307 821 4359 29.
858 4305 1118 4370 Quoniam
1150 4317 1204 4358 tu
1232 4307 1551 4360 illuminabis
1597 4308 1861 4359 lucernam
1896 4321 2082 4369 meam,
2114 4302 2219 4355 Do—

665 4399 820 4451 mine.
849 4396 1079 4451 Mentem
1109 4398 1203 4452 ait.
1247 4398 1383 4451 Deus
1425 4414 1587 4461 meus,
1620 4396 1942 4451 illuminabis
1984 4397 2215 4449 tenebras

666 4508 805 4545 meas
830 4508 848 4555 ;
881 4492 1259 4561 ignorantiam,
1286 4491 1479 4561 inquit,
1513 4505 1684 4542 meam
1713 4488 2021 4557 dissipabis.

738 4582 825 4635 '50.
866 4582 1121 4645 Quoniam
1159 4584 1211 4635 in
1247 4593 1292 4635 te
1329 4584 1526 4651 eripior
1559 4600 1589 4634 a
1615 4582 1914 4641 tentatione,
1941 4592 1988 4632 et
2020 4582 2073 4631 in
2115 4578 2220 4631 Deo

668 4689 778 4725 meo
832 4674 1185 4741 transgredior
1232 4689 1457 4724 murum.
1512 4671 1647 4738 Quia
1705 4669 2222 4737 comprehenderunt

668 4778 774 4826 me,
809 4763 1002 4831 inquit,
1035 4762 1237 4817 inimici
1270 4762 1393 4825 mei,
1417 4772 1474 4815 ut
1507 4778 1592 4816 me
1628 4761 2112 4817 circumsisterent.

738 4852 1133 4924 [Tentationem
1181 4854 1343 4907 etiam
1385 4862 1543 4906 vocat
1585 4853 1931 4921 voluptatem,
1993 4858 2047 4903 et
2101 4866 2219 4902 mu-

666 4961 807 5007 rum,
832 4944 1154 5015 diabolum]

736 5041 823 5093 51.
867 5038 1005 5092 Deus
1066 5055 1230 5102 meus,
1288 5038 1569 5107 impolluta
1621 5039 1704 5091 via
1754 5038 1885 5105 ejus,
1938 5044 2040 5089 etc.
2102 5032 2223 5086 Haec

667 5132 872 5196 dicens,
931 5130 1387 5201 ingratitudinem,
1451 5129 1764 5199 perﬁdiam,
1824 5128 2223 5195 immorigerum

670 5221 931 5285 animum,
961 5229 1014 5273 et
1040 5219 1289 5273 duritiem
1331 5220 1510 5273 cordis
1545 5219 1878 5287 ingratorum
1909 5225 1961 5271 et
1996 5216 2227 5269 scelera-

672 5322 845 5365 torum
879 5310 1187 5368 Judaaorum
1230 5310 1419 5378 carpit.
1446 5308 1710 5374 Quoniam
1750 5307 2082 5361 Salvatorem
2124 5318 2225 5356 no-

668 5412 842 5456 utrum
870 5400 1143 5455 Christum
1188 5400 1666 5467 reprehenderunt,
1696 5398 1846 5465 quasi
1873 5404 2058 5449 contra
2092 5393 2230 5447 divi-

672 5509 795 5547 nam
824 5493 992 5561 legem
1024 5501 1223 5562 ageret.
1251 5490 1401 5546 Dicta
1432 5506 1660 5559 namque
1687 5490 1830 5542 illius
1853 5530 1866 5548 .
1901 5487 2055 5555 quasi
2101 5486 2217 5538 bla-

672 5585 891 5649 sphema
926 5584 1181 5637 conviciis
1219 5592 1271 5637 et
1311 5583 1595 5638 calumniis
1647 5580 1995 5649 impetebant.
2041 5586 2230 5631 mutuo

1833 5764 1869 5791 ”
1910 5759 2031 5813 ibid.
2074 5760 2117 5812 l.

747 5764 787 5799 ί⁸
826 5762 1023 5819 Hahae.
1059 5782 1092 5822 ι.
1129 5765 1177 5817 4.
1286 5766 1321 5793 ¹¹
1364 5764 1532 5819 Exod.
1561 5778 1669 5826 nt,
1699 5762 1749 5814 ‘2.

2322 2940 2457 3011 μετά
2485 2941 2629 2993 ὁσίου
2660 2940 2953 2993 ὁσιοῦσθαι.
2982 2940 3045 2992 El
3081 2939 3190 3010 γὰρ
3234 2941 3382 3011 ήμην
3422 2940 3783 3010 ὲναπομείνας
3816 2944 3888 3011 τῇ

2322 3032 2563 3101 ἁμαρτίᾳ
2596 3032 2689 3083 καὶ
2718 3031 2951 3099 παντελῆ
2985 3031 3311 3100 διαστροφὴν
3359 3033 3658 3101 ὑπομείνας
3686 3072 3700 3096 ,
3742 3028 3887 3095 οἶδα,

2319 3124 2399 3175 ὄτι
2424 3124 2516 3175 καὶ
2549 3124 2611 3175 σὺ
2638 3123 2793 3185 αὐτὸς
2819 3123 2846 3173 ὁ
2880 3123 3051 3193 μέγας
3075 3123 3267 3192 κριτὴς
3296 3126 3361 3193 τῇ
3386 3124 3489 3193 ἐμῇ
3520 3126 3762 3196 ἁμαρτίᾳ
3786 3142 3890 3177 κα-

2314 3214 2571 3283 τάλληλον
2619 3214 2900 3283 ἐπήγαγες
2946 3213 3007 3265 τὸ
3059 3212 3252 3265 σαυτοῦ
3312 3217 3507 3284 κρῖμα.
3577 3216 3791 3285 Ἐπειδὴ
3826 3216 3887 3269 δὲ

2319 3302 2555 3370 ἐφύλαξα
2602 3304 2699 3365 τὰς
2731 3304 2880 3365 ὁδούς
2920 3320 3032 3366 σου,
3068 3304 3253 3357 τούτου
3296 3304 3453 3373 χάριν
3480 3307 3509 3357 ὀ
3546 3306 3682 3374 μετά
3733 3306 3890 3359 ὁσίου

2318 3395 2628 3463 ὀσιούμενος
2684 3395 2776 3446 καὶ
2837 3396 2970 3464 μετά
3000 3394 3175 3463 senm»
3221 3395 3583 3465 ἀθωούμενος.
3634 3398 3693 3448 ού
3742 3400 3892 3451 κατὰ

2318 3487 2417 3556 τὴν
2443 3489 2500 3539 ἐν
2533 3485 2707 3557 καιρῷ
2733 3504 2834 3551 τιγι
2876 3486 3243 3555 γεγενημένην
3281 3504 3369 3555 μοι
3411 3488 3740 3559 διαστροφὴν
3783 3492 3891 3560 ἠρ-

2325 3578 2492 3645 μόσω,
2528 3577 2665 3629 κατὰ
2715 3577 2771 3629 δὲ
2803 3576 2899 3647 τὴν
2954 3576 3090 3646 μετὰ
3138 3576 3311 3629 ταῦτα
3344 3578 3518 3647 ζωὴν,
3566 3579 3659 3630 καὶ
3692 3579 3788 3633 τὸν
3828 3583 3890 3634 ἐν

2321 3666 2631 3737 δικαιοσύνῃ
2661 3684 2761 3735 μου
2794 3665 2904 3736 βίον
2936 3666 3031 3736 τὴν
3058 3666 3287 3737 ἀμοιϐήν
3316 3686 3404 3737 μοι
3436 3668 3690 3739 παρέξεις
3723 3673 3781 3723 ἐν
3810 3672 3891 3741 τῷ

2324 3755 2400 3826 σῷ
2430 3756 2759 3829 δικαστηρίῳ

2393 3959 2519 4009 Ὀτι
2558 3956 2638 4009 σὺ
2667 3957 2819 4007 λαὸν
2849 3957 3127 4009 ταπεινέγ
3159 3957 3395 4022 σώσεις.
3444 3959 3565 4011 Ἐπὶ
3604 3959 3694 4012 τὸν
3724 3962 3890 4031 χορὸν

2322 4046 2629 4112 ἀναπέμπει
2664 4044 2769 4096 τῶν
2803 4047 3131 4099 ἀποστόλων.
3164 4047 3271 4101 Καὶ
3304 4048 3646 4115 ὀφθαλμοὺς
3674 4052 3893 4119 ὐπερη·

2320 4135 2525 4205 φόνων
2559 4135 2957 4201 ταπεινώσεις.
2994 4137 3161 4189 Τοῦτο
3184 4141 3262 4201 εἰς
3288 4139 3413 4202 τοὺς
3442 4138 3768 4210 Φαρισαίους
3796 4142 3893 4193 καὶ

2326 4222 2664 4289 γραμματεῖς
2692 4220 2876 4273 τείνει.

2395 4308 2513 4359 Ὅτι
2562 4308 2641 4359 σὺ
2672 4307 2905 4375 φωτιεῖς
2946 4311 3178 4376 λύχνον
3202 4327 3345 4379 μου,
3379 4313 3570 4379 Κύριε.
3619 4313 3722 4366 Τὸν
3766 4315 3892 4367 νοῦν

2325 4416 2509 4469 φησιν.
2562 4401 2623 4452 '0
2652 4402 2793 4465 Θεός
2816 4418 2954 4468 μου,
2989 4405 3219 4469 φωτιεῖς
3249 4403 3310 4455 τὸ
3340 4406 3560 4469 σκότος
3599 4422 3739 4473 μου.
3777 4407 3893 4479 Τὴν

2325 4488 2562 4553 ἄγνοιαν,
2597 4491 2760 4559 φησὶ,
2788 4490 2885 4557 τὴν
2912 4492 2969 4541 ἐν
2995 4492 3115 4560 ἐμοὶ
3146 4491 3533 4555 διασκεδάσεις.

2396 4582 2521 4632 Ὀτι
2549 4582 2618 4633 ἐν
2645 4582 2740 4633 σοὶ
2765 4579 3147 4650 ρυσθήσομαι
3180 4583 3296 4636 ἀπὸ
3341 4587 3745 4654 πενρατηρίου,
3791 4591 3892 4642 καί

2323 4672 2391 4724 ἐν
2423 4673 2501 4737 τῷ
2537 4673 2657 4737 Θεῴ
2691 4692 2807 4742 μου
2851 4675 3256 4743 ὑπερϐήσομαι
3294 4676 3503 4745 τεῖχος.
3543 4680 3659 4731 Ὅτι
3706 4682 3894 4751 περιέ-

2323 4760 2483 4815 λαόόν
2518 4780 2581 4831 με
2612 4764 2660 4814 οἱ
2691 4764 2869 4834 ἐχθροί
2908 4782 3026 4833 μου,
3066 4767 3247 4833 φησιν,
3281 4769 3359 4829 είς
3388 4768 3444 4820 τὸ
3472 4768 3818 4824 ἀποκλεῖσαι.

2396 4852 2411 4921 [
2439 4854 2791 4925 Πειρατήριον
2821 4854 2875 4906 δὲ
2911 4855 3001 4906 καὶ
3031 4855 3174 4922 λέγει
3218 4858 3313 4918 τὰς
3344 4857 3553 4926 ἡδονὰς,
3588 4859 3681 4911 καὶ
3710 4865 3893 4930 τεῖχος

2326 4942 2414 4994 τὸν
2446 4942 2707 4995 διάϐολον.
2727 4941 2746 5012 ]

2409 5033 2469 5085 '0
2500 5036 2641 5099 Θεός
2681 5051 2797 5101 μου
2837 5035 3069 5103 ἄμωμος
3090 5039 3121 5102 ἠ
3163 5036 3299 5099 ὁδὸς
3342 5036 3549 5091 αὐτοῦ.
3601 5038 3889 5104 Ἐνταῦθα,

2325 5127 2479 5193 φησὶ,
2501 5126 2597 5195 τὴν
2628 5125 3011 5194 ἀγνωμοσύνην
3034 5128 3125 5177 καὶ
3150 5127 3244 5196 τὴν
3268 5127 3465 5179 κακίαν
3488 5129 3581 5180 καὶ
3610 5128 3705 5196 τὴν
3738 5131 3873 5181 ἀπει

2326 5216 2389 5285 Θῆ
2424 5216 2649 5285 γνώμην
2685 5217 2776 5271 καὶ
2801 5217 2896 5286 τὴν
2930 5217 3267 5286 σκληρότητα.
3300 5217 3405 5270 τῶν
3435 5219 3763 5286 ἀγνωμόνων
3798 5224 3894 5275 καὶ

2327 5306 2635 5376 ἀχαρίστων
2680 5307 2772 5357 καὶ
2808 5305 3242 5375 σκληροκαρδίων
3286 5308 3550 5362 Ἰουδαίων
3599 5313 3891 5380 καταμέμ-

2330 5414 2504 5466 φεται.
2548 5396 2763 5465 Ἐπειδὴ
2796 5396 3227 5466 ἐπελαμὸἀνοντο
3287 5398 3374 5449 τοῦ
3430 5400 3677 5469 Σωτῆρος
3730 5404 3893 5471 ἡμῶν

2328 5490 2582 5561 Χριστοῦ,
2622 5489 2698 5551 ὡς
2723 5489 2872 5559 παρά
2900 5490 2991 5541 τὸν
3026 5488 3164 5542 Θεῖον
3210 5490 3536 5560 πράττοντος
3560 5493 3745 5561 νόμον.
3778 5494 3891 5550 Καὶ

2330 5581 2433 5655 μὴν
2473 5580 2565 5633 καὶ
2594 5580 2700 5632 τῶν
2729 5579 2902 5647 λόγων
2930 5578 3091 5632 αὑτοῦ
3136 5580 3430 5651 ἐλοιδόρουν
3479 5582 3569 5633 καὶ
3608 5581 3888 5636 διέϐαλλον
