4032 6446
188 359 281 414 ii?

1311 368 1672 426 EXPOSITIO
1711 368 1778 425 ΙΝ
1817 367 2150 425 PSALMUM
2188 369 2346 424 XVII.

3301 366 3403 419 “8

186 474 256 538 ὡς
281 471 635 546 βλασφήμων,
666 475 912 546 λέγοντες
943 482 1076 553 πρὸς
1114 481 1392 553 ἀλλήλους,
1437 485 1517 538 ὃτι
1551 487 1786 548 Βλαση

1868 487 2086 542 licentes
2121 505 2133 541 :
2165 483 2268 539 Hic
2307 484 2630 553 blasphemat
2652 499 2671 538 :
2698 485 2812 554 quis
2853 483 2990 538 enim
3028 491 3193 553 potest
3225 482 3406 536 dimit-

187 565 383 634 φημεῖ.
427 568 521 632 Τίς
564 569 672 638 γὰρ
701 570 947 626 δύναται
990 574 1227 643 ἀφιέναι
1264 573 1589 645 ἀμαρτι¹ας;
1651 577 1745 631 Ἐκ

190 658 428 726 πονηρᾶς
454 657 803 728 συνειδήσεως
829 663 920 714 καὶ
946 663 1115 716 κακοῦ
1138 663 1395 733 λογισμοῦ
1416 664 1588 718 ταῦτα
1611 666 1745 736 πρὸς

187 743 275 798 τὸν
305 745 414 800 τῶν
443 746 578 800 ὅλων
607 749 808 820 Κύριον
841 753 936 806 καὶ
965 752 1096 806 Θεὸν
1127 753 1514 824 διανοούμενοι,
1541 755 1634 810 καὶ
1661 756 1747 808 λο-

191 833 464 903 γιζόμενοι
492 835 528 889 ἃ.
555 835 924 908 διελογίζοντο.

257 923 278 995 [
307 924 384 979 Τὰ
413 926 588 994 λότια
613 929 797 982 αὐτοῦ
823 929 1232 999 πεπυρωμένα.
1260 931 1370 984 Καὶ
1393 930 1458 983 τὰ
1480 947 1544 983 πε
1552 931 1606 1002 pi.
1627 948 1748 984 του-

189 1032 280 1067 του
311 1015 470 1084 λόγια
506 1018 671 1072 αὐτοῦ
708 1020 782 1084 ὡς
822 1021 882 1074 τὸ
915 1022 1307 1094 πεπυρωμένον
1337 1022 1617 1093 ἀργύριον,
1659 1041 1748 1076 κα-

192 1106 331 1179 θαρὰ
363 1109 545 1182 πάσης
599 1110 857 1182 μέμψεως
880 1156 895 1180 ,
946 1114 1384 1185 βεὸασανισμὲνα
1407 1151 1422 1177 ,
1468 1113 1749 1168 δεδοκιμα-

193 1199 381 1268 σμένα.

256 1290 390 1344 Ὀτι
436 1293 529 1359 τίς
583 1293 726 1360 Θεὸς
778 1295 945 1364 πλὴν
975 1297 1081 1350 τοῦ
1117 1300 1331 1367 Κυρίου
1346 1316 1364 1364 ;
1398 1300 1435 1368 ἣ
1470 1300 1561 1364 τίς
1608 1295 1750 1362 Θεὸς

190 1379 358 1448 πλὴν
381 1383 488 1437 τοῦ
521 1385 667 1439 Θεοῦ
699 1385 904 1455 mulir;
948 1389 1005 1442 Ὀ
1037 1388 1145 1459 γὰρ
1174 1389 1265 1442 τοῦ
1291 1389 1426 1444 Θεοῦ
1457 1391 1626 1457 Λόγος
1653 1389 1750 1459 μό·

191 1487 278 1533 νος
305 1472 438 1536 Θεὸς
482 1475 708 1547 ἀληθὴς,
739 1478 818 1531 διὸ
863 1479 958 1532 καὶ
992 1481 1317 1551 Μονογενὴς,
1352 1482 1437 1534 διὰ
1476 1481 1536 1533 τὸ
1597 1480 1753 1549 μόνος

192 1555 330 1615 εἶναι
362 1563 495 1627 Θεὸς
524 1565 598 1630 ὼς
624 1569 651 1619 ὁ
684 1569 892 1638 Πατήρ.
927 1570 1112 1623 Εἰπὼν
1155 1571 1210 1623 δὲ
1245 1573 1370 1644 περὶ
1396 1569 1652 1643 Χριστοῦ,
1679 1571 1754 1634 ὼς

192 1653 350 1722 φύσει
385 1655 540 1719 Θεὸς,
571 1656 665 1711 νῦν
692 1657 860 1726 λέγει,
889 1661 965 1714 ’Ἡ
987 1662 1074 1727 τίς
1101 1663 1244 1728 Θεός
1262 1679 1280 1725 ;
1318 1662 1474 1732 μόνον
1510 1657 1646 1715 εἶναι
1679 1661 1755 1712 λέ-

191 1763 324 1813 γων,
343 1749 646 1812 κατάύτὸν,
661 1749 751 1802 τὸν
765 1751 1002 1823 Πατέρα,
1018 1753 1178 1824 Ἡμῖν
1193 1754 1248 1806 δὲ
1266 1749 1344 1818 εἷς
1360 1754 1489 1817 Θεὸς
1502 1755 1529 1805 ὁ
1544 1754 1752 1823 Πατήρ·

1852 588 1956 632 tere
1997 587 2211 648 peccata
2246 577 2333 631 “1'
2376 575 2454 632 Ex
2479 591 2644 646 prava
2695 574 2902 630 scilicet
2950 574 3303 639 conscientia,
3351 582 3407 628 et

1851 670 1990 724 mala
2025 667 2350 740 cogitatione
2394 669 2510 723 haec
2560 674 2750 723 contra
2786 665 3074 721 Dominum
3132 680 3195 720 ac
3236 663 3404 719 Deum

1851 762 2231 816 universorum
2266 759 2322 814 in
2347 765 2525 814 mente
2544 756 2834 812 versabant
2866 765 2919 810 et
2950 755 3276 826 cogitabant.

1923 934 2175 1007 [Eloquia
2207 933 2319 1002 ejus
2355 931 2471 1001 igne
2499 930 2820 985 examinata.
2851 927 2916 983 Et
2949 927 3164 997 eloquia
3193 927 3312 995 ejus
3342 941 3408 980 ao

1852 1042 1967 1082 rem
1996 1026 2174 1090 istam,
2208 1025 2273 1079 de
2310 1038 2419 1093 qua
2462 1021 2693 1092 agimus,
2724 1020 3067 1091 pertinentia,
3115 1019 3271 1088 quasi
3317 1032 3408 1070 ar-

1854 1127 2072 1189 gentum
2092 1117 2214 1186 igne
2240 1124 2546 1186 purgatum.
2576 1113 2705 1167 nulli
2728 1110 3134 1182 reprehensioni
3154 1107 3407 1172 obnoxia.

1855 1208 2078 1278 probata
2105 1215 2158 1260 et
2186 1204 2510 1259 examinata.

1924 1298 2014 1352 32.
2062 1296 2322 1362 Quoniam
2370 1295 2487 1364 quis
2530 1293 2666 1347 Deus
2701 1300 2891 1361 prater
2931 1290 3271 1344 Dominum!
3321 1297 3411 1342 aut

1855 1388 1971 1458 quis
1994 1387 2132 1441 Deus
2159 1395 2348 1454 praeter
2384 1385 2548 1436 Deum
2577 1391 2813 1435 nostrum
2843 1382 2867 1434 ι
2895 1377 3027 1433 Nam
3059 1376 3151 1432 Dei
3182 1376 3411 1431 Verbum

1859 1477 2010 1532 solus
2063 1475 2204 1530 Deus
2252 1488 2412 1529 verus
2456 1480 2570 1536 est,
2622 1480 3012 1541 proptereaque
3058 1465 3412 1537 Unigenitus,

1858 1571 1986 1642 quia
2022 1569 2169 1624 solus
2209 1567 2350 1622 Deus
2380 1575 2462 1621 est
2491 1564 2649 1620 sicuti
2681 1573 2735 1618 et
2776 1563 2954 1617 Pater.
2993 1559 3284 1628 Postquam
3319 1574 3417 1612 au-

1861 1675 1966 1720 tem
2006 1663 2073 1718 de
2098 1660 2336 1726 Christo,
2369 1668 2429 1713 ut
2469 1668 2659 1711 natura
2695 1655 2822 1718 Deo,
2860 1655 3073 1708 locutus
3110 1661 3230 1716 est;
3274 1664 3416 1702 nunc

1861 1757 1956 1820 ait,
1989 1754 2090 1807 Aut
2114 1753 2228 1822 quis
2265 1749 2402 1802 Deus
2435 1746 2670 1800 ?Solum
2708 1746 2856 1798 aiens
2897 1743 3062 1796 Deum
3097 1739 3311 1794 Patrem
3334 1755 3420 1794 se-

191 1840 252 1890 ού
267 1838 379 1909 γάρ
408 1841 520 1892 ἐστι
543 1839 674 1902 Θεὸς
700 1841 906 1912 ἔτερος,
927 1845 1054 1897 ἵναό
1089 1846 1185 1914 μὲν
1215 1846 1408 1916 τούτῳ,
1428 1848 1455 1898 ὁ
1487 1845 1540 1898 δὲ
1563 1846 1757 1915 ἐκείνῳ

1868 1844 2093 1899 cundum
2147 1841 2406 1909 seipsum.
2458 1835 2624 1891 Nobis
2683 1844 2863 1890 autem
2924 1847 3068 1887 unus
3133 1830 3278 1886 Deus
3335 1841 3421 1886 est

193 1927 453 2000 παράσχῃ
482 1928 580 1998 τὴν
613 1928 846 2001 αἴτησιν.
885 1934 1043 1997 Ἴσως
1073 1935 1127 1987 δὲ
1163 1936 1257 1987 καὶ
1303 1938 1365 1988 ὲκ
1415 1935 1754 2007 παραλλήλου

194 2018 318 2080 τοὺς
343 2017 437 2069 δύο
459 2019 833 2090 προηνέγκατο
863 2024 1073 2093 στίχους
1098 2039 1110 2053 ·
1145 2023 1306 2086 οὕτω,
1342 2027 1525 2094 φησὶν,
1565 2029 1592 2078 ὁ
1630 2025 1759 2096 ἀλη-

193 2106 294 2177 θὴς
326 2106 480 2170 Θεὸς,
523 2108 599 2172 ὡς
649 2111 975 2177 ἐπεποίθειν,
1013 2116 1068 2167 ὲν
1104 2114 1198 2185 μὲν
1245 2114 1321 2184 τῷ
1352 2117 1506 2186 νικᾷν
1532 2115 1758 2185 δύναμιν

194 2195 578 2266 περιεζώννυε,
613 2203 705 2254 καὶ
738 2202 948 2274 ἀῶαόἧ
994 2222 1080 2275 μοι
1115 2205 1211 2275 τὴν
1246 2207 1372 2268 περὶ
1404 2207 1470 2259 τὰ
1511 2209 1758 2260 πρακτέα

194 2288 361 2342 ἐτίθει
387 2290 522 2344 ὁδόν.
548 2290 566 2363 ]

278 2380 342 2432 '0
377 2380 518 2446 Θεὸς
552 2385 583 2434 ό
611 2383 1014 2451 περιζωννύων
1025 2403 1101 2454 με
1128 2386 1400 2456 δύναμιν.
1435 2389 1658 2460 Ὅμοιον
1700 2389 1760 2443 τὸ

195 2472 484 2541 εἰρημένον
513 2491 526 2502 ·
564 2474 711 2540 Ἕως
753 2471 829 2532 οὗ
868 2477 1208 2545 ἐνδύσησθε
1242 2481 1310 2545 ἐξ
1353 2482 1550 2549 ὕψους
1579 2481 1760 2535 δύνα-

195 2578 317 2626 μιν.
358 2561 468 2614 Καὶ
510 2561 673 2617 ἔθετο
716 2564 956 2634 ἄμωμον
1004 2566 1117 2634 τὴν
1147 2568 1290 2621 ὀδόν
1330 2587 1467 2637 μου.
1505 2570 1769 2623 Τουτὲστι’

196 2653 282 2705 διὰ
316 2652 426 2705 τῶν
455 2655 821 2724 εύαγγελικῶν
863 2656 1243 2729 θεσπισμάτων
1291 2661 1518 2731 ἂμωμόν
1552 2678 1618 2731 με
1661 2679 1762 2714 πα-

201 2759 259 2795 οε
268 2741 500 2796 σκεύασε
524 2746 676 2816 τρέχε
689 2763 735 2799 ιν
763 2747 900 2800 ὁδόν.

269 2835 379 2888 Καὶ
427 2835 524 2887 ἐπὶ
555 2836 627 2888 τὰ
655 2837 864 2904 ὑψηλὰ
890 2837 1074 2891 ἱστῶν
1098 2857 1195 2909 με.
1227 2840 1484 2895 Τουτέστι
1534 2842 1604 2896 τὰ
1654 2843 1765 2899 ἄνω

199 2923 442 2976 διδάσκει
481 2928 715 2996 φρονεῖν.

274 3016 812 3090 [Καταρτιζόμενος
857 3021 997 3089 τοὺς
1041 3022 1230 3089 πόδας
1277 3042 1418 3093 μου.
1479 3025 1767 3080 Ἀναλωτι-

1857 1936 2012 1991 Pater
2036 1953 2051 2000 ;
2083 1949 2192 1988 non
2212 1932 2354 1986 enim
2377 1939 2463 1985 est
2489 1930 2631 1983 alius
2659 1927 2820 1989 Deus,
2855 1935 2914 1980 ut
2945 1926 3046 1980 iste
3073 1923 3288 1994 quidem
3318 1923 3418 1989 illi,

1857 2027 1996 2081 alius
2022 2024 2100 2077 illi
2127 2031 2251 2077 vota
2281 2020 2560 2075 concedat.
2582 2017 2849 2072 Fortassis
2884 2014 3251 2084 comparative
3281 2013 3421 2068 duos

1857 2131 2045 2172 versos
2087 2113 2311 2184 protulit
2355 2129 2367 2165 :
2435 2111 2536 2173 sic,
2573 2108 2769 2177 inquit,
2809 2114 2894 2160 est
2937 2119 3098 2158 verus
3142 2102 3306 2168 Deus,
3343 2103 3422 2156 uti

1856 2208 2209 2270 conlidebam,
2257 2203 2520 2258 vincendo
2573 2200 2945 2255 fortitudinem
3005 2195 3197 2262 induit,
3236 2205 3291 2249 et
3336 2211 3423 2250 se-

1857 2313 2042 2354 curam
2075 2295 2204 2349 mihi
2233 2293 2297 2347 ad
2331 2300 2472 2346 recte
2507 2289 2772 2358 agendum
2807 2288 2946 2341 viam
2989 2282 3263 2354 munivit.]

1926 2389 2014 2442 55.
2062 2386 2200 2440 Deus
2228 2386 2317 2454 qui
2346 2381 2620 2452 pracinxit
2650 2394 2727 2431 me
2753 2379 2965 2431 virtute.
2994 2375 3170 2431 Simili
3193 2374 3321 2428 huic
3341 2383 3424 2429 est

1859 2481 2061 2536 dictum
2113 2477 2242 2532 illud
2277 2496 2289 2531 :
2329 2474 2501 2529 Donec
2545 2471 2841 2527 induamini
2888 2470 3077 2523 virtute
3113 2483 3177 2522 ea:
3214 2466 3324 2521 alio
3358 2466 3422 2520 “.

1863 2571 1929 2624 Et
1977 2570 2148 2640 posuit
2206 2566 2604 2621 immaculatum
2648 2567 2785 2617 viam
2838 2577 3025 2614 meam.
3071 2557 3128 2612 ld
3175 2569 3279 2619 est,
3333 2572 3426 2626 per

1861 2661 2168 2731 evangelica
2206 2664 2471 2729 praecepta
2501 2653 2903 2708 immaculatam
2925 2651 3068 2705 viam
3102 2647 3424 2705 currendam

1863 2752 1995 2806 mihi
2026 2748 2272 2804 munivit.

1931 2847 2018 2900 54.
2061 2844 2131 2897 Ει
2152 2858 2304 2911 super
2328 2838 2529 2894 excelsa
2554 2845 2787 2893 statuens
2815 2851 2912 2888 me.
2937 2833 2992 2889 Id
3017 2840 3126 2900 est,
3151 2831 3309 2887 docet
3340 2848 3428 2887 me

1865 2948 2099 3004 superna
2126 2931 2351 2986 sentire.

1937 3024 2066 3098 [Qui
2099 3021 2314 3093 perfecit
2346 3020 2496 3089 pedes
2516 3033 2674 3075 meos.
2701 3015 2886 3072 Sancti
2908 3015 3109 3085 quippe
3130 3027 3430 3068 venenosas

204 3108 289 3160 κοῒ
321 3106 430 3178 γὰρ
461 3109 507 3160 οί
557 3108 702 3176 ἅγιοι
740 3110 847 3163 τῶν
893 3111 1110 3165 ίοὸόλων
1155 3113 1342 3167 παθῶν
1368 3131 1382 3146 ·
1423 3115 1612 3168 ἔλαϐον
1659 3116 1768 3186 γὰρ

1872 3115 2153 3186 passiones
2187 3112 2500 3174 absumunt,
2527 3117 2747 3177 accepta
2786 3105 2992 3160 scilicet
3025 3103 3224 3157 virtute
3243 3109 3428 3156 contra

204 3177 431 3270 δύναμιν
461 3200 598 3253 κατὰ
626 3201 731 3254 τῶν
765 3203 968 3273 νοητῶν
999 3204 1196 3272 ὄφεων,
1231 3208 1324 3259 καί
1350 3207 1436 3261 διὰ
1469 3208 1626 3261 τοῦτο
1649 3177 1769 3262 ἑ.λὰζ

1873 3177 2236 3277 intelligibiles
2268 3210 2564 3271 serpentes,
2598 3211 2767 3268 quare
2796 3195 2971 3251 cervis
3004 3198 3430 3261 comparantur;

205 3308 327 3358 φοις
361 3291 813 3360 παρεικάζονταυ
848 3294 943 3346 καὶ
970 3295 1130 3348 αὑταὶ
1159 3297 1269 3367 γὰρ
1302 3299 1633 3354 ἀναλωτικαὶ
1657 3299 1772 3353 τῶν.

1875 3315 1998 3352 nam
2031 3298 2104 3351 illi
2136 3307 2352 3366 quoque
2382 3301 2679 3360 serpentes,
2713 3288 2804 3359 qui
2833 3286 2934 3342 sub
2955 3299 3174 3340 sensum
3211 3281 3430 3346 cadunt,

209 3380 484 3451 αἰσθητῶν
531 3382 863 3453 ὑπάρχουσιν
904 3383 1082 3455 ὗφεων
1109 3404 1123 3418 ο
1176 3389 1333 3442 Ὡσεί
1359 3391 1589 3461 ἐλάφου
1610 3410 1622 3422 ·
1653 3391 1771 3446 ἐλα-

208 3472 302 3527 ϐον
331 3472 440 3544 γὰρ
494 3473 738 3539 ἐξουσίαν
769 3479 959 3530 πατεῖν
1006 3481 1190 3534 ὲπάνω
1235 3481 1409 3550 ὄφεων
1463 3485 1555 3538 καὶ
1608 3503 1771 3557 σκορ-

213 3564 353 3617 πίων
386 3565 479 3618 καὶ
507 3567 598 3618 ἐπὶ
632 3570 810 3620 πᾶσαν
846 3569 943 3639 τὴν
967 3570 1204 3642 δύναμιν
1238 3574 1332 3626 τοῦ
1370 3576 1585 3647 ἐχθροῦ.
1614 3577 1632 3649 ]

279 3655 587 3711 Διδάσκων
614 3659 816 3727 χεῷάζ-
859 3679 978 3730 μου
1014 3667 1100 3729 είς
1144 3667 1424 3737 πόλεμον.
1481 3671 1572 3733 Είς
1611 3670 1774 3742 εὐχὴν

209 3745 321 3818 γὰρ
349 3747 517 3811 αὑτὰς
547 3751 800 3803 ἐκτείνων
835 3753 1182 3825 περιγίνομαι
1202 3757 1309 3812 τῶν
1339 3759 1638 3831 δυσμενῶν.
1664 3761 1772 3816 Καὶ

209 3838 353 3892 ἔθου
384 3839 562 3903 τόξον
607 3842 881 3910 χαλκοῦν
927 3845 1069 3912 τοὺς
1108 3849 1440 3917 βραχίονάς
1465 3870 1603 3921 μου.
1663 3854 1774 3918 Τὰς

209 3928 468 3998 δυνάμεις
497 3931 600 4000 τῆς
644 3932 822 4003 ψυχῆς
854 3935 1112 4007 ἀνδρικάς
1163 3938 1316 4011 δίκην
1368 3942 1522 4009 τόξου
1575 3944 1774 4014 χαλκοῦ

210 4020 648 4084 κατασκευάσας.
680 4022 777 4074 Διὰ
823 4024 920 4094 μὲν
962 4026 1056 4078 τοῦ
1090 4027 1291 4096 χαλκοῦ
1334 4032 1395 4083 τὸ
1423 4032 1637 4086 εὔτονον
1670 4035 1778 4087 δεί-

211 4125 374 4161 κνυσι
402 4111 494 4162 καὶ
526 4111 584 4164 τὸ
609 4113 868 4185 ἄτρωτον,
908 4115 997 4168 διὰ
1028 4115 1084 4169 δὲ
1116 4117 1209 4170 τοῦ
1241 4119 1395 4184 τόξου
1440 4122 1500 4175 τὸ
1537 4124 1640 4177 ὑπὸ
1667 4124 1774 4178 τῶν

212 4200 498 4272 ἡμετέρων
534 4205 875 4275 συμόολικῶς
905 4206 1202 4278 βραχιόνων
1234 4211 1483 4279 ἀφίεσθαι
1519 4215 1667 4287 βέλη.

287 4289 637 4361 [Διδάσκων
678 4295 877 4363 χεῖράς
911 4316 1028 4367 μου
1062 4301 1148 4366 είς
1196 4302 1478 4371 πόλεμον.
1538 4305 1780 4360 Ἐπιτευ-

214 4381 403 4436 κτικὸν
427 4381 562 4437 εἶναι
612 4386 750 4439 κατὰ
782 4387 878 4458 τὴν
915 4389 1091 4459 μάχην
1141 4391 1422 4458 διδάσκων,
1479 4397 1572 4449 καὶ
1616 4397 1784 4462 τιθεὶς

215 4475 343 4536 τοὺς
375 4473 664 4546 βραχίονας
685 4478 760 4541 ὡς
781 4478 952 4543 τόξον,
975 4480 1172 4534 ὡσανεὶ
1198 4484 1434 4552 χαλκοῦς
1456 4488 1621 4541 ποιῶν
1645 4490 1786 4543 κατὰ

215 4565 316 4636 τὴν
341 4567 492 4637 ίσχὺν
530 4567 771 4631 τούτους.
804 4571 874 4622 Ἢ
890 4570 1036 4639 λέγει
1061 4572 1158 4636 τὰς
1189 4573 1446 4645 δυνάμεις
1469 4578 1568 4647 τῆς
1601 4579 1782 4651 ψυχῆς

217 4657 478 4727 ἀνδρικὰς
497 4656 650 4729 δίκην
671 4659 823 4724 τόξου
849 4659 1047 4729 χαλκοῦ
1077 4665 1491 4720 κατεσκεύασεν.
1511 4669 1566 4721 Ὀ
1591 4670 1787 4740 χαλκὸς

220 4746 490 4820 σύμϐολόν
539 4753 653 4803 ἐστι
705 4754 1044 4824 πρακτικῆςο
1097 4757 1389 4825 Διέφθειρε
1440 4760 1581 4832 γὰρ,
1631 4764 1782 4832 φησὶ,

219 4839 330 4894 τὸν
360 4844 595 4910 χαλκόν
639 4859 776 4908 σου,
829 4846 991 4915 φησὶν
1017 4848 1045 4900 ὁ
1090 4849 1346 4921 Ἰεζεκιὴλ
1380 4852 1516 4922 πρὸς
1547 4853 1643 4924 τὴν
1689 4855 1782 4909 ἰε-

224 4933 457 5004 ρουσαλή
469 4953 524 5003 μ.
550 4933 568 5006 ]

1875 3391 2207 3450 absumunt,
2260 3396 2509 3452 tanquam
2557 3381 2692 3434 cervi
2731 3395 2748 3432 :
2799 3376 3066 3447 siquidem
3114 3380 3433 3444 potestatem

1876 3486 2196 3548 acceperant
2219 3473 2464 3530 calcandi
2487 3485 2650 3541 super
2667 3476 2943 3539 serpentes
2973 3474 3027 3520 et
3051 3463 3361 3534 scorpiones
3382 3469 3436 3515 et

1876 3587 2091 3628 oinnem
2124 3571 2375 3624 virtutem
2405 3565 2609 3620 inimici
2640 3562 2738 3634 ¹⁵.]

1944 3663 2031 3717 55.
2075 3661 2178 3726 Qui
2198 3661 2343 3712 docet
2374 3673 2560 3710 manus
2595 3672 2734 3709 meas
2773 3654 2840 3707 ad
2867 3652 3129 3722 praelium.
3165 3649 3271 3705 Eas
3293 3644 3437 3708 enim

1879 3755 1944 3808 ad
1970 3752 2232 3808 orandum
2265 3749 2560 3802 extendens
2603 3745 2929 3803 adversariis
2972 3742 3218 3812 superior
3245 3740 3435 3794 evado.

1882 3846 1950 3900 Et
1974 3843 2193 3916 posuisti
2217 3857 2398 3894 arcum
2433 3855 2621 3894 cereum
2649 3837 2865 3890 brachia
2897 3851 3031 3890 mea.
3066 3832 3301 3889 Virtutes
3321 3832 3440 3885 illas

1884 3939 2078 3992 anima!
2114 3935 2389 3995 robustas,
2428 3946 2526 3986 ceu
2565 3943 2752 3984 arcum
2786 3942 2986 3984 aereum
3017 3923 3311 3980 adornasti.
3339 3920 3440 3976 Per

1882 4046 1956 4084 ωε
1988 4037 2167 4081 autem
2203 4024 2368 4079 robur
2416 4032 2469 4078 et
2513 4019 3076 4090 impenetrabilitatem
3123 4015 3390 4085 significat
3424 4031 3439 4078 ;

1882 4137 1977 4192 per
2003 4131 2189 4172 arcum
2225 4129 2370 4179 vero,
2402 4112 2605 4167 indicat
2629 4125 2724 4180 per
2751 4107 2968 4164 brachia
3005 4116 3188 4162 nostra
3222 4105 3441 4175 symbo-

1880 4215 1984 4268 lice
2013 4209 2182 4266 emitti
2214 4207 2337 4262 tela.

1959 4301 2087 4375 [Qui
2135 4300 2281 4354 docet
2310 4312 2495 4351 manus
2532 4311 2673 4349 meas
2709 4294 2778 4347 ad
2812 4292 3076 4363 prwlium.
3119 4288 3175 4344 Id
3218 4299 3319 4355 est,
3350 4287 3442 4357 qui

1885 4393 2041 4449 docet
2073 4404 2183 4460 quo
2220 4395 2377 4458 pacto
2416 4386 2482 4440 ad
2514 4398 2749 4454 pugnam
2792 4384 3118 4438 instructum
3160 4392 3280 4433 esse
3306 4392 3443 4445 opus

1885 4487 1979 4550 sit,
2026 4492 2082 4538 et
2140 4479 2364 4535 brachia
2405 4476 2552 4532 velut
2600 4490 2784 4530 arcum
2833 4472 3135 4539 constituit,
3187 4479 3239 4524 et
3290 4467 3443 4536 quasi

1885 4591 2033 4632 aenea
2066 4571 2242 4644 quoad
2277 4570 2441 4625 robur
2469 4566 2646 4622 efﬁcit.
2687 4564 2778 4620 Vel
2834 4564 3121 4635 significat,
3163 4559 3447 4614 facultates

1887 4669 2053 4726 animi
2092 4666 2276 4721 viriles
2308 4661 2464 4732 quasi
2511 4675 2697 4715 arcum
2742 4671 2950 4714 aeneum
2998 4653 3301 4710 adornavit.
3349 4648 3446 4704 Ais

1889 4759 2193 4831 symbolum
2229 4764 2313 4810 est
2348 4752 2562 4808 virtutis
2603 4751 2797 4821 agendi
2827 4766 2840 4803 :
2878 4746 2976 4804 AEs
3017 4755 3164 4798 tuum
3191 4742 3443 4810 corrupit,

1891 4853 1966 4907 ait
1991 4847 2234 4905 Ezechiel
2271 4846 2337 4900 ad
2369 4843 2667 4899 Jerusalem
2693 4839 2784 4910 ".]

297 5063 489 5118 Daniel
524 5064 794 5118 Barbarus
823 5081 840 5118 :
873 5065 1098 5120 Brachia
1124 5085 1256 5124 mea.
1301 5071 1494 5127 Manus
1524 5082 1577 5127 et
1605 5073 1825 5129 brachia
1856 5080 1982 5128 sunt
2011 5069 2258 5128 virtutes,
2289 5076 2411 5133 quae
2444 5052 2833 5115 intellectuales
2861 5055 3043 5108 hostes
3070 5050 3378 5120 iaculantur
3397 5057 3452 5102 et

220 5165 560 5230 expugnant.
594 5155 830 5211 Maxima
854 5172 984 5211 vero
1012 5173 1208 5215 manus
1239 5171 1322 5215 est
1352 5163 1719 5234 eleemosyna,
1751 5182 1870 5236 qua:
1897 5172 2197 5228 pauperum
2224 5162 2496 5209 amatores
2523 5149 2673 5206 omni
2700 5145 2927 5203 materia
2959 5142 3211 5200 fortiores
3235 5139 3447 5196 reddit:

225 5265 504 5320 nunquam
543 5248 687 5303 enim
724 5250 1068 5306 infirmantur
1102 5254 1320 5310 brachia
1351 5258 1676 5313 miserentis.

289 5368 405 5422 Καὶ
421 5364 650 5433 ἔδωκάς
663 5383 764 5436 μοι
782 5365 1244 5434 ὐπερασπισμὸν
1268 5368 1581 5435 σωτηρίας.
1601 5368 1731 5420 ’Υπε
1740 5385 1795 5439 ρ-

222 5459 464 5528 ήσπισάς
508 5475 633 5528 μου,
674 5459 827 5529 φησὶ,
873 5458 960 5511 διὰ
1001 5457 1093 5511 τοῦ
1147 5458 1413 5528 σωτηρίου
1460 5476 1574 5512 σου.
1624 5461 1792 5513 Τοῦτο

224 5552 281 5604 δέ
312 5554 459 5604 ἐστιν
485 5553 521 5620 ἡ
557 5550 653 5619 τῆς
693 5551 1002 5620 οἰκονομίας
1034 5551 1295 5621 ἐπιδημία

294 5728 340 5760 ⁸⁸
377 5726 544 5784 Marc.
578 5743 640 5793 υ,
671 5725 722 5780 7.

1964 5364 2054 5419 56.
2089 5361 2156 5416 Et
2186 5358 2381 5415 dedisti
2404 5357 2534 5411 mihi
2560 5353 2935 5426 protectionem
2970 5348 3178 5403 salutis.
3201 5345 3449 5401 Protexi-

1891 5459 1959 5513 sti
1995 5470 2100 5519 me,
2129 5453 2324 5523 inquit,
2348 5467 2441 5521 per
2465 5449 2702 5504 salutare
2723 5458 2896 5501 tuum.
2934 5441 3048 5496 Hoc
3079 5450 3258 5495 autem
3291 5437 3451 5508 signi-

1893 5547 2015 5603 ﬁcat
2051 5543 2366 5602 oeconomia:
2391 5543 2702 5596 adventum.
2733 5542 2845 5594 sive
2879 5533 3326 5590 incarnationem.

815 5726 859 5759 “
902 5727 1031 5783 Luc.
1068 5744 1214 5797 xxrv,
1249 5727 1335 5783 i9.
1407 5730 1444 5759 ι’
1487 5727 1614 5781 Luc.
1659 5743 1710 5793 ι,
1751 5725 1833 5780 19.
1915 5727 1955 5757 ⁸⁸
1997 5723 2192 5779 Ezech.
2219 5736 2329 5784 im,
2357 5717 2442 5773 56.
