4032 6434
580 365 680 421 ιη

1399 357 1456 414 S.
1497 358 1867 414 ATHANAS“
1907 358 2054 414 OPP.
2095 358 2276 416 PARS
2314 359 2400 414 lli.
2443 389 2512 400 —
2546 361 2955 426 EXEGETICA.

3701 367 3809 422 ηο

657 475 751 549 [Et
780 473 1059 542 disciplina
1085 483 1176 525 tua
1199 472 1421 525 correxit
1448 488 1549 527 me.
1581 470 1928 540 Disciplinam
1955 486 2126 524 evan-
2168 508 2180 532 ε

2311 472 2453 544 [Kal
2474 474 2510 540 ἠ
2536 473 2770 526 παιδεία
2798 490 2915 528 σου
2945 475 3258 541 ἁνιίψθωσέ
3289 494 3385 546 με.
3427 478 3680 531 Παιδείαν
3708 483 3810 552 τὴν

579 570 801 638 gelicam
828 566 990 629 dicit;
1015 576 1106 619 aut
1125 565 1491 634 disciplinam,
1511 563 1902 617 institutionem
1934 560 2140 615 scilicet

580 676 699 728 qua:
727 673 794 712 ex
825 657 943 726 lege
976 657 1240 724 accipitur:
1276 672 1290 710 :
1319 654 1411 716 qui
1444 654 1593 718 mihi,
1631 653 1827 722 inquit,
1862 651 2010 705 nulla
2030 665 2138 702 non

581 748 837 802 beneticia
862 747 1156 810 contulisti,
1183 744 1607 814 dedistiquoque
1631 745 1795 814 leges;
1828 743 2048 812 quibus“,
2080 749 2140 797 ut

577 847 810 908 oportet,
841 838 1194 892 instituimur.
1235 836 1372 891 Cum
1417 836 1582 901 enim,
1609 835 1704 900 ait,
1749 835 1865 905 lege
1902 832 2139 887 edidice-

580 932 705 993 rim,
729 946 836 984 non
865 941 1110 1000 oportere
1150 929 1403 999 injuriam
1432 926 1630 991 facere,
1667 927 1736 982 ab
1772 942 1836 980 ea
1877 924 2139 979 abstinui.

581 1021 778 1077 Verum
837 1039 904 1077 ne
951 1023 1021 1077 ob
1070 1025 1374 1090 aequitatem
1434 1020 1773 1090 hujusmodi,
1824 1016 1953 1087 quid
2009 1015 2144 1067 mihi

580 1113 704 1167 muli
735 1115 968 1179 eveniat,
995 1112 1246 1167 idoneum
1281 1114 1413 1168 mihi
1452 1113 1578 1166 mali
1619 1110 1885 1165 auxilium
1929 1106 2144 1168 afferas,

576 1202 914 1257 latitudinem
961 1204 1222 1268 tribuens,
1275 1204 1361 1257 vel
1405 1203 1748 1272 disciplinam
1788 1199 2144 1254 institutionis

581 1312 744 1350 causa
779 1297 959 1350 datam
985 1296 1132 1357 dicit,
1167 1295 1465 1350 secundum
1500 1294 1654 1356 illud,
1688 1293 1877 1360 Accipe
1900 1287 2144 1357 discipli-

580 1403 698 1439 nam
734 1387 811 1452 ’7;
845 1389 922 1441 vel
972 1387 1304 1440 laboriosum
1337 1387 1547 1439 vivendi
1579 1381 1909 1448 institutum,
1943 1397 2142 1436 secun-

580 1481 705 1531 dum
733 1477 883 1542 illud,
916 1477 998 1532 Ne
1015 1477 1366 1548 parvipendas
1393 1475 1729 1546 disciplinam
1756 1473 1969 1527 Domini
2007 1470 2094 1524 ιδ]

2245 563 2603 633 εὐαγγελικὴν
2635 563 2781 633 λέγει
2815 582 2828 594 ·
2863 566 2896 637 ἢ
2938 565 3184 619 παιδείαν
3218 565 3314 638 τὴν
3363 569 3426 621 ὲκ
3473 570 3640 638 νόμου
3676 570 3812 641 φησί

2246 653 2527 706 παίδευσιν
2551 670 2565 682 ·
2592 649 2701 707 οἷον
2731 654 2819 708 διὰ
2859 656 3074 709 πάντων
3125 659 3215 725 με,
3266 657 3450 727 φησὶν,
3504 660 3814 728 εὐεργετῶν

2244 745 2481 807 δέδωκας
2527 747 2620 798 καὶ
2669 745 2886 815 νόμους,
2924 745 2991 798 δι’
3035 739 3108 798 ὧν
3153 747 3516 818 ἐπαιδευόμην
3563 748 3624 800 τὸ
3670 747 3811 801 δέον.

2243 836 2537 890 Μανθάνων
2586 838 2694 908 γὰρ
2737 838 2941 891 ἐκεῖθεν
2988 839 3065 902 ὡς
3113 841 3172 892 οὐ
3207 840 3288 892 δεῖ
3330 840 3551 904 ἀδικεῖν,
3589 840 3814 910 ἀπειχὸ-

2250 949 2354 1001 μην
2380 931 2590 1001 τούτου.
2637 931 2773 982 Ἀλλ’
2820 933 2905 984 ἵνα
2950 933 3023 1002 μὴ
3065 932 3386 1003 βλάπτωμαι
3418 933 3576 987 πάλιν
3618 936 3681 986 ἐκ
3714 933 3816 1004 τῆς

2245 1020 2498 1091 τοιαύτης
2521 1021 2838 1084 ἐπιεικείας,
2877 1023 3064 1094 ἱκανὴν
3099 1024 3359 1095 περιέχῃς
3386 1023 3655 1095 βοήθειαν,
3687 1023 3811 1078 πλα-

2245 1111 2448 1181 τυσμὸν
2507 1112 2900 1182 παρεχόμενος,
2943 1113 2974 1183 ἢ
3027 1114 3274 1167 παιδείαν
3326 1115 3424 1185 τὴν
3460 1114 3816 1185 παιδευτικὴν

2247 1200 2394 1268 λέγει
2428 1200 2793 1266 διδασκαλίαν,
2833 1204 2973 1257 κατὰ
3005 1204 3094 1256 τόο
3148 1203 3466 1258 Ἐπιλάὸσυ
3509 1203 3817 1270 παιδείας-ο

2250 1294 2283 1364 ἥ
2309 1295 2408 1364 τὴν
2425 1295 2676 1346 ἐπίπονον
2704 1295 2946 1367 ἀγωγὴν,
2971 1295 3112 1349 κατὰ
3141 1295 3202 1348 τό
3225 1313 3238 1326 ·
3267 1295 3365 1365 Μὴ
3395 1293 3660 1367 ὀλιγώρει
3689 1309 3818 1349 atat-

2251 1383 2416 1450 δείας
2446 1383 2720 1457 Ruga/012.]

652 1640 840 1695 Daniel
871 1641 1146 1696 Barbarus
1180 1661 1198 1696 :
1232 1642 1345 1697 Hoc
1375 1653 1554 1697 autem
1595 1651 1677 1694 est
1701 1639 1968 1693 adventus
2001 1633 2376 1705 providentiae,
2409 1649 2473 1688 ac
2501 1634 2948 1704 dispensationis,
2984 1650 3095 1704 quo
3129 1653 3215 1692 me
3243 1637 3540 1707 collapsum
3571 1635 3820 1699 erexisti,

581 1747 634 1788 ct
677 1751 841 1803 quam
883 1753 1138 1805 magnum
1181 1739 1384 1792 malum
1441 1737 1511 1790 sit
1547 1744 1828 1804 peccatum
1875 1729 2185 1794 ostendisti,
2221 1736 2276 1782 et
2323 1729 2497 1785 salute
2548 1731 2773 1801 dignum
2817 1731 3012 1789 fecisti.
3059 1728 3304 1784 Salutare
3345 1737 3523 1783 autem
3571 1736 3625 1780 et
3668 1723 3822 1779 salus

581 1827 830 1884 Christus
852 1840 955 1896 est,
977 1847 1139 1900 quem
1163 1845 1261 1898 pro
1280 1830 1436 1884 nobis
1458 1839 1824 1899 pugnaturum
1848 1827 2008 1882 Pater
2036 1824 2367 1879 amandavit.

653 1970 720 2024 Et
742 1972 955 2022 dextera
978 1979 1070 2022 tua
1099 1969 1322 2038 suscepit
1357 1985 1458 2022 me.
1486 1968 1716 2022 Dextera
1740 1965 1920 2020 Patris
1941 1964 2139 2019 Filius.
2175 1968 2180 2022 ζ

2317 1966 2422 2017 Καὶ
2455 1965 2625 2030 δεξιά
2652 1983 2768 2020 σου
2796 1961 3157 2019 ἀντελάϐετό
3197 1977 3335 2030 μου.
3383 1954 3543 2020 Δεξιὰ
3574 1951 3665 2005 τοῦ
3706 1951 3823 2004 Πα-

585 2067 651 2120 Et
696 2064 977 2132 disciplina
1007 2075 1101 2117 tua
1152 2065 1379 2117 correxit
1420 2080 1498 2116 me
1535 2063 1592 2115 in
1630 2063 1807 2129 ﬁnem.
1834 2059 2153 2128 Evangelica

584 2157 786 2210 scilicet
812 2152 1080 2208 doctrina.
1109 2152 1176 2206 Et
1207 2153 1494 2221 disciplina
1531 2162 1623 2204 tua
1659 2154 1771 2224 ipsa
1815 2166 1894 2202 me
1927 2146 2151 2201 docebit.

585 2249 718 2301 Illud
754 2266 768 2301 :
805 2246 876 2301 Et
909 2247 1194 2312 disciplina
1233 2255 1325 2298 tua
1359 2245 1475 2314 ipsa
1516 2259 1594 2297 me
1640 2242 1862 2303 docebit,
1900 2238 2156 2297 Theodo-

585 2341 750 2393 tionis
780 2351 881 2393 est.
909 2338 1078 2406 Cujus
1110 2338 1233 2391 loco
1274 2335 1630 2405 Septuaginta
1663 2333 1865 2395 habent
1913 2348 1926 2384 :
1969 2329 2032 2383 Et
2074 2329 2159 2380 di-

584 2432 810 2501 sciplina
836 2441 928 2491 tua
949 2430 1176 2492 correxit
1203 2445 1283 2483 me
1309 2430 1362 2482 in
1383 2429 1562 2497 ﬁnem.

655 2616 744 2672 57.
779 2613 1034 2668 Dilatain
1062 2629 1270 2683 gressus
1296 2627 1454 2674 meos,
1479 2618 1583 2664 etc.
1615 2606 1862 2663 Statuisti
1891 2605 2032 2661 enim
2062 2619 2157 2661 su-

589 2728 683 2781 pra
727 2720 932 2780 petram
978 2711 1140 2780 pedes
1172 2724 1345 2768 meos.
1387 2723 1509 2777 qua:
1542 2714 1626 2760 est
1674 2705 1807 2758 fides
1844 2711 2051 2756 nostra.
2090 2699 2159 2752 Et

587 2819 689 2855 non
729 2810 852 2854 sum
901 2801 1175 2870 inﬁrmata
1207 2799 1424 2867 uestigia
1462 2812 1596 2848 mea.
1639 2792 1879 2847 Sublatis
1925 2805 2159 2858 namque

589 2891 927 2950 offendiculis
979 2903 1032 2946 et
1073 2890 1306 2959 laqueis,
1363 2903 1484 2956 qua:
1539 2893 1873 2956 paraverunt
1921 2881 2155 2946 inimici,

590 2989 730 3040 viam
756 2995 809 3038 et
835 2985 1038 3037 aditum
1069 2970 1229 3036 nobis
1265 2980 1518 3033 munivit.

662 3075 940 3150 [Dilalasti
957 3090 1164 3142 gressus
1185 3087 1344 3124 meos.
1367 3065 1627 3131 Remotis,
1653 3067 1846 3134 inquit,
1861 3063 2130 3118 oﬂ'endicu
2148 3091 2159 3100 -

593 3169 656 3221 lis
684 3177 738 3221 et
758 3166 987 3236 laqueis,
1008 3180 1129 3234 quze
1158 3163 1291 3216 milii
1323 3167 1638 3215 struxerant
1671 3155 1902 3215 inimici,
1935 3154 2159 3206 liberam

595 3259 724 3312 mihi
760 3259 900 3310 viam
935 3255 1156 3325 parasti.
1191 3252 1427 3306 Gressus
1463 3259 1641 3302 autem
1682 3254 1857 3306 vocat,
1895 3254 2163 3313 quatenus

2254 2058 2382 2128 τρὸς
2410 2059 2438 2110 ὀ
2478 2058 2623 2121 Υἱός.
2660 2059 2768 2112 Kal
2806 2057 2841 2125 ἦ
2877 2055 3111 2108 παιδεία
3133 2069 3248 2106 σου
3272 2045 3586 2116 ἁνώρθωσέ
3622 2061 3699 2114 με
3733 2046 3824 2108 εις

2255 2149 2448 2214 τέλος.
2499 2151 2560 2202 Ἡ
2595 2147 2922 2218 εὑαγγελικὴ
2966 2145 3207 2215 δηλονότι
3251 2138 3585 2194 διδασκαλία.
3619 2136 3730 2190 Kal
3782 2136 3824 2203 ἠ

2258 2242 2494 2296 παιδεία
2522 2258 2639 2296 σου
2671 2245 2822 2306 αὐτή
2847 2258 2922 2308 με
2954 2236 3201 2301 διδάξει.
3238 2234 3333 2296 Τὸ,
3366 2230 3476 2285 Kal
3502 2231 3541 2296 ἡ
3586 2226 3828 2282 παιδεία

2259 2349 2376 2386 σου
2404 2335 2555 2401 αὐτή
2592 2350 2667 2402 με
2698 2331 2945 2395 διδάξει,
2985 2325 3335 2388 Θεοδοτίωνός
3364 2325 3532 2385 ὲστιν,
3559 2319 3680 2373 ἀντὶ
3706 2316 3825 2382 τοῦ,

2271 2425 2342 2478 Ἦ
2361 2424 2596 2477 παιδεία
2619 2441 2733 2476 σου
2761 2420 3075 2490 ἀνώρθωσέ
3094 2437 3170 2489 με
3191 2420 3279 2484 εὶς
3305 2414 3497 2479 τέλος,
3533 2408 3827 2482 εἰρημένου

2257 2520 2369 2580 τοῖς
2415 2517 2644 2587 Ἐὁδομή
2653 2532 2834 2568 κοντα.

2342 2607 2712 2671 Ἐπλάτυνας
2761 2605 2832 2657 τὰ
2875 2597 3205 2670 διαϐήματὰ
3230 2615 3368 2667 μου.
3412 2596 3686 2662 Ἔστησας
3716 2590 3828 2662 γὰρ

2261 2700 2350 2753 ἐπὶ
2403 2699 2607 2772 πέτραν
2639 2699 2765 2760 τοὺς
2814 2695 2980 2758 πόδας
3036 2710 3159 2764 μου,
3229 2691 3349 2759 ἣτις
3400 2687 3547 2740 ἐστὶν
3580 2687 3612 2755 ἡ
3645 2683 3830 2746 πίστις

2259 2790 2438 2859 ἡμῶν.
2470 2791 2579 2843 Kal
2629 2792 2737 2843 οὐκ
2789 2785 3141 2854 ἡσθένησαν
3169 2782 3240 2835 τὰ
3268 2783 3406 2849 ἴχνη
3431 2795 3570 2848 μου.
3629 2775 3827 2843 Περιε-

2261 2880 2366 2933 λὼν
2397 2884 2503 2950 γὰρ
2536 2880 2601 2932 τὰ
2648 2880 2916 2932 σκάνδαλα
2973 2878 3063 2930 καὶ
3100 2875 3197 2937 τὰς
3243 2871 3476 2940 παγίδας
3506 2909 3520 2934 ,
3573 2867 3640 2931 ἃς
3697 2880 3833 2918 κατι

2263 2970 2556 3034 εσκεύαζον
2588 2971 2635 3021 οἱ
2665 2969 2866 3039 ἐχθροὶ,
2896 2968 3219 3035 κατήρτισεν
3243 2965 3375 3032 ἡμῖν
3410 2959 3508 3030 τὴν
3548 2956 3799 3026 πορείαν.

2335 3061 2744 3134 [Ἒπλάτυνας
2769 3058 2840 3111 τὰ
2867 3053 3195 3123 διαϐήματά
3215 3071 3351 3121 μου.
3385 3047 3658 3120 Περιελὼν
3698 3061 3834 3115 φησι

2262 3155 2330 3208 τὰ
2364 3152 2631 3207 σκάνδαλα
2683 3152 2775 3204 καὶ
2824 3148 2922 3211 τὰς
2973 3146 3203 3214 παγίδας
3231 3144 3296 3205 ἃς
3347 3137 3748 3200 κατεσκεύαζον
3783 3134 3835 3189 οι

2267 3246 2467 3316 ἐχθροὶ,
2501 3242 2788 3315 ἐλευθέραν
2821 3257 2909 3312 μοι
2941 3239 3036 3308 τὴν
3073 3235 3294 3307 πορείαν
3324 3230 3600 3300 ἐποίησας.
3633 3225 3838 3296 Διαδή-

593 3369 624 3406 a
647 3351 848 3406 malitia
872 3350 937 3404 ad
972 3350 1226 3402 virtutem
1267 3346 1390 3416 quis
1423 3342 1740 3414 pertransit,
1771 3340 1916 3410 quod
1946 3341 2162 3411 quidem

2272 3354 2414 3408 ματα
2453 3335 2599 3401 λέγει
2632 3332 2764 3385 καθὸ
2795 3333 2856 3382 ὲκ
2901 3329 3097 3389 κακίας
3147 3325 3282 3395 πρὸς
3316 3321 3515 3393 ἀρετὴν
3569 3315 3836 3371 διαϐαίνει

596 3443 698 3498 sub
739 3442 951 3495 initium
988 3439 1321 3494 laboriosum
1358 3451 1410 3491 et
1448 3452 1702 3506 asperum
1739 3436 1804 3489 iis
1831 3444 1936 3498 est,
1965 3435 2059 3502 qui
2106 3434 2162 3486 in

595 3534 682 3588 via
728 3544 954 3601 angusta
999 3531 1365 3601 gradiuntur;
1409 3539 1464 3582 at
1505 3529 1558 3581 in
1596 3525 1840 3598 profectu
1888 3527 2162 3579 dilatatur.

597 3626 730 3681 Nam
781 3626 910 3696 quia
949 3633 1068 3694 post
1102 3624 1319 3676 virtutis
1359 3621 1596 3685 labores,
1628 3619 1865 3689 quietem
1908 3630 2168 3671 paeturus

600 3735 743 3781 sum,
776 3718 826 3771 id
874 3731 1005 3772 sane
1031 3715 1256 3786 vestigia
1286 3713 1574 3769 confirmat
1607 3726 1749 3767 mea.
1780 3711 1979 3766 Statuit
2013 3725 2170 3765 nam-

599 3824 704 3878 que
735 3823 898 3877 super
927 3815 1134 3876 petram
1160 3806 1322 3877 pedes
1344 3801 1609 3877 nostros]

672 3900 760 3954 '53.
811 3899 1107 3967 Persequar
1152 3897 1393 3950 inimicos
1442 3911 1602 3947 meos.
1655 3893 1937 3961 Tanquam
1988 3890 2170 3943 divina

603 3992 774 4064 gratia
823 3989 890 4044 ad
931 4003 1154 4044 cursum
1191 3987 1510 4050 adornatus,
1550 3986 1613 4039 de
1651 3984 1878 4037 victoria
1927 3981 2168 4036 conlidit.

674 4178 761 4244 '59.
793 4176 1137 4244 Confringant
1169 4174 1318 4234 illos,
1370 4189 1460 4225 nec
1491 4180 1733 4238 poterunt
1754 4177 1917 4222 stare.
1949 4165 2174 4237 Frangit

607 4271 860 4324 inlmicos
882 4268 1102 4320 animus
1138 4264 1487 4333 passionibns
1514 4277 1736 4315 vacuus.

674 4360 764 4415 40.
797 4358 865 4412 Et
890 4357 1217 4428 pra-cinxisti
1244 4371 1323 4408 me
1362 4355 1570 4408 rit-mle.
1617 4350 1895 4406 Summam
1933 4347 2176 4403 victoriae

607 4465 824 4507 rursum
861 4448 1230 4502 fortitudinem
1268 4446 1525 4501 tribuenti
1561 4444 1669 4498 Deo
1700 4442 1941 4497 ascribit.

677 4543 766 4597 41.
813 4540 882 4594 Et
910 4537 1153 4594 inimicos
1181 4555 1318 4591 meos
1345 4539 1538 4593 dedisti
1563 4536 1689 4594 mihi
1720 4534 1956 4607 dorsum.
1986 4531 2042 4585 ld
2073 4539 2174 4597 est,

608 4635 660 4688 iu
709 4633 892 4702 fugam
937 4632 1168 4686 vertisli.
1215 4629 1513 4700 Propriunr
1565 4643 1802 4700 namque
1851 4625 2172 4695 fugientium

607 4735 690 4780 est
724 4734 870 4792 terga
901 4724 1074 4778 dare:
1120 4732 1176 4777 et
1217 4738 1347 4778 sane
1391 4732 1536 4792 terga
1585 4721 1716 4783 dant
1757 4717 1963 4773 inimici
2003 4715 2175 4770 nostri

607 4821 904 4892 dxmones,
935 4830 1060 4870 cum
1102 4831 1211 4869 non
1242 4814 1468 4868 ulterius
1503 4812 1861 4882 cogitationes
1894 4808 2178 4862 turbulen-

611 4917 694 4960 tas
723 4905 920 4958 anima:
950 4904 1241 4958 immittere
1271 4904 1470 4957 valent.
1495 4902 1561 4956 Et
1589 4902 1820 4955 odienles
1853 4916 1932 4953 me
1967 4899 2174 4967 disper-

610 4996 795 5057 didisti
838 4995 1133 5059 :Saulem,
1195 4996 1630 5067 Acbitopbelem,
1680 4993 2070 5054 Abessaluuem
2123 5000 2178 5046 et

612 5096 897 5147 sexcentos
924 5087 1082 5141 alios.

682 5178 770 5232 ΑΞ.
806 5179 1202 5244 Clamaverunt,
1242 5194 1331 5232 nec
1359 5185 1471 5230 erat
1495 5176 1585 5246 qui
1609 5176 1782 5230 salvas
1820 5174 2177 5244 facerel,-etc.

616 5268 740 5323 Huic
767 5271 834 5323 de
865 5269 1110 5333 inimicis.
1151 5270 1501 5325 sensibilibus
1535 5271 1632 5334 ait,
1666 5269 1822 5339 quasi
1855 5284 1918 5322 ex
1950 5281 2180 5337 persona

618 5360 850 5414 Donnini.
873 5359 1061 5430 Neque
1080 5360 1226 5417 enim
1261 5361 1576 5432 alienigena:
1602 5359 1733 5414 deos
1755 5375 1888 5414 suos
1914 5360 1967 5412 in
1999 5357 2181 5412 subsi-

617 5455 765 5506 dium
814 5464 1090 5517 vocantes,
1138 5467 1328 5507 eorum
1373 5453 1710 5522 providentia
1745 5462 1799 5507 et
1839 5467 1969 5506 cura
2014 5450 2181 5520 adjuti

619 5552 788 5597 sunt:
836 5557 1012 5612 neque
1059 5542 1210 5611 Saul,
1263 5544 1601 5607 Abessalon],
1659 5544 1834 5603 Semei
1880 5552 1934 5599 et
1986 5542 2177 5612 reliqui

715 5742 731 5771 τ
780 5738 936 5808 Prov.
967 5757 1080 5806 xix,
1114 5741 1201 5795 9.0.
1303 5743 1342 5774 ¹⁸
1386 5741 1544 5797 Prov.
1582 5758 1658 5805 III,
1698 5743 1781 5796 Ηο

2268 3449 2371 3494 τις,
2403 3430 2437 3484 ἃ
2469 3430 2587 3482 κατ’
2618 3428 2792 3498 ἀρχὰς
2829 3426 2927 3495 μὲν
2953 3421 3184 3476 ἐπίπονὰ
3209 3422 3321 3471 ἐστι
3347 3417 3424 3486 τῷ
3469 3414 3565 3484 τὴν
3615 3410 3838 3480 τεθλιμ-

2271 3523 2435 3594 μένην
2460 3521 2724 3575 ὁδεύοντι·
2755 3521 2820 3589 τῇ
2855 3518 2910 3570 δὲ
2945 3517 3193 3587 προκοπῇ
3229 3511 3573 3566 πλατύνεται.
3607 3505 3698 3577 Τῷ
3725 3505 3838 3577 γὰρ

2271 3617 2408 3689 μετὰ
2453 3617 2576 3678 τοὺς
2622 3615 2718 3684 τῆς
2765 3611 2964 3683 ἀρετῆς
2999 3609 3190 3670 πόνους
3223 3604 3539 3660 ἀνάπαυλαν
3581 3598 3836 3670 δέχεσθαι

2272 3711 2696 3781 ἰσχυροποιεῖται
2724 3706 2790 3758 τὰ
2822 3706 2944 3776 ἴχνη
2963 3721 2974 3732 ·
3010 3703 3204 3771 ἔστησε
3233 3699 3341 3770 γὰρ
3363 3697 3455 3750 ἐπὶ
3482 3694 3686 3766 πέτραν
3706 3694 3835 3755 τοὺς

2271 3801 2436 3862 πόδας
2471 3801 2503 3869 ή
2512 3797 2646 3867 μῶν.

2339 3888 2690 3951 Καταδιώξω
2718 3885 2859 3949 τοὺς
2906 3880 3154 3951 ἐχθρούς
3196 3895 3337 3946 μου.
3376 3876 3471 3939 Ὠς
3505 3886 3840 3928 κατεσκευα-

2273 3979 2467 4048 σμένος
2497 3966 2584 4028 δξά
2621 3976 2717 4044 τῆς
2751 3973 2899 4036 θείας
2938 3973 3157 4043 χάριτος
3200 3971 3279 4032 εἰς
3320 3966 3539 4037 δρόμον,
3576 3963 3703 4034 περὶ
3732 3960 3840 4029 τῆς

2272 4072 2425 4140 νίκης
2455 4068 2662 4140 θαρρεῖ.

2357 4162 2653 4230 Ἑκθλίψω
2684 4157 2922 4222 αὐτοὺς,
2975 4156 3072 4208 καὶ
3117 4151 3203 4222 μὴ
3254 4149 3544 4203 δύνωνται
3597 4142 3842 4210 στῆναι.

2276 4254 2559 4323 Ἐκθλιψιν
2581 4252 2687 4304 τῶν
2717 4250 2923 4320 ἐχθρῶν
2953 4250 2986 4315 ἡ
3022 4244 3259 4298 ἀπάθεια
3282 4236 3700 4309 κατεργάζεται.

2344 4345 2454 4398 Kal
2491 4341 2846 4411 περιέζωσάς
2870 4355 2944 4407 με
2995 4337 3269 4405 δύναμιν.
3317 4331 3484 4385 Πάλιν
3513 4327 3573 4380 τὸ
3603 4327 3710 4379 πᾶν
3734 4323 3841 4396 τῆς

2275 4436 2431 4505 νίκης
2467 4433 2545 4505 τῷ
2573 4431 2825 4494 δεδωκότι
2855 4430 2949 4499 τὴν
2975 4428 3126 4498 ἰσχὺν
3151 4422 3456 4493 ἀνατίθησι.

2347 4527 2454 4581 Kal
2483 4523 2622 4588 τοὺς
2651 4521 2903 4590 ἐχθρούς
2919 4536 3038 4588 μου
3068 4513 3295 4580 ἔδωκάς
3316 4530 3418 4582 μοι
3449 4509 3657 4564 νῶτον.
3695 4507 3849 4561 ’ΔντῒΙ

2277 4617 2372 4673 τοῦ
2406 4618 2482 4680 είς
2518 4613 2692 4685 φυγὴν
2731 4610 2979 4683 ἒτρεεᾲας.
3021 4607 3178 4660 Ἴδιον
3231 4604 3340 4674 γὰρ
3387 4601 3494 4654 τῶν
3537 4595 3852 4685 φευγόντιον

2280 4709 2423 4764 νῶτα
2451 4683 2666 4759 διδοναιξ
2704 4701 2870 4755 Νῶτα
2897 4701 2953 4753 δὲ
2978 4699 3209 4753 διδόασιν
3241 4697 3290 4748 οἱ
3329 4692 3513 4764 ἐχθροὶ
3543 4688 3698 4760 ἡμῶν
3727 4683 3846 4740 δαί-

2282 4815 2437 4871 μονες
2471 4795 2662 4869 μηκέτι
2686 4792 2976 4862 λογισμοὺς
3002 4788 3261 4859 ἐμπαθεῖς
3283 4783 3536 4862 ἐμϐαλεῖν
3556 4779 3848 4850 δυνάμενοι

2276 4896 2343 4962 τῇ
2366 4891 2532 4960 ψυχῇ.
2586 4887 2694 4940 Καὶ
2725 4885 2867 4948 τοὺς
2895 4878 3225 4951 μισοῦντας
3249 4894 3324 4946 με
3370 4873 3843 4940 ἐξωλόθρευσας.

2279 4985 2382 5038 Τὸν
2428 4978 2618 5041 Σαοὺλ,
2647 4978 2738 5030 τὸν
2774 4972 3074 5045 Ἀχιτόφελ,
3097 4972 3187 5024 τὸν
3227 4965 3598 5037 Ἀδεσσαλὼμ,
3622 4966 3716 5018 καὶ
3738 4981 3844 5034 μυ-

2283 5081 2428 5152 ρίους
2458 5077 2694 5146 ἑτέρους.

2364 5167 2747 5235 Ἐκέκραξαν,
2786 5163 2882 5216 καί
2914 5162 3025 5215 οὐκ
3058 5155 3136 5229 ἦν
3182 5160 3215 5213 ὁ
3251 5155 3468 5217 σώζων.
3501 5154 3686 5209 Ταῦτα
3713 5153 3847 5225 περὶ

2281 5264 2387 5318 τῶν
2418 5258 2689 5330 αἰσθητῶν
2730 5253 2937 5326 ἐχθρῶν
2985 5268 3147 5321 φησιν
3179 5250 3254 5312 ὡς
3298 5251 3362 5302 ὲκ
3413 5246 3702 5319 προσώπου
3749 5243 3845 5299 τοῦ

2281 5355 2506 5426 Κυρίου.
2545 5349 2678 5403 Οὔτε
2713 5348 2822 5418 γὰρ
2847 5344 3130 5413 ἀλλόφυλοι
3168 5342 3296 5406 τοὺς
3347 5340 3574 5403 οἰκείους
3621 5337 3851 5391 καλοῦν-

2283 5466 2373 5510 τες
2402 5449 2480 5508 εἰς
2514 5441 2831 5511 ἐπικουρίαν
2875 5437 3027 5500 θεοὺς
3064 5437 3161 5505 τῆς
3196 5436 3323 5502 παρ’
3369 5431 3545 5485 αὐτῶν
3591 5430 3847 5501 προνοίας

2287 5522 2620 5600 ἀπέλαυσαν,
2650 5534 2771 5590 οὒτε
2797 5535 2824 5586 ὁ
2858 5529 3029 5584 Σαοὺλ
3056 5529 3151 5582 καὶ
3181 5523 3536 5595 Ἀὗεσσαλὼμ
3564 5523 3656 5576 καὶ
3684 5525 3713 5574 ὁ
3752 5523 3848 5574 Es-
