4032 6452
149 423 236 475 l‘ll
1240 399 1604 460 EXPOSI'I‘IO
1641 398 1710 452 IN
1750 394 2081 451 PSALMUM
2121 391 2285 448 XVII.

3280 393 3382 449 {2‘3

147 533 259 602 μεεὶ
310 547 406 585 και
435 530 484 582 οί
534 528 710 581 λοιποὶ
762 525 872 578 τῶν
931 521 1279 595 Ἰσραηλιτῶν
1317 517 1565 586 πολέμιοι
1621 512 1711 565 τὸν

1840 508 2186 564 sraelitarum
2247 506 2457 566 hostes,
2514 501 2681 558 Deum
2742 501 3123 573 opitulatorem
3176 503 3384 560 habue-

144 624 271 676 Θεὸν
300 623 570 692 ἐσχήκασι
600 617 908 688 σύμμαχον.

208 713 322 770 Kai
341 709 618 767 λεπτυνῶ
646 709 869 774 αὐτοὺς
903 706 1044 760 ὡσεί
1085 702 1255 773 χοῦν.
1297 700 1540 773 Φροῦδοι,
1562 695 1714 768 φησὶ,

148 807 463 876 γενήσονται
534 800 813 863 παντελῶς
855 798 952 861 τῆς
990 797 1089 866 σῆς
1127 812 1216 865 μοι
1268 794 1486 865 χάριτος
1532 805 1717 861 συνερο

147 895 370 965 γούσης.

227 985 444 1041 Ῥῦσαί
491 1001 568 1053 με
599 983 667 1047 ἐξ
699 978 1055 1048 ἀντιλογιῶν
1098 977 1274 1032 λαοῦ.
1312 977 1432 1028 Ἔτι
1483 971 1576 1025 τοῦ
1613 973 1718 1024 Κυ-

151 1078 265 1151 ρίου
294 1076 357 1130 τὸ
384 1075 673 1146 πρόσωπον
699 1068 1176 1141 ἀποστρεφομένου
1215 1067 1312 1138 μὲν
1342 1066 1406 1119 δι’
1435 1064 1718 1119 ἀπείθειαν

148 1171 255 1225 τῶν
289 1169 579 1230 Ἰουδαίων,
609 1166 885 1228 αἰτοῦντος
907 1164 964 1216 δὲ
1000 1162 1068 1214 τὰ
1102 1161 1228 1231 ἔθνη
1252 1162 1330 1222 είς
1354 1156 1717 1228 κληρονομίαν

149 1262 334 1317 αὐτοῦ.
370 1260 788 1327 Κιιταστήσεις
813 1274 882 1325 με
911 1259 999 1322 είς
1029 1253 1300 1323 κεφαλὴν
1334 1250 1542 1305 ἐθνῶν.
1581 1249 1717 1302 Ἀλλ’

149 1357 249 1409 οὐκ
277 1351 436 1424 ἴσμεν
463 1352 555 1404 τὸν
587 1350 752 1403 Δαυῖδ
789 1349 898 1401 τῶν
940 1347 1108 1400 ἐθνῶν
1165 1343 1589 1416 βασιλεύσαντα·
1623 1342 1717 1394 οὐ-

149 1445 280 1499 κοῦν
296 1443 384 1497 διὰ
406 1442 500 1496 τοῦ
529 1441 588 1506 ἐξ
608 1441 770 1494 αὑτοῦ
797 1441 936 1494 κατά
961 1438 1137 1508 σάρκα
1161 1436 1438 1506 τεχθέντος
1460 1437 1491 1505 ή
1521 1450 1722 1505 προφη-

151 1536 269 1589 τεία
297 1531 620 1604 πληροῦται.
639 1533 698 1583 '0
724 1531 831 1601 γὰρ
850 1532 913 1582 ἐκ
938 1528 1100 1580 Δαυῒδ
1117 1526 1254 1580 κατᾶ
1280 1525 1458 1596 σάρκα
1487 1522 1718 1593 τεχθεὶς,

152 1625 314 1682 Δανῖδ
344 1627 438 1679 καὶ
468 1624 626 1685 αὐτὸς
656 1621 1049 1692 ὀνομαζόμενος
1087 1619 1226 1672 κατά
1266 1619 1356 1670 τὸν
1382 1617 1522 1668 θεῖον
1564 1614 1721 1677 Ἰεζεο

152 1719 298 1791 χιὴλ,
352 1719 380 1770 ὁ
420 1717 719 1784 Δεσπότης,
750 1715 896 1780 λέγω
921 1752 934 1775 ,
983 1711 1252 1782 Χριστὸς,
1286 1710 1500 1763 πάντων
1544 1706 1724 1760 ὲῦασί-

1823 611 1968 657 runt.

1887 695 1978 750 4³5.
2011 694 2080 749 Et
2115 693 2471 750 comminuam
2507 707 2594 745 eos
2640 699 2698 742 ut
2745 687 3031 757 pulverem.
3067 685 3259 754 Vacul,
3299 688 3384 744 in-

1816 790 1955 859 quit,
1994 795 2179 851 erunt,
2218 796 2307 841 tua
2339 785 2471 840 mihi
2505 781 2675 855 gratia
2704 779 2915 836 fortiter
2951 781 3267 838 auxiliante.

1889 970 1979 1024 Η.
2015 970 2175 1030 Eripe
2194 984 2276 1021 me
2303 984 2366 1020 ae
2393 965 2898 1019 contradictionibus
2929 963 3127 1033 populi.
3156 962 3388 1017 Domino

1819 1062 2027 1117 scilicet
2056 1061 2234 1114 adhuc
2264 1059 2457 1115 faciem
2486 1066 2764 1112 averteute
2798 1057 2867 1110 ob
2889 1055 3198 1110 Judzeorum
3233 1053 3390 1107 inob-

1819 1155 2181 1225 sequentiam,
2209 1153 2515 1222 postulante
2533 1157 2712 1204 autem
2733 1157 2919 1219 gentes
2939 1148 2991 1199 in
3024 1146 3389 1200 hu‘reditatem

1819 1264 1997 1303 suam.
2020 1246 2314 1302 Constitues
2348 1261 2427 1297 me
2449 1245 2499 1296 in
2526 1251 2682 1311 caput
2705 1241 2935 1310 gentium
2965 1238 3065 1309 (4).
3099 1235 3184 1307 (Et
3209 1245 3390 1290 tamen

1821 1342 2095 1395 nescimus
2139 1337 2394 1391 Davidcm
2443 1335 2697 1403 gentibus
2733 1330 3078 1401 imperasse.)
3127 1327 3230 1383 Per
3262 1343 3388 1382 eum

1822 1433 2025 1500 itaque,
2067 1429 2160 1497 qui
2188 1444 2250 1481 ex
2288 1426 2488 1481 Davide
2521 1427 2823 1480 secundum
2851 1437 3070 1478 carnem
3095 1429 3250 1475 ortus
3283 1429 3388 1484 est,

1823 1525 2079 1594 impletur
2106 1522 2409 1592 prophetia.
2453 1519 2588 1573 Nam
2618 1520 2712 1588 qui
2737 1533 2803 1572 ex
2849 1516 3053 1569 Davide
3087 1513 3390 1568 secundum

1823 1631 2039 1671 carnem
2076 1623 2236 1668 natus
2266 1622 2370 1679 est,
2400 1621 2454 1667 et
2485 1613 2599 1681 ipse
2623 1608 2794 1664 David
2821 1617 3049 1661 vocatus
3074 1605 3229 1674 juxta
3261 1601 3393 1656 divi-

1824 1725 1954 1764 num
1980 1707 2342 1768 Ezechielem,
2377 1719 2571 1772 nempe
2611 1701 2876 1756 Dominus
2899 1697 3174 1761 Christus,
3210 1694 3392 1748 omni-

151 1809 312 1862 λευσε
365 1807 474 1859 τῶν
531 1803 733 1857 ἐθνῶνο
787 1802 874 1854 ἀεὶ
923 1801 1020 1871 μὲν
1057 1801 1132 1864 ὡς
1165 1800 1295 1863 Θεὸς
1321 1797 1430 1851 τῶν
1470 1797 1722 1850 ἁπάντων

1833 1805 1929 1860 bus
1952 1802 2203 1874 gentibus
2243 1795 2547 1869 imperavit.
2580 1793 2647 1848 Et
2683 1791 2903 1863 quidem
2947 1798 3004 1843 ut
3045 1787 3184 1841 Deus
3216 1785 3393 1838 omni-

150 1900 454 1964 δεσπόζων,
491 1897 629 1967 μετὰ
670 1896 726 1948 δὲ
760 1895 857 1966 τὴν
881 1892 1293 1964 ὲνανθρὼπησιν
1345 1892 1437 1944 καὶ
1465 1891 1564 1960 τὴν
1600 1889 1719 1942 ἐθε-

1833 1899 1925 1952 bus
1955 1868 2169 1963 semper
2197 1868 2426 1962 imperat
2453 1908 2467 1956 ;
2493 1896 2777 1959 postquam
2810 1889 2990 1936 autem
3024 1879 3190 1933 homo
3217 1876 3394 1932 factus

152 1992 367 2046 λούσιον
399 1991 506 2043 τῶν
535 1990 613 2052 είς
645 1987 804 2040 αὑτὸν
828 1986 1263 2041 πεπιστευκότων
1298 1982 1539 2036 δουλείαν
1567 1981 1721 2049 δεξά-

155 2100 338 2153 μενος.

222 2175 384 2238 Λαύς
410 2172 482 2224 ὃν
506 2173 615 2227 οὐκ
642 2171 832 2240 ἔγνων
867 2167 1195 2223 ἐϐούλευσέ
1221 2185 1341 2238 μοι.
1393 2164 1521 2238 [Τοῦ
1560 2163 1722 2218 αὑτοῦ

153 2264 245 2318 τοῦ
291 2263 527 2336 Χριστοῦ
555 2283 566 2292 ·
615 2261 1086 2334 ἀποστρεφόμενος
1156 2259 1265 2329 γὰρ
1309 2258 1436 2319 τοὺς
1483 2255 1724 2316 ἀπειθεῖς

166 2357 478 2420 Ἰουδαίους,
497 2358 636 2409 αίτεί
657 2356 723 2408 τὰ
740 2354 864 2422 ἔθνη
885 2355 964 2414 είς
979 2351 1080 2421 κλη
1090 2347 1387 2420 paventum]
1411 2347 1524 2400 Οὐκ
1544 2345 1725 2413 ἀγνοί-

154 2467 224 2513 ας
252 2449 373 2503 ἐστὶ
399 2447 752 2519 σημαντικὸν,
783 2444 959 2498 πάντα
983 2442 1092 2512 γὰρ
1120 2437 1260 2494 οἶδεν
1298 2439 1374 2502 ὡς
1399 2438 1530 2499 Θεός
1555 2454 1567 2467 ·
1611 2435 1724 2490 ἀλλ’

155 2543 240 2595 ὅτι
269 2541 322 2593 οί
348 2539 492 2592 κατά
518 2538 744 2609 καιροὺς
770 2535 870 2606 τὴν
897 2532 1202 2603 οἰκειότητα
1226 2531 1326 2602 τὴν
1348 2529 1482 2601 πρὸς
1511 2528 1611 2600 ἐμὲ
1650 2529 1725 2598 μὴ

155 2631 416 2702 λαχόντες
452 2629 720 2702 ἀλλότριοι
750 2628 816 2682 ἀν
847 2622 956 2680 εἷεν
984 2626 1078 2679 καὶ
1123 2622 1260 2689 ξένοι
1292 2622 1384 2677 καὶ
1411 2622 1596 2691 πόρρω
1629 2618 1727 2687 τῆς

157 2724 303 2795 ἒμῆς
323 2722 620 2793 ἀπέχοντες
641 2718 993 2788 οἰκειότητος.

241 2898 362 2953 Υἱοὶ
411 2897 720 2964 ἀλλότριοι,
755 2891 1102 2962 ἐψεύσαντό
1141 2906 1234 2959 με.
1271 2887 1330 2942 '0
1365 2885 1585 2958 κληθεὶς
1615 2884 1730 2948 υίὸς

159 2988 511 3061 πρωτότοκος
550 2983 767 3056 Ἰσραὴλ
792 2981 1071 3053 ἀλλότριος
1108 2978 1309 3051 ἐκλήθη
1337 2976 1424 3030 διὰ
1464 2975 1562 3047 τὴν
1601 2976 1729 3028 ἀπι-

160 3081 322 3137 στίαν
349 3078 484 3139 υἱός.
525 3077 642 3130 Υἱοὶ
675 3075 979 3142 ἀλλότριοι
1002 3069 1484 3139 ἐπαλαιώθησαν.
1526 3067 1642 3121 Πᾶν
1670 3064 1732 3118 τὸ

160 3171 563 3241 παλαιούμενον
595 3169 759 3237 ἐγγὺς
781 3163 1110 3235 ἀφανισμοῦ.

233 3260 326 3330 Ζῇ
361 3262 596 3328 Κύριος,
638 3257 738 3311 καὶ
781 3253 1106 3322 εὐλογητὸς
1131 3255 1165 3305 ό
1196 3251 1339 3316 Θεός
1361 3267 1500 3319 μου.
1541 3247 1734 3301 Εὑκαί-

165 3371 277 3426 pm;
314 3353 399 3413 τὸ,
428 3351 514 3421 lii
561 3352 772 3418 Κύριος
817 3347 1184 3418 ἐπεφώνησεν.
1247 3342 1460 3412 Ἐπειδὴ
1496 3340 1734 3412 ἐμνημό-

163 3462 357 3498 νευσεν
383 3445 482 3514 τῆς
505 3443 809 3509 ἀντιλογίας
837 3441 928 3493 τοῦ
965 3439 1115 3503 λαοῦ,
1137 3440 1194 3490 ὲν
1285 3435 1452 3490 ἐϐόων
1487 3434 1733 3503 λέγοντες

163 3535 327 3605 Αἶρε,
377 3537 506 3602 αἶρε
529 3550 543 3564 ο
596 3535 950 3600 σταύρωσον
980 3533 1184 3585 αὐτόν.
1230 3529 1336 3584 Kal
1376 3527 1664 3596 ὐψωθήτω
1703 3529 1735 3580 ό

167 3627 316 3693 Θεὸς
339 3625 450 3693 τῆς
477 3625 771 3692 σωτηρίας
792 3641 930 3692 μου.
967 3623 1030 3675 Et
1060 3623 1152 3674 καὶ
1175 3620 1575 3673 ἐταπείνωσεν
1603 3619 1737 3670 ἐαυ-

166 3719 298 3781 τὸν,
333 3717 490 3786 φησι,
519 3713 721 3768 λαϐὼν
749 3712 863 3780 τὴν
907 3711 1013 3766 τοῦ
1063 3710 1286 3763 δούλου
1323 3707 1584 3777 μορφὴν,
1623 3705 1733 3759 ἀλλ’

168 3811 374 3883 ὑψηλός
405 3810 572 3862 ἐστιν.
598 3809 819 3878 Ὅμοιον
863 3805 919 3858 δὲ
962 3803 1040 3873 τῷ
1072 3801 1344 3874 εἰρημένῳ
1386 3801 1465 3864 τὸ,
1508 3800 1560 3852 '0
1594 3797 1738 3863 Θεὸς

167 3905 360 3960 αὐτὸν
392 3902 771 3970 ὑπερύψωσε,
805 3897 904 3951 καὶ
930 3896 1249 3965 ἐχαρίσατο
1275 3891 1433 3958 αὺτῷ
1463 3891 1646 3960 ὄνομα
1671 3888 1737 3943 τὸ

169 3996 325 4062 ὑπὲρ
355 3993 481 4046 πᾶν
515 3993 720 4058 ὄνομα.

252 4088 308 4140 '0
335 4084 482 4150 Θεὸς
510 4087 542 4137 ὁ
566 4080 768 4146 διδοὺς
793 4077 1130 4144 ὲκδικήσεις
1170 4076 1318 4145 ἐμοί.
1360 4075 1454 4128 Ἐκ
1484 4074 1576 4127 τοῦ
1615 4071 1740 4126 ἀπίο

174 4197 301 4234 στου
339 4175 469 4229 λαοῦ
517 4174 623 4227 τῶν
681 4170 946 4226 Ἰουδαίων
978 4167 1236 4240 δηλονότι.
1277 4165 1386 4221 Καὶ
1437 4163 1739 4229 ὑποτάξας

171 4269 363 4336 λαοὺς
393 4269 494 4322 ὑπ’
542 4264 666 4335 ἐμέ.
714 4264 796 4318 Τὰ
827 4262 976 4332 ἔθνη.
1033 4261 1219 4331 φησιν,
1266 4257 1613 4326 ὑπετάγησαν
1664 4255 1740 4326 τῷ

175 4359 418 4434 Χριστῷ.
459 4361 513 4411 '0
534 4360 770 4426 ρύστης
795 4373 914 4424 μου
955 4354 1024 4418 ἐξ
1067 4350 1298 4422 ἐχθρῶν
1324 4368 1463 4420 μου.
1495 4349 1614 4401 Τῶν
1645 4351 1742 4420 ἀρ-

175 4454 380 4523 χόντων
401 4449 495 4502 τοῦ
519 4449 579 4513 ἐξ
615 4447 825 4518 Ἰσραὴλ
855 4444 983 4499 λαοῦ
1023 4461 1205 4515 φησιν.

1758 3201 1804 3261 C

1821 1998 1925 2053 est,
1968 1985 2330 2041 voluntariam
2375 1980 2712 2037 credentium
2763 1976 2821 2029 in
2861 1975 3036 2043 ipsum
3072 1971 3390 2026 servitutem

1823 2077 2007 2134 subiit.

1893 2167 1983 2220 45.
2034 2163 2269 2231 Populus
2339 2175 2489 2230 quem
2550 2172 2652 2210 non
2715 2153 2931 2226 cognovi
2974 2151 3184 2206 servivit
3240 2148 3391 2202 mihi.

1835 2258 2036 2331 [Ipsius
2094 2252 2319 2317 Christi,
2359 2251 2475 2320 qui,
2516 2247 2750 2320 repulsis
2799 2244 3004 2300 Judu'is
3061 2252 3120 2298 ut
3175 2241 3395 2295 inobse-

1825 2326 2162 2419 quentibus,
2248 2341 2483 2413 postulat
2564 2347 2752 2410 gentes
2826 2337 2881 2390 in
2972 2326 3392 2402 hereditatem]

1827 2441 1903 2512 (5)
1929 2438 2048 2493 Non
2075 2447 2158 2492 est
2186 2437 2301 2490 haec
2327 2431 2645 2503 ignorantia:
2667 2437 2791 2483 nota
2817 2437 3044 2482 :cuncta
3077 2425 3221 2480 enim
3248 2422 3396 2477 novit

1828 2541 2014 2602 utpote
2056 2529 2218 2583 Deus.
2270 2525 2376 2580 Sed
2422 2523 2706 2593 quoniam,
2753 2520 2849 2583 ait,
2895 2517 2989 2589 qui
3043 2532 3140 2587 per
3179 2515 3394 2568 diversa

1826 2633 2070 2692 tempora
2121 2621 2268 2674 nulla
2329 2617 2463 2672 mihi
2520 2613 2922 2670 necessitudine
2975 2609 3150 2680 juncti
3203 2613 3394 2671 erant,

1827 2715 1988 2770 alieni
2018 2721 2072 2768 et
2106 2710 2346 2766 extranei
2382 2709 2506 2778 jure
2530 2706 2804 2770 dicantur,
2841 2713 3004 2771 atque
3037 2716 3066 2754 a
3089 2713 3207 2753 mea
3238 2696 3394 2750 lami-

1831 2804 2067 2858 liuritate
2095 2802 2251 2870 longe
2277 2799 2492 2853 remoti.

1899 2893 1988 2948 46.
2019 2891 2150 2946 Filii
2177 2889 2336 2943 alieni
2367 2887 2571 2941 mentiti
2609 2893 2731 2938 sunt
2763 2883 2913 2937 mihi.
2945 2879 3132 2944 Israel,
3157 2881 3248 2951 qui
3287 2884 3398 2950 pri-

1831 2983 2134 3053 mogenitus
2171 2980 2488 3044 vocabatur,
2523 2977 2735 3031 alienus
2767 2975 2910 3029 [ilius
2945 2975 3017 3028 ob
3047 2973 3398 3028 incredulita-

1831 3086 1938 3132 tem
1981 3074 2158 3129 dictus
2191 3079 2294 3126 est.
2343 3069 2475 3122 Filii
2515 3070 2676 3121 alieni
2707 3067 2982 3119 inveterati
3033 3074 3175 3118 sunt.
3224 3063 3400 3118 Omne

1833 3170 2214 3225 inveteratum,
2238 3162 2546 3233 proximum
2580 3158 2823 3213 interitui
2851 3164 2955 3211 est.

1902 3259 1990 3313 47.
2050 3256 2186 3309 Vivit
2222 3254 2496 3314 Omnium,
2519 3259 2568 3304 et
2598 3247 2896 3302 benedictus
2936 3245 3076 3300 Deus
3103 3261 3269 3299 meus.
3296 3243 3402 3313 0p-

1833 3358 2063 3420 portune
2095 3344 2249 3407 illud,
2289 3341 2424 3394 Vivit
2455 3340 2735 3401 Dominus,
2763 3334 3095 3390 vociferatus
3125 3344 3230 3387 est.
3260 3330 3398 3397 Quia

1834 3436 2280 3497 commemoravit
2309 3429 2790 3497 contradictionem
2825 3425 3032 3496 populi,
3061 3439 3168 3493 qua
3201 3422 3402 3476 clama-

1835 3537 1965 3588 bant
1999 3549 2014 3586 :
2054 3528 2216 3594 Tolle,
2265 3525 2409 3590 tolle,
2454 3521 2702 3590 cruciﬁge
2739 3535 2856 3574 eum
2903 3519 2964 3570 ¹⁹.
3019 3515 3089 3569 Ει
3136 3515 3402 3568 exnltetur

1836 3627 1974 3679 Dens
1999 3623 2189 3677 salutis
2223 3637 2369 3673 mete.
2421 3616 2669 3680 Etiamsi,
2708 3611 3006 3667 humiliari!
3045 3609 3399 3675 semetipsum,

1837 3715 2031 3785 inquit,
2054 3714 2225 3782 forma
2249 3710 2381 3763 servi
2423 3717 2638 3776 accepta
2660 3705 2725 3771 “,
2760 3705 3010 3758 excelsus
3045 3697 3401 3752 nihilominus

1834 3818 1938 3862 est.
1970 3804 2157 3859 Simile
2189 3811 2369 3857 autem
2401 3799 2530 3853 huic
2562 3797 2767 3851 dictum
2797 3801 2883 3848 est
2909 3810 2923 3846 :
2962 3791 3102 3843 Deus
3141 3787 3404 3841 exultavit

1837 3899 2013 3963 illum,
2066 3905 2114 3951 et
2151 3895 2294 3949 dedit
2343 3892 2422 3946 illi
2468 3905 2654 3946 nomen
2708 3885 2846 3958 quod
2909 3892 2987 3937 est
3032 3897 3189 3951 super
3251 3893 3403 3934 omne

1837 4009 2176 4136 "omnem;
2230 4077 2320 4146 qui
2362 4072 2458 4125 das
2505 4070 2762 4124 vindictas
2810 4065 2958 4116 mihi.
3004 4064 3270 4116 Videlicet
3305 4065 3401 4115 atl-

1837 4189 2032 4231 versus
2091 4170 2360 4226 inﬁdelem
2407 4163 2664 4234 populum
2715 4157 3054 4213 Judzeorum.
3111 4154 3174 4209 Et
3220 4153 3402 4206 subdi:

1839 4265 2058 4336 populos
2107 4260 2200 4315 sub
2238 4276 2336 4311 me.
2379 4257 2599 4318 Gentes,
2653 4249 2849 4319 inquit,
2900 4247 3123 4302 Christo
3175 4243 3405 4298 subdita:

1842 4335 2079 4413 fuerunt.
2111 4351 2386 4406 Liberator
2422 4363 2562 4400 meus
2592 4343 2655 4398 de
2685 4341 2916 4396 inimicis
2954 4339 3106 4392 meis.
3141 4335 3215 4390 De
3254 4335 3405 4405 priu-

1844 4449 2056 4519 cipibus
2089 4441 2369 4499 lsraclitici
2403 4436 2610 4508 populi.

231 4543 368 4599 Ἀπὸ
386 4540 502 4605 τῶν
517 4537 1006 4608 ἐπανισταμένων
1021 4536 1112 4588 ἐπ’
1128 4534 1249 4603 ἐμέ.
1266 4533 1370 4586 Τοῦ
1389 4532 1554 4586 Ἰούδα
1567 4531 1731 4600 λέγει.

1914 4540 1991 4594 Ab
2019 4535 2402 4604 insurgentibus
2427 4531 2480 4583 in
2508 4546 2596 4582 me.
2630 4525 2824 4579 ludam
2852 4525 2946 4578 ait.

247 4634 267 4710 [
301 4636 357 4689 Ὀ
380 4635 618 4702 ρὐτης
640 4648 759 4700 μου
805 4631 872 4684 ἐκ
903 4628 1017 4682 τῶν
1047 4626 1276 4696 ἐχθρῶν
1315 4642 1434 4694 μου
1467 4625 1739 4692 ὀργίλων.

189 4730 285 4782 Ἐκ
318 4726 414 4780 τοῦ
443 4724 572 4779 λαοῦ
607 4724 860 4778 ἀπίστου.
901 4719 1138 4791 Ὀργίλοι
1181 4717 1364 4788 ἐχθροὶ
1403 4719 1431 4769 ό
1458 4714 1743 4778 Ἰουδαϊκὸς

177 4816 303 4879 λαὸς
336 4811 682 4884 Σαμαρείτην
716 4808 878 4863 αὑτὸν
900 4805 1313 4879 κερτομοῦντες.
1363 4804 1526 4874 Ἀνὴρ
1546 4802 1602 4855 δὲ
1632 4802 1744 4856 ἄδι-

180 4926 273 4972 κος
317 4909 346 4960 ό
395 4904 616 4968 Ἰούδας,
661 4903 693 4973 ἢ
755 4900 1003 4962 Πιλᾶτος,
1059 4896 1312 4958 ἀναιτίως
1345 4895 1597 4957 κολάσας.
1649 4893 1746 4946 Διὰ

177 5001 338 5054 τοῦτο
358 4999 392 5068 ἢ
422 4997 512 5050 διά
537 4997 634 5059 τὰς
669 4995 748 5056 είς
788 4993 889 5062 ἐμὲ
918 4990 1230 5062 εὐεργεσίας
1258 4989 1634 5058 εὐχαριστήσω
1665 5002 1744 5039 σοι

181 5095 275 5148 ἐπὶ
310 5090 530 5145 πάντων
562 5089 671 5141 είτε
707 5083 972 5140 Ἰουδαίων
994 5083 1104 5138 εἴτε
1135 5081 1326 5145 ἐθνῶν,
1362 5080 1457 5135 καὶ
1481 5082 1540 5134 ὲν
1561 5079 1748 5150 ὕμνοις

180 5184 289 5249 ῑξω
319 5182 383 5238 τὸ
407 5180 581 5254 ὄνομά
609 5177 760 5250 σου.]

256 5389 360 5443 Διὰ
383 5400 560 5440 τουτο
581 5375 1102 5450 ἑξομολογήσομαι
1142 5385 1242 5427 σοι
1281 5371 1351 5424 ἐν
1385 5371 1604 5429 ἔθνεσι,
1634 5369 1746 5422 K13-

183 5497 289 5550 pte.
338 5475 557 5544 Ἐπειδὴ
581 5474 650 5528 τά
686 5471 780 5525 καὶ
804 5467 872 5521 τὰ
904 5467 1163 5538 εἰργάσω.
1212 5461 1340 5530 ἐγὼ,
1379 5460 1539 5528 φησὶν
1569 5462 1597 5513 ό
1626 5470 1750 5530 προ-

187 5548 384 5642 φήτης,
415 5560 633 5618 ἐπειδὰν
667 5562 730 5614 σὺ
759 5556 921 5619 αὐτὸς
947 5557 975 5608 ὁ
1005 5554 1210 5625 Κύριος
1236 5551 1302 5605 τὰ
1342 5550 1466 5619 ἔθνη
1496 5548 1745 5621 καλέσῃς,

261 5702 306 5735 ⁸⁸
341 5696 502 5755 Joan.
533 5711 648 5760 nx,
681 5693 770 5747 15.
850 5689 896 5723 ¹⁰
931 5688 1164 5759 Philipp.
1199 5702 1259 5750 ιι,
1297 5686 1352 5743 8.
1429 5684 1472 5716 “
1521 5681 1653 5738 ibid.
1693 5683 1743 5738 9.

261 5812 336 5882 (4)
372 5810 496 5868 Haec
527 5808 744 5881 Origeni
770 5805 1079 5861 tribuuntur
1102 5804 1152 5856 in
1189 5799 1316 5871 Reg.
1346 5797 1394 5851 I.
1613 5825 1619 5854 ι

1914 4631 2212 4704 [Liberator
2262 4641 2405 4677 meus
2451 4621 2516 4674 de
2567 4619 2798 4673 inimicis
2844 4617 2970 4672 meis
3019 4613 3309 4678 iracundis.
3361 4613 3405 4666 Α

1843 4703 2044 4798 populo
2098 4718 2321 4776 inﬁdeli.
2374 4713 2580 4768 Inimici
2651 4710 2898 4766 iracundi
2957 4717 3083 4762 sunt
3144 4703 3405 4759 Iudaicus

1844 4797 2100 4887 populus,
2143 4813 2234 4884 qui
2277 4810 2435 4880 quasi.
2478 4805 2823 4861 Samaritano
2864 4800 2939 4854 illi
2987 4797 3403 4852 maledicebant.

1847 4908 1942 4963 Vir
1971 4917 2153 4962 autem
2192 4905 2414 4972 iniquus
2442 4908 2526 4960 est
2563 4896 2751 4958 Judas,
2785 4903 2880 4947 aut
2914 4892 3121 4945 Pilatus
3157 4888 3248 4957 qui
3288 4887 3408 4940 sine

1846 5014 2010 5055 causa
2037 4997 2213 5066 ipsum
2247 4990 2515 5060 supplicio
2542 4985 2740 5040 atIecit.
2759 4980 3090 5050 Propterea,
3139 4985 3235 5029 aut
3281 4989 3407 5044 pro-

1845 5101 1967 5162 pter
1997 5098 2087 5143 tua
2116 5101 2241 5154 erga
2269 5097 2353 5137 me
2384 5073 2880 5146 beueticia,gratias
2906 5084 3060 5140 agam
3082 5068 3173 5122 tibi
3207 5069 3259 5121 in
3288 5082 3408 5120 om-

1849 5161 2007 5237 nibus
2057 5177 2406 5239 nationibus,
2469 5171 2583 5226 sive
2632 5166 2833 5221 Judzeis
2889 5164 3006 5218 sive
3052 5161 3323 5232 gentibus,
3353 5165 3408 5212 et

1849 5275 2063 5347 hymnis
2093 5267 2376 5326 celebrabo
2403 5277 2600 5317 nomen
2638 5254 2836 5328 tuum.]

1917 5363 2207 5430 Propterea
2248 5354 2532 5424 conﬁtebor
2572 5349 2663 5403 tibi
2699 5348 2753 5399 in
2795 5343 3112 5408 nationibus,
3166 5340 3404 5395 Domine.

1847 5457 1983 5513 Cum
2025 5463 2103 5515 tu,
2156 5449 2404 5512 Domine,
2444 5446 2520 5500 ait
2562 5444 2850 5512 Propheta,
2889 5442 3004 5495 haec
3045 5447 3099 5494 et
3138 5437 3225 5489 illa
3274 5434 3406 5487 mihi

1849 5546 2183 5621 priestiteris,
2209 5541 2425 5611 quando
2449 5548 2502 5592 tu
2538 5537 2653 5607 ipse
2686 5534 2948 5590 Dominus
2970 5539 3154 5603 gentes
3180 5541 3405 5584 vocave-

1920 5789 1998 5860 (5)
2025 5788 2080 5843 In
2109 5783 2260 5840 Colb.
2294 5782 2346 5849 5,
2379 5781 2492 5838 haec
2524 5780 2829 5837 tribuuntur
2853 5773 3072 5846 Cyrillo.
