4032 6444
619 396 724 453 125

1455 395 1511 450 S.
1547 397 1912 454 ATHANASH
1945 401 2094 458 OPP.
2135 402 2316 457 PARS
2353 403 2438 458 Ill.
2478 434 2545 446 —-
2586 404 2998 460 EXEGETICA.

3739 403 3836 458 I24

619 512 715 571 ris,
762 523 857 576 per
897 522 991 562 eas
1038 505 1337 560 conﬁtebor
1389 523 1489 578 ego
1538 509 1655 571 tibi,
1704 512 2023 567 canentibus
2074 513 2225 573 illisi

2307 516 2347 566 ῐι⁹
2401 516 2578 568 αὐτῶν
2622 534 2702 569 σοι
2751 516 3240 588 ἑξομολογήσομαι,
3275 517 3504 588 ᾀδόντων
3537 516 3714 572 αὐτων
3747 520 3840 583 οὓς

617 602 849 670 hymnos
871 613 1010 667 quos
1041 597 1203 652 edidi.
1241 595 1359 651 Non
1390 598 1551 653 modo
1580 609 1758 654 autem
1804 601 1904 657 hoc
1933 604 2053 668 erit,
2087 605 2179 658 sed

617 693 780 744 etiam
840 689 1202 758 magniﬁcabo
1263 690 1465 745 salutes
1514 693 1659 761 regis
1711 707 1924 760 eorum,
1978 696 2182 749 scilicet

617 783 881 851 gentium.
939 780 1112 847 Quam
1170 783 1400 836 salutem
1449 793 1707 852 operatus
1762 794 1847 840 est
1897 787 1950 840 in
2005 787 2183 841 medio

619 884 798 927 terrai.
862 872 1251 943 Magnificabo,
1317 875 1369 928 id
1431 884 1535 940 est,
1583 877 1870 946 perspicue
1931 878 2183 932 omnibus

618 963 950 1018 acclamaho.
978 961 1113 1017 Nam
1141 980 1282 1029 eam,
1309 965 1507 1035 inquit,
1535 967 1765 1022 salutem
1799 979 2053 1037 operatus
2078 979 2180 1031 est,

620 1071 742 1110 cum
794 1056 1170 1111 misericordia
1224 1057 1278 1111 in
1334 1059 1436 1112 sibi
1497 1067 1724 1114 unctum
1781 1061 2043 1129 populum
2103 1071 2187 1116 est

621 1163 786 1203 usus:
809 1148 1078 1218 siquidem
1104 1149 1157 1202 in
1188 1149 1367 1219 regale
1393 1151 1760 1205 sacerdotium
1793 1153 1941 1207 uncti
1970 1169 2182 1208 sumus.

622 1239 724 1296 Ubi
759 1250 940 1297 autem
984 1258 1102 1297 eam
1139 1245 1340 1313 populo
1367 1260 1531 1314 quam
1569 1245 1701 1298 mihi
1739 1244 1933 1299 Davidi
1973 1244 2187 1298 miseri-

621 1334 863 1389 cordiam
902 1332 1118 1401 feceris,
1154 1335 1392 1404 idipsum
1424 1350 1640 1405 quoque
1677 1337 1743 1389 ad
1785 1351 1968 1390 semen
2005 1351 2183 1388 meum

620 1424 907 1493 pervenire
935 1424 1224 1480 concedes.
1260 1423 1453 1478 Semen
1479 1427 1678 1494 quippe
1711 1423 1876 1478 David
1911 1433 1994 1478 est
2024 1424 2185 1477 etiam

622 1515 862 1582 gentium
891 1517 1149 1586 populus,
1181 1516 1377 1584 quippe
1403 1518 1497 1584 qui
1531 1517 1676 1570 ﬁlius
1700 1517 1818 1583 eius
1853 1514 2075 1568 eﬁ‘ectus
2096 1515 2184 1575 sit,

621 1607 715 1678 qui
743 1623 808 1663 ex
846 1608 1054 1663 semine
1093 1608 1254 1661 David
1293 1608 1593 1661 secundum
1640 1621 1858 1661 carnem
1895 1615 2053 1659 natus
2083 1615 2183 1658 est.

816 1698 857 1754 l.
890 1698 957 1755 In
979 1700 1135 1769 ﬁnem
1167 1698 1510 1754 PSALMUS
1534 1699 1746 1757 Dauidi.
1778 1695 2006 1752 XVIII.

1209 1795 1612 1863 Argumentum.

2282 607 2553 676 πεποίηκα
2600 607 2820 678 ὕμνους.
2854 609 2927 661 Οὐ
2962 608 3120 677 μόνον
3165 609 3219 661 δὲ
3246 609 3422 676 τοῦτο,
3452 608 3590 661 ἀλλὰ
3616 611 3711 662 καὶ
3748 628 3816 679 με

2281 698 2515 767 γαλυνῶ,
2567 702 2718 770 φησὶ,
2770 700 2867 763 τὰς
2905 701 3173 771 σωτηρίας
3220 702 3313 753 τοῦ
3360 701 3624 771 βασιλέως
3667 701 3844 754 αὐτῶν

2283 791 2389 844 τῶν
2415 791 2580 846 ὲθνῶν
2601 810 2613 822 ·
2640 796 2703 864 ἢν
2735 794 2956 864 ἐποίησε
2988 794 3259 864 σωτηρίαν
3289 795 3344 845 ὲν
3389 796 3536 864 μέσῳ
3565 794 3665 863 τῆς
3713 793 3839 862 γῆς.

2282 884 2628 953 Mamurri),
2655 885 2895 937 τουτέστι
2929 889 3040 948 τοῖς
3088 887 3221 938 πᾶσι
3247 886 3516 956 διαδοήσω
3552 884 3838 954 λαμπρῶς.

2297 975 2510 1044 Ἐπειδὴ
2561 975 2654 1028 καὶ
2686 976 2885 1045 ταύτην
2936 977 3243 1047 εἰργάσατο,
3271 977 3436 1045 φησὶ.
3482 976 3652 1028 ποιῶν
3689 975 3840 1028 ἐλεον

2288 1065 2374 1117 ἐπὶ
2397 1066 2486 1118 τὸν
2518 1065 2806 1136 χρισθέντα
2833 1065 2996 1119 αὑτοῦ
3019 1065 3143 1120 λαόν
3164 1083 3175 1096 ⁸
3210 1068 3289 1128 εἰς
3325 1065 3592 1134 βασίλειον
3632 1065 3744 1135 γὰρ
3773 1067 3846 1116 ἱε-

2286 1155 2532 1225 ράτευμα
2559 1155 2909 1225 ἐχρίσθημεν.
2942 1156 3116 1208 Ποιῶν
3145 1155 3199 1208 δὲ
3233 1155 3309 1226 τῷ
3341 1155 3454 1225 λαῷ
3477 1155 3537 1206 τὸ
3562 1153 3709 1216 ἔλεος
3749 1154 3846 1206 καί

2289 1262 2378 1314 μοι
2411 1244 2486 1314 τῷ
2515 1245 2694 1309 Δαυῒδ,
2724 1246 3159 1315 παρασκευάσεις
3181 1245 3429 1314 γενέσθαι
3455 1243 3603 1315 αὐτῷ
3634 1245 3724 1298 καὶ
3767 1244 3850 1312 τῷ

2289 1331 2560 1401 σπέρματί
2593 1349 2712 1401 μου.
2742 1333 2966 1404 Σπέρμα
2995 1335 3100 1403 γὰρ
3125 1334 3218 1386 τοῦ
3243 1333 3404 1386 Δαυῒδ
3431 1335 3524 1387 καὶ
3547 1336 3576 1386 ὁ
3600 1331 3658 1397 ἐξ
3677 1331 3848 1385 ὲθνῶν

2286 1422 2411 1484 λαός
2428 1439 2443 1454 ·
2477 1423 2571 1476 ἆτε
2601 1422 2662 1493 δὴ
2697 1421 2935 1492 γεγονὼς
2954 1425 3140 1478 τέκνον
3162 1424 3253 1478 τοῦ
3277 1427 3339 1478 ὲκ
3365 1427 3676 1497 σπέρματος
3705 1425 3850 1478 κατὰ

2291 1513 2464 1583 σάρκα
2499 1513 2848 1585 γεννηθέντος
2878 1515 3059 1573 Δαυῖδ.

2495 1689 2598 1751 Εὶς
2626 1685 2818 1751 τέλος,
2845 1688 3148 1740 ΨΑΛΜΟΣ
3177 1683 3253 1749 τῷ
3288 1682 3486 1737 Δαυΐδ.
3518 1685 3604 1737 IH
3621 1723 3634 1737 .

2900 1780 2913 1797 '
2925 1780 3230 1842 Υπόθεσις.

625 1879 896 1938 lnitialem
941 1849 1327 1952 complectitur
1375 1884 1677 1939 doctrinam
1725 1883 1810 1938 hic
1842 1881 2085 1951 psalmus
2124 1849 2225 1936 ex1

2307 1870 2667 1940 εἰσαγωγικὴν
2699 1869 3040 1924 διδασκαλίαν
3075 1867 3315 1938 περιέχει
3346 1881 3374 1918 o
3407 1867 3594 1937 παρὼν
3635 1865 3854 1936 ψαλμδς

697 1991 930 2046 persona
959 1977 1331 2045 apostolorum
1356 1977 1423 2030 ad
1453 1987 1659 2046 gentes.
1692 1973 2056 2041 Quamobrem
2081 1988 2190 2028 cae-

695 2070 807 2124 lum
841 2079 894 2124 et
927 2071 1096 2124 solem
1131 2082 1184 2125 et
1222 2071 1430 2140 reliqua
1467 2072 1753 2135 elementa,
1799 2085 1935 2138 quos
1967 2083 2192 2136 magnos

699 2160 803 2214 illa:
851 2160 984 2215 deos
1024 2176 1146 2215 esse
1202 2161 1632 2224 arbitrabantur,
1679 2160 1926 2229 opiﬁcem
1975 2157 2193 2212 laudare

698 2267 859 2306 suum
892 2253 1170 2307 dicuntur.

696 2345 751 2398 2.
803 2344 932 2398 Caeli
952 2353 1204 2398 enarrant
1234 2344 1460 2413 gloriam
1490 2339 1604 2396 Det.
1626 2335 1813 2396 Simile
1837 2351 1920 2396 est
1946 2341 2050 2395 hoc
2080 2341 2192 2395 illi:

632 2433 928 2488 Invisibilia
956 2438 1094 2490 enim
1121 2437 1287 2506 ipsius
1319 2453 1350 2489 a
1389 2445 1634 2488 creatura
1664 2435 1842 2487 mundi
1874 2450 1964 2501 per
1993 2450 2052 2487 ea
2081 2450 2196 2502 quia

631 2527 774 2594 facta
802 2536 922 2581 sunt
956 2527 1220 2581 intellecta
1249 2527 1644 2592 conspiciuntur
1672 2540 1690 2577 :
1726 2524 2040 2593 sempiterna
2062 2541 2196 2596 quo-

630 2636 728 2692 que
755 2621 868 2689 ejus
896 2619 1062 2673 virtus
1089 2627 1138 2671 et
1177 2617 1424 2670 divinitas
1456 2617 1522 2669 ".

706 2713 761 2766 5.
804 2711 926 2764 Dies
965 2711 1070 2764 diei
1105 2719 1308 2763 eructat
1347 2709 1587 2775 verbum,
1623 2717 1673 2761 et
1720 2723 1856 2773 nox,
1899 2718 2003 2763 etc.
2045 2708 2196 2772 Dies,

633 2805 832 2874 inquit,
891 2813 945 2858 et
998 2819 1128 2867 nox,
1184 2810 1374 2856 mutuo
1415 2803 1516 2856 sibi
1565 2802 1801 2870 spatium
1844 2801 2115 2854 concinno
2147 2808 2200 2854 et

635 2897 958 2967 congruenti
1013 2896 1205 2950 ordine
1251 2895 1318 2948 ad
1368 2909 1591 2948 cursum
1638 2890 2016 2957 concedentes,
2063 2893 2197 2961 ipsis

636 2991 798 3044 rebus
824 2996 1124 3042 creatorem
1157 3000 1316 3040 suum
1353 2985 1668 3054 praedicant.

704 3083 758 3136 4.
812 3079 932 3133 Non
969 3089 1089 3133 sunt
1124 3075 1342 3147 loquela:
1383 3092 1542 3145 neque
1580 3089 1874 3136 sermones,
1918 3081 2022 3125 etc.
2062 3071 2196 3124 Cum

2361 1966 2426 2014 ὲκ
2459 1963 2744 2033 προσώπου
2777 1961 2886 2014 τῶν
2932 1960 3242 2014 ἀποστόλων
3277 1959 3410 2028 πρὸς
3462 1957 3530 2010 τὰ
3563 1957 3709 2028 ἔθνη.
3759 1958 3854 2010 Διὸ

2363 2056 2454 2107 καὶ
2493 2055 2739 2124 οὐρανὸν,
2774 2054 2867 2106 καὶ
2896 2052 3065 2122 ἥλιον,
3123 2051 3217 2104 καὶ
3272 2050 3339 2104 τά
3390 2049 3554 2120 ’ἐτερα
3587 2052 3850 2119 στοιχεῖα,

2362 2145 2453 2208 οὒς
2485 2147 2579 2198 καὶ
2609 2144 2874 2214 μεγάλους
2920 2141 3133 2212 ἐνόμιζε
3179 2142 3332 2205 θεοὺς
3369 2139 3538 2194 ταῦτα
3593 2140 3855 2211 ἀνυμνείν

2361 2238 2450 2289 τὸν
2481 2237 2706 2306 ποιητὴν
2733 2233 2909 2287 αὐτῶν
2947 2234 3212 2300 λέγουσιν.

2367 2331 2428 2380 01
2458 2328 2694 2394 οὐρανοὶ
2747 2324 3088 2394 διηγοῦνται
3131 2322 3316 2387 δόξαν
3342 2323 3507 2376 Θεοῦ.
3545 2322 3766 2392 Ὅμοιον
3791 2323 3858 2376 τὸ

2295 2419 2614 2490 εἰρημένονο
2659 2415 2734 2470 Τὰ
2792 2419 2900 2486 γὰρ
2957 2415 3177 2483 ἀόρατα
3218 2413 3403 2467 αὐτοῦ
3448 2412 3565 2467 ἀπὸ
3604 2413 3861 2478 κτίσεως

2295 2515 2523 2581 κόσμου
2550 2511 2671 2576 τοῖς
2698 2509 2984 2579 ποιήμασι
3004 2508 3297 2576 νοούμενα
3321 2505 3658 2576 καθορᾶται,
3699 2507 3740 2575 ἢ
3793 2523 3861 2560 τε

2296 2605 2484 2670 ἀΐδιος
2515 2604 2700 2658 αὐτοῦ
2721 2603 2971 2671 δύναμις
2995 2602 3090 2655 καὶ
3119 2603 3362 2667 θειότης.

2380 2695 2584 2764 Ἡμέρα
2618 2694 2689 2762 τῇ
2717 2694 2903 2763 ἡμέρᾳ
2938 2694 3231 2762 ἐρεύγεται
3253 2692 3418 2760 ῥῆμα
3442 2692 3540 2745 καὶ
3565 2692 3745 2755 νύξ
3794 2693 3863 2744 Ἡ

2297 2790 2330 2858 ἡ
2342 2788 2500 2857 μέρα,
2521 2787 2672 2856 φησὶ,
2687 2786 2826 2854 καὶὴ
2847 2784 2942 2848 νὺξ
2958 2783 3229 2845 εὐτάκτως
3245 2783 3337 2834 καὶ
3355 2781 3700 2852 εὐαρμόστως
3717 2781 3865 2833 ἀντι-

2301 2875 2718 2948 παραχωροῦσαι
2749 2877 2873 2938 τοὺς
2897 2875 3129 2945 δρόμους
3155 2873 3428 2944 ἀλλήλαις,
3456 2873 3522 2926 δι’
3553 2872 3729 2926 αὐτῶν
3747 2871 3864 2924 τῶν

2302 2968 2638 3039 πραγμάτων
2681 2967 2771 3018 τὸν
2795 2964 3119 3035 δημιουργὸν
3145 2964 3324 3017 αὐτῶν
3352 2963 3831 3033 ἀνακηρύττουσιν.

2365 3060 2485 3110 Οὐκ
2513 3057 2628 3109 εὶσὶ
2655 3055 2858 3109 λαλιαὶ
2896 3053 3038 3106 οὐδὲ
3068 3055 3255 3122 λόγοι.
3294 3053 3426 3106 Καθ’
3455 3052 3794 3121 ὑποστιγμὴν
3823 3054 3861 3121 ὴ

640 3171 1072 3242 interpunctione
1120 3167 1428 3238 legendum.
1490 3165 1622 3219 Nam
1679 3180 1743 3218 ex
1818 3163 2044 3218 adverso
2119 3161 2201 3213 in-

2307 3148 2625 3215 ἀνάγνωσις.
2673 3145 3030 3197 Ἀντιπίπτων
3061 3143 3137 3206 δὲ,
3175 3143 3563 3212 ὑποτέμνεται·
3604 3142 3663 3194 τὸ
3688 3142 3745 3194 δὲ
3773 3143 3870 3195 ἁνο

641 3277 921 3333 terrogans
980 3260 1281 3316 clausulam
1343 3257 1646 3325 distinguit,
1690 3254 1834 3323 quod
1885 3262 2064 3308 autem
2109 3265 2202 3320 per

641 3352 1114 3419 interrogationem
1162 3346 1451 3417 opponitur
1495 3355 1579 3399 est
1635 3344 1766 3397 illud
1822 3360 1836 3397 :
1896 3353 1951 3397 et
1997 3341 2202 3396 nihilne

641 3442 984 3513 loquuntur?
1030 3439 1369 3508 Quapropter
1415 3436 1593 3490 dicit:
1645 3435 1840 3486 Annon
1885 3432 2080 3500 aliquae
2118 3444 2206 3483 res

643 3546 790 3600 sunt,
822 3549 942 3604 quae
979 3535 1105 3587 licet
1144 3531 1347 3584 nullam
1395 3529 1649 3584 emittant
1683 3539 1869 3578 vocem
1892 3564 1907 3588 ,
1945 3522 2203 3576 artiﬁcem

643 3626 1010 3682 denuntiant?
1058 3622 1345 3676 Enimvero
1395 3636 1459 3674 ex
1487 3618 1712 3688 pulchre
1747 3615 2009 3670 adornata
2059 3613 2204 3677 navi,

644 3718 784 3772 fabri
828 3716 1016 3787 peritia
1047 3713 1385 3784 dignoscitur
1420 3727 1434 3764 :
1470 3720 1524 3765 et
1564 3709 1814 3765 similiter
1851 3708 1917 3762 de
1961 3707 2204 3775 reliquis.

645 3806 909 3862 Prmdicta
941 3805 1122 3872 itaque
1151 3800 1364 3870 Opiﬁeia
1398 3815 1428 3854 a
1467 3798 1862 3868 magnitudine,
1910 3797 2210 3866 pulchritu-

645 3902 790 3963 dine,
837 3896 1208 3952 concinnitate
1271 3891 1518 3961 opiﬁeem
1585 3890 1884 3959 przedieaut
1949 3905 1962 3940 :
2025 3889 2098 3940 ita
2154 3897 2212 3941 ut

645 4005 835 4046 eorum
867 3986 1176 4058 praedicatio
1200 3999 1414 4038 omnem
1438 3982 1694 4051 pervadat
1723 3981 1930 4033 orbem.

717 4083 770 4137 6.
792 4081 857 4136 1η
875 4080 982 4135 sole
1004 4079 1177 4149 posuit
1199 4073 1592 4130 tabernaculum
1609 4089 1782 4126 suum.
1803 4070 1859 4124 In
1878 4071 1989 4126 sole
2010 4077 2214 4139 posuit,

650 4177 845 4248 inquit,
879 4174 1286 4229 tabernaculum
1334 4171 1448 4226 sive
1482 4169 1728 4224 domum.
1766 4165 1995 4220 Ubinam
2032 4174 2213 4218 autem

651 4269 834 4338 posuit
862 4266 967 4320 nisi
1001 4267 1056 4317 in
1091 4263 1230 4316 caelo
1262 4271 1315 4315 et
1351 4259 1405 4313 in
1441 4261 1780 4312 lirmamento
1813 4272 1976 4325 supra
2007 4269 2216 4308 meme-

651 4359 786 4412 ratis
819 4357 841 4409 2
875 4353 1025 4408 Hanc
1066 4367 1227 4422 porro
1263 4350 1486 4403 domum
1509 4389 1523 4413 ,
1571 4347 1769 4400 lectum
1819 4361 1945 4398 item
1983 4346 2213 4399 vocavit.

655 4449 921 4504 Utautem
949 4445 1065 4500 dies
1089 4454 1137 4499 et
1163 4459 1267 4497 nox
1294 4441 1520 4511 pulchro
1545 4439 1636 4493 illo
1665 4437 1855 4490 ordine
1878 4446 2214 4489 etconsensu

654 4543 952 4613 praedicant
995 4537 1262 4607 opiﬁcem,
1311 4536 1383 4588 ita
1419 4543 1473 4587 et
1498 4533 1579 4586 sol
1619 4528 1763 4596 quod
1808 4526 2039 4594 quadam
2084 4541 2217 4579 cou-
2246 4511 2292 4569 Ι)

656 4635 919 4688 cinnitate
994 4643 1213 4684 cursum
1244 4628 1254 4656 '
1285 4624 1541 4681 conﬁciat
1630 4619 1866 4675 iubentis
1920 4617 2214 4686 potentiam

657 4725 918 4781 declarat.

726 4820 783 4873 8.
827 4815 936 4870 Leu:
974 4813 1188 4867 Domini
1238 4810 1583 4863 immaculata
1642 4814 1939 4856 convertens
1992 4802 2216 4854 animas.

663 4908 984 4980 Evangelica
1009 4905 1236 4959 scilicet.
1271 4897 1484 4953 Ethnici
1514 4904 1705 4964 utpote
1737 4894 1827 4964 qui
1855 4893 1963 4960 jam
1991 4907 2056 4946 ex
2087 4906 2222 4960 prae-

661 5005 822 5058 dictis
867 4997 1153 5054 elementis
1182 4989 1505 5046 edidicerint
1557 5001 1727 5040 unum
1783 4985 2026 5052 opiﬁcem
2080 4997 2220 5046 esse,

665 5094 929 5147 docentur
974 5087 1192 5140 demum
1241 5079 1608 5149 evangelicum
1651 5077 1820 5144 legem
1855 5091 1868 5138 ;
1904 5075 1972 5126 ita
2017 5083 2074 5126 ιιι
2110 5089 2227 5126 om-

668 5188 817 5239 nium
869 5179 1107 5252 gentium
1153 5175 1348 5230 animae
1399 5173 1463 5226 ad
1507 5168 1790 5224 veritatem
1828 5175 2227 5219 convertantur.

2303 3242 2555 3292 τιπῖπτον
2581 3237 2730 3290 ἐστὶ·
2777 3239 2885 3290 Καὶ
2921 3237 3026 3306 μὴν
3079 3236 3138 3288 οὐ
3183 3235 3542 3304 φθέγγονται;
3577 3235 3665 3287 Διὸ
3693 3232 3862 3301 λέγει·

2305 3329 2448 3405 ’Δρα
2481 3332 2577 3384 οὐκ
2610 3332 2715 3382 εἰσὶ
2747 3330 2866 3383 τινὰ
2922 3327 3216 3398 πράγματα
3271 3327 3338 3390 ἃ,
3375 3327 3469 3379 καὶ
3517 3327 3589 3394 μὴ
3636 3325 3872 3390 ἀφιέντα

2307 3427 2509 3498 φωνὴν,
2527 3425 2617 3476 τὸν
2637 3421 2882 3491 τεχνίτην
2898 3420 3069 3488 ἀνακη
3080 3413 3347 3488 ρύττουσις
3378 3416 3484 3469 Ναὶ
3511 3416 3616 3485 μὴν
3641 3414 3734 3468 καὶ
3757 3414 3874 3485 γὰρ

2308 3520 2372 3572 ὲκ
2402 3516 2502 3585 τῆς
2531 3512 2708 3575 καλῶς
2740 3509 3089 3581 ἡρμοσμένης
3125 3507 3249 3578 νηὸς
3277 3511 3307 3577 ἡ
3341 3505 3501 3576 τέχνη
3527 3504 3618 3557 τοῦ
3655 3519 3874 3571 ναυπη-

2309 3607 2406 3677 γοῦ
2437 3605 2709 3674 φαίνεται⁸
2745 3602 2835 3654 καὶ
2863 3598 3084 3652 ἐπὶτῶν
3117 3597 3290 3650 ἄλλων
3322 3596 3376 3648 δὲ
3411 3594 3690 3657 ὡσαύτως.
3728 3594 3874 3646 013x-

2310 3697 2402 3750 οὖν
2444 3695 2537 3747 καὶ
2574 3693 2642 3746 τὰ
2685 3692 2964 3761 ποιήματα
2988 3688 3055 3741 τὰ
3087 3685 3460 3756 προειρημένα
3489 3683 3630 3736 οὕτω
3677 3683 3877 3752 κηρύτ-

2310 3806 2390 3840 τει
2418 3788 2523 3839 ἀπὸ
2558 3783 2817 3855 μεγέθους
2843 3781 2934 3832 καὶ
2963 3777 3226 3846 καλλονῆς
3269 3777 3363 3829 καὶ
3390 3776 3755 3846 εὐαρμοστὶας
3781 3775 3879 3827 τὸν

2311 3876 2678 3948 δημιουργόν·
2726 3872 2800 3934 ὼς
2848 3872 2928 3932 εἰς
2958 3870 3134 3921 πᾶσαν
3177 3867 3354 3919 αὐτῶν
3401 3867 3497 3936 τὴν
3545 3865 3877 3936 οἰκουμένην

2313 3967 2625 4037 διαδραμεῖν
2652 3963 2712 4015 τὸ
2744 3963 3023 4032 κήρυγμα.

2398 4059 2499 4110 Ἐν
2530 4052 2607 4119 τῷ
2631 4053 2780 4119 ἡλίῳ
2805 4051 2969 4104 ἔθετο
2998 4048 3068 4101 τὸ
3112 4044 3400 4113 σκήνωμα
3446 4043 3651 4096 αὐτοῦ.
3700 4041 3792 4112 Τῷ
3823 4042 3882 4112 ἠ.

2315 4150 2431 4219 λὶῳ,
2466 4148 2647 4216 φησιν,
2685 4143 2832 4195 έθετο
2864 4141 2924 4192 τὸ
2954 4139 3218 4208 σκήνωμα
3245 4174 3260 4197 ,
3307 4135 3425 4204 ἢτοι
3455 4128 3621 4186 οἷκον.
3673 4132 3786 4186 Ποῦ
3820 4132 3882 4184 δὲ

2319 4241 2467 4292 ἔθετο
2493 4239 2525 4307 ἢ
2552 4238 2606 4287 ὲν
2637 4233 2714 4302 τῷ
2740 4230 3116 4301 προειρημένῳ
3141 4224 3354 4296 οὐρανῷ
3382 4225 3472 4278 καὶ
3502 4222 3842 4293 στερεώματι
3866 4241 3881 4287 ;

2319 4328 2515 4382 Τοῦτον
2547 4326 2602 4377 δὲ
2635 4323 2724 4375 τὸν
2753 4317 2899 4372 οἷκον
2941 4318 3034 4370 καὶ
3078 4314 3280 4376 παστὺν
3325 4314 3621 4384 ῳνόμασεν.
3671 4312 3887 4380 Ὥσπερ

2319 4421 2375 4473 δὲ
2405 4417 2583 4488 ἡμέρα
2626 4413 2715 4465 καὶ
2759 4409 2854 4472 νὺξ
2878 4411 2941 4478 τῇ
2977 4407 3219 4476 eorum?
3248 4403 3530 4474 συμφωνία
3553 4401 3886 4474 κηρύττουσι

2318 4512 2408 4564 τὸν
2452 4503 2795 4578 δημιουργὸν,
2827 4500 2967 4552 οὕτω
3000 4497 3094 4550 καὶ
3144 4498 3172 4549 ὁ
3221 4495 3393 4562 ἣλιος,
3454 4494 3513 4546 τὸ
3563 4494 3651 4545 τὸν
3684 4493 3890 4563 δρόμον

2328 4603 2464 4673 μετά
2483 4615 2625 4659 τινος
2642 4589 3005 4660 εὐαρμοστίας
3031 4583 3317 4650 ποιεῖσθαι,
3344 4581 3596 4654 δηλοῖτοῦ
3623 4581 3891 4652 προστάτ-

2323 4711 2504 4756 τοντος
2535 4692 2631 4759 τὴν
2664 4686 2908 4755 δύναμιν.

2408 4787 2459 4838 '0
2481 4787 2663 4852 νόμος
2691 4781 2907 4847 Κιιρίου
2923 4776 3154 4846 ἄμωμος
3176 4770 3542 4839 ἐπιστρέφων
3569 4766 3793 4835 ψυχάς.
3831 4767 3890 4819 Ὀ

2327 4873 2676 4945 εὐαγγελικδς
2695 4870 2954 4942 δηλονότι.
2999 4867 3085 4928 Ὠς
3114 4865 3212 4934 ἤδη
3255 4862 3312 4915 δὲ
3357 4859 3462 4914 ἀπὺ
3494 4858 3599 4911 τῶν
3633 4873 3893 4927 προειρηο

2335 4972 2508 5042 μένων
2545 4963 2820 5035 στοιχείων
2847 4955 3357 5028 παιδαγωγηθέντες
3383 4953 3431 5005 οἱ
3461 4949 3520 5014 ἐξ
3557 4948 3744 5009 ἐθνῶν,
3793 4950 3892 5001 ἕνα

2333 5039 2468 5114 εἶναι
2496 5058 2586 5110 τὸν
2619 5052 2946 5125 δημιουργὸν
2978 5089 2992 5114 ,
3041 5047 3383 5101 διδάσκονται
3428 5039 3610 5094 λοιπὸν
3657 5039 3750 5092 καὶ
3801 5039 3892 5090 τὸν

2331 5150 2683 5222 εὐαγγελικὺν
2709 5147 2893 5216 νόμον,
2941 5143 3014 5203 ὼς
3071 5138 3162 5192 καὶ
3211 5133 3531 5204 ἐπιπρέψαι
3579 5131 3685 5183 τῶν
3722 5129 3894 5183 ἐθνῶν

673 5223 1048 5328 TestimZnium
1124 5265 1338 5320 Domini
1412 5258 1900 5331 ﬁdelesapientiam
1978 5265 2225 5323 pr'wsmm

2331 5249 2582 5302 ἁπάντων
2609 5239 2705 5301 τὰς
2737 5236 2910 5306 ψυχὰς
2942 5235 3020 5294 εἰς
3043 5228 3316 5299 ἀλήθειαν.
3360 5226 3421 5279 Ἡ
3436 5223 3728 5294 μαρτῳίιι
3777 5225 3894 5275 Κυ.

669 5365 922 5432 parvulis.
975 5359 1366 5414 Testimonium
1427 5355 1631 5408 scilicet
1681 5354 1824 5420 quod

675 5457 921 5508 Salvator
950 5449 1220 5514 reddidit;
1252 5456 1304 5501 ct
1336 5466 1347 5499 :
1382 5444 1493 5515 Ego
1517 5443 1610 5497 lux
1651 5443 1704 5495 in
1746 5438 1995 5492 mundum
2026 5438 2136 5493 veni
2160 5437 2233 5500 ²³;

675 5556 728 5599 ct
768 5562 780 5596 :
813 5539 920 5609 Ego
947 5555 1011 5591 ex
1051 5538 1214 5592 Patre
1248 5537 1385 5590 exivi
1430 5543 1478 5587 et
1523 5531 1668 5586 venio
1702 5529 1785 5593 “;
1833 5537 1884 5580 ct
1919 5544 1931 5578 :
1975 5525 2083 5594 Ego
2117 5541 2229 5576 sum

678 5635 786 5688 vita
832 5632 895 5681 “.

750 5766 792 5797 "
845 5761 999 5816 Rom.
1035 5778 1071 5830 ι,
1109 5759 1198 5814 20.

1295 5759 1338 5790 ’³
1384 5755 1536 5810 Joan.
1577 5768 1672 5816 λιι,
1703 5750 1788 5805 46.
1869 5747 1914 5780 ³⁵
1956 5745 2247 5812 Joan.1u,
2282 5744 2371 5798 9.8.

1881 5349 1946 5401 de
2005 5364 2062 5402 se
2119 5349 2234 5416 ipse
2326 5341 2461 5408 ρίου
2532 5333 2714 5397 πιστὴ
2796 5323 3128 5394 σοφίζουσα
3199 5317 3412 5384 νήπια.
3489 5316 3600 5416 Ἢν
3651 5312 3897 5411 tiu-19:5-

2340 5402 2501 5502 ρησεν
2538 5425 2662 5494 περὶ
2697 5417 2886 5473 ἑαυτοῦ
2920 5417 2947 5466 ὁ
2976 5410 3296 5480 Μονογενὴς¹
3319 5409 3379 5460 τό
3403 5423 3417 5437 ⁶
3476 5403 3622 5472 Ἐγὼ
3669 5402 3793 5471 φῶς
3813 5405 3899 5462 sic

2339 5493 2442 5574 τόν
2492 5493 2723 5582 κόσμον
2775 5509 3078 5575 ἐλήλυθα’
3144 5503 3255 5563 καὶ,
3305 5498 3452 5568 Ἐγὼ
3516 5497 3582 5548 ἐκ
3625 5493 3731 5546 τοῦ
3780 5499 3897 5547 Πιε-

2339 5610 2472 5678 τρὸς
2509 5606 2788 5674 ἐξῆλθον,
2820 5601 2911 5653 καὶ
2954 5598 3108 5664 ἧκον
3166 5595 3279 5656 καὶ,
3343 5588 3480 5658 Ἐγὼ
3521 5590 3631 5654 ειμι
3671 5587 3705 5651 ἡ
3763 5584 3898 5657 (and.

2471 5741 2512 5772 ”
2553 5738 2705 5793 Joan.
2738 5751 2846 5800 xw,
2877 5733 2927 5788 6.
