4032 6434
206 401 313 458 125

1362 381 1723 439 EXl’OSlTlO
1760 379 1824 433 IN
1864 374 2192 432 PSALMUM
2229 371 2365 426 MK.

3344 349 3450 410 126

279 516 627 593 [Σοφίζουσσ.
657 517 846 586 νήπια,
887 508 1178 582 βεϐαιοῦσα
1212 504 1336 567 τοὺς
1365 503 1690 564 ἀποστόλους
1708 544 1722 564 ,
1752 500 1784 569 ἦ

1962 497 2115 569 [Quae
2145 492 2444 548 infantibus
2462 483 2781 556 sapientiam
2807 479 3012 541 tribuo,
3029 471 3306 545 apostolos
3323 484 3453 525 cono

2364 585 2375 593 -
2427 581 2448 593 -
2520 589 2530 593 μ
2635 577 2646 588 ο
2694 571 2876 593 --n2_:.
2907 585 2996 593 μ.-
3032 567 3119 593 -..ζ
3151 566 3200 593 ζ..
3231 561 3450 593 Plu-inn

210 609 382 680 νήπια
410 607 536 670 τοὺς
562 608 619 659 ὲν
652 601 870 675 Χριστῷ
904 597 1228 669 γενομένους
1253 592 1478 663 νηπίους
1519 590 1653 658 φησὶ
1687 587 1780 638 καὶ

211 703 476 772 ippon;
502 698 596 752 καὶ
622 698 747 758 τοὺς
775 691 1095 763 ἀνθρώπους
1127 685 1317 756 σοφίας
1350 681 1627 751 ἀπείρους.
1659 676 1677 748 ]

1891 561 2072 651 (irino,
2105 600 2198 644 aut
2237 603 2332 657 pc:-
2364 581 2598 640 infantes
2635 571 2882 642 intelligit
2903 585 3000 626 eos
3027 567 3122 639 qui
3151 566 3202 617 in
3231 561 3450 616 Christo

1893 683 2130 739 infantes
2156 678 2410 740 evadunt,
2436 679 2532 726 aut
2571 669 2815 729 insanos,
2849 660 3208 726 hominesque
3239 651 3461 721 sapien-

1897 774 1981 828 tia-
2006 792 2035 826 e
2074 779 2275 841 portes.
2297 761 2320 836 ]

287 917 477 973 Daniel
507 913 817 970 Barbarus:
849 904 1239 963 Testimonium
1267 901 1369 955 hoc
1401 895 1742 968 imperfectos
1767 891 2027 963 parvulos
2062 895 2116 943 et
2140 882 2300 939 rudes
2325 874 2543 932 instruit
2567 879 2622 926 et
2647 868 2919 938 sapientes
2947 860 3142 916 reddit.

290 1032 374 1087 Τὰ
402 1024 757 1095 δικαιώματα
779 1022 996 1090 Κυρίου
1020 1016 1193 1072 εὐθέα
1214 1012 1609 1082 εὐφραίνοντα
1647 1022 1788 1073 καρ-

215 1125 377 1179 δίαν.
427 1121 572 1173 ’Λντὶ
597 1116 712 1179 τοῦ,
745 1113 1082 1186 ήδικαίωσις
1116 1111 1149 1178 ὴ
1179 1105 1445 1175 γενομένη
1473 1103 1530 1153 ὲν
1563 1102 1628 1169 τῇ
1661 1100 1788 1167 ἠμε-

1961 1004 2016 1058 9.
2060 992 2481 1064 Justiﬁcationes
2509 981 2720 1037 Domini
2747 990 2898 1032 recta:
2923 972 3247 1042 testiﬁcantes
3271 967 3454 1020 corda.

1889 1098 1946 1152 ld
1972 1105 2075 1160 est,
2111 1059 2425 1162 justiticatio
2449 1081 2501 1133 iu
2527 1075 2735 1147 judicio
2757 1079 2949 1124 nostro
2979 1066 3138 1119 facta.
3174 1059 3308 1114 Nam
3329 1073 3458 1113 cum

216 1145 377 1179 Ota‘r.
441 1145 572 1173 Λντι
597 1145 712 1179 τυυ,
751 1145 777 1186 ιι
803 1145 1082 1172 νει-μνη...
1122 1145 1149 1178 1⁸
1193 1145 1445 1175 μων-...ι
1474 1145 1525 1153 ν,
1575 1145 1628 1169 ,η
1668 1145 1763 1167 -.τη

216 1213 354 1283 τέρα
383 1208 581 1279 κρίσει.
621 1201 827 1272 Κρίνας
854 1198 961 1268 γὰρ
1001 1195 1156 1266 ἡμῶν
1181 1192 1278 1262 τὴν
1321 1189 1522 1260 κρίσιν,
1570 1181 1790 1248 ἐξέϐαλε

1908 1189 1959 1243 le
1996 1145 2161 1239 caiisa
2197 1175 2467 1247 judicaret
2495 1174 2701 1226 nostra,
2733 1159 2892 1229 ejecit
2925 1153 3224 1226 principem
3253 1145 3459 1211 saeculi,

1947 1276 1978 1283 --
2243 1264 2322 1283 ιε-
2369 1256 2609 1283 1...:.:..m
2656 1252 2706 1283 ς..
2753 1246 2917 1283 ραι-Δρ
2990 1242 3313 1283 Prmtmnmm
3359 1234 3459 1283 Do-

219 1274 576 1371 sb'v'dpiovw.
610 1293 703 1347 τοῦ
747 1291 960 1354 αἰῶνος,
996 1287 1171 1348 διδοὺς
1216 1285 1345 1353 ἡμῖν
1374 1275 1710 1349 εὐφροσύνην
1735 1274 1791 1324 ὲν

223 1365 449 1465 καρδία-,Ἴ
494 1391 553 1444 Ἠ
586 1383 803 1452 ἐντολὴ
852 1381 1071 1448 Κυρίου
1114 1371 1413 1443 τηλαυγὴς
1462 1365 1795 1439 φωτίζουσα

221 1456 590 1555 ὀφθαλμούς.
645 1478 782 1539 Τοὺς
826 1475 924 1543 τῆς
974 1469 1209 1529 διανοίας
1262 1465 1422 1534 φησὶν
1480 1456 1788 1528 ὀφθαλμοὺς

224 1573 507 1646 πόρρωθεν
533 1569 628 1641 τὴν
664 1565 834 1637 αὐγὴν
871 1561 1287 1630 ἁναπέμπουσα.

1895 1276 2138 1331 tribuens
2168 1234 2327 1319 nobis
2369 1256 2612 1314 laetitiam
2655 1252 2719 1304 in.
2753 1246 2936 1302 corde.
2983 1242 3313 1310 Prwceptum
3359 1234 3464 1288 Do-

1897 1364 2027 1418 mini
2074 1357 2306 1413 lucidum
2347 1348 2652 1404 iiluminans
2691 1339 2915 1402 oculos;
2961 1333 3160 1390 mentis
3203 1328 3459 1386 nimirum

1894 1457 2103 1520 oculos,
2127 1449 2341 1504 eminus
2370 1440 2552 1496 radios
2574 1433 2892 1490 immittens.

291 1688 486 1744 Daniel
509 1685 776 1741 Barbarus
806 1699 822 1735 :
847 1679 1042 1734 Mentis
1071 1677 1353 1737 nimirum,
1385 1672 1586 1726 docens
1614 1661 1891 1734 quomodo
1931 1655 2312 1710 universorum
2343 1643 2454 1697 Deo
2485 1637 2769 1694 serviatur.

312 1786 375 1839 '0
423 1784 604 1853 φόϐος
643 1779 860 1845 Κυρίου
906 1771 1087 1842 ἁγνὸς
1135 1770 1426 1839 διαμένων
1470 1766 1556 1828 εις
1603 1760 1792 1814 αἰῶνα
1826 1768 1866 1822 Β

224 1849 461 1941 αίῶνοξ.
505 1874 592 1934 Ὦς
626 1871 760 1942 πρὸς
791 1860 1191 1932 ἀντιδιαστολὴν
1225 1859 1317 1912 τοῦ
1365 1853 1586 1926 νομικοῦ
1628 1849 1793 1920 φόϐου

224 1967 288 2020 τὸ
322 1968 597 2019 τοιοῦτονο
650 1961 853 2019 ἐκεῖνος
901 1955 1010 2024 γὰρ
1051 1950 1338 2018 κολαστής.
1386 1942 1570 2015 Ἢμῶν
1605 1939 1796 2007 ἁγνεία

227 2059 379 2111 ἐστὶν
412 2051 822 2126 ἁμαρτημάτων
860 2046 1060 2115 ἅποχή.
1099 2041 1190 2094 Διὸ
1222 2041 1313 2093 καὶ
1345 2037 1505 2104 ἁγνὸς
1532 2034 1741 2103 εἴρηται
1770 2031 1798 2081 ὁ

230 2147 419 2216 φόϐος,
446 2146 520 2206 ὡς
550 2142 748 2210 ἁγνοὺς
780 2137 946 2191 ποιῶν
972 2152 985 2166 ο
1020 2133 1099 2203 τῷ
1135 2131 1242 2202 γὰρ
1268 2127 1416 2198 φόϐῳ
1447 2126 1671 2195 Κυρίου,
1697 2137 1800 2190 φη-

231 2211 337 2300 σὶν,
362 2232 596 2288 ἐκκλίνει
621 2248 703 2294 τις
735 2231 842 2282 ἀπὸ
880 2224 1068 2281 κακοῦ.
1103 2225 1326 2282 Ait-Bina;
1356 2220 1411 2271 δὲ
1453 2216 1527 2268 ὢν
1557 2216 1584 2266 ὁ
1617 2211 1800 2282 φόϐος,

231 2332 290 2382 ὲν
323 2323 406 2390 οἷς
437 2325 502 2378 ἂν
527 2324 750 2392 γένηται
783 2322 877 2374 καὶ
913 2319 1106 2379 αὐτοὺς
1135 2313 1384 2374 αἰωνίους
1420 2311 1580 2361 ποιεῖ.

317 2421 419 2471 Ἐν
448 2414 526 2481 τῷ
558 2413 900 2484 φυλάσσειν
934 2408 1084 2466 αὐτὰ
1131 2405 1534 2468 ἀνταπόδοσις
1579 2397 1800 2464 πολλή.

235 2505 442 2568 Μισθὸς
481 2505 588 2576 γὰρ
622 2501 864 2572 φυλακῆς
883 2500 1091 2567 γίνεται
1131 2496 1168 2550 ἁ
1197 2494 1499 2564 ὀφθαλμὸς
1525 2493 1632 2544 οὐκ
1655 2487 1799 2550 οἶδε,

236 2597 336 2651 καί
362 2592 472 2662 οὖς
513 2597 625 2649 οὐκ
655 2591 904 2659 ἦκουσε,
937 2590 1034 2643 καί
1068 2589 1163 2642 ἐπὶ
1196 2585 1448 2656 καρδίαν
1490 2581 1800 2650 ἀνθρώπου

235 2692 351 2745 οὐκ
385 2688 533 2742 ἀνέϐ
534 2706 588 2754 η.

313 2807 514 2876 Adjicit
547 2803 733 2858 Daniel
761 2801 1069 2854 Barbarus:
1095 2794 1209 2849 Non
1241 2791 1502 2860 estigitur
1532 2788 1649 2844 sine
1675 2785 1830 2839 lucro
1862 2780 1896 2834 il

239 2872 494 2955 butiones
521 2895 700 2948 habet.
741 2890 1008 2944 Hactenus
1037 2895 1214 2940 autem
1248 2883 1314 2937 de
1349 2881 1550 2950 pietate
1593 2872 1874 2930 disseruit.

1975 1751 2067 1804 l0.
2111 1745 2292 1799 Timor
2327 1736 2542 1793 Domini
2574 1742 2752 1786 castus
2786 1735 3092 1796 permanens
3130 1720 3183 1771 in
3214 1714 3465 1772 saeculum

1899 1839 2108 1899 sa'culi.
2141 1833 2307 1900 Quasi
2340 1830 2407 1884 ad
2429 1821 2787 1880 dill'erentiam
2815 1814 3005 1886 legalis
3033 1810 3245 1865 timoris
3285 1815 3470 1861 castus

1900 1934 2133 1990 dicitur:
2165 1927 2256 1982 ille
2272 1921 2416 1978 enim
2453 1929 2668 1988 poenam
2702 1909 2998 1980 spectabat.
3020 1903 3094 1975 (6)
3119 1901 3352 1957 Castitas
3367 1915 3469 1953 au-

1904 2035 2009 2080 tem
2034 2029 2119 2076 est
2151 2012 2477 2073 abstinentia
2517 2023 2546 2062 a
2583 2003 2838 2076 peccatis.
2866 1998 3046 2065 Quare
3084 2005 3271 2050 castus
3309 1995 3472 2046 timor

1904 2116 2124 2179 dicitur,
2159 2107 2306 2180 quod
2328 2113 2510 2160 castos
2551 2098 2748 2154 eiliciat
2778 2112 2792 2149 :
2827 2105 2951 2146 nam
2986 2104 3097 2158 prae
3131 2088 3328 2140 timore
3364 2083 3474 2137 Do-

1912 2206 2046 2262 mini
2085 2200 2319 2257 declinat
2356 2196 2480 2265 quis
2527 2207 2559 2245 a
2603 2189 2767 2244 malo.
2814 2182 3074 2238 Eternus
3121 2187 3303 2232 autem
3345 2189 3472 2230 cum

1911 2301 1984 2356 sit
2009 2297 2190 2359 timor,
2223 2298 2452 2346 azternos
2476 2285 2606 2339 item
2642 2279 2802 2335 eiIicit
2835 2291 2975 2346 quos
3010 2272 3328 2344 ingreditur.

1985 2393 2072 2446 12.
2105 2388 2170 2444 1η
2197 2380 2554 2442 custodiendis
2597 2374 2705 2429 illis
2733 2369 3008 2426 retributio
3052 2365 3241 2418 multa.
3271 2360 3478 2415 Merccs

1909 2487 2108 2559 quippe
2138 2477 2498 2537 observantiae
2520 2478 2792 2538 suntquae
2822 2463 3014 2518 oculus
3054 2473 3161 2513 non
3187 2456 3339 2519 vidit,
3377 2469 3480 2507 nee

1907 2579 2056 2634 auris
2087 2572 2429 2634 audivit,nec
2462 2567 2516 2619 in
2536 2579 2630 2618 cor
2661 2559 2897 2614 hominis
2921 2553 3283 2610 ascenderunt
3305 2548 3370 2600 ".

242 2991 513 3054 homines,
537 2997 589 3042 et
610 2988 748 3057 juris
783 2985 1048 3039 actionem
1092 2985 1357 3051 spectant,
1395 2975 1570 3044 deque
1615 2968 1869 3025 humanis
1899 2959 2109 3017 delictis
2144 2956 2252 3023 agit
2280 2971 2294 3006 :
2326 2959 2547 3020 peccata
2585 2946 2778 3001 dividit
2803 2943 2856 2997 in
2892 2957 2954 2997 ea
2985 2955 3108 3009 quae
3131 2935 3399 3002 consulto,
3428 2943 3483 2988 ct

2093 3051 2124 3057 -.
2475 3043 2507 3057 ο.
2554 3051 2566 3057 -
2659 3039 2748 3057 -u-
2794 3052 2849 3057 __
2885 3049 3060 3057 -....-..,-
3095 3031 3227 3057 Ω....ο

243 3031 513 3054 ...,......-..,
538 3031 748 3057 ην..-
1092 3031 1271 3051 Ἶηη
1346 3031 1357 3042 ,
1482 3031 1498 3044 _

243 3087 299 3139 in
331 3101 394 3140 ea
420 3100 539 3154 qua:
570 3098 677 3137 non
712 3089 903 3152 Sponte
933 3080 1088 3143 liunt,
1123 3084 1179 3132 et
1209 3090 1275 3129 ex
1304 3071 1390 3126 his
1419 3070 1523 3124 alia
1544 3084 1607 3122 ex
1641 3060 2027 3120 imbecillitate,
2061 3051 2164 3105 alia
2195 3063 2260 3101 ex
2280 3043 2623 3105 necessitate,
2653 3039 2758 3092 alia
2787 3052 2850 3092 ex
2879 3049 3063 3090 errore
3094 3031 3250 3086 ﬁunt.

314 3201 463 3274 [Kal
493 3200 603 3270 τὰρ
631 3201 663 3252 d
683 3197 900 3261 δοῦλός
927 3210 1043 3248 σου
1064 3190 1367 3260 φυλάσσει
1412 3182 1585 3240 αὑτά.
1630 3182 1687 3233 '0
1719 3196 1810 3248 μυο
1836 3181 1878 3237 C

245 3267 620 3360 σταγωγήθεὶς
650 3287 726 3358 τῷ
759 3281 1096 3352 εὐαγγελικῷ
1123 3279 1271 3350 νόμῳ
1299 3277 1415 3339 νέος
1453 3273 1600 3336 λαὸς,
1631 3271 1724 3324 καὶ
1745 3267 1811 3321 τὰ

244 3387 490 3457 κρίματα
516 3381 744 3453 ἀληθινὰ
776 3379 1058 3449 φυλάττειν
1107 3373 1296 3439 εἰπὼν,
1349 3369 1514 3440 εὐχὴν
1569 3364 1813 3434 ἀναπέμ-

246 3497 362 3539 πει,
385 3477 478 3529 καὶ
509 3475 599 3526 τὸν
648 3470 789 3525 κατά
816 3470 1052 3523 διάνοιαν
1083 3465 1340 3534 λογισμὸν
1371 3458 1608 3530 καθαρὸς
1657 3457 1809 3527 εὑρε-

246 3571 410 3622 θῆναι
437 3564 693 3627 ὡσαύτως
722 3565 814 3616 καὶ
836 3562 943 3625 τῶν
967 3558 1121 3621 ἐκτὸς
1166 3555 1426 3627 ρυσθῆναι
1459 3551 1744 3620 δαιμόνων.
1769 3545 1790 3618 ]

418 3661 523 3725 Ely
549 3656 614 3710 τὸ
655 3654 849 3719 τέλος.
882 3651 1188 3706 ΨΑΛΜΟΣ
1217 3646 1297 3711 τῷ
1331 3642 1529 3697 Δαυΐδ.
1561 3639 1672 3693 16’.

886 3745 898 3761 '
913 3741 1221 3804 Υπόθεσις.

246 3845 480 3912 Λέγεται
518 3840 615 3911 μὲν
641 3841 669 3892 ὁ
690 3835 901 3908 ψαλμδς
926 3835 1000 3897 ὡς
1031 3836 1096 3886 ἐκ
1121 3826 1412 3902 προσώπου
1440 3824 1548 3878 τῶν
1580 3822 1706 3893 περὶ
1727 3820 1817 3874 τὸν

320 3933 482 3989 Δαυῒδ
507 3931 754 4001 ἑταίρων,
790 3927 937 3997 αὐτῷ
979 3923 1058 3995 τῷ
1106 3920 1263 3975 Δαυῒδ
1288 3915 1669 3988 ἐπευχομένων
1700 3929 1818 3964 ποι-

317 4023 468 4076 οῦντι
515 4018 725 4072 θυσίαν.
780 4013 1134 4084 Ἀναφέρεται
1176 4009 1232 4060 δὲ
1284 4007 1378 4058 καὶ
1407 4008 1485 4066 είς
1532 4001 1819 4073 πρόσωπον

320 4111 431 4165 τῶν
475 4107 806 4171 ἀποστόλων,
854 4106 928 4168 ὡς
980 4105 1036 4156 ὲν
1083 4100 1268 4173 ἡμέρᾳ.
1305 4096 1399 4149 τοῦ
1452 4093 1681 4164 σταυροῦ
1726 4095 1820 4164 ρη-

323 4202 524 4262 θέντος.

337 4291 703 4348 Ἐπακούσαι
742 4304 856 4341 σου
904 4289 936 4338 ὁ
967 4285 1183 4350 Κύριος
1211 4282 1280 4335 ἑν
1323 4277 1509 4347 ἡμέρᾳ
1540 4277 1816 4343 θλίψεως.

253 4380 591 4456 Προστεθείη
632 4394 743 4431 σοι’
775 4373 1080 4432 Σκεπὰσαι
1116 4387 1210 4434 σε,
1250 4367 1479 4437 φυλάξαι
1514 4381 1591 4417 σε.
1649 4363 1819 4427 Ἐξα-

254 4451 572 4530 ποστείνὲαι
611 4485 709 4522 σοι
742 4466 1032 4532 ,βοήθειαν
1085 4462 1152 4525 ἐξ
1201 4461 1393 4528 ἁγίου,
1441 4457 1538 4510 καὶ
1572 4456 1639 4509 ἐκ
1672 4451 1823 4507 Σιὼν

1991 3166 2230 3242 [Etenim
2267 3176 2444 3215 serrus
2477 3169 2597 3210 tuus
2644 3152 2876 3206 custodit
2912 3166 2995 3202 ea.
3035 3146 3137 3213 Qtti
3171 3143 3485 3211 evangelica

1911 3262 2027 3331 lege
2055 3259 2298 3313 imbutus
2321 3261 2408 3306 est
2438 3247 2670 3319 populus
2694 3257 2892 3304 novus,
2915 3240 3007 3309 qui
3033 3237 3237 3308 judicia
3273 3251 3402 3291 vera
3425 3253 3485 3290 se

1912 3329 2186 3408 custodire
2220 3343 2373 3404 dicit,
2417 3352 2609 3409 preces
2655 3334 2854 3396 fundit,
2887 3343 2944 3384 ιιι
2983 3340 3034 3384 ct
3067 3330 3237 3385 animi
3272 3329 3480 3400 cegita-

1915 3443 2151 3497 tionibus
2176 3449 2347 3508 purus
2380 3428 2842 3498 deprehendatur,
2866 3422 2931 3478 ab
2956 3423 3310 3489 externisque
3334 3418 3487 3475 simi-

1917 3536 2038 3589 liter
2071 3526 2414 3585 dzemonibus
2451 3513 2762 3587 liberetur.]

2123 3620 2162 3673 Ι.
2195 3617 2255 3671 In
2285 3616 2470 3681 ﬁnem,
2506 3605 2845 3665 PSALMUS
2872 3600 3264 3660 Duvidi.XIX.

2518 3703 2923 3771 Argumentum.

1918 3798 2127 3853 Dicitur
2154 3798 2241 3850 hic
2276 3795 2520 3865 psalmus
2571 3801 2829 3860 tauquam
2876 3803 2939 3842 ex
2981 3799 3216 3856 persona
3252 3779 3490 3836 familia-

1987 3891 2128 3943 rium
2158 3887 2329 3956 ipsius
2360 3883 2575 3937 Davidis
2598 3923 2614 3948 ,
2649 3881 2743 3950 qui
2785 3879 2885 3948 ipsi
2938 3875 3123 3930 Davidi
3155 3873 3488 3928 sacriﬁcium

1989 3976 2235 4033 offerenti
2285 3975 2422 4028 bene
2476 3981 2789 4040 precantur.
2842 3965 3096 4021 Refertur
3155 3976 3374 4032 quoque
3419 3961 3487 4012 ad

1993 4082 2279 4140 personam
2342 4062 2733 4134 apostolorum,
2770 4058 2927 4128 quasi
2968 4072 3031 4110 ea
3079 4055 3196 4124 ipsa
3242 4053 3329 4106 die
3359 4064 3488 4119 pro-

1998 4163 2278 4216 nuntiatus
2303 4173 2411 4227 qua
2442 4156 2593 4210 cruci
2631 4153 2895 4206 Dominus
2933 4150 3122 4203 allixus
3152 4155 3255 4199 est.

1986 4256 2040 4310 9..
2102 4251 2372 4306 Επαιιάὶαι
2427 4258 2475 4300 te
2536 4246 2793 4299 Dominus
2850 4244 2905 4296 in
2953 4242 3037 4293 die
3083 4237 3440 4292 tribulationis
3473 4250 3491 4287 :

1923 4348 2063 4402 adsit
2093 4344 2189 4398 tibi
2221 4361 2234 4396 :
2264 4347 2503 4412 protegat
2533 4350 2601 4404 te,
2644 4338 2696 4392 id
2724 4346 2827 4400 est,
2857 4334 3129 4389 custodiat
3168 4341 3241 4385 te.

2006 4439 2061 4493 5.
2109 4437 2286 4490 Mittat
2316 4434 2408 4488 tibi
2437 4433 2699 4486 auxilium
2720 4429 2782 4481 de
2805 4435 3069 4488 sancto,et
3097 4426 3159 4476 de
3194 4423 3320 4476 Sion
3344 4430 3494 4474 tuea-

254 4510 369 4530 διυυ
389 4510 572 4527 ισυνιυυο
611 4510 709 4522 νν-
742 4510 1009 4532 μνιιν--νη
1087 4510 1149 4525 --,
1206 4510 1259 4528 η,
1283 4510 1320 4512 ν-
1345 4510 1357 4512 ἡ
1381 4510 1392 4521 ,

254 4563 632 4623 ἀντιλάϐοιτό
656 4575 790 4613 σου.
823 4557 983 4624 Λέγοι
1024 4555 1067 4607 δ’
1109 4553 1172 4606 ἂν
1209 4549 1379 4603 ταῦτα
1424 4547 1559 4618 πρὸς
1596 4545 1692 4616 τὴν
1730 4543 1814 4595 toi

1930 4541 2017 4582 tur
2055 4538 2121 4582 te.
2157 4524 2282 4579 Haec
2354 4524 2420 4578 ad
2482 4517 2910 4576 consolationem
2972 4514 3152 4568 animo
3196 4510 3493 4565 deﬁcientis

1566 4638 1631 4706 τῇ
1679 4633 1823 4702 ψυχῇ

258 4655 597 4728 ἀθυμοῦντος
640 4647 988 4720 παραμυθίαν
1036 4645 1070 4715 ἢ
1119 4645 1147 4695 ὁ
1191 4641 1510 4710 ἐνυπάρχων

261 4712 455 4816 Λόγος,
490 4747 522 4816 ἢ
554 4712 615 4796 τί
649 4712 807 4809 ᾶγὶωέ
837 4712 1078 4806 Πνεῦμα.
1125 4733 1302 4802 nam
1330 4731 1387 4782 δὲ
1413 4730 1493 4781 δεῖ
1531 4725 1610 4796 τῷ
1651 4724 1814 4777 011.60-

1929 4712 2166 4782 Spiritus
2214 4717 2460 4764 sanctus.

265 4814 432 4910 μένῳ,
468 4814 561 4890 καὶ
583 4835 676 4887 τοῦ
706 4832 778 4904 μὴ
808 4826 1129 4910 καταϐαλεῖν
1155 4824 1250 4887 τὰς
1276 4820 1492 4882 ἐλπίδας
1518 4836 1529 4848 ·
1555 4816 1693 4869 οὕτω
1717 4814 1826 4884 γὰρ

259 4907 394 4990 θεὸς
429 4929 658 4997 ἐπήκοος
692 4922 921 4990 γίνεται.
999 4907 1044 4920 ’”

347 4996 846 5088 Ἀτανίξὶιασόμεθα
883 5011 979 5064 ἐπὶ
1020 5007 1097 5073 τῷ
1140 5003 1408 5072 σωτηρίῳ
1449 5014 1583 5054 σου.
1644 4996 1821 5064 Σωτὴο

266 5132 378 5186 ριος
401 5111 495 5166 τοῦ
520 5111 730 5181 Πατρὺς
752 5111 808 5161 ὲν
838 5107 1025 5176 κόσμῳ
1051 5106 1078 5156 ὁ
1109 5101 1251 5162 Υἱός-
1280 5097 1541 5167 σωτήριον
1568 5091 1662 5147 τοῦ
1689 5088 1817 5156 Υἱοῦ

262 5209 321 5258 ἐν
351 5205 541 5272 κόσμῳ
571 5203 600 5253 ὁ
635 5199 884 5265 σταυρός.

337 5289 887 5363 [Ἀγαλλιασόμεθα
939 5285 1009 5337 ἐν
1041 5281 1118 5347 τῷ
1147 5278 1415 5346 σωτηρίῳ
1447 5289 1581 5330 σου.
1616 5275 1687 5326 Τὸ
1716 5288 1821 5324 σω-

265 5361 476 5452 τήριον,
514 5379 696 5448 φησὶν,
731 5375 758 5427 ὃ
790 5374 1020 5435 δέδωκας
1057 5370 1132 5440 τῷ
1177 5367 1498 5439 ἀνθρωπίνῳ
1529 5363 1694 5434 γένει,
1736 5361 1822 5415 διὰ

265 5478 368 5545 τῆς
395 5473 492 5541 σῆς
522 5469 865 5527 ἀναστάσεως
897 5466 1027 5516 πᾶσι
1056 5460 1286 5531 φανερὸν
1325 5452 1721 5525 κατέστησας.]

341 5611 388 5642 ⁸⁸
432 5607 603 5662 lCor.
634 5621 669 5659 ιι
724 5605 777 5658 9.

350 5743 426 5814 (ὃ)
464 5741 586 5799 Hac
627 5742 804 5796 Daniel
838 5741 1103 5796 Barbarus
1129 5739 1214 5793 trii
1239 5738 1315 5792 uit
1343 5734 1582 5806 Origeni.

1923 4622 2154 4675 fortasse
2180 4616 2379 4672 dixerit
2399 4612 2634 4667 Verbum
2671 4611 2814 4680 quod
2839 4609 2889 4662 in
2922 4608 3100 4662 anima
3131 4604 3362 4668 exsistit,
3398 4609 3494 4656 aut

2516 4703 2839 4759 Precatione
2889 4709 3071 4754 autem
3114 4714 3254 4767 opus
3301 4697 3350 4750 ei
3397 4696 3492 4764 qui

1927 4804 2164 4873 angitur,
2223 4815 2324 4855 nec
2378 4796 2680 4853 amittenda
2727 4811 2874 4865 spes,
2924 4794 3005 4848 sic
3069 4804 3303 4860 namque
3352 4786 3494 4842 Deus

1926 4896 2158 4952 edicitur
2184 4892 2474 4963 propitius.

1997 4986 2048 5038 6.
2078 4981 2396 5038 Laetabimut
2432 4984 2486 5033 in
2533 4976 2765 5032 salutari
2800 4985 2907 5027 tuo.
2943 4971 3193 5025 Salutate
3230 4968 3406 5022 Patris
3440 4967 3492 5020 in

1929 5077 2133 5133 mundo
2159 5074 2329 5129 Filius
2363 5091 2376 5128 :
2409 5071 2650 5127 salutare
2684 5067 2806 5122 Filii
2835 5068 2886 5121 in
2913 5065 3118 5119 mundo
3144 5078 3296 5116 crus.

2006 5257 2433 5331 [Exsultabimus
2475 5255 2531 5309 in
2572 5253 2797 5308 salutari
2831 5261 2939 5302 tuo.
2983 5246 3262 5308 Salutare,
3297 5243 3492 5312 inquit,

1932 5352 2074 5424 quod
2091 5349 2531 5406 dedistihumano
2548 5345 2749 5416 generi,
2769 5359 2862 5412 per
2881 5351 3028 5396 tuam
3045 5338 3494 5394 resurrectionem

1933 5441 2186 5499 omnibus
2227 5439 2571 5499 manifestum
2600 5437 2796 5492 iecisti.
2821 5432 2910 5489 Sic
2941 5431 3131 5486 Daniel
3168 5424 3492 5492 Barbarus.]
