4032 6440
541 400 639 454 12⁸1

1342 399 1398 453 S.
1440 396 1814 453 ATHANASH
1861 397 2012 453 OPP.
2062 398 2242 453 PARS
2285 398 2376 452 Ill.
2408 431 2473 441 --
2511 399 2922 454 EXEGETICA.

3656 396 3764 454 ηε

611 513 662 565 7.
693 511 914 580 Impleat
947 511 1198 566 Dominus
1231 528 1406 566 omnes
1447 514 1719 582 petitiones
1778 521 1917 566 tuas.
1968 511 2098 578 Quae
2127 519 2145 574 Α

2270 515 2581 582 Πληρώσαι
2610 516 2822 582 Κύριος
2843 512 3038 566 πάντα
3068 511 3136 564 τὰ
3159 509 3449 577 αἰτήματα
3471 524 3608 565 σου.
3635 510 3774 564 Τίνα

540 614 694 659 erant
724 605 1008 672 petitiones
1034 644 1048 668 ,
1081 604 1206 669 nisi,
1265 603 1431 657 Pater
1475 613 1676 666 sancte,
1726 620 1875 657 serva
1904 619 1990 658 eos
2038 604 2102 657 de

542 702 735 749 mundo
763 697 804 727 ³⁷
829 695 852 748 ?
877 694 1059 749 Palam
1091 705 1269 749 autem
1296 705 1378 749 est
1411 695 1477 749 de
1503 696 1849 749 credentibus
1891 695 1944 747 in
1976 710 2100 748 eum

541 788 668 841 dici.
702 785 832 858 [Aut
870 785 1122 839 Dat-idem
1181 795 1275 839 aut
1320 785 1606 840 Ezechiam
1662 786 1814 848 dicit,
1863 796 2102 855 tempore

541 878 750 932 scilicet
783 875 1127 931 sacerdotum
1169 885 1222 929 ct
1250 891 1458 945 regum,
1495 885 1590 929 aut
1622 885 1841 944 propter
1883 890 2102 929 (nconc-

543 968 704 1020 miam
746 965 957 1018 Domini
994 966 1290 1019 secundum
1316 981 1554 1026 carnem,
1589 977 1643 1018 et
1672 973 1890 1033 propter
1924 980 2104 1018 resur-

544 1057 833 1110 rectionem
865 1074 878 1122 ;
913 1064 1006 1109 aut
1038 1057 1163 1126 quia
1197 1057 1354 1110 nobis
1381 1056 1606 1109 salutem
1633 1058 1963 1120 consecutis,
1990 1057 2103 1124 ipse

543 1148 770 1201 salutem
811 1148 1054 1201 obtinere
1077 1148 1296 1210 dicitur,
1331 1149 1424 1216 qui
1463 1157 1517 1202 et
1539 1163 1726 1201 curam
1759 1149 1986 1216 hujusce
2015 1149 2106 1202 ba-

543 1238 711 1301 bebit,
745 1254 868 1291 cum
907 1255 1071 1291 unum
1111 1254 1311 1307 corpus
1341 1238 1532 1292 simus.
1567 1237 1931 1304 Quamobrem
1961 1253 2104 1291 nunc

543 1333 708 1385 dicit:
761 1329 818 1383 ln
871 1330 1123 1400 praesenti
1169 1331 1367 1399 quippe
1410 1330 1792 1400 cognoscimus
1825 1329 2101 1382 Christum

543 1423 772 1477 salutem
805 1430 1044 1486 nactum,
1076 1422 1204 1491 quia
1239 1422 1362 1476 inde
1394 1437 1494 1476 nos
1541 1432 1742 1474 nostra:
1791 1421 1986 1489 pignus
2018 1435 2106 1473 sa-

544 1515 674 1568 Iutis
705 1516 1025 1584 accipimus.
1061 1513 1251 1567 Salvos
1281 1522 1462 1567 autem
1498 1512 1678 1566 fecisti
1727 1527 1826 1566 nos
1869 1527 1962 1580 per
1998 1511 2107 1563 vir—

543 1617 710 1660 tutam
726 1609 958 1660 dextera!
975 1607 1389 1660 tua}.De\'teram
1409 1606 1545 1658 dixit
1562 1606 1980 1674 opera,virtutes
2001 1619 2109 1656 ma-

547 1712 705 1766 gnas,
731 1698 995 1750 auxilium
1026 1716 1040 1751 :
1066 1707 1160 1750 aut
1183 1696 1365 1749 divina
1396 1695 1550 1764 signa
1577 1695 1819 1763 prtedicit
1844 1693 2108 1748 aChristo

545 1788 960 1860 etleuzla.]Nunc
983 1790 1192 1858 cognovi
1213 1789 1463 1858 quoniam
1485 1787 1686 1840 salvum
1711 1788 1832 1856 fecit
1856 1786 2107 1840 Dominus

2207 599 2275 673 ἦν
2296 605 2362 657 τὰ
2388 605 2676 674 αἰτήματα,
2701 605 2732 674 ἢ
2760 605 2840 666 τὸ,
2871 603 3060 670 Πάτερ
3091 601 3238 668 ἅγιε,
3263 600 3530 667 τήρησον
3548 601 3772 663 αὐτοὺς

2206 695 2275 748 ἐκ
2308 695 2412 748 τοῦ
2445 699 2674 763 κόσμου
2692 710 2710 757 ;
2740 695 2906 764 Δῆλον
2931 694 3016 756 δὲ,
3046 694 3126 745 ὅτι
3154 693 3278 755 τοὺς
3304 692 3654 754 πιστεύοντας
3693 695 3772 751 εἰς

2207 786 2387 838 αὐτόν.
2430 784 2535 856 [Ἢ
2563 787 2650 838 τὸν
2672 786 2884 855 amas
2913 785 3002 837 τὸν
3035 785 3279 848 Ἐζεκίαν
3300 801 3312 811 ·
3340 785 3421 851 ἐφ’
3455 784 3641 853 ἱερέων
3664 784 3776 852 γὰρ

2207 879 2300 931 καὶ
2329 878 2617 947 βασιλέων,
2652 878 2682 946 ἢ
2716 877 2802 930 διὰ
2830 879 2926 947 τὴν
2958 876 3096 928 κατὰ
3131 876 3306 945 σάρκα
3338 875 3428 927 τοῦ
3464 875 3664 946 Κυρίου
3696 876 3777 926 οἱ-

2207 970 2458 1038 κονομίαν
2487 969 2576 1021 καὶ
2605 969 2921 1022 ἀνάστασιν
2955 966 2987 1036 ἢ
3024 967 3117 1018 καὶ
3141 968 3220 1019 ὅτι
3249 965 3567 1035 σωζομένων
3594 964 3773 1035 ἡμῶν,

2210 1059 2369 1123 αὐτὸς
2401 1061 2546 1128 λέγει
2573 1059 2872 1122 σώζεσθαι,
2910 1053 2970 1111 οὗ
3012 1059 3103 1109 καὶ
3137 1057 3354 1127 μελήσει
3399 1057 3494 1126 μὲν
3529 1055 3780 1125 σώματος

2208 1153 2355 1215 ὄντες
2393 1153 2526 1214 ἑνός.
2583 1151 2673 1204 Διό
2700 1153 2792 1204 καὶ
2819 1152 2912 1204 νῦν
2944 1149 3122 1203 εἶπεν·
3191 1151 3278 1202 Ἐν
3310 1151 3414 1221 γὰρ
3447 1149 3523 1218 τῷ
3552 1150 3780 1220 παρόντι

2210 1243 2544 1312 γινώσκομεν
2593 1242 2894 1311 σωζόμενον
2925 1241 3014 1293 τὸν
3045 1241 3276 1312 Χριστὸν
3297 1280 3310 1302 ,
3346 1241 3421 1307 τῷ
3453 1238 3780 1292 άπεντεῦθεν

2210 1335 2501 1406 ἀρραϐῶνα
2529 1337 2674 1405 ἡμᾶς
2702 1333 2947 1402 δέχεσθαι
2983 1333 3274 1403 σωτηρίας.
3330 1333 3577 1394 Ἔσωσας
3609 1331 3665 1384 δὲ
3692 1331 3782 1383 διὰ

2209 1427 2308 1495 τῆς
2332 1426 2644 1488 δυναστείας
2679 1426 2773 1493 τῆς
2799 1424 2978 1488 δεξιᾶς
3012 1442 3124 1477 σου.
3191 1422 3379 1487 Δεξιὰν
3407 1424 3503 1486 τὰς
3533 1423 3780 1492 πράξεις,

2210 1516 2307 1578 τὰς
2359 1515 2596 1586 μεῖάλας
2637 1514 2928 1582 δυνάμεις,
2972 1512 3068 1583 τὴν
3103 1513 3349 1583 βοήθειαν
3384 1512 3581 1564 εἰπών’
3626 1511 3782 1582 ἢτὰς

2215 1605 2538 1677 θεοσημείας
2592 1607 2972 1676 προαναφωνεῖ
3021 1604 3114 1656 τοῦ
3164 1602 3465 1675 Χριστοῧ.]
3530 1603 3657 1658 Νῦν
3687 1603 3782 1671 ἑτ-

2211 1715 2364 1761 νων,
2418 1699 2506 1750 ὅτι
2557 1699 2751 1750 ἔσωσε
2779 1699 2991 1774 Κύριος
3022 1696 3128 1749 τὸν
3160 1697 3414 1764 Χριστὸν
3454 1696 3670 1760 αὑτοῦ,
3709 1695 3784 1758 ὡς

2213 1790 2312 1858 ήδη
2366 1788 2791 1859 φωταγωγηθεὶς
2821 1788 2907 1841 διὰ
2947 1789 3041 1840 τοῦ
3076 1787 3388 1858 Πνεύματος
3418 1789 3489 1840 τὰ
3525 1788 3652 1858 περὶ
3681 1786 3786 1856 τῆς

547 1883 815 1935 Christum
844 1898 1019 1945 suum,
1048 1882 1362 1950 utpolejam
1389 1880 1725 1933 illuminatus
1740 1895 1833 1948 per
1852 1878 2109 1947 Spiritum

2217 1877 2580 1940 ἀναστάσεως.

547 1981 792 2027 sanctum
807 1973 951 2028 circa
967 1988 1028 2026 ea
1046 1988 1168 2042 qua:
1192 1971 1646 2026 resurrectionem
1679 1978 1944 2039 spectant.

621 2147 689 2203 1η
720 2151 1074 2218 potentalibus
1105 2150 1295 2204 salutis
1318 2150 1547 2203 dextera:
1573 2164 1709 2218 ejus.
1739 2145 2001 2208 Salutem,
2037 2145 2118 2198 in-

551 2243 690 2312 quit,
724 2241 886 2296 nubis
916 2242 1106 2295 tribuit
1133 2256 1358 2310 magnas
1384 2241 1613 2294 virtutes
1637 2249 1912 2308 operatus.
1941 2238 2116 2308 Opera

554 2347 789 2402 namque
842 2333 932 2388 hic
985 2333 1257 2400 signiﬁcat
1302 2347 1369 2386 eo
1403 2332 1549 2401 quod
1607 2331 1836 2385 virtutes
1884 2331 2119 2384 dexterae

557 2425 948 2480 accedentibus
981 2426 1240 2495 porrigat.
1270 2423 1396 2495 Ulli,
1428 2423 1625 2492 inquit,
1657 2423 1742 2476 his
1763 2421 1951 2475 conﬁsi
1977 2422 2119 2474 ceci-

553 2518 794 2572 derunt:
834 2531 935 2569 nos
983 2524 1164 2569 autem
1204 2515 1258 2567 in
1293 2513 1513 2567 nomine
1553 2512 1766 2566 Domini
1817 2512 1984 2565 armis
2033 2512 2116 2564 in-

555 2609 768 2671 structi,
788 2608 1016 2663 salutem
1044 2606 1187 2659 nacti
1216 2603 1457 2676 sumus.]
1482 2603 1764 2658 Dexteram
1796 2604 1882 2657 hic
1903 2617 2119 2672 quaque

558 2703 797 2754 humano
844 2713 994 2753 more
1035 2698 1305 2768 loquendo
1350 2705 1508 2751 vocat
1549 2697 1789 2751 divinam
1840 2697 2117 2764 operatio-

557 2806 704 2844 nem.

626 2883 679 2936 8.
709 2881 782 2936 Hi
810 2883 863 2935 in
893 2882 1157 2944 curribus,
1188 2889 1236 2934 et
1262 2882 1316 2932 hi
1355 2879 1408 2931 in
1435 2879 1600 2947 cquis.
1626 2876 2116 2943 Quemadmodum,

557 2993 681 3036 cum
715 2976 964 3029 lsi-uelem
997 2975 1227 3043 eriperet
1259 2989 1286 3025 a
1312 2972 1658 3026 sensibilibns
1690 2969 1956 3042 Aﬂgyptiis
1994 2985 2120 3023 cur-

551 3087 654 3124 tus
687 3069 988 3123 Pharaonis
1037 3078 1090 3121 et
1120 3069 1372 3120 virtutem
1413 3065 1532 3133 ejus
1558 3064 1786 3133 proiecit
1829 3064 1880 3116 in
1927 3077 2114 3115 mare:

2283 2151 2378 2204 Ἐν
2396 2150 2775 2216 δυναστείαις
2798 2149 2901 2218 τῆς
2919 2149 3214 2216 σωτηρίας
3237 2147 3345 2214 τῆς
3359 2146 3560 2213 δεξιᾶς
3576 2147 3787 2202 αὑτοῦ.

2217 2239 2459 2294 Ἔσωσεν
2491 2243 2638 2311 ἡμᾶς
2658 2281 2672 2303 ,
2705 2242 2835 2312 φησὶ
2860 2280 2876 2303 ,
2912 2240 3168 2310 δυνάμεις
3201 2238 3441 2309 μεγάλας
3474 2237 3790 2308 ἐργασάμε-

2213 2348 2321 2394 νος.
2393 2330 2502 2394 Τὰς
2532 2330 2759 2402 πράξεις
2787 2330 2895 2402 γὰρ
2923 2330 3157 2385 ἐνταῦθα
3191 2329 3444 2400 σημαίνει
3469 2329 3556 2382 διὰ
3579 2327 3678 2390 τὰς
3703 2329 3792 2380 δε-

2207 2419 2334 2485 ·ξιὰς
2376 2420 2632 2490 δυνάμεις
2669 2423 2780 2483 τοῖς
2819 2419 3133 2491 προσιοῦσιν
3187 2419 3419 2489 ὀρέγειν.
3509 2417 3529 2491 [
3566 2419 3794 2471 Ἐκεῖνοι

2219 2512 2335 2582 μὲν,
2369 2513 2520 2581 φησὶ,
2554 2512 2868 2575 πεποιθότες
2896 2511 2988 2563 ἐπὶ
3013 2509 3242 2574 τούτοις,
3278 2509 3500 2561 ἔπεσον·
3527 2512 3688 2580 ἡμεῖς
3709 2509 3791 2572 δὲ,

2216 2604 2274 2655 ὲν
2309 2603 2529 2672 ὀνόματι
2556 2603 2758 2673 Κυρίου
2789 2599 3262 2671 καθωπλισμένοι,
3292 2599 3640 2670 ὲσώθημεν.]
3698 2602 3794 2652 Δε-

2216 2692 2334 2759 ξιάν
2370 2694 2426 2746 δὲ
2459 2693 2622 2747 πάλιν
2653 2693 2887 2745 ἐνταῦθα
2919 2691 3271 2762 ἀνθρωπίνως
3313 2685 3432 2742 εἷπε
3456 2730 3471 2754 ,
3518 2690 3614 2760 τὴν
3642 2689 3796 2743 θείαν

2217 2783 2386 2845 οὕτως
2411 2783 2691 2855 ὀνομάζων
2719 2784 3015 2855 ἐνέργειαν.

2299 2873 2472 2942 οὗτοι
2503 2876 2573 2927 ἐν
2600 2875 2843 2942 ἅρμασι,
2883 2873 2981 2926 καὶ
3013 2868 3178 2926 οὗτοι
3216 2871 3285 2924 ἐν
3328 2871 3551 2937 ἵπποις.
3585 2873 3798 2944 Ὥσπερ

2217 2969 2323 3024 τῶν
2349 2966 2618 3037 αἰσθητῶν
2647 2966 2957 3034 Αἰγυπτίων
2992 2963 3178 3027 σώζων
3205 2963 3296 3016 τὸν
3337 2963 3552 3034 Ἰσραὴλ
3573 3005 3586 3028 ,
3621 2966 3800 3034 ἅρμα-

2217 3077 2286 3112 τα
2310 3056 2507 3129 Φαραὼ
2539 3059 2633 3110 καὶ
2665 3057 2764 3126 τὴν
2794 3055 3019 3124 δύναμιν
3050 3055 3215 3107 αὑτοῦ
3243 3057 3463 3128 ἔρριψεν
3495 3058 3574 3119 εἰς
3601 3055 3801 3109 θάλασο

560 3164 634 3216 ita
662 3180 782 3218 cum
815 3173 981 3216 totum
1014 3161 1291 3214 hominum
1329 3175 1500 3228 genus
1528 3159 1778 3211 liberaret
1810 3169 1838 3207 a
1868 3154 2121 3222 spiritua-

2223 3167 2354 3214 σαν,
2406 3149 2546 3202 οὕτω
2576 3147 2670 3199 καὶ
2714 3147 2930 3200 πάντων
2963 3145 3261 3216 ἀνθρώπων
3314 3146 3500 3210 σώζων
3536 3146 3597 3198 τὸ
3642 3147 3801 3214 γένος

559 3256 704 3311 libus
741 3255 1029 3327 IEgyptﬁs,
1061 3267 1255 3308 currus
1282 3251 1556 3304 contrivit.

631 3349 715 3402 10.
754 3348 995 3411 Domine,
1033 3345 1234 3398 salvum
1276 3343 1362 3412 {ac
1390 3357 1578 3411 regem.
1635 3337 1869 3392 Proinde
1914 3344 2120 3389 tantum

563 3442 705 3495 nacti
763 3441 1169 3512 patrocinium,
1225 3436 1601 3504 supplicamus
1659 3432 1799 3493 tibi,
1859 3429 2122 3490 Domine,

561 3544 622 3588 ut
652 3550 776 3589 CUIII
828 3547 959 3593 nos,
1018 3539 1131 3584 tum
1190 3545 1280 3582 rex
1319 3536 1504 3582 ιιοδῑειι·
1563 3540 1628 3578 ρο
1687 3523 1933 3576 fruantur
1985 3521 2145 3595 assi-_

561 3626 687 3679 due.
750 3711 773 3766 1
820 3710 897 3774 In
931 3712 1106 3775 linem,
1149 3705 1487 3764 PSALMUS
1520 3704 1732 3758 Davidi.
1766 3699 1871 3755 XX

1145 3805 1541 3872 Argumentum.

565 3897 721 3953 Hunc
743 3909 960 3966 quoque
984 3895 1252 3964 psalmum
1292 3893 1443 3962 prius
1475 3887 1764 3942 memorati
1795 3884 1956 3940 amici
1985 3883 2130 3953 regis

634 3989 913 4042 oﬂ'erunt:
957 3995 1213 4053 tanquam
1248 3984 1462 4035 hetante
1501 3981 1594 4032 illo
1625 3979 1768 4046 quod
1815 3993 1882 4031 ex
1924 3975 2132 4030 semine

636 4081 809 4151 ipsius
863 4088 1112 4131 exortum
1173 4074 1378 4128 mundo
1436 4073 1506 4126 sit
1553 4071 1808 4124 salutare.
1859 4066 1971 4119 Hoc
2018 4073 2136 4118 erat

636 4174 781 4228 enim
818 4171 1062 4240 quodex
1115 4169 1298 4222 animo
1348 4164 1712 4235 peroptabat,
1756 4160 1985 4227 darique
2031 4155 2134 4210 sibi

637 4268 870 4321 maxime
892 4262 1248 4332 supplicabat.
1279 4257 1434 4324 Quod
1464 4257 1553 4309 ubi
1581 4267 1900 4308 concessum
1924 4250 2133 4311 fuisset,

639 4359 843 4412 factum
888 4355 989 4424 ipsi
1032 4362 1116 4408 est
1157 4367 1255 4405 ceu
1299 4364 1498 4403 corona
1525 4347 1770 4414 quaedam
1800 4360 1865 4397 ex
1901 4340 2137 4412 pretioso

646 4449 821 4518 lapide
840 4446 1108 4508 conlecta,
1127 4459 1233 4513 qua
1257 4449 1421 4510 caput
1443 4445 1736 4491 exornaret
1762 4450 1940 4488 suum.
1967 4431 2134 4484 David

637 4545 782 4597 enim
825 4539 965 4608 apud
999 4553 1190 4591 omnes
1215 4543 1399 4604 gentes
1425 4546 1549 4585 cum
1575 4527 1807 4582 Domino
1843 4539 1944 4579 suo
1971 4532 2134 4590 atque
2166 4531 2209 4585 ι)

642 4636 750 4688 lilio
785 4631 1081 4686 secundum
1110 4642 1351 4689 carnem,
1387 4622 1643 4676 laudibus
1676 4617 2000 4671 celebratur.
2029 4611 2135 4666 Ne-

637 4739 743 4793 que
794 4735 994 4776 corona
1048 4725 1257 4772 tantum
1300 4716 1403 4767 fuit
1443 4713 1517 4765 illi
1551 4712 1654 4764 hoc
1689 4709 1972 4770 salutare;
2026 4705 2136 4757 imo

635 4817 799 4871 ctiam
845 4815 974 4868 vita.
1013 4820 1067 4866 et
1097 4809 1430 4864 diuturnitas
1475 4800 1903 4864 incolumitatis,
1940 4798 2134 4870 gloria,

640 4904 1063 4974 magniﬁcentia,
1094 4902 1297 4963 laetitia,
1334 4897 1616 4968 gaudium,
1662 4910 1786 4964 spes
1816 4901 1871 4947 et
1922 4891 2138 4945 miseri-

640 4997 828 5053 cordia
858 5008 1134 5062 nunquam
1167 5000 1387 5043 nutans.

639 5091 695 5144 2.
724 5087 962 5147 Domine,
992 5087 1044 5137 in
1069 5085 1260 5137 virtute
1298 5091 1388 5133 tua
1426 5077 1698 5132 (relabitur
1732 5091 1841 5130 rex.

644 5238 696 5290 7.
728 5236 992 5302 Quoniam
1028 5233 1178 5286 dabis
1211 5247 1328 5284 eum
1359 5231 1413 5282 in
1458 5228 1867 5282 benedictionem
1897 5225 1952 5277 in
1982 5240 2144 5278 mcu-

575 5334 682 5385 lum
723 5329 925 5384 swculi.
958 5325 1016 5378 ln
1045 5326 1319 5387 omnibus,
1348 5323 1545 5391 inquit,
1579 5318 2020 5390 generationibus
2061 5330 2142 5370 ce-

575 5425 742 5480 lebris
776 5433 828 5475 et
853 5421 1150 5492 praeclarus
1178 5418 1300 5478 erit,
1335 5417 1479 5485 quod
1519 5423 1720 5467 tantam
1753 5428 1783 5466 a
1809 5421 1859 5465 te
1889 5409 2142 5464 ﬁduciam

577 5515 870 5585 acceperit.
923 5511 1054 5565 Nam
1109 5511 1260 5573 illud,
1295 5526 1412 5562 cum
1448 5506 1592 5560 vultu
1639 5516 1727 5557 tuo
1750 5546 1763 5567 ,
1799 5502 1960 5556 vertit
1995 5499 2146 5571 Sym-

581 5609 832 5668 machus,
868 5604 1007 5674 apud
1041 5603 1238 5656 cultum
1271 5611 1437 5654 tuum.
1480 5597 1687 5652 Laetitia
1732 5595 1933 5664 itaque,
1965 5593 2060 5654 ait,
2093 5601 2145 5645 et

655 5784 697 5816 ³⁷
722 5781 874 5836 Joan.
910 5797 1038 5846 xt‘tt,
1081 5780 1156 5832 ll.

2222 3242 2329 3296 τῶν
2361 3240 2565 3311 νοητῶν
2596 3240 2926 3308 Αἰγυπτίων,
2964 3237 3248 3308 συνέτριψε
3281 3237 3350 3290 τὰ
3383 3238 3623 3308 ἅρματα.

2295 3335 2490 3399 Κύριε,
2525 3332 2730 3385 σῶσον
2759 3331 2864 3382 τὸν
2899 3330 3182 3394 βασιλέα.
3218 3329 3503 3400 Τοιγάρτοι
3530 3326 3802 3395 τοσαύτης

2224 3424 2627 3485 ἀπολαύσαντες
2660 3421 2993 3490 ἀντιλήψεως
3019 3421 3351 3491 ἱκετεύομεν,
3389 3421 3632 3473 Δέσποτα
3653 3459 3669 3485 ,
3703 3419 3803 3471 καὶ

2225 3519 2370 3587 ἡμᾶς
2398 3516 2590 3576 αὐτοὺς
2619 3513 2711 3566 καὶ
2736 3513 2827 3565 τὸν
2850 3514 3115 3583 ἡμέτερον
3142 3512 3362 3582 βασιλέα
3389 3511 3589 3582 ταύτης
3629 3527 3802 3581 μετα-

2225 3607 2512 3676 λαγχάνειν
2541 3603 2823 3672 διηνεκῶς.

2439 3698 2540 3758 Εὶς
2568 3691 2739 3756 τέλος
2757 3731 2772 3755 ,
2814 3693 3118 3744 ΨΑΛΜΟΣ
3146 3687 3225 3753 τῷ
3253 3687 3451 3742 Δαυΐδ.
3494 3686 3588 3742 K'.

2852 3781 2865 3801 '
2879 3781 3183 3845 Υπόθεσις.

2231 3876 2337 3930 λαὶ
2371 3874 2558 3955 τοῦτον
2584 3875 2674 3928 τὸν
2712 3874 2926 3946 ψαλμὸν
2952 3876 2999 3926 οἱ
3034 3869 3465 3945 προδηλωθὲντες
3488 3871 3688 3943 ἑταῖροι
3710 3869 3806 3923 τοῦ

2303 3968 2564 4036 βασιλέως
2596 3967 3039 4037 ἁναπέμπουσιν,
3074 3953 3148 4026 ὡς
3186 3964 3284 4034 ἤδη
3317 3961 3481 4016 αύτοῦ
3517 3963 3807 4032 εὐφραινο-

2308 4059 2468 4128 μένου
2497 4059 2584 4112 διὰ
2615 4061 2672 4110 τὺ
2699 4061 2761 4111 ἐκ
2783 4058 3094 4128 σπέρματος
3120 4053 3282 4107 αὑτοῦ
3309 4054 3702 4122 γεγεννημένον
3726 4052 3809 4123 τῷ

2304 4153 2492 4221 κόσμῳ
2527 4153 2811 4223 σωτήριον.
2864 4150 3033 4202 Τοῦτο
3078 4147 3185 4218 γάρ
3223 4142 3288 4217 ἦν
3312 4147 3339 4199 ὃ
3368 4146 3636 4216 ,ἐπεθύμει
3666 4146 3811 4200 κατά

2303 4241 2500 4313 ψυχὴν,
2527 4244 2620 4294 καὶ
2650 4243 2825 4294 ἐδέετο
2857 4241 3060 4293 λαϐεῖν.
3094 4241 3269 4310 Ὅπερ
3295 4240 3386 4291 καὶ
3413 4237 3562 4290 δοθὲν
3586 4238 3811 4305 γέγονεν

2305 4335 2450 4404 αὐτῷ
2475 4329 2564 4386 οἶά
2586 4352 2666 4395 τις
2703 4333 2961 4401 στέφανος
2989 4334 3050 4384 ἐκ
3073 4330 3222 4382 λίθου
3248 4330 3425 4399 τιμίου
3450 4329 3547 4399 τὴν
3569 4329 3811 4399 κεφαλὴν

2303 4424 2575 4490 δοξάζων·
2636 4422 2915 4486 δοξάζεται
2967 4420 3074 4491 γάρ
3110 4422 3165 4472 ὲν
3201 4422 3334 4473 πᾶσι
3367 4422 3475 4481 τοῖς
3531 4419 3735 4471 ἔθνεσιν
3785 4423 3813 4471 ὁ

2302 4515 2465 4569 Δαυῒδ
2511 4514 2648 4586 μετὰ
2689 4515 2780 4566 τοῦ
2825 4512 3032 4582 Κυρίου
3079 4511 3270 4563 ἑαυτοῦ
3315 4512 3406 4564 καὶ
3439 4511 3555 4562 uio?)
3581 4511 3638 4564 τὸ
3671 4512 3812 4563 κατὰ

2310 4608 2509 4671 σάρκα.
2571 4607 2644 4658 Ού
2682 4605 2837 4675 μόνον
2868 4604 2922 4656 δὲ
2950 4604 3206 4672 στέφανος
3234 4602 3380 4672 αὐτῷ
3407 4602 3592 4669 γέγονε
3619 4600 3678 4652 τὸ
3709 4618 3814 4654 σω-

2307 4702 2523 4768 τήριον,
2559 4697 2693 4751 ἀλλὰ
2728 4697 2822 4749 καὶ
2854 4695 2964 4764 ζωὴ
2986 4735 2998 4756 ,
3029 4695 3122 4747 καὶ
3161 4694 3670 4765 μακροημέρευσις,
3719 4693 3815 4745 καὶ

2311 4788 2459 4852 δόξα,
2485 4788 2577 4840 καὶ
2614 4785 3074 4855 μεγαλοπρέπεια,
3105 4783 3198 4836 καὶ
3231 4783 3556 4853 εὐφροσύνη,
3595 4785 3687 4835 καὶ
3714 4801 3815 4853 χα-

2314 4881 2402 4951 ρὰ,
2439 4880 2532 4934 καὶ
2567 4879 2743 4940 ἐλπὶς,
2771 4877 2865 4930 καὶ
2897 4875 3042 4938 ἕλεος
3073 4875 3131 4926 ού
3166 4874 3543 4944 σαλευόμενον.

2308 5052 2524 5117 Κύριε,
2580 5049 2650 5101 ἐν
2680 5047 2756 5115 τῇ
2811 5046 3055 5115 δυνάμει
3109 5063 3224 5099 σου
3265 5044 3736 5113 εὐφρανθήσεται
3784 5047 3818 5098 ό

2234 5142 2386 5205 ,βασι
2406 5140 2554 5204 ιεύς.

2314 5234 2431 5283 Ὅτι
2462 5229 2616 5296 δῴης
2643 5226 2801 5292 αὐτῷ
2827 5226 3110 5294 εὐλογίαν
3135 5227 3218 5288 είς
3237 5222 3419 5276 αἰῶνα
3452 5223 3685 5286 αἰῶνος.
3729 5222 3820 5276 Ἐν

2241 5323 2502 5384 ἁπάσαις,
2523 5320 2811 5390 φησ“ι,ταίς
2842 5318 3053 5384 γενεαῖς
3086 5314 3325 5385 ἀοίδιμος
3360 5314 3506 5366 ἔσται
3535 5312 3626 5364 καὶ
3652 5312 3817 5364 πολυ-

2243 5413 2534 5484 θρύλλητος
2555 5452 2567 5474 .
2597 5409 2864 5479 τοσαύτην
2901 5405 3146 5476 ἐσχηκὼς
3181 5407 3329 5476 παρά
3363 5404 3455 5457 σού
3485 5403 3817 5476 παρρησίαν.

2244 5507 2316 5558 Τὸ
2349 5505 2457 5576 γὰρ
2486 5506 2634 5573 μετά
2657 5503 2762 5556 τοῦ
2804 5500 3128 5570 προσώπου
3157 5517 3294 5561 σου,
3331 5494 3488 5562 παρὰ
3519 5494 3597 5558 τῷ
3629 5508 3820 5560 προσ-

2243 5595 2380 5660 ώπῳ
2423 5610 2538 5648 σου
2566 5633 2581 5658 ,
2639 5593 2884 5647 τέθεικεν
2915 5594 2943 5643 ὁ
2973 5590 3282 5660 Σύμμαχος.
3330 5583 3678 5656 Εὐφροσύνην
3709 5584 3822 5636 τοι·
