4032 6426
193 410 297 464 ηε)

1299 391 1658 449 EXPOSITIO
1696 388 1761 445 IN
1802 387 2133 446 PSALMUM
2160 388 2277 443 XX.

3335 382 3437 436 130

190 543 287 578 νυν
313 522 445 588 ἔξει,
478 519 631 590 φησὶ,
665 518 758 571 καὶ
789 517 1008 586 διηνεκῆ
1044 513 1307 584 θυμηδίαν
1333 512 1427 564 τοῦ
1456 509 1768 583 προσώπου,

1874 508 2146 577 voluptate
2177 505 2435 560 afﬁcietur
2467 503 2648 557 vultus
2676 501 2776 564 Ini,
2813 501 2864 554 id
2899 509 3004 563 est,
3043 509 3192 552 tuam
3243 498 3436 550 nactus

186 614 441 669 τουτέστι
461 613 559 681 τῆς
597 610 697 679 σῆς
721 607 1006 676 εὐμενείας
1025 605 1325 675 τυγχάνων.
1359 605 1539 657 Αἴτιον
1567 603 1622 656 δὲ
1645 600 1765 654 τού-

184 724 294 760 των
321 703 472 774 αὐτῷ
504 703 692 770 γέγονε
721 701 782 753 τὸ
812 701 902 753 ἐπὶ
930 700 1010 752 σοὶ
1042 696 1375 750 πεποιθέναι.
1434 691 1765 762 Εὑξρανεῖς

183 799 378 851 αὐτὸν
411 798 478 849 ἐν
506 792 658 864 χαρᾷ
682 793 832 862 μετά
859 791 964 845 τοῦ
997 789 1316 858 προσώπου
1343 805 1478 842 σου.
1543 786 1762 856 Προσω-

186 907 290 942 πον
316 887 412 941 τού
439 887 648 956 Πατρὸς
678 885 706 934 ὁ
732 884 873 945 Υἱός.
903 883 964 934 '0
983 878 1487 947 ἑωρακὼςνφησὶν,
1516 875 1640 939 ἑαὲ,
1665 873 1767 926 rid)-

184 997 331 1046 βακε
358 981 466 1032 τὸν
498 976 747 1044 Πατέρα.
809 973 960 1028 Μετὰ
997 973 1186 1024 τούτου
1219 967 1606 1040 εὐφραίνεσθαι
1645 967 1765 1020 κατ’

183 1071 417 1142 ούρανδν
444 1071 519 1132 ὡς
545 1067 904 1138 νυμφαγωγοὶ
931 1063 1066 1135 μετὰ
1098 1062 1190 1116 τού
1217 1062 1451 1131 νυμφίου
1483 1059 1762 1130 μέλλομεν.

261 1163 393 1216 Ὀτι
425 1165 456 1215 ό
495 1159 794 1226 βασιλεὺς
821 1153 1039 1216 ἐλπίζει
1065 1153 1166 1207 ἐπὶ
1193 1154 1410 1221 Κύριον
1427 1190 1442 1212 ,
1465 1151 1560 1203 καὶ
1589 1151 1657 1202 ἐν
1688 1147 1769 1212 τῷ

190 1254 362 1309 ἐλέει.
415 1251 693 1322 Κρείττων
725 1249 841 1300 ἐστὶ
869 1248 974 1300 τῶν
1003 1243 1380 1314 πολεμούντων
1413 1243 1510 1311 τῆς
1546 1241 1643 1310 σῆς
1673 1240 1767 1308 χά-

192 1360 338 1414 ριτος
370 1339 675 1394 ἀπολαύων.
725 1334 1008 1389 ’Λπολαύει
1033 1333 1088 1386 δὲ
1112 1332 1316 1402 ταύτης
1340 1329 1639 1401 ἀνθρώπων
1671 1328 1764 1398 μὲν

189 1434 364 1488 οὐδενὶ
391 1430 640 1502 θαρρῶν,
675 1432 740 1499 τῇ
771 1429 826 1480 δὲ
864 1430 929 1497 σῇ
970 1425 1142 1479 ἐλπίδι
1171 1423 1450 1494 χρώμενος
1487 1420 1642 1492 μόνῃ.

262 1523 547 1590 Εὑρεθείη
598 1522 637 1587 ἠ
685 1519 813 1588 χείρ
851 1533 966 1570 σου
1000 1514 1148 1568 πᾶσι
1196 1512 1317 1577 τοῖς
1366 1508 1598 1580 ἐχθροῖς
1630 1523 1764 1561 σου.

202 1617 289 1678 Ὡς
327 1614 462 1684 πρὸς
504 1610 663 1664 αὑτὸν
695 1609 786 1662 τὸν
815 1608 1017 1678 Κύριον
1049 1607 1076 1658 ὁ
1115 1604 1272 1672 λόγος
1298 1601 1387 1654 διὰ
1416 1601 1486 1654 τὰ
1513 1599 1770 1668 γεγονότα

192 1710 310 1763 κατ’
342 1703 504 1759 αὑτοῦ
542 1701 692 1773 παρὰ
720 1700 813 1753 τοῦ
861 1698 1126 1752 Ἰουδαίων
1159 1694 1312 1748 λαοῦ.

262 1797 452 1870 [Λέγει
478 1795 554 1858 δὲ,
579 1795 660 1846 ὅτι
682 1789 937 1862 θηρεύσει
963 1788 1090 1850 τοὺς
1112 1785 1554 1856 ἁμαρτήσαντας.
1578 1782 1639 1834 Εἰ
1660 1782 1768 1852 γὰρ

1869 600 2324 657 benevolentiam.
2351 595 2556 650 llorum
2591 609 2722 649 vero
2754 595 2806 647 in
2837 609 3002 647 causa
3035 590 3134 644 fuit
3162 590 3263 658 ipsi
3290 589 3434 658 quod

1869 692 1963 747 libi
1998 690 2301 744 conliderit.
2333 686 2658 755 Laetiﬁcabis
2689 700 2806 738 cum
2841 685 2892 735 in
2917 682 3112 753 gaudio
3142 695 3255 733 cum
3290 677 3438 731 cultu

1868 792 1978 838 tuo.
2014 781 2204 836 Vultus
2226 780 2401 834 l'alris
2424 789 2506 833 est
2537 777 2707 830 Filius
2736 796 2749 830 :
2777 776 2879 840 Qui
2907 774 3034 827 vidit
3063 789 3161 830 me.
3183 772 3276 833 ait.
3307 769 3436 823 vidit

1866 887 1914 930 ct
1945 875 2160 928 Patrem
2208 889 2378 926 meum
2404 872 2467 925 ’⁸.
2496 870 2632 924 Cum
2669 870 2760 923 illo
2789 867 3029 922 futurum
3080 875 3136 918 ut
3183 864 3237 916 in
3297 861 3437 916 malo

1868 969 2131 1032 laetemur,
2165 966 2313 1019 velut
2343 964 2531 1034 sponsi
2562 963 2880 1016 deductor-es
2918 975 3037 1013 cum
3065 958 3183 1024 ipso
3214 970 3432 1025 sponso.

1939 1060 1990 1113 8.
2019 1058 2281 1125 Quoniam
2307 1073 2396 1110 rex
2433 1066 2605 1123 sperat
2631 1054 2683 1105 in
2719 1051 2960 1114 Domino,
2991 1057 3038 1101 et
3066 1049 3117 1100 in
3148 1046 3438 1099 misericor-

1868 1153 1980 1216 dia,
2014 1161 2119 1205 etc.
2152 1150 2414 1219 Superior
2430 1148 2638 1202 scilicet
2660 1155 2742 1199 est
2771 1144 3040 1204 hostihus,
3066 1151 3212 1194 tuam
3245 1148 3437 1192 nactus

1869 1245 2120 1313 gratiam.
2141 1240 2212 1294 Ea
2240 1251 2420 1293 autem
2442 1238 2639 1290 fruitur
2664 1235 2795 1288 nulli
2823 1235 3107 1286 hominum
3134 1229 3433 1290 conﬁdens,

1869 1334 1965 1388 sed
1996 1334 2050 1387 in
2091 1341 2144 1387 te
2186 1333 2363 1386 solum
2396 1344 2546 1398 spem
2579 1327 2876 1380 collocans.

1939 1503 1990 1558 9.
2035 1501 2346 1555 Inveniatur
2387 1511 2575 1549 manus
2618 1505 2710 1546 tua
2753 1491 2994 1544 omnibus
3038 1487 3269 1540 inimicis
3307 1485 3432 1539 tuis.

1871 1594 1998 1650 llazc
2047 1595 2113 1647 ad
2167 1594 2343 1661 ipsum
2387 1588 2677 1640 Dominum
2730 1584 3000 1653 pertinere
3049 1581 3323 1647 videntur,
3367 1576 3438 1634 ob

1871 1688 2010 1742 mala
2047 1702 2077 1740 a
2101 1684 2332 1739 Judaieo
2357 1680 2556 1750 populo
2588 1679 2731 1731 illata
2763 1675 2886 1745 ipsi.

1940 1780 2054 1851 [Ait
2090 1788 2270 1832 autem
2306 1792 2363 1830 se
2410 1772 2566 1842 quasi
2602 1778 2798 1824 venatu
2855 1777 3143 1836 capturum
3197 1772 3438 1835 peccato-

193 1892 249 1942 ὲν
263 1848 359 1958 ιτῶ
379 1848 639 1958 ,τηρούντι
666 1848 766 1945 τάξ
794 1879 1012 1942 ἐντολὰς
1042 1848 1083 1950 ήή
1103 1848 1288 1946 ἀγάπη
1318 1848 1413 1927 τοῦ
1441 1873 1576 1926 Θεού
1601 1848 1770 1925 τελει-

1874 1889 1982 1926 rcs.
2014 1869 2069 1924 Si
2095 1884 2329 1938 namque
2352 1869 2404 1922 in
2435 1884 2522 1931 eo,
2550 1866 2641 1936 qui
2674 1861 2926 1917 mandata
2957 1868 3158 1921 servat,
3196 1856 3440 1911 Charitas

193 1981 366 2036 ούται.
391 1978 569 2048 δῆλον,
596 1975 670 2038 ὡς
698 1977 726 2028 ὀ
761 1973 836 2044 μὴ
861 1970 1043 2043 τηρῶν
1079 1970 1257 2040 μισεῖα
1291 1966 1351 2029 ὃς
1383 1966 1476 2018 καὶ¹
1508 1962 1774 2018 ἀπολωλε-

194 2072 345 2127 κέναι
375 2070 611 2137 λέγεται.
639 2064 659 2138 ]

265 2253 389 2303 Ὅτι
419 2248 626 2316 θήσεις
651 2243 872 2308 αὐτοὺς
895 2242 976 2307 ὠς
1000 2239 1291 2294 κλίϐανον
1318 2234 1508 2304 πυρῦς
1534 2235 1622 2298 είς
1651 2248 1776 2284 και-

195 2344 301 2410 ρὸν
332 2342 439 2395 τοῦ
469 2336 790 2407 προσώπου
811 2351 949 2389 σου.
1024 2331 1169 2383 Ἀντὶ
1193 2326 1286 2382 τοῦ
1309 2369 1324 2392 ,
1357 2325 1536 2396 Πυρὸς
1561 2323 1776 2378 ἀποδεί-

197 2435 306 2499 ξεις
339 2432 617 2503 μετόχους.
654 2426 824 2479 Τοῦτο
846 2426 955 2494 γὰρ
986 2422 1196 2483 ἑαυτοῖς
1229 2416 1595 2486 ὲθησαύρισαν
1627 2415 1684 2466 ἐν
1707 2414 1774 2483 τῇ

195 2523 422 2594 δευτέρα
471 2536 564 2572 σου
609 2513 898 2585 ἐπιφανείᾳ
922 2551 937 2575 ,
967 2512 1096 2565 ὅταν
1142 2510 1237 2562 καὶ
1265 2503 1528 2575 ἀποδιδῷς
1561 2503 1777 2571 ἑκάστῳ

195 2613 338 2666 κατὰ
371 2613 438 2665 τὰ
466 2611 600 2681 ἔργα
627 2606 811 2661 αὑτοῦ.
843 2606 1052 2672 Κύριος
1082 2598 1317 2670 ὲνςόρτῇ
1344 2597 1528 2652 αὑτοῦ
1560 2612 1778 2648 συντα-

195 2704 361 2771 ράξει
386 2701 606 2765 αὐτοὺς
627 2738 643 2763 ,
670 2698 766 2752 καὶ
791 2694 1185 2764 καταφάγεται
1221 2689 1442 2753 αὐτοὺς
1473 2686 1610 2752 πῦρ.
1659 2685 1779 2753 ’ορ-

197 2796 305 2864 γήν
339 2811 470 2864 φησι
498 2793 596 2862 τὴν
632 2789 902 2859 τιμωρίαν
941 2786 1038 2855 τὴν
1068 2782 1440 2854 γενησομένην
1482 2778 1663 2838 αὐτοῖς
1691 2773 1778 2827 διὰ

197 2883 296 2954 τὴν
333 2885 413 2946 είς
443 2882 602 2935 αὐτὸν
632 2880 809 2950 ὓϐριν.

276 2973 388 3027 Τὸν
410 2971 642 3039 καρπὸν
667 2967 866 3023 αὐτῶν
895 2965 1012 3021 ἀπὸ
1053 2963 1168 3034 γῆς
1203 2959 1472 3026 ἀπολεῖς.
1529 2959 1668 3019 Τοὺς
1693 2956 1780 3010 λό-

199 3081 330 3133 γους
357 3065 483 3126 τοὺς
529 3062 796 3132 πονηροὺς
839 3058 933 3112 καὶ
963 3057 1031 3111 τὰ
1065 3055 1442 3125 ἐνθυμήματα.
1504 3050 1689 3104 Ταῦτα
1721 3048 1778 3101 δέ

200 3160 337 3210 εἰσιν
371 3153 653 3207 ἐπιϐουλαὶ
684 3153 739 3206 αἱ
774 3150 902 3221 παρ’
935 3147 1143 3208 αὐτῶν,
1173 3145 1229 3198 αἳ
1252 3144 1345 3198 καὶ
1369 3139 1666 3212 ἀνῄρηνται
1692 3138 1780 3192 διὰ

197 3248 301 3318 τῆς
328 3245 695 3306 ἀναστάσεως.
732 3241 752 3314 [
775 3240 884 3304 Τὰς
907 3236 1254 3298 διδασκαλίας
1288 3233 1378 3287 καὶ
1400 3232 1468 3284 τὰ
1495 3230 1630 3284 ἄθεα
1657 3229 1779 3297 δόγ-

205 3357 372 3411 ματα,
396 3338 431 3392 ﬁ
460 3337 594 3409 μετὰ
620 3336 717 3406 τὴν
743 3332 996 3403 τελευτὴν
1023 3327 1224 3388 αὐτῶν,
1260 3326 1336 3388 ὡς
1364 3322 1624 3411 ἀγαθδςμό
1649 3321 1780 3384 Θεὸς

201 3408 872 3498 ὀιπωλείᾳπαραδίδωσιλ
901 3419 1011 3475 Kal
1055 3417 1120 3471 τὸ
1158 3414 1397 3483 σπέρμα
1435 3408 1634 3466 αὐτῶν
1664 3409 1781 3462 ἀπὸ

200 3520 350 3574 υἱῶν
387 3516 730 3586 ἀνθρώπων.
793 3510 1090 3584 Εὐεργεσία
1126 3508 1272 3562 ἐστὶν
1307 3502 1588 3574 ἁμαρτιῶν
1620 3502 1783 3552 ἐκπε-

204 3615 318 3665 σεῖν
372 3612 466 3662 καὶ
511 3607 728 3661 ἐννοιῶν
762 3603 1034 3674 πονηρῶν.
1107 3599 1335 3668 Σπέρμα
1367 3595 1476 3664 γὰρ
1507 3591 1781 3663 ἁμαρτίας

200 3699 465 3771 λογισμὸς
498 3715 633 3767 πονη
644 3698 753 3767 ρός.

287 3791 416 3843 Ὅτι
450 3787 658 3853 θήσεις
687 3782 907 3848 αὐτοὺς
935 3778 1144 3834 νῶτον.
1209 3777 1267 3830 ’0
1289 3775 1343 3828 δὲ
1373 3773 1662 3845 Σύμμαχος
1693 3771 1783 3825 οὖ-

201 3897 308 3946 τως
326 3881 668 3952 ήρμήνευσεν
684 3894 696 3906 ·
717 3877 845 3929 Ὀτι
869 3871 1079 3939 θήσεις
1097 3869 1318 3934 αὐτοὺς
1339 3866 1778 3933 ἀποστρόφους,

201 3973 480 4026 τουτέστιν
511 3970 684 4022 ὀπίσω
706 3967 801 4020 καὶ
830 3960 1290 4035 παρακολούθημα
1318 3956 1424 4010 τῶν
1452 3953 1639 4006 ἐθνῶν.
1685 3953 1740 4003 Ἐ
1744 3967 1782 4003 ν

203 4064 329 4129 τοῖς
384 4061 751 4130 περιλοίποις
804 4072 920 4110 σου
968 4051 1301 4120 ἐτοιμάσεις
1336 4047 1404 4100 τὸ
1460 4045 1782 4112 πρόσωπον

201 4152 422 4210 αὐτῶν.
485 4149 895 4210 Καταλέλοιπας
943 4145 1161 4206 αὐτοῖς,
1195 4140 1357 4211 φησιν
1382 4178 1397 4203 ,
1446 4133 1778 4205 ἐπιστροφῆς

200 4248 396 4320 καιρὸν
439 4244 576 4316 πρὸς
618 4242 678 4295 τὸ
712 4238 1059 4312 μετανοῆσαι.
1135 4233 1280 4304 Αὕτη
1317 4231 1373 4284 δέ
1403 4233 1519 4283 ὲστι
1551 4227 1689 4299 μετὰ
1719 4227 1780 4280 τὸ

203 4339 479 4410 πλήρωμα
506 4334 614 4386 τῶν
641 4331 810 4386 ἐθνῶν
838 4330 1029 4399 κλῆσις
1056 4326 1148 4380 καὶ
1174 4323 1498 4395 ἐπιστροφή.

277 4429 574 4502 [Ποιήσεις
613 4425 736 4488 τοὺς
774 4421 1177 4490 ἀπιστήσαντας
1223 4415 1524 4476 Ἰουδαίους.
1584 4411 1691 4476 Οὓς
1721 4412 1778 4465 δὲ

1874 1961 1968 2013 Dei
2015 1959 2331 2029 perﬁcitur,
2385 1958 2563 2026 palam
2614 1963 2699 2008 est
2750 1966 2875 2006 eum
2930 1949 3022 2018 qui
3072 1964 3177 2001 non
3220 1953 3438 2008 servat,

1874 2051 2043 2106 Deum
2103 2051 2228 2105 odio
2298 2048 2496 2103 habere
2522 2066 2543 2086 ο·
2608 2046 2702 2116 qui
2768 2043 2967 2097 dicitur
3027 2040 3081 2093 in
3143 2038 3437 2109 perniciem

1874 2145 2002 2218 ire.]

1941 2241 2028 2293 10.
2062 2238 2230 2293 Panes
2254 2254 2341 2291 eos
2372 2246 2428 2290 ut
2455 2235 2717 2290 clibnuum
2743 2232 2880 2302 ignis
2913 2232 2969 2283 in
2991 2239 3217 2297 tempore
3267 2227 3440 2282 vultus

1877 2333 1974 2384 tui.
2010 2333 2087 2387 Ac
2112 2331 2157 2385 si
2191 2333 2397 2385 diceret
2422 2349 2435 2382 :
2473 2329 2614 2398 ignis
2643 2334 2930 2381 consortes
2961 2321 3180 2378 cﬂicies.
3209 2319 3265 2374 ld
3292 2320 3438 2374 enim

1872 2426 1953 2479 illi
1982 2442 2078 2480 ceu
2111 2425 2428 2478 thesaurum
2457 2429 2820 2491 reposuerunt
2850 2419 2904 2471 in
2935 2417 3175 2471 secundo
3205 2416 3440 2468 adventu

1878 2525 1992 2579 tuo,
2047 2514 2265 2584 quando
2327 2512 2520 2567 reddes
2556 2511 2852 2578 unicuique
2899 2510 3055 2578 juxta
3110 2522 3272 2577 Opera
3317 2520 3437 2560 sua.

1876 2610 2136 2665 Dominus
2169 2609 2222 2662 iu
2262 2609 2345 2660 ira
2393 2623 2491 2659 sua
2538 2602 2868 2658 conturbabit
2917 2617 3027 2663 eos,
3074 2610 3123 2653 et
3171 2598 3440 2652 deuorabi:

1875 2716 1960 2753 eos
1990 2699 2148 2767 ignis.
2184 2697 2323 2749 Iram
2359 2703 2516 2748 vocat
2545 2693 2869 2763 supplicium
2906 2707 3015 2760 quo
3046 2700 3194 2756 sunt,
3242 2700 3438 2741 contu—

1878 2791 2050 2845 melia:
2081 2790 2182 2860 ipsi
2218 2789 2413 2842 oblata:
2436 2802 2624 2852 causa,
2661 2783 2955 2838 multandi.

1950 2962 2036 3015 il.
2068 2959 2325 3014 Fructum
2354 2976 2532 3014 eorum
2561 2960 2625 3012 de
2649 2967 2791 3012 terra
2818 2955 3020 3025 perdes.
3050 2953 3188 3009 Mala
3232 2955 3448 3009 scilicet

1879 3056 2040 3108 verba
2066 3064 2120 3108 et
2157 3056 2329 3108 malas
2373 3053 2752 3123 cogitationes.
2799 3047 2892 3104 lia:
2941 3059 3070 3102 sunt
3120 3047 3330 3101 insidia:
3372 3043 3445 3104 ab

1807 3181 1850 3239 C
1882 3144 1987 3196 illis
2017 3151 2222 3211 paratae
2256 3156 2378 3210 quae
2399 3156 2496 3210 per
2521 3139 2976 3196 resurrectionem
3007 3138 3293 3192 tolluntur.
3323 3131 3426 3209 [Do

1882 3236 2086 3288 ctrinas
2113 3249 2167 3287 et
2202 3233 2368 3302 impia
2399 3233 2675 3302 dogmata,
2707 3246 2830 3300 quae
2862 3238 2986 3299 post
3018 3230 3258 3298 ipsorum
3302 3242 3424 3281 mor

1882 3333 1989 3376 tem
2019 3321 2185 3387 Deus,
2218 3331 2404 3390 utpote
2433 3322 2630 3385 honus,
2661 3317 2942 3390 destruit.]
2973 3316 3042 3370 Et
3065 3332 3236 3371 semen
3264 3331 3441 3368 eorum

1881 3434 1915 3470 ιι
1948 3416 2076 3486 ﬁliis
2099 3415 2389 3470 norninant.
2432 3413 2761 3468 Beneﬁcium
2797 3410 3103 3467 habendum
3132 3417 3216 3463 est
3241 3422 3273 3463 a
3322 3421 3441 3477 pec.

1882 3506 2019 3560 catis
2050 3505 2301 3558 excidere
2336 3514 2392 3558 et
2418 3518 2450 3556 a
2481 3504 2664 3572 pravis
2703 3500 3149 3572 cogitationibus.
3196 3495 3331 3550 Nam
3364 3510 3440 3550 se-

1882 3612 2004 3649 men
2035 3595 2240 3664 peccati
2270 3595 2410 3646 mala
2435 3594 2718 3663 cogitatio.

1955 3775 2040 3829 15.
2072 3775 2335 3839 Quoniam
2361 3791 2517 3844 panes
2547 3787 2632 3828 eos
2662 3773 2898 3826 dorsum.
2942 3770 3304 3843 Symmachus
3353 3785 3445 3824 au-

1883 3880 1989 3923 tem
2017 3870 2098 3923 sic
2123 3869 2506 3936 interpretatus
2537 3875 2659 3920 est:
2693 3865 2956 3929 Quoniam
2996 3878 3151 3930 pones
3173 3877 3258 3915 eos
3302 3877 3442 3914 aver-

1880 3977 1986 4023 sos,
2012 3961 2062 4013 id
2087 3969 2170 4012 est
2195 3968 2492 4012 retrorsum
2519 3965 2574 4010 et
2595 3955 2944 4025 appendicem
2974 3954 3231 4021 gentium.
3266 3951 3331 4006 In
3360 3968 3440 4006 τε·

1880 4051 2057 4120 liquiis
2115 4052 2218 4104 tuis
2258 4048 2582 4120 prwparabis
2631 4048 2834 4102 vultum
2880 4062 3078 4100 eorum.
3133 4044 3442 4114 lleliquisti,

1880 4144 1978 4203 ait,
2009 4141 2119 4196 illis
2145 4139 2519 4196 conversionis
2550 4148 2763 4206 tempus
2791 4139 2857 4190 ad
2889 4136 3287 4206 pmnitentiam.
3318 4131 3443 4188 Haec

1879 4244 2062 4289 auth
2095 4242 2179 4287 est
2229 4231 2441 4286 vocatio
2469 4238 2525 4283 et
2569 4229 2856 4282 conversio
2890 4236 3012 4295 post
3051 4225 3438 4297 plenitudinem

1879 4325 2143 4396 gentium.

1951 4413 2308 4486 [lncredulos
2352 4411 2569 4467 Iudaeos
2610 4409 2831 4466 ellicies.
2883 4413 3030 4476 Quos
3074 4416 3254 4463 autem
3298 4405 3443 4460 Deus

203 4524 233 4576 6
263 4520 399 4583 Θεὸς
427 4517 862 4588 ἀποστρέφεται,
897 4514 1098 4578 τίθησι
1130 4507 1320 4563 νῶτον
1350 4504 1424 4576 μὴ
1451 4503 1775 4573 δυναμένους

1880 4506 2184 4570 aversatur,
2219 4521 2312 4560 eos
2339 4506 2484 4572 ponit
2510 4505 2748 4566 dorsum,
2781 4502 2908 4572 quia
2932 4516 3039 4555 non
3070 4508 3297 4570 possunt
3320 4514 3443 4554 esse

202 4610 348 4668 εἶναι
381 4611 668 4682 πρόσωπον
693 4648 708 4672 ,
757 4606 895 4678 πρὸς
925 4604 986 4657 τὸ
1012 4602 1078 4656 τὰ
1125 4598 1343 4655 ὀπίσθια
1389 4594 1780 4658 κατανοοῦντας

203 4706 293 4761 διὰ
315 4702 426 4756 τῶν
461 4699 778 4772 ποιημάτων
823 4697 985 4750 πάλιν
1030 4693 1165 4765 πρὸς
1200 4692 1362 4746 αὑτὸν
1393 4687 1777 4759 ἀναφέρεσθαι.

205 4800 347 4862 Τοὺς
374 4794 486 4867 γὰρ
509 4796 583 4866 μὴ
611 4793 753 4856 οἴους
773 4807 833 4844 τε
859 4790 991 4861 ὀρᾷν
1016 4787 1076 4842 τὺ
1095 4784 1404 4857 πρόσωπον,
1431 4781 1509 4852 τῷ
1537 4781 1611 4852 μὴ
1638 4780 1781 4849 ἔχειν

204 4888 432 4962 καρδίαν
455 4885 722 4956 καθαρὰν.
736 4881 944 4936 τίθεται
966 4879 1244 4934 κατανοεῖν
1263 4876 1330 4929 τὰ
1349 4874 1568 4929 ὀπίσθια
1592 4870 1778 4935 αὑτοῦ,

202 4961 293 5031 τά
315 4976 434 5049 μετ’
468 4974 627 5030 αὑτὸν
679 4974 809 5026 ὄντα
847 4970 1329 5041 δημιουργήματαθ
1369 4965 1456 5018 ἴνα
1483 4964 1580 5034 τὴν
1607 4961 1781 5016 κτίσιν

205 5066 537 5140 θεωροῦντες
570 5065 776 5118 ἔννοιαν
804 5060 966 5118 αὑτοῦ
993 5059 1195 5114 λάϐωσι
1215 5099 1228 5120 ,
1263 5058 1355 5112 καὶ
1389 5055 1779 5128 προσϐαλόντες

205 5162 280 5233 τῷ
302 5159 425 5230 Θεῷ
453 5157 651 5221 αὐτῶν,
681 5156 742 5209 τὸ
773 5154 866 5208 τοῦ
891 5153 1025 5209 Θεοῦ
1050 5153 1338 5223 πρόσωπον
1372 5149 1540 5203 ἴδωσι.
1619 5147 1781 5216 Περί-

205 5254 370 5308 λοιπα
395 5251 452 5306 δὲ
481 5251 576 5305 τοῦ
604 5249 740 5304 Θεοῦ
771 5247 840 5302 τὰ
882 5247 1138 5318 ἀνωτέρω
1176 5244 1285 5298 τῶν
1312 5243 1624 5313 κτισμάτων
1671 5237 1778 5292 τῶν

205 5341 504 5413 αἰσθητῶν.

284 5536 603 5606 ’Υψώθητῃ
637 5536 836 5603 Κύριε,
872 5533 942 5587 ἐν
971 5530 1044 5600 τῇ
1069 5530 1317 5599 δυνάμει
1346 5542 1486 5582 σου.
1548 5527 1776 5596 Ὅμοιον

202 5628 281 5699 τῷ
299 5644 314 5659 ·
356 5624 608 5682 Έλθέτω
636 5628 674 5688 ἡ
701 5622 991 5691 ,ϐασιλεία
1013 5635 1152 5674 σου.
1184 5619 1294 5689 Τὴν
1316 5617 1570 5688 δευτέραν
1593 5616 1649 5668 δὲ
1679 5631 1774 5670 σα-

274 5805 318 5837 ⁸⁸
341 5801 496 5858 Joau.
553 5815 664 5868 xiv,
690 5799 744 5853 9.
821 5799 866 5829 "
889 5795 1075 5852 Matth.
1102 5809 1175 5861 vt,
1217 5792 1304 5849 10.

1881 4600 2083 4666 vultus,
2115 4610 2172 4654 ut
2219 4598 2524 4669 posteriora
2558 4594 2728 4666 (Dei)
2759 4594 3168 4648 considerantes
3197 4607 3292 4660 per
3323 4589 3440 4658 ejus

1880 4695 2095 4764 epillcia
2131 4693 2199 4748 ad
2249 4694 2429 4762 ipsum
2477 4691 2827 4745 reducantur.
2867 4686 3145 4756 Siquidem
3185 4683 3439 4748 inﬁrmis,

1879 4788 1970 4856 qui
2000 4787 2146 4857 quod
2193 4800 2287 4840 cor
2331 4798 2528 4854 purum
2585 4796 2693 4835 non
2740 4780 3008 4837 habeant.
3059 4791 3166 4831 non
3211 4783 3444 4845 possunt

1879 4881 2086 4935 vultum
2118 4878 2238 4947 ejus
2296 4877 2513 4938 videre,
2559 4873 2856 4942 posteriora
2906 4884 3004 4924 sua
3047 4867 3440 4923 consideranda

1879 4972 2053 5036 offert,
2097 4970 2300 5026 scilicet
2338 4967 2552 5038 opiﬁcia
2582 4982 2703 5035 qua:
2739 4972 2856 5034 post
2910 4963 3089 5032 ipsum
3127 4971 3296 5024 sunt;
3356 4969 3436 5024 ut,

1878 5064 2182 5132 conspectis
2244 5061 2407 5116 rebus
2453 5059 2695 5118 creatis.
2745 5058 2799 5110 in
2853 5055 3219 5124 cognitionem
3294 5051 3439 5104 illius

1877 5159 2183 5218 deveniam,
2220 5164 2276 5210 et
2305 5153 2416 5206 Deo
2455 5168 2557 5208 suo
2604 5166 2722 5204 sese
2765 5149 3117 5218 applicantes,
3162 5143 3282 5211 ejus
3329 5143 3440 5195 vul-

1877 5264 1992 5309 tum
2063 5253 2302 5306 videant.
2374 5246 2634 5315 Reliquiae
2695 5253 2876 5298 autem
2950 5240 3038 5293 Dei
3106 5247 3234 5292 sunt
3304 5235 3436 5300 illa,

1877 5360 1998 5416 quae
2049 5345 2212 5398 rebus
2255 5340 2491 5396 conditis
2521 5351 2741 5392 sensum
2772 5332 3114 5388 moventibus
3155 5329 3437 5397 superiora

1877 5447 2023 5494 sunt.

1948 5528 2034 5581 Η.
2071 5527 2347 5587 Exaltare,
2383 5523 2624 5587 Domine,
2653 5521 2706 5573 in
2736 5519 2926 5573 virtuts
2958 5525 3069 5569 tua.
3107 5510 3296 5567 Simile
3322 5511 3433 5564 illi:

1875 5619 2127 5674 Adveniat
2181 5631 2395 5687 regnum
2453 5625 2621 5669 tuum.
2683 5611 2840 5668 llisee
2900 5617 3080 5664 autem
3131 5604 3433 5662 secundum
