4032 6454
541 418 635 473 151
1348 412 1404 467 S.
1450 408 1824 464 ATHANASH
1866 407 2016 461 OPP.
2060 404 2237 458 PARS
2276 403 2363 457 Ill.
2404 432 2471 442 —
2512 402 2922 458 EXEGETICA.
3683 400 3784 455 132

544 540 662 608 ejus
710 534 994 589 adventum
1048 542 1199 602 rogat
1260 531 1591 585 accelerari:
1660 529 2004 583 Cantabimus
2058 537 2106 576 ct

2226 523 2322 591 ρῶς
2354 526 2650 594 παρουσίαν
2684 522 2896 592 εὔχεται
2945 522 3031 575 διὰ
3064 524 3220 576 τοῦτο
3268 521 3523 591 γενέσθαι
3545 537 3557 551 θ
3601 522 3779 575 Ἀσοι

544 630 829 699 psallemus
859 629 1076 680 virtutes
1105 634 1240 677 tuas.
1269 622 1421 676 Tunc
1450 622 1594 674 enim
1621 636 1809 673 omnes
1836 621 2108 687 justorunt

2226 632 2318 667 ἰεν
2351 616 2447 669 καὶ
2476 616 2790 684 ψαλοῦμει·
2813 613 2919 679 τὰς
2947 614 3305 680 δυναστείας
3336 628 3473 667 σου.
3508 613 3639 666 Τότε
3674 615 3785 687 γὰρ

547 720 761 781 animm,
799 719 852 770 in
885 717 1133 785 supernis
1180 714 1559 767 mansionibus
1591 712 1899 764 constitutae
1947 709 2107 777 spiri-

547 812 745 864 tualem
772 808 975 862 cultum
1008 804 1254 876 obcuut.]

740 898 789 952 1.
832 896 897 951 1η
929 898 1105 965 ﬁnem,
1138 912 1234 962 pro
1276 894 1599 962 susceptione
1630 893 1932 949 matutina,

965 983 1307 1041 PSALMUS
1337 983 1526 1036 David.
1561 980 1720 1035 XXI.

1130 1079 1167 1129 Α
1179 1088 1502 1146 rgumentum
1514 1117 1526 1129 .

549 1169 775 1225 Canitur
805 1170 897 1223 hic
934 1168 1181 1238 psalmus
1213 1182 1311 1236 pro
1357 1165 1699 1233 susceptione
1746 1164 2030 1225 matutina,
2061 1163 2109 1214 id

612 1271 715 1327 est,
756 1262 882 1330 quia
908 1268 1065 1314 nocte
1093 1268 1145 1312 et
1175 1259 1405 1325 caligine
1429 1258 1696 1311 diabolica
1732 1271 1833 1309 nos
1865 1254 2115 1309 liberavit

613 1353 857 1408 emicans
887 1353 1226 1420 unigenitum
1263 1351 1354 1403 Dei
1390 1350 1647 1411 Verbum,
1681 1349 1862 1402 oriens
1886 1363 1951 1401 ex
1983 1348 2111 1412 alto,

619 1453 680 1499 ut
711 1444 971 1511 scriptum
1004 1452 1086 1497 est
1110 1443 1175 1496 ³ο.
1211 1442 1313 1494 Aut
1352 1442 1756 1510 susceptionem
1793 1441 2112 1493 matutinam

616 1535 852 1605 appellat
898 1534 1323 1588 resurrectionis
1382 1532 1683 1585 Salvatoris
1731 1542 1962 1600 tempus.
2018 1529 2115 1584 Re-

614 1627 851 1682 surrcxit
884 1627 1027 1679 enim
1070 1626 1246 1693 primo
1294 1625 1553 1685 diluculo,
1588 1632 1642 1676 et
1683 1623 1826 1675 viam
1862 1622 2113 1675 humanm

621 1729 830 1775 naturae
869 1719 1099 1771 munivit
1144 1719 1210 1771 ad
1247 1717 1736 1784 incorruptionem.
1786 1714 1945 1767 Canit
1984 1729 2113 1767 vero

623 1811 893 1881 psalmum
930 1809 1185 1863 Christus
1235 1824 1300 1862 ex
1356 1822 1588 1876 persona
1646 1806 2019 1860 humanitatis.
2050 1808 2113 1858 Α-

611 1912 760 1971 perte
789 1911 968 1955 autem
1003 1916 1063 1953 ca
1096 1908 1285 1953 narrat
1312 1915 1433 1968 qua:
1469 1898 1650 1954 crucis
1691 1906 1930 1966 tempore
1968 1912 1995 1950 a
2028 1894 2117 1949 Ju-

623 1995 756 2050 datis
784 1994 933 2048 illata
966 1992 1068 2061 ipsi
1101 2000 1248 2046 sunt.

619 2191 676 2246 2.
709 2190 870 2254 Deus,
896 2189 1035 2243 Deus
1065 2206 1230 2252 mens,
1270 2189 1465 2256 respice
1502 2187 1556 2239 in
1582 2204 1700 2239 me:
1732 2203 1893 2254 quare
1924 2201 1999 2237 me
2029 2185 2120 2236 de-

552 2282 812 2353 reliquisti
844 2284 869 2336 7
900 2282 1145 2335 Postulat
1176 2282 1568 2348 inspectionem
1608 2278 1809 2339 Patris,
1847 2288 2030 2329 nostra
2063 2275 2116 2327 iu

552 2390 673 2431 sese
711 2373 1069 2436 transferens,
1119 2383 1177 2424 ut
1225 2374 1515 2441 abrogaret
1562 2370 1687 2441 [nos
1728 2369 1830 2437 ipsi
1875 2362 2116 2418 derelicti

551 2468 729 2538 prius,
773 2480 919 2519 nunc
946 2472 1124 2517 autem
1172 2463 1439 2533 assumpti
1470 2478 1534 2516 ac
1582 2460 1757 2515 salute
1801 2457 1986 2511 donati
2035 2471 2123 2511 su-

553 2574 698 2613 mus.
735 2555 861 2611 Han:
890 2556 1019 2610 dicit
1043 2565 1100 2609 ut
1132 2556 1439 2623 abrogaret,
1480 2551 1633 2620 οἱα]
1661 2550 2116 2610 maledictionem,

553 2658 610 2705 et
648 2650 714 2704 ad
748 2664 847 2703 nos
882 2648 1090 2703 vultum
1136 2645 1316 2699 Patris
1367 2644 1680 2697 adduceret.
1729 2640 1840 2695 Nos
1873 2641 2016 2695 enim
2048 2639 2121 2693 ob

551 2744 684 2798 Adae
708 2740 1207 2813 praevaricationem
1259 2738 1312 2790 in
1347 2737 1685 2790 aversioncm
1738 2744 1791 2789 et
1820 2732 2121 2787 derelictio-

556 2852 679 2890 nem
709 2835 835 2889 facti
864 2849 1073 2887 sumus.
1107 2831 1281 2901 Longe
1310 2846 1342 2882 a
1377 2829 1549 2883 salute
1581 2845 1696 2881 mea
1720 2828 1872 2880 verba
1898 2825 2121 2878 delicto-

554 2942 674 2980 rum
708 2940 959 2978 meorum.
995 2921 1146 2986 Mihi,
1176 2935 1385 2989 quzeso,
1413 2918 1782 2973 animadverte
1806 2911 2120 2966 humanita-

555 3018 627 3071 tis
666 3016 722 3071 in
774 3016 994 3070 Christo
1040 3026 1356 3081 personam,
1418 3007 1779 3078 postulantem
1829 3003 2045 3057 liberari
2091 3017 2119 3054 a

557 3107 801 3177 lapsibus
839 3119 933 3159 seu
961 3118 990 3156 a
1018 3101 1251 3163 delictis,
1273 3109 1327 3154 et
1357 3116 1385 3153 a
1410 3099 1755 3154 sermonibus
1786 3112 1845 3150 ea
1882 3105 2124 3164 spectan-

2209 710 2357 762 πᾶσα
2386 709 2606 761 δικαίων
2634 708 2810 778 ψυχὴ,
2848 710 2903 759 ἐν
2953 710 3070 770 ταῖς
3115 707 3227 759 ἄνω
3260 705 3530 776 γενομένη
3572 709 3783 775 μοναῑς,

2208 799 2304 859 τὰς
2336 798 2701 867 πνευματικὰς
2744 798 3053 868 ἀναπέμπει
3083 796 3350 867 λατρείας.
3379 794 3400 866 ]

2204 889 2306 952 Εἰς
2337 889 2402 942 τὸ
2436 890 2629 954 τέλος,
2664 889 2815 957 ὑπὲρ
2842 888 2958 957 τῆς
2974 888 3351 956 ἀντιλήψεως
3378 886 3486 956 τῆς
3509 884 3781 955 ἑωθινῆς,

2590 983 2886 1035 ΨΑΛΜΟΣ
2918 980 2997 1045 τῷ
3029 980 3227 1035 Δαυΐδ.
3275 983 3404 1035 KA’.

2845 1072 3169 1138 ’Υπόθεσις.

2214 1162 2430 1233 ’ᾼδεται
2469 1164 2496 1214 ὁ
2536 1165 2890 1234 προκείμενος
2916 1163 3129 1234 ψαλμὸς
3162 1165 3299 1237 ὑπὲρ
3325 1164 3423 1236 τῆς
3451 1165 3786 1237 ἀντιλήψεως

2280 1256 2380 1324 τῆς
2408 1255 2651 1325 ἑωθινῆς.
2687 1257 2972 1308 Τουτέστιν
2995 1258 3075 1309 ὅτι
3106 1257 3299 1320 νυκτὸς
3323 1259 3416 1310 καὶ
3442 1258 3639 1328 ἀχλύος
3676 1259 3789 1312 διαο

2282 1344 2501 1415 ϐολικῆς
2528 1346 2897 1418 ἠλευθέρωσεν
2940 1350 3086 1418 ἡμᾶς
3107 1388 3121 1410 ,
3155 1348 3467 1418 ἐπιλάμψας
3493 1351 3522 1401 6
3556 1368 3784 1421 μονογε-

2280 1438 2376 1508 νὴς
2410 1438 2502 1491 τοῦ
2530 1438 2664 1491 Θεοῦ
2700 1440 2868 1507 Λόγος
2896 1440 3124 1510 ἀνατολὴ
3166 1441 3225 1505 ἐξ
3257 1440 3423 1510 ὖψους
3446 1443 3585 1497 κατὰ
3609 1444 3669 1496 τὸ
3696 1461 3790 1513 γε-

2285 1530 2618 1600 γραμμένον.
2653 1531 2721 1583 Ἦ
2744 1532 2837 1583 καὶ
2865 1530 3145 1601 ἀντίληψιν
3167 1532 3395 1602 ἑωθινὴν
3420 1535 3509 1587 τὸν
3532 1534 3632 1603 τῆς
3649 1536 3789 1590 ἁνα-

2283 1621 2521 1682 στάσεως
2552 1619 2646 1673 τοῦ
2670 1622 2917 1691 Σωτῆρος
2941 1622 3191 1689 ὀνομάζει
3215 1625 3421 1694 καιρόν.
3461 1625 3788 1698 Ἐγήγερτσι

2287 1708 2394 1781 γὰρ
2432 1709 2628 1782 ὄρθρου
2664 1710 2884 1780 βαθέος,
2908 1712 3226 1785 ὁδοποιήσας
3254 1717 3317 1784 τῇ
3355 1713 3656 1786 ἀνθρώπων
3687 1717 3790 1785 φύ-

2286 1823 2369 1858 σει
2396 1806 2493 1877 τὴν
2520 1808 2600 1871 εἰς
2628 1806 2935 1877 ἀφθαρσίαν
2969 1808 3105 1863 ὁδόν.
3162 1809 3311 1879 ’ᾼδει
3354 1811 3411 1864 δὲ
3453 1812 3543 1866 τὸν
3573 1814 3790 1884 ψαλμὸν

2286 1901 2315 1952 6
2342 1900 2573 1969 Χριστὸς
2596 1899 2659 1952 ἐκ
2678 1899 2968 1968 προσώπου
2996 1902 3096 1969 τῆς
3121 1903 3558 1976 ἀνθρωπότητος.
3590 1908 3793 1977 Σαφῶς

2286 1990 2343 2043 δὲ
2376 1990 2565 2043 καὶτὰ
2610 1990 2971 2061 συμϐαίνοντα
2998 1992 3145 2063 αὐτῷ
3182 1997 3333 2066 παρὰ
3369 1998 3477 2051 τῶν
3519 2000 3791 2054 Ἰουδαίων

2288 2083 2345 2133 ἐν
2377 2080 2454 2151 τῷ
2486 2082 2659 2151 καιρῷ
2696 2082 2788 2134 τοῦ
2820 2082 3051 2151 σταυροῦ
3078 2083 3348 2156 ἐξηγεῖται
3377 2090 3507 2160 ἡμῖν

2302 2174 2362 2225 'U
2381 2176 2523 2239 Θεὸς
2556 2178 2586 2227 o’
2605 2177 2748 2241 Θεός
2772 2193 2913 2243 μου,
2934 2179 3195 2244 πρόσχες
3209 2195 3310 2246 μοι
3329 2194 3344 2211 °
3360 2180 3461 2233 ἵνα
3484 2181 3542 2234 τί
3553 2180 3792 2250 ἐγκατέ-

2218 2266 2390 2332 λιπές
2414 2284 2491 2335 με
2511 2284 2529 2330 ;
2567 2267 2718 2321 Δίτεῖ
2748 2268 2843 2339 τὴν
2894 2270 3189 2322 ἐποπτείαν
3220 2271 3318 2341 τὴν
3352 2273 3501 2343 παρὰ
3544 2275 3638 2327 τοῦ
3673 2277 3792 2328 Πα-

2218 2360 2377 2430 τρὸς,
2421 2358 2486 2411 τὰ
2536 2360 2692 2429 ήμῶν
2724 2362 2803 2424 εἰς
2835 2362 3024 2414 ἑαυτὸν
3060 2362 3368 2431 μετατιθεὶς
3401 2364 3488 2417 ἴνα
3542 2365 3790 2436 [Ambr..

2220 2454 2377 2521 ἡμεῖς
2408 2453 2514 2523 γὰρ
2542 2449 2682 2521 ἦμεν
2713 2455 2759 2505 οἱ
2788 2453 3342 2524 ἐγκαταλελειμμένα
3374 2456 3665 2527 πρότερον,
3695 2460 3793 2511 νῦν

2218 2543 2273 2595 δὲ
2294 2543 2751 2613 προσειλημμένοι
2782 2544 2875 2597 καὶ
2927 2546 3279 2615 σεσωσμένοι.
3304 2546 3487 2599 Ταῦτα
3512 2548 3658 2615 λέγει
3680 2550 3793 2611 ἵνα,

2222 2635 2313 2688 καὶ
2338 2634 2407 2687 τα
2442 2634 2595 2706 ἑξῆς]
2613 2635 2795 2707 παύσῃ
2814 2636 2911 2706 τὴν
2925 2637 3083 2707 ἀρὰν,
3108 2638 3200 2690 καὶ
3231 2637 3314 2705 ἐφ’
3340 2640 3485 2708 ἡμᾶς
3510 2641 3793 2713 μεταγάγῃ

2220 2728 2279 2780 τὸ
2303 2728 2590 2799 πρόσωπον
2621 2727 2714 2779 τοῦ
2741 2728 2972 2799 Πατρός.
3003 2729 3191 2798 Ἡμεῖς
3219 2729 3326 2798 γάρ
3368 2731 3535 2799 ἐσμεν
3564 2734 3612 2784 οἱ
3640 2749 3799 2800 γεγο-

2220 2821 2369 2882 νότες
2414 2820 2733 2892 ἀποστροφὴ
2766 2820 2859 2872 καὶ
2891 2819 3270 2887 ὲγκατάλιιῲις
3288 2820 3376 2873 διὰ
3408 2822 3503 2889 τὴν
3526 2824 3583 2873 ἐν
3626 2824 3798 2895 Ἀδὰμ

2221 2911 2549 2981 παράϐασιν.
2625 2913 2873 2981 Μακρὰν
2907 2912 3024 2967 ἀπὸ
3058 2909 3162 2977 τῆς
3212 2915 3507 2979 σωτηρίας
3539 2917 3594 2967 ol
3628 2917 3797 2984 λόγοι

2219 2999 2339 3051 τῶν
2363 3003 2844 3068 παραπτωμάτων
2871 3019 3009 3071 μου.
3066 3001 3263 3054 Σκόπει
3296 3019 3384 3071 μοι
3426 3003 3588 3057 πάλιν
3618 3006 3680 3057 τὸ
3700 3007 3800 3075 τῆς

2220 3090 2634 3160 ἀνθρωπότητος
2653 3092 2942 3162 πρόσωπον
2957 3095 3012 3145 έν
3026 3094 3070 3145 Χ
3081 3092 3245 3162 ριστῷ
3263 3094 3613 3164 παρακαλοῦν
3635 3098 3803 3149 ἀπαλ-

561 3199 726 3252 tibus.
759 3196 945 3251 Palam
974 3202 1057 3249 est
1102 3202 1280 3248 autem
1322 3193 1431 3264 peti
1473 3192 1739 3262 justitiam
1780 3190 1977 3259 cuique
2030 3189 2121 3242 ho-

2226 3182 2510 3236 λάττεσθαι
2536 3182 2643 3234 τῶν
2670 3186 3025 3254 πταισμάτων
3054 3186 3171 3254 ἦτοι
3199 3186 3306 3237 τῶν
3340 3192 3802 3259 παραπτωμάτων

559 3290 696 3349 mini
722 3295 1133 3358 congruentem.

636 3471 822 3545 [Deam
856 3469 994 3523 Deus
1020 3483 1186 3521 meus.
1218 3464 1343 3520 Haec
1371 3461 1621 3516 Salvator
1649 3458 1892 3527 loquitur
1919 3471 1984 3510 ex
2012 3470 2127 3523 per-

563 3579 696 3617 sona
725 3559 1101 3624 humanitatis,
1134 3555 1292 3627 quasi
1329 3554 1497 3618 dicat,
1526 3552 1601 3605 mi
1653 3550 1817 3615 Deus,
1850 3549 1923 3602 mi
1964 3546 2125 3613 Deus,

564 3655 616 3706 in
644 3652 891 3707 vocativo
921 3651 1149 3708 scilicet.
1174 3648 1196 3722 ]

634 3745 687 3798 5.
717 3743 853 3797 Deus
891 3757 1058 3803 meas,
1087 3739 1330 3793 clamabo
1352 3755 1443 3807 per
1467 3737 1629 3797 diem,
1653 3746 1700 3788 et
1728 3750 1831 3786 non
1857 3732 2127 3791 exandies,

563 3846 613 3891 ut
645 3846 812 3899 nocte,
848 3845 898 3889 et
936 3851 1039 3886 non
1073 3831 1142 3884 ad
1188 3829 1548 3897 insipientiam
1586 3826 1736 3878 mihi.
1788 3824 1925 3878 Cum
1972 3824 2133 3875 inter-

564 3929 859 4000 punctione
897 3924 1226 3995 legendum:
1276 3919 1550 3991 signiﬁcat
1590 3926 1770 3971 autem
1822 3916 1978 3969 nobis
2022 3929 2128 3967 non

566 4020 816 4074 inutilem
850 4032 971 4073 esse
997 4014 1260 4071 orationis
1288 4012 1547 4066 fructum.
1584 4012 1674 4064 Ait
1703 4008 1844 4063 enim
1873 4025 1885 4060 :
1914 4006 2035 4060 Non
2064 4006 2131 4058 ad

567 4109 928 4180 insipientiam
958 4108 1107 4159 milii.
1145 4106 1201 4159 ld
1232 4112 1334 4167 est,
1377 4104 1663 4171 perspicue
1704 4101 1853 4164 novi,
1893 4098 2129 4152 futurum

566 4217 690 4258 esse
719 4208 777 4255 ut
810 4199 1037 4254 clamem
1077 4211 1199 4261 ego,
1233 4195 1347 4262 ipse
1390 4192 1667 4246 exaudiat.
1719 4189 1856 4255 Quia
1906 4204 2030 4241 cum
2080 4188 2132 4239 in

568 4294 774 4349 sanctis
803 4290 1016 4345 habites
1048 4288 1141 4358 qui
1188 4294 1425 4340 mentem
1457 4285 1508 4337 in
1545 4292 1599 4337 te
1638 4284 1871 4352 positam
1904 4280 2131 4344 habent,

566 4386 690 4456 lpus
716 4393 770 4439 et
801 4382 973 4453 gloria
1003 4380 1135 4449 ipsis
1159 4394 1239 4433 es.

640 4478 697 4532 4.
729 4474 807 4528 Ίιι
838 4482 1013 4527 autem
1060 4473 1115 4523 in
1156 4478 1339 4523 sancto
1390 4468 1622 4529 habitas,
1656 4466 1774 4519 laus
1808 4463 2001 4519 Israel.
2057 4460 2134 4534 (7)

571 4568 675 4636 Qui
705 4566 946 4621 laudaris
973 4565 1041 4618 ab
1069 4562 1265 4618 Israele
1292 4570 1386 4614 aut
1416 4560 1532 4629 ipse
1556 4559 1675 4612 laus
1698 4572 1779 4612 es.

642 4743 696 4796 5.
731 4742 799 4795 In
829 4750 878 4794 te
906 4744 1245 4806 speraverant
1274 4745 1453 4803 patres
1498 4731 1688 4793 nostri,
1720 4737 2060 4799 speravernnt
2091 4736 2140 4780 et

574 4834 811 4891 tiberasti
842 4849 948 4886 eos.
987 4830 1178 4883 Patres
1211 4842 1344 4882 suos
1383 4826 1685 4881 secundum
1724 4837 1943 4878 carnem
1983 4821 2137 4884 dicit,

572 4924 914 4999 patriarchas
961 4921 1169 4975 scilicet
1214 4926 1270 4969 et
1306 4916 1623 4987 prophetas.
1674 4911 1907 4965 Exhibet
1956 4920 2137 4963 autem

576 5016 689 5085 spei
720 5014 955 5069 lucrum.

642 5100 736 5175 [In
772 5111 820 5154 te
845 5105 1184 5169 speraverant
1214 5104 1389 5166 patres
1421 5094 1613 5147 nostri.
1654 5091 1796 5157 Quin
1828 5092 2013 5155 etiam,
2044 5092 2140 5159 qui

2225 3276 2319 3327 καὶ
2348 3275 2455 3326 τῶν
2489 3276 2575 3326 ἐπ’
2604 3275 2785 3338 αὐτοῖς
2813 3275 3003 3345 λόγων.
3041 3276 3207 3347 Δῆλον
3240 3276 3316 3341 δὲ,
3346 3279 3425 3330 ὅτι
3454 3279 3553 3348 τῆς
3588 3281 3805 3352 ἑκάστῳ

2227 3365 2541 3436 πρεπούσης
2569 3366 2933 3436 δικαιοσύνης.

2300 3455 2397 3527 ['0
2424 3457 2601 3521 Θεὸς,
2632 3460 2664 3509 ό
2698 3460 2841 3521 Θεός
2867 3475 3005 3526 μου.
3040 3458 3223 3512 Ταῦτα
3254 3460 3399 3527 λέγει
3441 3462 3468 3513 6
3510 3461 3703 3533 Σωτὴρ
3742 3464 3808 3516 ὲκ

2228 3546 2517 3616 προσώπου
2577 3548 2675 3617 τῆς
2726 3540 3140 3620 ἀνορωπὸτητος
3196 3550 3317 3602 ἀντὶ
3359 3550 3488 3603 τοῦ·
3525 3552 3626 3605 Θεέ
3680 3571 3806 3624 μου,

2227 3639 2329 3691 Θεέ
2371 3658 2492 3711 μου.
2513 3638 2533 3712 ]

2313 3732 2373 3784 '0
2406 3734 2549 3799 Θεός
2564 3750 2705 3802 μου,
2731 3732 3087 3801 κεκράξομαι
3112 3734 3355 3803 ἡμέρας,
3382 3736 3476 3788 καὶ
3508 3738 3619 3789 οὐκ
3648 3739 3812 3791 εἰσα-

2232 3824 2447 3890 κούσῃ,
2473 3825 2569 3876 καὶ
2593 3824 2832 3889 νυκτὸς,
2865 3827 2963 3877 καὶ
2989 3828 3099 3879 οὐκ
3126 3829 3212 3891 εἰς
3241 3826 3452 3880 ἄνοιαν
3479 3829 3629 3897 ἐμοί.
3668 3831 3809 3883 Καθ’

2233 3915 2573 3985 ὑποστιγμὴν
2609 3915 2998 3982 ἀναγνωστέον.
3034 3917 3295 3986 Σημαίνει
3324 3918 3380 3970 δὲ
3414 3919 3565 3988 ἡμῖν,
3600 3921 3683 3972 ὅτι
3708 3922 3811 3974 οὐκ

2233 4005 2486 4072 ἀνόνητος
2506 4006 2601 4074 τῆς
2627 4005 2935 4076 προσευχῆς
2954 4009 2981 4058 ὁ
3002 4007 3231 4077 καρπός.
3262 4009 3398 4078 Φησὶ
3420 4010 3527 4080 γάρ
3545 4024 3557 4037 ·
3580 4012 3701 4063 Οὐκ
3724 4014 3813 4077 εἰς

2234 4096 2445 4151 ἄνοιαν
2475 4098 2620 4167 ἐμοί.
2651 4099 2959 4164 Τουτέστιν,
2990 4094 3103 4151 οἶδα
3135 4099 3344 4167 σαφῶς,
3378 4100 3453 4163 ώς
3475 4102 3814 4172 κεκράξομαι

2239 4187 2335 4255 μὲν
2369 4186 2498 4253 ἐγὼ,
2527 4186 2831 4238 εἰσακούσει
2859 4186 2915 4237 δὲ
2945 4186 3124 4248 αὐτός.
3160 4188 3281 4239 Ὅτι
3313 4203 3374 4253 γε
3405 4186 3520 4249 καὶ,
3543 4187 3817 4240 κατοικῶν

2236 4278 2293 4329 ὲν
2331 4278 2504 4344 ἁγίοις
2537 4281 2646 4338 τοῖς
2679 4278 2758 4338 εἰς
2794 4277 2851 4329 σὲ
2884 4277 2973 4329 τὸν
3003 4276 3129 4329 νοῦν
3163 4276 3376 4345 ἔχουσιν
3399 4316 3413 4340 ,
3459 4277 3684 4339 ἔπαινος
3718 4280 3819 4332 καὶ

2236 4365 2360 4430 δόξα
2391 4366 2567 4418 αὐτῶν
2598 4366 2779 4437 γίγνῃ.

2308 4457 2391 4511 Σὺ
2411 4456 2478 4508 δὲ
2496 4457 2566 4509 ἐν
2587 4456 2731 4525 ἁγίῳ
2750 4454 3065 4521 κατοικεῖς,
3093 4457 3126 4508 ό
3147 4456 3392 4521 ἔπαινος
3416 4455 3521 4509 τοῦ
3553 4454 3815 4523 Ἰσραήλ.

2166 4547 2211 4601 D
2251 4546 2307 4599 Ὀ
2345 4545 2730 4617 ἐπαινούμενος
2760 4546 2863 4599 ὑπὸ
2892 4546 2985 4598 τοῦ
3028 4546 3244 4617 Ἰσραήλ
3266 4562 3277 4574 ⁸
3323 4546 3355 4616 ἢ
3400 4548 3429 4599 ό
3461 4545 3622 4607 αὐτὸς
3653 4545 3816 4597 Errat-

2242 4655 2329 4702 νος
2359 4637 2451 4689 ῶν.

2327 4730 2449 4782 Ἐπὶ
2484 4730 2582 4783 σοὶ
2634 4729 2903 4797 ἤλπισαν
2953 4732 3004 4781 οἱ
3039 4727 3287 4793 πατέρες
3318 4726 3510 4795 ἡμῶν,
3546 4726 3822 4793 ἤλπισαν

2244 4822 2339 4872 καὶ
2368 4822 2600 4891 lippum
2632 4823 2871 4885 αὐτούς.
2934 4820 3181 4890 Πατέρας
3225 4818 3417 4872 ἑαυτοῦ
3468 4818 3605 4871 κατὰ
3638 4817 3819 4889 σάρκα

2242 4914 2367 4975 τοὺς
2396 4914 2739 4984 πατριάρχας
2764 4914 2858 4967 καὶ
2896 4912 3021 4975 τοὺς
3057 4912 3338 4983 προφήτας
3364 4910 3515 4982 φησί.
3568 4910 3821 4964 Δείκνυσι

2240 5006 2297 5057 δὲ
2321 5006 2414 5057 καὶ
2442 5007 2539 5075 τῆς
2570 5004 2781 5067 ἐλπίδος
2818 5004 2877 5057 τὸ
2913 5005 3119 5075 κέρδος.

2309 5094 2327 5166 [
2362 5096 2485 5147 Ἐπὶ
2514 5096 2613 5149 σοὶ
2640 5095 2915 5162 ἤλπισαν
2950 5098 3003 5148 οἱ
3032 5094 3282 5161 πατέρες
3312 5093 3498 5162 ήμῶν.
3543 5092 3704 5147 Ἀλλὰ
3727 5097 3823 5149 καὶ

576 5200 703 5246 ante
738 5206 824 5244 me
857 5188 1155 5243 secundum
1203 5198 1423 5238 carnem
1467 5184 1707 5241 fuerunt,
1758 5178 1969 5233 scilicet
2024 5194 2128 5246 pro

2237 5191 2284 5241 οἰ
2308 5187 2448 5240 κατὰ
2480 5186 2657 5257 σάρκα
2689 5187 2794 5257 πρὸ
2821 5181 2953 5256 ἐμοῦ
2975 5229 2987 5250 ,
3016 5185 3295 5238 τουτέστιν
3321 5188 3368 5237 οἱ
3399 5184 3694 5253 προφῆται,
3726 5185 3821 5237 ἐπὶ

576 5282 773 5351 pheta.
797 5277 851 5331 in
875 5287 926 5331 te
943 5272 1287 5330 confidebant
1312 5285 1484 5325 meam
1516 5274 1893 5337 exspectantes
1911 5266 2147 5317 illustra-

578 5373 805 5433 tionem,
841 5382 1016 5436 neque
1039 5381 1134 5434 spe
1156 5362 1292 5429 lapsi
1337 5371 1486 5424 sunt,
1532 5360 1891 5426 similiterque
1925 5356 2147 5416 patriar-

580 5458 743 5530 cna]

652 5548 707 5603 7.
750 5548 859 5619 Ego
898 5558 1073 5603 autem
1105 5566 1219 5602 sum
1271 5548 1458 5600 vermis
1496 5555 1544 5599 et
1594 5560 1697 5597 non
1748 5543 1920 5596 homo.
1980 5542 2141 5595 Docet

650 5705 697 5741 ”
718 5706 850 5764 Luc.
893 5726 932 5776 ι,
963 5709 1051 5764 78.

650 5802 729 5873 ('1)
782 5800 906 5856 Haec
956 5816 985 5855 a
1042 5794 1259 5854 Daniele
1304 5798 1543 5852 Barbare
1599 5795 1910 5850 tribuuntur
1952 5795 2192 5867 (n‘igeni.

2242 5282 2324 5333 σοὶ
2358 5279 2731 5349 προσεδόκων,
2777 5280 2875 5351 τὴν
2924 5279 3061 5349 ἐμὴν
3106 5278 3405 5348 έπίλαμψιν
3438 5279 3819 5347 ἀναμένοντες.

2241 5372 2335 5423 καὶ
2377 5369 2476 5439 τῆς
2507 5370 2717 5433 ἐλπίδος
2754 5370 2815 5421 οὐ
2850 5368 3274 5439 διεψεύσθησαψ
3339 5368 3601 5429 ὡσαύτως
3636 5366 3732 5418 καὶ
3771 5368 3823 5419 οἱ

2250 5461 2598 5514 πατοιάογαι.

2334 5480 2355 5513 τ
2398 5461 2452 5513 ιά
2524 5478 2598 5514 αι.

2334 5478 2577 5621 χδέ
2600 5460 2715 5621 είμι
2745 5552 3013 5618 σκώληξ,
3055 5551 3152 5607 καὶ
3181 5554 3290 5606 οὐκ
3326 5552 3654 5619 ἅνθρωπος.
3713 5544 3823 5601 Ta.-
