4032 6448
155 402 307 473 ιη’

1267 410 1628 466 EXPOSITIO
1667 409 1731 462 lN
1772 409 2101 465 PSALHEM
2142 409 2274 462 XXI.

3286 418 3390 470 154

152 532 504 600 nstvdzppova;
536 525 673 584 εἶναι
705 528 975 589 διδάσκει,
1008 529 1096 580 καὶ
1133 526 1363 595 μάλιστα
1397 527 1717 595 προσιόντας

1834 540 1939 579 esse
1977 526 2207 579 humiles
2265 535 2532 592 oportere.
2583 528 2926 596 maximeque
2975 530 3294 584 accedentes
3325 538 3390 586 aii

149 623 287 692 Θεῷ.
344 621 630 692 Ὄνειὸος
657 619 980 688 ἀνθρώπων
1007 619 1100 672 καὶ
1138 619 1512 688 ὲξουδένωμα
1551 617 1722 671 λαοῦ.

151 714 334 766 ταῦτα
370 711 555 779 σαφῶς
591 713 618 764 ὁ
663 710 1048 780 εὐαγγελιστὴς
1097 711 1410 781 πεπρᾶχθαι
1453 711 1530 772 είς
1565 710 1725 761 αὑτὸν

152 804 289 856 κατὰ
319 804 408 856 τὸν
439 803 624 872 καιρὸν
645 801 740 854 τοῦ
765 801 997 873 σταυροῦ
1025 818 1185 870 φησιν
1209 820 1221 832 ο
1251 802 1370 855 καθ’
1392 801 1451 854 ὃν
1481 801 1725 852 ἐπέσειον

152 893 298 962 αὐτῷ
321 895 368 944 οἱ
397 893 901 963 παραπορευόμενοι
929 891 1023 954 τὰς
1053 892 1312 960 κεφαλὰς,
1338 893 1433 944 καὶ
1459 892 1541 944 ὲϐλ
1555 893 1726 960 argi:-

155 1004 287 1054 μουν
319 985 398 1048 εἰς
431 985 589 1036 αὑτὸν
612 985 890 1052 λέγοντες·
926 987 992 1038 Εἰ
1025 985 1155 1050 Υἱὸς
1182 981 1238 1037 εἴ
1262 985 1363 1038 τοῦ
1394 983 1542 1038 Θεοῦ
1563 1024 1576 1046 ,
1608 984 1724 1036 σῶ-

151 1093 216 1127 σι.
230 1091 267 1126 ν
289 1075 571 1128 σεαυτόν.

225 1166 351 1217 Ὀτι
381 1165 461 1217 σὺ
487 1161 546 1217 εἴ
565 1168 596 1218 ό
625 1164 942 1229 ἑκσπὰσας
987 1180 1066 1231 με
1097 1164 1165 1216 ἐκ
1217 1164 1496 1231 γαστρός.
1557 1161 1728 1214 Τοῦτό

151 1271 353 1321 φησιν,
393 1255 576 1324 ἐπειδὴ
617 1256 734 1306 κατ’
780 1254 1023 1307 εὐδοκίαν
1054 1254 1147 1306 τοῦ
1189 1256 1400 1324 Πατρδς
1454 1251 1726 1324 ἐνηνθρώ-

151 1362 344 1414 πηοεν.
381 1346 518 1398 "Ore
539 1345 666 1416 γὰρ,
690 1345 870 1414 φησὶν,
891 1341 1038 1410 ἦλθε
1064 1347 1127 1396 τὸ
1159 1343 1448 1412 πλήρωμα
1468 1343 1573 1397 τοῦ
1601 1343 1728 1410 χρό-

149 1451 282 1496 νου,
313 1434 741 1498 ἐξαπέστειλεν
770 1438 802 1488 ό
838 1435 980 1500 Θεὸς
1003 1435 1106 1487 τὸν
1139 1435 1270 1488 nar
1297 1433 1485 1488 αὐτοῦ
1516 1433 1729 1501 γεννώ-

147 1542 336 1593 μενον
365 1526 435 1578 ἐκ
466 1527 766 1594 γυναικός.
821 1527 1212 1596 Ἐπιγραφεται
1249 1526 1355 1596 γὰρ
1399 1527 1494 1578 καὶ
1539 1525 1728 1577 ἐλπίδα

149 1621 239 1671 τὸν
274 1618 469 1671 ἑαυτοῦ
502 1620 719 1691 Πατέρα
738 1661 751 1684 ,
781 1623 873 1673 καὶ
897 1620 1050 1674 τοῦτο
1073 1620 1244 1688 λέγων
1295 1619 1368 1682 ὡς
1399 1619 1688 1690 ἄνθρωπος
1711 1637 1724 1649 ⁸

153 1709 342 1778 ἐπειδὴ
375 1709 484 1780 γὰρ
515 1711 606 1763 τὸν
658 1714 887 1780 Χριστὸν
934 1713 1091 1784 μόνον
1125 1717 1185 1766 ὲκ
1237 1714 1336 1785 τῆς
1371 1715 1586 1785 Μαρίας
1615 1715 1729 1779 ἐξέ-

154 1816 363 1852 σπασεν
391 1803 420 1853 ό
447 1802 608 1865 Θεὸς,
634 1803 744 1856 τῶν
776 1803 947 1857 ἄλλων
975 1804 1273 1876 ἀνθρώπων
1309 1807 1408 1858 οὐκ
1437 1806 1724 1876 ἐκσπωμέ-

150 1907 279 1948 νων,
303 1891 419 1943 ἀλλ’
441 1891 830 1963 ἐξερχομένων.
873 1865 1124 1963 Ἐξῆλάε
1145 1894 1274 1964 γὰρ,
1298 1897 1480 1967 φησὶν,
1516 1865 1723 1960 Ἡσαῦ,
1758 1865 1801 1921 Β

151 1975 200 2046 ᾧ
234 1985 271 2048 ἡ
309 1982 453 2051 δορὰ
479 1983 690 2051 δασύς.

221 2072 354 2126 Ἐπὶ
371 2072 445 2126 σὲ
456 2074 855 2142 ἐπερῤίςρηνέκ
865 2075 1092 2144 μήτρας
1107 2076 1224 2130 ἀπὸ
1233 2077 1513 2145 γαστρὸς,
1532 2093 1586 2131 κ.
1610 2093 1658 2131 τ.
1678 2077 1726 2129 λ.

153 2162 390 2232 Εῦχεται
440 2165 600 2217 πάλιν
631 2165 705 2229 ὡς
749 2168 812 2219 ὲκ
847 2167 1133 2239 προσώπου
1167 2168 1266 2237 τῆς
1292 2168 1728 2241 ἀνθρωπότητος.

153 2255 264 2305 Καὶ
293 2255 402 2325 γὰρ
433 2258 462 2308 ὁ
501 2257 608 2310 τῶν
643 2259 896 2328 μαθητῶν
944 2260 1104 2313 αὐτὸν
1155 2261 1505 2314 καταλέλοιπε
1552 2260 1728 2330 χορός,

152 2339 291 2396 Εἶτα
317 2345 570 2416 προλέγει
604 2347 672 2400 τὰ
705 2349 801 2418 τῆς
827 2348 1055 2417 θλίψεως
1080 2351 1216 2421 εἴδη.

224 2434 723 2501 Περωκύκλωσάν
736 2453 812 2505 με
824 2439 1044 2510 μόσχοι
1060 2441 1296 2496 πολλοί.
1319 2440 1440 2496 Τῶν
1468 2441 1732 2497 Ἰουδαίων

151 2527 280 2588 τοὺς
311 2527 577 2597 ἄρχοντάς
604 2545 789 2598 φησιν.

232 2617 394 2670 Ὠσεὶ
422 2618 578 2687 ὕδωρ
603 2620 915 2689 ἐξεχύθην,
949 2624 1049 2676 καί
1075 2623 1507 2695 διεσκορπίσση
1539 2641 1735 2680 παντα

150 2707 230 2762 τὰ
255 2706 408 2762 ὀστᾶ
430 2725 569 2776 μου.
615 2711 778 2763 Ὀστᾶ
805 2713 970 2764 αὑτοῦ
996 2730 1128 2783 φησι
1155 2717 1278 2778 τοὺς
1307 2717 1492 2784 ἁγίους
1532 2734 1736 2786 μυστα-

150 2797 368 2868 γωγούς
393 2816 406 2828 ·
461 2803 508 2852 εί
547 2800 655 2873 γὰρ
683 2803 838 2874 σῶμα
859 2806 1022 2858 αὑτοῦ
1055 2808 1082 2876 ἡ
1134 2807 1425 2876 Ἐκκλησία
1446 2848 1461 2872 ,
1512 2810 1735 2872 είκότως

153 2895 249 2946 καὶ
271 2895 322 2946 oi
353 2894 664 2964 συνέχοντες
694 2898 863 2967 αὐτὴν
898 2900 1138 2968 νοηθεῖεν
1169 2900 1234 2952 ἂν
1262 2901 1411 2954 όστᾶ.
1469 2901 1735 2956 Ἤκουσα⁴

154 3002 257 3056 μιν
281 2987 337 3039 δὲ
363 2987 456 3038 τοῦ
482 2988 884 3054 εὐαγγελιστοῦ,
909 2991 1005 3052 ὼς,
1034 2989 1426 3061 συλληφθέντας
1447 2994 1610 3046 αὐτοῦ
1634 3012 1736 3047 πα·-

153 3077 225 3149 ρὰ
251 3077 353 3146 τῆς
379 3078 603 3148 σπείρας
632 3079 739 3131 τῶν
772 3082 1139 3152 στρατιωτῶν,
1163 3084 1653 3157 διεσκορπίσθησαν
1685 3088 1735 3140 oi

1828 616 2015 670 Deum.
2057 616 2409 684 Opprobrium
2435 617 2701 670 hominum
2727 629 2773 670 et
2804 618 3027 686 abjectio
3050 622 3234 688 plebis.
3269 622 3393 677 llrcc

1824 709 2152 776 evangelista
2189 710 2240 761 in
2274 718 2516 777 tempore
2541 711 2718 764 crucis
2757 712 2961 766 factum
3001 713 3101 781 ipsi
3151 725 3392 777 enarrat,

1827 815 1950 852 cum
1975 802 2065 868 qui
2091 802 2456 869 pra-teribant,
2492 804 2668 872 capita
2694 815 2971 858 moverent
2996 814 3050 858 et
3077 805 3391 875 blasphema

1827 890 2134 959 hujusmodi
2167 893 2326 945 verba
2364 893 2670 960 proferrent
2700 895 2752 947 in
2788 911 2947 950 eum:
2985 894 3044 949 Si
3074 895 3248 949 Filius
3299 896 3395 949 Dei

1826 1000 1900 1044 es,
1935 984 2129 1037 salvum
2155 985 2240 1053 fac
2272 986 2686 1052 tentetipsum“.

1897 1159 1981 1214 10.
2007 1159 2262 1224 Quoniam
2283 1170 2336 1213 tu
2366 1178 2416 1214 es
2447 1163 2536 1230 qui
2565 1165 2848 1217 extruxisti
2869 1182 2944 1218 me
2977 1165 3040 1218 de
3069 1175 3261 1218 ventre.
3285 1163 3397 1219 Hoc

1828 1253 1924 1317 ait,
1955 1255 2080 1321 quia
2115 1256 2413 1308 secundum
2458 1254 2633 1308 Patris
2678 1255 3075 1325 beueplacitum
3107 1256 3284 1312 factus
3315 1269 3400 1311 est

1829 1343 2009 1396 homo.
2048 1342 2147 1396 Ubi
2186 1359 2441 1414 namque,
2490 1348 2585 1406 ait,
2641 1347 2776 1399 venit
2825 1347 3096 1414 plenitudo
3129 1349 3375 1416 temporis

1831 1434 1971 1486 misit
1991 1432 2124 1485 Deus
2154 1431 2353 1486 Filium
2375 1452 2526 1488 suum
2573 1451 2752 1488 natum
2785 1451 2847 1488 ex
2891 1438 3108 1490 muliere
3132 1437 3199 1492 ".
3253 1435 3371 1491 Scri

1829 1533 1978 1593 ptum
1993 1525 2189 1594 quippe
2205 1535 2288 1579 est
2303 1527 2480 1594 ipsum
2505 1527 2558 1580 in
2581 1526 2741 1581 Patre
2763 1543 2912 1596 spem
2934 1528 3220 1594 habuisse;
3238 1536 3399 1598 atque

1831 1616 1882 1668 id
1940 1617 2015 1670 ait
2050 1625 2317 1686 quatenus
2370 1617 2574 1681 homo;
2609 1621 2737 1686 quia
2786 1622 2962 1674 solum
3012 1621 3291 1675 Christum
3333 1636 3397 1674 ex

1830 1704 1997 1760 Maria
2025 1706 2166 1762 Deus
2205 1710 2698 1770 extraxit,c:eteris
2723 1712 3041 1766 hominibus
3077 1728 3183 1766 non
3223 1723 3398 1766 extra-

1830 1797 1933 1849 ctis
1964 1798 2055 1850 sed
2080 1800 2316 1868 egressis
2344 1818 2356 1853 :
2395 1800 2541 1854 Exiit
2569 1804 2775 1871 quippe,
2811 1804 2907 1869 ait,
2939 1803 3104 1870 Esau,
3134 1807 3220 1858 cui
3248 1804 3400 1873 pellis

1830 1888 1996 1954 pilosa
2018 1888 2084 1940 ³³.

1903 2065 1987 2118 Η.
2022 2063 2088 2118 In
2131 2077 2177 2119 te
2207 2065 2466 2134 projectus
2504 2085 2618 2121 sum
2649 2084 2712 2120 ea:
2752 2080 2898 2122 utero
2942 2069 3004 2122 de
3047 2078 3237 2132 ventre,
3289 2077 3392 2121 etc.

1832 2154 2093 2211 Prccatur
2116 2173 2335 2212 rursum
2366 2174 2462 2212 ceu
2497 2174 2562 2213 ex
2589 2173 2820 2228 persona
2854 2160 3225 2215 humanitatis.
3262 2157 3398 2214 Nam

1832 2250 2036 2304 chorus
2062 2249 2455 2319 discipulorum
2484 2252 2658 2319 ipsum
2682 2251 3016 2307 deseruerat.
3035 2250 3242 2306 Exinde
3266 2268 3404 2321 prae-

1833 2342 1966 2395 dicit
1997 2341 2194 2396 futura:
2223 2342 2555 2398 calamitatis
2579 2345 2814 2413 species.

1905 2435 1991 2490 15.
2045 2433 2509 2490 Circumdederuut
2559 2453 2640 2488 me
2676 2437 2829 2488 uituli
2864 2437 3036 2491 multi.
3088 2433 3400 2492 Judaaorum

1835 2527 2110 2596 principes
2140 2528 2235 2580 ait.

1908 2617 1994 2670 15.
2027 2615 2174 2670 Sicut
2201 2633 2337 2680 aqua
2363 2616 2561 2684 e/fusus
2588 2631 2727 2679 sum,
2746 2625 2794 2668 et
2818 2614 3054 2682 dispersa
3083 2625 3205 2668 sunt
3228 2617 3406 2668 omnia

1835 2725 1954 2762 ossa
1979 2725 2113 2761 mea.
2133 2708 2269 2761 Ossa
2299 2709 2420 2777 ejus
2450 2718 2608 2761 vocat
2634 2717 2854 2763 sanctos
2883 2708 3263 2778 mysteriorum
3286 2709 3405 2776 ejus

1837 2802 2159 2854 initiatores.
2220 2799 2275 2854 Si
2326 2815 2564 2869 namque
2593 2815 2794 2868 corpus
2849 2800 2970 2869 ejus
3020 2798 3261 2854 Ecclesia
3297 2810 3403 2864 est,

1831 2892 1955 2960 jure
1996 2893 2089 2961 qui
2125 2892 2503 2946 administrant
2538 2891 2684 2944 illam
2727 2906 2854 2945 ossa
2903 2893 3265 2960 appellentur.
3301 2892 3407 2945 Au-

1840 2985 2079 3038 divimus
2120 2993 2300 3038 autem
2340 2984 2728 3054 evangelistam
2761 2993 3094 3048 narrantem,
3135 2984 3279 3052 qttod
3313 2984 3404 3037 ubi

1839 3091 1868 3129 a
1895 3076 2119 3130 cohorte
2143 3076 2375 3129 militum
2407 3085 2598 3144 captus
2650 3073 2863 3139 fuisset,
2912 3075 3144 3144 dispersi
3203 3073 3408 3128 fuerint

154 3167 416 3237 μαθηταί.
477 3170 586 3222 Καὶ
618 3170 819 3233 ἄλλως·
858 3173 939 3226 Τὰ
966 3174 1100 3228 ὀστᾶ
1125 3175 1223 3244 τῆς
1253 3177 1463 3245 σοφίας,
1501 3178 1569 3230 τὰ
1602 3179 1733 3246 ἆγια

1839 3167 2111 3235 discipuli.
2165 3167 2285 3221 Alio
2339 3168 2535 3220 modo:
2572 3166 2864 3235 Sapientia:
2916 3181 3041 3221 ossa
3077 3175 3208 3221 sunt
3251 3182 3408 3221 sacra

152 3260 404 3330 δόγματα
449 3261 545 3332 τῆς
589 3263 912 3334 Ἐκκλησίας
945 3265 1090 3317 ἐστὶν
1115 3304 1129 3327 ,
1164 3265 1309 3335 ἆπερ
1341 3269 1398 3319 ἐν
1425 3267 1502 3336 τῷ
1545 3269 1736 3337 Πάσχα

153 3351 233 3422 μὴ
254 3351 556 3422 συντρίϐειν
577 3357 687 3417 τοῖς
716 3355 990 3418 Ἰουδαίοις
1010 3355 1447 3426 νενομοθέτηται·
1485 3357 1738 3412 Ὀστοῦν

153 3444 264 3516 γὰρ
288 3445 495 3508 αὑτοῦ,
528 3447 710 3516 φησὶν,
763 3448 836 3499 οὐ
862 3447 1307 3515 συντριϐήσετε.
1376 3448 1656 3517 Ἐγεννήθη
1696 3451 1735 3519 ἡ

154 3537 372 3605 καρδία
408 3553 526 3604 μου
571 3537 715 3590 ὡσεί
755 3536 939 3606 κηρός
971 3541 1316 3609 τηκόμενος.
1377 3541 1533 3593 Ἰδιον
1562 3541 1735 3612 λύπης

153 3628 216 3681 τδ
243 3628 562 3698 εἰρημένον·
597 3629 905 3700 γέγραπται
940 3631 1049 3702 γάρ
1072 3648 1084 3660 ·
1132 3633 1388 3699 Ἤρξατο
1416 3633 1736 3688 λυπεῖσθαι

154 3717 253 3770 καὶ
282 3716 626 3785 ἀδημονεῖν.
670 3718 948 3772 Ἐλυπείτο
978 3718 1033 3770 δὲ
1068 3718 1210 3789 ὑπέρ
1249 3735 1306 3770 τε
1336 3718 1429 3770 τοῦ
1477 3717 1735 3772 Ἰουδαίων

154 3808 344 3871 ἔθνους
379 3811 474 3862 καὶ
512 3808 606 3862 τοῦ
648 3810 906 3879 προδότου
928 3851 940 3874 ,
969 3811 1053 3862 ὅτι
1086 3810 1149 3880 δὴ
1181 3808 1423 3879 ἀπωλείᾳ
1453 3811 1735 3880 παρελαμο

155 3895 384 3950 ϐάνοντο
407 3896 496 3950 διὰ
521 3897 621 3967 τὴν
645 3900 725 3959 είς
755 3899 914 3951 αὑτὸν
946 3897 1221 3952 ἀσέϐειαν.

227 3987 248 4060 [
268 3988 379 4042 Καὶ
406 3987 834 4055 διεσκορπίσθη
863 3989 1060 4043 πάντα
1075 3989 1143 4043 τὰ
1158 3987 1311 4042 ὀστᾶ
1323 4007 1462 4058 μου.
1497 3990 1735 4043 Εσγέδα-

157 4094 303 4142 αται,
323 4077 592 4147 φησὶ,καὶ
611 4079 991 4149 διεσκορπίσθη
1020 4078 1088 4131 τὰ
1124 4078 1262 4142 τέως
1301 4080 1356 4131 ὲν
1387 4079 1558 4132 ὀστῶν
1586 4079 1736 4147 τάξει

153 4167 252 4240 τὴν
305 4167 529 4237 περὶτὺν
590 4168 906 4223 διδάσκαλον
959 4170 1380 4241 συμπληροῦντα
1451 4171 1732 4235 σύνταξινο

152 4261 385 4330 ἀφέντες
430 4260 539 4332 γὰρ
580 4262 741 4314 αὑτὸν
799 4265 846 4316 oi
909 4261 1146 4333 μαθηταὶ
1199 4262 1438 4331 ἔφυγον,
1485 4263 1546 4316 τὸ
1597 4265 1738 4318 κατὰ

153 4352 335 4404 πεδίον
365 4351 656 4420 ἀφιέμενον
685 4351 826 4422 ὓδωρ
859 4350 1283 4422 μιμησάμενοι.]

239 4438 570 4508 Ὲξηράνθη
611 4441 690 4505 ὡς
740 4440 1035 4506 ὄστρακον
1065 4442 1102 4508 ἠ
1147 4441 1326 4508 ισχὺς
1352 4458 1507 4509 μου.
1559 4440 1659 4493 καί
1696 4443 1734 4508 ἠ

1843 3258 2096 3312 Ecclesia:
2122 3257 2398 3326 dogmata,
2447 3272 2569 3325 quae
2613 3257 2666 3309 in
2715 3256 2982 3311 Pasehate
3033 3273 3141 3311 non
3177 3261 3408 3312 eorumi-

1841 3365 2006 3403 nuere
2047 3349 2248 3403 Judazis
2288 3348 2402 3417 lege
2436 3359 2656 3401 cautum
2708 3357 2810 3402 est.
2840 3347 2932 3401 Ait
2971 3349 3115 3401 enim
3144 3367 3157 3401 :
3191 3348 3264 3403 0s
3306 3365 3408 3402 non

1838 3441 2204 3492 comminuetis
2232 3453 2295 3492 ea:
2325 3455 2382 3491 eo
2401 3437 2464 3490 ".
2491 3437 2719 3491 Factum
2743 3448 2821 3492 est
2845 3454 2936 3491 cor
2960 3455 3129 3491 meum
3158 3447 3408 3508 tanquam

1840 3546 1961 3583 cera
1984 3529 2294 3598 liquescens.
2325 3526 2616 3597 Proprium
2644 3527 2850 3582 doloris
2875 3537 2958 3583 est
2991 3529 3137 3597 quod
3165 3527 3364 3584 dicitur
3391 3548 3406 3595 ;

1838 3622 2100 3690 scriptum
2133 3621 2275 3675 enim
2305 3629 2389 3674 est
2415 3621 2458 3652 ³³
2481 3636 2494 3672 :
2517 3620 2681 3689 Capit
2708 3637 2891 3690 parere
2920 3630 2971 3674 et
3013 3620 3220 3675 ta'dere.
3251 3621 3409 3677 Indo-

1838 3714 1939 3767 luit
1998 3723 2178 3768 autem
2239 3713 2494 3768 Christus
2544 3713 2612 3768 de
2663 3712 2972 3767 Judteorum
3014 3723 3067 3768 et
3117 3714 3410 3782 proditoris

1838 3808 2116 3876 pernicie,
2188 3807 2256 3860 ob
2312 3807 2552 3872 ipsorum
2617 3807 2668 3858 in
2733 3806 3011 3860 Christum
3078 3806 3406 3875 impietatem

1837 3899 2004 3952 illata.

1910 3987 2006 4060 [Et
2047 3988 2284 4058 dispersa
2316 3999 2438 4042 sunt
2467 3990 2643 4042 omnia
2668 4005 2787 4042 ossa
2834 4005 2967 4042 mea.
3009 3987 3300 4057 Dissipata.
3333 3989 3410 4042 in-

1837 4083 1976 4153 quit,
2006 4090 2059 4136 et
2084 4083 2330 4152 dispersa
2351 4092 2500 4145 sunt,
2527 4098 2649 4152 qua:
2677 4081 2817 4152 apud
2851 4081 3169 4151 magistrum
3199 4081 3404 4135 ossium

1839 4189 2039 4228 munus
2067 4183 2121 4230 et
2162 4175 2408 4229 ordinem
2459 4174 2790 4243 implebant:
2826 4174 3011 4228 relicto
3053 4188 3291 4241 namque
3333 4188 3402 4227 eo

1838 4266 2089 4334 discipuli
2132 4266 2386 4334 fugerunt
2411 4265 2477 4328 ",
2515 4264 2687 4318 instar
2719 4279 2894 4333 aqum,
2931 4279 3052 4332 quae
3099 4263 3153 4318 in
3188 4263 3410 4332 planitie

1838 4353 2176 4425 eﬂ'unditur.]

1911 4446 1998 4500 16.
2028 4446 2187 4498 Αηιίι
2211 4457 2460 4515 tanquam
2491 4453 2624 4498 testa
2650 4446 2814 4499 virtus
2843 4462 2980 4507 mea,
3007 4455 3059 4499 et
3082 4445 3264 4515 lingua
3291 4461 3406 4499 utea

152 4530 410 4600 γλῶσσα
430 4531 789 4596 κεκόλληται
816 4529 898 4594 τῷ
921 4528 1173 4598 λάρυγγί
1197 4548 1336 4599 μου.
1369 4531 1442 4596 Ση
1451 4529 1629 4599 μαίνει
1649 4531 1733 4584 διὰ

1839 4538 2063 4592 adhaesit
2106 4539 2350 4604 faucibus
2399 4537 2546 4590 meis.
2583 4535 2679 4591 His
2722 4537 2867 4592 sitim
2901 4536 3171 4604 signiﬁcat
3198 4551 3304 4606 qua
3352 4536 3404 4588 in

153 4623 362 4676 τούτων
401 4621 498 4690 τὴν
532 4620 626 4672 ἐπὶ
667 4620 745 4691 τῷ
793 4621 961 4692 τιμίῳ
994 4621 1210 4692 σταυρῷ
1259 4621 1542 4691 συμϐᾶσαν
1588 4622 1734 4692 αὐτῷ

152 4717 353 4786 δίψαν,
409 4715 497 4767 ὅτε
547 4715 640 4766 καὶ
680 4715 959 4785 αἰτήσαντι
993 4719 1170 4780 πιεῖν,
1204 4715 1320 4779 ὅξος
1359 4718 1733 4787 προσήνεγκαν

155 4808 306 4878 αὐτῷ
340 4805 478 4877 μετὰ
524 4805 706 4876 χολῆς.
766 4805 896 4877 [Διὸ
928 4805 1098 4875 λέγει·
1134 4809 1240 4861 Kal
1276 4810 1312 4872 ἡ
1342 4806 1591 4877 γλῶσσά
1614 4828 1733 4877 μου

156 4900 523 4966 κεκόλληται
552 4897 632 4962 τῷ
652 4897 905 4967 λάρυγγί
930 4898 1096 4969 μου.]
1134 4899 1240 4953 Καὶ
1271 4903 1357 4965 είς
1378 4898 1530 4966 χοῦν
1558 4901 1734 4955 θανά-

155 5008 265 5044 του
301 4989 633 5058 κατήγαγές
659 5006 752 5058 με.
826 4990 1020 5061 Χάριτι
1053 4989 1158 5060 γὰρ
1197 4989 1331 5042 Θεοῦ
1364 4991 1501 5060 ὑπὲρ
1535 4992 1734 5054 παντὸς

157 5081 426 5148 ἐγεύσατο
449 5079 700 5132 θανάτου.
735 5079 810 5132 Οὐ
837 5079 943 5150 γὰρ
969 5080 1045 5141 είς
1078 5077 1332 5141 θάνατον,
1371 5077 1481 5129 ἀλλ’
1504 5080 1582 5141 εἰς
1606 5078 1733 5147 χοῦν

158 5169 394 5226 θανάτου
436 5170 684 5240 κατήχθη
711 5171 738 5222 ὁ
771 5170 1030 5239 Χριστός·
1074 5170 1172 5222 οὐκ
1202 5168 1592 5239 ἐγκατελείφθη
1627 5169 1732 5239 γὰρ

157 5265 191 5335 ἡ
223 5262 375 5333 ψυχὴ
396 5262 561 5315 αὑτοῦ
586 5264 664 5320 είς
687 5263 776 5316 τὸν
807 5261 958 5333 ᾅδην,
989 5260 1106 5314 οὐδὲ
1140 5259 1276 5331 σὰρξ
1295 5259 1458 5312 αὑτοῦ
1489 5255 1594 5313 εἶδε
1621 5261 1734 5314 δια-

157 5357 390 5428 φθοράν.

233 5447 364 5501 Ὀτι
395 5446 752 5501 ἐκύκλωσαν
789 5465 866 5516 με
905 5447 1083 5512 κύνες
1109 5445 1345 5500 πολλοι.
1405 5444 1573 5498 Πάλιν
1614 5449 1738 5508 τοὺς

157 5537 428 5607 ἄρχοντας
462 5536 739 5608 σημαίνει.
775 5538 1036 5605 Ὠρυεαν
1057 5535 1257 5606 χεῖράς
1277 5552 1396 5604 μου
1427 5535 1523 5588 καί
1550 5533 1738 5600 πόδας

153 5647 293 5698 μου.
327 5624 427 5679 Διὰ
449 5626 575 5688 τοὺς
613 5627 672 5678 ἐν
697 5625 914 5697 σταυρῷ
936 5627 1096 5698 ἥλους
1130 5626 1312 5695 φησίν.

231 5760 271 5790 ³⁸
300 5758 464 5830 Ilach
503 5773 590 5817 xv.
618 5758 705 5812 50.
783 5759 826 5830 ξ·
853 5759 1186 5827 Galat.tv,4.
1267 5761 1308 5792 ”
1332 5759 1465 5814 Gcn.
1499 5777 1624 5830 xxv,
1659 5761 1748 5816 εδ.

161 5829 250 5884 56.
354 5831 395 5858 ³⁷
429 5827 573 5880 Ρεαι.
610 5845 694 5890 )v,
752 5828 834 5884 10,

1840 4645 2002 4683 cruce
2043 4629 2330 4693 laboravit,
2382 4643 2505 4681 cum
2554 4628 2764 4697 i-Oganti
2798 4637 2977 4695 potum
3031 4637 3242 4680 acetum
3280 4641 3403 4681 cum

1839 4721 1961 4776 felle
1991 4721 2320 4774 obtulerunt.
2364 4717 2752 4790 [Quamobrem
2785 4718 2946 4773 dicit:
2980 4719 3044 4772 Et
3079 4719 3260 4790 lingua
3290 4736 3405 4773 mea

1839 4813 2058 4866 adhasit
2095 4811 2335 4880 faucibus
2363 4809 2539 4880 meis.]
2568 4808 2636 4862 Et
2669 4811 2725 4862 in
2746 4812 3005 4877 pulverem
3036 4811 3220 4868 mortis
3241 4810 3406 4863 dedu-

1838 4905 1966 4958 xisti
1998 4919 2094 4957 me.
2134 4901 2267 4956 Nam
2297 4902 2391 4956 Dei
2425 4901 2596 4972 gratia
2628 4916 2727 4970 pro
2776 4902 3032 4956 universo
3062 4901 3265 4957 mundo
3306 4917 3405 4972 guo

1839 4999 2005 5052 stas-it
2039 5005 2284 5050 mortem.
2323 4992 2441 5048 Non
2467 4993 2611 5047 enim
2646 4992 2700 5044 in
2730 5003 2978 5056 mortem,
3018 4993 3111 5047 sed
3143 4993 3196 5046 in
3225 4993 3409 5061 pulve-

1839 5106 1950 5143 rem
2016 5089 2208 5142 mortis
2258 5087 2525 5141 deductus
2574 5093 2660 5140 est
2714 5084 3002 5138 (lhristus:
3059 5099 3401 5154 nequaquam

1836 5181 1978 5235 enim
2001 5180 2254 5234 derelicta
2283 5187 2365 5232 est
2385 5178 2564 5230 anima
2589 5176 2708 5245 ejus
2738 5175 2792 5229 in
2824 5175 3058 5239 inferno,
3085 5191 3259 5246 neque
3275 5191 3404 5230 caro

1840 5275 1959 5342 ejus
1991 5272 2122 5325 vidit
2155 5270 2552 5339 corruptionem
2571 5268 2636 5320 ⁸⁷.

1911 5435 1997 5488 Π.
2064 5433 2327 5498 Quoniam
2385 5432 2836 5486 circumdederunt
2887 5447 2968 5484 me
3019 5447 3172 5483 canes
3228 5430 3399 5482 multi.

1841 5526 2076 5581 Rursum
2112 5526 2385 5596 principes
2413 5524 2703 5594 signiﬁcat.
2741 5523 3014 5576 Fodcrunt
3043 5538 3231 5575 manus
3259 5539 3400 5576 meas

1843 5628 1893 5673 et
1917 5617 2070 5685 pedes
2107 5632 2267 5669 meos.
2311 5614 2385 5668 De
2420 5614 2666 5668 cruciﬁxi
2695 5613 2863 5668 clavis
2890 5613 2960 5664 ita
2997 5611 3256 5680 loquitur.

1828 5761 1872 5792 “
1904 5756 2071 5810 Exod.
2110 5770 2206 5819 xu,
2237 5752 2324 5807 46.
2403 5753 2446 5792 ³³
2475 5751 2638 5807 Marc.
2674 5765 2784 5818 ιιῑ,
2814 5749 2904 5803 53.
2967 5749 3011 5780 ³⁸
3034 5744 3223 5802 Matth.
3247 5759 3398 5815 xm,
