4032 6474
619 430 716 484 135

688 545 772 598 18.
812 544 1283 597 Dlnumeraverunt
1305 546 1481 597 omnia
1504 560 1624 596 ossa
1649 559 1785 596 mea.
1814 546 2176 597 Attrectantes
2208 548 2252 602 Α

615 638 824 694 scilicet
872 647 1043 690 totum
1096 652 1294 706 corpus
1344 636 1536 706 ipsius,
1585 644 1638 688 et
1687 635 2003 690 emetientes
2053 650 2178 689 ossa

617 729 830 796 singula
853 737 908 780 ιιι
939 726 1285 794 explorarent
1315 725 1404 777 ubi
1438 727 1661 794 ligerent
1690 724 1892 778 clavos.
1928 723 2040 790 Ipsi
2063 741 2180 778 vero

616 819 1071 872 consideraeerimt
1109 827 1157 870 et
1206 818 1543 885 inspexerunt
1592 833 1692 870 me.
1743 818 1800 871 Id
1842 827 1947 878 est,
1999 818 2182 872 irrise-

615 919 764 964 runt.
807 910 862 962 id
896 919 1072 963 autem
1110 911 1186 962 ait
1233 911 1303 961 oh
1333 909 1674 979 chlamydem
1703 909 2038 971 coccincam,
2066 910 2179 979 spi-

618 1014 773 1053 neam
803 1015 1082 1064 coronam,
1110 1011 1164 1054 et
1196 1001 1465 1054 calamum
1494 1015 1593 1069 pro
1625 1009 1840 1069 sceptro
1862 1001 2073 1054 datum.

686 1169 773 1224 i9.
837 1170 1129 1224 Diviserunt
1175 1171 1275 1226 sibi
1330 1172 1636 1224 vestimenta
1693 1187 1826 1225 mea.
1888 1170 2077 1226 Isthtec
2126 1172 2179 1225 in

615 1259 919 1332 Evangeliis
949 1263 1230 1332 perspicue
1264 1264 1529 1332 explicata
1563 1272 1710 1340 sunt.

681 1354 770 1408 ‘20.
824 1353 898 1408 Tu
930 1367 1124 1418 autem,
1168 1354 1409 1418 Domine,
1458 1372 1520 1408 ne
1553 1355 1871 1424 rlongaueris
1920 1355 2182 1409 auxilium

618 1460 766 1504 tuum
799 1467 831 1504 a
872 1468 970 1507 me.
1007 1449 1124 1504 Jam
1178 1452 1230 1505 in
1275 1468 1462 1521 preces
1511 1468 1814 1506 sermonem
1861 1463 2180 1508 commutat.

619 1538 737 1611 [Te,
773 1542 968 1611 inquit,
1015 1543 1314 1610 opitulante
1364 1551 1418 1596 et
1462 1545 1857 1612 patrocinante,
1893 1560 2017 1599 cum
2062 1555 2183 1614 post

617 1635 858 1687 triduum
895 1650 1266 1698 resnrrexero,
1297 1651 1466 1690 vanas
1497 1636 1715 1689 illorum
1746 1635 1968 1689 insidias
1997 1647 2181 1690 osten-

616 1723 787 1796 dam.]
822 1724 1246 1794 Exemplumque
1281 1727 1438 1780 nobis
1459 1735 1563 1786 est.
1595 1743 1705 1796 quo
1746 1736 1902 1794 pacto
1929 1735 2182 1796 oporteat

615 1815 670 1868 in
708 1816 1093 1870 tentationihus
1123 1816 1292 1870 Deum
1327 1819 1600 1883 invocare,
1637 1833 1733 1871 nec
1760 1818 1813 1871 in
1845 1833 2099 1887 angorem
2127 1829 2180 1872 ct

1457 427 1512 480 S.
1546 424 1914 479 ATHANASII
1948 425 2096 479 OPP.
2136 422 2316 477 PARS
2351 420 2439 475 111.
2483 451 2550 462 —-
2587 419 2998 475 EXEGETICA.

3749 417 3853 469 136

2365 539 2802 606 Ἔξηρίθμησαν
2830 535 3024 589 πάντα
3047 535 3117 588 τὰ
3139 533 3288 588 ὀστᾶ
3311 551 3450 602 μου.
3478 532 3854 602 Ψηλαφῶντες

2280 630 2419 684 κατὰ
2440 631 2500 682 τὸ
2524 629 2669 691 εἰκὸς
2696 628 2840 682 am»
2866 626 3031 681 αὑτοῦ
3060 627 3122 678 τὸ
3156 625 3333 695 σῶμα,
3363 624 3456 677 καὶ
3486 622 3848 694 ἀναμετροῦν-

2277 739 2367 784 τες
2399 722 2626 775 ’ἐκαστον
2651 719 2756 772 τῶν
2788 719 3008 781 ὀστέων,
3044 719 3128 770 ἵνα
3157 717 3312 769 ἴδοιεν
3335 710 3395 769 οὗ
3419 716 3544 776 τοὺς
3569 713 3730 782 ἥλους
3755 713 3845 782 πῆ.

2281 811 2366 876 ξαι
2407 814 2528 883 χρή.
2591 811 2771 865 Αὐτοὶ
2814 810 2880 862 δὲ
2917 811 3294 873 κατενόησαν
3338 807 3434 859 καὶ
3473 803 3714 858 ἐπεῖδόν
3753 820 3854 871 με.

2293 905 2436 955 Ἀντὶ
2463 903 2578 965 τοῦ,
2611 901 2962 969 ἑπεγέλασαν.
3022 900 3206 953 Ταῦτα
3238 899 3296 952 δέ
3324 914 3454 972 φησι
3486 895 3573 948 διὰ
3600 895 3696 964 τὴν
3727 911 3858 946 κοκο

2280 997 2436 1064 κίνην
2459 995 2703 1065 χλαμύδα
2725 994 2818 1046 καὶ
2848 994 2936 1046 τὸν
2964 991 3023 1058 ἐξ
3051 992 3300 1046 ἀκανθῶν
3328 990 3586 1058 στέφανον
3609 1027 3622 1046 ,
3647 987 3742 1039 καὶ
3765 986 3858 1038 τὸν

2281 1088 2400 1139 ἀντὶ
2436 1087 2713 1157 σκήπτρου
2746 1087 3008 1156 κάλαμον.

2353 1181 2764 1247 Διεμερίσαντο
2790 1179 2861 1230 τὰ
2883 1174 3079 1245 ἱμάτιά
3101 1192 3220 1244 μου
3238 1172 3489 1238 ἑαυτοῖς.
3519 1168 3712 1238 Σαφῶς
3733 1167 3848 1221 ταῦ

2281 1288 2348 1324 τα
2377 1272 2432 1322 ὲν
2459 1274 2568 1332 τοῖς
2600 1269 2946 1338 Εὐαγγελίοις
2974 1269 3207 1338 ἐγράφη.

2351 1361 2434 1414 Σὺ
2473 1360 2558 1422 δὲ,
2595 1361 2766 1427 Κύριε
2787 1401 2800 1422 ,
2826 1359 2910 1428 μὴ
2937 1359 3247 1427 μακρύνῃς
3269 1355 3382 1422 τὴν
3403 1351 3694 1420 ,βοήθειάν
3739 1366 3861 1404 σου

2281 1450 2381 1504 ἀπ’
2411 1448 2576 1518 ἐμοῦ.
2643 1449 2944 1518 Μεθίστησι
2998 1448 3123 1509 τοὺς
3167 1446 3356 1513 λόγους
3402 1447 3481 1506 εἰς
3525 1441 3858 1514 προσευχήν.

2284 1539 2429 1612 [Σοῦ,
2470 1540 2630 1609 φησὶ,
2663 1539 2981 1610 βοηθοῦντος
3017 1539 3108 1590 καὶ
3139 1536 3665 1606 ἀντιλαμϐανομένου
3687 1574 3701 1596 ,
3737 1549 3862 1604 τρι.

2281 1635 2430 1694 nio;
2461 1633 2725 1694 ἀναστὰς,
2779 1631 3008 1702 ματαίαν
3054 1629 3231 1682 αὐτῶν
3264 1630 3363 1699 τὴν
3395 1627 3683 1698 ἐπιϐουλὴν
3725 1628 3861 1679 dm-

2281 1722 2494 1794 δείξω.]
2541 1723 2916 1784 ’Υποτύπωσις
2947 1723 3077 1791 ἡμῖν
3115 1719 3425 1788 γενόμενος,
3453 1718 3527 1780 ὡς
3556 1717 3635 1770 δεῖ
3660 1719 3716 1768 ἐν
3744 1719 3865 1780 τοῖς

2285 1816 2606 1884 πειρασμοῖς
2641 1812 3014 1866 ἐπικαλεῖσθαι
3041 1811 3201 1872 Θεὸν,
3238 1811 3331 1863 καὶ
3383 1810 3457 1879 μὴ
3490 1809 3863 1861 καταπίπτειν

614 1907 830 1961 consilii
867 1908 1104 1979 inopiam
1133 1911 1402 1976 decidere,
1440 1929 1616 1982 neque
1669 1913 1844 1981 frangi
1899 1913 2177 1966 calamita—

2289 1907 2362 1968 είς
2390 1905 2636 1978 ἀκηδίαν,
2663 1905 2795 1978 μηδὲ
2823 1903 3105 1958 ἐκλύεσθαι
3131 1903 3234 1956 ὑπὸ
3265 1902 3373 1954 τῶν
3407 1901 3657 1970 θλίψεων.

617 1997 784 2051 tibus.

682 2087 771 2142 2|.
808 2088 999 2144 Ernea
1022 2092 1248 2159 framea,
1281 2092 1440 2159 Deus,
1469 2096 1704 2148 animam
1737 2111 1921 2149 meam.
1947 2093 2043 2149 His
2075 2111 2184 2148 ma-

613 2180 784 2236 litiam
825 2193 879 2237 et
933 2185 1201 2239 insaniam
1246 2185 1556 2240 Judmorum
1598 2187 1890 2256 signiﬁcat,
1929 2203 2023 2256 per
2075 2187 2182 2241 fra-

613 2289 790 2328 meam
843 2277 1070 2337 scilicet,
1126 2294 1348 2331 mannm
1395 2280 1570 2339 canis,
1624 2294 1686 2332 os
1734 2280 1929 2343 leonis,
1976 2294 2182 2334 cornua

612 2367 979 2420 unicorninm.
1020 2367 1085 2419 Et
1111 2369 1174 2421 de
1214 2386 1370 2423 manu
1417 2372 1565 2424 canis
1614 2372 1824 2424 unicam
1851 2387 2038 2425 meam.
2070 2370 2183 2424 Ma-

614 2469 745 2508 num
770 2470 831 2508 ea
857 2466 1142 2524 vocatqua:
1162 2474 1257 2527 per
1283 2461 1429 2514 hunc
1447 2476 1636 2514 canem
1661 2469 1810 2531 gesta
1829 2470 1984 2514 sunt:
2004 2462 2182 2529 ipsum

614 2554 796 2599 autem
847 2562 1033 2600 canem
1086 2550 1339 2617 appellat.
1397 2549 1519 2603 Non
1567 2553 1732 2614 enim,
1792 2552 2049 2619 inquit”,
2092 2552 2184 2604 bo-

613 2655 739 2692 nam
770 2647 846 2692 est
878 2641 1107 2708 accipere
1153 2656 1338 2706 panem
1399 2642 1655 2709 ﬁliorum,
1693 2650 1743 2694 et
1787 2642 2040 2711 projicere
2093 2659 2185 2696 ca-

614 2729 776 2783 tellis.

687 2819 948 2892 [Framca
1011 2835 1140 2876 vero
1195 2820 1359 2876 fuerit
1425 2822 1717 2888 diabolus,
1782 2825 1880 2895 qui
1944 2839 2183 2896 pungere

612 2919 668 2965 et
739 2909 1026 2966 confodere
1089 2928 1304 2982 semper
1379 2925 1629 2969 conatur.
1699 2914 1923 2969 Unicum
2000 2925 2182 2970 autem

613 3011 772 3056 vocat
804 3003 1040 3057 animam
1094 3019 1274 3067 suam,
1327 3006 1455 3074 quia
1512 3007 1629 3060 sola
1687 3006 1876 3061 relicta
1932 3005 2077 3070 fuit,
2130 3015 2185 3062 et

614 3095 684 3148 ab
748 3096 870 3148 aliis
924 3095 1211 3150 animabus
1270 3107 1592 3168 segregata:
1651 3099 1920 3154 universa:
1983 3101 2184 3171 quippe

2367 2091 2572 2144 Ῥῦσαι
2601 2091 2718 2144 ἀπὸ
2739 2092 3038 2160 ῥομφαίας
3064 2090 3178 2158 τὴν
3205 2090 3416 2160 ψυχήν
3433 2109 3572 2161 μου.
3623 2091 3736 2161 Τὴν
3759 2107 3863 2143 κα·-

2284 2184 2408 2237 κίαν
2433 2183 2540 2236 τῶν
2581 2183 2848 2235 Ἰουδαίων
2871 2185 2967 2235 καὶ
2988 2183 3083 2252 τὴν
3107 2183 3288 2235 ἄνοιαν
3316 2183 3404 2237 διά
3431 2183 3635 2237 τούτων
3658 2183 3865 2253 σημαί-

2284 2293 2364 2329 νει
2403 2276 2490 2328 διὰ
2537 2274 2804 2346 ῥομφαίας
2847 2275 2938 2327 καὶ
2988 2275 3168 2344 χειρὸς
3201 2277 3356 2337 κυνὸς
3387 2276 3481 2328 καὶ
3509 2276 3719 2339 λέοντος
3767 2276 3866 2328 καὶ

2284 2370 2525 2439 κεράτων
2555 2365 2956 2438 μονοκερώτων.
3017 2367 3125 2420 Καὶ
3158 2366 3224 2418 ἐκ
3273 2367 3470 2434 χειρὸς
3515 2367 3702 2435 κυνὸς
3746 2368 3868 2433 τὴν

2278 2457 2576 2527 μονογενῆ
2631 2476 2769 2527 μου.
2817 2459 2898 2510 Τὰ
2942 2460 3005 2510 ἐκ
3053 2457 3243 2510 τούτου
3291 2459 3386 2512 τοῦ
3431 2459 3592 2521 κυνὸς
3633 2460 3868 2528 γενόμε-

2284 2567 2350 2602 να
2383 2553 2556 2621 χεῖρα,
2591 2551 2684 2602 καὶ
2713 2549 2872 2604 αὑτὸν
2898 2551 3034 2604 κύνα
3060 2551 3312 2621 ὀνομάζει
3331 2569 3346 2583 ⁸
3390 2555 3471 2606 Ού
3511 2553 3701 2606 καλὸν
3728 2555 3863 2622 γὰρ,

2285 2641 2467 2710 φησὶν,
2517 2642 2648 2694 ἐστὶ
2698 2641 2906 2696 λαϐεῖν
2940 2643 3046 2695 τὸν
3081 2641 3265 2710 ἄρτον
3310 2642 3430 2697 τῶν
3482 2644 3708 2698 τέκνων
3764 2645 3867 2698 καὶ

2277 2733 2498 2796 ,βαλεῖν
2541 2733 2668 2799 τοῖς
2706 2737 3027 2804 κυναρίοις.

2357 2822 2375 2895 [
2405 2825 2673 2895 Ῥομφαία
2703 2826 2756 2879 δὲ
2791 2829 2874 2898 εἴη
2907 2827 2973 2880 ἂν
3029 2827 3123 2880 καὶ
3165 2827 3194 2879 ὁ
3231 2827 3504 2891 διάϐολος,
3539 2829 3626 2882 ἀεὶ
3665 2829 3867 2899 τιτρώο

2287 2927 2437 2965 σκειν
2500 2915 2808 2986 ἐπιχειρῶν.
2903 2916 3216 2987 Μονοτενῆ
3255 2918 3312 2971 δὲ
3359 2919 3507 2987 λέγει
3545 2918 3709 2973 αὑτοῦ
3763 2921 3870 2989 τὴν

2283 3001 2479 3075 ψυχὴν,
2501 3004 2588 3058 διὰ
2609 3005 2668 3059 τὸ
2700 3007 3041 3077 μεμονῶσθαι
3069 3010 3162 3062 καὶ
3186 3010 3515 3081 κεχωρίσθαι
3548 3011 3657 3064 τῶν
3687 3009 3870 3065 ἄλλων

2283 3094 2501 3164 ψυχῶν·
2535 3098 2702 3150 πᾶσαι
2767 3098 2866 3168 μὲν
2898 3099 3004 3169 γάρ
3033 3102 3237 3153 ἐκεῖναι
3289 3101 3529 3168 ἔγνωσαν
3563 3101 3869 3174 ἁμαρτίαν,

615 3193 898 3254 peccatum
959 3195 1247 3250 noverunt,
1304 3188 1396 3242 illa
1445 3205 1570 3243 vero
1632 3190 1902 3246 minime:
1952 3201 2006 3248 et
2055 3195 2180 3260 quia

2292 3185 2474 3255 ἐκείνη
2503 3185 2558 3238 δὲ
2583 3187 2675 3239 οῠ’
2719 3189 2812 3241 καὶ
2849 3189 2937 3243 διὰ
2967 3187 3027 3242 τὸ
3062 3190 3228 3261 μόνην
3271 3191 3358 3245 ἀεὶ
3393 3192 3486 3244 τοῦ
3518 3193 3652 3247 Θεοῦ
3688 3194 3871 3262 Λόγου

615 3289 831 3345 semper
857 3277 970 3331 sola
1002 3293 1127 3332 cum
1164 3293 1330 3333 carne
1381 3281 1672 3350 conjuncta
1705 3297 1830 3336 cum
1865 3282 1974 3338 Deo
2012 3284 2185 3340 Verbo

614 3372 701 3419 est
749 3367 1050 3420 secundum
1088 3367 1430 3437 hypostasin.
1469 3368 1621 3424 Unus
1656 3386 1894 3441 namque
1934 3372 2188 3428 Christus

613 3464 700 3510 est
727 3471 794 3510 ex
828 3459 1042 3512 duobus
1090 3459 1336 3514 adversis
1366 3469 1646 3525 constans,
1699 3463 1974 3533 perfectus
2021 3464 2184 3530 Deus,

618 3548 892 3618 perfecms
921 3551 1103 3607 homo.
1137 3552 1259 3607 Illas
1286 3565 1466 3609 autem
1499 3557 1710 3611 animas
1739 3573 1862 3626 qua:
1890 3559 2061 3612 multo
2112 3561 2190 3612 in-

617 3643 844 3696 tervallo
867 3643 1141 3698 distabant
1168 3645 1320 3698 adiit.
1349 3643 1514 3698 Forte
1551 3647 1716 3699 etiam
1753 3648 2051 3703 Ecclesiam
2083 3652 2185 3704 sihi

619 3741 888 3788 astantem
930 3741 1091 3787 vocat
1139 3734 1376 3799 unicam,
1430 3736 1575 3804 quod
1623 3737 1890 3791 maculam
1941 3741 2187 3806 nullam,

617 3825 797 3879 nullas
824 3825 1013 3880 sordes
1045 3825 1258 3890 habeat,
1297 3834 1461 3895 atque
1494 3842 1561 3881 ex
1595 3827 1840 3896 profectu
1887 3830 1939 3883 in
1993 3832 2189 3886 melius

617 3917 819 3985 repleta
873 3917 945 3971 sit
1001 3917 1289 3984 inculpatis
1341 3919 1448 3973 illis
1502 3920 1785 3990 sexaginta
1838 3921 2076 3992 reginis,
2137 3933 2190 3978 ct

619 4008 894 4075 octoginta
945 4008 1316 4080 concubinis.]

689 4097 781 4152 22.
814 4095 973 4150 Salva
1001 4111 1080 4150 me
1104 4113 1167 4150 ea:
1198 4114 1286 4150 ore
1317 4097 1502 4160 leonis,
1535 4108 1585 4151 et
1623 4114 1656 4151 a
1683 4100 1927 4153 cornibus
1979 4105 2190 4156 unicor—

621 4191 769 4245 nium
808 4189 1159 4243 humilitatem
1195 4206 1383 4242 meam.
1414 4188 1664 4242 Narrabo
1698 4200 2050 4244 nomentuum
2075 4195 2186 4263 fra-

623 4283 792 4337 tribus
827 4283 973 4348 meis,
1005 4283 1060 4335 in
1093 4283 1263 4336 medio
1313 4282 1566 4337 Ecclesire
1616 4283 1845 4337 laudabo
1880 4295 1947 4338 te.
1999 4285 2193 4340 Docuit

622 4376 766 4430 enim
801 4390 900 4429 nos
928 4390 1053 4428 eum
1088 4376 1180 4444 qui
1215 4387 1410 4429 natura
1436 4386 1492 4430 et
1523 4392 1645 4430 vere
1674 4375 1817 4430 Deus
1847 4385 1950 4443 est,
1975 4387 2030 4430 et
2056 4393 2192 4432 con-

626 4467 1040 4522 substantialem
1073 4467 1173 4536 ipsi
1227 4466 1461 4522 Patrem.
1507 4467 1719 4523 Rursus
1760 4478 1820 4524 ut
1865 4470 2032 4525 homo
2062 4486 2194 4526 con-

625 4559 848 4630 iunctus
880 4569 962 4612 est
994 4573 1088 4628 per
1118 4558 1438 4614 Ecclesiam.

698 4651 787 4705 24.
811 4650 915 4716 Qui
943 4653 1134 4704 timetis
1161 4651 1460 4718 Dominum,
1484 4652 1700 4707 laudate
1719 4667 1871 4714 eum;
1897 4653 2193 4709 universum

627 4757 800 4796 semen
820 4740 1007 4803 Iacob,
1031 4741 1321 4809 gloriﬁcale
1345 4758 1479 4795 eum.
1523 4741 1969 4810 Quandoquidem
2006 4742 2192 4798 Eccle-

631 4835 713 4890 sia
751 4835 1271 4906 exgentibusjuxta
1307 4845 1468 4904 atque
1492 4851 1558 4891 ex
1587 4834 1791 4889 lucheis
1821 4843 2056 4897 constat,
2095 4837 2194 4891 hos

633 4936 796 4997 atque
829 4927 949 4982 illos
987 4928 1053 4980 ad
1103 4928 1360 4997 hymnum
1395 4927 1795 4980 concinendum
1827 4927 2048 4981 excitat.
2086 4926 2195 4982 llos

630 5019 849 5089 quidem
873 5035 902 5072 a
932 5033 1132 5089 proavo
1157 5034 1258 5073 suo
1303 5017 1472 5073 Jacob
1519 5029 1683 5089 atque
1731 5021 1895 5075 Israel
1943 5035 2148 5075 vocans
2173 5058 2188 5082 .

631 5109 756 5164 illos
800 5109 1014 5162 virtutis
1046 5109 1265 5163 nomine
1292 5109 1605 5178 compellat,
1649 5126 1769 5179 qnce
1799 5111 2016 5179 quidem
2049 5111 2191 5164 valet

632 5201 844 5270 generis
875 5201 994 5255 loco
1026 5201 1274 5254 homines
1299 5217 1585 5255 exornare.
1618 5201 1690 5255 Ita
1719 5200 1939 5257 Judmos
1976 5217 2070 5256 eos
2099 5202 2194 5269 qni

632 5306 696 5344 ex
724 5291 974 5360 gentibus
1003 5291 1068 5344 ad
1116 5291 1285 5359 legem
1317 5295 1637 5347 accederent
1685 5310 1803 5348 mos
1850 5303 1968 5347 erat
2007 5293 2196 5364 appel-

633 5378 766 5432 lare.
794 5381 954 5447 quue
995 5394 1091 5432 nos
1121 5381 1309 5433 edocet
1340 5380 1573 5434 Actunm
1617 5382 1860 5435 historia.
1892 5381 2028 5434 Cum
2072 5398 2196 5436 ora-

635 5478 712 5522 ret
736 5471 878 5523 enim
911 5471 1098 5524 beatus
1129 5469 1350 5530 Paulus.
1373 5473 1450 5524 sic
1478 5473 1548 5526 ait
1573 5473 1616 5503 ³³
1643 5491 1656 5526 :
1699 5471 1806 5524 Viri
1831 5470 2114 5535 Israelitar,
2148 5484 2198 5528 et

634 5561 724 5630 qui
752 5562 887 5613 inter
915 5577 1000 5615 vos
1032 5564 1223 5615 timetis
1256 5562 1564 5618 Dominum.

710 5783 755 5814 “
778 5783 966 5841 Matth.
993 5804 1081 5854 xv,
1111 5788 1198 5844 26.
1274 5789 1319 5818 "
1341 5788 1460 5843 Act.
1497 5803 1616 5852 xm,
1655 5788 1740 5842 {6.

2292 3276 2482 3330 ἕνωσιν
2513 3277 2656 3348 ἔχειν
2685 3279 2806 3332 καθ’
2845 3281 3140 3334 ὑπόστασιν
3186 3282 3322 3353 μετὰ
3355 3285 3453 3355 τῆς
3489 3284 3707 3356 σαρκός.
3771 3277 3873 3348 Εἷς

2288 3369 2394 3439 γάρ
2428 3369 2573 3422 ἐστιν
2605 3372 2633 3423 ὀ
2683 3372 2915 3442 Χριστὸς
2944 3375 3009 3425 ἐκ
3057 3373 3152 3427 δύο
3191 3373 3300 3427 τῶν
3335 3376 3622 3441 ἐναντίων,
3660 3375 3873 3440 τέλειος

2286 3459 2418 3523 Θεὸς
2455 3463 2549 3513 καὶ
2571 3462 2776 3526 τέλειος
2803 3463 3105 3536 ἄνθρωπος.
3150 3467 3416 3531 Ἐκείναις
3441 3467 3496 3522 δὲ
3526 3469 3592 3522 ἐκ
3621 3469 3873 3540 διαλειμ-

2290 3551 2474 3620 μάτων
2489 3551 2761 3624 ἐπιφοιτᾷ.
2783 3556 2934 3624 Τάχα
2948 3557 3004 3610 δὲ
3024 3547 3118 3610 καὶ
3139 3559 3237 3626 τὴν
3253 3562 3611 3630 παραστᾶσαν
3639 3563 3876 3634 Ἐκκλη-

2289 3641 2406 3693 σίαν
2447 3642 2594 3712 αὐτῷ
2621 3643 2768 3712 λέγει
2804 3648 3097 3718 μονογενῆ,
3133 3647 3218 3701 διὰ
3246 3649 3304 3701 τὸ
3337 3649 3410 3720 μὴ
3442 3650 3583 3720 ἔχειν
3616 3655 3806 3706 σπῖλον
3837 3656 3872 3726 ἦ

2291 3734 2476 3804 ῥυτίδα
2505 3737 2566 3788 ὲκ
2603 3737 2710 3792 τῶν
2736 3737 2982 3809 ἁμώμων
3016 3741 3510 3814 συμπληρουμένην
3555 3746 3696 3798 κατα
3731 3765 3872 3818 προ-

2289 3827 2464 3896 κοπὴν
2501 3829 2564 3880 ἐκ
2612 3830 2719 3882 τῶν
2767 3831 3027 3901 ἐξήκοντα
3075 3833 3360 3902 βασιλίδων
3405 3839 3500 3889 καὶ
3539 3839 3874 3910 ὀγδοήκοντα

2289 3919 2594 3974 παλλακῶν.
2623 3921 2641 3994 ]

2361 4099 2570 4154 Σῶσόν
2597 4120 2672 4170 με
2704 4105 2772 4157 ἐκ
2810 4108 3105 4174 στόματος
3127 4107 3396 4175 λέοντος,
3419 4111 3514 4162 καὶ
3545 4109 3662 4164 ἀ.τό
3699 4109 3876 4178 κερά-

2289 4208 2408 4243 των
2433 4195 2852 4262 μονοκερώτων
2882 4198 2995 4263 τὴν
3024 4200 3386 4254 ταπείνωσίν
3409 4218 3548 4269 μου.
3577 4202 3877 4270 Διηγήσοο

2284 4300 2391 4351 μαι
2441 4283 2506 4336 τὸ
2537 4283 2722 4352 ὄνομά
2761 4302 2876 4339 σου
2925 4286 3046 4352 τοῖς
3101 4288 3385 4356 ἀδελφοῖς
3403 4303 3558 4358 μου⁶
3587 4289 3660 4341 ἐν
3695 4287 3878 4356 μέσῳ

2304 4375 2660 4441 Ἐκκλησίας
2694 4376 2943 4443 ὑμνήσω
2990 4393 3082 4431 σε.
3134 4377 3409 4431 Ἐδίδασκε
3456 4377 3562 4452 γὰρ
3599 4379 3748 4449 ἡμᾶς
3776 4380 3877 4434 τὸν

2294 4464 2451 4532 φύσει
2484 4465 2577 4518 καὶ
2601 4463 2825 4535 ἀληθείᾳ
2845 4465 2974 4519 Θεὸν
3005 4467 3098 4519 καὶ
3121 4467 3403 4536 ὁμοούσιον
3427 4467 3594 4520 αὐτοῦ
3623 4467 3872 4541 Πατέρα.

2227 4574 2270 4628 ι)
2299 4556 2464 4610 Πάλιν
2500 4555 2572 4618 ὼς
2609 4555 2890 4626 ἄνθρωπος
2926 4558 3127 4626 ἥνωται
3156 4558 3243 4612 διὰ
3279 4559 3382 4628 τῆς
3419 4560 3769 4632 Ἐκκλησίας.

2370 4648 2433 4698 οι
2471 4646 2823 4714 φοϐούμενοι
2869 4647 2975 4699 τὸν
3019 4649 3275 4716 Κύριον,
3322 4649 3601 4705 αἱνέσιιτε
3645 4654 3874 4706 αὐτόν’

2295 4737 2459 4791 ἅπαν
2489 4737 2555 4790 τό
2582 4737 2819 4807 σπέρμα
2858 4737 3083 4803 Ἰακὼϐ,
3117 4739 3415 4805 δοξάσατε
3443 4743 3647 4796 αὐτόν.
3700 4744 3884 4797 Ἐπευ-

2296 4830 2360 4898 δὴ
2406 4829 2572 4901 γὰρὴ
2628 4828 2922 4901 Ἐκκλησία
2958 4831 3048 4883 καὶ
3089 4831 3148 4895 ἐξ
3177 4832 3344 4885 ἐθνῶν
3374 4834 3468 4886 καὶ
3497 4833 3554 4900 ἐξ
3604 4834 3879 4889 Ἰουδαίων

2299 4921 2624 4991 συνέστηκε,
2679 4923 2771 4974 καὶ
2817 4921 3035 4984 τούτους
3080 4925 3172 4974 καὶ
3204 4923 3441 4987 ἐκείνους
3473 4928 3552 4988 εἰς
3583 4925 3674 4978 τὸν
3707 4925 3880 4996 ὕμνον

2298 5014 2497 5082 ἐγείρει
2519 5029 2533 5044 ⁸
2562 5015 2687 5077 τοὺς
2713 5014 2812 5084 μὲν
2835 5015 2942 5067 ἀπὸ
2967 5014 3060 5067 τοῦ
3087 5016 3428 5086 προπάτορος
3448 5017 3729 5086 ὀνομάζων
3772 5020 3881 5075 Ἰα-

2298 5103 2414 5156 κὼὁ
2443 5121 2501 5157 τε
2532 5105 2627 5157 καὶ
2664 5105 2898 5176 Ἰσραὴλ,
2929 5106 3056 5169 τοὺς
3081 5106 3136 5159 δὲ
3167 5107 3276 5159 ἀπὸ
3303 5109 3400 5177 τῆς
3429 5109 3649 5179 αρετῆς,
3676 5110 3754 5172 ὡς
3779 5112 3882 5183 ἁρ-

2300 5196 2502 5265 κούσης
2536 5197 2655 5248 ἀντὶ
2685 5197 2876 5264 γένους
2907 5199 3202 5268 κοσμῆσαι.
3267 5199 3426 5252 Οὕτω
3458 5201 3552 5253 καὶ
3589 5201 3882 5268 Ἰουδαίους

2298 5290 2424 5351 τοὺς
2449 5287 2507 5353 ἐξ
2535 5287 2703 5341 ἐθνῶν
2722 5289 2800 5360 τῷ
2821 5289 2970 5360 νόμῳ
2991 5292 3313 5360 προσιόντας
3331 5292 3451 5357 ἔθος
3473 5289 3541 5364 ἦν
3567 5295 3877 5363 ὀνομάζειν.

2300 5380 2410 5432 Καὶ
2446 5379 2610 5432 τοῦτο
2643 5383 2791 5452 ἡμᾶς
2822 5384 2855 5450 ἡ
2891 5381 2998 5435 τῶν
3028 5382 3286 5454 Πράξεων
3338 5384 3546 5456 ἱστορία
3593 5384 3841 5439 διδάσκει

2300 5471 2625 5546 δημηγορῶν
2647 5473 2754 5544 γὰρ
2783 5476 2812 5526 ὁ
2843 5474 2986 5536 θεῖος
3023 5475 3345 5539 Ἀπόττολος
3373 5476 3543 5539 οὕτως
3567 5475 3672 5546 ἔφη
3700 5494 3714 5507 ·
3748 5480 3869 5531 "Ar-

2301 5561 2440 5628 δρες
2480 5565 2860 5633 Ἰσραηλῖται,
2898 5568 2994 5622 καὶ
3027 5573 3080 5622 οι
3118 5570 3188 5622 ἐν
3214 5570 3356 5640 ὑμῖν
3383 5571 3741 5640 φοϐούμενοι
3776 5573 3877 5625 τὸν

2307 5652 2542 5718 Κύριον.
