4032 6418
142 376 234 431 137

203 490 335 541 Ὀτι
363 490 473 542 οὐκ
498 486 927 552 ἐξουδένωσεν.
998 487 1065 537 Ἀ
1092 484 1450 555 κατώρθωσεν
1482 488 1613 557 ἡμῖν
1646 486 1711 538 δι’
1740 494 1789 551 Α

136 579 328 633 ἑαυτοῦ
359 581 387 631 ὁ
415 579 722 650 Μονογενὴς
754 578 1053 632 ἐκδιδάσκει
1087 578 1289 645 σαφῶς.

202 673 370 739 Παρὰ
394 672 510 726 σοῦ
535 676 567 725 ὀ
586 672 830 737 ἔπαινός
852 690 970 740 μου
1014 672 1078 723 Ἐ
1088 688 1273 723 παινον
1295 670 1392 740 τὴν
1408 670 1714 739 δοξο).ογίαν

136 764 331 833 φησίν·
365 765 480 816 ἔστι
522 764 579 817 δὲ
608 763 812 832 ταύτην
855 762 1005 833 παρᾶ
1031 762 1125 814 τοῦ
1165 763 1374 833 Ila-:95;
1420 763 1715 833 γενομένην

138 856 285 917 ζίιείν,
317 857 406 908 ὅτε
434 852 566 925 ἦλθε
593 854 743 926 φωνὴ
772 854 975 908 ἄνωθεν
996 854 1227 920 λέγουσα
1252 870 1263 880 ·
1290 855 1397 908 Καὶ
1425 853 1711 915 ἐδόξασα,

131 948 234 1001 καί
260 947 449 1001 πάλιν
475 946 731 1011 δοξάσω.
770 945 781 1016 |
808 948 878 999 Ἦ
896 948 976 997 ὅτι
1004 945 1189 1017 ὥσπερ
1210 946 1320 1013 ἐγώ
1341 962 1398 998 σε
1422 945 1578 1014 δῆλον
1606 948 1717 1008 τοῖς

135 1036 443 1108 ἀνθρώποις
474 1037 704 1107 ἐποίησα
725 1075 738 1099 ,
765 1036 907 1087 οὕτω
941 1035 1033 1087 καὶ
1068 1036 1131 1087 σὺ
1165 1036 1382 1097 παντως
1418 1036 1515 1106 τὴν
1545 1036 1716 1108 αὑτήν

134 1144 226 1197 μοι
271 1129 569 1198 προσάγεις
601 1127 764 1197 τιμὴν
785 1171 799 1188 ,
834 1126 927 1179 νῦν
963 1127 1060 1196 μὲν
1087 1127 1257 1195 λέγων
1280 1144 1292 1158 ·
1325 1123 1511 1192 οὗτός
1547 1127 1717 1179 ἐστιν

132 1221 163 1270 ό
207 1219 343 1284 Υίός
367 1236 522 1287 μου’
560 1218 653 1270 νῦν
699 1218 755 1270 δὲ
800 1218 1200 1271 ἀποκαλύπτων
1246 1218 1437 1289 Πέτρῳ
1482 1220 1715 1280 καὶτοῖς

139 1308 410 1379 λοιποῖς.]
468 1308 577 1372 Tite
599 1307 787 1376 εὐχάς
806 1326 926 1376 μου
958 1306 1266 1361 ἀποδώσω.
1301 1308 1446 1377 eam
1472 1310 1504 1376 ἡ
1543 1308 1715 1374 ἐπαγ-

127 1399 287 1467 γελία
316 1399 469 1470 παρὰ
499 1401 565 1468 τῇ
601 1398 719 1467 θεία
745 1399 1069 1470 ὀνομάζεται
1105 1401 1316 1471 Γραφῇ.
1382 1398 1590 1451 Οὐκοῦν
1614 1398 1714 1468 τῆς

130 1489 383 1559 ὑπακοῆς
408 1487 754 1557 ὲκπλήρωσις
789 1490 822 1559 ἡ
867 1489 1131 1559 γενομένη
1174 1488 1320 1558 παρᾶ
1349 1486 1442 1540 τοῦ
1474 1486 1602 1539 Υἱοῠ
1638 1487 1715 1557 τῷ

129 1583 308 1651 Πατρὶ
354 1580 516 1650 μέχρι
541 1579 770 1633 θανάτου
795 1580 1057 1644 ὡσαύτως
1090 1580 1155 1633 ἂν
1194 1579 1407 1651 νοηθείη
1431 1620 1445 1642 ,
1520 1564 1715 1647 ἁποδό-

130 1674 320 1744 θείσης
353 1673 452 1742 τῆς
483 1672 647 1742 εὐχῆς
678 1673 805 1744 παρ’
831 1672 993 1725 αὑτοῦ
1028 1672 1103 1741 τῷ
1136 1672 1329 1743 Πατρί.
1391 1671 1579 1743 [Εὑχὴ
1619 1672 1718 1740 μὲν

128 1766 162 1835 ἡ
184 1764 491 1833 ἐπαγγελία
514 1764 662 1835 παρὰ
685 1768 749 1834 τῇ
778 1765 897 1835 θείᾳ
918 1764 1243 1836 ὀνομάζεται
1265 1765 1453 1835 Γραφῇ
1473 1779 1489 1803 τ
1508 1762 1718 1815 Οὐκοῦν

126 1856 162 1923 ἡ
186 1854 289 1924 τῆς
312 1854 560 1923 ὑπακοῆς
581 1854 926 1926 ἐκπλήρωσις
948 1856 980 1925 ὴ
1003 1856 1269 1926 γενομένη
1298 1854 1448 1925 παρὰ
1468 1853 1715 1933 τοῦθϊίοῦ

1240 371 1600 428 EXPOSITIO
1638 372 1704 427 IN
1743 372 2073 428 PSALMUM
2114 372 2253 426 .\'.\'l.

3283 376 3381 431 138

1882 486 1973 541 25.
2010 488 2272 553 Quoniam
2303 504 2404 540 non
2437 487 2647 555 sprevit,
2684 498 2789 542 etc.
2824 488 2956 554 Quae
2993 492 3162 545 nostri
3209 497 3383 563 gratia

1819 576 2135 648 Unigenitus
2169 593 2331 647 opera
2359 578 2520 633 edidit
2556 580 2842 648 perspicue
2865 580 3041 635 docet.

1806 728 1821 749 ἱ
1887 671 1979 726 26.
2011 671 2164 740 Apud
2192 681 2240 725 te
2267 671 2383 725 laus
2415 687 2551 735 mea,
2613 682 2717 725 ctc.
2750 670 2989 727 Laudem
3022 682 3175 727 vocat
3217 674 3381 744 glori-

1819 748 2165 826 ﬁcationem;
2207 761 2455 817 videmus
2505 770 2685 815 autem
2732 763 2877 815 illam
2912 778 2943 816 a
2991 761 3151 817 Patre
3182 764 3380 819 editam

1817 866 1941 905 cum
1972 866 2074 904 vox
2106 850 2337 920 desuper
2367 849 2552 905 audita
2581 861 2663 906 est
2686 892 2701 904 .
2736 850 2803 904 Et
2852 852 3145 921 glori/icavi
3192 864 3242 907 et
3286 855 3387 909 ite—

1818 960 1936 996 rum
1967 944 2271 1015 gtoriﬁcabo
2294 943 2361 995 ⁸ο.
2394 942 2528 1015 [Aut
2554 944 2682 1012 quia
2713 945 2857 999 sicut
2883 960 2983 1013 ego
3039 954 3091 999 te
3142 945 3381 1000 homini-

1819 1035 1921 1090 bus
1951 1035 2299 1090 manifestum
2329 1034 2453 1099 ieci,
2485 1034 2673 1090 codem
2704 1052 2933 1104 prorsus
2961 1037 3121 1091 modo
3165 1046 3220 1089 tu
3249 1038 3383 1090 mihi

1818 1143 2004 1197 parem
2036 1128 2297 1182 honorem
2327 1127 2686 1195 conciliabis;
2724 1129 2887 1183 modo
2916 1129 3102 1184 dicens
3127 1146 3140 1182 :
3176 1127 3278 1181 llic
3306 1140 3384 1183 est

1817 1220 1961 1289 ﬁlius
1990 1236 2133 1272 meus
2154 1220 2222 1283 ιι,
2255 1218 2420 1273 modo
2450 1219 2685 1289 idipsum
2726 1219 2886 1274 Petro
2932 1221 3180 1275 revolans
3224 1230 3385 1291 atque

1818 1309 2077 1382 caalcris.]
2106 1310 2237 1365 Vota
2270 1328 2383 1365 mea
2413 1311 2653 1377 reddam,
2683 1321 2785 1366 etc.
2819 1310 3066 1366 Precatio
3113 1312 3167 1366 in
3206 1312 3383 1366 divina

1820 1402 2101 1474 Scriptura
2129 1413 2314 1459 votum
2349 1419 2445 1459 seu
2478 1405 2770 1473 promissio
2796 1414 3040 1459 vocatur.
3073 1402 3262 1473 Itaque
3293 1404 3387 1459 ob-

1817 1494 2114 1564 sequentiaa
2131 1494 2255 1549 Filii
2284 1509 2414 1565 erga
2444 1493 2661 1549 Patrem
2687 1510 2859 1565 usque
2889 1496 2957 1550 ad
2987 1504 3215 1549 mortem
3247 1512 3386 1565 prae-

1818 1587 1958 1642 stita‘.
2008 1588 2411 1642 consummatio
2447 1596 2550 1651 est,
2604 1604 2727 1658 quae
2769 1599 2902 1644 tunc
2949 1587 3090 1644 facta
3139 1588 3388 1660 intelligi-

1818 1688 1925 1743 tur,
1950 1694 2076 1734 cum
2115 1676 2263 1734 Patri
2306 1679 2666 1751 precationem
2710 1679 2926 1735 obtulit.
2970 1679 3244 1752 [Precatio
3290 1697 3383 1736 seu

1818 1779 2001 1823 votum
2035 1770 2327 1839 promissio
2352 1780 2578 1826 vocatur
2602 1772 2657 1825 in
2686 1771 2867 1827 divina
2900 1772 3178 1843 Scriptura
3207 1796 3219 1827 :
3260 1789 3385 1827 cum

1818 1860 2002 1930 itaque
2029 1861 2086 1914 in
2120 1862 2378 1916 omnibus
2399 1860 2550 1916 Patri
2578 1862 2872 1918 obsecutus
2897 1862 3068 1919 Filius
3098 1864 3187 1927 sit,
3219 1864 3384 1919 etiam

128 1946 331 2016 Πατρὶ,
359 1947 455 2001 καὶ
480 1945 637 1999 τοῦτο
667 1946 827 2018 μέχρι
859 1945 953 1999 τοῦ
981 1948 1212 2001 θανάτου
1241 1946 1463 2016 σαρκός.
1528 1940 1715 2015 ᾨσαύ-

1819 1967 1992 2021 usque
2030 1952 2096 2007 ad
2123 1961 2353 2007 mortem
2382 1952 2682 2017 carnalem,
2715 1968 2812 2022 pro
2842 1961 2969 2008 voto
2996 1952 3145 2008 Patri
3178 1952 3387 2009 reddito

126 2056 235 2102 τως
261 2038 329 2092 ἂν
351 2037 571 2110 νοηθείη
596 2038 950 2108 ἀποδοθείσης
972 2039 1072 2110 τῆς
1098 2039 1264 2109 εὐχῆς
1290 2040 1417 2108 παρ’
1445 2036 1609 2090 αὑτοῦ
1636 2037 1714 2106 τῷ

130 2131 361 2203 Πατρί.]

1820 2045 1988 2114 probe
2015 2044 2360 2117 accipiatur.]

209 2227 402 2282 Daniel
440 2227 750 2282 Barbarus:
789 2227 921 2281 l'ota
946 2242 1083 2281 mea.
1109 2225 1357 2281 Precatio
1392 2226 1475 2281 vel
1507 2237 1712 2287 votum,
1748 2226 2041 2295 promissio
2074 2237 2158 2281 est
2189 2226 2419 2294 alicujus
2444 2243 2632 2282 eorum
2661 2245 2782 2299 quae
2809 2229 3051 2300 religioni
3078 2238 3385 2284 sacrantur.

131 2323 458 2394 Deprecatio
485 2338 617 2379 vero
648 2336 732 2380 est
758 2323 986 2395 supplex
1016 2323 1285 2376 bonorum
1318 2322 1508 2391 petitio
1535 2336 1565 2375 a
1605 2322 1735 2376 Deo.
1774 2320 1942 2377 Docet
1968 2332 2149 2376 autem
2179 2337 2360 2377 sermo
2388 2338 2456 2377 ne
2487 2324 2639 2392 prius
2671 2339 2699 2377 a
2729 2324 2840 2377 Deo
2884 2324 3185 2393 quidquam
3230 2331 3385 2392 peta-

131 2434 279 2484 mus,
313 2434 479 2488 quam
511 2419 714 2474 donum
744 2433 843 2488 pro
881 2415 1193 2487 accipienda
1224 2410 1401 2495 gratiﬁ
1426 2415 1741 2471 oﬂ‘eramus.
1773 2415 2014 2481 Precari,
2046 2418 2151 2471 hoc
2178 2427 2281 2483 est,
2312 2431 2507 2472 vovere
2537 2417 2691 2486 prius
2715 2426 2950 2487 oportet,
2987 2432 3150 2488 quam
3196 2415 3386 2484 depre-

132 2510 277 2563 cari.
317 2508 789 2574 Quemadmodum
826 2507 966 2562 satio
992 2505 1271 2561 fructuum
1299 2504 1671 2561 collectionem
1724 2506 1997 2577 praecedit.
2035 2504 2260 2577 Oportet
2288 2507 2434 2560 enim
2490 2506 2641 2576 prius
2671 2507 2854 2575 jacere
2887 2504 3268 2575 promissionis
3298 2523 3386 2561 sc-

133 2599 309 2659 miua.
337 2604 394 2651 et
418 2596 500 2651 sic
534 2595 660 2651 inde
698 2594 910 2651 iructus
936 2593 1099 2649 ferre.

201 2713 501 2784 Φάγονται
536 2710 917 2781 πένητες,καί
947 2709 1505 2823 ἐμπλησίζῄσονται.
1540 2706 1713 2773 Προσ-

129 2810 425 2881 αγόρευσις
473 2808 571 2879 τῆς
612 2807 717 2861 τῶν
745 2806 914 2861 ἐθνῶν
945 2799 1337 2877 κλήσεωςίδιὰ
1376 2799 1577 2853 τούτων
1620 2817 1715 2871 ση-

134 2903 410 2971 μαίνεται.
1119 2958 1129 2971 ε

204 2993 315 3048 Καὶ
344 2990 893 3075 προσκυνήσουσιν
934 2968 1193 3043 ἐνώπίον
1220 2988 1407 3044 αὑτοῦ
1433 2987 1617 3043 πᾶσαι
1658 2992 1717 3042 al

1885 2702 1977 2757 27.
2021 2702 2191 2757 Edent
2238 2719 2487 2771 pauperes
2515 2712 2566 2756 et
2610 2704 3013 2761 saturabuntur.
3051 2705 3210 2763 Hisce
3251 2725 3384 2780 gen-

1820 2795 1953 2849 tium
1985 2795 2194 2850 vocatio
2208 2794 2677 2866 praesigniﬁcatur.

1887 2973 1976 3026 28.
2012 2972 2079 3026 Et
2114 2975 2409 3031 adorabunt
2454 2975 2510 3027 in
2549 2985 2825 3044 conspectu
2854 2977 2969 3045 ejus
3000 2979 3258 3033 universa:
3298 2980 3384 3040 fd-

131 3064 512 3153 πτιτριαὶ-ίὶῶν
529 3081 739 3137 ἐθνῶν.
764 3064 1325 3151 Μαιλεῦσαὶλέγεται
1349 3082 1457 3136 τῶν
1477 3083 1570 3134 ἐπὶ
1592 3082 1712 3151 γῆς,

1823 3064 1988 3119 milite
2031 3067 2283 3135 gentium.
2340 3064 2587 3137 Regnare
2618 3067 2817 3122 dicitur
2846 3069 2901 3121 in
2954 3078 3097 3123 terra
3126 3072 3227 3125 etsi
3260 3087 3388 3139 qua-

129 3179 309 3231 καίτοι
333 3177 585 3248 βασιλεὺς
610 3175 827 3230 πάντων
850 3174 924 3227 ὢν
949 3174 1084 3227 καθὸ
1103 3175 1255 3238 Θεὸς,
1285 3174 1371 3227 διὰ
1393 3174 1453 3226 τὸ
1474 3174 1717 3242 ἐπιστρέ-

128 3270 227 3337 ψαι
259 3270 454 3333 αὐτοὺς
485 3269 551 3321 ἐκ
579 3271 677 3338 τῆς
707 3266 814 3319 τῶν
847 3266 1116 3335 δαιμόνων
1150 3265 1358 3336 πλάνης
1391 3267 1470 3327 είς
1499 3266 1597 3336 τὴν
1621 3266 1718 3317 αὑ-

128 3357 224 3416 τοῦ
263 3361 467 3425 πίστιν,
498 3360 591 3412 καὶ
619 3357 1035 3428 εὐγνωμοσύνην
1064 3358 1160 3410 καὶ
1183 3356 1544 3428 δικαιοσύνην.

202 3452 328 3504 Ὅτι
352 3448 461 3503 τοῦ
493 3449 715 3517 Κυρίου
743 3449 781 3516 ἡ
802 3448 1092 3513 ,ϐασιλεία
1114 3489 1128 3511 .
1165 3448 1265 3502 καί
1292 3449 1475 3515 αὐτὸς
1501 3448 1719 3503 δεσπό-

132 3543 206 3602 ξει
230 3542 355 3595 τῶν
379 3539 589 3595 ἐθνῶν.
622 3540 696 3594 0'5
721 3539 830 3611 γὰρ
860 3540 1020 3609 μόνον
1053 3540 1323 3593 Ἰουδαίων
1354 3538 1484 3603 Θεὸς
1507 3541 1533 3592 ὁ
1562 3540 1714 3603 Θεὸς,

131 3635 208 3697 ὡς
238 3635 439 3686 ἐκεῖνοι
472 3632 811 3703 νομίζουσιν,
857 3630 993 3684 ἀλλὰ
1035 3631 1213 3701 πάσης
1246 3631 1343 3699 τῆς
1372 3630 1717 3702 ἀνθρωπίνης

131 3726 350 3795 φύσεως
375 3728 625 3796 ποιητής.
659 3723 829 3779 Τοῦτο
864 3724 957 3776 καὶ
995 3724 1024 3775 ο
1064 3722 1381 3786 Ἀπόστολὸς
1419 3740 1581 3794 φησιν
1603 3739 1616 3752 °
1648 3719 1720 3775 Ἦ

143 3817 453 3871 Ἰουδαίων
471 3817 505 3869 ὁ
530 3815 674 3880 Θεὸς
687 3818 917 3883 miror;
951 3814 1097 3884 Οὐχὶ
1118 3819 1213 3867 καὶ
1233 3814 1455 3878 ὲθνῶν;
1486 3814 1597 3871 Ναί
1617 3815 1715 3868 καὶ

130 3907 346 3963 ἐθνῶν.
398 3907 673 3975 Ἐπείπερ
698 3901 785 3973 εἷς
805 3909 837 3960 ὁ
864 3906 1007 3972 Θεὸς
1026 3946 1040 3965 ,
1069 3905 1463 3972 ὃς-δικαιώσει
1485 3922 1714 3974 περιτο-

127 4000 256 4070 μὴν
266 3999 335 4052 ἐκ
352 3999 632 4065 πίστεως,
646 3999 751 4052 καὶ
774 3998 1175 4065 ἀκροϐυστίαν
1194 3998 1291 4051 διὰ
1310 3997 1419 4066 τῆς
1438 3998 1713 4064 πίστεως.

205 4092 500 4158 Ἐρατον,
542 4088 639 4142 καὶ
676 4088 1143 4155 προσεκύνησαν
1175 4086 1396 4154 πάντες
1421 4089 1476 4141 oi
1509 4088 1715 4153 πίονες

132 4178 243 4247 τῆς
272 4177 409 4246 τῆς.
444 4178 556 4247 Τὴν
586 4176 958 4248 πνευματικὴν
985 4176 1226 4247 δηλονότι
1252 4178 1475 4249 τροφήν.
1516 4176 1714 4242 Πίονας

131 4269 187 4321 δὲ
216 4267 417 4329 αὐτοὺς
454 4265 609 4319 καλεῖ
632 4264 720 4318 διὰ
748 4265 808 4318 τὸ
847 4266 1112 4337 εὐτραφὲς
1152 4265 1261 4319 τῶν
1291 4264 1451 4319 θείων
1496 4264 1711 4333 λογίων,

144 4355 440 4410 Ἐνώπιον
473 4355 660 4409 αὐτοῦ
712 4354 1039 4412 πεσοῦνται
1079 4354 1302 4421 πάντες
1336 4358 1390 4409 οι
1434 4356 1713 4409 καταϐαί-

1821 3167 1980 3214 tenus
2007 3168 2090 3214 est
2122 3158 2263 3214 Deus
2294 3174 2390 3214 rex
2435 3169 2520 3215 est
2551 3159 2960 3226 universorum,
3011 3161 3139 3230 quia
3173 3162 3386 3217 scilicet

1819 3252 2087 3304 convertit
2135 3260 2323 3320 gentes
2369 3267 2434 3306 cx
2494 3267 2683 3307 errore
2741 3252 3053 3307 daemonum
3098 3253 3171 3310 ad
3223 3254 3384 3309 iidem

1818 3357 1997 3409 suam,
2036 3352 2089 3397 et
2117 3343 2185 3395 ad
2211 3342 2595 3411 gratitudinem
2626 3353 2679 3397 et
2707 3343 2972 3412 justitiam

1888 3433 1980 3488 29.
2006 3432 2269 3497 Quoniam
2308 3431 2517 3487 Domini
2546 3443 2621 3489 est
2658 3449 2873 3501 regnum
2906 3442 2955 3488 et
2998 3433 3105 3503 ipse
3142 3434 3385 3490 dominu-

1820 3529 1961 3581 bitur
1982 3528 2236 3597 gentium.
2268 3526 2412 3582 Deus
2432 3544 2539 3582 non
2566 3529 2877 3582 indmorum
2911 3529 3081 3585 solum
3106 3540 3188 3586 est
3218 3530 3387 3598 Deus,

1819 3632 1880 3675 ut
1911 3620 2248 3674 arbitrantur
2298 3620 2424 3689 ipsi,
2459 3619 2551 3674 sed
2587 3621 2753 3675 totius
2794 3620 3044 3675 humanae
3074 3621 3253 3690 opifex
3289 3639 3387 3678 na-

1821 3722 1974 3767 turai.
2018 3713 2074 3764 ιιι
2122 3712 2415 3781 Apostolus
2459 3728 2676 3782 quoque
2716 3712 2791 3766 ait
2812 3715 2899 3768 “z
2950 3716 3034 3768 Au
3073 3712 3386 3769 Judaorum

1819 3802 1957 3857 Deus
1983 3803 2156 3856 solum
2180 3803 2205 3855 .9
2234 3802 2421 3856 Nonne
2464 3812 2514 3856 et
2561 3806 2792 3873 gentium
2818 3808 2843 3860 .9
2873 3803 2991 3859 Iino
3036 3818 3085 3860 et
3131 3810 3385 3877 gentium.

1818 3895 2080 3961 Quoniam
2114 3912 2247 3948 unus
2275 3904 2352 3949 est
2380 3895 2521 3950 Deus
2552 3899 2641 3967 qui
2664 3897 2988 3967 justiﬁcabit
3027 3901 3387 3955 circumcisio-

1816 4004 1929 4040 nem
1961 4002 2024 4040 ex
2051 3986 2173 4055 ﬁde.
2198 3995 2245 4041 et
2282 3988 2599 4055 pra’putium
2619 4005 2711 4057 per
2730 3989 2911 4058 ﬁdem.

1885 4079 1973 4132 50.
2014 4078 2465 4132 Manducaverunt
2505 4088 2554 4131 et
2596 4079 3143 4135 adoraveruntomnes
3172 4082 3385 4151 pingues

1819 4178 1991 4222 terra'.
2032 4167 2382 4238 Spiritualem
2414 4170 2664 4223 videlicet
2694 4170 2899 4224 cibum.
2929 4170 3165 4241 Pingues
3208 4182 3385 4226 autem

1818 4270 1999 4325 vocat,
2035 4262 2105 4315 ob
2132 4261 2436 4316 divinorum
2467 4262 2810 4333 cloquiorum
2859 4278 3106 4319 succum.
3154 4263 3221 4318 In
3263 4282 3388 4319 con-

1816 4364 1992 4419 spectu
2022 4355 2135 4423 ejus
2173 4355 2359 4408 cadent
2401 4371 2578 4410 omnes
2624 4358 2714 4426 qui
2742 4357 3057 4412 destendunt
3086 4359 3139 4411 in
3169 4368 3383 4412 terram.

131 4464 347 4514 rcrtec
367 4450 447 4513 εις
476 4446 611 4516 τῆν.
643 4448 812 4501 Τοῦτό
839 4464 992 4517 φησι,
1023 4446 1112 4500 διὰ
1133 4447 1193 4500 τὸ
1218 4447 1419 4500 κλίνειν
1447 4447 1594 4517 αὐτῷ
1620 4449 1711 4516 γό-

1817 4445 1928 4499 Hoe
1965 4447 2041 4499 ait
2069 4447 2197 4515 quia
2225 4447 2407 4500 tldeles
2436 4461 2612 4515 genua
2657 4448 2761 4516 ipsi
2794 4446 3009 4504 ﬂectere
3038 4451 3213 4504 solent
3242 4464 3255 4502 :
3283 4449 3385 4502 hu-

131 4557 193 4590 νυ
226 4539 356 4599 τοὺς
380 4535 751 4599 πιστεύοντας.
784 4532 941 4590 Οὗτοι
968 4536 1025 4589 δὲ
1053 4538 1102 4588 οί
1126 4537 1510 4598 πιστεύσαντες
1542 4537 1709 4591 πάλαι

130 4624 291 4698 ἦσαν.
344 4629 409 4680 ut
440 4626 894 4692 καταϐαίνοντες
917 4630 1004 4693 εις
1031 4626 1146 4695 τὴν
1175 4627 1288 4695 γῆν
1318 4645 1333 4659 ο
1365 4629 1638 4682 τουτέστιν
1661 4633 1707 4684 oi

134 4718 395 4781 πεσόντες
421 4718 499 4780 είς
524 4715 740 4788 ὄλεθρον
769 4717 861 4770 καὶ
900 4717 1133 4789 φθορὰν,
1173 4717 1260 4771 διὰ
1295 4717 1355 4770 τὸ
1396 4717 1470 4789 μὴ
1514 4718 1708 4771 είδέναι

131 4812 331 4873 αὐτοὺς
353 4809 446 4862 τὸν
473 4808 695 4879 Κύριον.

200 4901 313 4957 Kal
344 4903 384 4969 ἡ
415 4899 587 4970 ψυχή
610 4917 729 4969 μου
757 4896 918 4963 αὐτῴ
960 4896 1056 4965 ζῆ,
1086 4898 1185 4951 καί
1212 4899 1276 4951 τὸ
1316 4900 1551 4969 σπέρμα
1588 4917 1707 4969 μου

130 4995 451 5049 δουλεύσει
471 4990 649 5057 αὐτῷ.
715 4991 869 5059 Ἀγία
895 4990 1003 5061 γὰρ
1031 4990 1126 5042 καὶ
1156 4992 1383 5061 ἄμωμος
1409 4994 1441 5062 ἠ
1474 4992 1707 5064 Χριστοῦ

132 5089 323 5157 γέγονε
357 5086 495 5157 ζωὴ,
520 5086 587 5156 ἣν
613 5083 903 5152 πεποίηται
929 5082 1065 5153 μετὰ
1101 5084 1300 5154 σαρκὸς
1328 5083 1421 5137 ἐπὶ
1444 5088 1564 5155 γῆς.
1590 5087 1705 5139 Μό-

132 5198 220 5243 νος
253 5178 366 5251 γὰρ
393 5176 555 5240 αὐτὸς
604 5176 704 5229 οὐκ
732 5174 987 5245 ἐποίησεν
1020 5175 1327 5245 ἁμαρτίαν,
1374 5177 1549 5229 καίτοι
1583 5176 1705 5229 καθ’

131 5271 277 5341 ἡμᾶς
298 5265 560 5337 γεγονὼς,
585 5266 680 5319 καὶ
704 5267 879 5339 σάρκα
900 5263 1079 5318 λαϐὼν
1103 5266 1200 5332 τὴν
1228 5264 1705 5337 φιλαμαρτήμονα.

129 5362 361 5431 Σπέρμα
391 5358 451 5411 δὲ
482 5356 617 5411 Θεοῦ
656 5357 897 5428 νοηθεϊεν
926 5358 992 5412 ἂν
1021 5358 1071 5410 oi
1099 5357 1166 5410 δι’
1190 5356 1353 5409 αὑτοῦ
1382 5357 1705 5428 κεκλημένοι

128 5451 214 5504 δία
242 5451 343 5522 τῆς
376 5449 631 5512 πίστεως.
675 5448 1171 5517 Ἀνατγεοιήσεται
1202 5444 1283 5510 τῷ
1311 5446 1505 5514 Κυρίῳ
1535 5450 1709 5517 γενεὰ

129 5542 167 5609 ἠ
231 5540 552 5613 ἐρχομένη.
614 5541 723 5596 Καὶ
784 5539 955 5595 ταῦτα
1006 5539 1137 5610 περὶ
1205 5537 1313 5591 τῶν
1367 5537 1535 5591 ἐθνῶν
1606 5556 1707 5609 ση-

135 5633 340 5703 μαίνει.

201 5766 428 5823 ”Joan.
479 5782 578 5831 ιιι,
616 5766 706 5821 28.
782 5765 1037 5822 “Matth.
1078 5781 1159 5830 Ill,
1194 5765 1297 5830 l7;
1334 5781 1468 5825 un.
1502 5766 1551 5819 fi.

421 5866 697 5925 PAl'twL.
740 5866 856 5924 (in.
898 5864 1157 5923 XXVII.

1812 4540 2051 4608 jitstnodi
2084 4549 2262 4593 autem
2290 4538 2421 4591 olim
2465 4539 2650 4593 ﬁdeles
2695 4549 2869 4593 erant.
2918 4540 3024 4605 Qui
3070 4543 3386 4595 descendunt

1816 4631 1870 4683 in
1906 4641 2137 4695 terram;
2171 4630 2425 4685 nimirum
2449 4631 2541 4701 qui
2573 4632 2624 4685 in
2664 4632 2961 4701 perniciem
3015 4644 3184 4688 ruunt
3229 4645 3283 4690 ct
3330 4636 3384 4689 in

1816 4725 2244 4792 corruptionem,
2276 4722 2424 4792 quod
2453 4722 2744 4778 Dominum
2783 4739 2889 4779 non
2920 4727 3188 4781 noverint.

1887 4893 1977 4946 51.
2013 4890 2080 4944 Et
2104 4890 2284 4943 anima
2314 4906 2427 4942 mea
2454 4890 2537 4943 illi
2569 4890 2723 4952 vivet,
2743 4899 2792 4943 et
2809 4906 2981 4943 semen
3004 4906 3173 4944 meum
3202 4893 3384 4946 serviet

1815 4986 1937 5051 ipsi.
1975 4982 2171 5037 Sancta
2214 4983 2411 5051 quippe
2449 4992 2504 5035 et
2536 4982 2808 5051 inculpata
2853 4981 3056 5037 Christi
3102 4984 3210 5037 vita
3259 4982 3381 5046 fuit.

1814 5092 1979 5144 quam
2016 5091 2140 5130 cum
2169 5076 2357 5130 labore
2394 5085 2448 5129 et
2477 5090 2721 5129 aerumna
2748 5091 2912 5131 carne
2952 5075 3173 5129 indutus
3202 5084 3384 5130 trans-

1812 5170 1922 5240 egit
1952 5168 2005 5222 in
2048 5178 2211 5223 terra.
2243 5166 2361 5235 Ipse
2389 5183 2626 5238 namque
2656 5169 2808 5223 solus
2838 5176 3120 5238 peccatum
3164 5182 3271 5221 non
3311 5167 3386 5223 [ει

1814 5264 1911 5324 cit,
1951 5261 2052 5315 etsi
2098 5261 2164 5314 ad
2197 5260 2608 5315 similitudinem
2649 5270 2894 5315 nostram
2950 5259 3127 5314 factus
3180 5260 3271 5324 sit,
3329 5269 3385 5314 et

1813 5368 2029 5407 rarnem
2064 5354 2443 5421 assumpserit.
2476 5367 2599 5422 qua:
2635 5368 2730 5418 per
2774 5369 2833 5407 se
2868 5352 3103 5420 peccatis
3143 5352 3379 5406 obnoxia

1810 5457 1930 5502 est:
1966 5461 2151 5501 semen
2188 5454 2371 5499 autem
2403 5444 2497 5500 Dei
2531 5444 2878 5500 existimandi
2912 5446 3006 5514 qui
3063 5444 3133 5499 ab
3175 5459 3242 5498 eo
3286 5460 3381 5513 por

1813 5542 1971 5595 fidem
2000 5549 2131 5593 sunt
2157 5538 2334 5593 vocati
2359 5555 2374 5589 :
2412 5538 2829 5592 Annuntiabitur
2858 5536 3081 5591 Domino
3114 5539 3380 5607 generatio

1815 5636 2051 5681 ventura.
2088 5625 2149 5679 Et
2183 5626 2297 5680 liaze
2320 5642 2538 5697 quoque
2567 5628 2633 5682 de
2666 5628 2915 5698 gentibus
2948 5628 3214 5696 intelligit.

1631 5762 1850 5817 "Rom.
1888 5777 1968 5825 nt,
2007 5760 2099 5827 ‘29,
2136 5761 2221 5815 3U.

3068 5858 3105 5919 5
