4032 6444
654 390 754 446 139

1508 387 1565 441 S.
1606 384 1975 440 ATHANASH
2017 385 2166 441 OPP.
2209 384 2388 439 PARS
2428 385 2515 440 Ill.
2555 413 2622 424 -
2663 382 3072 442 EXEGETICA.

3792 387 3894 440 MO

723 504 812 559 32.
849 502 1050 558 Pavqu
1087 504 1175 574 qui
1228 511 1490 566 nascetur,
1536 519 1685 573 quem
1753 503 1876 572 fecit
1932 502 2210 557 Dominus.
2247 546 2255 566 Α

2389 502 2523 568 Λαῷ
2549 501 2627 568 τῷ
2653 501 3093 572 τεχθησομένῳ,
3144 500 3215 554 ὃν
3239 501 3525 568 ἐποίησεν
3575 502 3607 554 ὁ
3653 503 3890 570 Κύριος.

653 597 791 652 lluic
818 597 992 652 simile
1015 605 1099 652 est
1124 596 1289 650 illud:
1324 594 1445 648 Non
1475 611 1539 649 ea:
1565 595 1927 665 sanguinibus,
1962 612 2122 666 neque
2148 612 2212 650 ea:

652 689 915 744 voluntate
941 689 1139 752 carnis,
1173 687 1261 742 sed
1288 703 1352 741 ex
1387 686 1490 740 Deo
1514 688 1626 740 nati
1647 696 1766 740 sunt
1785 687 1850 739 ⁵³.

1002 779 1052 833 Ι.
1086 777 1427 834 PSALMUS
1460 775 1651 830 David.
1683 775 1879 832 XXII.

1213 872 1252 924 Α
1263 881 1609 940 rgumentum.

653 961 876 1019 Canitur
901 977 1143 1034 praesens
1172 963 1419 1031 psalmus
1463 977 1528 1015 ex
1557 977 1789 1032 persona
1839 960 2074 1031 gentium
2118 977 2214 1015 ex-

726 1055 1045 1110 sultantium
1074 1054 1217 1123 quod
1273 1053 1534 1108 Dominus
1579 1056 1694 1124 ipse
1730 1055 1796 1109 ad
1852 1069 2052 1125 pascua
2097 1054 2218 1107 illas

725 1144 1062 1215 perduceret.
1083 1142 1146 1196 Et
1161 1157 1291 1197 sane
1310 1143 1596 1213 mysticum
1613 1152 1870 1197 enarrant
1886 1141 2215 1206 convivium,

725 1233 871 1304 quod
901 1235 1004 1289 illis
1033 1243 1221 1305 pastor
1251 1233 1512 1290 Dominus
1543 1234 1814 1304 apposuit.

2318 596 2539 666 ’Ὅμοιον
2574 596 2664 658 τὸ,
2693 598 2814 650 Οὐκ
2850 595 2918 659 ἐξ
2947 593 3207 663 αιμὰτων
3231 634 3244 657 ,
3279 593 3422 648 οὐδὲ
3461 595 3529 648 ἐκ
3560 593 3894 663 θελήματος

2313 686 2560 754 σαρκὸς,
2587 686 2744 740 ἀλλὰ
2774 686 2842 738 ἐκ
2883 685 3029 738 Θεοῦ
3056 685 3490 753 ἐγγενήθησαν.

2689 781 2992 832 ΨΑΛΜΟΣ
3037 775 3116 840 τῷ
3149 773 3347 831 Δίιυΐδ.
3388 779 3516 830 KB'.

2935 868 2946 885 '
2962 869 3272 932 Υπόθεσιςι

2316 960 2531 1030 ’ᾼδεται
2552 960 2581 1011 ὁ
2602 957 2957 1029 προκείμενος
2972 957 3181 1028 ψαλμδς
3207 960 3270 1011 ὲκ
3287 956 3575 1029 προσώπου
3591 958 3699 1012 τῶν
3722 959 3893 1011 ἐονῶι

2385 1030 2760 1121 ὰγαλλομένων
2794 1051 2886 1102 ἐπὶ
2921 1050 2981 1102 τὸ
3022 1052 3285 1121 ποιμᾶναι
3324 1050 3520 1114 αὐτοὺς
3547 1050 3636 1102 τὸν
3667 1051 3895 1122 Κύριον.

2385 1144 2495 1197 Kal.
2525 1142 2629 1214 μὴν
2655 1143 2746 1195 καὶ⁴
2773 1139 3037 1213 μυστικὴν
3060 1140 3380 1212 ἐξηγοῦνται
3400 1140 3653 1211 εὐωχίαν,
3670 1145 3736 1213 ἣν
3757 1158 3898 1215 πατι-

2388 1234 2581 1305 έθηκεν
2611 1236 2792 1299 αὐτοῖς
2823 1236 2983 1299 αὐτὸς
3013 1236 3042 1286 ό
3071 1235 3372 1306 ποιμαίνων
3405 1234 3620 1298 αὐτούς.

723 1329 916 1382 Daniel
947 1327 1242 1382 Barbarus.
1269 1326 1522 1382 Psalmus
1549 1337 1632 1382 est
1654 1328 1995 1382 redeuntium
2027 1343 2055 1380 a
2090 1326 2382 1398 Babylonia
2419 1329 2695 1393 servitute,
2725 1329 2986 1398 quoniam
3028 1337 3317 1397 postquam
3354 1326 3528 1398 Cyrus
3557 1342 3645 1382 rex
3678 1341 3776 1380 cos
3810 1325 3900 1378 di-

650 1424 818 1489 misit,
846 1439 969 1478 cum
1008 1438 1200 1494 magna
1232 1424 1416 1478 laetitia
1449 1431 1504 1478 et
1535 1423 1688 1493 copia
1728 1438 1906 1477 rerum
1936 1422 2004 1477 ad
2033 1438 2163 1478 suos
2208 1424 2410 1478 reversi
2453 1433 2598 1479 sunt.
2647 1424 2752 1479 Sed
2794 1433 2848 1478 et
2884 1424 2984 1478 hoc
3022 1422 3216 1477 beatus
3260 1420 3428 1476 David
3458 1430 3581 1476 ante
3627 1420 3781 1476 dicit.
3821 1417 3900 1472 Es

649 1533 878 1588 persona
907 1517 1070 1587 igitur
1101 1517 1343 1587 ipsorum
1367 1518 1421 1572 in
1455 1517 1683 1588 patriam
1720 1518 2104 1572 revertentium
2136 1519 2232 1573 ait.

717 1607 975 1664 Dominus
1004 1609 1176 1679 pascit
1209 1626 1311 1674 me,
1349 1618 1399 1663 et
1444 1610 1576 1663 nihil
1629 1611 1755 1664 mihi
1789 1611 1977 1665 deerit.
2007 1610 2210 1683 Magni-

649 1701 748 1755 lice
777 1701 832 1755 in
857 1699 1086 1756 Domino
1111 1703 1353 1756 sentiunt
1389 1703 1482 1772 qui
1514 1703 1582 1758 ab
1615 1703 1709 1757 illo
1747 1714 2066 1774 pascuntur.

716 1792 771 1846 2.
811 1791 876 1846 In
899 1793 1011 1847 loco
1037 1810 1247 1862 pascua:
1275 1795 1347 1848 ibi
1387 1811 1466 1848 me
1497 1794 1792 1848 collocavit.
1828 1797 1886 1850 In
1920 1795 2101 1850 herbae
2135 1795 2210 1850 lu-
2239 1833 2283 1888 Β

2384 1612 2596 1678 Κύριος
2628 1610 2923 1678 ποιμαίνει
2958 1625 3052 1677 με.
3119 1608 3280 1676 Μέγα
3313 1607 3406 1661 ἐπὶ
3432 1606 3510 1678 τῷ
3543 1606 3732 1677 Κυρίῳ
3767 1625 3901 1679 φρου

2311 1702 2492 1756 νοῦσιν
2522 1704 2570 1754 oi
2601 1704 2726 1773 παρ’
2762 1702 2925 1755 αὑτοῦ
2958 1701 3393 1773 ποιμαινόμενοι.

2383 1799 2485 1861 Είς
2512 1795 2696 1847 τόπον
2727 1797 2915 1862 χλόης
2945 1793 3076 1847 ἐκεῖ
3117 1810 3194 1862 με
3246 1790 3730 1857 κατεσκήνωσεν.
3811 1792 3902 1843 Ἐν

646 1886 915 1941 xuriantis
963 1887 1082 1942 loco
1129 1902 1215 1942 me
1249 1887 1558 1953 collocavit,
1599 1887 1935 1957 spiritualem
1986 1887 2207 1944 herbam
2239 1881 2255 1888 ’

2332 1885 2604 1959 ἱιραιότητι
2647 1885 2782 1948 πόας
2829 1883 3211 1954 κατεσκήνωσέ
3242 1883 3494 1954 μεντὴν
3537 1881 3735 1954 νοητὴν
3759 1882 3900 1934 πόαν

646 1978 798 2032 dicit.
845 1977 1013 2048 Super
1051 1996 1242 2049 aquam
1287 1980 1584 2048 refectioni:
1635 1981 1875 2034 educauit
1925 1997 2025 2035 me.
2057 1981 2210 2050 Aqua
2312 1977 2494 2049 φησίν.

647 2069 961 2126 refectionis
1020 2087 1237 2127 sacrum
1307 2072 1443 2128 forte
1497 2073 1769 2143 baptisma
1845 2073 2210 2143 intelligatur,

649 2164 847 2234 quippe
873 2162 1019 2235 quod
1044 2173 1388 2234 peccatorum
1415 2164 1613 2219 molem
1642 2163 1934 2231 abstergat.

721 2253 890 2327 [ll-acc,
926 2256 1120 2324 inquit,
1159 2255 1337 2324 prmbe
1376 2254 1531 2319 mihi,
1583 2254 1740 2324 prius
1784 2254 1979 2308 anima:
2025 2268 2212 2308 curam

651 2363 884 2418 gerens:
937 2355 1099 2416 atque
1138 2362 1204 2401 ex
1252 2346 1410 2401 devio
1457 2360 1544 2400 me
1583 2355 1907 2411 convertas,
1959 2352 2019 2399 ut
2065 2354 2213 2400 recta

651 2440 862 2510 gradiar
892 2436 1024 2510 via.]

721 2533 772 2586 5.
799 2533 1044 2584 Animam
1085 2546 1248 2584 meam
1277 2531 1544 2584 convertit.
1572 2527 1650 2583 Ex
1683 2529 1990 2600 captivitate
2016 2528 2216 2584 diaboli

652 2621 888 2676 animam
933 2633 1108 2672 meam
1147 2617 1215 2672 ad
1249 2633 1305 2672 se
1334 2627 1678 2686 convertens,
1708 2619 1778 2672 ad
1820 2634 1917 2674 sua
1947 2629 2214 2688 praecepta

651 2713 875 2769 deduxit
909 2711 1055 2766 illam
1086 2725 1154 2766 ex
1189 2720 1365 2765 morte
1393 2710 1460 2764 ad
1501 2710 1686 2764 vitam.
1718 2708 1813 2782 [Ut
1837 2709 1930 2780 qui
1960 2711 2088 2764 olim
2124 2726 2219 2765 ne-

651 2805 824 2873 glecta
853 2802 1034 2856 anima
1061 2816 1160 2856 sua
1196 2798 1477 2865 defecerit,
1509 2816 1572 2856 ac
1602 2816 1696 2870 per
1727 2809 2087 2854 memoratum
2125 2800 2220 2854 de-

652 2894 780 2948 inde
827 2893 1007 2948 cibum
1059 2902 1337 2946 recreatus
1385 2891 1479 2956 sit,
1507 2906 1735 2947 aversus
1784 2899 1839 2945 et
1883 2891 2147 2947 abductus
2187 2907 2218 2946 a

653 2992 858 3049 morte,
888 2986 1000 3035 ait:
1025 2981 1272 3034 Animam
1315 2996 1483 3033 meam
1515 2980 1761 3033 convertit
1795 2981 1847 3033 in
1882 2981 2018 3034 viam
2054 2981 2219 3050 justi-

656 3076 765 3140 tiw,
791 3074 844 3127 in
889 3073 1196 3144 evangelica
1237 3072 1443 3128 scilicet
1486 3072 1757 3144 dogmata.
1787 3072 1845 3129 Si
1887 3074 2220 3128 ambulavero

2576 1976 2706 2031 Ἐπὶ
2750 1975 2967 2042 ὕδατος
3015 1977 3414 2041 ἀναπαύσεως
3460 1974 3751 2043 ἐξέθρεψέ
3799 1990 3896 2044 με.

2315 2071 2496 2142 ’Υδωρ
2534 2069 2893 2132 ἀναπαύσεως
2922 2067 3135 2140 νοηθείη
3167 2066 3232 2120 ἂν
3276 2070 3338 2120 τὸ
3363 2066 3458 2120 τοῦ
3491 2069 3647 2137 ἁγίου
3697 2068 3898 2136 βαπτί-

2315 2180 2551 2234 σματος,
2583 2164 2679 2216 ἆτε
2703 2161 2766 2232 δὴ
2799 2160 2860 2212 τὸ
2887 2161 3103 2231 φορτίον
3143 2159 3420 2228 ὲξαλείφον
3450 2158 3558 2214 τῶν
3589 2160 3898 2231 ἁμαρτιῶν.

2386 2252 2594 2325 [Ταῦτα
2618 2251 2858 2322 παρέσχε
2880 2267 2988 2320 μοι,
3009 2251 3165 2320 φησὶ,
3184 2250 3445 2321 πρότερον
3466 2251 3563 2322 τῆς
3583 2251 3764 2321 ψυχῆς
3789 2252 3903 2303 ἐπι-

2319 2342 2592 2414 μεληθεὶς,
2629 2343 2722 2394 καὶ
2741 2343 2804 2394 ὲκ
2830 2342 2929 2411 τῆς
2961 2341 3171 2405 ἀνοδίας
3194 2341 3525 2412 ἐπιστρέψας
3555 2340 3692 2412 πρὸς
3718 2341 3783 2394 τὸ
3803 2344 3903 2412 τὴν

2316 2435 2528 2490 εὐθεῖαν
2558 2436 2672 2490 ὁδὸν
2704 2436 2927 2489 ὁδεύειν.
2945 2434 2966 2508 ]

2393 2529 2511 2598 Τὴν
2539 2528 2750 2599 ψυχήν
2770 2548 2888 2599 μου
2928 2530 3318 2600 ἐπέστρεψεν.
3369 2531 3463 2584 Ἐκ
3493 2530 3590 2600 τῆς
3620 2529 3904 2601 αἰχμαλω-

2318 2621 2436 2686 σίας
2462 2621 2556 2676 τοῦ
2582 2622 2828 2676 διαϐόλου
2855 2622 3189 2695 ἐπιστρέψας
3220 2623 3357 2695 πρὸς
3383 2623 3572 2676 ἑαυτὸν
3593 2623 3692 2692 τὴν
3717 2622 3903 2693 ψυχήν

2321 2731 2443 2786 μου,
2466 2715 2744 2786 ὡδήγησεν
2772 2717 2865 2767 ἐπὶ
2895 2714 2992 2778 τὰς
3019 2715 3240 2778 ἐντολὰς
3270 2715 3435 2769 αὐτοῦ
3467 2717 3531 2768 ὲκ
3554 2715 3792 2769 Θανάτου
3822 2717 3902 2778 εἰς

2319 2809 2482 2880 ζωήν.
2517 2807 2640 2879 [Ὠς
2673 2807 3055 2879 παρεκλείπων
3084 2807 3249 2861 πάλαι
3275 2807 3372 2878 τὴν
3413 2807 3550 2861 ἰδίαν
3582 2808 3785 2878 ψυχὴν,
3812 2808 3902 2861 διὰ

2317 2899 2417 2969 τῆς
2469 2899 2762 2970 εἰρημένης
2796 2898 3002 2969 τροφῆς
3039 2897 3322 2952 ἀναλαϐὼν
3360 2899 3582 2965 ἑαυτὸν,
3629 2899 3724 2951 καὶ
3772 2898 3901 2950 ἐπι-

2321 2993 2566 3064 στρέφων
2619 2994 2681 3045 er.
2723 2992 2985 3057 θανάτου,
3022 2991 3187 3062 φησί·
3230 2990 3349 3059 Τὴν
3400 2991 3612 3060 ψυχήν
3643 3007 3766 3058 μου
3799 2990 3904 3042 έπ-

2320 3084 2576 3152 έστρεψε
2605 3083 2701 3136 cui
2742 3083 2978 3149 τρίϐους
3013 3082 3436 3149 δικαιοσύνης·
3468 3082 3536 3135 τὰ
3567 3082 3904 3151 εὐαγγελικά

653 3167 712 3220 in
751 3163 918 3218 medio
957 3165 1156 3221 umbrae
1202 3166 1406 3232 mortis,
1451 3166 1608 3238 quasi
1657 3165 1875 3222 Patrem
1916 3168 2255 3237 alloquensq

2332 3188 2454 3240 met
2481 3171 2743 3241 δόγματα.
2774 3171 2907 3225 Ἐὰν
2931 3170 3198 3238 πορευθῶ
3222 3173 3291 3224 ἐν
3308 3171 3478 3241 μέσῳ
3503 3172 3683 3237 σκιᾶς
3715 3174 3902 3227 θανά-

653 3255 838 3328 Ipsum
889 3265 1069 3311 autem
1102 3256 1383 3311 Christum
1417 3266 1577 3312 vocat
1607 3257 1815 3328 virgam
1847 3257 2084 3322 virtutis,
2113 3259 2224 3314 vir-

657 3365 778 3419 gain
810 3350 1120 3419 gloriosam,
1153 3360 1207 3403 et
1236 3349 1438 3420 virgam
1467 3349 1872 3421 magnitudinis.
1893 3351 2045 3407 Sicut
2075 3354 2222 3423 virga

654 3441 899 3512 corripit,
937 3440 1009 3494 ita
1052 3450 1104 3495 et
1143 3441 1222 3496 vis
1261 3440 1598 3512 facultasque
1660 3442 1853 3512 agendi
1911 3443 2068 3498 docet
2112 3458 2222 3514 quo

657 3540 814 3602 pacto
841 3532 1118 3587 moderate
1140 3533 1281 3586 mala
1311 3531 1600 3604 feramus]
1626 3532 1948 3604 Evangeliea
1979 3550 2106 3589 vero
2131 3537 2224 3590 do-

657 3631 836 3692 gmata
870 3623 1098 3676 indicat.

733 3709 788 3764 4.
825 3708 985 3781 Virga
1029 3721 1122 3764 tua
1161 3720 1210 3765 et
1256 3711 1474 3766 baculus
1524 3722 1644 3767 tuus
1695 3714 1808 3784 ipsa
1839 3731 1918 3769 me
1953 3715 2224 3771 consolata

659 3811 803 3856 sunt.
839 3801 1017 3872 Ipsum
1064 3801 1142 3856 ait
1165 3801 1467 3858 Christum.
1502 3802 1568 3858 Et
1599 3805 1769 3860 illud:
1812 3803 2024 3876 Virgam
2056 3807 2221 3860 virtu-

660 3894 727 3946 tis
755 3894 954 3947 emittet
978 3892 1072 3946 tibi
1100 3893 1352 3946 Dominus
1373 3909 1437 3948 ea:
1459 3892 1588 3948 Sion
1608 3895 1670 3949 “..
1695 3895 1780 3957 Et,
1796 3897 1940 3967 virga
1969 3897 2221 3966 gloriosa,

658 3983 804 4052 virga
839 3981 1075 4035 maxima
1101 3983 1166 4035 ".
1200 3982 1359 4054 Virga
1402 3994 1486 4038 est
1509 3986 1790 4040 erudiendi
1832 3997 2105 4056 potestas;
2130 3988 2226 4043 ba-

659 4073 837 4138 culus,
865 4073 1228 4143 patrocinium
1254 4074 1306 4126 in
1346 4075 1680 4130 consolando
1706 4076 1893 4131 situm.

740 4166 794 4220 5.
832 4163 1187 4235 Impinguasti
1230 4166 1283 4218 in
1329 4165 1442 4219 oleo
1506 4175 1662 4236 caput
1707 4183 1895 4221 meum.
1927 4167 1994 4224 Et
2024 4172 2126 4225 hoc
2150 4171 2226 4225 si-

661 4255 878 4327 gniﬁcat
911 4256 1199 4326 mysticum
1228 4256 1490 4312 chrisma.
1527 4256 1597 4310 Et
1627 4258 1771 4312 calix
1807 4270 1926 4314 tuus
1959 4262 2223 4316 inebrians

658 4362 759 4400 me.
785 4344 1024 4399 Rursum
1051 4346 1118 4400 de
1147 4347 1370 4416 mystica
1396 4349 1506 4418 agit
1531 4349 1735 4402 laetitia.
1763 4349 1829 4402 Et
1864 4351 2224 4407 misericordia

663 4445 753 4486 tua
793 4431 1132 4504 subsequetur
1166 4451 1245 4489 mc
1267 4435 1508 4490 omnibus
1552 4437 1756 4490 diebus.
1785 4437 1916 4494 Nam
1960 4443 2050 4511 qui
2083 4458 2216 4511 prae-

2326 3281 2453 3328 του,
2498 3264 2574 3328 ὡς
2623 3265 2759 3335 πρὸς
2802 3265 2891 3317 τὸν
2925 3264 3161 3336 Πατέρα.
3206 3264 3378 3318 Αὐτὸν
3417 3264 3474 3317 δὲ
3517 3265 3610 3317 τὸν
3659 3265 3903 3336 Χριστόν

2325 3372 2457 3424 φησι
2509 3355 2700 3427 ῥάϐδον
2744 3355 3062 3426 δυνάμεως,
3114 3355 3208 3409 καὶ
3258 3354 3452 3428 ῥάϐδον
3501 3355 3702 3426 εὐκλεῆ
3728 3396 3743 3418 .
3809 3359 3905 3410 καὶ

2327 3443 2520 3515 ῥάϐδον
2556 3444 2939 3516 μεγαλότητος.
2965 3445 3175 3515 Ὠσπερ
3210 3443 3406 3514 ῥάϐδος
3459 3443 3724 3506 παιδεύει,
3753 3444 3902 3497 οὕτω

2326 3535 2420 3588 καὶ
2445 3534 2722 3607 πρακτικὴ
2754 3535 3139 3606 μετριοπαθεῖν
3166 3534 3521 3606 ὲκδιδάσκει.]
3554 3536 3636 3589 Τὰ
3661 3536 3901 3605 εὐαγγε-

2324 3625 2451 3678 λικά
2484 3642 2613 3695 φησι
2641 3626 2905 3697 δόγματα.

2405 3717 2463 3770 Ἠ
2495 3714 2718 3783 ῥάϐδος
2749 3733 2865 3771 σου
2898 3717 2997 3771 καί
3042 3717 3079 3785 ἡ
3109 3717 3412 3786 ,βακτήρια
3453 3733 3592 3784 σου,
3633 3718 3790 3772 αὐτὰ
3829 3736 3905 3789 με

2325 3806 2768 3878 παρεκάλεσαν.
2813 3809 2984 3864 Αὐτὸν
3019 3809 3111 3863 τὸν
3153 3811 3388 3882 Χριστόν
3423 3828 3607 3881 φησιν.
3659 3811 3772 3864 Καὶ
3814 3812 3875 3865 τό

2336 3898 2577 3953 Ῥάὸὃον
2623 3897 2929 3968 δυνάμεως
2974 3899 3374 3964 ἐξαποστελεῖ
3426 3916 3526 3954 σοι
3577 3902 3794 3968 Κύριος
3837 3902 3904 3954 ὲκ

2326 3989 2494 4045 Σιών.
2517 3992 2625 4043 Καὶ
2645 3989 2868 4058 ῥάϐδος
2894 3991 3174 4060 εὐκλεὴς,
3193 3992 3287 4046 καὶ
3309 3990 3532 4059 ῥάϐδος
3561 3993 3905 4062 timendam-

2326 4098 2448 4148 τος.
2492 4081 2709 4146 Ῥάϐδος
2737 4085 2769 4154 η
2814 4081 3137 4153 παιδευτικὴ
3177 4081 3407 4152 δύναμις
3428 4098 3442 4111 ·
3475 4081 3750 4154 βακτηρία
3782 4084 3838 4138 δὲ
3869 4087 3901 4154 ἡ

2325 4171 2413 4224 διὰ
2438 4172 2536 4242 τῆς
2568 4173 2959 4245 παρακλήσεως
2989 4173 3292 4244 ἀντίληψις.

2411 4264 2726 4330 Ἐλίπανας
2775 4266 2845 4318 ἐν
2890 4268 3072 4332 ἐλαίῳ
3115 4267 3233 4336 τὴν
3283 4267 3561 4337 κεφαλήν
3596 4285 3738 4337 μου.
3795 4269 3906 4321 Καὶ

2328 4354 2484 4408 τοῦτο
2513 4357 2574 4409 τὸ
2600 4357 2804 4427 χρίσμα
2834 4358 2894 4411 τὸ
2923 4359 3201 4428 μυστικόν.
3235 4358 3344 4413 Καὶ
3373 4357 3440 4412 τὸ
3470 4357 3762 4425 ποτήριόν
3789 4375 3903 4413 σου

2322 4448 2628 4514 μεθύσκον
2655 4465 2750 4516 με.
2791 4449 2957 4503 Πάλιν
2983 4450 3082 4520 τὴν
3119 4451 3386 4522 μυστικὴν
3417 4449 3758 4520 εὐφροσύνην
3805 4467 3906 4520 φη-

659 4525 802 4582 dicta
854 4526 1037 4579 omnia
1075 4528 1218 4582 nacti
1244 4538 1393 4592 sunt,
1428 4529 1482 4583 in
1527 4530 1905 4585 misericordia
1937 4531 2027 4585 Dci
2059 4536 2221 4604 pusili

2333 4540 2433 4594 σίν.
2473 4540 2583 4593 Καὶ
2617 4541 2682 4593 τὸ
2725 4542 2894 4606 ἔλεός
2931 4518 3047 4595 σου
3089 4518 3435 4608 καταδιώξει
3561 4518 3767 4609 πάσας

659 4629 873 4684 semper
891 4624 1070 4682 erunt,
1106 4617 1435 4688 insuperque
1469 4619 1788 4675 habitabant
1813 4622 1865 4675 in
1899 4622 2061 4677 domo
2081 4625 2218 4694 ejus.

729 4699 970 4772 [Parasti
1011 4704 1066 4756 in
1093 4715 1366 4773 conspectu
1402 4723 1512 4760 meo
1546 4725 1797 4762 mensam.
1843 4708 2079 4766 Mensam
2109 4730 2224 4783 my—

660 4793 850 4847 sticam
895 4793 1114 4860 indicat,
1150 4796 1328 4850 oleum
1380 4813 1510 4852 vero
1555 4798 1792 4856 chrisma
1827 4803 2134 4871 mysticum,
2171 4815 2224 4859 et

660 4888 884 4943 calicem
915 4885 1113 4943 ibidem
1138 4890 1450 4963 memorat.]

736 5170 782 5224 1.
813 5168 878 5222 In
902 5170 1058 5237 ﬁnem
1087 5167 1426 5226 PSALMUS
1450 5171 1620 5226 David
1656 5188 1760 5226 una
1785 5170 2151 5227 Sabbatorum.

1334 5260 1563 5316 XXIII.

1253 5353 1651 5423 Argumentum.

661 5438 856 5493 Daniel
884 5437 1175 5493 Barbarus.
1214 5441 1512 5497 Aseensum
1540 5440 1755 5498 Domini
1793 5459 2029 5512 praesens
2075 5447 2222 5516 psal-

732 5545 851 5583 mus
871 5529 1025 5584 nobis
1047 5535 1388 5599 pratnuntiat,
1410 5549 1620 5588 necnon
1643 5536 1880 5603 gentium
1900 5537 2222 5604 doctrinam,

727 5634 778 5678 et
801 5625 1256 5691 quemadmodum
1287 5626 1490 5681 caelesti
1517 5627 1792 5683 domicilio
1818 5630 2049 5700 dignata:
2073 5642 2220 5685 sunt.

730 5800 772 5831 “
798 5800 952 5855 Joan.
980 5818 1020 5865 ι,
1062 5805 1139 5860 l3.

1224 5805 1264 5835 "’
1305 5804 1446 5863 Psal.
1482 5825 1589 5876 CIX,
1629 5810 1674 5864 5.
1761 5814 1802 5847 ⁸⁵
1834 5813 1941 5869 Jcr.
1982 5833 2171 5876 χιι-ιιι.
2214 5820 2292 5874 Π.

2330 4631 2572 4700 ἡμέρας.
2616 4633 2677 4685 Ol
2719 4633 2826 4703 γὰρ
2856 4633 2965 4686 τῶν
2999 4634 3403 4705 προλεχθέντων
3443 4634 3700 4688 ἁπάντων
3734 4652 3905 4705 μετα-

2331 4723 2584 4786 λαϐόντες
2617 4724 2827 4779 ἔσονται
2868 4725 3158 4791 διαπαντὸς
3190 4729 3247 4780 ὲν
3285 4727 3363 4798 τῷ
3400 4727 3538 4781 ἐλέει
3581 4726 3676 4780 τοῦ
3728 4727 3902 4782 Θεοῦ·

2333 4816 2426 4868 καὶ
2465 4817 2570 4886 μὴν
2600 4819 2692 4870 καὶ
2724 4821 3136 4891 κατοικήσουσιν
3165 4823 3222 4875 ὲν
3251 4821 3328 4893 τῷ
3360 4823 3492 4889 οἴκῳ
3521 4821 3706 4876 αὐτοῦ.

2400 4909 2783 4983 [Ἡτοίμασας
2815 4915 3073 4970 ἐνώπιόν
3100 4936 3220 4987 μου
3261 4917 3568 4988 τράπεζαν.
3609 4919 3907 4990 Τράπεζαν

2330 5003 2429 5073 τὴν
2464 5003 2730 5076 μυστικὴν
2757 5005 2934 5074 λέγει,
2964 5008 3057 5061 καὶ
3085 5010 3145 5062 τὸ
3172 5009 3350 5063 ἔλαιον
3378 5010 3438 5063 τὸ
3474 5011 3682 5081 χρίσμα
3713 5029 3906 5083 μυστι-

2333 5092 2446 5158 κὸν,
2475 5095 2652 5148 καὶτὸ
2685 5099 2945 5168 ποτήριον
2977 5101 3172 5173 λέγει.]

2334 5186 2437 5249 Εἰς
2468 5184 2641 5250 τέλος
2676 5190 2980 5244 ΨΑΛΜΟΣ
3007 5189 3087 5256 τῷ
3108 5192 3288 5246 Δαυῒδ
3314 5192 3388 5260 τῇ
3412 5192 3519 5261 μιᾷ
3548 5191 3665 5246 τῶν
3688 5197 3908 5250 Σασσὰ-

2958 5298 3094 5338 των.
3127 5288 3180 5337 Κ
3181 5286 3259 5339 Γ’.

2939 5373 3258 5444 Ύπόθεσις.

2333 5459 2441 5532 Τὴν
2471 5459 2734 5532 ἀνάληψιν
2779 5465 2872 5518 τοῦ
2907 5467 3112 5538 Κυρίου
3152 5472 3180 5523 ὁ
3229 5471 3420 5544 παρὼν
3453 5475 3584 5545 ἡμῖν
3644 5477 3903 5548 κηρύττει

2403 5549 2616 5621 ψαλμδς
2657 5556 2748 5607 καὶ
2783 5555 2892 5610 τῶν
2932 5557 3101 5611 ἐθνῶν
3147 5561 3489 5619 διδασκαλίαν
3511 5583 3523 5596 ο
3565 5566 3678 5631 πῶς
3715 5568 3783 5622 ἂν
3815 5572 3902 5624 καὶ

2401 5645 2553 5698 αὐτοὶ
2581 5645 2718 5711 ἄξιοι
2749 5648 3008 5716 γένωνται
3035 5652 3142 5708 τῶν
3178 5655 3514 5726 ἐπουρανίων
3545 5659 3780 5729 σκηνῶν.
