4032 6450
220 407 314 460 Ml
1315 393 1673 450 EXPOSITIO
1711 392 1775 446 ΙΝ

1885 389 2143 445 ἱΑιΜυΜ
2182 387 2366 442 XXIII.
3343 385 3442 440 142

288 523 536 577 Psahuus
563 529 744 574 autem
774 518 861 571 hic
888 514 1273 570 consecutioue
1305 511 1542 582 quadam
1574 510 1833 564 vicesimo
1864 507 2103 562 secundo
2134 506 2368 575 praeponi
2403 503 2631 557 debebat
2659 521 2669 554 :
2709 509 2791 555 cst
2817 501 2958 553 enim
2991 502 3057 556 ad
3091 517 3276 556 eorum
3304 520 3440 558 cou-

219 616 538 671 solationem
575 612 769 675 lactus,
806 611 898 679 qui
935 610 989 662 in
1024 607 1337 662 servitutem
1376 605 1726 676 Babyloniam
1771 603 2214 664 adducebantur;
2247 600 2334 652 ille
2378 608 2555 653 autem
2591 597 2655 650 ad
2685 609 2780 649 eos
2808 595 2983 650 dictus
3017 607 3100 651 est
3137 602 3228 667 qui
3269 601 3337 654 ab
3376 618 3439 654 ea

217 711 631 765 reduceb‘antur.
675 704 874 760 Verum
904 700 1395 774 (quemadmodum
1437 700 1591 754 initio
1616 698 1890 763 diximus)
1923 711 2030 750 non
2083 694 2373 749 ordinatim
2424 693 2582 762 positi
2617 691 2806 761 psalmi
2840 701 2987 760 sunt,
3023 695 3113 749 sed
3145 705 3204 749 ut
3241 697 3439 752 inventi

218 813 362 857 sunt.
391 800 528 856 Cum
563 801 764 854 videret
798 813 926 868 ergo
961 799 1148 851 beatus
1174 793 1339 848 David
1367 795 1601 863 graviter
1633 793 1858 847 alIIictos
1888 807 1983 846 eos
2006 791 2099 860 qui
2130 790 2324 860 captivi
2354 789 2708 851 ducebantur,
2731 797 3010 858 propterea
3034 790 3178 860 quod
3207 793 3438 861 patrium

219 895 393 948 solum
422 903 472 946 et
505 890 780 961 proprium
812 889 1070 957 templum
1101 886 1500 954 relinquebant,
1531 885 1744 953 longius
1774 893 2020 953 repetens
2057 884 2202 952 ipsos
2233 880 2545 936 consolatur
2586 880 2770 935 dicens
2797 899 2810 934 :
2845 878 2922 934 Ne
2960 896 3100 951 aegre
3136 880 3318 936 feratis
3341 882 3441 935 Ba-

220 989 414 1060 bylona
444 1007 456 1042 :
486 1003 610 1042 nam
637 987 681 1042 si
713 989 938 1041 honeste
968 992 1018 1038 et
1041 998 1164 1037 cum
1191 983 1388 1035 virtute
1419 981 1681 1045 vixeritis,
1706 989 1761 1035 et
1785 979 2028 1035 studiose
2053 978 2224 1032 bonos
2246 991 2425 1032 mores
2445 975 2567 1031 vitae
2589 975 2966 1045 quasiveritis,
2988 976 3060 1030 ibi
3084 977 3245 1034 etiam
3276 977 3438 1032 Deum

220 1073 526 1145 invenietis,
568 1079 1008 1150 quandoquidem
1044 1075 1225 1128 omnia
1251 1090 1347 1128 sua
1379 1083 1526 1138 sunt,
1557 1083 1612 1129 et
1640 1074 1692 1127 in
1727 1088 1889 1128 manu
1916 1072 2036 1142 ejus
2067 1079 2194 1126 sunt
2219 1084 2408 1125 omnes
2443 1069 2578 1123 lines
2606 1079 2779 1122 terrae.

292 1174 404 1228 Τοῦ
445 1175 663 1242 Κυρίου
703 1175 740 1239 ἡ
785 1171 860 1241 γῆ
898 1171 992 1223 καὶ
1024 1168 1089 1222 τὸ
1120 1167 1404 1237 πλήρωμα
1442 1167 1650 1236 αὐτῆς.
1679 1168 1787 1238 Τὴν

1962 1165 2171 1218 Domini
2199 1173 2276 1218 est
2309 1173 2448 1216 terra
2467 1171 2515 1216 et
2544 1161 2810 1231 plenitudo
2842 1163 2974 1232 ejus.
3005 1161 3160 1218 Hisce
3189 1165 3442 1234 praedicat

218 1261 497 1332 βασιλείαν
529 1263 596 1333 ἢν
646 1261 959 1315 ἐϐασίλευσε
1003 1260 1112 1312 τῶν
1162 1257 1328 1311 ἐθνῶν
1375 1257 1717 1329 ἐπιδημήσας
1758 1261 1787 1312 ὁ

1888 1272 2115 1328 regnum
2143 1253 2402 1324 unigeniti
2434 1253 2527 1307 Dei
2556 1251 2716 1309 Verbi
2752 1254 2803 1307 in
2829 1269 3019 1309 omnes
3041 1265 3244 1324 gentes.

222 1354 518 1426 μονογενὴς
558 1353 650 1406 τοῦ
681 1351 816 1406 Θεοῦ
847 1353 1019 1421 Λόγος
1042 1391 1055 1415 ,
1101 1350 1186 1402 διὰ
1229 1348 1335 1401 τῶν
1364 1349 1643 1420 παρόντων
1685 1365 1785 1420 κη-

221 1445 375 1512 ιτρύττε
385 1464 421 1498 ι.

288 1538 484 1603 Αὐτὸς
514 1538 612 1591 ἐπὶ
651 1536 978 1593 θαλωσῶν
1010 1539 1401 1608 ἑθεμελίωσεν
1439 1535 1647 1603 αὑτήν.
1671 1536 1788 1588 Ἵνα

221 1630 294 1699 μή
325 1645 410 1692 τις
444 1629 550 1681 τῶν
581 1629 790 1700 ἐχθρῶν
815 1629 942 1700 δόξῃ
979 1625 1116 1682 εἶναι
1152 1630 1249 1700 μὲν
1280 1630 1376 1700 τὴν
1411 1630 1511 1700 γῆν
1552 1627 1644 1680 τοῦ
1681 1627 1785 1680 Σα-

215 1721 377 1785 τανᾶ,
403 1720 518 1772 νυνὶ
553 1719 609 1772 δὲ
641 1721 808 1790 αὐτῆς
849 1719 1165 1789 βασιλεῦσαι
1194 1722 1284 1774 τὸν
1315 1721 1559 1792 Χριστὸν.
1598 1717 1786 1771 τούτου

215 1809 381 1879 χάριν
413 1810 503 1862 τὸν
530 1811 761 1882 Χριστὸν
789 1810 959 1879 αὐτῆς
989 1810 1215 1880 ποιητὴν
1251 1810 1646 1872 ἀποδείκνυσιν,
1674 1807 1788 1877 ἅμα

214 1901 272 1954 δὲ
299 1903 394 1956 καὶ
417 1904 516 1974 τὴν
558 1902 783 1973 δύναμιν
813 1902 975 1954 αὑτοῦ
1005 1901 1154 1973 δηλοῖ
1179 1942 1194 1966 ,
1228 1901 1366 1954 ὥστε
1405 1901 1656 1954 τοσοῦτον
1695 1900 1789 1970 μέν

216 1994 378 2060 γεθος
431 1995 531 2063 τῆς
580 1995 682 2065 γῆς
724 1996 816 2048 ἐπὶ
866 1994 1070 2046 ὑδάτων
1116 1994 1488 2068 στηριχθῆναι.
1539 1995 1645 2047 Kal
1692 1993 1788 2044 ἐπὶ

215 2083 498 2151 ,ποταμῶν
545 2085 871 2152 ἡτοίμασεν
937 2082 1146 2150 αὐτήν.
1207 2085 1350 2138 Ἀντὶ
1422 2084 1516 2137 τοῦ
1543 2123 1556 2148 ,
1618 2083 1790 2135 διεκό-

217 2189 446 2244 σμησεν.

291 2264 449 2335 [Τότε
474 2266 579 2336 γὰρ
607 2266 765 2336 ἕδραν
795 2269 828 2338 ἡ
871 2266 1164 2338 Ἐκκλησία
1205 2267 1491 2337 λαμϐάνει,
1514 2267 1639 2320 ὅταν
1674 2284 1790 2336 τρι-

1954 1523 2007 1576 9..
2048 1521 2167 1591 Ipse
2193 1538 2344 1589 super
2372 1524 2540 1576 maria
2571 1524 2806 1592 fundavit
2834 1539 2970 1579 eum.
3010 1522 3087 1578 Ne
3113 1525 3236 1594 quis
3262 1541 3328 1580 ex
3351 1527 3442 1580 ad-

1887 1616 2138 1670 versariis
2165 1624 2378 1685 putaret
2406 1624 2600 1668 terram
2639 1614 2852 1671 Satante
2881 1631 3018 1681 esse,
3040 1615 3151 1685 jam
3187 1631 3313 1670 vero
3340 1617 3436 1686 ipsi

1887 1709 2156 1764 dominari
2176 1708 2476 1772 Christum,
2505 1707 2666 1777 hujus
2695 1709 2864 1772 gratia
2893 1707 3168 1762 Christum
3193 1707 3310 1776 ejus
3326 1709 3441 1777 opi-

1888 1801 2042 1855 licem
2067 1801 2326 1863 declarat,
2358 1807 2412 1853 et
2436 1815 2541 1853 una
2566 1808 2887 1869 potestatem
2913 1800 3031 1868 ejus
3055 1799 3311 1865 ostendit,
3336 1785 3441 1868 quin

1889 1903 2092 1948 lautam
2129 1905 2283 1947 terra:
2304 1893 2497 1946 molem
2532 1907 2694 1961 super
2718 1906 2887 1960 aquas
2920 1889 3180 1944 fillidav'it.
3200 1889 3267 1943 Et
3292 1879 3444 1958 super

1886 1985 2110 2053 ﬂumina
2135 1986 2449 2052 prwparavit
2471 2000 2607 2036 eum.
2631 1984 2686 2036 Id
2702 1991 2806 2046 est,
2832 1982 3196 2037 concinnavit.

1958 2260 2137 2332 [Tunc
2160 2262 2302 2316 enim
2355 2279 2564 2318 .cc.csra
2589 2263 2911 2318 soliditatem
2939 2261 3157 2332 accipit,
3185 2276 3308 2316 cum
3339 2261 3442 2314 llu-

215 2358 431 2427 κυμιῶν
465 2357 881 2430 προσϐαλουσῶν
901 2398 915 2422 ,
948 2359 1195 2422 ἄσειστος
1226 2359 1476 2430 διαμείνῃ
1523 2358 1662 2410 κατὰ
1694 2359 1787 2428 τὴν

1889 2351 2066 2406 ctibus
2105 2368 2168 2407 ac
2197 2354 2606 2422 tempestatibus
2658 2354 2898 2422 impetita
2938 2353 3233 2408 immobilis
3257 2353 3312 2406 in
3339 2352 3444 2406 ﬁde

215 2449 438 2515 πίστιν,
463 2450 571 2503 Kal
601 2450 699 2503 ἐπὶ
738 2449 1016 2520 ποταμῶν
1039 2466 1051 2478 ·
1083 2450 1220 2502 ὥστε
1251 2451 1344 2503 καὶ
1383 2449 1658 2518 ποταμοὺς
1691 2449 1787 2511 τὰς

1889 2456 2226 2515 perseverat:
2265 2445 2330 2498 Et
2360 2461 2511 2514 super
2530 2446 2753 2514 ﬂumina
2771 2462 2790 2509 ;
2823 2446 2894 2499 ita
2925 2453 2986 2498 ut
3012 2446 3127 2499 sine
3157 2445 3310 2500 obice
3340 2444 3443 2499 llu-

212 2539 482 2604 διεξὸδους
507 2541 798 2604 ἀκωλύτως
829 2541 1113 2606 ποιεῖσθαι,
1137 2541 1238 2611 ὅρη
1265 2558 1324 2594 τε
1358 2542 1452 2594 καὶ
1478 2541 1613 2611 ἄλση
1645 2541 1787 2610 ζωῆς

1890 2537 2036 2591 mina
2057 2537 2233 2592 exitus
2264 2539 2557 2608 reperiant,
2583 2548 2796 2593 montes
2830 2547 2883 2591 et
2909 2537 3056 2592 silvae
3098 2537 3167 2591 ab
3200 2537 3448 2591 animan-

214 2630 629 2701 ἀπονέμεσθαι,
666 2631 848 2703 χώρας
894 2633 988 2685 καὶ
1037 2632 1289 2695 πεδιάδας
1341 2633 1418 2694 εἰς
1467 2632 1641 2694 οἰκίας
1693 2635 1784 2684 καὶ

1891 2629 2036 2685 tibus
2065 2629 2395 2694 incolantur,
2429 2633 2540 2700 agri
2567 2641 2620 2685 et
2647 2631 2893 2700 planities
2929 2631 2983 2684 in
3016 2631 3207 2684 domos
3229 2639 3280 2683 et
3301 2632 3446 2699 agri-

215 2721 493 2790 γεωργίας
522 2719 825 2792 ἀνθρώποις
857 2721 1211 2793 ἀφωρίσθαι]

1889 2720 2159 2775 culturam
2193 2723 2507 2776 hominibus
2539 2720 2914 2793 seponantur.]

295 2810 393 2873 Τίς
436 2808 800 2873 ἀναϐήσεται
855 2813 942 2874 είς
984 2810 1048 2862 τὸ
1094 2810 1230 2877 ὅρος
1269 2809 1376 2863 τοῦ
1423 2810 1641 2876 Κυρίου
1677 2809 1786 2879 (8);

1958 2813 2012 2869 3.
2057 2813 2186 2879 Quis
2235 2815 2476 2868 ascendet
2509 2816 2561 2867 in
2614 2824 2838 2867 montem
2869 2814 3123 2868 Domini?
3153 2813 3445 2885 Postquam

215 2898 375 2951 Μετὰ
405 2899 467 2950 τὸ
491 2899 741 2952 ἐκθέσθαι
771 2901 870 2970 τὴν
895 2901 1097 2961 πίστιν.
1129 2901 1221 2953 καὶ
1244 2900 1419 2972 ἔργων
1447 2901 1790 2964 διδασκαλίας

215 2988 515 3058 ἐξηγεῖται,
543 2989 629 3043 ἵνα
658 2990 724 3042 δι’
756 2991 1080 3063 ἀμφοτέρων
1107 2991 1206 3061 τῆς
1236 2992 1403 3054 ὄντως
1431 2992 1789 3062 κληρονομίας

215 3077 565 3148 ἐπιτύχωμεν
597 3080 645 3131 oi
676 3079 982 3142 ἀκούοντες.

306 3167 509 3233 Ἁθῶος
536 3169 708 3237 χερσὶ
729 3169 827 3223 καὶ
851 3169 1108 3237 καθαρὸς
1133 3168 1207 3237 τῇ
1239 3170 1470 3239 καρδίᾳ.
1501 3172 1634 3243 Περὶ
1668 3172 1789 3224 τού-

215 3273 312 3310 του
345 3258 558 3326 εἴρηται
597 3260 652 3310 ὲν
692 3258 770 3326 τῷ
809 3260 1378 3330 τεσσαρεσκαιδεκάτῳ
1422 3261 1636 3332 ψαλμῷ.
1687 3265 1791 3328 Ὃς

215 3351 331 3403 οὐκ
363 3349 579 3403 ἔλασεν
612 3348 710 3402 ἐπὶ
748 3350 976 3418 ματαίῳ
1015 3348 1130 3417 τὴν
1177 3349 1389 3420 ψυχὴν
1417 3351 1623 3406 αὐτοῦ.
1669 3353 1788 3405 Μα-

214 3441 442 3493 ταίωσιν
468 3441 565 3512 τὴν
595 3441 1038 3514 ὑψηλοφροσύνην
1082 3442 1234 3513 φησί.
1269 3443 1380 3497 Kal
1414 3446 1524 3497 οὐκ
1551 3443 1790 3513 ὤμοσεν

215 3532 315 3588 ἀπὶ
346 3531 506 3596 δόλῳ
528 3532 606 3597 τῷ
631 3534 896 3599 πλησίον
933 3534 1140 3587 αὑτοῦ.

291 3616 482 3685 οὗτος
517 3621 774 3688 ,λήψεται
817 3624 1118 3690 εὐλογίαν.
1150 3624 1254 3676 Τὸν
1293 3624 1531 3678 τοιοῦτον
1567 3627 1790 3697 γενόμε-

215 3729 308 3765 νον
348 3711 524 3764 ἀθῶον
577 3713 733 3783 χερσὶ
777 3713 869 3766 καὶ
903 3711 1140 3784 καθαρὸν
1183 3717 1250 3784 τῇ
1296 3715 1526 3786 καρδίᾳ,
1571 3717 1664 3767 καὶ
1697 3718 1788 3770 ἐπὶ

1890 2897 2046 2953 ﬁdem
2074 2900 2342 2970 exposuit,
2376 2899 2485 2970 jam
2511 2915 2735 2969 operum
2769 2900 3072 2954 doctrinam
3111 2910 3348 2965 enarrat,
3391 2913 3448 2955 ut

1888 3000 2154 3060 quotquot
2213 2993 2544 3046 audierimus
2598 2999 2652 3045 et
2704 2991 3293 3061 obtemperaverimus,
3351 3007 3447 3062 per

1889 3089 2198 3151 utramque,
2230 3097 2412 3135 veram
2437 3082 2804 3136 hereditatem
2835 3083 3239 3139 nauci-cantur.

1958 3173 2011 3227 4.
2045 3171 2300 3226 Innocens
2333 3173 2573 3227 manibus
2619 3182 2666 3227 et
2699 3175 2894 3226 mundo
2931 3152 3105 3226 corde.
3150 3172 3259 3228 Hac
3298 3175 3364 3228 de
3391 3190 3449 3230 ro

1890 3264 2092 3318 dictum
2119 3263 2218 3318 fuit
2246 3265 2297 3318 in
2321 3265 2532 3320 decimo
2563 3275 2758 3336 quarto
2788 3265 3016 3335 psalmo.
3056 3264 3157 3330 Qui
3185 3283 3284 3319 non
3312 3284 3452 3322 acce-

1889 3349 1966 3416 pit
1997 3350 2055 3401 in
2084 3366 2215 3402 vano
2247 3352 2478 3404 animam
2517 3369 2688 3408 suam.
2717 3353 3045 3420 Vanitatem,
3077 3355 3128 3408 id
3155 3366 3237 3410 est
3257 3372 3447 3427 super-

1892 3440 2056 3496 biam.
2094 3440 2204 3496 Nec
2221 3443 2424 3512 juravit
2463 3445 2517 3498 in
2545 3445 2665 3498 dolo
2689 3449 2929 3515 proximo
2960 3464 3078 3504 suo.

1959 3617 2013 3670 5.
2040 3615 2137 3670 llic
2163 3618 2378 3686 accipiet
2410 3617 2815 3673 benedictionem
2842 3637 2873 3674 a
2894 3619 3136 3688 Domino,
3164 3631 3267 3677 etc.
3292 3623 3451 3692 Ejus-

1892 3707 2036 3760 modi
2065 3707 2336 3762 hominem
2374 3709 2466 3778 qui
2492 3708 2656 3764 l'uerit
2697 3711 2958 3768 innocens
2991 3714 3263 3781 manibus,
3290 3716 3452 3769 cordo

213 3803 354 3874 δόλῳ
383 3803 458 3874 μὴ
486 3803 760 3874 ὠμοκότα,
788 3804 1127 3874 ὑπισχνεῖται
1155 3804 1254 3869 τὰς
1280 3807 1430 3877 παρὰ
1463 3806 1595 3858 Θεοῦ
1627 3805 1787 3877 ληψό-

1892 3797 2149 3864 mundus,
2179 3814 2278 3853 nec
2320 3814 2443 3853 cum
2493 3798 2919 3869 dolojuraverit,
2961 3803 3244 3872 pollicetur
3278 3819 3306 3858 a
3341 3803 3451 3858 Deo

219 3913 386 3968 μενον
405 3896 634 3967 δωρεὰς,
663 3896 782 3966 ἦτοι
806 3895 1055 3964 εὐλογίαν
1081 3897 1176 3950 καὶ
1203 3896 1368 3961 ἔλεος.

287 4069 453 4136 Αὕτη
495 4070 534 4136 ἡ
589 4070 764 4139 γενεὰ
803 4070 1134 4138 ζητούντων
1190 4072 1298 4126 τὸν
1334 4076 1569 4141 Κύριον.
1617 4077 1680 4128 'H
1725 4077 1793 4130 τὰ

216 4160 593 4232 προειρημένα
621 4161 904 4232 φυλάξασα
919 4162 1090 4231 γενεά
1115 4180 1297 4236 φησιν.

294 4254 499 4321 Ἄρατε
523 4254 722 4318 πύλας
737 4293 751 4318 ,
775 4255 828 4306 οι
850 4252 1158 4322 ἄρχοντες,
1188 4253 1371 4324 ὑμῶν.
1395 4255 1455 4309 Οἱ
1485 4255 1792 4310 διακονοῦν-

216 4360 309 4406 τες
336 4341 416 4413 τῷ
455 4343 666 4414 Σωτῆρι
693 4343 784 4396 ἐπὶ
819 4343 920 4413 γῆς
962 4344 1181 4412 ἄγγελοι
1212 4385 1226 4406 ,
1271 4346 1789 4418 ἀναλαμϐανομένου

215 4429 420 4494 αὐτοῦ,
465 4433 585 4494 ταῖς
627 4431 903 4502 οὐρανίαις
952 4433 1212 4505 δυνάμεσι
1258 4434 1508 4506 δηλοῦσιν
1553 4437 1791 4506 ἀνοίγειν

213 4521 316 4585 τὰς
345 4520 537 4587 πύλας.

287 4611 529 4684 [Κύριος
562 4618 839 4684 κραταιὸς
875 4618 973 4672 καὶ
1003 4617 1280 4683 δυνατός.
1309 4617 1617 4684 Ξενίζονται
1647 4621 1704 4674 δὲ
1736 4623 1790 4675 αί

213 4703 509 4774 δυνάμεις,
557 4708 759 4779 ὁρῶσαι
804 4709 940 4780 μετὰ
971 4709 1170 4780 σαρκὸς
1201 4711 1362 4764 αὑτὸν
1391 4711 1792 4782 ἑμψυχωμὲνης

211 4793 397 4865 ψυχῆς
417 4799 630 4866 νοερᾶς.
653 4797 737 4852 διδ
765 4800 857 4852 καὶ
889 4799 1296 4872 πυνθάνονται]

290 4989 388 5052 Τίς
424 4987 596 5041 ἐστιν
623 4982 799 5052 οὗτος
823 4989 856 5040 ὀ
892 4987 1191 5054 ,βασιλεὺς
1231 4986 1341 5056 τῆς
1365 4987 1586 5054 δόξηςῖ
1625 4985 1793 5057 Ἐρω-

212 5080 382 5133 τῶσιν
408 5079 463 5132 al
492 5077 603 5130 ἄνω
638 5075 914 5145 δυνάμεις,
942 5077 1004 5128 τὸ
1031 5073 1329 5147 παράδοξον
1354 5077 1452 5144 τῆς
1479 5073 1790 5142 οἰκονομίας

1819 3873 1862 3930 C
1893 3885 2054 3941 donis
2095 3887 2574 3952 remunerandum,
2603 3888 2808 3944 scilicet
2855 3889 3229 3946 benedictione
3259 3904 3312 3946 ct
3352 3895 3452 3946 11ιὶ-

1895 3975 2210 4030 sericordia.

1969 4064 2030 4118 6..
2053 4065 2179 4119 "ac
2207 4077 2284 4120 est
2314 4070 2576 4138 generatio
2602 4071 2948 4140 quaerentium
2987 4072 3290 4130 Dominum.
3322 4075 3450 4143 Quae

1894 4156 2098 4211 scilicet
2126 4158 2288 4226 prius-
2304 4170 2601 4215 memorata
2622 4162 2874 4216 observat

1964 4246 2015 4301 7.
2046 4248 2283 4302 Attollite
2315 4241 2514 4319 portas,
2552 4253 2831 4323 principes,
2864 4266 3078 4310 vestras.
3105 4257 3292 4328 Angeli
3328 4258 3448 4313 Sal-

1892 4341 2097 4396 vatoris
2137 4342 2192 4395 iu
2233 4350 2373 4397 terra
2400 4343 2726 4410 administri,
2757 4347 2877 4417 ipso
2898 4349 3253 4412 ascendente,
3291 4351 3450 4405 caele-

1893 4429 2066 4485 stibus
2089 4429 2380 4487 virtutibus
2411 4433 2810 4490 denuntiant‘ut
2829 4447 3015 4506 portas
3042 4441 3311 4508 aperiant.

1966 4604 2244 4677 [Dominus
2303 4607 2458 4676 [ortis
2518 4619 2568 4664 et
2610 4620 2811 4679 potens.
2866 4609 3098 4682 Stupore
3145 4612 3452 4668 adiciuntur

1888 4711 2208 4771 potestates,
2232 4719 2354 4759 cum
2385 4705 2568 4760 vident
2612 4707 2764 4761 illum
2809 4708 2862 4762 in
2898 4723 3062 4762 carne
3105 4723 3228 4763 cum
3271 4711 3452 4764 anima

1894 4793 2225 4864 intelligendi
2267 4796 2315 4850 vi
2363 4799 2620 4866 praedita;
2667 4814 2788 4868 qua:
2827 4815 2991 4854 causa
3039 4810 3126 4855 est
3160 4811 3217 4854 ut
3267 4802 3452 4856 scisci-

1894 4887 2118 4958 tentur.]

1966 4978 2016 5032 8.
2050 4978 2180 5044 Quis
2214 4991 2288 5033 est
2332 4983 2426 5034 iste
2455 4998 2545 5035 rex
2568 4983 2749 5053 glorise
2770 4983 2795 5035 .’
2828 4981 3164 5052 Interrogant
3207 4997 3452 5052 superna:

1894 5071 2139 5136 virtutes,
2171 5073 2590 5128 admirabilitate
2621 5075 2942 5129 mconomiaa
2980 5075 3310 5144 stupefactae.
3343 5073 3452 5128 Do-

215 5168 665 5239 ὲκπληττόμεναι.
698 5168 908 5234 Κύριος
933 5165 1050 5220 τῶν
1082 5166 1389 5235 δυνάμεων
1417 5164 1597 5228 αὐτός
1618 5162 1787 5215 ἐστιν

1893 5165 2065 5216 minus
2092 5166 2343 5218 virtutum
2379 5167 2487 5236 ipse
2507 5175 2583 5220 est
2614 5182 2704 5221 rex
2723 5166 2921 5236 gloria.
2945 5164 3048 5230 Qui
3079 5181 3203 5220 cum
3235 5165 3451 5221 Christo

213 5265 247 5316 ό
281 5259 586 5326 ,βασιλεὺς
623 5255 728 5326 τῆς
773 5256 977 5324 δόξης.
1018 5253 1450 5325 Μυοταγωγοῦσι
1503 5253 1629 5316 τοὺς
1671 5252 1783 5305 ἄνω

1889 5257 2267 5318 ascenderunt,
2303 5271 2396 5313 eos
2442 5258 2534 5327 qui
2583 5257 2636 5311 in
2680 5257 2818 5312 coelo
2865 5268 3021 5311 erant
3060 5257 3280 5327 angelos
3319 5257 3448 5311 edn.

210 5353 260 5405 οί
293 5353 391 5405 σὺν
425 5350 574 5421 αὑτῴ
609 5348 919 5412 ἀνελθόντες
949 5347 1169 5417 ἄγγελοι
1210 5348 1270 5400 τὸ
1301 5347 1613 5418 μυστήριον,
1646 5343 1726 5396 ὃτι
1753 5344 1782 5394 ό

212 5444 603 5512 καταπατήσας
632 5442 757 5504 τοὺς
792 5439 1019 5511 ἐχθροὺς
1065 5440 1190 5501 τοὺς
1236 5438 1458 5508 νοητοὺς
1495 5435 1780 5506 δηλονότι,

211 5533 374 5597 αθτδς
398 5534 545 5585 ἔστιν
574 5534 603 5584 ό
633 5531 739 5585 τῶν
765 5531 1045 5584 δυναιιεων
1071 5529 1288 5600 Κύριος.

1888 5358 2012 5403 cent
2049 5349 2547 5420 mysterium,quod
2575 5350 2777 5405 scilicet
2808 5348 2900 5418 qui
2924 5348 3237 5419 epiritualcs
3266 5347 3447 5404 hostes

1887 5440 2224 5495 oonculcavit
2252 5442 2365 5511 ipse
2391 5441 2460 5496 sit
2493 5457 2582 5497 rex
2619 5442 2819 5514 gloriae.

281 5783 359 5853 (8)
402 5779 654 5834 Ambros.
712 5782 898 5840 addit:
955 5783 1180 5854 Εἴρηται
1237 5782 1362 5854 περὶ
1413 5779 1614 5834 τούτων
1655 5781 1711 5834 ὲν
1769 5796 1787 5832 1

1885 5778 1936 5832 ιδ’
1970 5776 2186 5847 ψαλμῷ.
