4032 6432
605 405 705 462 H5

917 522 967 574 1.
1011 513 1343 574 ΡδΑιΜυε
1371 513 1558 567 David.
1595 509 1808 564 XXIV.

1183 611 1578 679 Argumentum.

603 714 656 767 in
692 707 941 782 praesenti
993 705 1198 776 psalmo
1252 698 1540 769 cujuslibet
1590 709 1776 749 eorum
1835 691 1927 762 qui
1979 690 2152 744 vocati

669 811 797 859 sunt
841 813 1070 870 persona
1109 793 1418 849 inducitur:
1453 801 1638 843 eorum
1684 785 1888 840 scilicet
1926 782 2018 851 qui
2049 797 2152 835 una

671 893 829 949 electi
881 898 1008 945 sunt
1045 894 1104 941 ut
1147 885 1214 941 ad
1247 881 1579 952 spiritualem
1622 876 1786 930 vitam
1832 873 2151 943 dirigantur.

678 986 802 1041 Hzec
844 996 1006 1053 porro
1047 980 1210 1034 verba
1250 985 1484 1043 tempore
1515 965 1762 1037 martyrii
1799 963 2024 1019 recitatu
2055 977 2153 1032 0p-

672 1088 902 1152 portuna
924 1081 1071 1129 sunt.

671 1147 752 1228 nd
781 1183 849 1237 te,
879 1167 1120 1229 Domine,
1151 1161 1312 1217 levavi
1346 1159 1577 1212 animam
1601 1170 1787 1208 meam.
1821 1150 1930 1206 Ceu
1953 1149 2064 1220 jam
2089 1147 2158 1202 ab

606 1262 908 1320 idololatria
935 1255 1111 1313 aversi
1155 1253 1472 1321 loquuntur.

674 1358 727 1412 5.
761 1354 940 1422 Neque
965 1347 1219 1403 irrideant
1247 1358 1326 1396 me
1354 1338 1555 1394 inimici
1587 1337 1705 1389 mei.
1738 1331 2059 1404 Spirituales
2081 1329 2160 1381 vi-

643 1449 818 1503 elicet.

643 1452 818 1503 elicet.

604 1452 636 1505 ὁ
675 1537 872 1607 Adjicit
897 1525 1397 1586 DanielBarbarus:
1415 1515 1744 1574 Exseerandi
1761 1523 1814 1568 et
1837 1510 2034 1581 impuri
2061 1509 2162 1563 dae-

607 1643 818 1692 mones,
843 1621 1092 1680 diabolus
1119 1631 1241 1672 cum
1265 1612 1442 1682 impiis
1463 1607 1794 1664 hominibus.
1827 1601 1953 1656 Haec
1981 1610 2159 1655 autem

605 1722 737 1778 dicit
765 1691 889 1773 cum
914 1713 1055 1768 forte
1091 1706 1382 1780 praevideat
1408 1700 1612 1758 Christi
1637 1695 2025 1751 humanitatem
2057 1691 2161 1762 (in-

606 1809 1020 1880 carnationem),
1045 1812 1332 1877 postquam
1352 1797 1698 1853 inimicorum
1735 1790 1876 1845 risus
1904 1786 2153 1844 cessavit.

680 1907 907 1984 [lniquis
935 1900 1089 1973 quasi
1119 1898 1339 1964 iniquus
1369 1891 1544 1946 lactus
1565 1900 1706 1944 sum.
1728 1881 1852 1937 Haec
1877 1881 2020 1936 enim
2055 1876 2156 1931 ini-

608 1983 788 2077 quitas
815 2013 920 2054 non
948 1993 1149 2048 frustra
1176 1983 1325 2056 luit.]

681 2093 887 2149 Etenim
923 2081 1148 2140 universi
1180 2079 1268 2148 qui
1305 2075 1558 2130 sustinent
1598 2083 1668 2136 te,
1709 2085 1810 2121 non
1846 2061 2166 2133 confunden-

612 2201 716 2245 tur.
756 2178 1014 2248 Exemplo
1047 2188 1234 2229 eorum
1284 2168 1376 2238 qui
1405 2166 1512 2234 iam
1552 2171 1676 2217 ante
1719 2161 1773 2214 in
1820 2158 1928 2211 Deo
1975 2153 2166 2208 conﬁsi

611 2283 850 2335 illustres
891 2245 1019 2325 lacti
1067 2270 1222 2325 sunt,
1254 2257 1379 2328 quia
1427 2253 1678 2308 tiduciam
1729 2249 1907 2312 habet,
1940 2245 2170 2299 aﬂirmat

610 2373 853 2428 futurum
902 2375 1054 2422 esse,
1092 2362 1152 2408 ut
1190 2349 1335 2420 quod
1376 2348 1428 2400 in
1476 2344 1617 2400 votis
1660 2349 1745 2396 est
1781 2345 2164 2406 consequatur.

612 2460 1015 2530 Confundantur
1045 2449 1225 2513 iniqua
1254 2449 1460 2509 agentes
1497 2447 1833 2504 supervacue.
1863 2427 1989 2482 Haec
2008 2427 2074 2481 de
2103 2424 2171 2478 iis

610 2522 873 2623 loquitur,
901 2541 992 2613 qui
1017 2539 1195 2594 adhuc
1223 2531 1491 2586 idolorum
1521 2525 1669 2580 eultu
1698 2522 2029 2577 detinentur.

685 2610 1119 2715 iConfundanlur
1159 2625 1341 2693 iniqua
1391 2625 1621 2689 agentes,
1673 2615 1740 2668 ab
1782 2613 1850 2666 iis
1889 2610 1984 2680 qui
2019 2621 2168 2677 spem

614 2697 768 2792 suam
801 2733 856 2783 in
881 2727 988 2780 Deo
1009 2721 1496 2794 posuerunt,atque
1517 2707 1646 2763 clari
1674 2704 1845 2759 eliecti
1879 2709 2025 2763 sunt,
2044 2697 2172 2768 quia

617 2823 960 2883 conﬁdebant
1009 2792 1068 2871 se
1111 2822 1273 2881 posse
1313 2813 1500 2859 votum
1546 2795 1828 2865 consequi.
1857 2792 1961 2859 Qui
2006 2796 2174 2859 agunt

616 2921 821 2989 inique,
856 2919 1168 2980 supervacue
1201 2897 1342 2954 ﬁrmi
1372 2892 1673 2949 consistere
1717 2885 1924 2939 volunt.
1952 2881 2076 2934 HECC
2109 2880 2174 2934 de

617 3096 813 3168 stunt.]

1436 396 1490 449 S.
1534 391 1902 448 ATIIANASII
1939 389 2088 445 OPP.
2131 387 2314 443 PARS
2353 386 2438 441 Ill.
2480 415 2547 426 ·-
2587 381 2990 436 EXEGETICA.

3704 372 3814 429 144

2638 500 2938 552 ΨΑΛΜΟΣ
2971 495 3050 560 τῷ
3084 494 3278 547 Δαυίδ.
3322 496 3444 547 KA'.

2875 588 3196 651 Ὑπόθεσις.

2266 688 2352 739 Ἑν
2394 684 2471 755 τῷ
2519 681 2860 755 προκειμένῳ
2886 674 3085 746 ψαλμῷ
3124 676 3185 727 τὸ
3214 675 3440 728 ἑκάστου
3468 671 3578 725 τῶν
3621 672 3817 742 κεκλη-

2327 777 2500 847 μένων
2527 773 2834 842 εἰσφέρεται
2861 767 3147 838 πρόσωπον
3169 780 3182 794 ·
3210 766 3375 835 ἧγουν
3397 763 3573 816 αὐτῶν
3605 762 3714 815 τῶν
3740 762 3816 830 (9)

2324 867 2746 938 συνειλεγμένων
2772 864 2852 925 είς
2881 861 2979 930 τὴν
3010 857 3380 928 πνευματικὴν
3419 853 3820 909 ἀπευθύνεσθαι

2325 959 2488 1030 ζωήν.
2538 959 2624 1010 Ἐν
2680 954 2855 1027 καιρῷ
2896 953 2952 1006 δὲ
2999 949 3294 1020 μαρτυρίου
3341 945 3556 999 λεκτέον
3600 943 3822 1003 τούτους

2324 1053 2447 1114 τοὺς
2475 1050 2682 1118 λόγους.

2324 1141 2480 1210 Πρὸς
2506 1139 2600 1203 σὲ,
2628 1139 2824 1205 Κύριε,
2856 1132 2971 1205 ἦρα
3009 1134 3123 1202 τὴν
3149 1130 3360 1202 ψυχήν
3395 1145 3534 1198 μου.
3573 1125 3658 1188 Ὠς
3689 1125 3825 1176 ἀπο-

2259 1232 2585 1307 στραφέντες
2611 1230 2713 1300 ἠδη
2742 1227 2842 1296 τῆς
2863 1224 3302 1297 εἰδωλολατρείας
3331 1220 3514 1290 φασίν.

2324 1322 2490 1392 Μηδὲ
2516 1315 3096 1391 καταγελασάτωσάν
3122 1331 3242 1384 μου
3266 1315 3318 1367 οι
3349 1309 3569 1380 ἐχθροί.
3607 1309 3669 1360 υἱ
3701 1323 3827 1375 νοη-

2259 1416 2338 1468 το)⁸
2368 1413 2629 1486 δηλονότι.

2341 1504 2562 1578 Ἐχθρὸς
2604 1505 2660 1558 δὲ
2702 1506 2731 1557 ὁ
2777 1501 3019 1563 διάὀολος
3064 1496 3201 1567 μετά
3234 1492 3523 1563 δαιμονίων
3572 1490 3666 1542 καὶ
3717 1487 3829 1540 τῶν

2261 1594 2596 1650 ἀσεϐούντων
2639 1591 2959 1664 ἀνθρώπων.
3010 1589 3167 1650 Ἴσως
3217 1585 3273 1636 δὲ
3327 1582 3421 1633 καὶ
3469 1579 3678 1649 προορᾷ
3731 1572 3827 1629 τοῦ

2263 1686 2510 1758 Σωτῆρος
2528 1684 2625 1756 τὴν
2649 1681 3076 1752 ένανθρὼπησιν,
3113 1675 3232 1748 μεθ’
3265 1674 3330 1744 ἢν
3361 1670 3586 1725 καὶτῶν
3616 1667 3832 1740 ἐχθρῶν

2263 1773 2532 1827 πέπαυται
2569 1772 2722 1841 λόγος
2753 1767 2988 1842 [γέλως].

2330 1863 2654 1936 [Ἑγενήθην
2692 1863 2804 1924 τοῖς
2836 1859 3054 1928 ἀνόμοις
3102 1857 3176 1918 ὡς
3205 1855 3422 1922 ἄνομος·
3467 1849 3612 1920 Αὕτη
3653 1849 3763 1920 γὰρ
3795 1851 3829 1920 ἢ

2263 1957 2455 2027 ἀνομία
2478 1957 2537 2008 οὐ
2564 1953 2814 2023 διακενῆς
2847 1946 3109 2020 ὲγένετο.]

2331 2049 2440 2103 Kal
2471 2050 2578 2118 γὰρ
2605 2047 2824 2111 πάντες
2866 2048 2917 2098 ol
2945 2038 3349 2110 ὑπομένοντές
3382 2050 3455 2089 σε
3479 2036 3551 2089 οὐ
3576 2033 3662 2103 μὴ
3687 2051 3834 2086 κατ-

2262 2139 2690 2210 αισχυνθῶσιν,
2751 2136 2883 2188 Ἀπὸ
2922 2135 3028 2187 τῶν
3064 2131 3163 2201 ἤδη
3210 2128 3544 2182 πεποιθότων
3591 2126 3684 2177 ἐπὶ
3714 2123 3834 2193 Θεῷ

2266 2235 2358 2287 καὶ
2412 2232 2716 2302 γενομένων
2763 2226 3061 2298 λαμπρῶν,
3109 2221 3198 2276 διὰ
3256 2223 3317 2273 τὸ
3362 2220 3458 2291 τὴν
3510 2217 3836 2287 πεποίθησιν

2265 2325 2406 2394 ἔχειν
2426 2324 2522 2393 τῆς
2543 2321 2704 2391 εὐχῆς
2729 2313 3128 2381 ὲπιτεύξαεθαι,
3145 2308 3551 2379 διισχυρίζεται,
3568 2309 3836 2374 Αἰσχυν-

2267 2414 2542 2479 θήτωσαν
2591 2413 2644 2463 οἱ
2693 2407 3054 2477 ἁνομοῦντες
3092 2399 3391 2467 διακενῆς.
3456 2397 3641 2449 Ταῦτα
3706 2395 3837 2465 περὶ

2268 2507 2372 2559 τῶν
2401 2504 2498 2575 ἤδη
2526 2500 2902 2572 κατεχομένων
2928 2500 2985 2551 ἐν
3019 2490 3427 2561 εἰδωλολατρείᾳ
3461 2487 3643 2557 φησίν.

2339 2594 2871 2668 [Αίσχυνθήτωσαν
2911 2592 2966 2641 ol
3005 2584 3399 2654 ἀνομοῦντες,
3436 2579 3544 2633 ἀπὸ
3585 2576 3695 2630 τῶν
3735 2576 3838 2646 ἤδη

2271 2663 2602 2739 πεποιθότων
2633 2681 2724 2735 ἐπὶ
2745 2677 2863 2749 Θεῷ
2890 2678 2981 2731 καὶ
3007 2674 3312 2744 γενομένων
3343 2665 3631 2738 λαμπρῶν,
3662 2663 3750 2715 διὰ
3780 2665 3841 2713 τὸ

2271 2779 2367 2848 τὴν
2393 2774 2709 2845 πεποίθησιν
2739 2771 2878 2842 ἔχειν
2904 2769 3003 2838 τῆς
3029 2765 3192 2834 εὐχῆς
3215 2757 3616 2823 ὲπιτεύξασθαι.
3665 2755 3840 2822 ἰσχυ-

2279 2870 2509 2940 ρίζονται
2552 2867 2601 2920 οἱ
2648 2861 2973 2934 ἀνομοῦντες
3004 2853 3302 2922 διακενῆς.
3339 2849 3522 2903 Ταῦτα
3562 2845 3693 2917 περὶ
3730 2842 3842 2894 τῶν

2134 2971 2175 3025 i-
2275 2961 2352 3014 ἔτι
2385 2957 2762 3030 κατεχομένων
2792 2957 2847 3007 ὲν
2877 2944 3334 3018 είδωλολατρεία.]

687 3195 741 3250 4.
780 3138 904 3244 lJ’ias
931 3194 1071 3247 tuas,
1103 3174 1339 3237 Domine,
1366 3169 1666 3222 demonstra
1691 3158 1838 3214 mihi.
1857 3153 2177 3221 Evangelica
2207 3209 2210 3236 1

2356 3163 2465 3226 Τὰς
2497 3160 2674 3223 ὁδούς
2699 3171 2838 3221 σου,
2871 3155 3066 3222 Κύριε,
3095 3146 3386 3219 γνώρισον
3411 3159 3534 3212 μοι.
3569 3139 3649 3193 Τὰ
3675 3138 3844 3205 εὐαγ-

619 3291 871 3359 dogmata
910 3280 1008 3333 ait.

693 3344 745 3436 Ξ.
766 3377 946 3445 Dirige
971 3386 1048 3424 me
1079 3367 1132 3420 in
1161 3361 1374 3418 veritate
1407 3365 1517 3408 tua.
1550 3350 1676 3404 Haec
1709 3347 1805 3414 ait,
1837 3353 1896 3400 ut
1917 3344 2007 3414 qui
2042 3357 2179 3398 non-

619 3479 746 3534 dum
775 3471 840 3528 2d
869 3437 1147 3523 veritatem
1177 3449 1483 3511 accesserit.
1517 3445 1585 3499 Et
1619 3443 1745 3496 doce
1773 3455 1872 3503 me,
1903 3437 2028 3507 quia
2053 3443 2109 3486 tu
2127 3450 2180 3487 es

623 3569 762 3625 Deus
817 3562 1048 3619 salvator
1095 3565 1259 3606 meus.
1306 3544 1441 3600 Cum
1484 3536 1742 3608 propheta
1786 3531 1861 3584 ita
1892 3537 2010 3582 oret
2043 3541 2106 3579 ac
2137 3524 2183 3578 si

623 3659 865 3718 nondum
907 3642 1220 3719 cognoverit
1259 3638 1374 3692 vias
1414 3627 1651 3694 Domini,
1684 3637 1860 3689 neque
1907 3617 2187 3674 edidicerit

628 3747 873 3806 incedere
914 3705 1218 3795 inusemitis
1249 3727 1400 3797 ejus;
1443 3720 1674 3776 necdum
1722 3714 1962 3768 directus
2003 3708 2074 3763 sit
2118 3705 2184 3761 ad

624 3803 903 3897 veritatem
959 3828 1088 3891 Dei,
1137 3837 1238 3878 nec
1277 3819 1503 3874 edoctus
1549 3811 1617 3865 de
1657 3808 1766 3862 Deo
1801 3814 1861 3860 ut
1891 3803 2183 3865 salvatore,

625 3893 751 4005 quis
783 3944 888 3984 non
920 3913 1295 3979 relormidabit
1315 3908 1444 3965 illud
1469 3925 1481 3960 :
1506 3901 1719 3958 Vwillis
1741 3897 1833 3969 qui
1856 3894 1954 3951 sibi
1977 3893 2186 3961 sapien-

630 3999 702 4079 tes
733 4032 780 4076 et
804 4015 1009 4088 judicio
1035 4027 1128 4064 suo
1155 4005 1294 4060 docti
1324 4010 1444 4056 sunt
1471 3999 1549 4050 “l

704 4202 754 4252 7.
785 4195 990 4251 Delicta
1015 4184 1305 4260 juventutis
1345 4193 1471 4234 meae
1509 4183 1559 4229 et
1591 4167 1922 4242 ignorantias
1955 4177 2094 4215 meas
2127 4173 2189 4212 ne

630 4290 946 4348 memineris.
977 4283 1317 4339 Juventntem
1351 4268 1632 4329 stultitiam
1663 4264 1756 4317 ait.
1785 4260 1980 4329 Aperta
2009 4260 2188 4307 autem

632 4385 856 4443 stultitia
894 4387 1009 4434 erat
1050 4368 1365 4429 idololatria:
1401 4375 1585 4419 eorum
1611 4367 1841 4425 tempus.
1870 4349 1989 4403 Alio
2032 4342 2192 4398 modo

631 4494 727 4549 per
759 4475 952 4530 delicta
980 4462 1280 4540 iuventutis
1320 4472 1382 4512 ea
1414 4468 1534 4524 qua!
1559 4452 1614 4504 in
1648 4445 1881 4516 Egypto
1905 4445 2188 4510 perpetra-

633 4530 761 4623 ἶυηι
789 4530 1078 4634 intelligit:
1123 4570 1246 4611 nam
1274 4560 1328 4607 et
1357 4549 1466 4604 illic
1509 4544 1777 4600 idolorum
1813 4533 1981 4589 cultui
2020 4544 2187 4583 vaca-
2222 4530 2264 4583 ι)

2002 4620 2191 4680 incris,
2297 4617 2479 4686 μάτων
2507 4586 2601 4666 νῦν
2634 4607 2894 4681 μνησθῇς,
2923 4604 3056 4658 ἀλλὰ
3084 4602 3181 4671 τῆς
3215 4595 3657 4668 φιλανθρωπίας,
3689 4592 3758 4645 δι’
3792 4586 3864 4661 ἦς

641 5032 712 5085 tis
739 5025 909 5098 gratia
935 5020 987 5075 id
1019 5012 1274 5081 consequi
1306 5021 1456 5076 rogo.

709 5078 1021 5180 87—13mm"
1048 5108 1143 5160 hoc
1182 5078 1341 5171 legem
1374 5095 1519 5150 dabit
1559 5082 1979 5158 delinquentibus
2007 5095 2064 5131 in
2087 5078 2190 5130 via.

641 5171 972 5264 llluminabit
995 5205 1326 5268 peccatores,
1361 5184 1617 5242 indicabit
1648 5174 1993 5250 peccantibus
2027 5171 2191 5223 viam.

712 5298 799 5351 10.
833 5261 1098 5347 Universae
1125 5285 1224 5339 vite
1256 5277 1468 5334 Domini
1512 5266 1873 5326 misericordia
1901 5273 1949 5317 et
1976 5261 2191 5319 veritas.

641 5397 748 5444 etc.
776 5386 914 5440 Nam
954 5378 1048 5450 qui
1094 5373 1294 5430 divinis
1325 5365 1670 5426 sermonibus
1698 5359 1913 5415 assidue
1945 5353 2195 5409 nutriun-

645 5490 753 5541 tur,
784 5445 1035 5530 accurate
1063 5467 1311 5525 ediscunt
1333 5475 1522 5518 omnes
1535 5451 1834 5511 Salvatoris
1857 5446 2058 5504 Christi
2085 5445 2199 5497 dis-

642 5567 990 5642 pensationes
1060 5554 1431 5618 misericordia
1474 5560 1527 5606 et
1569 5547 1796 5602 veritate
1839 5555 1960 5595 esse
2000 5535 2201 5607 permi-

715 5677 1084 5760 (9)_Am‘hros‘.
1132 5665 1584 5758 ιιᾳιίἱιάπᾲντων.
1636 5658 1755 5713 Mox
1789 5664 1912 5726 post
1942 5651 2084 5721 ζωήν
2132 5645 2210 5716 adj

2282 5648 2311 5701 il
2339 5688 2352 5713 ,
2397 5647 2459 5697 ὲκ
2506 5639 2793 5713 προσώπου
2828 5635 2884 5688 δὲ
2931 5625 3085 5694 οὗτος

644 5733 732 5810 νού
764 5733 859 5818 τῆς
884 5743 1252 5816 αἰχμαλωσίας
1285 5733 1674 5801 ἀπαλλαγῆναι.

729 5845 773 5876 ⁸⁸
805 5841 907 5895 lsa.
943 5857 996 5905 γ,
1024 5837 1115 5893 2|.

2280 3253 2468 3324 γελικά
2496 3250 2739 3320 δόγματά
2772 3263 2956 3318 φησιν.

2359 3344 2682 3416 Ὀδήγησόν
2700 3358 2775 3411 με
2799 3339 2896 3392 ἐπὶ
2931 3337 3046 3404 τὴν
3072 3330 3378 3399 ἀλήθειαν.
3417 3329 3505 3390 Ὠς
3539 3324 3674 3397 μηδὲ
3703 3321 3847 3392 φθά-

2281 3455 2377 3501 σας
2397 3414 2604 3504 ὲπὶντὴν
2624 3431 2876 3502 ἀλήθειαν
2905 3426 3073 3480 ταῦτά
3105 3439 3288 3493 φησιν.
3331 3417 3442 3472 Kal
3477 3414 3725 3477 διδαξόν
3747 3429 3848 3481 με,

2282 3531 2369 3584 ὅτι
2391 3528 2469 3581 σὺ
2492 3522 2549 3580 εἷ
2573 3527 2605 3578 ό
2643 3522 2785 3586 Θεὸς
2817 3523 2848 3573 ὀ
2883 3515 3085 3583 Σωτήρ
3107 3531 3246 3583 μου.
3272 3509 3378 3563 Τοῦ
3409 3507 3709 3579 προφήτου,
3743 3520 3848 3573 μη-

2281 3621 2425 3673 δέπω
2452 3615 2747 3686 ἐγνωκότος
2772 3611 2868 3673 τὰς
2901 3609 3052 3669 ὁδοὺς
3081 3603 3309 3675 Κυρίου,
3342 3600 3474 3672 μηδὲ
3503 3595 3852 3666 διδαχθέντος

2285 3684 2607 3780 πορεύεσθαι
2638 3701 2856 3773 τρίδους
2890 3695 3054 3752 αὐτοῦ
3077 3736 3091 3759 ,
3124 3694 3219 3747 καὶ
3263 3693 3337 3755 ὡς
3390 3687 3612 3760 μηδέπω
3651 3684 3854 3754 ὁδηγη-

2286 3775 2465 3861 θέντος
2498 3797 2587 3850 ἐπὶ
2620 3794 2714 3864 τὴν
2745 3789 2996 3861 ἀλήθειαν
3027 3785 3117 3838 τοῦ
3149 3781 3304 3845 Θεοῦ,
3344 3780 3476 3851 μηδὲ
3505 3775 3854 3846 διδαχθέντος

2288 3891 2414 3961 ’περὶ⁵
2441 3887 2574 3938 Θεοῦ
2605 3885 2678 3946 ὡς
2719 3881 2968 3949 Σωτῆρος
2989 3918 3003 3939 ,
3049 3875 3220 3936 οὓτως
3261 3869 3553 3941 εὐχομένου
3576 3908 3590 3931 ,
3638 3865 3720 3928 τίς
3752 3864 3857 3917 οὐκ

2289 3952 2711 4048 εὐλαὸηθήσεται
2751 3971 2810 4023 τὸ
2833 4009 2848 4033 ,
2887 3968 3030 4021 Οὐαὶ
3069 3969 3121 4019 οἱ
3155 3962 3333 4032 σοφοὶ
3362 3962 3431 4014 ὲν
3456 3956 3718 4023 ἑαυτοῖς,
3755 3952 3858 4007 καὶ

2288 4069 2539 4124 ἐνώπιον
2568 4063 2764 4119 αὐτῶν
2787 4057 3210 4128 ἐπιστήμονες

2371 4159 2661 4230 Ἀμαρτιίις
2711 4151 2986 4220 νεότητός
3018 4167 3136 4218 μου
3181 4147 3280 4199 καὶ
3328 4144 3573 4212 ἀγνοίας
3608 4157 3727 4209 μου
3767 4136 3858 4206 μὴ

2286 4226 2584 4325 μνηονθῆς.
2613 4247 2858 4314 Νεότητα
2890 4244 2986 4313 τὴν
3012 4241 3320 4310 ἀφροσύνην
3350 4234 3530 4305 φησίν.
3551 4226 3859 4301 Ἀφροσύνη

2290 4315 2346 4394 δὲ
2387 4315 2558 4408 σαφῆς
2603 4339 2630 4388 ό
2673 4335 2768 4405 τῆς
2799 4329 3238 4400 εἰδωλολατρείας
3281 4324 3460 4378 αὐτῶν
3497 4320 3706 4392 καιρός.
3748 4315 3862 4370 Καὶ

2293 4432 2465 4494 ἄλλως
2491 4428 2759 4499 ἁμαρτίας
2791 4422 2884 4477 τοῦ
2913 4421 3042 4475 λαοῦ
3072 4420 3169 4481 τὰς
3205 4421 3263 4472 ὲν
3292 4416 3578 4484 Αἰγύπτῳ·
3613 4411 3708 4464 καὶ
3747 4409 3863 4478 γὰρ

2295 4519 2775 4590 εἰδωλολάτρευσαν
2816 4517 2948 4567 ὲκεῖ.
2981 4513 3072 4580 Μὴ
3100 4507 3192 4562 οὖν
3222 4506 3444 4560 ἐκείνων
3477 4503 3583 4556 τῶν
3608 4503 3865 4571 ἁμαρτη-

2297 4683 2394 4762 καὶ
2428 4708 2550 4759 τότε
2578 4700 2901 4771 ἀγνοοῦντας
2931 4689 3418 4766 ἐφιλανθρωπεύετο
3481 4686 3570 4742 καὶ
3600 4683 3861 4754 ὴλέησας.

2173 4919 2198 4930 —
2299 4893 2396 4961 τὴν
2449 4887 2585 4959 ἐμὴν
2633 4883 2824 4948 ἀξίαν,
2877 4879 3011 4933 ἀλλὰ
3057 4877 3145 4930 διὰ
3172 4874 3268 4944 τὴν
3307 4873 3404 4940 σὴν
3453 4863 3867 4938 φιλανθρωπίαν

2300 4981 2487 5035 τούτου
2515 4979 2692 5047 τυχεῖν
2731 4971 2976 5027 ἱκετεύω.

2368 5070 2470 5126 Διὰ
2496 5041 2672 5123 τούτο
2715 5060 3098 5134 νομοθετήσει
3130 5057 3578 5125 ἁμαρτανοντας
3621 5047 3692 5099 ἐν
3723 5041 3864 5108 ὁδῷ.

2298 5164 2524 5217 Φωτίσει
2557 5153 2911 5229 ἁμαρτωλούς
2931 5170 2942 5182 ·
2981 5149 3248 5212 ὐποδείξει
3275 5144 3679 5216 ἁμαρτάνουσιν
3725 5135 3865 5188 ὁδόν.

2370 5254 2566 5310 Πᾶσαι
2599 5227 2826 5305 ἀίγόδοὶ
2869 5246 3086 5316 Κυρίου
3137 5243 3309 5305 ἕλεος
3356 5236 3455 5291 καί
3499 5233 3771 5300 ἀλήθεια.
3802 5227 3868 5278 Οί

2300 5347 2408 5418 γὰρ
2438 5343 2696 5415 διηνεκῶς
2741 5343 2854 5402 τοῖς
2901 5338 3063 5399 θείοις
3105 5331 3484 5404 ἐντρεφόμενοι
3514 5325 3691 5391 λόγοις
3734 5331 3872 5389 μαν-

2307 5440 2554 5493 θάνουσιν
2586 5432 2830 5505 ἀκριϐῶς
2868 5431 2932 5483 δι’
2964 5428 3212 5491 ἐκείνων,
3241 5424 3315 5482 ὡς
3351 5423 3520 5475 πᾶσαι
3551 5413 3644 5467 τοῦ
3687 5409 3874 5477 Σωτῆο

2309 5549 2398 5602 ρος
2427 5499 2673 5600 Χριστοῦ-
2695 5523 2828 5578 Θεοῦ
2859 5522 3012 5592 ἡμῶν
3038 5515 3336 5587 οἰκονομίαι
3362 5511 3496 5580 ὲλέῳ
3523 5508 3615 5561 καὶ
3646 5499 3874 5572 ἀληθείᾳ

3125 5628 3216 5683 τοῦ
3266 5624 3392 5679 λαοῦ
3445 5621 3642 5682 παντὸς
3684 5613 3874 5684 διημι-
