4032 6436
141 404 241 458 Hii

1240 398 1600 453 EXPOSITIO
1637 398 1701 452 IN
1739 397 2067 454 PSAIJIUM
2110 397 2271 451 XXV.

3271 395 3368 448 146

144 514 574 583 συγκέκρανται·
639 515 747 572 τοῖς
807 512 914 581 γὰρ
978 511 1433 580 μεταμελομένοις
1492 516 1574 581 ἐφ’
1637 516 1716 580 ως

1835 525 1946 567 itas.
1978 511 2110 566 Nam
2147 513 2213 566 iis
2258 524 2397 578 quos
2424 510 2743 562 delictorum
2788 507 3027 576 pmnitet,
3059 507 3371 560 misericor-

141 602 568 673 ἐπλημμέλησαν
596 600 685 653 τὸν
716 599 862 651 ἔλεον
891 600 983 651 καὶ
1008 599 1105 669 τὴν
1131 599 1457 672 συγγνώμην
1487 603 1667 674 ὀρέγει
1691 625 1697 634 .

141 697 263 758 τοὺς
293 695 352 747 δὲ
386 694 682 764 ἀηττήτους
712 692 811 761 τῆς
846 691 1042 761 ἀρετῆς
1083 691 1319 761 ἀθλητὰς
1346 694 1705 765 ἀνακηρύττει

141 791 235 841 καὶ
277 789 531 854 στεφανοῖ
574 787 668 838 σὺν
713 783 940 854 ἀληθεία
967 784 1064 854 τὴν
1093 782 1272 852 ψῆφον
1300 785 1547 855 ἐκφέρων
1570 802 1582 815 ·
1617 790 1707 841 καὶ

143 878 326 949 μέντοι
361 877 456 931 καὶ
486 879 600 939 τοῖς
628 875 938 946 παρανομίᾳ
965 873 1281 944 συνεζηκόσι
1300 915 1313 938 ,
1346 876 1440 927 καὶ
1469 893 1706 947 μεταμε-

140 971 258 1041 λείᾳ
295 969 370 1040 μὴ
400 967 763 1040 χρησαμένοις
796 966 934 1019 κατὰ
963 968 1088 1028 τοὺς
1130 966 1228 1035 τῆς
1257 965 1513 1036 ἀληθείας
1550 970 1707 1039 ὅρους

141 1061 395 1130 ἐπιφέρει
425 1059 524 1123 τὰς
551 1059 840 1129 τιμωρίας.

213 1169 348 1240 [Καὶ
388 1169 454 1223 τὸ
493 1169 728 1237 σπέρμα
759 1170 945 1223 αὑτοῦ
990 1171 1430 1239 κληρονομήσει
1470 1170 1604 1240 γῆν.
1645 1171 1708 1222 Αἱ

142 1259 406 1328 πράξεις,
453 1258 651 1328 φησὶν,
696 1260 749 1311 αἱ
794 1258 1080 1326 γενόμεναι
1135 1257 1381 1329 πρόξενοι
1430 1258 1577 1328 αὑτῷ
1618 1259 1708 1310 τοῦ

142 1351 548 1421 κληρονομῆσαι
577 1349 671 1420 τὴν
692 1349 884 1419 νοητὴν
905 1349 1006 1418 γῆν
1026 1352 1375 1420 ’γενήσονταί
1405 1369 1464 1419 γε
1496 1351 1713 1421 σπέρμα

140 1439 248 1490 τῶν
282 1437 505 1506 ἀγαθῶν
535 1439 766 1509 ἀνδρῶν,
815 1439 879 1490 δι’
915 1433 988 1491 ὦν
1033 1441 1154 1502 τοὺς
1189 1439 1326 1492 κατά
1361 1441 1488 1493 Θεὸν
1520 1459 1714 1509 γεννω-

143 1528 343 1598 μένους
377 1529 558 1597 φησίν.

226 1641 587 1709 Ἐπίόλεψον
624 1642 715 1694 ἐπ’
757 1641 877 1710 ὲμὲ.
922 1645 1011 1694 Δεῖ
1043 1644 1150 1715 γὰρ
1189 1646 1261 1715 μὴ
1310 1645 1533 1708 ὑπτίους
1580 1641 1716 1698 εἶναι

142 1732 239 1784 καὶ
307 1733 810 1797 ἀναπεπτωκότας,
881 1732 1212 1805 θαρροῦντας
1285 1736 1363 1806 τῷ
1423 1737 1562 1789 ἐλέει
1624 1737 1716 1789 τοῦ

142 1824 281 1878 Θεοῦ
304 1865 318 1888 ,
359 1825 494 1878 ἀλλά
538 1826 631 1879 καὶ
672 1828 817 1897 ἡμᾶς
847 1827 1119 1898 είσφέρειν
1155 1828 1244 1880 τὸν
1289 1829 1374 1882 διὰ
1404 1829 1511 1883 τῶν
1545 1830 1719 1900 ἔργων

144 1915 328 1970 πόνον.
351 1916 371 1988 ]

1813 608 1954 660 diam
1977 603 2131 657 oli‘ert
2150 611 2204 655 et
2228 600 2437 654 veniam
2469 617 2479 653 :
2513 600 2744 652 invictos
2765 609 2944 652 autem
2971 597 3185 650 virtutis
3207 596 3375 651 athle-

1811 707 1916 758 tas,
1946 695 2181 748 victores
2214 691 2517 753 denuntiat,
2551 701 2602 744 et
2647 697 2874 744 coronat
2915 704 3039 742 cum
3069 689 3294 742 veritate
3321 698 3374 741 et

1814 786 2062 856 :equitate
2105 783 2370 837 calculum
2401 780 2579 836 ferens
2608 801 2620 834 :
2648 796 2740 835 eos
2771 796 2898 835 vero
2937 781 3030 851 qui
3066 781 3118 834 in
3152 793 3375 849 peccato

1836 880 1978 932 ‘itam
2023 885 2270 946 egerunt,
2305 890 2477 944 neque
2517 873 2826 944 paenitentia
2877 873 3091 942 purgati
3125 880 3271 936 sunt,
3310 886 3374 925 ex

1815 970 1927 1025 veri
1955 979 2007 1024 et
2039 970 2179 1038 aequi
2212 968 2527 1038 praescripto
2561 966 2843 1036 suppliciis
2879 965 3058 1019 allicit.

1888 1189 1998 1260 [15.
2023 1187 2087 1240 Et
2110 1205 2278 1242 semen
2310 1189 2421 1258 ejus
2449 1189 2772 1242 lucreditabit
2799 1199 3014 1242 terram.
3039 1187 3167 1256 Ejus
3196 1200 3381 1255 Qpcra,

1821 1282 2016 1349 inquit,
2065 1283 2114 1334 in
2147 1297 2310 1335 causa
2347 1290 2494 1346 sunt,
2528 1290 2586 1334 ut
2611 1281 2723 1350 ipse
2755 1281 3145 1351 intelligibilem
3183 1289 3382 1334 terram

1821 1371 2132 1427 haareditate
2181 1372 2412 1442 accipiat
2446 1392 2456 1425 :
2505 1382 2666 1427 erunt
2713 1383 2891 1427 autem
2917 1414 2932 1438 ,
2970 1373 3168 1442 inquit,
3199 1387 3382 1426 semen

1822 1464 1962 1535 frugi
1992 1465 2254 1526 virorum,
2295 1464 2494 1533 quibus
2539 1464 2786 1535 intelligit
2829 1479 2922 1519 eos
2963 1464 3056 1533 qui
3086 1464 3384 1518 secundum

1825 1558 1991 1611 Deum
2024 1555 2134 1610 nati
2165 1566 2312 1612 sunt.

1895 1670 2108 1738 Respice
2147 1670 2202 1722 in
2234 1686 2332 1722 me.
2366 1669 2586 1738 Oportet
2620 1671 2762 1723 enim
2807 1686 2927 1732 nos,
2963 1670 3299 1724 conlidentes
3335 1668 3390 1723 in

1824 1762 2198 1816 misericordia
2230 1759 2344 1820 Dei.
2381 1778 2485 1815 non
2511 1762 2738 1830 supinos
2775 1777 2895 1815 esse
2921 1771 2974 1815 et
2999 1762 3264 1830 abjectos,
3297 1762 3391 1815 sed

1824 1858 1988 1912 etiam
2033 1857 2294 1922 laborem,
2323 1859 2417 1927 qui
2445 1859 2498 1910 in
2531 1858 2753 1926 agendis
2787 1858 3048 1925 occurrit,
3084 1857 3393 1935 exhibere.)

218 2055 304 2108 15.
341 2055 529 2108 Daniel
564 2055 832 2109 Barbarus
863 2072 880 2108 :
909 2056 1098 2109 Anima
1127 2057 1240 2125 ejus
1276 2060 1327 2110 in
1357 2059 1503 2111 bonis
1538 2057 1919 2113 demorabitur.
1956 2055 2210 2110 Actiones
2237 2056 2340 2109 illae
2373 2073 2492 2120 quae
2513 2058 2579 2112 ad
2613 2060 3027 2116 intellectualem
3059 2070 3254 2113 terram
3283 2063 3392 2112 ha:-

146 2143 492 2197 reditandam
518 2144 919 2199 conciliatrices
954 2145 1107 2200 facta:
1139 2147 1360 2212 fuerint,
1399 2151 1604 2203 semina
1639 2161 1794 2206 terra:
1823 2153 1952 2206 lient
1985 2152 2252 2206 bonorum
2286 2153 2413 2206 viris
2448 2155 2552 2208 illis
2591 2155 2683 2223 qui
2715 2155 3011 2209 secundum
3038 2153 3204 2208 Deum
3237 2167 3394 2206 reno-

146 2233 439 2288 v-abuntur.
498 2235 691 2307 llujus,
724 2237 918 2307 inquit,
963 2255 1148 2293 semen
1187 2242 1525 2296 hmreditahit
1559 2253 1793 2311 terram;
1832 2261 1954 2299 nam
2001 2247 2294 2315 perveniet,
2347 2250 2440 2310 ait,
2477 2249 2778 2303 benedictio
2828 2266 2999 2319 usque
3039 2249 3102 2302 ad
3145 2257 3396 2320 posteros

146 2343 302 2381 SUOS.

220 2441 571 2510 Κραταὶωμα
630 2444 840 2509 Κύριος
899 2442 1015 2497 τῶν
1071 2447 1456 2516 φοϐουμένων
1505 2451 1723 2502 αὐτόν·
1763 2454 1806 2513 Β

150 2534 246 2582 καὶ
295 2529 546 2596 διαθήκη
589 2531 776 2585 αὐτοῦ
815 2532 1072 2600 δηλώσει
1112 2537 1350 2602 αὐτούς.
1392 2538 1455 2589 Ἦ
1500 2540 1725 2607 εὐαγγεσ

149 2624 296 2692 λική.
345 2621 410 2674 Τί
459 2621 513 2674 δὲ
559 2620 820 2693 δηλώσει;
865 2623 896 2694 ἢ
936 2625 1034 2696 τὴν
1083 2627 1353 2697 σωτηρίας
1399 2628 1536 2681 ὁδόν.
1574 2631 1728 2681 Πᾶσα

151 2714 258 2784 γὰρ
280 2755 294 2777 ,
324 2713 486 2783 φησὶ,
527 2714 814 2783 νομοθεσία
856 2713 948 2767 τοῦ
979 2715 1114 2767 Θεοῦ
1145 2719 1280 2785 πρὸς
1308 2715 1463 2768 τοῦτο
1505 2716 1728 2786 βλέπει,

155 2803 294 2873 πρὸς
318 2802 378 2854 τὸ
408 2804 465 2854 ἐν
495 2803 792 2855 ἀπολαύσει
823 2805 948 2866 τοὺς
978 2805 1214 2872 ἀγαθοὺς
1239 2810 1411 2860 ποιεῖν
1441 2800 1514 2859 ὧν
1544 2809 1729 2878 προεί-

155 2896 337 2946 λαντο.
367 2895 533 2945 Τοῦτο
560 2895 666 2965 γὰρ
695 2894 843 2962 λέγει
863 2909 876 2922 '
904 2895 1166 2962 Δηλώσει
1207 2898 1428 2962 αὐτοῖς,
1463 2900 1581 2952 ἀντὶ
1615 2897 1730 2966 τοῦ,

152 2989 211 3038 ἐν
238 2985 532 3039 ἀπολαύσει
559 2988 752 3051 αὐτοὺς
777 2990 1105 3060 καταστήσει
1129 2982 1203 3042 ὧν
1233 2992 1569 3060 προείλαντο.

226 3080 295 3128 ΑΙ
354 3078 590 3144 θλίψεις
638 3079 744 3147 τῆς
786 3081 1032 3147 καρδίας
1068 3098 1186 3150 μου
1239 3083 1727 3150 ἑπληθύνθηο-(ιν.

159 3169 406 3234 Πολλοῖς,
440 3170 603 3240 φησὶν
624 3211 637 3234 ,
668 3171 934 3239 ἀλγεινοῖς
964 3172 1297 3240 πανταχόθεν
1341 3175 1732 3244 περιστοιχίζο-

161 3281 279 3332 μαι.
313 3263 528 3334 Ταύτην
566 3283 666 3334 μου
695 3265 871 3317 τοίνυν
902 3265 1001 3334 τὴν
1029 3266 1356 3318 ταπείνωσιν
1389 3267 1476 3318 καὶ
1507 3266 1604 3336 τὴν
1640 3283 1732 3319 τας

159 3354 466 3426 λαιπωρίαν
494 3358 610 3416 ταῖς
641 3357 796 3424 ἐμαῖς
829 3353 1318 3419 ἀντιταλαντεύσας
1347 3358 1731 3428 παρανομίαις,

159 3447 248 3510 δὺς
276 3448 375 3518 τὴν
409 3449 630 3516 ἄφεσιν,
683 3448 777 3501 καὶ
822 3449 920 3518 τὴν
966 3449 1290 3522 συγγνώμην
1334 3452 1596 3522 πάρασχε.
1640 3453 1733 3505 Ἐκ

162 3535 280 3588 τῶν
327 3535 604 3604 ἀναγκῶν
650 3554 767 3605 μου
822 3536 1074 3606 ἐξάγαγε
1111 3555 1223 3608 με·
1267 3540 1330 3590 ὲκ
1360 3538 1467 3592 τῶν
1502 3540 1737 3609 συνεχῶν

165 3645 286 3696 μου.

237 3719 352 3773 Ἴδε
386 3717 498 3785 τὴν
533 3721 892 3774 ταπείνωσίν
937 3738 1056 3789 μου
1087 3720 1184 3773 καὶ
1231 3721 1336 3772 τὸν
1370 3724 1559 3775 κόπον
1593 3740 1732 3791 μου.

1903 2454 1990 2506 Η.
2017 2453 2438 2509 Firmamentum
2465 2465 2539 2510 est
2572 2455 2823 2509 Dominus
2857 2457 3155 2509 timentibus
3199 2473 3316 2510 cum
3346 2465 3395 2508 ct

1835 2553 2202 2600 testamentum
2251 2549 2415 2616 ipsius
2467 2548 2824 2617 manifestubit
2877 2549 3004 2602 illis.
3047 2547 3394 2617 Erangclium

1832 2636 2056 2703 scilicet,
2099 2648 2193 2692 aut
2231 2640 2420 2694 salutis
2452 2641 2620 2694 viam.
2654 2640 2786 2694 Tota
2827 2641 3023 2709 quippe
3069 2640 3150 2692 lex
3193 2640 3397 2694 Christi

1833 2727 1936 2782 hoc
1969 2739 2176 2798 spectat
2211 2741 2266 2783 ut
2298 2731 2496 2800 probos
2532 2734 2731 2800 optatis
2763 2741 2817 2785 et
2839 2733 3059 2786 delectis
3092 2732 3194 2785 frui
3226 2742 3395 2785 curet.

1834 2817 1890 2872 Id
1931 2835 2163 2890 namque
2213 2823 2310 2888 ait,
2338 2822 2694 2889 manifestabit
2748 2824 2879 2886 illis,
2918 2823 2969 2876 id
2998 2833 3102 2885 est,
3129 2823 3396 2890 exoptatis

1836 2910 1942 2966 frui
1972 2914 2204 2967 curabit.

1912 3003 1993 3055 l7.
2041 3001 2426 3057 Tribulationes
2474 3006 2644 3057 cordis
2697 3005 2797 3056 mei
2845 3001 3211 3069 multiplicata:
3255 3011 3395 3053 sunt.

1835 3090 2054 3157 Multis,
2103 3095 2312 3163 inquit,
2362 3094 2660 3163 angoribus
2715 3093 2955 3162 undique
2997 3093 3400 3145 circumventus

1839 3199 1980 3237 sum.
2014 3182 2162 3240 llanc
2189 3186 2371 3256 itaque
2395 3201 2569 3240 meam
2599 3186 2981 3247 humilitatem,
3014 3184 3108 3237 has
3131 3197 3404 3236 aerumnas

1838 3277 2151 3345 appendens
2181 3293 2304 3332 cum
2339 3279 2575 3347 peccatis
2606 3278 2762 3340 meis,
2789 3279 2852 3330 da
2895 3275 3272 3330 remissionem
3311 3289 3400 3328 \e-

1839 3369 2093 3438 niamque
2150 3370 2348 3438 praebe.
2394 3369 2469 3422 De
2508 3371 2904 3422 necessitatibus
2954 3370 3079 3424 meis
3132 3385 3252 3423 erue
3291 3385 3404 3434 mc,

1840 3463 2057 3517 assidue
2087 3465 2288 3518 scilicet
2315 3463 2700 3532 prementibus.

1914 3730 1999 3784 18.
2054 3727 2177 3782 Vide
2219 3727 2572 3781 humilitatem
2620 3743 2786 3780 meam
2833 3737 2879 3781 et
2938 3726 3170 3781 laborem
3210 3743 3400 3781 meum.

163 3813 254 3862 Δεῖ
283 3810 393 3882 γάρ
426 3811 499 3882 μὴ
536 3812 759 3874 ὑπτίους
791 3809 925 3863 εἶναι
961 3812 1054 3864 καὶ
1095 3813 1569 3878 ἀναπεπτωκότας,
1604 3814 1731 3884 θαρ-

1843 3820 2066 3889 Oportct
2113 3819 2257 3874 enim
2299 3833 2406 3872 non
2445 3817 2670 3886 supinos
2711 3826 2762 3871 et
2795 3817 2979 3870 animo
3023 3819 3222 3872 lractos
3261 3834 3402 3880 esse,

167 3902 396 3973 ροῦντας
430 3902 504 3971 τῷ
533 3903 670 3954 ὲὶέει
704 3902 794 3955 τοῦ
825 3902 957 3956 Θεοῦ
980 3920 992 3932 ·
1031 3903 1165 3956 ἀλλά
1195 3903 1302 3978 γὰρ
1345 3905 1614 3976 εἰσφέρειν
1650 3905 1737 3956 τὸν

164 3995 251 4047 διὰ
275 3995 387 4046 τῶν
413 3993 587 4063 ἔργων
618 3995 796 4050 πόνον.

243 4083 358 4138 Ἴδε
386 4085 528 4150 τοὺς
555 4087 807 4154 ἐχθρούς
825 4107 964 4158 μου,
1000 4087 1088 4140 ὅτι
1109 4088 1595 4154 ἐπληθύνθησαν.
1633 4087 1742 4139 Καὶ

169 4177 278 4230 ἀπὸ
310 4179 412 4248 τῆς
456 4178 668 4240 ἀδικίας
708 4178 813 4230 τῶν
853 4179 1062 4250 ἐχθρῶν
1115 4181 1193 4242 είς
1240 4178 1385 4230 ἔλεον
1435 4179 1742 4233 ἐκκαλεῖται

170 4268 259 4321 τὸν
289 4269 444 4320 Θεόν.

244 4363 480 4412 ’.ιὶκακοι
529 4361 624 4413 καὶ
666 4361 858 4426 εὐαεῖς
887 4359 1227 4414 ἐκολλῶντό
1263 4378 1385 4428 μοι.
1440 4361 1548 4412 Καὶ
1587 4359 1742 4413 τοῦτο

171 4451 302 4504 ἴδιον
351 4452 587 4521 ἀρετῆς,
631 4451 690 4502 τὸ
729 4454 903 4520 μισεῖν
951 4452 1050 4521 μὲν
1080 4451 1189 4503 τῶν
1238 4449 1452 4519 φαύλων
1486 4450 1582 4514 τὰς
1616 4469 1742 4503 συν-

166 4543 361 4604 ουσίας
386 4583 401 4603 ,
432 4543 557 4604 τοὺς
596 4541 654 4594 δὲ
683 4541 779 4611 τὴν
812 4543 1034 4612 ἰσότητα
1061 4542 1332 4612 τιμῶντας
1375 4543 1467 4594 καὶ
1493 4542 1744 4612 εὑθύτητι

169 4634 489 4706 χρωμένους
527 4632 774 4703 συνήθεις
802 4633 945 4703 ἔχειν
974 4634 1065 4686 καὶ
1091 4633 1275 4702 φίλους
1295 4651 1309 4664 ο
1342 4633 1498 4685 τοῦτο
1522 4633 1629 4704 γὰρ
1655 4634 1747 4686 καὶ

169 4743 199 4777 0
250 4727 536 4797 προφήτης
589 4724 691 4795 ἔφη
741 4725 1131 4795 πεποιηκέναι,
1173 4723 1268 4778 ἅτε
1313 4725 1376 4796 δὴ
1428 4725 1747 4796 θεραπεύειν

169 4819 335 4873 τοῦτο
362 4817 452 4869 τὸν
478 4817 753 4886 Δεσπότην
785 4816 1101 4887 ἡγούμενος.

346 4930 450 4992 Εἷς
476 4927 541 4979 τὸ
570 4927 741 4992 τέλος
778 4930 1082 4982 ΨΑΛΜΟΣ
1110 4925 1189 4991 τῷ
1216 4927 1410 4980 Δαυΐδ.
1440 4926 1570 4980 KE'.

813 5019 1132 5082 Ὺπόθεσις.

175 5131 300 5187 Τῶν
327 5134 762 5187 πεπιστευκότων
791 5134 870 5194 είς
901 5131 1131 5202 Χριστὸν
1155 5132 1463 5201 εἰσφέρεται
1492 5133 1550 5184 τὸ
1584 5133 1750 5204 πρόσ-

249 5242 399 5278 ωπον
432 5224 777 5294 ἀρνουμένων
806 5223 898 5277 καὶ
923 5222 1398 5295 διισχυριζομένων
1426 5225 1516 5276 ἐπὶ
1553 5227 1616 5294 τῇ
1653 5242 1749 5277 κα-

250 5317 512 5372 ταστάσει
553 5316 649 5387 τῆς
693 5317 972 5379 κοινωνίας
1016 5315 1126 5368 τῶν
1175 5315 1440 5369 Ἰουδαίων
1474 5316 1581 5369 τῶν
1628 5333 1751 5366 συν-

253 5407 590 5476 εληλυθότων
611 5405 751 5457 κατά
771 5406 864 5458 τοῦ
888 5406 1092 5475 Κυρίου
1121 5406 1214 5457 καὶ
1239 5404 1376 5456 κατά
1405 5404 1495 5455 τοῦ
1514 5403 1747 5474 Χριστοῦ

251 5499 440 5557 αὑτοῦ.

255 5619 474 5690 Κρῖνόν
496 5633 571 5684 με
589 5655 602 5678 ,
628 5617 799 5684 Κύριε
824 5654 836 5676 ,
879 5613 966 5666 ὅτι
994 5613 1121 5683 ἐγὼ·
1144 5613 1210 5664 ἐν
1244 5613 1456 5678 timuit;
1478 5630 1595 5680 μου
1617 5611 1756 5662 ἑπο-

179 5714 427 5783 ρεύθην.
469 5708 728 5762 ’Λκακίαν
753 5707 906 5759 καλεῖ
932 5707 990 5758 τὸ
1018 5707 1090 5776 μὴ
1125 5706 1410 5776 μετασχεῖν
1439 5705 1534 5771 τῆς
1569 5701 1762 5772 φαυλό-

187 5821 348 5874 τητος
390 5802 483 5857 xa‘.
513 5800 610 5870 τῆς
641 5798 892 5862 ἀπονοίας
940 5797 1044 5850 τῶν
1096 5796 1377 5849 Ἰουδαίων.
1419 5795 1526 5849 Καὶ
1557 5793 1654 5846 ἐπὶ
1687 5790 1764 5856 τῷ

1841 3911 2069 3965 ﬁdentes
2123 3908 2511 3964 misericordiae
2560 3906 2677 3970 Dei,
2707 3907 2799 3961 sed
2845 3907 3037 3961 all‘erte
3069 3922 3292 3978 operum
3329 3909 3407 3962 la-

1843 4003 2049 4056 boretn.

1915 4091 2000 4146 19.
2034 4091 2249 4162 Respice
2291 4091 2530 4143 inimicos
2578 4105 2738 4154 meos,
2769 4091 3019 4158 quoniam
3071 4088 3410 4157 multiplicati

1843 4194 1986 4239 sunt.
2028 4184 2102 4238 Ex
2141 4183 2490 4237 inimicorum
2538 4180 2826 4250 iniquitate
2857 4189 3070 4248 sumpta
3101 4181 3408 4244 occasione,

1846 4277 2014 4333 Deum
2049 4284 2208 4330 vocat
2235 4275 2303 4329 ad
2334 4273 2785 4329 misericordiam.

1913 4371 2003 4424 21.
2060 4368 2368 4424 Innocentes
2409 4377 2459 4423 et
2487 4369 2610 4422 recti
2652 4369 2986 4422 adltwserunt
3021 4367 3167 4421 mihi.
3211 4366 3278 4421 Et
3308 4371 3413 4422 hoc

1847 4466 2128 4533 proprium
2162 4461 2378 4517 virtutis
2419 4471 2521 4528 est,
2571 4462 2944 4530 improborum
2973 4475 3302 4531 congressus
3331 4460 3414 4514 l'u-

1849 4570 1992 4624 gere,
2028 4555 2166 4624 aequi
2199 4565 2379 4608 autem
2416 4563 2470 4608 et
2499 4554 2630 4608 recti
2666 4555 2905 4609 cultores
2935 4554 2988 4608 in
3035 4554 3225 4609 amicis
3251 4563 3305 4608 et
3334 4553 3413 4608 fa-

1852 4647 2155 4701 miliaribus
2214 4647 2429 4700 habere.
2462 4644 2576 4701 lloc
2613 4647 2777 4701 etiam
2819 4646 3088 4716 Propheta
3129 4663 3193 4701 se
3224 4646 3418 4703 fecisse

1855 4742 1930 4795 ait
1957 4758 1972 4797 :
2005 4749 2159 4794 ratus
2185 4739 2443 4794 nimirum
2475 4739 2527 4792 id
2561 4754 2684 4793 esse
2710 4737 2998 4792 Dominum
3033 4738 3231 4792 colere.

2066 4854 2117 4907 1.
2153 4852 2218 4905 1η
2250 4853 2405 4920 ﬁnem
2437 4849 2772 4905 PSALMUS
2807 4851 2994 4904 David.
3026 4849 3129 4903 XX
3145 4848 3205 4904 Υ.

2442 4949 2840 5017 Argumentum.

1857 5063 2136 5118 lnducitur
2167 5079 2395 5132 persona
2421 5075 2612 5117 eorum
2657 5064 2749 5132 qui
2782 5063 3132 5117 crediderunt
3176 5063 3229 5116 in
3263 5063 3422 5118 Chri-

1926 5165 2092 5219 stum,
2114 5155 2435 5225 negantibus
2452 5156 2654 5210 interea
2682 5165 2734 5209 et
2749 5156 3250 5211 contradicentibus
3271 5171 3422 5211 com-

1928 5248 2203 5301 munionis
2245 5247 2618 5301 constitutioni
2659 5245 2884 5312 Judteis,
2920 5247 3012 5316 qui
3057 5257 3426 5302 convenerant

1930 5342 2188 5395 adversus
2222 5338 2505 5393 Dominum
2537 5349 2590 5393 et
2621 5340 2882 5394 adversus
2906 5337 3183 5393 Christum
3215 5339 3350 5410 ejus.

1926 5604 2123 5657 Judica
2171 5619 2267 5666 me,
2317 5600 2568 5663 Dsmine,
2616 5601 2863 5670 quoniam
2898 5615 2989 5670 ego
3033 5600 3086 5652 in
3130 5596 3428 5651 innocentia

1861 5714 1975 5750 mea
2010 5698 2274 5764 ingressus
2315 5709 2452 5747 sum.
2487 5691 2856 5746 Innocentiam
2890 5691 3022 5746 dicit
3046 5705 3153 5744 non
3184 5699 3432 5744 coinmu-

1864 5789 2046 5845 nicare
2074 5803 2196 5844 cum
2224 5786 2444 5856 perﬁdia
2472 5794 2524 5840 et
2549 5785 2763 5840 vesania
2787 5782 3118 5839 Judzeorum.
3148 5776 3214 5832 Ei
3239 5779 3294 5832 in
3323 5776 3432 5831 Do~
