4032 6434
652 375 750 429 M7
1495 382 1551 436 S.
1594 381 1962 439 ATHANASH
1999 383 2150 441 OPP.
2193 385 2374 440 PARS
2414 383 2499 440 Ill.
2540 411 2610 424 --
2648 383 3058 440 EXECETICA.
3763 384 3870 438 με

648 494 788 546 mino
815 509 1026 561 sperans
1050 510 1154 548 non
1180 495 1502 564 inﬁrmabor.
1532 498 1666 552 Cum
1701 502 1753 553 in
1790 510 1838 554 te
1866 516 2014 570 spem
2040 501 2154 555 salu

2301 502 2493 569 Κυρίῳ
2525 501 2775 560 ἐλπίζων
2813 503 2885 553 οὐ
2914 501 2999 570 μὴ
3027 500 3363 567 ἀσθενήσω.
3399 498 3649 562 Βεῦαίαν,
3679 499 3865 567 φησιν,

647 581 714 635 tis
740 597 1016 651 reponam,
1048 584 1277 639 lirmiter
1306 594 1361 639 et
1395 585 1649 642 immotus
1688 591 2001 644 consistam.

2303 591 2406 656 ἔξω
2453 590 2551 661 τὴν
2583 591 2770 643 στάσιν
2837 592 2916 651 είς
2954 591 3012 642 σὲ
3043 591 3142 652 τὰς
3185 590 3405 652 ἐλπίδας
3452 588 3552 657 τῆς
3590 587 3866 658 σωτηρίας

2303 681 2773 753 ἀπογραψάμενος.

2369 775 2706 842 Δοκίμασόν
2725 791 2821 842 με,
2850 775 3053 841 Κύριε,
3082 773 3180 826 καί
3216 772 3506 840 πείρασόν
3527 786 3624 839 με.
3671 769 3735 824 Ei
3779 767 3869 833 ἐξ·

2300 865 2498 936 ετάσῃς
2537 865 2631 934 τῆς
2658 864 2832 934 ψυχῆς
2867 882 2968 935 μου
3009 863 3075 916 τὰ
3101 863 3239 933 βάθη
3264 902 3279 925 ,
3326 861 3521 932 φησὶν,
3553 860 3646 913 ἐπὶ
3681 859 3759 929 τῷ
3787 859 3866 928 σῷ

2302 956 2447 1026 μόνῳ
2475 955 2725 1025 εὑρήσεις
2755 955 2892 1007 ἐλέει
2925 956 3101 1008 πάντα
3131 969 3230 1024 μου
3265 953 3362 1019 τῆς
3390 950 3624 1012 διανοίας
3653 951 3742 1002 τὸν
3766 950 3866 1003 πό-

2297 1063 2384 1098 νον
2432 1047 2779 1114 ἐπανέχοντα.
2811 1044 2979 1097 Τοῦτο
3022 1043 3078 1095 δὲ
3123 1040 3290 1095 ποιῶν
3335 1042 3624 1111 εὐάρεστος
3668 1039 3864 1110 ἔσομαι

2299 1135 2451 1206 παρά
2477 1136 2559 1188 σοὶ
2591 1136 2686 1206 τὴν
2717 1135 2814 1205 σὴν
2842 1135 3133 1205 ἀγαπήσας
3166 1131 3440 1203 ἀλήθειαν.

708 759 763 814 9.
799 759 971 814 Proba
998 777 1095 824 me,
1127 761 1363 826 Domine,
1392 774 1440 817 et
1464 774 1602 818 tenta
1631 781 1726 818 me.
1754 765 1811 819 Si
1843 769 2192 838 pervestiges,

639 850 833 920 inquit,
868 850 1130 920 profunda
1184 855 1377 908 animae
1423 871 1574 918 meze,
1621 856 1675 909 in
1723 865 1772 910 te
1816 858 1932 911 solo
1976 873 2189 913 omnem

639 943 838 998 mentis
881 945 1298 1000 sollicitudinem
1340 963 1426 1002 me
1493 963 1752 1017 reponere
1802 949 2186 1018 deprehendes.

646 1034 798 1099 Quod
824 1049 945 1089 cum
971 1051 1146 1106 agam,
1165 1047 1420 1108 acceptus
1439 1055 1534 1095 ero
1556 1040 1670 1104 tibi,
1698 1050 1803 1095 tua:
1819 1042 2024 1097 scilicet
2049 1045 2191 1098 veri-

637 1127 762 1182 tatis
787 1142 996 1184 amans.

703 1260 893 1316 Daniel
926 1263 1237 1319 Barbarus:
1271 1264 1373 1320 Ure
1402 1283 1545 1320 renes
1576 1284 1734 1322 meos.
1764 1267 1932 1334 Quasi
1958 1269 2122 1336 dicat,
2159 1271 2426 1326 succende
2458 1281 2512 1326 et
2535 1273 2786 1326 examina
2823 1270 3043 1324 intimas
3073 1268 3240 1321 animi
3275 1268 3378 1321 mei
3409 1267 3786 1336 cogitationes,
3809 1275 3865 1322 et

633 1368 971 1428 perscrutare
1000 1376 1067 1414 an
1104 1361 1175 1415 ita
1208 1377 1290 1416 me
1321 1362 1495 1417 habeo
1530 1371 1589 1416 ut
1617 1363 1758 1418 dico.
1793 1362 1962 1420 Porro
1988 1366 2091 1420 alia
2126 1373 2212 1421 est
2264 1366 2350 1420 hic
2389 1365 2674 1422 succensio
2703 1363 2941 1428 Domini,
2975 1377 3139 1433 quam
3181 1359 3448 1429 Propheta
3496 1369 3664 1429 optat,
3692 1360 3763 1414 ab
3794 1375 3860 1415 ea

630 1465 753 1519 qua:
783 1452 843 1506 lit
866 1453 1178 1509 ardentibus
1212 1455 1432 1526 maligni
1464 1456 1692 1526 sagittis.
1727 1455 1863 1510 Nam
1892 1456 2155 1516 Dominus
2187 1459 2456 1514 deteriora
2495 1457 2789 1523 consumit,
2823 1465 2878 1510 et
2905 1469 3064 1510 renes
3104 1461 3159 1508 et
3186 1452 3349 1507 corda
3381 1458 3678 1521 expurgat;
3705 1451 3864 1504 mali—

628 1559 768 1613 gnus
796 1553 976 1599 autem
1005 1545 1257 1602 libidines
1301 1556 1355 1602 et
1389 1547 1610 1604 allectus
1645 1549 1876 1610 excitat:
1913 1562 2197 1623 propterea
2229 1553 2370 1623 ignis
2401 1556 2493 1623 qul
2525 1551 2579 1605 in
2615 1550 2750 1605 rubo
2788 1559 2903 1603 erat
2935 1563 3041 1603 non
3074 1545 3298 1611 exarsit,
3331 1543 3425 1614 qui
3477 1557 3606 1597 vero
3633 1542 3687 1596 in
3714 1542 3862 1612 judi-

627 1635 782 1689 cibus
807 1635 950 1703 est,"
981 1651 1044 1689 es
1076 1637 1305 1690 rbamno
1327 1638 1644 1693 comburere
1671 1638 1892 1694 dicitur.

696 1749 750 1804 ι.
775 1747 898 1802 Νοη
918 1749 1029 1803 sedi
1049 1765 1165 1802 cum
1191 1750 1408 1804 consilio
1425 1751 1694 1806 vanitatis.
1717 1753 2181 1823 lniquissimorum

2358 1752 2477 1804 Οὐκ
2506 1749 2755 1803 ἐκάθισα
2778 1745 2928 1816 μετὰ
2956 1746 3276 1814 συνεδρίου
3316 1745 3727 1815 ματαιότητος.
3752 1747 3859 1799 Σα-

621 1841 824 1912 judaici
856 1842 1035 1912 populi
1077 1842 1382 1912 principum
1416 1844 1710 1899 consilium
1752 1845 1894 1916 apud
1937 1861 2062 1900 eum
2092 1844 2184 1914 qui

625 1931 786 1987 corda
828 1932 978 1986 novit
1007 1939 1061 1986 et
1097 1940 1369 1986 scrutatur
1399 1941 1582 2003 aperte
1616 1943 1774 2005 negat
1805 1943 1859 1989 et
1887 1932 2110 2003 respuit.

695 2106 743 2160 6.
779 2106 988 2162 Lavabo
1034 2109 1168 2162 inter
1206 2110 1500 2164 innocentes
1541 2125 1726 2163 manus
1772 2125 1930 2164 meas.
1981 2107 2179 2172 Purus,

625 2198 822 2268 inquit,
854 2213 950 2253 ero
985 2215 1014 2252 a
1047 2198 1366 2254 foedissimis
1406 2215 1594 2254 eorum
1627 2201 1813 2270 gestis.
1853 2201 1918 2254 Et
1953 2202 2180 2254 circum-

622 2287 756 2340 dabo
779 2288 948 2341 altare
974 2299 1141 2352 tuum,
1176 2287 1416 2342 Domine.
1450 2290 1647 2359 Aperte
1682 2291 1916 2344 in-hisce
1943 2290 2180 2344 rationa-

621 2379 782 2432 bilem
814 2378 1064 2447 prazdicat
1090 2379 1318 2433 cultum.

691 2469 744 2523 8.
773 2468 1014 2536 Domine,
1041 2471 1204 2524 dilexi
1233 2471 1467 2524 decorem
1488 2471 1673 2523 domus
1703 2480 1825 2524 tuae.
1861 2470 2074 2542 [Cupio,
2098 2471 2179 2524 in-

619 2562 758 2631 quit,
790 2563 1028 2615 divinam
1056 2562 1279 2616 domum
1314 2561 1497 2614 videre
1532 2569 1706 2628 tuam,
1738 2577 1859 2631 quae
1885 2561 2053 2631 gratia
2086 2569 2177 2614 tua

618 2652 898 2723 refulget.]
930 2652 1102 2707 Decor
1137 2653 1332 2706 domus
1354 2661 1480 2707 sunt
1503 2653 1596 2722 qui
1624 2662 1813 2708 ornate
1846 2661 1898 2706 et
1922 2651 2177 2723 religiose

619 2745 672 2797 in
699 2742 940 2798 Ecclesia
967 2744 1186 2814 degunt.

692 2836 744 2890 9.
781 2834 863 2890 Ne
888 2836 1074 2904 perdas
1117 2852 1231 2888 cum
1260 2837 1433 2906 impiis
1458 2838 1691 2888 animam
1730 2850 1916 2888 meam.
1945 2834 2116 2905 Rogat
2146 2849 2174 2888 a

617 2927 884 2999 supplicio
910 2927 1072 2982 eximi
1090 2926 1294 2981 Iudaeis
1319 2937 1528 2997 parato.

688 3106 775 3160 10.
810 3105 874 3160 In
902 3124 1120 3177 quorum
1161 3108 1398 3163 manibus
1441 3110 1737 3178 iniquitates
1773 3120 1917 3174 sunt,
1958 3112 2172 3164 dextera
2198 3123 2242 3179 ο

615 3212 794 3250 eorum
830 3197 1026 3266 repleta
1052 3206 1127 3251 est
1151 3199 1467 3253 muneribus.
1495 3200 1603 3253 Aut
1622 3200 1748 3268 quia
1779 3199 1938 3254 donis
1961 3199 2051 3269 jus
2072 3200 2173 3270 ipsi

617 3296 1000 3355 perverterent,
1030 3301 1123 3344 aut
1167 3291 1294 3360 quia
1333 3291 1494 3347 donis
1529 3293 1856 3360 proditorem
1897 3293 2172 3362 corrupis-

616 3387 738 3432 sent
763 3397 777 3444 ;
806 3390 900 3432 aut
928 3381 1050 3448 quia
1082 3382 1280 3450 injuste
1320 3393 1592 3451 raperent,
1635 3385 1755 3439 ideo
1784 3384 2057 3438 dexteram
2081 3398 2174 3439 eo-

615 3483 734 3521 rum
771 3468 1047 3536 replebant
1077 3473 1416 3526 muneribus.

650 3559 700 3612 l.
731 3559 1063 3616 PSALMUS
1096 3561 1264 3617 David
1285 3566 1590 3634 priusquam
1617 3566 1878 3620 (iniretur.
1911 3563 2122 3620 XXVI.

1207 3661 1244 3710 Α
1259 3668 1604 3728 rgumentum.

615 3740 1032 3800 lnstructionem
1099 3746 1360 3802 adversus
1417 3749 1606 3803 hostes
1661 3749 2037 3818 complectitur
2084 3747 2173 3802 hic

683 3829 953 3895 Psalmus,
982 3851 1103 3904 quae
1153 3852 1220 3890 ex
1272 3837 1428 3892 bonis
1473 3838 1576 3892 sibi
1604 3853 1634 3892 a
1665 3837 1773 3892 Deo
1797 3837 2007 3892 collatis
2044 3845 2169 3891 nota

688 3932 828 3989 erat,
858 3934 1019 3994 atque
1068 3942 1193 3981 cum
1245 3929 1585 3984 confessione
1630 3939 1785 4000 rogat
1821 3928 2074 3984 secundis
2114 3943 2172 3983 se

686 4016 844 4071 donis
892 4019 1096 4087 augeri.
1131 4018 1262 4073 Illud
1292 4029 1468 4074 autem
1499 4039 1512 4074 :
1541 4021 1836 4091 Antequam
1869 4031 2166 4091 angeretur,

683 4107 973 4177 signiﬁcat,
1015 4109 1192 4178 ipsum
1233 4111 1419 4166 divino
1466 4111 1670 4183 Spiritu
1717 4113 2045 4183 prospicere,
2069 4129 2170 4167 un-

682 4198 914 4266 gendum
939 4215 998 4254 se
1024 4199 1136 4255 fore
1161 4201 1212 4254 in
1241 4218 1442 4273 regem,
1473 4204 1966 4274 tentationibusque
1995 4202 2168 4273 impe-

683 4289 927 4344 tendum.
955 4291 1294 4348 Fortitudine
1322 4295 1533 4350 lumbos
1561 4296 1883 4364 praecinctus
1930 4295 1997 4348 ad
2027 4294 2169 4363 peri-

682 4379 804 4434 eula
828 4382 1194 4451 propulsanda
1217 4383 1509 4439 admodum
1542 4387 1918 4454 pratmunitur.

2288 1840 2404 1910 φῶς
2431 1840 2522 1893 ἐπὶ
2553 1838 2645 1892 τοῦ
2675 1839 2873 1903 εἰδότος
2901 1838 3000 1902 τάς
3025 1837 3251 1908 καρδίας
3290 1836 3501 1900 ὲτάζειν
3523 1835 3585 1889 τὸ
3612 1836 3721 1890 τῶν
3757 1854 3859 1889 πα-

2288 1931 2680 2002 ρανομωτάτων
2719 1930 2995 2001 ἀρχόντων
3028 1927 3120 1980 τοῦ
3159 1927 3425 1981 Ἰουδαίων
3465 1927 3648 1991 ἔθνους
3679 1929 3859 1999 ἀρνεῖ-

2283 2038 2372 2074 ται
2410 2022 2700 2092 συνέδριον.

2352 2112 2613 2180 Νίψομαι
2657 2111 2727 2163 ἐν
2771 2108 2981 2175 ἀθώοις
3018 2109 3124 2174 τὰς
3169 2109 3368 2178 χεῷἁς
3406 2125 3546 2178 μου.
3602 2108 3870 2180 Καθαρὸς,

2281 2203 2508 2274 ἔσομαι,
2542 2202 2702 2273 φησὶ,
2743 2200 2850 2254 τῶν
2880 2201 3175 2270 μιαιφόνων
3219 2200 3397 2255 αὐτῶν
3432 2198 3704 2270 πράξεων.
3744 2201 3858 2256 Kal

2281 2293 2571 2348 κυκλώσω
2602 2292 2669 2346 τὸ
2701 2292 3131 2360 θυσιαστήριον
3158 2305 3296 2354 σου,
3332 2291 3526 2357 Κύριε.
3559 2289 3754 2358 Σαφῶς
3797 2293 3856 2345 ιν

2280 2384 2487 2447 τούτοις
2514 2385 2612 2454 τὴν
2645 2383 2867 2452 λογικὴν
2900 2381 3262 2453 ἀνακηρύττει
3286 2381 3563 2453 λατρείαν.

2349 2475 2544 2543 Κύριε,
2569 2473 2854 2543 ἠγάπησα
2881 2472 3238 2541 εὐπρέπειαν
3264 2474 3434 2526 οἷκου
3461 2489 3597 2528 σου.
3645 2475 3849 2546 [Ποθῶ.

2281 2564 2444 2635 φησὶ,
2488 2565 2576 2617 τὸν
2621 2564 2762 2617 θεῖον
2806 2560 2950 2617 οἷκον
2985 2563 3144 2626 ἰδεῖν,
3177 2563 3268 2615 τὸν
3312 2563 3411 2630 τὴν
3455 2563 3554 2634 σὴν
3592 2565 3850 2618 ἀποστίλ-

2279 2656 2440 2708 ϐοντα
2467 2654 2672 2726 χάριν,]
2704 2654 3019 2724 Εΰπρέπεια
3065 2653 3157 2705 τοῦ
3197 2652 3423 2706 οἴκουιοὶ
3459 2653 3850 2724 διαπρέποντες

2278 2749 2334 2799 ἐν
2360 2750 2424 2817 τῇ
2468 2745 2759 2815 Ἐκκλησία
2790 2745 2877 2798 διὰ
2906 2742 3231 2807 θεοσεϐείας.

2350 2835 2443 2904 Μὴ
2474 2835 2904 2903 συναπολέσῃς
2919 2835 3070 2903 μετὰ
3091 2831 3324 2887 ἀσεϐῶν
3347 2832 3461 2900 τὴν
3480 2834 3690 2902 ψυχήν
3701 2854 3844 2905 μου.

2281 2928 2427 2992 Ἐξω
2459 2927 2558 2998 τῆς
2581 2927 2853 2990 κολάσεως
2885 2925 3136 2995 γενέσθαι
3163 2924 3385 2994 εὕχεται
3422 2926 3518 2995 τῆς
3550 2927 3848 2998 ἀποκειμέ-

2277 3036 2373 3088 νης
2399 3022 2510 3080 τοῖς
2543 3019 2830 3080 Ἰουδαίοις.

2346 3105 2454 3162 Ὦν
2476 3108 2544 3161 ἐν
2571 3109 2784 3177 χερσὶν
2813 3110 2872 3159 al
2894 3107 3150 3174 ἀνομίαι,
3185 3108 3223 3175 ἡ
3249 3108 3413 3172 δεξιὰ
3436 3105 3632 3161 αὐτῶν
3651 3107 3846 3175 ἐπλή-

2276 3205 2391 3268 σθη
2419 3200 2636 3269 δώρων.
2672 3201 2740 3252 Ἦ
2766 3199 2840 3262 ὡς
2866 3199 2959 3252 καὶ
2979 3197 3156 3251 αὐτῶν
3181 3197 3370 3269 δώροις
3399 3199 3846 3269 παρακρινόντων

2274 3294 2333 3345 τὸ
2355 3293 2576 3355 δίκαιον,
2595 3291 2628 3361 ἦ
2654 3290 2741 3343 διὰ
2764 3290 2824 3342 τὸ
2851 3289 3041 3360 δώροις
3058 3290 3148 3342 τὸν
3166 3289 3429 3361 προδότην
3442 3289 3844 3360 ἐξωνήσασθαιο

2275 3386 2306 3456 ἢ
2349 3383 2533 3453 ἐπειδὴ
2575 3383 2880 3453 ἡρπάζοντο
2919 3380 3148 3452 ἀνομίαν
3171 3397 3184 3410 '
3232 3382 3320 3435 διὰ
3351 3381 3506 3434 τοῦτο
3534 3380 3626 3452 τὴν
3663 3380 3845 3447 δεξιὰν

2275 3475 2451 3528 αὐτῶν
2481 3473 2746 3545 ἐπλήρουν
2773 3472 2980 3545 δώρων.

2315 3567 2622 3620 ΨΑΛΜΟΣ
2669 3564 2769 3618 τοῦ
2801 3565 2981 3618 Δαυῒδ
3007 3565 3120 3631 πρὸ
3155 3563 3258 3618 τοῦ
3287 3563 3624 3632 χωσθῆναι.
3661 3568 3804 3633 ΚΤ.

2891 3654 3211 3719 Ύπόθεσις.

2275 3746 2522 3818 Περιέχει
2556 3747 2584 3797 ὁ
2624 3745 2836 3816 ψαλμὸς
2875 3746 3173 3815 κατήχησιν
3214 3748 3331 3800 κατ’
3363 3746 3590 3816 ἐχθρῶν,
3634 3745 3727 3815 ἀφ’
3766 3737 3845 3799 ὧν

2344 3839 2442 3908 ἤδη
2470 3835 2687 3900 ἐδέξατο
2716 3837 2864 3906 παρά
2896 3835 3029 3888 Θεοῦ
3055 3837 3482 3909 γινωσκομένην,
3510 3837 3602 3890 καὶ
3627 3837 3844 3908 αἴτησιν

2343 3926 2609 3998 δευτέρων
2657 3927 2873 3995 ἀγαθῶν
2928 3928 3044 3996 μετ’
3109 3926 3562 3999 ἐξομολογήσεως.
3611 3927 3684 3981 Τὸ
3742 3928 3798 3980 δὲ
3824 3971 3841 3992 ,

2341 4019 2453 4090 πρὸ
2510 4020 2614 4074 τοῦ
2669 4017 3023 4088 χωσθῆναι,
3079 4023 3253 4073 ἐκεῖνο
3289 4022 3562 4092 σημαίνει,
3606 4021 3709 4081 ὅτι,
3763 4020 3843 4090 τῷ

2341 4110 2616 4180 Πνεύματι
2653 4109 2730 4180 τῷ
2756 4108 2884 4180 θείῳ
2927 4110 3326 4182 προεωρακὼς,
3369 4111 3444 4174 ώς
3485 4110 3841 4182 χρισθήσεται

2345 4203 2442 4271 μὲν
2487 4203 2566 4265 είς
2612 4200 2867 4270 βασιλέα,
2901 4202 3188 4273 περιπέσει
3218 4201 3276 4255 δὲ
3320 4205 3430 4266 τοῖς
3477 4205 3838 4272 πειρασμοῖς,

2341 4290 2558 4361 ἀνδρεία
2594 4290 3034 4360 περιζωσάμενος
3071 4290 3165 4360 τὴν
3209 4292 3392 4370 ὀσφὺν.
3421 4288 3478 4344 εὖ
3518 4290 3662 4360 μάλα
3706 4293 3841 4361 περὶ

2341 4381 2466 4443 τοὺς
2493 4377 2765 4441 κινδύνους
2797 4377 3141 4432 ἀντισοῦσθαι
3165 4378 3587 4434 διαϐεϐαιοῦται.

680 4530 877 4598 Adjicit
907 4529 1098 4584 Daniel
1125 4531 1393 4586 Barbarus
1426 4551 1442 4586 :
1478 4532 1783 4589 Vicesimus
1812 4541 2018 4596 sextus,
2043 4532 2326 4601 septimus,
2361 4537 2589 4584 octavus
2622 4537 2675 4584 et
2704 4543 2880 4582 nonus
2920 4527 3110 4598 psalmi
3147 4528 3287 4583 idem
3320 4529 3517 4584 nabcnt
3547 4545 3842 4600 argumen-

605 4631 742 4674 tum.
772 4621 1048 4691 Siquidem
1092 4624 1336 4692 subjecto
1361 4625 1417 4679 in
1450 4625 1705 4681 Assvrios
1737 4627 1925 4681 eodem
1966 4643 2029 4680 ex
2074 4638 2308 4694 persona
2343 4623 2484 4678 beati
2514 4620 2757 4676 Ezechiae
2787 4622 3063 4684 dicuntur,
3096 4620 3420 4690 pmdicente
3468 4619 3656 4686 David,
3683 4633 3737 4678 et
3769 4627 3839 4681 ad

605 4721 710 4770 hoc
742 4727 1123 4786 argumentum
1149 4727 1438 4775 revocante
1470 4720 1739 4792 Propheta
1787 4722 1933 4776 illius
1967 4734 2275 4790 personam,
2307 4718 2380 4772 ita
2411 4723 2472 4771 ut
2503 4716 2689 4771 eadem
2729 4715 2892 4769 verba
2937 4715 3192 4784 prredicet
3227 4722 3281 4767 et
3309 4713 3532 4768 allectus
3561 4716 3838 4772 ostendat.

603 4811 869 4864 (laterum
903 4809 1259 4866 imitationem
1289 4821 1341 4866 et
1373 4811 1730 4867 differentiam
1757 4813 2044 4883 quamdam
2073 4812 2272 4864 habent
2296 4809 2349 4862 hi
2380 4808 2574 4878 psalmi
2601 4829 2615 4860 :
2644 4821 2769 4860 nam
2806 4806 3094 4860 vicesimus
3124 4814 3329 4872 sextus,
3359 4812 3414 4858 et
3440 4804 3729 4860 vicesimus
3751 4822 3841 4862 se-

605 4901 824 4968 ptimus,
853 4901 1092 4956 victorias
1139 4905 1380 4958 carmina
1425 4914 1552 4960 sunt
1595 4914 1803 4960 tantum
1846 4920 1944 4975 pro
1973 4903 2161 4958 deletis
2186 4900 2461 4971 Assyriis:
2499 4908 2554 4952 at
2582 4897 2869 4953 vicesimus
2893 4905 3118 4952 octavus
3155 4905 3210 4950 et
3247 4895 3535 4950 vicesimus
3564 4909 3742 4951 nonus
3768 4899 3840 4950 de

605 4996 976 5052 incolumitate
1006 5005 1062 5052 et
1090 4999 1324 5054 sanitate
1349 4999 1594 5056 Ezechiae
1619 5004 1865 5057 restituta
1896 5001 2222 5055 mentionem
2256 4995 2479 5050 faciunt.

673 5086 930 5142 Dominus
975 5088 1296 5144 illuminatio
1344 5109 1459 5146 mea
1494 5102 1542 5146 et
1572 5094 1714 5148 salus
1759 5111 1891 5157 mea,
1917 5111 2065 5164 quem
2096 5095 2164 5146 li-

2341 5087 2552 5153 Κύριος
2579 5085 2880 5154 φωτισμός
2901 5100 3018 5152 μου
3049 5081 3145 5135 καὶ
3168 5081 3368 5148 Σωτήρ
3385 5099 3524 5150 μου,
3554 5081 3687 5135 τίνα
3725 5101 3835 5151 φο-

603 5176 785 5229 mebo?
809 5178 1162 5234 Adversarias
1193 5189 1487 5249 potestates
1517 5183 1766 5253 despicit,
1797 5185 1923 5255 quia
1969 5185 2022 5239 in
2057 5183 2163 5239 Do-

603 5267 732 5320 mini
759 5267 1153 5325 illuminatione
1173 5273 1416 5327 conlidit.
1438 5275 1480 5326 Α
1497 5283 1568 5339 te,
1591 5275 1784 5346 inquit.
1806 5277 2161 5335 illuminatus.

602 5372 792 5412 omnes
825 5374 927 5412 una
952 5361 1137 5416 hostes
1165 5373 1452 5419 contemno

2270 5177 2634 5245 ὄηθήσομαιξ
2663 5173 3068 5244 Κατευμεγεθεῖ
3094 5171 3202 5224 τῶν
3246 5171 3634 5241 ἀντικειμένων
3673 5173 3837 5226 δυνα-

2273 5287 2416 5340 μεων
2459 5267 2536 5338 τῷ
2575 5267 2713 5336 φωτὶ
2760 5265 2855 5318 τοῦ
2900 5264 3103 5336 Κυρίου
3161 5263 3462 5335 θαρρήσας.
3517 5265 3653 5318 Ὑπὸ
3699 5267 3833 5327 σοῦ,

2269 5363 2432 5432 φησὶ,
2471 5361 2835 5430 φωτιζόμενος
2880 5357 3095 5410 πάντων
3131 5356 3265 5426 ὁμοῦ
3307 5355 3414 5409 τῶν
3452 5356 3835 5426 πολεμούντων

2269 5453 2608 5525 καταφρονῶ.

674 5514 862 5567 nam.“
904 5517 1211 5575 Barbam“
1242 5521 1495 5578 Ποηιίηυκ
1545 5539 1802 5592 ριόιετιον
1842 5531 1956 5586 vim
2008 5552 2148 5590 mem.
2183 5537 2316 5604 Quis
2363 5514 2497 5599 adeo
2546 5542 2866 5598 insidiarum
2916 5551 3104 5610 potens
3163 5539 3284 5601 crit,
3347 5548 3404 5593 ut
3459 5548 3649 5608 potens
3687 5538 3836 5594 Dens

603 5621 683 5661 est
714 5610 777 5664 ad
818 5612 1073 5666 amilinm
1108 5613 1380 5673 ferendum
1404 5623 1424 5670 '.'

691 5745 732 5772 ’⁷
767 5744 941 5800 Ιιιίιίρ,
979 5767 1048 5808 ιι,
1085 5751 1164 5804 l3.
