4032 6444
170 360 264 416 139

1216 362 1571 418 EXPOSITIO
1613 363 1676 418 IN
1717 362 2045 417 PSALMUM
2082 361 2290 415 XXVII.

3287 366 3389 421 15⁸)

244 480 342 528 Ἐν
372 476 451 541 τῷ
478 476 724 545 ἐγγίζειν
754 475 845 528 ἐπ’
885 475 989 545 ἐμὲ
1028 478 1379 544 κακοῦντας.
1422 479 1710 549 Προσῆλθοε

1894 478 1949 531 2.
1984 476 2121 530 Dum
2165 477 2475 546 appropiant
2520 495 2673 545 super
2721 493 2797 531 me
2837 487 3090 533 nocentes.
3128 478 3384 534 Accesse-

164 570 279 638 μὲν,
312 570 467 639 φησὶ,
513 566 818 638 διαφθεῖραι
848 568 1087 632 θέλοντες
1128 569 1420 624 πεπόνθασι
1456 571 1513 624 δὲ
1545 572 1572 624 ὃ
1597 572 1728 643 δρᾶ-

160 674 246 711 σαι
276 657 535 729 ἠλπισαν.

228 747 351 804 Τοῦ
371 748 666 801 κατοικεῖν
687 764 764 817 με
798 749 867 802 ἐν
891 749 1032 816 οἴκῳ
1052 752 1292 818 Κυρίου.
1312 753 1421 804 Καὶ
1447 750 1554 821 γὰρ
1580 752 1728 817 avio-

155 837 372 908 πρεπὴς
404 840 437 908 ἠ
476 838 692 908 αἴτησις
722 838 942 907 γέγονε,
970 840 1064 892 καὶ
1095 838 1212 909 Θεῷ
1254 840 1434 894 δοῦναι
1461 842 1603 906 ἀξία.
1645 840 1727 905 Τῷ

150 925 393 992 θεωρεῖν
431 941 508 993 με
561 924 676 992 τὴν
719 927 1086 994 τερπνότητα
1117 929 1357 996 Κυρίου.
1404 930 1491 982 Ἐν
1520 929 1721 1000 ταύτῃ,

151 1019 337 1086 φησὶν,
358 1015 589 1088 εὔχομαι
614 1018 902 1082 διαπαντὸς
924 1019 1116 1083 οἰκεῖν,
1145 1020 1201 1071 ὲν
1300 1021 1394 1073 καὶ
1423 1020 1523 1089 τῆς
1551 1036 1724 1089 σωτη-

154 1108 274 1177 ρίας
312 1108 593 1177 ἐπέτυχον.

234 1200 333 1251 Ἐν
353 1200 539 1268 πέτρᾳ
558 1199 807 1268 ὕψωσέν
816 1216 912 1268 με.
930 1201 1121 1269 Σαφῶς
1137 1201 1164 1253 ὁ
1183 1200 1386 1264 Παῦλος
1404 1200 1501 1271 τὴν
1518 1201 1723 1272 πέτραν

148 1285 290 1342 εἶναι
323 1289 416 1341 τὸν
441 1289 675 1360 Χριστὸν
698 1288 1108 1360 διισχυρίζεται.
1138 1292 1299 1361 ’ᾼσω
1320 1291 1416 1343 καὶ
1446 1290 1621 1359 ψαλῶ
1644 1290 1722 1355 τῷ

146 1378 363 1446 Κυρίῳ.
400 1376 593 1447 Σαφῶς
618 1378 719 1450 τὴν
745 1376 862 1443 τοῦ,
884 1378 1090 1448 Ἀγιος,
1116 1379 1286 1448 ἅγιος,
1319 1380 1490 1448 ἅγιος,
1518 1382 1721 1452 ἀνακηο

148 1467 333 1539 ρύττει
358 1466 636 1539 λατρείαν.

216 1558 629 1625 Εὶσάκουσον,
661 1562 856 1629 Κύριε,
891 1559 998 1628 τῆς
1020 1558 1224 1629 φωνῆς
1251 1579 1389 1630 μου.
1424 1562 1565 1615 Ἀντὶ
1602 1562 1716 1626 τοῦ,

142 1649 471 1720 Εὐχαριστῶ
496 1668 577 1704 σοι
594 1651 734 1722 ὑπὲρ
756 1650 862 1705 τῶν
897 1650 1361 1723 παρεληλυθότων,
1391 1653 1716 1726 δεηθήσομαι

139 1741 198 1795 δὲ
226 1742 369 1813 ὑπὲρ
398 1742 505 1795 τῶν
535 1739 677 1813 ἑξῆς.

1831 580 1977 635 runt,
2004 570 2197 638 inquit,
2225 570 2407 622 animo
2440 570 2543 622 mei
2587 569 2876 638 perdendi,
2912 571 3055 640 quod
3099 570 3387 641 sperabant

1828 660 2079 714 illaturos
2108 676 2165 713 se
2194 658 2343 723 mali,
2374 659 2572 712 accidit
2600 659 2751 727 ipsis.

1900 751 1954 804 4.
1996 749 2063 804 Ut
2095 750 2375 804 inltabitem
2412 750 2467 801 in
2500 750 2653 803 domo
2690 749 2916 803 Domini.
2954 748 3163 804 Etenim
3196 759 3383 805 sancta

1825 851 1879 897 et
1910 827 2062 912 aequa
2098 841 2405 911 postulatio,
2445 856 2607 909 quam
2663 844 2958 895 concedere
3008 840 3115 895 Deo
3162 841 3380 911 dignum

1824 942 1926 988 est.
1960 932 2026 987 Ut
2061 932 2265 987 videam
2311 931 2623 999 uoluptatem
2666 930 2897 985 Domini.
2930 932 2990 985 In
3043 932 3163 994 hac,
3187 932 3381 1000 inquit,

1824 1037 2013 1093 precor
2038 1022 2169 1076 mihi
2202 1036 2416 1092 semper
2441 1021 2688 1076 habitare
2720 1022 2899 1090 liceat,
2933 1023 2986 1076 in
3013 1038 3118 1093 qua
3144 1038 3264 1079 sum
3290 1039 3381 1079 sa-

1825 1112 1987 1167 lutem
2021 1122 2368 1168 consecutus.

1912 1202 1965 1257 6.
2012 1201 2077 1255 In
2120 1213 2267 1271 petra
2299 1204 2551 1258 exultauit
2580 1221 2676 1258 me.
2708 1203 2903 1273 Aperte
2929 1202 3132 1260 Paulus
3175 1214 3381 1276 petram

1820 1309 1942 1349 esse
1956 1293 2233 1347 Christum
2254 1293 2481 1349 aﬂirmat
2505 1296 2567 1347 ⁸⁸.
2588 1295 2823 1349 Cuntabo
2854 1304 2901 1347 et
2922 1295 3181 1364 psalmum
3206 1297 3381 1349 dicam

1822 1388 2065 1440 Domino.
2095 1385 2375 1441 Manifesta
2400 1388 2603 1440 cultum
2635 1402 2730 1457 per
2765 1388 2878 1441 haec
2907 1387 3093 1453 verba,
3126 1385 3380 1449 Sanctus.

1821 1484 2059 1535 sanctus.
2090 1485 2311 1531 sanctus
2336 1476 2400 1542 δ’,
2434 1475 2703 1531 redditum
2733 1476 3007 1547 praedicat.

1897 1567 1947 1622 7.
1996 1566 2231 1634 Exaudi,
2265 1566 2504 1631 Domine,
2535 1584 2707 1622 vocem
2759 1584 2947 1622 nteant.
2985 1568 3152 1635 Quasi
3195 1569 3378 1625 dicat:

1819 1666 2024 1731 gratias
2068 1660 2165 1714 tibi
2190 1659 2257 1715 de
2296 1660 2585 1730 praeteritis
2613 1674 2735 1731 ago,
2768 1661 3015 1731 supplico
3035 1676 3133 1731 pro
3157 1659 3378 1717 futuris.

210 1834 641 1902 Νομοθέτησόν
675 1850 785 1903 με,
824 1834 1032 1903 Κύριε,
1070 1834 1139 1887 ἐν
1172 1833 1247 1903 τῇ
1280 1832 1397 1900 ὀδῷ
1427 1850 1563 1888 σου.
1613 1835 1710 1887 Τὸν

1901 1838 1986 1894 Η.
2017 1837 2203 1910 Legem
2230 1854 2361 1908 pone
2397 1838 2547 1901 mihi,
2584 1836 2821 1901 Domine,
2858 1837 2912 1890 in
2954 1854 3035 1891 ma
3066 1844 3176 1890 tua.
3200 1835 3380 1890 Evan-

139 1923 502 1993 εὐαγγελικδν
531 1926 695 1995 νόμον
718 1924 933 1995 εὔχεται
963 1926 1314 1997 γυμνωθῆναι
1349 1925 1527 1996 αὐτῷ·
1554 1926 1715 1990 αὐτὸς

138 2014 197 2067 δὲ
229 2014 340 2084 γὰρ
368 2010 437 2085 ἦν
465 2014 560 2067 xai.
584 2016 616 2087 ἡ
648 2014 829 2068 εὐθεῖα
858 2015 992 2079 ὁδός.

209 2106 324 2161 Καὶ
357 2107 659 2175 ἐψεύσατο
692 2107 731 2175 ἡ
774 2107 975 2161 ἀδικία
1000 2107 1206 2177 ἑαυτῇ.
1238 2108 1523 2162 Τουτέστιν
1553 2108 1714 2179 ἠσθέ-

138 2215 304 2268 νησεν
334 2200 367 2269 ἡ
402 2198 523 2253 καθ’
556 2198 715 2271 ἡμῶν
743 2199 945 2255 ἀδικία.

205 2290 478 2343 Πιστεύω
506 2289 611 2352 τοῦ
644 2288 792 2342 ἰδεῖν
827 2290 899 2342 τὰ
921 2288 1109 2359 ἀγαθὰ
1141 2288 1359 2357 Κυρίου
1388 2290 1456 2343 ὲν
1477 2289 1554 2359 γῇ
1579 2289 1712 2350 ζών-

133 2397 275 2434 των.
304 2381 417 2451 Τὴν
438 2380 549 2435 άνω
584 2381 930 2452 Ἰερουσαλήμ
967 2398 1146 2452 φησιν.

531 2472 835 2526 ΨΑΛΜΟΣ
864 2472 943 2537 τῷ
972 2471 1169 2527 Δαυτὸ.
1195 2475 1323 2526 KZ'.

772 2562 1093 2628 Ὑπόθεσις.

138 2658 292 2727 ’ᾼδει
322 2657 412 2710 τὸν
448 2657 687 2730 παρόντα
713 2654 923 2726 ψαλμὸν
948 2656 1013 2707 ὲκ
1038 2654 1328 2726 προσώπου
1361 2654 1467 2708 τῶν
1494 2672 1710 2708 πιστευ-

208 2750 421 2802 σάντων
448 2750 529 2811 είς
562 2748 827 2819 Χριστὸν,
863 2747 950 2801 διὰ
994 2748 1227 2817 δεήσεως
1272 2746 1351 2807 εἰς
1393 2747 1709 2817 ἐπικουρίαν

204 2840 391 2894 καλῶν
424 2841 515 2892 τὸν
552 2840 686 2892 Θεόν
707 2859 721 2871 ·
755 2840 872 2909 ἅμα
902 2840 957 2892 δὲ
993 2839 1085 2891 καὶ
1126 2838 1221 2908 τῆς
1271 2837 1535 2891 Ἰουδαίων
1576 2841 1709 2891 ἀποτ-

204 2934 356 2996 νοίας
399 2933 701 3004 κατάρασιν
742 2932 853 3003 ἔχει
899 2931 995 2985 καὶ
1037 2929 1200 3000 εὐχὴν
1242 2928 1335 2983 τοῦ
1379 2929 1706 3000 χωρισθῆναι

200 3028 303 3097 τῆς
330 3026 572 3098 χείρονος
595 3025 819 3080 ἐκείνων
851 3024 1084 3096 μερίδος.

204 3119 368 3185 Πρὸς
400 3116 507 3183 σὲ,
538 3118 734 3184 Κύριε,
778 3114 1201 3184 κεκράξομαι...
1231 3115 1329 3168 καὶ
1352 3114 1711 3182 ὁμοιωθήσο-

1821 1928 2043 2000 gelicam
2078 1930 2247 2000 legem
2282 1929 2385 1985 sibi
2412 1938 2599 1983 notam
2637 1928 2751 1983 ﬁeri
2779 1927 3051 1998 postulat;
3083 1927 3200 1997 ipsa
3232 1928 3377 1982 enim

1820 2030 1965 2077 recta
1992 2022 2076 2077 via
2107 2030 2209 2078 est.

1898 2112 1983 2166 i2.
2020 2112 2089 2165 Et
2114 2114 2331 2166 mentita
2354 2120 2431 2166 est
2454 2112 2703 2183 iniquitas
2730 2112 2850 2165 sibi.
2884 2109 2941 2166 ld
2969 2119 3072 2176 est,
3104 2109 3273 2165 fracta
3295 2120 3378 2165 est

1816 2202 2073 2273 iniquitas
2105 2220 2210 2273 qua
2249 2204 2657 2272 impetcbamur.

1896 2293 1981 2346 1⁵5.
2009 2291 2176 2347 Credo
2220 2292 2387 2346 videre
2417 2293 2551 2347 bona
2590 2293 2797 2348 Domini
2827 2295 2881 2347 in
2914 2304 3051 2349 terra
3074 2292 3373 2348 viventium.

1818 2384 2116 2454 Supernam
2141 2382 2439 2438 Jerusalem
2468 2383 2743 2452 intelligit.

2165 2474 2503 2530 PSALMUS
2535 2474 2718 2529 Dauid.
2748 2474 2996 2531 XXVII.

2404 2566 2799 2635 Argumentum.

1815 2650 2138 2706 Praesentem
2174 2652 2613 2721 canitpsalmum
2661 2668 2728 2707 ex
2773 2670 3001 2722 persona
3040 2652 3372 2709 credentium

1880 2743 1934 2796 in
1980 2742 2279 2803 Christum.
2308 2751 2361 2796 et
2392 2742 2617 2811 supplex
2658 2742 2748 2797 Dei
2795 2744 3051 2812 implorat
3076 2746 3372 2812 auxilium;

1884 2846 2045 2903 atque
2072 2850 2179 2888 una
2211 2832 2519 2888 Iudaeorum
2543 2834 2774 2890 vesaniae
2790 2836 3211 2912 exsecrationem
3240 2852 3373 2891 con-

1887 2929 2042 2991 tinct,
2070 2936 2233 2997 atque
2256 2943 2284 2981 a
2310 2926 2548 2997 pessima
2581 2926 2797 2983 illorum
2828 2935 2972 2981 sorte
3009 2927 3248 2995 separari
3270 2942 3370 2995 ρο·-

1882 3020 2066 3074 stulat.

1881 3111 1933 3164 1.
1970 3111 2050 3165 Ad
2092 3119 2161 3175 te,
2195 3108 2432 3173 Domine,
2456 3109 2783 3167 clamabo....
2808 3122 2855 3163 et
2902 3111 3238 3164 assimilabor
3282 3110 3374 3163 de—

132 3226 234 3264 uat
269 3209 395 3273 τοῖς
427 3208 892 3261 καταϐαίνουσιν
912 3210 999 3273 είς
1024 3206 1274 3261 λάκκον.
1313 3206 1471 3268 Ἔθος
1499 3208 1564 3276 τῇ
1589 3207 1707 3276 θεία

1814 3202 2169 3257 scendentibus
2201 3202 2254 3255 in
2280 3202 2473 3257 lacum.
2504 3201 2619 3257 Mos
2641 3201 2836 3257 divinae
2872 3200 3164 3271 Scriptum
3189 3201 3369 3255 lacqu

133 3303 329 3373 Γραφῇ
361 3300 562 3353 λάκκον
592 3297 878 3370 ὀνομάζειν
909 3298 998 3352 τὸν
1028 3297 1179 3369 ᾅδην.

198 3392 301 3461 Μὴ
332 3393 721 3461 συνελκύσῃς
737 3408 813 3461 με
830 3390 980 3460 μετὰ
1006 3389 1385 3460 ἁμαρτωλῶν.
1427 3391 1706 3462 Ἀμαρτω-

129 3487 259 3547 λοὺς
286 3485 348 3536 τὸ
374 3483 482 3536 τῶν
515 3483 784 3536 Ἰουδαίων
814 3483 962 3545 ἔθνος
1008 3483 1159 3552 φησὶ,
1206 3482 1345 3535 κατά
1375 3483 1433 3535 τὸ
1473 3481 1700 3553 εἰρημέ-

129 3594 220 3629 νον
250 3577 438 3638 αὐτοῖς
461 3575 564 3627 ὑπὸ
596 3573 691 3627 τοῦ
718 3574 965 3645 Σωτῆρος
986 3590 1000 3602 ·
1042 3572 1183 3626 Ἐὰν
1204 3573 1289 3641 μὴ
1320 3574 1702 3640 πιστεύσητε,

128 3666 219 3719 ὅτι
237 3665 356 3736 ἐγώ
377 3667 512 3733 ειμι,
531 3664 599 3718 ἐν
626 3663 754 3730 ταῖς
780 3664 1087 3732 ἁμαρτίαις
1107 3661 1271 3731 ὑμῶν
1289 3661 1699 3716 ἀποθανεῖσθε.

127 3759 298 3813 Αὐτοὶ
328 3758 389 3811 δὲ
418 3758 511 3810 καὶ
534 3756 887 3828 ἐργαζόμενοι
912 3754 1007 3826 τὴν
1040 3753 1290 3825 ἀνομίαν,
1316 3756 1396 3807 ὅτι
1418 3753 1509 3807 τὸν
1530 3752 1702 3807 ἀθῶον

127 3854 222 3907 καὶ
252 3851 460 3905 δίκαιον
488 3850 817 3904 ἀπέκτειναν
836 3888 851 3913 ,
889 3848 948 3900 δν
980 3847 1081 3900 οὐκ
1112 3848 1429 3900 ἀποκτεῖναι
1471 3848 1500 3899 ὁ
1541 3846 1703 3915 νόμος

128 3941 439 3996 ἐκέλευσεν.
459 3938 574 3992 Τῶν
615 3940 954 3992 λαλούντων
977 3937 1222 4005 εἰρήνην
1239 3936 1388 4006 μετὰ
1411 3934 1532 3989 τῶν
1551 3939 1705 4003 πλη-

126 4033 271 4087 σίον
311 4029 530 4085 αὐτῶν.
562 4029 729 4084 Τοῦτό
758 4046 943 4102 φησιν,
978 4032 1081 4097 ὅτι,
1112 4028 1426 4082 διδάσκαλον
1450 4027 1543 4080 καὶ
1566 4030 1702 4095 ἀγα-

126 4127 219 4180 θὸν
259 4123 661 4188 ἀποκαλοῦντες
707 4124 800 4177 τὸν
841 4122 1102 4195 Σωτῆρα,
1146 4120 1292 4175 κακὰ
1348 4120 1701 4189 διελογίζοντο

128 4220 246 4273 κατ’
275 4217 466 4273 αὑτοῦ.

200 4310 323 4363 Ὀτι
355 4311 428 4363 οὐ
448 4308 725 4377 συνῆκαν
744 4310 831 4374 εις
861 4308 934 4361 τὰ
966 4307 1108 4376 ἔργα
1137 4308 1375 4374 Κυρίου.
1420 4306 1562 4358 ’Δντὶ
1583 4303 1696 4368 τοῦ,

129 4402 240 4455 Οὔκ
266 4399 561 4469 ἠθέλησαν,
597 4400 749 4469 φησὶ,
783 4398 881 4470 τὴν
912 4397 1119 4452 οἰκείαν
1150 4397 1553 4469 παραδέξασθαι
1592 4414 1697 4449 σω-

124 4512 188 4565 τη
198 4494 344 4564 ρίαν.

193 4586 305 4640 Καὶ
331 4584 625 4638 ἀνέθαλεν
653 4584 691 4652 ἠ
714 4582 870 4651 σάρξ
888 4602 1029 4653 μου.
1060 4582 1251 4652 Σαφῶς
1280 4583 1378 4652 τὴν
1405 4581 1694 4636 ἀνάστασιν

126 4681 182 4730 ὲν
206 4678 422 4739 τούτοις
454 4675 729 4747 κηρύττει.

1807 3292 2076 3361 appellare
2107 3290 2402 3345 infernum.

1888 3385 1942 3438 5.
1970 3383 2053 3438 Ne
2087 3384 2244 3438 simul
2278 3384 2457 3437 trahas
2502 3400 2580 3437 me
2610 3400 2726 3437 cum
2756 3386 3135 3453 peccatoribus.
3170 3385 3368 3440 Pecca-

1806 3482 1953 3529 tores
1987 3472 2295 3529 inda-orum
2329 3482 2541 3544 gentem
2580 3474 2728 3535 dicit,
2777 3474 2932 3544 juxta
2969 3475 3100 3528 illud
3124 3490 3154 3529 a
3182 3476 3369 3529 Salva-

1806 3576 1921 3620 tore
1944 3566 2143 3621 dictum
2176 3585 2188 3620 :
2224 3564 2346 3619 Nisi
2374 3568 2703 3622 credideritis
2732 3569 2857 3637 quia
2884 3583 2977 3636 ego
3002 3582 3138 3631 sum,
3174 3567 3228 3619 in
3251 3582 3361 3635 pec-

1803 3658 1936 3711 catis
1961 3658 2143 3711 vestris
2175 3658 2470 3711 moriemini
2493 3658 2561 3723 '°,
2588 3660 2689 3727 ipsi
2725 3659 2925 3713 interea
2952 3666 3237 3729 operantes
3266 3658 3337 3710 ini

1803 3748 2089 3818 quitatem,
2125 3764 2247 3804 cum
2285 3750 2627 3803 innocentem
2666 3757 2717 3803 et
2744 3750 2949 3819 justum
2976 3759 3163 3805 contra
3202 3765 3363 3817 quam

1802 3838 1887 3892 lex
1914 3846 2119 3893 vetaret
2141 3838 2466 3893 occiderent.
2494 3839 2598 3903 Qui
2612 3838 2900 3906 loquuntur
2910 3854 3090 3907 pacem
3113 3854 3231 3891 cum
3252 3854 3367 3907 pro-

1801 3932 1946 3983 ximo
1991 3945 2104 3984 suo.
2144 3928 2255 3985 Hoc
2299 3930 2375 3983 ait
2410 3930 2539 3999 quia
2582 3928 2918 3984 Salvatorem
2956 3931 3275 4001 magistrum
3310 3941 3366 3985 et.

1803 4022 2002 4076 bonum
2028 4020 2379 4091 appellantes,
2404 4021 2543 4076 mala
2576 4021 2934 4077 moliebantur
2962 4022 3083 4091 ipsi.

1871 4300 1923 4355 5.
1952 4299 2212 4366 Quoniam
2238 4318 2341 4355 non
2370 4302 2731 4358 intellexerunt
2765 4320 2919 4373 opera
2946 4304 3360 4371 Domini.Quasi

1798 4390 2001 4445 diceret
2025 4410 2037 4446 :
2065 4391 2368 4449 Noluerunt
2397 4395 2669 4465 propriam
2693 4396 2975 4451 admittere
3000 4396 3251 4450 salutem.

1880 4575 1929 4629 7.
1957 4575 2025 4629 Et
2058 4576 2297 4644 reﬂoruit
2326 4592 2448 4629 caro
2480 4592 2612 4629 mea.
2660 4576 2854 4645 Aperte
2891 4576 2975 4630 bis
3004 4560 3358 4630 resurrectio-

1804 4684 1924 4723 nem
1956 4668 2216 4738 praedicit.

194 4788 397 4857 Adjicit
433 4786 621 4840 Daniel
643 4785 952 4839 Barbarus:
986 4783 1219 4839 Reﬂoret
1248 4801 1376 4840 caro
1406 4794 1589 4840 nostra
1628 4798 1752 4839 cum
1782 4798 1931 4853 spem
1977 4782 2397 4839 resurrectionis
2427 4783 2746 4854 accipimus;
2775 4791 3026 4838 caeterum
3074 4798 3177 4838 non
3208 4797 3354 4848 caro,

124 4886 217 4939 sed
250 4897 351 4937 cor
384 4880 473 4935 alii
503 4889 799 4936 verterunt.

194 4976 391 5031 Daniel
427 4974 693 5030 Barbam
718 4992 737 5029 :
771 4974 857 5030 Ea:
884 4976 1151 5030 uoluntate
1187 4993 1302 5030 mea
1331 4975 1614 5045 confitebor
1638 4974 1708 5029 ei.
1744 4973 1889 5027 Dixit
1916 4989 1981 5027 ea:
2020 4972 2305 5035 uoluntate,
2335 4973 2401 5027 ad
2432 4972 2785 5027 din‘erentiam
2822 4972 3007 5042 legalis
3038 4970 3236 5034 cultus,
3263 4970 3355 5039 qui

124 5070 517 5140 suppliciorum
552 5078 698 5124 metu
731 5069 1086 5135 aﬂiciebatur,
1118 5071 1169 5124 id
1198 5080 1299 5137 est,
1335 5087 1442 5126 non
1467 5070 1688 5125 invitam
1727 5078 1783 5124 et
1807 5077 2076 5133 coactam,
2103 5069 2195 5123 sed
2227 5068 2583 5123 voluntariam
2613 5077 2667 5122 et
2694 5076 2992 5137 promptam
3028 5066 3122 5120 tibi
3142 5065 3354 5119 laudem

122 5160 397 5231 proferam
429 5178 442 5213 :
474 5160 554 5215 sic
582 5169 635 5214 et
661 5160 796 5215 alias
828 5160 965 5214 dixit
990 5180 1003 5215 :
1045 5160 1347 5216 Voluntarie
1370 5161 1679 5230 sacriﬁcabo
1708 5161 1803 5214 tibi
1825 5161 1867 5192 "
1894 5180 1906 5213 :
1942 5159 2007 5214 Et
2034 5160 2335 5215 voluntaria
2366 5160 2470 5212 oris
2498 5160 2595 5213 mei
2630 5158 2951 5227 beneplacita
2980 5158 3087 5225 fac,
3112 5154 3354 5218 Domine,

122 5260 171 5305 et
197 5250 394 5305 exaudi
426 5266 504 5303 me
526 5252 593 5303 ".
620 5248 725 5304 Sed
748 5251 1007 5321 Quoniam
1035 5252 1257 5307 verbum
1283 5251 1527 5307 conﬁteri
1559 5260 1612 5305 et
1636 5250 2037 5305 damnationem
2079 5258 2451 5319 peccatorum,
2477 5258 2532 5303 et
2564 5248 2859 5316 gratiarum
2892 5247 3157 5301 actionem
3190 5244 3356 5313 signi-

124 5345 285 5410 ﬁcat;
318 5344 437 5399 ideo
466 5344 511 5399 si
544 5346 647 5401 boc
673 5345 791 5399 loco
820 5361 919 5416 pro
947 5347 1297 5403 damnatione
1328 5348 1531 5417 peccati
1559 5346 1839 5403 commissi
1864 5354 2132 5407 sumatur,
2168 5345 2345 5400 innuit
2366 5345 2511 5415 quod
2542 5360 2648 5399 non
2680 5344 2885 5417 pudore
2908 5350 2961 5396 et
2982 5350 3228 5410 respectu
3255 5342 3324 5393 ho

125 5437 331 5491 Ininum
374 5451 601 5507 peccare
646 5436 893 5494 destitit:
927 5441 1020 5495 sed
1052 5442 1314 5511 quoniam
1352 5442 1651 5511 respexerit
1691 5442 1756 5496 ad
1796 5441 1980 5495 odium
2008 5449 2063 5495 et
2099 5456 2297 5494 noxam
2329 5440 2571 5510 peccati:
2604 5440 2649 5494 si
2684 5453 2810 5494 vero
2843 5436 3075 5492 sumitur
3107 5450 3207 5507 pro
3236 5451 3357 5503 gru-

126 5528 323 5583 tiarum
361 5530 598 5598 actione,
634 5531 870 5587 ostendit
903 5548 961 5587 se
990 5533 1057 5589 de
1087 5534 1343 5589 omnibus
1366 5534 1568 5603 gratias
1609 5548 1785 5605 agere,
1817 5533 1977 5601 idque
2004 5548 2217 5588 summa
2248 5548 2369 5588 cum
2411 5531 2686 5586 voluntate
2713 5538 2969 5601 praestare
2996 5546 3009 5583 :
3040 5542 3165 5583 nam
3196 5524 3247 5580 id
3272 5518 3353 5576 vel

126 5618 310 5676 dolore
341 5620 426 5676 vel
455 5621 780 5695 necessitate
808 5638 986 5695 agere,
1019 5640 1126 5679 non
1157 5634 1240 5679 est
1264 5640 1330 5680 ex
1358 5626 1635 5680 voluntate
1668 5624 1934 5680 confiteri.

188 5770 230 5801 “
256 5770 273 5825 l
300 5771 431 5829 Cor.
468 5790 528 5838 τι,
566 5774 610 5828 5.
693 5775 734 5809 δ’
769 5775 871 5832 lsa.
903 5794 977 5841 vI,
1012 5779 1061 5835 5.
1144 5779 1187 5810 ’θ
1217 5778 1373 5834 Juan.
1413 5795 1534 5846 vIII,
1568 5780 1650 5834 2i.

1814 5778 2081 5844 Psal.I.nI,
2117 5780 2166 5833 8.
2248 5779 2293 5811 ⁸²
2324 5777 2464 5833 Ρδτιι.
2487 5794 2672 5845 CXVIII,
2705 5778 2827 5833 i08.
