4034 6438
633 403 724 462 151

706 525 758 578 8.
800 522 866 575 Et
894 529 1158 589 protector
1188 515 1536 570 salvationum
1566 510 1766 564 Christi
1800 506 1880 560 sui
1913 517 2010 561 est.
2042 504 2201 557 Libri-
2233 509 2278 558 Α

627 633 772 674 stunt
805 617 921 672 sive
955 623 1179 669 unctum
1224 610 1310 663 hic
1334 616 1494 662 vocat
1534 603 1794 674 populum
1826 601 1879 653 in
1913 596 2092 667 regale
2123 611 2209 650 sa—

627 711 927 766 cerdotium
966 707 1268 759 inunctum.
1300 700 1420 769 ipse
1454 698 1642 766 igitur,
1674 695 1769 757 ait,
1811 691 2080 746 Dominus
2107 704 2210 759 po-

637 806 822 874 puinm
866 800 1115 872 protegit,
1141 807 1198 851 ut
1237 797 1466 851 salutem
1504 789 1702 860 populo
1735 793 1888 856 paret
1920 798 2077 853 quem
2113 796 2208 850 per

638 917 696 952 se
721 907 774 950 ct
803 895 869 949 ad
902 908 960 947 se
991 892 1226 945 inunxit.

681 988 734 1040 9.
766 985 831 1037 Et
855 999 1007 1052 pasce
1056 981 1201 1040 illos,
1244 993 1292 1031 et
1343 974 1530 1029 extolle
1585 971 1707 1024 illos
1758 982 1918 1036 usque
1957 952 2013 1016 in
2051 973 2207 1016 arter-

630 1095 772 1130 nuat.
812 1076 926 1144 Ips‘e
981 1087 1218 1140 namque
1260 1084 1360 1122 nos
1401 1074 1590 1136 pascet
1621 1062 1790 1115 misso
1822 1061 1876 1111 in
1909 1058 2081 1110 vicem
2120 1053 2204 1106 sui

630 1167 928 1221 l’araelcto.
963 1165 1027 1218 Et
1065 1163 1280 1232 quidem
1323 1175 1422 1213 nos
1456 1155 1692 1217 extollit,
1723 1152 1774 1206 id
1803 1159 1906 1213 est,
1941 1147 2205 1202 sublimes

629 1260 735 1328 agit
763 1261 816 1311 in
841 1256 1024 1310 futura
1048 1263 1096 1309 et
1131 1252 1340 1306 inlinita
1372 1248 1593 1304 szecula.

630 1437 972 1495 PSALJIUS
1009 1436 1200 1500 Durrd,
1229 1437 1290 1487 de
1324 1435 1465 1485 exitu
1503 1428 1871 1483 Tabernaculi.
1918 1424 2199 1476 XXVIII.

1227 1529 1364 1595 Argn
1376 1533 1624 1576 mentum.

630 1622 857 1676 Canitnr
892 1633 1133 1690 prassens
1180 1617 1422 1686 psalmus
1472 1613 1648 1682 cjecto
1698 1608 1914 1664 lsraelis
1965 1606 2199 1677 populo,

703 1713 1060 1784 gentibusque
1084 1724 1270 1763 eorum
1299 1707 1415 1761 vice
1448 1704 1661 1765 accitis,
1688 1701 1832 1771 quod
1859 1702 1975 1769 ipsa
2001 1698 2203 1752 indicat

699 1803 1005 1871 inscriptio,
1041 1798 1228 1854 Exitus
1265 1794 1648 1856 'l‘abernaculi,
1679 1808 1800 1862 qum
1833 1792 2009 1861 palam
2047 1788 2200 1842 nobis

697 1898 903 1950 exitum
930 1894 1146 1947 illorum
1167 1891 1458 1958 signiﬁcat.

706 1989 760 2050 1,
791 1988 846 2040 9..
880 1987 1077 2055 A/Ierte
1121 1984 1365 2046 Domino,
1398 1981 1497 2050 ﬁlii
1525 1980 1636 2033 Dei.
1660 1979 1825 2032 Filios
1857 1976 1947 2030 Dci
1984 1984 2201 2030 sanctos

632 2081 907 2150 apostolos
932 2085 1106 2141 vocat,
1136 2075 1333 2146 quippe
1361 2089 1496 2144 quos
1531 2074 1711 2126 dicere
1734 2070 2014 2124 docuerit:
2042 2069 2201 2119 Pater

632 2181 809 2225 noster
848 2171 936 2238 qui
971 2185 1022 2222 es
1058 2170 1113 2220 in
1159 2167 1301 2220 coctis
1326 2167 1389 2217 ⁸³.
1421 2165 1619 2232 Aﬂ'erte
1650 2162 1873 2215 Domino
1905 2160 2041 2228 ﬁlios
2066 2160 2200 2212 arie-

633 2278 765 2318 lum.
805 2261 973 2316 Filios
1000 2261 1231 2322 arietum
1268 2268 1426 2312 vocat
1458 2274 1552 2312 eos
1579 2257 1672 2326 qui
1709 2271 1802 2324 per
1831 2254 2104 2324 apostolos
2135 2269 2198 2305 ex

633 2357 834 2411 Judmis
865 2357 929 2408 ad
959 2344 1128 2408 (idem
1165 2351 1380 2406 Domini
1415 2360 1543 2406 sunt
1567 2350 1765 2411 vocati,
1797 2349 1879 2401 vel
1915 2347 2079 2399 etiam
2108 2345 2198 2411 qui

632 2463 697 2501 ex
730 2445 980 2515 gentibus
1020 2450 1388 2503 accesserunt,
1418 2441 1616 2509 quippe
1645 2438 1737 2506 qui
1777 2453 1840 2489 ex
1874 2434 2200 2488 irrationali-

635 2539 737 2591 bus
774 2536 1019 2606 patribus
1065 2535 1177 2588 nati
1229 2543 1378 2588 sunt.
1412 2531 1609 2599 Aﬂ‘erte
1645 2529 1870 2582 Domino
1900 2528 2123 2598 gloriam
2153 2535 2200 2579 et

636 2629 902 2682 honorem.
932 2626 1172 2680 Gloriam
1208 2624 1362 2677 atTert
1389 2622 1618 2675 Domino
1641 2621 1733 2689 qui
1761 2621 1916 2673 bonis
1946 2618 2200 2688 operibus

635 2731 810 2786 vacat,
844 2718 1143 2774 secundum
1175 2717 1304 2770 illud
1336 2717 1480 2786 quod
1515 2715 1719 2768 dictum
1747 2721 1862 2767 est:
1901 2711 1966 2765 Ut
1993 2711 2200 2764 videant

635 2831 794 2884 opera
824 2822 993 2866 vestra
1033 2812 1189 2873 bona,
1227 2818 1272 2863 et
1305 2809 1598 2879 gloriﬁcent
1633 2809 1846 2859 Patrem
1886 2814 2110 2857 rastrum
2133 2802 2198 2855 ⁵⁵.

638 2907 850 2963 Rursus
900 2907 1160 2960 honorem
1199 2903 1351 2956 atl‘ert
1383 2902 1477 2970 qui
1520 2901 1660 2954 bona
1692 2899 1802 2953 edit
1839 2911 2023 2966 opera,
2047 2896 2201 2964 juxta

637 3001 689 3054 id
738 3000 882 3069 quod
926 2999 1129 3052 dictum
1163 3006 1246 3050 est
1267 2996 1346 3046 "2
1380 2992 1597 3045 Ilouora
1647 2991 1926 3044 Dominum
1957 2989 2019 3042 de
2040 2988 2200 3058 justis

640 3094 742 3143 tuis
770 3089 1029 3157 operibus.

713 3184 941 3235 Adorate
972 3180 1251 3233 Dominum
1273 3180 1324 3232 iu
1354 3179 1491 3231 atrio
1519 3185 1703 3230 sancto
1725 3177 1859 3242 ejus.
1883 3173 2066 3226 Palam
2090 3171 2200 3226 edi—
2233 3214 2274 3270 ε

639 3277 730 3339 cit,
755 3289 860 3326 non
890 3282 1136 3342 oportere
1167 3285 1266 3323 nos
1291 3278 1443 3323 extra
1463 3267 1746 3321 ecclesiam
1778 3265 2038 3319 adorare:
2059 3264 2201 3332 quod

640 3366 1097 3422 beterodoxorum
1148 3367 1517 3416 conventuum
1572 3374 1738 3413 causa
1789 3357 2010 3411 dicitur.
2062 3351 2201 3424 [Non

639 3464 855 3525 oportet
890 3465 1042 3508 extra
1090 3452 1372 3507 ecclesiam
1412 3451 1662 3512 adorare,
1709 3449 1802 3504 sed
1842 3449 1897 3501 in
1939 3448 2052 3516 ipsa
2083 3445 2204 3498 aula

643 3547 755 3604 Dei.
797 3544 873 3600 Ne
919 3545 1071 3610 mihi,
1114 3543 1309 3614 inquit,
1337 3543 1589 3612 proprias
1626 3540 1780 3594 aulas
1825 3547 1879 3593 et
1904 3552 2205 3609 synagogas

640 3638 975 3711 excogitctis,
995 3654 1100 3692 una
1124 3645 1206 3690 est
1232 3635 1354 3690 aula
1381 3642 1568 3688 sancta
1595 3629 2038 3711 De_i.]Possumns
2056 3629 2204 3687 item,

642 3743 822 3789 mente
864 3748 1083 3786 sursum
1121 3737 1319 3794 erecta,
1350 3742 1443 3798 per
1489 3698 1687 3780 atrium
1738 3723 2014 3778 caelestem
2053 3734 2206 3775 man-

644 3827 853 3881 sionem
886 3824 1206 3892 intelligere.

714 4005 768 4057 5.
820 4002 928 4055 V0.1:
971 3998 1181 4052 Domini
1222 4013 1375 4066 super
1408 4011 1594 4065 aquas.
1635 3996 1818 4062 Aquas
1851 3989 1982 4045 dicit
2020 4003 2207 4042 eorum

647 4094 1045 4150 multitudinem
1091 4091 1182 4160 qui
1238 4105 1332 4159 per
1373 4104 1466 4142 eas
1514 4087 1744 4141 salutem
1779 4088 2206 4152 consequuntur.

644 4191 814 4257 Aqua:
843 4195 970 4241 sunt
995 4183 1189 4248 sancti,
1207 4181 1465 4252 quoniam
1485 4178 1706 4233 ﬂumina
1729 4177 1795 4231 dc
1812 4183 1994 4229 ventre
2020 4187 2208 4227 eorum

646 4279 835 4344 ﬂuent,
860 4278 905 4308 “
921 4275 1221 4346 spiritualis
1253 4273 1502 4327 videlicet
1544 4268 1823 4331 doctrina‘,
1851 4281 1956 4337 qua
1987 4265 2213 4333 irrigant

649 4370 947 4424 auditores.
988 4367 1161 4434 Super
1215 4362 1528 4432 hujusmodi
1586 4375 1755 4430 aquas
1806 4357 2070 4412 Dominus
2106 4364 2209 4409 est.

651 4455 767 4516 Sed
787 4458 932 4530 quod
965 4457 1246 4513 historiam
1267 4463 1492 4525 spectat,
1515 4453 1660 4508 Elias
1688 4468 1810 4507 cum
1853 4451 2047 4520 pluviae
2070 4447 2215 4503 deie-

1490 397 1544 451 S.
1588 390 1958 447 ATIIANASII
1999 389 2152 444 OPP.
2193 383 2371 438 PARS
2410 382 2498 438 Ill.
2541 415 2609 424 —
2641 379 3051 437 EXEGETICL

3767 379 3878 434 152

2375 499 2481 550 Καὶ
2509 496 2964 565 ὑπερασπιστὴς
2991 494 3104 548 τῶν
3129 495 3436 563 σωτηρίων
3463 494 3568 548 τοῦ
3591 496 3870 562 Χριστοῦ.

2312 591 2543 661 Χριστὸν
2587 588 2819 642 ἐνταῦθα
2846 588 2936 641 τὸν
2979 587 3266 657 χρισθέντα
3312 587 3437 639 λαὸν
3480 589 3556 649 εἰς
3606 585 3875 655 βασίλειον

2314 680 2607 752 ἱερατευμὰ
2642 697 2825 749 φησιν.
2852 679 3021 741 Αὐτὸς
3053 674 3163 740 οὖν,
3194 677 3356 748 φησὶν
3376 717 3390 741 ,
3417 679 3445 730 ὁ
3473 677 3675 747 Κύριος
3705 676 3877 747 ὑπερ..

2309 771 2526 834 ασπίζει
2555 772 2632 832 εἰς
2663 769 2722 821 τὸ
2752 769 2920 821 σῶσαι
2953 768 3042 820 τὸν
3068 767 3355 838 χρισθέντα
3381 767 3447 818 δι’
3480 764 3644 819 αὑτοῦ
3675 766 3770 818 καὶ
3797 767 3879 828 είς

2310 863 2468 917 αὑτὸν
2492 862 2636 914 λαόν.
3268 914 3278 924 1

2380 953 2484 1005 Καὶ
2518 952 2810 1020 ποίμαιόν
2839 951 3089 1016 αὐτοὺς.
3136 950 3236 1002 καὶ
3263 950 3488 1018 ἔπειρον
3515 950 3736 1015 αὐτοὺς
3767 948 3880 1013 ἕως

2307 1046 2414 1098 τοῦ
2457 1044 2688 1110 αἰῶνος.
2740 1045 2909 1107 Αὐτὸς
2956 1045 3063 1115 γὰρ
3113 1046 3260 1114 ἡμᾶς
3322 1046 3606 1114 ποιμανεῖ,
3655 1042 3880 1112 πέμψας

2307 1141 2436 1208 ἡμῖν
2468 1139 2580 1191 ἀντ’
2607 1138 2768 1191 αὑτοῦ
2798 1141 2888 1192 καὶ
2912 1139 2985 1202 ὡς
3013 1140 3202 1191 ἑαυτὸν
3228 1138 3319 1192 τὸν
3352 1138 3726 1209 Παράκλητον.
3767 1140 3882 1191 Καὶ

2309 1229 2416 1300 μὴν
2448 1229 2541 1280 καὶ
2579 1228 2824 1300 ἐπαίρει,
2867 1229 3145 1281 τουτέστιν
3205 1228 3439 1299 ὑψηλοὺς
3469 1228 3758 1297 ἀποψαίνει
3801 1231 3882 1289 εἰς

2305 1322 2429 1384 τοὺς
2463 1320 2753 1389 μέλλοντας
2780 1321 2874 1373 καὶ
2904 1320 3289 1388 ἁτελευτὴτους
3327 1320 3548 1384 αἰῶνας.

2439 1416 2745 1466 ΨΑΛΜΟΣ
2766 1412 2845 1477 τῷ
2875 1415 2992 1465 .lav
3018 1411 3053 1463 δ
3076 1411 3290 1475 ἐξόδου
3320 1411 3577 1480 Σκηνῆς.
3614 1415 3746 1467 κη’.

2935 1505 3255 1568 ἰζ-τόθεσις.

2317 1601 2374 1654 Ὀ
2407 1599 2590 1670 παρὼν
2618 1599 2800 1671 ᾄδεται
2829 1596 3061 1666 ψαλμὸς,
3112 1595 3519 1664 ἐκϐαλλομένων
3560 1596 3656 1664 μὲν
3680 1595 3790 1646 τῶν
3823 1594 3884 1658 ἐξ

2387 1691 2598 1763 Ἰσραὴλ
2620 1732 2633 1755 ,
2662 1691 3128 1759 ἀντεισαγομένων
3158 1689 3212 1741 δὲ
3241 1689 3348 1740 τῶν
3382 1687 3572 1741 ἐθνῶν.
3606 1687 3776 1740 Τοῦτο
3823 1687 3882 1738 δὲ

2373 1786 2520 1856 δηλοῖ
2549 1785 2692 1854 καὶὴ
2722 1784 3000 1854 ἐπιγραφὴ
3030 1784 3062 1850 ὴ
3090 1781 3340 1848 λέγουσα,
3359 1778 3882 1846 ἘξόδουΣκηνῆς,

2381 1877 2563 1946 σαφῶς
2593 1878 2689 1949 τὴν
2719 1876 2894 1940 ἔξοδον
2925 1875 3098 1926 αὐτῶν
3128 1875 3259 1942 ἡμῖν
3287 1870 3791 1940 κατασημαίνουσα.

2389 1971 2692 2039 Ἐνέγκατε
2720 1967 2798 2032 τῷ
2826 1967 3039 2033 Κυρίῳ,
3068 1966 3181 2018 υἱοὶ
3207 1962 3374 2017 Θεοῦ.
3402 1964 3564 2025 Tia-‘0;
3587 1962 3722 2014 Ε)εοῦ
3755 1961 3884 2024 τοὺς

2310 2066 2491 2132 ἁγίους
2518 2062 2844 2123 ἀποστόλους
2863 2061 3017 2113 καλεῖ
3057 2057 3258 2121 ἐδίδαξε
3312 2057 3422 2128 γὰρ
3449 2056 3647 2117 αὐτοὺς
3675 2054 3880 2120 λέγειν·

2308 2157 2497 2223 Πάτερ
2546 2155 2713 2223 ἡμῶν
2751 2157 2782 2206 ό
2821 2154 2890 2205 ἐν
2933 2154 3057 2216 τοῖς
3099 2148 3398 2216 adparat}.
3451 2147 3760 2216 Ἐνέγκατε
3806 2143 3886 2209 τῷ

2308 2252 2499 2316 Κυρίῳ
2523 2247 2692 2311 υἱοὺς
2721 2246 2918 2314 κριῶν.
2949 2245 3110 2305 Υἱοὺς
3140 2241 3307 2312 κριῶν
3333 2241 3458 2301 τοὺς
3495 2238 3793 2309 κληθέντας
3816 2237 3884 2288 δι’

2307 2340 2481 2394 αὐτῶν
2522 2342 2582 2390 ἐκ
2622 2337 2714 2390 τοῦ
2752 2337 3016 2390 Ἰουδαίων
3047 2335 3228 2396 ἔθνους
3261 2334 3338 2394 εἰς
3365 2332 3463 2403 τὴν
3491 2331 3672 2382 πίστιν
3697 2330 3799 2398 τὴν
3827 2331 3886 2381 ἐν

2310 2436 2496 2505 Κυρίῳ
2545 2432 2834 2502 σημαίνει·
2878 2429 2910 2500 ἢ
2942 2428 3034 2480 καὶ
3061 2427 3184 2489 τοὺς
3225 2425 3284 2489 ἐξ
3316 2423 3486 2476 ἐθνῶν
3522 2423 3885 2474 πεπιστευκό-

2307 2545 2403 2591 τας
2423 2566 2439 2592 ,
2470 2526 2563 2579 ἆτε
2599 2524 2662 2594 δὴ
2696 2522 2898 2591 φύντας
2930 2520 2987 2586 ἐξ
3025 2519 3234 2586 ἀλόγων
3265 2517 3534 2587 πατέρων.
3575 2513 3884 2582 Ἐνέγκατε

2306 2621 2385 2686 τῷ
2411 2620 2604 2687 Κυρίῳ
2629 2617 2815 2681 δόξαν
2848 2615 2946 2668 καὶ
2969 2613 3162 2683 τιμήν.
3197 2610 3364 2675 Δόξαν
3395 2610 3491 2679 μὲν
3519 2607 3672 2678 φέρει
3701 2625 3784 2670 τις
3803 2606 3886 2675 τῷ

2308 2711 2496 2781 Κυρίῳ
2527 2706 2906 2777 ἀγαθοεργῶν,
2937 2705 3077 2757 κατὰ
3118 2703 3178 2754 τὸ
3223 2700 3510 2772 εἰρημένον
3535 2715 3548 2728 ⁸
3582 2698 3786 2762 ’Ὅπως
3837 2697 3885 2748 τ-

2308 2802 2454 2855 δωσι
2492 2801 2562 2854 τὰ
2597 2801 2748 2858 καλὰ
2773 2799 2913 2867 ἔργα
2951 2795 3135 2865 ὑμῶν,
3169 2793 3266 2847 καὶ
3292 2791 3593 2857 δοξάσωσι
3623 2788 3730 2842 τὸν
3760 2791 3883 2841 Πα-

2309 2894 2446 2963 τέρα
2491 2892 2674 2964 ὑμῶν,
2719 2890 2894 2962 Τιμὴν
2944 2889 2999 2941 δὲ
3048 2886 3243 2951 πάλιν,
3295 2883 3505 2954 ἀγαθὰς
3550 2880 3885 2950 ἐπιτηδεύων

2310 2986 2535 3059 πρὰξεις
2561 3024 2574 3046 ,
2604 2982 2745 3037 κατὰ
2769 2986 2828 3035 τὸ
2857 2979 3140 3051 εἰρημένον
3160 2996 3172 3008 ·
3211 2979 3352 3046 Τίμα
3377 2976 3482 3029 τὸν
3509 2975 3729 3040 Κύριον
3763 2971 3885 3025 ἀπὸ

2310 3077 2437 3130 σῶν
2469 3076 2713 3129 δικαίων
2741 3073 2961 3125 πόνων.

2382 3168 2851 3240 Προσκυνήσατε
2877 3167 2956 3232 τῷ
2987 3165 3181 3232 Κυρίῳ
3213 3164 3282 3216 ἐν
3322 3160 3478 3228 uulgi
3505 3160 3642 3229 ἁγίᾳ
3670 3156 3882 3210 αὑτοῦ.

2313 3261 2503 3328 Σαφῶς
2532 3258 2617 3311 διὰ
2655 3257 2855 3310 τούτων
2883 3259 3011 3327 ἡμῖν
3044 3252 3474 3325 παρακελεύεται
3495 3289 3508 3312 ν
3540 3249 3617 3311 ὼς
3652 3247 3757 3312 ἔξω
3785 3247 3886 3316 τῆς

2312 3350 2603 3420 ἐκκλησίας
2647 3349 2707 3401 ού
2762 3347 2839 3399 δεῖ
2888 3346 3230 3415 προσκυνεῖν.
3282 3340 3451 3392 Τοῦτο
3503 3337 3558 3389 δέ
3616 3352 3749 3406 φησι
3799 3334 3888 3386 διὰ

2311 3446 2408 3507 τὰς
2446 3444 2552 3496 τῶν
2581 3439 2899 3512 ἑτεροδόξων
2929 3434 3266 3504 συναγωγάς.
3305 3430 3702 3505 [Προσκύνησις
3738 3427 3796 3479 δὲ
3823 3429 3884 3478 οὐ

2313 3539 2415 3610 χρὴ
2460 3536 2562 3603 ἔξω
2586 3535 2683 3604 τῆς
2727 3530 3021 3595 ἐκκλησίας
3043 3573 3058 3594 ,
3089 3527 3202 3580 ἀλλ’
3243 3526 3301 3578 ὲν
3351 3524 3486 3594 αὐτῇ
3520 3525 3586 3593 τῇ
3622 3521 3758 3592 αὐλῇ
3792 3520 3892 3573 τοῦ

2312 3627 2445 3682 Θεοῦ
2491 3625 2804 3696 τελουμένη.
2840 3623 2930 3692 Μή
2976 3637 3098 3691 μοι,
3143 3617 3339 3689 φησιν,
3396 3615 3530 3677 ἰδίας
3575 3611 3744 3675 αὐλὰς
3793 3611 3888 3665 καὶ

2315 3720 2632 3790 συναγωγὰς
2664 3719 2926 3770 ἐπινοεῖτε
2948 3731 2959 3743 ο
2999 3713 3094 3784 μία
3122 3712 3269 3764 ἐστὶν
3297 3708 3434 3778 αύλὴ
3463 3709 3495 3777 ἡ
3525 3706 3656 3775 ἁγία
3700 3705 3888 3776 Θεοῦ.]

2314 3812 2542 3865 Δυνατὸν
2583 3809 2639 3861 δὲ
2680 3806 2847 3875 αὐλὴν
2903 3799 3378 3870 ἐπαναϐεϐηκότας
3424 3797 3611 3865 νοῆσαι
3642 3794 3740 3866 τὴν
3786 3796 3889 3848 ἐπ-

2315 3925 2372 3959 ου
2382 3906 2559 3976 ράνιον
2587 3900 2881 3969 διαγωγήν.

2385 3996 2556 4063 Φωνὴ
2587 3992 2805 4060 Κυρίου
2835 3986 3067 4042 ἐπὶτῶν
3082 3985 3336 4041 ὑδάτων.
3366 3981 3574 4036 ’Υδατά
3624 3997 3757 4052 φησι
3781 3981 3892 4035 τῶν

2315 4091 2401 4144 διὰ
2439 4089 2640 4142 τούτων
2681 4085 2999 4155 σωζομένων
3043 4082 3110 4134 τὰ
3154 4079 3352 4150 πλήθη.
3387 4077 3594 4128 ’Ύδατα
3638 4075 3687 4127 οἱ
3717 4075 3891 4143 ἅγιοι,

2316 4184 2501 4253 διόπερ
2548 4179 2781 4248 ποταμοὶ
2835 4175 3115 4248 ῥεύσουσιν
3163 4174 3227 4224 ὲκ
3270 4169 3370 4236 τῆς
3420 4167 3624 4229 κοιλίας
3670 4166 3889 4218 ato—:5».-

2316 4277 2563 4330 τουτέστι
2595 4269 2936 4342 πνευματικὴ
2965 4265 3297 4328 διδασκαλία,
3322 4263 3387 4315 δι’
3417 4256 3484 4334 ἦς
3518 4260 3737 4331 ἄρδουσι
3765 4261 3892 4324 τοθις

2320 4368 2631 4427 ἀκούοντας.
2667 4364 2788 4416 Ἐπὶ
2823 4360 2929 4414 τῶν
2963 4358 3214 4413 τοιούτων
3248 4351 3339 4410 οὗν
3369 4353 3577 4407 ὑδάτων
3607 4355 3634 4405 ὀ
3661 4352 3888 4422 Κύριος.

2333 4459 2488 4512 Ἀλλὰ
2514 4457 2632 4510 καθ’
2669 4455 2907 4527 ἱστορίαν
2944 4452 3127 4514 Ἠλίας
3151 4449 3287 4521 μετὰ
3313 4448 3409 4519 τὴν
3439 4444 3699 4517 ἀϐροχίαν
3722 4444 3891 4514 ἤκουε

650 4563 770 4607 etus
796 4561 960 4610 esset,
987 4550 1193 4604 audivit
1221 4562 1406 4602 vocem
1433 4561 1697 4616 aquarum
1725 4544 2016 4597 multarum
2054 4541 2211 4611 (alius

2324 4553 2502 4621 τωνὴν
2531 4550 2734 4602 ὑδάτων
2772 4544 3002 4598 πολλῶν.
3048 4544 3159 4612 Τὴν
3191 4540 3484 4610 γενομένην
3517 4537 3680 4606 φησὶν
3723 4538 3785 4587 ἐν
3817 4536 3893 4605 τῷ

650 4648 857 4714 codex).
887 4644 1082 4699 Vocem
1113 4642 1324 4696 Domini
1355 4641 1430 4694 ait
1458 4640 1513 4693 in
1537 4638 1774 4692 Jordanc
1799 4651 1828 4690 a
1857 4635 1964 4689 Deo
1987 4643 2040 4688 ct
2064 4633 2219 4687 Patre

650 4740 906 4796 emissam
935 4753 998 4793 ac
1031 4737 1297 4791 dicentem
1330 4733 1407 4787 '7:
1446 4731 1548 4786 Hic
1591 4740 1666 4785 est
1713 4730 1854 4798 ﬁlius
1904 4745 2042 4781 meus
2088 4726 2219 4781 dile-

653 4844 788 4895 ctus,
820 4845 984 4900 quam
1015 4829 1177 4883 etiam
1207 4827 1449 4880 tonitrua
1481 4832 1781 4892 comparat.

721 4923 773 4977 5.
822 4920 934 4973 Vox
963 4919 1175 4972 Domini
1219 4916 1594 4984 confringentis
1651 4913 1853 4965 cedros.
1899 4909 2105 4964 Cedros
2135 4908 2222 4961 hic

653 5016 785 5070 dicit
812 5011 1151 5068 adversarias
1175 5017 1487 5079 potestates.
1518 5005 1586 5058 Et
1628 5004 1917 5072 confringet
1967 5000 2219 5052 Dominus

653 5109 835 5162 cedro:
880 5105 1091 5158 Libani.
1123 5103 1330 5158 Cedros
1372 5099 1565 5154 Libani
1609 5099 1684 5151 ait
1719 5097 1980 5150 sublimes
2012 5092 2220 5147 Judaici

653 5198 840 5268 populi
868 5195 1118 5251 homines
1146 5213 1159 5247 :
1185 5195 1311 5264 quia
1330 5193 1648 5262 plerumque
1674 5187 1923 5242 indivina
1948 5185 2221 5254 Scriptura

655 5288 900 5342 Libanus
926 5285 1263 5355 Jerosolyma
1293 5284 1515 5339 dicitur.

717 5470 848 5524 6.Et
873 5469 1183 5523 comminuet
1208 5483 1295 5520 eas
1315 5475 1564 5533 tauquam
1589 5463 1809 5516 vitulum
1839 5460 2113 5514 Libanum.
2132 5461 2222 5514 Vi-

658 5567 825 5627 tulus,
859 5563 910 5616 id
956 5572 1040 5616 est
1086 5562 1273 5614 altare.
1311 5557 1379 5611 Et
1419 5558 1639 5611 dilectus
1682 5554 2117 5624 quemadmodum
2158 5556 2221 5623 ﬁ—

659 5657 759 5709 lius
799 5654 1153 5707 unicornium.
1196 5651 1428 5708 Dilectus
1456 5650 1825 5718 apostolorum
1852 5650 2050 5703 clturus
2080 5649 2222 5704 ﬁlius

726 5834 773 5866 "
801 5834 988 5890 Matth.
1023 5849 1105 5897 vt,
1140 5835 1190 5891 9.
1271 5833 1316 5864 "
1349 5830 1532 5889 Matth.
1561 5849 1614 5895 τ,
1652 5832 1731 5888 16.

1808 5832 1851 5867 ³⁵
1892 5831 2050 5888 Prov.
2090 5845 2170 5898 In,
2204 5829 2257 5885 9.

2331 4644 2564 4715 Ἰορδάνῃ
2593 4640 2686 4694 τοῦ
2713 4637 2845 4693 Θεοῦ
2879 4638 2971 4690 καὶ
2999 4635 3230 4706 Πατρὸς,
3258 4634 3351 4686 καὶ
3372 4632 3633 4700 λέγουσαν
3655 4644 3668 4657 ·
3702 4624 3901 4694 Οὗτός·

2316 4739 2486 4791 ἐστιν
2507 4740 2538 4788 o'
2572 4735 2704 4798 Υἱός
2721 4747 2840 4800 μου
2864 4733 2895 4782 ό
2921 4727 3240 4797 ἀγαπητὸς,
3260 4726 3326 4796 ἣν
3349 4726 3440 4778 καὶ
3467 4723 3662 4794 βροντῇ
3693 4739 3891 4792 παρει-

2320 4830 2473 4893 κὰζει

2391 4921 2561 4986 Φωνὴ
2618 4919 2836 4985 Κυρίου
2877 4913 3298 4979 συντρίϐοντος
3335 4908 3602 4975 κέδρους.
3649 4905 3890 4975 Κέδρους

2326 5018 2382 5068 ὲν
2431 5011 2638 5073 τούτοις
2683 5009 2779 5070 τὰς
2832 5004 3208 5073 ἀντικειμένας
3254 5000 3509 5068 δυνάμεις
3536 4994 3716 5064 φησίν.
3781 4995 3890 5048 Καὶ

2327 5099 2640 5171 συντρίψει
2677 5102 2887 5165 Κύριος
2915 5098 3019 5159 τὰς
3045 5092 3293 5160 χέδρους
3322 5089 3427 5142 τοῦ
3461 5086 3738 5140 Λιϐάνου.
3781 5085 3889 5138 Κέ-

2326 5195 2483 5264 δρους
2524 5191 2752 5244 Λιϐάνου
2779 5187 2904 5248 τοὺς
2940 5183 3172 5252 ὑψηλοὺς
3205 5181 3298 5233 τοῦ
3339 5179 3603 5232 Ἰουδαίων
3631 5176 3762 5228 λαοῦ
3792 5194 3892 5245 φη-

2330 5305 2434 5348 σιν,
2455 5285 2540 5338 διὰ
2567 5285 2628 5336 τὸ
2654 5279 2967 5351 ὠνομάσθαι
2986 5276 3242 5338 πολλάκις
3259 5276 3315 5326 ἐν
3341 5275 3404 5341 τῇ
3432 5271 3549 5342 θεία
3580 5271 3769 5342 Γραφῇ
3802 5271 3889 5322 Λί-

2330 5379 2487 5432 ϐανον
2512 5375 2608 5444 τὴν
2642 5369 3008 5443 Ἰερουσαλήμ.

2396 5468 2505 5522 Καὶ
2531 5461 2815 5518 λεπτυνεῖ
2855 5461 3039 5524 αὐτὰς
3069 5459 3148 5524 ὡς
3173 5458 3277 5510 τὸν
3302 5458 3540 5526 μόσχον
3585 5453 3688 5507 τὸν
3719 5455 3887 5508 Λίϐυι

2329 5580 2453 5616 νον.
2504 5561 2561 5611 '0
2605 5557 2802 5627 μόσχος
2838 5554 2897 5605 τὸ
2936 5552 3312 5620 θυσιαστήριον
3350 5547 3516 5618 δηλοῖ.
3549 5547 3654 5600 Καὶ
3690 5549 3722 5600 ό
3751 5533 3887 5617 ἥτγμ

2331 5650 2591 5719 πημένος
2633 5647 2711 5711 ὡς
2753 5645 2881 5710 υἱὸς
2922 5639 3360 5712 μονοκερώτων.
3414 5637 3887 5729 Ὀοὴγαπημένος,

2332 5829 2376 5862 ³⁸
2403 5826 2558 5885 iuan.
2597 5840 2694 5893 vn,
2731 5824 2818 5880 '58.
2898 5824 2938 5856 ⁸⁷
2963 5821 3150 5880 Matth.
3181 5836 3261 5888 tu,
3299 5820 3383 5874 t7.
