4034 6468
550 422 651 478 155

1382 413 1441 471 S.
1485 413 1857 469 ATHANAS"
1897 413 2049 470 OPP.
2086 413 2266 467 PARS
2306 412 2389 466 Ill.
2434 444 2505 454 —
2541 411 2947 467 EXEGETICA.

3678 404 3783 461 156

621 538 671 591 4.
711 535 777 589 Et
812 531 1131 602 conﬁtemini
1163 531 1425 583 memorie
1456 531 1756 584 sanctitatis
1780 530 1911 599 ejus.
1940 528 2112 599 Opor-
2141 532 2159 587 Δ

2282 527 2391 582 Kal
2428 526 2883 596 ἐξομολογεῖσθε
2933 524 3009 593 τῇ
3038 525 3248 594 μνήμῃ
3292 523 3402 592 τῆς
3445 525 3785 593 ἁγιωσύνης

552 638 646 693 tet,
673 626 873 696 inquit,
897 624 1127 694 hymnos
1154 620 1537 690 multiplicare,
1568 634 1836 675 memores
1865 618 2118 691 benigni-

552 719 684 774 tatis
718 718 864 785 ejus.

620 807 674 861 6.
704 804 966 871 Quoniam
1017 802 1103 855 ira
1153 802 1210 854 in
1262 800 1620 870 indignatione
1656 800 1791 868 ejus.
1836 796 1953 853 Non
2002 798 2121 868 ejus

552 898 783 954 consilio
806 905 859 951 et
882 896 1187 959 voluntate;
1220 892 1314 947 sed
1348 892 1492 961 quod
1522 892 1721 962 singuli
1762 906 1859 961 per
1901 899 2121 960 peccata

554 1006 649 1045 sna
669 1003 787 1043 eam
811 986 916 1042 sibi
940 986 1273 1056 pertrahant.
1298 981 1432 1037 Nam
1459 982 1578 1052 ejus
1602 982 1852 1036 voluntas
1880 982 1987 1036 vita
2017 991 2119 1036 est.

553 1076 634 1129 Ad
664 1090 933 1144 vesperum
973 1072 1333 1127 demorabitur
1373 1072 1549 1139 ﬂetus.
1580 1068 1675 1125 His
1705 1070 1885 1124 verbis
1913 1070 2122 1141 signiti-

554 1175 709 1219 catur
756 1164 1087 1234 paenitentia:
1122 1163 1456 1233 praestantia.
1499 1159 1693 1216 Nullus
1719 1162 1863 1215 enim
1894 1171 2002 1216 tam
2042 1163 2125 1216 in-

555 1271 687 1328 gens
716 1265 1059 1325 peccatorum
1087 1270 1370 1321 numerus,
1404 1268 1565 1324 quem
1599 1268 1707 1308 non
1730 1254 1980 1309 celeriter
2006 1269 2125 1325 pm-

557 1341 786 1396 nitentia
821 1343 874 1395 in
902 1342 1321 1396 exsultationem
1358 1350 1550 1396 vertat.

628 1434 683 1487 7.
721 1432 831 1503 Ego
861 1442 1036 1487 autem
1081 1434 1199 1486 dixi
1232 1434 1287 1485 in
1320 1432 1649 1487 abundantia
1684 1451 1797 1487 mea
1822 1451 1840 1488 :
1866 1433 1987 1487 Non
2016 1450 2128 1487 mo-

556 1525 710 1581 vebar
730 1527 783 1579 in
806 1536 1080 1580 retentum.
1108 1526 1338 1579 Causam
1365 1525 1548 1594 lapsus
1569 1535 1805 1581 enarrat.
1835 1525 2127 1592 Quoniam,

555 1618 751 1688 inquit,
772 1616 1048 1687 prosperis
1071 1616 1253 1681 rebus,
1285 1620 1424 1671 altos
1446 1616 1670 1684 spiritus
1692 1619 1985 1686 assumpsi,
2004 1632 2129 1686 pro-

556 1719 745 1777 pterea
777 1707 1134 1762 conturbatus
1166 1722 1309 1761 sum.
1343 1704 1457 1761 Hoc
1503 1722 1634 1761 vero
1664 1721 1771 1761 non
1804 1716 1857 1763 te
1889 1708 2127 1777 compel-

558 1800 724 1863 lcnte,
761 1797 853 1854 sed
880 1808 1090 1853 tantum
1121 1796 1314 1853 faciem
1354 1805 1504 1851 tuam
1536 1806 1828 1865 avertente,
1864 1798 1996 1852 mihi
2041 1814 2131 1852 ac-

2214 618 2399 672 αὐτοῦ
2451 620 2742 689 Προσηκει,
2769 618 2953 687 φησὶν,
2982 617 3268 669 ἐπιτείνειν
3296 616 3418 678 τοὺς
3440 612 3663 683 ὕμνους,
3690 629 3789 684 με.

2219 709 2522 779 μνημένους
2549 710 2648 779 τῆς
2677 709 2771 761 τοῦ
2792 706 2927 761 Θεοῦ
2953 706 3375 778 φιλανθρωπίας.

2288 802 2409 853 Ὀτι
2441 800 2585 868 ὀργὴ
2625 800 2695 853 ὲν
2732 797 2813 864 τῷ
2850 798 3015 868 θυμῷ
3040 797 3245 851 αὐτοῦ.
3283 798 3395 849 Οὐκ
3435 796 3597 850 αὐτοῦ
3629 794 3789 849 τοῦτο

2220 891 2543 963 βουλομένου
2591 893 2792 943 ποιεῖν·
2838 888 2951 943 ἀλλ’
2997 889 3209 958 ἐκάστῳ
3252 888 3338 941 διά
3374 888 3472 957 τῆς
3515 887 3789 957 ἁμαρτίας

2219 980 2395 1052 ἐαυτῷ
2425 980 2631 1053 ταύτην
2665 981 3067 1051 ἐπεισάγοντος.
3114 980 3187 1032 Τὸ
3230 979 3338 1050 γάρ
3382 978 3545 1033 αὐτοῦ
3579 977 3789 1049 θέλημα

2221 1076 2333 1148 ζωή
2378 1076 2543 1128 ἐστιν.
2582 1074 2651 1128 Τὸ
2677 1073 2936 1142 ἑσπέρας
2979 1070 3411 1138 αὺλισθήσεται
3460 1072 3785 1140 κλαυθμός.

2221 1167 2294 1219 Τὸ
2328 1164 2731 1236 εὐκατόρθωτον
2761 1167 2860 1235 τῆς
2908 1164 3193 1235 μετανοίας
3233 1162 3319 1217 διά
3357 1179 3559 1215 τουτων
3591 1162 3792 1233 σημαία

2221 1275 2389 1311 νεται.
2441 1256 2604 1310 Οὐδὲν
2637 1256 2746 1328 γὰρ
2787 1255 3036 1309 τοσοῦτον
3069 1255 3270 1325 πλῆθος
3313 1253 3623 1326 ἁμαρτιῶν,
3654 1253 3682 1306 δ
3715 1253 3790 1324 μὴ

2222 1347 2429 1418 ταχέως
2463 1349 2495 1417 η
2534 1347 2787 1416 μετάνοια
2812 1348 2891 1410 είς
2922 1345 3238 1415 ἀγαλλίασιν
3266 1346 3505 1415 ἐκφέρει.

2309 1439 2448 1509 Ἐγὼ
2483 1438 2550 1492 δὲ
2574 1434 2711 1493 εἶπα
2737 1438 2808 1491 ἐν
2834 1436 2909 1505 τῇ
2939 1438 3186 1505 εὐθηνίᾳ
3206 1455 3322 1507 μου
3346 1454 3360 1467 ·
3386 1436 3483 1503 Μὴ
3518 1432 3797 1489 σαλευθῶ

2224 1535 2311 1597 εἰς
2338 1532 2442 1584 τὸν
2464 1530 2667 1585 αίὼνα.
2693 1530 2765 1582 Τὸ
2784 1529 2953 1584 αἴτιον
2980 1529 3125 1598 λέγει
3142 1530 3241 1599 τῆς
3271 1528 3545 1591 πτώσεως.
3574 1526 3792 1598 Ἐπειδὴ

2231 1626 2392 1696 μέγα,
2418 1624 2603 1694 φησὶν,
2636 1626 2692 1675 ὲν
2717 1626 2781 1694 τῇ
2815 1622 3082 1693 εὐημερίᾳ
3112 1621 3447 1690 πεφρόνηκα,
3478 1620 3665 1673 τούτου
3704 1620 3797 1689 χά-

2230 1731 2313 1785 ριν
2350 1714 2708 1785 τετάραγμαι.
2756 1713 2948 1781 Γέγονε
2993 1712 3051 1765 δέ
3106 1729 3195 1782 μοι
3245 1711 3422 1774 τοῦτο,
3464 1712 3526 1764 οὐ
3576 1711 3669 1763 σοῦ
3725 1727 3793 1781 με

2232 1804 2705 1875 προσωθήσαντος,
2732 1802 2868 1857 ἀλλά
2896 1802 3333 1874 ἀποστρέψαντος
3366 1803 3524 1873 μόνον
3550 1802 3609 1855 τὸ
3630 1801 3797 1873 πρόσ-

559 1890 714 1947 cidit.
744 1890 974 1957 Quando
998 1890 1184 1958 igitur,
1221 1888 1324 1943 nisi
1361 1896 1450 1942 tua
1484 1886 1802 1943 fortitudine
1832 1889 2129 1943 innitamur

2236 1909 2398 1948 ωπον.
2438 1892 2651 1964 Ἐπειδὴ
2685 1892 2863 1945 τοίνυν
2894 1892 3023 1946 ἄνευ
3060 1892 3159 1962 τῆς
3208 1892 3389 1962 ίσχύος
3416 1892 3514 1962 τῆς
3547 1892 3645 1963 σῆς
3676 1891 3799 1945 οὐδὲ

560 1998 629 2038 ne
677 1982 977 2037 consistere
1026 1980 1243 2049 quidem
1291 1995 1606 2049 possumus,
1649 1978 1757 2046 fac,
1791 1980 2038 2045 obsecro,
2074 1990 2133 2035 ut

558 2072 688 2127 dum
717 2081 863 2126 tuam
888 2070 1085 2140 impleo
1109 2070 1666 2137 voluntatem,decore
1689 2070 1927 2124 animam
1956 2085 2132 2124 meam

561 2165 801 2219 illustres
824 2162 956 2235 (l0).
978 2162 1033 2217 Id
1063 2162 1165 2217 sibi
1190 2162 1361 2216 Adam
1388 2163 1441 2215 in
1460 2160 1718 2231 paradiso
1744 2161 1943 2231 degens
1968 2174 2138 2214 even-

563 2264 743 2313 turum
771 2255 1029 2323 speravit,
1057 2262 1347 2321 antequam
1376 2252 1430 2305 in
1456 2250 1703 2305 fraudem
1735 2251 2133 2306 deduceretur:

561 2346 613 2399 id
650 2344 914 2399 Ezechias
958 2352 1243 2412 postquam
1278 2342 1561 2411 Assyrium
1602 2340 1892 2395 devicerat.
1934 2338 2001 2393 Et
2022 2340 2137 2395 haec

563 2445 749 2506 aperte
780 2436 936 2489 docet
972 2435 1107 2488 liber
1146 2433 1621 2501 Paralipomenon,
1655 2445 1781 2484 cum
1826 2431 1901 2483 ait
1927 2430 2135 2485 exalta-

565 2537 683 2582 tum
718 2526 888 2581 l'uisse
918 2540 1012 2580 cor
1046 2524 1289 2577 Ezechize
1322 2523 1466 2591 regis
1494 2522 1560 2573 ".

632 2616 777 2673 9.Ad
811 2628 878 2681 te,
915 2614 1157 2680 Domine,
1190 2612 1521 2667 clamabam.
1559 2611 1643 2666 10.
1672 2610 1805 2676 Qui:
1838 2612 2044 2665 utilitas
2081 2612 2137 2664 in

566 2709 821 2778 sanguine
844 2723 956 2760 meo
979 2706 1104 2759 dum
1129 2705 1383 2759 descendo
1408 2705 1461 2757 in
1486 2705 1889 2770 corruptionem.
1914 2702 2133 2764 Precor,

566 2799 761 2868 inquit,
794 2796 981 2851 reduci
1013 2810 1099 2848 me
1132 2795 1198 2849 de
1224 2794 1366 2857 lacu,
1393 2794 1520 2863 quia
1543 2808 1647 2845 non
1673 2792 2009 2859 conﬁtebitur
2039 2792 2137 2844 tibi

564 2888 754 2959 pulvis.
788 2886 943 2954 Quod
974 2889 1017 2942 si
1049 2886 1380 2942 descendero
1422 2886 1475 2937 in
1506 2884 1933 2952 corruptionem,
1966 2899 2139 2953 neque

568 2980 702 3035 mihi
741 2994 916 3047 neque
966 2978 1089 3032 aliis
1139 2977 1249 3030 ulla
1290 2975 1395 3030 erit
1443 2975 1666 3029 utilitas.
1707 2972 1819 3043 Ego
1861 2984 2042 3029 autem
2076 2989 2139 3027 ea

572 3074 679 3127 vita
713 3072 956 3141 privatus
991 3084 1111 3124 sum
1145 3082 1267 3137 quae
1306 3068 1403 3121 abs
1456 3075 1506 3120 te
1553 3066 1865 3120 obtinetnr:
1898 3065 1987 3118 alii
2013 3078 2140 3118 vero

570 3163 775 3218 nullam
805 3176 900 3231 per
930 3176 1015 3214 me
1046 3159 1273 3215 salutem
1311 3157 1454 3211 nacti
1488 3162 1635 3211 sunt.
1669 3155 1762 3209 Sin
1790 3170 1918 3209 vero
1951 3154 2140 3208 audie-

570 3255 649 3311 ris
681 3268 866 3308 vocem
894 3267 1071 3306 meam
1102 3260 1156 3304 et
1184 3247 1519 3304 converteris
1547 3248 1748 3300 luctum
1779 3247 1833 3299 in
1860 3246 2140 3315 gaudium,

569 3356 627 3404 et
649 3362 734 3400 me
762 3344 949 3399 laetitia
986 3341 1242 3405 cinxeris,
1272 3355 1380 3394 non
1421 3354 1584 3408 parva
1632 3340 1764 3392 mihi
1794 3339 2002 3393 eveniet
2038 3342 2144 3392 nti-

574 3434 968 3490 titas:etenim
1018 3442 1303 3501 postquam
1355 3430 1643 3499 pristinam
1690 3430 1915 3499 gloriam
1962 3443 2141 3482 meam

574 3540 991 3597 recuperavero,
1033 3539 1157 3579 cum
1203 3538 1265 3577 ea
1302 3530 1354 3576 te
1392 3522 1660 3589 alloquar,
1689 3534 1796 3573 non
1830 3535 1952 3573 cum
1978 3534 2144 3589 prava

573 3618 931 3677 conscientia.
972 3613 1088 3669 Hoc
1130 3613 1275 3668 enim
1328 3611 1601 3682 signiﬁcat
1644 3608 1798 3673 illud,
1834 3607 1955 3662 Non
2006 3624 2147 3661 com-

575 3727 801 3781 oungar.

648 3802 734 3857 12.
755 3798 1073 3856 Conscidisti
1108 3812 1317 3852 saccum
1342 3810 1535 3860 meum,
1561 3800 1611 3845 et
1642 3790 2037 3845 circumdedisti
2068 3804 2151 3842 me

576 3892 785 3948 lctitia.
826 3888 1056 3943 Saccum
1088 3888 1219 3941 dicit
1247 3886 1453 3939 luctum
1477 3921 1492 3946 ,
1538 3880 1755 3951 quando
1784 3894 1903 3935 mos
1936 3889 2017 3933 est
2057 3878 2145 3932 lu-

579 3982 829 4053 gentibus
875 3979 952 4033 uti
988 3991 1169 4031 sacco.
1208 3975 1343 4029 Nam
1388 3987 1581 4029 saccus
1612 3971 1874 4027 malitiam
1906 3977 1960 4025 et
1991 3970 2148 4040 igno-

577 4072 810 4127 rantiam
841 4068 1106 4141 signiﬁcat
1126 4086 1138 4120 :
1160 4066 1419 4137 quoniam
1448 4080 1515 4119 ex
1541 4063 1818 4117 haedorum
1853 4061 1977 4131 pilis
2010 4074 2148 4115 con-

580 4164 705 4220 fecti
732 4171 859 4217 sunt
886 4160 1053 4224 sacci,
1086 4160 1180 4230 qui
1219 4159 1355 4213 haedi
1391 4159 1458 4211 ad
1495 4155 1777 4211 sinistram
1804 4154 2145 4217 consistunt;

578 4270 645 4311 ex
682 4254 806 4324 pilis
841 4252 968 4305 item
1003 4250 1140 4303 hirci
1171 4248 1316 4301 illius
1346 4244 1635 4300 emissarii.

650 4343 717 4397 In
743 4342 920 4411 ﬁnem,
952 4335 1198 4392 PSALM
1206 4335 1293 4391 US
1322 4334 1512 4390 Dauidi
1538 4349 1633 4403 pro
1651 4332 1878 4387 exstrui.
1910 4327 2093 4384 XXX.

1160 4429 1562 4499 Argumentum.

2237 1985 2425 2054 στῆναι
2463 1984 2758 2055 δυνάμεθα,
2784 1982 2845 2037 τὸ
2874 1984 2966 2037 σὸν
2990 1983 3149 2037 πάλιν
3182 1984 3441 2037 ἐπιτελῶν
3471 1983 3700 2053 θέλημα,
3735 1985 3801 2037 τὸ

2235 2073 2428 2137 κάλλος
2479 2090 2579 2144 μου
2620 2075 2719 2145 τῆς
2762 2074 2937 2145 ψυχῆς
2986 2074 3309 2145 διαλάμπειν
3359 2073 3799 2146 παρασκεύασον.

2235 2164 2402 2217 Τοῦτο
2446 2164 2537 2218 καὶ
2565 2167 2594 2218 ὁ
2628 2164 2798 2234 Ἀδὰμ
2829 2165 3053 2233 ἤλπισεν
3086 2166 3178 2218 ἐπὶ
3214 2165 3308 2217 τοῦ
3338 2165 3662 2236 παραδείσου
3695 2180 3805 2234 προ

2233 2254 2331 2325 τῆς
2358 2253 2572 2325 ἀπάτης
2601 2253 3029 2322 πολιτευόμενος,
3058 2254 3153 2306 καὶ
3174 2253 3202 2304 ὁ
3234 2252 3480 2316 Ἐζεκίας
3504 2248 3804 2322 νενικηκὼς

2235 2343 2324 2397 τὸν
2359 2344 2656 2415 Ἀσσύριον,
2700 2344 2793 2397 καὶ
2820 2342 3055 2395 διδάσκει
3084 2341 3239 2396 τοῦτο
3269 2340 3453 2410 σαφῶς
3482 2339 3589 2393 τῶν
3619 2341 3806 2411 [lupa--

2236 2434 2565 2503 λειπομένων
2592 2437 2624 2505 ή
2661 2434 2859 2504 βίϐλος,
2888 2434 3163 2505 ὑψωθῆναι
3192 2432 3425 2503 λέγουσα
3452 2433 3553 2503 τὴν
3580 2431 3807 2505 καρδίαν

2249 2529 2485 2595 Ἐζεκίου
2513 2530 2605 2582 τοῦ
2638 2530 2915 2599 βασιλέως.

2306 2620 2463 2693 Πρὸς
2484 2620 2578 2685 σὲ,
2612 2621 2807 2687 Κύριε,
2836 2618 3304 2688 κεκράξομαι.....
3335 2618 3429 2683 Τίς
3460 2616 3713 2685 ὠφέλεια
3737 2616 3810 2669 ὲν

2238 2707 2316 2781 τῷ
2344 2711 2547 2781 αἵματί
2590 2727 2706 2779 μου
2730 2749 2743 2775 ,
2787 2710 2857 2763 ἐν
2906 2710 2985 2775 τῷ
3026 2710 3404 2763 καταϐαίνειν
3428 2725 3505 2777 με
3548 2710 3633 2773 εις
3684 2706 3811 2761 6m-

2238 2802 2505 2873 gpaopdr;
2539 2802 2758 2872 Δέομαι,
2795 2802 2990 2873 φησὶν,
3019 2800 3313 2872 ἀναχθῆναι
3346 2801 3409 2853 ἐκ
3448 2799 3543 2853 τοῦ
3580 2799 3808 2863 λάκκου,

2238 2894 2421 2965 ἐπειδὴ
2447 2894 2546 2947 οὐκ
2567 2891 3010 2962 ἐξομολογεῖταί
3030 2906 3129 2945 σοι
3151 2890 3318 2960 χοῦς.
3350 2891 3437 2943 Ἐν
3465 2889 3522 2943 δέ
3547 2888 3624 2959 τῷ
3647 2903 3812 2942 κατα-

2240 2986 2396 3056 ϐῆναί
2440 3001 2506 3055 με
2541 2984 2622 3046 εἰς
2665 2983 2956 3052 διαφθορὰν
2995 2981 3116 3035 οὕτε
3150 2983 3246 3051 μία
3292 2998 3375 3043 τις
3406 2979 3643 3049 ὠφέλεια
3684 2979 3809 3033 οὔτε

2241 3074 2385 3144 ἐμοὶ,
2416 3072 2538 3125 οῦτε
2578 3072 2801 3145 ἐτέροις.
2839 3069 2978 3138 Ἐγώ
3021 3088 3080 3123 τε
3120 3071 3227 3140 γὰρ
3264 3067 3676 3139 ἀπεστερούμην
3712 3069 3813 3136 τῆς

2242 3162 2393 3236 παρά
2436 3162 2529 3217 σοῦ
2570 3163 2745 3233 ζωῆς·
2784 3161 2931 3215 ἀλλοι
2982 3162 3038 3214 δὲ
3085 3160 3335 3232 οὐδαμῶς
3375 3159 3665 3229 ἐτύγχανον
3711 3158 3813 3228 τῆς

2244 3258 2372 3329 παρ’
2402 3256 2536 3326 ἐμοῦ
2588 3255 2879 3325 σωτηρίας.
2924 3254 3011 3306 Ἐν
3041 3252 3097 3305 δὲ
3134 3252 3211 3322 τῷ
3252 3249 3565 3305 εἰσακοῦσαί
3617 3265 3676 3301 σε
3710 3248 3814 3318 τῆς

2244 3350 2426 3419 φωνῆς
2444 3388 2459 3412 ,
2506 3348 2599 3400 καὶ
2648 3344 2969 3416 μεταϐαλεῖν
3008 3345 3097 3397 τὸν
3123 3343 3347 3397 κοπετὸν
3374 3344 3453 3407 είς
3482 3341 3685 3412 χαρὰν,
3716 3341 3816 3396 καὶ

2244 3437 2544 3510 περιξῶσαί
2579 3454 2646 3507 με
2694 3434 3048 3506 εὐφροσύνην,
3080 3435 3177 3503 οὐχ
3206 3436 3240 3502 ἡ
3272 3432 3509 3501 τυχοῦσα
3540 3448 3628 3500 μοι
3653 3430 3815 3500 γενή-

2247 3545 2397 3582 σεται
2440 3527 2697 3596 ὠφέλεια.
2747 3521 3053 3577 Ἀπολαϐὼν
3084 3522 3190 3592 γὰρ
3218 3520 3314 3591 τὴν
3346 3518 3613 3588 προτέραν
3644 3518 3817 3586 ἐμαυ-

2244 3618 2338 3672 τοῦ
2361 3617 2539 3683 δόξαν,
2567 3617 2633 3672 δι’
2662 3616 2833 3687 αὐτῆς
2864 3632 2944 3668 σοι
2972 3613 3135 3677 λαλῶ,
3166 3614 3227 3666 οὐ
3262 3611 3398 3683 μετά
3428 3627 3571 3673 τινος
3602 3608 3813 3679 φαύλης

2248 3711 2599 3782 συνειδήσεως
2620 3726 2633 3740 ·
2657 3709 2813 3762 τοῦτο
2838 3708 2946 3779 γὰρ
2970 3707 3117 3778 δηλοῖ
3146 3705 3205 3758 τό
3226 3724 3238 3735 ·
3271 3707 3352 3758 οὐ
3367 3703 3452 3773 μὴ
3476 3698 3811 3768 κατανυτῶ.

2316 3800 2634 3869 Διέρῤηξας
2672 3799 2779 3852 τὸν
2807 3797 3039 3851 σάκκον
3061 3813 3179 3865 μου
3198 3835 3213 3859 ,
3240 3794 3336 3847 καί
3363 3788 3716 3861 περιέζωσάς
3736 3806 3816 3857 με

2250 3890 2655 3958 εὐφροσύνην.
2693 3889 2900 3941 Σάκκον
2946 3894 3065 3939 εἰπε
3108 3884 3169 3937 τὸ
3212 3882 3432 3947 πένθος,
3475 3880 3658 3950 ἐπειδὴ
3692 3878 3816 3943 ἔθος

2248 3984 2357 4045 τοῖς
2385 3984 2442 4034 ἐν
2467 3978 2653 4033 πένθει
2686 3978 2777 4031 καί
2808 3979 2993 4048 σάκκῳ
3019 3976 3337 4048 κεχρῆσθαι.
3386 3975 3442 4027 Ὀ
3474 3972 3580 4043 γάρ
3613 3971 3815 4034 σάκκος

2248 4072 2445 4127 κακίαν
2478 4072 2571 4124 καὶ
2619 4070 2889 4139 ἀγνωσίαν
2936 4069 3220 4139 σημαίνει·
3270 4066 3457 4135 ἐπειδὴ
3494 4065 3587 4119 καὶ
3628 4062 3815 4135 τρίχες

2248 4164 2354 4217 τῶν
2403 4164 2606 4233 ἐρίφων
2652 4164 2759 4214 εἰσὶ
2793 4161 2901 4214 τῶν
2945 4160 3243 4229 ἱσταμένων
3281 4157 3341 4222 ἐξ
3372 4157 3684 4227 εὐωνύμων,
3719 4154 3818 4207 καὶ

2247 4247 2341 4301 τοῦ
2369 4248 2754 4317 ἀποπομπαίου
2788 4247 3042 4317 χιμάρου.

2250 4344 2354 4407 Εἰς
2381 4339 2446 4394 τὸ
2476 4340 2648 4405 τέλος
2688 4342 2991 4393 ΨΑΛΜΟΣ
3023 4336 3101 4403 τῷ
3135 4336 3313 4391 Δαυῒδ
3341 4335 3696 4401 ἐκστάσεως.
3729 4334 3812 4389 Λ’.

2874 4431 3196 4495 ’Υπόθεσις.

581 4520 906 4577 Praesentem
945 4519 1093 4573 canit
1124 4520 1396 4587 psalmum
1441 4514 1600 4584 quasi
1641 4512 1847 4583 peccati
1882 4526 2046 4566 causa
2095 4510 2149 4563 in

2256 4524 2406 4576 Ἀδει
2438 4523 2529 4576 τὸν
2558 4521 2910 4593 προκείμενον
2931 4521 3141 4592 ψαλμὸν
3169 4521 3243 4584 ὡς
3276 4520 3355 4573 ἐτι
3380 4522 3436 4573 ὲν
3458 4522 3521 4591 τῇ
3555 4518 3816 4589 μετανοίσ

651 4609 971 4682 pcenitentia
1002 4606 1179 4661 adhuc
1219 4612 1529 4659 versaretur
1559 4610 1612 4656 et
1644 4608 1860 4670 rogaret
1891 4600 1958 4653 ab
1988 4612 2053 4652 eo
2078 4596 2145 4649 li-

654 4703 853 4758 berari.
886 4700 1140 4766 Quinimo
1174 4706 1232 4751 ut
1257 4697 1368 4767 jam
1396 4694 1687 4749 exauditus
1720 4693 1924 4762 gratias
1951 4690 2060 4761 agit
2084 4704 2148 4743 ac

654 4807 777 4861 quae
814 4792 917 4861 ipsi
947 4790 1276 4860 pcenitentiae
1304 4798 1547 4856 tempore
1594 4785 1867 4853 contigere
1911 4791 2096 4835 narrat
2129 4799 2142 4833 :

653 4884 787 4940 illud
816 4892 994 4937 autem
1020 4923 1034 4946 ,
1067 4898 1161 4950 pro
1200 4880 1397 4933 exstasi
1418 4917 1433 4941 ,
1466 4876 1602 4930 nihil
1632 4876 1735 4930 nisi
1763 4883 2042 4944 peccatum
2073 4872 2147 4926 si-

654 4976 893 5047 gniticat,
925 4988 1033 5043 quo
1056 4972 1211 5041 quasi
1241 4986 1271 5024 a
1304 4984 1435 5024 sana
1466 4975 1645 5022 mente
1673 4967 1853 5019 anima
1880 4963 2143 5019 excessit:

657 5076 717 5120 ut
746 5082 852 5120 non
883 5066 1023 5120 ultra
1050 5078 1109 5118 se
1130 5071 1470 5131 assumptum
1504 5061 1569 5113 iri
1600 5067 1861 5127 speraret,
1882 5064 1936 5110 et
1966 5055 2145 5125 palam

657 5158 861 5214 diceret
886 5176 898 5211 :
928 5157 1035 5226 Ego
1065 5164 1237 5209 autem
1264 5154 1378 5207 dixi
1403 5154 1458 5205 in
1487 5165 1699 5204 excessu
1727 5163 1858 5212 meo,
1882 5146 2141 5217 projectus

659 5267 775 5304 sum
802 5267 834 5303 a
864 5249 999 5319 facie
1028 5246 1301 5301 oculorum
1330 5253 1559 5297 tuorunt.

658 5474 715 5541 2,
747 5474 801 5528 '5.
842 5470 908 5524 In
940 5482 1007 5538 te,
1043 5469 1285 5533 Domine,
1318 5466 1587 5537 speravi...
1622 5461 1829 5516 Inclina
1853 5459 1921 5513 ad
1950 5473 2027 5511 me
2052 5472 2152 5508 au-

590 5584 697 5621 rem
727 5575 890 5620 tuam.
920 5563 1148 5629 Quando
1178 5577 1283 5615 non
1314 5568 1487 5628 potest
1514 5558 1717 5612 clamor
1748 5563 1931 5608 noster
1961 5550 2015 5603 in
2058 5549 2137 5600 al-

658 5686 704 5716 "
732 5682 777 5737 ll
804 5682 1034 5752 Paralip.
1070 5697 1241 5742 xxxii,
1266 5679 1335 5731 23

2322 4616 2388 4683 τῇ
2415 4612 2503 4665 διὰ
2530 4612 2627 4682 τὴν
2657 4610 2925 4682 ἁμαρτίαν
2952 4609 3046 4675 ῶν,
3081 4610 3173 4663 καὶ
3204 4609 3367 4677 ἀξιῶν
3394 4610 3560 4679 αὐτῆς
3595 4606 3815 4660 ἐλευθε-

2325 4702 2582 4775 ρωθῆναι.
2616 4703 2690 4755 Οὐ
2724 4702 2829 4772 μὴν
2867 4700 3001 4754 ἀλλά
3025 4704 3117 4755 καὶ
3144 4702 3219 4765 ὡς
3245 4701 3347 4771 ήδη
3394 4698 3815 4769 είσηκουσμένος

2324 4790 2673 4861 εὐχαριστίαν
2721 4790 3011 4861 ἀναφέρει·
3044 4791 3138 4843 καὶ
3170 4789 3275 4860 μὴν
3314 4791 3407 4841 καὶ
3438 4787 3507 4840 τά
3533 4785 3817 4857 συμϐάντα

2322 4879 2471 4947 αὐτῷ
2493 4880 2548 4931 ἐν
2571 4877 2649 4948 τῷ
2679 4878 2778 4947 τῆς
2804 4879 3088 4948 μετανοίας
3120 4876 3295 4949 καιρῷ
3319 4877 3601 4947 διηγεῖται.
3627 4875 3701 4929 Ἰὸ
3730 4875 3813 4940 δέ,

2322 4971 2691 5035 ἐκστάσεως,
2739 4969 2891 5023 οὐδὲν
2922 4969 3105 5041 ἓτερον
3136 4970 3168 5040 ἢ
3211 4970 3379 5040 αὐτὴν
3412 4969 3507 5040 τὴν
3540 4968 3813 5039 ἁμαρτίαν

2324 5066 2453 5135 ἡμῖν
2488 5065 2903 5134 κατασημαίνει,
2938 5065 3005 5117 δι’
3040 5066 3104 5136 ἥν
3136 5065 3322 5134 ῶσπερ
3356 5063 3571 5133 ἀγαθῶν
3603 5064 3813 5135 φρενῶν

2321 5152 2566 5218 ἐξίστατο
2593 5156 2625 5224 ἡ
2656 5155 2817 5226 ψυχή·
2848 5155 2940 5207 καὶ
2974 5153 3050 5217 ὡς
3079 5154 3152 5225 μὴ
3179 5153 3415 5217 ἐλπίζειν
3448 5153 3527 5205 ἔτι
3552 5152 3649 5223 τὴν
3677 5152 3811 5205 ἀνά-

2318 5244 2509 5315 ληψιν,
2544 5245 2770 5313 φάσκειν
2814 5262 2873 5297 τε
2918 5245 3133 5313 σαφῶς·
3171 5243 3309 5313 Ἐγὼ
3351 5242 3419 5297 δὲ
3457 5239 3593 5297 εἶπα
3633 5244 3703 5295 ἐν
3734 5242 3808 5311 τῇ

2320 5338 2603 5391 ἐκστάσει
2628 5355 2768 5407 μου·
2812 5338 3175 5409 Ἃπέρῤιμμαι
3202 5338 3313 5405 ἄρα
3342 5336 3459 5392 ἀπὸ
3488 5335 3811 5405 προσώπου

2322 5432 2439 5485 τῶν
2464 5430 2785 5502 ὀφθαλμῶν
2810 5448 2943 5487 σου.

2334 5547 2455 5599 Ἐπὶ
2513 5547 2644 5611 σοὶ,
2690 5548 2891 5615 Κύριε,
2941 5546 3172 5614 ἤλπισα
3232 5586 3244 5598 .
3290 5584 3301 5596 .
3351 5584 3361 5595 .
3408 5583 3419 5594 .
3468 5583 3477 5593 .
3524 5582 3534 5592 .
3590 5540 3815 5595 Κλῐνον

659 5801 769 5872 (l0)
810 5798 931 5855 ll:cc
965 5799 1103 5869 apud
1153 5796 1424 5852 Daniclcm
1485 5792 1778 5846 Barbarum
1826 5782 2149 5840 Theodoreti
2184 5796 2302 5837 esse
2344 5778 2606 5834 feruntur.
