4034 6436
164 381 270 438 157

1256 384 1616 441 EXPOSITIO
1654 381 1719 437 IN
1758 381 1907 438 PSAI
1934 385 2085 442 MU.“
2125 387 2290 447 XXX.

3293 390 3396 447 458

164 523 320 589 πρός
361 537 439 591 με
484 521 549 575 τὸ
599 516 706 586 οὖς
750 536 885 575 σου.
926 521 1077 574 Ἐπεὶ
1104 521 1179 591 μὴ
1214 521 1400 589 φθάνει
1426 523 1459 591 ἠ
1497 519 1736 591 ἡμετέρα

1850 510 1952 554 tum
1983 502 2286 571 pertingere
2308 542 2323 564 ,
2364 502 2558 558 inclina
2598 518 2781 558 aurem
2814 511 2960 558 tuam
2992 502 3058 557 ad
3086 516 3194 569 tne,
3230 512 3280 559 te
3314 514 3398 559 at-

166 612 382 683 κραυγὴ
415 612 494 674 είς
534 610 594 663 τὸ
642 610 808 679 ὕψος,
854 610 1029 663 κλῖνον
1075 610 1135 662 τὸ
1179 606 1271 672 οὖς
1320 625 1412 661 σου
1446 608 1581 678 πρὸς
1614 606 1733 677 ἐμὲ,

164 702 254 756 διὰ
284 702 378 755 τοῦ
416 701 862 769 συγκαταϐαίνειν
892 717 1000 770 μοι.

250 792 514 857 Ἐξὰξεις
564 807 641 859 με
683 790 750 842 ἐκ
799 789 1047 859 παγίδος
1082 789 1301 855 ταύτης
1341 782 1415 855 ἧς
1464 783 1738 853 tu;va

161 899 283 949 μοι.
336 880 787 949 Ἐφεδρεύσαντες
825 878 933 949 γὰρ
964 877 1126 931 αὑτοῦ
1154 878 1251 946 τὴν
1288 876 1485 947 ψυχὴν,
1522 873 1738 928 συνελά-

168 971 324 1024 ϐοντο
358 971 542 1024 αὐτόν.
594 971 680 1022 Ἐν
712 971 849 1031 τίνι;
882 971 938 1021 ἐν
960 971 1026 1039 τῇ
1055 968 1315 1039 ἁμαρτία.

255 1058 602 1125 Ἑλυτμῦσω
629 1073 704 1125 με
724 1097 738 1118 ,
770 1058 979 1123 Κύριε,
1024 1058 1056 1107 d
1103 1055 1245 1119 Θεὸς
1280 1052 1391 1121 τῆς
1431 1054 1734 1122 ἀληθείας.

178 1150 267 1213 Ὠς
292 1149 393 1218 ήδη
424 1146 796 1209 εἰσακουσθεὶς
820 1146 1044 1199 τοιαῦτά
1069 1161 1251 1217 φησιν.

252 1240 579 1308 Ἐμισησας
610 1238 751 1303 τοὺς
787 1235 1323 1305 διαφυλάσσοντας
1346 1238 1740 1305 ματαιότητας

167 1326 476 1394 διακενῆς.
524 1324 903 1397 Ματαιότητάς
970 1341 1100 1394 φησι
1167 1324 1260 1377 τοῦ
1311 1326 1573 1395 παρόντος
1626 1325 1737 1394 βίου

168 1420 294 1480 τοὺς
318 1416 759 1489 περισπασμούς·
788 1416 879 1480 οὒς
909 1416 1001 1471 καὶ
1026 1414 1379 1486 ἐργαζόμενοι
1408 1417 1740 1486 ματαιότητα

170 1512 461 1583 πονοῦμεν.
489 1511 800 1582 Παρέπεται
840 1509 901 1561 τὸ
920 1547 935 1570 ,
970 1506 1270 1575 διακενῆς,
1312 1506 1389 1577 τῷ
1419 1508 1741 1576 φυλάσσοντι

171 1602 563 1673 ματαιότητας.

254 1692 734 1762 Ἀταλλιάσομαι,
766 1693 861 1746 καί
888 1692 1398 1761 εὐφρανθήσομαι.
1425 1690 1614 1760 Λύπην
1646 1690 1740 1742 καὶ

167 1786 239 1840 τὰ
271 1785 437 1839 λοιπὰ
470 1784 617 1854 πάθη
648 1786 1057 1856 καταπατήσας.

240 1877 352 1931 Kal
374 1877 446 1929 οὐ
472 1872 878 1938 συνέκλεισὰς
900 1890 977 1942 με
1000 1877 1087 1939 εις
1112 1874 1313 1943 χεῖρας
1336 1869 1581 1940 ἐχθρῶν.
1601 1870 1742 1923 Ἀντὶ

168 1968 285 2033 τοῦ,
312 1969 374 2020 οὐ
406 1966 815 2036 παραδέδωκας.
846 1966 1148 2032 Ἔστησιις
1175 1965 1243 2018 ἐν
1270 1961 1581 2032 εὐρυχώρῳ
1603 1960 1743 2025 τοὺς

169 2060 363 2123 πόδας
388 2075 529 2127 μου.
572 2056 909 2119 Ἀπαλλάξας
943 2072 1009 2127 με
1042 2055 1289 2125 θλίψεως,
1326 2054 1661 2123 κατέστησας
1688 2055 1743 2104 ἐν

170 2153 358 2206 ἀνέσει
395 2150 489 2203 καὶ
520 2147 851 2219 εὐρυχωρίᾳ.

252 2240 583 2310 Ἐταράχθη
631 2240 701 2292 ἐν
732 2237 895 2308 θυμῷ
944 2241 976 2292 ὀ
1004 2238 1308 2307 ὀφθαλμός
1342 2254 1482 2305 μου.
1508 2236 1546 2303 ἡ
1575 2234 1743 2303 ψυχή

164 2354 285 2404 μου
320 2334 422 2388 καὶ
466 2336 504 2401 ’ιί
538 2332 769 2401 γαστήρ
791 2349 930 2400 μου.
959 2332 1168 2400 ’Ὠσπερ
1202 2328 1473 2398 ὀφθαλμὸν
1500 2328 1591 2381 τὸν
1621 2327 1744 2380 νοῦν

168 2428 272 2496 τῆς
316 2425 495 2494 ψυχῆς
528 2439 711 2493 φησιν,
743 2421 884 2475 οὕτω
923 2423 1016 2475 καὶ
1070 2420 1311 2491 γαστέρα
1352 2420 1485 2489 φησὶ
1516 2420 1613 2488 τῆς
1644 2417 1745 2486 ψυ-

171 2516 273 2585 χῆς
304 2516 407 2585 τὴν
438 2514 677 2585 μνήμην·
714 2514 771 2565 ἐν
865 2511 1053 2581 ὥσπερ
1087 2512 1143 2565 ὲν
1173 2510 1370 2581 γαστρὶ
1401 2509 1497 2572 τὰς
1525 2506 1746 2576 λογικὰς

172 2606 544 2676 ἁποτιθέμεθα
576 2605 800 2676 τροφάς.
842 2605 903 2658 Ἠ
939 2604 1109 2673 ψυχή
1145 2621 1264 2674 μου
1310 2604 1407 2656 καί
1447 2604 1485 2669 ὴ
1519 2600 1746 2670 γαστήρ

163 2717 307 2767 μου.
349 2697 659 2766 Ἀπέστησα
690 2696 780 2750 τὸν
813 2694 1089 2765 ὀφθαλμόν
1119 2713 1217 2766 μου
1241 2695 1346 2748 ἀπὸ
1368 2692 1459 2745 τοῦ
1486 2691 1614 2745 λαοῦ
1640 2690 1746 2742 τῶν

183 2788 455 2843 Ἰουδαίων
487 2788 544 2839 ἐν
577 2786 733 2856 θυμῷ
757 2786 851 2838 καὶ
881 2788 1016 2856 ὀργῇ
1043 2787 1272 2855 μεγάλῃ.

244 2882 370 2933 Ὀτι
393 2878 674 2942 ἐξέλιπεν
697 2878 764 2930 ἐν
792 2877 979 2943 ὀδύνῃ
1009 2878 1046 2944 ή
1081 2875 1190 2942 ζωή
1227 2892 1367 2944 μου.
1400 2875 1471 2928 Τὸ
1502 2876 1751 2927 ἐπιτετα-

176 2971 341 3040 μένον
372 2970 473 3038 τῆς
512 2966 748 3030 διανοίας
780 2967 948 3037 δηλοῖ.
978 2967 1085 3019 Καὶ
1112 2968 1185 3020 τὰ
1214 2968 1316 3035 ἐτη
1341 2985 1458 3037 μου
1498 2966 1569 3019 ὲν
1608 2983 1744 3019 στε-

172 3061 444 3134 ναγμοῖς.
467 3061 771 3123 Διετέλεσα,
818 3060 972 3131 φησι.
998 3058 1264 3123 στενάζων
1285 3060 1391 3113 ἀπὸ
1414 3059 1521 3111 τῶν
1538 3058 1743 3112 κακῶν.

1839 594 2180 663 temperando
2213 596 2364 649 mihi.

1906 777 1960 831 5.
2002 774 2207 829 Educes
2247 790 2325 828 me
2359 773 2422 827 de
2464 774 2649 845 laqueo
2692 775 2785 828 Itoc
2820 791 2971 845 quem
3012 776 3394 828 absconderant

1840 869 1985 923 mihi.
2014 867 2233 922 lnsidiis
2265 864 2410 920 enim
2437 864 2555 931 ejus
2591 866 2786 920 animae
2813 866 3015 935 paratis
3042 868 3397 936 comprehen-

1838 962 2031 1017 derunt
2057 976 2218 1026 eum;
2250 960 2305 1013 in
2336 960 2481 1029 quo?
2513 958 2565 1011 in
2598 968 2837 1025 peccato.

1909 1054 1961 1107 6.
2002 1051 2287 1105 Redemisti
2331 1066 2431 1115 me,
2481 1048 2721 1112 Domine,
2766 1046 2906 1102 Deus
2939 1049 3195 1103 veritatis.
3230 1048 3396 1113 Quasi

1836 1144 1946 1213 jam
1975 1144 2305 1212 postulatum
2330 1143 2651 1211 impetrarit,
2676 1144 2779 1198 hoc
2812 1142 2909 1195 ait.

1910 1236 1963 1288 7.
2009 1234 2182 1289 Odisti
2210 1236 2539 1288 observantes
2570 1234 2825 1287 vanitates
2856 1246 3235 1298 supervacue...
3288 1226 3397 1281 Va—

1842 1330 2037 1383 nitates
2066 1326 2300 1397 appellat
2322 1327 2484 1395 hujus
2506 1327 2630 1380 vita:
2655 1326 3060 1388 distraetiones,
3091 1322 3288 1391 quibus
3310 1338 3402 1372 vn-

1843 1432 2027 1479 cantes
2071 1424 2123 1474 in
2167 1436 2363 1474 vanum
2415 1421 2748 1474 laboramus.
2800 1415 3178 1484 Subsequitur,
3222 1429 3401 1482 super-

1841 1532 2021 1581 racue,
2050 1515 2115 1571 de
2144 1529 2208 1569 eo
2238 1514 2448 1569 scilicet
2475 1512 2568 1582 qui
2601 1510 2856 1566 observat
2884 1508 3171 1561 vanitates.

1912 1692 1965 1747 8.
2023 1690 2312 1745 Exsultabo
2361 1700 2409 1744 et
2461 1688 2700 1743 (letabor.
2752 1684 3001 1741 Dolorem
3056 1696 3114 1739 et
3165 1683 3401 1753 reliquos

1844 1786 2008 1840 animi
2045 1794 2223 1838 motus
2254 1782 2600 1837 conculcans.

1912 1876 1966 1930 9.
2010 1874 2121 1929 Nec
2152 1875 2460 1928 conclusisti
2494 1890 2573 1926 me
2600 1875 2654 1925 in
2685 1870 2925 1924 manibus
2970 1865 3210 1930 inimici,
3244 1862 3405 1933 quasi

1841 1971 2004 2033 dicat,
2041 1983 2149 2023 non
2191 1965 2481 2021 tradidisti.
2516 1963 2769 2019 Statuisti
2802 1965 2857 2016 in
2893 1963 3006 2015 loco
3040 1958 3275 2028 spatioso
3312 1973 3406 2025 pe-

1843 2063 1931 2115 des
1967 2076 2147 2114 meos:
2179 2068 2462 2128 postquam
2493 2055 2731 2111 liberain
2764 2069 2849 2108 me
2885 2053 2952 2106 ab
2982 2064 3184 2119 angore
3213 2048 3405 2113 animi,

1845 2152 2084 2208 statuisti
2112 2151 2164 2203 in
2194 2148 2547 2218 tranquillum
2572 2155 2625 2201 et
2655 2144 2935 2215 pacificum
2966 2150 3192 2196 statum.

1916 2241 2273 2297 Conturbatus
2299 2248 2375 2294 est
2408 2241 2463 2291 in
2490 2240 2573 2291 ira
2608 2235 2786 2290 oculus
2822 2250 2985 2299 meus,
3012 2233 3189 2285 anima
3212 2245 3325 2283 mea
3356 2238 3407 2281 et

1844 2344 2016 2389 venter
2054 2349 2216 2387 meus.
2253 2331 2405 2385 Sicut
2444 2338 2676 2383 mentem
2707 2343 2807 2381 cett
2837 2327 3033 2379 animae
3058 2320 3302 2383 oculum,
3334 2319 3406 2371 ita

1844 2441 1899 2483 et
1926 2428 2243 2482 memoriam
2267 2433 2514 2479 ventrem
2549 2420 2743 2475 animae
2775 2417 2936 2472 habet
2964 2434 2976 2469 :
3013 2415 3066 2467 in
3096 2427 3205 2482 qua
3227 2426 3323 2465 ceu
3351 2409 3408 2463 in

1847 2530 2038 2577 ventre
2072 2518 2425 2575 rationabiles
2458 2516 2610 2571 cibos
2643 2512 2983 2582 deponimus.
3026 2506 3177 2559 Alius
3223 2504 3405 2557 codex.

1847 2614 2037 2667 Anima
2069 2629 2184 2665 mea
2217 2621 2265 2664 et
2298 2620 2471 2664 venter
2502 2623 2663 2661 meus.
2702 2603 2881 2657 Averti
2917 2601 3133 2655 oculum
3170 2610 3346 2651 meum
3377 2610 3407 2647 a

1846 2707 2072 2762 Judaico
2102 2705 2301 2775 populo
2330 2703 2383 2755 in
2417 2700 2599 2755 furore
2620 2707 2673 2754 et
2704 2698 2755 2751 in
2784 2697 2863 2749 ira
2894 2707 3107 2761 magna.

1922 2885 2006 2938 l0.
2037 2884 2298 2949 Quoniam
2325 2882 2512 2951 defecit
2545 2880 2596 2932 in
2631 2876 2809 2931 dolore
2840 2875 2946 2928 vita
2979 2888 3113 2925 utea.
3144 2873 3407 2923 talentum

1848 2978 2000 3030 valde
2054 2977 2297 3030 animum
2330 2974 2553 3028 indicat.
2589 2971 2654 3026 Et
2688 2984 2851 3024 annos
2884 2981 3022 3019 meos
3048 2964 3103 3016 in
3136 2957 3410 3030 gemitibus

1850 3066 2082 3135 transegi
2115 3080 2335 3135 gemens
2367 3065 2436 3117 ob
2476 3063 2744 3116 malorum
2788 3055 3203 3112 vehementiam.
3250 3048 3413 3117 Inﬁr-

186 3155 555 3221 Ἡσθένησεν
605 3154 675 3205 ἐν
724 3152 982 3220 πτωχείᾳ
1016 3151 1054 3217 ἠ
1102 3153 1279 3218 ἰσχύς
1311 3168 1447 3219 μου.
1496 3148 1745 3218 Πτωχεύ-

1853 3168 1995 3211 mata
2039 3170 2115 3211 est
2146 3159 2198 3211 in
2226 3163 2531 3225 paupertate
2554 3154 2722 3207 uirtus
2754 3166 2888 3204 mea.
2912 3148 3045 3204 Cum
3078 3156 3228 3200 tuum
3258 3142 3414 3196 auxi-

175 3263 298 3308 σας,
329 3244 485 3315 φησι,
520 3244 619 3313 τῆς
645 3241 796 3311 παρὰ
825 3240 918 3293 σοῦ
955 3239 1200 3309 βοηθείας
1221 3239 1305 3291 διὰ
1331 3238 1426 3309 τὴν
1457 3237 1747 3308 ἁμαρτίαν,

174 3336 472 3407 ἠσθένησα.
508 3336 614 3389 Καὶ
658 3334 729 3386 τὰ
774 3329 926 3386 ὀστᾶ
956 3349 1075 3400 μου
1113 3330 1547 3400 ἐταράχθησαν.
1592 3330 1752 3383 Ὀστᾶ

174 3432 274 3493 τὰς
296 3430 399 3499 τῆς
422 3429 601 3498 ψυχῆς
626 3427 883 3497 δυνάμεις
912 3425 1094 3496 φησίν.

248 3520 399 3592 [Ὅτι
437 3518 718 3581 ἐξέλιπεν
749 3518 816 3571 ὲν
844 3516 1029 3584 ὀδύνῃ
1076 3518 1114 3583 ἡ
1149 3515 1258 3584 ζωή
1282 3534 1422 3584 μου.
1467 3516 1529 3568 Ἦ
1555 3514 1747 3577 ἔνδεια,

177 3612 333 3681 φησι.
388 3609 493 3663 τῶν
534 3609 843 3677 ἀναγκαίων
873 3608 1131 3679 κατέτηξέ
1167 3624 1267 3677 μου
1298 3607 1358 3659 τὸ
1401 3607 1578 3675 σῶμα,
1612 3608 1692 3659 ὅτι
1723 3607 1751 3657 ὁ

178 3702 336 3770 Σιφεὶ
364 3702 458 3754 καὶ
500 3703 529 3753 δ
572 3700 827 3772 Βερσελεὶ
859 3702 1093 3771 ἤνεγκαν
1118 3698 1195 3769 τῷ
1222 3697 1383 3751 Δαυῖδ
1423 3697 1626 3767 πυροὺς
1658 3696 1749 3748 καὶ

176 3791 394 3863 κριθὰς,
418 3791 510 3845 καὶ
534 3790 752 3861 ἄλευρα,
784 3790 875 3843 καὶ
898 3789 1126 3860 κύαμον,
1153 3790 1247 3843 καὶ⁸
1274 3789 1463 3858 φάκον,
1493 3787 1583 3840 καὶ
1606 3785 1746 3857 μέλι,

176 3884 274 3938 καὶ
322 3883 486 3953 ἕτερά
529 3896 682 3935 τινα·
730 3882 826 3935 καὶ
870 3882 1136 3952 τάπητας,
1164 3883 1257 3935 καὶ⁵
1291 3880 1617 3953 στρώματαο
1659 3879 1751 3931 κα)⁵

177 3976 562 4047 προσήνεγκαν
605 3974 683 4044 τῷ
731 3973 842 4045 λαῷ
888 3974 1082 4039 ταῦτα,
1113 3974 1205 4026 καὶ
1253 3972 1351 4035 τὰς
1386 3971 1625 4042 τροφάς’
1669 3969 1749 4021 ὅτι

176 4070 364 4137 ελεγον
396 4067 487 4119 τὸν
536 4066 663 4119 λαὸν
711 4066 921 4135 πεινᾷν,
959 4066 1053 4117 καὶ
1097 4062 1412 4117 ἐκλελύσθαι
1452 4061 1751 4131 διψήσαντα

176 4162 236 4213 ἐν
266 4162 333 4229 τῇ
366 4155 603 4228 ἐρήμῳ-1

247 4249 419 4317 Παρὰ
448 4248 676 4312 πάντας
703 4249 841 4313 τοὺς
868 4248 1117 4317 ἐχθρούς
1139 4263 1256 4315 μου
1281 4245 1572 4313 ἐγενήθην
1598 4244 1750 4298 ὄνει-

176 4342 303 4405 δος.
340 4339 575 4411 [Νεκρὶρς
607 4340 705 4408 μὲν
739 4338 847 4391 ἀπὸ
881 4338 1104 4409 καρδίας
1146 4337 1293 4390 ἐστὶν
1328 4339 1359 4389 ὁ
1394 4338 1751 4407 ἐστερημένος

175 4430 437 4503 tipatam]
488 4431 594 4483 Καὶ
634 4432 682 4482 οἱ
720 4428 901 4501 ἐχθροί
946 4447 1066 4499 μου,
1111 4428 1293 4499 φησιν,
1339 4427 1610 4491 ὠνείδιζόν
1659 4445 1746 4498 με,

177 4524 273 4577 καὶ
306 4524 355 4575 οί
387 4522 617 4589 γνωστοί
653 4540 752 4589 μου
779 4520 1067 4590 ἐφοϐοῦντο
1096 4538 1192 4591 με,
1229 4520 1321 4573 καὶ
1345 4522 1393 4573 οἱ
1427 4519 1751 4591 θεωροῦντες

177 4614 493 4683 ἀπέφευγον
540 4611 629 4665 διὰ
680 4613 775 4683 τὴν
830 4612 1131 4683 ὑπερϐολὴν
1175 4608 1243 4683 ἦς
1293 4612 1753 4683 ύπερεδεικνύμην

182 4705 497 4776 μετανοίας·
529 4705 713 4774 σάκκῳ
735 4705 791 4757 δὲ
821 4706 913 4757 καὶ
943 4704 1120 4774 σποδῷ
1154 4705 1637 4775 κατατρυχόμενος,
1662 4706 1755 4758 κα)⁸

177 4798 395 4868 ἡμέρας
433 4796 528 4849 καὶ
572 4798 763 4860 νυκτὸς
798 4796 1017 4849 κλαίων.
1057 4797 1147 4849 Διὸ
1184 4798 1277 4849 καὶ
1324 4798 1628 4866 φευγόντων
1653 4798 1752 4850 αύ-

178 4887 308 4951 τῶν,
341 4887 400 4937 ἐν
434 4885 573 4957 λήθῃ
606 4892 926 4955 γεγένημαι,
976 4885 1164 4956 ὥσπερ
1208 4887 1397 4958 ἀμέλει
1433 4889 1525 4940 καὶ
1564 4889 1754 4959 νεκρὸς

180 4978 400 5029 ἐδόκουν
447 4975 628 5028 σκεύει
674 4976 906 5029 ἐοικέναι
962 4976 1277 5031 ἀπολωλότι.
1328 4977 1401 5029 Τὸ
1454 4978 1539 5041 δέ,
1599 4978 1757 5046 παρὰ

182 5067 437 5131 πάντας,
472 5068 569 5136 οὐχ
597 5066 737 5137 ύπέρ
770 5066 975 5131 πάντας
1005 5071 1175 5121 εἰπεῖν
1204 5069 1471 5139 βούλεται,
1502 5070 1613 5122 ἀλλ’
1637 5070 1757 5123 ἀντὶ

181 5156 295 5220 τοῦ,
322 5155 479 5227 παρὰ
498 5156 725 5219 πάνταςο
757 5156 1030 5209 τουτέστιν
1062 5157 1211 5228 παρὰ
1237 5159 1344 5211 τῶν
1376 5160 1581 5230 ἐχθρῶν
1604 5160 1757 5212 ὠνει-

182 5246 389 5316 δίσθην.
419 5244 575 5299 Οὕτω
602 5247 709 5317 γὰρ
740 5248 884 5315 λέγει
917 5250 1009 5301 καὶ
1047 5250 1293 5313 Ἀκύλας*
1327 5251 1490 5320 Παρὰ
1517 5252 1758 5306 πάντων

179 5337 299 5396 τῶν
323 5336 557 5406 ἐχθρῶν
584 5356 702 5407 μου
731 5339 1028 5408 ἐγενήθην
1052 5341 1299 5407 ὄνειδος.

250 5431 377 5483 Ὅτι
404 5428 641 5497 ἤκουσα
678 5434 871 5501 ψόγον
902 5433 1148 5487 πολλῶν
1172 5436 1611 5501 παροικούντων
1643 5453 1749 5489 κυ-

182 5521 421 5575 κλόθεν.
462 5519 643 5587 Ψόγον
683 5523 782 5592 τὴν
832 5522 1121 5593 ἐπιϐουλήν
1155 5542 1335 5593 φησιν.
1363 5525 1522 5593 Λέγει
1556 5527 1645 5593 δὲ,
1674 5527 1748 5590 ὡς

182 5613 231 5663 oi.
261 5610 448 5681 ἐχθροὶ
478 5612 737 5665 ἐκύκλουν
762 5615 1214 5678 ἐπιϐουλεύοντες.
1260 5618 1368 5671 Τοῦ
1400 5618 1606 5671 λαϐεῖν
1639 5618 1751 5683 τὴν

188 5701 395 5769 ψυχήν
423 5720 543 5770 μου
587 5704 1042 5763 ἐϐουλεύσαντο.
1086 5711 1224 5779 Ἐγὼ
1263 5711 1327 5763 δὲ
1360 5711 1453 5763 ἐπὶ
1484 5712 1605 5776 (νο),
1642 5713 1751 5766 Κύ-

255 5794 299 5825 ⁶⁹
340 5794 384 5847 ll
419 5792 548 5864 Reg.
587 5812 694 5853 nt.
731 5799 838 5852 1-4.

1780 4490 1826 4547 D

1852 3253 1984 3306 liutn
2015 3250 2412 3306 emendicarem
2442 3254 2661 3315 propter
2696 3252 2914 3313 peccata
2946 3255 3086 3305 mea,
3106 3237 3418 3297 infirmatus

1851 3362 1989 3403 sum.
2029 3344 2096 3398 Et
2125 3358 2244 3396 ossa
2275 3356 2388 3393 mea
2417 3338 2728 3391 conturbata
2754 3344 2897 3389 sunt.
2941 3330 3076 3387 Ossa
3110 3332 3304 3387 anima:
3335 3331 3415 3385 fa-

1850 3442 2083 3495 cultates
2108 3434 2361 3503 appellat.

1920 3529 2207 3601 [Quoniam
2236 3525 2421 3593 defecit
2455 3524 2507 3577 in
2538 3520 2717 3575 dolore
2749 3520 2858 3573 vita
2896 3535 3031 3572 mea.
3061 3517 3293 3582 llerum,
3331 3514 3415 3568 in-

1850 3623 1967 3692 quit
1983 3622 2047 3686 “,
2074 3619 2503 3675 necessariarum
2526 3617 2725 3682 inopia,
2740 3627 2939 3679 corpus
2953 3624 3129 3663 meum
3146 3608 3265 3661 tabe
3284 3622 3415 3660 con—

1855 3716 2011 3777 fecit,
2040 3716 2167 3782 quia
2194 3711 2319 3765 Siba
2355 3720 2406 3762 et
2432 3705 2690 3762 Bercellai
2736 3702 2923 3756 Davidi
2969 3700 3265 3755 attulerunt
3296 3699 3414 3753 fru-

1850 3815 2090 3861 mentum
2124 3810 2176 3856 et
2207 3800 2491 3862 hordeum,
2526 3795 2780 3860 farinam,
2834 3794 3011 3858 fabas,
3055 3794 3273 3856 lentem,
3308 3790 3413 3843 mel

1850 3910 1904 3955 et
1928 3899 2027 3953 alia
2054 3897 2323 3966 quadam,
2351 3908 2563 3946 necnon
2596 3899 2804 3958 tapetas
2843 3897 2897 3941 et
2922 3886 3187 3940 velamina
3217 3900 3229 3937 :
3254 3891 3415 3949 atque

1852 3993 2036 4047 isthaac
2083 3988 2283 4058 populo
2316 4002 2437 4041 cunt
2471 3984 2591 4038 aliis
2625 3982 2761 4037 cibis
2790 3979 3134 4041 obtulerunt,
3168 3974 3296 4045 quia
3327 3973 3415 4025 di-

1851 4084 2046 4139 cebant
2085 4078 2342 4149 populum
2388 4077 2528 4129 fame
2564 4074 2811 4126 laborare
2833 4111 2848 4136 ,
2896 4085 2957 4123 ac
2987 4067 3074 4120 siti
3109 4064 3412 4120 confectum

1852 4174 2086 4230 solutum
2123 4170 2291 4224 fuisse
2329 4168 2380 4220 in
2408 4162 2667 4235 deserto.]

1923 4265 2010 4319 ιε.
2055 4262 2223 4333 Super
2256 4274 2428 4313 omnes
2478 4256 2718 4309 inimicus
2764 4271 2902 4307 meos
2951 4252 3123 4321 factus
3168 4262 3285 4301 sum
3326 4262 3419 4313 ap-

1852 4359 2141 4425 probrium,
2174 4363 2277 4407 etc.
2310 4350 2579 4423 [Mortuus
2606 4364 2633 4401 a
2670 4347 2833 4401 corde
2865 4354 2967 4407 est,
3008 4342 3101 4411 qui
3125 4338 3416 4393 virtutibus

1853 4460 1935 4506 est
1966 4444 2213 4517 vacuus.]
2240 4444 2445 4497 Inimici
2476 4442 2601 4505 mei,
2638 4440 2849 4507 inquit,
2882 4451 2966 4489 me
3000 4432 3261 4488 conviciis
3287 4445 3416 4483 one-

1856 4544 2047 4599 rabant
2075 4560 2087 4595 :
2119 4550 2172 4595 et
2203 4540 2313 4594 noti
2349 4539 2451 4591 mei
2500 4534 2748 4602 fugerunt
2784 4547 2889 4584 me.
2923 4527 2987 4581 Et
3019 4526 3111 4596 qui
3151 4539 3235 4576 me
3265 4523 3410 4576 vidc-

1852 4637 1980 4690 bant
2006 4634 2332 4703 aufugerunt
2353 4630 2422 4685 ob
2445 4626 2867 4698 magnitudinem
2898 4619 3230 4691 pmnitentiaa
3258 4632 3411 4676 mem;

1853 4746 2013 4787 sacco
2044 4729 2188 4783 enim
2220 4738 2272 4779 et
2313 4726 2495 4779 cinere
2528 4729 2864 4780 maceratus,
2897 4715 3086 4769 ﬂebam
3121 4711 3208 4765 die
3238 4716 3418 4761 nocte-

1854 4838 1979 4893 que.
2008 4820 2186 4887 Quare
2213 4816 2546 4888 fugientibus
2578 4814 2717 4875 illis,
2748 4810 2802 4863 in
2833 4807 3157 4863 oblivionem
3188 4802 3331 4862 veni,
3362 4808 3417 4853 ct

1854 4932 1952 4970 ceu
1992 4923 2240 4969 mortuus
2282 4927 2398 4965 esse
2424 4910 2665 4973 videbar,
2713 4915 2771 4959 ut
2816 4903 2931 4957 vasi
2967 4900 3177 4970 perdito
3222 4894 3417 4948 similts

1854 5020 2051 5060 essem.
2088 5002 2223 5057 lllud
2256 5009 2434 5055 autem
2470 5014 2625 5067 super
2657 5013 2855 5060 omnes,
2895 5008 3001 5045 non
3031 4990 3132 5044 sibi
3161 4988 3275 5040 vult
3308 4999 3419 5054 pra.

1857 5099 2133 5159 omnibus,
2166 5094 2257 5150 sed
2285 5092 2426 5162 apud
2455 5106 2668 5151 omnes,
2705 5089 2756 5142 id
2789 5096 2871 5141 est
2894 5126 2908 5149 ,
2945 5085 3011 5137 ab
3048 5080 3284 5134 inimicis
3320 5094 3417 5145 op-

1856 5190 2075 5260 probrio
2102 5194 2363 5241 oneratus
2391 5198 2534 5238 sum.
2579 5179 2669 5233 Sic
2704 5179 2847 5232 enim
2880 5174 3042 5228 habet
3070 5169 3261 5239 Aquila
3289 5183 3304 5219 :
3336 5168 3413 5219 Ab

1856 5281 2094 5336 omnibus
2126 5277 2357 5331 inimicis
2392 5276 2520 5328 meis
2557 5271 2729 5341 factus
2754 5283 2870 5323 sunt
2894 5263 3249 5334 opprobrium.

1932 5439 2017 5493 Η.
2089 5436 2352 5503 Quoniam
2408 5431 2588 5485 audivi
2643 5426 3073 5495 vituperationem
3130 5419 3411 5473 multarunt

1856 5528 2291 5583 commorantium
2321 5524 2376 5575 in
2404 5522 2653 5574 circuitu.
2691 5514 3158 5584 Vituperationcm
3191 5509 3419 5563 insidias

1861 5632 2038 5675 vocat.
2074 5622 2163 5675 Ait
2193 5628 2367 5673 autem
2412 5618 2557 5688 quod
2602 5612 3003 5667 circumdantes
3036 5605 3237 5662 inimici
3285 5605 3419 5657 insi-

1860 5716 2155 5770 diarcntur.
2191 5713 2432 5781 Accipere
2472 5711 2704 5764 animam
2749 5722 2914 5759 meum
2960 5700 3226 5758 consiliati
3274 5709 3416 5752 sunt.
