4034 6438
603 409 704 466 159

1436 402 1494 455 S.
1531 396 1900 453 ATIlANASll
1931 393 2080 449 OPP.
2120 390 2298 445 PARS
2336 387 2420 442 lll.
2460 418 2528 427 —
2567 385 2968 441 EXEGETICA.

3706 373 3808 427 160

600 523 711 590 Ego
742 532 913 575 autem
949 523 1002 573 in
1034 529 1082 572 te
1110 519 1347 587 speravi,
1388 517 1626 570 Domine.
1657 515 1758 568 Per
1787 513 2020 567 animam
2051 523 2144 562 cor
2174 542 2184 566 Α

2263 519 2351 566 ne,
2374 501 2624 568 ἤλπισα.
2662 501 2758 552 Διά
2791 499 2888 569 τῆς
2919 497 3094 566 ψυχῆς
3123 494 3218 564 τὴν
3250 493 3470 564 καρδίαν
3504 490 3810 561 λαμϐάνου-

598 612 841 682 capiunt,
871 626 964 681 per
991 612 1125 664 iram
1164 619 1218 664 et
1252 608 1571 678 cupiditates
1613 614 1845 661 mentem
1873 601 2144 657 occidunt.

672 791 758 845 16.
799 789 866 844 1η
896 791 1133 844 manibus
1166 791 1267 843 tuis
1299 797 1460 843 sortes
1487 803 1631 842 mem.
1682 783 1906 839 Etiamsi
1941 779 2149 836 insidiis

600 883 803 937 inimici
833 884 1069 937 animam
1104 898 1276 936 meam
1307 880 1760 950 comprehendere
1793 882 2037 944 satagant
2059 889 2074 937 ;
2097 880 2150 925 at

601 981 774 1026 sortes
804 984 937 1026 mea:
969 981 1095 1025 tutae
1123 979 1248 1026 sunt
1293 972 1345 1024 in
1382 971 1632 1024 manibus
1659 969 1785 1031 tuis,
1834 981 1969 1036 quas
1996 962 2150 1018 dabis

600 1064 652 1116 in
684 1072 922 1132 tempore
947 1065 1097 1129 mihi,
1115 1065 1371 1133 quoniam
1405 1063 1456 1115 in
1483 1071 1534 1116 te
1552 1076 1698 1130 spem
1721 1059 1927 1113 colloco
1951 1068 2145 1108 meam.

600 1151 962 1216 Quamobrem
1005 1170 1133 1223 rugo
1177 1155 1230 1207 in
1267 1154 1518 1223 praascnti
1553 1150 1767 1205 liberari
1811 1149 1879 1202 ab
1916 1147 2150 1201 inimicis

601 1244 755 1297 meis.
791 1244 941 1297 Alius
965 1246 1146 1299 codex.
1187 1246 1261 1298 llli
1284 1285 1299 1310 ,
1332 1245 1526 1314 inquit,
1571 1243 1765 1305 coacti,
1800 1255 1982 1295 necem
2017 1238 2149 1292 mihi

599 1335 1070 1408 moliuntur:ego
1111 1348 1289 1392 autem
1339 1347 1390 1392 te
1421 1337 1588 1391 Deum
1637 1336 1763 1390 novi
1809 1333 1940 1388 mihi
1990 1340 2152 1400 atque

602 1437 906 1489 patronum.
946 1428 1104 1498 Eripe
1146 1446 1224 1483 me
1247 1431 1310 1482 de
1335 1446 1492 1483 manu
1521 1429 1854 1482 inimicorum
1896 1439 2148 1484 ineorum,

599 1524 648 1568 et
683 1531 714 1567 a
750 1521 1173 1588 persequentibus
1202 1537 1300 1573 me.
1336 1520 1481 1589 Fuge
1519 1520 1938 1588 malignitatem,
1978 1516 2152 1584 inquit

601 1608 978 1674 Apostolus",
1008 1610 1220 1664 etiamsi
1251 1609 1590 1679 persequitur
1625 1606 1949 1676 malignitas,
1972 1620 2152 1673 perse-

601 1701 784 1766 quitur
811 1708 988 1752 tamen
1031 1698 1332 1766 fornicatio,
1375 1699 1620 1763 avaritia,
1669 1697 1839 1759 furor,
1877 1697 1993 1750 ira:
2026 1697 2152 1751 reli-

601 1805 707 1858 qua
745 1788 1074 1844 defecerunt.

681 1968 764 2022 l7.
815 1968 1039 2024 Illustra
1087 1972 1275 2040 faciem
1330 1982 1474 2026 tuam
1520 1988 1674 2041 super
1713 1989 1914 2026 servum
1956 1982 2148 2025 tuum:

603 2061 807 2113 salvum
835 2078 912 2114 me
951 2063 1036 2130 fac
1071 2063 1123 2114 in
1153 2065 1514 2116 misericordia
1544 2075 1653 2117 tua.
1682 2064 1812 2118 Nam
1843 2077 1893 2119 te
1920 2065 2156 2118 animam

607 2167 780 2206 meam
814 2152 1133 2212 illustrante.
1153 2155 1329 2208 tristia
1347 2170 1574 2223 quaeque
1605 2157 1785 2209 statim
1813 2168 2156 2213 evanescent.

607 2241 730 2296 lleec
758 2257 861 2294 una
906 2243 1067 2304 mihi,
1100 2243 1309 2311 inquit,
1343 2244 1533 2298 salutis
1561 2245 1698 2298 ratio
1722 2255 1833 2308 est,
1873 2245 1917 2298 si
1965 2243 2156 2299 facient

607 2345 754 2386 tuam
789 2334 1162 2389 illustraveris.

680 2422 768 2476 18.
813 2424 1048 2491 Domine,
1092 2442 1196 2480 non
1228 2427 1523 2495 confundar
1550 2428 1794 2495 quoniam
1822 2431 2056 2482 invocavi
2089 2441 2156 2485 Ie.

607 2517 746 2573 llinc
770 2518 1066 2573 ediscimus
1100 2519 1329 2572 multum
1358 2529 1636 2586 peccatum
1664 2520 1805 2574 inter
1833 2531 1885 2575 et
1913 2522 2160 2591 impieta-

608 2618 714 2662 tem
783 2608 1119 2663 discriminis
1161 2624 1304 2663 csse.
1351 2609 1689 2678 Quapropter
1737 2622 1888 2681 rogat
1931 2628 2159 2681 magnus

608 2703 696 2754 ille
724 2701 888 2754 David
919 2718 946 2754 a
978 2703 1178 2770 peccati
1208 2719 1265 2757 se
1296 2705 1625 2774 turpitudine
1655 2706 1902 2771 liberari,
1937 2722 2031 2760 eos
2063 2721 2160 2758 au-

610 2803 717 2846 tem
759 2794 850 2861 qui
898 2793 948 2845 in
996 2795 1266 2864 impietate
1300 2797 1464 2849 vitam
1515 2804 1716 2866 agunt,
1767 2813 1890 2850 cum
1938 2795 2158 2851 infamia

611 2891 781 2936 morte
811 2883 967 2937 allici.

681 2975 768 3028 19.
814 2975 977 3027 Mula
1029 2977 1161 3042 ﬁant
1209 2975 1354 3030 labia
1383 2977 1584 3032 dolosa.
1619 2977 1797 3050 Rogo,
1833 2981 2036 3050 inquit,
2065 2981 2162 3034 ob-

610 3077 909 3120 mutescere
934 3068 1181 3124 inimicos
1213 3089 1225 3124 :
1257 3072 1400 3139 quod
1441 3074 1650 3128 eveniet
1677 3075 1720 3128 si
1750 3075 2053 3130 ostenderis
2084 3074 2162 3129 la-

611 3158 744 3212 cicm
778 3167 944 3211 tuam.

679 3247 767 3300 20.
809 3253 981 3311 Quam
1011 3266 1201 3318 magna
1234 3250 1516 3303 multitudo
1555 3253 1845 3307 dulcedinis
1888 3265 2012 3320 luce,
2058 3254 2166 3309 Do-

611 3338 787 3391 mine!
817 3339 1012 3408 Ulpote
1043 3341 1152 3408 jam
1186 3357 1279 3411 per
1302 3344 1551 3412 spiritum
1586 3346 1906 3415 illuSIratus,
1937 3350 2003 3403 de
2030 3348 2169 3403 futu-

612 3430 690 3485 ris
738 3433 938 3499 gratias
971 3433 1100 3502 agit.
1145 3432 1260 3488 Mos
1301 3444 1481 3489 autem
1513 3435 1721 3499 Davidi,
1749 3453 1961 3502 vocem,
1987 3457 2165 3509 quam,

615 3534 710 3588 per
760 3521 1170 3575 admirationem
1208 3537 1494 3592 usurpare,
1541 3527 1715 3594 quasi,
1762 3526 1930 3580 valde.
1976 3528 2168 3601 Magna

614 3610 843 3664 dulcedo
880 3621 969 3665 tua
1016 3623 1137 3675 est,
1189 3629 1352 3680 quam
1386 3617 1632 3670 recondis
1664 3626 1718 3671 et
1760 3634 1945 3674 servas
1992 3622 2165 3675 nobis.

616 3701 748 3755 illud
799 3703 966 3768 enim,
1003 3705 1346 3772 abscondisti,
1388 3717 1473 3762 est
1518 3710 1693 3778 quasi,
1746 3711 2040 3766 custodisti.
2105 3713 2171 3768 Ut

615 3794 777 3848 ctiam
815 3797 966 3862 illud,
1001 3797 1273 3851 abscondit
1300 3815 1380 3852 me
1402 3801 1457 3852 in
1481 3800 1813 3855 tabernaculo
1843 3819 1958 3858 suo.
1992 3802 2172 3858 Utitur

617 3895 796 3940 autem
834 3904 993 3953 voce,
1028 3889 1346 3944 abscondisti
1379 3907 1477 3961 pro
1522 3894 1830 3960 custodisti,
1861 3896 1987 3966 quia
2026 3898 2172 3966 quod

618 3977 967 4030 absconditur
990 3979 1310 4034 custoditur.
1350 3978 1628 4049 Perfecisti
1654 3984 1728 4036 eis
1759 3987 1848 4053 qui
1881 3997 2092 4054 sperant
2118 3990 2172 4041 in

621 4076 689 4120 te.
721 4065 887 4132 Quasi
916 4067 1080 4135 dicat,
1112 4069 1382 4140 perfeciin
1413 4071 1466 4126 in
1495 4081 1736 4142 tempore
1763 4079 2100 4146 congruenti.

686 4219 778 4275 21.
817 4221 1112 4275 Abscondes
1133 4239 1218 4276 eos
1246 4225 1301 4276 in
1323 4225 1628 4280 abscondito
1649 4228 1805 4295 faciei
1837 4237 1957 4283 tute.
1987 4229 2174 4286 Facies

2256 606 2365 645 σιν·
2392 591 2480 643 διὰ
2513 590 2619 660 γὰρ
2665 589 2836 659 θυμοῦ
2884 588 2977 640 καὶ
3022 584 3313 654 ἐπιθυμίας
3357 583 3445 634 τὸν
3479 581 3601 634 νοῦν
3647 580 3812 632 θανα-

2253 681 2451 734 τοῦσιν.

2334 773 2429 825 Ἑν
2450 773 2577 837 ταῖς
2606 773 2815 840 χερσίν
2841 786 2957 825 σου
2985 773 3037 823 οἱ
3063 767 3275 836 κλῆροι
3302 785 3440 837 μου.
3475 766 3537 818 Εἰ
3565 765 3660 817 καὶ
3692 765 3812 816 ἐπι-

2255 863 2594 916 ϐουλεύουσιν
2619 867 2666 915 οἱ
2694 863 2893 933 ἐχθροὶ,
2921 859 3356 920 ἐπιϐουλεύοντες
3380 856 3476 926 τὴν
3496 855 3675 924 ψυχήν
3709 869 3810 924 μου

2255 953 2455 1018 λαϐεῖν,
2491 953 2626 1006 ἀλλά
2664 954 2713 1006 οἱ
2757 951 2946 1023 κλῆροι
2989 967 3090 1021 μου
3131 947 3530 1018 πεφυλαγμένοι
3573 945 3706 998 εἰσὶν
3754 947 3813 996 ὲν

2254 1049 2374 1109 ταῖς
2411 1046 2563 1116 χερσί
2595 1061 2709 1109 σου,
2739 1043 2830 1107 οὓς
2865 1042 3161 1104 ἀποδώσεις
3197 1058 3285 1111 μοι
3318 1038 3458 1092 κατά
3490 1036 3698 1103 καιρὸν,
3727 1033 3816 1086 διὰ

2254 1138 2314 1190 τὸ
2345 1138 2436 1189 ἐπὶ
2468 1137 2548 1189 σοί
2582 1154 2648 1206 με
2675 1136 2930 1198 ἐλπίζειν.
2959 1135 3049 1188 Διὸ
3081 1134 3174 1188 κα)⁵
3203 1133 3389 1202 δέομαι
3419 1129 3510 1183 ἐπὶ
3546 1128 3638 1180 τοῦ
3671 1144 3818 1195 παρ-

2255 1228 2404 1292 όντος
2449 1228 2709 1299 ρυσθῆναι
2748 1230 2811 1281 ὲκ
2854 1228 2961 1280 τῶν
3013 1225 3220 1296 ἐχθρῶν
3275 1242 3393 1295 μου.
3444 1223 3668 1275 Ἐκεῖνοι
3718 1220 3817 1289 μὲν

2255 1315 2346 1372 οὖν
2375 1318 2744 1390 ἀθροισθέντες
2763 1318 2854 1371 τὸν
2881 1318 3010 1388 ἐμὸν
3037 1315 3324 1370 καττύουσι
3350 1315 3596 1367 θάνατον·
3625 1311 3735 1380 ἐγὼ
3757 1310 3818 1364 δὲ

2259 1411 2317 1462 σὲ
2351 1410 2479 1463 Θεὸν
2523 1408 2638 1462 οἶδα
2683 1411 2773 1462 καὶ
2821 1409 3098 1480 πρύτανιν.
3147 1407 3347 1461 Ῥῦσαι
3388 1422 3464 1475 με
3503 1405 3573 1458 ἐκ
3620 1403 3820 1472 χειρὸς

2256 1502 2481 1572 ἐχθρῶν
2503 1520 2620 1572 μου
2647 1503 2742 1556 καὶ
2767 1502 2834 1556 ἐκ
2865 1502 2981 1555 τῶν
3012 1499 3488 1554 καταδιωκόντων
3519 1514 3614 1565 με.
3645 1496 3820 1563 Φεῢγε

2257 1595 2353 1664 τὴν
2388 1594 2669 1664 πονηρίαν,
2717 1593 2878 1664 φησὶν
2915 1593 2944 1643 6
2983 1590 3326 1652 Ἀπόστολος·
3362 1591 3409 1641 εί
3453 1587 3544 1640 καὶ
3568 1585 3752 1639 διώκει
3782 1587 3817 1653 ἡ

2260 1684 2511 1755 πονηρία,
2546 1685 2727 1736 διώκει
2755 1683 2991 1754 δηλονότι
3016 1684 3109 1735 καὶ
3140 1685 3172 1751 ἡ
3207 1681 3438 1751 μοιχεία,
3471 1680 3564 1732 καὶ
3591 1680 3622 1748 ἡ
3657 1677 3819 1732 πλεο-

2260 1780 2429 1847 νεξια,
2462 1782 2553 1834 καὶ
2585 1783 2611 1832 6
2641 1782 2828 1850 θυμὸς,
2863 1783 2955 1833 καὶ
2985 1783 3016 1850 ἡ
3052 1781 3207 1850 ὀργή’
3241 1778 3308 1830 τὰ
3346 1777 3401 1829 δὲ
3431 1776 3594 1829 λοιπὰ
3620 1775 3789 1829 ἀπολέ

2190 1859 2228 1914 Β
2257 1872 2459 1926 λειπτο.

2339 1965 2666 2032 Ἐπιφανον
2705 1963 2772 2016 τὸ
2804 1963 3124 2030 πρόσωπόν
3163 1975 3278 2014 σου
3317 1960 3416 2014 ἐπὶ
3459 1961 3566 2014 τὸν
3594 1959 3823 2014 δοῦλόν

2258 2068 2393 2107 σου·
2428 2053 2633 2106 σῶσόν
2659 2071 2734 2121 με
2759 2054 2829 2106 ἐν
2856 2052 2936 2118 τῷ
2963 2053 3119 2107 ἐλέει
3157 2069 3292 2106 σου.
3326 2053 3435 2122 Τῆς
3469 2054 3576 2123 γὰρ
3603 2053 3702 2122 σῆς
3730 2069 3823 2121 μοι

2258 2142 2550 2212 γενομένης
2585 2142 2919 2210 ἐπιφανείας,
2949 2141 3018 2193 τὰ
3048 2142 3343 2212 σκυθρωπά
3387 2143 3696 2213 παραυτίκα
3726 2142 3824 2194 λυ-

2261 2236 2502 2306 θήσεται.
2537 2229 2701 2297 Οἷιτός
2733 2250 2840 2304 μοι,
2881 2235 3035 2303 φησὶ,
3100 2234 3257 2303 μόνος
3289 2235 3486 2305 τρόπος
3513 2235 3611 2304 τῆς
3645 2252 3824 2304 σωτη-

2263 2323 2401 2394 ρίας,
2431 2325 2478 2375 εί
2507 2323 2568 2375 τὸ
2595 2322 2684 2375 σὺν
2708 2323 2974 2392 ἐπιφάνῃς
3001 2323 3305 2392 πρόσωπον.

2329 2415 2524 2480 Κύριε,
2556 2413 2640 2480 μὴ
2669 2414 3201 2481 καταισχυνθείην,
3248 2414 3334 2467 ὅτι
3361 2415 3825 2484 ἐπεκαλεσάμην

2260 2519 2352 2558 σε.
2386 2503 2660 2557 Ἐντεῦθεν
2684 2505 3022 2575 μανθάνομεν
3044 2506 3118 2568 ὡς
3147 2505 3343 2576 πολλὴν
3367 2507 3625 2577 διαφορὰν
3653 2508 3828 2578 ἀμαρ-

2260 2596 2350 2648 τία
2380 2595 2514 2665 πρὸς
2546 2595 2797 2650 ἀσέϐειαν
2830 2598 2959 2666 ἔχει.
3004 2596 3093 2648 Διὸ
3127 2597 3219 2650 καὶ
3247 2599 3274 2648 6
3311 2599 3483 2667 μέγας
3519 2601 3827 2670 παρακαλεῖ

2262 2686 2421 2740 Δαυῒδ
2448 2686 2607 2740 αὐτὸν
2639 2687 2734 2758 μὲν
2760 2688 2858 2758 τῆς
2893 2687 2980 2741 διά
3019 2687 3116 2757 τὴν
3141 2688 3410 2759 ἁμαρτίαν
3452 2693 3826 2761 γεγενημένης

2262 2775 2520 2846 αἰσχύνης
2546 2777 2940 2847 ἀπαλλαγῆναι,
2970 2779 3095 2840 τοὺς
3123 2778 3179 2830 δὲ
3210 2780 3266 2830 ὲν
3292 2778 3577 2852 δυσσεϐείᾳ
3615 2781 3825 2845 συζῶν-

2259 2883 2359 2930 τας
2391 2869 2504 2936 μετ’
2538 2868 2797 2939 αἰσχύνης
2831 2868 2908 2940 τῷ
2937 2868 3151 2938 θανάτῳ
3183 2872 3644 2942 παραπεμφθῆναι

2337 2956 2559 3009 Ἀλαλα
2588 2955 2885 3024 γενηθήτω
2915 2957 2985 3009 τὰ
3016 2958 3186 3023 χείλη
3228 2958 3300 3010 τὰ
3334 2958 3524 3012 δόλια.
3557 2959 3824 3030 Εῠχομαι,

2263 3045 2446 3116 φησὶν,
2476 3047 2908 3117 ἀποκωφωθῆναι
2935 3049 3060 3109 τοὺς
3084 3047 3326 3118 ὲχθρούςο
3358 3050 3514 3103 τοῦτο
3555 3052 3610 3104 δὲ
3653 3053 3826 3118 ἔσται,

2263 3138 2311 3190 εἰ
2338 3137 2603 3208 ὲπιφάνῃς
2632 3138 2692 3191 τὸ
2722 3138 3008 3210 πρόσωπόν
3041 3156 3152 3193 σου.

2349 3228 2441 3293 Ὡς
2483 3227 2640 3281 πολὺ
2684 3228 2746 3281 τὸ
2797 3229 3028 3297 πλῆθος
3071 3230 3181 3297 τῆς
3230 3232 3633 3299 χρηστότητος
3676 3249 3827 3294 σου,

2267 3317 2474 3385 Κύριε]
2508 3318 2595 3381 Ὦς
2624 3318 2722 3389 ἥδη
2767 3317 2853 3371 διά
2897 3318 2989 3371 τοῦ
3024 3319 3334 3390 Πνεύματος
3368 3322 3790 3391 φωταγωγηθεὶς
3811 3361 3831 3386 ,

2269 3409 2396 3478 περὶ
2427 3407 2532 3460 τῶν
2567 3408 2836 3478 ἐσομένων
2877 3410 3220 3479 εὐχαριστίαν
3269 3412 3523 3483 ἀναφέρει
3584 3413 3743 3475 Ἐθος
3774 3413 3834 3467 δὲ

2267 3499 2345 3569 τῷ
2382 3498 2544 3551 Δαυῒδ
2579 3499 2672 3550 ἐπὶ
2716 3498 3027 3569 ἐκπλήξεως
3073 3499 3330 3563 πολλάκις
3374 3501 3670 3570 λαμϐάνειν
3701 3502 3831 3572 τὴν,

2269 3591 2383 3656 ὼς,
2428 3589 2639 3661 φωνὴν,
2674 3590 2792 3643 ἀντὶ
2832 3590 2948 3654 τοῦ,
2983 3591 3235 3660 σφόδρα.
3271 3591 3444 3663 Πολλή
3492 3610 3584 3644 σου
3623 3594 3770 3645 ἐστὶν
3796 3595 3831 3662 ή

2269 3682 2588 3752 χρηστότης,
2617 3682 2684 3752 ἦν
2703 3681 2980 3751 ταμιεύεις
3005 3683 3100 3735 καὶ
3124 3683 3405 3750 φυλάττεις
3436 3685 3587 3754 ἡμῖν’
3618 3683 3681 3736 τὸ
3702 3684 3835 3755 γάρ,

2268 3771 2554 3840 ἔκρυψας,
2580 3772 2700 3825 ἀντὶ
2732 3771 2848 3836 τοῦ,
2866 3771 3191 3839 ἐφύλαεας,
3209 3772 3283 3836 ὡς
3311 3774 3406 3826 καὶ
3433 3775 3492 3827 τό
3512 3791 3528 3806 ·
3571 3774 3840 3842 Ἕκρυψέ

2265 3879 2341 3931 με
2382 3863 2452 3915 ἐν
2494 3861 2694 3930 σκηνῇ
2741 3861 2945 3917 αυτοῦ.
2991 3862 3266 3934 Κέχρηται
3313 3863 3370 3916 δὲ
3407 3863 3503 3934 τῷ,
3542 3864 3834 3933 ἔκρυψας,

2270 3954 2390 4006 ἀντὶ
2418 3952 2530 4016 τοῦ,
2557 3951 2884 4022 ὲςεύλαξας,
2913 3954 3098 4025 ἐπειδὴ
3142 3955 3202 4006 τὸ
3230 3955 3607 4025 κεκρυμμένον
3633 3954 3838 4024 φυλάτ-

2274 4062 2439 4098 τεται.
2483 4043 2832 4114 Ἐεειργάσω
2877 4044 3000 4108 τοῖς
3032 4044 3378 4106 ἐλπίζουσιν
3415 4046 3513 4099 ἐπὶ
3551 4045 3644 4101 σέ.
3694 4047 3840 4099 ’Δντὶ

2271 4134 2383 4199 τοῦ,
2415 4135 2716 4206 ἐξειργάσω
2741 4139 2797 4191 ἐν
2824 4135 2998 4208 καιρῷ
3029 4134 3106 4206 τῷ
3135 4138 3483 4207 προσήκοντι.

2339 4229 2746 4294 Κατακρύψεις
2777 4226 2997 4292 αὐτοὺς
3028 4226 3096 4279 ἐν
3144 4227 3466 4295 ἀποκρύφῳ
3495 4226 3600 4280 τοῦ
3632 4237 3838 4296 ’προσ-

621 4320 745 4375 tua,
782 4311 990 4381 inquit,
1021 4321 1390 4384 tegumentum
1423 4318 1768 4384 sperantibus
1803 4318 1856 4371 in
1891 4327 1941 4372 te
1972 4316 2170 4373 laetum

2269 4316 2432 4371 ώπου
2449 4332 2584 4372 σου.
2604 4319 2676 4370 Τὸ
2692 4317 2976 4388 πρόσωπόν
3004 4335 3117 4380 σου,
3144 4318 3294 4387 φησι,
3340 4318 3512 4388 σκέπη
3542 4319 3653 4379 τοῖς
3682 4316 3838 4371 ἐλπί-

619 4411 720 4456 est.
755 4403 800 4456 Α
830 4404 1225 4458 conturbatione
1247 4407 1511 4460 hominum
1537 4418 1766 4478 proteges
1789 4426 1894 4474 eos,
1924 4410 1977 4462 in
2001 4411 2174 4464 taber-

2274 4405 2453 4470 ζουσιν
2499 4408 2590 4461 ἐπὶ
2629 4408 2686 4460 σὲ
2721 4408 2965 4479 γένηται.
3021 4407 3152 4460 Ἀπὸ
3207 4406 3471 4474 ταραχῆς
3514 4406 3843 4474 ἀνθρώπων

622 4495 812 4548 naculo
837 4505 924 4547 tuo
945 4514 978 4548 α
1005 4499 1415 4551 contradictione
1443 4500 1762 4569 linguarum.
1794 4501 1862 4556 Ut
1896 4513 2171 4572 tegumen-

2273 4499 2600 4565 σκεπάσεις
2669 4501 2889 4564 αὐτοὺς
2941 4500 3010 4552 ἐν
3064 4498 3265 4566 σκηνῇ
3323 4500 3441 4552 ἀπὸ
3496 4499 3843 4568 ἀντιλογίας

622 4595 757 4648 tum,
797 4585 990 4655 inquit,
1019 4601 1270 4660 conteges
1314 4603 1429 4655 eos,
1459 4589 1532 4643 ita
1576 4599 1633 4644 ut
1673 4608 1842 4661 neque
1881 4593 1947 4645 ab
1981 4592 2047 4647 iis
2079 4594 2172 4662 qui

2275 4588 2586 4658 γλωσσῶν.
2601 4590 2885 4660 Καθάπερ,
2905 4589 3088 4658 φησὶν,
3109 4589 3281 4657 σκέπη
3311 4589 3601 4650 σκεπάσεις
3619 4589 3840 4652 αὐτοὺς,

624 4677 787 4730 verbo
816 4679 949 4747 ipsis
983 4693 1175 4735 nocere
1201 4690 1442 4750 tentant,
1473 4697 1646 4753 neque
1681 4683 1746 4737 ab
1780 4683 1846 4738 iis
1874 4685 1966 4737 cui
1998 4686 2176 4755 operi-

2274 4681 2414 4734 ὥστε
2444 4683 2579 4752 μήτε
2603 4681 2706 4734 ὑπὸ
2737 4681 2844 4734 τῶν
2873 4681 3050 4749 λόγοις
3080 4681 3261 4742 αὐτοῖς
3299 4679 3713 4750 ἐπιχειρούντων
3742 4698 3844 4734 κα-

623 4768 726 4821 bus
753 4780 1086 4840 oppugnant,
1117 4785 1458 4842 superentur.

2275 4773 2618 4837 ταϐλάπτειν,
2654 4775 2787 4846 μήτε
2816 4773 2921 4826 ὑπὸ
2954 4774 3061 4827 τῶν
3092 4773 3271 4842 ἔργοις
3313 4772 3689 4842 πολεμούντων
3717 4774 3840 4827 ἀλί-

2278 4881 2531 4918 σκωνται.

2345 4957 2686 5027 Εὐλογητὸς
2712 4959 2923 5025 Κύριος
2943 4998 2956 5023 ,
2985 4958 3073 5010 ὅτι
3103 4958 3526 5025 ἑθαυμαστωσε
3569 4957 3635 5008 τὸ
3667 4956 3842 5021 ἕλεος

2277 5048 2461 5101 αὑτοῦ
2494 5049 2564 5102 ἐν
2608 5050 2778 5102 πόλει
2822 5047 3124 5116 περιοχῆς.
3153 5048 3227 5099 Δι’
3255 5046 3409 5116 ἐμοῦ,
3437 5057 3619 5115 φησιν,
3649 5048 3678 5097 6
3708 5046 3842 5110 Θεὸς

2279 5139 2534 5210 ἐδοξάσθη
2555 5156 2569 5170 ο
2619 5141 2730 5205 ὅτι,
2762 5142 2966 5211 μυρίων
3000 5139 3269 5209 πολεμίων
3305 5139 3434 5208 περὶ
3464 5138 3564 5207 ἐμὲ
3607 5139 3836 5190 συστάν-

2277 5251 2415 5299 των,
2463 5234 2557 5286 καὶ
2595 5232 2749 5302 δίκην
2795 5232 3032 5304 μεγάλης
3076 5233 3280 5293 πόλεως
3331 5231 3430 5301 τὴν
3483 5230 3619 5300 ἐμὴν
3663 5230 3842 5300 ψυχὴν

2280 5322 2584 5393 πολιορκεῖν
2613 5323 2982 5392 πειρωμένων,
3006 5323 3034 5373 6
3067 5321 3195 5390 ἐμὸς
3225 5320 3416 5390 φύλαξ,
3445 5322 3696 5391 φραγμὸν
3719 5323 3843 5390 ἐμοὶ

2281 5412 2605 5483 περιϐαλὼν,
2638 5414 2697 5464 τὸ
2723 5411 2867 5475 ἕλεος
2895 5411 3056 5464 αὑτοῦ
3092 5411 3396 5480 θαυμαστὸν
3429 5411 3641 5477 ἔδειξεν.

691 4951 780 5006 22.
824 4951 1133 5008 Benedictus
1165 4954 1440 5022 Dominus,
1464 4957 1710 5026 quoniam
1742 4955 2041 5025 miriﬁcavit
2077 4955 2176 5007 mi-

623 5043 963 5096 sericordiam
993 5061 1142 5097 suam
1169 5047 1296 5099 mihi
1328 5048 1383 5099 in
1425 5048 1634 5100 civitate
1667 5048 1892 5099 munita.
1938 5045 2038 5100 Per
2065 5061 2172 5109 me,

625 5133 833 5203 inquit,
892 5135 1032 5191 Deus
1081 5138 1413 5208 gloriﬁcatus
1466 5148 1580 5204 est,
1632 5139 1889 5208 quoniam
1940 5138 2176 5192 circum-

625 5227 849 5283 sistente
872 5244 956 5283 me
989 5230 1272 5285 innumera
1300 5231 1536 5287 hostium
1583 5231 1944 5297 multitudine,
1983 5240 2037 5286 et
2061 5232 2169 5284 aui-

629 5332 769 5371 mam
801 5335 975 5374 meam
1005 5336 1102 5375 ceu
1135 5337 1383 5393 magnam
1428 5324 1614 5377 urbem
1647 5323 1893 5377 obsidere
1928 5333 2174 5388 conante,

625 5410 719 5477 qui
765 5412 867 5463 mei
898 5421 1082 5467 custos
1118 5423 1201 5468 est
1229 5415 1370 5470 vallo
1416 5430 1502 5469 me
1549 5416 1819 5480 muniens,
1867 5414 2178 5469 misericor—

628 5499 770 5554 diam
805 5518 958 5556 suam
991 5505 1289 5560 mirabilem
1318 5507 1572 5561 ostendit.

697 5592 784 5646 25.
828 5592 940 5665 Ego
971 5605 1146 5650 autem
1173 5598 1286 5650 dixi
1319 5600 1371 5652 in
1399 5601 1610 5653 exces'su
1644 5601 1829 5656 utentis
1862 5617 2022 5654 mete:
2047 5599 2180 5653 Pro-

622 5687 793 5755 jectus
825 5702 958 5745 sum.
991 5685 1128 5741 Cum
1164 5692 1535 5760 mcmctipsum
1578 5692 1940 5758 ltumiliarem,
1985 5692 2177 5762 inquit,

699 5778 740 5810 "
773 5779 980 5835 Coloss.
1014 5795 1094 5846 ιιι,
1123 5780 1173 5835 8.

2364 5610 2504 5680 Ἐγὼ
2531 5610 2597 5662 δὲ
2625 5608 2794 5663 εἷπον
2837 5611 2906 5663 ἐν
2939 5609 3010 5674 τῇ
3041 5609 3322 5662 ἐκστάσει
3359 5624 3498 5677 μου’
3547 5609 3844 5678 Ἀττέρῤιμ-

2278 5725 2404 5776 μαι.
2452 5708 2744 5776 Ὀπηνίκα,
2794 5706 2983 5774 φησιν,
3025 5703 3338 5757 ἐταπείνουν
3384 5703 3612 5773 ἐμαυτὸν
3667 5706 3724 5758 ὲν
3781 5706 3846 5774 τῇ
