4034 6446
236 396 330 449 161

1315 395 1674 450 EXPOSITIO
1715 397 1779 450 lN
1817 399 2147 458 PSALMUM
2188 402 2374 457 XXXI.

3354 413 3454 467 162

231 509 499 581 γινομένῃ
531 525 616 579 μοι
645 509 915 570 ἐκστάσει,
949 510 1036 561 ὅτε
1063 509 1157 561 καὶ
1195 509 1464 580 ἐταράχθη
1502 514 1559 563 ἐν
1589 513 1742 582 θυμῷ

1845 523 1867 578 ι
1898 517 1951 567 in
1980 519 2390 584 superveniente
2422 517 2551 571 mibi
2583 519 2778 575 mentis
2802 536 3048 586 excessu,
3081 524 3298 594 quando
3322 541 3452 580 con-

231 601 506 671 ὀφθαλμός
540 619 660 671 μου,
698 602 980 672 ἐπέτριεον
1021 602 1253 671 ἐμαυτὸν
1282 604 1357 666 ὡς
1387 606 1792 676 ἀπερῤιμμένος

231 691 316 743 διὰ
351 692 448 761 τὴν
476 692 613 762 ἐμὴν
661 693 948 763 ἁμαρτίαν.
1003 693 1138 745 Ἀλλ’
1172 694 1281 761 ἐγὼ
1326 695 1424 765 μὲν
1466 697 1652 759 ταῦτα,
1686 715 1789 767 φη-

233 784 340 846 σὶν,
370 782 575 851 ελεγον,
606 784 669 835 σὺ
705 783 761 836 δὲ
787 784 816 834 ό
845 784 1221 856 φιλάνθρωπος
1243 786 1342 839 οὐκ
1372 786 1677 858 ἀπέρριψας
1701 789 1790 841 τὸν

231 870 322 922 σὺν
350 871 584 940 οἰκέτην.

311 960 677 1030 Ἆγαπήσατε
708 961 814 1015 τὸν
855 965 1100 1032 Κύριον,
1135 964 1355 1032 πάντες
1400 970 1454 1021 οί
1491 967 1645 1020 ὅσιοι
1686 969 1789 1022 αὐ-

228 1051 354 1104 τοῦ.
391 1051 591 1122 Τρέπει
635 1052 725 1107 τὸν
765 1053 919 1122 λόγον
962 1057 1040 1118 είς
1081 1056 1179 1127 τὴν
1227 1059 1426 1128 ἐτέρων
1473 1059 1786 1130 παραίνεσιν

224 1138 317 1205 ἀφ’
349 1131 425 1191 ὧν
460 1139 820 1210 εὐηργετήθη,
854 1143 978 1206 τοὺς
1010 1143 1200 1208 ἄλλους
1229 1147 1320 1198 ἐπὶ
1351 1147 1411 1199 τὸ
1452 1148 1786 1218 ἐξομολογεῖ-

225 1229 349 1281 σθαι
370 1231 715 1301 παρακαλῶν.
741 1233 851 1286 Καὶ
875 1235 1461 1305 ἀνταποδίδωσι¹τοῖς
1485 1241 1783 1309 περισσῶς

217 1319 504 1374 ποιοῦσιν
525 1323 956 1391 ὑπερηφανίαν.
1003 1328 1360 1399 Μακροθυμεῖ
1385 1332 1483 1401 μὲν
1520 1334 1549 1385 ό
1579 1309 1781 1404 Κύριος

215 1411 312 1462 ἐπὶ
355 1414 470 1474 τοῖς
518 1412 914 1486 ὑπερηφάνοις,
965 1421 1076 1482 τοῖς
1121 1420 1180 1473 δὲ
1224 1422 1495 1492 περισσῶς
1541 1424 1780 1479 ποιοῦσιν

216 1503 598 1574 ὑπερηφανίαν
633 1509 726 1558 καὶ
759 1508 1198 1564 ἀνταποδίδωσιν.

423 1597 731 1650 ΨΑΛΜΟΣ
759 1597 837 1663 τῷ
867 1601 1066 1665 Δαυῒὸ,
1094 1602 1418 1670 συνέσεως.
1444 1611 1573 1661 AA'.

841 1692 1164 1758 Ὑπόθεσις.

1896 606 2142 662 turbatus
2175 615 2258 662 est
2300 609 2355 662 in
2389 609 2468 663 ira
2515 609 2708 665 oculus
2742 627 2928 680 meus,
2978 629 3064 670 me
3111 615 3450 670 macerabant

1891 698 2048 766 quasi
2073 699 2277 767 peccati
2308 699 2413 754 mei
2442 714 2605 754 causa
2638 702 2931 772 projectus.
2962 702 3068 758 Sed
3097 720 3198 772 ego
3229 707 3448 776 quidem

1892 790 2003 844 haec
2030 790 2274 844 dicebam
2311 809 2326 846 ε
2361 800 2418 845 ιιι
2445 806 2572 846 vero
2619 793 2884 864 benignus
2923 811 3048 850 cum
3079 797 3179 862 sis,
3209 813 3317 853 non
3355 800 3448 854 ab-

1883 881 2060 950 jecisti
2087 878 2350 934 famulum
2377 890 2544 935 tuum.

1954 971 2043 1026 24.
2083 969 2300 1041 Diligite
2328 970 2631 1038 Dominum,
2669 990 2842 1027 omnes
2867 976 3037 1029 sancti
3071 976 3202 1045 ejus.
3229 975 3446 1033 Sermo-

1887 1077 2008 1116 nem
2051 1061 2317 1118 convertit
2341 1063 2407 1117 ad
2436 1063 2664 1119 aliorum
2694 1067 3148 1132 exhortationem,
3186 1084 3217 1122 a
3245 1069 3443 1138 quibus

1884 1152 2160 1209 beneﬁciis
2193 1162 2276 1208 est
2308 1152 2568 1218 aﬁ'ectus,
2621 1155 2759 1211 alios
2802 1158 2868 1210 ad
2917 1158 3282 1213 conﬁtendum
3316 1175 3443 1215 evo-

1883 1259 2033 1300 cans.
2062 1242 2132 1298 Et
2163 1245 2401 1298 retribuit
2422 1244 2750 1300 abundanter
2781 1248 3097 1315 facientibus
3120 1251 3438 1318 superbiam.

1883 1332 1982 1386 Diu
2006 1333 2223 1400 quidem
2255 1332 2448 1387 tolerat
2469 1331 2737 1388 Dominus
2762 1335 3050 1404 superbos,
3082 1343 3139 1388 at
3166 1337 3441 1391 abundan-

1881 1432 1963 1480 ter
1993 1423 2320 1480 facientibus
2349 1423 2662 1494 superbiam
2691 1426 2987 1495 promerita
3019 1426 3293 1481 retribuit.

2021 1598 2265 1654 PSALM
2274 1598 2361 1655 US
2391 1601 2493 1670 ipsi
2518 1599 2710 1665 David,
2739 1600 3052 1655 intellectus.
3078 1599 3237 1654 XXX
3243 1600 3292 1654 1.

2442 1691 2842 1760 Argumentum.

208 1779 322 1850 Τὴν
353 1779 722 1833 κακοπάθειαν
768 1782 930 1835 αὑτοῦ
977 1783 1076 1855 τὴν
1117 1784 1315 1856 πολλὴν
1345 1787 1744 1859 προδαλλόμενο

1875 1779 2171 1836 ιΕτυωησε
2216 1791 2270 1838 et
2305 1781 2637 1838 calamitates
2679 1781 2876 1836 multas
2927 1781 3084 1851 queis
3123 1781 3179 1836 in
3224 1781 3430 1853 agenda

281 1873 310 1924 6
345 1872 530 1937 Δαυῒδ,
565 1873 630 1944 ἢν
657 1876 712 1926 ἐν
738 1877 804 1945 τῇ
835 1875 1089 1946 μετανοίᾳ
1129 1875 1440 1948 ὑπέμεινεν,
1484 1882 1746 1953 μακαρίζε

1941 1875 2257 1944 paenitentia
2280 1873 2596 1944 perfunctus
2625 1881 2708 1928 est
2737 1888 3044 1944 proponens
3071 1871 3257 1935 David,
3302 1874 3431 1928 bea-

274 1963 405 2027 τοὺς
424 1965 523 2034 τῆς
548 1964 792 2033 ἀφέσεως
814 1967 1176 2036 τετυχηκότας
1199 1967 1286 2022 διὰ
1306 1969 1398 2022 τοῦ
1429 1970 1650 2042 λουτροῦ
1675 1977 1772 2044 τῆς

272 2054 711 2123 παλιγγενεσίας.
740 2057 1049 2125 Συνέσεως
1079 2059 1136 2112 δέ
1158 2063 1551 2134 ἐπιγέγραπται
1577 2066 1604 2116 ό
1632 2065 1768 2135 ψαλ-

274 2147 396 2216 μὸς,
426 2147 516 2201 διὰ
544 2146 605 2200 τὸ
643 2149 845 2220 ταύτης
893 2151 1123 2221 μάλιστα
1156 2153 1361 2206 δεῖσθαι
1404 2158 1529 2219 τοὺς
1555 2156 1766 2227 ἀνθρὼ-

267 2252 407 2299 πους
427 2253 441 2267 ο
474 2236 555 2289 ὅτι
593 2238 655 2308 δὴ
694 2239 895 2310 σφόδρα
926 2242 1298 2306 ἐκνενευκότες
1349 2245 1441 2298 ἐπὶ
1483 2245 1550 2299 τὰ
1583 2248 1729 2319 πάθη
1749 2290 1762 2316 ,

269 2327 460 2391 ἵπποις
485 2328 579 2381 καὶ⁵
604 2331 850 2399 ἡμιόνοις
879 2332 1310 2404 ἀπεικάσθησαν.

262 2419 555 2488 Μακάριοι
605 2416 692 2474 ὧν
743 2423 1056 2491 ἀφέθησαν
1102 2427 1163 2478 αι
1211 2426 1481 2494 ἀνομίαι,
1535 2428 1632 2481 καί
1677 2421 1763 2482 ὧν

1942 1975 2027 2021 tos
2059 1966 2182 2021 illos
2210 1967 2467 2035 praedicat
2502 1965 2594 2035 qui
2628 1982 2722 2036 per
2755 1966 3032 2020 lavacrum
3067 1967 3426 2035 regeneratio-

1939 2059 2024 2114 nis
2065 2059 2278 2114 veniam
2334 2067 2463 2113 sunt
2528 2060 2829 2114 consecuti.
2881 2058 3187 2115 Intellectus
3245 2069 3423 2114 autem

1936 2151 2178 2221 psalmus
2220 2150 2554 2215 inscribitur,
2581 2151 2706 2220 quia
2738 2151 2830 2204 illo
2867 2161 3024 2219 egent
3054 2151 3290 2205 maxime
3322 2152 3424 2206 lio-

1934 2242 2109 2298 mines
2134 2258 2147 2294 :
2178 2257 2301 2296 nam
2327 2242 2456 2296 dum
2481 2241 2762 2296 aﬁ‘eetibus
2792 2242 2912 2311 plus
2936 2257 3090 2311 σκιυο
3119 2242 3418 2314 indulgent,

1933 2335 2087 2403 equis
2116 2343 2170 2388 et
2198 2333 2360 2387 mulis
2390 2334 2594 2387 similes
2623 2332 2753 2387 facti
2784 2341 2931 2388 sunt.

1933 2425 1986 2479 1.
2047 2424 2199 2480 Beati
2246 2441 2468 2496 quorum
2517 2425 2750 2478 remissa:
2793 2433 2915 2477 sunt
2974 2424 3318 2494 iniquitates,
3369 2435 3417 2480 et

189 2510 706 2580 ἐπεκαλύφθησαν
728 2517 788 2566 αι
814 2515 1104 2583 ἁμαρτίαι.
1143 2517 1412 2586 Ἀφίενται
1441 2520 1540 2589 μὲν
1563 2523 1619 2573 αἱ
1648 2523 1746 2575 ἀνο

1858 2533 2079 2587 quorum
2106 2526 2238 2570 tecta
2273 2526 2393 2570 sunt
2440 2527 2673 2585 peccata.
2717 2515 3073 2570 Dimittuntur
3106 2517 3418 2585 iniquitates

193 2603 312 2675 μίαι
356 2603 442 2657 διὰ
490 2603 892 2674 βαπτίσματος,
928 2606 1382 2663 ἐπικαλύπτονται
1412 2611 1468 2664 δὲ
1498 2613 1758 2684 ἁμαρτίαι

185 2695 276 2747 διὰ
304 2695 402 2764 τῆς
426 2697 629 2768 πικρᾶς
658 2698 960 2767 μετανοίας.

254 2786 559 2854 Μακάριος
585 2787 739 2856 ἀνὴρ
787 2785 858 2844 οὗ
892 2791 964 2843 οὐ
998 2789 1085 2858 μὴ
1124 2792 1437 2860 λογίσηται
1483 2796 1517 2847 ό
1543 2795 1755 2862 Κύριος

181 2875 501 2944 ἁμαρτίαν,
523 2875 664 2930 οὐδὲ
687 2878 857 2930 ἔστιν
876 2879 946 2930 ἐν
975 2879 1055 2943 τῷ
1079 2881 1326 2949 στόματι
1349 2882 1532 2937 αὐτοῦ
1552 2883 1751 2952 δόλος.

181 2962 353 3030 Οὗτος
382 2967 490 3037 γὰρ
522 2967 736 3038 ἀληθῶς
776 2969 1064 3040 μακάριος,
1097 2973 1125 3024 ὁ
1155 2971 1249 3042 ὅλῃ
1282 2973 1476 3046 καρδίᾳ
1521 2993 1753 3048 προσερ-

176 3059 407 3129 χόμενος
449 3059 526 3128 τῷ
575 3059 715 3130 ἁγίῳ
763 3060 1115 3131 βαπτίσματι.
1152 3062 1247 3134 [Ὀ
1287 3064 1393 3134 γὰρ
1430 3066 1567 3135 μετά
1597 3067 1748 3121 δόλου

177 3147 597 3220 βαπτιζόμενος,
630 3153 764 3222 πρὸς
788 3153 865 3224 τῷ
910 3156 983 3225 μὴ
1018 3157 1200 3225 τυχεῖν
1225 3157 1322 3226 τῆς
1349 3157 1616 3227 ἀφέσεως,
1654 3161 1748 3213 καὶ
1774 3195 1816 3254 c

172 3245 353 3312 κρῖμα
384 3243 540 3315 ἐξει.]
584 3245 688 3297 Τοῦ
732 3246 915 3298 αὑτοῦ·
964 3248 1044 3311 τὸ,
1088 3248 1197 3313 ὅτι,
1232 3248 1334 3320 τῷ,
1385 3250 1741 3319 ἐπαλαιώθη,

173 3335 499 3399 ωναπτέον,
536 3337 603 3388 ἵν’
738 3338 865 3390 Ὅτι
909 3338 1243 3406 ἐπαλαιώθη
1287 3341 1356 3394 τὰ
1403 3340 1554 3395 ὀστᾶ
1589 3360 1740 3410 μου,

169 3427 290 3481 ἀπὸ
321 3428 430 3482 τοῦ
465 3428 698 3498 κράζειν
737 3447 814 3499 με
853 3430 1006 3498 ὅλην
1044 3430 1159 3500 τῆν
1188 3430 1432 3500 ἡμέραν.
1484 3433 1743 3504 Ἐσίγησα

170 3521 375 3589 μηκέτι
423 3523 604 3593 φωνὴν
639 3523 854 3592 ἀφεῖναι
900 3524 1212 3595 δυνάμενος.
1247 3523 1312 3576 Τί
1343 3525 1398 3578 δὲ
1426 3524 1671 3597 ἔκραξεν,
1705 3527 1737 3598 ἢ

163 3612 265 3684 τὴν
291 3612 619 3686 συγγνώμην
632 3617 730 3685 τῆς
749 3619 1023 3687 ἁμαρτίας
1050 3617 1247 3683 αίτῶν;

240 3705 363 3756 Ὅτι
403 3703 625 3773 ἡμέρας
670 3706 769 3759 καὶ
814 3707 1036 3770 νυκτὸς
1076 3708 1368 3776 ἐϐαρύνθη
1413 3711 1507 3762 ἐπ’
1555 3712 1660 3781 ἐμὲ
1697 3713 1735 3779 ἠ

163 3797 296 3864 Zet'p
342 3813 481 3850 σου.
526 3796 769 3865 Ἀγαθὸς,
805 3798 989 3869 φησὶν,
1030 3798 1104 3851 ὢν
1135 3798 1456 3863 ἐπαίδευσας
1496 3801 1736 3872 σφοδρῶς

161 3886 253 3940 διά
283 3885 387 3957 τῆς
414 3886 656 3950 παιδείας
689 3888 1028 3958 ἐπιστρέφων
1055 3889 1132 3951 είς
1167 3889 1454 3960 σωτηρίαν.
1503 3888 1737 3957 Ἐστρά-

160 3995 287 4047 φηγ
315 3980 404 4043 εὶς
427 3979 829 4045 ταλαιπωρίαν
855 3979 924 4030 ἐν
956 3978 1035 4044 τῷ
1063 3979 1401 4049 ἐμπαγῆναι
1422 3998 1523 4051 μοι
1549 3979 1732 4036 ἀκαν-

160 4072 293 4122 θαν.
330 4067 604 4120 Ἀκανθαν
626 4066 724 4137 τὴν
749 4068 1023 4138 ἁμαρτίαν
1048 4068 1228 4138 φησίν.
1249 4069 1306 4121 ’0
1334 4068 1389 4122 δὲ
1413 4070 1536 4133 νοῦς
1555 4064 1727 4134 οὗτοςο

171 4158 390 4230 Ἐπειδὴ
439 4157 712 4229 ἐνεπὰγη,
743 4158 907 4230 φησὶ,
942 4161 1008 4230 τῇ
1059 4158 1204 4230 ψυχῇ
1245 4176 1344 4230 μου
1389 4163 1422 4232 ὴ
1463 4161 1726 4232 ἁμαρτία,

157 4249 506 4321 ἐταλαιπώρη
515 4267 603 4306 σα.

229 4342 354 4408 Τὴν
403 4342 661 4411 ἀνομίαν
699 4360 818 4411 μου
867 4342 1179 4412 ἐγνώρισα.
1225 4343 1330 4396 Τὸν
1384 4345 1581 4414 τρόπον
1629 4344 1726 4415 τῆς

153 4432 596 4503 ἐξομολογήσεως
642 4430 910 4502 σημαίνει.
963 4427 1118 4483 Εἶπα
1174 4428 1545 4498 ἐξαγορεύσω
1597 4432 1723 4483 κατ’

1857 2626 1953 2680 per
1982 2610 2270 2679 baptisma,
2305 2618 2555 2680 teguntur
2599 2624 2694 2678 per
2724 2624 2967 2663 amaram
3021 2609 3412 2679 pwnitentiam.

1921 2788 1976 2841 2.
2016 2786 2211 2841 Beatus
2256 2787 2332 2841 vir
2379 2788 2465 2841 cui
2505 2804 2608 2841 non
2645 2787 2922 2854 imputavit
2953 2786 3209 2841 Dominus
3233 2805 3415 2858 pecca-

1856 2889 1986 2944 tum,
2027 2896 2118 2934 nec
2151 2887 2228 2932 est
2268 2880 2324 2932 in
2366 2896 2452 2933 ore
2499 2879 2612 2948 ejus
2653 2880 2825 2931 dotus.
2877 2876 2970 2932 Ille
3009 2895 3244 2949 namque
3291 2895 3414 2936 vere

1853 2971 2042 3025 beatus
2064 2971 2156 3039 qui
2184 2977 2298 3026 toto
2323 2971 2489 3025 corde
2519 2970 2725 3024 accedit
2753 2970 2819 3022 ad
2848 2980 3090 3023 sanctum
3120 2971 3406 3039 baptisma.

1853 3060 2007 3134 [Nam
2050 3063 2140 3132 qui
2186 3077 2307 3117 cum
2359 3063 2483 3118 dolo
2552 3063 2875 3132 baptizatur,
2923 3063 3133 3116 veniam
3187 3063 3408 3118 minimc

1850 3162 2193 3217 consecutus,
2218 3152 2426 3224 judicio
2470 3168 2686 3223 quoque
2712 3153 3105 3226 damnabitur.]
3134 3153 3288 3221 Quod
3321 3170 3410 3210 se-

1853 3247 2057 3317 quitur,
2086 3246 2362 3316 quoniam,
2391 3260 2512 3299 cum
2553 3244 2654 3297 hac
2681 3259 2831 3309 voce,
2860 3246 3293 3308 inveteraverunt,
3322 3253 3408 3300 est

1851 3337 2303 3401 connectendum,
2335 3346 2396 3390 ut
2438 3337 2704 3391 sententia
2731 3337 2836 3402 sit,
2881 3337 3123 3406 quoniam
3155 3340 3405 3390 invetera-

1849 3436 2029 3482 verunt
2050 3443 2168 3479 o*sa
2195 3443 2328 3480 mea.
2355 3425 2494 3478 Dum
2516 3426 2799 3482 clamarem
2825 3438 2936 3481 tota
2962 3429 3047 3481 die
3087 3426 3252 3484 Tacui
3277 3443 3400 3483 cum

1849 3536 1958 3584 non
2007 3535 2221 3589 possem
2257 3519 2491 3588 amplius
2518 3533 2702 3573 vocem
2735 3519 3000 3574 emittere.
3051 3517 3189 3585 Quid
3221 3533 3399 3574 autem

1846 3617 2116 3680 clamavit,
2149 3617 2252 3670 nisi
2281 3618 2494 3672 veniam
2527 3616 2732 3686 peccati
2762 3617 2997 3684 rogans?

1911 3710 1965 3763 4.
2006 3709 2266 3772 Quoniam
2307 3708 2391 3759 die
2437 3723 2500 3758 ac
2547 3717 2693 3760 nocte
2745 3718 2960 3776 gravata
3011 3715 3085 3760 est
3126 3718 3281 3773 super
3319 3722 3398 3760 me

1842 3819 2027 3856 manus
2055 3811 2164 3852 tua.
2195 3798 2394 3856 Bonus.
2425 3798 2619 3866 inquit,
2650 3814 2772 3852 cum
2802 3799 2902 3860 sis,
2930 3798 3047 3853 dire
3081 3808 3134 3852 et
3158 3799 3396 3866 graviter

1839 3912 1927 3950 me
1956 3890 2252 3962 castigasti,
2284 3898 2344 3944 ut
2383 3889 2448 3943 ad
2487 3889 2713 3943 salutem
2757 3888 3073 3943 adduceres.
3107 3888 3393 3943 Conversus

1838 4003 1954 4042 sum
1984 3987 2036 4050 in
2064 3998 2301 4039 terumna
2331 3982 2456 4035 dum
2482 3980 2761 4050 conﬁgitur
2784 3981 2956 4049 spina.
2984 3979 3205 4048 Spinam
3236 3989 3394 4034 vocat

1835 4083 2138 4149 peccatum.
2189 4073 2314 4129 Haec
2358 4081 2440 4127 est
2494 4081 2674 4127 autem
2720 4071 2987 4127 sententia
3038 4089 3051 4125 :
3098 4069 3388 4141 Postquam

1834 4172 2106 4226 conﬁxum
2146 4175 2230 4222 est
2271 4165 2466 4220 anima
2504 4179 2638 4219 mea;
2683 4172 2986 4233 peccatum,
3031 4165 3086 4217 in
3131 4163 3391 4219 aerumnis

1831 4269 2077 4318 versatus
2102 4273 2244 4314 sum.

1900 4353 1954 4407 5.
1995 4350 2256 4404 Delictum
2306 4362 2474 4400 meum
2527 4343 2792 4414 cognitum
2839 4342 2936 4396 tibi
2987 4341 3108 4410 feci.
3165 4342 3382 4398 Modum

1828 4441 2188 4500 confessionis
2230 4438 2516 4510 signiﬁcat.
2561 4434 2680 4488 Dixi
2705 4450 2724 4488 :
2767 4432 3065 4503 Conﬁtebor
3109 4434 3384 4489 adversum

148 4524 296 4594 ἐμοῦ
334 4523 452 4590 τὴν
473 4523 747 4591 ἀνομίαν.
773 4523 1008 4587 Δίκαιος
1050 4521 1265 4574 ἑαυτοῦ
1298 4520 1624 4590 κατήγορος
1655 4522 1723 4573 ὲν

1845 4552 1908 4590 ne
1939 4531 2275 4604 injusr‘tiam.
2302 4528 2488 4583 Justus
2515 4528 2568 4581 in
2595 4527 2854 4597 principio
2883 4526 3135 4579 sermonis
3165 4543 3379 4580 accusa-

147 4614 542 4684 πρωτολογίᾳ.
577 4614 683 4667 Καὶ
729 4615 851 4683 λέγε
898 4614 986 4682 σὺ,
1019 4614 1173 4684 φησι,
1202 4614 1299 4676 τὰς
1326 4612 1595 4684 ἁμαρτίας
1625 4629 1718 4667 σου

147 4711 390 4782 πρῶτος.

225 4799 402 4867 ’Υπὲρ
434 4799 657 4866 ταύτης
682 4795 1072 4865 προσεύξεται
1100 4794 1249 4863 πρὸς
1281 4793 1356 4846 σὲ
1382 4792 1498 4859 πᾶς
1530 4792 1716 4860 ὅσιος.

154 4891 333 4962 ’Υπὲρ
380 4889 481 4958 τῆς
531 4891 682 4960 ἐμοὶ,
747 4888 898 4959 φησὶ,
954 4884 1393 4956 συγχωρηθείσης
1449 4884 1719 4954 ἁμαρτίας

141 4985 378 5046 ἕκαστος
422 4981 528 5034 τῶν
569 4981 728 5034 ὁσίων
771 4997 852 5033 σοι
897 4977 1126 5044 εὔξεται.
1165 4976 1268 5030 Δύο
1299 4976 1354 5029 δὲ
1398 4976 1487 5030 διά
1514 4976 1718 5031 τούτων

144 5074 424 5145 σημαίνει*
456 5072 489 5144 ἢ
517 5073 599 5124 ὅτι
629 5070 931 5140 ὑπόδειγμα
959 5071 1092 5122 πᾶσι
1121 5067 1404 5138 μετανοίας
1432 5067 1646 5139 ἔσομαι,
1681 5067 1714 5138 ἢ

143 5160 665 5236 προφητικώτερον,
711 5161 798 5214 διὰ
849 5161 910 5213 τὺ
969 5159 1027 5226 ἐξ
1070 5158 1232 5212 αὑτοῦ
1287 5157 1379 5211 τοῦ
1424 5157 1713 5229 προσώπου

141 5255 308 5311 Δαυῖδ
357 5253 536 5307 πάντα
580 5252 648 5305 τα
687 5251 811 5323 ἔθνη
855 5250 994 5304 κατά
1033 5250 1255 5320 καιροὺς
1283 5249 1713 5318 ἐξομολογεῖσθαι

142 5350 284 5421 ὑπὲρ
315 5348 418 5418 τῆς
458 5346 732 5418 ἁμαρτίας
775 5345 956 5399 αυτοῦ.
997 5343 1170 5410 Πλὴν
1211 5344 1280 5397 ἐν
1313 5346 1714 5412 κατακλυσμῳ

1824 4639 1906 4682 tor
1935 4634 2010 4680 est
2043 4625 2125 4678 sui
2150 4623 2214 4688 “,
2244 4631 2298 4676 tu
2323 4621 2490 4690 prior,
2515 4619 2727 4689 inquit,
2751 4625 3000 4672 enarrato
3029 4625 3243 4687 peccata
3269 4627 3379 4670 tua.

1889 4776 1940 4831 6.
1988 4773 2093 4828 Pro
2119 4773 2217 4827 hac
2243 4773 2411 4828 orabit
2445 4773 2514 4825 ad
2548 4781 2597 4825 te
2621 4771 2788 4824 onmis
2817 4781 3053 4827 sanctus.
3094 4769 3201 4826 Pro
3224 4772 3377 4827 venia

1818 4866 2045 4939 peccati,
2077 4865 2273 4934 inquit,
2297 4863 2430 4918 mihi
2456 4877 2737 4927 concessa,
2768 4863 2949 4917 omnis
2978 4871 3200 4918 sanctus
3233 4863 3297 4918 ad
3327 4874 3380 4918 te

1818 4959 2015 5016 orabit.
2085 4955 2203 5011 Duo
2252 4966 2432 5011 autem
2483 4956 2632 5010 hisce
2673 4955 2854 5010 verbis
2911 4954 3181 5025 signiﬁcat
3231 4974 3244 5010 :
3293 4956 3374 5009 vel

1817 5046 2071 5103 omnibus
2092 5045 2420 5116 paenitentia:
2434 5044 2706 5114 exemplar
2729 5059 2824 5100 ero
2843 5061 2858 5111 ;
2879 5046 2962 5101 vel
2987 5046 3132 5115 quod
3158 5045 3224 5099 ad
3250 5061 3377 5116 pro-

1817 5138 2012 5209 phetiae
2039 5139 2304 5193 rationem
2347 5137 2522 5206 magis
2545 5137 2774 5202 accedit,
2801 5137 2930 5207 quia
2958 5136 3200 5191 futurum
3231 5149 3373 5193 esset

1815 5243 1872 5289 ut
1901 5249 1968 5288 ex
2001 5247 2229 5303 persona
2255 5230 2620 5301 ipsiusDavid
2651 5245 2841 5287 omnes
2863 5243 3052 5300 gentes
3085 5231 3201 5287 suis
3243 5242 3373 5287 tern-

1812 5326 2035 5396 poribus
2076 5324 2460 5380 conﬁterentur
2505 5338 2604 5394 pro
2649 5332 2872 5394 peccato
2917 5322 3056 5392 ejus.
3120 5320 3370 5391 (Scilicet

1811 5420 1946 5473 lauru:
1991 5418 2258 5472 recitando
2306 5417 2623 5487 psalmum.)
2677 5415 3037 5471 Verumtamen
3085 5415 3139 5468 iu
3173 5413 3371 5468 diluvio

1811 5526 2069 5581 aquarum
2135 5513 2424 5564 multarum
2475 5510 2542 5563 ad
2585 5525 2702 5562 eum
2753 5523 2856 5562 non
2908 5505 3363 5576 approaimabunt.

1808 5601 2190 5658 Paenitentiam
2224 5609 2468 5671 agentem
2489 5641 2504 5667 ,
2551 5601 2762 5674 inquit,
2792 5597 3081 5653 multitudo
3112 5604 3363 5654 tentatu-

1809 5712 1936 5753 num
1973 5711 2078 5751 non
2113 5697 2323 5752 obruet.

139 5441 376 5496 ὑδάτων
403 5438 650 5493 πολλῶν
694 5438 842 5506 πρὸς
885 5436 1073 5490 αὐτὸν
1105 5437 1214 5489 οὐκ
1252 5434 1576 5504 ὲγτιοῦσιν.
1609 5434 1712 5487 Τὸν

145 5531 533 5604 μετανοοῦντα,
586 5531 752 5602 φησὶ,
819 5528 1018 5599 πλῆθος
1069 5526 1388 5599 πειρασμῶν
1440 5525 1538 5579 οὐκ
1589 5528 1710 5578 ἐπι-

142 5644 235 5678 χλιι
245 5643 347 5680 σει.

204 5828 246 5862 ⁸³
276 5822 436 5878 Prov.
473 5835 626 5886 mn,
652 5819 737 5872 Π.
