4034 6454
608 416 710 471 166

1443 414 1502 470 S.
1545 413 1909 469 ATHANASII
1956 413 2105 469 OPP.
2149 409 2325 467 PARS
2361 410 2447 466 lll.
2487 439 2553 451 —
2591 411 2999 468 EXEGETICA.

3729 416 3837 471 164

678 529 727 582 7.
756 527 831 581 Tu
863 544 914 582 es
938 528 1192 597 refugium
1224 543 1414 592 meum,
1438 537 1542 581 etc.
1570 528 1703 580 Cum
1739 528 1825 581 illa
1860 528 1925 581 de
1950 536 2169 595 peccato
2199 578 2200 583 η

2341 527 2423 578 Σύ
2462 543 2580 593 μου
2626 524 2955 594 καταφυγή.
3005 526 3214 578 Ἐκεῖνα
3260 526 3386 597 περὶ
3426 528 3525 598 τῆς
3559 529 3837 603 ἁμαρτιας

605 620 851 682 dixisset,
887 629 1041 688 rogat
1077 634 1105 672 a
1152 618 1309 672 malis
1349 632 1446 687 per
1485 633 1604 670 eam
1653 617 1877 671 invectis
1906 618 2061 685 cripi.
2106 616 2169 671 Et

606 724 735 764 vero
779 710 1010 779 gratiosa
1051 709 1211 761 datur
1255 707 1535 776 responsio
1580 725 1592 759 :
1644 708 1718 759 ait
1765 708 1907 760 enim
1956 708 2028 760 illi
2078 706 2169 760 be—

608 802 804 871 nignus
838 799 1096 854 Dominus
1122 819 1134 852 ε
1164 798 1494 852 Intellectum
1530 798 1627 853 tibi
1656 800 1812 863 dabo,
1835 810 1878 850 et
1912 800 2167 851 instruant

611 902 659 946 te
691 894 742 945 in
776 894 860 947 ria
892 894 1010 944 hac.
1059 891 1264 945 Potenti
1295 892 1663 946 liberationem
1709 892 1776 944 ab
1812 892 2044 945 inimicis
2085 906 2167 942 re-

610 984 834 1051 spondet
862 982 1024 1045 Deus,
1060 983 1377 1051 promittens
1405 997 1462 1036 se
1503 982 1577 1034 illi
1607 981 1657 1033 in
1690 981 1770 1033 via
1808 990 1951 1034 recta
1977 980 2166 1034 ducem

612 1073 872 1127 futurum.

679 1162 731 1216 9.
774 1161 952 1216 Nolite
982 1162 1097 1229 ﬁeri
1121 1162 1257 1214 sicut
1282 1177 1441 1231 equus
1477 1168 1523 1213 et
1550 1160 1741 1222 mulus,
1768 1158 1950 1229 quibus
1974 1174 2073 1212 non
2093 1167 2168 1212 est

608 1253 920 1307 intellectus.
972 1252 1227 1306 Hortatur
1271 1262 1583 1320 peccantes,
1631 1266 1695 1303 ne
1740 1267 1797 1304 se
1836 1251 2073 1305 eﬂ'eratis
2117 1257 2170 1302 et

610 1341 861 1394 bellninis
903 1340 1145 1394 moribus
1187 1340 1404 1393 dedant.
1445 1338 1510 1392 In
1542 1356 1688 1392 canto
1719 1349 1765 1393 et
1800 1341 1946 1409 freno
1978 1338 2169 1392 maxil-

610 1432 691 1485 las
750 1448 927 1486 eorunt
982 1434 1325 1502 constringes.
1382 1433 1492 1486 Ceu
1543 1433 1607 1485 ad
1656 1433 1941 1486 Dominum
1993 1445 2171 1486 sermo

610 1520 877 1591 dirigitur.
938 1521 1257 1591 llnjusmodi
1318 1532 1494 1577 autem
1561 1524 1823 1576 sententia
1877 1532 1959 1576 est
2004 1541 2015 1575 :
2066 1521 2170 1576 Eos

610 1614 702 1682 qui
748 1615 1009 1683 paenitere
1057 1616 1364 1681 noluerint,
1416 1630 1513 1668 ceu
1560 1615 1793 1683 quodam
1828 1614 1978 1669 freno
2015 1614 2081 1667 ad
2121 1621 2171 1667 te

612 1716 884 1760 converte.

612 1791 951 1850 PSALMUS
991 1795 1189 1861 David,
1221 1797 1311 1866 qui
1352 1806 1493 1848 caret
1536 1796 1688 1848 titulo
1721 1796 1859 1863 apud
1904 1794 2167 1849 Ilebrceos.

1270 1883 1519 1938 XXXII.

1194 1976 1593 2045 Argumentum.

613 2063 669 2117 In
706 2066 955 2134 presenti
1006 2064 1163 2120 docet
1208 2080 1303 2120 eos
1334 2066 1425 2134 qui
1465 2067 1576 2135 jam
1612 2065 1665 2119 in
1692 2066 1967 2120 Christum
1998 2066 2171 2120 credi-

683 2154 877 2210 derunt
920 2157 1136 2210 laudare
1185 2154 1472 2209 Dominum
1517 2170 1705 2217 suum,
1738 2167 2172 2210 commonstrans

687 2256 943 2314 pra-terea
994 2246 1277 2315 potestatis
1311 2261 1422 2300 sua:
1470 2246 1876 2311 excellentiam;
1918 2246 2172 2314 quoniam

685 2338 799 2405 ipse
839 2337 1144 2405 redemptor
1185 2346 1267 2389 est
1298 2336 1670 2389 universorum
1699 2376 1713 2399 ,
1749 2336 1862 2404 ipse
1893 2334 2173 2397 Dominus,

688 2428 803 2495 ipse
852 2428 1130 2496 improbos
1179 2428 1332 2481 nihili
1379 2426 1540 2491 facit,
1576 2442 1872 2496 eorumque
1910 2427 2176 2480 disturbat

682 2518 942 2583 consilia;
968 2527 1245 2586 sperantes
1280 2527 1459 2571 autem
1495 2518 1550 2571 in
1582 2532 1640 2570 se
1671 2517 1849 2571 salvos
1886 2515 2032 2572 facit.

688 2607 739 2661 1.
784 2606 1063 2662 Exsultate
1086 2647 1100 2671 ,
1126 2609 1297 2678 justi,
1322 2610 1378 2661 in
1403 2608 1697 2662 Domino...
1730 2610 1786 2661 in
1810 2609 2059 2676 psalteria
2086 2608 2177 2662 de-

616 2715 726 2752 cem
749 2699 1066 2753 chordarum
1103 2700 1311 2770 psallite
1340 2700 1438 2753 illi.
1465 2698 1785 2754 Psalterium
1811 2700 1991 2754 decem
2017 2700 2178 2753 chor-

617 2794 815 2849 (larum
866 2808 1065 2862 corpus
1110 2800 1266 2847 vocat
1312 2810 1325 2844 :
1382 2792 1579 2862 quippe
1629 2792 1773 2861 quod
1819 2791 2058 2861 quinque
2108 2791 2180 2845 sit

618 2884 870 2938 sensibus
914 2884 1233 2953 praeditum,
1268 2893 1321 2937 et
1364 2883 1510 2951 quod
1545 2883 1788 2951 quinque
1836 2884 2178 2951 operationes

618 2974 798 3028 anima
829 2975 1041 3035 habeat,
1072 2990 1167 3043 per
1193 2973 1434 3044 singulos
1464 2988 1698 3043 namque
1728 2988 1923 3029 sensus
1955 2974 2180 3045 singulae

619 3065 962 3133 operationes
992 3066 1320 3119 excitantur.

689 3155 743 3209 3.
781 3153 1000 3209 Cantate
1029 3156 1077 3209 ei
1104 3156 1366 3208 canticum
1393 3172 1599 3210 novum.
1625 3157 1821 3227 Aperte
1848 3155 1979 3211 dicit
2007 3156 2177 3225 legem
2206 3197 2248 3255 ϐ

620 3244 784 3302 Hosis
818 3247 974 3301 tinem
1001 3248 1296 3316 accepisse.

690 3336 745 3391 4.
789 3337 926 3401 Quia
952 3349 1147 3389 rectum
1177 3345 1254 3389 est
1276 3334 1489 3389 verbum
1518 3335 1751 3390 Domini.
1799 3336 2179 3408 Evangelicum

621 3426 887 3481 videlicet.
935 3430 1003 3480 Et
1030 3428 1205 3480 omnia
1235 3444 1392 3498 opera
1434 3427 1547 3498 ejus
1577 3429 1631 3481 in
1656 3430 1779 3497 ﬁde.
1814 3429 2179 3493 Credendum,

622 3516 818 3586 inquit,
859 3515 925 3571 iis
953 3531 1074 3586 qua:
1100 3517 1209 3581 ille,
1247 3517 1487 3572 utDeum
1516 3517 1763 3581 decebat,
1795 3527 2057 3587 operatus
2072 3531 2177 3574 est.

688 3696 742 3750 5.
784 3693 971 3763 Diligit
1029 3696 1440 3749 misericordiam
1502 3705 1552 3750 et
1593 3697 1860 3767 judicium
1901 3698 2178 3753 Dominus.

620 3785 766 3851 llaec,
798 3786 1011 3857 inquit,
1047 3789 1281 3855 postulat
1319 3788 1387 3843 ab
1416 3789 1483 3844 iis
1509 3791 1603 3859 qui
1635 3791 1865 3845 credunt
1893 3791 1947 3845 in
1979 3792 2177 3862 ipsum.

622 3879 991 3933 Misericordia
1019 3879 1232 3934 Domini
1264 3882 1418 3950 plena
1448 3892 1525 3937 est
1564 3892 1725 3936 terra.
1762 3880 2060 3939 Ostendere
2094 3885 2181 3939 in-

618 3972 750 4041 cipit
772 3972 948 4040 ipsum
972 3987 1151 4027 rerum
1178 3975 1423 4028 omnium
1446 3983 1753 4030 creatarum
1776 3974 2020 4046 Opiﬁcem
2038 3990 2179 4039 esse,

619 4072 673 4117 et
712 4063 927 4132 quidem
976 4063 1211 4133 primum
1258 4074 1416 4119 terra:
1455 4080 1616 4133 quam
1667 4064 2038 4122 misericordia
2092 4080 2181 4119 re—

619 4152 796 4223 plesse
825 4152 901 4206 ait
940 4168 954 4205 :
1004 4168 1179 4222 neque
1222 4155 1366 4209 enim
1412 4156 1545 4210 alias
1596 4156 1948 4222 consisteret,
1979 4156 2084 4209 nisi
2117 4170 2180 4209 ea

620 4244 821 4312 repleta
851 4253 1014 4300 esset.
1049 4243 1115 4299 Et
1158 4260 1289 4301 sane
1330 4262 1505 4316 neque
1538 4247 1663 4302 cmli
1710 4261 1947 4316 unquam
1976 4247 2182 4300 consti-

620 4336 814 4390 tissent
834 4376 851 4402 ,
878 4335 982 4390 nisi
1011 4336 1175 4391 verbo
1203 4336 1321 4407 ejus
1350 4336 1548 4392 ﬁrmati
1588 4338 1847 4404 fuissent,
1888 4337 2181 4407 itidemque

617 4424 845 4479 virtutes
869 4438 1055 4480 eorum
1075 4463 1091 4489 ,
1126 4439 1319 4495 nempe
1347 4425 1541 4481 divine
1571 4436 1625 4480 et
1655 4425 2020 4482 rationabiles.

686 4596 899 4668 [Diligit
949 4598 1129 4668 itaque
1181 4596 1607 4653 misericordiam
1642 4611 1767 4668 erga
1815 4596 2171 4666 pcnnitentcs;

617 4688 791 4759 diligit
817 4688 1081 4759 judicium
1115 4704 1303 4744 eorum
1346 4690 1439 4758 qui
1480 4704 1706 4759 peccare
1735 4703 1843 4742 non
1883 4688 2171 4743 desistunt.

620 4778 749 4833 Tale
781 4780 1054 4849 quidpiam
1086 4778 1253 4835 Isaias
1277 4778 1385 4835 Deo
1412 4780 1673 4849 loquitur,
1708 4777 1849 4844 Quia
1879 4780 2176 4832 misericor-

616 4870 710 4923 dia
736 4880 826 4922 tua
852 4871 907 4923 in
928 4886 1228 4925 mensuram
1254 4871 1297 4903 "
1324 4888 1336 4925 :
1371 4870 1639 4941 siquidem
1675 4871 1790 4940 ipse
1815 4884 1939 4923 cum
1970 4869 2175 4939 judicio

616 4960 1044 5015 misericordiam
1090 4968 1345 5031 praestat,
1397 4963 1450 5017 in
1484 4963 1721 5032 pondere
1746 4970 1799 5016 et
1826 4976 2055 5016 numero
2091 4976 2175 5015 re-

617 5051 858 5107 tribuens
888 5067 985 5122 pro
1013 5053 1278 5123 cujusque
1304 5052 1546 5126 merito.]

683 5144 735 5197 6.
789 5145 952 5200 Verbo
976 5146 1191 5200 Domini
1214 5148 1327 5200 caeli
1357 5149 1559 5217 firmati
1588 5158 1727 5203 sunt.
1755 5147 1821 5202 Et
1850 5148 1937 5203 hic
1956 5164 2175 5220 quoque

615 5250 800 5294 sancta
827 5240 1065 5297 Trinitas
1088 5242 1415 5298 declaratur.
1437 5242 1507 5296 Et
1530 5245 1717 5313 spiritu
1744 5245 1850 5297 oris
1870 5244 1982 5313 ejus
2004 5246 2173 5297 onmis

613 5332 779 5384 uirtus
825 5348 1026 5386 eorum.
1070 5335 1143 5388 Us
1183 5332 1277 5388 Dei
1315 5331 1574 5404 Spiritum
1609 5345 1857 5390 sanctum
1888 5337 2020 5392 dicit
2050 5355 2063 5390 :
2096 5336 2168 5389 si-

613 5424 831 5493 quidem
864 5426 1133 5493 prophetze
1178 5440 1300 5479 cum
1334 5441 1398 5480 eo
1444 5427 1656 5481 afﬂante
1685 5428 2056 5497 loquerentur,
2091 5429 2175 5483 di-

612 5515 892 5581 cebant",
919 5516 1165 5583 quoniam
1199 5532 1255 5568 os
1292 5517 1502 5570 Domini
1535 5520 1643 5573 [nec
1668 5520 1899 5573 locutum
1930 5529 2027 5573 est.

682 5688 732 5742 7.
776 5689 1104 5762 Congregans
1133 5697 1267 5749 sicut
1301 5698 1352 5751 in
1382 5710 1493 5754 utre
1529 5716 1693 5770 aquas
1721 5704 1903 5759 maris.
1933 5702 2174 5773 Congre-

682 5802 726 5834 ⁶⁹
754 5801 855 5861 lsa.
889 5821 1078 5873 xxvnt,
1117 5809 1201 5863 Π.
1281 5812 1323 5843 ⁷⁸
1359 5810 1462 5867 lsa.
1498 5829 1534 5882 ι,
1558 5814 1647 5872 (ιο.

2267 613 2537 684 εἰρηκὼς,
2586 615 2814 667 ίκετεύει
2871 615 2977 667 τῶν
3033 615 3121 669 διά
3175 617 3379 688 ταύτην
3436 621 3838 691 ἐπενεχθέντων

2271 702 2646 771 ἀπαλλαγῆναι
2695 704 2900 757 κακῶν.
2935 705 3041 756 Καὶ
3079 704 3257 773 μέντοι
3296 708 3388 759 καὶ
3430 709 3687 778 τυγχάνει
3733 710 3838 779 τῆς

2268 792 2638 861 ἀποκρίσεως·
2677 793 2820 861 λέγει
2874 793 2981 863 γὰρ
3050 794 3186 865 πρὸς
3242 796 3400 849 αὑτὸν
3455 799 3839 869 φιλάνθρωπος

2269 881 2469 951 Κύριος
2491 899 2503 911 ’
2541 882 2794 935 Συνετιῶ
2819 898 2891 937 σε
2944 884 3036 936 καί
3072 885 3334 952 σιιμὸιόῶ
3362 903 3435 940 σε
3460 889 3529 941 ἐν
3557 889 3675 955 ὀδῷ
3699 894 3843 945 ταύ-

2268 988 2360 1038 τῃ.
2389 971 2682 1041 Εύξαμένῳ
2707 971 2973 1042 λύτρωσιν
3001 972 3208 1043 ἐχθρῶν
3234 974 3649 1042 ἀντιφθέγγεται
3678 976 3836 1041 Θεὸς,

2268 1062 2546 1131 ὁδηγήσειν
2575 1063 3031 1133 ἐπαγγελλόμενος
3056 1064 3113 1115 ἐν
3145 1064 3326 1133 εὐθείᾳ
3362 1064 3483 1133 ὀδῷ.

2338 1153 2449 1220 ΜὴΔ
2478 1154 2750 1222 τίνεσθαι
2791 1156 2870 1219 ὠς
2918 1155 3100 1220 ἵππος
3141 1155 3237 1207 καὶ
3278 1156 3559 1223 ἡμίονος,
3588 1151 3679 1221 οἷς
3728 1159 3843 1213 οὐκ

2271 1244 2401 1299 ἔστι
2447 1246 2719 1310 σύνεσις.
2763 1246 3074 1316 Εἰσηγεῖται
3123 1250 3235 1309 τοῖς
3285 1248 3686 1317 ἁμαρτάνουσι.
3726 1254 3844 1313 τοῖς

2272 1333 2486 1397 ἀλόγοις
2523 1334 2597 1405 μὴ
2638 1333 2897 1387 ἐκδιδόναι
2934 1336 3127 1399 αὐτοὺς
3154 1336 3368 1390 πάθεσι.
3415 1337 3510 1389 Ἐν
3540 1337 3706 1407 κτιμῷ
3741 1340 3841 1392 καὶ

2271 1421 2497 1491 χαλινῷ
2529 1423 2635 1487 τὰς
2660 1425 2946 1491 σιαγόνας
2972 1423 3169 1477 αὐτῶν
3197 1424 3418 1493 ἇγεεις.
3458 1425 3544 1487 Ὠς
3573 1427 3709 1497 πρὸς
3748 1427 3843 1479 τὸν

2272 1513 2475 1585 Κύριον
2498 1515 2525 1567 ὁ
2556 1513 2728 1582 λόγος.
2765 1515 2829 1568 "O
2862 1514 2918 1567 δὲ
2950 1515 3117 1583 λέγει,
3154 1514 3387 1569 τοιοῦτόν
3424 1517 3561 1569 ἐστι·
3586 1517 3725 1580 Τοὺς
3767 1516 3842 1586 μὴ

2275 1604 2625 1674 βουλομένους
2671 1610 2947 1676 μετανοεῖν
2993 1602 3081 1662 οἷά
3128 1625 3232 1660 τινι
3276 1607 3474 1678 χαλινῷ
3516 1609 3844 1681 ἐπίστρεψον

2275 1696 2408 1768 πρὸς
2438 1697 2645 1751 ἑαυτόν.

2429 1787 2733 1840 ΨΑΛΜΟΣ
2776 1787 2855 1852 τῷ
2896 1789 3074 1842 Aac-76
3113 1790 3514 1858 ἀνεπίγραφος
3564 1793 3698 1859 παρ’

2824 1878 3125 1945 Ἑϐραίοις.
3169 1884 3298 1934 AB’.

2893 1970 3218 2036 Ὺπόθεσις.

2286 2059 2371 2112 Ἐν
2399 2058 2571 2129 τούτῳ
2603 2059 2838 2112 διδάσκει
2874 2060 3001 2123 τοὺς
3042 2060 3140 2131 ἤδη
3176 2062 3568 2129 πιστεύσαντας
3600 2067 3680 2128 είς
3704 2065 3844 2135 Χρι-

2345 2151 2487 2213 στὸν,
2513 2148 2680 2203 αίνεῖν
2704 2151 2792 2202 τὸν
2818 2152 3020 2204 ἑαυτῶν
3050 2154 3344 2224 Δεσπότην,
3361 2154 3624 2209 διδάσκων
3649 2156 3847 2218 αὐτοὺς

2350 2246 2465 2313 ἅμα
2495 2246 2594 2314 τῆς
2626 2242 2905 2313 δυνάμεως
2935 2243 3097 2297 αὐτοῦ
3122 2246 3219 2316 τὴν
3254 2246 3542 2319 ὑπεροχὴν,
3576 2250 3658 2302 ὃτι
3684 2248 3848 2311 αὐτὸς

2348 2333 2546 2405 ρύστης
2574 2332 2681 2387 τῶν
2725 2333 2879 2399 ὅλων,
2917 2334 3081 2397 αὐτὸς
3116 2336 3342 2407 Κύριος,
3378 2339 3538 2402 αὐτὸς
3575 2340 3698 2405 τοὺς
3748 2338 3846 2409 μὲν

2346 2426 2613 2496 πονηροὺς
2638 2425 2924 2491 ἐξουθενεῖ,
2956 2426 3048 2479 καὶ
3079 2427 3518 2484 διασκεδάννυσιν
3542 2430 3722 2485 αὐτῶν
3750 2429 3848 2492 vi;

2350 2515 2565 2585 βουλὰς,
2596 2516 2725 2578 τοὺς
2754 2515 2809 2568 δὲ
2838 2516 3153 2583 ἐλπίζοντας
3186 2522 3272 2572 ἐπ’
3299 2521 3460 2575 αὐτὸν
3483 2520 3665 2586 σώζει.

2361 2605 2775 2675 Ἀγαλλιᾶσθε,
2807 2606 3055 2673 δίκαιοι,
3085 2611 3153 2663 ὲν
3181 2614 3377 2681 Κυρίῳ
3421 2652 3435 2667 .
3482 2654 3495 2668 .
3539 2652 3554 2665 .
3599 2653 3613 2667 .
3661 2652 3676 2667 .
3723 2652 3736 2665 .
3778 2613 3850 2666 ἐν

2275 2697 2585 2765 ιίοαλτηρίῳ
2624 2695 2964 2763 δεκαχόρὸῳ
3005 2699 3240 2765 ψάλατε
3284 2700 3464 2766 αὐτῷ.
3514 2703 3850 2776 Δεκάχορδον

2274 2789 2570 2861 ψαλτήριον
2591 2787 2653 2839 τὸ
2675 2785 2834 2856 σῶμά
2866 2802 3051 2858 φησιν,
3078 2790 3173 2841 ἅτε
3204 2789 3363 2843 πέντε
3392 2791 3669 2863 αἰσθήσεις
3702 2792 3847 2863 ἔχον,

2278 2884 2371 2936 καὶ
2406 2883 2562 2935 πέντε
2611 2880 2887 2950 ἐνεργείας
2920 2881 3117 2951 ψυχῆς,
3155 2882 3224 2935 δι’
3271 2884 3507 2956 ἑκάστης
3538 2886 3848 2955 αἰσθήσεως

2278 2975 2561 3045 γινομένης
2588 2974 2866 3045 ἐνεργείας
2894 2976 3151 3047 ἑκάστης.

2353 3153 2570 3219 ’ᾼσατε
2598 3150 2756 3217 αὐτῷ
2782 3145 2947 3221 ᾆσμα
2983 3155 3213 3206 καινόν.
3242 3153 3434 3221 Σαφῶς
3464 3153 3553 3208 τὸν
3586 3153 3673 3206 διὰ
3718 3156 3850 3208 Μω-

2283 3242 2418 3304 σέως
2446 3243 2605 3312 νόμον
2634 3243 2784 3306 τέλος
2816 3244 3104 3314 ἐσχηκέναι
3136 3245 3320 3315 φησίν.

2354 3333 2472 3385 Ὅτι
2500 3331 2679 3397 εὐθὺς
2704 3336 2736 3386 ό
2758 3334 2941 3402 λόγος
2971 3333 3076 3387 τοῦ
3108 3335 3351 3401 Κυρίου.
3392 3334 3449 3387 Ὀ
3500 3334 3853 3404 εύαγγελικὸς

2278 3421 2534 3492 δηλονότι.
2560 3424 2667 3477 Kal
2702 3422 2897 3476 πάντα
2924 3423 2996 3477 τὰ
3026 3424 3170 3493 ἔργα
3203 3425 3387 3480 αὐτοῦ
3413 3426 3483 3478 ἐν
3509 3427 3733 3480 πίστει.
3762 3427 3849 3479 Πι-

2284 3514 2489 3566 στεύειν
2515 3512 2613 3579 δεῖ,
2644 3514 2797 3582 φησὶ,
2821 3516 2933 3576 τοῖς
2959 3514 3024 3566 δι’
3056 3513 3217 3567 αὐτοῦ
3251 3514 3567 3586 θεοπρεπῶς
3600 3518 3852 3588 ἐνεργου-

2285 3604 2483 3675 μένοις.

2365 3692 2578 3765 Ἀταπᾷ
2628 3694 3048 3765 ἐλεημοσύνην
3110 3696 3211 3750 καὶ
3266 3698 3467 3767 κρίσιν
3521 3702 3556 3752 ὁ
3613 3702 3848 3769 Κύριος.

2281 3786 2485 3853 Ταῦτα,
2518 3788 2703 3857 φησὶν,
2737 3788 2958 3842 ἀπαιτεῖ
2998 3791 3123 3854 τοὺς
3156 3792 3237 3854 είς
3279 3791 3438 3845 αὑτὸν
3470 3794 3849 3859 πιστεύοντας.

2286 3877 2394 3931 Τοῦ
2441 3876 2651 3941 ἐλέους
2692 3878 2913 3945 Κυρίου
2948 3881 3183 3948 πλήρης
3228 3882 3266 3948 ἡ
3313 3879 3409 3950 γῆ.
3451 3882 3711 3953 ’Δρχεται
3755 3885 3850 3938 τοῦ

2281 3964 2375 4017 καὶ
2407 3964 2635 4034 ποιητὴν
2679 3963 2811 4019 δντα
2840 3966 2999 4020 αὐτὸν
3030 3968 3129 4037 τῆς
3175 3969 3356 4040 πάσης
3386 3970 3615 4035 κτίσεως
3640 3971 3849 4027 δεικνύ-

2280 4072 2388 4120 ναι,
2435 4054 2529 4109 καὶ
2577 4057 2684 4126 πρό
2727 4074 2790 4126 γε
2828 4059 2925 4130 τῆς
2958 4060 3060 4131 γῆς
3090 4060 3156 4130 ἢν
3204 4060 3298 4113 καὶ
3342 4061 3523 4125 ἐλέους
3563 4063 3850 4135 πληρῶσαί

2280 4164 2463 4217 φησιν·
2490 4147 2585 4201 καὶ
2610 4149 2712 4203 οὐκ
2742 4149 2808 4204 ἂν
2832 4151 3001 4213 ἄλλως
3028 4153 3411 4223 συνεστηκέναι
3444 4155 3518 4225 μὴ
3539 4155 3729 4210 τούτου
3758 4158 3849 4223 γέ-

2283 4255 2477 4308 μουσα.
2531 4239 2748 4310 Ἀμέλει
2789 4242 2881 4294 καὶ
2924 4242 2973 4292 oi
3016 4242 3233 4313 οὐρανοὶ
3274 4243 3374 4297 οὐκ
3418 4245 3484 4299 ἄν
3530 4263 3660 4300 ποτε
3725 4266 3849 4303 συν-

2279 4328 2532 4399 έστησαν,
2562 4331 2611 4383 εί
2641 4331 2714 4402 μὴ
2745 4330 2818 4401 τῷ
2844 4330 2986 4402 λόγῳ
3013 4332 3176 4386 αὐτοῦ
3203 4333 3600 4406 διεκρατοῦντο,
3625 4340 3717 4392 καὶ
3743 4340 3850 4411 μὴν

2282 4420 2371 4472 καὶ
2402 4422 2458 4473 αἱ
2488 4420 2742 4492 δυνάμεις
2774 4421 2981 4487 αὐτῶν,
3022 4423 3298 4476 τουτέστιν
3330 4427 3386 4478 αἱ
3433 4427 3573 4481 θεῖαι
3623 4428 3719 4481 καὶ
3763 4428 3849 4481 λο-

2206 4539 2251 4595 D
2280 4512 2452 4577 γικαί.

2351 4602 2602 4675 [Ἃγαπᾷ
2632 4599 2723 4658 οὖν
2748 4602 3114 4675 ἐλεημοσύνην
3157 4604 3248 4656 ἐπὶ
3283 4604 3391 4658 τῶν
3422 4607 3843 4677 μετανοούντων

2275 4693 2464 4763 ἀγαπᾷ
2495 4692 2551 4744 δὲ
2580 4692 2756 4763 κρίσιν
2788 4693 2880 4746 ἐπὶ
2905 4692 3013 4746 τῶν
3041 4693 3352 4747 ἅνενδότων.
3383 4695 3635 4751 Τοιοῦτον
3665 4698 3724 4751 δὲ
3754 4700 3848 4752 καὶ

2273 4784 2301 4834 ὁ
2338 4783 2565 4845 Ἡσαΐας
2595 4781 2738 4851 λέγει
2779 4781 2856 4853 τῷ
2895 4782 3044 4855 Θειῖν
3074 4785 3195 4837 Ὅτι
3228 4786 3266 4852 ἡ
3300 4786 3680 4855 ἐλεημοσύνη
3729 4805 3847 4846 σου

2273 4875 2360 4937 είς
2410 4874 2709 4941 σταθμόν·
2746 4875 2837 4926 καὶ
2882 4874 2989 4947 γὰρ
3029 4875 3278 4938 κάκεῖνος
3314 4876 3411 4948 τὴν
3444 4877 3583 4947 μετὰ
3612 4880 3847 4949 κρίσεως

2274 4964 2640 5035 ἐλεημοσύνην
2667 4963 2981 5036 παρίστησι,
3014 4965 3164 5036 Cum?)
3192 4967 3287 5019 καὶ
3322 4966 3541 5039 ἀριθμῷ
3574 4969 3718 5023 κατά
3747 4972 3846 5043 τὴν

2274 5055 2503 5109 ἑκάστου
2537 5054 2692 5119 ἀξίαν
2720 5055 3252 5129 άντιμετρούμενος.]

2351 5148 2433 5213 Τῷ
2487 5150 2646 5217 λόγῳ
2702 5149 2920 5215 Κυρίου
2971 5151 3025 5201 οί
3074 5151 3314 5218 οὐρανοὶ
3372 5148 3843 5218 ἐστερεώθησαν.

2273 5239 2511 5311 Δήλωσις
2541 5238 2814 5294 κάνταῦθα
2835 5242 2933 5312 τῆς
2964 5242 3125 5310 άγίας
3154 5242 3403 5312 Τριάδος.
3433 5244 3541 5297 Καὶ
3567 5241 3648 5307 τῷ
3673 5248 3847 5299 πνεύ-

2267 5346 2409 5398 ματι
2448 5330 2554 5383 τοῦ
2601 5330 2895 5397 στόματος
2942 5330 3128 5383 αὐτοῦ
3176 5328 3345 5383 πᾶσα
3382 5330 3420 5396 ἡ
3455 5330 3707 5400 δύναμις
3735 5334 3845 5386 αὐ-

2273 5418 2410 5472 τῶν.
2443 5419 2621 5489 Στόμα
2656 5418 2790 5470 Θεοῦ
2824 5418 2883 5471 τὸ
2912 5416 3133 5489 Πνεῦμα
3176 5418 3236 5472 τὸ
3270 5422 3422 5487 ἆγιον
3461 5420 3628 5490 λέγει’
3663 5426 3713 5477 ot
3738 5424 3843 5493 γὰρ

2274 5511 2548 5581 προφῆται
2571 5511 2638 5563 δι’
2668 5509 2829 5563 αὑτοῦ
2854 5510 3136 5575 λαλοῦντες
3161 5512 3343 5581 ἔλεγον
3367 5529 3379 5542 ·
3410 5513 3530 5565 Ὀτι
3557 5514 3625 5566 τὸ
3654 5519 3845 5585 στόμα

2273 5606 2490 5671 Κυρίου
2520 5604 2788 5672 ὲλιίλησε
2819 5604 3024 5659 ταῦτα.

2344 5694 2624 5765 Συνάγων
2665 5696 2805 5750 ὡσεί
2854 5695 3047 5751 ἀσκὸν
3088 5695 3273 5749 ὕδατα
3304 5696 3638 5764 θαλάσσης.
3674 5699 3843 5771 Προσ-
