4034 6442
197 429 287 484 165

1264 413 1622 471 EXPOSITIO
1660 413 1724 467 IN
1765 406 2090 470 PSALMUM
2127 414 2358 470 XXXIII.

3317 410 3419 465 166

191 553 547 613 καλούμενος,
583 541 746 611 φησὶ.
776 539 837 592 τὸ
878 538 1019 609 ὕδωρ
1050 537 1148 608 τῆς
1178 536 1469 607 Θαλάσσης,
1506 534 1754 602 καθάπερ

1864 551 2009 605 gans,
2048 536 2242 605 inquit,
2294 534 2451 605 quasi
2485 534 2536 588 in
2566 542 2686 589 utre
2721 533 2956 602 quodam
2993 546 3188 600 aquam
3232 532 3420 596 maris,

192 633 245 684 ἑν
274 628 430 699 ἀσκῷ
454 645 559 681 τινι
580 667 594 691 ,
621 630 743 689 ταῖς
770 625 1017 693 νεφέλαις
1046 623 1353 692 ὲπισυνέχει
1371 640 1384 654 ·
1419 622 1493 685 ὼς
1532 622 1624 674 καὶ
1655 620 1749 674 ἀλ·

190 722 351 793 λαχοῦ
397 738 580 792 φησιν·
621 721 673 772 Ὀ
704 718 1189 786 προκαλούμενος
1221 717 1287 770 τὸ
1316 716 1472 784 ὕδωρ
1510 713 1617 781 τῆς
1649 716 1752 767 θα-

190 815 450 881 λάσσης,
482 813 579 866 καί
622 810 846 880 ἐκχέων
883 809 1027 863 αὐτὸ
1063 809 1158 862 ἐπὶ
1204 809 1525 876 πρόσωπον
1555 807 1754 875 πάσης

190 906 297 975 τῆς
331 905 463 975 γῆς’
493 904 584 956 καὶ
610 902 788 955 πάλιν⁸
832 900 1083 969 Ἁνὰγων
1114 899 1371 967 νεφέλας
1396 899 1464 964 ἐξ
1491 898 1754 969 ἐσχάτου

190 994 295 1062 τῆς
326 991 455 1064 τῆς.
497 993 680 1058 Τιθείς
704 993 774 1045 ἐν
801 989 1124 1059 θησαυροῖς
1156 979 1484 1055 ἀϐύσσους.
1513 989 1619 1043 Καὶ
1655 988 1754 1052 τὰς

190 1087 455 1149 ἀϐύσσους
478 1125 493 1149 ,
532 1084 697 1155 φησὶ,
730 1083 977 1154 καθάπερ
1010 1083 1067 1135 ὲν
1112 1081 1404 1153 θησαυροῖς
1443 1078 1752 1151 σφραγίζει,

189 1179 275 1233 ἵνα
301 1177 377 1248 μὴ
402 1175 790 1239 ἀναϐλύζουσαι
816 1174 1145 1227 ὲπικλύσωσι
1173 1174 1270 1243 τὴν
1296 1173 1464 1244 ξηράν

257 1266 573 1337 Φοδηθήτω
596 1265 702 1319 τὸν
724 1265 941 1331 Κύριον
968 1260 1132 1318 πᾶσα
1156 1263 1193 1329 ἡ
1224 1260 1319 1331 γῆ.
1346 1262 1577 1333 Μηκέτι,
1602 1260 1753 1331 φησὶ,

187 1363 297 1423 τοῖς
328 1358 619 1429 δαιμονίοις
662 1354 982 1427 προσαγέτω
1027 1357 1059 1425 ἡ
1090 1353 1163 1425 γῆ
1189 1354 1251 1407 τὸ
1281 1353 1461 1417 σέϐας.
1504 1354 1620 1407 Ἀπ’
1654 1355 1757 1406 αὺ-

187 1451 292 1505 τοῦ
341 1449 409 1503 δὲ
460 1447 932 1515 σαλευθήτωσαν
971 1445 1193 1511 πάντες
1237 1448 1291 1499 οἰ
1339 1444 1757 1508 κατοικοῦντες

188 1543 301 1613 τὴν
326 1542 703 1612 οἰκουμένην.
748 1543 1088 1604 Ἀκούοντες,
1131 1540 1329 1611 φησὶν,
1372 1539 1536 1592 αὑτοῦ
1582 1540 1632 1591 οἰ
1660 1539 1757 1608 τὴν

187 1630 507 1704 οἰκουμένην
538 1631 811 1695 οἰκοῦντες
848 1631 1145 1703 ἄνθρωποι,
1176 1631 1277 1699 τῆς
1316 1630 1587 1702 προτέρας
1630 1630 1758 1682 στά-

189 1741 327 1787 σεως
369 1718 438 1795 ἦς
479 1719 621 1793 εἶχον
666 1720 1191 1792 εἰδωλολατροῦντες,
1224 1707 1464 1793 δηλονότι
1498 1720 1757 1791 σαλευθή-

185 1831 365 1867 τωσαν
396 1813 474 1884 τῷ
508 1813 621 1884 ἰδίῳ
646 1812 961 1883 δημιουργῷ
988 1813 1372 1877 ὑπακούοντες.

1852 631 1907 684 in
1942 629 2174 683 nubibus
2210 629 2449 682 continet
2477 626 2622 680 illam
2658 642 2670 677 :
2712 624 3171 696 quemadmodum
3221 632 3274 676 et
3313 623 3424 677 alio

1854 720 1974 774 loco
2016 719 2154 772 ait”
2192 733 2204 767 :
2237 716 2340 782 Qui
2373 726 2617 769 convocat
2651 731 2839 783 aquam
2881 714 3047 766 maris
3070 753 3085 777 ,
3121 723 3165 765 et
3200 712 3425 780 eﬁ‘undit

1854 831 1969 869 eam
1998 827 2152 880 super
2183 811 2370 878 faciem
2398 810 2655 863 universa:
2685 818 2856 861 terrae.
2886 805 2950 859 Et
2982 821 3201 861 rursum
3231 823 3244 859 :
3281 803 3427 857 Edu-

1855 920 1971 958 cens
2017 901 2174 955 nubes
2211 900 2275 954 ab
2324 908 2551 953 extremo
2602 906 2775 951 terrm.
2819 895 3022 950 Ponens
3064 895 3116 947 in
3166 892 3424 947 thesauris

1856 996 2092 1065 abyssos.
2109 992 2175 1045 Et
2195 993 2440 1059 abyssos,
2462 989 2759 1058 inquit,ceu
2781 987 2834 1040 in
2858 985 3131 1041 thesauris
3151 984 3423 1054 obsignat.

1858 1100 1924 1140 ne
1955 1083 2311 1139 scaturientes
2340 1091 2537 1135 terram
2572 1076 2857 1131 inundent.

1926 1260 1980 1313 8.
2016 1257 2216 1311 Timeat
2242 1254 2528 1309 Dominum
2551 1254 2716 1306 omnis
2742 1260 2905 1306 terra.
2930 1249 3007 1305 Ne
3036 1249 3200 1307 ultra.
3226 1248 3426 1318 inquit,

1855 1349 2193 1407 daemonibus
2226 1356 2366 1401 terra
2394 1346 2601 1400 cultum
2635 1344 2844 1399 oll'erat.
2888 1341 2965 1397 Ab
3001 1358 3061 1397 eo
3086 1351 3259 1395 autem
3286 1357 3429 1393 com—

1855 1451 2158 1496 moveantur
2184 1454 2359 1492 omnes
2386 1437 2740 1490 inhabitantes
2769 1435 2961 1489 orbem.
2999 1432 3101 1497 Qui
3134 1433 3319 1487 orbem
3350 1432 3432 1485 itt-

1857 1534 2042 1590 colunt
2082 1530 2329 1585 homines
2363 1529 2454 1598 qui
2489 1528 2641 1597 prius
2694 1527 2854 1582 idolis
2897 1526 3061 1581 dediti
3110 1534 3298 1589 erant,
3332 1539 3432 1578 au-

1857 1626 1970 1681 dito
2018 1624 2138 1693 ejus
2188 1625 2407 1679 nomine
2454 1628 2906 1677 commoveantur
2951 1632 3160 1687 suoque
3206 1625 3431 1686 pareant

1858 1718 2149 1773 conditori.

258 1906 380 1958 Ὀτι
405 1877 743 1971 αυτὸς-εἷπε
770 1877 867 1958 καί
894 1877 1297 1972 ἐγενήθησαν,
1326 1901 1510 1969 αὐτὸς
1542 1900 1760 1955 ἑνετεί-

1935 1907 1990 1962 9.
2034 1906 2298 1971 Quoniam
2322 1906 2432 1975 ipse
2454 1905 2591 1957 dixit
2613 1914 2663 1958 et
2699 1904 2842 1973 facta
2863 1910 3005 1968 sunt,
3030 1902 3139 1972 ipse
3161 1901 3432 1955 mandarit

186 2001 354 2060 λατο,
372 1996 470 2050 καί
497 1997 885 2063 ἐκτίσθησαν.
929 1996 994 2048 Ἥ
1027 1996 1124 2065 μὲν
1151 1997 1375 2065 γένησις
1408 1993 1505 2063 τὴν
1538 1993 1643 2046 τῶν
1676 1993 1761 2045 λο-

186 2086 358 2153 γικῶν
384 2084 609 2155 οὐσιὼδη
633 2084 797 2154 δηλοῖ·
825 2085 857 2153 ἡ
882 2081 937 2135 δὲ
960 2084 1133 2147 κτίσις
1154 2083 1251 2153 τὴν
1275 2081 1383 2136 ἀπὸ
1404 2079 1497 2134 τοῦ
1523 2080 1761 2151 χείρονος

187 2175 279 2227 ἐπὶ
301 2175 363 2227 τὺ
385 2175 627 2245 κρεῖττον
671 2174 922 2245 σημαίνει
961 2173 1283 2245 μεταϐολήν.
1327 2173 1401 2227 Εἰ
1439 2190 1529 2237 τις
1556 2172 1665 2242 γὰρ
1694 2172 1763 2226 ἐν

187 2264 420 2334 Χριστῷ
450 2266 628 2335 καινὴ
658 2269 871 2332 κτίσις.

259 2359 476 2425 Κύριος
508 2357 874 2418 διασκεδάζει
900 2358 1136 2424 ,ϐουλὰς
1164 2356 1374 2412 ἐθνῶν.
1406 2356 1527 2410 Τῶν
1555 2355 1761 2427 νοητῶν

187 2448 449 2519 δηλονότι.
489 2449 696 2502 Ἀθετεῑ
733 2447 802 2500 δὲ
842 2448 1171 2517 λογισμοὺς
1200 2446 1393 2512 λαῶν,
1428 2447 1527 2499 καί
1570 2444 1769 2500 ἀθετεῖ

183 2540 423 2607 ,βουλὰς
449 2541 775 2608 ἀρχόντων.
816 2537 1153 2606 Ἀπράκτους
1177 2538 1284 2609 γὰρ
1313 2537 1601 2601 ἐπιϐουλὰς
1627 2538 1755 2593 πάν-

188 2649 297 2684 των
348 2630 509 2700 ἔθηκε
562 2629 671 2681 τῶν
735 2630 1037 2695 Ἰουδαίων,
1088 2631 1383 2700 τριήμερος
1431 2629 1761 2700 ἀναστήσας.

189 2720 365 2774 Τοῦτο
422 2720 529 2790 γὰρ
577 2714 645 2790 ἦν
688 2718 716 2773 δ
756 2721 850 2773 καὶ
897 2718 1177 2791 βούλεται,
1210 2720 1354 2788 ὅπερ
1394 2719 1492 2772 καὶ
1535 2721 1622 2783 εἰς
1658 2719 1764 2771 τὸν

188 2813 377 2867 αἰῶνα
398 2812 588 2880 μένει.

262 2903 546 2972 Λογισμοί
596 2899 703 2969 τῆς
750 2902 995 2970 καρδίας
1037 2901 1222 2955 αὑτοῦ
1275 2903 1361 2966 εἰς
1410 2900 1622 2971 γενεὰν
1666 2902 1763 2955 καί

189 2995 424 3067 γενεάν.
466 2993 546 3045 Τὰ
576 2993 840 3061 δόγματα,
890 2991 1072 3061 φησὶν,
1098 2990 1133 3045 ἃ
1165 2989 1508 3060 βεϐούλευται
1554 2992 1647 3045 καὶ
1687 2992 1766 3054 εἰς

188 3085 281 3141 τὸν
310 3084 551 3157 παρόντα
590 3084 758 3137 αἰῶνα
795 3083 890 3137 καὶ
932 3085 1009 3146 εἰς
1042 3082 1135 3135 τὸν
1170 3083 1452 3153 μέλλοντα.
1500 3083 1765 3153 Λογισμοὶ

1860 2009 1908 2054 et
1954 2009 2130 2053 creata
2174 2006 2316 2053 sunt.
2375 1996 2568 2050 Factio
2616 1995 3021 2050 rationabilium
3073 1994 3431 2048 substantiam

1861 2093 2085 2145 denotat
2119 2105 2132 2142 :
2170 2089 2373 2144 creatio
2414 2098 2617 2150 autem,
2649 2103 2677 2141 a
2722 2088 2907 2157 pejore
2937 2087 2990 2140 in
3021 2086 3217 2141 melius
3252 2094 3431 2139 muta-

1862 2182 2062 2238 tionem
2092 2197 2105 2233 :
2144 2178 2202 2235 Si
2234 2197 2351 2252 qua:
2379 2181 2516 2234 enim
2550 2180 2604 2233 in
2631 2178 2842 2233 Christo
2868 2193 3000 2231 nova
3030 2178 3360 2231 creatura".

1936 2359 2024 2414 10.
2071 2359 2321 2412 Dominus
2352 2358 2578 2425 dissipat
2612 2357 2837 2411 consilia
2874 2357 3125 2427 gentium.
3167 2353 3436 2424 Spiritus-

1863 2451 1998 2505 lium
2030 2450 2321 2513 videlicet,
2357 2447 2613 2517 Reprobat
2638 2459 2809 2500 autem
2845 2447 3185 2516 cogitationes
3212 2444 3434 2514 populo-

1864 2559 2010 2608 rum,
2076 2552 2125 2596 et
2202 2542 2444 2610 reprobat
2506 2539 2728 2593 consilia
2790 2539 3107 2607 principum.
3178 2535 3434 2590 Omnium

1864 2635 2061 2704 quippe
2103 2632 2413 2687 Iudaeorum
2466 2632 2693 2685 insidias
2736 2630 2919 2683 irritas
2974 2626 3120 2691 fecit,
3168 2636 3294 2697 post
3342 2628 3438 2681 tri-

1864 2726 2031 2779 duum
2076 2740 2387 2793 resurgens.
2430 2722 2484 2777 ld
2516 2724 2659 2777 enim
2694 2723 2795 2777 sibi
2830 2722 2943 2776 vult
2970 2722 3132 2775 etiam
3166 2720 3297 2775 illud
3325 2761 3339 2786 ,
3382 2720 3436 2772 in

1865 2826 2117 2869 a'ternum
2149 2823 2323 2867 manet
2354 2813 2633 2867 consilium
2668 2812 2902 2866 Domini.

1936 2907 2023 2961 11.
2067 2904 2421 2976 Cogitationes
2468 2905 2642 2958 cordis
2703 2921 2817 2973 ejus
2859 2905 2915 2956 in
2960 2903 3349 2973 generationem
3386 2912 3435 2954 et

1866 2995 2271 3065 generationem.
2308 2993 2567 3064 Dogmata
2591 3034 2605 3057 ,
2639 2992 2849 3062 inquit,
2880 3007 3001 3063 quae
3039 2991 3255 3047 decreta
3287 3000 3434 3052 sunt,

1866 3087 1979 3140 sive
2010 3086 2063 3138 in
2101 3086 2351 3154 praesenti
2380 3086 2493 3138 sive
2522 3084 2576 3138 in
2608 3084 2791 3139 futuro
2820 3083 3039 3139 sacculo.
3070 3080 3438 3153 Cogitationes

187 3175 324 3229 Θεοῦ
356 3178 412 3228 ai
435 3173 757 3245 κατάλληλοι
794 3172 1196 3245 διακοσμήσεις·
1230 3172 1424 3245 καρδία
1458 3171 1517 3226 δὲ
1547 3172 1607 3225 τὸ
1629 3172 1760 3225 ἀπό-

1873 3173 1984 3239 Dei,
2016 3173 2067 3227 id
2100 3182 2184 3229 est
2210 3183 2573 3243 congruentes
2617 3174 3005 3243 dispositiones
3035 3190 3047 3226 :
3079 3187 3210 3237 cor,
3255 3172 3439 3227 occul-

189 3288 224 3323 κ
230 3286 397 3340 ρυφον
429 3268 527 3338 τῆς
557 3267 763 3329 οὐσίας.

266 3358 570 3427 Μακάρων
601 3358 666 3410 τὸ
700 3358 872 3421 ἔθνος
897 3350 969 3410 οὗ
1008 3354 1139 3408 ἐστί
1169 3354 1384 3421 Κύριος
1415 3357 1448 3407 ό
1483 3354 1626 3419 Θεὸς
1660 3357 1767 3408 αὑ-

188 3452 319 3505 τοῦ.
354 3452 492 3512 Τοὺς
521 3446 862 3517 εἰς.Χριστδν
909 3446 1262 3508 πιστεύοντας
1313 3446 1370 3497 ὲν
1404 3443 1612 3509 τούτοις
1658 3461 1764 3515 μα-

189 3561 263 3597 κα
271 3542 420 3613 ρίους
453 3539 737 3594 ἀποκαλεῖ.

266 3632 400 3706 [Ἐξ
422 3632 681 3701 οὐρανοῦ
710 3630 1047 3699 ἐπέϐλεψεν
1082 3632 1115 3684 ό
1148 3629 1380 3697 Κύριος.
1419 3630 1586 3682 Ειπεν
1606 3672 1620 3694 ,
1665 3629 1769 3681 ἐπ-

187 3724 472 3792 έϐλεψεν,
519 3723 605 3775 ἴνα
656 3722 730 3791 μή
765 3736 846 3782 τις
892 3719 1053 3771 αὑτὸν
1081 3719 1290 3787 ἀγνοεῖν
1329 3718 1486 3788 οἰηθῇ
1518 3717 1586 3770 τὰ
1617 3716 1769 3787 παρὰ

186 3817 299 3873 τῶν
330 3816 428 3870 ἀνθ
435 3813 631 3886 ρώπων
655 3811 996 3883 τολμώμενα.
1017 3810 1039 3882 ]

266 3907 402 3981 [Ἐξ
446 3908 684 3975 ἑτοίμου
711 3903 1165 3972 κατοικητηρίου
1208 3899 1414 3956 αὑτοῦ.
1445 3901 1600 3954 Ἤτοι
1625 3902 1770 3972 ἡτοι-

190 4001 493 4074 μασμένου,
543 3998 990 4069 εὐτρεπισμένου.
1047 3991 1209 4059 Οἶκος
1252 3994 1384 4065 γὰρ]
1404 3993 1590 4065 ῶσπερ
1632 3993 1767 4047 Θεοῦ

188 4096 646 4167 ἀποκεκλήρωται
674 4096 702 4147 ὁ
722 4088 995 4164 οὑρανός.]

274 4190 331 4241 Ὀ
356 4186 600 4250 πλάσας
625 4184 965 4253 καταμόνας
989 4181 1096 4248 τὰς
1130 4179 1377 4248 καρδίας
1402 4177 1619 4231 αὐτῶν.
1654 4177 1769 4231 Μό-

188 4298 303 4344 νος,
339 4280 523 4349 φησὶν,
547 4280 575 4331 ό
604 4276 733 4339 Θεὸς
764 4270 872 4328 οἵδε
903 4273 1011 4327 τῶν
1057 4270 1357 4342 ἀνθρώπων
1387 4272 1483 4332 τὰς
1526 4267 1767 4339 καρδίας.

187 4372 281 4425 Διὸ
317 4370 413 4423 καὶ
453 4372 481 4423 ὁ
504 4368 693 4437 Σωτὴρ
720 4368 832 4429 τοῖς
876 4364 1149 4426 Ἰουδαίοις
1187 4362 1338 4430 ἑλεγε
1363 4380 1376 4394 ·
1415 4362 1476 4417 Τί
1513 4360 1770 4429 διαλογί-

187 4461 363 4526 ζεσθε
392 4459 624 4527 πονηρὰ
646 4459 716 4511 ἐν
743 4456 869 4522 ταῖς
896 4454 1164 4523 καρδίαις
1184 4453 1386 4522 ὐμῶν;

1870 3271 1982 3316 tum
2015 3263 2354 3319 substantiae.

1938 3372 2023 3426 η.
2064 3372 2230 3426 Beata
2281 3390 2402 3443 gens
2451 3375 2601 3443 cujus
2648 3385 2726 3429 est
2775 3374 3026 3429 Dominus
3080 3373 3220 3428 Deus
3280 3373 3419 3443 ejus.

1868 3462 2062 3518 Bratos
2100 3464 2183 3519 his
2208 3464 2389 3520 verbis
2415 3476 2573 3521 vocat
2616 3483 2713 3523 eos
2737 3468 2829 3537 qui
2863 3468 2916 3521 in
2948 3466 3227 3522 Christum
3262 3467 3438 3521 credi-

1866 3558 2085 3613 derunt.

1937 3646 2059 3717 [15.
2102 3646 2179 3701 De
2213 3647 2341 3702 ctelo
2371 3650 2595 3718 respexit
2631 3648 2905 3705 Dominus.
2932 3650 3057 3715 Ait,
3084 3652 3332 3721 respexit,
3374 3668 3441 3707 ne

1868 3740 1991 3809 quis
2026 3747 2269 3795 autumet
2296 3742 2472 3811 ipsum
2505 3744 2757 3813 ignorare
2777 3744 3060 3799 hominum
3084 3744 3342 3801 facinora.

1940 3909 2051 3982 [14.
2078 3912 2156 3966 De
2179 3922 2479 3982 praeparato
2509 3914 2815 3969 habitacula
2843 3932 2959 3972 suo.
2981 3915 3035 3971 Id
3061 3926 3166 3983 est,
3190 3929 3440 3974 accurate

1871 4000 2137 4058 instructo
2168 4012 2223 4058 et
2252 4014 2465 4060 ornato.
2499 4002 2633 4059 Nam
2668 4006 2864 4061 coelum
2904 4007 3061 4077 quasi
3104 4007 3171 4062 ad
3202 4007 3295 4062 Dei
3338 4007 3436 4063 do-

1871 4092 2133 4147 micilium
2171 4094 2500 4149 destinatum
2532 4095 2664 4166 est.]

1942 4183 2030 4237 15.
2063 4182 2167 4248 Qui
2194 4184 2350 4253 ﬁnxit
2382 4186 2662 4255 sigillatim
2713 4187 2873 4239 corda
2904 4202 3103 4242 eorum.
3132 4186 3317 4253 Solus,
3356 4188 3441 4243 in-

1871 4276 2009 4345 quit,
2043 4274 2183 4329 Deus
2213 4275 2361 4329 novit
2399 4275 2682 4330 hominum
2705 4277 2888 4332 corda.
2921 4276 3285 4344 Quamobrem
3320 4278 3441 4335 Sal-

1872 4377 2027 4421 vator
2055 4365 2255 4423 Judaeis
2280 4367 2495 4422 dicebat
2525 4384 2537 4418 :
2573 4367 2713 4434 Quid
2742 4371 2987 4440 cogitatis
3013 4371 3155 4425 mala
3187 4374 3241 4426 in
3264 4374 3441 4427 cordi-

1874 4458 1966 4511 bus
1990 4457 2271 4511 nstris"?

274 4551 422 4607 Ἰδοὺ
464 4554 519 4603 οἰ
557 4548 851 4619 ὀφθαλμοί
899 4546 1117 4615 Κυρίου
1161 4546 1258 4599 ἐπὶ
1300 4546 1441 4610 τσὺς
1479 4542 1760 4612 spadonum.

1949 4548 2030 4603 18.
2062 4548 2195 4604 Ecce
2220 4552 2358 4605 oculi
2383 4550 2599 4605 Domini
2624 4569 2780 4622 super
2810 4562 3090 4608 metuentes
3123 4572 3263 4610 eum.
3289 4554 3441 4611 Oculi

184 4661 341 4708 νους
365 4640 569 4695 αὐτόν.
613 4637 908 4709 Ὀφθαλμοὶ
941 4636 1142 4710 Κυρίου
1173 4639 1205 4706 ἡ
1241 4634 1581 4706 παντοπτικὴ
1604 4635 1767 4688 αὑτοῦ

182 4734 441 4801 δύναμιςο
481 4731 514 4802 ἢ
564 4728 818 4792 πολλάκις
865 4730 893 4781 ὁ
936 4728 1063 4790 Υἱὸς
1098 4727 1189 4779 καὶ
1224 4726 1286 4779 τὸ
1331 4724 1571 4796 Πνεῦμα,
1603 4724 1678 4787 ὡς
1711 4724 1768 4776 ὲν

186 4824 347 4895 μέσῳ
370 4822 463 4876 δύο
492 4819 684 4891 φώτων
715 4821 743 4873 δ
772 4816 958 4888 Πατὴρ
988 4817 1097 4869 τῶν
1128 4815 1341 4887 φώτων.

260 4912 373 4971 Καὶ
399 4911 709 4980 διαθρέψαι
736 4907 957 4973 αὐτοὺς
980 4907 1050 4960 ὲν
1077 4906 1250 4975 λιμῷ.
1283 4906 1371 4959 Ἐν
1393 4905 1588 4977 καιρῷ,
1614 4904 1765 4976 φησὶ,

180 5001 457 5073 διωγμοῦ,
488 5002 563 5072 μὴ
594 4998 1000 5070 συνισταμένων
1035 4996 1144 5050 τῶν
1174 4995 1378 5068 νοητῶν
1403 4996 1637 5067 τροφῶν,
1668 4995 1766 5047 αύ-

180 5095 277 5158 τδς
308 5094 339 5144 ὁ
370 5092 574 5164 Κύριος
606 5090 694 5144 διὰ
718 5089 1031 5160 Πνεύματος
1063 5087 1219 5155 ἁγίου
1254 5086 1441 5159 θρέψει
1470 5084 1684 5148 αὐτούς.

271 5187 337 5241 Ἠ
361 5184 430 5237 δὲ
460 5183 632 5252 ψυχὴ
663 5181 831 5253 ἡμῶν
870 5180 1153 5249 ὑπομένει
1189 5178 1268 5245 τῷ
1299 5177 1509 5246 Κυρίῳ.
1552 5178 1636 5241 Ὠς
1666 5176 1768 5248 ήδη

180 5274 519 5347 δεδειγμένοι
548 5275 648 5343 τὴν
676 5276 755 5337 εἰς
786 5272 947 5326 αὑτὸν
972 5270 1293 5340 πεποίθησιν
1320 5268 1730 5339 προϐάλλονται.

187 5368 507 5423 ΨΑΑΜΟΣ
549 5362 628 5428 τῷ
674 5362 853 5416 Δαυτδ
893 5364 1070 5416 ὁπότε
1125 5362 1425 5427 ἡλλοίωσε
1472 5358 1537 5412 τὸ
1580 5359 1765 5427 πρόσ-

255 5472 426 5511 ωπον
452 5454 638 5509 αὐτοῦ
668 5453 947 5507 ἐναντίον
984 5452 1302 5521 Ἀϐιμέλεχ,
1321 5450 1418 5503 καί
1453 5448 1767 5502 ἀπέλυσεν

256 5548 469 5612 αὐτὸν,
496 5544 595 5599 καί
625 5544 917 5613 ἀπῆλθεν.
955 5546 1090 5598 AI".

822 5634 1147 5697 Ὑπόθεσις.

185 5729 410 5799 Φεύγων
437 5732 466 5783 δ
498 5726 658 5783 Δαυῖδ
683 5728 771 5778 τὸν
796 5724 985 5784 Σαοὺλ,
1015 5720 1140 5795 ἦ).οε
1176 5722 1308 5794 πρὸς
1341 5717 1645 5789 ’Δίιμέλεχ.
1674 5718 1766 5769 καὶ

255 5868 299 5897 τι
327 5868 492 5919 Amos
526 5881 576 5930 γ,
610 5864 664 5917 8.
740 5864 783 5893 τ’
817 5860 855 5913 ιι
888 5860 1013 5912 (Zur.
1046 5873 1097 5920 v,
1140 5858 1219 5910 l7.
1296 5856 1339 5890 ⁷³
1374 5854 1561 5910 Matth.
1600 5868 1672 5917 Ix,
1710 5852 1761 5905 1.

1874 4641 2087 4696 Domini
2133 4652 2261 4698 sunt
2316 4646 2561 4698 omnium
2619 4645 2946 4713 speculatrix
2989 4647 3109 4716 ejus
3151 4660 3391 4718 potestas
3427 4665 3439 4699 :

1874 4742 1967 4788 aut
2004 4735 2324 4805 plerumque
2372 4734 2541 4791 Filius
2565 4745 2619 4790 et
2643 4734 2879 4807 Spiritus
2908 4748 3154 4805 sanctus,
3188 4740 3259 4795 ita
3294 4749 3351 4795 ut
3386 4742 3441 4795 in

1874 4825 2054 4880 medio
2079 4826 2310 4881 duorum
2346 4827 2613 4882 luminum
2650 4828 2721 4882 sit
2754 4828 2927 4883 Pater
2960 4830 3244 4885 luminum.

1947 4914 2034 4971 19.
2084 4914 2151 4968 Et
2183 4915 2297 4969 alat
2330 4932 2416 4971 eos
2445 4917 2498 4970 in
2532 4918 2692 4986 fame.
2736 4916 3036 4988 Tempore,
3066 4920 3276 4990 inquit,
3319 4935 3445 4990 per-

1875 5005 2171 5061 secutionis
2193 5045 2208 5071 ,
2243 5008 2289 5063 si
2318 5022 2427 5061 non
2460 5008 2644 5063 adsint
2668 5009 2978 5078 spirituales
3021 5011 3150 5074 cibi,
3202 5011 3316 5079 ipse
3344 5011 3444 5066 Do-

1879 5097 2062 5152 minus
2094 5112 2190 5167 per
2220 5097 2483 5169 Spiritum
2513 5110 2762 5155 sanctum
2786 5102 3023 5156 cnutriet
3048 5101 3191 5156 illos.

1943 5187 2229 5243 20.Anima
2242 5199 2419 5244 nostra
2435 5194 2655 5246 sustinet
2670 5190 2969 5247 Dominum.
2990 5191 3283 5262 Quamjam
3297 5194 3445 5250 exhi-

1875 5282 2105 5336 buerunt
2130 5279 2379 5336 liduciam
2400 5298 2525 5353 erga
2550 5282 2853 5341 Dominum,
2876 5298 3021 5338 nunc
3037 5300 3147 5354 pra
3163 5300 3222 5339 se
3240 5284 3439 5341 ferunt.

1880 5373 1926 5428 1.
1984 5370 2324 5427 PSALMUS
2381 5375 2552 5429 David
2611 5378 2821 5446 quando
2880 5376 3180 5430 immutarit
3238 5376 3441 5431 vultum

1946 5478 2101 5515 suum
2155 5479 2330 5516 coram
2388 5467 2717 5530 Abimelech,
2757 5478 2801 5524 et
2838 5467 3037 5521 dimisit
3053 5483 3168 5521 eum
3198 5477 3246 5522 et
3290 5470 3418 5522 abiit

1946 5551 2227 5608 XXXIII.

2460 5651 2859 5715 Argumentum.

1876 5740 2012 5794 (Iam
2048 5738 2257 5811 fugeret
2314 5739 2483 5797 David
2514 5740 2755 5807 Saulem,
2784 5742 2929 5797 venit
2987 5740 3054 5798 ad
3108 5740 3441 5797 Abimelcch.
