  <div class='ocr_page' id='page_1' title='image "/cluster/home/n/w/nwhite01/storage/ocr_20150623/27/ien.35556001660521/095.png"; bbox 0 0 4034 6442; ppageno 0'>
   <div class='ocr_carea' id='block_1_1' title="bbox 563 436 660 493">
    <p class='ocr_par' dir='ltr' id='par_1_1' title="bbox 563 436 660 493">
     <span class='ocr_line' id='line_1_1' title="bbox 563 436 660 493; baseline -0.041 -1"><span class='ocrx_word' id='word_1_1' title='bbox 563 436 660 493; x_wconf 72' lang='grc'><strong>161</strong></span> 
     </span>
    </p>
   </div>
   <div class='ocr_carea' id='block_1_2' title="bbox 626 529 2205 617">
    <p class='ocr_par' dir='ltr' id='par_1_2' title="bbox 626 529 2205 617">
     <span class='ocr_line' id='line_1_2' title="bbox 626 529 2205 617; baseline -0.016 -13"><span class='ocrx_word' id='word_1_2' title='bbox 626 562 681 604; x_wconf 84' lang='lat' dir='ltr'><strong>et</strong></span> <span class='ocrx_word' id='word_1_3' title='bbox 710 555 928 617; x_wconf 82' lang='lat' dir='ltr'><strong>rogatus</strong></span> <span class='ocrx_word' id='word_1_4' title='bbox 949 544 1017 597; x_wconf 90' lang='lat' dir='ltr'><strong>ab</strong></span> <span class='ocrx_word' id='word_1_5' title='bbox 1037 557 1100 597; x_wconf 90' lang='lat' dir='ltr'><strong>eo</strong></span> <span class='ocrx_word' id='word_1_6' title='bbox 1127 556 1246 611; x_wconf 72' lang='lat' dir='ltr'><strong>qua:</strong></span> <span class='ocrx_word' id='word_1_7' title='bbox 1289 554 1451 592; x_wconf 78' lang='lat' dir='ltr'><strong>causa</strong></span> <span class='ocrx_word' id='word_1_8' title='bbox 1487 551 1759 595; x_wconf 83' lang='lat' dir='ltr'><strong>recessus,</strong></span> <span class='ocrx_word' id='word_1_9' title='bbox 1793 533 1975 602; x_wconf 79' lang='lat' dir='ltr'><strong>fugam</strong></span> <span class='ocrx_word' id='word_1_10' title='bbox 2008 529 2129 598; x_wconf 85' lang='lat' dir='ltr'><strong>qui-</strong></span> <span class='ocrx_word' id='word_1_11' title='bbox 2164 533 2205 588; x_wconf 77' lang='grc' dir='ltr'><strong>Α</strong></span> 
     </span>
    </p>
   </div>
   <div class='ocr_carea' id='block_1_3' title="bbox 632 624 2128 705">
    <p class='ocr_par' dir='ltr' id='par_1_3' title="bbox 632 624 2128 705">
     <span class='ocr_line' id='line_1_3' title="bbox 632 624 2128 705; baseline -0.015 -13"><span class='ocrx_word' id='word_1_12' title='bbox 632 638 753 692; x_wconf 86' lang='lat' dir='ltr'><strong>dem</strong></span> <span class='ocrx_word' id='word_1_13' title='bbox 784 634 1025 705; x_wconf 81' lang='lat' dir='ltr'><strong>negavit;</strong></span> <span class='ocrx_word' id='word_1_14' title='bbox 1057 632 1150 686; x_wconf 89' lang='lat' dir='ltr'><strong>sed</strong></span> <span class='ocrx_word' id='word_1_15' title='bbox 1173 631 1404 683; x_wconf 87' lang='lat' dir='ltr'><strong>missum</strong></span> <span class='ocrx_word' id='word_1_16' title='bbox 1435 643 1492 681; x_wconf 87' lang='lat' dir='ltr'><strong>se</strong></span> <span class='ocrx_word' id='word_1_17' title='bbox 1523 627 1600 679; x_wconf 90' lang='lat' dir='ltr'><strong>ait</strong></span> <span class='ocrx_word' id='word_1_18' title='bbox 1630 627 1698 679; x_wconf 87' lang='lat' dir='ltr'><strong>ab</strong></span> <span class='ocrx_word' id='word_1_19' title='bbox 1728 624 1895 678; x_wconf 85' lang='lat' dir='ltr'><strong>Saule</strong></span> <span class='ocrx_word' id='word_1_20' title='bbox 1931 630 2128 689; x_wconf 88' lang='lat' dir='ltr'><strong>pustu-</strong></span> 
     </span>
    </p>
   </div>
   <div class='ocr_carea' id='block_1_4' title="bbox 636 711 2132 787">
    <p class='ocr_par' dir='ltr' id='par_1_4' title="bbox 636 711 2132 787">
     <span class='ocr_line' id='line_1_4' title="bbox 636 711 2132 787; baseline -0.014 -3"><span class='ocrx_word' id='word_1_21' title='bbox 636 731 804 784; x_wconf 87' lang='lat' dir='ltr'><strong>latum</strong></span> <span class='ocrx_word' id='word_1_22' title='bbox 832 726 1066 780; x_wconf 84' lang='lat' dir='ltr'><strong>Goliathi</strong></span> <span class='ocrx_word' id='word_1_23' title='bbox 1097 739 1304 778; x_wconf 84' lang='lat' dir='ltr'><strong>ensem.</strong></span> <span class='ocrx_word' id='word_1_24' title='bbox 1344 721 1618 787; x_wconf 80' lang='lat' dir='ltr'><strong>Quoniam</strong></span> <span class='ocrx_word' id='word_1_25' title='bbox 1665 719 1829 787; x_wconf 77' lang='lat' dir='ltr'><strong>igitur</strong></span> <span class='ocrx_word' id='word_1_26' title='bbox 1859 713 2005 768; x_wconf 80' lang='lat' dir='ltr'><strong>aliud</strong></span> <span class='ocrx_word' id='word_1_27' title='bbox 2046 711 2132 765; x_wconf 89' lang='lat' dir='ltr'><strong>di-</strong></span> 
     </span>
    </p>
   </div>
   <div class='ocr_carea' id='block_1_5' title="bbox 637 809 2135 881">
    <p class='ocr_par' dir='ltr' id='par_1_5' title="bbox 637 809 2135 881">
     <span class='ocr_line' id='line_1_5' title="bbox 637 809 2135 881; baseline -0.011 -6"><span class='ocrx_word' id='word_1_28' title='bbox 637 821 792 875; x_wconf 89' lang='lat' dir='ltr'><strong>cebat</strong></span> <span class='ocrx_word' id='word_1_29' title='bbox 823 818 968 873; x_wconf 87' lang='lat' dir='ltr'><strong>aliud</strong></span> <span class='ocrx_word' id='word_1_30' title='bbox 1009 816 1298 878; x_wconf 81' lang='lat' dir='ltr'><strong>sentiebat,</strong></span> <span class='ocrx_word' id='word_1_31' title='bbox 1330 813 1667 881; x_wconf 89' lang='lat' dir='ltr'><strong>descriptum</strong></span> <span class='ocrx_word' id='word_1_32' title='bbox 1701 822 1785 863; x_wconf 88' lang='lat' dir='ltr'><strong>est</strong></span> <span class='ocrx_word' id='word_1_33' title='bbox 1810 809 2135 861; x_wconf 82' lang='lat' dir='ltr'><strong>immutasse</strong></span> 
     </span>
    </p>
   </div>
   <div class='ocr_carea' id='block_1_6' title="bbox 635 903 2139 971">
    <p class='ocr_par' dir='ltr' id='par_1_6' title="bbox 635 903 2139 971">
     <span class='ocr_line' id='line_1_6' title="bbox 635 903 2139 971; baseline -0.011 -6"><span class='ocrx_word' id='word_1_34' title='bbox 635 911 845 966; x_wconf 80' lang='lat' dir='ltr'><strong>vultum</strong></span> <span class='ocrx_word' id='word_1_35' title='bbox 877 925 1057 964; x_wconf 90' lang='lat' dir='ltr'><strong>suum.</strong></span> <span class='ocrx_word' id='word_1_36' title='bbox 1113 907 1275 961; x_wconf 88' lang='lat' dir='ltr'><strong>Canit</strong></span> <span class='ocrx_word' id='word_1_37' title='bbox 1308 914 1488 958; x_wconf 87' lang='lat' dir='ltr'><strong>autem</strong></span> <span class='ocrx_word' id='word_1_38' title='bbox 1547 903 1814 971; x_wconf 83' lang='lat' dir='ltr'><strong>psalmum</strong></span> <span class='ocrx_word' id='word_1_39' title='bbox 1874 913 2015 953; x_wconf 85' lang='lat' dir='ltr'><strong>novo</strong></span> <span class='ocrx_word' id='word_1_40' title='bbox 2043 912 2139 965; x_wconf 93' lang='lat' dir='ltr'><strong>po-</strong></span> 
     </span>
    </p>
   </div>
   <div class='ocr_carea' id='block_1_7' title="bbox 637 993 2139 1074">
    <p class='ocr_par' dir='ltr' id='par_1_7' title="bbox 637 993 2139 1074">
     <span class='ocr_line' id='line_1_7' title="bbox 637 993 2139 1074; baseline -0.011 -16"><span class='ocrx_word' id='word_1_41' title='bbox 637 1003 788 1074; x_wconf 90' lang='lat' dir='ltr'><strong>pulo,</strong></span> <span class='ocrx_word' id='word_1_42' title='bbox 824 1001 1126 1056; x_wconf 86' lang='lat' dir='ltr'><strong>doctrinam</strong></span> <span class='ocrx_word' id='word_1_43' title='bbox 1177 998 1533 1053; x_wconf 85' lang='lat' dir='ltr'><strong>introdueens</strong></span> <span class='ocrx_word' id='word_1_44' title='bbox 1568 993 1870 1065; x_wconf 87' lang='lat' dir='ltr'><strong>spiritualis</strong></span> <span class='ocrx_word' id='word_1_45' title='bbox 1897 999 2139 1045; x_wconf 82' lang='lat' dir='ltr'><strong>etevan-</strong></span> 
     </span>
    </p>
   </div>
   <div class='ocr_carea' id='block_1_8' title="bbox 643 1093 1036 1166">
    <p class='ocr_par' dir='ltr' id='par_1_8' title="bbox 643 1093 1036 1166">
     <span class='ocr_line' id='line_1_8' title="bbox 643 1093 1036 1166; baseline 0 -18"><span class='ocrx_word' id='word_1_46' title='bbox 643 1094 798 1166; x_wconf 76' lang='lat' dir='ltr'><strong>gelici</strong></span> <span class='ocrx_word' id='word_1_47' title='bbox 830 1093 1036 1148; x_wconf 88' lang='lat' dir='ltr'><strong>cultus.</strong></span> 
     </span>
    </p>
   </div>
   <div class='ocr_carea' id='block_1_9' title="bbox 641 1259 2145 1332">
    <p class='ocr_par' dir='ltr' id='par_1_9' title="bbox 641 1259 2145 1332">
     <span class='ocr_line' id='line_1_9' title="bbox 641 1259 2145 1332; baseline -0.011 -2"><span class='ocrx_word' id='word_1_48' title='bbox 641 1275 698 1330; x_wconf 73' lang='lat'><strong>2.</strong></span> <span class='ocrx_word' id='word_1_49' title='bbox 738 1274 1050 1329; x_wconf 83' lang='lat' dir='ltr'><strong>Benedicam</strong></span> <span class='ocrx_word' id='word_1_50' title='bbox 1095 1271 1377 1325; x_wconf 90' lang='lat' dir='ltr'><strong>Dominum</strong></span> <span class='ocrx_word' id='word_1_51' title='bbox 1437 1271 1492 1323; x_wconf 89' lang='lat' dir='ltr'><strong>in</strong></span> <span class='ocrx_word' id='word_1_52' title='bbox 1542 1268 1684 1321; x_wconf 90' lang='lat' dir='ltr'><strong>omni</strong></span> <span class='ocrx_word' id='word_1_53' title='bbox 1727 1276 2021 1332; x_wconf 86' lang='lat' dir='ltr'><strong>tempore...</strong></span> <span class='ocrx_word' id='word_1_54' title='bbox 2077 1259 2145 1314; x_wconf 86' lang='lat' dir='ltr'><strong>In</strong></span> 
     </span>
    </p>
   </div>
   <div class='ocr_carea' id='block_1_10' title="bbox 577 1353 2144 1420">
    <p class='ocr_par' dir='ltr' id='par_1_10' title="bbox 577 1353 2144 1420">
     <span class='ocr_line' id='line_1_10' title="bbox 577 1353 2144 1420; baseline -0.01 0"><span class='ocrx_word' id='word_1_55' title='bbox 577 1368 798 1420; x_wconf 88' lang='lat' dir='ltr'><strong>Domino</strong></span> <span class='ocrx_word' id='word_1_56' title='bbox 843 1365 1151 1419; x_wconf 81' lang='lat' dir='ltr'><strong>laudabitur</strong></span> <span class='ocrx_word' id='word_1_57' title='bbox 1192 1365 1372 1416; x_wconf 90' lang='lat' dir='ltr'><strong>anima</strong></span> <span class='ocrx_word' id='word_1_58' title='bbox 1422 1379 1556 1416; x_wconf 89' lang='lat' dir='ltr'><strong>mea.</strong></span> <span class='ocrx_word' id='word_1_59' title='bbox 1593 1359 1819 1413; x_wconf 84' lang='lat' dir='ltr'><strong>Etiamsi</strong></span> <span class='ocrx_word' id='word_1_60' title='bbox 1872 1356 2031 1410; x_wconf 76' lang='lat' dir='ltr'><strong>laude</strong></span> <span class='ocrx_word' id='word_1_61' title='bbox 2058 1353 2144 1405; x_wconf 86' lang='lat' dir='ltr'><strong>di-</strong></span> 
     </span>
    </p>
   </div>
   <div class='ocr_carea' id='block_1_11' title="bbox 577 1446 2147 1530">
    <p class='ocr_par' dir='ltr' id='par_1_11' title="bbox 577 1446 2147 1530">
     <span class='ocr_line' id='line_1_11' title="bbox 577 1446 2147 1530; baseline -0.011 -16"><span class='ocrx_word' id='word_1_62' title='bbox 577 1475 716 1530; x_wconf 79' lang='lat' dir='ltr'><strong>gnus</strong></span> <span class='ocrx_word' id='word_1_63' title='bbox 742 1460 867 1522; x_wconf 90' lang='lat' dir='ltr'><strong>sim,</strong></span> <span class='ocrx_word' id='word_1_64' title='bbox 923 1456 1048 1526; x_wconf 83' lang='lat' dir='ltr'><strong>quia</strong></span> <span class='ocrx_word' id='word_1_65' title='bbox 1079 1456 1329 1510; x_wconf 91' lang='lat' dir='ltr'><strong>nonnihil</strong></span> <span class='ocrx_word' id='word_1_66' title='bbox 1369 1454 1500 1507; x_wconf 87' lang='lat' dir='ltr'><strong>boni</strong></span> <span class='ocrx_word' id='word_1_67' title='bbox 1530 1453 1583 1506; x_wconf 93' lang='lat' dir='ltr'><strong>in</strong></span> <span class='ocrx_word' id='word_1_68' title='bbox 1611 1451 1867 1520; x_wconf 81' lang='lat' dir='ltr'><strong>operibus</strong></span> <span class='ocrx_word' id='word_1_69' title='bbox 1894 1446 2028 1500; x_wconf 87' lang='lat' dir='ltr'><strong>meis</strong></span> <span class='ocrx_word' id='word_1_70' title='bbox 2062 1460 2147 1497; x_wconf 85' lang='lat' dir='ltr'><strong>re-</strong></span> 
     </span>
    </p>
   </div>
   <div class='ocr_carea' id='block_1_12' title="bbox 578 1537 2149 1621">
    <p class='ocr_par' dir='ltr' id='par_1_12' title="bbox 578 1537 2149 1621">
     <span class='ocr_line' id='line_1_12' title="bbox 578 1537 2149 1621; baseline -0.011 -15"><span class='ocrx_word' id='word_1_71' title='bbox 578 1552 804 1621; x_wconf 81' lang='lat' dir='ltr'><strong>peritur,</strong></span> <span class='ocrx_word' id='word_1_72' title='bbox 833 1552 884 1605; x_wconf 91' lang='lat' dir='ltr'><strong>id</strong></span> <span class='ocrx_word' id='word_1_73' title='bbox 917 1565 1024 1603; x_wconf 92' lang='lat' dir='ltr'><strong>non</strong></span> <span class='ocrx_word' id='word_1_74' title='bbox 1074 1549 1206 1602; x_wconf 85' lang='lat' dir='ltr'><strong>mihi</strong></span> <span class='ocrx_word' id='word_1_75' title='bbox 1247 1548 1339 1601; x_wconf 91' lang='lat' dir='ltr'><strong>sed</strong></span> <span class='ocrx_word' id='word_1_76' title='bbox 1387 1545 1497 1598; x_wconf 90' lang='lat' dir='ltr'><strong>Deo</strong></span> <span class='ocrx_word' id='word_1_77' title='bbox 1542 1539 1923 1597; x_wconf 84' lang='lat' dir='ltr'><strong>ascribendnm</strong></span> <span class='ocrx_word' id='word_1_78' title='bbox 1969 1556 1981 1592; x_wconf 94' lang='lat'><strong>:</strong></span> <span class='ocrx_word' id='word_1_79' title='bbox 2035 1537 2149 1604; x_wconf 81' lang='lat' dir='ltr'><strong>ipse</strong></span> 
     </span>
    </p>
   </div>
   <div class='ocr_carea' id='block_1_13' title="bbox 579 1628 2148 1706">
    <p class='ocr_par' dir='ltr' id='par_1_13' title="bbox 579 1628 2148 1706">
     <span class='ocr_line' id='line_1_13' title="bbox 579 1628 2148 1706; baseline -0.013 -8"><span class='ocrx_word' id='word_1_80' title='bbox 579 1654 742 1699; x_wconf 89' lang='lat' dir='ltr'><strong>meet</strong></span> <span class='ocrx_word' id='word_1_81' title='bbox 767 1645 1027 1698; x_wconf 86' lang='lat' dir='ltr'><strong>illustrem</strong></span> <span class='ocrx_word' id='word_1_82' title='bbox 1087 1639 1268 1694; x_wconf 70' lang='lat' dir='ltr'><strong>etfacit</strong></span> <span class='ocrx_word' id='word_1_83' title='bbox 1317 1647 1371 1693; x_wconf 89' lang='lat' dir='ltr'><strong>et</strong></span> <span class='ocrx_word' id='word_1_84' title='bbox 1415 1635 1736 1706; x_wconf 68' lang='lat' dir='ltr'><strong>praeclarum</strong></span> <span class='ocrx_word' id='word_1_85' title='bbox 1786 1630 2003 1684; x_wconf 81' lang='lat' dir='ltr'><strong>cﬂiciet.</strong></span> <span class='ocrx_word' id='word_1_86' title='bbox 2034 1628 2148 1680; x_wconf 84' lang='lat' dir='ltr'><strong>Au-</strong></span> 
     </span>
    </p>
   </div>
   <div class='ocr_carea' id='block_1_14' title="bbox 578 1718 2150 1788">
    <p class='ocr_par' dir='ltr' id='par_1_14' title="bbox 578 1718 2150 1788">
     <span class='ocr_line' id='line_1_14' title="bbox 578 1718 2150 1788; baseline -0.01 -3"><span class='ocrx_word' id='word_1_87' title='bbox 578 1734 731 1788; x_wconf 87' lang='lat' dir='ltr'><strong>diant</strong></span> <span class='ocrx_word' id='word_1_88' title='bbox 767 1734 1025 1786; x_wconf 85' lang='lat' dir='ltr'><strong>mansueti</strong></span> <span class='ocrx_word' id='word_1_89' title='bbox 1053 1742 1100 1786; x_wconf 92' lang='lat' dir='ltr'><strong>et</strong></span> <span class='ocrx_word' id='word_1_90' title='bbox 1129 1732 1392 1785; x_wconf 72' lang='lat' dir='ltr'><strong>(celentur.</strong></span> <span class='ocrx_word' id='word_1_91' title='bbox 1424 1726 1664 1779; x_wconf 85' lang='lat' dir='ltr'><strong>Salutem</strong></span> <span class='ocrx_word' id='word_1_92' title='bbox 1700 1722 1832 1776; x_wconf 91' lang='lat' dir='ltr'><strong>mihi</strong></span> <span class='ocrx_word' id='word_1_93' title='bbox 1859 1737 1888 1773; x_wconf 92' lang='lat' dir='ltr'><strong>a</strong></span> <span class='ocrx_word' id='word_1_94' title='bbox 1918 1718 2150 1772; x_wconf 87' lang='lat' dir='ltr'><strong>Domino</strong></span> 
     </span>
    </p>
   </div>
   <div class='ocr_carea' id='block_1_15' title="bbox 582 1809 2150 1893">
    <p class='ocr_par' dir='ltr' id='par_1_15' title="bbox 582 1809 2150 1893">
     <span class='ocr_line' id='line_1_15' title="bbox 582 1809 2150 1893; baseline -0.013 -14"><span class='ocrx_word' id='word_1_95' title='bbox 582 1840 900 1880; x_wconf 85' lang='lat' dir='ltr'><strong>concessam</strong></span> <span class='ocrx_word' id='word_1_96' title='bbox 926 1824 1153 1893; x_wconf 85' lang='lat' dir='ltr'><strong>quilibet</strong></span> <span class='ocrx_word' id='word_1_97' title='bbox 1183 1822 1366 1890; x_wconf 87' lang='lat' dir='ltr'><strong>justus</strong></span> <span class='ocrx_word' id='word_1_98' title='bbox 1394 1819 1437 1872; x_wconf 89' lang='lat' dir='ltr'><strong>si</strong></span> <span class='ocrx_word' id='word_1_99' title='bbox 1472 1818 1658 1870; x_wconf 82' lang='lat' dir='ltr'><strong>audiat</strong></span> <span class='ocrx_word' id='word_1_100' title='bbox 1719 1814 1933 1867; x_wconf 63' lang='lat' dir='ltr'><strong>laetatus</strong></span> <span class='ocrx_word' id='word_1_101' title='bbox 1965 1809 2150 1862; x_wconf 85' lang='lat' dir='ltr'><strong>luerit.</strong></span> 
     </span>
    </p>
   </div>
   <div class='ocr_carea' id='block_1_16' title="bbox 1410 403 2999 474">
    <p class='ocr_par' dir='ltr' id='par_1_16' title="bbox 1410 403 2999 474">
     <span class='ocr_line' id='line_1_16' title="bbox 1410 403 2999 474; baseline -0.01 -1"><span class='ocrx_word' id='word_1_102' title='bbox 1410 421 1464 474; x_wconf 67' lang='grc' dir='ltr'><strong>ὁ.</strong></span> <span class='ocrx_word' id='word_1_103' title='bbox 1511 412 1882 471; x_wconf 70' lang='grc' dir='ltr'><strong>ΛἸῚΙΑΝᾹΞΙΙ</strong></span> <span class='ocrx_word' id='word_1_104' title='bbox 1921 411 2073 468; x_wconf 82' lang='lat' dir='ltr'><strong>OPP.</strong></span> <span class='ocrx_word' id='word_1_105' title='bbox 2121 406 2303 462; x_wconf 72' lang='lat' dir='ltr'><strong>PARS</strong></span> <span class='ocrx_word' id='word_1_106' title='bbox 2344 405 2433 459; x_wconf 82' lang='grc' dir='ltr'><strong>ιη.</strong></span> <span class='ocrx_word' id='word_1_107' title='bbox 2477 435 2545 444; x_wconf 92' lang='grc'><strong><em>-</em></strong></span> <span class='ocrx_word' id='word_1_108' title='bbox 2582 403 2999 459; x_wconf 72' lang='lat' dir='ltr'><strong>EXEGETICA.</strong></span> 
     </span>
    </p>
   </div>
   <div class='ocr_carea' id='block_1_17' title="bbox 3714 400 3820 455">
    <p class='ocr_par' dir='ltr' id='par_1_17' title="bbox 3714 400 3820 455">
     <span class='ocr_line' id='line_1_17' title="bbox 3714 400 3820 455; baseline 0.009 -1"><span class='ocrx_word' id='word_1_109' title='bbox 3714 400 3820 455; x_wconf 78' lang='grc'><strong>168</strong></span> 
     </span>
    </p>
   </div>
   <div class='ocr_carea' id='block_1_18' title="bbox 2306 514 3818 591">
    <p class='ocr_par' dir='ltr' id='par_1_18' title="bbox 2306 514 3818 591">
     <span class='ocr_line' id='line_1_18' title="bbox 2306 514 3818 591; baseline -0.004 -18"><span class='ocrx_word' id='word_1_110' title='bbox 2306 522 2406 591; x_wconf 78' lang='grc' dir='ltr'>τῆς</span> <span class='ocrx_word' id='word_1_111' title='bbox 2449 521 2684 590; x_wconf 63' lang='grc' dir='ltr'>ἀφίξεως</span> <span class='ocrx_word' id='word_1_112' title='bbox 2714 520 2809 590; x_wconf 76' lang='grc' dir='ltr'>τὴν</span> <span class='ocrx_word' id='word_1_113' title='bbox 2856 519 3032 572; x_wconf 77' lang='grc' dir='ltr'><strong>αἰτίαν</strong></span> <span class='ocrx_word' id='word_1_114' title='bbox 3078 517 3428 588; x_wconf 80' lang='grc' dir='ltr'><strong>ἐρωτώμενος</strong></span> <span class='ocrx_word' id='word_1_115' title='bbox 3470 514 3599 585; x_wconf 78' lang='grc' dir='ltr'>παρ’</span> <span class='ocrx_word' id='word_1_116' title='bbox 3629 515 3818 576; x_wconf 79' lang='grc' dir='ltr'>αὑτοῦ,</span> 
     </span>
    </p>
   </div>
   <div class='ocr_carea' id='block_1_19' title="bbox 2307 608 3821 685">
    <p class='ocr_par' dir='ltr' id='par_1_19' title="bbox 2307 608 3821 685">
     <span class='ocr_line' id='line_1_19' title="bbox 2307 608 3821 685; baseline -0.001 -19"><span class='ocrx_word' id='word_1_117' title='bbox 2307 616 2404 685; x_wconf 81' lang='grc' dir='ltr'><strong>τὴν</strong></span> <span class='ocrx_word' id='word_1_118' title='bbox 2436 614 2610 685; x_wconf 74' lang='grc' dir='ltr'>φυγὴν</span> <span class='ocrx_word' id='word_1_119' title='bbox 2636 614 2736 684; x_wconf 83' lang='grc' dir='ltr'><strong>μὲν</strong></span> <span class='ocrx_word' id='word_1_120' title='bbox 2761 615 3054 683; x_wconf 73' lang='grc' dir='ltr'>ἠρνήσατο·</span> <span class='ocrx_word' id='word_1_121' title='bbox 3083 610 3413 666; x_wconf 76' lang='grc' dir='ltr'><strong>ἀπεστάλθαι</strong></span> <span class='ocrx_word' id='word_1_122' title='bbox 3436 611 3490 663; x_wconf 84' lang='grc' dir='ltr'><strong>δὲ</strong></span> <span class='ocrx_word' id='word_1_123' title='bbox 3515 608 3636 662; x_wconf 73' lang='grc' dir='ltr'>εἷπε</span> <span class='ocrx_word' id='word_1_124' title='bbox 3666 610 3821 681; x_wconf 69' lang='grc' dir='ltr'>παρὰ</span> 
     </span>
    </p>
   </div>
   <div class='ocr_carea' id='block_1_20' title="bbox 2303 700 3824 774">
    <p class='ocr_par' dir='ltr' id='par_1_20' title="bbox 2303 700 3824 774">
     <span class='ocr_line' id='line_1_20' title="bbox 2303 700 3824 774; baseline -0.004 -16"><span class='ocrx_word' id='word_1_125' title='bbox 2303 705 2398 758; x_wconf 77' lang='grc' dir='ltr'>τοῦ</span> <span class='ocrx_word' id='word_1_126' title='bbox 2431 705 2600 758; x_wconf 75' lang='grc' dir='ltr'>Σαοὺλ</span> <span class='ocrx_word' id='word_1_127' title='bbox 2623 745 2636 768; x_wconf 89' lang='grc'><strong>,</strong></span> <span class='ocrx_word' id='word_1_128' title='bbox 2685 704 2760 767; x_wconf 86' lang='grc' dir='ltr'>ὼς</span> <span class='ocrx_word' id='word_1_129' title='bbox 2789 704 2885 756; x_wconf 76' lang='grc' dir='ltr'><strong>καὶ</strong></span> <span class='ocrx_word' id='word_1_130' title='bbox 2913 707 3010 774; x_wconf 78' lang='grc' dir='ltr'><strong>τὴν</strong></span> <span class='ocrx_word' id='word_1_131' title='bbox 3040 703 3312 774; x_wconf 74' lang='grc' dir='ltr'><strong>ῥομφαίαν</strong></span> <span class='ocrx_word' id='word_1_132' title='bbox 3348 702 3570 773; x_wconf 82' lang='grc' dir='ltr'>αἰτῆσαι</span> <span class='ocrx_word' id='word_1_133' title='bbox 3605 700 3699 754; x_wconf 83' lang='grc' dir='ltr'>τοῦ</span> <span class='ocrx_word' id='word_1_134' title='bbox 3733 702 3824 753; x_wconf 80' lang='grc' dir='ltr'><strong>Γο·</strong></span> 
     </span>
    </p>
   </div>
   <div class='ocr_carea' id='block_1_21' title="bbox 2307 790 3828 864">
    <p class='ocr_par' dir='ltr' id='par_1_21' title="bbox 2307 790 3828 864">
     <span class='ocr_line' id='line_1_21' title="bbox 2307 790 3828 864; baseline -0.004 -14"><span class='ocrx_word' id='word_1_135' title='bbox 2307 797 2451 850; x_wconf 87' lang='grc' dir='ltr'>λιάθ.</span> <span class='ocrx_word' id='word_1_136' title='bbox 2491 797 2644 849; x_wconf 76' lang='grc' dir='ltr'>Ἐπεὶ</span> <span class='ocrx_word' id='word_1_137' title='bbox 2673 796 2853 849; x_wconf 78' lang='grc' dir='ltr'>τοίνυν</span> <span class='ocrx_word' id='word_1_138' title='bbox 2883 795 3018 849; x_wconf 83' lang='grc' dir='ltr'>ἄλλα</span> <span class='ocrx_word' id='word_1_139' title='bbox 3070 795 3168 864; x_wconf 82' lang='grc' dir='ltr'><strong>μὲν</strong></span> <span class='ocrx_word' id='word_1_140' title='bbox 3204 790 3378 858; x_wconf 82' lang='grc' dir='ltr'>εἶπεν,</span> <span class='ocrx_word' id='word_1_141' title='bbox 3409 793 3543 847; x_wconf 75' lang='grc' dir='ltr'>ἄλλα</span> <span class='ocrx_word' id='word_1_142' title='bbox 3569 792 3624 846; x_wconf 78' lang='grc' dir='ltr'><strong>δὲ</strong></span> <span class='ocrx_word' id='word_1_143' title='bbox 3663 791 3828 862; x_wconf 74' lang='grc' dir='ltr'>ἐφρό-</span> 
     </span>
    </p>
   </div>
   <div class='ocr_carea' id='block_1_22' title="bbox 2310 884 3827 958">
    <p class='ocr_par' dir='ltr' id='par_1_22' title="bbox 2310 884 3827 958">
     <span class='ocr_line' id='line_1_22' title="bbox 2310 884 3827 958; baseline -0.004 -18"><span class='ocrx_word' id='word_1_144' title='bbox 2310 906 2391 940; x_wconf 88' lang='grc' dir='ltr'><strong>νει</strong></span> <span class='ocrx_word' id='word_1_145' title='bbox 2412 927 2426 948; x_wconf 84' lang='lat'><strong>.</strong></span> <span class='ocrx_word' id='word_1_146' title='bbox 2469 888 2880 958; x_wconf 67' lang='grc' dir='ltr'>ἀναγέγραπται</span> <span class='ocrx_word' id='word_1_147' title='bbox 2907 887 2964 940; x_wconf 79' lang='grc' dir='ltr'><strong>το</strong></span> <span class='ocrx_word' id='word_1_148' title='bbox 2986 884 3384 953; x_wconf 66' lang='grc' dir='ltr'>ἠλλοιωκέναι</span> <span class='ocrx_word' id='word_1_149' title='bbox 3408 885 3473 936; x_wconf 86' lang='grc' dir='ltr'>τὸ</span> <span class='ocrx_word' id='word_1_150' title='bbox 3497 886 3827 952; x_wconf 62' lang='grc' dir='ltr'>πρόσωπον</span> 
     </span>
    </p>
   </div>
   <div class='ocr_carea' id='block_1_23' title="bbox 2310 975 3832 1051">
    <p class='ocr_par' dir='ltr' id='par_1_23' title="bbox 2310 975 3832 1051">
     <span class='ocr_line' id='line_1_23' title="bbox 2310 975 3832 1051; baseline -0.002 -20"><span class='ocrx_word' id='word_1_151' title='bbox 2310 981 2514 1034; x_wconf 83' lang='grc' dir='ltr'>αὐτοῦ.</span> <span class='ocrx_word' id='word_1_152' title='bbox 2558 979 2708 1051; x_wconf 78' lang='grc' dir='ltr'>ᾋδει</span> <span class='ocrx_word' id='word_1_153' title='bbox 2733 980 2789 1032; x_wconf 80' lang='grc' dir='ltr'>δὲ</span> <span class='ocrx_word' id='word_1_154' title='bbox 2819 980 2909 1033; x_wconf 83' lang='grc' dir='ltr'><strong>τὸν</strong></span> <span class='ocrx_word' id='word_1_155' title='bbox 2933 979 3143 1049; x_wconf 60' lang='grc' dir='ltr'>ψαλμὸν</span> <span class='ocrx_word' id='word_1_156' title='bbox 3169 977 3247 1048; x_wconf 82' lang='grc' dir='ltr'>τῷ</span> <span class='ocrx_word' id='word_1_157' title='bbox 3277 977 3383 1047; x_wconf 80' lang='grc' dir='ltr'><strong>νέῳ</strong></span> <span class='ocrx_word' id='word_1_158' title='bbox 3415 975 3549 1046; x_wconf 81' lang='grc' dir='ltr'>λαῷ,</span> <span class='ocrx_word' id='word_1_159' title='bbox 3577 976 3832 1029; x_wconf 80' lang='grc' dir='ltr'>διδασκα-</span> 
     </span>
    </p>
   </div>
   <div class='ocr_carea' id='block_1_24' title="bbox 2312 1070 3834 1143">
    <p class='ocr_par' dir='ltr' id='par_1_24' title="bbox 2312 1070 3834 1143">
     <span class='ocr_line' id='line_1_24' title="bbox 2312 1070 3834 1143; baseline -0.003 -19"><span class='ocrx_word' id='word_1_160' title='bbox 2312 1072 2428 1126; x_wconf 87' lang='grc' dir='ltr'>λίαν</span> <span class='ocrx_word' id='word_1_161' title='bbox 2458 1074 2893 1143; x_wconf 77' lang='grc' dir='ltr'><strong>εἰσηγησάμενος</strong></span> <span class='ocrx_word' id='word_1_162' title='bbox 2924 1073 3025 1142; x_wconf 72' lang='grc' dir='ltr'>τῆς</span> <span class='ocrx_word' id='word_1_163' title='bbox 3054 1070 3433 1142; x_wconf 82' lang='grc' dir='ltr'><strong>πνευματικῆς</strong></span> <span class='ocrx_word' id='word_1_164' title='bbox 3469 1070 3564 1123; x_wconf 74' lang='grc' dir='ltr'><strong>καὶ</strong></span> <span class='ocrx_word' id='word_1_165' title='bbox 3603 1070 3834 1138; x_wconf 78' lang='grc' dir='ltr'>εὐαγγε-</span> 
     </span>
    </p>
   </div>
   <div class='ocr_carea' id='block_1_25' title="bbox 2312 1164 2773 1236">
    <p class='ocr_par' dir='ltr' id='par_1_25' title="bbox 2312 1164 2773 1236">
     <span class='ocr_line' id='line_1_25' title="bbox 2312 1164 2773 1236; baseline 0.004 -21"><span class='ocrx_word' id='word_1_166' title='bbox 2312 1164 2471 1234; x_wconf 78' lang='grc' dir='ltr'>λικῆς</span> <span class='ocrx_word' id='word_1_167' title='bbox 2500 1164 2773 1236; x_wconf 75' lang='grc' dir='ltr'><strong>λατρείας.</strong></span> 
     </span>
    </p>
   </div>
   <div class='ocr_carea' id='block_1_26' title="bbox 2315 1251 3836 1324">
    <p class='ocr_par' dir='ltr' id='par_1_26' title="bbox 2315 1251 3836 1324">
     <span class='ocr_line' id='line_1_26' title="bbox 2315 1251 3836 1324; baseline -0.005 -15"><span class='ocrx_word' id='word_1_168' title='bbox 2315 1255 2648 1324; x_wconf 65' lang='grc' dir='ltr'><strong>Εὺλοτήσω</strong></span> <span class='ocrx_word' id='word_1_169' title='bbox 2675 1255 2780 1307; x_wconf 75' lang='grc' dir='ltr'>τὸν</span> <span class='ocrx_word' id='word_1_170' title='bbox 2817 1256 3032 1323; x_wconf 80' lang='grc' dir='ltr'><strong>Κύριον</strong></span> <span class='ocrx_word' id='word_1_171' title='bbox 3069 1254 3137 1308; x_wconf 86' lang='grc' dir='ltr'>ἐν</span> <span class='ocrx_word' id='word_1_172' title='bbox 3171 1255 3348 1308; x_wconf 76' lang='grc' dir='ltr'>παντί</span> <span class='ocrx_word' id='word_1_173' title='bbox 3392 1252 3577 1321; x_wconf 77' lang='grc' dir='ltr'>καιρῷ</span> <span class='ocrx_word' id='word_1_174' title='bbox 3600 1293 3645 1307; x_wconf 93' lang='grc'><strong>..</strong></span> <span class='ocrx_word' id='word_1_175' title='bbox 3667 1291 3678 1304; x_wconf 94' lang='grc'><strong>.</strong></span> <span class='ocrx_word' id='word_1_176' title='bbox 3737 1251 3836 1302; x_wconf 81' lang='grc' dir='ltr'>Ἐν</span> 
     </span>
    </p>
   </div>
   <div class='ocr_carea' id='block_1_27' title="bbox 2243 1333 3837 1414">
    <p class='ocr_par' dir='ltr' id='par_1_27' title="bbox 2243 1333 3837 1414">
     <span class='ocr_line' id='line_1_27' title="bbox 2243 1333 3837 1414; baseline -0.004 -15"><span class='ocrx_word' id='word_1_177' title='bbox 2243 1345 2324 1412; x_wconf 84' lang='grc' dir='ltr'>τῷ</span> <span class='ocrx_word' id='word_1_178' title='bbox 2379 1347 2576 1414; x_wconf 82' lang='grc' dir='ltr'>Κυρίῳ</span> <span class='ocrx_word' id='word_1_179' title='bbox 2629 1347 3082 1413; x_wconf 78' lang='grc' dir='ltr'><strong>ἐπαινεθήσεται</strong></span> <span class='ocrx_word' id='word_1_180' title='bbox 3134 1348 3172 1412; x_wconf 74' lang='grc' dir='ltr'><strong><em>ἡ</em></strong></span> <span class='ocrx_word' id='word_1_181' title='bbox 3213 1345 3383 1414; x_wconf 69' lang='grc' dir='ltr'>ψυχή</span> <span class='ocrx_word' id='word_1_182' title='bbox 3434 1363 3570 1414; x_wconf 78' lang='grc' dir='ltr'>μου.</span> <span class='ocrx_word' id='word_1_183' title='bbox 3625 1343 3689 1396; x_wconf 86' lang='grc' dir='ltr'>Εἰ</span> <span class='ocrx_word' id='word_1_184' title='bbox 3739 1333 3837 1394; x_wconf 69' lang='grc' dir='ltr'><strong>καὶ</strong></span> 
     </span>
    </p>
   </div>
   <div class='ocr_carea' id='block_1_28' title="bbox 2246 1433 3838 1508">
    <p class='ocr_par' dir='ltr' id='par_1_28' title="bbox 2246 1433 3838 1508">
     <span class='ocr_line' id='line_1_28' title="bbox 2246 1433 3838 1508; baseline -0.003 -19"><span class='ocrx_word' id='word_1_185' title='bbox 2246 1436 2394 1502; x_wconf 82' lang='grc' dir='ltr'>ἄξιος</span> <span class='ocrx_word' id='word_1_186' title='bbox 2443 1437 2666 1490; x_wconf 79' lang='grc' dir='ltr'>ἐπαίνου</span> <span class='ocrx_word' id='word_1_187' title='bbox 2712 1439 2963 1506; x_wconf 79' lang='grc' dir='ltr'><strong>τυγχάνω</strong></span> <span class='ocrx_word' id='word_1_188' title='bbox 3003 1436 3318 1508; x_wconf 81' lang='grc' dir='ltr'>εὑρεθέντος</span> <span class='ocrx_word' id='word_1_189' title='bbox 3362 1437 3508 1498; x_wconf 74' lang='grc' dir='ltr'>τινὸς</span> <span class='ocrx_word' id='word_1_190' title='bbox 3554 1433 3722 1488; x_wconf 73' lang='grc' dir='ltr'>καλοῦ</span> <span class='ocrx_word' id='word_1_191' title='bbox 3777 1435 3838 1485; x_wconf 85' lang='grc' dir='ltr'>ὲν</span> 
     </span>
    </p>
   </div>
   <div class='ocr_carea' id='block_1_29' title="bbox 2245 1524 3840 1599">
    <p class='ocr_par' dir='ltr' id='par_1_29' title="bbox 2245 1524 3840 1599">
     <span class='ocr_line' id='line_1_29' title="bbox 2245 1524 3840 1599; baseline -0.004 -19"><span class='ocrx_word' id='word_1_192' title='bbox 2245 1532 2364 1591; x_wconf 86' lang='grc' dir='ltr'>ταῖς</span> <span class='ocrx_word' id='word_1_193' title='bbox 2400 1530 2561 1599; x_wconf 77' lang='grc' dir='ltr'>ἐμαῖς</span> <span class='ocrx_word' id='word_1_194' title='bbox 2604 1528 2887 1598; x_wconf 81' lang='grc' dir='ltr'>πράξεσιν,</span> <span class='ocrx_word' id='word_1_195' title='bbox 2918 1528 3074 1581; x_wconf 76' lang='grc' dir='ltr'>τοῦτο</span> <span class='ocrx_word' id='word_1_196' title='bbox 3115 1529 3214 1581; x_wconf 75' lang='grc' dir='ltr'><strong>οὐκ</strong></span> <span class='ocrx_word' id='word_1_197' title='bbox 3258 1527 3402 1598; x_wconf 67' lang='grc' dir='ltr'>ἐμοὶ,</span> <span class='ocrx_word' id='word_1_198' title='bbox 3431 1526 3570 1580; x_wconf 78' lang='grc' dir='ltr'>ἀλλὰ</span> <span class='ocrx_word' id='word_1_199' title='bbox 3605 1525 3684 1597; x_wconf 79' lang='grc' dir='ltr'>τῷ</span> <span class='ocrx_word' id='word_1_200' title='bbox 3714 1524 3840 1594; x_wconf 82' lang='grc' dir='ltr'><strong>Θεῷ</strong></span> 
     </span>
    </p>
   </div>
   <div class='ocr_carea' id='block_1_30' title="bbox 2249 1613 3843 1688">
    <p class='ocr_par' dir='ltr' id='par_1_30' title="bbox 2249 1613 3843 1688">
     <span class='ocr_line' id='line_1_30' title="bbox 2249 1613 3843 1688; baseline -0.004 -17"><span class='ocrx_word' id='word_1_201' title='bbox 2249 1618 2565 1671; x_wconf 82' lang='grc' dir='ltr'>ἀναθετέον·</span> <span class='ocrx_word' id='word_1_202' title='bbox 2612 1619 2771 1681; x_wconf 79' lang='grc' dir='ltr'>αὐτὸς</span> <span class='ocrx_word' id='word_1_203' title='bbox 2826 1618 2924 1688; x_wconf 76' lang='grc' dir='ltr'>ἐμὲ</span> <span class='ocrx_word' id='word_1_204' title='bbox 2959 1617 3052 1670; x_wconf 72' lang='grc' dir='ltr'><strong>καὶ</strong></span> <span class='ocrx_word' id='word_1_205' title='bbox 3101 1615 3367 1686; x_wconf 79' lang='grc' dir='ltr'>πεποίηκε</span> <span class='ocrx_word' id='word_1_206' title='bbox 3417 1613 3711 1684; x_wconf 73' lang='grc' dir='ltr'>περιφανῆ,</span> <span class='ocrx_word' id='word_1_207' title='bbox 3744 1613 3843 1664; x_wconf 76' lang='grc' dir='ltr'><strong>καὶ</strong></span> 
     </span>
    </p>
   </div>
   <div class='ocr_carea' id='block_1_31' title="bbox 2251 1705 3842 1782">
    <p class='ocr_par' dir='ltr' id='par_1_31' title="bbox 2251 1705 3842 1782">
     <span class='ocr_line' id='line_1_31' title="bbox 2251 1705 3842 1782; baseline -0.001 -22"><span class='ocrx_word' id='word_1_208' title='bbox 2251 1710 2466 1780; x_wconf 88' lang='grc' dir='ltr'>ποιήσει</span> <span class='ocrx_word' id='word_1_209' title='bbox 2516 1710 2896 1782; x_wconf 76' lang='grc' dir='ltr'>περίϐλεπτον.</span> <span class='ocrx_word' id='word_1_210' title='bbox 2953 1709 3409 1762; x_wconf 80' lang='grc' dir='ltr'>Ἁκουσάτωσαν</span> <span class='ocrx_word' id='word_1_211' title='bbox 3449 1705 3690 1775; x_wconf 77' lang='grc' dir='ltr'>πραεῖς,</span> <span class='ocrx_word' id='word_1_212' title='bbox 3735 1705 3842 1758; x_wconf 80' lang='grc' dir='ltr'>καὶ</span> 
     </span>
    </p>
   </div>
   <div class='ocr_carea' id='block_1_32' title="bbox 2253 1796 3842 1871">
    <p class='ocr_par' dir='ltr' id='par_1_32' title="bbox 2253 1796 3842 1871">
     <span class='ocr_line' id='line_1_32' title="bbox 2253 1796 3842 1871; baseline -0.003 -17"><span class='ocrx_word' id='word_1_213' title='bbox 2253 1803 2782 1870; x_wconf 67' lang='grc' dir='ltr'>εὐφρανθήτωσαν.</span> <span class='ocrx_word' id='word_1_214' title='bbox 2823 1802 2936 1871; x_wconf 82' lang='grc' dir='ltr'>Τὴν</span> <span class='ocrx_word' id='word_1_215' title='bbox 2974 1802 3098 1870; x_wconf 75' lang='grc' dir='ltr'>ἐμοὶ</span> <span class='ocrx_word' id='word_1_216' title='bbox 3146 1801 3517 1870; x_wconf 75' lang='grc' dir='ltr'>γεγενημένην</span> <span class='ocrx_word' id='word_1_217' title='bbox 3550 1797 3700 1869; x_wconf 75' lang='grc' dir='ltr'>παρὰ</span> <span class='ocrx_word' id='word_1_218' title='bbox 3745 1796 3842 1850; x_wconf 81' lang='grc' dir='ltr'>τοῦ</span> 
     </span>
    </p>
   </div>
   <div class='ocr_carea' id='block_1_33' title="bbox 580 1891 2198 1984">
    <p class='ocr_par' dir='ltr' id='par_1_33' title="bbox 580 1891 2198 1984">
     <span class='ocr_line' id='line_1_33' title="bbox 580 1891 2198 1984; baseline -0.013 -12"><span class='ocrx_word' id='word_1_219' title='bbox 580 1916 738 1984; x_wconf 80' lang='lat' dir='ltr'><strong>Quod</strong></span> <span class='ocrx_word' id='word_1_220' title='bbox 762 1924 942 1971; x_wconf 87' lang='lat' dir='ltr'><strong>autem</strong></span> <span class='ocrx_word' id='word_1_221' title='bbox 983 1915 1070 1968; x_wconf 89' lang='lat' dir='ltr'><strong>ille</strong></span> <span class='ocrx_word' id='word_1_222' title='bbox 1114 1915 1296 1969; x_wconf 78' lang='lat' dir='ltr'><strong>salvos</strong></span> <span class='ocrx_word' id='word_1_223' title='bbox 1329 1910 1495 1965; x_wconf 79' lang='lat' dir='ltr'><strong>faciat</strong></span> <span class='ocrx_word' id='word_1_224' title='bbox 1523 1914 1807 1976; x_wconf 88' lang='lat' dir='ltr'><strong>sperantes</strong></span> <span class='ocrx_word' id='word_1_225' title='bbox 1839 1905 1892 1956; x_wconf 90' lang='lat' dir='ltr'><strong>in</strong></span> <span class='ocrx_word' id='word_1_226' title='bbox 1923 1916 2002 1966; x_wconf 86' lang='lat' dir='ltr'><strong>se,</strong></span> <span class='ocrx_word' id='word_1_227' title='bbox 2038 1914 2146 1954; x_wconf 90' lang='lat' dir='ltr'><strong>non</strong></span> <span class='ocrx_word' id='word_1_228' title='bbox 2183 1891 2198 1943; x_wconf 93' lang='grc' dir='ltr'><strong>Ι</strong></span> 
     </span>
    </p>
   </div>
   <div class='ocr_carea' id='block_1_34' title="bbox 2283 1891 3840 1984">
    <p class='ocr_par' dir='ltr' id='par_1_34' title="bbox 2283 1891 3840 1969">
     <span class='ocr_line' id='line_1_34' title="bbox 2283 1891 3840 1969; baseline -0.005 -19"><span class='ocrx_word' id='word_1_229' title='bbox 2283 1899 2455 1969; x_wconf 75' lang='grc' dir='ltr'>ἱυρίου</span> <span class='ocrx_word' id='word_1_230' title='bbox 2498 1900 2771 1969; x_wconf 84' lang='grc' dir='ltr'>σωτηρίαν</span> <span class='ocrx_word' id='word_1_231' title='bbox 2813 1899 2921 1957; x_wconf 84' lang='grc' dir='ltr'><strong>πᾶς</strong></span> <span class='ocrx_word' id='word_1_232' title='bbox 2963 1895 3167 1958; x_wconf 82' lang='grc' dir='ltr'>δίκαιος</span> <span class='ocrx_word' id='word_1_233' title='bbox 3200 1893 3451 1965; x_wconf 76' lang='grc' dir='ltr'>ἀκηκοὼς</span> <span class='ocrx_word' id='word_1_234' title='bbox 3482 1891 3840 1963; x_wconf 73' lang='grc' dir='ltr'>εὐφρανθείη.</span> 
     </span>
    </p>
   </div>
   <div class='ocr_carea' id='block_1_35' title="bbox 585 1995 2148 2072">
    <p class='ocr_par' dir='ltr' id='par_1_35' title="bbox 585 1995 2148 2072">
     <span class='ocr_line' id='line_1_35' title="bbox 585 1995 2148 2072; baseline -0.012 -7"><span class='ocrx_word' id='word_1_235' title='bbox 585 2013 636 2066; x_wconf 90' lang='lat' dir='ltr'><strong>id</strong></span> <span class='ocrx_word' id='word_1_236' title='bbox 668 2011 908 2065; x_wconf 84' lang='lat' dir='ltr'><strong>admittit</strong></span> <span class='ocrx_word' id='word_1_237' title='bbox 955 2018 1016 2062; x_wconf 91' lang='lat' dir='ltr'><strong>ut</strong></span> <span class='ocrx_word' id='word_1_238' title='bbox 1047 2009 1198 2061; x_wconf 89' lang='lat' dir='ltr'><strong>solus</strong></span> <span class='ocrx_word' id='word_1_239' title='bbox 1259 2007 1520 2072; x_wconf 80' lang='lat' dir='ltr'><strong>hymnum</strong></span> <span class='ocrx_word' id='word_1_240' title='bbox 1559 2001 1725 2054; x_wconf 86' lang='lat' dir='ltr'><strong>edat:</strong></span> <span class='ocrx_word' id='word_1_241' title='bbox 1783 1997 1874 2051; x_wconf 89' lang='lat' dir='ltr'><strong>sed</strong></span> <span class='ocrx_word' id='word_1_242' title='bbox 1916 2011 2011 2049; x_wconf 92' lang='lat' dir='ltr'><strong>eos</strong></span> <span class='ocrx_word' id='word_1_243' title='bbox 2053 1995 2148 2062; x_wconf 85' lang='lat' dir='ltr'><strong>qui</strong></span> 
     </span>
    </p>
   </div>
   <div class='ocr_carea' id='block_1_36' title="bbox 585 2085 2153 2155">
    <p class='ocr_par' dir='ltr' id='par_1_36' title="bbox 585 2085 2153 2155">
     <span class='ocr_line' id='line_1_36' title="bbox 585 2085 2153 2155; baseline -0.008 -5"><span class='ocrx_word' id='word_1_244' title='bbox 585 2107 866 2152; x_wconf 78' lang='lat' dir='ltr'><strong>consortes</strong></span> <span class='ocrx_word' id='word_1_245' title='bbox 896 2106 1023 2150; x_wconf 88' lang='lat' dir='ltr'><strong>sunt</strong></span> <span class='ocrx_word' id='word_1_246' title='bbox 1053 2096 1353 2150; x_wconf 62' lang='lat' dir='ltr'><strong>clementiae</strong></span> <span class='ocrx_word' id='word_1_247' title='bbox 1389 2091 1624 2155; x_wconf 88' lang='lat' dir='ltr'><strong>Domini,</strong></span> <span class='ocrx_word' id='word_1_248' title='bbox 1679 2097 1964 2143; x_wconf 85' lang='lat' dir='ltr'><strong>consortes</strong></span> <span class='ocrx_word' id='word_1_249' title='bbox 1989 2085 2153 2140; x_wconf 80' lang='lat' dir='ltr'><strong>cﬂicit</strong></span> 
     </span>
    </p>
   </div>
   <div class='ocr_carea' id='block_1_37' title="bbox 587 2189 809 2245">
    <p class='ocr_par' dir='ltr' id='par_1_37' title="bbox 587 2189 809 2245">
     <span class='ocr_line' id='line_1_37' title="bbox 587 2189 809 2245; baseline 0.009 -2"><span class='ocrx_word' id='word_1_250' title='bbox 587 2189 809 2245; x_wconf 85' lang='lat' dir='ltr'><strong>cantici.</strong></span> 
     </span>
    </p>
   </div>
   <div class='ocr_carea' id='block_1_38' title="bbox 654 2269 2154 2349">
    <p class='ocr_par' dir='ltr' id='par_1_38' title="bbox 654 2269 2154 2349">
     <span class='ocr_line' id='line_1_38' title="bbox 654 2269 2154 2349; baseline -0.009 -15"><span class='ocrx_word' id='word_1_251' title='bbox 654 2281 708 2334; x_wconf 81' lang='grc'><strong>5.</strong></span> <span class='ocrx_word' id='word_1_252' title='bbox 741 2278 1080 2349; x_wconf 74' lang='lat' dir='ltr'><strong>Magni/ictuc</strong></span> <span class='ocrx_word' id='word_1_253' title='bbox 1108 2277 1388 2329; x_wconf 89' lang='lat' dir='ltr'><strong>Dominum</strong></span> <span class='ocrx_word' id='word_1_254' title='bbox 1422 2289 1590 2325; x_wconf 88' lang='lat' dir='ltr'><strong>meum</strong></span> <span class='ocrx_word' id='word_1_255' title='bbox 1649 2281 1698 2324; x_wconf 88' lang='lat' dir='ltr'><strong>et</strong></span> <span class='ocrx_word' id='word_1_256' title='bbox 1740 2269 2032 2323; x_wconf 75' lang='lat' dir='ltr'><strong>exaltemus</strong></span> <span class='ocrx_word' id='word_1_257' title='bbox 2061 2284 2154 2322; x_wconf 90' lang='lat' dir='ltr'><strong>no-</strong></span> 
     </span>
    </p>
   </div>
   <div class='ocr_carea' id='block_1_39' title="bbox 587 2361 2155 2439">
    <p class='ocr_par' dir='ltr' id='par_1_39' title="bbox 587 2361 2155 2439">
     <span class='ocr_line' id='line_1_39' title="bbox 587 2361 2155 2439; baseline -0.006 -17"><span class='ocrx_word' id='word_1_258' title='bbox 587 2388 702 2423; x_wconf 85' lang='lat' dir='ltr'><strong>men</strong></span> <span class='ocrx_word' id='word_1_259' title='bbox 728 2372 840 2439; x_wconf 82' lang='lat' dir='ltr'><strong>ejus</strong></span> <span class='ocrx_word' id='word_1_260' title='bbox 873 2371 928 2422; x_wconf 89' lang='lat' dir='ltr'><strong>in</strong></span> <span class='ocrx_word' id='word_1_261' title='bbox 949 2369 1200 2438; x_wconf 84' lang='lat' dir='ltr'><strong>idipsum.</strong></span> <span class='ocrx_word' id='word_1_262' title='bbox 1232 2364 1398 2432; x_wconf 83' lang='lat' dir='ltr'><strong>Quasi</strong></span> <span class='ocrx_word' id='word_1_263' title='bbox 1450 2381 1560 2418; x_wconf 91' lang='lat' dir='ltr'><strong>non</strong></span> <span class='ocrx_word' id='word_1_264' title='bbox 1603 2361 1837 2418; x_wconf 79' lang='lat' dir='ltr'><strong>sulIiciat</strong></span> <span class='ocrx_word' id='word_1_265' title='bbox 1865 2361 1981 2432; x_wconf 90' lang='lat' dir='ltr'><strong>ipse</strong></span> <span class='ocrx_word' id='word_1_266' title='bbox 2005 2361 2155 2416; x_wconf 89' lang='lat' dir='ltr'><strong>solus</strong></span> 
     </span>
    </p>
   </div>
   <div class='ocr_carea' id='block_1_40' title="bbox 593 2455 2156 2532">
    <p class='ocr_par' dir='ltr' id='par_1_40' title="bbox 593 2455 2156 2532">
     <span class='ocr_line' id='line_1_40' title="bbox 593 2455 2156 2532; baseline -0.006 -16"><span class='ocrx_word' id='word_1_267' title='bbox 593 2463 1050 2532; x_wconf 73' lang='lat' dir='ltr'><strong>magniﬁcentiam</strong></span> <span class='ocrx_word' id='word_1_268' title='bbox 1109 2460 1200 2513; x_wconf 79' lang='lat' dir='ltr'><strong>Dei</strong></span> <span class='ocrx_word' id='word_1_269' title='bbox 1249 2458 1556 2523; x_wconf 85' lang='lat' dir='ltr'><strong>enuntiare,</strong></span> <span class='ocrx_word' id='word_1_270' title='bbox 1609 2456 1850 2526; x_wconf 87' lang='lat' dir='ltr'><strong>postulat</strong></span> <span class='ocrx_word' id='word_1_271' title='bbox 1877 2470 1939 2509; x_wconf 89' lang='lat' dir='ltr'><strong>ca</strong></span> <span class='ocrx_word' id='word_1_272' title='bbox 1989 2455 2044 2508; x_wconf 92' lang='lat' dir='ltr'><strong>in</strong></span> <span class='ocrx_word' id='word_1_273' title='bbox 2097 2469 2156 2507; x_wconf 90' lang='lat' dir='ltr'><strong>re</strong></span> 
     </span>
    </p>
   </div>
   <div class='ocr_carea' id='block_1_41' title="bbox 591 2554 1470 2626">
    <p class='ocr_par' dir='ltr' id='par_1_41' title="bbox 591 2554 1470 2626">
     <span class='ocr_line' id='line_1_41' title="bbox 591 2554 1470 2626; baseline -0.007 -16"><span class='ocrx_word' id='word_1_274' title='bbox 591 2558 817 2610; x_wconf 84' lang='lat' dir='ltr'><strong>aliorum</strong></span> <span class='ocrx_word' id='word_1_275' title='bbox 849 2572 1067 2626; x_wconf 76' lang='lat' dir='ltr'><strong>Operam</strong></span> <span class='ocrx_word' id='word_1_276' title='bbox 1103 2565 1153 2608; x_wconf 86' lang='lat' dir='ltr'><strong>et</strong></span> <span class='ocrx_word' id='word_1_277' title='bbox 1181 2554 1470 2606; x_wconf 79' lang='lat' dir='ltr'><strong>auxilium.</strong></span> 
     </span>
    </p>
   </div>
   <div class='ocr_carea' id='block_1_42' title="bbox 663 2727 2158 2793">
    <p class='ocr_par' dir='ltr' id='par_1_42' title="bbox 663 2727 2158 2793">
     <span class='ocr_line' id='line_1_42' title="bbox 663 2727 2158 2793; baseline -0.007 -1"><span class='ocrx_word' id='word_1_278' title='bbox 663 2740 716 2793; x_wconf 80' lang='lat'><strong>5.</strong></span> <span class='ocrx_word' id='word_1_279' title='bbox 740 2738 980 2791; x_wconf 78' lang='lat' dir='ltr'><strong>Accedite</strong></span> <span class='ocrx_word' id='word_1_280' title='bbox 1004 2735 1071 2788; x_wconf 86' lang='lat' dir='ltr'><strong>ad</strong></span> <span class='ocrx_word' id='word_1_281' title='bbox 1103 2750 1217 2788; x_wconf 85' lang='lat' dir='ltr'><strong>eum</strong></span> <span class='ocrx_word' id='word_1_282' title='bbox 1251 2742 1297 2787; x_wconf 81' lang='lat' dir='ltr'><strong>et</strong></span> <span class='ocrx_word' id='word_1_283' title='bbox 1331 2731 1731 2785; x_wconf 86' lang='lat' dir='ltr'><strong>illuminantini.</strong></span> <span class='ocrx_word' id='word_1_284' title='bbox 1771 2729 1848 2784; x_wconf 76' lang='lat' dir='ltr'><strong>Ex</strong></span> <span class='ocrx_word' id='word_1_285' title='bbox 1878 2727 2158 2784; x_wconf 82' lang='lat' dir='ltr'><strong>concessis</strong></span> 
     </span>
    </p>
   </div>
   <div class='ocr_carea' id='block_1_43' title="bbox 594 2822 2044 2900">
    <p class='ocr_par' dir='ltr' id='par_1_43' title="bbox 594 2822 2044 2900">
     <span class='ocr_line' id='line_1_43' title="bbox 594 2822 2044 2900; baseline -0.01 -13"><span class='ocrx_word' id='word_1_286' title='bbox 594 2831 752 2887; x_wconf 86' lang='lat' dir='ltr'><strong>donis</strong></span> <span class='ocrx_word' id='word_1_287' title='bbox 780 2841 997 2900; x_wconf 89' lang='lat' dir='ltr'><strong>accepta</strong></span> <span class='ocrx_word' id='word_1_288' title='bbox 1029 2827 1245 2891; x_wconf 85' lang='lat' dir='ltr'><strong>tidncia,</strong></span> <span class='ocrx_word' id='word_1_289' title='bbox 1279 2826 1416 2881; x_wconf 91' lang='lat' dir='ltr'><strong>alios</strong></span> <span class='ocrx_word' id='word_1_290' title='bbox 1442 2827 1606 2880; x_wconf 85' lang='lat' dir='ltr'><strong>etiam</strong></span> <span class='ocrx_word' id='word_1_291' title='bbox 1643 2825 1706 2877; x_wconf 89' lang='lat' dir='ltr'><strong>ad</strong></span> <span class='ocrx_word' id='word_1_292' title='bbox 1740 2824 1792 2877; x_wconf 88' lang='lat' dir='ltr'><strong>id</strong></span> <span class='ocrx_word' id='word_1_293' title='bbox 1831 2822 2044 2876; x_wconf 68' lang='lat' dir='ltr'><strong>invitat.</strong></span> 
     </span>
    </p>
   </div>
   <div class='ocr_carea' id='block_1_44' title="bbox 663 2993 2163 3073">
    <p class='ocr_par' dir='ltr' id='par_1_44' title="bbox 663 2993 2163 3073">
     <span class='ocr_line' id='line_1_44' title="bbox 663 2993 2163 3073; baseline -0.01 -12"><span class='ocrx_word' id='word_1_294' title='bbox 663 3006 719 3061; x_wconf 85' lang='lat'><strong>6.</strong></span> <span class='ocrx_word' id='word_1_295' title='bbox 757 3004 866 3059; x_wconf 82' lang='lat' dir='ltr'><strong>Iste</strong></span> <span class='ocrx_word' id='word_1_296' title='bbox 915 3018 1111 3073; x_wconf 82' lang='lat' dir='ltr'><strong>pauper</strong></span> <span class='ocrx_word' id='word_1_297' title='bbox 1159 3000 1427 3063; x_wconf 80' lang='lat' dir='ltr'><strong>clamavit,</strong></span> <span class='ocrx_word' id='word_1_298' title='bbox 1481 3007 1530 3052; x_wconf 82' lang='lat' dir='ltr'><strong>et</strong></span> <span class='ocrx_word' id='word_1_299' title='bbox 1580 2996 1837 3050; x_wconf 81' lang='lat' dir='ltr'><strong>Dominus</strong></span> <span class='ocrx_word' id='word_1_300' title='bbox 1894 2993 2163 3048; x_wconf 76' lang='lat' dir='ltr'><strong>exaudivit</strong></span> 
     </span>
    </p>
   </div>
   <div class='ocr_carea' id='block_1_45' title="bbox 597 3087 2162 3162">
    <p class='ocr_par' dir='ltr' id='par_1_45' title="bbox 597 3087 2162 3162">
     <span class='ocr_line' id='line_1_45' title="bbox 597 3087 2162 3162; baseline -0.009 -10"><span class='ocrx_word' id='word_1_301' title='bbox 597 3114 734 3152; x_wconf 78' lang='lat' dir='ltr'><strong>eum.</strong></span> <span class='ocrx_word' id='word_1_302' title='bbox 757 3095 1012 3158; x_wconf 75' lang='lat' dir='ltr'><strong>Ediscite,</strong></span> <span class='ocrx_word' id='word_1_303' title='bbox 1050 3094 1246 3162; x_wconf 87' lang='lat' dir='ltr'><strong>inquit,</strong></span> <span class='ocrx_word' id='word_1_304' title='bbox 1279 3108 1345 3146; x_wconf 82' lang='lat' dir='ltr'><strong>ex</strong></span> <span class='ocrx_word' id='word_1_305' title='bbox 1378 3092 1442 3146; x_wconf 90' lang='lat' dir='ltr'><strong>iis</strong></span> <span class='ocrx_word' id='word_1_306' title='bbox 1476 3105 1600 3160; x_wconf 67' lang='lat' dir='ltr'><strong>quze</strong></span> <span class='ocrx_word' id='word_1_307' title='bbox 1639 3089 1770 3143; x_wconf 88' lang='lat' dir='ltr'><strong>mihi</strong></span> <span class='ocrx_word' id='word_1_308' title='bbox 1816 3087 2162 3147; x_wconf 87' lang='lat' dir='ltr'><strong>acciderunt,</strong></span> 
     </span>
    </p>
   </div>
   <div class='ocr_carea' id='block_1_46' title="bbox 601 3176 2167 3243">
    <p class='ocr_par' dir='ltr' id='par_1_46' title="bbox 601 3176 2167 3243">
     <span class='ocr_line' id='line_1_46' title="bbox 601 3176 2167 3243; baseline -0.01 -1"><span class='ocrx_word' id='word_1_309' title='bbox 601 3187 853 3243; x_wconf 85' lang='lat' dir='ltr'><strong>ﬁduciam</strong></span> <span class='ocrx_word' id='word_1_310' title='bbox 900 3187 1099 3240; x_wconf 87' lang='lat' dir='ltr'><strong>habere</strong></span> <span class='ocrx_word' id='word_1_311' title='bbox 1145 3186 1198 3238; x_wconf 91' lang='lat' dir='ltr'><strong>in</strong></span> <span class='ocrx_word' id='word_1_312' title='bbox 1264 3183 1549 3237; x_wconf 87' lang='lat' dir='ltr'><strong>Dominum</strong></span> <span class='ocrx_word' id='word_1_313' title='bbox 1619 3180 2024 3233; x_wconf 79' lang='lat' dir='ltr'><strong>universorum.</strong></span> <span class='ocrx_word' id='word_1_314' title='bbox 2085 3176 2167 3228; x_wconf 84' lang='lat' dir='ltr'><strong>Me</strong></span> 
     </span>
    </p>
   </div>
   <div class='ocr_carea' id='block_1_47' title="bbox 603 3269 2167 3349">
    <p class='ocr_par' dir='ltr' id='par_1_47' title="bbox 603 3269 2167 3349">
     <span class='ocr_line' id='line_1_47' title="bbox 603 3269 2167 3349; baseline -0.01 -15"><span class='ocrx_word' id='word_1_315' title='bbox 603 3295 837 3349; x_wconf 86' lang='lat' dir='ltr'><strong>namque</strong></span> <span class='ocrx_word' id='word_1_316' title='bbox 861 3279 1016 3332; x_wconf 69' lang='lat' dir='ltr'><strong>vilem</strong></span> <span class='ocrx_word' id='word_1_317' title='bbox 1049 3287 1101 3331; x_wconf 90' lang='lat' dir='ltr'><strong>et</strong></span> <span class='ocrx_word' id='word_1_318' title='bbox 1129 3276 1399 3344; x_wconf 86' lang='lat' dir='ltr'><strong>abjectnm</strong></span> <span class='ocrx_word' id='word_1_319' title='bbox 1441 3282 1494 3325; x_wconf 79' lang='lat' dir='ltr'><strong>rt</strong></span> <span class='ocrx_word' id='word_1_320' title='bbox 1516 3281 1786 3340; x_wconf 78' lang='lat' dir='ltr'><strong>pastorem</strong></span> <span class='ocrx_word' id='word_1_321' title='bbox 1841 3269 2046 3328; x_wconf 82' lang='lat' dir='ltr'><strong>ovium,</strong></span> <span class='ocrx_word' id='word_1_322' title='bbox 2071 3284 2167 3320; x_wconf 80' lang='lat' dir='ltr'><strong>sua</strong></span> 
     </span>
    </p>
   </div>
   <div class='ocr_carea' id='block_1_48' title="bbox 603 3360 2162 3442">
    <p class='ocr_par' dir='ltr' id='par_1_48' title="bbox 603 3360 2162 3442">
     <span class='ocr_line' id='line_1_48' title="bbox 603 3360 2162 3442; baseline -0.01 -17"><span class='ocrx_word' id='word_1_323' title='bbox 603 3373 855 3442; x_wconf 83' lang='lat' dir='ltr'><strong>dignatus</strong></span> <span class='ocrx_word' id='word_1_324' title='bbox 897 3378 979 3423; x_wconf 84' lang='lat' dir='ltr'><strong>est</strong></span> <span class='ocrx_word' id='word_1_325' title='bbox 1007 3365 1363 3436; x_wconf 76' lang='lat' dir='ltr'><strong>providentia.</strong></span> <span class='ocrx_word' id='word_1_326' title='bbox 1393 3373 1555 3416; x_wconf 87' lang='lat' dir='ltr'><strong>atuue</strong></span> <span class='ocrx_word' id='word_1_327' title='bbox 1593 3360 1844 3414; x_wconf 86' lang='lat' dir='ltr'><strong>hostibus</strong></span> <span class='ocrx_word' id='word_1_328' title='bbox 1895 3368 2162 3428; x_wconf 70' lang='lat' dir='ltr'><strong>praestan-</strong></span> 
     </span>
    </p>
   </div>
   <div class='ocr_carea' id='block_1_49' title="bbox 607 3459 1097 3515">
    <p class='ocr_par' dir='ltr' id='par_1_49' title="bbox 607 3459 1097 3515">
     <span class='ocr_line' id='line_1_49' title="bbox 607 3459 1097 3515; baseline -0.01 -1"><span class='ocrx_word' id='word_1_329' title='bbox 607 3472 800 3515; x_wconf 81' lang='lat' dir='ltr'><strong>tiorem</strong></span> <span class='ocrx_word' id='word_1_330' title='bbox 829 3459 1097 3515; x_wconf 75' lang='lat' dir='ltr'><strong>exhibuit.</strong></span> 
     </span>
    </p>
   </div>
   <div class='ocr_carea' id='block_1_50' title="bbox 680 3542 2176 3615">
    <p class='ocr_par' dir='ltr' id='par_1_50' title="bbox 680 3542 2176 3615">
     <span class='ocr_line' id='line_1_50' title="bbox 680 3542 2176 3615; baseline -0.008 -11"><span class='ocrx_word' id='word_1_331' title='bbox 680 3554 732 3606; x_wconf 89' lang='lat'><strong>7.</strong></span> <span class='ocrx_word' id='word_1_332' title='bbox 773 3549 1247 3606; x_wconf 82' lang='lat' dir='ltr'><strong>Castrantetabitur</strong></span> <span class='ocrx_word' id='word_1_333' title='bbox 1270 3545 1483 3615; x_wconf 75' lang='lat' dir='ltr'><strong>angelus</strong></span> <span class='ocrx_word' id='word_1_334' title='bbox 1505 3544 1716 3596; x_wconf 81' lang='lat' dir='ltr'><strong>Domini</strong></span> <span class='ocrx_word' id='word_1_335' title='bbox 1749 3544 1803 3594; x_wconf 89' lang='lat' dir='ltr'><strong>in</strong></span> <span class='ocrx_word' id='word_1_336' title='bbox 1849 3543 2074 3594; x_wconf 87' lang='lat' dir='ltr'><strong>circuitu</strong></span> <span class='ocrx_word' id='word_1_337' title='bbox 2110 3542 2176 3593; x_wconf 88' lang='lat' dir='ltr'><strong>ti-</strong></span> 
     </span>
    </p>
   </div>
   <div class='ocr_carea' id='block_1_51' title="bbox 610 3633 2177 3708">
    <p class='ocr_par' dir='ltr' id='par_1_51' title="bbox 610 3633 2177 3708">
     <span class='ocr_line' id='line_1_51' title="bbox 610 3633 2177 3708; baseline -0.009 -10"><span class='ocrx_word' id='word_1_338' title='bbox 610 3646 862 3699; x_wconf 85' lang='lat' dir='ltr'><strong>mentium</strong></span> <span class='ocrx_word' id='word_1_339' title='bbox 882 3659 1019 3701; x_wconf 89' lang='lat' dir='ltr'><strong>eum,</strong></span> <span class='ocrx_word' id='word_1_340' title='bbox 1037 3651 1084 3694; x_wconf 93' lang='lat' dir='ltr'><strong>et</strong></span> <span class='ocrx_word' id='word_1_341' title='bbox 1115 3641 1297 3708; x_wconf 85' lang='lat' dir='ltr'><strong>eripiet</strong></span> <span class='ocrx_word' id='word_1_342' title='bbox 1321 3653 1428 3690; x_wconf 78' lang='lat' dir='ltr'><strong>eos.</strong></span> <span class='ocrx_word' id='word_1_343' title='bbox 1456 3635 1571 3690; x_wconf 86' lang='lat' dir='ltr'><strong>lloc</strong></span> <span class='ocrx_word' id='word_1_344' title='bbox 1590 3643 1856 3689; x_wconf 89' lang='lat' dir='ltr'><strong>consonat</strong></span> <span class='ocrx_word' id='word_1_345' title='bbox 1877 3649 2000 3688; x_wconf 86' lang='lat' dir='ltr'><strong>cum</strong></span> <span class='ocrx_word' id='word_1_346' title='bbox 2036 3633 2177 3702; x_wconf 84' lang='lat' dir='ltr'><strong>Apo-</strong></span> 
     </span>
    </p>
   </div>
   <div class='ocr_carea' id='block_1_52' title="bbox 611 3725 2177 3793">
    <p class='ocr_par' dir='ltr' id='par_1_52' title="bbox 611 3725 2177 3793">
     <span class='ocr_line' id='line_1_52' title="bbox 611 3725 2177 3793; baseline -0.009 -2"><span class='ocrx_word' id='word_1_347' title='bbox 611 3735 738 3793; x_wconf 90' lang='lat' dir='ltr'><strong>stoli</strong></span> <span class='ocrx_word' id='word_1_348' title='bbox 788 3734 968 3787; x_wconf 78' lang='lat' dir='ltr'><strong>verbis</strong></span> <span class='ocrx_word' id='word_1_349' title='bbox 994 3733 1071 3784; x_wconf 47' lang='lat'><strong>75:</strong></span> <span class='ocrx_word' id='word_1_350' title='bbox 1111 3728 1293 3782; x_wconf 83' lang='lat' dir='ltr'><strong>Nonne</strong></span> <span class='ocrx_word' id='word_1_351' title='bbox 1329 3743 1501 3780; x_wconf 82' lang='lat' dir='ltr'><strong>onmes</strong></span> <span class='ocrx_word' id='word_1_352' title='bbox 1550 3735 1671 3779; x_wconf 86' lang='lat' dir='ltr'><strong>sunt</strong></span> <span class='ocrx_word' id='word_1_353' title='bbox 1731 3725 2177 3778; x_wconf 81' lang='lat' dir='ltr'><strong>adntinistrntorii</strong></span> 
     </span>
    </p>
   </div>
   <div class='ocr_carea' id='block_1_53' title="bbox 614 3819 2169 3899">
    <p class='ocr_par' dir='ltr' id='par_1_53' title="bbox 614 3819 2169 3899">
     <span class='ocr_line' id='line_1_53' title="bbox 614 3819 2169 3899; baseline -0.017 -15"><span class='ocrx_word' id='word_1_354' title='bbox 614 3827 902 3899; x_wconf 83' lang='lat' dir='ltr'><strong>spiritusin</strong></span> <span class='ocrx_word' id='word_1_355' title='bbox 938 3823 1286 3877; x_wconf 86' lang='lat' dir='ltr'><strong>ministerium</strong></span> <span class='ocrx_word' id='word_1_356' title='bbox 1324 3820 1492 3879; x_wconf 84' lang='lat' dir='ltr'><strong>missi,</strong></span> <span class='ocrx_word' id='word_1_357' title='bbox 1517 3830 1727 3888; x_wconf 82' lang='lat' dir='ltr'><strong>propter</strong></span> <span class='ocrx_word' id='word_1_358' title='bbox 1760 3835 1845 3871; x_wconf 77' lang='lat' dir='ltr'><strong>eos</strong></span> <span class='ocrx_word' id='word_1_359' title='bbox 1894 3819 1986 3886; x_wconf 83' lang='lat' dir='ltr'><strong>qui</strong></span> <span class='ocrx_word' id='word_1_360' title='bbox 2008 3819 2169 3870; x_wconf 61' lang='lat' dir='ltr'><strong>luere.</strong></span> 
     </span>
    </p>
   </div>
   <div class='ocr_carea' id='block_1_54' title="bbox 613 3913 2180 3989">
    <p class='ocr_par' dir='ltr' id='par_1_54' title="bbox 613 3913 2180 3989">
     <span class='ocr_line' id='line_1_54' title="bbox 613 3913 2180 3989; baseline -0.005 -13"><span class='ocrx_word' id='word_1_361' title='bbox 613 3923 831 3977; x_wconf 84' lang='lat' dir='ltr'><strong>ditatem</strong></span> <span class='ocrx_word' id='word_1_362' title='bbox 855 3918 1060 3989; x_wconf 83' lang='lat' dir='ltr'><strong>capturi</strong></span> <span class='ocrx_word' id='word_1_363' title='bbox 1091 3915 1439 3971; x_wconf 84' lang='lat' dir='ltr'><strong>suntsalutis.</strong></span> <span class='ocrx_word' id='word_1_364' title='bbox 1461 3914 1536 3967; x_wconf 88' lang='lat' dir='ltr'><strong>Ita</strong></span> <span class='ocrx_word' id='word_1_365' title='bbox 1567 3925 1622 3969; x_wconf 86' lang='lat' dir='ltr'><strong>et</strong></span> <span class='ocrx_word' id='word_1_366' title='bbox 1651 3916 1842 3969; x_wconf 87' lang='lat' dir='ltr'><strong>beatus</strong></span> <span class='ocrx_word' id='word_1_367' title='bbox 1871 3913 2037 3969; x_wconf 84' lang='lat' dir='ltr'><strong>Jacob</strong></span> <span class='ocrx_word' id='word_1_368' title='bbox 2067 3915 2180 3968; x_wconf 70' lang='lat' dir='ltr'><strong>hicc</strong></span> 
     </span>
    </p>
   </div>
   <div class='ocr_carea' id='block_1_55' title="bbox 616 4007 2182 4084">
    <p class='ocr_par' dir='ltr' id='par_1_55' title="bbox 616 4007 2182 4084">
     <span class='ocr_line' id='line_1_55' title="bbox 616 4007 2182 4084; baseline -0.006 -18"><span class='ocrx_word' id='word_1_369' title='bbox 616 4024 866 4084; x_wconf 82' lang='lat' dir='ltr'><strong>precatur</strong></span> <span class='ocrx_word' id='word_1_370' title='bbox 894 4013 941 4043; x_wconf 83' lang='grc'><strong>⁷⁸</strong></span> <span class='ocrx_word' id='word_1_371' title='bbox 965 4031 976 4064; x_wconf 92' lang='lat'>:</span> <span class='ocrx_word' id='word_1_372' title='bbox 1005 4011 1230 4078; x_wconf 81' lang='lat' dir='ltr'><strong>Angelus</strong></span> <span class='ocrx_word' id='word_1_373' title='bbox 1273 4010 1361 4077; x_wconf 87' lang='lat' dir='ltr'><strong>qui</strong></span> <span class='ocrx_word' id='word_1_374' title='bbox 1387 4008 1578 4076; x_wconf 87' lang='lat' dir='ltr'><strong>eripuit</strong></span> <span class='ocrx_word' id='word_1_375' title='bbox 1611 4024 1688 4059; x_wconf 86' lang='lat' dir='ltr'><strong>me</strong></span> <span class='ocrx_word' id='word_1_376' title='bbox 1717 4023 1780 4059; x_wconf 85' lang='lat' dir='ltr'><strong>ex</strong></span> <span class='ocrx_word' id='word_1_377' title='bbox 1826 4007 2063 4059; x_wconf 81' lang='lat' dir='ltr'><strong>omnibus</strong></span> <span class='ocrx_word' id='word_1_378' title='bbox 2092 4022 2182 4057; x_wconf 82' lang='lat' dir='ltr'><strong>ca-</strong></span> 
     </span>
    </p>
   </div>
   <div class='ocr_carea' id='block_1_56' title="bbox 616 4095 2178 4165">
    <p class='ocr_par' dir='ltr' id='par_1_56' title="bbox 616 4095 2178 4165">
     <span class='ocr_line' id='line_1_56' title="bbox 616 4095 2178 4165; baseline -0.004 -10"><span class='ocrx_word' id='word_1_379' title='bbox 616 4103 940 4156; x_wconf 82' lang='lat' dir='ltr'><strong>lamitatibus</strong></span> <span class='ocrx_word' id='word_1_380' title='bbox 979 4103 1125 4154; x_wconf 85' lang='lat' dir='ltr'><strong>meis.</strong></span> <span class='ocrx_word' id='word_1_381' title='bbox 1188 4098 1390 4152; x_wconf 83' lang='lat' dir='ltr'><strong>Eodem</strong></span> <span class='ocrx_word' id='word_1_382' title='bbox 1431 4098 1594 4151; x_wconf 88' lang='lat' dir='ltr'><strong>modo</strong></span> <span class='ocrx_word' id='word_1_383' title='bbox 1634 4095 1947 4165; x_wconf 87' lang='lat' dir='ltr'><strong>patriarcha</strong></span> <span class='ocrx_word' id='word_1_384' title='bbox 2001 4095 2178 4149; x_wconf 84' lang='lat' dir='ltr'><strong>Abra-</strong></span> 
     </span>
    </p>
   </div>
   <div class='ocr_carea' id='block_1_57' title="bbox 617 4186 2182 4256">
    <p class='ocr_par' dir='ltr' id='par_1_57' title="bbox 617 4186 2182 4256">
     <span class='ocr_line' id='line_1_57' title="bbox 617 4186 2182 4256; baseline -0.004 -8"><span class='ocrx_word' id='word_1_385' title='bbox 617 4195 766 4256; x_wconf 87' lang='lat' dir='ltr'><strong>ham,</strong></span> <span class='ocrx_word' id='word_1_386' title='bbox 808 4191 1110 4246; x_wconf 86' lang='lat' dir='ltr'><strong>admirabili</strong></span> <span class='ocrx_word' id='word_1_387' title='bbox 1166 4190 1463 4244; x_wconf 86' lang='lat' dir='ltr'><strong>domestico</strong></span> <span class='ocrx_word' id='word_1_388' title='bbox 1502 4203 1602 4242; x_wconf 93' lang='lat' dir='ltr'><strong>suo</strong></span> <span class='ocrx_word' id='word_1_389' title='bbox 1659 4189 1734 4241; x_wconf 89' lang='lat' dir='ltr'><strong>ait</strong></span> <span class='ocrx_word' id='word_1_390' title='bbox 1789 4188 1871 4241; x_wconf 69' lang='grc' dir='ltr'><strong>ἠς</strong></span> <span class='ocrx_word' id='word_1_391' title='bbox 1925 4186 2182 4241; x_wconf 79' lang='lat' dir='ltr'><strong>Dominus</strong></span> 
     </span>
    </p>
   </div>
   <div class='ocr_carea' id='block_1_58' title="bbox 617 4283 2183 4352">
    <p class='ocr_par' dir='ltr' id='par_1_58' title="bbox 617 4283 2183 4352">
     <span class='ocr_line' id='line_1_58' title="bbox 617 4283 2183 4352; baseline -0.004 -14"><span class='ocrx_word' id='word_1_392' title='bbox 617 4286 758 4340; x_wconf 83' lang='lat' dir='ltr'><strong>Deus</strong></span> <span class='ocrx_word' id='word_1_393' title='bbox 789 4286 957 4338; x_wconf 85' lang='lat' dir='ltr'><strong>mittet</strong></span> <span class='ocrx_word' id='word_1_394' title='bbox 988 4283 1231 4352; x_wconf 83' lang='lat' dir='ltr'><strong>angelum</strong></span> <span class='ocrx_word' id='word_1_395' title='bbox 1258 4299 1413 4334; x_wconf 90' lang='lat' dir='ltr'><strong>suum</strong></span> <span class='ocrx_word' id='word_1_396' title='bbox 1438 4291 1558 4334; x_wconf 88' lang='lat' dir='ltr'><strong>ante</strong></span> <span class='ocrx_word' id='word_1_397' title='bbox 1585 4283 1776 4349; x_wconf 67' lang='lat' dir='ltr'><strong>[aciem</strong></span> <span class='ocrx_word' id='word_1_398' title='bbox 1801 4292 1968 4346; x_wconf 86' lang='lat' dir='ltr'><strong>tuam,</strong></span> <span class='ocrx_word' id='word_1_399' title='bbox 1996 4293 2046 4334; x_wconf 89' lang='lat' dir='ltr'><strong>et</strong></span> <span class='ocrx_word' id='word_1_400' title='bbox 2091 4296 2183 4332; x_wconf 82' lang='lat' dir='ltr'><strong>ac-</strong></span> 
     </span>
    </p>
   </div>
   <div class='ocr_carea' id='block_1_59' title="bbox 618 4370 2186 4445">
    <p class='ocr_par' dir='ltr' id='par_1_59' title="bbox 618 4370 2186 4445">
     <span class='ocr_line' id='line_1_59' title="bbox 618 4370 2186 4445; baseline -0.004 -14"><span class='ocrx_word' id='word_1_401' title='bbox 618 4379 777 4445; x_wconf 78' lang='lat' dir='ltr'><strong>ripies</strong></span> <span class='ocrx_word' id='word_1_402' title='bbox 809 4391 1026 4428; x_wconf 80' lang='lat' dir='ltr'><strong>uxorem</strong></span> <span class='ocrx_word' id='word_1_403' title='bbox 1055 4375 1166 4442; x_wconf 78' lang='lat' dir='ltr'><strong>filio</strong></span> <span class='ocrx_word' id='word_1_404' title='bbox 1189 4388 1301 4424; x_wconf 88' lang='lat' dir='ltr'><strong>meo</strong></span> <span class='ocrx_word' id='word_1_405' title='bbox 1340 4370 1498 4424; x_wconf 83' lang='lat' dir='ltr'><strong>Isaac</strong></span> <span class='ocrx_word' id='word_1_406' title='bbox 1546 4371 1752 4424; x_wconf 85' lang='lat' dir='ltr'><strong>exinde.</strong></span> <span class='ocrx_word' id='word_1_407' title='bbox 1785 4371 1874 4424; x_wconf 85' lang='lat' dir='ltr'><strong>Sic</strong></span> <span class='ocrx_word' id='word_1_408' title='bbox 1910 4384 1966 4424; x_wconf 87' lang='lat' dir='ltr'><strong>et</strong></span> <span class='ocrx_word' id='word_1_409' title='bbox 1996 4371 2186 4426; x_wconf 86' lang='lat' dir='ltr'><strong>beatus</strong></span> 
     </span>
    </p>
   </div>
   <div class='ocr_carea' id='block_1_60' title="bbox 619 4461 2043 4533">
    <p class='ocr_par' dir='ltr' id='par_1_60' title="bbox 619 4461 2043 4533">
     <span class='ocr_line' id='line_1_60' title="bbox 619 4461 2043 4533; baseline -0.004 -12"><span class='ocrx_word' id='word_1_410' title='bbox 619 4467 912 4523; x_wconf 79' lang='lat' dir='ltr'><strong>Zacharias</strong></span> <span class='ocrx_word' id='word_1_411' title='bbox 939 4468 1013 4520; x_wconf 90' lang='lat' dir='ltr'><strong>ait</strong></span> <span class='ocrx_word' id='word_1_412' title='bbox 1042 4467 1083 4496; x_wconf 74' lang='grc'>⁷⁷</span> <span class='ocrx_word' id='word_1_413' title='bbox 1110 4483 1122 4519; x_wconf 87' lang='lat'><strong>:</strong></span> <span class='ocrx_word' id='word_1_414' title='bbox 1161 4463 1390 4533; x_wconf 84' lang='lat' dir='ltr'><strong>Angelus</strong></span> <span class='ocrx_word' id='word_1_415' title='bbox 1418 4463 1508 4533; x_wconf 89' lang='lat' dir='ltr'><strong>qui</strong></span> <span class='ocrx_word' id='word_1_416' title='bbox 1541 4461 1850 4532; x_wconf 82' lang='lat' dir='ltr'><strong>loquebatur</strong></span> <span class='ocrx_word' id='word_1_417' title='bbox 1897 4463 2043 4515; x_wconf 82' lang='lat' dir='ltr'><strong>mihi.</strong></span> 
     </span>
    </p>
   </div>
   <div class='ocr_carea' id='block_1_61' title="bbox 695 4727 2183 4800">
    <p class='ocr_par' dir='ltr' id='par_1_61' title="bbox 695 4727 2183 4800">
     <span class='ocr_line' id='line_1_61' title="bbox 695 4727 2183 4800; baseline 0 -17"><span class='ocrx_word' id='word_1_418' title='bbox 695 4729 751 4784; x_wconf 88' lang='lat'><strong>8.</strong></span> <span class='ocrx_word' id='word_1_419' title='bbox 794 4729 1014 4784; x_wconf 82' lang='lat' dir='ltr'><strong>Custate</strong></span> <span class='ocrx_word' id='word_1_420' title='bbox 1049 4739 1097 4783; x_wconf 84' lang='lat' dir='ltr'><strong>et</strong></span> <span class='ocrx_word' id='word_1_421' title='bbox 1125 4731 1284 4784; x_wconf 82' lang='lat' dir='ltr'><strong>ridete</strong></span> <span class='ocrx_word' id='word_1_422' title='bbox 1327 4729 1572 4800; x_wconf 88' lang='lat' dir='ltr'><strong>quoniam</strong></span> <span class='ocrx_word' id='word_1_423' title='bbox 1608 4729 1783 4781; x_wconf 83' lang='lat' dir='ltr'><strong>suavis</strong></span> <span class='ocrx_word' id='word_1_424' title='bbox 1806 4739 1882 4782; x_wconf 85' lang='lat' dir='ltr'><strong>est</strong></span> <span class='ocrx_word' id='word_1_425' title='bbox 1913 4727 2183 4783; x_wconf 86' lang='lat' dir='ltr'><strong>Dominus.</strong></span> 
     </span>
    </p>
   </div>
   <div class='ocr_carea' id='block_1_62' title="bbox 623 4818 2188 4890">
    <p class='ocr_par' dir='ltr' id='par_1_62' title="bbox 623 4818 2188 4890">
     <span class='ocr_line' id='line_1_62' title="bbox 623 4818 2188 4890; baseline -0.001 -15"><span class='ocrx_word' id='word_1_426' title='bbox 623 4822 700 4876; x_wconf 80' lang='lat' dir='ltr'><strong>Ex</strong></span> <span class='ocrx_word' id='word_1_427' title='bbox 731 4837 879 4882; x_wconf 71' lang='lat' dir='ltr'><strong>vero,</strong></span> <span class='ocrx_word' id='word_1_428' title='bbox 923 4822 1119 4890; x_wconf 78' lang='lat' dir='ltr'><strong>inquit,</strong></span> <span class='ocrx_word' id='word_1_429' title='bbox 1168 4837 1307 4889; x_wconf 86' lang='lat' dir='ltr'><strong>pane</strong></span> <span class='ocrx_word' id='word_1_430' title='bbox 1357 4829 1604 4889; x_wconf 78' lang='lat' dir='ltr'><strong>gustato,</strong></span> <span class='ocrx_word' id='word_1_431' title='bbox 1667 4819 1761 4886; x_wconf 84' lang='lat' dir='ltr'><strong>qui</strong></span> <span class='ocrx_word' id='word_1_432' title='bbox 1795 4818 2076 4872; x_wconf 85' lang='lat' dir='ltr'><strong>descendit</strong></span> <span class='ocrx_word' id='word_1_433' title='bbox 2121 4835 2188 4873; x_wconf 76' lang='lat' dir='ltr'><strong>ex</strong></span> 
     </span>
    </p>
   </div>
   <div class='ocr_carea' id='block_1_63' title="bbox 621 4908 2184 4980">
    <p class='ocr_par' dir='ltr' id='par_1_63' title="bbox 621 4908 2184 4980">
     <span class='ocr_line' id='line_1_63' title="bbox 621 4908 2184 4980; baseline -0.003 -12"><span class='ocrx_word' id='word_1_434' title='bbox 621 4915 782 4968; x_wconf 69' lang='lat' dir='ltr'><strong>melo.</strong></span> <span class='ocrx_word' id='word_1_435' title='bbox 815 4911 1009 4966; x_wconf 84' lang='lat' dir='ltr'><strong>Beatus</strong></span> <span class='ocrx_word' id='word_1_436' title='bbox 1033 4915 1111 4965; x_wconf 82' lang='lat' dir='ltr'><strong>vir</strong></span> <span class='ocrx_word' id='word_1_437' title='bbox 1152 4912 1241 4980; x_wconf 85' lang='lat' dir='ltr'><strong>qui</strong></span> <span class='ocrx_word' id='word_1_438' title='bbox 1282 4922 1459 4980; x_wconf 83' lang='lat' dir='ltr'><strong>sperat</strong></span> <span class='ocrx_word' id='word_1_439' title='bbox 1511 4911 1565 4963; x_wconf 88' lang='lat' dir='ltr'><strong>in</strong></span> <span class='ocrx_word' id='word_1_440' title='bbox 1624 4925 1720 4974; x_wconf 84' lang='lat' dir='ltr'><strong>eo;</strong></span> <span class='ocrx_word' id='word_1_441' title='bbox 1751 4908 1990 4962; x_wconf 76' lang='lat' dir='ltr'><strong>futuram</strong></span> <span class='ocrx_word' id='word_1_442' title='bbox 2039 4910 2184 4963; x_wconf 87' lang='lat' dir='ltr'><strong>enim</strong></span> 
     </span>
    </p>
   </div>
   <div class='ocr_carea' id='block_1_64' title="bbox 626 5007 1205 5072">
    <p class='ocr_par' dir='ltr' id='par_1_64' title="bbox 626 5007 1205 5072">
     <span class='ocr_line' id='line_1_64' title="bbox 626 5007 1205 5072; baseline -0.005 -13"><span class='ocrx_word' id='word_1_443' title='bbox 626 5007 788 5059; x_wconf 59' lang='lat' dir='ltr'><strong>vitam</strong></span> <span class='ocrx_word' id='word_1_444' title='bbox 816 5013 1205 5072; x_wconf 85' lang='lat' dir='ltr'><strong>consequetur.</strong></span> 
     </span>
    </p>
   </div>
   <div class='ocr_carea' id='block_1_65' title="bbox 697 5091 2192 5164">
    <p class='ocr_par' dir='ltr' id='par_1_65' title="bbox 697 5091 2192 5164">
     <span class='ocr_line' id='line_1_65' title="bbox 697 5091 2192 5164; baseline -0.003 -14"><span class='ocrx_word' id='word_1_445' title='bbox 697 5097 787 5150; x_wconf 71' lang='grc'><strong>10.</strong></span> <span class='ocrx_word' id='word_1_446' title='bbox 815 5095 1008 5148; x_wconf 80' lang='lat' dir='ltr'><strong>Divitcs</strong></span> <span class='ocrx_word' id='word_1_447' title='bbox 1037 5105 1282 5164; x_wconf 87' lang='lat' dir='ltr'><strong>eguerunt</strong></span> <span class='ocrx_word' id='word_1_448' title='bbox 1309 5103 1356 5155; x_wconf 87' lang='lat' dir='ltr'><strong>et</strong></span> <span class='ocrx_word' id='word_1_449' title='bbox 1377 5095 1695 5147; x_wconf 83' lang='lat' dir='ltr'><strong>esurierunt.</strong></span> <span class='ocrx_word' id='word_1_450' title='bbox 1720 5091 1986 5146; x_wconf 81' lang='lat' dir='ltr'><strong>Videlicet</strong></span> <span class='ocrx_word' id='word_1_451' title='bbox 2017 5108 2192 5161; x_wconf 84' lang='lat' dir='ltr'><strong>popu-</strong></span> 
     </span>
    </p>
   </div>
   <div class='ocr_carea' id='block_1_66' title="bbox 628 5184 2193 5253">
    <p class='ocr_par' dir='ltr' id='par_1_66' title="bbox 628 5184 2193 5253">
     <span class='ocr_line' id='line_1_66' title="bbox 628 5184 2193 5253; baseline -0.004 -13"><span class='ocrx_word' id='word_1_452' title='bbox 628 5188 713 5241; x_wconf 90' lang='lat' dir='ltr'><strong>lus</strong></span> <span class='ocrx_word' id='word_1_453' title='bbox 741 5185 1021 5240; x_wconf 81' lang='lat' dir='ltr'><strong>Judaicus.</strong></span> <span class='ocrx_word' id='word_1_454' title='bbox 1057 5184 1384 5253; x_wconf 79' lang='lat' dir='ltr'><strong>lnquirentes</strong></span> <span class='ocrx_word' id='word_1_455' title='bbox 1411 5193 1586 5238; x_wconf 89' lang='lat' dir='ltr'><strong>autem</strong></span> <span class='ocrx_word' id='word_1_456' title='bbox 1627 5184 1905 5236; x_wconf 85' lang='lat' dir='ltr'><strong>Dominum</strong></span> <span class='ocrx_word' id='word_1_457' title='bbox 1961 5200 2063 5234; x_wconf 89' lang='lat' dir='ltr'><strong>non</strong></span> <span class='ocrx_word' id='word_1_458' title='bbox 2095 5184 2193 5235; x_wconf 88' lang='lat' dir='ltr'><strong>mi-</strong></span> 
     </span>
    </p>
   </div>
   <div class='ocr_carea' id='block_1_67' title="bbox 630 5275 2194 5353">
    <p class='ocr_par' dir='ltr' id='par_1_67' title="bbox 630 5275 2194 5353">
     <span class='ocr_line' id='line_1_67' title="bbox 630 5275 2194 5353; baseline -0.003 -20"><span class='ocrx_word' id='word_1_459' title='bbox 630 5289 855 5333; x_wconf 80' lang='lat' dir='ltr'><strong>nuentur</strong></span> <span class='ocrx_word' id='word_1_460' title='bbox 877 5279 929 5330; x_wconf 89' lang='lat' dir='ltr'><strong>in</strong></span> <span class='ocrx_word' id='word_1_461' title='bbox 956 5278 1094 5353; x_wconf 83' lang='lat' dir='ltr'><strong>omni</strong></span> <span class='ocrx_word' id='word_1_462' title='bbox 1127 5278 1277 5329; x_wconf 83' lang='lat' dir='ltr'><strong>bono.</strong></span> <span class='ocrx_word' id='word_1_463' title='bbox 1299 5276 1477 5328; x_wconf 81' lang='lat' dir='ltr'><strong>Alium</strong></span> <span class='ocrx_word' id='word_1_464' title='bbox 1498 5276 1629 5329; x_wconf 86' lang='lat' dir='ltr'><strong>dicit</strong></span> <span class='ocrx_word' id='word_1_465' title='bbox 1652 5275 1888 5343; x_wconf 64' lang='lat' dir='ltr'><strong>gentium</strong></span> <span class='ocrx_word' id='word_1_466' title='bbox 1914 5275 2194 5343; x_wconf 79' lang='lat' dir='ltr'><strong>populum.</strong></span> 
     </span>
    </p>
   </div>
   <div class='ocr_carea' id='block_1_68' title="bbox 703 5451 2192 5525">
    <p class='ocr_par' dir='ltr' id='par_1_68' title="bbox 703 5451 2192 5525">
     <span class='ocr_line' id='line_1_68' title="bbox 703 5451 2192 5525; baseline -0.003 -15"><span class='ocrx_word' id='word_1_467' title='bbox 703 5457 790 5510; x_wconf 81' lang='grc' dir='ltr'><strong>Η.</strong></span> <span class='ocrx_word' id='word_1_468' title='bbox 831 5455 1029 5516; x_wconf 85' lang='lat' dir='ltr'><strong>Venite,</strong></span> <span class='ocrx_word' id='word_1_469' title='bbox 1060 5456 1182 5525; x_wconf 78' lang='lat' dir='ltr'><strong>filii,</strong></span> <span class='ocrx_word' id='word_1_470' title='bbox 1221 5454 1401 5508; x_wconf 82' lang='lat' dir='ltr'><strong>audite</strong></span> <span class='ocrx_word' id='word_1_471' title='bbox 1431 5471 1532 5518; x_wconf 89' lang='lat' dir='ltr'><strong>me,</strong></span> <span class='ocrx_word' id='word_1_472' title='bbox 1564 5455 1802 5507; x_wconf 89' lang='lat' dir='ltr'><strong>timorem</strong></span> <span class='ocrx_word' id='word_1_473' title='bbox 1857 5451 2064 5505; x_wconf 71' lang='lat' dir='ltr'><strong>Domini</strong></span> <span class='ocrx_word' id='word_1_474' title='bbox 2097 5453 2192 5505; x_wconf 90' lang='lat' dir='ltr'><strong>do-</strong></span> 
     </span>
    </p>
   </div>
   <div class='ocr_carea' id='block_1_69' title="bbox 634 5542 2200 5615">
    <p class='ocr_par' dir='ltr' id='par_1_69' title="bbox 634 5542 2200 5615">
     <span class='ocr_line' id='line_1_69' title="bbox 634 5542 2200 5615; baseline -0.003 -14"><span class='ocrx_word' id='word_1_475' title='bbox 634 5547 755 5601; x_wconf 78' lang='lat' dir='ltr'><strong>rebo</strong></span> <span class='ocrx_word' id='word_1_476' title='bbox 782 5563 934 5600; x_wconf 84' lang='lat' dir='ltr'><strong>vos...</strong></span> <span class='ocrx_word' id='word_1_477' title='bbox 960 5560 1007 5598; x_wconf 90' lang='lat' dir='ltr'><strong>et</strong></span> <span class='ocrx_word' id='word_1_478' title='bbox 1037 5547 1108 5599; x_wconf 88' lang='lat' dir='ltr'><strong>lat</strong></span> <span class='ocrx_word' id='word_1_479' title='bbox 1127 5547 1180 5599; x_wconf 84' lang='lat' dir='ltr'><strong>ia</strong></span> <span class='ocrx_word' id='word_1_480' title='bbox 1213 5556 1302 5598; x_wconf 91' lang='lat' dir='ltr'><strong>tua</strong></span> <span class='ocrx_word' id='word_1_481' title='bbox 1332 5563 1392 5598; x_wconf 88' lang='lat' dir='ltr'><strong>ne</strong></span> <span class='ocrx_word' id='word_1_482' title='bbox 1419 5546 1704 5615; x_wconf 88' lang='lat' dir='ltr'><strong>loquantur</strong></span> <span class='ocrx_word' id='word_1_483' title='bbox 1730 5543 1931 5598; x_wconf 83' lang='lat' dir='ltr'><strong>dolum.</strong></span> <span class='ocrx_word' id='word_1_484' title='bbox 1987 5542 2200 5597; x_wconf 87' lang='lat' dir='ltr'><strong>Doctri-</strong></span> 
     </span>
    </p>
   </div>
   <div class='ocr_carea' id='block_1_70' title="bbox 639 5632 2201 5704">
    <p class='ocr_par' dir='ltr' id='par_1_70' title="bbox 639 5632 2201 5704">
     <span class='ocr_line' id='line_1_70' title="bbox 639 5632 2201 5704; baseline -0.001 -16"><span class='ocrx_word' id='word_1_485' title='bbox 639 5650 764 5689; x_wconf 88' lang='lat' dir='ltr'><strong>nam</strong></span> <span class='ocrx_word' id='word_1_486' title='bbox 803 5634 1055 5704; x_wconf 76' lang='lat' dir='ltr'><strong>gentibus</strong></span> <span class='ocrx_word' id='word_1_487' title='bbox 1084 5635 1485 5704; x_wconf 60' lang='lat' dir='ltr'><strong>praedicandam</strong></span> <span class='ocrx_word' id='word_1_488' title='bbox 1518 5633 1794 5704; x_wconf 82' lang='lat' dir='ltr'><strong>proponit,</strong></span> <span class='ocrx_word' id='word_1_489' title='bbox 1840 5632 1998 5702; x_wconf 89' lang='lat' dir='ltr'><strong>cujus</strong></span> <span class='ocrx_word' id='word_1_490' title='bbox 2022 5634 2201 5702; x_wconf 89' lang='lat' dir='ltr'><strong>primo</strong></span> 
     </span>
    </p>
   </div>
   <div class='ocr_carea' id='block_1_71' title="bbox 641 5725 2201 5793">
    <p class='ocr_par' dir='ltr' id='par_1_71' title="bbox 641 5725 2201 5793">
     <span class='ocr_line' id='line_1_71' title="bbox 641 5725 2201 5793; baseline -0.002 -12"><span class='ocrx_word' id='word_1_491' title='bbox 641 5741 760 5781; x_wconf 87' lang='lat' dir='ltr'><strong>esse</strong></span> <span class='ocrx_word' id='word_1_492' title='bbox 775 5728 851 5782; x_wconf 77' lang='lat' dir='ltr'><strong>ait</strong></span> <span class='ocrx_word' id='word_1_493' title='bbox 874 5727 1098 5780; x_wconf 87' lang='lat' dir='ltr'><strong>timoren</strong></span> <span class='ocrx_word' id='word_1_494' title='bbox 1139 5725 1265 5782; x_wconf 74' lang='lat' dir='ltr'><strong>Dei:</strong></span> <span class='ocrx_word' id='word_1_495' title='bbox 1298 5726 1538 5780; x_wconf 70' lang='lat' dir='ltr'><strong>secundo</strong></span> <span class='ocrx_word' id='word_1_496' title='bbox 1557 5741 1662 5780; x_wconf 93' lang='lat' dir='ltr'><strong>non</strong></span> <span class='ocrx_word' id='word_1_497' title='bbox 1687 5727 1991 5783; x_wconf 79' lang='lat' dir='ltr'><strong>obtrectare</strong></span> <span class='ocrx_word' id='word_1_498' title='bbox 2011 5725 2201 5793; x_wconf 79' lang='lat' dir='ltr'><strong>fratri;</strong></span> 
     </span>
    </p>
   </div>
   <div class='ocr_carea' id='block_1_72' title="bbox 720 5860 1752 5933">
    <p class='ocr_par' dir='ltr' id='par_1_72' title="bbox 720 5860 1752 5933">
     <span class='ocr_line' id='line_1_72' title="bbox 720 5860 1752 5933; baseline 0.016 -32"><span class='ocrx_word' id='word_1_499' title='bbox 720 5861 763 5892; x_wconf 75' lang='grc' dir='ltr'><strong>τι</strong></span> <span class='ocrx_word' id='word_1_500' title='bbox 788 5860 945 5917; x_wconf 63' lang='lat' dir='ltr'><strong>Hebr.</strong></span> <span class='ocrx_word' id='word_1_501' title='bbox 976 5879 1013 5920; x_wconf 81' lang='grc' dir='ltr'><strong>ι,</strong></span> <span class='ocrx_word' id='word_1_502' title='bbox 1056 5865 1110 5918; x_wconf 74' lang='grc' dir='ltr'><strong><em>Η</em></strong></span> <span class='ocrx_word' id='word_1_503' title='bbox 1219 5866 1255 5898; x_wconf 73' lang='grc' dir='ltr'><strong>τ’</strong></span> <span class='ocrx_word' id='word_1_504' title='bbox 1283 5865 1416 5921; x_wconf 83' lang='lat' dir='ltr'><strong>Gen.</strong></span> <span class='ocrx_word' id='word_1_505' title='bbox 1453 5865 1752 5933; x_wconf 70' lang='lat' dir='ltr'><strong>\Lrnt,15.</strong></span> 
     </span>
    </p>
   </div>
   <div class='ocr_carea' id='block_1_73' title="bbox 1847 5866 2353 5925">
    <p class='ocr_par' dir='ltr' id='par_1_73' title="bbox 1847 5866 2353 5925">
     <span class='ocr_line' id='line_1_73' title="bbox 1847 5866 2353 5925; baseline 0 -4"><span class='ocrx_word' id='word_1_506' title='bbox 1847 5866 2025 5921; x_wconf 74' lang='lat' dir='ltr'><strong>&quot;Cen</strong></span> <span class='ocrx_word' id='word_1_507' title='bbox 2079 5882 2225 5925; x_wconf 64' lang='lat' dir='ltr'><strong>sxw.</strong></span> <span class='ocrx_word' id='word_1_508' title='bbox 2266 5866 2353 5922; x_wconf 71' lang='grc'><strong>40.</strong></span> 
     </span>
    </p>
   </div>
   <div class='ocr_carea' id='block_1_74' title="bbox 2255 1982 3844 2062">
    <p class='ocr_par' dir='ltr' id='par_1_74' title="bbox 2255 1982 3844 2062">
     <span class='ocr_line' id='line_1_74' title="bbox 2255 1982 3844 2062; baseline -0.007 -18"><span class='ocrx_word' id='word_1_509' title='bbox 2255 1992 2376 2044; x_wconf 87' lang='grc' dir='ltr'>Ὅτι</span> <span class='ocrx_word' id='word_1_510' title='bbox 2401 1990 2464 2062; x_wconf 85' lang='grc' dir='ltr'><strong>δὴ</strong></span> <span class='ocrx_word' id='word_1_511' title='bbox 2484 1990 2644 2054; x_wconf 77' lang='grc' dir='ltr'>σώζει</span> <span class='ocrx_word' id='word_1_512' title='bbox 2668 1990 2794 2053; x_wconf 74' lang='grc' dir='ltr'>τοὺς</span> <span class='ocrx_word' id='word_1_513' title='bbox 2817 1989 3133 2053; x_wconf 77' lang='grc' dir='ltr'>ἐλπίζοντας</span> <span class='ocrx_word' id='word_1_514' title='bbox 3153 1988 3238 2040; x_wconf 78' lang='grc' dir='ltr'><strong>ἐπ’</strong></span> <span class='ocrx_word' id='word_1_515' title='bbox 3263 1986 3444 2048; x_wconf 74' lang='grc' dir='ltr'>αὑτὸν,</span> <span class='ocrx_word' id='word_1_516' title='bbox 3465 1985 3566 2037; x_wconf 70' lang='grc' dir='ltr'><strong>οὐκ</strong></span> <span class='ocrx_word' id='word_1_517' title='bbox 3590 1982 3844 2051; x_wconf 78' lang='grc' dir='ltr'>ἀνέχεται</span> 
     </span>
    </p>
   </div>
   <div class='ocr_carea' id='block_1_75' title="bbox 2259 2075 3847 2153">
    <p class='ocr_par' dir='ltr' id='par_1_75' title="bbox 2259 2075 3847 2153">
     <span class='ocr_line' id='line_1_75' title="bbox 2259 2075 3847 2153; baseline -0.004 -18"><span class='ocrx_word' id='word_1_518' title='bbox 2259 2082 2414 2153; x_wconf 81' lang='grc' dir='ltr'>μόνος</span> <span class='ocrx_word' id='word_1_519' title='bbox 2460 2082 2662 2150; x_wconf 68' lang='grc' dir='ltr'>ὑφῆναι</span> <span class='ocrx_word' id='word_1_520' title='bbox 2702 2082 2793 2134; x_wconf 84' lang='grc' dir='ltr'><strong>τὸν</strong></span> <span class='ocrx_word' id='word_1_521' title='bbox 2843 2082 3027 2152; x_wconf 74' lang='grc' dir='ltr'>ὕμνον,</span> <span class='ocrx_word' id='word_1_522' title='bbox 3069 2080 3204 2135; x_wconf 82' lang='grc' dir='ltr'>ἀλλὰ</span> <span class='ocrx_word' id='word_1_523' title='bbox 3251 2081 3377 2143; x_wconf 75' lang='grc' dir='ltr'>τοὺς</span> <span class='ocrx_word' id='word_1_524' title='bbox 3420 2079 3708 2141; x_wconf 78' lang='grc' dir='ltr'>κοινωνοὺς</span> <span class='ocrx_word' id='word_1_525' title='bbox 3741 2075 3847 2147; x_wconf 78' lang='grc' dir='ltr'>τῆς</span> 
     </span>
    </p>
   </div>
   <div class='ocr_carea' id='block_1_76' title="bbox 2257 2169 3589 2241">
    <p class='ocr_par' dir='ltr' id='par_1_76' title="bbox 2257 2169 3589 2241">
     <span class='ocr_line' id='line_1_76' title="bbox 2257 2169 3589 2241; baseline -0.002 -17"><span class='ocrx_word' id='word_1_526' title='bbox 2257 2173 2579 2241; x_wconf 78' lang='grc' dir='ltr'>πραότητος,</span> <span class='ocrx_word' id='word_1_527' title='bbox 2609 2174 2897 2234; x_wconf 71' lang='grc' dir='ltr'>κοινωνοὺς</span> <span class='ocrx_word' id='word_1_528' title='bbox 2913 2175 3144 2225; x_wconf 79' lang='grc' dir='ltr'>ποιεῖται</span> <span class='ocrx_word' id='word_1_529' title='bbox 3167 2172 3267 2240; x_wconf 80' lang='grc' dir='ltr'>τῆς</span> <span class='ocrx_word' id='word_1_530' title='bbox 3295 2169 3589 2241; x_wconf 85' lang='grc' dir='ltr'>ὑμνῳδίας.</span> 
     </span>
    </p>
   </div>
   <div class='ocr_carea' id='block_1_77' title="bbox 2325 2259 3846 2330">
    <p class='ocr_par' dir='ltr' id='par_1_77' title="bbox 2325 2259 3846 2330">
     <span class='ocr_line' id='line_1_77' title="bbox 2325 2259 3846 2330; baseline -0.003 -15"><span class='ocrx_word' id='word_1_531' title='bbox 2325 2265 2715 2330; x_wconf 76' lang='grc' dir='ltr'>Μεγαλύνατε</span> <span class='ocrx_word' id='word_1_532' title='bbox 2740 2261 2846 2315; x_wconf 81' lang='grc' dir='ltr'>τὸν</span> <span class='ocrx_word' id='word_1_533' title='bbox 2888 2263 3107 2330; x_wconf 76' lang='grc' dir='ltr'>Κύριον</span> <span class='ocrx_word' id='word_1_534' title='bbox 3137 2262 3259 2314; x_wconf 84' lang='grc' dir='ltr'>σὺν</span> <span class='ocrx_word' id='word_1_535' title='bbox 3285 2261 3435 2330; x_wconf 79' lang='grc' dir='ltr'>ἐμοὶ,</span> <span class='ocrx_word' id='word_1_536' title='bbox 3470 2260 3569 2312; x_wconf 75' lang='grc' dir='ltr'>καὶ</span> <span class='ocrx_word' id='word_1_537' title='bbox 3599 2259 3846 2328; x_wconf 72' lang='grc' dir='ltr'>ὑψώσο-</span> 
     </span>
    </p>
   </div>
   <div class='ocr_carea' id='block_1_78' title="bbox 2251 2351 3847 2423">
    <p class='ocr_par' dir='ltr' id='par_1_78' title="bbox 2251 2351 3847 2423">
     <span class='ocr_line' id='line_1_78' title="bbox 2251 2351 3847 2423; baseline -0.003 -16"><span class='ocrx_word' id='word_1_538' title='bbox 2251 2370 2367 2423; x_wconf 82' lang='grc' dir='ltr'><strong>μεν</strong></span> <span class='ocrx_word' id='word_1_539' title='bbox 2414 2353 2481 2407; x_wconf 83' lang='grc' dir='ltr'>τὸ</span> <span class='ocrx_word' id='word_1_540' title='bbox 2529 2353 2716 2422; x_wconf 78' lang='grc' dir='ltr'>ὄνομα</span> <span class='ocrx_word' id='word_1_541' title='bbox 2763 2354 2949 2407; x_wconf 85' lang='grc' dir='ltr'>αὐτοῦ</span> <span class='ocrx_word' id='word_1_542' title='bbox 2992 2354 3326 2407; x_wconf 80' lang='grc' dir='ltr'>ἐπιτοαυτό.</span> <span class='ocrx_word' id='word_1_543' title='bbox 3371 2353 3458 2416; x_wconf 85' lang='grc' dir='ltr'>Ὠς</span> <span class='ocrx_word' id='word_1_544' title='bbox 3485 2353 3558 2422; x_wconf 81' lang='grc' dir='ltr'>μὴ</span> <span class='ocrx_word' id='word_1_545' title='bbox 3594 2351 3847 2420; x_wconf 73' lang='grc' dir='ltr'>ἐξαρκῶν</span> 
     </span>
    </p>
   </div>
   <div class='ocr_carea' id='block_1_79' title="bbox 2260 2443 3849 2516">
    <p class='ocr_par' dir='ltr' id='par_1_79' title="bbox 2260 2443 3849 2516">
     <span class='ocr_line' id='line_1_79' title="bbox 2260 2443 3849 2516; baseline -0.001 -20"><span class='ocrx_word' id='word_1_546' title='bbox 2260 2444 2330 2498; x_wconf 83' lang='grc' dir='ltr'><strong>τά</strong></span> <span class='ocrx_word' id='word_1_547' title='bbox 2358 2445 2622 2516; x_wconf 85' lang='grc' dir='ltr'>μεγαλεῖα</span> <span class='ocrx_word' id='word_1_548' title='bbox 2648 2445 2957 2514; x_wconf 71' lang='grc' dir='ltr'>ἐξαγγεῖλαι</span> <span class='ocrx_word' id='word_1_549' title='bbox 2983 2445 3077 2498; x_wconf 83' lang='grc' dir='ltr'>τοῦ</span> <span class='ocrx_word' id='word_1_550' title='bbox 3108 2443 3264 2511; x_wconf 80' lang='grc' dir='ltr'>Θεοῦ,</span> <span class='ocrx_word' id='word_1_551' title='bbox 3297 2447 3377 2508; x_wconf 86' lang='grc' dir='ltr'><strong>είς</strong></span> <span class='ocrx_word' id='word_1_552' title='bbox 3416 2444 3574 2497; x_wconf 77' lang='grc' dir='ltr'>τοῦτο</span> <span class='ocrx_word' id='word_1_553' title='bbox 3599 2444 3731 2496; x_wconf 66' lang='grc' dir='ltr'>αὐτὸ</span> <span class='ocrx_word' id='word_1_554' title='bbox 3770 2443 3849 2506; x_wconf 83' lang='grc' dir='ltr'><strong>ὡς</strong></span> 
     </span>
    </p>
   </div>
   <div class='ocr_carea' id='block_1_80' title="bbox 2261 2535 3851 2606">
    <p class='ocr_par' dir='ltr' id='par_1_80' title="bbox 2261 2535 3851 2606">
     <span class='ocr_line' id='line_1_80' title="bbox 2261 2535 3851 2606; baseline 0 -17"><span class='ocrx_word' id='word_1_555' title='bbox 2261 2535 2859 2606; x_wconf 76' lang='grc' dir='ltr'>περισυλλαμδάνεσθαι</span> <span class='ocrx_word' id='word_1_556' title='bbox 2893 2538 2988 2589; x_wconf 76' lang='grc' dir='ltr'><strong>καὶ</strong></span> <span class='ocrx_word' id='word_1_557' title='bbox 3015 2539 3142 2600; x_wconf 82' lang='grc' dir='ltr'>τοὺς</span> <span class='ocrx_word' id='word_1_558' title='bbox 3169 2537 3360 2601; x_wconf 81' lang='grc' dir='ltr'>ἄλλους</span> <span class='ocrx_word' id='word_1_559' title='bbox 3402 2536 3542 2603; x_wconf 78' lang='grc' dir='ltr'>ἀξιοῖ</span> <span class='ocrx_word' id='word_1_560' title='bbox 3580 2537 3674 2589; x_wconf 71' lang='grc' dir='ltr'>καὶ</span> <span class='ocrx_word' id='word_1_561' title='bbox 3708 2553 3851 2605; x_wconf 85' lang='grc' dir='ltr'>συμ-</span> 
     </span>
    </p>
   </div>
   <div class='ocr_carea' id='block_1_81' title="bbox 2262 2627 2544 2698">
    <p class='ocr_par' dir='ltr' id='par_1_81' title="bbox 2262 2627 2544 2698">
     <span class='ocr_line' id='line_1_81' title="bbox 2262 2627 2544 2698; baseline 0 -18"><span class='ocrx_word' id='word_1_562' title='bbox 2262 2627 2544 2698; x_wconf 87' lang='grc' dir='ltr'>πράττειν.</span> 
     </span>
    </p>
   </div>
   <div class='ocr_carea' id='block_1_82' title="bbox 2335 2718 3850 2788">
    <p class='ocr_par' dir='ltr' id='par_1_82' title="bbox 2335 2718 3850 2788">
     <span class='ocr_line' id='line_1_82' title="bbox 2335 2718 3850 2788; baseline -0.001 -16"><span class='ocrx_word' id='word_1_563' title='bbox 2335 2719 2704 2786; x_wconf 74' lang='grc' dir='ltr'>Προσέλθετε</span> <span class='ocrx_word' id='word_1_564' title='bbox 2748 2718 2898 2786; x_wconf 76' lang='grc' dir='ltr'>πρὸς</span> <span class='ocrx_word' id='word_1_565' title='bbox 2939 2719 3144 2782; x_wconf 80' lang='grc' dir='ltr'>αὐτὸν,</span> <span class='ocrx_word' id='word_1_566' title='bbox 3185 2721 3282 2773; x_wconf 78' lang='grc' dir='ltr'>καὶ</span> <span class='ocrx_word' id='word_1_567' title='bbox 3323 2721 3678 2788; x_wconf 73' lang='grc' dir='ltr'>φωτίσθητε.</span> <span class='ocrx_word' id='word_1_568' title='bbox 3730 2720 3850 2787; x_wconf 73' lang='grc' dir='ltr'><strong>Ἀφ’</strong></span> 
     </span>
    </p>
   </div>
   <div class='ocr_carea' id='block_1_83' title="bbox 2263 2803 3852 2872">
    <p class='ocr_par' dir='ltr' id='par_1_83' title="bbox 2263 2803 3852 2872">
     <span class='ocr_line' id='line_1_83' title="bbox 2263 2803 3852 2872; baseline -0.003 -10"><span class='ocrx_word' id='word_1_569' title='bbox 2263 2803 2339 2862; x_wconf 77' lang='grc' dir='ltr'>ὧν</span> <span class='ocrx_word' id='word_1_570' title='bbox 2395 2807 2610 2871; x_wconf 81' lang='grc' dir='ltr'>ἐδέξατο</span> <span class='ocrx_word' id='word_1_571' title='bbox 2657 2806 2952 2871; x_wconf 81' lang='grc' dir='ltr'>πεποιθὼς,</span> <span class='ocrx_word' id='word_1_572' title='bbox 3007 2808 3103 2860; x_wconf 75' lang='grc' dir='ltr'>καὶ</span> <span class='ocrx_word' id='word_1_573' title='bbox 3144 2809 3269 2872; x_wconf 74' lang='grc' dir='ltr'>τοὺς</span> <span class='ocrx_word' id='word_1_574' title='bbox 3321 2807 3511 2872; x_wconf 79' lang='grc' dir='ltr'>ἄλλους</span> <span class='ocrx_word' id='word_1_575' title='bbox 3557 2809 3638 2869; x_wconf 84' lang='grc' dir='ltr'>εἰς</span> <span class='ocrx_word' id='word_1_576' title='bbox 3688 2805 3852 2860; x_wconf 75' lang='grc' dir='ltr'>τοῦτο</span> 
     </span>
    </p>
   </div>
   <div class='ocr_carea' id='block_1_84' title="bbox 2266 2899 2477 2965">
    <p class='ocr_par' dir='ltr' id='par_1_84' title="bbox 2266 2899 2477 2965">
     <span class='ocr_line' id='line_1_84' title="bbox 2266 2899 2477 2965; baseline -0.009 -13"><span class='ocrx_word' id='word_1_577' title='bbox 2266 2899 2477 2965; x_wconf 57' lang='grc' dir='ltr'>ἀνάγεμ</span> 
     </span>
    </p>
   </div>
   <div class='ocr_carea' id='block_1_85' title="bbox 2349 2987 3856 3060">
    <p class='ocr_par' dir='ltr' id='par_1_85' title="bbox 2349 2987 3856 3060">
     <span class='ocr_line' id='line_1_85' title="bbox 2349 2987 3856 3060; baseline 0 -14"><span class='ocrx_word' id='word_1_578' title='bbox 2349 2987 2540 3056; x_wconf 85' lang='grc' dir='ltr'>Οὗτος</span> <span class='ocrx_word' id='word_1_579' title='bbox 2570 2993 2602 3043; x_wconf 89' lang='grc' dir='ltr'><em>ὀ</em></span> <span class='ocrx_word' id='word_1_580' title='bbox 2638 2989 2873 3058; x_wconf 81' lang='grc' dir='ltr'>πτωχὸς</span> <span class='ocrx_word' id='word_1_581' title='bbox 2912 2991 3230 3059; x_wconf 77' lang='grc' dir='ltr'>ἐκέκραξε,</span> <span class='ocrx_word' id='word_1_582' title='bbox 3274 2991 3374 3044; x_wconf 77' lang='grc' dir='ltr'>καὶ</span> <span class='ocrx_word' id='word_1_583' title='bbox 3406 2994 3438 3044; x_wconf 85' lang='grc' dir='ltr'><em>ό</em></span> <span class='ocrx_word' id='word_1_584' title='bbox 3475 2993 3690 3060; x_wconf 78' lang='grc' dir='ltr'>Κύριος</span> <span class='ocrx_word' id='word_1_585' title='bbox 3727 2994 3856 3046; x_wconf 69' lang='grc' dir='ltr'>εἶσ-</span> 
     </span>
    </p>
   </div>
   <div class='ocr_carea' id='block_1_86' title="bbox 2270 3079 3855 3150">
    <p class='ocr_par' dir='ltr' id='par_1_86' title="bbox 2270 3079 3855 3150">
     <span class='ocr_line' id='line_1_86' title="bbox 2270 3079 3855 3150; baseline -0.001 -18"><span class='ocrx_word' id='word_1_586' title='bbox 2270 3079 2543 3145; x_wconf 79' lang='grc' dir='ltr'>ήκουσεν</span> <span class='ocrx_word' id='word_1_587' title='bbox 2584 3081 2791 3133; x_wconf 76' lang='grc' dir='ltr'>αὐτόν.</span> <span class='ocrx_word' id='word_1_588' title='bbox 2845 3079 3081 3141; x_wconf 85' lang='grc' dir='ltr'>Μάθετε,</span> <span class='ocrx_word' id='word_1_589' title='bbox 3113 3080 3296 3148; x_wconf 72' lang='grc' dir='ltr'>φησὶν,</span> <span class='ocrx_word' id='word_1_590' title='bbox 3338 3081 3402 3131; x_wconf 83' lang='grc' dir='ltr'>ὲκ</span> <span class='ocrx_word' id='word_1_591' title='bbox 3447 3079 3554 3131; x_wconf 82' lang='grc' dir='ltr'><strong>τῶν</strong></span> <span class='ocrx_word' id='word_1_592' title='bbox 3604 3081 3721 3131; x_wconf 78' lang='grc' dir='ltr'>κατ’</span> <span class='ocrx_word' id='word_1_593' title='bbox 3751 3081 3855 3150; x_wconf 74' lang='grc' dir='ltr'>ἐμὲ</span> 
     </span>
    </p>
   </div>
   <div class='ocr_carea' id='block_1_87' title="bbox 2275 3169 3858 3242">
    <p class='ocr_par' dir='ltr' id='par_1_87' title="bbox 2275 3169 3858 3242">
     <span class='ocr_line' id='line_1_87' title="bbox 2275 3169 3858 3242; baseline -0.001 -18"><span class='ocrx_word' id='word_1_594' title='bbox 2275 3172 2496 3242; x_wconf 76' lang='grc' dir='ltr'>θαρρεῖν</span> <span class='ocrx_word' id='word_1_595' title='bbox 2529 3170 2608 3239; x_wconf 82' lang='grc' dir='ltr'>τῷ</span> <span class='ocrx_word' id='word_1_596' title='bbox 2646 3169 2751 3221; x_wconf 83' lang='grc' dir='ltr'>τῶν</span> <span class='ocrx_word' id='word_1_597' title='bbox 2785 3170 2919 3222; x_wconf 73' lang='grc' dir='ltr'>ὅλων</span> <span class='ocrx_word' id='word_1_598' title='bbox 2952 3169 3090 3240; x_wconf 79' lang='grc' dir='ltr'>Θεῷ.</span> <span class='ocrx_word' id='word_1_599' title='bbox 3124 3170 3327 3240; x_wconf 73' lang='grc' dir='ltr'>Εὐτελῆ</span> <span class='ocrx_word' id='word_1_600' title='bbox 3357 3169 3464 3240; x_wconf 76' lang='grc' dir='ltr'><strong>γὰρ</strong></span> <span class='ocrx_word' id='word_1_601' title='bbox 3491 3170 3618 3222; x_wconf 71' lang='grc' dir='ltr'>ὅντα</span> <span class='ocrx_word' id='word_1_602' title='bbox 3652 3187 3717 3241; x_wconf 82' lang='grc' dir='ltr'><strong>με</strong></span> <span class='ocrx_word' id='word_1_603' title='bbox 3760 3173 3858 3222; x_wconf 70' lang='grc' dir='ltr'><strong>καὶ</strong></span> 
     </span>
    </p>
   </div>
   <div class='ocr_carea' id='block_1_88' title="bbox 2275 3260 3858 3332">
    <p class='ocr_par' dir='ltr' id='par_1_88' title="bbox 2275 3260 3858 3332">
     <span class='ocr_line' id='line_1_88' title="bbox 2275 3260 3858 3332; baseline 0.001 -20"><span class='ocrx_word' id='word_1_604' title='bbox 2275 3260 2570 3332; x_wconf 83' lang='grc' dir='ltr'>προϐατέα.</span> <span class='ocrx_word' id='word_1_605' title='bbox 2592 3260 2690 3330; x_wconf 79' lang='grc' dir='ltr'>τῆς</span> <span class='ocrx_word' id='word_1_606' title='bbox 2715 3260 2918 3322; x_wconf 82' lang='grc' dir='ltr'>οἰκείας</span> <span class='ocrx_word' id='word_1_607' title='bbox 2950 3260 3289 3330; x_wconf 76' lang='grc' dir='ltr'>προμηθείας</span> <span class='ocrx_word' id='word_1_608' title='bbox 3314 3260 3534 3330; x_wconf 72' lang='grc' dir='ltr'>ἠξίωσε,</span> <span class='ocrx_word' id='word_1_609' title='bbox 3555 3263 3645 3314; x_wconf 79' lang='grc' dir='ltr'><strong>καὶ</strong></span> <span class='ocrx_word' id='word_1_610' title='bbox 3678 3262 3858 3332; x_wconf 82' lang='grc' dir='ltr'>κρείτ-</span> 
     </span>
    </p>
   </div>
   <div class='ocr_carea' id='block_1_89' title="bbox 2274 3351 3229 3423">
    <p class='ocr_par' dir='ltr' id='par_1_89' title="bbox 2274 3351 3229 3423">
     <span class='ocr_line' id='line_1_89' title="bbox 2274 3351 3229 3423; baseline 0 -19"><span class='ocrx_word' id='word_1_611' title='bbox 2274 3368 2404 3406; x_wconf 88' lang='grc' dir='ltr'>τονα</span> <span class='ocrx_word' id='word_1_612' title='bbox 2425 3351 2532 3405; x_wconf 85' lang='grc' dir='ltr'><strong>τῶν</strong></span> <span class='ocrx_word' id='word_1_613' title='bbox 2564 3351 2940 3423; x_wconf 78' lang='grc' dir='ltr'>πολεμούντων</span> <span class='ocrx_word' id='word_1_614' title='bbox 2965 3351 3229 3423; x_wconf 79' lang='grc' dir='ltr'>ἀπέφηνε.</span> 
     </span>
    </p>
   </div>
   <div class='ocr_carea' id='block_1_90' title="bbox 2346 3527 3860 3600">
    <p class='ocr_par' dir='ltr' id='par_1_90' title="bbox 2346 3527 3860 3600">
     <span class='ocr_line' id='line_1_90' title="bbox 2346 3527 3860 3600; baseline -0.001 -16"><span class='ocrx_word' id='word_1_615' title='bbox 2346 3531 2721 3600; x_wconf 71' lang='grc' dir='ltr'>Παρεμϐαλεῒ</span> <span class='ocrx_word' id='word_1_616' title='bbox 2741 3531 2993 3599; x_wconf 72' lang='grc' dir='ltr'>ἅγγελος</span> <span class='ocrx_word' id='word_1_617' title='bbox 3019 3531 3238 3598; x_wconf 80' lang='grc' dir='ltr'>Κυρίου</span> <span class='ocrx_word' id='word_1_618' title='bbox 3264 3530 3470 3591; x_wconf 69' lang='grc' dir='ltr'>κύκλῳ</span> <span class='ocrx_word' id='word_1_619' title='bbox 3496 3527 3614 3581; x_wconf 84' lang='grc' dir='ltr'><strong>τῶν</strong></span> <span class='ocrx_word' id='word_1_620' title='bbox 3635 3531 3860 3598; x_wconf 64' lang='grc' dir='ltr'>φοϐου-</span> 
     </span>
    </p>
   </div>
   <div class='ocr_carea' id='block_1_91' title="bbox 2272 3621 3866 3692">
    <p class='ocr_par' dir='ltr' id='par_1_91' title="bbox 2272 3621 3866 3692">
     <span class='ocr_line' id='line_1_91' title="bbox 2272 3621 3866 3692; baseline -0.001 -17"><span class='ocrx_word' id='word_1_621' title='bbox 2272 3622 2473 3691; x_wconf 80' lang='grc' dir='ltr'>μένων</span> <span class='ocrx_word' id='word_1_622' title='bbox 2500 3622 2704 3689; x_wconf 79' lang='grc' dir='ltr'>αὑτύν,</span> <span class='ocrx_word' id='word_1_623' title='bbox 2723 3622 2821 3675; x_wconf 81' lang='grc' dir='ltr'>καὶ</span> <span class='ocrx_word' id='word_1_624' title='bbox 2843 3622 3093 3690; x_wconf 73' lang='grc' dir='ltr'>ῥύσεται</span> <span class='ocrx_word' id='word_1_625' title='bbox 3115 3623 3358 3688; x_wconf 81' lang='grc' dir='ltr'>αὐτούς.</span> <span class='ocrx_word' id='word_1_626' title='bbox 3378 3621 3548 3675; x_wconf 83' lang='grc' dir='ltr'>Τοῦτο</span> <span class='ocrx_word' id='word_1_627' title='bbox 3577 3625 3866 3692; x_wconf 74' lang='grc' dir='ltr'>συμφωνεῖ</span> 
     </span>
    </p>
   </div>
   <div class='ocr_carea' id='block_1_92' title="bbox 2279 3712 3852 3785">
    <p class='ocr_par' dir='ltr' id='par_1_92' title="bbox 2279 3712 3852 3785">
     <span class='ocr_line' id='line_1_92' title="bbox 2279 3712 3852 3785; baseline -0.001 -18"><span class='ocrx_word' id='word_1_628' title='bbox 2279 3715 2372 3767; x_wconf 76' lang='grc' dir='ltr'><strong>καὶ</strong></span> <span class='ocrx_word' id='word_1_629' title='bbox 2409 3712 2502 3765; x_wconf 81' lang='grc' dir='ltr'>τοῦ</span> <span class='ocrx_word' id='word_1_630' title='bbox 2547 3713 2868 3766; x_wconf 83' lang='grc' dir='ltr'>Ἀποστόλου</span> <span class='ocrx_word' id='word_1_631' title='bbox 2907 3717 3020 3778; x_wconf 79' lang='grc' dir='ltr'>τοῖς</span> <span class='ocrx_word' id='word_1_632' title='bbox 3057 3715 3281 3785; x_wconf 75' lang='grc' dir='ltr'>ῥήμασι·</span> <span class='ocrx_word' id='word_1_633' title='bbox 3316 3715 3444 3783; x_wconf 72' lang='grc' dir='ltr'>περὶ</span> <span class='ocrx_word' id='word_1_634' title='bbox 3480 3713 3587 3784; x_wconf 74' lang='grc' dir='ltr'>γὰρ</span> <span class='ocrx_word' id='word_1_635' title='bbox 3621 3713 3729 3765; x_wconf 81' lang='grc' dir='ltr'><strong>τῶν</strong></span> <span class='ocrx_word' id='word_1_636' title='bbox 3758 3715 3852 3780; x_wconf 86' lang='grc' dir='ltr'><strong>ἀγ-</strong></span> 
     </span>
    </p>
   </div>
   <div class='ocr_carea' id='block_1_93' title="bbox 2279 3799 3867 3876">
    <p class='ocr_par' dir='ltr' id='par_1_93' title="bbox 2279 3799 3867 3876">
     <span class='ocr_line' id='line_1_93' title="bbox 2279 3799 3867 3876; baseline 0.002 -18"><span class='ocrx_word' id='word_1_637' title='bbox 2279 3807 2452 3875; x_wconf 79' lang='grc' dir='ltr'>γέλων</span> <span class='ocrx_word' id='word_1_638' title='bbox 2485 3799 2640 3868; x_wconf 74' lang='grc' dir='ltr'>οὗτός</span> <span class='ocrx_word' id='word_1_639' title='bbox 2673 3823 2857 3876; x_wconf 83' lang='grc' dir='ltr'>φησιν·</span> <span class='ocrx_word' id='word_1_640' title='bbox 2896 3807 3042 3873; x_wconf 77' lang='grc' dir='ltr'>Οὐχὶ</span> <span class='ocrx_word' id='word_1_641' title='bbox 3073 3805 3294 3871; x_wconf 79' lang='grc' dir='ltr'>πάντες</span> <span class='ocrx_word' id='word_1_642' title='bbox 3329 3807 3448 3860; x_wconf 76' lang='grc' dir='ltr'>εὶσὶ</span> <span class='ocrx_word' id='word_1_643' title='bbox 3480 3811 3867 3876; x_wconf 59' lang='grc' dir='ltr'>,ζειτοιιγηεικὰ</span> 
     </span>
    </p>
   </div>
   <div class='ocr_carea' id='block_1_94' title="bbox 2281 3898 3866 3969">
    <p class='ocr_par' dir='ltr' id='par_1_94' title="bbox 2281 3898 3866 3969">
     <span class='ocr_line' id='line_1_94' title="bbox 2281 3898 3866 3969; baseline 0.003 -20"><span class='ocrx_word' id='word_1_644' title='bbox 2281 3898 2590 3966; x_wconf 78' lang='grc' dir='ltr'>πνεύματα</span> <span class='ocrx_word' id='word_1_645' title='bbox 2647 3899 2732 3963; x_wconf 80' lang='grc' dir='ltr'>εἰς</span> <span class='ocrx_word' id='word_1_646' title='bbox 2792 3898 3170 3968; x_wconf 71' lang='grc' dir='ltr'>λειτουργίαν</span> <span class='ocrx_word' id='word_1_647' title='bbox 3220 3899 3720 3969; x_wconf 74' lang='grc' dir='ltr'>ἀποστελλόμενα</span> <span class='ocrx_word' id='word_1_648' title='bbox 3763 3900 3866 3954; x_wconf 56' lang='grc' dir='ltr'><strong>διὰ</strong></span> 
     </span>
    </p>
   </div>
   <div class='ocr_carea' id='block_1_95' title="bbox 2281 3987 3869 4059">
    <p class='ocr_par' dir='ltr' id='par_1_95' title="bbox 2281 3987 3869 4059">
     <span class='ocr_line' id='line_1_95' title="bbox 2281 3987 3869 4059; baseline 0.001 -18"><span class='ocrx_word' id='word_1_649' title='bbox 2281 3989 2425 4054; x_wconf 84' lang='grc' dir='ltr'>τοὺς</span> <span class='ocrx_word' id='word_1_650' title='bbox 2485 3987 2826 4058; x_wconf 65' lang='grc' dir='ltr'>μέλλοντας</span> <span class='ocrx_word' id='word_1_651' title='bbox 2873 3988 3270 4059; x_wconf 74' lang='grc' dir='ltr'>κληρονομεῖν</span> <span class='ocrx_word' id='word_1_652' title='bbox 3316 3993 3641 4058; x_wconf 69' lang='grc' dir='ltr'>σωτηρίαν.</span> <span class='ocrx_word' id='word_1_653' title='bbox 3706 3989 3869 4044; x_wconf 69' lang='grc' dir='ltr'>Οὕτω</span> 
     </span>
    </p>
   </div>
   <div class='ocr_carea' id='block_1_96' title="bbox 2284 4080 3868 4152">
    <p class='ocr_par' dir='ltr' id='par_1_96' title="bbox 2284 4080 3868 4152">
     <span class='ocr_line' id='line_1_96' title="bbox 2284 4080 3868 4152; baseline 0.001 -18"><span class='ocrx_word' id='word_1_654' title='bbox 2284 4081 2376 4134; x_wconf 70' lang='grc' dir='ltr'>καὶ</span> <span class='ocrx_word' id='word_1_655' title='bbox 2412 4083 2440 4133; x_wconf 84' lang='grc' dir='ltr'>ὁ</span> <span class='ocrx_word' id='word_1_656' title='bbox 2468 4081 2733 4151; x_wconf 85' lang='grc' dir='ltr'>μακάριος</span> <span class='ocrx_word' id='word_1_657' title='bbox 2770 4080 2963 4133; x_wconf 83' lang='grc' dir='ltr'>Ἰακὼϐ</span> <span class='ocrx_word' id='word_1_658' title='bbox 2990 4082 3422 4152; x_wconf 71' lang='grc' dir='ltr'>προσευχόμενος</span> <span class='ocrx_word' id='word_1_659' title='bbox 3451 4098 3631 4152; x_wconf 79' lang='grc' dir='ltr'>φησιν·</span> <span class='ocrx_word' id='word_1_660' title='bbox 3674 4082 3730 4134; x_wconf 83' lang='lat'><strong>&#39;0</strong></span> <span class='ocrx_word' id='word_1_661' title='bbox 3758 4082 3868 4152; x_wconf 68' lang='grc' dir='ltr'><strong>ἆγ-</strong></span> 
     </span>
    </p>
   </div>
   <div class='ocr_carea' id='block_1_97' title="bbox 2285 4169 3857 4242">
    <p class='ocr_par' dir='ltr' id='par_1_97' title="bbox 2285 4169 3857 4242">
     <span class='ocr_line' id='line_1_97' title="bbox 2285 4169 3857 4242; baseline 0 -16"><span class='ocrx_word' id='word_1_662' title='bbox 2285 4177 2460 4242; x_wconf 72' lang='grc' dir='ltr'>τελος</span> <span class='ocrx_word' id='word_1_663' title='bbox 2489 4174 2520 4225; x_wconf 81' lang='grc' dir='ltr'><em>ὀ</em></span> <span class='ocrx_word' id='word_1_664' title='bbox 2538 4169 2884 4240; x_wconf 75' lang='grc' dir='ltr'>ρυσάμενός</span> <span class='ocrx_word' id='word_1_665' title='bbox 2900 4189 2978 4240; x_wconf 82' lang='grc' dir='ltr'><strong>με</strong></span> <span class='ocrx_word' id='word_1_666' title='bbox 3002 4172 3070 4224; x_wconf 81' lang='grc' dir='ltr'>ἐκ</span> <span class='ocrx_word' id='word_1_667' title='bbox 3093 4171 3334 4225; x_wconf 77' lang='grc' dir='ltr'>πάντων</span> <span class='ocrx_word' id='word_1_668' title='bbox 3354 4171 3474 4226; x_wconf 84' lang='grc' dir='ltr'>τῶν</span> <span class='ocrx_word' id='word_1_669' title='bbox 3495 4171 3695 4226; x_wconf 75' lang='grc' dir='ltr'>κακῶν</span> <span class='ocrx_word' id='word_1_670' title='bbox 3713 4192 3857 4242; x_wconf 81' lang='grc' dir='ltr'>μου.</span> 
     </span>
    </p>
   </div>
   <div class='ocr_carea' id='block_1_98' title="bbox 2287 4263 3864 4336">
    <p class='ocr_par' dir='ltr' id='par_1_98' title="bbox 2287 4263 3864 4336">
     <span class='ocr_line' id='line_1_98' title="bbox 2287 4263 3864 4336; baseline 0.001 -21"><span class='ocrx_word' id='word_1_671' title='bbox 2287 4263 2442 4315; x_wconf 82' lang='grc' dir='ltr'>Οὗτω</span> <span class='ocrx_word' id='word_1_672' title='bbox 2478 4264 2572 4314; x_wconf 80' lang='grc' dir='ltr'><strong>καὶ</strong></span> <span class='ocrx_word' id='word_1_673' title='bbox 2615 4263 2644 4313; x_wconf 87' lang='grc' dir='ltr'>ὁ</span> <span class='ocrx_word' id='word_1_674' title='bbox 2685 4264 3028 4334; x_wconf 69' lang='grc' dir='ltr'>πατριάρχης</span> <span class='ocrx_word' id='word_1_675' title='bbox 3072 4263 3322 4334; x_wconf 79' lang='grc' dir='ltr'>’Λϐραὰμ</span> <span class='ocrx_word' id='word_1_676' title='bbox 3351 4264 3486 4336; x_wconf 84' lang='grc' dir='ltr'>πρὸς</span> <span class='ocrx_word' id='word_1_677' title='bbox 3515 4265 3605 4316; x_wconf 82' lang='grc' dir='ltr'>τὸν</span> <span class='ocrx_word' id='word_1_678' title='bbox 3648 4265 3864 4334; x_wconf 86' lang='grc' dir='ltr'>θαυμά-</span> 
     </span>
    </p>
   </div>
   <div class='ocr_carea' id='block_1_99' title="bbox 2290 4355 3870 4426">
    <p class='ocr_par' dir='ltr' id='par_1_99' title="bbox 2290 4355 3870 4426">
     <span class='ocr_line' id='line_1_99' title="bbox 2290 4355 3870 4426; baseline 0.003 -20"><span class='ocrx_word' id='word_1_679' title='bbox 2290 4373 2402 4407; x_wconf 88' lang='grc' dir='ltr'>σιον</span> <span class='ocrx_word' id='word_1_680' title='bbox 2447 4355 2661 4426; x_wconf 78' lang='grc' dir='ltr'>οἰκέτην</span> <span class='ocrx_word' id='word_1_681' title='bbox 2700 4355 2835 4425; x_wconf 74' lang='grc' dir='ltr'><strong>ἔφη’</strong></span> <span class='ocrx_word' id='word_1_682' title='bbox 2885 4356 3093 4422; x_wconf 84' lang='grc' dir='ltr'>Κύριος</span> <span class='ocrx_word' id='word_1_683' title='bbox 3124 4357 3156 4408; x_wconf 85' lang='grc' dir='ltr'><em>ὀ</em></span> <span class='ocrx_word' id='word_1_684' title='bbox 3199 4356 3341 4421; x_wconf 82' lang='grc' dir='ltr'>Θεὸς</span> <span class='ocrx_word' id='word_1_685' title='bbox 3389 4356 3722 4410; x_wconf 76' lang='grc' dir='ltr'>ἀποστελεῖ</span> <span class='ocrx_word' id='word_1_686' title='bbox 3759 4357 3870 4410; x_wconf 81' lang='grc' dir='ltr'>τὸν</span> 
     </span>
    </p>
   </div>
   <div class='ocr_carea' id='block_1_100' title="bbox 2290 4445 3871 4519">
    <p class='ocr_par' dir='ltr' id='par_1_100' title="bbox 2290 4445 3871 4519">
     <span class='ocr_line' id='line_1_100' title="bbox 2290 4445 3871 4519; baseline 0.003 -21"><span class='ocrx_word' id='word_1_687' title='bbox 2290 4446 2548 4516; x_wconf 68' lang='grc' dir='ltr'>ἄγγελον</span> <span class='ocrx_word' id='word_1_688' title='bbox 2591 4446 2776 4499; x_wconf 84' lang='grc' dir='ltr'>αὑτοῦ</span> <span class='ocrx_word' id='word_1_689' title='bbox 2831 4445 2944 4513; x_wconf 81' lang='grc' dir='ltr'>πρὸ</span> <span class='ocrx_word' id='word_1_690' title='bbox 2991 4446 3312 4512; x_wconf 77' lang='grc' dir='ltr'>προσώπου</span> <span class='ocrx_word' id='word_1_691' title='bbox 3359 4463 3509 4513; x_wconf 88' lang='grc' dir='ltr'>σου,</span> <span class='ocrx_word' id='word_1_692' title='bbox 3549 4449 3646 4502; x_wconf 80' lang='grc' dir='ltr'><strong>καί</strong></span> <span class='ocrx_word' id='word_1_693' title='bbox 3690 4449 3871 4519; x_wconf 67' lang='grc' dir='ltr'><strong>,λήψῃ</strong></span> 
     </span>
    </p>
   </div>
   <div class='ocr_carea' id='block_1_101' title="bbox 2219 4535 3874 4621">
    <p class='ocr_par' dir='ltr' id='par_1_101' title="bbox 2219 4535 3874 4621">
     <span class='ocr_line' id='line_1_101' title="bbox 2219 4535 3874 4621; baseline 0.004 -36"><span class='ocrx_word' id='word_1_694' title='bbox 2219 4563 2268 4621; x_wconf 78' lang='lat' dir='ltr'><strong>D</strong></span> <span class='ocrx_word' id='word_1_695' title='bbox 2293 4537 2548 4606; x_wconf 74' lang='grc' dir='ltr'>γυναῖκα</span> <span class='ocrx_word' id='word_1_696' title='bbox 2578 4535 2657 4601; x_wconf 81' lang='grc' dir='ltr'><strong>τῷ</strong></span> <span class='ocrx_word' id='word_1_697' title='bbox 2681 4535 2788 4601; x_wconf 84' lang='grc' dir='ltr'><strong>υἱῷ</strong></span> <span class='ocrx_word' id='word_1_698' title='bbox 2819 4553 2938 4606; x_wconf 88' lang='grc' dir='ltr'><strong>μου</strong></span> <span class='ocrx_word' id='word_1_699' title='bbox 3001 4536 3193 4590; x_wconf 81' lang='grc' dir='ltr'>Ἰσαὰκ</span> <span class='ocrx_word' id='word_1_700' title='bbox 3237 4538 3484 4592; x_wconf 81' lang='grc' dir='ltr'>ἐκεῖθεν.</span> <span class='ocrx_word' id='word_1_701' title='bbox 3515 4539 3671 4593; x_wconf 79' lang='grc' dir='ltr'>Οὕτω</span> <span class='ocrx_word' id='word_1_702' title='bbox 3707 4541 3803 4593; x_wconf 70' lang='grc' dir='ltr'>καὶ</span> <span class='ocrx_word' id='word_1_703' title='bbox 3842 4541 3874 4591; x_wconf 82' lang='grc' dir='ltr'>ὁ</span> 
     </span>
    </p>
   </div>
   <div class='ocr_carea' id='block_1_102' title="bbox 2299 4625 3870 4701">
    <p class='ocr_par' dir='ltr' id='par_1_102' title="bbox 2299 4625 3870 4701">
     <span class='ocr_line' id='line_1_102' title="bbox 2299 4625 3870 4701; baseline 0.004 -20"><span class='ocrx_word' id='word_1_704' title='bbox 2299 4628 2565 4699; x_wconf 85' lang='grc' dir='ltr'>μακάριος</span> <span class='ocrx_word' id='word_1_705' title='bbox 2590 4625 2734 4697; x_wconf 61' lang='grc' dir='ltr'>λέγει</span> <span class='ocrx_word' id='word_1_706' title='bbox 2759 4627 3053 4698; x_wconf 79' lang='grc' dir='ltr'>Ζαχαρίας·</span> <span class='ocrx_word' id='word_1_707' title='bbox 3081 4629 3134 4679; x_wconf 87' lang='lat'><strong>&#39;0</strong></span> <span class='ocrx_word' id='word_1_708' title='bbox 3162 4629 3414 4698; x_wconf 61' lang='lat' dir='ltr'><strong>arra/loc</strong></span> <span class='ocrx_word' id='word_1_709' title='bbox 3430 4634 3463 4684; x_wconf 88' lang='grc' dir='ltr'><em>ὀ</em></span> <span class='ocrx_word' id='word_1_710' title='bbox 3491 4631 3697 4685; x_wconf 72' lang='grc' dir='ltr'>λαλῶν</span> <span class='ocrx_word' id='word_1_711' title='bbox 3715 4633 3870 4701; x_wconf 79' lang='grc' dir='ltr'>ἐμοί.</span> 
     </span>
    </p>
   </div>
   <div class='ocr_carea' id='block_1_103' title="bbox 2367 4718 3869 4790">
    <p class='ocr_par' dir='ltr' id='par_1_103' title="bbox 2367 4718 3869 4790">
     <span class='ocr_line' id='line_1_103' title="bbox 2367 4718 3869 4790; baseline 0.003 -18"><span class='ocrx_word' id='word_1_712' title='bbox 2367 4721 2717 4782; x_wconf 82' lang='grc' dir='ltr'>Γεύσασθε,</span> <span class='ocrx_word' id='word_1_713' title='bbox 2761 4723 2857 4772; x_wconf 80' lang='grc' dir='ltr'>καὶ</span> <span class='ocrx_word' id='word_1_714' title='bbox 2905 4718 3080 4782; x_wconf 83' lang='grc' dir='ltr'>ἴδετε,</span> <span class='ocrx_word' id='word_1_715' title='bbox 3113 4719 3200 4773; x_wconf 80' lang='grc' dir='ltr'>ὅτι</span> <span class='ocrx_word' id='word_1_716' title='bbox 3248 4723 3510 4790; x_wconf 81' lang='grc' dir='ltr'>χρηστὸς</span> <span class='ocrx_word' id='word_1_717' title='bbox 3558 4726 3590 4776; x_wconf 85' lang='grc' dir='ltr'><em>ό</em></span> <span class='ocrx_word' id='word_1_718' title='bbox 3632 4724 3869 4790; x_wconf 79' lang='grc' dir='ltr'>Κύριος.</span> 
     </span>
    </p>
   </div>
   <div class='ocr_carea' id='block_1_104' title="bbox 2295 4807 3876 4880">
    <p class='ocr_par' dir='ltr' id='par_1_104' title="bbox 2295 4807 3876 4880">
     <span class='ocr_line' id='line_1_104' title="bbox 2295 4807 3876 4880; baseline 0.003 -19"><span class='ocrx_word' id='word_1_719' title='bbox 2295 4807 2400 4861; x_wconf 73' lang='grc' dir='ltr'>Τοῦ</span> <span class='ocrx_word' id='word_1_720' title='bbox 2434 4808 2684 4878; x_wconf 82' lang='grc' dir='ltr'>ἀληθινοῦ</span> <span class='ocrx_word' id='word_1_721' title='bbox 2713 4809 2899 4880; x_wconf 81' lang='grc' dir='ltr'>ἄρτου,</span> <span class='ocrx_word' id='word_1_722' title='bbox 2925 4812 3076 4880; x_wconf 79' lang='grc' dir='ltr'>φησὶ,</span> <span class='ocrx_word' id='word_1_723' title='bbox 3107 4811 3394 4878; x_wconf 76' lang='grc' dir='ltr'>γεύσασθε,</span> <span class='ocrx_word' id='word_1_724' title='bbox 3419 4811 3511 4864; x_wconf 75' lang='grc' dir='ltr'><strong>τοῦ</strong></span> <span class='ocrx_word' id='word_1_725' title='bbox 3537 4813 3876 4875; x_wconf 73' lang='grc' dir='ltr'>καταϐάντος</span> 
     </span>
    </p>
   </div>
   <div class='ocr_carea' id='block_1_105' title="bbox 2295 4899 3871 4969">
    <p class='ocr_par' dir='ltr' id='par_1_105' title="bbox 2295 4899 3871 4969">
     <span class='ocr_line' id='line_1_105' title="bbox 2295 4899 3871 4969; baseline 0.004 -18"><span class='ocrx_word' id='word_1_726' title='bbox 2295 4900 2354 4965; x_wconf 79' lang='grc' dir='ltr'>ἐξ</span> <span class='ocrx_word' id='word_1_727' title='bbox 2387 4899 2636 4969; x_wconf 75' lang='grc' dir='ltr'>οὐρανοῦ.</span> <span class='ocrx_word' id='word_1_728' title='bbox 2682 4899 2980 4967; x_wconf 78' lang='grc' dir='ltr'>Μακάριος</span> <span class='ocrx_word' id='word_1_729' title='bbox 3013 4901 3168 4969; x_wconf 77' lang='grc' dir='ltr'>ἀνὴρ</span> <span class='ocrx_word' id='word_1_730' title='bbox 3203 4902 3266 4967; x_wconf 85' lang='grc' dir='ltr'>ὃς</span> <span class='ocrx_word' id='word_1_731' title='bbox 3293 4902 3512 4963; x_wconf 72' lang='grc' dir='ltr'>ἐλπίζει</span> <span class='ocrx_word' id='word_1_732' title='bbox 3539 4903 3632 4956; x_wconf 79' lang='grc' dir='ltr'><strong>ἐπ’</strong></span> <span class='ocrx_word' id='word_1_733' title='bbox 3664 4905 3871 4958; x_wconf 80' lang='grc' dir='ltr'>αὐτόν·</span> 
     </span>
    </p>
   </div>
   <div class='ocr_carea' id='block_1_106' title="bbox 2294 4991 3186 5064">
    <p class='ocr_par' dir='ltr' id='par_1_106' title="bbox 2294 4991 3186 5064">
     <span class='ocr_line' id='line_1_106' title="bbox 2294 4991 3186 5064; baseline 0.004 -22"><span class='ocrx_word' id='word_1_734' title='bbox 2294 4991 2403 5057; x_wconf 75' lang='grc' dir='ltr'>ἕξει</span> <span class='ocrx_word' id='word_1_735' title='bbox 2429 4991 2535 5060; x_wconf 86' lang='grc' dir='ltr'><strong>γὰρ</strong></span> <span class='ocrx_word' id='word_1_736' title='bbox 2565 4992 2664 5062; x_wconf 80' lang='grc' dir='ltr'><strong>τὴν</strong></span> <span class='ocrx_word' id='word_1_737' title='bbox 2700 4991 2998 5061; x_wconf 79' lang='grc' dir='ltr'>μέλλουσαν</span> <span class='ocrx_word' id='word_1_738' title='bbox 3024 4992 3186 5064; x_wconf 76' lang='grc' dir='ltr'>ζωήν.</span> 
     </span>
    </p>
   </div>
   <div class='ocr_carea' id='block_1_107' title="bbox 2368 5082 3879 5158">
    <p class='ocr_par' dir='ltr' id='par_1_107' title="bbox 2368 5082 3879 5158">
     <span class='ocr_line' id='line_1_107' title="bbox 2368 5082 3879 5158; baseline 0.003 -23"><span class='ocrx_word' id='word_1_739' title='bbox 2368 5085 2657 5136; x_wconf 76' lang='grc' dir='ltr'>Πλούσιοι</span> <span class='ocrx_word' id='word_1_740' title='bbox 2688 5082 3078 5151; x_wconf 80' lang='grc' dir='ltr'>ἐπτώχευσαν</span> <span class='ocrx_word' id='word_1_741' title='bbox 3107 5085 3204 5138; x_wconf 82' lang='grc' dir='ltr'>καὶ</span> <span class='ocrx_word' id='word_1_742' title='bbox 3246 5086 3598 5142; x_wconf 81' lang='grc' dir='ltr'>ἐπείνασαν.</span> <span class='ocrx_word' id='word_1_743' title='bbox 3625 5086 3879 5158; x_wconf 77' lang='grc' dir='ltr'>Δηλονὸτι</span> 
     </span>
    </p>
   </div>
   <div class='ocr_carea' id='block_1_108' title="bbox 2298 5175 3880 5245">
    <p class='ocr_par' dir='ltr' id='par_1_108' title="bbox 2298 5175 3880 5245">
     <span class='ocr_line' id='line_1_108' title="bbox 2298 5175 3880 5245; baseline 0.003 -18"><span class='ocrx_word' id='word_1_744' title='bbox 2298 5177 2326 5227; x_wconf 87' lang='grc' dir='ltr'>ὁ</span> <span class='ocrx_word' id='word_1_745' title='bbox 2357 5175 2463 5227; x_wconf 74' lang='grc' dir='ltr'>τῶν</span> <span class='ocrx_word' id='word_1_746' title='bbox 2507 5175 2772 5227; x_wconf 83' lang='grc' dir='ltr'>Ἰουδαίων</span> <span class='ocrx_word' id='word_1_747' title='bbox 2818 5175 2963 5238; x_wconf 84' lang='grc' dir='ltr'>λαός.</span> <span class='ocrx_word' id='word_1_748' title='bbox 3006 5180 3070 5230; x_wconf 87' lang='lat' dir='ltr'><strong>Ol</strong></span> <span class='ocrx_word' id='word_1_749' title='bbox 3113 5177 3181 5229; x_wconf 76' lang='grc' dir='ltr'><strong>δὲ</strong></span> <span class='ocrx_word' id='word_1_750' title='bbox 3214 5178 3598 5245; x_wconf 70' lang='grc' dir='ltr'>ἐκζητοῦντες</span> <span class='ocrx_word' id='word_1_751' title='bbox 3629 5179 3734 5232; x_wconf 75' lang='grc' dir='ltr'>τὸν</span> <span class='ocrx_word' id='word_1_752' title='bbox 3764 5180 3880 5232; x_wconf 76' lang='grc' dir='ltr'><strong>Κύ-</strong></span> 
     </span>
    </p>
   </div>
   <div class='ocr_carea' id='block_1_109' title="bbox 2292 5266 3881 5339">
    <p class='ocr_par' dir='ltr' id='par_1_109' title="bbox 2292 5266 3881 5339">
     <span class='ocr_line' id='line_1_109' title="bbox 2292 5266 3881 5339; baseline 0.002 -20"><span class='ocrx_word' id='word_1_753' title='bbox 2292 5285 2430 5336; x_wconf 68' lang='grc' dir='ltr'><strong>⁴Γιον</strong></span> <span class='ocrx_word' id='word_1_754' title='bbox 2475 5269 2586 5320; x_wconf 76' lang='grc' dir='ltr'>οὐκ</span> <span class='ocrx_word' id='word_1_755' title='bbox 2647 5266 3162 5335; x_wconf 70' lang='grc' dir='ltr'>ὲλαττωθήσονται</span> <span class='ocrx_word' id='word_1_756' title='bbox 3199 5270 3424 5336; x_wconf 75' lang='grc' dir='ltr'>παντὸς</span> <span class='ocrx_word' id='word_1_757' title='bbox 3473 5270 3721 5339; x_wconf 72' lang='grc' dir='ltr'>ἀγαθοῦ.</span> <span class='ocrx_word' id='word_1_758' title='bbox 3777 5270 3881 5323; x_wconf 80' lang='grc' dir='ltr'><strong>Τὸν</strong></span> 
     </span>
    </p>
   </div>
   <div class='ocr_carea' id='block_1_110' title="bbox 2301 5358 3141 5427">
    <p class='ocr_par' dir='ltr' id='par_1_110' title="bbox 2301 5358 3141 5427">
     <span class='ocr_line' id='line_1_110' title="bbox 2301 5358 3141 5427; baseline 0.001 -16"><span class='ocrx_word' id='word_1_759' title='bbox 2301 5359 2486 5427; x_wconf 72' lang='grc' dir='ltr'>ἕτερον</span> <span class='ocrx_word' id='word_1_760' title='bbox 2518 5358 2661 5426; x_wconf 77' lang='grc' dir='ltr'>λέγει</span> <span class='ocrx_word' id='word_1_761' title='bbox 2686 5358 2777 5410; x_wconf 83' lang='grc' dir='ltr'><strong>τὸν</strong></span> <span class='ocrx_word' id='word_1_762' title='bbox 2809 5358 2917 5410; x_wconf 82' lang='grc' dir='ltr'><strong>τῶν</strong></span> <span class='ocrx_word' id='word_1_763' title='bbox 2951 5358 3141 5412; x_wconf 80' lang='grc' dir='ltr'>ἐθνῶν.</span> 
     </span>
    </p>
   </div>
   <div class='ocr_carea' id='block_1_111' title="bbox 2371 5448 3880 5520">
    <p class='ocr_par' dir='ltr' id='par_1_111' title="bbox 2371 5448 3880 5520">
     <span class='ocr_line' id='line_1_111' title="bbox 2371 5448 3880 5520; baseline 0.001 -18"><span class='ocrx_word' id='word_1_764' title='bbox 2371 5449 2566 5513; x_wconf 73' lang='grc' dir='ltr'>Δεῦτε,</span> <span class='ocrx_word' id='word_1_765' title='bbox 2596 5448 2793 5508; x_wconf 74' lang='grc' dir='ltr'>τέκνα,</span> <span class='ocrx_word' id='word_1_766' title='bbox 2821 5449 3118 5502; x_wconf 76' lang='grc' dir='ltr'>ἀκούσατέ</span> <span class='ocrx_word' id='word_1_767' title='bbox 3145 5468 3288 5518; x_wconf 81' lang='grc' dir='ltr'>μου’</span> <span class='ocrx_word' id='word_1_768' title='bbox 3317 5453 3505 5519; x_wconf 63' lang='grc' dir='ltr'>φόϐον</span> <span class='ocrx_word' id='word_1_769' title='bbox 3539 5452 3759 5520; x_wconf 83' lang='grc' dir='ltr'>Κυρίου</span> <span class='ocrx_word' id='word_1_770' title='bbox 3794 5450 3880 5503; x_wconf 79' lang='grc' dir='ltr'><strong>δι-</strong></span> 
     </span>
    </p>
   </div>
   <div class='ocr_carea' id='block_1_112' title="bbox 2304 5539 3882 5610">
    <p class='ocr_par' dir='ltr' id='par_1_112' title="bbox 2304 5539 3882 5610">
     <span class='ocr_line' id='line_1_112' title="bbox 2304 5539 3882 5610; baseline 0 -16"><span class='ocrx_word' id='word_1_771' title='bbox 2304 5541 2464 5604; x_wconf 73' lang='grc' dir='ltr'>δάξω</span> <span class='ocrx_word' id='word_1_772' title='bbox 2494 5539 2646 5609; x_wconf 60' lang='grc' dir='ltr'>ὑμᾶς</span> <span class='ocrx_word' id='word_1_773' title='bbox 2678 5579 2691 5593; x_wconf 95' lang='grc'><strong>.</strong></span> <span class='ocrx_word' id='word_1_774' title='bbox 2731 5581 2742 5592; x_wconf 94' lang='grc'><em>.</em></span> <span class='ocrx_word' id='word_1_775' title='bbox 2777 5581 2790 5593; x_wconf 90' lang='grc'><strong>.</strong></span> <span class='ocrx_word' id='word_1_776' title='bbox 2829 5581 2845 5595; x_wconf 94' lang='grc'><strong>.</strong></span> <span class='ocrx_word' id='word_1_777' title='bbox 2877 5579 2890 5592; x_wconf 93' lang='grc'><strong>.</strong></span> <span class='ocrx_word' id='word_1_778' title='bbox 2925 5580 2938 5592; x_wconf 94' lang='grc'><strong>.</strong></span> <span class='ocrx_word' id='word_1_779' title='bbox 2971 5541 3069 5593; x_wconf 74' lang='grc' dir='ltr'><strong>καί</strong></span> <span class='ocrx_word' id='word_1_780' title='bbox 3103 5542 3274 5608; x_wconf 75' lang='grc' dir='ltr'>χείλη</span> <span class='ocrx_word' id='word_1_781' title='bbox 3305 5559 3419 5595; x_wconf 89' lang='grc' dir='ltr'><strong>σου</strong></span> <span class='ocrx_word' id='word_1_782' title='bbox 3457 5543 3561 5596; x_wconf 84' lang='grc' dir='ltr'>τοῦ</span> <span class='ocrx_word' id='word_1_783' title='bbox 3587 5543 3672 5610; x_wconf 79' lang='grc' dir='ltr'><strong>μὴ</strong></span> <span class='ocrx_word' id='word_1_784' title='bbox 3701 5542 3882 5608; x_wconf 61' lang='grc' dir='ltr'><strong>λαλῆ-</strong></span> 
     </span>
    </p>
   </div>
   <div class='ocr_carea' id='block_1_113' title="bbox 2308 5629 3882 5705">
    <p class='ocr_par' dir='ltr' id='par_1_113' title="bbox 2308 5629 3882 5705">
     <span class='ocr_line' id='line_1_113' title="bbox 2308 5629 3882 5705; baseline 0 -17"><span class='ocrx_word' id='word_1_785' title='bbox 2308 5651 2411 5688; x_wconf 86' lang='grc' dir='ltr'><strong>σαι</strong></span> <span class='ocrx_word' id='word_1_786' title='bbox 2472 5636 2677 5686; x_wconf 66' lang='grc' dir='ltr'><strong>δόλον.</strong></span> <span class='ocrx_word' id='word_1_787' title='bbox 2728 5632 3084 5685; x_wconf 80' lang='grc' dir='ltr'>Διδασκαλίαν</span> <span class='ocrx_word' id='word_1_788' title='bbox 3138 5633 3306 5688; x_wconf 82' lang='grc' dir='ltr'>ἐθνῶν</span> <span class='ocrx_word' id='word_1_789' title='bbox 3368 5635 3760 5705; x_wconf 77' lang='grc' dir='ltr'>παρατίθεται,</span> <span class='ocrx_word' id='word_1_790' title='bbox 3814 5629 3882 5705; x_wconf 80' lang='grc' dir='ltr'>ἧς</span> 
     </span>
    </p>
   </div>
   <div class='ocr_carea' id='block_1_114' title="bbox 2313 5721 3881 5798">
    <p class='ocr_par' dir='ltr' id='par_1_114' title="bbox 2313 5721 3881 5798">
     <span class='ocr_line' id='line_1_114' title="bbox 2313 5721 3881 5798; baseline -0.001 -20"><span class='ocrx_word' id='word_1_791' title='bbox 2313 5725 2527 5796; x_wconf 80' lang='grc' dir='ltr'>πρῶτον</span> <span class='ocrx_word' id='word_1_792' title='bbox 2555 5725 2644 5777; x_wconf 73' lang='grc' dir='ltr'>τὸν</span> <span class='ocrx_word' id='word_1_793' title='bbox 2673 5725 2833 5793; x_wconf 63' lang='grc' dir='ltr'>ςὸϐον</span> <span class='ocrx_word' id='word_1_794' title='bbox 2877 5726 2970 5777; x_wconf 75' lang='grc' dir='ltr'>τοῦ</span> <span class='ocrx_word' id='word_1_795' title='bbox 3009 5725 3144 5779; x_wconf 74' lang='grc' dir='ltr'>Θεοῦ</span> <span class='ocrx_word' id='word_1_796' title='bbox 3180 5721 3317 5780; x_wconf 78' lang='grc' dir='ltr'>εἷναί</span> <span class='ocrx_word' id='word_1_797' title='bbox 3351 5744 3481 5798; x_wconf 76' lang='grc' dir='ltr'>φησι</span> <span class='ocrx_word' id='word_1_798' title='bbox 3503 5745 3514 5758; x_wconf 78' lang='grc'><em>”</em></span> <span class='ocrx_word' id='word_1_799' title='bbox 3546 5726 3793 5796; x_wconf 74' lang='grc' dir='ltr'>δεύτερον</span> <span class='ocrx_word' id='word_1_800' title='bbox 3824 5726 3881 5778; x_wconf 74' lang='grc' dir='ltr'>τὸ</span> 
     </span>
    </p>
   </div>
   <div class='ocr_carea' id='block_1_115' title="bbox 2434 5865 2930 5928">
    <p class='ocr_par' dir='ltr' id='par_1_115' title="bbox 2434 5865 2930 5928">
     <span class='ocr_line' id='line_1_115' title="bbox 2434 5865 2930 5928; baseline 0.004 -11"><span class='ocrx_word' id='word_1_801' title='bbox 2434 5868 2476 5897; x_wconf 73' lang='grc'><strong>⁷⁷</strong></span> <span class='ocrx_word' id='word_1_802' title='bbox 2515 5865 2741 5921; x_wconf 76' lang='lat' dir='ltr'><strong>Zacbar.</strong></span> <span class='ocrx_word' id='word_1_803' title='bbox 2785 5881 2841 5928; x_wconf 88' lang='lat' dir='ltr'><strong>tt,</strong></span> <span class='ocrx_word' id='word_1_804' title='bbox 2879 5865 2930 5919; x_wconf 80' lang='lat'><strong>5.</strong></span> 
     </span>
    </p>
   </div>
  </div>
