4034 6442
1183 390 1549 446 EXPOSITIO
1608 388 1673 442 IN
1715 388 1733 441 I

1834 382 2042 437 ,ωιυΜ
2084 381 2322 437 XXXIV.
3265 379 3366 432 170

135 406 232 460 l69

132 523 206 591 μὴ
232 518 552 573 καταλαλεῖ-ι
582 515 805 585 ἀδελφοῦ
828 532 839 543 ·
875 512 1079 584 τρίτον,
1109 511 1258 562 δόλου
1286 509 1481 572 παντὸς
1508 506 1697 559 παύειν
1731 558 1733 564 λ

1834 501 1978 561 πιὶο,
2017 499 2083 552 ab
2111 496 2258 551 omni
2295 495 2486 550 doloso
2513 494 2657 547 dicto
2688 493 2827 546 labia
2888 506 3173 557 coercere;
3202 508 3367 561 quar-

129 610 196 660 τά
224 607 399 676 χείλη·
429 606 703 675 τέταρτον,
733 603 939 673 άποχὴν
969 602 1165 662 παντὸς
1195 598 1362 652 κακοῦ
1390 600 1482 651 καὶ
1515 598 1703 666 ἐπιτή-

1834 606 1884 650 o,
1922 588 2192 641 abstinere
2218 584 2285 639 ab
2314 584 2459 637 omni
2488 583 2653 644 malo,
2705 590 2759 635 et
2798 596 2983 634 curam
3009 580 3061 632 in
3103 580 3361 634 omnibus

130 700 311 751 δευσιν
352 698 561 766 ἀγαθοῦ
607 700 661 749 ἐν
696 698 915 750 ἅπασιν.
975 696 1087 761 Ἐφ’
1136 692 1336 745 ἅπασιν
1383 692 1437 743 δὲ
1475 690 1701 750 τούτοις.

1834 680 1999 750 ηςρηόί
2025 678 2153 731 boni
2181 675 2395 728 habere.
2420 673 2499 726 Ad
2528 673 2641 726 limc
2668 672 2876 735 omnia,
2899 686 3087 740 pacem
3113 672 3365 740 persequi

134 791 358 859 εἰρήνην
411 786 717 840 ἐπιδιώκειν
764 787 855 838 καὶ
903 782 1219 852 ἀντέχεσθαι
1272 781 1459 849 αὐτῆς.
1502 780 1707 850 Εἰρήνη

1834 782 1861 824 ιι
1900 768 2140 838 adipisci.
2178 767 2286 821 Pax
2320 774 2499 819 autem
2536 764 2789 817 Christus
2837 773 2939 816 est.
2973 762 3245 817 Harumce
3276 778 3364 815 re-

135 881 187 931 δὲ
216 883 244 933 6
284 880 538 950 Χριστός.
572 878 786 930 Τούτων
811 877 866 930 δὲ
907 878 1002 945 τὴν
1035 872 1374 943 ἐπιτήδευσιν
1406 870 1546 940 ζωὴν
1575 865 1707 921 εἶναι

1834 879 1929 916 um
1978 860 2425 923 sollicitudinem,
2452 858 2527 910 ait
2558 858 2723 909 vitam
2756 870 2879 909 esse
2909 862 2963 908 et
3008 855 3125 909 dies
3173 854 3367 910 bonos.

136 970 283 1038 λέγει
317 972 413 1022 καὶ
441 969 652 1039 ἡμέρας
675 966 903 1035 ἀγαθάς.

211 1064 541 1114 Ἔκκλινον
579 1059 696 1113 ἀπὸ
751 1057 963 1119 κακοῦ,
1009 1055 1105 1108 καὶ
1149 1054 1411 1119 ποίησον
1448 1052 1705 1119 ἀγαθόν·

135 1152 400 1220 ζήτησον
424 1150 690 1219 εἰρήνης’,
714 1150 810 1203 καὶ
837 1148 1052 1211 δίωξον
1073 1144 1284 1211 αὑτήν.
1312 1144 1403 1204 Τὸ,
1427 1143 1713 1196 ἔκκλινοι·

135 1242 254 1295 ἀπὸ
287 1242 499 1306 κακοῦ,
526 1244 555 1293 6
588 1240 749 1310 φόόος
775 1239 1041 1292 διδάσκεν
1067 1238 1128 1289 τὸ
1160 1236 1246 1299 δὲ,
1277 1234 1535 1299 ποίησον
1573 1232 1712 1300 ἀγα-

136 1333 266 1393 θὸν,
298 1335 332 1403 ἡ
357 1334 567 1402 ἀγάπη.
593 1332 683 1383 Διὸ
709 1330 908 1400 μείζων
934 1332 961 1381 6
986 1325 1213 1395 ἀγαπῶν
1242 1324 1335 1377 τοῦ
1359 1321 1710 1393 φοϐουμένου.

217 1424 537 1491 Ὀφθαλμοὶ
568 1422 786 1490 Κυρίου
813 1420 910 1473 ἐπὶ
936 1420 1226 1483 δικαίους,
1258 1417 1355 1469 καί
1384 1411 1505 1468 ὦτα
1526 1414 1714 1468 αὐτοῦ

135 1519 222 1579 εἰς
253 1514 470 1582 δέησιν
512 1514 730 1568 αὐτῶν.
766 1512 953 1579 Μέγαν
992 1513 1057 1581 τῇ
1102 1507 1441 1579 ἐπιτηδεύσει
1466 1507 1563 1575 τῆς
1591 1506 1715 1576 άρε-

134 1611 235 1676 τῆς
258 1607 564 1661 ἀποδέδωκε
588 1605 796 1677 μισθὸν,
828 1604 884 1655 τὸ
914 1603 1154 1673 ὲπόπτην
1178 1600 1321 1671 ἔχειν
1352 1599 1503 1652 Θεόν.

210 1788 527 1841 Φυλάσσει
557 1787 768 1854 Κύριος
794 1784 987 1838 πάντα
1014 1782 1085 1835 τὰ
1118 1778 1269 1834 ὀστᾶ
1293 1778 1512 1833 αὐτῶν.
1556 1777 1718 1829 Ὀστᾶ

1882 1038 1967 1092 14.
2012 1037 2227 1092 Declina
2255 1055 2286 1091 a
2313 1038 2452 1091 malo
2474 1046 2523 1090 et
2548 1038 2633 1106 [ac
2664 1037 2853 1089 bonum
2890 1051 2907 1088 :
2945 1036 3148 1104 inquire
3173 1048 3373 1102 pacem,

1806 1138 1858 1181 et
1885 1144 2186 1196 persequere
2217 1144 2351 1181 eam.
2410 1126 2564 1188 lllnd,
2602 1126 2802 1179 declina
2858 1144 2887 1178 a
2924 1125 3085 1187 malo,
3126 1124 3283 1177 docet
3313 1126 3378 1177 ti-

1815 1235 1966 1272 mor:
2002 1221 2101 1273 hoc
2128 1234 2277 1282 vero,
2308 1228 2356 1271 et
2398 1218 2482 1286 fac
2511 1217 2721 1283 bonum,
2758 1233 2931 1271 amor.
2965 1216 3145 1282 Quare
3179 1233 3372 1271 amans

1814 1312 2036 1365 timente
2059 1311 2423 1379 praestantior.

1887 1400 1974 1453 15.
2012 1399 2165 1453 Oculi
2197 1397 2411 1451 Domini
2462 1414 2617 1467 super
2670 1398 2871 1465 justas,
2904 1406 2953 1449 et
2984 1412 3136 1450 aures
3178 1396 3290 1464 ejus
3324 1398 3380 1448 it

1815 1505 1989 1558 preces
2019 1505 2220 1543 earum.
2250 1487 2497 1556 Magnam
2521 1487 2703 1541 studio
2730 1485 2943 1540 virtutis
2963 1486 3150 1539 tribuit
3176 1499 3356 1538 merce

1817 1583 1961 1645 dem,
1992 1580 2136 1650 quod
2181 1580 2391 1635 scilicet
2421 1579 2780 1647 inspectorem
2812 1587 2866 1632 et
2886 1586 3120 1631 tutorem
3147 1578 3380 1631 habeant

1821 1670 2010 1725 Deum.

1889 1767 1977 1820 2|.
2033 1766 2274 1821 Custodit
2318 1765 2576 1819 Dominus
2610 1768 2785 1818 omnia
2812 1782 2938 1819 ossa
3000 1782 3202 1819 eorum.
3242 1764 3378 1819 Ossa

137 1897 276 1956 φησι
305 1880 403 1941 τὰς
430 1879 527 1948 τῆς
558 1852 734 1947 φυγῆς
759 1875 1034 1944 δυνάμεις.
1060 1870 1205 1923 Αὐτά
1232 1870 1289 1922 δέ
1318 1872 1422 1921 εἰσι
1450 1864 1719 1919 δικαιοσύ-

1834 1859 2045 1914 virtutes
2068 1860 2237 1913 animi
2264 1859 2417 1913 dicit.
2451 1858 2569 1927 Ipsa
2600 1872 2730 1911 vero
2770 1867 2899 1912 sunt
2938 1858 3171 1926 jnstitia,
3199 1873 3385 1926 perse-

138 1991 229 2043 νη.
256 1970 543 2041 καρτερία,
579 1967 829 2021 εὐσέϐεια
863 1965 957 2018 καὶ
994 1964 1162 2021 πᾶσα,
1205 1961 1280 2023 ὡς
1308 1961 1499 2019 εἰπεῖν,
1528 1956 1693 2028 ἀρετή

214 2060 482 2125 Θάνατος
524 2055 884 2127 ἁμαρτωλῶν
924 2054 1203 2120 πονηρός.
1248 2050 1352 2102 Τὸν
1397 2047 1494 2116 τῆς
1547 2045 1721 2113 ψυχῆς

140 2152 375 2205 θάνατόν
406 2168 589 2221 φησιν,
619 2149 678 2202 ὃν
713 2148 807 2201 καὶ
843 2145 1143 2211 διαδέξεται
1184 2141 1295 2212 πῦρ
1324 2139 1559 2199 αἰώνιον,
1599 2136 1721 2188 σκό-

139 2262 231 2307 τος
283 2242 543 2313 ἐξώτερον
566 2282 581 2305 ,
635 2240 933 2310 άκοίμητος
988 2232 1239 2304 σκώληξ,
1297 2230 1568 2300 κλαυθμὸς
1629 2228 1721 2281 καὶ

141 2335 388 2405 ὀδυρμὸς
412 2333 518 2386 τῶν
543 2333 789 2386 ὀδόντων.
819 2318 1016 2383 Γέεννα
1048 2326 1155 2397 γάρ
1185 2326 1378 2385 αὐτοὺς
1411 2325 1506 2376 καὶ
1535 2322 1722 2381 σκότος

142 2428 295 2480 ὄιαδέ
302 2442 433 2497 χετα

542 2538 844 2591 ΨΑΔΜΟΣ
870 2534 948 2598 τῷ
976 2531 1175 2589 Δαυΐδ.
1206 2531 1328 2583 ΛΔ¹.

787 2649 1110 2711 Ὑποᾟεσις.

157 2767 257 2822 Ἐκ
291 2766 581 2839 προσώπου
618 2764 709 2818 τοῦ
735 2761 1050 2824 πεποιθότος
1074 2761 1165 2812 ἐπὶ
1183 2757 1314 2811 Θεὸν
1340 2754 1433 2809 καὶ
1464 2751 1725 2818 πολεμου-

226 2873 393 2930 μενου
429 2850 534 2911 ὑπὸ
576 2857 684 2911 τῶν
714 2854 935 2925 ἀφανῶν
962 2851 1242 2920 δυνάμεων
1286 2846 1356 2899 τά
1393 2841 1725 2913 προκείμενα

220 2948 522 3018 λέγεται,ἢ
554 2947 648 3001 καὶ
672 2948 737 2999 ὲκ
799 2944 891 2997 τοῦ
926 2940 1084 3015 χοροῦ
1116 2938 1221 2993 τῶν
1254 2933 1579 2991 ἀποστόλων.
1608 2931 1728 2983 Εἰσ-

222 3043 419 3109 άγεται
467 3039 522 3091 δὲ
567 3037 660 3089 καὶ
687 3035 973 3107 πρόσωπον
1007 3030 1099 3085 τοῦ
1133 3025 1390 3099 Χριστοῦ,
1418 3024 1488 3078 τά
1536 3022 1626 3075 ἐπὶ
1652 3020 1728 3090 τῷ

224 3130 389 3184 πάθει
417 3127 567 3197 παρὰ
614 3125 722 3179 τῶν
767 3124 1034 3178 Ἰουδαίων
1077 3122 1155 3183 εἰς
1195 3117 1353 3171 αὑτὸν
1392 3112 1728 3184 γεγενημένα

224 3220 584 3291 διηγουμένου
607 3259 620 3282 ,
669 3218 803 3287 πρὸς
839 3212 1111 3286 ὑπομονὴν
1158 3210 1252 3263 καὶ
1301 3206 1593 3280 καρτερίαν
1621 3203 1728 3256 τῶν
1755 3188 1795 3243 (Ἰ

231 3310 655 3381 πολεμουμένων
686 3307 774 3361 διὰ
805 3306 957 3359 Θεὸν.

222 3406 509 3461 dimov.
540 3401 737 3467 Κύριε,
782 3397 923 3461 τοὺς
958 3389 1315 3454 ἀδικοῦντάς
1342 3403 1440 3455 με,
1472 3381 1719 3450 πολέμηο

152 3514 274 3551 σον
303 3494 445 3560 τοὺς
470 3487 882 3560 πολεμοῦντάς
906 3503 1000 3554 με.
1033 3480 1122 3551 Τῷ
1157 3477 1427 3551 προσώπῳ
1452 3473 1559 3528 τῶν
1598 3475 1732 3526 ἁπο-

158 3587 362 3644 πόλων
389 3585 621 3655 ἁρμόσει
652 3585 685 3652 η
721 3579 995 3653 πρόσοδος.

230 3680 373 3739 Τοὺς
410 3675 694 3736 Ἰουδαίους
736 3672 921 3744 φησιν,
963 3671 1010 3724 οἰ
1058 3669 1131 3742 μὴ
1170 3668 1382 3737 ἔχοντες
1422 3667 1478 3719 ὲν
1521 3666 1730 3725 ἑαυτοῖς

159 3771 404 3841 εἰρήνην,
439 3766 701 3834 πολέμους
733 3764 930 3836 ἔχουσι,
960 3764 1053 3817 καί⁵
1078 3760 1369 3831 πολεμοῦσι
1398 3758 1647 3829 Χριστὸν,
1673 3756 1729 3816 ὃς

159 3867 311 3916 ἐστιν
331 3860 522 3931 εἰρήνη
549 3857 725 3929 ἡμῶν.
754 3857 1048 3927 (Hactenus
1077 3852 1307 3920 Greca.)

1819 1951 2080 2011 rorantia,
2118 1951 2309 2018 pietas,
2342 1958 2415 2011 et,
2448 1959 2508 2002 ut
2536 1949 2737 2010 dicam,
2768 1950 2943 2004 virtus
2965 1951 3165 2005 omnis.

1889 2040 1980 2094 2'2.
2028 2038 2173 2093 Mors
2204 2048 2537 2107 peccatorum
2593 2040 2839 2108 pessima.
2889 2040 3099 2096 Anima:
3149 2050 3379 2096 mortem

1822 2132 2093 2201 intelligit,
2163 2145 2327 2199 quam
2373 2129 2645 2198 excipient
2676 2129 2816 2200 ignis
2861 2140 3122 2196 aeternus,
3155 2134 3387 2188 tenebrae

1824 2224 2145 2286 exteriores,
2179 2222 2383 2277 vermis
2417 2236 2693 2292 nunquam
2753 2222 3068 2288 moriturus,
3121 2225 3276 2278 ﬂetus
3335 2238 3389 2281 et

1822 2316 2022 2370 stridor
2038 2316 2300 2370 dentium.
2321 2315 2577 2370 Geltenna
2596 2313 2793 2383 quippe
2819 2324 2873 2368 et
2888 2315 3117 2369 tenebrae
3133 2330 3227 2369 eos
3242 2315 3390 2370 exci-

1823 2409 1995 2477 piunt.

2172 2514 2301 2568 PSA
2313 2515 2509 2569 LIIUS
2553 2514 2743 2568 David.
2770 2514 2961 2567 XXXI
2977 2515 3036 2567 V.

2406 2632 2444 2684 Α
2459 2647 2548 2700 rgu
2558 2635 2805 2683 mentum.

1826 2746 2109 2815 Proposita
2142 2744 2303 2797 verba
2339 2743 2597 2797 dicuntur
2638 2759 2699 2796 ex
2731 2757 2961 2811 persona
2982 2743 3101 2810 ejus
3152 2742 3245 2810 qui
3274 2740 3385 2794 Deo

1899 2835 2175 2891 conlidens
2215 2834 2284 2888 ab
2342 2833 2573 2889 occultis
2623 2832 2982 2902 potestatibus
3021 2841 3381 2902 oppugnatur,

1902 2937 1994 2983 aut
2015 2926 2248 2982 fortasse
2281 2940 2345 2979 cx
2371 2939 2603 2995 persona
2657 2924 2806 2979 chori
2852 2923 3244 2993 apostolorum.
3303 2922 3363 2979 lu

1901 3019 2119 3073 ducitur
2146 3018 2273 3073 item
2322 3032 2553 3085 persona
2593 3015 2801 3071 Christi
2841 3031 2905 3071 ea
2931 3016 3238 3070 enarrantis
3267 3031 3388 3084 qua:

1906 3109 2004 3165 sibi
2038 3118 2278 3177 tempore
2313 3106 2588 3161 Passionis
2612 3123 2642 3162 a
2670 3106 2871 3162 Judmis
2905 3106 3051 3161 illata
3080 3119 3207 3161 sunt
3230 3107 3389 3162 mala.

1900 3202 1967 3255 ad
2001 3199 2276 3269 patientiae
2321 3208 2375 3253 et
2418 3199 2830 3267 perseverantia:
2880 3198 3284 3251 hortamentum
3329 3198 3396 3252 iis

1904 3293 1994 3361 qui
2015 3300 2230 3360 propter
2256 3289 2426 3343 Deum
2462 3290 2866 3358 impugnantur.

1908 3389 1959 3438 l.
1991 3384 2207 3446 .ludica,
2239 3382 2480 3448 Domine,
2528 3393 2765 3436 nocentes
2802 3400 2902 3449 me,
2960 3399 3200 3453 expugna
3227 3384 3395 3447 impu-

1834 3484 2048 3546 gnantes
2101 3490 2198 3528 me.
2254 3473 2509 3527 Persona:
2563 3472 2932 3540 apostolorum
2987 3474 3240 3526 convenit
3270 3488 3395 3541 sup-

1836 3566 2067 3635 plicalio.

1911 3654 2098 3707 Daniel
2127 3653 2414 3707 Barbarus.
2446 3652 2832 3722 Oppugnantes
2860 3651 3078 3707 Judazos
3121 3651 3395 3723 intelligit,

1837 3750 1951 3817 qui,
1976 3763 2100 3803 cum
2133 3747 2186 3800 in
2224 3761 2281 3800 se
2304 3760 2490 3813 pacem
2521 3760 2625 3797 non
2661 3745 2915 3804 habeant.
2964 3745 3161 3798 bellum
3204 3745 3401 3798 habent

1836 3850 1889 3893 ct
1927 3836 2567 3908 oppugnantCht-istnm,
2599 3835 2691 3903 qui
2720 3844 2803 3890 est
2833 3850 2935 3904 pax
2972 3845 3178 3889 nostra.
3217 3834 3281 3889 Et
3301 3853 3396 3890 ex-

162 3925 414 4027 pugnans
443 3925 602 4007 'Deus
638 3925 927 4009 benel'acit,
964 3947 1063 3999 bos
1120 3942 1334 4014 quidem
1390 3941 1590 4010 justus,
1631 3937 1753 3990 illos
1791 3945 1918 3985 vero
1950 3929 2157 3982 amicos
2190 3926 2417 3988 iaciens,
2450 3932 2505 3977 et
2556 3925 2860 3993 impediens
2895 3925 3136 3979 actiones
3168 3941 3290 3995 qua:
3338 3928 3390 3981 in

161 4050 404 4105 deterius
442 4045 822 4115 prolabuntur.

247 4136 565 4193 Ἐπιλαόοῦ
597 4136 788 4190 ὅπλου
821 4132 917 4187 καὶ
945 4131 1177 4201 θυρεοῦ.
1204 4129 1299 4183 καὶ
1326 4127 1615 4191 ἀνάστηθι
1647 4126 1733 4188 εἰς

162 4228 279 4295 τὴν
301 4222 596 4291 βοήθειάν
619 4241 757 4292 μου.
794 4220 991 4275 Ὅπλον
1015 4222 1108 4273 καὶ
1134 4219 1322 4289 θυρεὸν
1343 4218 1434 4269 καὶ
1462 4215 1733 4285 ῥομφαίαν

163 4316 547 4389 τιμωρητικάς
566 4316 821 4384 δυνάμεις
851 4313 1161 4373 αἰνίττεται,
1192 4310 1290 4373 τάς
1316 4306 1735 4377 ὲκπεμπομένας

169 4410 322 4482 παρὰ
348 4408 555 4478 Κυρίου
583 4407 716 4476 πρὸς
741 4404 1057 4474 ἐπικουρίαν
1084 4402 1190 4453 τῶν
1214 4401 1453 4453 δικαίων.

1908 4129 1962 4183 ‘2.
2006 4127 2339 4195 Apprehende
2362 4143 2514 4178 arma
2541 4134 2589 4178 et
2613 4134 2842 4189 scutum,
2870 4136 2919 4178 et
2968 4142 3185 4194 exsurge
3211 4128 3267 4179 in
3308 4127 3405 4180 ad-

1832 4219 2092 4287 jutorium
2121 4218 2269 4281 mihi,
2298 4228 2403 4271 etc.
2431 4216 2619 4277 Arma,
2644 4225 2881 4282 scutum,
2912 4214 3141 4277 framea,
3174 4217 3402 4272 ultrices

1842 4309 2169 4363 adnmbrant
2222 4316 2544 4377 potestates,
2579 4322 2609 4360 a
2659 4305 2890 4361 Domino
2918 4307 2983 4361 ad
3036 4322 3194 4375 opem
3235 4308 3403 4377 justis

1844 4399 2116 4454 ferendam
2160 4399 2452 4451 immissas.

242 4497 437 4555 Εἶπον
475 4496 551 4566 τῇ
597 4495 771 4565 ψυχῇ
809 4511 943 4564 μου⁴
990 4490 1252 4558 Σωτηρὶα
1295 4491 1409 4543 σού
1451 4492 1567 4556 εἰμι
1607 4486 1733 4555 ἐγώ.

1918 4492 1971 4545 5.
2004 4489 2103 4543 Dic
2132 4490 2323 4541 anima:
2350 4503 2513 4543 mea:
2543 4488 2702 4542 Salus
2726 4497 2817 4541 tua
2848 4503 2938 4557 ego
2976 4503 3110 4541 sum.
3149 4486 3203 4541 Id
3240 4496 3291 4541 te
3316 4502 3405 4541 r0-

171 4591 346 4646 Τοῦτό
388 4607 467 4653 σε,
509 4590 694 4659 φησιν,
718 4587 854 4640 αἰτῶ
890 4586 1061 4638 εἰπεῖν
1091 4584 1157 4652 τῇ
1200 4580 1344 4652 ψυχῇ
1391 4596 1523 4650 μου,
1554 4580 1629 4644 ὼς
1655 4596 1743 4647 γε·

172 4686 311 4755 νήσῃ
343 4680 482 4751 αὐτῇ
512 4678 721 4753 βοηθός.

256 4769 840 4839 Ἀποστραφήτωσαν
865 4771 949 4832 εἰς
974 4766 1045 4820 τὰ
1079 4767 1288 4818 ὀπίσω.
1322 4760 1742 4834 Εὐεργετοῧνται

171 4870 219 4921 οἰ
250 4864 363 4920 άπὸ
390 4864 487 4933 τῆς
512 4861 711 4935 ἀρετῆς
738 4859 829 4911 ἐπὶ
862 4857 959 4927 τὴν
992 4857 1187 4909 κακίαν
1223 4853 1515 4914 ὁδεύοντες,
1545 4852 1641 4903 ἐὰν
1665 4852 1743 4913 εἰς

173 4960 241 5010 τὶ
268 4955 446 5009 ὀπίσω
474 4951 899 5021 ἐπιστραφῶσιν.

263 5042 511 5097 Ἰἰλθέτω
554 5038 714 5103 αὐτῷ
742 5040 781 5107 ἠ
819 5036 997 5106 uarii;
1026 5033 1102 5100 ἣν
1129 5035 1198 5087 οὑ
1240 5031 1536 5102 γινώσκει.
1568 5030 1664 5083 καὶ
1708 5030 1743 5095 ἠ

176 5137 332 5205 θιῖρα
373 5132 455 5198 ἢν
495 5132 759 5198 ἔκρυψεν
806 5124 1155 5181 συλλαδέτω
1193 5123 1401 5186 αὐτόν’
1442 5120 1538 5173 καὶ
1564 5122 1633 5173 ἐν
1672 5118 1745 5186 τῇ

178 5226 384 5298 arar/6:
415 5222 682 5277 πεσεῖται
709 5221 778 5273 ἐν
813 5216 985 5286 αὐτῇ.
1033 5214 1398 5287 Ἀντεστράφη
1426 5212 1533 5285 γάρ
1559 5214 1636 5275 εἰς
1666 5228 1747 5263 κε-

180 5322 351 5389 φαλὰς
375 5314 628 5385 πονηρῶν
648 5316 681 5383 ἡ
698 5311 881 5380 παγίς.
897 5308 1267 5382 Θηρεύσαντες
1286 5306 1413 5377 γάρ,
1428 5308 1505 5369 εἰς
1526 5304 1748 5358 θάνατον

178 5407 648 5479 άντηγρεύθησαν,
683 5403 776 5456 καὶ
801 5401 1013 5471 θανάτῳ
1041 5399 1436 5470 παραδίδονται.

262 5503 324 5555 'H
353 5498 423 5552 δὲ
458 5494 628 5565 ψυχή
665 5511 784 5564 μου
827 5490 1252 5561 dra/uideant
1284 5489 1383 5542 ἐπὶ
1428 5487 1507 5552 τῷ
1537 5487 1746 5554 Κυρίῳ.

182 5597 244 5649 Οἰ
288 5592 388 5664 μὲν
430 5584 525 5642 οὖν
549 5589 645 5657 τὴν
692 5586 873 5653 πάγην
913 5583 1287 5655 ὲξηρτυκότες,
1306 5581 1397 5635 καὶ
1424 5578 1482 5633 τὸ
1512 5580 1612 5648 τῆς
1637 5579 1751 5631 δια-

186 5687 387 5759 φθορᾶς
436 5680 579 5734 κατὰ
624 5678 718 5731 τοῦ
766 5677 981 5729 πάντων
1032 5676 1186 5745 ἡμῶν
1229 5675 1477 5743 Σωτῆρος
1516 5668 1750 5741 Χριστοῦ

188 5777 466 5838 συνθέντες
513 5767 860 5839 σκευώρημα,
893 5766 990 5829 τὰς
1021 5766 1118 5836 τῆς
1159 5767 1239 5826 εἰς
1286 5763 1445 5815 αὑτὸν
1476 5760 1751 5831 παροινίας

508 5866 780 5923 Parnm.
827 5860 945 5920 Gn.
1007 5857 1265 5919 XXVII.

1843 4598 1930 4651 go,
1963 4580 2157 4650 inquit,
2198 4579 2471 4633 utanimre
2509 4594 2643 4633 meat
2688 4578 2840 4632 dicas
2872 4588 2924 4631 te
2980 4577 3055 4631 illi
3097 4577 3403 4645 adiutorem

1845 4673 2110 4727 futurum.

1914 4757 1965 4810 4.
1989 4756 2306 4810 Avertantur
2340 4765 2645 4808 retrorsum.
2676 4753 2821 4808 Bene
2843 4752 3018 4821 agitur
3052 4768 3175 4807 cum
3203 4753 3272 4806 iis
3304 4753 3403 4829 qui

1844 4866 1909 4902 es
1945 4849 2141 4901 virtute
2159 4847 2228 4902 ad
2270 4846 2531 4900 malitiam
2563 4853 2919 4907 transmeant,
2946 4844 2991 4898 si
3019 4853 3407 4899 convertantur

1847 4948 2167 4993 retrorsum.

1918 5030 1971 5083 8.
2023 5027 2206 5083 Veniat
2241 5026 2325 5079 illi
2371 5027 2587 5089 laqueus
2654 5040 2806 5095 quem
2851 5025 3079 5093 ignorat,
3128 5037 3178 5078 et
3235 5028 3407 5093 captio

1847 5137 2004 5191 quain
2021 5116 2291 5173 abscondit
2317 5116 2669 5187 apprehendat
2698 5132 2838 5179 eum,
2885 5128 2931 5170 et
2967 5118 3019 5168 in
3045 5114 3288 5186 laqueum
3314 5133 3407 5169 ca-

1847 5214 1939 5264 dat
1975 5211 2034 5263 in
2070 5210 2264 5277 ipsum.
2312 5206 2369 5260 lu
2405 5214 2569 5275 caput
2632 5205 2947 5275 iniquorum
2997 5205 3227 5275 laqueus
3272 5221 3406 5260 con-

1850 5316 2040 5356 versus
2064 5307 2167 5353 est.
2199 5297 2335 5352 Cum
2362 5296 2506 5351 enim
2537 5296 2603 5350 ad
2652 5304 2883 5350 mortem
2920 5305 3265 5362 venarentur,
3302 5296 3402 5366 ipsi

1851 5402 2037 5446 contra
2063 5390 2203 5458 capti
2236 5398 2361 5444 sunt
2387 5399 2439 5443 et
2463 5389 2624 5442 morti
2653 5388 2852 5442 traditi.

1924 5483 1975 5537 9.
2013 5483 2202 5536 Anima
2226 5492 2399 5534 autem
2450 5497 2563 5533 mea
2613 5478 2900 5533 exsultabit
2932 5481 2987 5533 in
3029 5480 3273 5535 Domino.
3308 5479 3407 5547 Qui

1854 5577 2107 5643 laqueum
2134 5579 2542 5640 paraverunt,et
2566 5572 2859 5640 perniciem
2886 5572 3127 5626 omnium
3163 5582 3409 5627 nostrum

1854 5664 2123 5720 Salvatori
2146 5662 2367 5717 Christo
2398 5662 2569 5715 moliti
2631 5670 2778 5722 sunt,
2811 5660 3071 5717 facinoris
3115 5663 3168 5715 in
3206 5663 3408 5731 ipsum,

1856 5755 2030 5809 modis
2058 5767 2228 5822 nuper
2265 5768 2291 5804 a
2324 5751 2478 5805 nobis
2521 5751 2828 5821 descriptis,
2884 5766 3071 5818 prunas
3119 5752 3288 5807 luent.
3347 5754 3413 5805 At

3100 5847 3137 5903 ti
