4034 6448
633 411 729 469 171

1444 403 1501 457 S.
1541 400 1914 457 ATHANASII
1952 397 2103 453 OPP.
2162 395 2340 451 PARS
2380 395 2463 451 Ill.
2500 426 2569 439 —-
2613 392 3025 449 EXECETICA.

3768 393 3870 446 172

633 528 810 585 mima
840 540 977 588 mea,
1010 522 1205 591 inquit,
1235 521 1385 575 omni
1443 521 1586 574 malo
1613 534 1832 589 semper
1871 519 2040 573 libera
2073 516 2195 581 erit,
2226 573 2232 584 Α

2305 514 2788 589 είσπραχθήσονται
2841 512 3023 574 δίκας,
3071 511 3210 565 κατά
3242 530 3303 581 γε
3345 514 3468 577 τοὺς
3511 513 3707 585 ἀρτίως
3738 513 3871 581 ἡμῖν

632 626 886 685 perpetuo
910 613 1053 683 apud
1087 612 1249 666 Deum
1271 609 1462 666 fruens
1492 610 1711 681 gaudio,
1738 619 1789 664 et
1815 609 2073 663 delectata
2105 623 2199 661 su-

633 724 725 774 per
748 706 973 761 salutari
1006 704 1145 773 ejus.

2306 605 2625 676 εἰρημένους
2657 602 2906 673 τρόπους·
2946 603 2978 671 ή
3013 600 3070 652 δέ
3116 617 3178 667 γε
3216 602 3321 672 ἐμὴ
3347 601 3511 671 ψυχὴ,
3543 602 3725 671 φησὶν,
3766 599 3875 663 ἔξω

2306 695 2501 757 παντὸς
2540 694 2691 746 ἔσται
2739 690 2910 745 δεινοῦ
2954 691 3229 760 διηνεκέςθ
3282 693 3446 762 ἤγουν
3498 692 3875 759 ἀκατάληκτον

628 800 822 867 ἔχουσα
870 798 931 849 τὸ
979 796 1187 867 χαίρειν
1238 796 1329 848 ἐπὶ
1380 792 1526 863 Θεῷ,
1573 792 1666 845 καὶ
1711 789 2194 862 κατευφραίνεσθαι
2222 787 2338 840 λίαν
2364 788 2454 839 ἐπὶ
2487 785 2562 856 τῷ
2594 786 2842 856 σωτηρίῳ
2865 782 3050 837 αὑτοῦ.

701 889 895 943 Daniel
920 888 1193 941 Barbarus
1222 904 1238 940 :
1269 886 1461 940 Omnia
1486 901 1625 946 ossa.
1655 883 1706 936 id
1738 893 1842 945 est,
1872 896 2063 935 omnes
2090 880 2360 933 homines.

701 983 903 1048 10,“.
957 980 1239 1051 Surgentes
1294 989 1444 1031 testes
1480 975 1670 1045 iniqui,
1717 990 1835 1043 qum
1883 972 2196 1042 ignorabam

630 1072 1028 1143 interrogabant
1061 1087 1160 1122 me.
1198 1068 1337 1122 Hinc
1380 1067 1656 1121 inducitur
1684 1064 1893 1118 Christi
1961 1074 2199 1132 persona

632 1162 696 1217 ad
724 1160 961 1216 tribunal
991 1158 1295 1229 principum
1323 1156 1668 1211 sacerdotum
1704 1152 1843 1207 falso
1875 1151 2059 1206 delati.

713 1402 1083 1458 Retribuebaut
1114 1402 1237 1453 mihi
1284 1398 1427 1451 mala
1464 1413 1558 1466 pro
1598 1396 1743 1449 bonis
1774 1403 1822 1448 et
1866 1394 2195 1447 sterilitatem

628 1498 820 1549 animi:
844 1510 989 1546 mew.
1026 1491 1138 1545 Hoc
1164 1491 1256 1554 ait,
1286 1489 1414 1557 quia
1458 1487 1664 1557 indigni
1701 1485 1801 1539 visi
1836 1493 1963 1539 sunt
1992 1484 2067 1536 illi
2102 1498 2199 1536 vo-

628 1590 740 1642 cari
771 1587 862 1640 ﬁlii
894 1584 1010 1649 Dei,
1034 1583 1180 1653 quod
1208 1581 1445 1635 maxime
1479 1578 1724 1632 omnium
1763 1575 2193 1646 praedicatjuxta

629 1680 793 1734 illud:
826 1678 1041 1745 Quoties
1071 1674 1211 1728 volui
1250 1687 1565 1741 congregare
1593 1669 1731 1737 filios
1770 1679 1885 1721 tuos
1922 1666 1968 1696 ⁷⁸
1996 1666 2008 1718 l

704 1860 790 1911 i2.
816 1854 929 1925 Ego
949 1864 1148 1917 autem,
1177 1867 1295 1904 cum
1326 1849 1453 1901 mihi
1479 1845 1684 1899 molesti
1719 1851 1910 1904 essent,
1937 1839 2193 1893 induebur
2223 1859 2265 1913 Β

640 1951 832 2004 cilicio.
861 1946 1104 2017 Lugebat
1133 1944 1278 1999 enim
1305 1954 1493 1995 eorum
1525 1936 1841 2008 perniciem,
1902 1934 1973 1986 ita
2008 1940 2066 1986 ut
2096 1930 2198 1985 do-

634 2046 784 2104 ieret,
808 2042 1155 2097 vehementer
1202 2042 1511 2104 angeretur,
1547 2031 1963 2100 lacrymaretur,
2017 2033 2200 2080 oraret

630 2150 730 2205 pro
763 2141 984 2202 peccato
1018 2142 1230 2183 eorum.

704 2226 791 2279 l5.
822 2222 890 2277 Et
921 2218 1268 2275 Ituutiliabam
1299 2215 1355 2267 in
1387 2212 1594 2282 jejunio
1635 2210 1869 2263 animant
1903 2223 2093 2261 meam.
2132 2203 2201 2259 Ut

629 2309 1449 2372 continuaretincarnationem,
1476 2304 1649 2357 noluit
1669 2301 1877 2371 jejunio
1904 2299 2196 2353 abstinere.

626 2408 699 2460 Et
735 2407 903 2460 oratio
936 2419 1049 2456 mea
1087 2402 1143 2454 in
1169 2401 1285 2453 sinu
1316 2413 1425 2450 meo
1454 2403 1798 2448 convertetur.
1832 2390 1943 2445 Hoc
1970 2390 2203 2443 fortasse

628 2498 810 2552 innuit
843 2495 963 2548 illos
995 2493 1050 2546 iu
1090 2498 1311 2561 peccato
1366 2486 1678 2555 persistere.
1716 2481 1859 2535 Nihil
1892 2481 2059 2543 enim,
2109 2483 2198 2532 in-

635 2590 774 2660 quit,
809 2584 1015 2658 profuit
1044 2583 1176 2654 ipsis
1211 2580 1449 2651 precatio
1484 2592 1627 2638 mea,
1679 2588 1842 2643 quam
1887 2589 1955 2626 ex
2000 2570 2203 2642 ingenti

635 2678 943 2751 ignorantia
972 2675 1039 2729 ad
1074 2688 1159 2727 me
1187 2670 1345 2740 quasi
1380 2665 1580 2722 reﬂecti
1616 2663 1934 2718 eﬂ‘ecerunt.

709 2876 792 2929 M.
822 2873 993 2940 Quasi
1021 2869 1319 2940 proximum
1346 2875 1395 2920 et
1426 2862 1577 2934 quasi
1612 2862 1832 2931 fratrem
1864 2866 2102 2910 nostrum
2131 2854 2206 2908 sic

635 2965 1041 3034 complaccbam.
1087 2960 1254 3028 Quasi
1279 2958 1519 3015 fratrem,
1544 2953 1739 3021 inquit,
1769 2958 1818 3004 et
1852 2949 2108 3011 amicum,
2134 2946 2206 2998 ita

637 3062 894 3116 curaham
926 3071 1022 3111 eos
1053 3050 1317 3107 beneﬁcio
1345 3046 1633 3107 demereri,
1669 3042 1856 3096 volens
1896 3055 1990 3093 eos
2014 3038 2080 3092 ad
2114 3051 2204 3091 sa—

632 3156 856 3209 nitatem
897 3147 1156 3202 rcducere
1184 3162 1196 3197 :
1232 3149 1566 3212 quapropter
1597 3137 1815 3191 illorum
1848 3148 2015 3189 causa
2050 3131 2202 3198 luge-

634 3247 782 3300 bam.

700 3333 785 3388 15.
825 3330 887 3383 Et
937 3328 1213 3381 adversum
1256 3339 1334 3376 me
1372 3318 1539 3374 laetati
1586 3323 1705 3369 sunt
1738 3321 1786 3366 et
1835 3315 2196 3364 convenerunt.

635 3425 780 3487 Hec,
808 3423 1005 3491 inquit,
1046 3420 1177 3473 mihi
1203 3416 1450 3486 Opsonia,
1476 3412 1616 3482 quod
1644 3423 1831 3465 eorum
1856 3419 2076 3459 causam
2105 3403 2203 3456 do-

633 3520 823 3576 lerem,
854 3511 1247 3566 retribuerunt.
1290 3504 1617 3574 Congregata
1645 3509 1766 3552 sunt
1801 3511 1954 3563 super
1988 3509 2066 3545 me
2096 3492 2200 3559 ﬂa-

633 3608 790 3679 gella,
821 3615 867 3657 et
887 3600 1145 3673 ignoravi.
1179 3596 1390 3650 Nullam
1423 3594 1567 3648 enim
1610 3603 1830 3644 causam
1864 3602 1961 3641 cur
1994 3597 2079 3636 me
2106 3580 2201 3635 ﬂa-

636 3698 791 3769 gellis
826 3695 1099 3750 caederent
1132 3686 1557 3757 comperiebam.

706 3788 793 3844 16.
842 3783 1097 3851 Dissipati
1143 3791 1284 3843 sum,
1307 3794 1397 3831 nec
1438 3771 1756 3841 compuncti,
1792 3778 1896 3823 etc.
1924 3766 1981 3820 In
2018 3764 2199 3818 varias

636 3878 844 3934 scilicet
874 3869 1167 3928 multitudo
1197 3869 1330 3923 abiit
1357 3864 1677 3925 sententias,
1720 3870 1777 3914 ut
1817 3859 1892 3911 ait
1929 3854 2203 3924 evangeli-

634 3978 741 4035 sta,
774 3967 897 4021 aliis
927 3966 1154 4025 bonum,
1178 3960 1301 4014 aliis
1329 3957 1529 4012 malum
1559 3968 1682 4009 esse
1712 3949 2042 4006 dicentibus.
2080 3943 2205 3999 His-

635 4073 743 4131 que
777 4067 955 4110 tamen
986 4052 1153 4123 gestis
1187 4061 1530 4117 nequaquam
1578 4041 1893 4112 compuncti
1926 4047 2074 4103 sunt,
2109 4051 2205 4090 ne-

636 4166 743 4222 que
775 4147 1155 4201 intellexerunt
1209 4148 1399 4195 contra
1449 4151 1609 4207 quem
1660 4132 1787 4187 taiia
1835 4131 2199 4186 admitterent.

637 4244 753 4299 Hoc
787 4249 967 4295 autem
1020 4250 1126 4289 non
1170 4230 1481 4287 accusando
1530 4224 1757 4296 profert,
1816 4222 1908 4276 sed
1941 4230 2205 4290 exoptans

636 4334 904 4390 auxilium
955 4329 1073 4383 dari
1134 4326 1259 4382 sibi.
1308 4320 1556 4387 Quando,
1582 4316 1777 4385 inquit,
1803 4312 2088 4382 apparebis
2141 4318 2197 4363 et

637 4424 838 4493 injuria
872 4419 1121 4473 allectum
1148 4410 1467 4469 ulcisceris?

2383 966 2770 1032 Ἀναστάντες
2815 985 2918 1035 μοι
2955 965 3253 1036 μάρτυρες
3285 962 3495 1025 ἄδικοι,
3536 962 3573 1015 d
3605 965 3716 1016 οὐκ
3757 964 3875 1030 ἐγί-

2300 1072 2542 1111 νωσκον
2590 1054 2830 1124 ἠρώτων
2871 1072 2968 1125 με.
3025 1052 3303 1107 Ἐντεῦθεν
3342 1051 3615 1118 εἰσάγεται
3668 1049 3729 1102 τὸ
3777 1049 3872 1102 τοῦ

2296 1146 2537 1221 Χριστοῦ
2588 1146 2875 1216 πρόσωπον
2918 1143 3070 1214 παρά
3107 1145 3172 1213 τῇ
3203 1142 3379 1213 κρίσει
3418 1139 3526 1193 τῶν
3569 1140 3878 1210 ἀρχιερέων

2285 1254 2637 1307 σσυκοφαντου
2647 1237 2829 1306 μένου.

2388 1404 2883 1459 Ἀνταπεδίδοσάν
2922 1421 3023 1472 μοι
3055 1402 3285 1470 πονηρὰ
3322 1400 3456 1455 ἀντὶ
3500 1394 3739 1467 ἀγαθῶν
3777 1397 3877 1451 καί

2298 1496 2578 1553 ἀτεκνίαν
2620 1494 2695 1565 τῇ
2741 1493 2909 1565 ψυχῇ
2950 1512 3091 1564 μου.
3144 1492 3312 1546 Τοῦτό
3357 1507 3521 1562 φησι,
3560 1489 3649 1542 διά
3694 1488 3757 1541 τὸ
3787 1489 3881 1541 ἀν-

2303 1588 2488 1652 αξίους
2512 1588 2706 1648 αὐτοὺς
2732 1584 2958 1655 ὀφθῆναι
2976 1582 3067 1636 τοῦ
3093 1583 3354 1652 κληθῆναι
3380 1582 3545 1634 τέκνα
3559 1579 3715 1633 Θεοῖν
3742 1579 3880 1647 ὅπερ

2305 1679 2537 1749 μάλιστα
2577 1675 2866 1747 ἐγνώριζεν
2896 1674 3057 1737 αὐτὸς
3090 1673 3230 1727 κατά
3252 1672 3340 1736 τὸ,
3365 1670 3629 1736 Ποσὰκις
3658 1669 3880 1737 ἠθέλη-

2301 1784 2383 1822 σα
2410 1765 2799 1836 ἐπισυνάγειν
2828 1766 2895 1820 τὰ
2924 1765 3105 1819 τέκνα
3131 1761 3284 1817 σου]

2379 1860 2514 1930 Ἐγὼ
2546 1859 2633 1921 δὲ,
2674 1859 2742 1912 ἐν
2774 1857 2855 1923 τῷ
2897 1857 3121 1923 αὐτοὺς
3166 1853 3565 1924 παρενοχλεῖν
3616 1870 3756 1923 μοι,
3787 1853 3881 1906 ἐν·

2297 1953 2367 2007 εδ
2372 1955 2565 2022 νόμην
2580 1950 2831 2006 σάκκον.
2850 1947 3093 2002 Ἐπένθει
3116 1947 3229 2019 γὰρ
3254 1945 3431 2000 αὐτῶν
3458 1946 3556 2017 τὴν
3578 1943 3877 2004 ἀπώλειαν,

2296 2045 2370 2108 ὡς
2395 2047 2488 2098 καὶ
2509 2042 2811 2104 λυπεῖσθαι,
2838 2041 2930 2094 καὶ
2978 2040 3285 2111 ἀδημονεῖν,
3316 2037 3409 2090 καὶ
3452 2034 3728 2106 δακρύειν,
3787 2034 3881 2087 καὶ

2300 2136 2697 2210 προσεύχεσθαι
2726 2136 2863 2207 ὑπὲρ
2898 2135 2997 2205 τῆς
3024 2131 3298 2203 ἁμαρτίας
3325 2129 3522 2185 αὐτῶν.

2372 2231 2482 2284 Kal
2513 2228 2869 2282 ἐταπείνουν
2891 2226 2961 2279 ἐν
2980 2224 3227 2293 νηστείᾳ
3248 2220 3360 2288 τὴν
3380 2219 3589 2289 ψυχήν
3605 2234 3748 2289 μου.
3779 2219 3882 2270 Βε-

2306 2322 2473 2376 δαιῶν
2492 2321 2589 2393 τὴν
2615 2317 3045 2391 ἐνανθρὼπησιν,
3067 2317 3159 2370 καὶ⁸
3181 2314 3434 2386 νηστείας
3455 2313 3554 2365 οὐκ
3583 2313 3878 2381 ἀπέσχετο.

2301 2414 2408 2468 Kal
2434 2415 2470 2481 ἡ
2495 2409 2802 2480 προσευχή
2842 2427 2959 2480 μου
2982 2411 3068 2473 είς
3090 2409 3322 2460 κόλπον
3344 2421 3464 2473 μου
3492 2402 3885 2472 ἀποστραφή-

2302 2520 2490 2559 σεται.
2519 2500 2686 2555 Τοῦτο
2720 2498 3049 2572 σημαντικὸν
3082 2497 3166 2565 είη
3206 2493 3301 2547 τοῦ
3347 2493 3696 2561 ἐναπμεῖναι
3739 2490 3887 2543 ἐκεί-

2303 2614 2424 2660 νους
2466 2597 2532 2666 τῇ
2582 2594 2842 2665 ἁμαρτίᾳ.
2883 2591 3046 2645 Ούδέν
3077 2588 3185 2659 γὰρ
3217 2584 3593 2656 ὠφελήθησαν,
3626 2581 3783 2653 φησὶ,
3816 2584 3881 2649 τῇ

2305 2686 2575 2760 ὑπερϐολῇ
2601 2687 2699 2756 τῆς
2727 2683 2967 2752 ἀγνοίας,
2986 2683 3084 2752 τὴν
3118 2677 3424 2749 προσευχὴν
3456 2676 3646 2744 ὥσπερ
3681 2676 3886 2727 ἐπανα-

2304 2779 2523 2849 κάμψαι
2553 2780 2896 2849 ποιήσαντες.

2386 2873 2479 2933 Ὧς
2502 2869 2780 2935 πλησίον,
2812 2866 2891 2933 ὡς
2922 2860 3189 2931 ἀδελφὸν
3216 2856 3524 2928 ἡμέτερον,
3564 2854 3755 2921 οὕτως
3788 2855 3887 2907 εὑ-

2303 2964 2621 3033 ηρέστουν.
2649 2959 2857 3027 Ὥσπερ
2903 2954 3146 3022 ἀδελφὸν,
3187 2951 3338 3021 φησὶ.
3379 2948 3474 3003 καὶ
3504 2946 3674 3016 φίλον,
3708 2946 3886 3009 οὕτως

2307 3052 2634 3117 ἐσπούδαζον
2697 3050 3000 3120 εὐεργετεῖν
3073 3044 3290 3105 αὐτοὺς,
3341 3041 3662 3112 βουλόμενος
3720 3037 3886 3107 θερα-

2309 3148 2495 3201 πεύειν
2515 3163 2527 3175 ·
2558 3144 2636 3197 διδ
2669 3143 2762 3194 καί
2788 3139 3048 3192 ἐπένθουν
3081 3136 3220 3204 ὑπὲρ
3244 3133 3442 3186 αὐτῶν.

2373 3322 2481 3379 Kal
2523 3319 2647 3373 κατ’
2674 3315 2818 3387 ἐμοῦ
2861 3309 3311 3381 εὐφράνθησαν,
3336 3305 3435 3359 καί
3456 3300 3881 3370 συνήχθησαν.

2301 3413 2485 3468 Ταῦτά
2513 3427 2622 3482 μοι,
2656 3407 2810 3476 φησὶ,
2847 3404 2944 3473 τῆς
2982 3402 3122 3472 ὺπέρ
3161 3397 3340 3451 αὐτῶν
3375 3396 3565 3465 ὀδύνης
3591 3392 3882 3447 ἀπεδίδουν

2301 3504 2369 3558 τὰ
2396 3502 2601 3569 ὀψόνια.
2630 3494 3037 3563 Συνήχθησαν
3060 3490 3151 3542 ἐπ’
3174 3488 3279 3557 ἐμὲ
3294 3486 3604 3555 μάστιγες,
3630 3483 3727 3535 καί
3768 3485 3883 3535 οὐκ

2300 3594 2511 3661 ἔγνων.
2549 3583 2913 3649 Μαστίζοντές
2960 3579 3231 3652 με,’φησὶ,
3262 3578 3363 3631 οὐκ
3408 3574 3704 3643 ἐγίνωσκον
3756 3572 3883 3626 οὐδὲ

2301 3683 2555 3755 εὕρισκον
2580 3678 2758 3734 αἰτίαν
2783 3675 3038 3744 οὐδεμίαν
3079 3672 3197 3725 κατ’
3233 3668 3390 3739 ἐμοῦ.

2373 3775 2837 3843 Διεσχίσθησαν,
2874 3768 2971 3821 καὶ
3000 3768 3071 3820 οὐ
3106 3763 3547 3831 κατενύγησαν.
3579 3757 3879 3830 Ἐμερίσθη

2302 3869 2411 3939 γὰρ
2438 3867 2497 3919 τὸ
2534 3864 2754 3934 πλῆθος,
2794 3861 2868 3923 ὼς
2914 3860 2942 3910 ὁ
2990 3855 3376 3924 εὖαγγελιστής
3419 3868 3573 3921 φησι,
3619 3849 3730 3902 τῶν
3780 3850 3883 3920 μὲν

2303 3958 2504 4029 ἀγαθὸν
2534 3952 2673 4008 εἶναι
2703 3952 2989 4019 λεγόντων,
3016 3948 3124 4001 τῶν
3149 3947 3205 4000 δὲ
3244 3944 3497 4017 πονηρόν.
3533 3942 3641 3995 Καὶ
3673 3942 3882 3994 τούτων

2303 4050 2619 4122 γινομένων,
2641 4045 2824 4115 φησὶν,
2848 4043 2907 4096 ού
2926 4040 3319 4109 κατενύγησαν,
3343 4037 3459 4091 οὐδὲ
3481 4036 3717 4105 συνῆκαν
3738 4034 3885 4088 κατά

2302 4145 2446 4206 τίνος
2475 4141 2531 4195 αί
2562 4136 2807 4210 πράξεις.
2848 4134 3017 4188 Τοῦτο
3047 4132 3102 4186 δὲ
3128 4131 3227 4184 οὐκ
3255 4128 3503 4199 ἐγκαλῶν
3544 4122 3716 4188 εἶπεν,
3746 4125 3885 4179 ἀλλά

2306 4232 2486 4288 ποθῶν
2513 4231 2610 4302 τὴν
2642 4228 2912 4298 βοήθειαν.
2938 4225 3093 4287 Πότε,
3130 4223 3316 4292 φησὶν,
3352 4218 3617 4291 ἐπιφαίνῃ
3650 4217 3748 4271 καὶ
3784 4219 3887 4269 ἐπ·-

2307 4323 2529 4393 αμυνεῖς
2567 4315 2907 4385 ἀδικουμένῳ
2927 4330 2941 4378 ;

713 4516 796 4571 l7.
826 4514 1059 4567 Restitue
1088 4509 1320 4563 animam
1363 4517 1530 4556 meam
1564 4516 1595 4552 a
1631 4497 1960 4567 malignitate
1999 4506 2201 4547 eorum.

2392 4489 2912 4555 Ἀποκατάστησον
2947 4484 3063 4553 τὴν
3086 4480 3297 4552 ψυχήν
3329 4498 3450 4550 μου
3488 4477 3607 4531 ἀπὸ
3644 4475 3757 4544 τῆς
3783 4493 3887 4529 κα-

638 4610 986 4677 Qutecnuque
1032 4602 1232 4672 patitur
1260 4605 1353 4652 aut
1396 4594 1654 4662 loquitur,
1686 4591 1736 4643 id
1772 4604 1869 4659 pro
1906 4596 2089 4641 nostra
2119 4600 2210 4639 sa-

638 4676 748 4754 me
778 4696 1031 4753 admittit.
1075 4692 1210 4758 Quia
1238 4686 1512 4744 descendit
1545 4685 1657 4753 ipse
1705 4680 1913 4735 scilicet
1959 4676 2210 4730 Christus

638 4803 692 4846 et
751 4806 849 4858 pro
901 4786 1058 4840 nobis
1109 4790 1195 4836 est
1242 4782 1576 4834 incarnatus.
1630 4774 1672 4825 Α
1725 4769 1960 4823 leonibus
2000 4768 2209 4820 unicam

639 4896 827 4937 meam.
869 4876 1077 4929 Leones
1111 4878 1266 4926 vocat
1296 4878 1392 4923 aut
1424 4866 1594 4921 malas
1623 4873 1677 4918 et
1718 4860 2058 4915 sdversarias
2109 4872 2207 4926 po-

643 4980 883 5028 testates,
921 4982 1039 5033 quae
1089 4971 1296 5017 tantum
1341 4974 1447 5013 nou
1482 4955 1767 5025 rugiehant
1818 4952 1870 5004 in
1902 4950 2203 5011 Christum,

640 5074 735 5118 :ut
768 5061 998 5114 fortasse
1026 5053 1335 5109 Iudaeorum
1384 5049 1765 5117 magistratus;
1808 5044 1887 5096 ita
1915 5042 2058 5095 enim
2097 5054 2208 5091 me-

641 5162 818 5209 morat
846 5166 940 5203 eos
978 5164 1069 5216 per
1101 5160 1285 5199 vocem
1316 5141 1562 5195 Jeremiie
1587 5155 1598 5190 :
1627 5136 1793 5189 Facta
1822 5143 1897 5187 est
1928 5132 2206 5185 Iuereditas

642 5262 756 5299 mea
781 5243 930 5314 quasi
947 5239 1025 5291 leo
1049 5238 1103 5289 iu
1133 5235 1284 5301 silva,
1313 5234 1647 5302 quamobrem
1663 5227 1782 5280 odio
1802 5224 1959 5276 habui
1984 5221 2203 5274 illam".

645 5335 868 5391 Unicum
936 5340 1114 5385 autem
1166 5326 1398 5395 appellat
1447 5324 1685 5376 animam
1736 5332 1914 5379 suam,
1956 5310 2207 5383 ponendo

642 5428 851 5480 miicam
884 5438 980 5493 pro
1012 5420 1277 5473 dilectam.
1307 5414 1456 5469 Solet
1482 5412 1625 5467 enim
1662 5410 1853 5478 ingens
1891 5419 2048 5460 amor
2087 5402 2208 5457 nni-

642 5517 949 5589 genitorum
981 5526 1125 5566 esse.

714 5808 760 5838 "
797 5806 983 5861 Matth.
1024 5820 1177 5870 xxiii,
1214 5804 1299 5857 Si.
1422 5796 1688 5854 "Jerem.
1744 5809 1854 5861 xu,
1910 5793 1959 5847 8.

2306 4586 2587 4655 κουργίας
2621 4579 2835 4635 αὐτῶν.
2871 4578 3054 4631 Πάντα
3094 4576 3193 4628 ὅσα
3238 4573 3435 4641 πάσχει
3478 4569 3708 4641 ὴλὲγει,
3743 4568 3887 4636 ὑπὲρ

2304 4681 2401 4751 τῆς
2435 4676 2707 4748 ἡμετέρας
2738 4671 3008 4742 σωτηρίας
3037 4668 3197 4729 ποιεῖ,
3224 4664 3311 4716 διὰ
3355 4661 3415 4715 τὺ
3460 4658 3738 4714 κατελθεῖν
3783 4658 3887 4711 αὑο

2305 4774 2417 4835 τὸν,
2453 4771 2618 4839 ἡγουν
2666 4765 2756 4817 τὸν
2802 4762 3055 4835 Χριστὸν,
3096 4758 3191 4812 καὶ
3233 4754 3581 4827 σαρωθῆναι
3612 4752 3669 4817 ἐξ
3700 4751 3884 4821 ἡμῶν.

2324 4863 2453 4918 Ἀπὸ
2497 4860 2759 4915 λεόντων
2782 4854 2896 4920 τὴν
2915 4847 3209 4923 μονογενῆ
3253 4864 3389 4915 μου.
3424 4842 3655 4904 Λέοντάς
3684 4859 3819 4911 φησι
3852 4842 3885 4911 ἢ

2311 4955 2409 5017 τὰς
2437 4950 2671 5020 πονηρὰς
2700 4949 2792 5000 καὶ
2820 4942 3195 5012 ἀντικειμένας
3219 4940 3493 5008 δυνάμεις,
3520 4934 3575 4988 αἳ
3611 4933 3772 5004 μόνον
3798 4934 3889 4985 ού-

2312 5048 2366 5117 χ¹ι
2396 5040 2864 5111 κατεδρυχήσαντο
2891 5034 2985 5087 τοῦ
3015 5029 3269 5103 Χριστοῦ,
3302 5031 3335 5100 ἢ
3361 5029 3499 5096 τάχα
3535 5043 3636 5078 που
3668 5026 3761 5077 καὶ
3788 5025 3889 5077 αύ-

2311 5115 2435 5198 τοὺς
2456 5134 2581 5195 τοὺς
2607 5129 2713 5182 τῶν
2743 5127 3007 5181 Ἰουδαίων
3030 5122 3364 5192 καθηγητὰς.
3394 5117 3551 5172 Οὕτω
3571 5116 3679 5188 γάρ
3705 5115 3885 5168 αὐτῶν

2312 5222 2727 5297 διαμνημονεύει
2759 5221 2930 5287 λέγων
2958 5218 3045 5270 διὰ
3075 5214 3257 5283 φωνῆς
3296 5212 3582 5281 Ἱερεμίας·
3603 5209 3883 5278 Ἐγενήθη

2313 5322 2352 5388 ἠ
2384 5316 2747 5384 κληρονομία
2770 5329 2887 5381 μου
2921 5310 3000 5374 ὠς
3028 5306 3180 5361 λέων
3219 5306 3288 5358 ὲν
3327 5299 3552 5372 δρυμῷ’
3586 5300 3683 5353 διὰ
3710 5299 3886 5352 τοῦτο

2314 5410 2578 5478 ἐμίσησα
2610 5402 2819 5470 αὐτήν.
2853 5396 3131 5465 Μονογενῆ
3186 5396 3281 5465 μὲν
3324 5394 3420 5463 τὴν
3471 5389 3663 5444 ἐαυτοῦ
3710 5389 3885 5459 ψυχὴν

2314 5495 2591 5567 ὀνομάζει,
2626 5494 2683 5546 τὸ
2722 5490 3045 5561 μονογενὲς
3094 5485 3260 5547 τιθεὶς
3291 5485 3409 5536 ἀντι⁵
3448 5480 3541 5533 τοῦ
3577 5478 3883 5550 ἠγαπημέ-

2317 5589 2582 5657 sem-3A5).
2612 5586 2718 5655 γάρ
2745 5583 2858 5647 πώς
2894 5585 3037 5635 ἐστιν
3082 5580 3139 5633 ἐν
3170 5578 3356 5646 ἀγάπῃ
3382 5573 3609 5647 πλείστῃ
3631 5572 3693 5626 τὸ
3730 5587 3886 5642 μονο-

2319 5682 2472 5751 γενὲς
2506 5681 2561 5733 ἐν
2587 5677 2813 5738 τέκνοις.
