4034 6456
196 386 293 440 1⁸73

1266 383 1627 439 EXPOSITIO
1667 382 1732 436 IN
1769 381 2099 438 PSALMUM
2142 383 2353 439 XXXV.

3324 399 3426 451 174

265 509 330 559 οι
350 504 674 575 μισοῦντές
688 522 763 574 με
784 504 1007 570 δωρεὰν
1032 505 1129 556 καὶ
1148 504 1523 570 διανεύοντες
1550 506 1755 572 ὀφθαλ-

1943 504 2027 558 19.
2052 503 2154 568 Qui
2179 507 2400 557 oderunt
2430 521 2505 557 me
2526 508 2688 574 gratis
2712 516 2761 559 et
2785 523 3020 565 annuunt
3045 517 3230 568 oculis.
3259 517 3424 583 Quasi

187 598 340 667 μοῖς.
362 597 506 650 Ἀντὶ
544 596 660 662 τοῦ,
692 596 1025 659 συντιθέντες
1050 596 1252 659 δόλους.

258 691 286 718 θ’
282 693 383 742 Οτι
410 689 536 758 ἐμοὶ
562 687 679 757 μὲν
706 687 978 755 εἰρηνικὰ
1003 686 1293 749 ἐλάλουν,
1327 688 1422 740 καὶ
1453 687 1543 739 ἐπ’
1579 686 1763 756 ὀργὴν

190 780 412 845 δόλους
444 779 853 848 διελογίζοντο.
891 780 984 843 Τὸ,
1030 778 1361 833 Διδάσκαλε
1380 778 1562 848 ἀγαθέ
1584 795 1599 811 ο
1648 780 1759 841 καὶ,

194 872 314 924 Ὀτι
332 870 581 939 οῖδαμεν
608 870 695 923 ὅτι
724 869 837 936 τὴν
866 870 1157 935 ἀλήθειαν
1181 869 1509 935 διδάσκεις,
1539 869 1637 921 καὶ
1676 869 1762 921 ὅτι

189 964 259 1015 οὐ
283 961 608 1031 λαμϐάνεις
642 962 964 1029 πρόσωπον
1000 962 1331 1029 ἀνθρώπου.

257 1055 371 1107 Kal
420 1052 769 1107 ἐπλάτυναν
798 1054 889 1106 ἐπ’
917 1052 1022 1122 ἐμὲ
1068 1054 1133 1107 τὸ
1168 1054 1363 1123 στόμα
1407 1053 1622 1110 αὐτῶν.
1654 1056 1762 1118 Τὰς

190 1146 540 1216 βλασφημίας
570 1145 669 1209 τὰς
717 1147 808 1198 ἐπὶ
858 1144 933 1215 τῷ
978 1145 1194 1217 σταυρῷ
1242 1146 1529 1217 γινομένας
1579 1148 1758 1216 φησίν.

189 1232 411 1290 Εἶπον·
447 1233 623 1305 Εὖγε.
650 1234 807 1305 εὖγε,
837 1233 998 1290 εἶδον
1038 1240 1090 1290 ol
1136 1238 1425 1306 ὀφθαλμοὶ
1475 1237 1763 1306 ἠμών.Ὠς

189 1330 308 1381 κατ’
341 1328 506 1399 εὐχὴν
539 1330 720 1392 αὑτοῖς
756 1327 848 1381 τοῦ
875 1328 1107 1399 πέρατος
1133 1328 1511 1399 ἐκϐεϐηκότας,
1539 1329 1600 1381 τὸ
1638 1347 1762 1400 κρεο

192 1418 464 1488 μασθῆναι
491 1418 650 1470 αὑτὸν
687 1419 779 1470 ἐπὶ
810 1417 903 1470 τοῦ
936 1417 1115 1481 ξύλου.
1146 1416 1315 1470 Τοῦτο
1340 1416 1395 1471 δὲ
1425 1417 1639 1470 ποιοῦσι
1669 1418 1761 1469 καὶ

187 1512 238 1564 οἱ
262 1510 689 1580 ἑπαγαλλόμενοι
722 1513 787 1580 τῇ
820 1509 994 1579 θλίψει
1019 1508 1113 1562 τοῦ
1144 1509 1374 1562 δικαίου.

259 1600 472 1669 εἶδες,
512 1604 721 1671 Κύριε,
759 1602 844 1671 μὴ
890 1601 1385 1670 παρασιωπήσῃς,
1436 1603 1631 1669 Κύριε,
1675 1600 1759 1668 μὴ

186 1694 461 1763 ἀποστῇς
496 1696 597 1749 ἀπ’
620 1694 1115 1765 ὲμοῦ.⁹Ανθρωπος
1149 1694 1437 1763 γενόμενος
1478 1695 1508 1746 6
1545 1711 1762 1764 μονογε-

187 1786 283 1859 νὴς
326 1786 420 1839 τοῦ
470 1786 602 1840 Θεοῦ
645 1786 835 1855 Λόγος,
867 1786 967 1838 οὑκ
1008 1784 1295 1838 ἀποϐαλὼν
1328 1785 1389 1837 τὸ
1426 1780 1564 1837 εἶναι
1608 1784 1760 1847 Θεὸς,

1864 594 2101 648 diceret:
2133 593 2234 661 Qui
2262 595 2414 649 dolos
2448 606 2683 650 struunt.

1933 684 2021 739 ΞΟ.
2054 686 2315 751 Quoniam
2341 687 2469 739 mihi
2499 688 2707 757 quidem
2742 692 2956 760 paci/ioc
2987 695 3349 763 loquebantur,
3382 710 3429 751 et

1862 777 1917 830 in
1973 778 2055 830 ira
2111 776 2258 830 dolos
2304 777 2625 847 cogitabant.
2684 777 2816 835 Illud
2877 784 3117 851 scilicet,
3182 787 3432 855 Magister

1864 870 1990 922 bone
2017 869 2092 933 ⁸ος
2125 877 2218 923 et:
2254 870 2459 923 Scimus
2484 872 2729 939 quoniam
2758 875 3025 928 ueritatem
3061 885 3208 931 noces
3251 891 3299 931 et
3332 898 3430 931 non

1864 960 2059 1028 accipis
2098 975 2375 1027 personam
2412 961 2636 1014 hominis
2662 962 2726 1014 ".

1933 1050 2022 1104 2i.
2052 1049 2121 1103 Et
2142 1050 2495 1104 dilataverunt
2522 1068 2677 1121 super
2702 1072 2779 1107 me
2812 1073 2867 1109 0s
2901 1074 3073 1111 suum.
3109 1059 3430 1127 Blasphema

1863 1142 2009 1195 dicta
2049 1142 2177 1195 dum
2214 1142 2265 1196 in
2297 1158 2459 1197 cruce
2488 1144 2745 1212 penderet
2775 1148 2824 1199 in
2857 1163 2915 1201 se
2944 1150 3186 1217 conjecta
3222 1168 3397 1205 meum

1863 1241 1971 1286 rat.
2007 1232 2317 1285 Dixerunt:
2374 1232 2538 1302 Euge,
2578 1251 2723 1304 euge,
2772 1237 3007 1291 uiderunt
3056 1239 3196 1291 oculi
3248 1246 3430 1295 nostri.

1864 1321 1941 1374 Ac
1970 1320 2015 1375 si
2051 1330 2316 1389 -optatum
2374 1322 2635 1376 haberent
2681 1324 2906 1386 exitum,
2945 1328 3165 1395 quando
3198 1328 3243 1383 is
3282 1330 3427 1400 ligno

1862 1426 2164 1482 suspensus
2195 1410 2390 1465 fuerat.
2438 1411 2673 1481 ldipsum
2706 1424 2887 1468 autem
2919 1426 3086 1487 agunt
3112 1418 3205 1487 qui
3236 1421 3418 1474 exsul-

1865 1513 1977 1557 iant
2000 1504 2065 1557 de
2097 1502 2404 1557 calamitate
2426 1502 2585 1573 justi.

1945 1594 2035 1647 22.
2076 1592 2285 1656 Vidisti,
2315 1593 2553 1660 Domine,
2578 1612 2639 1648 nc
2672 1597 2828 1651 sileas
2855 1613 2873 1659 ;
2907 1596 3142 1663 Domine,
3176 1617 3238 1654 ne
3266 1601 3433 1654 discr-

1863 1684 1962 1737 das
2007 1702 2040 1737 a
2068 1701 2169 1737 me.
2209 1683 2384 1738 Homo
2413 1684 2614 1739 factum
2658 1687 2994 1757 unigenitum
3030 1690 3120 1745 Dei
3168 1690 3428 1751 Verbum.

1872 1791 1977 1829 non
2007 1777 2264 1830 amittens
2290 1790 2411 1831 esse
2442 1774 2606 1841 Deus,
2637 1788 2789 1848 rogat
2828 1779 3038 1849 injuriae
3070 1798 3235 1837 causa
3271 1785 3430 1838 nobis

188 1879 329 1931 αἰτεί
360 1879 499 1949 ὑπὲρ
547 1878 645 1948 τῆς
690 1880 768 1941 είς
795 1880 942 1947 ἡμᾶς
966 1876 1179 1941 ἀδικίας
1204 1877 1503 1947 γενομένης
1527 1875 1631 1928 ὑπὸ
1660 1876 1755 1929 τῶι.

1871 1884 1968 1939 per
2001 1868 2277 1923 damones
2323 1868 2486 1923 illata:
2526 1868 2764 1938 judicem
2796 1869 3030 1926 Patrem.
3070 1872 3239 1944 Rogat
3270 1875 3431 1931 dissi-

184 1972 457 2041 δαιμόνων
481 1969 737 2041 δικαστὴν
763 1968 1050 2040 γενόμενον
1076 1968 1168 2021 τὸν
1198 1968 1436 2040 Πατέρα,
1469 1970 1610 2021 αἰτεῖ
1635 1969 1765 2020 ἁπο-

190 2061 481 2132 σκορττίσαι
508 2060 615 2113 τῶν
644 2060 1009 2132 ὑπερηφάνων
1034 2059 1134 2130 τὴν
1164 2058 1339 2130 ὓϐριν.
1379 2058 1534 2112 Οὕτω
1575 2059 1684 2127 γὰρ
1717 2061 1764 2110 οἱ

190 2154 287 2223 μὲν
310 2156 389 2215 είς
406 2152 663 2223 αἰσχύνην
685 2153 1219 2223 ἀποστραφήσονται,
1241 2151 1424 2220 φησὶν,
1449 2152 1497 2203 οἱ
1518 2150 1574 2202 δὲ
1597 2149 1764 2217 ἀγαλ-

185 2243 489 2305 λιὰσαιντο,
528 2242 626 2306 τὰς
679 2243 770 2295 ἐπὶ
812 2244 877 2312 τῇ
908 2241 1149 2313 σωτηρία
1179 2242 1519 2303 ἀνατιθέντες
1548 2243 1764 2311 εὐχαρι-

188 2335 362 2397 σείσς.

375 2429 476 2492 Εις
504 2425 676 2492 τέλος
707 2426 787 2492 τῷ
814 2426 1011 2495 δούλῳ
1039 2428 1258 2495 Kvpiov
1282 2425 1359 2489 τῷ
1385 2426 1583 2479 Amm.

747 2522 1055 2573 ΨΑΛΜΟΣ
1092 2520 1215 2572 ΛΕ’.

820 2611 1141 2675 Ύπόθεσις.

184 2704 539 2773 Κατηγορίαν
576 2703 816 2776 περιέχει
845 2702 872 2753 6
899 2702 1087 2773 παρὼν
1110 2701 1321 2772 ψαὶμδς
1347 2702 1446 2772 τῆς
1476 2703 1760 2773 ὑπερηφα-

256 2794 377 2857 νίας
430 2793 525 2846 τοῦ
578 2793 707 2848 λαοῦ
766 2794 873 2846 τῶν
912 2793 1219 2856 Ἰουδαίων,
1275 2795 1367 2845 καὶ
1415 2795 1513 2863 τῆς
1566 2795 1761 2857 κακίας

256 2884 506 2954 ἔλεγχον·
537 2885 630 2938 καὶ
658 2885 763 2954 μὴν
786 2885 879 2935 καὶ
905 2883 1231 2953 ὑμνολογίαν
1265 2884 1374 2936 τῶν
1406 2884 1625 2937 δικαίων
1650 2903 1760 2955 κρι-

260 2977 468 3046 μάτων,
497 2976 562 3028 δι’
590 2969 664 3027 ὧν
712 2976 931 3046 εποίησε
980 2974 1077 3045 τὴν
1130 2976 1219 3028 ὑπ’
1249 2976 1503 3047 οὐρανόνο
1537 2977 1671 3046 πρὸς
1702 2977 1758 3029 δὲ

255 3069 469 3132 τούτοις
498 3068 593 3121 καὶ
622 3069 968 3139 εὐχαριστίας
1002 3069 1137 3139 πρὸς
1162 3068 1251 3121 τὸν
1275 3070 1491 3139 Πατέρα
1524 3071 1664 3141 ὑπὲρ
1686 3064 1758 3122 ῶν

259 3159 594 3230 εὐηργέτησε
614 3158 700 3212 διὰ
736 3159 937 3229 Ἰησοῦο
966 3161 1050 3227 ἐφ’
1087 3158 1253 3212 ἅπασι
1283 3159 1338 3211 δὲ
1368 3160 1572 3223 τούτοις
1595 3160 1757 3229 εὐχὴν
1784 3193 1826 3249 C

256 3250 698 3322 ἁσφαλιζομένην
726 3250 820 3302 τοῦ
858 3250 931 3319 μὴ
966 3253 1151 3301 πεσεῖν
1186 3250 1264 3312 είς
1286 3250 1682 3319 ὑπερηφανίαν.

257 3343 453 3410 Φησίν
500 3346 532 3397 ό
577 3341 918 3411 παράνομος
967 3340 1078 3411 (ιυ)
1124 3340 1230 3395 τοῦ
1272 3342 1629 3410 ἁμαρτάνειν
1690 3343 1758 3395 ὲν

181 3434 397 3500 ἐαυτῷ.
428 3434 630 3499 Οῖεται,
666 3436 847 3504 φησὶν,
882 3437 910 3487 6
939 3435 1104 3505 κακίᾳ
1147 3434 1617 3506 συντεθραμμένος
1651 3455 1755 3507 μη-

183 3530 311 3584 δένα
360 3528 584 3600 θεωρεῖν
624 3528 725 3597 τῆς
748 3527 923 3598 ψυχῆς
954 3526 1117 3579 αὑτοῦ
1145 3529 1505 3599 κεκρυμμένα
1540 3527 1755 3598 βουλεύ-

185 3640 355 3692 ματα.
382 3622 457 3673 Τὸ
486 3621 615 3689 γὰρ,
647 3619 856 3688 φησιν,
886 3620 1006 3671 ἀντὶ
1037 3619 1151 3681 τοῦ,
1181 3619 1403 3687 ἡγεῖται
1442 3619 1475 3691 ἢ
1499 3622 1757 3688 ὑπολαμ-

184 3715 372 3776 ϐάνει,
406 3712 666 3765 τέθεικεν.
698 3712 877 3764 Αἴτιον
914 3710 969 3763 δὲ
1005 3711 1104 3780 τῆς
1136 3711 1390 3781 τοιαύτης
1430 3712 1755 3783 ἀναλγησίας

180 3807 243 3859 τὸ
274 3807 349 3877 μὴ
384 3805 610 3859 δεδιέναι
639 3805 727 3857 τὸν
759 3808 937 3857 πάντα
981 3803 1261 3875 ἐφορῶντα
1309 3804 1589 3877 δεσπότην.
1634 3810 1753 3859 Οὐκ

178 3899 314 3952 ἐστι
340 3898 524 3966 φόϐος
547 3896 692 3951 Θεοῦ
713 3895 998 3951 ἀπέναντι
1041 3894 1158 3947 τῶν
1197 3894 1517 3963 ὀφθαλμῶν
1544 3897 1747 3949 αὐτοῦ.

180 3990 367 4053 Ἀπαξ
413 3988 763 4059 προθέμενος,
798 3989 947 4058 φησὶ,
983 3987 1076 4039 τοῦ
1110 3990 1465 4058 παρανομεῖν,
1499 3987 1602 4052 ἔξω
1646 3988 1753 4039 τῶν

177 4078 475 4150 ὀφθαλμῶν
509 4079 672 4133 αὑτοῦ
700 4079 790 4130 τὸν
810 4078 903 4131 τοῦ
932 4077 1066 4131 Θεοῦ
1098 4077 1302 4131 τίθεται
1328 4077 1509 4145 φόϐον.
1530 4077 1619 4145 Τῷ
1645 4078 1751 4148 γὰρ

182 4172 336 4243 φόϐῳ
369 4172 572 4242 Κυρίου
607 4171 841 4224 ἐκκλίνει
868 4172 974 4233 πᾶς
1005 4168 1111 4222 ἀπὸ
1135 4168 1329 4223 κακοῦ.

252 4266 374 4319 Ὅτι
400 4265 704 4319 ἐδόλωσεν
734 4263 987 4317 ἐνώπιον
1018 4261 1224 4316 αὑτοῦ.
1242 4260 1411 4313 Ἐκὼν
1452 4260 1506 4314 δὲ
1551 4259 1750 4331 ταύτην

179 4358 292 4428 ἔχει
338 4359 438 4426 τὴν
481 4357 722 4424 ᾶγνοιαν,
752 4356 812 4407 οὑ
844 4355 1163 4425 βουλόμενος
1188 4353 1525 4422 λογιστεῦσαι
1550 4354 1617 4405 τὰ
1652 4370 1747 4405 πε-

178 4448 492 4519 πραγμένα,
520 4448 611 4500 καὶ
659 4449 882 4516 μισῆσαι
914 4446 982 4497 τὰ
1009 4446 1192 4509 κακῶς
1225 4446 1607 4515 πεπραγμένα.
1640 4445 1747 4498 Τοῦ

1867 1961 1984 2029 pari
2016 1960 2375 2029 superborum
2405 1962 2809 2016 contumeliam.
2841 1962 2915 2017 Ita
2949 1965 3091 2019 enim
3128 1966 3217 2019 alii
3250 1967 3299 2020 in
3332 1983 3429 2036 pu-

1865 2053 2051 2106 dorem
2088 2060 2387 2116 vertentur,
2416 2052 2633 2121 inquit;
2687 2054 2776 2108 alii
2827 2056 3175 2112 exsultabunt
3223 2059 3426 2126 gratias

1864 2145 1931 2198 de
1964 2143 2088 2199 data
2116 2144 2289 2198 salute
2318 2152 2557 2215 agentes.

2105 2453 2151 2504 1.
2184 2452 2247 2505 In
2278 2454 2433 2523 ﬁnem
2457 2471 2602 2507 servo
2631 2454 2838 2508 Domini
2875 2456 2976 2521 ipsi
3006 2454 3192 2509 Dauid.

2337 2545 2674 2600 PS.4LM(.'S
2722 2546 2873 2600 XXX
2892 2546 2951 2599 γ.

2441 2640 2479 2691 Λ
2490 2649 2758 2709 rgumenta
2770 2656 2819 2691 ns

1866 2721 2145 2794 Superbiae
2177 2725 2385 2781 Judaici
2422 2731 2605 2797 populi
2636 2733 3037 2785 accusationem
3070 2732 3311 2789 continet
3338 2732 3428 2787 hic

1932 2817 2193 2885 psalmus,
2224 2826 2276 2871 et
2305 2818 2521 2873 malitiae
2552 2833 2739 2873 eorum
2772 2819 3218 2886 confutationem,
3258 2834 3425 2893 atque

1932 2910 2076 2978 justa
2118 2910 2209 2967 Dei
2233 2912 2441 2977 judicia
2479 2913 2750 2976 decantat,
2776 2913 2923 2981 quod
2950 2913 3135 2966 orbem
3168 2915 3426 2969 condide-

1932 2999 2018 3053 rit.
2084 3000 2163 3054 Ad
2222 3002 2336 3055 haec
2386 3000 2547 3055 etiam
2610 3002 2905 3070 gratiarum
2967 3001 3231 3055 actionem
3282 3002 3423 3055 Patri

1932 3088 2089 3143 ollert
2140 3105 2239 3159 pro
2299 3090 2575 3145 beneﬁciis
2604 3107 2696 3159 per
2749 3090 2931 3145 Jesum
2972 3092 3221 3147 collatis:
3264 3110 3426 3162 super

1933 3180 2018 3234 his
2067 3182 2319 3236 omnibus
2370 3183 2731 3250 precationem
2779 3184 2843 3235 ad
2900 3185 3193 3239 cavendam
3232 3202 3423 3255 super-

1933 3271 2098 3327 hiam.

1931 3366 2077 3419 Dixit
2107 3365 2335 3435 injustas
2372 3374 2429 3418 ut
2462 3366 2729 3436 delinquat
2764 3368 2819 3419 in
2841 3368 3135 3437 semetipso.
3183 3367 3423 3424 Arbitra-

1859 3469 1966 3522 tur,
2020 3458 2216 3525 inquit,
2245 3456 2338 3526 qui
2370 3457 2423 3509 in
2477 3458 2682 3511 malitia
2737 3459 3002 3514 educatus
3049 3468 3158 3525 est,
3212 3463 3419 3515 occulta

1859 3550 2024 3602 animi
2075 3549 2247 3617 ipsius
2295 3548 2521 3603 consilia
2569 3550 2841 3603 neminem
2896 3552 3234 3620 conspicere.
3288 3551 3421 3605 Nam

1856 3640 2011 3702 illud,
2040 3641 2199 3704 dixit,
2236 3655 2333 3709 pro
2359 3640 2649 3703 existimat,
2699 3648 2793 3694 aut
2820 3641 3134 3706 arbitratur,
3162 3642 3417 3712 positum.

1856 3731 2042 3787 Tantae
2094 3747 2258 3801 porro
2296 3732 2606 3786 indolentia:
2652 3747 2817 3787 causa
2849 3742 2952 3796 est,
3002 3735 3147 3803 quod
3178 3736 3417 3788 omnium

1856 3819 2217 3887 inspectorem
2272 3816 2565 3873 Dominum
2620 3835 2727 3872 non
2774 3819 3108 3875 reformidet.
3172 3822 3293 3876 Non
3344 3838 3417 3876 est

1856 3913 2013 3963 timor
2067 3911 2158 3965 Dei
2202 3921 2321 3964 ante
2376 3913 2552 3964 oculos
2582 3911 2715 3979 ejus.
2778 3912 2914 3966 Cum
2972 3914 3157 3979 semel,
3223 3916 3416 3985 inquit.

1854 4001 2112 4069 peccandi
2170 4003 2513 4072 propositum
2548 4002 2854 4068 admiserit,
2893 4020 2920 4056 a
2960 4015 3250 4075 conspectu
3284 4022 3414 4059 ocu-

1854 4093 2029 4147 lorum
2065 4092 2157 4147 Dei
2199 4094 2447 4148 timorem
2496 4105 2730 4147 amovet.
2781 4092 2915 4147 Nam
2965 4096 3159 4151 timore
3204 4096 3415 4151 Domini

1852 4184 2086 4239 declinat
2112 4184 2343 4253 quilibet
2373 4200 2401 4237 a
2442 4184 2603 4235 malo.

1921 4273 1975 4327 2.
2005 4271 2269 4336 Quoniam
2301 4272 2480 4325 dolose
2524 4275 2628 4341 egit
2660 4280 2710 4328 in
2743 4286 3013 4344 conspectu
3051 4278 3186 4345 ejus.
3220 4278 3416 4333 Libens

1850 4378 1968 4415 eam
2001 4361 2237 4414 admittit
2286 4361 2673 4430 ignorantiam,
2707 4363 2895 4416 nolens
2922 4371 3069 4431 gesta
3101 4379 3197 4417 sua
3230 4380 3411 4416 secum

1852 4463 2126 4521 reputare.
2169 4468 2269 4505 nec
2308 4468 2469 4520 prave
2513 4453 2806 4507 commissa
2858 4454 3117 4507 aversari.
3180 4452 3245 4506 Ut
3276 4455 3415 4507 inte

172 4538 376 4608 εὑρεῖν
398 4538 511 4606 τὴν
536 4540 791 4608 ἀνομίαν
818 4537 1002 4591 αὐτοῦ
1032 4538 1128 4591 καί
1149 4535 1427 4606 μισῆσαι.
1456 4538 1589 4588 Οὐδὲ
1620 4537 1743 4589 τοῦ-

1856 4546 2029 4595 niotur
2056 4544 2309 4611 iniquitas
2336 4543 2448 4611 ejus
2480 4544 2547 4595 ad
2580 4545 2778 4596 odium.
2808 4543 2993 4614 Neque
3027 4544 3178 4607 illud,
3218 4546 3409 4614 inquit.

170 4649 252 4695 το,
291 4631 449 4701 φησὶ,
488 4630 782 4698 λογίζεται,
819 4631 900 4683 ὅτι
933 4632 960 4682 6
997 4629 1128 4692 Θεὸς
1156 4629 1398 4699 εὑρίσκει
1443 4627 1540 4698 τὴν
1568 4629 1747 4697 ἁμαρ-

168 4724 295 4777 τίαν
344 4720 531 4786 αὑτοῦ,
568 4722 661 4775 καὶ
694 4720 867 4792 εὑρὼν
898 4721 1086 4791 αὑτὴν,
1138 4723 1287 4791 μισεῖ
1336 4720 1426 4772 καὶ
1454 4719 1620 4789 αὐτὴν
1654 4721 1745 4772 καὶ

167 4817 356 4871 αὐτόν.

245 4908 323 4962 τὰ
344 4907 585 4977 ῥήματα
607 4906 713 4960 τοῦ
737 4908 1033 4975 στόματος
1050 4905 1234 4960 αὑτοῦ
1264 4905 1481 4973 ἀνομία
1525 4905 1619 4957 καὶ
1648 4905 1742 4956 δό-

166 5003 297 5065 λος.
318 5001 585 5068 Ἀνομίαν
616 5000 733 5070 μὲν,
776 4998 838 5051 δι’
870 4999 935 5061 ἃς
966 4999 1240 5067 ἐπήγαγον
1271 4996 1454 5069 ὕϐρεις
1488 4997 1704 5067 Χριστῷ
1726 5015 1737 5024 ·

164 5093 355 5147 δόλον
383 5093 462 5155 δὲ,
486 5094 569 5145 δτι
603 5093 696 5145 καὶ
721 5091 1029 5159 παγιδεύειν
1063 5091 1221 5143 αὑτὸν
1252 5089 1585 5159 βουλόμενοι,
1612 5106 1743 5169 χρη-

164 5186 313 5246 στοτς
364 5184 659 5253 προσίεσαν
708 5182 903 5250 λόγοις.
950 5184 1070 5235 Οὐκ
1108 5180 1414 5247 ἠϐουλήθη
1470 5182 1739 5236 συνιέναι

160 5275 271 5329 τοῦ
303 5273 819 5345 ἀγαθῦναικεκὼν,
859 5275 1043 5344 φησὶν,
1077 5273 1265 5325 ἑαυτὸν
1296 5273 1462 5338 ἑξωσε
1509 5274 1601 5326 τοῦ
1648 5275 1734 5325 εὑ-

162 5366 471 5435 κρατῆσαι.

245 5457 516 5523 Ἀνομίαν
552 5454 925 5521 διελογίσατο
972 5453 1069 5507 ἐπὶ
1112 5452 1220 5521 τῆς
1269 5454 1469 5519 κοίτης
1511 5454 1729 5507 αὑτοῦ·

159 5542 430 5611 παρέστη
471 5542 638 5611 πάσῃ
670 5541 787 5608 ὀδῷ
831 5546 939 5596 οὐκ
967 5541 1178 5611 ἀγαθῇ.
1222 5542 1294 5594 Τὸ
1326 5542 1528 5594 ἄϋπνον
1560 5542 1735 5595 αὐτῶν

228 5634 433 5688 I"Luc.
489 5651 641 5698 mu,
694 5634 779 5687 l8.
856 5633 1108 5687 "Matth.
1146 5633 1396 5699 “11,16.

1851 4634 2184 4697 considerat,
2226 4634 2370 4702 quod
2409 4634 2615 4687 scilicet
2665 4633 2807 4689 Deus
2852 4643 3131 4705 peccatum
3166 4635 3283 4703 ejus
3315 4637 3408 4690 de-

1844 4725 2158 4794 prehendat,
2189 4735 2349 4793 atque
2374 4739 2439 4779 eo
2468 4724 2804 4795 deprehenso
2831 4736 2883 4779 ot
2906 4734 3182 4794 peceatum
3210 4734 3261 4778 et
3285 4741 3409 4793 pec-

1843 4826 2078 4869 mtorem
2117 4814 2242 4867 odio
2273 4815 2485 4870 habeat.

1911 4910 1961 4961 5.
2020 4906 2184 4960 Verba
2221 4908 2327 4959 oris
2368 4909 2479 4977 ejus
2520 4910 2775 4979 iniquitas
2811 4922 2858 4964 et
2895 4910 3066 4963 dolus.
3119 4909 3403 4979 Iniquitas.

1844 5007 2057 5067 propter
2107 4999 2317 5051 oblatas
2367 4998 2586 5053 Christo
2639 5003 3035 5061 contumelias;
3099 5002 3252 5055 dolus
3310 5020 3406 5055 au-

1842 5101 1968 5155 tem,
2026 5105 2147 5143 cum
2198 5090 2439 5145 volentes
2488 5092 2636 5144 illum
2688 5092 2919 5156 irretire,
2979 5092 3191 5147 blandis
3253 5094 3401 5146 illum

1840 5181 2185 5236 sermonibus
2215 5183 2632 5251 compellabant.
2670 5182 2857 5238 Noluit
2883 5185 3170 5254 intelligere
3195 5195 3250 5239 ut
3282 5186 3403 5238 bene

1844 5285 2034 5343 ageret.
2096 5271 2313 5337 Libens,
2368 5275 2562 5343 inquit,
2611 5292 2729 5330 sese
2779 5292 2807 5329 a
2853 5277 2995 5330 bono
3041 5292 3202 5344 opere
3243 5278 3399 5330 cohi-

1841 5364 1974 5417 ltuit.

1908 5456 1959 5509 4.
1998 5454 2337 5524 lniquitatem
2366 5456 2648 5509 meditatus
2680 5469 2752 5510 est
2787 5458 2841 5509 in
2868 5458 3028 5509 cubili
3066 5474 3161 5511 suo
3196 5474 3213 5511 :
3265 5459 3399 5511 asti-

1840 5546 1900 5597 tit
1931 5547 2072 5598 omni
2107 5548 2203 5599 vita
2235 5562 2335 5597 non
2368 5546 2534 5600 boum.
2570 5546 2767 5618 Vigiles
2798 5559 2851 5601 et
2902 5549 3179 5603 insomnes
3212 5562 3397 5603 nortes

230 5730 244 5781 ί
259 5724 342 5801 10)
382 5724 868 5801 Haginﬁmbros.
899 5726 1253 5801 adnotantur.
1278 5743 1397 5801 qua:
1428 5728 1491 5781 ad
1526 5744 1667 5801 vers.
1698 5730 1729 5781 ι

1860 5738 2004 5782 ctant
2034 5748 2061 5801 :7
2080 5729 2150 5781 Τδ
2176 5731 2375 5783 ἄῦπνον
2412 5731 2587 5782 αὐτῶν
2614 5730 2711 5800 τῆς
2746 5732 2824 5791 εἰς
2855 5728 3083 5801 Χριστὸν
3103 5730 3394 5799 ἑπιὸθιυλῆς

156 5796 435 5864 σημαίνει.
468 5793 747 5863 Signiﬁcat
784 5813 961 5849 eorum
1015 5793 1343 5865 rigilnntiam
1378 5800 1427 5849 in
1464 5798 1714 5865 parandis
1744 5793 1990 5852 udrrrsus
2026 5800 2292 5853 Christum
2322 5801 2548 5853 insidiis.
