4034 6448
638 392 739 448 175

1469 393 1527 448 S.
1570 390 1945 446 ATHANASII
1985 389 2134 445 OPP.
2173 388 2352 444 PARS
2393 387 2478 441 lll.
2516 421 2584 430 —
2622 388 3029 445 EXEGETICA.

3745 397 3848 450 176

636 521 823 563 eorum
853 506 944 576 qul
967 505 1182 560 Christo
1212 505 1433 559 insidias
1461 509 1722 575 parabant
1745 508 2031 576 signilicat.
2067 507 2183 560 Ma-

2286 506 2381 574 τῆς
2426 506 2503 567 είς
2547 504 2778 574 Χριστὸν
2812 503 3101 574 ἐπιϐουλῆς
3130 505 3402 574 σημαίνει.
3435 507 3623 574 Κακία
3671 507 3738 561 δὲ
3785 510 3838 562 oi

635 601 808 653 titiam
858 609 1030 650 autem
1075 614 1173 649 non
1221 599 1400 651 adivit.
1453 598 1529 652 Ac
1587 599 1633 654 si
1668 599 1888 663 diceret,
1927 598 2187 651 malitiam

637 704 741 742 11011
777 696 1055 741 aversatus
1092 697 1194 740 εει.

705 781 756 836 5.
799 780 1036 844 Domine,
1069 781 1121 833 in
1146 781 1272 834 caalo
1297 781 1657 835 misericordia
1698 794 1808 836 tua.
1843 782 2090 838 Dcclarat
2123 799 2187 837 ex

634 872 1002 927 misericordia
1037 873 1155 942 ejus
1182 873 1444 936 coelestia,
1475 874 1527 928 id
1572 884 1654 928 est
1696 875 2047 929 rationabiles
2096 891 2187 944 po-

634 971 852 1017 testates
883 964 1199 1018 consistere.
1235 962 1302 1015 Et
1334 965 1521 1018 veritas
1561 975 1650 1018 tua
1683 981 1842 1035 usque
1874 967 1942 1018 ad
1973 966 2151 1020 nubes.

701 1136 752 1190 6.
777 1137 995 1190 Justitia
1025 1146 1114 1190 tua
1142 1139 1279 1191 sicut
1310 1148 1506 1191 montes
1533 1137 1646 1191 Dci.
1678 1136 1866 1202 Veras,
1906 1137 2102 1206 inquit,
2137 1147 2188 1190 et

632 1227 814 1282 tlrmas
852 1244 968 1282 esse
1003 1230 1384 1297 prophetarum
1427 1230 1818 1299 promissioncs
1878 1229 2184 1284 ostendisti.

631 1315 809 1371 Nubes
839 1319 981 1370 enim
1013 1329 1136 1372 sunt
1166 1319 1439 1387 prOphette
1464 1338 1474 1371 :
1503 1336 1655 1373 veras
1681 1329 1858 1373 autem
1887 1335 1979 1374 cas
2008 1329 2184 1373 osten-

631 1409 777 1472 disti,
834 1418 1040 1464 tantam
1075 1412 1338 1466 exhibens
1374 1412 1477 1464 vim
1524 1411 1764 1481 justitize,
1803 1423 1862 1466 ut
1913 1414 2187 1467 montibus

633 1501 724 1555 Dei
755 1503 1055 1571 comparari
1102 1503 1288 1572 possit.
1340 1501 1552 1556 Iudicia
1591 1515 1679 1556 tua
1729 1505 1942 1573 abyssus
1996 1505 2182 1557 multa.

631 1593 764 1647 Cum
801 1604 945 1650 tanta
996 1599 1196 1652 veritas
1241 1608 1401 1667 atque
1444 1600 1650 1668 justitia
1684 1600 1809 1654 insit
1842 1600 1960 1662 tibi,
1996 1599 2186 1667 ignoro

629 1700 749 1753 quae.
789 1701 954 1740 causa
1003 1686 1068 1741 sit
1116 1688 1257 1756 quod
1312 1689 1495 1742 tandiu
1554 1689 1768 1742 toleres.
1802 1687 1934 1742 Nam
1982 1688 2183 1757 judicia

629 1783 720 1828 tua
752 1774 1189 1847 inaspectabilem
1218 1779 1398 1849 abyssi
1430 1777 1850 1848 profunditatem
1880 1780 2182 1832 imitantur.

2291 596 2740 664 πρεσώχθησεν.
2761 596 2904 648 Ἀντί
2933 595 3048 658 τοῦ,
3077 595 3173 666 τὴν
3201 597 3397 649 κακίαν
3430 598 3528 650 οῦκ
3567 599 3817 670 ἐμίσησε.

2360 775 2554 841 Κύριε,
2593 776 2662 827 ἐν
2698 773 2777 840 τῷ
2817 774 3047 842 οίιρανῴ
3082 774 3146 827 τὸ
3173 776 3342 839 ἔλεός
3381 789 3517 827 σου.
3558 773 3840 826 Δείκνυσιν

2289 865 2361 927 ib;
2389 865 2465 934 τῷ
2499 865 2660 918 αὐτοῦ
2693 866 2831 917 ἐλέει
2869 866 2962 918 καὶ
2994 865 3064 918 τὰ
3109 867 3338 935 οὐράνια
3365 866 3679 934 συνέστηκε,
3703 882 3831 918 τουτ

2290 955 2433 1009 ἐστιν
2467 958 2520 1008 αἱ
2568 957 2781 1024 λογικαὶ
2821 957 3094 1027 δυνάμεις.
3122 957 3231 1009 Καὶ
3261 958 3297 1025 ἡ
3333 957 3582 1025 ἀλήθειά
3608 974 3725 1012 σου
3753 959 3866 1026 ἕως

2289 1043 2406 1096 τῶν
2437 1045 2727 1112 νεφελῶν.

2370 1137 2429 1190 Ἠ
2458 1137 2807 1203 δικαιοσύνη
2833 1152 2948 1190 σου
2975 1137 3054 1202 ὡς
3079 1136 3182 1204 ὅρη
3219 1138 3386 1192 Θεοῦ.
3408 1140 3671 1211 Ἀληθεὶςε
3705 1141 3863 1212 φησὶ,

2289 1228 2382 1280 καὶ
2417 1227 2760 1300 βεϐαίας-τὰς
2787 1227 2872 1280 διὰ
2901 1227 3007 1280 τῶν
3042 1229 3332 1299 προφητῶν
3367 1231 3697 1300 ἐπαγγελίας
3720 1233 3865 1285 ἔδει-

2288 1315 2412 1380 ξας’
2467 1296 2684 1384 νεφέλαι
2727 1317 2835 1387 γὰρ
2884 1318 2931 1368 οἱ
2982 1317 3530 1389 προφῆται.Ἐδειξας
3571 1321 3624 1374 δὲ
3656 1321 3867 1384 ταύτας

2288 1408 2545 1478 ἀληθεῖς,
2598 1406 2798 1478 πλῆθος
2829 1408 3173 1478 δικαιοσύνης
3223 1413 3533 1482 χορηγήσας
3584 1414 3862 1476 τοσοῦτον,

2286 1498 2362 1562 ώς
2419 1499 2568 1568 ὄρεσι
2637 1499 3079 1570 παραϐάλλεσθαι
3122 1499 3281 1554 Θεοῦ.
3333 1503 3407 1555 Τὰ
3451 1501 3704 1571 κρίματὰ
3747 1521 3869 1556 σου

2286 1591 2556 1656 ἄϐυσσος
2608 1589 2826 1657 πολλή.
2859 1591 3139 1661 Τοσαύτην
3177 1591 3233 1643 δὲ
3282 1591 3421 1662 ἔχων
3465 1593 3721 1663 ἀλήθειαν
3772 1595 3870 1647 καὶ

2285 1680 2646 1750 δικαιοσύνην,
2675 1681 2817 1746 τίνος
2837 1682 3024 1736 ἕνεκεν
3051 1682 3422 1754 μακροθυμείς
3448 1684 3624 1751 ἁγνοῶ
3644 1703 3656 1714 ·
3682 1684 3744 1738 τὸ
3767 1688 3867 1756 τῆς

2287 1773 2523 1825 ἀϐύσσου
2571 1772 2678 1843 γὰρ
2725 1773 3034 1844 ἀθεώρητον
3071 1776 3316 1844 μιμεῖταί
3353 1792 3446 1828 σου
3475 1775 3541 1828 τά
3579 1777 3862 1848 κρίματα*

625 1867 758 1924 Nam
793 1870 934 1923 sicut
984 1870 1103 1938 ejus
1145 1869 1481 1939 profunditas
1527 1872 1594 1925 ab
1638 1873 1950 1926 hominibus
1981 1871 2181 1941 percipi

2284 1863 2533 1935 καθάπερ
2562 1865 2672 1935 γὰρ
2695 1865 2908 1935 ἐκείνης
2939 1865 3246 1936 ἀνθρώποις
3273 1866 3583 1939 ἀθεώρητος
3620 1872 3648 1922 6
3679 1869 3866 1938 βυθὸς,

624 1958 829 2026 nequit,
866 1958 936 2012 ita
967 1958 1300 2027 judiciorum
1348 1969 1564 2014 tuorum
1607 1961 1863 2030 cogitatio
1905 1970 2057 2014 extra
2090 1975 2182 2015 ca-

625 2061 772 2116 ptum
799 2049 1034 2104 hominis
1061 2060 1169 2104 est.

693 2139 741 2190 7.
790 2139 1036 2193 "omines
1077 2151 1124 2194 et
1146 2141 1387 2209 jumenta
1446 2142 1698 2208 salvebis,
1739 2142 1978 2197 Domine.
2023 2143 2184 2197 Post—

623 2242 785 2297 quam
818 2228 882 2282 de
914 2228 1126 2283 duobus
1152 2229 1366 2300 populis
1393 2231 1506 2285 hinc
1534 2232 1828 2300 Apostolus
1850 2233 2077 2286 dixisset
2097 2232 2176 2286 ’ἐ

624 2315 888 2369 Conclusit
923 2317 1174 2371 Dominus
1209 2335 1382 2372 omnes
1412 2320 1464 2373 in
1496 2321 1886 2388 incredulitate,
1914 2330 1969 2373 ut
2005 2337 2180 2374 omnes

622 2407 788 2459 salvos
819 2407 1032 2472 faceret,
1063 2408 1344 2476 subjunxit
1371 2428 1382 2462 :
1426 2411 1598 2475 Quam
1637 2413 2182 2480 incomprehensibilia

623 2505 742 2548 sunt
761 2497 966 2563 judicia
998 2509 1087 2551 tua
1113 2499 1132 2550 ί
1157 2498 1345 2553 Simile
1375 2501 1461 2552 hic
1495 2503 1720 2554 habetur
1747 2521 1759 2554 :
1791 2518 1912 2554 nam
1948 2505 2179 2556 duorum

622 2588 968 2657 populorum,
1002 2591 1094 2658 qui
1124 2591 1285 2643 etiam
1323 2605 1418 2659 per
1453 2591 1702 2646 homines
1739 2602 1791 2645 et
1830 2593 2076 2660 jumenta
2109 2596 2180 2646 si-

621 2680 965 2749 gniﬁcantur,
1001 2682 1229 2735 salutem
1257 2692 1610 2737 enarraturus
1649 2703 1661 2736 :
1707 2684 1985 2738 hominum
2035 2686 2181 2739 scili-

622 2780 705 2825 cet
736 2770 1099 2826 lsraelitarum
1134 2775 1226 2843 qui
1260 2774 1490 2829 instituti
1547 2775 1598 2828 in
1633 2777 1747 2846 lege
1778 2785 1925 2843 sunt,
1960 2785 2013 2831 ct
2043 2793 2179 2847 prae-

622 2866 882 2919 stantiora
931 2867 1204 2933 cogitant:
1256 2867 1631 2936 jumentorum
1676 2878 1853 2921 autem
1883 2907 1898 2930 ,
1939 2870 2175 2937 gentium

622 2969 828 3021 nempe.
863 2963 1046 3024 utpote
1083 2956 1604 3010 irrationabiliorum
1636 2975 1650 3021 ;
1685 2956 1852 3011 Judaei
1886 2959 2028 3011 enim
2067 2977 2178 3029 my—

620 3044 842 3099 sterium
872 3060 965 3113 per
1016 3045 1160 3115 leges
1194 3057 1247 3101 et
1281 3050 1570 3117 prophetas
1610 3049 1785 3102 edocti
1829 3049 2173 3114 exciderunt,

621 3143 802 3200 gentes
836 3150 959 3189 vero
991 3151 1109 3204 qua:
1145 3152 1420 3207 nunquam
1459 3139 1589 3193 illud
1636 3140 1926 3193 audierant
1959 3155 2176 3194 assum-

2284 1951 2454 2015 οὕτως
2477 1952 2761 2020 ἀνέφικτος
2788 1953 2895 2006 τῶν
2922 1953 3027 2006 σῶν
3057 1955 3338 2026 χριμάτων
3367 1957 3717 2028 κατανόησις.

2365 2130 2726 2198 Ἅνθρώπους
2757 2131 2855 2186 καί
2893 2132 3082 2201 κτήνη
3106 2137 3346 2200 σώσεις,
3367 2137 3560 2204 Κύριε.
3591 2137 3727 2208 Περὶ
3755 2137 3869 2191 τῶν

2282 2222 2374 2274 δύο
2419 2222 2561 2274 λαῶν
2611 2223 2845 2293 εἰρηκὼς
2894 2225 2921 2276 6
2968 2223 3320 2290 ’Λπὸστολος,
3373 2225 3779 2281 Συνέκλεισεν
3833 2232 3866 2282 ό

2285 2311 2428 2376 Θεὸς
2456 2311 2596 2376 τοὺς
2629 2312 2858 2378 πάντας
2879 2315 2965 2376 εὶς
2992 2315 3318 2378 ἀπείθειαν,
3350 2317 3450 2369 ἵνα
3471 2315 3611 2381 τοὺς
3632 2316 3864 2381 πάντα(

2281 2405 2473 2470 σώσῃ,
2523 2405 2836 2474 ἐπήγαγενο
2880 2405 2972 2470 Ὠς
3017 2406 3452 2474 ἀνεξερεύνητα
3495 2409 3567 2460 τὰ
3609 2408 3866 2475 κρίματα

2281 2490 2464 2549 αὑτοῦ
2483 2495 2503 2547 .'
2530 2497 2637 2547 Kal.
2675 2495 2910 2549 ἐνταῦθα
2937 2496 3120 2565 ὅμοιόν
3143 2497 3292 2549 ἐστιν
3312 2513 3325 2527 ο
3358 2497 3543 2566 ἐπειδὴ
3572 2497 3681 2567 γάρ
3706 2497 3865 2568 ἐμελ-

2280 2584 2339 2636 λε
2377 2585 2607 2637 τῶνδύο
2636 2586 2782 2638 λαῶν
2812 2586 2909 2656 τὴν
2946 2587 3218 2658 σωτηρίαν
3246 2586 3630 2658 διηγήσασθαι,
3673 2589 3723 2641 οἳ
3768 2590 3866 2642 καὶ

2282 2676 2634 2745 σημαίνονται
2665 2677 2750 2730 διὰ
2778 2678 2885 2729 τῶν
2908 2678 3210 2749 ἀνθρώπων
3241 2681 3335 2732 καὶ
3363 2680 3470 2731 τῶν
3497 2680 3710 2750 κτηνῶν
3733 2698 3746 2711 ·
3775 2683 3866 2734 ἁνο

2280 2767 2511 2837 θρώπων
2565 2771 2664 2840 μὲν
2714 2770 2821 2822 τῶν
2875 2769 2934 2834 ἐξ
2971 2771 3186 2842 Ἰσραὴλ
3222 2773 3296 2835 ὡς
3329 2773 3753 2844 κατηχουμένων
3797 2777 3866 2827 ἐκ

2277 2858 2369 2910 τοῦ
2406 2860 2589 2929 νόμου,
2618 2861 2710 2913 καὶ
2742 2860 3002 2915 νοούντων
3051 2861 3117 2914 τά
3163 2862 3488 2932 διαφέροντα
3510 2881 3523 2894 ·
3559 2863 3776 2933 κτηνῶν
3805 2865 3866 2919 δὲ

2277 2949 2352 3012 ὼς
2384 2950 2738 3019 ἀλογωτέρων
2767 2951 2873 3004 τῶν
2915 2953 2972 3019 ἐξ
3020 2952 3189 3008 ἐθνῶν
3213 2969 3227 2983 ⁶
3259 2953 3640 3018 παιδευθέντες
3677 2954 3786 3026 γάρ
3813 2957 3866 3008 ol.

2277 3040 2336 3103 ἐξ
2373 3041 2637 3094 Ἰουδαίων
2666 3041 2725 3093 τὸ
2761 3043 3058 3114 μυστήριον
3090 3043 3177 3098 διὰ
3215 3044 3379 3114 νόμου
3408 3046 3501 3097 καὶ
3532 3045 3855 3116 προφητῶν,

2278 3129 2563 3195 ἐξέπεσον·
2617 3132 2665 3181 οἱ
2719 3129 2777 3182 δὲ
2809 3131 3074 3182 ὀὐδέποτε
3126 3133 3423 3200 ἀκηκοότες
3472 3134 3520 3185 οί
3574 3134 3634 3197 ἐξ
3684 3133 3864 3186 ἐθνῶν

621 3232 722 3291 ptze
752 3234 915 3289 sunt;
951 3225 1052 3280 hac
1097 3226 1164 3280 de
1196 3243 1360 3282 causa
1403 3239 1560 3285 antea
1612 3231 1788 3284 dixit:
1823 3229 2037 3283 Iudicia
2085 3243 2174 3283 tua

2282 3219 2760 3291 προσελήφθησαν·
2806 3219 2995 3273 τούτου
3043 3221 3202 3293 χάριν
3249 3223 3580 3296 προείρηκεο
3620 3227 3693 3278 Τὰ
3733 3227 3866 3294 κρί-

616 3313 837 3382 abyssus
870 3314 1054 3367 multa.
1086 3313 1324 3368 Rursum
1355 3317 1602 3371 homines
1623 3319 1755 3371 dicit
1781 3334 1874 3372 eos
1897 3322 1987 3387 qui
2019 3321 2177 3371 ratio-

621 3404 850 3456 nabilem
869 3405 1180 3472 dignitatem
1201 3417 1516 3473 servarunt;
1537 3408 1780 3476 jnmenta
1805 3425 1950 3472 vero,
1974 3425 2066 3462 eos
2085 3410 2174 3477 qui

618 3509 804 3549 versus
854 3505 1047 3548 terram
1095 3497 1350 3550 deorsum
1415 3499 1779 3561 inclinantur,
1832 3509 1886 3552 et
1949 3499 2175 3552 terrenis

620 3601 914 3655 pascuntur
948 3587 1216 3657 cogitatis.
1245 3588 1361 3642 Non
1412 3592 1586 3644 solum
1619 3593 1799 3660 itaque
1833 3591 2032 3661 justos,
2082 3591 2173 3646 sed

618 3679 777 3730 etiam
811 3689 1119 3746 peccatores
1153 3681 1219 3732 ad
1250 3682 1479 3735 salutem
1513 3683 1743 3734 vocavit.

687 3769 740 3822 8.
776 3767 907 3821 Filii
943 3779 1115 3822 autem
1164 3770 1428 3822 hominum
1473 3771 1527 3822 in
1560 3773 1778 3840 tegmine
1808 3773 2016 3824 alarum
2053 3781 2172 3824 tua-

617 3877 730 3914 rum
759 3863 1055 3929 sperabunt.
1089 3861 1141 3916 ιιι
1175 3873 1278 3927 est,
1307 3875 1355 3918 te
1386 3873 1740 3933 protectorem
1767 3865 2173 3933 adjutoremquc

614 3953 905 4021 evangelici
941 3955 1088 4007 νιπὺί
1121 3956 1464 4009 obtinebunt.

685 4043 738 4104 9,
773 4044 855 4095 10.
891 4041 1301 4097 Inebriabuntur
1344 4046 1406 4097 ab
1457 4046 1690 4099 ubertate
1719 4048 1901 4100 domus
1953 4059 2073 4113 tum,
2122 4057 2171 4099 et

618 4143 839 4186 torrente
879 4134 1157 4201 voluptatis
1185 4144 1288 4187 tum
1309 4137 1516 4205 potabis
1540 4153 1646 4198 eos,
1678 4148 1780 4190 etc.
1812 4135 2044 4192 Torrens
2076 4155 2170 4192 v0-

615 4225 833 4294 luptatis
891 4225 1140 4282 Christus
1191 4239 1293 4292 est,
1334 4230 1484 4298 juxta
1542 4230 1683 4298 quod
1730 4230 1932 4284 dictum
1984 4232 2164 4284 est”:

615 4316 892 4369 Declinabo
928 4334 1079 4384 super
1112 4337 1195 4373 cas
1224 4323 1375 4389 quasi
1419 4331 1617 4375 torrens
1655 4323 1916 4376 inundans
1943 4323 2166 4392 gloriam

612 4408 857 4475 gentium.
878 4405 971 4458 Est
993 4419 1168 4461 autem
1198 4421 1251 4463 et
1274 4411 1394 4465 fons
1411 4414 1530 4465 vita:
1561 4423 1613 4466 et
1641 4414 1819 4468 lumen
1841 4415 1906 4467 de
1939 4415 2162 4468 lumine.

689 4495 767 4548 l2.
819 4497 936 4552 Non
975 4500 1142 4552 venint
1194 4500 1320 4553 ini/ti
1349 4518 1435 4570 pes
1469 4504 1744 4570 superbire.
1792 4503 1965 4574 Rogat
2015 4506 2160 4558 nulla
2199 4531 2242 4585 ο

613 4590 811 4642 moveri
843 4606 900 4644 se
932 4592 1202 4659 passione.
1257 4591 1322 4647 Et
1363 4612 1546 4647 manus
1587 4599 1875 4662 peccatoris
1907 4615 2008 4650 non
2059 4615 2167 4649 mo-

611 4691 722 4731 teat
751 4697 846 4734 me.
894 4682 1074 4752 Neque
1111 4700 1217 4749 me,
1254 4685 1448 4756 inquit,
1486 4703 1706 4754 pravum
1749 4687 1958 4742 facinus
2001 4705 2167 4760 prope

611 4779 661 4822 te
692 4779 916 4824 stantem
947 4774 1240 4826 dimoveat.

855 4951 904 5004 1.
942 4950 1278 5010 PSALML'S
1325 4957 1423 5024 ipsi
1451 4957 1638 5011 David.
1684 4958 1952 5013 XXXVI.

1203 5050 1594 5116 Argumentum.

609 5130 915 5188 Doctrinam
945 5137 1031 5191 hic
1065 5139 1306 5206 psalmus
1337 5141 1712 5208 complectitur
1735 5185 1749 5208 ,
1777 5143 2160 5199 abstinentiam

677 5239 706 5277 a
739 5227 892 5280 ma'lis
915 5268 929 5290 ,
959 5229 1333 5299 bonorumque
1361 5233 1596 5284 studium
1633 5250 1772 5288 novo
1803 5236 2002 5304 popqu
2034 5253 2161 5305 prae-

676 5320 905 5374 dicans:
943 5331 1167 5389 utroque
1207 5323 1271 5376 ad
1307 5325 1640 5378 suadendum
1679 5343 1845 5392 usus,
1875 5345 1969 5397 spe
2008 5331 2159 5384 scili-

673 5419 753 5463 cet
784 5413 1125 5479 przemiorum
1168 5416 1338 5470 bonos
1369 5418 1761 5485 spectantium,
1802 5429 1856 5473 et
1898 5422 2159 5488 supplicio

675 5502 830 5554 malis
859 5514 1147 5560 reservato.

673 5592 725 5644 2.
762 5589 886 5644 Noli
924 5595 1164 5647 teniulari
1193 5598 1243 5649 in
1277 5597 1686 5667 malignantibus
1709 5640 1724 5663 ,
1761 5618 1920 5672 neque
1957 5605 2153 5660 zelare-

673 5773 714 5802 “
743 5771 894 5827 Rom.
929 5789 1002 5839 ιι,
1035 5777 1218 5831 31-35.
1294 5780 1462 5834 “lsa.
1496 5796 1640 5844 Lxrt,
1680 5782 1766 5836 12.

2272 3311 2428 3381 ματιί
2451 3329 2565 3367 σου
2591 3313 2860 3380 ἄϐυσσος
2885 3316 3106 3380 πολλή.
3126 3316 3245 3369 Ἀνθ
3256 3318 3470 3388 ρώπους
3495 3319 3640 3387 λέγει
3665 3320 3856 3382 πάλιν,

2276 3406 2400 3466 τοὺς
2427 3404 2525 3474 τὴν
2550 3404 2777 3474 λογικὴν
2808 3406 2961 3469 ἀξίαν
2996 3407 3360 3472 φυλάττοντας
3381 3427 3392 3438 ·
3428 3412 3598 3480 κτήνη
3624 3412 3703 3474 δὲ,
3732 3413 3862 3477 τοὺς

2277 3495 2354 3557 είς
2368 3495 2471 3564 γῆν
2489 3495 2638 3547 κάτω
2656 3495 2928 3560 νεύοντας,
2954 3497 3045 3549 καὶ
3070 3497 3139 3550 τὰ
3161 3499 3322 3569 γήϊνα
3345 3498 3707 3569 βοσκομενους
3725 3519 3853 3572 φρο-

2275 3587 2506 3657 νήματα.
2535 3586 2610 3640 Οὐ
2637 3587 2796 3657 μόνον
2818 3584 2908 3640 οὖν
2931 3588 3193 3653 δικαίους,
3222 3589 3357 3643 ἀλλά
3379 3591 3471 3643 καὶ
3495 3592 3861 3662 ἁμαρτωλοὺς

2275 3681 2356 3740 είς
2386 3678 2657 3747 σωτηρίαν
2689 3679 2964 3731 ἐκάλεσεν.

2347 3772 2410 3822 Ol
2441 3769 2509 3822 δὲ
2537 3769 2652 3823 υἱοὶ
2676 3769 2794 3822 τῶν
2818 3770 3140 3836 ἀνθρώπων
3164 3771 3233 3823 ἐν
3264 3772 3464 3841 σκέπῃ
3498 3773 3614 3828 τῶν
3643 3780 3860 3846 πτερύ-

2273 3877 2392 3927 γων
2418 3875 2534 3913 σου
2567 3859 2868 3914 ὲλπιοῦσι.
2891 3861 3168 3922 Τουτέστι,
3199 3863 3511 3932 σκεπαστὴν
3535 3865 3629 3916 καὶ
3659 3864 3860 3937 βοηθόν

2275 3967 2333 4002 σε
2365 3951 2540 4015 ἕξουσι
2575 3951 2669 4002 τοῦ
2701 3950 3058 4018 εὐαγγελικοῦ
3095 3951 3276 4019 λόγου,
3307 3952 3492 4023 φησίν.

2342 4043 2833 4108 Μεθυσθήσονται
2866 4043 2982 4096 ἀπὸ
3031 4045 3310 4110 πιότητος
3359 4045 3528 4098 οἴκου
3571 4061 3711 4110 σου,
3749 4049 3854 4101 καὶ

2271 4132 2376 4186 τὸν
2405 4133 2764 4202 χειμάρῤουν
2797 4133 2908 4200 τῆς
2947 4133 3178 4202 τρυφῆς
3206 4151 3320 4187 σου
3351 4135 3574 4199 ποτιεῙς
3606 4139 3856 4204 αὐτούς.

2271 4224 2614 4295 Χειμάρῥους
2641 4227 2851 4295 τρυφῆς
2877 4225 3023 4277 ἐστιν
3053 4226 3081 4276 6
3111 4224 3341 4295 Χριστὸς
3376 4227 3515 4279 κατά
3537 4227 3597 4279 τὸ
3623 4228 3855 4298 εἰρημέ-

2269 4331 2356 4366 νον
2378 4332 2389 4343 ·
2434 4316 2717 4368 Ἐκκλίνω
2755 4316 2847 4367 ἐπ’
2871 4317 3090 4382 αὐτοὺς
3117 4318 3194 4383 ὡς
3231 4318 3586 4387 χειμάρῤους
3608 4320 3854 4376 ἐπικλύ-

2270 4404 2378 4463 ζων
2409 4404 2594 4469 δόξαν
2614 4405 2986 4460 ἐθνῶν.Ἐστι
3011 4408 3066 4459 δὲ
3097 4408 3189 4461 καὶ
3221 4409 3370 4481 πηγὴ
3406 4409 3550 4481 ζωῆς
3597 4411 3690 4464 καὶ
3736 4413 3857 4482 φῶς

2271 4494 2334 4544 ἐκ
2363 4495 2555 4558 φωτός.

2340 4589 2396 4638 Μ
2403 4584 2434 4651 ἡ
2466 4584 2680 4638 ἐλθέτω
2703 4602 2800 4654 μοι
2829 4585 2981 4651 ποῦς
3006 4588 3598 4657 ὺπερηφανίαςῙΕξω
3620 4591 3714 4644 τοῦ
3747 4595 3854 4646 τά·

2268 4674 2391 4738 θους
2430 4675 2568 4738 ἀξιοῖ
2594 4675 2865 4743 γενέσθαι.
2908 4677 3013 4730 Καὶ
3048 4680 3177 4746 χεὶρ
3219 4679 3567 4747 ἁμαρτωλοῦ
3603 4681 3690 4752 μὴ
3732 4699 3849 4737 σα-

2264 4767 2476 4818 λεύσιιι
2505 4783 2602 4834 με.
2629 4767 2780 4834 Μηδὲ
2821 4771 3239 4838 μετακινησάτω
3266 4788 3354 4841 με,
3388 4773 3541 4842 φησὶ,
3566 4773 3667 4843 τῆς
3696 4776 3851 4845 παρά

2268 4857 2349 4909 σοὶ
2376 4859 2614 4920 στάσεως
2651 4859 2849 4929 πρᾶξις
2875 4861 3095 4921 ἄτοπος.

2657 4953 2964 5004 ΨΑΛΜΟΣ
2997 4952 3075 5016 τῷ
3104 4952 3300 5008 Δαυΐδ.
3334 4956 3488 5020 Λσν.

2885 5042 2898 5060 ⁹
2911 5044 3217 5108 Υπόθεσις.

2264 5132 2619 5186 Διδασκαλίαν
2649 5132 2892 5202 περιέχει
2915 5136 2942 5185 6
2965 5133 3199 5202 ψαλμὸς.
3231 5135 3619 5206 εἰσηγούμενος
3633 5137 3713 5207 τῷ
3738 5140 3846 5210 νέῳ

2333 5221 2444 5291 λαῷ
2488 5223 2693 5292 ἀποχὴν
2723 5224 2818 5292 μὲν
2840 5224 2948 5275 τῶν
2981 5225 3252 5296 πονηρῶν,
3284 5228 3624 5298 ἐπιτήδευσιν
3645 5230 3702 5282 δὲ
3733 5231 3844 5284 τῶν

2333 5312 2579 5380 ἀγαθῶν·
2609 5315 2665 5378 ἐξ
2699 5315 2971 5385 ἑκατέρων
2995 5315 3196 5367 πείθων
3216 5361 3228 5375 ,
3257 5316 3319 5369 ἐκ
3351 5334 3408 5369 τε
3436 5317 3534 5386 τῆς
3563 5322 3674 5381 τοῖς
3705 5322 3844 5388 ἀγα-

2332 5405 2441 5466 θοίς
2475 5406 2915 5475 ηὑτρεπισμένης
2949 5406 3158 5469 ἐλπίδος
3178 5448 3192 5469 ,
3225 5408 3287 5461 ἐκ
3314 5425 3372 5460 τε
3402 5409 3501 5478 τῆς
3533 5412 3644 5472 τοῖς
3674 5428 3840 5479 πονη-

2334 5500 2446 5567 ροῖς
2465 5498 2829 5567 ἀποκειμένης
2858 5498 3148 5559 κολάσεως.

2329 5592 2385 5642 Μ
2393 5589 2424 5656 ὶι
2452 5588 2792 5658 παραζιξλου
2824 5591 2892 5642 ἑν
2916 5589 3436 5659 ποιηρευομένοις,
3470 5589 3625 5660 μηδὲ
3651 5591 3832 5659 ζῆλον
