4034 6446
157 417 253 470 ΓΠ

1198 411 1558 465 EXPOSITIO
1600 409 1661 463 IN
1693 409 2022 465 PSALMUM
2059 408 2296 463 XXXVI.

3276 402 3376 459 ΠΒ

153 529 290 595 τοὺς
311 528 629 593 ποιοῦντας
652 527 764 595 τὴν
790 528 1061 596 ἀνομίαν.
1094 528 1355 596 Παραινεί
1381 525 1599 594 φεύγειν
1623 526 1720 596 τὴν

1843 527 1894 578 'is
1924 527 2169 590 facientes
2202 523 2549 592 iniquitatem.
2579 519 2840 574 Malitiam
2868 517 3050 589 fugere
3081 518 3331 574 hortatur
3363 539 3377 572 :

154 640 285 692 πονη
297 622 416 691 ρίαν
428 645 450 682 -,
481 620 554 682 ὡς
585 620 854 673 ἔκπτωσιν
882 614 1018 672 εἶναι
1061 618 1258 681 παντὸς
1285 617 1492 684 ἀγαθοῦ
1521 617 1721 687 ταύτης

155 713 489 783 ὑπογράφων
523 711 582 763 τὸ
605 711 775 773 τέλος.

221 806 330 857 Καὶ
366 797 750 870 κατασκήνου
781 802 895 869 τὴν
920 801 1053 872 γῆν,
1081 800 1178 854 καὶ
1218 800 1597 868 ποιμανθήσῃ
1627 798 1724 850 ἐπὶ

152 894 230 959 τῷ
264 895 508 957 πλούτῳ
539 892 748 960 αὐτῆς.
782 893 890 962 Γῆν
919 892 1063 959 λέγει
1086 892 1182 961 τὴν
1207 890 1562 943 θεόπνευστον
1589 889 1726 959 Γρα-

156 986 257 1053 φὴν
278 1023 292 1046 ,
330 985 388 1035 ὲν
490 984 518 1034 ὀ
548 982 773 1044 πλοῦτος
802 981 909 1032 τῶν
934 981 1102 1048 ἁγίων
1120 1022 1132 1044 ,
1168 981 1438 1032 τουτέστιν
1466 981 1518 1032 αἱ
1557 982 1724 1046 ἐπαγ-

153 1075 348 1143 γελίαι.
424 1075 686 1143 Παραινεί
733 1073 1020 1135 διαπαντὸς
1055 1072 1159 1124 τῶν
1193 1072 1350 1125 θείων
1397 1070 1727 1142 προσχέσθαι

153 1165 372 1234 λογίων,
408 1164 566 1233 ἔρωτι
602 1164 710 1217 τῶν
740 1167 798 1216 έν
815 1164 997 1226 αὐτοῖς
1011 1164 1386 1233 ἀποκειμένων
1412 1166 1525 1226 τοῖς
1555 1161 1726 1231 ἁγίοις

153 1259 396 1327 ἀγαθῶν.

237 1349 661 1417 Ἀποκάλυψον
706 1347 854 1414 πρὸς
901 1349 1121 1415 Κύριον
1154 1348 1266 1415 τὴν
1293 1347 1436 1401 ὀδόν
1459 1363 1593 1408 σου,
1629 1347 1727 1400 καὶ

155 1441 417 1494 ἓλπισον
438 1439 529 1491 ἐπ’
554 1439 756 1502 αὑτὸν,
781 1437 878 1491 καὶ
905 1438 1084 1503 αὐτὸς
1107 1437 1365 1505 ποιήσει.
1393 1438 1550 1508 "Ben,
1574 1437 1728 1506 φησι,

157 1531 408 1601 φανερῶς
437 1529 533 1600 τὴν
566 1529 900 1599 ἀρέσκουσαν
935 1529 1081 1598 αὐτῷ
1115 1529 1345 1599 βαδίζων
1377 1528 1512 1581 ὁδόν.

225 1619 335 1672 Kal
362 1617 584 1680 ἐξοίσει
616 1618 694 1682 ὠς
719 1617 841 1685 φῶς
870 1617 983 1685 τὴν
1008 1618 1405 1685 δικαιοσύνην
1435 1636 1568 1671 σου.
1625 1618 1730 1688 Δῆ-

155 1711 246 1761 λον
275 1709 385 1779 γάρ
425 1709 594 1770 ἐστιν,
623 1709 702 1760 ὅτι
729 1710 785 1760 ὲν
809 1708 886 1778 τῷ
920 1709 1162 1778 μέλλοντι
1191 1709 1382 1774 αἰῶνι,
1415 1709 1489 1770 ὡς
1518 1708 1680 1771 αὐτὸς
1704 1708 1732 1759 ὁ

1825 620 2024 673 docens
2049 619 2165 686 ejus
2197 618 2356 669 linem
2379 630 2499 669 esse
2532 615 2740 682 lapsum
2767 613 2833 666 ab
2860 612 3007 666 omni
3038 611 3202 664 hono.

1896 802 1947 852 3.
1993 798 2056 851 Et
2085 799 2322 851 inhabile
2341 806 2556 858 terram,
2582 805 2630 849 ct
2665 794 2894 864 pasceris
2931 794 2984 844 in
3014 792 3212 848 diuitiis
3246 791 3380 860 ejus.

1828 894 2049 946 Terram
2093 891 2222 945 dicit
2265 890 2524 944 divinitus
2555 889 2868 957 inspiratam
2915 883 3248 954 Scripturam
3277 926 3291 949 ,
3328 885 3381 937 in

1826 997 1933 1050 qua
1964 982 2079 1036 sita:
2125 988 2438 1034 sanctorum
2471 979 2690 1044 divitiae,
2742 979 2792 1030 id
2842 986 2925 1031 est
2970 976 3381 1045 promissiones.

1828 1070 2084 1126 Hortatur
2114 1081 2294 1124 autem
2340 1079 2399 1124 ut
2427 1070 2625 1123 divinis
2668 1069 2901 1138 eloquiis
2933 1082 3143 1136 semper
3183 1066 3388 1119 hareao

1829 1179 1972 1228 mus,
2004 1178 2188 1216 amore
2220 1163 2369 1217 ducti
2401 1162 2666 1216 bonorum
2702 1177 2822 1231 qua:
2855 1161 2908 1213 in
2941 1160 3020 1214 eis
3054 1172 3150 1227 pro
3186 1157 3387 1212 sanctis

1829 1263 1954 1307 sunt
1980 1254 2230 1322 reposita.

1900 1344 1950 1397 5.
1978 1343 2164 1396 Revela
2201 1343 2424 1396 Domino
2467 1345 2604 1396 uiam
2651 1353 2794 1395 tuam
2831 1351 2879 1394 et
2921 1357 3072 1410 spera
3117 1343 3168 1392 in
3209 1356 3297 1399 eo.
3339 1348 3387 1392 et

1832 1433 1939 1501 ipse
1975 1434 2155 1501 faciet.
2189 1432 2370 1485 Palam
2399 1474 2411 1496 ,
2444 1434 2650 1501 inquit,
2687 1433 2789 1485 erit
2823 1441 2873 1484 te
2909 1446 3003 1500 per
3032 1441 3307 1501 acceptam
3338 1441 3390 1482 et

1832 1534 2039 1596 gratam
2071 1526 2172 1595 ipsi
2206 1525 2349 1578 viam
2388 1524 2654 1577 incedere.

1902 1618 1953 1668 6.
1997 1613 2062 1667 Et
2092 1613 2272 1667 educet
2299 1613 2450 1681 quasi
2485 1613 2657 1665 lumen
2703 1614 2966 1675 justitiam
3007 1622 3170 1666 tuam.
3221 1609 3392 1664 Mini-

1836 1708 2028 1761 festum
2080 1705 2223 1760 enim
2270 1715 2351 1759 est
2396 1706 2538 1773 quod
2583 1705 2634 1758 in
2679 1705 2862 1759 fututo
2903 1706 3138 1766 saeculo,
3174 1714 3233 1757 ut
3279 1703 3394 1771 ipse

158 1800 362 1870 Κύριος
390 1798 609 1868 εἴρηκεν
631 1837 644 1860 ,
677 1799 758 1849 ὃτι
804 1801 856 1850 οἱ
888 1796 1099 1851 δίκαιοι
1135 1798 1557 1867 ἐκλάμψουσιν
1583 1799 1664 1861 ὡς
1700 1799 1732 1849 o'

1843 1799 2099 1853 Dominus
2129 1799 2256 1852 dicit
2283 1797 2351 1861 “,
2388 1798 2526 1866 justi
2560 1798 2823 1868 fulgebunt
2860 1798 2994 1849 sicut
3036 1795 3133 1849 sol.
3186 1793 3390 1847 Lumen

157 1893 354 1959 ἣλιος.
386 1890 503 1953 Φῶς
531 1890 586 1943 δὲ
616 1889 961 1961 δικαιοσύνης
994 1889 1222 1958 γνῶσις-ο
1265 1889 1449 1960 ἐπειδὴ
1477 1889 1571 1942 καὶ
1595 1891 1627 1957 ἡ
1653 1889 1732 1940 δι-

157 1981 420 2050 καιοσύνη
449 1978 624 2033 κανών
649 1983 793 2033 ἐστιν
816 1980 1042 2052 ἀρετῶν.
1076 1982 1184 2036 Καὶ
1211 1980 1276 2034 τὸ
1306 1980 1480 2050 κρῖμά
1510 1998 1625 2035 σου
1655 1982 1733 2046 ὠς

151 2076 547 2146 μεσημϐρίαν.
588 2075 730 2128 Ἀντὶ
753 2074 846 2127 τοῦ
867 2091 880 2104 ο
906 2075 1095 2144 Κρινεῖ
1117 2089 1174 2124 σε
1207 2072 1353 2136 ἄξιον
1377 2071 1504 2124 ὄντα
1537 2071 1730 2140 φωτός.

229 2167 342 2220 Kal
381 2165 564 2233 αὐτὸς
603 2164 860 2231 ποιήσει.
898 2166 1067 2218 Ὅταν
1095 2165 1179 2216 ἐπ’
1206 2164 1356 2233 αὐτῷ
1379 2204 1393 2226 ,
1425 2164 1620 2233 φησιν,
1652 2161 1736 2214 ὲλ-

159 2259 326 2327 πίσης
349 2300 364 2321 ,
402 2258 522 2310 τότε
553 2257 644 2308 καὶ
677 2255 839 2319 αὐτὸς
875 2256 1111 2326 ποιήσει.
1168 2255 1233 2306 Τί
1278 2252 1334 2306 δὲ
1374 2255 1587 2324 ποιήσει
1620 2253 1735 2306 διαο

156 2349 432 2404 δείκνυσιν
461 2345 798 2414 ἐπενεγκών*
847 2345 1110 2410 Ἐξοίσει
1137 2345 1217 2410 ὡς
1242 2341 1366 2412 φῶς
1385 2341 1500 2410 τὴν
1520 2342 1737 2395 δικαιο-

157 2441 363 2505 σύνην
410 2453 525 2492 σου
551 2477 567 2500 ,
617 2439 714 2491 καὶ
755 2438 819 2491 τὸ
868 2436 1046 2505 κρῖμά
1087 2451 1202 2490 σου
1236 2437 1316 2501 ὡς
1339 2435 1732 2502 μεσημϐρίαν.

159 2530 295 2582 Τότε
320 2529 376 2580 δὲ
403 2526 622 2593 ἐξοίσει,
651 2528 835 2598 φησὶν,
867 2528 987 2580 ἀντὶ
1019 2527 1112 2579 τοῦ
1136 2526 1351 2596 ἐμφανῆ
1384 2527 1735 2596 καταστήσει,

159 2622 254 2673 καὶ
302 2615 414 2672 οἷον
467 2617 756 2690 περίοπτον
789 2619 1087 2688 ἀποφανεῖ,
1140 2617 1321 2670 λαθεῖν
1362 2616 1462 2670 οὑκ
1501 2616 1604 2669 ἑῶν
1642 2618 1740 2686 τῆς

160 2711 394 2775 εύζωίχς
427 2710 489 2763 τὸ
527 2709 742 2773 κάλλος.
816 2711 1007 2764 Ἔσται
1034 2708 1140 2780 γὰρ
1174 2709 1375 2762 ἅπασιν
1422 2707 1656 2779 ἐναργὴς
1702 2709 1735 2778 ἠ

159 2801 477 2872 δικαιοσύνη
530 2817 623 2854 σου
664 2801 820 2872 δίκην
867 2800 1046 2868 φωτὸς
1076 2800 1506 2868 ἀναλάμπουσα,
1566 2798 1740 2867 φωτὸς

165 2891 563 2964 μεσημϐρινοῦ.
586 2891 920 2962 Μεσημϐρία
943 2907 1005 2958 γε
1029 2892 1136 2962 μὴν
1155 2889 1472 2961 ὀνομάζεται
1494 2889 1592 2959 τῆς
1616 2888 1743 2959 ὴμέ-

165 3001 265 3054 ρας
297 2984 429 3036 αὐτὸ
459 2982 520 3036 τὸ
551 2982 891 3053 μεσαίτατον.
920 2983 993 3036 Οὑ
1026 2983 1205 3053 μόνον,
1232 2983 1364 3052 φησὶ
1382 3021 1396 3045 ,
1430 2981 1627 3034 δικαιοῖ
1650 2980 1743 3034 τὸν

165 3073 674 3143 ἐξομολογούμενον,
701 3074 797 3126 καὶ
818 3077 993 3145 κρῖμα
1021 3073 1168 3143 αὐτῷ
1192 3073 1492 3146 προσφέρει
1518 3072 1744 3144 χρηστό-

1834 1902 2012 1946 autem
2041 1890 2286 1959 justitiie,
2316 1891 2581 1959 cognitio;
2608 1889 3042 1959 quandoquidem
3071 1885 3280 1956 juStitia
3311 1900 3395 1938 re-

1833 1984 1954 2054 gula
1988 1983 2247 2036 virtutum
2272 1991 2371 2035 est.
2416 1981 2479 2034 Et
2505 1983 2772 2050 judicium
2817 1993 2963 2034 tuum
3001 1989 3251 2050 tanquam
3284 1995 3394 2032 πιε-

1833 2074 2038 2127 ridiem.
2069 2071 2124 2125 ια
2149 2081 2251 2137 est,
2285 2070 2362 2124 Te
2394 2070 2616 2140 dignum
2652 2071 2788 2124 lucis
2814 2071 3080 2139 judicabit
3112 2083 3250 2121 esse.

1905 2165 2052 2220 Dan.
2082 2164 2246 2218 Barb.
2267 2179 2285 2217 :
2306 2162 2370 2216 Et
2394 2164 2500 2233 ipse
2518 2164 2696 2232 faciet.
2720 2162 2842 2227 Uhi,
2873 2161 3067 2231 inquit,
3091 2161 3144 2213 in
3171 2174 3237 2213 eo
3268 2172 3394 2227 spe-

1835 2259 2059 2324 raveris,
2090 2266 2218 2310 tunc
2264 2257 2379 2326 ipse
2429 2255 2608 2310 faciet.
2644 2255 2747 2310 Sed
2780 2254 2925 2324 .quid
2968 2251 3129 2306 faciet
3161 2249 3395 2304 ostendit

1837 2349 2072 2404 inferens
2108 2365 2121 2401 :
2163 2350 2229 2399 Et
2260 2345 2440 2398 educet
2469 2346 2624 2414 quasi
2663 2345 2832 2397 lumen
2869 2343 3137 2413 justitiam
3168 2351 3314 2394 tuam
3347 2349 3394 2391 et

1828 2441 2092 2510 judicium
2137 2446 2283 2490 tuum
2325 2445 2574 2505 tanquam
2613 2436 2900 2489 meridiem.
2933 2434 3070 2487 Tum
3103 2447 3232 2488 vero
3265 2429 3398 2486 edu-

1837 2541 1941 2595 cet,
1972 2532 2169 2600 inquit,
2198 2543 2316 2597 pro,
2349 2529 2696 2582 manifestum
2743 2527 2961 2593 reddet,
2991 2536 3044 2581 et
3072 2525 3228 2595 quasi
3261 2538 3396 2578 con-

1838 2623 2086 2691 spicuum
2119 2621 2450 2682 declarabit,
2485 2635 2590 2673 non
2641 2618 2958 2688 permittens
3002 2617 3240 2670 honestae
3277 2616 3400 2668 vita

1838 2713 2086 2767 decorem
2111 2719 2164 2765 et
2197 2711 2648 2781 pulchritudinem
2671 2710 2855 2763 latere.
2878 2707 3164 2763 Erit-cnim
3189 2706 3400 2777 justitia

1840 2814 1932 2858 tua
1962 2815 2218 2874 tanquam
2249 2804 2432 2858 lumen
2458 2801 2712 2856 omnibus
2743 2799 3026 2854 manifesta
3049 2841 3063 2865 ,
3103 2799 3399 2854 meridiana

1841 2897 1960 2951 luce
2006 2895 2354 2966 splendidior.
2399 2892 2651 2948 Meridies
2711 2893 2815 2947 diei
2854 2893 3136 2946 dimidium
3181 2890 3399 2947 dicitur.

1839 2985 1959 3041 Non
1993 2987 2176 3051 modo,
2203 2986 2399 3054 inquit,
2432 2984 2779 3040 confitentem
2818 2981 3097 3052 justilicat,
3134 2988 3187 3036 et
3212 2980 3262 3034 ei
3291 2979 3402 3034 cle-

1843 3086 2053 3134 menter
2095 3077 2398 3147 adjudicat,
2440 3092 2629 3130 verum
2672 3075 2834 3128 etiam
2870 3073 3138 3142 justitiam
3179 3071 3299 3141 ejus
3348 3072 3403 3125 in

164 3181 346 3236 τητος,
372 3164 509 3218 ἀλλὰ
538 3165 632 3218 καὶ
657 3167 735 3228 είς
756 3164 870 3234 φῶς
903 3164 1066 3217 αὑτοῦ
1100 3165 1398 3236 προσφέρει
1422 3164 1521 3233 τὴν
1547 3164 1740 3216 δικαιο-

1844 3177 2029 3237 aperto
2045 3169 2214 3238 ponit,
2239 3167 2344 3221 hoc
2365 3176 2467 3230 est,
2502 3175 2690 3220 notum
2722 3163 2978 3217 omnibus
3006 3162 3138 3216 facit
3163 3176 3222 3218 se
3251 3161 3403 3216 illum

167 3257 333 3327 σύνην
414 3257 660 3310 τουτέστι
690 3255 943 3327 γνωρίζει
988 3257 1187 3316 πᾶσιν,
1223 3255 1416 3326 ὅτιπερ
1440 3253 1602 3307 αὐτὸν
1634 3253 1740 3309 ὲδι-

166 3349 426 3402 καίωσεν.
483 3343 606 3409 Ofe;
631 3342 699 3415 ἦν
723 3347 752 3397 ὁ
782 3345 984 3417 λῃστὴς
1008 3387 1022 3411 ,
1053 3339 1114 3399 οὒ
1150 3344 1213 3398 τὸ
1239 3347 1414 3415 κρῖμα
1441 3347 1498 3397 ὲν
1534 3362 1745 3416 μεσημ-

169 3439 297 3509 ϐρίᾳ
332 3436 476 3491 κατᾶ
503 3437 564 3488 τὸ
593 3436 757 3506 μέσον
783 3439 882 3507 τῆς
915 3435 1124 3506 ἡμέρας
1151 3435 1548 3507 σταυρούμενος
1577 3437 1606 3489 ὁ
1646 3437 1748 3506 Ἰη-

171 3527 295 3590 σοῦς
323 3527 578 3596 ἐξήγαγε,
609 3527 703 3580 καὶ
731 3528 831 3598 τὴν
854 3529 939 3580 ἐπ’
966 3526 1113 3597 αὑτῷ
1137 3526 1478 3596 δικαιοσύνην
1506 3529 1585 3590 εἰς
1609 3527 1744 3596 φῶς,

168 3616 446 3671 τουτέστιν
497 3619 577 3681 είς
611 3619 826 3671 πάντων
863 3617 1063 3687 γνῶσιν
1093 3618 1344 3688 ἤνεγκεν.
1413 3617 1476 3668 Ἦ
1517 3615 1627 3686 γὰρ
1658 3617 1744 3668 ἐπ’

171 3709 317 3779 αὐτῷ
357 3709 541 3779 φωνὴ,
588 3711 783 3779 Ἀμὴν,
813 3709 977 3777 ἀμὴν
1001 3707 1154 3778 ,λέγω
1174 3722 1294 3775 σοι,
1324 3707 1592 3777 σήμερον
1619 3709 1746 3776 μετ’

169 3801 316 3870 ἐμοῦ
348 3800 464 3869 ἔσῃ
486 3802 555 3855 ἐν
583 3801 662 3867 τῷ
698 3801 1058 3869 παραδείσῳ,
1091 3803 1170 3864 εἰς
1214 3801 1443 3873 φανερὸν
1469 3804 1535 3871 τῇ
1569 3801 1746 3854 οίκου-

173 3889 310 3960 μένῃ
328 3931 344 3951 ,
375 3890 574 3960 μᾶλλον
602 3891 659 3942 δὲ
687 3889 801 3958 φῶς
825 3892 888 3960 τῇ
916 3891 1210 3963 οἰκουμένῃ
1260 3890 1580 3961 γεγένηται,
1610 3907 1748 3963 προ-

169 3981 351 4050 τροπὴ
379 3981 514 4032 πᾶσι
534 3983 646 4044 τοῖς
675 3982 734 4035 ὲν
758 3983 1013 4052 μετανοίᾳ
1035 3983 1411 4052 τυγχάνουσιν.
1439 3983 1553 4035 Ούκ
1573 3982 1746 4046 ἔσται,

171 4069 347 4139 φησὶ,
401 4070 812 4141 κεκαλυμμένον
849 4073 911 4126 τὸ
941 4073 1040 4143 τῆς
1085 4072 1432 4142 δικαιοσύνης
1477 4073 1745 4145 λαμπρὸν,

171 4162 366 4234 ὥσπερ
388 4162 504 4227 νῦν,
531 4164 646 4218 ἀλλ’
671 4165 930 4232 ἐπιφανὲς
949 4164 1137 4234 ὥσπερ
1154 4165 1302 4234 ἥλιος
1329 4167 1387 4220 ὲν
1408 4165 1748 4238 μεσημϐρίᾳ,

171 4257 363 4326 ὥσπερ
393 4258 423 4309 ὁ
453 4256 652 4324 Κύριός
682 4272 816 4326 φησι
836 4272 850 4287 ο
910 4258 1045 4310 Τότε
1074 4260 1126 4310 oi
1163 4257 1380 4311 δίκαιοι
1400 4255 1754 4325 λάμψουσιν

171 4350 249 4413 ὡς
277 4351 311 4401 ό
347 4347 520 4413 ἣλιος
547 4347 617 4400 ὲν
646 4343 719 4415 τῇ
739 4348 1023 4414 ,ϐασιλείᾳ
1051 4347 1158 4401 τοῦ
1185 4348 1414 4416 Πατρός
1438 4347 1658 4403 αὐτῶν.
1697 4388 1708 4399 .

254 4439 267 4457 '
284 4436 615 4507 Υποτάγηθι
638 4437 717 4503 τῷ
743 4438 934 4506 Κυρίῳ
960 4438 1056 4491 καί
1077 4439 1390 4492 ἱκέτευσον
1416 4441 1621 4494 αὐτόν.
1646 4441 1752 4492 Αύ-

1839 3260 2191 3332 justificasse.
2216 3259 2533 3328 Cuiusmodi
2567 3257 2666 3313 fuit
2693 3259 2850 3323 latro,
2881 3257 3038 3327 cujus
3059 3255 3323 3325 judicium
3350 3254 3403 3307 in

1845 3347 2090 3414 meridie,
2125 3347 2228 3402 hoc
2254 3356 2331 3403 est
2362 3347 2538 3402 medio
2562 3347 2649 3401 die
2674 3389 2689 3411 ,
2713 3343 2872 3400 Jesus
2901 3346 2955 3399 in
2984 3359 3143 3400 cruce
3169 3343 3406 3414 pendens

1845 3439 2049 3503 eduxit,
2078 3453 2294 3506 unaque
2322 3438 2440 3507 ejus
2464 3437 2729 3507 justitiam
2762 3437 2816 3489 in
2851 3437 3063 3498 lucem,
3096 3437 3199 3489 hoc
3230 3443 3314 3488 est
3351 3450 3406 3486 in

1846 3531 2088 3584 omnium
2117 3531 2503 3598 cognitionem,
2543 3527 2818 3597 produxit.
2856 3524 2990 3579 Nam
3021 3541 3278 3594 expressa
3303 3540 3406 3580 vox

1848 3622 1958 3684 illa,
1987 3622 2172 3683 Amen,
2211 3636 2362 3672 amen
2391 3621 2509 3672 dico
2540 3619 2656 3681 tibi,
2689 3619 2841 3672 hodie
2867 3634 3067 3671 mecum
3095 3618 3198 3671 eris
3229 3619 3284 3670 in
3315 3635 3409 3685 pa-

1849 3708 2028 3760 radiso
2050 3707 2117 3774 ³⁸,
2139 3708 2286 3761 clara
2313 3708 2537 3773 mundo,
2562 3717 2722 3777 atque
2749 3707 2882 3759 adeo
2899 3707 2987 3759 lux
3002 3706 3119 3760 orbi
3143 3716 3405 3760 terrarum

1848 3797 1990 3852 facta
2023 3807 2124 3864 est,
2159 3807 2208 3852 et
2242 3798 2496 3853 omnibus
2535 3796 2981 3866 resipiscentibus
3010 3806 3063 3849 ct
3101 3796 3410 3864 pmnitenti-

1849 3890 1952 3945 lius
1979 3889 2284 3944 adhortatio
2312 3887 2557 3957 quasdam
2589 3886 2706 3941 fuit.
2737 3885 2854 3942 Non
2879 3888 3045 3950 enim,
3070 3888 3163 3952 ait,
3193 3887 3406 3941 claritas

1845 3976 2066 4045 justitiae
2092 3975 2210 4043 ejus
2238 3976 2450 4029 occulta
2474 3975 2597 4043 erit,
2627 3986 2687 4030 ut
2711 3977 2870 4032 modo
2898 3987 2999 4036 est.
3034 3977 3126 4031 sed
3152 3991 3407 4045 tanquam

1851 4069 1931 4123 sol
1962 4068 2013 4120 in
2043 4066 2267 4122 meridie
2295 4068 2608 4138 conspicua.
2647 4067 3114 4133 Quemadmodum
3148 4067 3411 4123 Dominus

1850 4159 1926 4212 ait
1945 4157 1990 4189 ⁸⁸
2025 4175 2039 4212 :
2070 4156 2202 4212 Tum
2233 4158 2369 4229 justi
2397 4159 2666 4230 fulgebunt
2701 4161 2838 4212 sicut
2861 4160 2941 4213 sol
2966 4161 3020 4212 in
3049 4175 3202 4230 regno
3228 4159 3411 4215 Patris

1849 4266 2050 4308 eorum.

1925 4434 1976 4489 7.
2007 4433 2259 4488 Subditus
2283 4444 2394 4486 esto
2433 4432 2653 4484 Domino
2687 4442 2737 4486 et
2763 4449 2858 4485 ora
2887 4449 3024 4485 eum.
3051 4433 3172 4501 Ipse
3194 4434 3414 4502 quidem

170 4529 264 4592 τὸς
296 4528 431 4598 μὲν,
454 4527 617 4597 φησι,
651 4529 798 4594 ἄξιον
822 4528 951 4582 ὄντα
980 4527 1056 4599 (a)
1080 4530 1255 4599 φωτὸς
1284 4530 1556 4597 ἀποδείξει
1595 4534 1652 4583 ἐν
1673 4530 1740 4602 τῷ

1856 4537 1906 4581 te
1941 4528 2059 4581 luce
2086 4525 2307 4594 dignum
2357 4525 2605 4578 ostendet
2641 4523 2694 4576 in
2726 4523 2911 4576 futuro
2950 4525 3182 4588 smculo,
3215 4534 3267 4579 tu
3312 4541 3410 4577 au-

176 4617 430 4689 μέλλοντι
466 4617 622 4670 αίῶνι
647 4633 661 4647 -
697 4618 762 4670 σὺ
793 4618 850 4672 δὲ
892 4617 1126 4672 ἐνταῦθα
1156 4619 1482 4688 ύποτὰγηθι.
1515 4622 1613 4689 Μὴ
1638 4636 1751 4673 πα-

164 4709 432 4778 ραζήλου
472 4711 541 4763 ὲν
574 4709 654 4775 τῷ
684 4710 1168 4780 κατευοδουμένῳ
1194 4711 1264 4764 ἐν
1294 4711 1368 4780 τῇ
1398 4711 1514 4777 ὀδῷ
1537 4712 1746 4768 αὐτοῦ.

175 4802 268 4872 Μὴ
336 4803 584 4873 μιμήσῃ,
649 4804 840 4872 φησὶν,
890 4802 1235 4872 εὐδαιμονίαν
1292 4805 1358 4856 ὲκ
1409 4805 1751 4876 παρανομίας

176 4909 484 4964 συγκροτου
493 4893 679 4963 μένην.

251 4980 370 5053 [Μὴ
405 4982 649 5053 θαύμαζε
681 4984 964 5056 ἄνθρωπον
997 4988 1309 5057 παράνομον
1350 4989 1751 5058 κατευθυνόμε-

174 5092 286 5138 νον,
311 5073 445 5145 μηδὲ
471 5076 684 5148 μιμήσῃ
709 5076 1051 5147 εὐδαιμονίαν
1075 5081 1138 5131 ὲκ
1160 5081 1504 5150 παρανομίας
1529 5099 1755 5152 συγκρο-

175 5165 470 5236 τουμένην,
509 5167 641 5237 μηδὲ
673 5168 933 5237 πράττειν
965 5168 1203 5238 ἐρεθίζου
1232 5171 1300 5222 τὰ
1326 5172 1516 5240 ὄμοια’
1548 5173 1666 5226 ἀλλ’
1698 5176 1749 5226 εί

178 5261 274 5311 aut
314 5257 456 5310 κατὰ
489 5258 613 5329 ῥοῦν
645 5259 794 5329 αὑτῴ
830 5261 1051 5330 φέρεται
1084 5264 1290 5324 πάντα,
1331 5263 1402 5332 μὴ
1429 5263 1621 5316 δάκνον
1655 5283 1757 5335 μη-

178 5347 236 5398 δὲ
265 5345 551 5415 δυσφὸρει,
576 5346 655 5399 ὅτι
695 5347 768 5418 μὴ
793 5348 991 5401 διδόασι
1015 5349 1169 5419 δίκην
1202 5353 1250 5402 ot
1279 5352 1522 5420 πονηροὶ,
1556 5353 1667 5406 ἀλλ’
1701 5355 1758 5407 ἐν

180 5435 438 5504 εὐθηνείᾳ
467 5435 780 5503 διάγουσιν,
834 5436 908 5498 ὼς
955 5439 1028 5508 μή
1075 5456 1217 5502 τινος
1260 5440 1358 5511 τὴν
1413 5441 1550 5494 τίσιν
1599 5442 1756 5494 εὐθύ-

178 5541 384 5589 νοντος.

251 5616 554 5684 Κρεὶσσον
591 5618 795 5688 ὀλίγον
837 5617 914 5683 τῷ
965 5620 1170 5685 δικαίῳ
1195 5641 1206 5651 ·
1248 5623 1365 5675 ἀντὶ
1412 5624 1535 5687 τοῦ,
1577 5625 1755 5692 μεῖζόν

255 5728 302 5755 ⁸⁵
336 5725 524 5780 Matth.
556 5743 676 5791 xm,
713 5730 800 5783 45.
866 5733 908 5763 ⁸⁸
937 5733 1070 5791 Luc.
1119 5753 1273 5803 niti,
1313 5739 1399 5792 45.

258 5818 336 5887 (a)
375 5818 530 5874 Deest
564 5837 642 5875 σε.
677 5820 832 5876 Enn.

1855 4631 1960 4674 tem
1998 4619 2085 4672 hic
2111 4618 2362 4672 subditus
2390 4627 2528 4672 esto.
2562 4614 2690 4669 Noli
2728 4615 2969 4669 azmulari
3006 4616 3055 4666 in
3082 4630 3139 4666 eo
3163 4617 3253 4684 qui
3297 4631 3421 4684 pro-

1853 4721 2093 4781 speratur
2121 4711 2176 4763 in
2199 4711 2282 4763 via
2307 4726 2423 4764 sua.
2457 4707 2532 4762 Ne
2555 4709 2844 4770 aemuleris,
2865 4707 2959 4771 ait,
2977 4705 3287 4761 felicitatem
3318 4708 3422 4760 iui-

1854 4804 2060 4873 quitate
2084 4815 2476 4871 comparatam.

1931 4985 2028 5058 [Ne
2059 4985 2418 5040 admiratione
2447 4984 2681 5053 capiaris
2697 4983 2815 5038 viso
2839 4983 3059 5036 homine
3084 4981 3270 5050 iniquo
3299 4997 3422 5050 pro-

1860 5091 2014 5145 spere
2042 5085 2256 5146 agente,
2279 5089 2454 5144 neque
2478 5073 2747 5128 :emuleris
2777 5072 3086 5127 felicitatem
3113 5088 3178 5125 ex
3209 5073 3416 5142 injusti-

1864 5169 1933 5220 tia
1963 5166 2306 5234 acquisitam,
2334 5180 2507 5233 neque
2534 5164 2829 5218 stimuleris
2855 5163 2922 5217 ad
2955 5163 3153 5217 similia
3184 5165 3419 5234 agenda:

1862 5258 1952 5310 sed
1980 5255 2192 5309 etiamsi
2231 5257 2414 5309 omnia
2453 5256 2552 5323 ipsi
2593 5271 2656 5310 ex
2693 5263 2818 5308 voto
2859 5265 3053 5323 sponte
3086 5255 3417 5316 succedant,

1864 5363 1929 5400 ne
1962 5347 2148 5399 doleas
2181 5361 2280 5397 neu
2325 5346 2540 5413 indigne
2572 5345 2744 5410 feras,
2778 5345 2932 5413 quasi
2965 5343 3197 5411 improbi
3238 5359 3423 5411 poenas

1863 5455 1970 5492 non
1999 5440 2184 5502 luant,
2216 5436 2310 5490 sed
2343 5451 2601 5505 prospere
2635 5447 2818 5506 agant,
2857 5452 2954 5490 ceu
2988 5435 3136 5489 nullo
3165 5435 3424 5490 ultionem

1859 5544 1912 5585 ct
1940 5531 2347 5600 castigationem
2375 5530 2657 5582 intercute.

1932 5624 2119 5678 Melius
2149 5633 2222 5675 cst
2250 5623 2507 5675 modicum
2534 5621 2683 5688 juste
2707 5663 2721 5683 ,
2759 5638 2820 5674 ac
2851 5621 2893 5674 si
2926 5622 3097 5685 dicat,
3133 5619 3321 5674 melior
3347 5627 3428 5672 est

1482 5739 1527 5769 "
1555 5738 1746 5794 Matth.
1790 5757 1904 5806 xm,
1945 5740 2023 5793 5-5.
