4034 6456
613 428 713 483 179
1442 427 1500 482 ε.
1541 426 1912 483 ATHANASH
1951 429 2106 483 OPP.
2146 430 2183 483 Ρ

2293 432 2323 485 5
2363 431 2453 485 lli.
2495 459 2562 468 —
2600 429 3016 487 EXEGETICA.
3736 434 3841 489 180

608 542 819 597 modica
860 538 1075 595 Domini
1104 537 1474 594 misericordia
1500 583 1514 605 ,
1556 557 1721 610 quam
1751 557 1939 597 omnes
1974 543 2159 597 mundi

2298 561 2379 597 στι
2414 547 2606 616 uinci»;
2646 545 2791 608 ἔλεος
2823 545 2914 598 τοῦ
2947 545 3148 615 Κυρίου
3184 546 3322 616 ὑπὲρ
3350 545 3525 599 πάντα
3558 548 3647 600 τὸν
3676 548 3845 603 πλοῦ-

607 630 850 703 divitiae]

678 724 729 776 8.
760 722 948 776 Desine
969 724 1032 775 ab
1062 723 1162 789 ira,
1196 730 1246 775 et
1272 720 1567 791 derelinque
1600 723 1846 778 furorem.
1880 723 1957 777 Ne
1988 724 2157 792 respi-

605 816 719 867 cias
748 814 1150 882 prosperitatem
1172 828 1383 877 eorum,
1415 813 1512 868 sed
1536 823 1847 883 exspectato
1877 815 2036 869 ﬁnem
2062 856 2076 877 ,
2108 827 2162 868 ct

605 905 811 959 videbis
853 904 1167 972 perniciem.
1207 903 1288 958 Ira
1334 914 1513 959 autem
1556 915 1639 959 est
1677 907 1945 976 appetitus
1986 906 2162 960 vindi-

605 1006 704 1048 cta:
736 1012 748 1047 :
787 994 1019 1049 vindicta
1046 1004 1226 1049 autem
1256 995 1381 1048 mali
1408 996 1713 1051 retributio.
1751 997 1879 1050 Noli
1922 998 2163 1051 wmulari

606 1098 664 1138 ut
692 1085 1012 1155 maligneris.
1049 1083 1222 1139 Probe
1266 1087 1405 1140 nosti
1444 1088 1584 1156 quod
1618 1088 1653 1140 ii
1693 1088 1786 1157 qui
1829 1090 1893 1141 ad
1926 1088 2163 1142 divinam

606 1191 665 1230 se
706 1191 855 1246 spem
884 1175 1307 1239 commiserunt,
1336 1186 1390 1230 et
1426 1176 1566 1246 frugi
1615 1178 1780 1231 vitam
1814 1177 2162 1248 delegerunt,

607 1287 620 1313 ι
642 1280 730 1318 um
765 1264 1152 1333 tranquillitate
1174 1274 1226 1318 et
1256 1280 1407 1334 pace,
1441 1273 1497 1318 et
1522 1266 1796 1334 voluptate
1826 1267 2046 1335 degunt.
2076 1269 2166 1320 tir-

2264 653 2355 687 τον
2381 636 2475 689 τοῦ
2513 638 2739 707 κόσμου.
2760 636 2780 708 ]

2334 729 2563 782 Παῦσαι
2592 730 2710 783 ἀπὸ
2738 728 2936 797 ὀργῆς,
2962 730 3059 782 καὶ
3085 728 3470 798 ἐγκατάλειπε
3493 731 3701 797 θυμόν.
3753 731 3845 801 Μὴ

2266 819 2379 889 ῐδῃς
2408 819 2585 872 αὐτῶν
2617 821 2714 891 τὴν
2747 820 3047 891 εὐημερίαν
3070 861 3085 884 ,
3120 820 3255 874 ἀλλά
3284 821 3611 891 πρόσμεινον
3651 821 3712 872 τὸ
3756 822 3847 873 τέ-

2262 912 2354 974 ·λος
2378 950 2392 972 ,
2427 912 2517 963 καὶ
2548 910 2669 978 ὕψει
2699 910 2788 963 τὸν
2815 911 3053 981 ὄλεθρον.
3100 912 3265 982 Ὀργὴ
3294 910 3351 963 δέ
3382 913 3527 963 ἐστιν
3559 911 3739 981 ὄρεξις
3765 927 3848 963 τι-

2271 1003 2509 1075 μωρίας·
2544 1003 2781 1073 τιμωρία
2823 1003 2878 1055 δέ
2925 1003 3044 1054 ἐστι
3093 1002 3263 1056 κακοῦ
3296 1002 3663 1066 ἀνταπόδοσις.
3745 1003 3845 1071 Μὴ

2270 1093 2606 1162 παραζηλου
2638 1094 2793 1147 ὥστε
2822 1095 3275 1163 πονηρεύεσθαι.
3301 1090 3373 1146 Εὖ
3400 1093 3528 1157 ἴσθι,
3556 1094 3637 1146 ὅτι
3667 1096 3716 1146 οἱ
3748 1094 3852 1164 μὲν

2268 1184 2368 1253 τῆς
2397 1182 2547 1246 Θείας
2574 1183 2787 1247 ἐλπίδος
2810 1186 2948 1252 σφᾶς
2970 1185 3167 1247 αὐτοὺς
3186 1185 3606 1254 ἀναρτήσαντες,
3639 1185 3735 1237 καὶ
3758 1183 3849 1237 τὸν

2272 1273 2490 1343 ἐπιεικῆ
2537 1273 2958 1344 προαιρούμενοι
3009 1274 3153 1343 βίον,
3214 1276 3272 1327 ἐν
3305 1273 3703 1347 ἀπραγμοσύνῃ
3758 1275 3850 1326 καὶ

2273 1367 2467 1437 εἰρήνῃ
2494 1364 2816 1430 διατελοῦσι,
2842 1366 3051 1437 τρυφὴν
3073 1366 3287 1436 ἔχοντες
3319 1368 3541 1437 μόνιμον
3566 1365 3659 1419 τοῦ
3683 1348 3863 1421 συνει-⁸

2274 1458 2423 1521 δότος
2450 1458 2547 1529 τὴν
2576 1456 2924 1528 καθαρότητα
2942 1474 2955 1487 ·
2979 1459 3027 1510 οί
3058 1457 3116 1509 δὲ
3144 1460 3209 1527 τῇ
3236 1457 3552 1528 προσκαίρῳ
3580 1456 3853 1526 εὐημερίᾳ

2275 1545 2600 1617 Θαρροῦντες
2632 1550 2853 1616 ταχεῖαν
2888 1546 3127 1611 δέξονται
3160 1547 3258 1617 τὴν
3290 1545 3610 1617 μεταϐολὴν,
3646 1546 3740 1597 καὶ
3760 1545 3859 1614 λή-

2275 1635 2345 1706 θῃ
2370 1636 2834 1707 παραδοθήσονται
2858 1636 3129 1690 παντελεῖ.

2343 1727 2453 1781 Kal
2484 1726 2755 1794 ζητήσεις
2786 1728 2891 1782 τὸν
2920 1732 3108 1783 τόπον
3146 1727 3349 1793 αὐτοῦ,
3396 1729 3493 1781 καί
3530 1730 3602 1783 οὐ
3642 1727 3730 1797 μὴ
3761 1728 3864 1781 εῦ-

2270 1837 2408 1887 ριιςο
2452 1821 2675 1890 Ὅμοιον
2721 1818 2798 1889 τῷ
2850 1821 3155 1891 εἰρημένῳ·
3187 1824 3251 1874 οι
3300 1820 3367 1873 δὲ
3398 1819 3637 1886 ἀσεϐεῖς
3685 1822 3865 1888 (saep.

2205 1900 2248 1955 Β
2272 1903 2419 1971 ριζοι
2449 1905 2834 1960 ἀπολοῦνται.

678 1991 867 2045 Daniel
911 1992 1196 2046 Barbarus.
1237 1992 1319 2044 ll.
1354 1988 1616 2045 Hansueti
1665 2003 1839 2047 autem
1886 1995 2273 2049 hwreditabunt
2321 2007 2537 2051 terram.
2596 1998 2819 2053 Terram
2872 2000 3269 2056 hareditabunt
3335 2003 3427 2072 qui
3487 2002 3856 2072 perniciosum

609 2083 902 2140 iracundia:
954 2082 1205 2136 affectum
1258 2082 1600 2151 spiraverint.
1659 2082 1742 2137 Ira
1772 2084 1914 2137 enim
1959 2095 2013 2139 et
2070 2087 2366 2155 prudentes
2414 2089 2609 2158 perdit,
2661 2090 2928 2160 siquidem
2960 2091 3256 2161 quominus
3300 2093 3525 2146 honeste
3567 2107 3627 2147 se
3670 2083 3866 2161 gerant

609 2178 996 2249 impediuntur.
1029 2175 1125 2231 Ira
1174 2177 1312 2231 enim
1355 2175 1454 2228 uiri
1508 2175 1605 2229 Dei
1644 2176 1915 2244 justitiam
1974 2194 2077 2231 non
2120 2182 2443 2248 operatur".
2479 2181 2746 2238 Caeterum
2794 2185 2861 2239 ab
2890 2182 2969 2238 ira
3018 2192 3072 2239 et
3109 2182 3294 2239 furore
3333 2183 3426 2239 Dei
3477 2198 3708 2240 securus
3737 2195 3859 2239 est.

606 2273 700 2343 qui
730 2271 967 2325 abstinet
998 2269 1066 2323 ab
1096 2268 1163 2323 iis
1184 2280 1307 2337 quae
1341 2266 1481 2320 iram
1506 2276 1559 2320 et
1599 2266 1838 2321 furorem
1874 2270 2168 2324 concitant.

606 1369 749 1409 mam
782 1355 1090 1411 obtinentes
1122 1355 1471 1410 conscientiae
1498 1356 1827 1424 puritatem;
1859 1356 1954 1426 qui
1986 1365 2164 1411 autem

606 1457 966 1517 temperance
1009 1446 1351 1517 prosperitati
1401 1445 1611 1513 ﬁdunt,
1661 1456 1967 1517 promptam
2016 1448 2167 1504 inve-

607 1537 757 1591 nient
785 1537 1162 1600 mutationem,
1196 1546 1250 1592 et
1280 1536 1539 1593 oblivioni
1569 1539 1781 1606 penitus
1810 1538 2112 1593 tradentur.

680 1716 763 1770 10.
797 1716 1084 1787 thuazres
1122 1718 1292 1771 locum
1331 1719 1444 1787 ejus
1480 1727 1528 1770 et
1558 1733 1659 1769 non
1690 1718 1937 1771 invenies.
1977 1719 2165 1773 Simile

607 1808 751 1863 dicto
776 1809 900 1863 huic
928 1825 941 1860 :
979 1808 1141 1877 [mpii
1171 1818 1343 1862 autem
1372 1809 1627 1861 radicitus
1647 1809 1886 1875 peribunt
1909 1810 1975 1861 ⁸⁷.

690 2364 758 2419 Et
801 2362 1200 2418 delectabuntur
1224 2363 1279 2414 in
1314 2360 1649 2414 multitudine
1682 2364 1849 2430 pacis.
1885 2361 2185 2417 Delectatio

611 2458 748 2527 justi
783 2472 996 2512 summa
1030 2471 1135 2525 pax
1164 2462 1266 2522 est,
1293 2465 1347 2509 et
1375 2462 1457 2509 est
1484 2455 1730 2524 qutedam
1762 2470 1860 2509 ceu
1888 2455 2185 2511 indolentia

618 2549 787 2604 animi
827 2564 949 2604 cum
976 2563 1099 2603 vera
1126 2562 1306 2601 rerum
1341 2546 1587 2601 scientia.

695 2640 782 2694 12.
837 2638 1142 2695 Observabit
1191 2646 1433 2707 peccator
1470 2637 1699 2705 justum.
1750 2635 1806 2690 ῙιΙ
1858 2636 1924 2691 de
1965 2637 2184 2691 diabolo

620 2742 803 2800 potest
830 2740 1132 2802 opportune
1161 2728 1355 2799 accipi,
1382 2737 1544 2797 atque
1578 2728 1726 2782 hisce
1754 2728 2183 2783 consolationem

620 2825 774 2881 aﬂ'ert
805 2825 871 2880 iis
896 2824 988 2893 qui
1025 2822 1221 2892 injuria
1250 2820 1578 2876 alliciuntur.
1609 2819 1842 2873 Exhibet
1876 2819 2021 2873 enim
2057 2834 2185 2887 pec-

622 2927 859 2973 calorem
906 2917 1175 2971 dolentem
1225 2930 1289 2969 ac
1338 2913 1609 2967 furentem
1657 2911 1919 2965 adversus
1956 2925 2051 2965 eos
2091 2908 2184 2977 qui

627 3008 971 3076 tranquillam
1006 3003 1239 3073 amplexi
1277 3011 1406 3057 sunt
1442 3001 1605 3055 vitam
1634 3018 1648 3064 ;
1678 2999 1886 3069 justum
1920 3014 2049 3054 vero
2091 2998 2183 3067 ju-

625 3100 799 3153 dicem
824 3096 1159 3150 deridentem
1191 3094 1310 3164 ejus
1350 3102 1497 3162 gesta
1532 3111 1544 3146 :
1574 3093 1773 3162 quippe
1814 3092 1907 3161 qui
1937 3106 2064 3145 mox
2098 3090 2184 3144 t’u-

623 3201 801 3244 turam
828 3189 946 3256 ejus
977 3197 1203 3241 mortem
1233 3184 1550 3256 prospiciat.

688 3280 774 3332 15.
812 3277 1066 3330 Dominus
1115 3286 1290 3330 autem
1337 3274 1579 3329 irridebit
1622 3290 1761 3327 eum.
1814 3273 2045 3334 lrridet,
2098 3272 2183 3324 in—
2210 3308 2251 3364 ο

2360 2364 2468 2418 Kal
2493 2362 3059 2431 κατατρυφήσουσιν
3082 2363 3179 2415 ἐπὶ
3201 2362 3414 2428 πλήθει
3434 2362 3695 2430 εἰρήνης.
3722 2362 3861 2433 Τρυ-

2293 2456 2367 2525 φὴ
2396 2456 2626 2519 δικαίου,
2652 2455 2855 2525 πλῆθος
2871 2456 3092 2527 εἰρήνης
3119 2454 3293 2507 ἐστίν·
3318 2454 3553 2507 ἀπάθεια
3574 2453 3630 2506 δὲ
3660 2454 3860 2523 ψυχῆς,

2294 2544 2430 2616 μετά
2458 2544 2711 2613 γνώσεως
2741 2546 2848 2597 τῶν
2870 2544 3038 2598 ὄντων
3064 2543 3314 2616 ἀληθοῦς.

2359 2634 2845 2703 Παρατηρήσεται
2860 2637 2893 2688 ό
2915 2634 3263 2703 ἁμαρτωλὸς
3288 2635 3390 2687 τὸν
3406 2633 3658 2687 δίκαιον.
3694 2633 3868 2685 Τοῦτο

2290 2728 2384 2780 καὶ
2398 2729 2488 2779 ἐπὶ
2502 2725 2594 2778 τοῦ
2611 2726 2854 2778 διαϐόλου
2885 2725 3154 2795 ληφθῆναι
3179 2725 3507 2796 πρόσφορον,
3532 2725 3623 2776 καὶ
3638 2723 3725 2775 διά
3743 2722 3869 2775 τού-

2290 2836 2397 2871 των
2426 2817 2750 2889 παραψυχὴν
2776 2819 2884 2879 τοῖς
2911 2815 3283 2887 ἀδικουμένοις
3302 2816 3618 2887 προσφέρει.
3646 2813 3868 2866 Δείκνυ-

2293 2927 2345 2963 σι
2397 2910 2502 2980 γὰρ
2552 2909 2641 2963 τὸν
2676 2909 2774 2979 μὲν
2805 2909 3118 2979 παράνομον
3153 2907 3421 2959 λυποῦντα
3450 2907 3548 2960 καὶ
3583 2906 3867 2976 μεμηνότα

2291 3000 2431 3053 κατά
2457 2998 2563 3052 τῶν
2592 3001 2922 3071 ἀπράγμονα
2955 2999 3067 3068 βίον
3093 2998 3485 3067 ἀσπαζομένων
3505 3037 3519 3059 ,
3551 2999 3641 3050 τὸν
3684 2996 3744 3049 δὲ
3789 2997 3869 3049 δίο

2289 3106 2441 3141 καιον
2475 3088 2665 3158 κριτὴν
2704 3086 3087 3154 καταγελῶντα
3114 3086 3211 3156 τῆς
3234 3088 3631 3157 ἐγχειρήσεως,
3670 3084 3767 3137 ἅτε
3802 3086 3866 3155 δὴ

2286 3182 2384 3251 τὴν
2416 3182 2635 3250 ταχεῖαν
2665 3177 2829 3231 αὑτοῦ
2864 3177 3118 3248 τελευτὴν
3146 3177 3479 3249 προορῶντα.

2371 3270 2422 3322 Ὀ
2446 3268 2513 3321 δὲ
2530 3270 2744 3337 Κύριος
2766 3266 3152 3337 ἐκγελάσεται
3180 3270 3383 3321 αὐτόν.
3425 3267 3678 3339 Διαγελᾷ,
3708 3268 3867 3336 φησι,

621 3372 759 3441 quit,
794 3380 1140 3440 peccatorum
1170 3367 1396 3423 insidias
1434 3367 1695 3422 adversus
1733 3366 1982 3434 justum;
2009 3361 2185 3417 sciens

2293 3360 2382 3424 τὰς
2434 3361 2574 3414 κατὰ
2632 3359 2726 3412 τοῦ
2781 3359 2987 3411 δικαίου
3027 3356 3317 3420 ἐπιϐουλὰς
3352 3358 3445 3410 τοῦ
3500 3357 3866 3428 ἀμαρτωλοῦ·

622 3466 841 3536 quidem
881 3463 1023 3532 quod
1073 3461 1215 3514 diem
1262 3459 1486 3520 statuit,
1526 3460 1580 3511 in
1623 3471 1733 3525 quo
1785 3454 1914 3508 huic
1963 3452 2185 3522 quidem

622 3567 878 3613 cternam
909 3554 1073 3607 vitam
1099 3593 1114 3615 ,
1150 3551 1223 3604 illi
1275 3564 1403 3603 vero
1436 3548 1824 3618 sempiternum
1861 3545 2184 3616 supplicium

624 3648 902 3702 retribuet.

698 3740 785 3792 Η.
839 3736 1086 3791 Gladium
1126 3736 1523 3804 eoaginaverunt
1570 3739 1933 3800 peccatores...
1980 3728 2187 3798 gladius

624 3847 803 3886 eorum
833 3830 991 3882 intret
1034 3830 1090 3881 in
1122 3828 1281 3881 corda
1308 3827 1560 3893 ipsorum.
1608 3821 1707 3885 Ea,
1737 3821 1947 3890 inquit,
1985 3820 2187 3875 daemo-

625 3939 725 3979 nes
752 3921 892 3976 mala
924 3928 1055 3974 sunt
1081 3914 1346 3988 perpessi,
1383 3930 1505 3984 qua:
1531 3912 1736 3969 sanctis
1762 3911 1963 3967 inferre
1998 3911 2191 3966 molie-

626 4018 846 4071 bantur.

695 4105 783 4160 18.
823 4101 983 4157 Novit
1016 4100 1268 4155 Dominus
1314 4099 1428 4153 uias
1473 4096 1956 4150 immaculatorum.
2002 4093 2057 4148 Id
2089 4099 2191 4155 est,

628 4194 891 4265 approbat
927 4204 983 4246 et
1018 4193 1269 4246 honorat.
1307 4187 1376 4242 Et
1420 4186 1700 4241 hereditas
1737 4201 1917 4240 eorum
1956 4184 2010 4237 in
2044 4193 2195 4237 ceter-

630 4300 754 4338 num
792 4284 913 4336 erit.
944 4281 1274 4349 lncorruptaa
1318 4292 1554 4346 namque
1593 4286 1647 4330 et
1687 4277 2028 4343 sempiterna:
2067 4281 2194 4329 sunt

632 4384 947 4432 sanctorum
983 4372 1283 4428 mercedes.

707 4468 793 4522 l9.
830 4464 951 4519 Non
980 4462 1365 4531 confundentur
1406 4461 1461 4512 in
1502 4468 1728 4527 tempore
1769 4457 1929 4510 malo.
1980 4458 2036 4511 In
2077 4472 2199 4526 per-

633 4558 1000 4619 secutionum,
1038 4553 1235 4622 inquit,
1278 4550 1637 4621 temporibus,
1670 4547 2050 4603 deﬁcientibus
2080 4562 2197 4600 ma-

2286 3451 2461 3515 είδὼς,
2496 3451 2572 3513 ὠς
2605 3450 2830 3518 ἔστησεν
2860 3448 3071 3519 ἡμέραν
3106 3447 3227 3501 καθ’
3255 3449 3320 3519 ἣν
3346 3447 3422 3518 τῷ
3456 3449 3555 3517 μὲν
3592 3446 3870 3501 ἀποδώσει

2286 3544 2384 3614 τὴν
2416 3542 2631 3596 αἰώνιον
2656 3541 2821 3613 ζωὴν,
2845 3541 2923 3612 τῷ
2950 3540 3006 3593 δὲ
3024 3540 3123 3610 τὴν
3148 3539 3364 3593 αἰώνιον
3393 3539 3632 3593 κόλασιν.

2370 3721 2697 3789 Ῥομφαίαν
2716 3719 3066 3773 ἐσπάσαντο
3089 3721 3143 3771 ol
3168 3714 3500 3785 ἁμαρτωλοί
3519 3754 3535 3778 ,
3568 3714 3874 3767 ἐνέτειναν

2289 3812 2469 3875 τόξον
2505 3810 2704 3864 αὐτῶν
2738 3851 2751 3863 .
2786 3850 2800 3864 .
2842 3850 2856 3863 .
2890 3811 2929 3877 ἡ
2974 3809 3240 3877 ῥομφαία
3266 3805 3465 3860 αὐτῶν
3494 3804 3757 3858 εἰσέλθοι
3788 3807 3875 3868 εἰς

2290 3901 2541 3970 καρδίαν
2566 3899 2784 3955 αὐτῶν.
2807 3898 3011 3962 Ταῦτα,
3036 3896 3189 3966 φησι,
3216 3894 3546 3948 πεπόνθασιν
3572 3893 3621 3945 οί
3643 3895 3877 3963 πονηροὶ

2291 3994 2563 4064 δαίμονες,
2593 3991 2630 4045 ἃ.
2665 3992 2909 4062 ποιήσειν
2941 3991 3053 4052 τοῖς
3080 3988 3256 4057 ἁγίοις
3288 3983 3705 4038 ἐπεϐούλευσαν.

2364 4085 2658 4142 Γινώσκει
2680 4086 2895 4152 Κύριος
2929 4082 3035 4147 τὰς
3062 4080 3241 4145 ὀδοὺς
3270 4077 3388 4131 τῶν
3421 4075 3691 4145 ἀμώμων.
3724 4074 3874 4126 Ἀντ“ι

2292 4176 2409 4241 τοῦ,
2439 4176 2759 4246 ἀποδέχεται
2781 4173 3047 4243 καὶτιμᾷ.
3087 4170 3196 4224 Καὶ
3217 4172 3255 4237 ἠ
3280 4167 3646 4235 κληρονομία
3676 4163 3879 4218 αὐτῶν

2294 4273 2381 4335 είς
2411 4267 2599 4323 αίῶνα
2626 4267 2816 4322 ἔσται.
2881 4263 3183 4336 Ἀφθαρτοι
3233 4260 3342 4331 γάρ
3374 4258 3470 4313 καὶ
3511 4255 3720 4310 αίώνιοι
3768 4256 3880 4309 τῶν

2299 4362 2468 4429 ἁγίων
2500 4359 2555 4411 αἱ
2590 4356 2990 4417 ἀνταποδόσεις.

2365 4457 2448 4508 Οὐ
2490 4449 3116 4520 καταισχυνθήσογται
3151 4447 3221 4499 ἐν
3258 4444 3436 4514 καιρῷ
3465 4441 3725 4509 πονηρῷ.
3792 4442 3883 4495 Ἐν

2300 4550 2412 4609 τοῖς
2440 4545 2549 4597 τῶν
2579 4541 2856 4613 διωγμῶν,
2901 4539 3067 4609 φησὶ,
3104 4540 3333 4607 καιροῖς,
3381 4534 3740 4587 ἐκλειπόντων
3772 4533 3884 4587 τῶν

633 4649 839 4721 gistris,
866 4648 978 4715 ipse
1001 4644 1267 4699 Dominus
1288 4648 1479 4712 suopte
1508 4642 1701 4711 spiritu
1730 4640 1967 4693 enutriet
1989 4653 2084 4693 eos
2105 4638 2186 4708 qui

2302 4636 2659 4699 διδασκάλων,
2683 4632 2844 4695 αὐτὸς
2872 4633 2900 4684 ό
2918 4632 3121 4703 Κύριος
3142 4627 3218 4697 τῷ
3244 4626 3434 4681 ἐαυτοῦ
3463 4625 3731 4696 πνεύματι
3759 4624 3887 4696 θρέ-

637 4744 697 4797 in
722 4743 898 4810 ipsum
927 4736 1273 4792 crediderint.

704 4830 863 4904 [Non
884 4827 1271 4897 confundentur
1302 4827 1353 4879 in
1379 4836 1602 4892 tempore
1635 4824 1796 4876 malo.
1833 4820 2031 4875 Malum
2061 4831 2201 4875 tem-

635 4942 740 4996 pus
768 4935 851 4980 est
900 4924 996 4977 ira:
1026 4936 1090 4975 ac
1121 4919 1324 4974 furoris
1369 4928 1559 4974 contra
1605 4917 1803 4985 impios
1824 4956 1839 4979 ,
1871 4912 2089 4983 quando
2124 4910 2202 4965 illi

638 5018 857 5089 quidem
878 5015 1085 5083 justum
1114 5010 1206 5065 Dei
1233 5010 1494 5079 judicium
1521 5006 1871 5075 experientur
1897 5021 1909 5068 ;
1946 5002 2077 5070 justi
2108 5016 2205 5055 au-

643 5120 753 5166 tem
796 5109 1024 5179 gloriam
1050 5147 1069 5174 ,
1107 5108 1401 5164 honorem,
1442 5097 1905 5167 incorruptionem
1946 5104 1999 5148 et
2037 5093 2206 5147 vitam

642 5210 897 5255 aeternam
927 5191 1372 5265 consequentur.]

710 5297 803 5349 ει.
845 5294 1175 5349 Mutuabitur
1203 5300 1464 5359 peccator,
1497 5297 1545 5341 et
1577 5304 1679 5341 non
1701 5287 1878 5340 solvet.
1923 5282 2036 5339 Non
2091 5300 2213 5353 gra-

652 5389 752 5444 tias
780 5386 919 5456 agit,
957 5385 1134 5455 inquit
1158 5421 1173 5445 ,
1206 5391 1487 5450 peccator,
1523 5378 1588 5432 de
1635 5378 1848 5433 collatis
1890 5376 1993 5430 sibi
2038 5391 2067 5428 a
2104 5374 2213 5427 Deo

655 5478 953 5533 beneﬂciis.
984 5475 1170 5529 Justus
1212 5481 1384 5525 autem
1415 5472 1713 5533 miseretur,
1732 5480 1780 5522 et
1812 5466 2013 5520 tribuit.
2049 5464 2210 5518 Mise-

654 5571 942 5625 ricordiam
980 5564 1350 5622 retributionis
1380 5566 1499 5618 loco
1530 5562 1713 5626 solvit,
1736 5559 2028 5614 Dominum
2052 5570 2209 5612 suum

711 5822 755 5851 ⁸³⁷
785 5818 884 5871 .lob
921 5835 991 5881 ιγ,
1020 5819 1073 5872 7.
1144 5816 1187 5847 ⁸⁸
1227 5814 1339 5869 Jac.
1374 5833 1410 5879 ι,
1452 5817 1542 5869 20.

2304 4730 2394 4799 ψει
2425 4729 2550 4790 τοὺς
2584 4728 2664 4787 είς
2696 4723 2856 4777 αὑτὸν
2887 4720 3255 4782 πιστεύοντας.
3828 4790 3839 4800 _

2378 4820 2501 4892 [Οὐ
2562 4812 3184 4883 καταισχυνθήσονται
3240 4810 3310 4863 ὲν
3379 4804 3559 4875 καιρῷ
3620 4806 3883 4892 πονηρῷ,

2310 4891 2514 4983 καιρὸς
2541 4907 2773 4978 πονηρὸς
2800 4907 2829 4957 ὁ
2860 4907 2959 4974 τῆς
2984 4902 3124 4956 κατὰ
3150 4900 3257 4953 τῶν
3284 4899 3495 4953 ἀσεϐῶν
3521 4899 3690 4969 ὀργῆς
3709 4936 3724 4960 ,
3762 4898 3821 4949 ἐν
3842 4891 3889 4965 ᾧ

2310 5006 2361 5057 οἰ
2392 5004 2488 5073 μὲν
2518 5001 2615 5071 τῆς
2641 4996 3035 5067 δικαιοκρισίας
3068 4994 3162 5047 τοῦ
3186 4990 3320 5046 Θεοῦ
3352 4991 3771 5062 πειραθήσονται
3792 5009 3805 5020 ·
3838 4991 3887 5043 οἱ

2312 5095 2369 5147 δὲ
2389 5093 2545 5158 δόξαν
2564 5091 2658 5144 καὶ
2679 5088 2863 5159 τιμὴν,
2896 5086 2989 5139 καὶ
3013 5082 3339 5155 ἀφθαρσίαν,
3382 5084 3477 5139 καὶ
3501 5080 3643 5151 ζωὴν
3671 5082 3886 5135 αἰώνιον

2314 5185 2695 5257 ἀπολήψονται.
2716 5182 2735 5253 ]

2394 5275 2724 5335 Δανείζεται
2750 5278 2780 5327 ὁ
2804 5269 3168 5341 ἁμαρτωλὸς,
3197 5268 3293 5321 καὶ
3314 5269 3425 5320 οὐκ
3445 5265 3739 5320 ἀποτίσει.
3775 5266 3889 5319 Οὐκ

2319 5369 2640 5430 ἀντιδίδωσι,
2672 5366 2853 5437 φησιν,
2882 5366 2911 5417 ὁ
2938 5359 3257 5433 ἁμαρτωλὸς
3282 5358 3627 5428 εὐχαριστίαν
3654 5357 3797 5429 ὑπὲρ
3817 5351 3889 5409 ὧν

2319 5462 2685 5533 εύεργετεῖται
2716 5456 2865 5528 παρά
2904 5453 3060 5506 Θεοῦ.
3108 5452 3170 5504 '0
3217 5448 3285 5502 δὲ
3327 5448 3557 5513 δίκαιος
3594 5449 3888 5516 olnt-clpa,

2322 5552 2417 5604 καὶ
2450 5550 2713 5603 δίδωσιν.
2785 5543 3113 5598 Ἀντιδίδωσι
3134 5583 3147 5606 ,
3201 5539 3364 5611 φησὶν
3386 5578 3400 5602 ,
3426 5536 3767 5606 οίκτιρμοὺς,
3803 5537 3891 5589 τὸν

2324 5642 2514 5697 ἐαυτοῦ
2546 5641 2818 5710 Δεσπότην
2851 5637 3197 5709 μιμούμενος.
