4034 6450
151 420 243 474 18ὶ

219 540 346 592 Ὅτι
405 537 459 588 ol
500 527 892 600 εὐλογοῦντες
949 520 1133 577 αὐτὸν

148 630 279 703 γῆν.
348 629 571 697 Ὅμοιον
600 622 662 676 τὸ
698 618 984 690 εἰρημένον
1041 612 1175 684 πρὸς
1217 607 1491 678 Ἀδραάμ·
1573 601 1717 664 Τοὺς

597 728 670 766 σε
715 688 1026 775 εὐλογήσω
1047 742 1061 767 ,
1095 700 1191 755 καὶ
1223 698 1363 763 τοὺς
1394 688 1720 761 καταρωμέ-

148 832 295 877 νους
320 826 395 864 σε
418 802 844 872 καταράσομαι.

216 871 389 969 Παρὰ
412 871 631 963 Κυρίου
657 893 729 945 τὰ
756 887 1083 956 διαδήματα
1100 878 1410 949 ἀνθρώπου
1441 871 1722 928 κατευθύ-

149 962 334 1045 νεταιν.
371 962 738 1053 Ἀπόδὲχεται,
760 978 944 1048 φησὶν,
970 976 1035 1045 ἥν
1066 973 1296 1025 ποιεῖται
1324 965 1466 1020 κατὰ
1492 963 1581 1016 τὸν
1610 962 1721 1032 βίον

152 1078 465 1153 πρακτικὴν
493 1071 737 1145 πορείαν.

222 1173 410 1223 Ὅταν
446 1163 603 1231 πέσῃ
637 1165 708 1216 οὐ
743 1155 1311 1228 καταρῤαχθήσεται.
1366 1150 1429 1203 Ei
1459 1149 1586 1211 καὶ,
1619 1162 1722 1215 φη-

152 1266 257 1327 σιν,
298 1258 482 1330 συμϐῇ
515 1255 689 1323 ὀλίγον
718 1271 768 1307 τι
797 1247 1214 1323 παρασφαλῆναι
1245 1244 1335 1297 τὸν
1362 1242 1595 1301 δίκαιον,
1627 1237 1725 1295 οὐκ

152 1353 541 1424 ἁδικηθήσεται
575 1346 712 1415 ἔχων
749 1338 1190 1412 ἀντιστηρίζοντα
1215 1336 1305 1388 τὸν
1331 1333 1483 1387 Θεόν.

226 1421 383 1501 Οὗδε
415 1442 482 1499 τὸ
529 1442 766 1509 σπέρμα
814 1434 997 1490 αὐτοῦ
1048 1427 1263 1497 ζητοῦν
1299 1426 1533 1495 ἄρτους.
1591 1421 1727 1481 Τοὺς

152 1537 381 1609 νοητούς
416 1554 600 1607 φησιν,
628 1531 821 1594 οἵτινές
846 1532 981 1582 εἰσιν
1013 1527 1061 1582 ei
1095 1524 1224 1577 θεῖοι
1254 1519 1421 1586 λόγοι.

226 1605 337 1683 Καὶ
362 1605 748 1692 κατασκήνω
771 1624 858 1687 εὶς
874 1618 1057 1672 αιῶνα
1080 1614 1311 1678 αἰῶνος.
1339 1608 1447 1661 Καὶ
1478 1605 1731 1675 κληρονο-

161 1725 373 1794 μήσεις,
408 1721 560 1791 φησι,
588 1718 683 1780 τὰς
710 1713 958 1774 αἰωνίους
992 1707 1214 1779 σκηνάς.

226 1784 450 1867 λικᾴιὸι
472 1784 542 1863 δὲ
569 1802 1094 1875 κληρονομήσουσι
1136 1796 1270 1865 γῆν.
1330 1784 1603 1857 Πολλαχοῦ
1635 1785 1731 1855 τῆς

158 1904 441 1975 διδομένης
474 1904 575 1972 γῆς
604 1902 712 1962 τοῖς
746 1895 973 1967 πραέσιν
1006 1886 1397 1961 ἐμνημόνευσε,
1436 1875 1733 1951 προτρεπό-

164 2012 324 2067 μενος
354 1996 433 2057 είς
461 1990 751 2060 ἐπιθυμίαν
781 1986 967 2055 αὐτῆς.
1360 1998 1365 2001 ·

234 2088 433 2154 Στόμα
455 2082 687 2137 δικαίου
713 2074 1030 2148 μελετήσει
1050 2071 1291 2140 σοφίαν.
1315 2068 1606 2135 Προσήκει,
1639 2076 1740 2129 φη-

166 2180 282 2242 σὶν,
315 2152 421 2230 κνᾶν
452 2178 517 2246 τῇ
547 2172 782 2245 γλώττῃ,
818 2169 918 2223 κᾶν
950 2170 1006 2221 ἐν
1037 2168 1103 2236 τῇ
1128 2161 1333 2231 διανοίᾳ
1365 2158 1435 2212 τὰ
1456 2156 1572 2209 θεῖα
1586 2152 1740 2219 λόγια

166 2242 516 2337 περιφέρειν,⁷
546 2262 640 2314 καὶ
665 2242 763 2330 τὴν
789 2257 992 2311 τούτων
1022 2252 1248 2324 μελέτην
1278 2244 1541 2301 ποιεῖσθαι
1569 2242 1741 2310 διηνε-

166 2332 321 2419 κῶςί
343 2332 512 2415 ουτως
539 2351 645 2421 γὰρ
670 2350 730 2402 τὸ
751 2345 1020 2418 πρακτέον
1053 2340 1336 2414 μανθάνων
1365 2338 1393 2388 6
1416 2336 1514 2405 τῆς
1543 2332 1742 2402 ἀρετῆς

166 2450 404 2523 ἐραστὴς
424 2488 438 2511 ,
465 2444 705 2516 ἀτρεμὴς
738 2442 887 2511 μενεῖ
914 2439 1005 2492 καὶ
1026 2434 1339 2495 ἀσάλευτος,
1361 2429 1467 2483 τῶν
1484 2424 1745 2482 καταϐάλ-

166 2545 279 2596 λειν
314 2536 731 2609 ἐπιχειρούντων
771 2530 1205 2603 περιγενόμενος.
1242 2522 1427 2577 Ταῦτα
1468 2520 1560 2573 καὶ
1588 2520 1642 2570 ἐν
1669 2516 1745 2585 τῷ

168 2632 373 2706 πρώτῳ
406 2607 603 2700 ᾇαλμῷ
652 2627 754 2695 ἔφη
777 2643 790 2655 ·
850 2623 1010 2677 Ἀλλ’
1036 2622 1104 2675 ἐν
1137 2616 1214 2683 τῷ
1243 2617 1402 2685 νόμῳ
1428 2610 1647 2679 Κυρίου
1680 2607 1743 2659 τὸ

170 2698 402 2793 Θελιυια
422 2698 619 2773 αὑτοῦ
640 2756 654 2780 ,
690 2714 787 2769 καὶ
812 2713 880 2766 ἐν
908 2711 987 2776 τῷ
1017 2711 1176 2777 νόμῳ
1208 2704 1392 2760 αὐτοῦ
1428 2698 1747 2771 μελετήσει

168 2790 396 2885 ἡμέρας
419 2811 517 2865 καὶ
552 2808 807 2872 νυκτὸς,
840 2806 932 2857 καί
964 2801 1034 2855 τὰ
1071 2800 1216 2871 ἐΕῆς.
1269 2798 1377 2851 Καὶ
1423 2795 1461 2863 ή
1498 2790 1749 2863 γλῶσσα

169 2884 361 2961 αυτοῦ
388 2901 645 2969 λαλήσει
682 2897 902 2965 κρίσιν.
951 2890 1357 2962 Δικαιοκρισίαν
1388 2888 1448 2939 οὐ
1472 2885 1570 2956 τὴν
1599 2884 1750 2935 δικα-

173 2998 388 3065 στικὴν,
424 2991 556 3046 ἀλλὰ
580 2991 677 3062 τὴν
711 2988 769 3054 ἐξ
803 2982 1074 3046 ἀπλανοῦς
1098 2982 1193 3036 καὶ
1224 2978 1409 3049 ὑγιοῦς
1442 2974 1746 3049 κριτηρίου.

254 3089 316 3141 '0
350 3088 535 3153 νόμος
564 3080 669 3135 τοῦ
702 3077 849 3133 Θεοῦ
886 3077 955 3129 ἐν
988 3072 1202 3142 καρδίᾳ
1238 3068 1454 3153 αυτοῦ,
1500 3067 1597 3120 καὶ
1638 3066 1750 3131 οὐχ

175 3275 208 3325 d
236 3263 584 3338 ἁμαρτωλὸς
606 3261 713 3314 τὸν
741 3260 995 3337 δίκαιον.
1040 3254 1092 3306 '0
1122 3252 1189 3306 δὲ
1214 3253 1445 3320 Κύριος.
1476 3246 1755 3323 Διαφόρως

175 3364 244 3414 τὰ
276 3357 416 3413 αὐτὰ
449 3356 613 3423 λέγει,
640 3355 707 3423 τῇ
741 3350 946 3404 πλείονι
973 3346 1169 3419 μελέτῃ
1201 3341 1574 3415 μονιμωτέραν
1597 3356 1760 3393 κατα-

178 3449 463 3513 σκευάζων
488 3448 586 3518 τὴν
619 3446 860 3515 μνήμην.
893 3441 1055 3508 Λέγει
1084 3438 1139 3490 δέ
1164 3453 1179 3469 ⁸
1215 3436 1287 3489 Ού
1322 3432 1637 3503 περιόψεται
1669 3430 1759 3482 τὸν

178 3544 389 3594 δίκαιον
420 3538 453 3589 6
480 3536 753 3602 Δεσπότης
790 3528 1270 3597 ἐπιϐουλευόμενον
1305 3525 1409 3576 ὑπὸ
1442 3523 1550 3575 τῶν
1590 3538 1761 3591 πονη·

183 3630 315 3702 ρῶν,
347 3627 467 3681 οὐδὲ
495 3623 885 3694 συμψηφιεῖται
908 3620 1090 3681 αὐτοῖς
1121 3616 1189 3669 τὰ
1211 3613 1437 3669 τοιαῦτα
1458 3611 1754 3680 τολμῶσιν·

180 3698 295 3775 αλλ’
332 3714 713 3788 ύπερπηδῆσαι
749 3708 1159 3783 παρασκευάσει
1188 3705 1256 3758 τὰ
1277 3704 1489 3758 δίκτυα.
1543 3698 1761 3768 Ταύτης

183 3814 500 3884 ἁπὴλαυσεν
539 3806 786 3877 Ἀϐραὰμ
826 3805 923 3872 τῆς
968 3799 1256 3871 προνοίας,
1308 3798 1388 3859 δῖς
1424 3792 1762 3866 ἁρπαγείσης

182 3906 281 3974 τῆς
311 3902 526 3971 Σάρρας
550 3915 563 3929 ’
614 3897 816 3965 ταύτης
844 3896 872 3946 6
912 3892 1093 3945 Ἰσαὰκ
1117 3932 1130 3955 ,
1178 3888 1309 3943 αὐτὸ
1353 3885 1509 3939 τοῦτο
1541 3882 1726 3936 παθών
1745 3899 1757 3913 ο

182 3996 389 4064 ταύτης
420 3994 447 4045 6
484 3987 696 4051 Ἰακὼϐ,
715 3987 805 4040 ὑπ’
825 3982 1051 4051 ἀδελφοῦ
1076 3982 1168 4034 καὶ
1188 3975 1448 4051 κηδεστοῦ
1469 3975 1661 4044 φθονού
1671 3991 1759 4043 με·

185 4105 274 4151 νος
294 4105 309 4117 ·
350 4082 553 4154 ταύτης
581 4083 609 4135 6
657 4079 878 4149 Ἰωσὴφ,
902 4076 1004 4129 ὑπὸ
1038 4073 1231 4143 φθόνου
1263 4071 1356 4124 καὶ⁸
1406 4066 1763 4136 συκοφαντίας

185 4174 539 4247 πολεμηθείς.
595 4171 705 4226 Καὶ
732 4170 782 4223 τί
815 4170 896 4222 δεῖ
927 4164 1248 4233 καταλέγειν
1280 4164 1524 4225 ἃπαντα;
1584 4158 1763 4231 ῥᾴδιον

186 4269 299 4340 γὰρ
319 4269 433 4330 τοῖς
464 4261 785 4333 φιλομαθέσι
814 4260 908 4312 καὶ
930 4258 997 4311 τὰ
1021 4256 1190 4309 πάλαι
1221 4251 1486 4317 συλλέξαι,
1515 4250 1605 4303 καὶ
1627 4249 1762 4302 θεω-

191 4360 357 4430 ρῆσαι
384 4353 453 4407 τὰ
484 4352 599 4407 νέα.

256 4444 415 4502 Οὐδὲ
436 4443 523 4513 μὴ
578 4439 1030 4495 καταδικασεται
1080 4435 1265 4491 αὐτὸν
1304 4434 1450 4488 ὅταν
1498 4431 1763 4501 κρίνηται

188 4540 399 4595 αὐτόν.
438 4537 579 4591 ’Δντὶ
602 4534 719 4599 τοῦ,
755 4536 812 4587 ἐν
840 4532 918 4602 τῷ
946 4528 1221 4601 κρίνεσθαι
1253 4526 1434 4580 αὐτόν.

276 4634 381 4686 Ἐν
410 4627 491 4694 τῷ
514 4625 1001 4693 ἐξολυθρεύεσθαι
1038 4618 1417 4689 ἁμαρτωλοὺς
1444 4616 1595 4684 ὄψει.
1645 4614 1767 4667 Ἑκ-

191 4722 584 4791 κοπτομένους,
616 4718 770 4787 φησὶ,
815 4716 940 4778 τοὺς
964 4710 1320 4784 ἁμαρτωλοὺς
1346 4710 1532 4781 θεάσῃ.

259 4811 442 4868 Εἷδον
466 4813 572 4865 τὸν
594 4807 781 4876 ἀσεϐῆ
807 4807 1324 4875 ὐπερυψούμενον,
1350 4802 1447 4855 καὶ
1472 4799 1769 4866 ἐπαιρόμε-

192 4924 308 4961 νον
337 4907 418 4970 ὡς
448 4902 555 4969 τὰς
589 4902 837 4969 κέδρους
870 4898 974 4951 τοῦ
1009 4895 1284 4952 Λιϐάνου.
1352 4892 1507 4947 Κατὰ
1533 4893 1592 4944 τὸ
1618 4892 1769 4961 εἰρη-

198 4997 385 5069 μένον·
419 4992 565 5047 Σκιὰ
593 4994 624 5045 ὀ
648 4991 789 5055 βίος
818 4987 1003 5057 ἡμῶν.

272 5088 385 5142 Καὶ
418 5084 726 5153 παρῆλθον
749 5124 764 5146 ,
815 5085 912 5136 καὶ
948 5080 1074 5135 ῑδοὺ
1105 5082 1215 5133 οὐκ
1254 5075 1350 5147 ἦν.
1409 5076 1769 5145 Θεασάμενος,

200 5182 387 5250 φησιν,
409 5177 604 5247 ἄνδρας
629 5176 894 5245 πονηροὺς
947 5171 1368 5242 εὑημεροῦντας,
1392 5168 1630 5220 ἐνενόουν
1658 5165 1773 5228 πῶς

199 5269 392 5322 τούτου
414 5265 701 5334 ἐπέτυχον·
754 5260 868 5315 εἶτα
905 5261 1125 5314 τοιαῦτα
1173 5258 1367 5312 ἐννοῶν
1415 5257 1506 5309 καὶ
1548 5254 1773 5325 δεύτερα

203 5358 626 5429 βουλευόμενος,
680 5354 949 5425 θεωρῆσαι
981 5353 1176 5414 αὐτοὺς
1228 5351 1325 5403 ούκ
1381 5350 1606 5419 ἰσχυσα·
1659 5347 1773 5400 ἀλλ’

199 5452 325 5504 οὸδέ
362 5449 451 5501 τὸν
484 5448 664 5511 τόπον,
698 5448 753 5498 ἐν
782 5439 825 5513 ᾧ
858 5446 1075 5498 ἑστάναι
1108 5443 1341 5506 ἐδόκουν,
1362 5442 1460 5493 ούκ
1491 5440 1772 5509 ἠδυνάμην

202 5542 403 5611 εὑρεῖν.

276 5631 563 5681 φύλασσε
590 5626 863 5687 ἀκακίαν,
900 5640 991 5676 και
1028 5623 1115 5677 ἴδε
1145 5624 1453 5689 εὐθύτητα,
1495 5622 1580 5673 ὅτι
1606 5620 1775 5673 ἐστιν

288 5787 333 5821 υ
362 5784 495 5837 Gen.
535 5782 703 5843 xu,3.
776 5783 819 5813 θα
850 5780 994 5837 Psal.
1030 5800 1065 5845 ι,
1107 5783 1159 5834 2.
1242 5783 1279 5812 ’³
1316 5778 1415 5835 Joh
1451 5797 1567 5841 νιιι,
1597 5780 1650 5833 9.

1198 389 1570 454 EXPOSI'IIO
1612 386 1674 441 IN
1708 379 2045 438 PSALMUM
2089 372 2328 431 XXX“.

1191 512 1718 583 κληρονομήσουσι
1746 556 1751 566 1

1886 502 1975 557 ‘22.
2012 499 2150 565 Quia
2182 494 2532 550 benedicentes
2555 488 2600 541 ei
2632 479 3014 539 Increditabunt
3044 484 3234 527 terram
3289 469 3347 522 Si

3270 351 3375 405 ηε

1820 595 1943 648 mile
1968 592 2095 646 huic
2124 589 2254 643 illud
2288 586 2353 639 ad
2402 580 2675 636 Abraham
2717 576 2921 629 dictum
2952 587 2965 621 :
3004 566 3346 622 Benedicente

1821 698 1868 743 te
1898 685 2215 749 benedicam,
2239 688 2286 734 et
2318 674 2681 730 maledicentes
2712 679 2757 723 te
2781 665 3094 721 maledicam
3118 660 3183 713 ".

1888 867 1978 921 25.
2011 863 2160 934 Apud
2210 859 2491 914 Dominum
2537 866 2743 924 gressus
2791 845 3018 901 hominis
3064 841 3355 909 dirigentur

1823 958 2052 1027 Recipit,
2084 954 2179 1019 ait,
2207 948 2508 1006 mercedem
2545 957 2772 1014 operum
2798 981 2813 1007 ,
2842 953 2964 1008 qua:
2995 937 3133 989 hanc
3166 928 3374 1001 agendo

1822 1053 1987 1106 vitam
2017 1046 2201 1102 edidit.

1893 1140 1984 1194 24.
2021 1137 2153 1191 Cum
2185 1130 2427 1187 ceciderit
2445 1143 2548 1181 non
2582 1122 2882 1178 collidetur.
2915 1112 3163 1177 Etiamsi,
3192 1108 3383 1178 inquit,

1826 1229 2109 1299 contigerit
2151 1225 2489 1293 aliquantum
2532 1216 2641 1269 labi
2676 1215 2883 1277 justum
2909 1249 2923 1272 ,
2970 1206 3105 1261 nihil
3148 1204 3274 1257 hinc
3311 1200 3387 1254 illi

1828 1321 1954 1377 mali
1982 1298 2211 1379 eveniet,
2237 1328 2359 1369 cum
2393 1310 2559 1364 Deum
2588 1306 2783 1360 habeat
2806 1317 2865 1358 se
2901 1298 3331 1355 conﬁrmantem.

1897 1413 1988 1466 23.
2043 1408 2153 1463 Nec
2200 1421 2371 1461 semen
2408 1402 2521 1470 ejus
2565 1413 2800 1469 quaerens
2848 1409 3026 1462 panes.
3072 1385 3392 1460 Spirituales

1829 1502 2054 1562 scilicet,
2090 1496 2183 1567 qui
2215 1502 2343 1550 sunt
2366 1490 2535 1547 divini
2570 1500 2871 1544 sermones.

1897 1591 1986 1645 27.
2015 1587 2084 1641 Et
2108 1584 2345 1639 inhabile
2368 1582 2419 1634 in
2442 1578 2692 1634 sweulum
2714 1574 2917 1630 saeculi.
2945 1572 3017 1628 Et
3049 1568 3387 1633 haereditate,

1833 1683 2031 1753 inquit,
2063 1677 2299 1746 accipies
2328 1682 2529 1728 aeterna
2557 1667 2926 1726 tabernacula.

1898 1750 1988 1827 99.
2024 1768 2168 1824 Justi
2194 1775 2366 1819 autem
2406 1758 2785 1815 haereditabunt
2810 1767 3025 1809 terram.
3060 1750 3383 1817 Plerumque

1764 1843 1807 1899 Β
1835 1865 2016 1919 datam
2046 1856 2344 1915 mansuetis
2385 1864 2581 1908 terram
2618 1849 2969 1911 memoravit,
3008 1848 3072 1899 ad
3114 1843 3232 1911 ejus
3260 1854 3396 1895 con-

1839 1952 2233 2025 cupiscentiam
2263 1948 2600 2009 cohortatus.

1909 2024 1995 2101 30.
2039 2042 2110 2099 0s
2146 2042 2282 2112 justi
2321 2036 2663 2091 meditabitur
2704 2031 3043 2101 sapientiam.
3089 2024 3393 2088 Convenit,

1841 2135 2037 2205 inquit,
2073 2132 2185 2188 sive
2220 2130 2404 2197 lingua
2426 2167 2441 2193 ,
2474 2125 2589 2179 sive
2622 2130 2802 2176 mente
2834 2119 3016 2173 divina
3044 2116 3258 2184 eloquia
3291 2114 3397 2167 cir-

1842 2224 2131 2287 cumferre,
2151 2222 2205 2275 in
2228 2230 2527 2287 eorumque
2549 2210 2902 2267 meditatione
2928 2204 3147 2261 assidue
3169 2204 3398 2257 versari.

1842 2325 1921 2375 Ita
1944 2319 2089 2373 enim
2114 2330 2237 2370 cum
2271 2310 2403 2383 quid
2433 2306 2705 2379 agendum
2739 2305 2812 2360 sit
2853 2298 3137 2356 edidicerit
3166 2299 3259 2367 qui
3288 2294 3404 2349 vir-

1842 2411 1975 2467 tutis
2019 2420 2209 2462 amans
2256 2412 2359 2465 est,
2408 2396 2708 2466 intrepidus
2757 2395 3127 2460 immotusque
3167 2386 3408 2442 manebit

1846 2505 2110 2558 adversus
2150 2511 2246 2553 eos
2290 2495 2384 2565 qui
2429 2489 2661 2560 dejicere
2714 2486 2890 2556 ipsum
2941 2479 3232 2535 voluerint.
3287 2477 3412 2532 liae

1846 2595 2011 2651 etiam
2048 2590 2183 2645 dixit
2208 2586 2420 2657 psalmo
2451 2583 2627 2653 primo
2660 2595 2673 2632 :
2709 2576 2811 2633 Sed
2848 2577 2904 2628 in
2935 2574 3042 2643 lege
3084 2570 3295 2625 Domini
3322 2584 3411 2622 vo-

1847 2688 2023 2739 luntas
2055 2681 2188 2751 ejus,
2211 2687 2261 2732 et
2288 2679 2344 2730 in
2396 2675 2504 2743 lege
2537 2672 2649 2741 ejus
2682 2667 3024 2722 meditabitur
3071 2663 3154 2717 die
3195 2678 3256 2715 ac
3312 2676 3405 2713 no-

1847 2777 2009 2841 cte",
2043 2750 2149 2829 etc.
2174 2769 2241 2824 Et
2268 2770 2446 2837 lingua
2462 2763 2572 2834 ejus
2594 2762 2831 2830 loquetur
2837 2756 3121 2826 judicium.
3144 2750 3414 2807 Iudicium

1846 2869 2078 2938 justum,
2110 2877 2218 2918 non
2246 2858 2481 2919 forense,
2518 2852 2612 2909 sed
2642 2848 2783 2918 quod
2810 2848 2864 2901 in
2902 2845 2995 2899 illo
3024 2857 3158 2897 sano
3188 2849 3241 2894 et
3275 2856 3415 2894 nun-

1850 2973 2013 3031 quam
2039 2961 2258 3011 errante
2287 2946 2545 3004 tribunali
2580 2943 2774 2999 fertur.

1921 3050 2010 3111 31,
2045 3044 2134 3100 32.
2162 3041 2270 3095 Lex
2296 3039 2393 3092 Dei
2421 3037 2534 3106 ejus
2559 3036 2613 3089 in
2643 3034 2798 3087 corde
2837 3030 3002 3100 ipsius
3023 3069 3038 3093 ,
3069 3036 3119 3080 et
3153 3040 3256 3078 non
3297 3039 3417 3091 sup-

1853 3138 2236 3213 plantabuntur
2274 3145 2478 3203 gressus
2523 3128 2657 3197 ejus.
2706 3122 3018 3179 Considerat
3054 3125 3295 3187 peccator
3329 3114 3417 3182 ju-

1861 3203 2021 3285 stum.
2050 3225 2309 3280 Dominus
2333 3229 2532 3283 autem,
2555 3225 2660 3271 etc.
2695 3212 2868 3267 Variis
2889 3210 3078 3266 eadem
3106 3209 3219 3275 ipsa
3247 3203 3420 3258 modis

1864 3322 2088 3394 profert,
2124 3313 2318 3385 majori
2348 3313 2439 3366 illa
2468 3325 2598 3364 cura
2628 3317 2682 3362 et
2715 3303 3068 3360 meditatione
3091 3298 3422 3355 stabiliorem

1860 3386 2060 3483 parans
2092 3407 2171 3462 rei
2218 3403 2562 3459 memoriam.
2612 3397 2701 3450 Ait
2738 3403 2919 3448 autem
2959 3411 2972 3446 :
3012 3389 3128 3444 Non
3186 3386 3421 3457 negliget

1858 3478 2065 3575 justum
2111 3497 2373 3551 Dominus
2403 3489 2776 3561 improborum
2834 3482 3045 3538 insidiis
3084 3478 3380 3549 appetitum
3408 3516 3424 3541 ,

1863 3569 2038 3663 neque
2064 3605 2169 3644 una
2210 3585 2482 3641 calculum
2534 3580 2672 3635 feret
2708 3593 2834 3633 cum
2874 3575 2955 3631 eis
2990 3573 3114 3629 talia
3158 3569 3426 3626 molienti-

1860 3690 1964 3744 bus
1990 3703 2003 3739 :
2038 3684 2131 3741 sed
2160 3681 2371 3738 curabit
2401 3690 2460 3732 ut
2490 3676 2627 3731 retia
2656 3675 2746 3729 ille
2777 3671 3070 3727 transiliat.
3104 3663 3426 3736 Huiusmodi

1862 3777 2201 3851 providentia
2237 3772 2520 3827 fruebatur
2562 3766 2841 3822 Abraham
2868 3803 2882 3828 ,
2935 3761 3070 3816 Sara
3106 3760 3191 3812 bis
3226 3766 3379 3824 rapta
3409 3773 3424 3809 :

1862 3845 2234 3931 eademlsaac,
2263 3864 2356 3935 qui
2387 3863 2621 3931 idipsum
2644 3871 2836 3929 passus
2862 3862 2945 3908 est
2972 3872 2985 3907 :
3012 3850 3199 3906 eadem
3230 3845 3425 3910 Jacob,

1865 3965 2032 4019 fratre
2056 3974 2111 4016 et
2139 3973 2330 4015 socero
2358 3952 2722 4009 invidentibus
2761 3970 2773 4003 :
2810 3947 2999 4001 eadem
3024 3941 3226 4012 Joseph
3250 3942 3422 3996 livore

1863 4065 1918 4112 et
1942 4052 2213 4109 calumnia
2255 4049 2624 4115 impugnatus.
2678 4038 2882 4108 Ecquid
2926 4051 3063 4107 opus
3108 4035 3293 4091 omnia
3334 4046 3423 4086 re-

1866 4140 2138 4200 censere?
2167 4136 2325 4192 facile
2352 4146 2585 4201 namque
2612 4136 2695 4184 est
2718 4126 2964 4182 studioso
2996 4123 3195 4192 cuique
3235 4130 3290 4175 et
3337 4135 3428 4174 ve-

1866 4248 1978 4292 tera
2004 4232 2276 4301 colligere,
2305 4234 2359 4282 et
2382 4238 2518 4279 nova
2555 4219 3004 4276 animadvertere.

1940 4436 2030 4491 53.
2058 4432 2167 4486 Nec
2194 4428 2467 4484 damnabit
2490 4440 2606 4480 eum
2634 4438 2751 4476 cum
2766 4418 3095 4491 judicabitur
3117 4416 3220 4471 illi.
3247 4414 3299 4468 Id
3325 4422 3427 4477 est,

1794 4520 1843 4578 D
1870 4528 2087 4599 quando
2117 4522 2382 4580 sententia
2407 4520 2475 4573 de
2506 4519 2599 4572 illo
2631 4515 2851 4569 feretur.

1942 4619 2029 4672 34.
2083 4614 2217 4671 Cum
2268 4612 2518 4683 perierint
2571 4614 2866 4677 peccatores
2913 4601 3129 4657 uidebis.
3170 4597 3430 4658 Accisos,

1876 4710 2073 4779 inquit,
2101 4705 2304 4760 videbis
2333 4709 2662 4772 peccatores.

1944 4776 2031 4853 35.
2065 4795 2183 4850 Vidi
2208 4796 2429 4861 impium
2458 4788 2929 4859 superezaltatum,
2960 4792 3008 4837 et
3040 4780 3296 4835 eleuatum
3324 4776 3434 4829 sic-

1874 4904 1930 4947 ut
1972 4891 2150 4945 cedros
2185 4887 2395 4951 Libani,
2432 4892 2537 4938 etc.
2577 4880 2739 4936 Juxta
2779 4878 2912 4933 illud
2946 4876 3148 4931 dictum
3183 4889 3197 4925 :
3238 4868 3435 4924 Umbra

1872 4995 1949 5042 est
1972 4986 2079 5039 vita
2108 4991 2284 5036 nostra
2302 4979 2369 5032 ἰ.

1942 5075 2031 5131 ⁸56.
2065 5073 2128 5127 Et
2164 5070 2407 5134 transivi,
2432 5076 2482 5120 et
2507 5081 2622 5119 ecce
2653 5078 2754 5115 non
2783 5069 2915 5114 erat.
2946 5055 3047 5111 Ubi
3080 5053 3212 5117 ridi,
3237 5052 3431 5121 inquit,

1875 5168 2125 5223 homines
2152 5162 2429 5232 improbos
2454 5168 2711 5228 prospere
2742 5159 2961 5221 agentes
2982 5188 2996 5213 ,
3026 5158 3238 5200 mecum
3274 5157 3435 5211 repu-

1874 5258 2055 5313 tabam
2083 5270 2189 5324 qua
2225 5229 2431 5306 ratione
2454 5249 2506 5301 id
2532 5244 2658 5299 boni
2689 5239 2965 5295 consecuti
2999 5242 3202 5290 essent.
3234 5229 3433 5286 Deinde

1874 5363 2000 5403 vero
2054 5347 2169 5400 haec
2197 5343 2439 5412 cogitans
2483 5346 2535 5391 et
2580 5334 2683 5387 alia
2733 5345 2944 5385 mecum
2993 5324 3295 5384 revolvens,
3335 5336 3432 5373 eos

1874 5441 2051 5496 denuo
2084 5436 2265 5490 videre
2292 5448 2398 5486 non
2434 5429 2581 5499 potui
2614 5443 2626 5477 :
2666 5427 2776 5479 imo
2803 5434 2975 5490 neque
3014 5417 3193 5471 locum
3238 5414 3290 5465 iu
3326 5427 3433 5481 quo

1876 5530 2176 5587 consistere
2206 5523 2531 5578 videbantur
2563 5516 2801 5587 reperire
2832 5510 3061 5567 facultas
3099 5506 3220 5560 fuit.

1942 5624 2028 5679 57.
2076 5618 2293 5675 Custodi
2318 5613 2689 5669 innocentiam,
2725 5618 2772 5661 et
2814 5605 2926 5659 ride
2957 5600 3274 5670 (equitatem,
3302 5609 3431 5664 quo-
