4034 6424
207 380 303 436 185

1255 389 1344 444 EX
1361 390 1628 447 POSlTIO
1666 394 1730 448 IN
1769 397 2096 452 PSALMUM
2139 399 2417 455 XXXVI“

3333 408 3431 460 l86

199 497 279 558 είς
303 495 429 565 γῆν,
455 496 547 547 καὶ
568 496 825 566 διηνεκῶς
849 499 1200 586 ὀλοφύρεσθαι
1223 504 1309 557 διὰ
1330 506 1426 568 τὰς
1449 509 1651 578 πικρὰς
1674 511 1747 580 τῆ.

1877 524 1981 578 tus,
2013 527 2072 568 ut
2120 532 2310 570 versus
2364 527 2559 569 terram
2611 516 2901 571 inclinatus
2940 517 3166 586 gemitus
3215 519 3433 573 assidue

197 584 425 656 καρδίας
450 585 657 649 ὀδύνας.
691 587 889 640 Τούτου
916 584 1071 660 χάριν
1096 593 1195 662 τῆς
1222 595 1513 666 ἐπιθυμίας
1543 599 1767 668 μεταϐα-

196 676 303 730 λὼν
330 678 429 748 τὴν
457 679 737 748 ἐνέργειαν
756 720 770 742 ,
804 681 1075 753 ὑπουργὸν
1120 687 1288 756 αὐτὴν
1319 689 1623 760 κατέστησα
1669 691 1762 744 τοῦ

193 766 340 819 Θείου
376 767 726 837 βουλήματος.
779 770 948 824 Τοῦτο
979 775 1086 844 γὰρ
1113 776 1387 845 ἐπήγαγεν
1421 794 1434 808 ⁸
1475 780 1765 849 Ὠρυόμην

197 859 314 910 ἀπὸ
347 860 686 928 στεναγμοῦ
715 860 826 929 τῆς
875 863 1119 930 καρδίας
1155 884 1294 933 μου.

201 949 480 1012 συνειδὸς,
554 951 651 1021 τὴν
696 952 920 1023 καρδίαν
991 972 1090 1024 μου
1151 959 1481 1029 στεναγμοὺς
1548 959 1761 1028 ἀφιέναι

195 1041 433 1094 ἐποίουν.

264 1132 373 1185 Καὶ
406 1137 438 1185 d
478 1136 808 1203 στενακιιός
849 1153 968 1204 μου
999 1136 1115 1190 ἀπὸ
1144 1138 1258 1191 σοῦ
1291 1143 1403 1193 οὐκ
1439 1141 1757 1209 ἁπεκρύϐη.

190 1221 304 1291 Ἰῆς
335 1226 648 1291 μετανοίας.
680 1228 871 1293 φησιν,
905 1230 933 1280 ὁ
982 1227 1142 1291 πόθος
1166 1230 1345 1299 στήτω
1386 1230 1609 1284 ἐνώπιόν
1643 1249 1759 1297 σου,

1868 602 2222 672 profundam,
2253 605 2324 658 ob
2365 605 2618 657 acerbum
2649 605 2814 657 animi
2853 604 3114 658 dolorem.
3150 606 3433 671 Quamob-

1867 709 2012 758 rem,
2076 705 2286 748 mutato
2335 696 2795 764 concupiscentiae
2847 711 2987 761 usu,
3055 697 3426 752 administram

1867 801 1984 838 eam
2019 786 2212 840 divina:
2252 786 2546 840 voluntatis
2576 788 2856 841 constitui.
2878 786 2990 840 Hoc
3027 789 3170 841 enim
3200 789 3382 856 adjicit
3411 831 3426 844 .

1376 867 1664 933 Μαστίξων
1702 870 1764 922 τὸ
1865 875 2155 946 [fugiebam
2192 894 2223 929 a
2257 880 2451 946 gemitu
2484 879 2656 930 cordis
2687 879 2802 930 mei.
2835 877 3120 948 Castigans
3147 883 3429 934 conscien-

1866 966 1992 1018 tiam
2028 982 2224 1032 meam,
2259 968 2308 1020 id
2341 968 2632 1021 eliieiebatn
2670 978 2728 1022 ut
2763 984 2858 1022 cor
2892 968 2945 1021 in
2985 970 3216 1038 gemitus
3245 984 3427 1022 erum-

1861 1069 2032 1124 pet'ct.

1934 1150 2023 1204 10.
2067 1149 2134 1203 Et
2168 1151 2386 1220 gemitus
2432 1167 2572 1203 meus
2619 1168 2651 1202 a
2704 1160 2750 1203 te
2794 1167 2894 1203 non
2945 1160 3021 1204 est
3067 1151 3420 1206 absconditus.

1864 1240 2219 1308 Pmnitentiae,
2260 1243 2457 1312 inquit,
2506 1242 2834 1296 desiderium
2862 1258 3045 1296 coram
3093 1253 3142 1296 te
3179 1245 3420 1299 sistatur.

190 1307 225 1381 ᾖ
283 1311 390 1381 ἔχω
447 1315 710 1384 ἐπιθυμίᾳ
773 1314 1006 1385 σωθῆναι
1055 1317 1392 1389 βουλόμενος.
1460 1323 1568 1376 Καὶ
1612 1325 1747 1393 τίςὴ

1864 1334 1998 1389 Toto
2046 1307 2587 1389 desideriosalutetn
2633 1336 2893 1404 consequi
2935 1346 3146 1405 expeto.
3200 1335 3421 1406 Ecquod

190 1398 459 1468 ἐπιθυμία
489 1401 580 1453 τοῦ
636 1403 906 1472 Χριστοῦ;
961 1404 1022 1456 τὸ
1071 1407 1210 1479 ὑπὲρ
1248 1410 1400 1479 ἡμῶν
1454 1411 1759 1466 ἐπιτελέσαι

190 1487 404 1558 Πάσχα.

274 1579 336 1630 Ἠ
389 1581 600 1646 καρδία
640 1601 759 1651 μου
811 1585 1144 1663 ὲταρᾴχθη,
1201 1589 1544 1656 ἐγκατέλιπέ
1591 1609 1667 1659 με
1717 1593 1755 1658 ὴ

186 1668 371 1734 ἰσχύς
394 1687 532 1735 μου.
570 1673 641 1725 Τὸ
667 1674 1056 1742 διαλογιστικὸν
1091 1681 1313 1752 καρδίαν
1349 1682 1498 1751 φησί.
1559 1683 1666 1735 Καὶ
1691 1683 1757 1735 τὸ

185 1757 308 1824 φεῖ-ς
338 1758 454 1811 τῶν
480 1763 798 1832 ὀφθαλμῶν
821 1786 938 1835 μου
961 1813 974 1832 ,
1033 1772 1128 1823 καὶ
1157 1772 1302 1826 αὐτὸ
1325 1775 1434 1826 οὐκ
1458 1776 1587 1827 ἔστι
1628 1775 1754 1841 μετ’

185 1848 354 1915 ἐμοῦ.
416 1851 487 1903 Τὸ
519 1853 632 1920 φῶς
661 1855 768 1907 τῶν
795 1857 1086 1925 ὀφθαλμῶν
1114 1862 1173 1913 τὸ
1205 1863 1416 1933 πνεῦμα
1452 1865 1510 1915 τὸ
1553 1863 1753 1934 ἐκλάμ-
1787 1853 1826 1902 Β

184 1954 288 1989 πον
319 1942 426 2002 τοῖς
453 1942 548 2011 τῆς
576 1943 812 2008 διανοίας
845 1948 1005 2000 αὐτοῦ
1034 1950 1293 2019 ὄμμασιν.

262 2034 326 2082 Οἱ
359 2034 520 2098 φίλοι
546 2051 664 2101 μου
699 2037 796 2089 καὶ
843 2041 897 2090 οἱ
939 2041 1206 2107 πλησίον
1231 2060 1348 2110 μου
1379 2043 1447 2107 ἐξ
1479 2045 1753 2110 ἐναντίας

175 2138 298 2186 μου
327 2121 586 2189 ἤγγισαν
611 2125 705 2177 καὶ
733 2127 1021 2194 ἔστησαν.
1071 2130 1157 2182 Ἑν
1188 2132 1266 2200 τῷ
1296 2134 1627 2205 πεπληγέναι
1662 2152 1750 2204 με,

182 2212 369 2280 φησιν,
396 2213 730 2282 ἀντέστησαν
766 2233 872 2283 μοι.
902 2217 1083 2269 Ταῦτα
1101 2218 1156 2270 δὲ
1187 2218 1330 2287 λέγει
1354 2220 1443 2272 διὰ
1465 2223 1555 2274 τὸν
1572 2222 1755 2274 Ἀϐεσ-

183 2301 376 2370 σαλὼμ
403 2303 497 2354 καὶ
522 2303 612 2355 τὸν
652 2306 946 2373 Ἀχιτόφελ.
992 2307 1100 2360 Καὶ
1143 2312 1196 2361 οἱ
1225 2309 1466 2377 ἔγγιστὰ
1491 2330 1608 2379 μου
1635 2311 1752 2365 ἀπὸ

172 2397 476 2463 μακρόθεν
506 2395 794 2461 ἔστησαν.
846 2399 906 2450 Οἱ
950 2399 1058 2468 γὰρ
1089 2401 1577 2470 συνυπουργοῦντες
1605 2404 1752 2474 αύτῷ

180 2487 402 2552 ἄγγελοι
436 2486 789 2551 ἐγκατέλιπον
821 2490 980 2540 αὑτὸν
1003 2491 1090 2542 διὰ
1124 2493 1222 2562 τὴν
1255 2494 1545 2564 ἁμαρτίαν.
1601 2497 1752 2567 Τάχα

177 2578 290 2646 γὰρ
320 2577 414 2627 καὶ
445 2578 501 2628 αἱ
552 2577 807 2646 δυνάμεις
836 2581 892 2630 αἱ
927 2579 1075 2648 ἅγιαι
1121 2583 1492 2654 ὑποχωροῦσιν
1524 2588 1581 2638 ἐν
1629 2606 1750 2641 και-

183 2665 264 2736 ρῷ
286 2667 592 2738 πειρασμοῦ
616 2669 749 2740 πρὸς
763 2670 987 2742 δοκιμὴν
1009 2672 1102 2726 τοῦ
1128 2674 1538 2747 πειραζομένου,
1561 2679 1593 2749 ἢ
1617 2680 1750 2749 πρὸς

177 2773 418 2809 κολασιν.

249 2848 358 2901 Καὶ
391 2847 754 2908 ἐξεϐιάζοντο
799 2852 853 2900 ol
885 2849 1194 2916 ζητοῦντες
1220 2852 1331 2919 τὴν
1357 2855 1567 2923 ψυχήν
1606 2875 1745 2924 μου.

177 2940 442 3001 Είκότως,
474 2939 581 2990 τῶν
611 2939 859 3006 ἀγγέλων
891 2942 1290 2997 καταλιπόντων
1317 2946 1498 3009 αὑτὸν,
1525 2947 1750 3020 σφοδρό-

171 3048 336 3100 τερον
363 3032 413 3083 οἱ
439 3030 688 3099 δαίμονες
734 3030 1060 3085 ἐπετίθεντο.
1120 3036 1224 3088 Καὶ
1251 3040 1302 3089 οι
1331 3036 1638 3104 ζητοῦντες
1678 3040 1749 3093 τὰ

173 3120 333 3174 κακά
352 3138 454 3189 μοι
471 3163 486 3184 ,
509 3120 822 3187 ἐλάλησαν
843 3125 1261 3191 ματαιότητας.
1300 3127 1567 3192 Ἐλάλουν,
1593 3131 1742 3197 φησι,

173 3213 314 3283 πρὸς
344 3214 589 3275 ἑαυτοὺς,
621 3213 911 3283 ἐπιϐουλήν
950 3233 1039 3284 μοι
1073 3217 1447 3280 σκευάζοντες.

423 3303 492 3356 δὲ
521 3304 664 3356 ὡσεὶ
707 3306 903 3372 κωφὸς
937 3307 1046 3358 οὐκ
1074 3305 1301 3373 ἤκουον
1323 3348 1338 3372 ,
1380 3309 1472 3362 καὶ
1495 3310 1561 3363 τὰ
1594 3309 1740 3381 ἑξῆς.

169 3395 360 3448 Ταῦτα
383 3434 399 3459 ,
435 3395 629 3464 φησὶν,
660 3394 959 3460 λαλούντων
989 3397 1165 3449 αὐτῶν
1183 3439 1198 3460 ,
1225 3398 1342 3452 οὐδὲ
1372 3400 1588 3454 ἀκούειν
1631 3403 1744 3456 i66-

167 3501 320 3549 πνουν,
352 3483 473 3535 οὐδὲ
508 3483 684 3536 λαλεῖν
711 3485 827 3556 τῆς,
856 3488 1165 3558 παρρησίας
1197 3507 1295 3560 μου
1330 3491 1418 3544 διὰ
1447 3493 1544 3564 τῆς
1575 3495 1744 3566 ἁμαρ-

168 3574 291 3636 ·υίας
331 3573 706 3644 ἀφῃρημένης.

243 3661 375 3712 Ὀτι
403 3660 502 3712 ἐπὶ
529 3661 646 3725 σοὶ,
671 3665 867 3732 Κύριε,
897 3664 1128 3731 ἤλπισα
1157 3705 1172 3719 .
1209 3707 1223 3719 .
1256 3707 1270 3720 .
1299 3667 1388 3720 ὅτι
1413 3665 1550 3723 εἶπα
1571 3688 1586 3700 ’
1616 3673 1741 3740 Μή-

165 3765 313 3805 ποτε
335 3749 666 3820 ἑπιχαρῶσί
685 3771 785 3820 μοι
818 3757 870 3808 oi
898 3756 1100 3824 ἐχθροί
1128 3775 1268 3826 μου.
1302 3759 1421 3812 Τῶν
1450 3762 1736 3839 τοσούτων,

169 3840 326 3909 φησὶ,
359 3840 678 3908 συμϐάντων
708 3843 912 3907 κακῶν,
946 3844 1071 3914 μίαν
1094 3845 1200 3915 ἔχω
1232 3849 1501 3921 σωτηρίας
1530 3851 1737 3916 ἐλπίδα,

163 3931 264 3997 τὴν
293 3929 359 3978 ἐκ
387 3927 479 3980 σοῦ
509 3931 875 4001 γενησομένην
908 3951 996 4001 μοι
1024 3937 1359 4008 ἐπικουρίαν.

231 4019 345 4070 Καὶ
382 4019 452 4071 ὲν
475 4018 554 4085 τῷ
582 4023 952 4090 σαλευθῆναι
983 4025 1172 4091 πόδας
1201 4046 1318 4096 μου
1349 4029 1439 4081 ἐπ’
1466 4031 1569 4099 ἐμὲ
1605 4031 1734 4099 ἐμε·

163 4113 726 4180 πιλοῤῥημόνησαν.
761 4115 916 4182 Μέγα
937 4157 950 4179 ,
984 4117 1146 4186 φησὶ,
1178 4119 1374 4174 δέδωκε
1408 4126 1620 4193 φρονεῖν
1649 4125 1738 4175 αὑ-

156 4201 289 4262 τοὺς
316 4203 437 4253 κατ’
456 4202 589 4271 ἐμοῦ
614 4205 646 4272 ή
672 4205 914 4275 ἁμαρτία
941 4207 1248 4264 σαλεῦσασὰ
1271 4228 1369 4280 μου
1395 4214 1519 4277 τοὺς
1549 4214 1733 4278 πόδας.

229 4401 364 4452 Ὀτι
417 4401 531 4469 erit)
577 4405 666 4469 εἰς
690 4403 985 4474 μάστιγας
1039 4407 1301 4477 ἕτοιμος,
1336 4411 1431 4463 καὶ
1460 4411 1737 4483 ἀλγηδών

1861 1425 2186 1479 desiderium
2218 1425 2468 1479 Christi?
2505 1424 2710 1480 Pascha
2754 1427 2923 1480 nostri
2960 1443 3123 1481 causa
3168 1444 3420 1482 consum-

1860 1528 2008 1566 mare
2037 1515 2082 1543 ⁹²

1929 1606 2013 1658 11.
2067 1605 2171 1659 Cor
2217 1622 2386 1658 meum
2434 1607 2803 1660 conturbatum
2858 1618 2966 1673 est,
3014 1609 3289 1679 dereliquit
3340 1628 3419 1663 me

1857 1697 2022 1749 uirtus
2071 1713 2204 1750 mea.
2254 1696 2363 1750 Cor
2414 1699 2646 1767 appellat
2690 1699 2798 1752 \‘im
2834 1701 3030 1754 anima:
3078 1703 3414 1755 rationalem.

1857 1787 1925 1842 Et
1964 1789 2137 1841 [auten
2163 1790 2430 1843 oculorum
2463 1808 2713 1854 meorum,
2755 1802 2801 1845 et
2846 1793 3015 1860 ipsum
3054 1811 3154 1846 non
3196 1804 3271 1846 est
3315 1811 3417 1846 me-

1856 1895 1994 1932 cum.
2022 1879 2227 1932 Lumen
2270 1881 2550 1934 oculorum
2583 1884 2710 1937 dicit
2745 1883 2993 1952 spiritum
3032 1885 3196 1937 animi
3242 1885 3416 1939 oculis

1854 1970 2271 2025 illucescentem.

1925 2062 2009 2115 12.
2039 2062 2213 2114 Amici
2262 2063 2361 2115 mei
2401 2073 2448 2115 et
2491 2064 2719 2131 proximi
2758 2066 2858 2116 mei
2892 2065 3163 2118 adversum
3206 2081 3286 2118 me
3320 2081 3416 2133 ap-

1850 2151 2326 2220 propinquaret-unt
2371 2162 2420 2204 et
2457 2163 2728 2206 steterunt.
2787 2152 2922 2206 Cum
2973 2155 3144 2223 plagis
3188 2154 3416 2209 allectus

1849 2258 2026 2297 essem
2049 2282 2064 2307 ,
2097 2245 2308 2313 inquit,
2335 2245 2665 2300 obstiterunt
2715 2249 2870 2302 mihi.
2904 2248 3025 2301 Ha‘c
3071 2259 3250 2302 autem
3283 2249 3414 2304 dicit

1851 2338 2068 2397 propter
2110 2331 2367 2384 Absalom
2411 2341 2464 2385 et
2508 2334 2850 2404 Acltitopltel.
2903 2337 2972 2390 Et
3020 2340 3109 2406 qui
3136 2338 3296 2406 juxta
3336 2354 3415 2392 me

1848 2429 1996 2469 erant
2026 2419 2090 2471 de
2121 2417 2272 2488 longe
2301 2429 2579 2474 steterunt.
2627 2421 2817 2491 Angeli
2849 2424 2994 2477 enim
3043 2426 3136 2493 qui
3180 2426 3415 2480 auxiliav

1851 2508 2047 2561 bantur
2073 2509 2172 2573 illi,
2209 2510 2411 2578 peccati
2441 2525 2606 2564 causa
2633 2513 3038 2582 dereliquerunt
3077 2515 3248 2567 illum.
3282 2515 3416 2571 For-

1848 2599 2013 2652 tassis
2039 2608 2093 2652 et
2125 2610 2327 2653 sanctae
2359 2601 2590 2656 virtutes
2630 2603 2889 2657 secedunt
2929 2604 2983 2657 in
3017 2613 3258 2673 tempore
3291 2615 3410 2659 ten-

1850 2689 2072 2742 tationis
2113 2689 2179 2742 ad
2213 2691 2402 2742 tentati
2438 2692 2816 2759 probationem
2845 2703 2900 2747 et
2942 2695 3372 2765 experimentum
3393 2739 3410 2762 ,

1848 2789 1941 2833 aut
1971 2778 2217 2834 fortassis
2241 2781 2306 2834 ad
2332 2781 2691 2849 punitionem.

1919 2870 2006 2924 15.
2065 2869 2134 2923 Et
2184 2872 2286 2924 vim
2338 2872 2602 2941 faciebant
2662 2875 2754 2945 qui
2816 2875 3115 2945 quaerebant
3175 2878 3411 2932 animam

1848 2977 2036 3013 meam.
2077 2961 2589 3031 Derelinquentibus
2626 2965 2803 3033 ipsum
2833 2967 3039 3036 angelis
3088 2968 3213 3022 hinc
3250 2968 3412 3022 velte-

1849 3051 2081 3104 mcntius
2128 3053 2408 3106 irruebant
2458 3054 2755 3109 daemones.
2808 3055 2880 3109 Et
2929 3059 3019 3125 qui
3078 3058 3411 3128 inquirebant

1849 3140 1986 3194 mala
2033 3141 2162 3194 mihi
2208 3140 2372 3194 locuti
2420 3151 2544 3195 sunt
2592 3146 2868 3198 vanitates.
2905 3145 3092 3202 Mutuo
3135 3149 3406 3218 colloque-

1846 3231 2061 3297 bantur,
2094 3231 2291 3302 inquit,
2327 3243 2581 3302 parantes
2610 3233 2836 3290 insidias
2871 3235 3022 3291 mihi.

1915 3321 2001 3374 N.
2045 3319 2159 3390 Ego
2196 3330 2375 3375 autem
2418 3330 2672 3391 tanquam
2717 3327 2910 3379 surdus
2957 3343 3056 3380 non
3101 3329 3404 3395 audiebam,

1842 3422 1946 3466 etc.
1976 3410 2108 3464 Dum
2137 3413 2282 3476 tunc,
2329 3411 2538 3481 inquit,
2571 3412 2647 3466 illi
2681 3415 3058 3483 loquerentur,
3089 3434 3188 3471 nec
3217 3421 3408 3475 audire

1843 3520 1941 3558 nec
1963 3503 2111 3573 loqui
2137 3503 2377 3570 videbar,
2397 3504 2574 3558 ablata
2602 3505 2734 3558 milii
2762 3523 2857 3576 per
2876 3517 3156 3576 peccatum
3184 3509 3401 3566 ﬁducia.

1911 3676 1998 3730 16.
2031 3675 2292 3742 Quoniam
2319 3679 2371 3731 in
2407 3687 2475 3741 te,
2507 3678 2725 3733 Domine
2749 3722 2763 3742 .
2797 3682 3066 3747 speravi...
3101 3685 3224 3752 quia
3249 3685 3404 3742 dixi:

1844 3765 1925 3819 Ne
1953 3771 2163 3836 quando
2200 3774 2617 3838 superguudeant
2653 3770 2781 3823 mihi
2812 3773 3009 3826 inimici
3038 3777 3156 3827 mei.
3191 3773 3401 3842 Tantis,

1841 3858 2037 3926 inquit,
2073 3859 2440 3913 accidentibus
2469 3858 2659 3924 malis,
2693 3876 2800 3914 una
2834 3873 3085 3932 superest
3114 3867 3248 3920 mihi
3276 3882 3401 3937 spes

1839 3950 2055 4010 salutis,
2088 3948 2351 4004 auxilium
2379 3952 2586 4007 scilicet
2615 3970 2778 4007 unum
2817 3955 2949 4008 mihi
2984 3956 3304 4015 allaturum.

1909 4039 1996 4094 17.
2024 4039 2092 4092 Et
2123 4042 2248 4095 dum
2277 4057 2662 4098 commoventur
2688 4049 2840 4114 pedes
2866 4050 2964 4100 mei
2997 4066 3151 4117 super
3182 4067 3262 4104 me
3285 4067 3406 4105 nta-

1840 4148 1941 4201 gna
1972 4132 2136 4186 locuti
2164 4144 2306 4188 sunt.
2350 4135 2638 4190 Peccatum
2665 4176 2680 4200 ,
2711 4139 2914 4207 inquit,
2946 4155 3124 4195 meum
3157 4158 3402 4198 commo-

1837 4237 1970 4276 rens
2005 4225 2170 4292 pedes
2203 4241 2353 4281 meos
2397 4228 2449 4280 in
2481 4243 2645 4283 causa
2682 4229 2782 4283 fuit
2821 4241 2878 4284 ut
2926 4233 3064 4288 altos
3109 4235 3399 4292 adversum

1838 4329 1923 4366 me
1948 4315 2172 4383 spiritus
2201 4328 2560 4374 assumereut.

1907 4405 1998 4459 18.
2028 4405 2291 4472 Quoniam
2322 4424 2413 4476 ego
2463 4411 2515 4463 in
2550 4412 2762 4481 ﬂagella
2806 4427 3026 4482 paratus
3059 4435 3195 4484 sum,
3223 4429 3272 4473 et
3301 4421 3398 4475 do-

153 4509 274 4560 μου
305 4488 560 4542 ἐνώπιόν
579 4495 694 4561 μού
725 4495 854 4546 ἐστι
884 4495 1222 4563 διαπαντός.
1267 4498 1461 4563 Ἡδέως
1489 4501 1737 4571 δέχεσθαι

1846 4495 1922 4548 lor
1944 4514 2085 4550 meus
2120 4498 2172 4550 in
2214 4512 2489 4568 conspectu
2518 4519 2629 4554 meo
2655 4521 2870 4573 semper.
2905 4505 3158 4563 Libenter
3183 4526 3240 4565 se
3269 4527 3394 4566 cor-

158 4585 258 4655 τὴν
291 4584 714 4654 ὲπιστρεπτικὴν
742 4587 983 4639 παιδείαν
1009 4590 1189 4658 φησίν.

232 4761 363 4811 Ὀτι
402 4762 515 4828 τὴν
539 4762 787 4830 ἀνομίαν
829 4782 947 4830 μου
1138 4766 1460 4836 ἀναγγελῶ,
1492 4770 1587 4821 καὶ
1628 4789 1733 4840 με·

148 4849 429 4918 ριμνιῖσω
477 4853 627 4920 ὑπὲρ
676 4853 782 4922 τῆς
838 4856 1122 4923 ἁμαρτίας
1160 4876 1294 4925 μου.
1346 4860 1442 4912 Διὰ
1481 4861 1543 4930 δὴ
1574 4863 1731 4915 τοῦτο

157 4943 466 5012 κατήγορος
506 4947 741 5014 ἐμαυτοῦ
778 4948 1013 5018 γίνομαι,
1039 4951 1130 5002 καὶ
1151 4953 1328 5005 πᾶσαν
1356 4954 1607 5023 φροντίδα
1633 4957 1730 5026 τῆς

159 5035 373 5102 ὑγιείας
406 5038 720 5106 ποιήσομαι.

230 5129 296 5177 Οἱ
325 5124 392 5177 δὲ
411 5126 611 5193 ἐχθροί
637 5148 758 5196 μου
786 5129 941 5192 ζῶσι,
969 5133 1067 5186 καὶ
1096 5137 1545 5202 κεκραταίιιηοται
1578 5139 1727 5207 ὑπὲρ

154 5216 278 5285 ἐμέ.
314 5219 525 5278 Καίτοι,
550 5221 703 5290 φησι,
739 5225 812 5293 μὴ
837 5225 1244 5296 ἁνεπαισθήτως
1265 5228 1400 5298 ἔχων
1426 5230 1526 5299 τῆς
1551 5234 1727 5302 ἀμαρ-

155 5307 298 5369 τίας,
324 5308 456 5361 ἀλλὰ
481 5311 754 5380 μεριμνῶν
783 5317 909 5384 περὶ
934 5317 1104 5385 αὐτῆς
1134 5319 1441 5385 διαπαντὸς.
1468 5323 1578 5392 ὁρῶ
1600 5325 1726 5384 τοὺς

156 5399 384 5469 ἐχθρούς
421 5418 521 5469 μου
547 5407 1022 5474 κραταιουμένους.
1060 5405 1213 5463 Οὗτοι
1237 5411 1291 5464 δὲ
1314 5415 1360 5465 οἱ
1389 5413 1590 5484 ἐχθροὶ,
1623 5432 1724 5484 μη-

153 5487 242 5540 δὲν
277 5489 460 5542 ἄδικον
500 5495 628 5562 παρ’
657 5494 789 5563 ἐμοῦ
823 5498 1178 5562 πεπονθότες,
1211 5502 1584 5567 διαϐάλλοντες
1620 5523 1719 5575 μου

154 5582 250 5650 τὴν
271 5581 580 5651 ἁμαρτίαν,
618 5586 708 5638 καὶ
759 5587 1027 5656 πρόφασιν
1070 5593 1236 5662 αὐτὴν
1283 5595 1586 5663 ποιούμενοι
1629 5599 1719 5652 τοῦ

223 5767 268 5796 "
291 5765 426 5821 Luc.
468 5787 599 5833 xm,
637 5773 715 5825 l5.

1839 4589 2134 4655 reptionem
2161 4592 2504 4645 conversioni
2529 4608 2640 4646 suae
2663 4598 3125 4652 accommodatam
3146 4601 3396 4672 excipere

1834 4677 2113 4729 tt-stilicatu
2124 4694 2166 4730 r.

1906 4766 1994 4819 19.
2047 4766 2308 4832 Quoniam
2355 4770 2688 4841 iniquitatem
2729 4791 2897 4828 meam
2937 4781 3293 4845 annuntiabo,
3343 4793 3394 4837 et

1831 4860 2070 4927 cogitabo
2105 4877 2201 4928 pro
2249 4874 2459 4930 peccato
2493 4883 2625 4919 meo.
2670 4865 2958 4936 Propterea
3000 4883 3052 4924 et
3091 4875 3192 4926 mei
3227 4891 3390 4930 accu-

1831 4957 1980 5001 satur
2028 4966 2186 5016 sunt,
2221 4963 2276 5007 et
2319 4955 2524 5010 nullam
2573 4972 2683 5010 non
2731 4958 2925 5014 salutis
2971 4963 3388 5019 sollicitudinem

1829 5055 1952 5110 gora
1962 5057 2010 5093 m
2019 5081 2032 5095 .

1895 5130 1983 5185 20.
2028 5131 2449 5216 lnimiciputem
2482 5139 2581 5192 mei
2614 5139 2818 5206 vivunt,
2848 5150 2897 5195 et
2941 5145 3240 5213 conﬁrmati
3265 5157 3389 5200 sunt

1828 5239 1982 5290 super
2013 5243 2112 5279 me.
2157 5225 2293 5290 Etsi,
2321 5229 2527 5297 inquit,
2555 5248 2660 5285 non
2689 5233 2806 5287 sine
2836 5250 2996 5290 sensu
3023 5240 3227 5306 peccati
3260 5241 3385 5301 sim,

1827 5315 1920 5368 sed
1961 5315 2026 5368 de
2072 5318 2189 5385 ipso
2242 5333 2456 5388 semper
2506 5323 2702 5378 anxius
2745 5326 2881 5388 sim,
2935 5329 3089 5382 Video
3134 5331 3386 5386 inimicos

1828 5420 1980 5459 meos
2012 5407 2158 5461 vires
2182 5412 2512 5478 sumpsisse,
2541 5416 2630 5482 qui
2665 5431 2786 5469 cum
2820 5418 2954 5471 nihil
2987 5419 3198 5486 injuria:
3236 5438 3264 5475 ιι
3299 5439 3385 5476 me

1825 5497 1970 5564 passi
1997 5498 2126 5562 sint,
2147 5510 2424 5567 peccatum
2449 5505 2840 5570 exprobrantes
2873 5523 3074 5573 meum,
3097 5508 3384 5578 ipsumque

1821 5605 1916 5643 ceu
1957 5591 2298 5645 occasionem
2334 5592 2453 5646 belli
2495 5602 2682 5647 contra
2716 5609 2802 5649 me
2845 5598 3062 5665 gerendi
3108 5599 3383 5668 accipien-
