4034 6480
593 435 698 491 187
1433 433 1489 489 S.
1527 432 1898 488 ATHANASJi
1937 433 2085 490 OPP.
2131 435 2308 490 PARS
2344 436 2431 491 lli.
2471 469 2541 480 —
2578 440 2991 498 EXEGETICA.
3723 444 3828 501 188

590 558 694 607 tes.
728 560 811 599 me
835 543 1317 615 persequebantur,
1348 560 1406 599 se
1441 548 1564 615 jure
1594 562 1658 601 ac
1687 556 1877 601 mento
1908 548 1955 600 id
1994 563 2149 615 agere

2255 549 2377 602 κατ’
2398 549 2541 619 ’ἐμοῦ
2577 552 2836 623 πολέμου,
2878 553 3204 607 κατεδίωκόν
3237 570 3325 624 με,
3367 554 3549 609 δίκαια
3579 556 3831 625 λέγοντες

584 638 915 707 iactitantes.
957 637 1188 707 Ideoque
1220 638 1393 693 factus
1420 639 1562 707 apud
1610 638 1731 693 illos
1764 655 1860 693 ceu
1904 648 2149 694 mortuus

2253 644 2441 694 ποιεῖν.
2462 642 2759 714 Τοιγαροῦν
2780 646 2874 698 καὶ
2892 646 3185 715 γεγένημαι
3208 648 3336 716 παρ’
3354 648 3534 709 αὐτοῖς
3549 648 3625 711 ὼς
3638 649 3831 720 νεκρὸς

587 732 967 786 ahominabilis
1015 749 1029 785 :
1070 740 1399 801 quapmpter
1444 731 1673 785 obsecro
1723 740 1774 783 te
1822 730 2108 784 Dominum
2136 770 2149 793 ,

2253 733 2667 805 ἐϐδελυγμένος·
2703 737 2782 789 διὸ
2804 737 2867 807 δὴ
2910 738 3003 791 καὶ
3034 738 3244 808 δέομαι,
3286 739 3345 791 σὲ
3381 740 3471 791 τὸν
3507 740 3708 810 Κύριον
3753 743 3828 810 μὴ

585 840 653 894 ne
691 824 939 878 discedas
980 839 1010 877 a
1059 841 1180 888 me;
1220 824 1314 878 sed
1365 838 1621 893 properes
1666 824 1844 893 potius
1883 823 1947 876 ad
1994 823 2149 876 auxi-

2253 826 2552 895 ἁποστῆναι
2576 828 2669 880 ἀπ’
2700 829 2832 898 ἐμοῦ
2852 846 2865 859 ⁸
2894 830 3123 883 σπεῦσαι
3154 830 3208 883 δὲ
3248 830 3444 901 μᾶλλον
3472 834 3548 893 εἰς
3579 831 3677 901 τὴν
3710 830 3832 901 βοή-

587 918 719 970 lium
750 918 905 972 nobis
935 916 1238 971 ferendum.

2253 914 2401 968 θειαν
2432 914 2530 985 τὴν
2563 919 2857 989 ἡμετέραν.

654 1009 743 1063 2i.
776 1007 857 1062 Ne
887 1010 1217 1078 derelinquas
1244 1025 1351 1071 me,
1392 1007 1613 1061 Domine
1667 1006 1805 1060 Dens
1867 1023 2047 1072 meus,
2088 1015 2193 1061 etc.
2233 1006 2421 1060 Daniel
2460 1007 2730 1062 Barbarus
2766 1025 2783 1062 :
2830 1008 3066 1064 Possunt
3130 1010 3379 1066 homines
3426 1027 3564 1080 quos
3618 1022 3831 1065 natura:

585 1100 765 1169 inopia
810 1101 876 1154 ad
924 1100 1089 1155 Deum
1140 1101 1458 1169 placandum
1520 1100 1780 1169 impellit;
1834 1102 1948 1156 hec
1988 1117 2084 1169 pro
2131 1102 2324 1172 seipsis
2364 1118 2564 1158 orare:
2599 1102 2692 1157 sed
2759 1102 3013 1157 Christus
3052 1103 3097 1157 si
3159 1118 3343 1157 secum
3382 1101 3597 1157 Patrem
3630 1104 3827 1168 habet,

584 1195 809 1247 salutem
848 1195 1129 1249 hominum
1167 1202 1425 1261 tanquam
1456 1194 1731 1262 propriam
1765 1194 1930 1261 petit,
1966 1195 2057 1262 qui
2116 1204 2169 1248 et
2229 1197 2339 1261 ipse
2374 1210 2591 1265 quoque
2634 1196 2949 1265 petitionem
3019 1195 3159 1250 hanc
3210 1194 3509 1250 secundum
3550 1196 3824 1250 divinitati

582 1288 929 1357 eonjnnetam
994 1287 1385 1340 humanitatem
1429 1296 1684 1356 tanquam
1730 1302 1884 1341 suam
1934 1288 2036 1342 sibi
2094 1289 2302 1342 tribuit.
2352 1286 2466 1343 Hoc
2502 1302 2631 1341 vero
2670 1285 2772 1341 fuit
2808 1287 2859 1341 id
2902 1287 3046 1357 quod
3107 1287 3257 1341 carni
3320 1300 3662 1357 compactum
3691 1330 3707 1353 ,
3772 1300 3829 1343 et

580 1380 862 1435 atlectibus
889 1378 1186 1431 obnoxium
1220 1376 1356 1441 fuit,
1391 1393 1512 1431 cum
1553 1376 1757 1446 alioqui
1801 1376 2141 1431 divinitatem
2202 1393 2388 1433 secum
2444 1377 2671 1431 haberet
2704 1391 2826 1446 quae.
2875 1375 3191 1445 petitionem
3219 1375 3364 1431 illius
3394 1386 3569 1431 ratam
3601 1377 3826 1436 faceret.

583 1498 631 1549 1.
676 1489 1010 1548 I’SALMUS
1054 1487 1388 1544 XXXVIII.
1454 1487 1518 1541 In
1558 1489 1735 1557 ﬁnem,
1779 1489 1879 1557 ipsi
1912 1486 2149 1544 Idithum

1104 1582 1381 1637 Canticum
1431 1580 1623 1633 David.

1166 1673 1570 1739 Argumentum.

583 1769 749 1821 Sacer
767 1776 957 1821 cantor
985 1780 1109 1819 cum
1140 1772 1285 1818 esset
1318 1760 1552 1815 ldithum
1582 1770 1636 1815 et
1658 1761 1970 1831 prophetica
1996 1774 2155 1815 coro-

653 1866 810 1911 natus
835 1857 1029 1925 gratia,
1063 1856 1337 1908 canticum
1378 1851 1543 1906 refert
1567 1852 1632 1904 ad
1666 1868 1952 1921 personam
1982 1853 2151 1922 ipsius

652 1948 841 2014 David,
870 1954 1269 2013 repraesentans
1307 1945 1454 1999 illum
1492 1946 1835 1999 conlitcntem
1870 1954 2150 2016 peccatum

649 2057 830 2094 suum.

649 2135 703 2188 2.
749 2133 877 2186 Dixi
900 2131 1373 2188 :Cuslodiamuias
1408 2148 1570 2186 meas.
1606 2129 1835 2183 Evidens
1851 2131 2153 2185 continuati

578 2228 761 2284 cordis
794 2234 1197 2295 argumentum.
1242 2223 1403 2277 Posni
1435 2224 1517 2275 ori
1549 2239 1659 2276 meo
1688 2224 2008 2288 custodiant,
2035 2240 2153 2277 cum

578 2318 880 2373 consisteret
925 2325 1166 2385 peccator
1204 2315 1475 2367 adversum
1529 2331 1627 2371 me.
1672 2315 1928 2371 Astantcs
1972 2325 2150 2370 autem

578 2410 684 2479 ipsi
742 2407 1055 2478 spirituales
1105 2407 1342 2473 inimici,
1415 2416 1696 2475 peccatum
1750 2408 2154 2477 exprobrabant

649 2593 701 2647 ὅ.
746 2592 1021 2657 Obmutui,
1058 2601 1106 2645 et
1133 2592 1441 2644 humiliatus
1476 2608 1615 2654 sum,
1669 2602 1719 2645 et
1756 2591 1881 2645 silui
1917 2609 1949 2644 a
1983 2592 2149 2645 bonis.

576 2685 873 2751 Conviciis,
894 2686 989 2750 ait,
1008 2684 1286 2754 impetitus
1308 2700 1412 2738 non
1438 2685 1685 2739 convicia
1706 2684 2018 2751 reddebam,
2037 2701 2153 2740 cer-

576 2790 713 2830 nens
759 2790 845 2830 me
883 2775 1043 2829 bonis
1078 2776 1364 2830 excidisse.
1411 2775 1475 2829 Et
1511 2776 1665 2830 dolor
1690 2793 1833 2831 meus
1872 2787 2152 2830 renovatus

573 2874 669 2919 est.
720 2864 826 2921 Pro
857 2866 1213 2933 responsione
1248 2866 1312 2919 ad
1361 2882 1454 2920 eos
1481 2867 1574 2934 qui
1620 2882 1705 2920 me
1730 2867 1994 2921 conviciis
2024 2883 2155 2920 one-

577 2957 790 3019 rabant,
833 2966 1051 3025 peccata
1080 2956 1212 3009 mihi
1238 2956 1339 3025 ipsi
1365 2957 1684 3011 revncabam
1723 2958 1776 3011 in
1811 2958 2150 3011 memoriam.

578 3046 835 3102 Memoria
884 3056 1063 3102 autem
1100 3050 1303 3117 peccati
1347 3049 1505 3119 quasi
1543 3049 1685 3120 ignis
1726 3050 1778 3103 in
1828 3049 1992 3105 corde
2034 3066 2154 3105 meo

577 3150 713 3193 erat.

2349 1488 2560 1544 ΨΑΛΜ
2571 1492 2661 1543 ΟΣ
2699 1487 2828 1544 AH'.
2882 1490 2984 1555 Είς
3022 1489 3088 1542 τὸ
3133 1489 3327 1557 τέλος,
3367 1490 3610 1562 Ἰδιθοὺμ
3646 1494 3771 1563 ᾠδὴ

2885 1580 2960 1646 τῷ
2993 1581 3191 1636 Δαυτδ.

2886 1673 3207 1740 Ὑπόθεσις.

2263 1761 2608 1834 Ίεροψάλτης
2635 1761 2895 1834 ὑπάρχων
2941 1762 3192 1834 Ἰδιθοὺμ,
3232 1765 3324 1817 καί
3365 1770 3676 1838 προφητιλῇ
3725 1769 3830 1837 χά-

2328 1870 2433 1925 ριτι
2474 1853 2924 1923 κατεστεμμένος,
2958 1853 3099 1924 ᾠδὴν
3132 1854 3509 1921 ἀναϐάλλεται,
3542 1873 3833 1929 προσωπο-

2324 1948 2504 2000 ποιίαν
2533 1947 2798 2018 εἰσφέρων
2818 1945 2989 1999 ἀὑτοῦ
3020 1946 3111 2000 τοῦ
3140 1947 3306 2001 Δαυῒδ
3334 1946 3828 2022 ὲξομολογουμένον

2324 2040 2415 2092 ἐπὶ
2468 2042 2534 2109 τῇ
2579 2038 2845 2110 ἁμαρτίᾳ..

2320 2126 2491 2182 Εἷπα·
2524 2128 2776 2192 φυλάξω
2794 2129 2900 2194 τὰς
2934 2127 3112 2195 ὁδούς
3139 2147 3278 2198 μου.
3321 2130 3617 2195 Ἀπόδειξις
3649 2133 3829 2203 σαφὴς

2255 2219 2548 2291 ἱδρυμένης
2587 2220 2833 2290 καρδίας.
2879 2220 3129 2287 Ἐθέμην
3158 2218 3238 2284 τῷ
3275 2222 3526 2290 στόματι
3552 2240 3671 2291 μου
3716 2241 3831 2291 φυ-

2251 2311 2451 2380 λακὴν
2472 2314 2541 2366 ἐν
2568 2309 2647 2376 τῷ
2675 2309 2976 2378 συστῆναι
3013 2310 3121 2363 τὸν
3151 2312 3506 2379 ἁμαρτωλὸν
3547 2316 3832 2368 ἐναντίον

2247 2422 2386 2472 μου.
2416 2403 2817 2476 Παριστάμενοι
2841 2402 2947 2473 γὰρ
2979 2401 3127 2471 αὑτῷ
3150 2403 3198 2454 oi
3231 2405 3412 2474 νοητοὶ
3444 2404 3829 2475 ὲχθροὶ,ὠνεί-

2250 2495 2394 2560 διζον
2415 2494 2578 2547 αὑτοῦ
2598 2495 2695 2565 τὴν
2726 2494 3014 2565 ἁμαρτίαν.

2337 2583 2708 2653 Ἐκωφὼθηη
2739 2585 2835 2637 καὶ
2866 2584 3289 2652 ἐταπεινώθην,
3329 2583 3424 2637 καί
3463 2584 3722 2653 ἐσίγησα
3758 2588 3830 2651 ἐξ

2253 2674 2508 2747 ἀμαθῶν.
2558 2667 2993 2746 Λοιδορούμενος,
3022 2677 3205 2745 φησὶν,
3246 2676 3348 2727 οὐκ
3398 2676 3824 2748 ἀντελοιδόρουν,

2256 2768 2479 2823 συνιδὼν
2503 2768 2599 2839 τὴν
2629 2768 2900 2821 ἔκπτωσίν
2950 2784 3051 2837 μου
3076 2766 3183 2819 τῶν
3218 2767 3460 2836 ἀγαθῶν.
3490 2770 3598 2822 Καὶ
3623 2769 3687 2822 τὸ
3713 2768 3828 2823 ἆλ-

2254 2859 2411 2930 γημά
2432 2878 2551 2930 μου
2575 2859 2985 2926 ἀνεκαινίσθη.
3021 2858 3164 2910 Ἀντί
3203 2857 3296 2910 τοῦ
3332 2856 3507 2927 λέγειν
3541 2857 3676 2929 πρὸς
3703 2860 3829 2921 τοὺς

2257 2952 2649 3023 λοιδοροῦντας,
2678 2953 2777 3021 τῆς
2827 2950 3100 3021 ἁμαρτίας
3146 2949 3551 3021 ἀνεμίμνησκον
3576 2950 3824 3023 ἐμαυτῷ.

2267 3044 2333 3097 'H
2366 3043 2421 3096 δὲ
2459 3044 2645 3113 μνήμη
2673 3042 2771 3111 τῆς
2802 3043 3074 3113 ἁμαρτίας
3117 3037 3203 3096 οἷα
3249 3042 3359 3112 πῦρ
3410 3043 3536 3114 περὶ
3566 3043 3663 3115 τήν
3692 3061 3829 3115 καρ-

2252 3135 2369 3188 δίαν
2397 3152 2495 3204 μου
2518 3133 2749 3201 ἐγένετο.

646 3229 699 3283 4.
739 3227 812 3282 Et
852 3230 905 3282 in
945 3230 1284 3284 meditatione
1332 3247 1447 3283 mea
1486 3232 1784 3285 exardescet
1814 3232 1967 3301 ignis.
2011 3232 2146 3286 Dum

2322 3226 2431 3280 Kal
2458 3226 2527 3279 ἐν
2560 3223 2635 3290 τῇ
2673 3223 2896 3294 μελέτῃ
2923 3242 3042 3294 μου
3074 3222 3515 3290 ἐκκαυθήσεται
3546 3224 3687 3294 πῦρ.
3739 3226 3828 3278 Ἐν

577 3322 894 3376 memoriam
927 3323 1135 3391 peccati
1159 3323 1503 3383 revocabam,
1527 3322 1903 3378 inﬂammahar
1931 3325 2076 3395 igne.

636 3500 691 3553 5.
710 3497 943 3552 Locutus
983 3514 1099 3551 sum
1124 3501 1179 3551 in
1202 3499 1383 3567 lingua
1403 3515 1538 3563 mea,
1560 3508 1663 3553 etc.
1688 3498 1844 3564 Illud,
1866 3502 1919 3553 in
1943 3502 2145 3572 lingua,

575 3589 733 3661 quasi
768 3589 939 3655 dicas,
976 3589 1211 3645 demissa
1239 3605 1365 3644 voce
1394 3600 1447 3644 et
1476 3592 1631 3661 quasi
1668 3592 2024 3659 susurrando,
2052 3608 2149 3648 nec

574 3680 643 3736 ad
696 3682 897 3735 multos
943 3696 1250 3737 sermonem
1303 3697 1602 3752 pronereus.
1644 3683 1915 3738 Caeterum
1965 3699 2148 3740 sermo

576 3774 666 3827 ille
693 3773 1047 3843 interrogatio
1069 3782 1186 3828 erat
1215 3774 1282 3828 de
1302 3774 1495 3830 diebus
1525 3776 1617 3844 qui
1652 3777 1752 3845 ipsi
1783 3787 2145 3846 superessent.

576 3864 966 3919 Sciscitabatur
995 3874 1198 3925 autem.
1225 3866 1365 3920 scire
1395 3876 1687 3937 peroptans
1722 3884 1852 3923 num
1880 3869 1980 3938 ipsi
2013 3870 2149 3925 resi—

574 3958 741 4010 duum
773 3958 894 4009 vitae
929 3966 1142 4024 tempus
1171 3954 1312 4011 foret
1334 3958 1401 4011 ad
1442 3961 1817 4027 pmnitenntiam
1854 3964 2007 4015 satis.

647 4047 701 4100 ϐ.
732 4044 871 4100 Ecce
914 4048 1292 4103 mensurabiles
1330 4052 1553 4118 posuisti
1585 4050 1696 4104 dies
1728 4068 1889 4117 meos,
1938 4062 1986 4105 et
2027 4054 2149 4106 sub-

573 4141 773 4194 stantia
800 4157 913 4194 mea
943 4152 1197 4212 tanquam
1220 4144 1444 4195 nihilum
1492 4154 1613 4197 ante
1657 4156 1726 4199 te.
1773 4144 2023 4209 Etiamsi,
2066 4147 2151 4199 in-

572 4232 712 4300 quit,
748 4232 907 4302 longa
940 4233 1123 4287 adhuc
1152 4232 1287 4287 mihi
1330 4234 1437 4287 vita
1466 4235 1792 4302 superforet,
1826 4237 1981 4306 quasi
2015 4238 2150 4292 nihil

578 4322 633 4375 in
660 4335 953 4391 conspectu
980 4334 1073 4377 tuo
1111 4325 1470 4394 reputabitur.
1508 4323 1563 4379 Si
1591 4340 1825 4395 namque
1857 4327 2000 4379 mille
2023 4327 2150 4381 anni

573 4420 699 4467 ante
749 4413 937 4467 oculos
1004 4422 1129 4469 tuos
1181 4424 1440 4485 tanquam
1508 4417 1624 4472 dies
1654 4434 1783 4483 una,
1819 4418 1945 4488 quid
1988 4418 2150 4474 fuerit

573 4516 787 4575 tempus
831 4505 1068 4560 hominis
1115 4506 1314 4561 unius?
1357 4506 1410 4560 ld
1444 4523 1660 4561 rursum
1690 4510 2050 4581 Symmachus
2073 4511 2152 4565 sic

2245 3318 2323 3389 τῷ
2356 3316 2863 3388 ἀναμιμνήσκεσθαί
2914 3332 2978 3386 με
3022 3315 3115 3368 τοῦ
3171 3314 3589 3385 ἁμαρτήματος,
3636 3317 3826 3386 φησιν,

2250 3410 2513 3479 ὲκαιόμην
2539 3408 2691 3479 πυρί.

2335 3498 2643 3567 Ἐλάλησα
2696 3499 2765 3551 ἐν
2824 3497 3073 3567 γλώσσῃ
3119 3515 3239 3565 μου
3263 3515 3276 3528 ’
3314 3499 3624 3566 Γνώρισόν
3670 3516 3775 3567 μοι
3812 3538 3828 3561 ,

2248 3592 2445 3660 Κύριε,
2477 3590 2543 3645 τὸ
2570 3589 2753 3658 πέρας
2776 3607 2914 3659 μου.
2952 3589 3045 3655 Τὸ,
3074 3589 3144 3642 ἐν
3177 3589 3449 3659 γλώσσῃ,
3482 3586 3590 3643 οἷον
3636 3590 3831 3662 ἡρέμα

2251 3685 2346 3739 καὶ
2373 3683 2695 3755 ψιθυρίζων,
2725 3682 2817 3735 καὶ
2850 3680 2924 3753 μὴ
2954 3682 3032 3744 είς
3073 3680 3300 3744 πολλοὺς
3329 3680 3574 3752 ἐκφέρων
3604 3680 3694 3734 τὸν
3739 3680 3831 3733 λό-

2251 3792 2367 3844 γον.
2414 3776 2469 3828 '0
2500 3774 2555 3829 δὲ
2580 3774 2737 3843 λόγος
2761 3773 3029 3845 ἐρώτησις
3047 3768 3114 3843 ἦν
3140 3773 3268 3843 περὶ
3298 3772 3405 3825 τῶν
3438 3772 3637 3826 λοιπῶν
3688 3775 3833 3843 ἠμε-

2253 3866 2383 3938 ρῶν.
2431 3864 2645 3935 Ἥρώτα
2710 3864 2787 3928 δὲ,
2838 3865 3030 3935 μαθεῖν
3084 3865 3401 3936 βουλόμενος
3443 3867 3491 3918 εί
3539 3866 3830 3938 ἐξαρκέσει

2251 3954 2399 4024 αὐτῷ
2437 3956 2516 4017 είς
2545 3954 2834 4025 μετάνοιαν
2865 3956 2892 4007 ό
2917 3954 3101 4019 λοιπὸς
3133 3955 3241 4008 τῶν
3277 3955 3500 4027 ἡμερῶν
3526 3956 3741 4029 χρόνος.

2334 4046 2489 4101 Ἰδοὺ
2513 4047 2851 4113 παλαιστὰς
2892 4046 3031 4101 ἔθου
3063 4065 3170 4114 τας
3208 4048 3434 4117 ἡμέρας
3458 4067 3575 4119 μου
3599 4065 3613 4079 ·
3654 4048 3755 4103 καί
3790 4050 3831 4116 ὴ

2248 4138 2588 4202 ὑπόστασις
2607 4154 2725 4206 μου
2774 4138 2915 4191 ὡσεὶ
2964 4137 3143 4192 οὐθὲν
3180 4137 3438 4191 ἐνώπιόν
3458 4154 3597 4191 σου.
3634 4139 3697 4191 Εί
3734 4142 3832 4193 καὶ

2252 4231 2332 4292 είς
2363 4229 2557 4300 μῆκος,
2596 4230 2749 4297 φησὶ,
2786 4229 3098 4299 παρατείνει
3124 4246 3212 4299 μοι
3245 4227 3379 4299 ζωὴ,
3411 4229 3485 4291 ὼς
3532 4228 3683 4281 οὐδὲν
3740 4233 3832 4283 ἐν-

2252 4322 2424 4376 ώπιόν
2464 4338 2556 4374 σου
2590 4319 2989 4391 λογισθήσεται.
3013 4320 3073 4373 Εί
3103 4321 3211 4393 γάρ
3240 4320 3385 4391 χίλια
3417 4320 3509 4392 ἐτη
3533 4323 3589 4373 ὲν
3621 4320 3829 4389 ὀφθαλ-

2256 4417 2376 4486 μοῖς
2405 4430 2498 4467 σου
2530 4413 2605 4476 ὼς
2639 4412 2820 4484 ἡμέρα
2854 4411 2974 4484 μία,
3019 4412 3073 4466 τί
3109 4412 3175 4466 ἂν
3219 4414 3303 4484 εἴη
3342 4414 3530 4483 χρόνος
3570 4413 3687 4475 ἐνὸς
3733 4416 3829 4468 ἀν-

2254 4506 2470 4579 θρώπου
2495 4524 2509 4568 ;
2538 4505 2711 4559 Τοῦτο
2755 4504 2915 4557 πάλιν
2948 4505 2976 4556 ό
3010 4503 3303 4575 Σύμμαχος
3339 4505 3509 4571 οὕτως
3549 4507 3830 4578 ἡρμήνευ-

575 4598 957 4666 interpretatus
1002 4606 1086 4653 est
1129 4618 1141 4653 :
1177 4597 1310 4653 Ecce
1351 4602 1502 4671 quasi
1551 4602 1755 4669 palmas
1803 4602 1995 4658 dedisti
2041 4604 2149 4658 dies

2258 4616 2346 4652 σεν
2366 4616 2380 4629 ο
2430 4598 2575 4652 Ἰδοὺ
2614 4598 2692 4663 ὡς
2725 4597 3027 4666 σπιθαμὰς
3045 4597 3271 4662 ἔδωκας
3303 4597 3409 4663 τὰς
3441 4595 3664 4666 ἡμέρας
3679 4617 3825 4667 μου,

574 4704 748 4752 meos,
796 4698 847 4742 et
893 4692 1004 4744 vita
1044 4706 1160 4743 mea
1200 4701 1451 4761 tanquam
1502 4692 1726 4745 nihilum
1771 4694 1826 4747 in
1875 4704 2151 4763 conspectu

574 4793 684 4835 tuo.
729 4780 811 4835 Tu
844 4797 1079 4851 namque
1112 4783 1230 4837 sine
1260 4785 1415 4839 initio
1442 4800 1502 4839 es
1540 4794 1593 4839 et
1634 4785 1754 4840 sine
1798 4787 1925 4852 line,
1967 4797 2151 4843 nostra

572 4888 751 4929 autem
786 4877 893 4929 vita
917 4890 1014 4929 ceu
1035 4875 1361 4945 quibusdam
1396 4878 1591 4946 palmis
1620 4888 1674 4932 et
1700 4880 1974 4934 mensuris
2002 4896 2152 4935 men-

574 4982 635 5020 sa
669 4977 769 5021 est.
823 4966 917 5024 His
947 4968 1265 5022 brevitatem
1313 4969 1555 5025 declarat
1586 4970 1839 5025 humanae
1866 4971 2006 5025 vitae.

642 5145 694 5199 7.
736 5144 1102 5202 Verumtamen
1125 5149 1369 5203 universa
1412 5152 1640 5215 vanitas,
1688 5153 1855 5204 omnis
1890 5151 2043 5205 homo
2081 5151 2153 5206 vi-

576 5250 716 5288 vens.
758 5234 1126 5292 Verumtamen
1156 5240 1211 5291 in
1247 5240 1476 5307 imagine
1522 5243 1809 5309 pertransit
1845 5230 2019 5305 homo,
2060 5243 2151 5296 sed

573 5338 624 5383 et
663 5328 865 5398 frustra
899 5331 1265 5388 conturbatur.
1304 5331 1363 5386 Si
1401 5342 1581 5386 autem
1647 5334 1698 5386 in
1736 5333 1991 5403 imagine,
2040 5350 2147 5387 non

577 5424 630 5476 in
660 5423 883 5478 veritate
913 5424 1204 5493 pertransit
1226 5424 1411 5489 homo,
1444 5426 1568 5493 jure
1598 5425 1889 5479 vanitatem
1930 5425 2147 5495 praemi-

575 5516 667 5573 sit.
702 5514 921 5581 quando
954 5531 1060 5569 non
1108 5531 1291 5570 veram
1338 5518 1505 5571 vitam
1552 5519 1921 5584 transigimus,
1961 5519 2053 5573 sed
2092 5519 2146 5572 in

575 5604 809 5673 quadam
835 5605 1087 5675 imagine,
1132 5622 1305 5672 neque
1352 5610 1465 5663 veri
1521 5610 1645 5664 boni
1690 5610 1871 5664 studio
1913 5612 2145 5677 agimur,

576 5711 747 5761 quare
772 5695 971 5751 frustra
998 5699 1412 5755 conturbamur.
1450 5701 1591 5767 Vita,
1615 5702 1811 5771 inquit,
1834 5717 2021 5756 eorum
2053 5702 2145 5771 qui

578 5787 631 5840 in
660 5795 798 5841 terra
830 5790 1050 5859 degunt,
1070 5792 1268 5861 quippe
1291 5808 1411 5861 quae
1439 5792 1489 5845 in
1523 5793 1875 5847 saecularibus
1900 5801 2145 5847 versetur

577 5878 745 5944 euris,
778 5878 897 5949 jure
926 5881 1135 5937 vanitas
1159 5884 1475 5940 aestimetur.
1505 5885 1595 5939 Vel
1630 5885 1707 5941 sic
1748 5904 1757 5938 :
1788 5882 1991 5941 Omnes
2024 5884 2143 5939 vita

2255 4692 2352 4745 καί
2386 4693 2424 4759 ὴ
2454 4691 2674 4756 ,ϐίωσίς
2707 4708 2826 4760 μου
2850 4690 2929 4755 ὡς
2952 4688 3133 4743 οὐδὲν
3153 4688 3432 4757 ἄντικρύς
3453 4706 3585 4743 σου.
3626 4691 3697 4744 Σὺ
3725 4692 3828 4762 μὲν

2253 4784 2362 4855 γὰρ
2387 4783 2619 4853 ἄναρχος
2644 4782 2735 4835 καὶ
2765 4780 3069 4851 ἀπέραντος
3096 4798 3109 4810 ·
3140 4784 3167 4834 ό
3196 4782 3251 4834 δὲ
3277 4782 3541 4851 ἡμέτερος
3571 4780 3684 4851 βίος
3712 4777 3828 4837 οἷόν

2251 4891 2359 4927 τισι
2416 4872 2715 4943 σπιθαμαῖς
2760 4873 2853 4926 καὶ
2884 4872 3204 4935 παλαισταῖς
3244 4873 3672 4944 ὲκμεμέτρηται.
3716 4875 3821 4929 Διὰ

2252 4965 2443 5019 τούτου
2477 4964 2828 5035 παρεδήλωσε
2858 4964 2919 5017 τὸ
2949 4964 3309 5035 ὀλιγοχρόνιον
3348 4964 3447 5035 τῆς
3476 4965 3825 5037 ἀνθρωπίνης

2254 5056 2420 5125 ζωῆς.

2322 5149 2495 5215 Πλὴν
2522 5148 2595 5201 τὰ
2619 5150 2941 5218 σύμπαντα
2968 5151 3323 5218 ματαιότης,
3356 5148 3473 5215 πᾶς
3512 5150 3823 5217 ἄνθρωπος

2254 5236 2383 5298 ζῶν.
2412 5238 2699 5309 Μέντοιγε
2722 5240 2792 5293 ὲν
2812 5242 3000 5294 εικόνι
3038 5238 3445 5307 διαπορεύεται
3490 5239 3822 5308 ἅνθρωπος,

2252 5329 2419 5397 πλὴν
2442 5331 2643 5399 μάτην
2675 5330 3056 5400 ταράσσεται.
3104 5333 3167 5385 Εἰ
3200 5333 3276 5396 δὲ,
3315 5334 3500 5403 φησὶν,
3538 5334 3594 5385 ὲν
3628 5332 3820 5398 εἰκόνι,

2253 5423 2345 5475 καὶ
2390 5423 2489 5474 οὐκ
2521 5426 2578 5476 ὲν
2612 5423 2838 5493 ἀληθεία
2904 5423 3191 5495 πορεύεται
3239 5425 3551 5495 ἄνθρωπος,
3596 5426 3825 5489 είκότως

2255 5517 2586 5586 ματαιότητα
2612 5519 2891 5587 προεῖπενο
2927 5517 3113 5588 ἐπειδὴ
3143 5517 3202 5569 οὐ
3242 5515 3337 5585 τὴν
3368 5515 3624 5585 ἀληθινὴν
3650 5514 3817 5587 ζωὴν,

2249 5608 2361 5661 ἀλλ’
2418 5610 2473 5661 ὲν
2524 5608 2690 5660 εἰκόνι
2721 5610 2845 5661 τινί·
2894 5609 3015 5660 οὐδὲ
3050 5609 3153 5679 τὴν
3194 5606 3426 5676 σπουδὴν
3477 5606 3585 5659 τῶν
3649 5608 3820 5661 όντων

2251 5700 2470 5769 ἀγαθῶν
2500 5700 2756 5764 ποιοῦμεν
2782 5716 2794 5728 ·
2845 5700 2925 5753 διὸ
2957 5703 3050 5753 καὶ
3099 5701 3274 5771 μάτην
3306 5699 3703 5771 ταραττόμεθα.
3777 5705 3818 5754 0

2254 5790 2385 5858 βίος,
2422 5790 2574 5860 φησὶ,
2610 5789 2717 5841 τῶν
2748 5790 2839 5841 ἐπὶ
2865 5789 2985 5857 γῆς.
3028 5788 3120 5841 ἆτε
3172 5789 3298 5861 περὶ
3342 5786 3626 5857 φροντίδας
3663 5803 3818 5855 στρε-

2251 5884 2480 5951 φόμενος
2508 5881 2797 5952 κοσμικὰς,
2833 5882 3042 5953 κριθείη
3072 5880 3135 5934 ἂν
3160 5880 3476 5952 ματαιότης.
3512 5880 3579 5930 Ἤ
3607 5877 3812 5945 obruis]?
