4034 6460
198 412 301 468 189

1270 398 1635 457 EXPOSITIO
1676 399 1738 454 IN
1782 399 2106 456 PSALMUM
2145 399 2385 455 XXXIX.

3304 400 3407 453 190

194 526 491 594 Σύμπαντα
526 520 592 573 τὰ
636 520 729 591 ἐτη
776 518 873 589 τῆς
917 518 1187 588 ἡμετέρας
1222 515 1364 585 ζωῆς
1396 514 1557 584 ἀτμίς
1607 516 1749 566 ἐστιν

1856 526 2051 569 nostra
2080 512 2205 567 anni
2243 526 2407 580 vapor
2447 518 2572 564 sunt
2604 512 2655 563 in
2692 519 2980 579 conspectu
3018 518 3131 573 tuo,
3162 525 3285 563 nam
3308 525 3406 580 pro

194 614 427 669 ἐνώπιόν
476 629 603 666 σου·
650 612 770 664 ἀντὶ
811 609 916 679 γὰρ
945 608 1338 676 ματαιότητος
1385 606 1413 656 ὀ
1463 604 1754 674 Σύμμαχος

193 709 367 777 ἀτμίς
394 703 639 771 ἐξέδωκε.
676 699 1039 770 Θησαυρίζει,
1083 697 1179 751 καὶ
1222 698 1293 750 οὐ
1331 696 1610 765 γινώσκει
1640 698 1755 748 τίνι

193 796 448 860 συνάξει
476 793 647 849 αὐτὰ.
688 790 904 861 Ἐπειδὴ
935 790 993 843 ού
1036 790 1135 859 τὴν
1167 785 1341 856 ἀληθῆ
1392 785 1570 856 ζῶμεν
1614 786 1754 856 ζωὴν

191 887 311 951 νῦν,
339 884 474 940 ἀλλὰ
495 884 592 954 τὴν
611 884 686 945 ὼς
713 884 770 935 ἐν
802 882 967 934 εἰκόνι
987 896 1001 909 ⁸
1030 878 1149 932 ούδέ
1173 877 1301 948 περ)⁵
1325 875 1393 929 τὰ
1422 876 1590 939 ὖντως
1624 877 1757 942 ἀγα-

192 978 260 1032 θά
287 976 587 1047 ποιούμεθα
618 974 717 1045 τὴν
766 972 1035 1042 σπουδήν·
1078 969 1158 1022 διὸ
1200 968 1374 1039 μάτην
1414 967 1756 1037 ταρασσόμεο

193 1071 284 1133 θα,
316 1068 446 1139 περὶ
474 1068 571 1130 τὰς
600 1063 867 1134 κοσμικάς
890 1061 1182 1132 ἐπιθυμίας
1227 1058 1600 1130 στρεφόμενοι,
1630 1074 1754 1110 συν-

191 1163 419 1229 ἄγοντες
444 1158 769 1231 θησαυροὺς,
797 1148 870 1208 ὧν
895 1154 993 1207 οὐκ
1028 1151 1182 1222 ίσμεν
1209 1151 1500 1221 διαδόχους.

261 1251 371 1305 Καί
401 1250 515 1304 νῦν
545 1250 637 1314 τίς
662 1248 700 1315 ἠ
729 1243 1000 1315 ὑπομοντῇ
1034 1261 1152 1312 μου
1174 1259 1192 1305 ;
1221 1242 1355 1311 οὐχὶ
1384 1243 1632 1309 Κύριος;
1659 1242 1754 1293 Ei-

188 1344 363 1405 κότως
400 1342 496 1411 τὴν
522 1338 711 1392 ἐλπίδα
745 1337 839 1390 ἐπὶ⁸
872 1335 1072 1405 Κύριον
1106 1334 1249 1403 ἔχειν
1283 1334 1465 1404 φησὶν,
1511 1334 1607 1385 am
1650 1350 1750 1386 κα-

186 1430 416 1498 ταγνοὺς
440 1427 547 1480 τῶν
585 1429 642 1479 ἐν
670 1425 769 1496 βίῳ
803 1422 1222 1494 περισπασμῶν.
1256 1421 1365 1475 Καὶ
1416 1423 1450 1490 ἡ
1489 1423 1752 1475 ὑπόσταο

185 1522 287 1586 σίς
310 1535 429 1589 μου
480 1518 639 1585 παρὰ
684 1516 784 1569 σοί
819 1515 1007 1568 ἐστιν.
1067 1513 1133 1564 Ἠ
1183 1511 1503 1583 προσδοκία,
1553 1512 1668 1581 ἦτοι
1716 1513 1750 1582 ἡ

184 1616 455 1685 ὑπομονὴ.

257 1704 530 1771 Ὀνειδος
573 1702 785 1771 ἄφρονι
816 1699 1045 1765 ἔδωκάς
1076 1715 1171 1768 με.
1224 1697 1316 1767 Μὴ
1349 1694 1600 1767 παραδῷς
1658 1712 1747 1764 με,

182 1800 372 1869 φησὶν,
411 1797 487 1860 εἰς
531 1793 851 1864 όιειδισμὸν,
899 1790 987 1843 διὰ
1038 1790 1099 1842 τὸ
1145 1791 1224 1852 είς
1252 1788 1350 1858 ἐμὲ
1399 1783 1535 1839 εἷναί
1571 1803 1628 1838 σε
1658 1787 1750 1839 τὸν

180 1890 325 1943 λοιδο
331 1907 363 1961 ρ
374 1904 427 1942 οι
439 1904 614 1959 μενον.

264 1976 636 2045 Ἐκωρώθην,
666 1973 762 2028 καί
791 1975 901 2027 οὐκ
931 1969 1143 2040 ἧνοιξα
1168 1968 1233 2023 τὸ
1265 1969 1456 2038 στόμα
1479 1987 1619 2039 μου,
1658 1968 1746 2021 ὅτι

180 2070 263 2123 σὺ
293 2068 612 2134 ἐποίησας.
654 2064 1092 2137 Δοιδορούμενος,
1130 2064 1314 2134 φησὶν,
1348 2061 1564 2131 ἐσίγων,
1591 2060 1746 2126 είδὼς

180 2159 432 2230 ἀκριϐῶς
469 2158 597 2229 περὶ
628 2159 817 2229 αὐτῆς,
848 2159 930 2211 ὅτι
965 2155 1028 2208 σὺ
1058 2150 1109 2207 εί
1131 2156 1159 2207 ὁ
1191 2153 1457 2225 τιμωρίας
1483 2153 1599 2224 ἦτοι
1630 2171 1748 2207 παι-

176 2250 327 2311 δείας
360 2248 520 2318 χάριν
557 2248 722 2312 τάξας
753 2264 819 2317 με
865 2248 945 2307 είς
968 2245 1098 2299 αὐτὸ
1134 2242 1290 2298 τοῦτο
1320 2243 1685 2307 ὀνειδίζεσθαι.

265 2339 642 2405 Ἆπόστησον
690 2338 790 2391 ἀπ’
833 2336 977 2406 ἐμοῦ
1000 2335 1106 2401 τὰς
1134 2333 1427 2404 μάστιγάς
1468 2348 1604 2387 σου.
1635 2333 1746 2396 Τὰς

177 2430 475 2501 γινομένας
503 2428 652 2497 αὑτῷ
698 2429 848 2500 παρά
880 2428 989 2479 τῶν
1021 2426 1289 2496 δαιμόνων
1346 2425 1613 2496 τιμωρίας
1658 2424 1747 2477 λι-

177 2538 289 2589 γει,
319 2522 383 2573 ού
410 2516 818 2591 συγχωροῦντος
845 2518 1026 2581 αὐτοῖς
1065 2518 1160 2571 τοῦ
1192 2516 1345 2569 Θεοῦ.
1376 2515 1533 2586 (Reg.
1563 2517 1587 2568 1
1628 2517 1747 2584 sic.)

176 2616 292 2678 Τὰς
321 2613 613 2683 γινομένας
647 2609 793 2680 αύτῷ
841 2609 989 2680 παρά
1028 2608 1135 2662 τῶν
1172 2608 1437 2680 δαιμόνων
1479 2607 1748 2677 τιμωρίας

175 2708 332 2778 παρὰ
362 2706 455 2759 τοῦ
502 2704 637 2758 Θεοῦ
684 2703 852 2770 λέγει,
905 2702 981 2765 ὡς
1025 2700 1429 2772 συγχωροῦντος
1458 2700 1619 2752 αὑτὸν
1662 2700 1748 2752 διὰ

173 2800 279 2866 τὴν
301 2796 579 2867 ἁμαρτίαν
596 2794 807 2848 παθεῖν.
826 2792 967 2847 Ἀπὸ
995 2792 1105 2861 γὰρ
1130 2791 1239 2859 τῆς
1254 2791 1468 2860 ίσχὺος
1493 2790 1603 2858 τῆς
1629 2808 1748 2860 χει-

169 2886 286 2954 ρός
300 2902 420 2940 σου
445 2886 558 2953 ἐγὼ
579 2883 878 2947 ἐξέλιπον.
898 2881 1161 2945 Πολλάκις
1180 2881 1280 2951 ἠδη
1294 2882 1393 2951 τὴν
1412 2879 1741 2942 κολάζουσαν

170 2978 405 3047 δύναμιν
443 2979 598 3047 χεῖρα
624 2974 719 3028 τοῦ
765 2973 899 3027 Θεοῦ
937 2972 1187 3041 λέγεσθαι
1228 2970 1734 3043 ἐμνημονεύσαμεν.

1856 605 2103 668 vanitate,
2130 618 2367 669 vaporem
2383 601 2549 655 edidit
2570 599 2942 671 Symmachus.
2974 598 3334 663 Tltesaurizat,
3355 611 3406 653 et

1854 698 2059 766 ignorat
2094 695 2179 747 cui
2227 691 2556 762 congregabit
2582 710 2662 747 ea.
2695 690 2959 757 Quoniam
2994 692 3047 744 in
3076 692 3179 746 hoc
3206 692 3409 747 mundo

1855 804 1961 841 non
2005 802 2131 840 vera
2174 785 2405 839 vivimus
2442 784 2571 846 vita,
2601 783 2691 837 sed
2724 783 2880 850 quasi
2927 782 2980 836 in
3016 782 3284 851 imagine:
3312 794 3408 835 ne-

1853 893 1957 947 que
1990 878 2055 931 de
2075 877 2141 941 iis
2164 891 2284 945 qua:
2301 890 2424 930 vere
2455 876 2595 929 bona
2628 882 3044 933 sunteuramus.
3068 872 3186 926 ideo
3203 870 3404 925 frustra

1852 970 2261 1032 conturbamur,
2304 966 2433 1019 dum
2474 965 2525 1018 in
2555 964 2907 1019 saecularibus
2942 978 3221 1016 versamur
3262 961 3406 1015 desi-

1852 1057 2039 1122 deriis,
2074 1066 2127 1111 et
2168 1058 2454 1112 thesauros
2480 1056 2803 1126 colligimus,
2836 1069 3062 1123 quorum
3095 1053 3403 1123 ignoramus

1852 1148 2109 1202 lneredes.

1919 1237 1970 1292 8.
1998 1235 2065 1290 Et
2095 1252 2231 1289 nunc
2256 1252 2372 1305 gnte
2399 1245 2475 1290 est
2507 1237 2823 1305 exspectatio
2852 1252 2987 1298 mea,
3023 1251 3188 1289 nonne
3224 1235 3405 1289 Domi-

1851 1329 1990 1381 nus?
2018 1325 2148 1381 Jure
2182 1342 2239 1381 se
2281 1343 2430 1397 spem
2462 1328 2515 1382 in
2548 1327 2835 1383 Dominum
2866 1328 3159 1397 repositam
3201 1326 3276 1381 ait
3305 1327 3404 1380 ha-

1850 1419 1998 1483 bere,
2023 1428 2207 1488 utpote
2243 1419 2337 1488 qui
2370 1419 2751 1474 distractiones
2774 1418 2935 1488 hujus
2953 1419 3074 1473 vita:
3092 1426 3403 1488 cognoscat.

1851 1508 1921 1564 Et
1951 1510 2247 1564 substantia
2270 1527 2384 1564 utea
2407 1512 2543 1579 apud
2567 1522 2616 1564 te
2633 1521 2725 1565 est.
2746 1510 2800 1565 ld
2817 1519 2899 1565 est
2915 1509 3264 1580 exspectatio,
3294 1509 3407 1564 sive

1848 1602 2100 1673 patientia

1920 1698 1972 1752 9.
2002 1697 2347 1767 Opprobrium
2371 1697 2636 1766 insipienti
2655 1697 2845 1750 dedisti
2871 1712 2967 1750 me.
2990 1694 3068 1750 Ne
3094 1694 3275 1750 tradas
3298 1710 3403 1756 mc.

1850 1789 2045 1859 inquit,
2080 1790 2134 1843 in
2182 1789 2566 1860 opprobrium:
2603 1804 2669 1843 eo
2702 1787 2846 1858 quod
2881 1797 2936 1841 tu
2968 1786 3021 1840 in
3076 1802 3161 1840 me
3190 1785 3266 1839 sis
3312 1786 3403 1855 qui

1776 1865 1818 1921 Β
1846 1882 2150 1953 opprobriis
2193 1882 2457 1937 oneraria.

1916 1973 2001 2028 10.
2044 1971 2317 2040 Obmutui,
2346 1985 2392 2028 et
2424 1990 2524 2027 non
2546 1974 2726 2042 aperui
2756 1989 2813 2026 os
2836 1988 3049 2038 meum,
3079 1972 3320 2041 quoniam
3350 1980 3405 2022 tu

1850 2067 2039 2136 fecisti.
2071 2066 2347 2121 Conviciis
2371 2066 2664 2135 impetitus,
2705 2064 2901 2132 inquit,
2936 2063 3202 2125 tacebam,
3242 2060 3407 2130 probo

1850 2174 2050 2228 gnarus
2088 2168 2139 2212 te
2181 2174 2298 2213 esse
2334 2158 2424 2228 qui
2472 2171 2558 2211 me
2605 2156 2853 2225 supplicii
2904 2163 2999 2209 aut
3031 2153 3405 2223 castigationis

1849 2264 2013 2305 causa
2064 2247 2131 2302 ad
2163 2247 2428 2315 ejusmodi
2463 2248 2750 2316 opprobria
2790 2246 3091 2300 destinasti.

1918 2339 2004 2392 11.
2037 2338 2227 2391 Amore
2248 2353 2281 2389 a
2302 2353 2380 2389 me
2406 2336 2588 2405 plagas
2615 2346 2753 2388 tuas.
2789 2334 3022 2389 lnﬂictas
3059 2332 3265 2388 scilicet
3301 2328 3405 2386 sibi

1848 2444 2036 2499 poenas
2058 2444 2087 2481 a
2121 2426 2476 2488 daemonibus,
2525 2441 2555 2479 a
2589 2423 2698 2477 Deo
2729 2438 2851 2478 esse
2892 2422 3043 2487 dicit,
3093 2430 3272 2489 utpote
3312 2418 3406 2487 qui

1846 2520 2174 2575 concesserit
2211 2532 2334 2573 eum
2369 2517 2573 2586 peccati
2613 2530 2777 2570 causa
2815 2512 3074 2582 torqueri.
3108 2511 3152 2564 Α
3189 2510 3404 2579 fortitu-

1844 2612 1964 2663 dine
2000 2610 2138 2663 enim
2186 2623 2371 2662 manus
2424 2616 2529 2660 tute
2566 2622 2657 2675 ego
2702 2602 2889 2672 defeci.
2935 2600 3256 2669 Plerumque
3292 2597 3404 2665 jam

1845 2699 2091 2754 ultricem
2113 2700 2363 2753 virtutem
2394 2711 2613 2752 manum
2644 2694 2733 2748 Dei
2755 2694 2932 2748 vocari
2957 2690 3400 2746 memOravimus.

1849 2788 2091 2856 Quicum
2124 2790 2318 2845 acriter
2346 2787 2594 2856 ﬂagellat,
2619 2783 2797 2838 deiicit
2817 2783 2909 2852 qui
2929 2784 3245 2850 castigatur,
3268 2794 3404 2845 qua-

1848 2887 2005 2935 tenus
2027 2880 2148 2934 talis
2170 2889 2276 2944 est,
2309 2877 2513 2933 scilicet
2537 2875 2803 2938 inﬁrmus,
2835 2874 2925 2942 qui
2954 2888 3061 2925 non
3102 2872 3195 2925 diu
3236 2869 3407 2922 valeat

1844 2972 2066 3025 verbera
2102 2972 2346 3025 tolerare.

176 3074 347 3124 Ὅταν
370 3071 569 3133 αὐτοὺς
605 3068 837 3140 ίσχυρῶς
871 3068 1139 3140 μαστίζῃ,
1182 3066 1423 3120 ἐκλείπει
1466 3066 1496 3117 ὁ
1528 3064 1904 3135 κολαζόμενος,
1962 3064 2094 3119 καθὸ
2132 3064 2372 3127 τοιοῦτός
2423 3066 2590 3127 ἐστιν,
2640 3060 2871 3129 ἀσθενὴς
2921 3058 3159 3130 δηλονότι
3206 3056 3296 3109 καὶ
3332 3054 3406 3123 μὴ

172 3165 475 3232 δυνάμενος
504 3163 588 3229 ἐφ’
632 3161 813 3213 ἱκανὸν
842 3160 1087 3227 ἀντέχειν
1120 3158 1255 3230 πρὸς
1290 3158 1572 3227 μάστιγας.

247 3252 449 3327 [Πλὴν
471 3250 670 3320 μάτην
694 3248 1116 3319 ταράσσονται.
1178 3247 1237 3300 'O
1284 3248 1341 3298 ἐν
1385 3247 1583 3318 ἀνομίᾳ
1612 3249 1743 3314 ζῶν,

174 3348 252 3412 ὼς
278 3347 375 3400 καὶ
408 3344 663 3413 τοιαύτης
692 3341 937 3405 παιδείας
967 3340 1240 3411 δεηθῆναι.
1264 3338 1284 3411 ]

261 3437 360 3489 Ἐν
389 3433 660 3503 ἐλεγμοῖς
690 3431 839 3499 ὑπὲρ
870 3432 1117 3499 ἀνομίας
1140 3429 1501 3495 ἐπαίδευσας
1529 3427 1747 3498 ἄνθρω-

177 3542 319 3581 πον,
369 3524 636 3593 Ἐλέγχων
682 3540 771 3592 με,
806 3521 989 3590 φησὶν,
1034 3521 1125 3571 ἐπὶ
1165 3524 1230 3590 τῇ
1281 3522 1544 3591 ἁμαρτίᾳ,
1592 3522 1749 3575 ἐπαῖ-

176 3619 395 3678 δεύσας.

255 3707 375 3776 Τῆς
401 3703 664 3771 δεήσεώς
688 3721 807 3774 μου
834 3702 1128 3757 ἐνώτισαι.
1168 3700 1312 3753 Ἀντὶ
1341 3699 1454 3763 τοῦ,
1488 3700 1749 3752 Είσάκου-

182 3819 293 3866 σον,
331 3802 425 3854 καὶ
473 3796 823 3868 συγχώρησον
852 3796 951 3866 τὴν
990 3792 1265 3863 ἁμαρτίαν
1298 3793 1404 3864 πρὸ
1433 3792 1531 3862 τῆς
1558 3791 1745 3843 τελευ-

178 3893 299 3961 τῆς.
337 3887 549 3960 [Τοῦτο
595 3886 703 3956 γάρ
749 3885 1001 3955 σημαίνει
1035 3900 1047 3913 ·
1089 3885 1205 3935 Ὀτι
1238 3881 1521 3951 πάροικος
1569 3880 1747 3953 sum]

184 3987 356 4047 Ἀνες
383 3998 506 4050 μοι,
552 3979 653 4032 ἵνα
692 3975 1002 4045 ἀναψύξω.
1036 3974 1149 4041 Πρὸ
1180 3973 1281 4043 τῆς
1323 3972 1577 4042 τελευτῆς
1625 3989 1747 4041 μου,

180 4076 369 4146 φησὶν,
402 4070 686 4143 ἁμαρτιῶν
714 4070 991 4140 πάρασχον
1015 4067 1236 4136 ἄφεσιν,
1288 4066 1374 4119 ἴνα
1407 4063 1623 4136 θαρρῶν
1666 4065 1746 4126 εἰς

180 4169 311 4239 ᾅδου
343 4164 717 4236 πορεύσωμαι.
748 4161 857 4215 Καὶ
906 4158 1102 4214 οὐκέτι
1115 4156 1358 4227 ὑπάρξω
1397 4157 1507 4227 Οὐχ
1529 4155 1753 4224 ὑπάρξω

184 4258 427 4319 τοιοῦτος
454 4250 563 4318 οἷος
600 4254 666 4307 ἂν
692 4254 786 4306 καὶ
812 4253 1071 4322 γενοίμην
1113 4254 1178 4307 ἐκ
1220 4252 1319 4322 τῆς
1361 4252 1495 4321 πρὸς
1541 4246 1633 4301 σοῦ
1665 4264 1753 4318 μοι

183 4351 487 4423 γενομένης
523 4349 780 4411 ἀνέσεως.
814 4348 1025 4408 Ἀνεσις
1058 4346 1114 4399 δὲ
1156 4343 1292 4397 Θεοῦ
1326 4346 1471 4396 ἐστιν
1517 4339 1752 4394 ἀπάθεια

183 4444 367 4516 ψυχῆς
397 4441 534 4512 μετά
558 4439 810 4507 γνώσεως
846 4436 952 4491 τῶν
978 4438 1145 4490 ὄντων
1176 4436 1428 4507 ἀληθοῦς.

345 4596 451 4660 Εις
478 4591 543 4645 τὸ
574 4590 745 4655 τέλος
781 4590 1083 4643 ΨΑΛΜΟΣ
1110 4587 1186 4653 τῷ
1215 4587 1411 4642 Δαυΐδ.
1453 4592 1581 4641 ΛΘ¹.

809 4680 1129 4745 Ύπόθεσις.

198 4800 558 4871 Ἀναφέρεται
587 4798 752 4869 ήῴδὴ
785 4798 849 4849 ἐκ
883 4796 1170 4868 προσώπου
1200 4795 1293 4849 τοῦ
1336 4795 1454 4849 νέου
1489 4795 1618 4847 λαοῦ
1656 4793 1750 4847 τοῦ

256 4890 716 4962 ἀνακομισθέντος
738 4891 803 4942 ἐκ
836 4890 1038 4942 λάκκου
1071 4888 1462 4958 ταλαιπωρίας.
1495 4883 1627 4940 Εἶτα
1660 4903 1753 4956 με-

257 4984 395 5048 ταξὺ
446 4983 758 5054 εἰσφέρεται
798 4983 858 5034 τὸ
884 4981 977 5034 τοῦ
1025 4980 1261 5052 Χριστοῦ
1292 4982 1600 5051 πρόσωπον,
1625 4981 1751 5042 τοὺς

260 5075 718 5148 εὐχαριστοῦντας
739 5074 1001 5127 διδάσκων
1026 5073 1125 5144 τῆς
1154 5073 1464 5143 οἰκονομίας
1490 5071 1583 5123 τὸν
1632 5072 1755 5143 τρό⁴

263 5186 364 5221 πον
390 5186 404 5199 ’
440 5163 556 5219 εἶτα
588 5166 748 5218 πάλιν
775 5163 880 5217 τῶν
910 5164 1313 5217 πιστευσάντων
1341 5164 1403 5215 ἐκ
1417 5162 1511 5215 τοῦ
1545 5161 1756 5233 Ἰσραὴλ

260 5261 322 5311 τὸ
340 5259 652 5329 πρόσωπον,
680 5254 969 5322 ἀξιούντων
989 5254 1249 5327 ρυσθῆναι
1264 5254 1362 5324 τῆς
1385 5254 1471 5306 διὰ
1486 5252 1583 5324 τὴν
1606 5255 1757 5307 ἀπεί-

263 5354 414 5405 θειαν
440 5350 747 5421 ἁμαρτίας,
784 5348 899 5417 ἃμα
938 5348 993 5401 δὲ
1034 5350 1126 5401 καὶ
1169 5346 1535 5419 διηγουμένων
1577 5347 1756 5408 αὐτοῖς

260 5445 332 5497 τά
368 5440 753 5511 συμϐεϐηκότα
780 5438 868 5493 διὰ
896 5439 993 5510 τὴν
1020 5440 1275 5492 ἀπιστίαν
1320 5438 1483 5492 κακά.

275 5530 623 5601 ’Υπομένων
675 5529 963 5598 ὑπέμεινα
1008 5530 1115 5582 τὸν
1157 5532 1395 5598 Κύριον,
1438 5528 1533 5581 καί
1574 5542 1758 5595 προσ-

198 5626 382 5692 έσχεν
430 5639 552 5691 μοι.
590 5622 812 5691 Ὅμοιον
840 5620 951 5692 τῷ·
995 5621 1099 5673 Ἐν
1154 5620 1228 5688 τῇ
1274 5618 1543 5691 ὑπομονῇ
1596 5620 1758 5689 ὑμῶν

199 5714 510 5783 ττήσασθε
538 5711 644 5778 τὰς
676 5710 880 5780 ψυχὰς
911 5709 1093 5782 ὑμῶν.

270 5804 314 5836 ’³
343 5802 471 5857 Luc.
506 5818 620 5867 XXI,
656 5800 739 5855 19.

1919 3241 2032 3313 [12.
2079 3239 2445 3295 Verumtamen
2476 3256 2605 3294 vane
2633 3237 3033 3292 conturbantur.
3064 3232 3167 3299 Qui
3194 3230 3323 3284 vivit
3351 3230 3405 3282 in

1848 3332 2158 3401 iniquitate,
2194 3330 2267 3385 ita
2298 3340 2358 3384 ut
2387 3330 2697 3398 hujusmodi
2737 3337 2891 3397 egeat
2920 3321 3302 3392 institutione.]

1919 3423 2006 3477 15.
2049 3420 2113 3475 1η
2149 3418 2586 3489 increpationibus
2633 3428 2842 3488 propter
2895 3415 3222 3485 iniquitatem
3242 3412 3406 3464 corri-

1846 3516 2010 3586 puiin
2040 3514 2318 3568 hominem.
2346 3512 2481 3568 Cum
2510 3529 2618 3578 me,
2650 3510 2841 3580 inquit,
2870 3518 3087 3579 propter
3126 3515 3403 3577 peccatum

1847 3606 2130 3677 arguebas,
2180 3620 2265 3658 me
2304 3603 2633 3673 corripuisti.

1920 3698 2007 3752 M.
2048 3698 2277 3750 Auribus
2312 3696 2514 3763 percipe
2548 3693 2955 3746 obsecrationem
3008 3703 3197 3742 meam.
3240 3684 3405 3752 Quasi

1848 3790 1992 3844 dicat
2025 3806 2036 3840 :
2079 3786 2285 3840 Exaudi
2318 3797 2371 3839 et
2410 3782 2644 3839 concede
2669 3782 2799 3835 mihi
2827 3778 3033 3849 peccati
3066 3776 3279 3830 veniam
3309 3786 3405 3827 an-

1850 3889 2065 3949 tequam
2086 3878 2305 3931 moriar.
2326 3875 2403 3947 [Id
2426 3875 2570 3929 enim
2597 3872 2865 3943 signiﬁcat
2886 3893 2897 3925 :
2920 3868 3178 3933 Quoniam
3208 3864 3406 3918 advena

1851 3970 2014 4041 suut.]
2044 3969 2261 4023 Remitte
2282 3968 2411 4019 mihi
2444 3977 2500 4019 ut
2538 3966 2829 4035 refrigerer.
2857 3962 3157 4030 Antequam
3187 3956 3405 4011 moriar.

1850 4064 1945 4127 ait,
1996 4067 2336 4130 peccatorum
2386 4057 2597 4110 veniam
2645 4053 2901 4116 concede,
2945 4060 3002 4104 ut
3052 4065 3177 4102 cum
3213 4047 3408 4100 ﬁducia

1852 4154 1906 4208 in
1938 4151 2210 4206 infernum
2255 4149 2370 4204 sive
2397 4148 2449 4201 in
2483 4145 2790 4216 sepulcrum
2820 4140 3162 4197 descendam.
3194 4137 3262 4191 Et
3294 4154 3399 4189 am-

1852 4244 1992 4317 plius
2032 4260 2140 4299 non
2186 4258 2296 4297 ero.
2348 4239 2565 4295 Scilicet
2601 4239 2722 4292 talis
2767 4235 2944 4305 qualis
2984 4248 3156 4288 essem
3217 4247 3281 4284 ex
3317 4239 3406 4283 tua

1853 4340 1986 4393 mihi
2035 4338 2231 4393 collata
2274 4332 2617 4389 remissione.
2674 4327 2940 4382 Remissio
2983 4335 3161 4379 autem
3198 4321 3291 4375 Dei
3328 4330 3413 4376 est

1856 4430 2052 4483 animae
2093 4425 2457 4493 tranquillitas
2501 4436 2625 4475 cum
2656 4434 2783 4473 vera
2828 4430 3007 4471 rerum
3055 4412 3378 4483 cognitione.

1994 4586 2045 4641 1.
2100 4584 2166 4638 In
2191 4586 2345 4654 ﬁnem
2378 4576 2712 4636 PSALMUS
2760 4574 2969 4630 Davidi.
3002 4566 3269 4625 XXXIX.

2438 4670 2477 4722 Α
2490 4679 2832 4739 rgumentum.

1854 4786 2105 4842 Refertur
2132 4783 2404 4839 canticum
2451 4795 2513 4835 ex
2542 4793 2771 4849 persona
2825 4775 2946 4830 novi
2974 4772 3157 4843 populi
3208 4770 3272 4825 de
3294 4770 3410 4823 lacu

1924 4876 2159 4931 miseriae
2183 4874 2415 4929 reducti.
2442 4874 2631 4926 Postea
2657 4869 2929 4923 inducitur
2944 4865 3143 4919 Christi
3163 4876 3411 4931 persona,

1927 4970 2019 5039 qui
2070 4983 2165 5024 eos
2215 4968 2307 5039 qui
2366 4966 2555 5037 gratiis
2603 4962 2821 5033 agendis
2878 4969 3067 5013 vacant
3102 4956 3416 5012 oeconomia:

1921 5063 2138 5118 modum
2168 5062 2374 5116 edocet.
2424 5058 2625 5113 Deinde
2653 5055 2984 5111 credentium
3018 5066 3083 5104 ex
3106 5047 3268 5102 Israel
3297 5062 3417 5117 per-

1923 5169 2054 5209 sona
2084 5151 2468 5213 introducitur,
2509 5146 2813 5217 rogantium
2842 5141 3043 5198 remitti
3086 5140 3187 5196 sibi
3224 5152 3414 5207 pecca-

1929 5255 2040 5300 tum
2071 5242 2486 5307 incredulitatis,
2536 5249 2697 5308 atque
2737 5251 2839 5290 una
2881 5231 3251 5288 enarrantium
3297 5243 3419 5298 qua

1927 5337 2029 5391 sibi
2060 5336 2197 5390 mala
2228 5335 2297 5389 ob
2344 5331 2707 5387 inﬁdelitatem
2739 5332 3052 5382 evenerunt.

1916 5517 1968 5569 9..
1998 5515 2315 5582 Exspectans
2331 5509 2616 5579 exspectavi
2637 5507 2933 5565 Dominum,
2962 5512 3011 5556 et
3032 5498 3249 5553 intendit
3269 5495 3413 5548 mihi.

1859 5608 2047 5661 Simile
2078 5607 2203 5661 huic
2233 5626 2243 5660 :
2272 5605 2334 5658 In
2365 5604 2616 5672 patientia
2658 5610 2825 5653 vestra
2863 5592 3192 5666 possidebitis
3214 5591 3415 5643 animas

1860 5709 2055 5751 vestras
2091 5697 2153 5749 ”.
