4034 6436
623 417 718 470 191

1507 408 1561 462 S.
1604 402 1973 460 ATHANASII
2012 396 2162 454 OPP.
2201 389 2380 444 PARS
2418 392 2503 441 Ill.
2547 418 2612 428 —
2651 381 3057 438 EXEGETICA.

3735 368 3838 421 l9!

684 532 735 584 3.
765 528 830 582 Et
849 529 1029 582 eduxit
1064 544 1140 580 me
1163 526 1224 579 de
1250 525 1366 578 lacu
1390 524 1632 576 miser-ite.
1662 519 1887 592 [Ecquid
1920 517 2010 570 tihi
2037 528 2171 584 ραι-
2200 514 2218 567 z‘

2341 507 2448 559 Kai
2485 499 2745 570 ἀνήγαγέ
2771 515 2844 567 με
2874 498 2942 549 ἐκ
2974 493 3203 548 λάκκου
3234 486 3650 554 ταλαιπωρίας.
3685 482 3701 553 [
3729 483 3842 534 Καὶ

615 625 729 677 buit
753 623 775 674 ?
799 621 1091 689 Postquam
1132 633 1216 671 me
1249 613 1546 676 exaudivit,
1579 612 1674 676 ait,
1714 609 1910 663 Eduxit
1940 623 2005 661 ex
2054 621 2178 674 pro-

615 712 783 769 fundo
828 711 1028 778 peccati
1075 716 1128 761 et
1180 722 1245 760 ex
1309 706 1581 773 voluptate
1614 703 1740 755 lutei
1770 699 2036 769 corporis,
2067 699 2179 752 sive

614 819 678 855 ex
707 801 873 870 portis
909 799 1095 852 mortis
1143 807 1194 851 et
1224 794 1588 863 corruptionis
1617 793 1812 846 ibidem
1842 791 2174 848 exsistentis,

617 903 711 946 aut
732 909 795 944 cx
817 889 1262 958 occupationibus
1287 884 1533 956 ‘szeeuli.]
1569 883 1632 936 Et
1655 884 1717 936 de
1761 882 1871 935 luto
1907 881 2073 950 furcis.
2101 879 2179 932 Ex

621 980 889 1051 profundo
946 987 1286 1043 peccatorum
1330 993 1449 1045 qua:
1499 975 1596 1028 luti
1630 975 1802 1051 instar
1833 973 1899 1026 iis
1937 972 2180 1024 detentos

620 1082 1004 1140 conspurcant.
1066 1068 1240 1122 Lacus
1288 1067 1430 1120 enim
1473 1066 1704 1119 miseriae
1754 1073 1837 1118 est
1883 1062 2084 1115 malitia
2128 1070 2181 1114 et

620 1163 941 1229 ignorantia.
995 1159 1062 1212 Et
1096 1160 1282 1213 statuit
1314 1174 1468 1223 super
1504 1168 1704 1225 petram
1742 1155 1890 1223 pedes
1920 1169 2077 1213 meos,
2132 1161 2178 1204 et

616 1254 810 1306 direxit
854 1267 1055 1322 gressus
1079 1266 1236 1303 meos.
1263 1247 1352 1300 Ait
1388 1246 1669 1315 apostolus
1685 1244 1885 1296 Paulus
1913 1242 1991 1294 ’δε
2025 1240 2179 1292 Petra

618 1354 730 1395 erat
751 1340 1008 1396 Christus.
1029 1340 1198 1393 Didici
1227 1338 1369 1391 enim
1394 1337 1446 1388 in
1467 1335 1575 1388 Deo
1600 1336 1792 1402 placita
1814 1334 2056 1386 incedere
2075 1332 2179 1396 via,

621 1435 673 1487 id
705 1442 787 1488 est
809 1449 902 1502 per
930 1448 1093 1501 opera
1124 1441 1179 1486 et
1209 1441 1408 1484 rectam
1439 1427 1760 1482 doctrinam.

695 1713 746 1764 ι.
785 1711 849 1763 Et
884 1711 1099 1762 immisit
1127 1710 1181 1762 in
1210 1725 1264 1760 os
1296 1725 1464 1760 meum
1501 1707 1763 1758 canticum
1795 1718 2004 1764 novum,
2033 1701 2179 1769 Itym-

628 1817 748 1853 num
783 1799 884 1853 Deo
928 1811 1123 1854 nostra.
1163 1800 1355 1869 Legem
1404 1798 1768 1865 evangelicam
1810 1814 1822 1847 :
1865 1809 1984 1847 cum
2035 1792 2176 1845 enim

626 1891 969 1961 passionibus
1017 1906 1313 1954 vacamus,
1366 1889 1610 1942 canimus
1639 1886 1912 1940 canticum
1964 1897 2182 1943 novum,

625 1992 880 2036 renovata
913 1983 1118 2035 scilicet
1166 1988 1350 2035 nostra
1401 1981 1582 2032 domo.
1643 1975 1896 2028 Videbunt
1921 1971 2093 2034 multi,
2139 1980 2188 2021 et

625 2076 896 2134 timebunt,
946 2083 994 2126 et
1023 2072 1302 2140 sperabunt
1335 2073 1388 2125 in
1425 2070 1662 2122 Domino.
1699 2065 2016 2120 Praedicatio
2043 2062 2187 2117 enim

627 2181 721 2235 per
763 2173 932 2218 totum
961 2165 1198 2231 pervasit
1230 2163 1434 2215 orbem.

694 2256 746 2308 5.
785 2254 980 2307 Beatus
1012 2255 1091 2305 vir
1113 2253 1261 2318 cujus
1290 2261 1363 2303 est
1395 2266 1574 2302 nomen
1609 2247 1818 2299 Domini
1844 2260 1957 2312 spes
1981 2241 2112 2310 ejus,
2141 2249 2189 2294 et

628 2363 732 2398 non
762 2345 983 2407 respexit
1035 2345 1085 2396 in
1119 2346 1374 2396 vanitates
1406 2349 1454 2394 et
1501 2339 1738 2392 insanias
1775 2335 1960 2402 falsas.
2005 2331 2188 2384 Solum

630 2452 753 2491 esse
792 2437 1006 2489 beatum
1045 2435 1118 2487 ait
1144 2449 1267 2487 eum
1301 2433 1391 2500 qni
1422 2432 1474 2482 in
1525 2428 1690 2481 Deum
1732 2441 1879 2494 spem
1922 2422 2189 2490 ascripsit,

632 2541 740 2579 non
770 2534 948 2578 autem
981 2539 1105 2576 eum
1140 2523 1233 2590 qui
1273 2521 1558 2573 mundanis
1586 2519 1882 2570 distraetus
1911 2514 1983 2569 sit
2022 2516 2190 2578 curis,

630 2631 752 2670 oua
787 2624 843 2669 et
873 2613 1085 2668 insania
1117 2621 1168 2665 et
1201 2611 1538 2664 mendacium
1580 2617 1729 2663 sunt.

698 2788 848 2863 {Spes
877 2791 1008 2860 ejus.
1037 2788 1229 2842 Postea
1262 2787 1315 2840 in
1345 2785 1774 2839 cobortationem
1797 2781 1942 2834 aliud
1975 2779 2193 2847 adjicit:

2278 603 2328 654 τί
2356 618 2434 652 σοι
2465 597 2770 668 παρέσχεη
2803 588 3137 650 Εἰσακούσας
3176 580 3328 638 εἶπεν
3366 600 3379 614 ⁸
3439 583 3739 650 Ἀνήγαγεν
3780 578 3841 626 ἐκ

2281 691 2474 761 βάθους
2498 666 2594 757 τῆς
2624 683 2916 754 ἁμαρτίας,
2946 679 3038 730 καὶ
3069 681 3130 730 ἐκ
3149 675 3248 744 τῆς
3268 671 3595 744 ἡδυπαθείας
3617 666 3711 720 τοῦ
3738 683 3842 734 πηο

2277 782 2476 842 λώδους
2511 777 2779 845 σώματος,
2815 773 2848 839 ἢ
2879 774 2942 822 ἐκ
2975 769 3081 822 τῶν
3109 766 3200 819 τοῦ
3237 766 3466 817 Θανάτου
3515 759 3719 821 πυλῶν,
3751 757 3842 809 καὶ

2279 874 2453 924 ἐκεῖσε
2484 867 2707 937 φθορᾶς,
2733 864 2765 932 ἢ
2799 864 2861 914 ἐκ
2894 860 2984 913 τοῦ
3014 859 3217 927 κόσμου
3262 846 3705 924 περισπασμῑυν.]
3735 847 3844 900 Καὶ

2278 963 2396 1018 ἀπὸ
2413 958 2610 1026 πηλοῦ
2633 959 2819 1021 ἰλύος.
2837 955 2931 1006 Ἐκ
2951 952 3142 1022 βάθους
3167 947 3436 1018 ἁμαρτίας
3457 944 3510 995 αἳ
3533 941 3674 1002 ίλύος
3690 939 3844 1006 δίκην

2279 1052 2684 1106 καταπάσσουσι
2730 1046 2855 1107 τοὺς
2900 1043 3124 1102 ἁλόντας
3166 1041 3222 1091 ἐν
3251 1037 3463 1096 αὐταῖς.
3493 1032 3709 1091 Λάκκος
3737 1028 3846 1096 γὰρ

2278 1140 2670 1211 ταλαιπωρίας,
2703 1137 2870 1190 κακία
2897 1135 2989 1187 καὶ
3019 1130 3279 1199 ἀγνωσία.
3319 1125 3429 1181 Καὶ
3450 1124 3718 1188 ἔστησεν
3746 1119 3844 1171 ἐπὶ

2279 1233 2502 1301 πέτραν
2525 1210 2663 1293 τοὺς
2688 1227 2875 1290 πόδας
2895 1242 3034 1294 μου,
3066 1223 3162 1275 καὶ
3188 1219 3507 1273 κατεύθυνε
3537 1213 3611 1266 τὰ
3641 1210 3846 1278 διαϐή-

2273 1321 2431 1389 ματιὶ
2457 1337 2595 1388 μου.
2625 1317 2790 1386 Φησὶν
2835 1317 2862 1366 ὁ
2915 1311 3207 1373 ἀπόστολος
3247 1307 3476 1368 Παῦλος,
3515 1305 3595 1356 ὅτι
3645 1303 3704 1354 Ἠ
3747 1299 3848 1352 πέ-

2279 1428 2386 1478 τρα
2418 1405 2495 1478 ἦν
2541 1411 2572 1459 ὀ
2621 1405 2909 1474 Χριστός·
2964 1401 3162 1470 ἔμαθον
3201 1399 3307 1467 γὰρ
3356 1395 3454 1465 τὴν
3505 1391 3848 1461 ἀρέσκουσαν

2279 1503 2397 1571 Θεῷ
2429 1497 2660 1569 βαδίζειν
2693 1497 2831 1561 όδὸν,
2858 1496 2975 1566 ἢτοι
3001 1493 3087 1545 διὰ
3116 1492 3214 1561 τῆς
3244 1485 3555 1560 πρακτικῆς
3601 1481 3697 1535 καὶ
3737 1481 3848 1532 τῶν

2279 1593 2452 1662 ὀρθῶν
2488 1592 2581 1657 δογ
2590 1589 2792 1660 μάτων.

2349 1685 2455 1738 Kal
2513 1681 2796 1735 ἐνέϐαλεν
2857 1679 2943 1742 εις
2992 1677 3056 1729 τὸ
3105 1676 3296 1742 στόμα
3327 1690 3445 1742 μου
3494 1673 3657 1741 ᾆσμα
3727 1686 3851 1722 και-

2281 1778 2410 1838 νὸν,
2443 1776 2631 1844 ὕμνον
2663 1769 2742 1837 τῷ
2790 1769 2910 1835 Θεῷ
2953 1767 3140 1839 ἡμῶν.
3178 1768 3280 1819 Τὸν
3307 1767 3465 1836 νόμον
3503 1765 3592 1818 τὸν
3625 1766 3855 1831 εὐαγγε-

2286 1871 2464 1923 λικόν’
2505 1865 2640 1937 μετὰ
2677 1865 2784 1934 γὰρ
2814 1863 2909 1932 τὴν
2945 1860 3210 1913 ἀπάθειαν
3251 1858 3447 1929 ᾄδομεν
3479 1854 3630 1926 ἆσμα
3663 1856 3851 1909 καινὸν

2287 1945 2756 2017 ἀνακαινισθέντος
2783 1954 2876 2006 τοῦ
2906 1953 3055 2004 οἴκου
3084 1949 3261 2021 ἡμῶν.
3297 1951 3586 2016 Ὄψονται
3612 1948 3853 2010 πολλοὶ,

2287 2051 2382 2102 καὶ
2404 2045 2843 2118 φοϐηθήσονται
2871 2043 2966 2095 καὶ
3000 2042 3320 2094 ἐλπιοῦσιν
3347 2040 3443 2092 ἐπὶ
3475 2039 3714 2106 Κύριον.
3775 2041 3858 2089 Δι-

2288 2138 2440 2210 εδάοη
2473 2142 2580 2210 γὰρ
2609 2141 2688 2201 είς
2737 2137 2912 2190 πάντα
2937 2134 3138 2204 κόσμον
3171 2133 3230 2184 τὸ
3259 2133 3539 2200 κήρυγμα.

2359 2229 2660 2295 Μακάριος
2688 2226 2841 2293 ἀνὴρ
2877 2221 2947 2280 οὗ
2981 2224 3111 2276 ἐστι
3136 2221 3200 2273 τὸ
3227 2221 3413 2288 ὄνομα
3443 2218 3658 2284 Κυρίου
3683 2217 3858 2280 ἐλπὶς

2289 2322 2493 2383 αὑτοῦ,
2535 2320 2633 2372 καί
2668 2321 2779 2371 οὐκ
2810 2315 3144 2383 ἐπέϐλεψεν
3191 2315 3276 2378 εις
3312 2311 3715 2380 ματαιότητας
3760 2309 3857 2361 καὶ

2286 2412 2505 2482 μανίας
2536 2408 2798 2478 ψευδεῖς.
2834 2407 3008 2460 Μόνον
3056 2405 3148 2457 τὸν
3192 2403 3288 2473 τὴν
3327 2402 3518 2455 ἐλπίδα
3547 2398 3858 2470 ἐπιγραφάς

2294 2520 2449 2574 μενον
2473 2504 2550 2563 είς
2565 2501 2696 2554 Θεὸν
2720 2498 2982 2569 μακάριόν
3012 2513 3195 2567 φησιν,
3225 2497 3283 2548 οὐ
3305 2494 3394 2547 τὸν
3421 2491 3859 2563 περισπασθέντα

2294 2595 2573 2665 βιωτικαῖς
2627 2593 2938 2662 μερίμναις,
2967 2590 3168 2650 αἵτινες
3202 2588 3296 2639 καὶ
3345 2585 3506 2655 μανία
3551 2586 3644 2637 καὶ
3669 2582 3860 2652 ψεῦδός

2293 2687 2449 2736 εἰσιν.

2366 2770 2816 2845 [Ἑλπὶςαὺτοῦ.
2849 2766 2980 2823 Εἶτα
3005 2769 3098 2821 καὶ
3114 2769 3194 2830 εἰς
3219 2767 3527 2838 προτροπὴν
3540 2766 3862 2837 ἓτερονέπι-

635 2857 858 2943 Beatus,
895 2857 1091 2950 inquit.
1133 2892 1343 2939 revera,
1377 2875 1469 2941 qui
1515 2873 1680 2926 Deum
1722 2873 1897 2926 solum
1925 2871 2113 2924 habuit
2143 2870 2196 2923 in

2297 2866 2448 2936 φέρει
2469 2879 2483 2895 ·
2515 2863 2883 2934 Μακαριστὸς,
2904 2862 3055 2931 φησὶ,
3085 2859 3164 2930 τῷ
3189 2860 3322 2920 ὄντι,
3345 2859 3402 2921 ὃς
3426 2858 3517 2910 τὸν
3546 2857 3676 2910 Θεὸν
3703 2857 3862 2926 pem

636 2988 784 3042 spem
819 2987 994 3036 suam,
1030 2985 1206 3039 neque
1237 2967 1472 3035 respexit
1499 2965 1566 3018 ad
1591 2967 1867 3033 praesentis
1902 2963 2022 3017 vitae
2052 2962 2200 3016 Solli-

2297 2957 2450 3026 ἔσχεν
2474 2954 2679 3018 ἐλπίδα,
2708 2954 2803 3006 καὶ
2824 2954 2920 3004 οὐκ
2935 2950 3229 3017 ἐπέϐλεψεν
3244 2951 3321 3010 είς
3339 2947 3438 3009 τὰς
3463 2949 3587 3018 περὶ
3607 2947 3699 2999 τὸν
3722 2964 3863 3017 παρ-

639 3037 928 3124 citudines,
968 3077 1091 3130 qua:
1118 3037 1398 3113 vanitates
1429 3065 1576 3117 sunt,
1607 3065 1660 3108 et
1693 3055 1917 3108 insaniae
1953 3052 2121 3115 falsae,
2148 3061 2203 3106 et

2298 3047 2424 3099 όντα
2460 3044 2572 3114 βίον
2607 3042 2862 3104 σπουδὰς,
2895 3040 2950 3092 αἳ
2983 3037 3336 3109 ματαιότητές
3369 3039 3496 3098 εἱσι,
3549 3037 3640 3088 καὶ
3678 3037 3862 3105 μανίαι

637 3169 776 3208 ουτω
808 3155 862 3208 in
913 3167 1107 3206 vanum
1153 3150 1422 3204 admissae.
1461 3147 1674 3200 Insania
1715 3153 1894 3198 autem
1942 3146 2197 3212 prudens,

2301 3140 2532 3209 ψευδεῖς,
2563 3139 2654 3191 καὶ
2687 3138 2766 3199 είς
2800 3134 2956 3189 κενὸν
2991 3131 3286 3202 φροντίδες.
3319 3129 3497 3184 Μανία
3545 3129 3601 3182 δὲ
3633 3129 3865 3197 σώφρων

637 3244 867 3298 estvita:
929 3242 1211 3311 prasentis
1240 3249 1446 3300 status,
1477 3252 1582 3305 qua
1627 3245 1806 3290 mente
1847 3236 1985 3304 capti
2020 3235 2202 3288 multis

2305 3235 2338 3303 ὴ
2360 3231 2452 3285 τοῦ
2478 3231 2742 3301 παρόντος
2790 3228 2906 3296 βίου
2936 3226 3284 3284 κατάστασις,
3319 3223 3383 3275 δι’
3425 3222 3490 3292 ῆν
3519 3221 3612 3274 καὶ
3644 3219 3864 3286 ἐξεστη-

636 3350 756 3390 esse
782 3304 1103 3387 videbantur
1133 3335 1424 3400 prophetae,
1448 3304 1554 3398 qua
1575 3329 1641 3382 de
1675 3343 1733 3382 re
1757 3331 2013 3398 gloriatur
2027 3328 2206 3397 justus

2305 3323 2459 3384 κότες
2485 3324 2596 3383 τοῖς
2631 3318 2842 3379 πολλοῖς
2895 3314 3110 3368 ἐδόκουν
3139 3315 3187 3365 οἱ
3235 3310 3533 3381 προφῆται,
3577 3311 3660 3377 ἐφ’
3709 3304 3866 3380 ᾖκαὶ

638 3436 690 3480 et
713 3425 824 3479 ait:
850 3423 961 3495 Ego
987 3423 1099 3476 dixi
1131 3424 1187 3475 in
1225 3436 1438 3475 excessu
1468 3434 1579 3472 meo
1615 3417 1708 3488 ".]

702 3599 755 3652 6.
796 3597 967 3651 Muita
998 3597 1168 3665 fecisti
1213 3604 1289 3658 tu,
1327 3593 1546 3646 Domine
1591 3591 1752 3656 Deus,
1795 3590 2054 3644 mirabilia
2093 3601 2203 3646 tua.

638 3689 769 3755 Qua:
801 3687 998 3749 fecisti,
1020 3687 1214 3754 inquit,
1248 3684 1564 3740 meonomia
1600 3695 1861 3752 tempore,
1890 3683 2057 3736 multa
2081 3691 2206 3736 sunt

638 3792 801 3847 atque
827 3777 1096 3830 mirabilia
1125 3793 1138 3828 :
1172 3789 1292 3844 quae
1313 3774 1433 3827 aliis
1461 3788 1679 3842 quoque
1713 3771 2034 3824 renuntiavi.
2057 3769 2204 3822 Prae-

640 3869 841 3923 dicatio
874 3877 1050 3920 autem
1079 3875 1272 3930 totum,
1303 3865 1500 3932 inquit,
1532 3861 1765 3932 pervasit
1789 3862 1972 3914 orbem
2012 3870 2066 3913 ut
2089 3875 2206 3913 ma-

637 3959 727 4026 jor
752 3956 824 4010 sit
867 3955 1202 4010 credentium
1234 3967 1494 4007 numerus
1534 3967 1696 4020 quam
1724 3951 1817 4020 qui
1847 3949 1970 4004 iniri
2015 3949 2204 4018 possit.

718 4127 772 4194 7,
803 4127 855 4181 8.
882 4125 1216 4193 Sacriﬁcium
1233 4133 1279 4178 et
1309 4122 1623 4176 oblationem
1640 4120 1880 4182 noluisti,
1904 4137 2088 4188 corpus
2111 4139 2210 4174 au-

644 4229 745 4273 tem
789 4219 985 4287 optasti
1015 4218 1165 4277 milli,
1201 4225 1304 4269 cte.
1352 4214 1489 4267 llinc
1528 4214 1696 4282 ipsius
1732 4227 1957 4280 persona
2007 4212 2206 4268 Christi

643 4311 860 4365 Patrem
927 4309 1254 4378 alloquentis
1307 4309 1601 4363 inducitur.
1651 4306 2091 4378 Quandoquidem
2135 4309 2210 4361 ait

653 4402 980 4459 sacriﬁcium
1006 4409 1059 4454 et
1086 4400 1416 4454 oblationem
1471 4400 1716 4464 noluisti,
1748 4414 1923 4468 neque
1971 4399 2201 4468 placue-

2306 3411 2698 3480 σεμνυνόμενος
2725 3408 2815 3460 καὶ
2845 3407 2873 3458 ό
2899 3405 3102 3466 δίκαιος
3145 3401 3325 3468 λέγει·
3364 3395 3519 3452 Εἶπα
3561 3399 3631 3451 ἐν
3665 3397 3742 3467 τῇ
3768 3397 3866 3451 ix-

2305 3503 2518 3557 στάσει
2550 3518 2688 3570 μου.
2715 3498 2734 3571 ]

2377 3594 2582 3647 Πολλὰ
2608 3591 2901 3657 ἐποίησας
2921 3587 3023 3649 σὺ,
3049 3589 3223 3654 Κύριε
3253 3589 3284 3638 o'
3309 3586 3453 3649 Θεός
3473 3600 3609 3650 μου,
3633 3581 3705 3634 τὰ
3726 3585 3868 3635 θαυ-

2300 3682 2490 3756 μάσιά
2521 3698 2658 3736 σου.
2691 3682 2759 3733 Ἀ
2787 3681 3095 3750 πέπρακας,
3140 3676 3323 3747 φησὶν,
3359 3676 3414 3727 ἐν
3444 3673 3521 3744 τῷ
3544 3674 3642 3742 τῆς
3664 3673 3871 3724 οίκονο-

2310 3777 2435 3847 μίας
2477 3773 2674 3844 καιρῷ,
2722 3771 2892 3824 πολλά
2925 3772 3040 3822 ἐστι
3069 3770 3162 3820 καὶ
3195 3767 3469 3836 θαυμάσια
3493 3779 3506 3794 ·
3552 3763 3588 3817 ἃ
3623 3765 3718 3817 καὶ
3751 3764 3870 3817 ἐτέ-

2310 3883 2420 3938 ροις
2453 3863 2778 3936 ἀπήγγειλα.
2828 3862 2888 3914 Ἡ
2921 3861 2975 3914 δὲ
3012 3858 3310 3927 ἐπαγγελία
3367 3856 3495 3926 ὃλην
3523 3897 3536 3920 ,
3584 3855 3736 3924 φησὶ,
3786 3853 3867 3906 δι-

2308 3958 2510 4028 έδραμε
2541 3955 2638 4026 τὴν
2669 3955 2758 4006 ὑπ’
2785 3951 3032 4023 οὐρανὸν,
3060 3951 3135 4012 ὡς
3161 3951 3254 4002 καὶ
3291 3947 3606 4020 κρείττονας
3633 3945 3866 4017 ἀριθμοῦ

2306 4045 2556 4115 γενέσθαι
2579 4044 2705 4105 τοὺς
2736 4039 3148 4101 πιστεύσαντας.

2379 4138 2606 4192 Θυσίαν
2649 4135 2745 4187 καί
2787 4131 3138 4201 προσφορὰν
3179 4130 3289 4183 οὐκ
3337 4126 3662 4194 ἠθέλησας,
3697 4123 3868 4192 σῶμα

2306 4227 2372 4281 δὲ
2410 4226 2745 4294 κατηρτίσω
2764 4243 2865 4294 μοι
2884 4224 3018 4293 (Η).
3061 4220 3336 4275 Ἐντεῦθεν
3359 4218 3672 4288 εἰσφέρεται
3692 4215 3752 4268 τὺ
3772 4215 3866 4268 τοῦ

2307 4319 2540 4391 Χριστοῦ
2575 4316 2863 4387 πρόσωπον
2904 4315 3039 4385 πρὸς
3067 4313 3156 4366 τὸν
3191 4310 3409 4380 Πατέρα
3453 4309 3608 4376 λέγον
3629 4348 3643 4362 .
3689 4308 3871 4360 Ἐπει-

2307 4410 2390 4480 δὴ,
2415 4411 2565 4480 φησὶ,
2593 4409 2783 4461 Θυσίαν
2817 4409 2912 4460 καὶ
2950 4404 3265 4476 προσφορὰν
3294 4404 3392 4456 οὐκ
3422 4401 3712 4470 ἠθέλησας,
3744 4398 3867 4452 οὔτε

648 4503 779 4549 runt
812 4493 907 4547 tibi
933 4492 1247 4546 holocausta
1275 4491 1572 4545 secundum
1599 4494 1766 4558 legem
1794 4491 1974 4544 oblata
2003 4491 2198 4554 ;venio

2309 4499 2412 4570 μὴν
2449 4498 2755 4568 ηὑδόκησας
2805 4498 2860 4548 ἐν
2894 4492 3305 4562 όλοκαυτώμασι
3355 4493 3466 4552 τοῖς
3500 4488 3637 4542 κατά
3661 4489 3752 4540 τὸν
3783 4488 3871 4540 νό-

647 4595 936 4653 postquam
983 4598 1183 4652 corpus
1228 4581 1411 4652 accepi
1470 4583 1616 4650 qttod
1668 4592 1724 4635 tu
1788 4583 1918 4635 mihi
1980 4583 2198 4650 aptasti.

648 4673 783 4729 Nam
819 4674 1055 4741 Spiritus
1090 4683 1315 4727 sanctus
1336 4681 1389 4725 et
1413 4673 1588 4725 virtus
1610 4672 1874 4726 Altissimi
1911 4674 2206 4727 obumbra-

659 4765 740 4818 vit
775 4775 974 4818 sanctae
1000 4762 1226 4834 Virgini.
1258 4761 1428 4815 Venio
1452 4775 1627 4816 autem
1663 4771 1720 4814 ut
1746 4761 1941 4831 faciam
1966 4764 2207 4817 volunta-

656 4869 757 4912 tem
790 4867 955 4909 tuam.
998 4856 1128 4920 Quae
1151 4868 1328 4910 autem
1357 4856 1608 4910 voluntas
1638 4856 1816 4910 Patris
1839 4866 1974 4916 erat.
2020 4857 2124 4911 nisi
2143 4872 2205 4910 ca

649 4964 814 5016 quam
846 4952 958 5015 ipse
978 4946 1245 5000 Dominus
1288 4950 1564 5001 enarravit
1602 4949 1789 5002 dicens
1843 4950 1922 5001 "z
1956 4947 2081 5002 Ha’c
2131 4957 2207 5002 est

650 5049 828 5092 autem
887 5039 1127 5092 uoluntas
1181 5039 1293 5106 ejus
1349 5040 1438 5108 qui
1475 5040 1616 5092 misit
1666 5057 1765 5102 me,
1804 5049 1861 5092 ut
1890 5057 2039 5094 omne
2069 5039 2205 5109 quod

648 5129 794 5182 dedit
833 5130 962 5181 mihi
1002 5146 1102 5182 non
1134 5132 1348 5198 perdam
1375 5147 1516 5184 exeo
1545 5147 1562 5193 ;
1597 5131 1684 5184 sed
1737 5133 2038 5184 resuscitem
2071 5130 2204 5184 illud

653 5222 709 5273 in
740 5221 1021 5274 novissimo
1045 5222 1129 5275 die
1154 5225 1177 5274 'l
1205 5220 1341 5275 Illud
1371 5232 1573 5288 autem,
1602 5223 1654 5273 iu
1685 5223 1856 5290 capite
1887 5221 2033 5286 libri,
2065 5223 2207 5276 hanc

655 5312 821 5363 habet
849 5313 1368 5378 interpretationem.
1405 5313 1579 5380 Caput
1626 5312 1831 5366 Hebraei
1871 5321 2073 5366 tomum
2115 5328 2208 5381 ap-

655 5403 870 5472 pellant.
909 5403 1074 5458 lsaias
1109 5420 1234 5458 vero
1284 5405 1672 5458 incarnationis
1705 5402 1973 5473 Unigeniti
2012 5413 2208 5472 mystc-

725 5551 813 5605 “l
848 5553 968 5608 Cor.
992 5573 1043 5618 ι,
1067 5557 1119 5608 4.
1196 5557 1240 5588 ⁸⁵
1267 5555 1412 5609 Psal.
1449 5572 1570 5621 ων,
1601 5557 1685 5608 Η.
1761 5556 1804 5585 9⁵
1839 5554 1993 5610 Joan.
2016 5572 2086 5616 vr,
2118 5554 2204 5606 40.

731 5687 837 5750 (Η)
864 5685 958 5739 llic
988 5687 1139 5741 locus
1170 5689 1365 5742 citatur
1403 5690 1617 5742 nomine
1656 5689 1930 5742 Athanasii
1993 5688 2042 5739 in
2105 5687 2211 5740 Ca-

666 5765 784 5808 tena
845 5757 894 5808 in
933 5756 1196 5828 Epistolas
1251 5758 1425 5821 Pauli,
1462 5759 1577 5814 cod.
1610 5757 1735 5828 Reg.
1770 5757 1926 5821 2216,
1963 5759 2026 5812 ad
2066 5758 2207 5812 hunc

2313 4608 2410 4660 μον
2439 4605 2452 4618 ’
2483 4589 2601 4657 ἥκω
2633 4588 2788 4656 σῶμα
2829 4584 3007 4637 λαϐὼν
3045 4585 3179 4653 ὅπερ
3208 4581 3368 4643 αὑτός
3406 4597 3494 4651 μοι
3535 4578 3866 4649 κατηρτίσω.

2307 4681 2530 4750 Πνεῦμα
2566 4679 2674 4748 γὰρ
2707 4681 2858 4746 ἅγιον
2885 4676 2978 4730 καὶ
3018 4675 3272 4743 Ὑψίστου
3303 4673 3526 4740 δύναμις
3575 4669 3867 4723 ὲπεσκίασε

2304 4775 2367 4842 τῇ
2398 4771 2527 4839 ἁγίᾳ
2555 4767 2832 4838 Παρθένῳ.
2865 4768 3020 4819 ’Ἥκω
3057 4764 3112 4816 δὲ
3159 4765 3258 4816 ἵνα
3282 4761 3348 4815 τό
3378 4762 3492 4814 σὸν
3517 4760 3747 4824 ποιήσω
3773 4759 3867 4813 θέ-

2303 4866 2484 4929 λημα.
2501 4861 2660 4912 Ποῖον
2677 4857 2784 4928 γὰρ
2800 4854 2865 4927 ἦν
2885 4857 2944 4908 τὸ
2962 4855 3086 4924 θέλη
3099 4871 3174 4924 μα
3193 4853 3290 4906 τοῦ
3315 4855 3428 4906 Πατ
3439 4853 3546 4920 ρὺς,
3565 4850 3597 4918 ἢ
3613 4851 3641 4902 ὃ
3663 4851 3823 4913 αὐτὸς
3844 4853 3870 4902 ό

2306 4952 2505 5022 Κύριος
2522 4949 2824 5019 ἐξηγήσατο
2839 4945 3093 5018 εἰρηκώς·
3107 4943 3286 4998 Τοῦτό
3298 4943 3427 4994 ἐστι
3440 4941 3505 4993 τὸ
3522 4940 3748 5006 θέλημα
3767 4939 3869 4992 τοῦ

2307 5043 2654 5110 πέμψαντός
2675 5057 2772 5109 με,
2794 5041 2893 5092 ἵνα
2918 5037 3039 5091 πᾶν
3063 5037 3094 5090 ὃ
3117 5033 3336 5089 δέδωκέ
3346 5051 3446 5101 μοι
3468 5031 3552 5100 μὴ
3582 5029 3869 5084 ἀπολέσω

2305 5133 2373 5196 ἐξ
2400 5132 2606 5195 αὐτοῦ,
2640 5130 2799 5184 ἀλλὰ
2831 5127 3154 5193 ἀναστήσω
3191 5125 3332 5180 αὐτὸ
3365 5123 3435 5191 τῇ
3466 5121 3696 5191 ἐσχάτη
3724 5121 3838 5189 τὶμέ

2300 5239 2417 5290 pq;
2451 5223 2523 5275 Τὸ
2551 5223 2628 5287 δὲ,
2651 5222 2719 5274 ἐν
2755 5217 3028 5288 κεφαλίδι
3065 5217 3307 5282 ,ϐιϐλίου
3340 5256 3353 5279 ,
3387 5214 3587 5282 ταύτην
3627 5213 3739 5282 ἔχει
3771 5213 3869 5282 τὴν

2310 5314 2622 5384 ἑρμηνείαν.
2673 5310 2950 5378 Κεφαλίδα
2985 5311 3032 5361 οἱ
3071 5309 3310 5378 Ἐὃραίοι
3352 5306 3442 5357 τὸν
3477 5305 3639 5373 τόμον
3680 5304 3861 5370 φασίν.

2323 5406 2547 5464 Ἡσαΐας
2602 5402 2659 5454 δὲ
2703 5401 2762 5453 τὸ
2810 5401 2907 5470 τῆς
2949 5399 3407 5469 ἐνανθρωπήσεως
3442 5398 3735 5464 μυστήριον
3775 5394 3867 5445 τοῦ

2313 5701 2524 5738 versum
2574 5684 2822 5754 Epistole
2855 5683 2918 5737 ad
2962 5682 3248 5738 Hebraeos:
3285 5680 3447 5746 Σῶμα
3473 5677 3524 5731 δὲ
3558 5678 3868 5747 κατηρτίσω

2317 5772 2399 5824 μοι
2412 5794 2424 5808 .
