4034 6452
147 413 243 468 195

1218 388 1584 446 EXPOSlTlO
1620 386 1688 441 IN
1726 380 2056 440 PSALMUM
2091 378 2332 433 XXXIX.

3277 369 3382 426 494

139 521 472 592 Μονογενοῦς
495 516 875 586 διδασκόμενος
901 513 1098 582 ἤκουσε
1126 525 1137 537 ·
1176 505 1329 561 Λαϐὲ
1369 505 1554 574 τόμον
1591 519 1716 554 και-

1838 497 1960 550 ⁵ἱιιιη
2015 493 2262 552 edoctus,
2298 489 2504 542 audivit
2544 507 2555 541 :
2611 487 2799 554 Accipe
2840 497 3037 540 tomum
3079 502 3288 548 novum,
3330 495 3382 539 et

138 619 268 679 νόν,
287 591 387 669 καὶ
414 611 649 682 γράψοι-
672 607 740 659 ἐτ·
763 602 921 666 αὑτῴ
953 597 1190 670 τραφίδι
1211 593 1542 662 ἀνθρώπου.
1566 591 1637 643 Συ
1646 608 1712 659 μ-

139 709 312 761 ϐαίνει
333 706 410 767 ὡς
436 703 535 755 οὐκ
554 706 611 752 ἐν
639 696 800 759 πλαξὶ
818 692 1064 754 λιθίναις,
1091 687 1226 743 ἀλλὰ
1254 684 1556 756 σαρκίναις,
1585 698 1713 752 γραο

140 801 410 870 φὴσονται
457 793 527 846 τὰ
559 790 905 858 θεσπίσματα
953 782 1046 836 τοῦ
1091 779 1277 835 καινοῦ
1306 777 1493 846 νόμου,
1535 773 1714 836 καθώς

140 867 275 962 (pth
309 890 377 943 δι’
411 884 673 957 Ἰερεμίου
712 880 805 934 τοῦ
829 879 1109 950 προφήτου
1129 893 1143 906 ο
1188 871 1396 936 Διδοὺς
1422 868 1593 922 δώσω
1617 867 1715 919 νό-

137 960 296 1053 μους
321 999 443 1050 μου
476 981 564 1043 εἰς
586 977 701 1043 τὴν
727 971 999 1028 διάνοιαν
1029 966 1250 1029 αὐτῶν,
1301 962 1397 1016 καί
1435 960 1532 1015 ἐπὶ
1580 974 1718 1026 καρ-

142 1051 280 1140 δίας
302 1070 502 1128 αὐτῶν
532 1067 738 1138 γράψω
768 1063 1009 1128 αὐτοὺς,
1044 1060 1130 1112 ἵνα
1161 1057 1329 1128 δηλοῖ,
1362 1055 1442 1106 ὅτι
1478 1053 1590 1114 τοῖς
1636 1051 1720 1102 ὲν-

142 1168 388 1228 δοτάτοις
414 1164 508 1216 καὶ
536 1161 744 1232 νοητοῖς
764 1160 862 1226 τῆς
891 1153 1116 1225 καρδίας
1147 1147 1393 1220 ταμείοις
1421 1146 1454 1216 ἡ
1494 1141 1721 1210 Ἐκκλη-

145 1257 237 1309 σία
264 1255 358 1308 τὸν
393 1253 577 1307 καινὸν
608 1246 976 1320 παραδέξηται
1021 1243 1205 1313 νόμον,
1251 1239 1344 1293 καὶ
1370 1237 1469 1300 τὰς
1505 1233 1719 1295 ἐντολὰς

147 1348 358 1418 σφόδρα
387 1346 611 1415 θελήσῃ.

218 1434 729 1508 Εὺηγηοελισὰμην
750 1430 1146 1497 δικαιοσύνην
1166 1428 1235 1481 ὲν
1273 1422 1602 1492 Ἐκκλησία
1619 1437 1722 1490 με·

143 1530 326 1601 τάμῖῃ.
362 1525 660 1596 Ἐκκλησία
710 1523 918 1594 μεγάλη
955 1521 988 1591 ὴ
1022 1517 1163 1572 κατὰ
1188 1518 1295 1570 πᾶν
1320 1514 1470 1576 ἔθνος
1497 1508 1722 1565 πιστεύ-

149 1641 294 1677 σασα
345 1620 423 1690 τῷ
480 1618 693 1687 Σωτῆρι
720 1615 896 1685 ψυχή’
953 1612 987 1682 ἢ
1043 1611 1137 1664 καὶ
1188 1607 1532 1662 δεδικαίωται
1563 1601 1723 1658 αὐτὸν

149 1716 352 1785 ἔχουσα
383 1711 475 1764 τὸν
521 1706 838 1761 δικαιοῦντα
889 1703 981 1757 τὸν
1025 1699 1219 1769 ἀσεϐῆ.
1257 1697 1378 1765 Τὴν
1420 1693 1722 1749 δικαιοσύτ

146 1824 268 1873 νην
295 1821 411 1859 σου
449 1805 560 1857 οὐκ
587 1801 824 1867 ἔκρυψα
853 1797 924 1850 ἐν
968 1793 1044 1863 τῇ
1086 1791 1300 1860 καρδίᾳ
1332 1806 1472 1857 μου.
1509 1788 1723 1840 Δικαιο-

152 1898 320 1966 σύνην
380 1895 477 1965 μὲν
513 1893 612 1962 τὴν
649 1891 714 1944 δι’
757 1885 922 1943 αὑτοῦ
974 1883 1394 1955 κεκηρυγμένην
1428 1881 1580 1950 φησὶ,
1627 1877 1725 1948 τὴν

150 1991 294 2058 ὑπὲρ
315 1989 480 2058 νόμον
513 1987 605 2037 καὶ
634 1983 791 2036 σκιάν
819 1999 831 2012 ·
864 1980 925 2033 τὸ
958 1977 1262 2048 δὲ,ἕγνως,
1299 1975 1420 2028 ἀντὶ
1455 1973 1567 2034 τοῦ,
1600 1970 1725 2024 ίδιο-

151 2081 387 2149 ποιήσω.
427 2077 545 2143 Τὴν
577 2071 865 2140 ἀλήθειάν
885 2086 1000 2124 σου
1031 2069 1128 2122 καί
1160 2068 1226 2122 τὸ
1270 2066 1564 2134 σωτήριόν
1611 2079 1727 2118 σου

149 2168 312 2226 εἶπα.
343 2169 417 2222 Οὐ
456 2166 741 2236 σεσίγηκα,
786 2162 941 2232 φησὶ,
981 2161 1102 2215 οὐδὲ
1133 2158 1391 2228 συνέσχον
1417 2158 1474 2212 ὲν
1505 2153 1729 2226 ἐμαυτῷ

151 2263 254 2334 τὴν
291 2259 548 2330 ἀλήθειάν
579 2274 692 2310 σου.
729 2253 1008 2325 Ἀλήθειαν
1037 2251 1094 2304 δέ
1132 2267 1263 2321 φησι
1287 2251 1349 2304 τὸ
1377 2246 1730 2316 εὐαγγελικδν

153 2358 441 2426 κήρυγμα.
496 2350 632 2402 Ἀλλ’
662 2348 781 2402 οὐδὲ
804 2344 1013 2418 ἔκρυψα
1038 2345 1099 2399 τὸ
1134 2343 1397 2415 σωτήριόν
1424 2359 1538 2404 σου,
1576 2356 1731 2392 τουτ-

150 2445 270 2500 έστι
314 2444 419 2514 τῆς
467 2441 618 2512 παρὰ
666 2439 759 2494 σοῦ
809 2439 1059 2507 δοθείσης
1120 2435 1396 2507 σωτηρίας
1441 2434 1541 2503 τὴν
1591 2431 1729 2498 ὁδὸν,

153 2541 274 2609 ἦτοι
297 2536 397 2608 τὴν
419 2535 504 2587 διὰ
535 2534 637 2602 τῆς
663 2532 898 2594 πίστεως
927 2530 1106 2601 χάριν.
1133 2524 1462 2596 Συναγωγὴν
1503 2523 1560 2578 δὲ
1601 2522 1732 2576 πολ-

153 2631 274 2701 λὴν,
300 2629 400 2698 τὴν
436 2629 500 2679 ὲκ
529 2624 624 2677 τοῦ
665 2623 881 2694 Ἰσραὴλ
914 2622 1008 2676 καὶ
1050 2621 1158 2673 τῶν
1194 2618 1363 2673 ἐθνῶν
1388 2615 1735 2687 συνειλεγμέ-

154 2739 255 2792 νην
296 2717 628 2789 Ἐκκλησίαν
653 2715 842 2786 φησίν.
885 2711 1285 2767 Ἀποκαλύπτει
1315 2709 1422 2783 γὰρ
1449 2710 1479 2762 ὁ
1502 2706 1736 2778 Χριστὸς

155 2815 287 2878 τοὺς
318 2813 448 2884 περὶ
483 2811 666 2873 ἐλέους
706 2809 799 2862 καὶ
826 2807 1084 2879 ἀληθείας
1129 2807 1321 2875 λόγους
1357 2807 1423 2876 τῇ
1467 2802 1625 2873 φύσει
1667 2802 1734 2872 τῇ

156 2908 378 2977 λογικῇ,
413 2905 508 2957 καὶ
539 2903 666 2964 τοὺς
696 2902 824 2972 περὶ
859 2901 1154 2971 σωτηρίας.
1187 2900 1294 2952 Καὶ
1323 2898 1448 2959 τοὺς
1489 2895 1586 2965 μὲν
1609 2895 1737 2965 περὶ

159 2997 421 3069 ἀληθείας
445 2995 634 3062 λόγους
665 2993 884 3063 εὑρήσει
909 2993 967 3045 ιν
987 2995 1053 3062 τῇ
1093 2989 1318 3062 θεωρία,
1351 2987 1475 3051 τοὺς
1506 2986 1565 3041 δὲ
1609 2985 1738 3058 ιπερὶ⁸

163 3088 446 3158 σωτηρίας
471 3088 528 3140 ὲν
557 3087 623 3156 τῇ
656 3086 956 3156 πρακτικῇ.

1815 587 1984 642 scribe
2044 587 2099 637 in
2143 588 2254 652 ipso
2282 581 2420 650 stylo
2478 580 2801 634 hominis".
2860 579 3143 649 Contiugit
3195 587 3377 631 autem

1816 695 1923 734 non
1954 680 2006 732 in
2032 676 2232 730 tabulis
2255 673 2507 744 lapideis,
2527 672 2619 726 sed
2653 671 2965 726 carnalibus
2986 671 3224 724 describi
3247 685 3382 738 prte-

1814 780 1970 839 cepta
2002 782 2152 822 nova.
2180 766 2353 836 legis:
2382 763 2844 833 quemadmodum
2884 763 2960 815 ait
2992 763 3079 816 ille
3111 777 3205 831 per
3229 759 3384 814 Jerc-

1817 860 1982 914 iniam
2014 857 2330 928 prophetam
2358 855 2434 907 ’δι
2460 852 2607 906 Dans
2633 852 2768 905 dabo
2795 853 2929 922 leges
2964 868 3107 906 meas
3156 854 3211 904 in
3242 867 3383 903 men-

1817 966 1918 1008 tem
1944 954 2204 1022 ipsorum,
2229 959 2278 1002 et
2333 949 2390 1002 in
2422 947 2576 1000 corde
2603 963 2788 999 eorum
2833 945 3130 1000 describam
3173 961 3284 1007 eas,
3326 952 3387 996 ut

1816 1044 2059 1099 declaret
2087 1040 2331 1095 futurum
2363 1048 2422 1092 ut
2465 1036 2708 1092 Ecclesia
2737 1037 2789 1089 in
2819 1036 3027 1090 intimis
3075 1044 3131 1089 et
3178 1035 3388 1088 intelli-

1817 1135 2075 1205 gibilibus
2107 1133 2289 1187 cordis
2306 1130 2666 1199 receptaculis
2696 1144 2892 1182 novam
2927 1128 3101 1198 legem
3131 1125 3386 1196 recipiat,

1818 1236 1875 1282 et
1900 1226 2155 1280 mandata
2185 1224 2440 1277 ardenter
2467 1222 2677 1291 diligat.

1890 1401 1977 1454 10.
2011 1396 2625 1466 Annuntiavijustitiam
2661 1397 2715 1448 in
2758 1393 3001 1448 Ecclesia
3037 1410 3252 1464 magna.
3287 1391 3391 1447 Ec-

1820 1492 1986 1550 clesia
2024 1506 2219 1560 magna
2265 1499 2351 1544 est
2381 1489 2636 1558 quaelibet
2673 1489 2856 1541 anima
2906 1501 3028 1555 quae
3063 1501 3159 1555 per
3200 1500 3392 1538 omnes

1822 1597 2013 1655 gentes
2051 1581 2320 1637 Salvatori
2377 1581 2628 1644 credidit,
2663 1596 2784 1649 qua:
2814 1580 2976 1634 etiam
3023 1577 3392 1646 justiﬁcatur.

1823 1691 1948 1730 cum
1978 1675 2187 1728 habens
2211 1673 2304 1742 qui
2335 1670 2598 1741 justificat
2639 1671 2891 1738 impium.
2918 1667 3203 1721 Justitiam
3248 1677 3396 1719 tuam

1825 1782 1930 1818 non
1968 1764 2220 1818 abscondi
2252 1763 2308 1815 in
2341 1763 2496 1815 corde
2536 1777 2668 1814 meo.
2691 1758 2969 1814 JuSIitiam
3006 1759 3076 1813 ab
3112 1760 3232 1828 ipso
3258 1775 3398 1828 pra:-

1757 1855 1796 1908 B
1824 1859 2059 1912 dicatam
2085 1856 2355 1926 intelligit,
2385 1871 2504 1925 qua:
2526 1865 2611 1908 est
2644 1868 2810 1922 supra
2841 1852 3011 1921 legem
3046 1860 3100 1905 et
3124 1851 3394 1904 umbram.

1829 1951 2188 2012 llludautem,
2220 1956 2276 2000 tu
2315 1948 2485 2011 scisti,
2539 1947 2803 2016 positum,
2840 1961 2938 2015 pro
2990 1943 3082 1997 tibi
3118 1945 3397 2012 proprium

1829 2042 2026 2098 fecisti.
2067 2038 2354 2094 Veritatem
2383 2050 2530 2092 tuam
2557 2047 2605 2091 et
2640 2041 2878 2090 salutare
2930 2046 3079 2089 tuum
3109 2035 3244 2088 dixi.
3282 2031 3399 2087 Non

1830 2134 1956 2190 silui
2007 2148 2183 2202 neque
2215 2131 2415 2186 retinui
2471 2130 2523 2184 in
2557 2131 2878 2197 memetipso
2910 2129 3190 2181 veritatem
3229 2135 3400 2182 tuam.

1836 2223 2134 2278 Veritatem
2166 2231 2346 2275 autem
2378 2220 2476 2285 ait,
2523 2218 2892 2288 evangelicam
2938 2217 3400 2286 praedicationem.

1829 2315 2018 2386 Neque
2047 2316 2285 2371 salutare
2325 2323 2478 2366 tuum
2518 2310 2802 2374 abscondi,
2851 2309 2903 2363 id
2938 2317 3043 2368 est.
3084 2308 3277 2362 salutis
3304 2309 3403 2362 abs

1832 2421 1883 2468 te
1914 2414 2053 2467 data:
2082 2409 2376 2474 viam,sive
2397 2407 2626 2476 gratiam
2660 2422 2782 2476 quae
2801 2421 2894 2474 per
2928 2405 3085 2458 ﬁdem
3105 2404 3398 2458 obtinetur.

1830 2501 2135 2557 Concilium
2160 2510 2343 2552 autem
2384 2497 2616 2551 multum
2663 2499 2737 2550 ait
2782 2495 3079 2550 Ecclesiam
3109 2509 3175 2548 ex
3210 2492 3404 2548 Israele

1831 2601 1885 2648 et
1913 2607 1980 2646 ex
2006 2591 2258 2663 gentibus
2291 2603 2694 2659 congregalam.
2746 2587 2966 2641 Revelat
2991 2587 3191 2654 quippe
3216 2583 3404 2637 Domi-

1835 2699 1939 2738 nus
1979 2694 2188 2737 natura:
2234 2681 2489 2735 rationali
2545 2694 2828 2734 sermones
2852 2678 2917 2731 de
2962 2676 3330 2732 misericordia
3355 2684 3409 2731 et

1842 2779 2091 2842 veritate,
2125 2785 2179 2831 et
2203 2790 2486 2830 sermones
2514 2775 2580 2828 de
2606 2775 2800 2828 salute.
2853 2772 2921 2828 Et
2951 2788 3232 2828 sermones
3277 2772 3405 2842 qui-

1843 2868 1964 2922 dem
1995 2869 2061 2922 de
2093 2865 2319 2922 veritate
2351 2866 2591 2921 inveniet
2622 2865 2788 2919 homo
2824 2865 2877 2919 in
2904 2866 3402 2934 contemplatione:

1838 2974 2125 3016 sermones
2160 2968 2341 3015 autem
2371 2959 2439 3015 de
2464 2959 2658 3023 salute,
2687 2959 2742 3012 in
2777 2958 3014 3014 actione.

233 3177 318 3231 Σὺ
350 3175 438 3237 δὲ,
473 3176 672 3242 Κύριε.
717 3173 804 3242 μὴ
850 3173 1166 3242 μακρύνῃς
1219 3170 1362 3236 τοὺς
1403 3167 1737 3238 οῖκτιρμούς

1911 3174 1996 3227 19..
2040 3172 2116 3226 Tu
2141 3183 2336 3236 autem,
2381 3172 2620 3230 Domine.
2658 3189 2721 3225 ne
2747 3172 2903 3240 longe
2953 3172 3123 3239 facias
3178 3173 3405 3226 misera—

164 3285 282 3324 σου
307 3270 410 3322 ἀπ’
456 3265 623 3335 ἐμοῦ.
655 3265 974 3330 Διδάξαντος
1001 3263 1096 3318 τοῦ
1127 3263 1363 3334 Χριστοῦ
1390 3261 1452 3314 τὸ
1485 3261 1612 3330 περὶ
1643 3260 1740 3328 τῆς

161 3357 480 3427 οἰκονομίας
512 3356 827 3426 μυστήριον,
863 3353 1230 3423 είσκομίζεται
1271 3349 1364 3401 τοῦ
1425 3346 1639 3419 Ἰσραὴλ
1681 3345 1744 3399 τὸ

163 3451 460 3524 πρόσωπον
485 3447 578 3501 τοῦ
611 3447 891 3518 μείναντος
930 3446 987 3496 ὲν
1021 3441 1293 3510 ἀπειθείᾳ.
1335 3441 1420 3502 Ὡς
1447 3439 1556 3512 γὰρ
1585 3441 1742 3492 ἀπει-

163 3542 340 3613 θήσας
369 3539 450 3610 τῷ
481 3538 620 3592 ὲλέει
661 3537 755 3590 τοῦ
794 3534 950 3599 Θεοῦ,
988 3535 1078 3587 καὶ
1119 3532 1208 3586 διὰ
1248 3531 1406 3584 τοῦτο
1455 3547 1746 3602 παρεωρα-

166 3635 350 3703 μένος,
379 3633 474 3685 καὶ
512 3632 571 3683 ὲν
603 3629 764 3684 παντὶ
808 3625 1044 3696 γεγονὼς
1079 3625 1255 3695 κακῷ,
1301 3625 1562 3694 ἁνανήφει
1609 3620 1747 3692 πρὸς

171 3727 539 3795 μετάγνωσιν,
571 3719 1040 3791 κατοικτείρεσθαι
1080 3716 1432 3788 παρακαλῶν.
1481 3714 1748 3784 Σημαίνε-

163 3838 254 3872 ται
289 3819 350 3870 δὲ
380 3819 413 3888 ἡ
446 3818 530 3868 ἐπ’
565 3813 796 3884 ἐσχάτου
837 3811 1030 3882 καιροῦ
1060 3808 1399 3879 γενησομένη
1433 3806 1624 3876 κλῆσις
1652 3806 1748 3858 αὑ-

162 3914 294 3967 τῶν.
332 3911 404 3965 Τὸ
425 3909 598 3972 ἔλεός
627 3923 742 3961 σου
772 3906 867 3959 καὶ
909 3905 948 3971 ἠ
988 3900 1237 3968 ἀλήθειά
1264 3918 1380 3954 σου
1425 3897 1748 3963 διαπαντὸς

167 4001 587 4060 ἁντιλάϐσιντό
611 4017 748 4068 μου.
784 3993 1199 4068 Ὀμολογοῦμεν,
1243 3993 1425 4064 φησὶν,
1458 3991 1540 4045 ὅτι
1587 3989 1748 4052 αὐτὸς

170 4092 252 4158 εἷς
280 4095 309 4146 ὁ
343 4092 510 4146 πάλαι
542 4089 730 4154 σῶζων
750 4089 901 4158 ἡμᾶς
929 4088 1023 4141 καὶ
1055 4083 1603 4155 ἀντιλαμϐανόμενος.
1642 4081 1749 4133 Καὶ

169 4187 414 4256 τυχοῦσα
446 4184 543 4254 τῆς
572 4183 845 4254 σωτηρίας
873 4186 905 4251 η
929 4179 1021 4232 τοῦ
1060 4176 1194 4231 Θεοῦ
1231 4173 1545 4245 Ἐκκλησία,
1579 4174 1748 4226 δεῖται

175 4282 341 4336 πάλιν
363 4279 464 4348 τῆς
494 4276 588 4329 τοῦ
621 4275 756 4328 Θεοῦ
790 4272 1130 4346 προμηθείας
1161 4269 1249 4323 διὰ
1271 4268 1370 4332 τὰς
1403 4266 1748 4329 παντοδαπὰς

173 4376 284 4428 τῶν
315 4371 616 4443 ἀνθρώπων
664 4369 757 4422 καὶ
787 4366 1053 4436 δαιμόνων
1102 4361 1520 4423 ἐπαναστάσεις,
1567 4351 1642 4412 ὧν
1687 4360 1748 4410 ὲν

175 4471 288 4529 τοῖς
321 4465 448 4532 ἑξῆς
479 4464 701 4533 μνήμην
730 4461 987 4514 ποιεῖσαι.

1844 3266 2010 3319 tiones
2038 3278 2156 3317 tuas
2191 3279 2223 3316 α
2251 3280 2351 3318 me.
2410 3259 2704 3330 Postquam
2752 3263 2940 3316 docuit
2969 3260 3227 3316 Christus
3255 3278 3378 3317 meo

1844 3356 2042 3408 nomite
2074 3354 2416 3425 mysterium,
2445 3354 2660 3408 inducit
2708 3352 2924 3407 lsraclis
2956 3368 3270 3421 personam,
3313 3353 3409 3422 qui

1845 3444 1898 3497 in
1954 3445 2333 3499 incredulitate
2367 3445 2688 3513 permansit.
2753 3443 2820 3498 Ut
2863 3455 3084 3511 autem,
3144 3447 3407 3515 quoniam

1855 3536 2252 3591 misericordia:
2309 3534 2403 3588 Dei
2468 3550 2575 3587 non
2629 3535 3044 3604 obtemperavit,
3075 3536 3412 3604 neglectusa

1847 3625 1958 3681 Deo
1981 3636 2083 3690 est,
2105 3634 2160 3679 et
2197 3624 2361 3678 nullis
2394 3639 2500 3677 non
2521 3623 2747 3678 allectus
2786 3633 2868 3677 est
2897 3624 3055 3678 malis
3080 3641 3096 3691 ;
3123 3624 3264 3694 resip
3288 3625 3412 3689 scit,

1846 3719 2246 3788 etpteuitentia
2303 3726 2484 3770 motus
2512 3725 2666 3787 rogat
2711 3724 2770 3770 ut
2813 3732 2878 3770 ex
2912 3717 3287 3771 misericordia
3317 3732 3406 3771 se-

1851 3821 1975 3861 cum
2005 3815 2219 3874 agatur.
2252 3803 2603 3874 Signilicatur
2628 3814 2811 3859 autem
2845 3804 3161 3859 Judatorum
3199 3809 3415 3860 rocatio

1847 3894 2106 3948 extremis
2160 3893 2498 3963 temporibus
2547 3893 2751 3946 futura.
2807 3892 3178 3946 Misericordia
3216 3903 3308 3947 tua
3361 3905 3411 3947 et

1847 3986 2035 4040 veritas
2067 3995 2158 4039 tua
2189 4001 2388 4052 semper
2407 3985 2698 4054 suscipiant
2741 4000 2842 4038 me.
2900 3984 3260 4049 Conlitemur,
3311 3986 3410 4049 ait,

1849 4086 1900 4132 te
1927 4078 2056 4130 olim
2111 4075 2281 4129 fuisse
2309 4075 2403 4145 qui
2441 4091 2542 4130 nos
2573 4077 2848 4142 servabas,
2897 4087 2951 4131 et
2981 4077 3234 4146 praesidio
3259 4078 3421 4132 nobis

1848 4183 1992 4223 eras.
2027 4165 2092 4220 Et
2133 4167 2260 4219 olim
2289 4165 2518 4220 salutem
2543 4177 2834 4221 consecuta
2863 4166 2953 4220 Dei
2990 4165 3232 4222 Ecclesia
3263 4179 3418 4237 rogat

1850 4261 2050 4314 iterum
2103 4257 2196 4312 Dei
2254 4258 2647 4328 providentiam
2700 4269 2757 4314 et
2805 4259 3092 4322 auxilium,
3143 4263 3410 4314 adversus

1851 4351 2182 4420 multiplices
2212 4351 2492 4403 hominum
2524 4361 2685 4418 atque
2715 4350 3025 4404 deinonum
3060 4350 3414 4421 irruptiones.

1854 4458 2088 4513 quarum
2117 4442 2435 4496 memoriam
2464 4442 2515 4494 in
2552 4441 2909 4510 sequentibus
2933 4443 3065 4512 agit.

263 4531 748 4623 "Ottiﬂe‘ptéio'zO‘V
767 4568 844 4620 με
872 4551 1025 4604 κακὰ
1043 4542 1130 4603 ὧν
1152 4550 1261 4603 οὐκ
1297 4549 1468 4602 ἐστιν
1483 4545 1737 4615 ἀριθμός.

1925 4535 2010 4588 15.
2045 4533 2308 4599 Quoniam
2356 4533 2808 4586 circumdederunt
2856 4549 2936 4586 me
2967 4532 3134 4600 mala,
3194 4549 3419 4604 quorum

176 4651 260 4704 ra
299 4648 439 4720 μετὰ
460 4647 556 4716 τὴν
585 4644 841 4698 ἀπιστίαν
869 4642 968 4713 τὴν
991 4643 1069 4704 εἰς
1099 4639 1333 4711 Χριστὸν
1365 4636 1750 4708 συμϐεϐηκότα

177 4744 366 4803 αὐτοῖς
392 4739 657 4808 διηγεῖται
697 4734 864 4786 κακά.
915 4731 1419 4798 Ἐπληθύνθησαν
1448 4727 1600 4794 ὑπὲρ
1645 4728 1751 4793 τὰς

178 4836 389 4903 τρίχας
406 4829 515 4898 τῆς
534 4824 798 4896 κεφαλῆς
819 4841 957 4893 μου,
991 4823 1087 4878 καὶ
1101 4825 1138 4891 ἠ
1178 4820 1391 4889 καρδία
1407 4838 1525 4889 μου
1546 4820 1753 4888 ἐγκατ-

178 4924 355 4980 έλιπέ
405 4939 500 4991 με.
544 4922 764 4990 Ὅμοιον
791 4917 923 4970 ὡσεὶ
956 4915 1140 4982 ἔλεγεν
1163 4930 1176 4942 °
1223 4913 1365 4976 Ἴσος
1389 4911 1587 4980 γέγονα
1639 4913 1752 4973 τοῖς

179 5018 281 5073 οὐκ
312 5015 493 5084 ἔχουσι
521 5011 696 5082 νοῦνῆ
727 5009 951 5081 καρδίαν
971 5023 986 5038 ·
1016 5008 1203 5076 γέγονε
1242 5003 1352 5077 γὰρ
1390 5003 1516 5066 λαδς
1551 5003 1752 5074 μωρὸς.

184 5111 280 5163 καὶ
310 5107 432 5176 οὐχὶ
462 5103 642 5172 σοφός.

267 5193 825 5262 Ἀποστραεεείησαν
847 5193 933 5257 είς
954 5189 1025 5243 τὰ
1055 5189 1246 5241 ὀπίσω
1270 5186 1365 5240 καί
1400 5202 1757 5254 καταισχυν-

186 5292 434 5354 θείησαν
472 5289 525 5339 ol
574 5283 852 5349 θέλοντές
895 5298 998 5352 μοι
1058 5278 1231 5333 κακά.
1273 5279 1342 5329 Ἣ
1399 5276 1509 5330 τῶν
1553 5277 1758 5346 νοητῶν

187 5379 400 5452 ιχθρῶν
435 5376 792 5435 καταϐοῶσιν,
828 5374 861 5444 ἢ
890 5373 998 5426 τῶν
1037 5369 1413 5442 Γραμματέων
1447 5367 1539 5420 καὶ
1589 5369 1756 5439 Φαρι-

189 5471 361 5525 σαίων
383 5467 491 5519 τῶν
515 5465 1005 5519 ἐπιϐουλευσάντων
1038 5465 1102 5531 τῇ
1154 5459 1396 5530 σωτηρία
1435 5459 1534 5527 τῆς
1581 5457 1758 5527 ψυχῆς

189 5559 380 5624 αὐτοῦ,
439 5559 704 5625 λεγόντων
759 5555 936 5608 αὐτῶν
986 5553 1112 5624 περὶ
1170 5553 1408 5620 Χριστου
1469 5548 1594 5600 ποτὲ
1638 5549 1756 5619 μέν’

193 5656 316 5707 Οὐκ
344 5647 627 5704 ἐκϐάλλει
656 5650 729 5701 τὰ
757 5647 1028 5715 δαιμόνια
1066 5648 1118 5698 εί
1142 5643 1228 5713 μὴ
1259 5643 1326 5694 ἐν
1359 5638 1716 5700 Βεελζεϐούλ
1743 5655 1758 5670 ⁸

193 5744 322 5798 ποτὶ
348 5743 424 5796 δέ’
462 5744 772 5810 Δαιμόνιον
798 5740 981 5807 ἔχεις,
998 5739 1088 5803 τίς
1117 5753 1188 5790 σε
1213 5733 1369 5801 ζητεῖ
1387 5733 1760 5794 ἀποκτεῖναι;

1856 4642 1960 4679 non
1986 4635 2062 4680 est
2109 4639 2376 4677 numerus.
2407 4622 2544 4677 Mala
2584 4632 2830 4677 recenset
2866 4637 2989 4693 quae
3051 4623 3186 4692 ipsis
3219 4638 3418 4677 secun-

1856 4718 1984 4772 dum
2021 4731 2176 4771 suam
2208 4730 2333 4784 erga
2351 4713 2630 4769 Christum
2662 4713 3031 4768 inﬁdelitatem
3056 4715 3416 4769 obvenerunt.

1861 4807 2237 4878 Multiplicata:
2270 4817 2392 4861 sunt
2424 4822 2579 4874 super
2609 4805 2831 4866 capillos
2862 4805 3053 4875 capitis
3079 4805 3200 4870 mei,
3233 4819 3280 4858 et
3331 4821 3425 4856 cor

1858 4917 2026 4954 meum
2054 4898 2332 4968 dereliquit
2361 4913 2457 4950 me.
2489 4895 2716 4950 Perinde
2738 4907 2822 4950 est
2850 4911 2913 4951 ac
2955 4895 3002 4950 si
3034 4896 3238 4950 diceret
3281 4912 3296 4950 :
3333 4893 3420 4948 Si-

1859 4992 2008 5047 milis
2037 4989 2115 5044 l'ui
2154 4990 2234 5044 eis
2262 4989 2354 5059 qui
2402 5003 2500 5042 nec
2527 4998 2763 5043 mentem
2797 5004 2896 5043 nec
2923 5003 3016 5042 cor
3044 4987 3267 5044 habent.
3318 4984 3422 5039 Fa—

1854 5094 1978 5138 ctus
2003 5083 2249 5137 estenim
2281 5079 2515 5150 populus
2550 5080 2755 5134 stultus
2783 5090 2836 5134 et
2884 5078 3172 5148 insipiens.

1928 5175 2014 5229 15.
2067 5175 2388 5227 Avertantur
2431 5182 2720 5226 retrorsum
2777 5181 2827 5226 et
2855 5172 3160 5225 erubescant
3210 5171 3300 5242 qui
3334 5187 3422 5224 vo-

1859 5269 1974 5322 lunt
2017 5267 2147 5320 mihi
2194 5266 2357 5320 mala.
2391 5265 2499 5320 Aut
2530 5264 2794 5320 adversus
2823 5264 3133 5334 spirituales
3169 5266 3424 5318 inimicos

1858 5362 2185 5419 exclamant.
2223 5368 2317 5412 aut
2353 5358 2614 5412 adversus
2641 5359 2862 5413 Seribas
2892 5368 2946 5411 et
2982 5356 3422 5425 Pharisaeois,qui

1864 5452 2024 5509 saluti
2064 5452 2256 5505 anima:
2303 5450 2422 5518 ejus
2454 5451 2850 5504 insidiabantur
2887 5450 2954 5503 de
2981 5449 3201 5504 Christo
3237 5448 3426 5502 dicen-

1864 5555 1966 5610 tes,
1996 5541 2326 5598 modo:Non
2350 5543 2498 5610 ejicit
2534 5541 2798 5596 da'monia
2829 5543 2930 5596 nisi
2961 5543 3014 5594 in
3041 5539 3318 5594 Bcelzebul
3344 5538 3423 5602 ”;

1867 5639 2062 5690 modo:
2124 5634 2449 5689 ﬂamonium
2501 5633 2658 5689 habes
2683 5674 2697 5701 ,
2739 5637 2858 5704 quis
2907 5645 2952 5689 to
2988 5635 3178 5704 qua'rit
3220 5630 3424 5699 interﬁ-

1867 5747 1979 5782 ccrs
2005 5728 2053 5781 ‘?

261 5837 305 5868 ’τ
344 5834 447 5889 lsa.
487 5850 602 5896 rm,
641 5833 687 5890 ι.
759 5834 803 5865 ’⁸
834 5831 1030 5887 Jerem.
1057 5846 1202 5896 xxxi,
1239 5829 1327 5883 '53.
1405 5834 1450 5865 θ’
1478 5825 1666 5881 Matth.
1706 5841 1801 5891 xu,
1833 5823 1924 5878 24.
2003 5825 2015 5854 ¹
2048 5820 2203 5876 Joan.
2241 5834 2311 5872 ru
2362 5819 2451 5872 20.
