4034 6450
660 397 757 449 195
1495 396 1551 451 S.
1596 395 1963 449 ATHANASII
2004 394 2153 448 OPP.
2198 394 2372 448 PARS
2419 396 2504 451 Ill.
2541 429 2606 441 --
2645 398 3057 455 EXEGETICA.
3768 406 3878 461 196

729 512 813 565 18.
841 510 951 580 Ego
984 520 1156 563 autem
1189 513 1455 563 mendicus
1508 528 1622 564 sum
1682 521 1730 565 et
1779 527 1995 580 pauper,
2027 508 2206 561 Domi-
2238 512 2285 569 Α

2394 512 2531 580 Ἐγὼ
2561 513 2628 566 δὲ
2658 517 2890 582 πτωχός
2915 516 3029 582 ειμι
3062 514 3158 566 καί
3201 514 3423 582 πένηςς
3457 517 3672 582 Κύριος
3697 533 3886 584 pper-

657 622 755 657 nus
782 602 1041 656 sollicitus
1072 604 1171 655 erit
1220 603 1343 656 mei.
1381 602 1547 656 Israel
1594 603 1683 656 ille
1739 603 1867 656 olim
1914 602 2205 655 admodum

2312 604 2424 657 τιεῖ
2442 624 2579 673 μου.
2633 607 2689 659 '0
2733 607 2873 659 πάνυ
2903 606 3107 677 Θρασὺς
3152 606 3386 677 Ἰσραὴλ,
3424 608 3482 659 ὲν
3536 608 3879 677 μεταγνώσει

658 697 807 748 ferox
845 696 909 747 ad
959 694 1325 765 paenitentiam
1389 709 1604 759 versus,
1656 710 1778 749 sese
1833 708 2126 763 pauperem
2150 701 2205 746 et

2309 693 2615 763 γενόμενος,
2644 695 2850 764 πένητα
2874 694 2968 747 καὶ
3000 696 3210 763 πτωχὸν
3232 695 3423 748 ἑαυτὸν
3451 696 3733 749 ἁποκαλει.
3766 697 3883 751 Καὶ

658 786 959 838 mendicum
1016 794 1192 839 vocat.
1238 784 1302 838 Et
1356 785 1602 856 adjungit
1630 802 1688 841 se
1729 786 2021 841 Dominum
2053 801 2203 855 spem

2315 782 2419 852 μὴν
2444 785 2533 836 καὶ
2562 786 2723 838 αὑτὸν
2757 786 2899 855 ἔχειν
2928 786 3017 837 τὸν
3045 785 3247 857 Κύριον
3287 788 3387 857 τὴν
3418 786 3609 839 ἐλπίδα
3640 789 3878 858 ἐπιγρά-

654 876 854 928 liabere
879 892 1051 929 suam.

889 892 1051 929 suam.
2308 890 2482 941 φεται.

724 966 948 1033 Adjntor
980 983 1120 1019 meus
1154 978 1199 1018 et
1224 976 1483 1035 protector
1511 983 1653 1021 meus
1695 978 1749 1020 tu
1774 985 1849 1035 es,
1868 967 2008 1023 Deus
2040 985 2203 1030 meus,

2379 967 2602 1032 Βοηθός
2626 984 2742 1035 μου
2791 965 2888 1019 καί
2937 963 3395 1033 ὑπερασπιστὴς
3420 983 3541 1033 μου
3582 965 3639 1021 ei
3687 968 3769 1020 σύ
3794 983 3808 997 ’
3842 971 3878 1019 ὀ

656 1070 715 1106 ne
746 1058 1053 1109 tardareris.
1100 1057 1211 1120 (12)
1248 1057 1435 1109 Daniel
1459 1057 1746 1115 Barbarus.
1782 1058 1936 1113 Hunc
1977 1060 2203 1123 exitum,

2309 1056 2451 1119 Θεός
2485 1073 2625 1123 μου,
2667 1055 2746 1123 μὴ
2798 1058 3108 1124 χρονίσῃς.
3142 1056 3236 1118 Et;
3284 1056 3341 1109 δὲ
3387 1057 3559 1109 ταῦτα
3610 1056 3677 1109 τὰ
3715 1056 3875 1125 τέλη,

654 1144 844 1213 inquit,
872 1146 1087 1199 habebit
1115 1145 1378 1210 Ecclesia,
1426 1156 1483 1201 ut
1517 1163 1639 1218 qua:
1691 1150 1841 1217 prius
1871 1164 2074 1219 pauper
2104 1148 2204 1203 fuit

2306 1146 2458 1215 φησὶ,
2494 1146 2823 1216 προσήσεται
2854 1149 2886 1218 ἡ
2944 1146 3236 1218 Ἐκκλησία
3273 1147 3632 1218 πτωχεύσασα
3674 1148 3879 1219 πρότε-

647 1245 700 1287 (ἰ
741 1236 790 1288 in
827 1236 1029 1288 mundo
1078 1236 1255 1306 inopia
1306 1238 1540 1307 graviter
1589 1250 1944 1308 premeretur,
1989 1240 2201 1293 tandem

2307 1254 2398 1303 ρον
2430 1237 2522 1289 καὶ
2547 1236 2634 1288 διὰ
2661 1237 2848 1299 πενίας
2888 1237 3089 1308 πολλῆς
3139 1236 3369 1291 ἐλθοῦσα
3413 1240 3471 1291 ὲν
3518 1238 3729 1307 κόσμῳ,
3777 1240 3878 1292 καὶ

649 1328 885 1393 potentia
910 1338 998 1380 tua
1029 1327 1249 1392 (litetur,
1288 1338 1341 1383 et
1376 1331 1580 1384 auxilio
1609 1341 1702 1385 tuo
1730 1332 1966 1401 gloriosa
2009 1332 2199 1388 redda-

2301 1329 2367 1396 τῇ
2400 1344 2471 1378 πα
2483 1325 2549 1395 ρὰ
2583 1326 2675 1378 σοῦ
2704 1326 3048 1397 πλουτήσασα
3083 1328 3327 1398 δυνάμει,
3356 1330 3449 1381 καὶ
3480 1331 3546 1399 τῇ
3580 1330 3729 1402 παρὰ
3777 1329 3874 1381 σοῦ

648 1424 756 1478 tur,
788 1415 930 1480 quod
957 1416 1086 1484 petit
1128 1433 1195 1472 ne
1232 1418 1285 1471 in
1320 1418 1541 1489 longum
1586 1421 1957 1488 protrahatur,
1991 1428 2044 1473 et
2070 1434 2201 1488 pro-

2300 1412 2614 1478 δοξασοεῖσα
2650 1416 2937 1486 ἐπικουρίᾳ
2962 1456 2976 1479 ,
3018 1418 3084 1488 ὴν
3118 1419 3261 1471 αίτεῖ
3295 1417 3369 1487 μὴ
3403 1417 3673 1489 χρονίζειν
3703 1459 3717 1481 ,
3775 1418 3876 1470 καὶ

647 1518 767 1576 pter
802 1508 920 1575 ejus
966 1509 1278 1576 petitionem
1325 1511 1460 1563 nihil
1503 1511 1827 1573 morabitur,
1877 1510 2036 1580 juxta
2068 1510 2200 1563 illud

2300 1506 2386 1559 διὰ
2417 1505 2515 1576 τὴν
2542 1507 2756 1577 αἴτησιν
2792 1507 2851 1559 οὐ
2884 1510 3102 1577 χρονιεῖ,
3144 1509 3285 1562 καθὰ
3317 1508 3536 1576 λέγεται
3564 1510 3646 1562 τόο
3690 1511 3743 1562 ὀ
3777 1510 3880 1578 ἐρ-

646 1601 794 1669 quod
832 1602 1030 1654 dicitur
1062 1603 1082 1633 '
1110 1620 1122 1655 :
1174 1600 1391 1655 Veniens
1423 1605 1587 1655 veniet
1620 1613 1667 1656 et
1699 1620 1801 1657 non
1833 1603 2091 1659 tardabit.

1637 1613 1667 1655 rt
1699 1620 1801 1657 non
1833 1603 2091 1659 ιαγάαωι,
2301 1596 2555 1663 χόμενος
2588 1594 2740 1662 ἣξει,
2764 1596 2861 1649 καί
2890 1599 2961 1650 οὐ
2991 1597 3230 1665 χρονιεῖ.

884 1690 935 1743 1.
964 1688 1026 1741 1η
1052 1691 1208 1759 ﬁnem
1242 1691 1578 1746 PSALMUS
1611 1694 1801 1749 David.
1838 1694 1954 1749 XL.

2477 1692 2579 1755 Είς
2611 1690 2674 1741 τὸ
2701 1691 2875 1756 τέλος
2909 1692 3215 1745 ΨΑΛΜΟΣ
3253 1691 3332 1757 τῷ
3363 1694 3562 1747 Δαυΐδ.
3598 1696 3688 1748 Μ’.

1220 1782 1260 1834 Α
1270 1800 1360 1852 rgu
1369 1800 1477 1836 men
1488 1795 1502 1836 ι
1512 1801 1541 1836 ιι
1550 1801 1596 1835 m
1605 1824 1618 1836 .
2230 1850 2265 1855 _
2623 1780 2636 1798 '
2650 1781 2813 1835 Υπόθι

2230 1850 2265 1855 _
2623 1780 2636 1798 '
2650 1781 2956 1846 Υπόθεσις.
2992 1779 3225 1851 (Incerto
3263 1785 3518 1855 auctore.)

645 1867 889 1926 Praesens
943 1873 1185 1944 psalmus
1216 1850 1404 1929 beatos
1455 1879 1712 1945 praedicat
1762 1893 1859 1934 eos
1893 1881 1986 1948 qui
2028 1850 2238 1935 credi-1

2313 1870 2371 1923 Ὀ
2402 1870 2753 1941 προκείμενος
2780 1871 2990 1943 ψαλμὸς
3033 1873 3325 1943 μακαρίζει
3370 1850 3510 1939 τοὺς,
3542 1875 3872 1929 πιστεύσαν-

715 1964 913 2017 derunt
940 1966 992 2018 in
1022 1965 1197 2034 ipsum
1243 1966 1544 2034 Christum,
1576 1970 1666 2039 qui
1718 1987 1849 2025 sane
1883 1974 2004 2027 ﬁdei
2058 1989 2197 2042 prae-

2366 1978 2463 2024 τας
2495 1964 2570 2024 εἰς
2600 1963 2760 2015 αὐτὸν
2792 1962 2882 2015 τὸν
2912 1964 3144 2034 Χριστόν
3170 1980 3182 1993 ·
3221 1965 3317 2018 καὶ
3355 1965 3460 2037 μὴν
3505 1968 3598 2020 καὶ⁵
3631 1966 3872 2037 ἀμοιϐὰς

716 2054 821 2106 mia
856 2055 988 2123 ipsis
1010 2056 1232 2117 tribuit,
1287 2073 1445 2112 suum
1484 2060 1689 2114 scilicet
1719 2061 2003 2115 auxilium.
2036 2061 2200 2116 Indu-

2368 2056 2548 2117 αὐτοῖς
2575 2054 2671 2125 τῆς
2694 2055 2926 2119 πίστεως
2954 2054 3135 2108 δίδωσι
3160 2056 3257 2127 τὴν
3286 2060 3416 2129 παρ’
3444 2058 3609 2111 αὑτοῦ
3639 2060 3868 2112 ἐπικου-

718 2145 859 2199 citur
884 2155 1061 2199 autem
1104 2147 1217 2217 ipsa
1249 2147 1552 2205 Salvatoris
1588 2166 1818 2219 persona
1867 2152 2199 2208 maledicens

2369 2145 2508 2215 ρίαν.
2546 2145 2870 2218 Είσφέρεται
2916 2147 2973 2200 δὲ
3018 2149 3111 2201 καὶ
3158 2148 3291 2203 αὐτὸ
3348 2149 3443 2204 τοῦ
3492 2149 3748 2221 Σωτῆρος
3802 2150 3867 2202 τὸ

720 2234 929 2291 Judaici
957 2241 1139 2309 populi
1189 2241 1543 2310 principibus,
1585 2243 1818 2297 maxime
1851 2253 2030 2298 autem
2080 2259 2201 2299 om-

2370 2234 2678 2306 πρόσωπον,
2707 2236 3002 2305 καταλέγον
3034 2239 3142 2291 τῶν
3184 2256 3243 2291 τε
3294 2240 3570 2311 ἀρνόντων
3594 2240 3689 2294 τοῦ
3730 2242 3833 2294 ’ῐου

714 2331 885 2392 nium,
914 2331 1199 2398 proditori.

2367 2326 2529 2379 δαίων
2554 2325 2682 2379 λαοῦ
2719 2328 2811 2380 καὶ
2839 2328 3004 2381 αὑτοῦ
3036 2328 3129 2381 τοῦ
3156 2330 3414 2400 προδότου
3438 2332 3734 2404 εξαὶρίτως

710 2418 764 2471 2.
799 2418 993 2472 Beatus
1017 2421 1105 2488 qui
1158 2421 1407 2490 intelligit
1445 2440 1600 2492 super
1637 2441 1850 2493 egenum
1888 2435 1938 2479 et
1995 2444 2194 2497 paupe-

2364 2417 2664 2484 Μακάριος
2696 2419 2728 2469 δ
2771 2417 2998 2471 συνιὼν
3026 2419 3123 2471 ἐπὶ
3172 2426 3410 2489 πτωχὸν
3458 2422 3558 2475 καὶ
3612 2422 3866 2492 πένητα.

644 2526 771 2563 rem.
807 2507 1045 2580 Egcnum
1094 2520 1148 2565 et
1182 2528 1475 2583 pauperem
1505 2514 1784 2570 Christum
1824 2527 1999 2581 vocat,
2031 2518 2186 2587 juxta

2297 2508 2515 2577 Πτωχὺν
2546 2508 2639 2560 καὶ
2666 2509 2872 2578 πένητα
2899 2508 2989 2561 τὸν
3035 2509 3268 2581 Χριστὸν
3306 2512 3569 2566 ἀποκαλεῖ
3616 2514 3759 2567 κατὰ
3810 2516 3872 2569 τὸ

644 2600 693 2651 id
744 2600 887 2668 quod
916 2600 1120 2654 dictum
1154 2610 1238 2655 est
1271 2602 1329 2654 ἐ
1377 2602 1529 2656 Dives
1562 2620 1680 2656 cum
1709 2613 1869 2670 esset,
1892 2606 2039 2674 inops
2070 2623 2191 2675 pro-

2296 2598 2578 2668 εἰρημένον
2612 2612 2625 2625 ’
2684 2600 2988 2664 Πλούσιπ
3031 2597 3115 2651 ὢν
3158 2598 3503 2670 ἐπτώχευσε
3553 2602 3627 2657 δι’
3680 2605 3865 2673 ἠμᾶιπ.

639 2700 752 2760 pter
779 2708 872 2745 nos
926 2692 1138 2761 effectus
1167 2702 1264 2749 est.
1299 2692 1554 2749 Moralem
1596 2695 1699 2750 hoc
1732 2696 1853 2751 loco
1883 2697 2187 2751 doctrinam

2307 2688 2528 2757 Ἠθικὴν
2554 2688 2785 2742 ἐνταῦθα
2811 2690 3155 2743 διδασκαλίαν
3216 2693 3313 2761 τῆς
3352 2694 3687 2762 προφητείας
3730 2712 3844 2769 προ

640 2783 897 2852 praemisit
930 2784 1242 2853 prophetiae,
1281 2796 1337 2840 ut
1367 2801 1433 2841 ex
1458 2788 1666 2857 psalmo
1697 2788 1904 2843 utilitas
1936 2791 2193 2859 utrinque

2295 2780 2500 2845 έταξεν,
2528 2781 2806 2851 ὠφελῆσαι
2838 2782 2931 2833 τὸν
2962 2781 3173 2853 ψαλμὸν
3196 2782 3262 2834 τὰ
3298 2782 3357 2846 ἐξ
3384 2784 3643 2854 ἑκατέρου
3677 2784 3868 2854 βουλό-

638 2874 962 2941 proveniret.
1018 2873 1255 2945 Ecquem
1312 2877 1532 2931 beatum
1572 2879 1866 2946 pradicat?
1918 2894 2040 2933 eum
2096 2880 2191 2948 qui

2297 2890 2475 2941 μενος.
2507 2873 2615 2926 Kal
2642 2873 2761 2926 τίνα
2791 2874 3109 2945 μακαρίζεις
3135 2874 3225 2926 τὸν
3246 2874 3338 2927 ἐπὶ
3377 2875 3590 2945 πτωχὸν
3617 2878 3869 2933 συνιέντα

638 2964 886 3033 intelligit
908 2980 1072 3034 super
1102 2982 1331 3034 egenum
1354 2976 1407 3020 et
1433 2982 1744 3037 pauperem.
1794 2968 2043 3023 videlicet
2066 2984 2189 3023 eum

2295 2964 2388 3016 καὶ
2419 2964 2653 3032 πένητα·
2689 2963 2933 3017 τουτέστι
2962 2964 3054 3017 τὸν
3084 2964 3326 3031 νοοῦντα,
3362 2966 3445 3018 ὅτι
3472 2965 3665 3019 τούτου
3702 2969 3869 3039 χάριν

636 3055 731 3122 qui
766 3056 968 3123 cogitat
989 3058 1154 3124 quod,
1181 3057 1341 3125 hujus
1374 3059 1545 3129 gratia
1580 3059 1854 3127 Christus,
1880 3061 2030 3115 dives
2066 3077 2189 3115 cum

2293 3054 2321 3104 ὁ
2349 3052 2579 3123 Χριστὸς
2632 3053 2882 3116 πλούσιος
2929 3054 3004 3105 ὣν
3058 3054 3391 3124 ὲπτώχευσε,
3430 3056 3517 3110 ἵνα
3562 3058 3657 3110 καὶ
3704 3061 3870 3130 ἡμεῖς

636 3156 802 3211 esset,
839 3164 1040 3217 pauper
1070 3149 1293 3204 etl'ectus
1336 3160 1439 3215 est,
1472 3160 1529 3206 ut
1584 3167 1683 3207 nos
1716 3168 1937 3223 quoque
1984 3169 2174 3224 paupe-
2217 3205 2229 3224 Α

2293 3146 2417 3207 τοὺς
2447 3144 2691 3214 πτωχοὺς
2721 3143 2795 3206 ὼς
2839 3144 3100 3212 ἀδελφοὺς
3144 3145 3237 3197 τοῦ
3284 3148 3555 3218 ἡμετέρου
3592 3152 3850 3222 Δημιουρ

638 3253 758 3291 rum
793 3246 972 3306 utpote
1002 3238 1230 3293 fratrum
1256 3238 1529 3295 Creatoris
1570 3254 1622 3297 et
1647 3242 1847 3311 judicis
1872 3245 2042 3297 nostri
2084 3247 2190 3299 mi-
2216 3233 2231 3257 ¹

2292 3234 2389 3304 γοῦ
2414 3236 2505 3288 καὶ
2544 3233 2728 3306 κριτοῦ
2758 3233 3085 3304 ἐλεήσωμεν.
3122 3234 3230 3286 Καὶ
3273 3235 3325 3287 τί
3359 3237 3457 3307 τῆς
3495 3238 3869 3310 φιλοπτωχίας

634 3343 963 3383 sereremur.
1007 3327 1229 3398 Ecquod
1256 3330 1461 3383 amoris
1488 3345 1612 3399 erga
1638 3346 1905 3401 pauperes
1933 3333 2141 3388 lucrum
2168 3337 2190 3389 τ

2291 3324 2350 3378 τὸ
2388 3326 2614 3397 κέρδος;
2662 3327 2763 3379 Ἑν
2808 3324 2997 3393 ἡμέρᾳ
3037 3323 3267 3393 πονηρᾷ
3305 3328 3556 3395 ῥύσεται
3600 3332 3791 3383 αὑτὸν
3838 3334 3871 3384 ό

637 3418 702 3471 In
726 3417 812 3473 die
842 3419 985 3471 mala
1027 3420 1274 3473 liberabit
1308 3437 1426 3473 eunt
1466 3420 1745 3476 Dominus.
1780 3422 2063 3492 Signillcat
2091 3441 2189 3479 au-

2292 3418 2525 3485 Κύριος.
2563 3418 2721 3487 Δηλοῖ
2738 3417 2795 3469 δὲ
2819 3417 2916 3487 τὴν
2943 3416 3043 3486 τῆς
3066 3417 3297 3487 κρίσεως
3326 3418 3517 3482 ὀδύνας
3543 3423 3656 3483 τοῖς
3682 3422 3870 3493 ἁμαρ-

637 3520 742 3564 tem
771 3510 962 3579 judicii
994 3510 1159 3573 diem,
1205 3527 1326 3581 quae
1371 3512 1588 3568 dolores
1630 3515 2005 3583 peccatoribus
2028 3524 2191 3585 atque

2291 3511 2477 3571 ⁶τωλοίς
2512 3511 2605 3561 καὶ
2633 3509 2825 3573 πόνους
2860 3508 3244 3580 ἐπιφέρουσαν.
3300 3508 3551 3562 Ῥύσεται
3588 3509 3703 3578 φῶς
3721 3513 3872 3576 ,τοὺς

634 3604 847 3658 labores
904 3602 1116 3658 inferet.
1170 3603 1445 3658 Liberabit
1474 3604 1755 3667 Dominus,
1816 3606 1908 3675 qui
1945 3607 2036 3661 lux
2075 3620 2179 3672 est,

2292 3598 2660 3669 φιλοπτὼχους
2690 3603 2717 3653 ὁ
2749 3600 2970 3671 Κύριος.
3002 3601 3279 3671 Χρεωστεῖ
3305 3600 3413 3672 γὰρ
3446 3601 3629 3665 αὐτοῖς
3674 3602 3870 3671 φιλαν-

637 3689 936 3761 pauperum
974 3703 1238 3747 amantes.
1279 3693 1412 3747 Nam
1434 3694 1647 3748 debitor
1668 3695 1776 3749 illis
1821 3707 1903 3750 est
1935 3698 2189 3751 humani-

2293 3689 2559 3761 θρωπίαν,
2586 3690 2661 3753 ὡς
2692 3691 2851 3754 αὐτὸς
2880 3690 2976 3762 τὴν
3001 3690 3373 3761 ἐλεημοσύνην
3403 3693 3533 3764 παρ’
3565 3693 3749 3757 αὐτοῖς
3783 3695 3874 3748 δας

636 3784 765 3838 t'atis
788 3795 949 3854 atque
982 3784 1379 3854 ollicii,quippe
1417 3800 1542 3839 cum
1572 3787 1639 3841 ab
1668 3787 1773 3843 illis
1790 3788 2187 3860 eleemosynam

2290 3781 2607 3851 νεισάμενος
2632 3797 2643 3809 ·
2680 3782 2774 3834 καὶ
2824 3781 2912 3833 διὰ
2971 3782 3068 3852 μὲν
3119 3780 3211 3835 τοῦ
3268 3783 3613 3852 Σολομῶντος
3652 3788 3827 3841 εἰπών
3857 3805 3870 3818 ’

634 3875 704 3929 sit
729 3884 1038 3941 mutuatus;
1065 3890 1188 3928 nam
1220 3891 1313 3945 per
1353 3875 1695 3932 Salomonem
1742 3878 1908 3933 dixit:
1948 3878 2050 3944 Qui
2078 3880 2181 3931 mi-

2303 3872 2367 3924 '0
2387 3869 2572 3925 ἐλεῶν
2598 3870 2834 3937 πτωχὸν
2856 3869 3103 3930 δανείζει
3144 3872 3318 3923 Θεόνο
3370 3873 3549 3944 οἰκείᾳ
3584 3873 3643 3926 δὲ
3693 3875 3872 3942 γλώτ-

633 3976 831 4021 serctur
848 3968 1090 4035 pauperis
1127 3968 1410 4033 [teneretur
1436 3968 1543 4022 Deo
1572 3970 1627 4036 δς
1660 3979 1713 4024 et
1734 3980 1925 4041 suopte
1959 3988 2087 4026 ore:
2123 3971 2190 4025 In

2290 3979 2358 4037 τῃ
2382 3979 2395 3993 ο
2455 3964 2561 4032 Ἐερ
2592 3961 2745 4015 ὅσον
2799 3961 3120 4028 ἐποιήσατε
3158 3962 3247 4015 ἐνὶ
3282 3962 3508 4016 τούτων
3560 3962 3678 4017 τῶν
3728 3966 3875 4021 ἐνια-

632 4068 882 4128 quuntum
919 4058 1091 4125 feciisti
1120 4060 1210 4111 uni
1262 4075 1326 4112 ea:
1377 4060 1456 4111 Itis
1490 4062 1722 4114 minimis
1771 4065 1920 4124 meis,
1963 4065 2089 4117 mihi
2114 4065 2190 4131 fe-

2292 4057 2535 4124 χίστων,
2567 4055 2696 4124 ἐμοὶ
2727 4054 3069 4121 ἐποιήσατε.
3115 4054 3218 4106 Ἐν
3261 4054 3453 4123 ἡμέρᾳ
3486 4053 3723 4124 πονηρᾷ
3758 4060 3871 4126 ρύ-

633 4148 751 4201 cisti
780 4149 821 4201 ⁸.
871 4145 936 4200 In
967 4150 1049 4201 die
1077 4149 1216 4201 mala
1262 4150 1505 4203 liberabit
1534 4168 1651 4205 eum
1712 4152 1992 4208 Dominus.
2041 4153 2187 4207 Diem

2289 4162 2459 4199 σεται
2489 4145 2677 4199 αὐτὸν
2704 4148 2736 4199 ό
2768 4148 2999 4214 Κύριος.
3039 4145 3279 4217 Ἦμέραν
3324 4146 3569 4219 πονηρὰν
3612 4147 3713 4219 τὴν
3759 4148 3872 4204 τῶν

636 4237 855 4306 malam,
901 4239 1256 4292 tentationum
1281 4238 1546 4309 impetum
1579 4240 1711 4295 dicit
1738 4250 1793 4295 et
1844 4241 2186 4297 inimicorum

2292 4236 2612 4307 πειρασμῶν
2674 4236 2917 4289 ὲπίθεσίν
2973 4252 3105 4305 φησι
3167 4238 3259 4289 κα)⁵
3328 4238 3428 4301 τὰς
3472 4238 3681 4303 διώξεις
3760 4241 3874 4294 τῶν

636 4330 971 4385 vexationes.
1002 4330 1302 4385 Adumbrat
1329 4341 1538 4395 autem,
1568 4334 1783 4401 opinor,
1812 4331 2001 4400 judicii
2022 4333 2187 4399 diem,

2291 4328 2521 4399 ἐχθρῶν.
2557 4328 2857 4382 Δίνίττεται
2890 4328 2965 4391 δὲ,
2998 4324 3175 4399 οῐμαι,
3228 4328 3321 4382 καὶ
3350 4328 3449 4398 τὴν
3494 4330 3595 4398 τῆς
3630 4331 3872 4402 κρίσεως

640 4421 932 4474 terribilem
962 4436 1112 4487 sane,
1169 4422 1651 4492 improborumque
1712 4424 1982 4478 ultricem.
2025 4422 2189 4479 Polli-

2291 4420 2509 4489 ἡμέραν
2558 4417 2795 4489 φοϐερὰν
2830 4414 3014 4483 οὖσαν,
3048 4419 3141 4471 καὶ
3172 4417 3281 4470 τῶν
3319 4419 3646 4491 παρανόμων
3680 4439 3869 4478 κακω-

633 4517 787 4561 cetur
827 4517 1003 4562 autem
1032 4523 1220 4576 puram
1246 4510 1390 4565 illius
1422 4513 1759 4580 paupertatis
1796 4513 2185 4583 cognitionem,
2220 4551 2226 4605 1

2294 4509 2473 4578 τικήν.
2513 4507 2877 4576 ’Υπισχνεϊται
2903 4510 3000 4578 τὴν
3039 4507 3306 4579 είλικρινῆ
3341 4507 3541 4576 γνῶσιν
3574 4510 3673 4579 τῆς
3720 4528 3870 4564 πτω-

633 4600 909 4655 horribilis
940 4600 1084 4655 illius
1109 4600 1212 4655 dici
1234 4602 1390 4657 malis
1421 4606 1595 4673 ipsum
1623 4604 1994 4659 liberaturum.
2222 4598 2226 4605 ’

2294 4599 2443 4668 χείας
2475 4599 2716 4667 ἐκείνης’
2750 4598 2857 4651 τῶν
2886 4598 2984 4667 τῆς
3015 4598 3253 4667 φοϐερᾶς
3276 4598 3436 4651 αὐτὸν
3463 4598 3674 4672 ἡμέρας
3695 4600 3870 4655 ἀπαλ-

2292 4691 2449 4755 λάξαι
2484 4689 2686 4743 κακῶν.

706 4773 925 4847 [Beatus
957 4776 1038 4829 vir
1083 4775 1189 4840 ille,
1228 4777 1317 4845 qui
1366 4776 1432 4829 de
1466 4777 1794 4846 pauperibus
1839 4780 1914 4834 uti
1950 4795 2184 4836 consen-

2364 4779 2691 4851 [Μακάριος
2739 4780 2766 4831 ὀ
2817 4778 2956 4849 ἀνὴρ
3011 4779 3216 4843 ἐκεῖνος
3246 4780 3275 4831 ὁ
3322 4780 3517 4833 ἐννοῶν
3549 4778 3585 4833 ἃ
3615 4781 3866 4853 προσῆκε

635 4875 847 4919 laneum
874 4878 955 4921 est
982 4867 1211 4936 cogitat;
1239 4881 1302 4920 ac
1326 4868 1371 4920 si
1389 4866 1611 4933 diceret,
1631 4867 1730 4935 Qui
1768 4871 2064 4941 intelligere
2087 4889 2183 4927 va-

2293 4874 2420 4943 περὶ
2469 4871 2576 4923 τῶν
2612 4872 2874 4942 πενήτων,
2922 4870 3045 4924 ἀντὶ
3076 4870 3207 4926 τοῦ·
3252 4872 3311 4924 '0
3347 4871 3584 4924 συνιέναι
3634 4873 3869 4945 δυνάμε-

632 4962 703 5014 let
738 4960 996 5029 inapiam,
1022 4975 1186 5029 quam
1207 4960 1373 5013 nostri
1400 4975 1564 5016 causa
1582 4964 1822 5033 suscepit
1877 4962 2178 5036 Christus.]

2293 4979 2381 5024 νος
2419 4961 2517 5031 τὴν
2551 4962 2845 5041 πτωχείαν,
2893 4960 2959 5029 ἢν
3009 4962 3075 5014 δι’
3123 4963 3269 5033 ἡμᾶς
3315 4962 3603 5034 ἀνείληφεν
3646 4966 3675 5016 ὀ
3727 4966 3867 5038 Χρι-

2294 5052 2433 5114 στός.
2454 5051 2472 5123 ]

702 5138 753 5193 3.
784 5138 1036 5191 Dominus
1093 5148 1349 5193 conservet
1400 5155 1544 5205 eum,
1594 5150 1643 5193 et
1692 5141 1911 5209 vivi/iret
1966 5158 2108 5204 eum,
2137 5155 2185 5196 et

2361 5144 2569 5211 Κύριος
2597 5142 2959 5221 διαφυλάξαι
2987 5145 3173 5199 αὐτὸν
3198 5146 3298 5200 καί
3330 5144 3500 5212 ζήσαι
3528 5147 3740 5209 αὑτὸν,
3765 5148 3866 5199 καί

634 5226 839 5279 beatum
866 5230 1029 5297 faciat
1070 5246 1188 5283 eum
1220 5232 1273 5282 in
1320 5240 1480 5294 terra,
1530 5241 1577 5283 et
1618 5248 1717 5284 non
1746 5232 1925 5286 tradat
1980 5250 2097 5286 eum
2130 5235 2183 5287 in

2287 5236 2611 5304 μακαρίσαι
2646 5234 2834 5288 αὑτὸν
2862 5236 2930 5287 ὲν
2961 5234 3036 5303 τῇ
3083 5234 3178 5305 γῆ,
3225 5236 3320 5290 καὶ
3347 5236 3432 5305 μὴ
3465 5234 3710 5306 παραδῷ
3745 5240 3863 5297 ,αὐο

634 5321 865 5372 animam
890 5322 1219 5375 inimicorum
1244 5322 1378 5389 ejus.
1412 5322 1762 5377 lnimicorum
1798 5324 2173 5393 spiritualiqu

2291 5325 2397 5379 τὸν
2432 5329 2518 5391 είς
2545 5326 2745 5395 χεῖρας
2770 5325 2997 5396 ἐχθρῶν
3041 5327 3248 5383 αὑτοῦ.
3292 5328 3531 5400 Ἐχθρῶν
3577 5327 3688 5381 τῶν
3738 5346 3865 5399 νοη-

635 5412 896 5465 videlicet.

2290 5417 2397 5469 τῶν
2423 5417 2680 5487 δηλονότι.

702 5500 755 5553 4.
791 5500 1097 5555 Universum
1120 5513 1347 5555 stratum
1378 5502 1489 5571 ejus
1534 5506 1754 5559 versasti
1780 5506 1834 5560 in
1871 5508 2186 5577 inﬁrmitate

2360 5507 2549 5575 Ὅλην
2577 5507 2689 5573 τὴν
2717 5511 2925 5577 κοίτην
2952 5511 3137 5566 αὑτοῦ
3184 5511 3485 5580 ἕστρεψας
3523 5511 3595 5567 ἐν
3640 5510 3718 5581 τῇ
3751 5513 3858 5580 a15-

704 5654 723 5683 ’
753 5650 948 5707 Hebae.
986 5654 1141 5719 u,-3.
1237 5657 1255 5687 ³
1292 5656 1330 5709 ll
1362 5659 1489 5713 (lor.
1514 5676 1631 5725 vm,
1660 5660 1712 5714 9.
1800 5661 1821 5692 ⁸
1852 5661 2011 5717 Prov.
2049 5682 2159 5733 xxx,
2186 5669 2272 5723 l7.
2351 5671 2371 5699 '
2416 5668 2604 5722 Matth.
2637 5685 2763 5735 xxv,
2800 5670 2886 5725 40.

708 5812 818 5882 (12)
859 5813 1008 5882 Apud
1031 5817 1211 5872 solum
1245 5816 1447 5871 Daniel.
1482 5818 1775 5876 Barbarum
1813 5822 2028 5877 nomine
2059 5822 2337 5878 Athanasii
2380 5824 2624 5878 habetur.
