4034 6448
182 396 285 453 197

1285 389 1671 445 εχροειτιο
1714 389 1776 442 lN
1820 389 2142 445 PSALMUM
2184 391 2293 446 XL.

3306 397 3405 452 198

175 516 401 586 ρωστίᾳ
434 514 639 568 αὐτοῦ.
686 513 828 584 Πρὸς
874 511 942 564 τὰ
996 510 1203 579 ἀμείνω
1268 508 1740 579 μετενεχθήσεται,

1852 510 1974 577 ejus.
2015 509 2096 562 Ad
2148 510 2392 572 meliora,
2451 510 2547 572 ait,
2577 509 2965 575 transferetur,
3014 519 3066 564 et
3113 520 3408 565 revertetur

183 605 335 675 φησι.
364 604 452 657 καὶ
484 601 785 673 μεταϐολὴν
814 600 922 665 ἔξει
943 600 1077 670 πρὸς
1103 600 1422 670 εὐρωστίαν.
1452 598 1609 661 Ἐθος
1636 597 1741 668 γὰρ

180 702 243 769 τῇ
277 697 398 767 θεία
427 696 616 766 Γραφῇ
661 694 759 763 τὴν
788 692 1023 762 στροφὴν
1052 692 1170 743 ἀντὶ
1202 690 1299 760 τῆς
1330 688 1741 759 μεταϐολῆςτι-

180 788 351 849 θέναι,
385 786 459 849 ὡς
493 786 553 838 τό
570 802 585 814 ·
619 785 961 851 Ἕστρεψίις
986 780 1092 835 τόν
1114 781 1368 835 κοπετόν
1386 797 1504 849 μου
1529 782 1614 844 εὶς
1638 797 1742 849 χα-

172 882 289 947 ρὰν
320 879 468 947 ἐμοί.
1618 852 1619 855 “

260 970 410 1039 Ἐγὼ
431 965 599 1021 εἶπα·
636 967 833 1033 Κύριε,
865 964 1123 1029 ἐλέησόν
1156 980 1252 1032 με,
1295 964 1457 1016 ιασαι
1483 961 1598 1028 τὴν
1623 964 1739 1028 ψυν

180 1060 297 1129 χήν
321 1076 458 1128 μου.
489 1060 597 1111 Καὶ
627 1058 766 1126 ὑπὲρ
788 1058 884 1125 τῆς
922 1056 1056 1118 ἰδίας
1082 1054 1354 1127 ἁμαρτίας
1401 1056 1429 1107 ό
1468 1052 1629 1106 Δαυῖδ
1657 1051 1744 1104 εῦ-

177 1167 355 1221 χεται,
389 1150 483 1202 ἇτε
530 1147 594 1218 δὴ
650 1150 706 1201 ἐν
755 1146 932 1216 ἐαυτῷ
964 1145 1118 1208 εἰδὼς
1164 1145 1257 1198 ἕνα
1301 1143 1408 1197 τῶν
1458 1142 1745 1205 συνιέντων

178 1241 272 1293 ἐπὶ
299 1239 510 1309 πτωχὸν
545 1239 638 1291 καὶ
671 1238 895 1306 πένητα.
930 1236 1098 1289 Πάλιν
1123 1235 1221 1298 τὰς
1245 1232 1550 1305 ἀνθρώπων
1573 1235 1746 1302 ἁμαρ-

178 1332 298 1395 τίας
326 1331 459 1393 ἰδίας
482 1332 510 1382 ὁ
539 1330 678 1401 ὑπὲρ
717 1327 1018 1398 ἀνθρώπων
1060 1327 1284 1397 πάσχων
1315 1326 1483 1393 λέγει,
1516 1325 1609 1378 καὶ
1654 1324 1743 1376 τὸν

178 1426 273 1477 ἐπὶ
299 1422 522 1485 ταύταις
552 1421 699 1474 ἔλεον
737 1422 814 1483 εἰς
837 1422 982 1490 ἡμᾶς
1018 1419 1100 1488 ἐφ’
1131 1417 1322 1472 ἑαυτοῦ
1345 1419 1516 1488 ζητεῖ,
1548 1416 1605 1478 ὃς
1630 1415 1744 1468 λύει

178 1518 278 1587 τὴν
310 1513 419 1567 τῶν
447 1510 782 1581 ἀγνοούντων
811 1512 895 1564 ἐπ’
922 1509 1070 1579 αύτῷ
1094 1508 1515 1579 καταφρόνησιν,
1548 1504 1743 1573 ἐκφαί-

180 1624 285 1659 νων
313 1608 412 1675 τὴν
441 1606 597 1671 δόξαν
619 1622 632 1634 ·
669 1603 755 1656 ἐπ’
780 1602 943 1656 αὑτοῦ
978 1602 1075 1674 μὲν
1100 1601 1239 1656 κατὰ
1282 1601 1378 1672 τὴν
1426 1599 1558 1653 ἰδίαν
1579 1598 1746 1673 ,δύνα-

182 1717 296 1769 μιν,
320 1701 407 1767 ἐφ’
433 1697 590 1767 ἡμῶν
619 1696 675 1749 δὲ
704 1696 843 1749 κατὰ
872 1694 968 1765 τὴν
1001 1693 1234 1765 Χριστοῦ
1265 1694 1443 1763 χάριν.

254 1793 319 1843 Ol
350 1768 552 1859 ἐχθροί
592 1806 713 1858 μου
768 1783 939 1840 εἷπον
985 1785 1141 1839 κακά
1182 1802 1304 1855 μοι.
1366 1783 1641 1838 Ἐντεῦθεν
1684 1783 1744 1838 τὺ

181 1856 473 1953 πρόσωπον
507 1856 813 1950 εἰσφέρεται
860 1876 922 1929 τὸ
970 1875 1062 1928 τοῦ
1107 1874 1339 1947 Χριστοῦ
1361 1916 1374 1939 ,
1404 1873 1748 1945 διηγούμενον
1777 1856 1820 1911 Β

176 1974 248 2028 τὰ
281 1972 434 2043 παρᾶ
484 1970 590 2024 τῶν
649 1967 916 2022 Ἰουδαίων
966 1967 1113 2037 αὐτῷ
1168 1966 1523 2036 γεγενημένα.
1573 1964 1749 2036 Μέχρι

184 2064 283 2133 μὲν
314 2061 409 2116 τοῦ
444 2060 711 2131 παρόντος
747 2059 927 2127 στίχου
962 2057 1089 2127 περί
1131 2057 1309 2126 πάσης
1335 2057 1432 2126 τῆς
1459 2054 1750 2124 καθολικῆς

194 2154 521 2224 Ἐκκλησίας
555 2151 831 2223 εἰρηκέναι
865 2149 955 2201 τὸν
982 2149 1263 2220 προφήτην
1287 2146 1641 2217 ὑποληπτέον,
1676 2136 1763 2207 ὦζν

180 2251 400 2319 ἑκάστῳ
433 2246 541 2300 τῶν
577 2245 874 2298 σπουδαίων
910 2243 1199 2315 ἁρμόττειν
1238 2240 1436 2311 μᾶλλον
1464 2241 1496 2310 ἢ
1526 2239 1603 2309 τῷ
1639 2240 1749 2293 Κυ-

185 2339 363 2411 ριακῴ
391 2337 682 2409 ἀνθρώπῳ.
714 2336 787 2389 Οὐ
820 2333 947 2405 γὰρ,
978 2335 1051 2396 ὦς
1077 2349 1223 2394 τινες
1250 2330 1601 2399 ὑπειλήφασι,
1624 2329 1752 2398 περὶ

183 2431 349 2489 αὑτοῦ
384 2433 480 2485 καὶ⁵
505 2431 663 2501 μόνου
691 2429 889 2498 φάσκει
914 2426 982 2479 τὰ
1004 2423 1269 2496 εἰρημένα
1294 2436 1308 2451 ·
1343 2423 1403 2475 οὐ
1437 2422 1545 2493 γὰρ
1584 2420 1750 2490 ἔφησε

188 2527 324 2597 μετὰ
381 2524 473 2578 τοῦ
533 2522 767 2593 ἄρθρουο
802 2518 1103 2585 Μακάριος
1137 2520 1169 2571 ό
1221 2514 1451 2570 συνιὼν
1498 2512 1598 2567 ἐπὶ
1648 2512 1754 2566 τόν

186 2618 429 2687 πτωχὸν
458 2616 554 2669 καὶ
591 2614 840 2681 πένητα.
878 2610 1047 2663 Τοῦτο
1071 2610 1127 2662 δὲ
1158 2608 1324 2679 χωρὶς
1370 2606 1571 2677 ἄρθρου
1598 2604 1752 2673 λεγό-

189 2727 349 2781 μενον
382 2709 475 2761 τὸν
502 2706 623 2760 τινὰ
657 2704 909 2775 σημαίνει
955 2702 1049 2755 καὶ
1080 2700 1321 2772 μερικόν.
1358 2698 1513 2752 Μετὰ
1538 2698 1593 2751 δὲ
1625 2697 1755 2750 ταῦ-

185 2821 252 2856 τα
286 2802 529 2874 μέτεισιν
569 2799 676 2853 ἀπὸ
713 2796 821 2851 τῶν
850 2794 1022 2851 ἄλλων
1059 2793 1158 2863 τῆς
1199 2791 1523 2863 Ἐκκλησίας
1580 2789 1753 2861 μελῶν

186 2896 273 2950 ἐπ’
315 2896 479 2949 αὑτὸν
534 2893 736 2945 ἐκεῖνον
791 2888 881 2941 τὸν
940 2886 1145 2957 Κύριον
1202 2883 1446 2953 δηλονότι
1480 2881 1751 2952 Χριστὸν,

186 2990 333 3049 ὅστις
378 2986 443 3056 δὴ
491 2984 583 3037 καί
628 2997 823 3053 φησιν·
864 2981 927 3031 Ol
970 2976 1170 3046 ἐχθροί
1207 2991 1347 3044 μου,
1378 2974 1470 3026 καὶ
1505 2972 1572 3025 τὰ
1607 2972 1752 3042 ἑξῆς.

188 3082 337 3134 Πότε
364 3074 743 3131 ἀποθανεῖται
773 3071 869 3126 καί
896 3069 1203 3125 ἀπολεῖται
1231 3068 1296 3121 τὸ
1326 3066 1511 3135 ὄνομα
1545 3064 1753 3127 aurci);

187 3168 369 3241 Βαρύς
398 3170 546 3220 ἑστιν
583 3168 714 3237 ἡμῖν
740 3163 833 3217 καὶ
868 3162 1194 3233 βλεπόμενος
1222 3158 1349 3230 γάρ.

258 3261 369 3315 Kal
409 3261 461 3313 εἰ
504 3256 917 3323 εἰσεπορεύετο
946 3253 1051 3307 τοῦ
1095 3251 1262 3315 ἰδεῖν,
1299 3249 1497 3319 μάτην
1528 3246 1751 3302 ἐλάλει.

188 3352 375 3407 Ταῦτα
404 3350 531 3419 περὶ
568 3347 660 3401 τοῦ
706 3347 872 3399 Ἰούδα
910 3346 1091 3415 φησιν.
1139 3346 1205 3397 ὐ
1246 3343 1303 3396 δὲ
1330 3342 1476 3410 λέγει
1520 3340 1756 3394 τοιοῦτόν

188 3448 358 3497 ἐστιν·
403 3439 680 3511 Ἐσχηκὼς
724 3438 926 3491 εἴσοδον
976 3437 1109 3506 πρός
1145 3453 1234 3505 με,
1274 3434 1361 3487 διὰ
1401 3435 1461 3487 τὸ
1500 3433 1756 3502 τετάχθαι

190 3538 249 3589 ὲν
292 3533 580 3606 μαθηταῖς,
612 3530 906 3599 δίγλωσσος
939 3528 1029 3581 καὶ
1071 3526 1477 3597 πολυπράγμων
1504 3519 1569 3595 ἦν
1590 3540 1604 3555 ·
1634 3523 1757 3576 ἐλά-

188 3628 272 3680 λει
297 3626 408 3695 γὰρ
445 3626 642 3694 μάτην,
678 3620 955 3675 τουτέστιν
984 3620 1083 3673 οὐκ
1111 3618 1313 3689 ἀληθὴς
1339 3612 1424 3687 ἣν.
1464 3615 1523 3669 Ἠ
1548 3613 1758 3683 καρδία

188 3716 379 3771 αὐτοῦ
432 3712 776 3781 συνήγαγεν
823 3713 1080 3780 ἀνομίαν
1140 3707 1348 3774 ἐαυτῷ.
1420 3705 1755 3777 Ἑκεκρίκει,

192 3808 350 3879 φησὶ,
386 3802 717 3875 παραδοῦναι
742 3804 855 3866 τοῖς
880 3798 1162 3869 φθονοῦσιν
1186 3800 1303 3869 ἐμέ.
1344 3796 1759 3863 Ἐεεπορεύετο

189 3901 331 3964 ἔξω,
377 3900 476 3952 καί
504 3896 705 3951 ἐλάλει
739 3895 837 3948 ἐπὶ
879 3894 942 3946 τὸ
975 3892 1122 3945 αὑτό
1143 3906 1157 3920 ·
1205 3890 1287 3957 τὸ,
1329 3889 1389 3943 Τί
1418 3885 1621 3941 θέλετέ
1658 3903 1759 3956 μοι

190 3991 427 4049 δοῦναι,
461 3986 620 4055 κάγὼ
644 3986 788 4054 ὑμῖν
816 3980 1145 4050 παραδώσω
1166 3980 1387 4041 αὑτόν;

268 4083 405 4137 Κατ’
433 4078 577 4149 ἐμοῦ
605 4073 944 4146 ἐψιθύριζον
968 4072 1189 4137 πάντες
1207 4074 1259 4123 οί
1291 4069 1491 4138 ἐχθροί
1508 4087 1646 4138 μου.
1682 4067 1762 4121 Τὰ

197 4175 319 4230 κατ’
348 4171 513 4226 αὐτοῦ
542 4169 649 4222 τῶν
691 4167 956 4221 Ἰουδαίων
991 4163 1317 4233 σκώμματα,
1371 4162 1470 4223 τὰς
1516 4163 1633 4214 κατ’
1662 4160 1760 4213 αὑ-

192 4268 291 4323 τοῦ
322 4264 433 4319 τῶν
468 4261 732 4316 Ἰουδαίων
765 4256 1033 4319 συσκευὰς
1066 4253 1342 4325 σημαίνει,
1372 4252 1464 4305 καὶ
1499 4251 1567 4304 τὰ
1610 4250 1763 4320 λελη-

198 4362 333 4414 θότα
365 4357 677 4427 σκέμματα,
707 4352 831 4413 τοὺς
875 4349 1149 4419 ἀρχιερεῖς
1179 4347 1303 4408 τοὺς
1343 4340 1764 4415 συμφωνοῦντας

1850 602 1915 654 ad
1946 603 2249 655 sanitatem.
2290 600 2403 654 Mos
2441 601 2584 654 enim
2626 601 2821 654 divinae
2851 599 3147 669 Scriptum
3194 602 3405 655 versio-

1852 708 1974 746 nem
2034 708 2135 762 pro
2184 694 2484 747 mutatione
2534 707 2754 762 ponere.
2790 703 2848 745 ut
2888 694 3052 747 illud:
3088 693 3406 747 Convertisti

1848 781 2113 851 planctum
2142 799 2308 835 meum
2332 783 2383 834 in
2410 783 2661 851 gaudium
2692 782 2823 833 mihi
2856 782 2875 809 ⁶

1920 965 1973 1018 5.
2005 963 2113 1033 Ego
2140 963 2288 1015 dixi:
2323 960 2560 1022 Domine,
2595 961 2835 1013 miserere
2858 960 2979 1021 mei,
3015 975 3143 1012 sana
3172 962 3406 1012 animam

1850 1064 2148 1116 meam,ctc.
2184 1052 2247 1107 Et
2277 1068 2376 1122 pro
2409 1061 2632 1122 peccato
2674 1066 2774 1105 suo
2828 1050 2996 1103 David
3029 1060 3168 1111 orat,
3221 1058 3407 1118 utpote

1849 1145 1942 1215 qui
1992 1145 2044 1196 in
2077 1143 2259 1212 seipso
2316 1158 2484 1195 unum
2517 1141 2818 1209 conspiciat
2868 1157 2930 1193 ex
2968 1140 3034 1193 iis
3085 1140 3176 1208 qui
3208 1139 3405 1192 intelli—

1850 1246 2163 1308 guntsnper
2185 1249 2414 1304 egenum
2448 1240 2502 1285 et
2525 1247 2813 1302 pauperem
2847 1230 3001 1298 (ἰῖ’).
3037 1230 3273 1285 Rursum
3312 1231 3409 1284 lio-

1850 1330 2055 1383 minum
2121 1334 2338 1395 peccata
2389 1325 2483 1394 qui
2563 1339 2658 1393 pro
2692 1324 3008 1377 hominibus
3061 1338 3258 1391 passus
3314 1330 3399 1376 est

1849 1436 1947 1475 sua
1981 1434 2099 1473 esse
2125 1417 2280 1480 dicit,
2305 1426 2359 1472 et
2385 1431 2483 1486 pro
2514 1416 2600 1471 bis
2629 1414 3064 1469 misericordiam
3100 1428 3200 1483 pro
3239 1413 3397 1466 nobis

1851 1514 1904 1568 in
1930 1526 2049 1566 sese
2082 1510 2340 1579 postulat,
2370 1524 2435 1563 ae
2478 1508 2844 1578 ignorantium
2898 1514 3268 1574 contemptum
3300 1503 3407 1558 sol-

1849 1603 1947 1667 vit,
1984 1618 2137 1656 suam
2170 1599 2719 1670 exbibenssgloriam;
2760 1599 2814 1651 in
2839 1612 2897 1652 se
2920 1596 3137 1665 quidem
3167 1610 3261 1664 per
3285 1609 3410 1663 pro-

1849 1698 2022 1769 priam
2051 1697 2301 1750 virtutem
2320 1734 2337 1759 ,
2370 1694 2423 1747 in
2466 1692 2624 1746 nobis
2655 1705 2785 1744 vero
2813 1705 2909 1759 per
2935 1688 3161 1758 gratiam
3182 1685 3404 1740 Christi.

1921 1789 1973 1843 6.
2004 1786 2217 1841 Inimici
2242 1787 2341 1838 mei
2371 1783 2616 1839 dixerunt
2647 1781 2787 1833 mala
2816 1781 2967 1832 milii.
3003 1779 3143 1832 lline
3175 1790 3405 1847 persona

1849 1879 2124 1934 inducitur
2151 1876 2375 1939 Christi,
2411 1889 2642 1927 narrans
2668 1887 2788 1942 qure
2831 1870 2931 1931 sibi
2966 1886 2995 1923 a
3027 1868 3234 1923 Iudaeis
3262 1869 3407 1921 illata

1848 1971 1956 2026 sint
2008 1970 2171 2023 mala.
2233 1965 2415 2036 Usque
2475 1966 2541 2019 ad
2601 1971 2920 2033 praesentem
2953 1976 3195 2022 versum,
3257 1958 3403 2011 aesti-

1848 2060 2107 2115 mandum
2156 2059 2223 2113 de
2273 2067 2385 2113 tota
2442 2056 2687 2111 Ecclesia
2763 2052 3027 2108 catholica
3101 2063 3407 2104 sermonem

1850 2153 2104 2208 habuisse
2138 2150 2488 2219 PrOphetam,
2527 2150 2598 2201 ita
2635 2156 2692 2201 ut
2724 2146 3017 2217 proborum
3063 2144 3283 2198 cuilibet
3316 2154 3411 2209 pe-

1852 2248 1959 2301 tius
2002 2244 2285 2300 conveniat
2330 2259 2495 2313 quam
2546 2240 2831 2296 Dominico
2866 2236 3072 2291 homini
3102 2236 3238 2305 (l5).
3289 2232 3408 2286 Non

1850 2336 2015 2399 enim,
2049 2342 2107 2387 ut
2147 2334 2505 2397 arbitrantur,
2532 2332 2599 2385 de
2644 2331 2763 2400 ipso
2812 2329 2928 2384 solo
2974 2327 3224 2396 superius
3258 2324 3411 2377 locu-

1852 2436 1939 2481 tus
1971 2436 2092 2480 est:
2134 2439 2309 2494 neque
2330 2424 2476 2478 enim
2508 2438 2633 2477 cum
2671 2421 2907 2476 articulo
2933 2418 3180 2480 dixisset,
3213 2415 3410 2469 Beatus

1851 2520 1942 2573 ille
1972 2520 2060 2589 qui
2090 2516 2337 2586 intelligit
2380 2530 2535 2583 super
2580 2529 2796 2583 egenum
2843 2521 2892 2564 et
2944 2525 3243 2580 pauperem.
3277 2505 3411 2560 Nam

1850 2611 2054 2665 dictum
2082 2609 2199 2664 sine
2229 2606 2479 2670 articulo,
2512 2604 2801 2674 quemdam
2823 2610 2876 2657 et
2917 2601 3207 2670 specialem
3241 2600 3413 2669 signi-

1852 2702 2057 2756 ﬁcaret.
2083 2698 2333 2755 Postlnec
2372 2698 2441 2752 ab
2477 2697 2601 2751 aliis
2639 2694 2895 2749 Ecclesia:
2924 2692 3183 2747 membris
3215 2690 3411 2744 transit

1852 2792 1920 2847 ad
1965 2792 2142 2860 ipsum
2188 2790 2462 2844 Christum
2498 2787 2707 2842 scilicet
2761 2784 3070 2846 Dominum,
3112 2783 3207 2852 qui
3236 2781 3405 2836 dicit:

1853 2883 2067 2938 Inimici
2096 2882 2216 2944 mei,
2240 2889 2343 2935 etc.
2379 2877 2605 2944 Quando
2623 2876 2879 2929 morietur
2916 2885 2965 2926 et
2998 2871 3188 2941 peribit
3227 2887 3411 2924 nomen

1852 2975 2005 3045 ejus?
2035 2972 2227 3029 Gravis
2257 2970 2416 3025 nobis
2451 2978 2535 3024 est
2560 2968 2642 3022 vel
2673 2967 2793 3036 ipso
2817 2974 3135 3034 conspectu.

1929 3242 1984 3298 7.
2016 3242 2081 3295 Et
2116 3242 2161 3295 si
2190 3238 2577 3311 ingrediebatur
2591 3248 2645 3291 ut
2678 3239 2894 3300 rideret,
2922 3253 3059 3290 vana
3077 3234 3411 3305 loquebatur.

1858 3334 1981 3390 Haec
2011 3334 2086 3388 ait
2117 3331 2361 3387 deluda.
2399 3330 2455 3385 ld
2496 3341 2674 3385 autem
2726 3329 2829 3383 sibi
2863 3329 2978 3382 vult
3008 3344 3024 3382 :
3064 3326 3199 3382 Cum
3236 3328 3417 3381 aditus

1856 3426 1905 3480 ei
1934 3426 1999 3479 ad
2031 3438 2115 3477 me
2147 3431 2310 3486 esset,
2336 3421 2462 3489 quia
2498 3420 2549 3472 in
2590 3419 2986 3487 discipulorum
3027 3430 3256 3470 numero
3283 3430 3417 3470 con—

1856 3516 2077 3571 stitutus
2128 3521 2283 3578 erat,
2326 3521 2444 3566 erat
2476 3510 2736 3579 bilinguis
2785 3518 2839 3563 et
2887 3511 3233 3577 negotiator:
3276 3522 3416 3561 vana

1855 3609 2054 3680 quippe
2087 3603 2503 3676 loquebatur,id
2528 3614 2609 3657 est
2644 3616 2806 3655 verax
2836 3615 2941 3654 non
2974 3608 3111 3655 erat.
3168 3597 3274 3654 Cor
3300 3598 3415 3668 ejus

1859 3702 2185 3771 congregavit
2215 3699 2551 3767 iniquitatem
2589 3695 2710 3749 sibi.
2743 3695 3083 3756 Decreverat,
3109 3693 3305 3762 inquit,
3332 3706 3417 3745 me

1859 3795 2056 3849 invidis
2094 3794 2321 3846 tradere.
2353 3788 2738 3858 Egrediebatur
2767 3789 2914 3857 [oras
2939 3797 2990 3841 et
3025 3786 3333 3855 loquebatur
3358 3786 3416 3836 in

1860 3886 2121 3953 idipsum:
2147 3882 2277 3936 illud
2310 3895 2535 3947 nempe:
2566 3878 2706 3944 Quid
2740 3878 2898 3931 vultis
2920 3876 3049 3929 mihi
3075 3877 3223 3939 dare,
3245 3884 3294 3928 et
3323 3889 3416 3943 ego

1858 3976 2001 4032 vobis
2027 3992 2143 4029 eum
2184 3974 2393 4027 tradam
2419 3973 2476 4025 ’ἲ

1929 4071 1981 4126 8.
2012 4069 2299 4122 Adversum
2345 4083 2424 4118 me
2477 4063 2823 4117 susurrabant
2850 4076 3025 4115 omnes
3058 4059 3257 4113 inimici
3293 4053 3415 4109 mei.

1860 4160 2175 4215 Derisiones
2205 4167 2369 4227 atque
2400 4156 2629 4211 insidias
2659 4164 2716 4210 et
2748 4152 3183 4224 conspirationes
3214 4147 3422 4204 Judao-

1862 4268 1983 4308 rum
2036 4251 2323 4305 adversum
2353 4264 2413 4304 se
2442 4256 2677 4303 structas
2720 4246 3012 4315 signiﬁcat,
3051 4257 3265 4298 necnon
3319 4255 3419 4293 oc-

1862 4344 2010 4399 culta
2043 4358 2234 4398 eorum
2290 4340 2540 4401 consilia,
2587 4337 2858 4407 principes
2902 4333 3245 4389 sacerdotum
3292 4343 3418 4383 cum

197 4454 339 4523 πρὸς
370 4422 481 4503 τὸν*
504 4422 703 4501 Ἰούδαν
727 4442 921 4511 λέγων,
946 4441 1142 4503 οἵτινες
1170 4435 1497 4507 ἐψιθύριζον,
1536 4435 1604 4488 τὰ
1635 4432 1753 4504 περί

1860 4434 1999 4490 Juda
2031 4435 2364 4504 paciscentes
2391 4431 2656 4490 indicans,
2675 4429 2766 4497 qui
2793 4422 3419 4492 susurrabant,pretium

194 4512 289 4599 τοῦ
320 4512 521 4611 *Ἰησοῦ
576 4536 840 4607 σύμφωνα
885 4531 1021 4604 πρὸς
1068 4529 1160 4583 τὸν
1225 4527 1422 4581 Ἰούδαν
1468 4524 1753 4595 τιθέμενοι.

1863 4524 1991 4581 Jesu
2015 4538 2313 4580 consonum
2334 4537 2456 4577 cum
2474 4518 3037 4574 Judaconstituentes.
3058 4512 3422 4569 Susurrabant

209 4606 585 4704 ἐψιθύριζον
613 4606 783 4681 ὀὐδὲ
835 4625 942 4695 γὰρ
996 4622 1238 4693 ἐτόλμων
1284 4617 1533 4689 φανερῶς
1585 4614 1753 4669 ταῦτα

1864 4617 2087 4681 scilicet,
2120 4630 2227 4670 non
2260 4614 2380 4668 ausi
2410 4612 2584 4681 palam
2613 4610 2800 4664 istluec
2833 4618 2978 4661 metu
3035 4606 3210 4675 plebis
3236 4618 3416 4672 agere.

196 4730 260 4784 τὸ
286 4725 494 4795 πλῆθος
525 4719 909 4789 εὐλαϐούμενοι
930 4714 1194 4769 τίθεσθαι.

271 4819 467 4885 Λόγον
511 4808 857 4879 παράνομον
909 4804 1221 4859 κατέθεντο
1266 4801 1391 4854 κατ’
1437 4798 1602 4868 ἐμοῦ.
1655 4796 1759 4861 Τὸ,

197 4871 388 4983 Ἀραιυ,
422 4871 957 4975 ἄρσῃ-σταύρωσον
980 4899 1186 4951 αὐτόν.
1218 4888 1383 4958 Οὗτος
1404 4892 1461 4946 δὲ
1495 4892 1575 4945 ὅτι
1599 4890 1753 4961 παρά·

1867 4886 2006 4941 Illud
2043 4885 2284 4939 scilicet:
2347 4881 2510 4944 Tolle,
2559 4880 2700 4943 tolle,
2732 4877 2979 4945 cruciﬁge
3022 4891 3139 4929 eum
3162 4874 3206 4928 ⁸.
3266 4871 3422 4937 Quod

514 4962 670 5066 δῆλον
702 4962 773 5046 ιιὶ
798 4990 892 5045 τοῦ
930 4989 1224 5062 εἰρημένου
1251 5000 1267 5016 ⁸
1311 4983 1523 5040 Ἀθῶον
1552 4981 1649 5035 καί
1680 4980 1753 5033 δί-

1870 4988 2047 5033 autem
2080 4976 2325 5044 iniquum
2363 4984 2528 5036 esset,
2564 4971 2739 5040 palam
2771 4976 2947 5022 estex
2995 4966 3118 5019 illo:
3158 4962 3422 5016 Insontern

1954 5069 1965 5074 _
2388 5065 2435 5074 ..
2506 5066 2526 5074 -
2594 5061 2637 5074 -.
2791 5059 2839 5074 .,
2938 5054 3394 5074 ,Δ

405 5054 517 5144 otiae
556 5054 923 5147 ἀποκτενεῖς.
1105 5082 1137 5133 ό
1184 5075 1574 5146 κοιμώμενος,
1631 5070 1753 5139 οὐχὶ

1870 5080 1916 5125 et
1937 5069 2143 5139 justum
2165 5083 2267 5121 non
2290 5065 2489 5119 occides
2506 5066 2549 5116 ’.
2589 5059 2839 5128 Nunquid
2860 5059 2946 5129 qui
2972 5057 3165 5110 dormit
3191 5070 3293 5107 non
3328 5054 3424 5104 nd-

201 5142 537 5255 :poo'ariast
575 5176 680 5232 τοῦ
710 5142 1077 5239 ἀναστῆναιξ
1113 5142 1473 5237 Διαγελᾷτῶν
1503 5160 1753 5215 Ἰουδαίων

1864 5161 2011 5230 jiciet
2042 5159 2184 5211 ultra
2218 5166 2273 5210 ut
2288 5154 2565 5223 resurgat?
2596 5150 2812 5203 Deridet
2840 5146 3153 5202 Iudaeorum
3174 5142 3423 5207 consilia,

200 5234 608 5345 νσδιέμματα
656 5268 731 5331 ὡς
774 5234 1033 5336 οἰομένων
1080 5261 1167 5314 διὰ
1216 5234 1329 5312 τοῦ-
1356 5256 1584 5309 θανάτου
1610 5250 1753 5325 θραύ

1872 5250 2251 5305 arbitrantium
2305 5260 2463 5316 posse
2515 5258 2573 5298 se
2616 5242 2765 5295 illum
2792 5254 2887 5309 per
2930 5246 3161 5290 mortem
3207 5234 3425 5288 abolere

2012 5343 2021 5345 _
2425 5337 2470 5345 ..
2758 5341 2770 5345 _
3050 5325 3153 5345 nu.
3200 5324 3391 5345 an.“

313 5324 570 5426 ὼς
612 5324 1000 5414 μανῶν-καθ’
1031 5353 1197 5425 ἡμᾶς.
1244 5352 1301 5403 '0
1346 5349 1401 5401 δέ
1440 5363 1609 5419 φησι·
1644 5324 1753 5408 Πῶς

1870 5343 2025 5414 quasi
2052 5355 2219 5396 unum
2251 5354 2316 5393 ex
2350 5337 2525 5390 nobis.
2558 5333 2651 5388 Ille
2683 5341 2861 5386 autem
2913 5328 2988 5381 ait
3010 5347 3025 5416 _:
3048 5325 3153 5393 Qui
3196 5324 3424 5378 arbitra-

201 5407 456 5534 ,νομίζετε
497 5407 709 5523 θανάτῳ
735 5407 1174 5523 περιϐαλεῖνιτην
1214 5444 1390 5514 ζωήν;
1656 5436 1753 5507 γάρ

1871 5433 2002 5490 mini
2026 5447 2186 5503 posse
2223 5445 2321 5484 vos
2344 5436 2514 5482 morte
2536 5427 2697 5480 vitam
2728 5407 3158 5477 circumvenire?
3186 5414 3421 5471 Somnus

1937 4793 1990 4848 9.
2041 4791 2256 4847 Verbum
2311 4791 2546 4858 iniquum
2592 4788 2966 4863 constituerunt
3006 4782 3283 4837 adversum
3320 4796 3419 4833 me.

274 5642 297 5672 ⁸
325 5638 468 5693 Psal.
517 5648 666 5698 xxix,
711 5628 798 5684 12.
900 5626 921 5659 τ
962 5624 1147 5679 Matth.
1190 5636 1339 5685 uri,
1373 5618 1459 5673 l5.
1545 5616 1565 5649 '
1602 5613 1753 5670 Joan.

1855 5630 1909 5679 ι,
1973 5610 2060 5666 15.
2150 5608 2171 5640 ⁸
2212 5605 2383 5660 Exod.
2428 5616 2582 5667 uin,
2617 5599 2671 5652 Ἰ.

279 5796 422 5857 (HW
448 5792 570 5848 Hac
604 5799 728 5844 sunt
762 5782 1101 5856 Apollinarii.
1947 5762 2056 5835 (13)
2101 5761 2401 5815 Dominicus
2427 5758 2601 5822 homo,
2625 5769 2727 5809 vox
2758 5747 3147 5806 Athanasium.
