4034 6446
626 398 727 451 199

1498 387 1553 439 S.
1596 383 1968 439 ATHANASll
2012 383 2163 437 OPP.
2216 383 2397 439 PARS
2438 384 2524 437 lll.
2570 414 2634 425 —
2677 386 3085 441 EXEGETICA.

3750 382 3857 437 200

633 526 872 577 namgue
906 509 1036 563 mihi
1071 505 1250 576 passio
1273 515 1371 559 est.
1406 503 1541 557 llinc
1565 502 1915 571 consequitur
1934 502 2185 556 arbitrari

2289 506 2434 555 ἐστιν
2464 503 2583 572 ἐμοὶ
2613 503 2672 555 τὸ
2704 504 2914 557 παθεῖν.
2979 502 3315 572 ’Λναγκαίως
3369 501 3422 553 (Σὲ
3467 500 3611 570 λέγει
3643 503 3710 571 τῇ
3746 518 3859 554 κοι-

626 604 803 672 ipsnm
830 608 949 669 post
972 597 1352 652 dormitionem
1411 593 1666 660 subsequi
1697 592 2176 644 resurrectionem.

628 692 897 745 Dormitio
922 704 1071 743 mors
1094 694 1207 741 est:
1238 700 1366 755 ergo
1410 695 1637 736 mortem
1691 682 2051 750 snbsrqurtut'
2098 698 2185 736 re-

623 784 914 839 surrt-ctio.

696 883 782 936 l0.
816 880 1021 933 Etenim
1054 879 1203 931 homo
1236 875 1377 941 pacis
1412 891 1535 928 mea!
1562 876 1611 925 in
1657 888 1757 941 quo
1796 871 2025 939 sperari,
2090 868 2181 936 qui

621 972 806 1026 edebat
828 988 985 1039 panes
1014 986 1176 1031 meos,
1214 967 1569 1037 magni/ienuit
1604 982 1759 1029 super
1782 980 1861 1015 me
1876 959 2185 1029 supplanta-

626 1065 838 1116 tionem.
874 1061 1213 1125 Ludibrium,
1257 1059 1507 1121 insidias,
1559 1056 1766 1109 dolum.
1802 1052 1961 1106 Pacis
2013 1051 2185 1103 homi-

625 1169 745 1208 nem
769 1151 961 1206 Judain
994 1161 1173 1213 vocat,
1218 1149 1343 1218 quia
1397 1147 1682 1202 videbatur
1710 1147 1851 1199 inter
1898 1142 2183 1197 benevolos

621 1255 675 1300 et
704 1246 909 1299 amicos
941 1243 1060 1311 eius
1091 1239 1418 1308 computari,
1448 1246 1504 1293 et
1552 1238 1606 1291 in
1655 1234 2045 1303 discipulorum
2079 1248 2181 1286 nu-

624 1350 829 1390 merum
868 1333 1093 1385 allectus
1123 1330 1313 1383 fuerat.

694 1428 781 1481 11.
816 1424 894 1479 Tu
928 1435 1122 1486 autem,
1154 1426 1396 1488 Domine,
1425 1424 1667 1476 miserere
1696 1422 1818 1485 mei,
1849 1430 1897 1474 et
1927 1420 2181 1473 resuscita

620 1534 721 1580 me.
757 1529 805 1571 et
839 1517 1124 1571 retribuam
1150 1518 1246 1569 eis.
1280 1514 1529 1569 Humano
1563 1530 1712 1569 more
1746 1525 1962 1582 propter
2002 1513 2181 1565 humi-

621 1608 899 1662 liationem
935 1622 1089 1661 suam
1110 1608 1175 1660 ad
1211 1605 1416 1659 Patrem
1443 1622 1601 1660 suum
1627 1605 1789 1659 verba
1826 1604 1970 1667 facit,
1991 1604 2181 1657 etiam-

620 1702 665 1756 si
698 1701 785 1755 ille
817 1700 890 1755 sit
916 1699 1288 1754 misericordia
1310 1698 1405 1751 Dei
1440 1710 1493 1753 et
1523 1697 1724 1759 Patris,
1764 1704 1819 1748 et
1848 1694 2179 1749 resurrectio

619 1800 780 1860 atque
805 1792 934 1846 vita.

692 1880 775 1933 12.
809 1877 873 1933 1η
901 1881 995 1932 hoc
1020 1880 1232 1949 cognovi
1277 1879 1401 1949 quia
1446 1880 1659 1931 vetuisti
1691 1895 1788 1931 me.
1822 1877 2055 1931 Rursum
2107 1876 2183 1928 Ιυο

617 1971 802 2039 quitur
832 1982 890 2024 ut
923 1971 1107 2033 homo,
1168 1980 1228 2023 ut
1255 1972 1494 2038 seipsum
1531 1970 1723 2023 oll'erat
1759 1968 1867 2023 Deo
1922 1978 1975 2022 et
2015 1966 2178 2019 Patri.

620 2062 880 2126 Quoniam
904 2078 1003 2114 non
1043 2062 1289 2131 gaudebit
1318 2062 1562 2114 inimicus
1610 2078 1753 2114 meus
1802 2077 1959 2128 super
1982 2075 2082 2111 me.
2123 2056 2179 2111 Si

616 2168 682 2205 ex
712 2153 1063 2207 humanitatis
1095 2166 1329 2221 persona
1378 2152 1480 2206 hoc
1524 2154 1656 2207 dicit
1688 2151 1963 2211 Christus,
1998 2149 2184 2202 inimi-

618 2259 716 2298 cus
757 2244 915 2313 plane
972 2245 1304 2314 intelligatur
1334 2259 1456 2319 esse
1482 2244 1575 2313 qui
1630 2252 1861 2296 mortem
1898 2240 2059 2294 nobis
2088 2256 2183 2309 pa-

616 2330 772 2383 ravit.
810 2330 903 2382 Sin
933 2330 1090 2398 quasi
1111 2331 1313 2398 esipso
1347 2330 1583 2394 Christo,
1623 2328 1943 2382 Judreorum
1978 2325 2183 2395 princi-

617 2436 711 2484 pes
737 2419 833 2472 ait.
872 2417 1025 2484 Quod
1052 2418 1195 2473 enim
1232 2434 1317 2473 res
1354 2420 1487 2488 ipsis
1524 2419 1849 2488 permolesta
1880 2416 2063 2482 fuerit,
2087 2431 2185 2486 pa—

616 2507 723 2561 lam
751 2525 814 2563 ex
838 2524 901 2563 eo
929 2519 1010 2563 est
1034 2510 1175 2579 quod
1206 2510 1325 2579 ejus
1351 2510 1802 2566 resurrectionem
1830 2509 1939 2562 sint
1977 2510 2184 2562 calum-

617 2600 772 2655 niali.

686 2692 773 2747 15.
810 2692 894 2745 Me
919 2704 1093 2745 autem
1116 2702 1325 2761 propter
1346 2691 1700 2745 innocentiam
1734 2689 2035 2758 suscepisti.
2076 2685 2179 2753 Qui

616 2786 860 2838 omnium
891 2793 976 2839 est
1010 2784 1395 2852 patrocinium,
1433 2783 1535 2837 sibi
1566 2796 1788 2852 quoque
1813 2778 2179 2851 patrocinium

616 2875 787 2930 fuisse
825 2878 918 2930 ait.
953 2874 1069 2929 Non
1102 2876 1247 2944 quod
1301 2876 1393 2930 ille
1423 2885 1696 2945 quatenus
1731 2874 1874 2927 Deus
1924 2870 2179 2939 intelligi-

616 2978 706 3022 tur
736 2984 801 3022 eo
832 2969 1104 3038 indigeat:
1149 2969 1241 3022 sed
1276 2969 1439 3021 homo
1471 2965 1647 3020 factus
1676 2980 1800 3019 cum
1830 2963 1923 3029 sit,
1957 2977 2056 3032 pro
2084 2962 2182 3015 ho-

616 3059 853 3113 minibus
887 3061 1047 3113 verba
1074 3058 1220 3111 facit.

2291 596 2450 663 μήσει
2477 594 2571 664 τὴν
2600 596 2890 648 ἀνάστασιν
2917 596 3164 648 ἕπεσθαι.
3230 594 3273 645 ll
3319 592 3375 644 δὲ
3409 593 3663 663 κοίμησίς
3710 595 3859 645 ἐστιν

2285 689 2312 738 ὀ
2347 686 2570 749 θάνατος
2593 703 2605 715 ·
2644 687 2954 753 ἀναγκαίως
2982 686 3058 756 τῷ
3105 686 3319 755 θανάτῳ
3360 684 3718 754 ἀκολουθήσει
3763 685 3858 737 καὶ

2285 782 2318 849 ἡ
2350 780 2659 841 ἀνάστασις.

2354 872 2461 923 Καὶ
2495 872 2600 940 γὰρ
2630 874 2661 923 o'
2701 870 3007 937 ἄνθρωπος
3051 871 3159 937 τῆς
3209 869 3450 937 εἰρήνης
3483 887 3601 938 μου
3643 870 3738 937 ἐφ’
3785 867 3859 920 ὃν

2285 962 2537 1028 ἤλπισα,
2581 965 2613 1014 ὀ
2649 962 2869 1015 ἐσθίων
2922 961 3138 1030 ἄρτους
3184 978 3326 1029 μου,
3353 960 3725 1030 ἐμεγάλυνεν
3766 960 3858 1013 ἐπ’

2282 1052 2387 1120 ἐμὲ
2427 1053 2807 1120 πτερνισμόν.
2875 1052 3253 1121 Ἐμπαιγμὸν,
3298 1051 3587 1122 ἐπιϐουλὴν
3623 1093 3637 1115 ,
3685 1049 3856 1103 δόλον.

2284 1144 2517 1214 Εἰρήνης
2561 1142 2840 1213 ἄνθρωπον
2868 1142 2961 1194 τὸν
2998 1141 3198 1195 Ἰούδαν
3231 1143 3394 1210 φησὶ,
3455 1141 3544 1194 διὰ
3590 1142 3650 1193 τὸ
3680 1142 3860 1193 δοκεῖν

2284 1238 2339 1287 ὲν
2359 1239 2468 1297 τοῖς
2491 1233 2759 1287 εὐνοοῦσιν
2777 1233 2922 1303 αὐτῷ
2942 1234 3196 1304 τετάχθαι
3218 1236 3308 1287 καὶ
3337 1234 3529 1303 φίλοις·
3558 1236 3681 1303 τόγε
3708 1236 3862 1304 ἥκων

2280 1328 2359 1387 είς
2385 1327 2444 1377 τὸ
2472 1322 2611 1378 εἶναι
2641 1325 2910 1396 μαθητήν.

2352 1417 2433 1469 Σὺ
2463 1416 2550 1480 δὲ,
2584 1417 2781 1484 Κύριε,
2813 1414 3074 1482 ἐλέησόν
3106 1432 3205 1483 με,
3243 1414 3341 1467 καί
3376 1414 3735 1482 ἀνάστησόν
3754 1434 3852 1484 με,

2281 1509 2378 1561 καὶ
2407 1508 2810 1562 ἀνταποδώσω
2860 1508 3083 1573 αὐτοῖς.
3122 1506 3501 1579 Ἀνθρωπίνως
3536 1507 3737 1577 μᾶλλον
3765 1510 3855 1561 διὰ

2280 1602 2377 1669 τὴν
2423 1601 2651 1652 κένωσιν
2683 1601 2819 1670 πρὸς
2847 1601 2937 1653 τὸν
2983 1599 3175 1654 ἑαυτοῦ
3228 1599 3448 1671 Πατέρα
3497 1602 3729 1652 ποιεῖται
3763 1600 3855 1653 τὸν

2281 1692 2457 1759 λόγον,
2511 1692 2686 1744 καίτοι
2717 1692 2879 1753 αὐτὸς
2910 1690 2982 1743 ὢν
3024 1692 3085 1744 τὸ
3111 1691 3258 1753 ἕλεος
3300 1690 3393 1743 τοῦ
3426 1690 3561 1744 Θεοῦ
3614 1694 3707 1745 καὶ
3739 1693 3845 1745 Πα-

2280 1785 2424 1855 τρὸς,
2458 1785 2550 1836 καὶ
2584 1785 2615 1853 ή
2648 1784 2938 1844 ἀνάστασις
2967 1784 3110 1851 καὶὴ
3142 1782 3275 1851 ζωή.

2369 1879 2464 1930 Ἐν
2493 1879 2679 1940 τούτῳ
2709 1876 2921 1945 ἔγνων,
2948 1876 3035 1928 ὅτι
3064 1872 3391 1941 τεθὲληκάς
3419 1891 3514 1943 με.
3557 1874 3724 1927 Λαλεῖ
3747 1876 3854 1928 πά-

2284 1968 2363 2020 λιν
2390 1967 2469 2029 ὡς
2497 1968 2780 2036 ἄνθρωπος
2811 2006 2825 2027 ,
2873 1965 2959 2017 ἵνα
2998 1965 3187 2017 ἑαυτὸν
3217 1964 3434 2033 παραθῇ
3480 1961 3558 2032 τῷ
3595 1962 3715 2033 Θεῷ
3758 1964 3855 2015 καὶ

2284 2060 2475 2131 Πατρί.
2514 2061 2633 2114 ’Ότι
2659 2061 2730 2113 οὐ
2755 2057 2840 2126 μὴ
2870 2054 3125 2126 ἐπιχαρῇ
3152 2058 3183 2109 ό
3211 2055 3423 2123 ἐχθρός
3446 2072 3566 2125 μου
3604 2056 3697 2109 ἐπ’
3725 2056 3851 2124 ἐμέ.

2284 2155 2345 2206 Εἰ
2384 2154 2481 2222 μὲν
2512 2152 2577 2207 ἑκ
2600 2150 2891 2221 προσώπου
2921 2150 3015 2217 τῆς
3044 2149 3455 2220 ἀνθρωιιὸτητος
3485 2148 3659 2203 ταῦτα
3709 2149 3855 2217 λέγει

2283 2241 2309 2291 ὁ
2333 2238 2583 2309 Χριστὸς,
2611 2236 2803 2307 ἐχθρὸς
2828 2237 2892 2290 ἂν
2910 2236 3127 2306 νοηθείη
3153 2239 3180 2288 ὁ
3206 2236 3294 2289 τὸν
3330 2236 3556 2290 θάνατον
3592 2242 3725 2309 ἡμῖν
3757 2256 3857 2293 κα-

2281 2330 2657 2392 τασκευάσας·
2701 2329 2839 2382 εἰδὲ
2886 2328 2959 2391 ὡς
3009 2327 3067 2392 ἐξ
3117 2327 3282 2381 αὐτοῦ
3332 2328 3425 2381 τοῦ
3455 2330 3717 2400 Χριστοῦ,
3746 2331 3855 2384 τῶν

2296 2422 2560 2477 Ἰουδαίων
2584 2422 2707 2486 τοὺς
2738 2421 3004 2493 ἄρχοντάς
3052 2438 3236 2492 φησιν.
3272 2421 3393 2473 Ὅτι
3431 2422 3539 2493 γὰρ
3588 2421 3857 2492 λελύπην-

2280 2530 2392 2579 ται,
2420 2514 2576 2584 δῆλον
2620 2514 2684 2566 ἐκ
2721 2514 2810 2566 τοῦ
2849 2514 3251 2583 συκοφαντῆσαι
3280 2512 3444 2568 αὐτοῦ
3484 2515 3583 2586 τὴν
3620 2516 3857 2571 ἀνάστα-

2284 2624 2386 2659 σιν.

2364 2696 2535 2765 Ἐμοῦ
2558 2695 2625 2749 δὲ
2663 2694 2760 2747 διὰ
2798 2694 2913 2762 τὴν
2937 2696 3197 2749 ἀκακίαν
3229 2697 3583 2752 ἀπερωεου.
3628 2700 3691 2752 ’11
3720 2701 3857 2754 πάν-

2280 2806 2387 2841 των
2417 2788 2698 2857 ἀντίληψις
2738 2787 3072 2859 ἀντιλήψεως
3115 2789 3468 2859 τετυχηκέναι
3516 2790 3715 2861 φησίν’
3755 2794 3857 2845 οὐκ

2282 2878 2445 2940 αὐτὸς
2474 2877 2676 2949 ταύτης
2724 2878 2999 2949 δεόμενος,
3044 2879 3165 2932 καθ’
3211 2880 3239 2932 ὃ
3294 2883 3493 2934 νοεῖται
3524 2881 3680 2947 Θεὸς,
3719 2882 3859 2935 ἀλλά

2282 2966 2570 3037 γενόμενος
2611 2967 2916 3038 ἄνθρωπος,
2965 2967 3105 3038 ὑπὲρ
3146 2966 3448 3039 ἀνθρώπων
3481 2972 3715 3022 ποιεῖται
3771 2970 3859 3023 λὸ-

2281 3074 2429 3124 γους.

694 3150 777 3203 14.
814 3148 1128 3202 Benedictus
1163 3147 1416 3200 Dominus
1467 3146 1606 3200 Deus
1656 3144 1827 3199 Israel
1883 3162 1913 3198 a
1958 3144 2173 3197 sarculo.

2352 3147 2692 3216 Εὐλογητὸς
2709 3148 2923 3215 Κύριος
2940 3150 2972 3201 d
2994 3148 3136 3214 Θεὸς
3171 3149 3414 3216 Ἰσραὴλ
3434 3150 3549 3204 ἀπὸ
3573 3151 3680 3205 τοῦ
3720 3151 3858 3204 αἰῶ-

614 3239 734 3295 Jam
765 3241 1017 3309 obsignat
1048 3241 1319 3294 canticum
1357 3239 1408 3291 in
1436 3239 1735 3307 gratiarum
1780 3238 2053 3291 actionem
2086 3237 2181 3289 dc—

616 3332 825 3386 sincns.
855 3333 898 3382 A
935 3330 1429 3398 przesenti,iuquit,
1472 3344 1645 3398 usque
1693 3329 1760 3382 ad
1811 3326 2077 3382 futurum.
2136 3326 2181 3379 Α

612 3425 866 3493 praesenti
902 3422 1439 3492 igiturbenedictioa
1492 3419 1791 3476 nobis‘Deo
1841 3420 2023 3475 oblata
2071 3420 2180 3474 ini-

615 3517 750 3568 tium
788 3515 1385 3585 ducit,completurque
1419 3516 1472 3569 in
1516 3514 1735 3569 futuro:
1780 3529 1905 3568 nam
1945 3525 2181 3581 exparte

612 3610 975 3678 cognoscimus
1010 3617 1060 3661 et
1109 3622 1173 3660 ea:
1212 3618 1359 3677 parte
1407 3608 1776 3676 prop/tetamus
1807 3607 1872 3669 ¹⁹,
1907 3620 2077 3674 quare
2112 3620 2179 3658 ex

612 3707 769 3767 parte
794 3691 1210 3751 benedicimus:
1245 3695 1377 3751 Cum
1412 3708 1587 3750 autem
1631 3696 1826 3749 venerit
1872 3695 2011 3765 quod
2062 3713 2181 3765 per—

614 3790 808 3855 fectum
834 3796 910 3840 est
936 3829 949 3851 ,
984 3786 1161 3857 inquit
1216 3787 1500 3852 Paulus“,
1538 3787 1882 3842 evacuabitur
1933 3788 2071 3857 quod
2115 3803 2180 3842 ea:

611 3890 759 3952 parte
778 3896 877 3935 est.
913 3879 1046 3934 Nam
1067 3880 1308 3950 profectu
1332 3881 1398 3935 ad
1445 3882 1668 3935 meliora
1692 3881 2005 3944 accedente,
2062 3896 2180 3936 ces-

614 3983 700 4029 sat
724 3975 867 4044 quod
899 3990 964 4027 ex
988 3983 1139 4041 parte
1167 3982 1272 4027 est.
1302 3972 1533 4041 Ideoque
1576 3971 1870 4027 Psalmista
1898 3972 2172 4040 adjunxit,

613 4065 759 4128 Fiat,
790 4066 908 4129 ﬁat,
939 4074 993 4118 et
1021 4064 1259 4133 duplicat
1289 4065 1613 4120 orationem.
1650 4064 1927 4134 Siquidem
1956 4065 2174 4119 beatum

610 4169 717 4222 est,
742 4173 837 4226 per
863 4156 1021 4209 tidem
1048 4167 1102 4210 et
1128 4156 1233 4210 alia
1286 4156 1425 4209 bona
1458 4170 1623 4225 opera
1652 4155 2084 4210 benedictionem
2122 4156 2175 4208 in

610 4247 781 4302 Deum
806 4247 1066 4307 exordiri,
1095 4255 1259 4316 atque
1314 4249 1389 4302 ita
1417 4248 1563 4302 illam
1604 4263 1870 4302 coronare
1914 4248 1967 4301 in
1994 4247 2178 4301 futuro

611 4337 831 4399 saeculo,
870 4344 927 4389 ut
960 4336 1142 4405 impiis
1168 4345 1222 4389 et
1252 4336 1564 4390 inﬁdelibus
1593 4335 1765 4390 Deum
1803 4336 1912 4391 illic
1955 4336 2177 4390 laudare

611 4429 918 4482 nullatenus
948 4429 1299 4482 concedatur.
1331 4428 1622 4483 Sciendum
1654 4436 1857 4491 autem,
1884 4429 2175 4484 nonnullos

2284 3258 2410 3306 νος.
2428 3242 2720 3311 Σφραγίζει
2740 3242 2832 3294 καὶ
2846 3240 2940 3294 νῦν
2963 3242 3040 3303 είς
3054 3240 3401 3312 εὐχαριστίαν
3433 3241 3529 3312 τὴν
3566 3244 3860 3313 προκειμέ-

2283 3351 2378 3405 νην
2406 3333 2568 3404 ᾠδήν.
2616 3334 2747 3386 Ἀπὸ
2792 3333 2883 3386 τοῦ
2930 3333 3215 3405 παρόντος,
3264 3334 3446 3403 φησὶν,
3479 3336 3558 3396 είς
3601 3336 3693 3387 τὸν
3727 3336 3858 3404 μέλ-

2279 3422 2439 3477 λοντα
2463 3440 2477 3454 ο
2504 3422 2695 3476 οὐκοῦν
2723 3422 2831 3475 ἀπὸ
2857 3423 2954 3491 μὲν
2985 3420 3078 3474 τοῦ
3104 3421 3370 3491 παρόντος
3402 3424 3434 3491 ὴ
3479 3422 3697 3491 εὐλογία
3724 3439 3841 3495 παρ

2281 3513 2436 3584 ἡμῶν
2456 3515 2533 3575 εις
2560 3514 2649 3567 τὸν
2676 3512 2805 3565 Θεὸν
2836 3513 3082 3583 ἄρχεται,
3106 3511 3407 3564 τελειοῦται
3431 3512 3488 3565 δὲ
3528 3512 3585 3563 ὲν
3614 3512 3693 3582 τῷ
3728 3513 3857 3582 μὲλ-

2280 3604 2424 3657 λοντι
2444 3604 2542 3657 ’ἐκ
2582 3603 2803 3672 μέρους
2830 3604 2937 3673 γὰρ
2966 3602 3361 3672 γινώσκομεν,
3414 3604 3513 3657 καὶ
3544 3605 3611 3657 ἐκ
3630 3604 3859 3674 μέρους

2280 3696 2747 3764 προφητεύομεν,
2761 3693 2879 3746 ὅθεν
2903 3694 3071 3746 καὶὲκ
3094 3694 3291 3764 μέρους
3312 3695 3660 3766 εὐλογοῦμεν*
3679 3700 3860 3750 Ὅταν

2279 3786 2346 3838 δὲ
2360 3786 2506 3853 ἔλθῃ
2526 3785 2591 3839 τὸ
2604 3785 3021 3855 τέλειον,φησὶν
3034 3786 3063 3837 ὁ
3080 3785 3309 3848 Παῦλος,
3328 3785 3394 3838 τὸ
3403 3787 3471 3839 ἐκ
3491 3785 3714 3854 μέρους
3728 3804 3860 3841 κατ-

2279 3876 2695 3947 αργηθήσεται.
2720 3877 2797 3948 Τῇ
2817 3878 2925 3949 γὰρ
2964 3880 3055 3931 ἐπὶ
3080 3878 3140 3930 τὸ
3174 3879 3356 3947 μεῖζον
3382 3882 3629 3950 προκοπῇ
3658 3878 3724 3933 τὸ
3749 3882 3861 3933 ἀπὸ

2284 3970 2482 4040 μέρους
2504 3970 2755 4023 παύεται.
2775 3970 2872 4022 Διά
2896 3970 3093 4023 τοῦτοὸ
3115 3970 3414 4043 Ψαλμῳδὸς
3440 3972 3711 4041 ἐπήγαγε,
3755 3975 3808 4025 Γ
3810 3972 3863 4026 έ-

2279 4076 2460 4120 νοιτο,
2485 4058 2732 4129 γένοιτο,
2766 4062 2859 4113 καὶ
2882 4059 3221 4125 διπλασιάζει
3242 4062 3340 4131 τὴν
3365 4061 3549 4131 εὐχήν.
3568 4061 3861 4132 Μακάριον

2279 4152 2388 4220 γὰρ
2402 4150 2651 4204 ἐντεῦθεν
2664 4152 2761 4221 τῆς
2777 4152 3025 4219 εὐλογίας
3045 4152 3144 4222 τῆς
3165 4156 3243 4217 εἰς
3258 4154 3347 4205 τὸν
3364 4153 3495 4205 Θεὸν
3515 4154 3603 4205 διὰ
3620 4155 3861 4216 πίστεως

2280 4244 2495 4312 καὶτῆς
2519 4243 2626 4295 τῶν
2657 4243 2832 4298 ἄλλων
2864 4244 3086 4311 ἀγαθῶν
3122 4244 3512 4315 κατορθώσεως
3550 4244 3855 4315 ἄρξασθαι,

2280 4334 2423 4387 οὐτω
2450 4352 2508 4387 τε
2542 4334 2710 4405 αὐτὴν
2741 4336 3082 4403 στεφανῶσαι
3133 4339 3212 4399 είς
3241 4335 3331 4389 τὸν
3377 4335 3551 4390 αἰῶνα
3600 4336 3692 4387 τὸν
3729 4336 3861 4405 μὲλ-

2280 4430 2459 4491 λοντα,
2489 4430 2565 4494 ὼς
2603 4431 2657 4483 οῖ
2689 4448 2752 4500 γε
2787 4431 3003 4495 ἀσεϐεῖς
3040 4432 3134 4486 καὶ
3174 4432 3390 4485 ἄπιστοι
3447 4429 3689 4497 εὐλογεῖν
3740 4432 3861 4483 ἐκεῖ

613 4521 754 4574 hanc
788 4520 1122 4596 psalmorum
1151 4520 1487 4589 prophetiam
1517 4520 1570 4574 in
1621 4520 1790 4575 libros
1819 4520 2061 4590 quinque
2089 4521 2173 4575 di-

2282 4517 2371 4571 τὸν
2409 4518 2541 4571 Θεὸν
2573 4520 2671 4573 οὐκ
2715 4520 3119 4590 ὲπιτρέπονται.
3160 4520 3370 4574 Είδὲναι
3412 4520 3468 4572 δὲ
3503 4520 3601 4581 δεῖ,
3639 4520 3721 4572 ὅτι
3754 4521 3856 4589 τὴν

608 4614 825 4667 videre:
857 4621 1021 4680 atque
1077 4612 1143 4666 ad
1192 4612 1336 4665 hunc
1388 4627 1561 4675 usque
1618 4613 1886 4680 psalmum
1938 4614 2174 4682 priorem

609 4705 976 4767 constituere;
1034 4704 1160 4773 quia
1193 4704 1244 4756 in
1288 4702 1393 4757 ﬁne
1433 4703 1863 4757 benedictionem
1915 4704 1967 4757 in
2007 4703 2175 4757 Deum

609 4810 704 4847 seu
728 4810 984 4849 coronam
1025 4795 1203 4848 habet.
1231 4792 1385 4849 Unde
1417 4796 1581 4848 etiam
1609 4796 1688 4849 sic
1717 4804 2009 4865 sequentes
2041 4811 2176 4865 qua-

611 4894 736 4940 tuor
764 4886 1095 4955 partiuntur.

751 5062 802 5115 1.
843 5061 903 5115 1η
949 5063 1103 5131 ﬁnem
1134 5064 1203 5117 ad
1254 5064 1655 5134 intelligentiam
1704 5066 1831 5135 ﬁliis
1866 5064 2022 5121 Core.

1133 5154 1470 5211 PSALMUS
1499 5157 1653 5212 XLI.

1184 5248 1581 5317 Argumentum.

607 5336 759 5390 Sacri
785 5335 937 5391 fuere
970 5347 1223 5392 cantores
1259 5340 1355 5393 lilii
1379 5338 1538 5403 Core,
1572 5349 1776 5395 canunt
1808 5351 1990 5395 autem
2025 5357 2157 5395 ean-

688 5430 851 5481 tieum
879 5432 945 5484 ab
972 5431 1603 5499 auctoribusacecptum,
1625 5433 1917 5487 rideliceta
1944 5430 2168 5496 Davide,

679 5531 799 5583 qua
828 5517 879 5569 in
919 5519 1208 5587 postremis
1254 5521 1586 5589 temporibus
1627 5522 1927 5575 ebventura
1988 5532 2173 5576 essent

684 5606 1073 5674 signiﬁcantes.
1108 5606 1375 5664 lnducunt
1399 5613 1561 5666 etiam
1593 5613 1764 5682 ipsius
1792 5612 2007 5670 lsraelis
2044 5630 2166 5684 per-

684 5787 727 5819 “
756 5788 771 5843 l
799 5788 924 5841 Cor.
956 5805 1070 5849 xm,
1090 5790 1143 5843 9.
1227 5792 1265 5823 ¹¹
1294 5791 1421 5847 ibid.
1456 5792 1539 5847 10.

2281 4607 2563 4679 ψαλμικὴν
2616 4610 2821 4681 ταύτην
2866 4613 3203 4683 προφητείαν
3255 4613 3337 4673 είς
3387 4612 3547 4664 πέντε
3587 4610 3732 4674 τινὲς
3778 4612 3860 4665 δι-

2281 4699 2489 4761 ελόντες
2519 4701 2750 4770 βίϐλους,
2794 4702 2954 4775 μέχρι
2984 4704 3170 4757 τούτου
3201 4703 3296 4756 τοῦ
3332 4702 3546 4773 ψαλμοῦ
3580 4702 3681 4773 τὴν
3698 4703 3859 4774 πρώ-

2281 4807 2379 4859 την
2412 4791 2721 4859 νομίζουσιν
2762 4808 2775 4821 ·
2829 4792 3015 4864 ἐπειδὴ
3066 4793 3204 4861 πρὸς
3253 4793 3331 4865 τῷ
3386 4788 3530 4845 τέλει
3589 4793 3857 4861 στέφανον

2284 4880 2472 4950 ὥσπερ
2521 4883 2618 4951 τὴν
2650 4882 2896 4952 εὐλογίαν
2937 4885 3037 4955 τὴν
3082 4888 3162 4949 είς
3210 4885 3341 4939 Θεὸν
3373 4885 3656 4957 κέκτηται.
3690 4886 3857 4940 Ὅθεν

2282 4972 2424 5025 οὕτω
2450 4973 2714 5043 διαιροῦσι
2741 4978 2833 5029 καὶ
2865 4975 2960 5039 τὰς
2992 4978 3253 5050 ὑπάρξεις
3287 4979 3387 5040 τὰς
3417 4978 3710 5047 τέσσαρας.

2344 5066 2447 5129 Εἰς
2478 5066 2542 5119 τὸ
2570 5065 2742 5132 τέλος
2765 5072 2852 5134 εὶς
2876 5070 3134 5123 σύνεσιν
3159 5069 3281 5136 τοῖς
3294 5070 3445 5136 υἱοῖς
3471 5070 3576 5123 τοῦ
3606 5070 3783 5138 Κορέ.

2831 5165 3134 5216 ΨΑΛΜΟΣ
3168 5166 3305 5217 MA'.

2902 5255 2915 5273 '
2930 5254 3236 5320 Υπόθεσις.

2290 5343 2618 5415 Ἱεροψάλται
2653 5345 2751 5415 μὲν
2795 5346 3078 5414 γεγόνασιν
3111 5351 3158 5399 οἱ
3197 5348 3291 5401 τοῦ
3335 5348 3478 5419 Κορὲ
3508 5348 3632 5409 υίοὶ,
3663 5346 3853 5418 ᾅδουσι

2354 5434 2411 5486 δὲ
2440 5434 2537 5505 τὴν
2752 5436 3005 5500 λαϐόντες
3065 5440 3217 5508 παρὰ
3270 5440 3378 5492 τῶν
3417 5438 3719 5493 συνθέντων
3755 5438 3852 5491 αὑ-

2351 5526 2471 5595 τὴν,
2507 5528 2749 5579 τουτέστι
2780 5526 2873 5579 τοῦ
2923 5529 3101 5591 Δαυῖδ,
3131 5530 3198 5583 τὰ
3249 5533 3335 5584 ἐπ’
3365 5532 3604 5600 ἐσχάτων
3642 5529 3848 5599 σημαί-

2349 5633 2530 5681 νοντες
2566 5620 2671 5672 τῶν
2713 5622 2938 5691 καιρῶν.
2976 5624 3302 5694 Είσφέρουσι
3344 5624 3399 5676 δὲ
3449 5624 3509 5675 τὸ
3547 5621 3714 5675 αὐτοῦ
3753 5621 3847 5675 τοῦ
