4034 6476
632 444 738 501 203

1456 432 1510 486 S.
1542 428 1912 485 ATHANASII
1950 426 2101 483 OPP.
2140 425 2319 481 PARS
2357 427 2441 481 lll.
2479 458 2546 469 -
2578 426 2964 485 EXEGETICA

3716 430 3821 487 2N

632 563 911 627 elationes,
940 562 992 613 in
1019 572 1112 613 eos
1164 554 1308 610 ferri.
1360 552 1466 608 Sed
1517 552 1650 606 nihil
1707 551 1821 606 laesi
1865 558 2011 613 sunt,
2046 562 2160 602 nam

2277 546 2437 616 μέσον
2467 548 2567 619 τὴν
2606 547 2700 601 τοῦ
2746 547 2943 621 Φαραὼ
2996 547 3284 616 φεύγοντες
3335 547 3651 620 μοχθηρίαν.
3714 546 3825 600 Καὶ

632 669 786 726 aqua:
817 669 911 708 seu
942 664 1128 705 murus
1157 647 1449 718 coagulata:
1469 652 1614 699 sunt.

712 915 972 987 [Abyssus
999 911 1241 980 abyssum
1271 914 1494 962 invocat.
1530 904 1772 975 Abyssus
1804 902 1981 967 Pater,
2014 900 2174 971 abys-

631 1023 723 1062 sus
770 1006 958 1062 Filius.
993 1004 1234 1073 Abyssus
1276 1007 1619 1070 peccatorum
1672 995 1888 1049 invocat
1914 994 2170 1065 abyssum

632 1098 1118 1158 commiserationis
1160 1095 1274 1159 Dei,
1310 1102 1405 1147 *ιιι
1460 1092 1575 1161 ipse
1623 1098 1903 1159 peccatum
1957 1087 2174 1159 frangat

630 1198 854 1265 ejusque
909 1198 1177 1253 auctores,
1244 1186 1479 1253 itemque
1533 1180 1968 1251 corruptionem;
2019 1194 2083 1235 ac
2121 1180 2168 1234 si

626 1287 789 1349 dicat,
825 1280 1029 1336 Mosest
1065 1278 1161 1333 tibi
1193 1284 1269 1341 ut,
1307 1271 1680 1344 peccatoribus
1715 1269 2165 1339 supplicantibus,

626 1376 810 1430 animo
830 1370 1078 1425 ﬂectaris.
1112 1364 1317 1436 Ecquid
1362 1377 1461 1417 nos
1506 1362 1737 1431 despicis
1777 1361 1869 1430 qui
1897 1360 1994 1415 tibi
2039 1375 2165 1428 pro-

623 1462 1004 1535 cumbimus?j

699 1558 748 1613 9.
776 1555 840 1610 In
862 1555 945 1608 die
969 1552 1237 1607 mandubit
1264 1550 1516 1605 Dominus
1540 1549 1955 1604 misericordiam
1991 1564 2163 1613 suam,

622 1659 833 1702 etnocte
856 1647 1115 1700 canticum
1139 1644 1271 1710 eius.
1305 1642 1464 1697 Aliud
1512 1649 1775 1697 memorat
1818 1640 2158 1695 miraculum.

623 1741 890 1811 Rapsaces
920 1738 1083 1803 enim,
1111 1752 1234 1792 cum
1256 1734 1647 1805 Jerosolymam
1676 1733 1997 1796 obsedisset,
2058 1733 2163 1785 mi-

622 1832 851 1885 nabatur
885 1843 951 1883 ne
1001 1827 1167 1882 Deum
1207 1824 1423 1895 quidem
1482 1838 1644 1894 posse
1699 1823 1907 1893 eripere
1952 1837 2046 1877 eos
2098 1821 2164 1876 de

618 1939 780 1977 manu
815 1921 1158 1992 Assyriorum
1186 1937 1199 1971 :
1227 1927 1285 1972 at
1308 1917 1445 1972 Deus
1476 1917 1626 1971 hisce
1651 1915 1832 1970 verbis
1888 1914 2162 1985 pollicitus

615 2024 700 2069 est
727 2033 739 2067 :
777 2011 1057 2081 Protegam
1081 2011 1212 2063 hanc
1240 2008 1414 2063 urbem
1449 2010 1508 2064 ¹¹.
1535 2008 1723 2063 Postea
1741 2021 1868 2061 vero
1896 2006 2164 2077 promissa

618 2106 925 2176 complens,
956 2119 1061 2158 una
1111 2112 1271 2158 nocte
1319 2110 1533 2158 centum
1595 2101 1869 2170 octoginta
1923 2098 2164 2169 quinque

616 2197 781 2251 millia
810 2195 1155 2265 Assyriorum
1183 2193 1381 2248 occidit
1401 2192 1465 2246 ¹⁸.
1494 2192 1560 2245 Ει
1598 2190 1702 2245 hoc
1724 2197 1803 2245 est
1836 2189 1980 2259 quod
1998 2188 2159 2243 dicit:

615 2286 679 2341 In
705 2287 788 2340 die
817 2284 1086 2339 mandabit
1108 2283 1369 2340 Dominus
1395 2280 1809 2335 misericordiam
1833 2295 2003 2333 suam.
2032 2276 2164 2333 Ora-

616 2380 687 2431 tio
718 2378 823 2431 Deo
850 2379 970 2430 vitta
1008 2390 1153 2429 mete.
1187 2371 1383 2443 Utpote
1434 2372 1526 2441 qui
1563 2371 1673 2439 jam
1702 2370 2011 2433 crediderit,
2042 2384 2163 2439 quae

616 2469 861 2525 fidelibus
925 2467 1274 2537 congruentia
1333 2464 1496 2521 verba
1553 2472 1681 2519 sunt
1722 2462 1945 2533 profert,
2006 2477 2160 2517 suam

613 2561 778 2618 vitam
810 2561 1121 2617 adscribens
1149 2558 1271 2629 ipsi.

684 2744 769 2797 11.
806 2743 991 2796 Dicam
1042 2741 1170 2806 Deo,
1204 2739 1483 2809 Susceptor
1530 2756 1674 2794 meus
1707 2755 1779 2793 es.
1809 2738 2043 2809 Populus
2074 2739 2161 2793 ille

613 2835 704 2905 qui
736 2834 1107 2904 paenitentiam
1134 2833 1242 2902 agit
1272 2831 1498 2886 resumit
1546 2829 2017 2900 supplicationem,
2049 2843 2163 2882 ma-

614 2944 695 2998 gis
722 2927 1003 2995 magisilue
1042 2924 1207 2978 Deum
1238 2938 1469 2978 evocans
1518 2921 1584 2975 ad
1604 2919 2054 2975 misericordiam.

677 3015 1006 3073 PSALMUS
1028 3017 1126 3084 ipsi
1159 3015 1350 3077 David,
1384 3014 1471 3083 qui
1516 3012 1655 3081 apud
1685 3010 1931 3067 Hebraeos
1958 3020 2097 3065 caret

1114 3106 1468 3176 inscriptione.
1486 3102 1670 3159 XLII.

691 3202 879 3256 Iudico
905 3200 1221 3269 me,Deus,et
1250 3200 1503 3262 discerne,
1533 3208 1635 3253 etc.
1656 3197 1753 3253 Hic
1774 3196 2014 3267 psalmus
2042 3194 2153 3265 (l5)

617 3296 860 3365 ejusdem
904 3302 986 3348 est
1033 3302 1193 3361 atque
1244 3291 1491 3359 superior
1516 3289 1840 3358 argumenti.
1881 3286 2156 3341 Accedunt

614 3386 757 3438 enim
784 3385 976 3437 iterum
1008 3381 1261 3437 Israelita:
1286 3381 1511 3435 salutem
1542 3395 1635 3449 per
1651 3380 1926 3434 Christum
1949 3386 2155 3449 partam

614 3476 969 3547 postulantes.
999 3474 1361 3541 Quamobrem
1392 3474 1499 3527 ait:
1527 3471 1722 3525 Emitte
1744 3471 1910 3524 lucem
1942 3479 2081 3522 tuam
2104 3480 2155 3522 et

611 3570 879 3624 veritatem
907 3578 1071 3620 luant.
1106 3565 1371 3619 Futurum
1414 3579 1646 3633 namque
1677 3572 1792 3617 erat
1844 3570 1903 3617 ut
1937 3563 2051 3632 ipse
2101 3560 2155 3613 in

615 3669 850 3714 montem
877 3666 1123 3711 sanctum
1159 3656 1279 3709 illos
1300 3654 1610 3720 adduceret,
1638 3654 1689 3708 id
1737 3664 1819 3708 est
1851 3654 1917 3707 ad
1958 3652 2156 3708 caelum

612 3761 667 3803 ct
693 3750 757 3804 ad
793 3763 1055 3818 supernas
1108 3748 1438 3809 mansiones,
1471 3762 1590 3816 qua:
1631 3745 1979 3800 tabernacula
2012 3761 2156 3798 nun—

613 3851 804 3911 cupat;
836 3855 1043 3895 necnon
1078 3839 1143 3892 ad
1166 3839 1445 3908 spirituale
1475 3839 1680 3892 altare:
1738 3837 1974 3891 futurum
2028 3837 2156 3891 item

610 3942 724 3987 erat
763 3941 820 3986 ut
844 3934 955 4001 ipse
977 3930 1270 3985 laetificaret
1300 3946 1488 3986 eorum
1542 3930 1899 4000 iuventutem.
1956 3927 2159 3983 Juven-

614 4033 779 4077 tutem
815 4034 993 4076 autem
1027 4032 1181 4077 vocat
1208 4022 1446 4076 laetitiam
1481 4037 1601 4091 quas
1623 4030 1677 4075 et
1704 4030 1925 4075 renovat
1964 4036 2155 4076 eorum

612 4126 866 4166 animam.
897 4110 1074 4177 Quare
1099 4111 1154 4165 in
1219 4111 1425 4167 cithara
1467 4112 1789 4181 pollicentur
1822 4127 1881 4167 se
1928 4111 2002 4165 illi
2030 4127 2158 4166 eon-

611 4201 898 4258 fessionem
940 4202 1236 4257 oblaturos.
1296 4200 1448 4271 Saepe
1494 4212 1673 4256 autem
1710 4201 2022 4257 monuimus
2074 4201 2154 4256 ci-

613 4296 777 4350 tharw
819 4296 1039 4350 nomine
1067 4310 1265 4364 corpus
1292 4309 1413 4349 esse
1447 4294 1876 4363 intelligendum.

787 4387 852 4441 In
903 4388 1059 4457 ﬁnem
1106 4387 1231 4455 ﬁliis
1282 4385 1412 4440 Core
1459 4387 1527 4439 ad
1555 4385 1976 4456 intelligentiam.

1096 4474 1431 4531 I’SALMUS
1457 4474 1676 4529 XLIII.

1188 4567 1584 4637 Argumentum.

636 4660 734 4714 Hic
761 4672 978 4728 quoque
1031 4657 1272 4726 psalmus
1317 4657 1491 4711 eidem
1554 4664 1871 4726 argumento
1921 4656 2150 4722 insistit;

675 4760 861 4821 estque
878 4749 1183 4812 hominum,
1211 4748 1303 4819 qui
1326 4748 1548 4818 antiqua
1571 4748 1830 4803 beneficia
1849 4756 2152 4811 recensent,

682 4851 737 4897 et
768 4840 971 4895 assumi
994 4839 1291 4910 postulant,
1322 4839 1449 4907 quia
1476 4840 1652 4908 ipsum
1680 4838 1966 4893 Dominum
2000 4855 2150 4907 spem

696 4933 799 4987 sibi
852 4932 1241 5001 ascripserunt,
1278 4938 1331 4984 et
1359 4931 1411 4983 in
1433 4931 1650 4985 nomine
1676 4931 1790 5001 ejus
1808 4931 2153 4987 confitentur.

683 5026 977 5079 Humiliata
1035 5036 1108 5079 est
1147 5027 1202 5079 in
1229 5024 1433 5094 pulvere
1478 5027 1655 5078 anima
1710 5035 1913 5081 nostra.
1967 5026 2045 5082 lta
2080 5029 2158 5082 lo-

611 5127 874 5189 quuntur,
898 5117 991 5187 qui
1033 5117 1237 5185 depulsi
1281 5132 1308 5169 a
1343 5131 1504 5169 sensu
1549 5131 1737 5170 eorum
1779 5134 1900 5186 quas
1951 5119 2156 5175 Christi

613 5220 760 5276 sunt,
796 5211 850 5263 in
875 5225 1089 5263 sensum
1123 5208 1395 5262 carnalem
1431 5214 1556 5261 sunt
1585 5206 1837 5278 delapsi.)

681 5302 835 5363 Deus,
858 5300 1073 5354 auribus
1106 5299 1299 5352 nostris
1324 5298 1635 5352 audivimus.

683 5393 763 5445 ιυ.
800 5388 955 5443 Nunc
999 5398 1171 5440 autem
1206 5385 1465 5455 repulisti,
1509 5394 1559 5437 et
1615 5389 1899 5453 confudisti
1950 5405 2059 5442 nos.
2091 5388 2159 5441 Et

614 5499 717 5535 non
739 5482 1035 5552 egredieris,
1069 5480 1227 5544 Deus,
1261 5481 1314 5532 in
1338 5479 1615 5531 virtutibus
1650 5480 2047 5547 nostris.0lim,
2080 5483 2162 5535 in-

614 5575 752 5645 quit,
795 5589 901 5627 una
952 5574 1231 5627 nobiscum
1278 5571 1572 5640 pngnabas.
1625 5569 1777 5625 Nunc
1825 5582 2000 5626 autem
2054 5589 2159 5627 non

688 5712 727 5741 ”
756 5707 820 5762 IV
849 5708 979 5777 Reg.
1012 5724 1121 5771 nx,
1151 5706 1236 5761 53.
1316 5706 1358 5736 "
1401 5706 1526 5760 ibid.
1561 5706 1648 5761 55.

689 5842 796 5915 (l5)
821 5844 919 5900 Est
944 5844 1229 5913 explicatio
1247 5842 1422 5899 brevis
1438 5842 1601 5897 totius
1622 5841 1811 5911 psalmi
1837 5841 2030 5896 Judica
2056 5860 2155 5901 me.

2276 636 2489 690 ἐδόκουν
2507 635 2604 707 μέν
2626 639 2673 690 οἱ
2710 636 2817 690 τῶν
2845 635 3100 706 κυμάτων
3130 636 3514 708 μετεωρισμοὶ,
3546 633 3825 689 τουτέστιν

2275 730 2329 782 αἱ
2366 727 2617 797 ὑψώσεις,
2651 730 2771 781 κατ’
2795 726 2970 781 αὐτῶν
3006 726 3261 798 φέρεσθαι
3284 743 3300 758 ο
3328 726 3445 779 ἀλλ’
3472 726 3690 797 ἠδίκουν
3735 724 3823 778 οὐ-

2273 820 2358 874 δέν
2377 837 2390 850 ’
2426 818 2604 890 ἐπάγη
2637 819 2743 889 γὰρ
2767 819 2900 872 ὡσεὶ
2929 822 3102 889 τεῖχος
3126 817 3196 871 τὰ
3224 818 3409 872 ὕδατα.

2342 912 2663 983 [Ἄϐυσσος
2714 911 2988 966 ἄϐυσσον
3047 910 3427 965 ἐπικαλεῖται.
3492 908 3760 971 ’Δδυσσος
3794 910 3825 961 6

2272 1003 2477 1074 Πατὴρ,
2505 1002 2735 1067 ᾶόυσσος
2760 1006 2789 1057 6
2845 1003 2988 1067 Υἱός.
3018 1000 3284 1066 ’Δϐυσσος
3311 1003 3345 1072 ὴ
3398 1000 3505 1055 τῶν
3537 999 3825 1074 ἁμαρτιῶν

2271 1094 2603 1148 ἐπικαλεῖται
2629 1094 2727 1165 τὴν
2743 1092 2971 1153 ἄϐυσσον
2998 1094 3095 1163 τῆς
3129 1092 3521 1162 εὐσπλαγχνίας
3542 1092 3636 1145 τοῦ
3662 1091 3821 1155 Θεοῦ,

2272 1189 2351 1251 εἰς
2381 1187 2441 1240 τὸ
2468 1186 2802 1259 καταρράξαι
2826 1185 2922 1257 τὴν
2954 1187 3223 1259 ἁμαρτίαν
3251 1187 3344 1240 καὶ
3371 1186 3494 1248 τοὺς
3512 1184 3713 1254 ταύτης
3739 1186 3824 1237 αἰ-

2268 1281 2413 1344 τίους
2443 1280 2534 1334 καὶ
2561 1280 2658 1351 τὴν
2676 1279 2895 1352 φθοράν·
2920 1274 3027 1333 οἷον
3045 1280 3125 1332 ὅτι
3147 1277 3307 1342 Ἔθος
3324 1295 3404 1331 σοι
3435 1279 3543 1342 τοῖς
3564 1277 3822 1348 ἁμαρτω-

2269 1373 2374 1436 λοῖς
2399 1372 2665 1444 δεομένοις
2686 1390 2777 1428 σου
2803 1372 3257 1442 ἐπικάμπτεσθαι.
3306 1372 3413 1424 Kal
3441 1371 3527 1425 ἶνα
3571 1370 3621 1424 τί
3644 1434 3647 1435 ν
3671 1369 3821 1440 ἡμᾶς

2270 1466 2635 1535 παραϐλέπεις
2669 1464 3104 1537 προσπίπτοντας
3131 1480 3242 1529 σοι;
3266 1462 3282 1535 ]

2349 1558 2587 1626 Ἡμέρας
2614 1556 2931 1610 ἐντελεῖται
2958 1556 3170 1623 Κύριος
3198 1556 3264 1608 τὸ
3295 1555 3465 1619 ἕλεος
3488 1554 3693 1617 αὐτοῦ,
3719 1551 3820 1606 καὶ

2266 1650 2485 1713 νυκτὸς
2516 1648 2637 1717 ᾠδὴ
2663 1650 2871 1703 αὑτοῦ.
2914 1648 3131 1720 Ἐτέρου
3164 1646 3322 1700 πάλιν
3368 1646 3635 1718 μέμνηται
3685 1644 3818 1699 θαύ-

2270 1758 2454 1811 ματος.
2496 1740 2555 1793 '0
2587 1740 2694 1811 γὰρ
2731 1740 3030 1811 Ῥαψάκης,
3065 1738 3472 1811 περικυκλώσας
3500 1738 3599 1809 τὴν
3629 1738 3821 1808 Ἰερου-

2268 1831 2465 1902 σαλὴμ,
2496 1832 2705 1901 ἠπείλει
2742 1832 2874 1901 μηδὲ
2906 1832 2994 1884 τὸν
3019 1831 3148 1883 Θεὸν
3180 1828 3378 1901 ἰσχύειν
3422 1827 3693 1893 ἐξελέσθαι
3717 1828 3818 1881 αὐ-

2267 1925 2389 1985 τοὺς
2412 1925 2475 1975 ἐκ
2507 1921 2685 1994 χειρὸς
2727 1920 3021 1993 Ἀσσυρίων
3042 1939 3053 1951 ο
3084 1921 3197 1975 ἀλλ’
3234 1919 3591 1990 ἐπηγγείλατο
3625 1921 3654 1972 ὁ
3684 1918 3818 1981 Θεὸς

2266 2014 2466 2081 λέγων·
2516 2013 2888 2082 ’Υπερασπιῶ
2931 2012 3080 2081 ὑπὲρ
3133 2010 3243 2080 τῆς
3293 2012 3521 2076 πόλεως
3571 2011 3813 2076 ταύτης.

2265 2099 2396 2156 Εἶτα
2427 2103 2523 2174 τὴν
2576 2103 2905 2172 ἐπαγγελίαν
2938 2102 3157 2174 πληρῶν
3189 2104 3245 2155 ἐν
3280 2104 3379 2173 μιᾷ
3422 2103 3575 2156 νυκτὶ
3624 2103 3819 2155 ἑκατὸν

2262 2195 2585 2267 ὀγδοήκοντα
2622 2195 2783 2249 πέντε
2831 2195 3072 2265 χιλιάδας
3120 2193 3293 2249 ἀνεῖλε
3332 2193 3438 2247 τῶν
3496 2192 3816 2265 Ἀσσυρίων.

2262 2286 2373 2341 Kal
2404 2284 2561 2339 τοῦτό
2617 2286 2796 2338 ἐστιν’
2836 2282 3083 2354 Ἡμέρας
3129 2280 3451 2336 ἐντελεῖται
3504 2282 3719 2349 Κύριος
3748 2280 3820 2333 τὸ

2262 2378 2432 2441 ἔλεος
2459 2374 2662 2432 αὐτοῦ.
2717 2373 3029 2443 Προσευχὴ
3056 2372 3137 2438 τῷ
3179 2371 3299 2438 Θεῷ
3341 2369 3451 2440 τῆς
3501 2369 3650 2439 ζωῆς
3675 2388 3815 2441 μου.

2274 2467 2360 2529 Ὡς
2383 2465 2481 2537 ἠδη
2509 2463 2884 2529 πεπιστευκὼς
2922 2464 2992 2517 τὰ
3033 2466 3144 2526 τοῖς
3187 2461 3497 2516 πιστεύουσι
3541 2462 3819 2532 πρέποντα

2261 2561 2522 2634 ἀναφέρει
2556 2561 2797 2632 ῥήματα,
2831 2558 2978 2630 αὐτῷ
3015 2557 3111 2629 τὴν
3133 2558 3336 2613 οίκείαν
3371 2555 3817 2626 ἀναγραφόμενος

2263 2655 2425 2725 ζωήν.

2342 2742 2485 2812 Ἐρῶ
2510 2744 2590 2809 τῷ
2622 2741 2762 2809 Θεῷ,
2796 2741 3187 2811 Ἀντιλήπτωρ
3209 2758 3326 2808 μου
3351 2736 3423 2794 εἳ.
3462 2738 3815 2805 Ἐπαναλαμ-

2260 2835 2410 2888 ϐάνει
2440 2836 2537 2905 τὴν
2565 2831 2840 2903 ἱκετηρίαν
2862 2834 2890 2885 6
2923 2829 3340 2905 μεταγινώσκων
3362 2829 3506 2893 λαὸς,
3525 2830 3615 2883 ἐπὶ
3631 2828 3816 2881 πλεῖον

2261 2924 2652 2995 ἐκκαλούμενος
2685 2926 2762 2987 εἰς
2795 2922 2941 2976 έλεον
2968 2923 3057 2976 τὸν
3088 2921 3240 2976 Θεὸν.

2429 3018 2734 3071 ΨΑΛΜΟΣ
2763 3014 2841 3079 τῷ
2868 3013 3047 3068 Δαυῒδ
3075 3013 3474 3083 ἀνεπίγραφος
3509 3028 3627 3079 παρ

2800 3107 3105 3173 Ἑϐραίοις.
3139 3107 3273 3157 MB’.

2329 3200 2544 3271 Κρῒνόν
2574 3216 2669 3270 με,
2726 3200 2760 3253 δ
2797 3198 2959 3265 Θεὸς,
2999 3199 3097 3252 καὶ
3157 3196 3426 3251 δικασον.
3482 3194 3592 3265 Τὴν
3643 3193 3818 3263 αὐτὴν

2260 3294 2508 3350 ὑπόθεσιν
2539 3291 2614 3363 τῷ
2647 3291 2818 3345 ὀπίσω
2850 3292 2942 3345 καὶ
2971 3292 3000 3344 6
3028 3287 3213 3361 παρὼν
3246 3288 3355 3358 ἔχει
3382 3284 3590 3357 ψαλμός
3640 3284 3818 3356 Προσ-

2258 3389 2505 3460 έρχονται
2536 3384 2645 3456 γὰρ
2688 3383 2847 3437 πάλιν
2877 3384 2927 3436 οί
2974 3381 3034 3447 ἐξ
3077 3380 3289 3452 Ἰσραὴλ
3313 3381 3409 3449 τὴν
3439 3378 3526 3432 διὰ
3576 3375 3815 3449 Χριστοῦ

2261 3478 2531 3548 σωτηρίαν
2567 3474 2953 3545 ἐξαιτούμενοι.
2981 3471 3072 3525 Διό
3114 3488 3275 3541 φησιν
3297 3486 3311 3499 ·
3357 3469 3819 3533 Ἐξαπόστειλον

2256 3568 2322 3621 τὸ
2346 3566 2468 3636 φῶς
2496 3583 2611 3621 σου
2639 3567 2735 3619 καί
2761 3564 2874 3634 τὴν
2902 3562 3189 3632 ἀλήθειαν
3221 3577 3354 3615 σου.
3383 3557 3551 3622 Αὐτὸς
3580 3556 3689 3627 γὰρ
3710 3557 3814 3609 αὐ-

2256 3660 2379 3723 τοὺς
2398 3659 2488 3712 καὶ
2504 3659 2580 3720 είς
2612 3658 2671 3710 τὸ
2696 3655 2843 3724 ἅγιον
2858 3656 2980 3727 ὅρος
3031 3654 3266 3723 εἰσάγειν
3294 3652 3508 3724 ἔμελλε,
3531 3650 3815 3703 τουτέστιν

2257 3754 2337 3816 είς
2361 3751 2450 3804 τὸν
2482 3749 2708 3822 οὐρανὸν
2742 3750 2831 3801 καὶ
2862 3749 2941 3811 είς
2987 3746 3086 3810 τὰς
3130 3746 3240 3799 ἄνω
3272 3744 3457 3817 μονὰς,
3494 3744 3669 3812 ἇσπερ
3718 3743 3817 3795 καὶ

2260 3842 2586 3913 σκηνώματα
2601 3840 2851 3912 ὀνομάζει
2870 3856 2885 3871 ο
2909 3839 3001 3893 καὶ
3027 3839 3107 3902 είς
3126 3838 3187 3891 τὸ
3207 3838 3392 3907 νοητὸν
3408 3836 3811 3907 θυσιαστήριον

2259 3931 2353 3986 καὶ
2384 3932 2543 3994 αὐτὸς
2588 3928 2765 3983 αὐτῶν
2797 3928 3016 3999 ἔμελλεν
3063 3928 3369 3999 εὐφραίνειν
3402 3925 3498 3996 τὴν
3557 3924 3810 3994 νεότητα.

2258 4024 2501 4094 Νεότητα
2524 4022 2580 4075 δὲ
2614 4021 2766 4075 καλεῖ
2788 4020 2882 4091 τὴν
2914 4019 3267 4093 εὐφροσύνην,
3300 4019 3398 4089 τὴν
3432 4019 3524 4072 καὶ
3552 4018 3813 4071 ἀνανεού-

2261 4115 2425 4187 μένην
2478 4114 2652 4167 αὐτῶν
2685 4114 2782 4183 τὴν
2822 4113 3015 4183 ψυχήν.
3064 4111 3153 4164 Διὸ
3192 4111 3284 4163 καὶ
3351 4112 3407 4162 ἐν
3445 4108 3643 4179 κιθάρᾳ
3706 4108 3815 4160 ὐπ-

2261 4206 2560 4277 ισχνοῦνται
2589 4204 2732 4275 αὐτῷ
2748 4203 3071 4275 προσφέρειν
3096 4202 3191 4273 τὴν
3220 4200 3615 4272 ἐξομολόγησιν.
3642 4199 3817 4253 Κιθα-

2260 4313 2356 4368 ραν
2379 4296 2434 4348 δὲ
2460 4294 2718 4357 πολλάκις
2750 4293 2811 4346 τὸ
2838 4294 2998 4362 σῶμα
3024 4296 3162 4346 νοεῖν
3195 4292 3526 4363 ἐδιδάξαμεν.

2366 4388 2466 4452 Et;
2494 4385 2560 4439 τὸ
2584 4383 2757 4451 τέλος
2784 4384 2907 4450 τοῖς
2938 4383 3087 4449 υἱοῖς
3126 4384 3275 4452 Κορὲ
3315 4386 3401 4449 είς
3428 4384 3701 4437 σύνεσιν.

2786 4479 3091 4532 ΨΑΛΜΟΣ
3154 4479 3293 4531 ΜΡ.

2878 4569 3198 4635 Ὺπόθεσις.

2264 4662 2397 4733 [Kal
2425 4661 2504 4715 ἐτι
2534 4654 2686 4725 οὗτος
2698 4678 2796 4731 της
2823 4660 2992 4730 αὐτῆς
3014 4660 3318 4725 ὑποθέσεως
3345 4660 3555 4731 ἔχεται·
3586 4658 3686 4723 τὰς
3712 4676 3816 4713 πα-

2335 4753 2490 4816 λαιὰς
2524 4753 2835 4825 εὐεργεσίας
2866 4752 3263 4823 διηγουμένων,
3287 4754 3378 4806 καὶ⁵
3410 4750 3819 4825 προσληφθῆναι

2330 4844 2621 4911 ἀξιούντων
2654 4845 2740 4898 διὰ
2768 4845 2859 4897 τοῦ
2888 4844 3046 4899 αὐτὸν
3068 4844 3457 4916 ἐπιγράφεσθαι
3480 4842 3577 4913 τὴν
3604 4844 3816 4905 ἐλπίδα,

2334 4938 2425 4990 καὶ
2448 4936 2539 4989 ἐπὶ
2562 4935 2639 5006 τῷ
2662 4936 2884 5007 ὀνόματι
2907 4936 3069 4989 αὐτοῦ
3100 4934 3551 5007 ἐξομολογεῖσθαι.

2350 5026 2730 5096 Ὲταπεινώθη
2761 5030 2847 5093 είς
2876 5028 3027 5096 χοῦν
3052 5030 3090 5097 ἡ
3115 5028 3285 5098 ψυχὴ
3314 5026 3498 5097 ἡμῶν.
3529 5025 3687 5080 Οῦτω
3715 5044 3819 5095 φα-

2268 5120 2350 5174 σὶν
2395 5120 2601 5189 ἐπειδὴ,
2662 5120 3007 5191 ἀπωσάμενοι
3064 5123 3277 5191 φρονεῖν
3321 5119 3390 5172 τὰ
3444 5115 3704 5189 Χριστοῦ,
3740 5119 3819 5179 εἰς

2265 5213 2517 5281 φρόνημα
2554 5212 2808 5283 σαρκικὸν
2837 5210 3222 5284 κατέστησαν]

2347 5304 2407 5356 '0
2423 5306 2654 5371 Κύριος,
2670 5305 2740 5358 ἐν
2756 5305 2877 5371 τοῖς
2895 5304 3044 5358 ὠσίν
3072 5303 3237 5373 ἡμῶν
3258 5305 3617 5372 ἠκούσαμεν.

2337 5394 2486 5448 Νυνὶ
2502 5395 2569 5447 δὲ
2581 5394 2817 5463 ἀπώσω,
2841 5395 2939 5451 καί
2967 5396 3352 5465 κατῄσχυνας
3370 5392 3544 5462 ἡμᾶς.
3581 5393 3691 5447 Καὶ
3710 5394 3820 5445 οὐκ

2266 5490 2575 5557 ἐξελεύσῃ.
2596 5489 2755 5553 Θεὸς,
2773 5488 3307 5558 ἐνταῖςδυνάμεσιν
3317 5485 3496 5555 ἡμῶν.
3515 5485 3708 5543 Πάλαι,
3729 5501 3820 5552 φη.

2270 5581 2370 5647 σιν,
2392 5582 2833 5653 συνεστρατήγεις
2854 5583 3001 5652 ἡμῖν’
3015 5582 3108 5637 νῦν
3121 5581 3176 5635 δὲ
3194 5580 3254 5634 οὐ
3272 5580 3427 5651 μόνον
3447 5579 3507 5632 οὐ
3523 5573 3819 5645 συνεξέρχῃ
