4034 6446
159 417 265 473 205

1220 400 1581 457 EXPOSITIO
1621 400 1685 455 IN
1720 399 2047 456 PSALMUM
2083 399 2262 453 XLI“.

3280 402 3384 456 206

158 533 313 601 ἡμῖν,
343 526 478 581 ἀλλά
512 527 602 578 καὶ
634 523 978 595 ἀπέστρεψας
1016 523 1178 591 ἡμᾶς,
1216 522 1291 584 ώς
1342 522 1431 573 καὶ
1462 523 1574 582 τοῖς
1628 538 1714 590 μι-

1830 520 1979 573 modo
2006 534 2111 572 non
2138 520 2418 572 nobiscum
2451 517 2694 585 procedis
2718 517 2780 570 ad
2806 532 3037 587 pugnam
3065 519 3189 581 ;sed
3213 521 3378 573 etiam

161 618 506 688 σοῦσινήμᾶς
556 615 803 685 γενέσθαι
835 616 911 675 είς
946 613 1267 684 διαρπαγήν.
1319 612 1499 664 Ταῦτα
1526 611 1581 663 δέ
1617 628 1719 679 φη-

160 726 245 762 σιν
276 710 304 760 ὁ
330 708 487 778 χορὸς
517 709 545 759 ὁ
569 705 897 775 προφητικδς
928 703 1288 772 οἰκειούμενος
1326 703 1417 756 τοῦ
1464 701 1593 755 λαοῦ
1625 702 1721 764 τὰς

162 800 471 870 συμφοράς·

228 912 341 967 Καὶ
370 914 422 964 οί
445 910 765 980 μισοῦντες
791 906 945 977 ἡμᾶς
967 906 1284 975 διήρπαζον
1313 906 1562 971 ἑαυτοῖς.
1604 907 1723 959 Ἐκ-

160 1003 486 1073 λάγμασιν,
515 1002 701 1071 φησὶν,
719 1002 865 1071 ἡμᾶς
892 1003 970 1062 είς
995 1001 1234 1069 ἀτιμίαν.

230 1093 341 1148 Καὶ
373 1094 483 1144 οὐκ
529 1087 861 1160 ἦν’-πλῆθος
898 1090 967 1141 ἐν
992 1088 1115 1153 τοῖς
1144 1086 1563 1156 ἀλαλάγμασιν
1592 1086 1721 1157 [(Ll-

157 1182 487 1255 λάγμασιν]
740 1181 1070 1251 Ἀλαλαγμός
1108 1183 1253 1233 ἐστιν
1295 1181 1554 1243 ἐπινίκιος
1592 1181 1720 1250 ᾠδή.

170 1277 229 1328 '0
250 1275 309 1326 δὲ
334 1273 454 1336 νοῦς
477 1268 646 1335 οὗτος·
680 1271 883 1335 Οὖτως,
909 1270 1091 1338 φησὶν,
1126 1270 1433 1340 ἀπέρριψας
1464 1270 1607 1340 ἡμᾶς
1650 1269 1724 1332 ὡς

156 1366 258 1418 καὶ
285 1365 486 1432 ὀλίγοις
519 1364 664 1434 ἡμᾶς
704 1362 1019 1433 ἡττηθῆναι,
1064 1361 1156 1413 καὶ
1202 1360 1327 1424 τοὺς
1363 1360 1723 1424 ἀλαλάζοντας

160 1458 286 1510 καθ’
322 1457 475 1527 ἡμῶν
506 1454 729 1526 μικροὺς
769 1450 903 1506 εἶναί
925 1470 1095 1515 τινας.

241 1571 421 1622 Ἔθου
448 1566 602 1636 ἡμᾶς
630 1565 855 1629 ὄνειδος
885 1563 1009 1629 τοῖς
1030 1565 1291 1632 γείτοσιν
1322 1561 1508 1631 ἡμῶν.
1541 1563 1723 1615 Πάντα

160 1663 263 1713 ὅσα
296 1660 559 1729 ἐποίησαν
598 1659 677 1720 είς
721 1656 951 1726 Χριστὸν
983 1654 1295 1707 ἀποδέδοται
1327 1654 1538 1716 αὐτοῖς’
1570 1653 1719 1705 ὠνεί-

161 1752 339 1812 δισαν,
362 1747 774 1817 ώνειδίσθησαν·
808 1745 1102 1814 ἐχλεύασαν
1124 1785 1138 1808 ,
1172 1744 1677 1814 ἀντεχλευάσθησαν
1708 1762 1720 1772 ·

1827 611 2069 665 avertisti
2104 624 2226 672 nos,
2255 617 2313 661 ut
2346 607 2583 661 inimicis
2624 607 2782 661 ctiam
2842 606 3045 659 nostris
3089 605 3378 675 direptioni

1827 703 2017 756 simus.
2055 699 2179 754 Haec
2201 708 2379 752 autem
2418 700 2803 767 prophetarum
2826 697 3027 752 chorus
3062 697 3214 760 dicit,
3245 714 3381 765 qua-

1826 793 1869 845 si
1903 791 2004 845 sibi
2033 790 2281 859 proprias
2310 805 2598 843 recensens
2625 789 2809 857 populi
2846 788 3203 843 calamitates.

1901 906 1984 957 11.
2018 904 2085 957 Et
2115 904 2202 972 qui
2228 902 2444 955 oderunt
2474 920 2564 954 nos
2599 902 2915 969 diripiebant
2948 900 3066 953 sibi.
3105 900 3184 953 Ad
3218 900 3370 968 igno-

1827 998 2075 1055 miniam.
2110 995 2305 1063 inquit,
2334 1010 2434 1047 nos
2454 993 2741 1047 tradidisti.

1898 1089 1982 1143 15.
2006 1089 2074 1139 Et
2107 1103 2204 1139 non
2232 1087 2331 1154 fuit
2364 1086 2640 1138 multitudo
2658 1086 2710 1137 in
2729 1085 3137 1153 jubilationibus
3168 1086 3379 1136 nostris.

1824 1178 2103 1241 Jubilatio.
2134 1187 2217 1232 est
2247 1179 2485 1232 victoria:
2540 1177 2835 1231 canticum.
2876 1175 3154 1230 Sententia
3202 1188 3380 1228 autem

1827 1274 1942 1329 haec
1980 1283 2100 1327 est:
2146 1271 2241 1334 lta,
2283 1270 2475 1340 inquit,
2506 1284 2607 1324 nos
2652 1269 2925 1351 abjecisti,
2957 1279 3092 1323 utet
3138 1285 3165 1321 a
3201 1268 3384 1337 paucis

1828 1382 2183 1436 superentur,
2246 1375 2299 1418 et
2348 1363 2438 1432 qui
2491 1363 2731 1417 victoriae
2780 1376 2996 1416 carmen
3048 1372 3235 1415 contra
3286 1375 3385 1411 nos

1828 1457 1993 1514 edunt
2023 1456 2237 1510 modico
2265 1456 2372 1509 sint
2401 1469 2647 1508 numero.

1906 1569 1986 1625 Μ.
2013 1568 2246 1621 Posuisti
2276 1584 2367 1621 nos
2389 1568 2722 1637 opprobrium
2749 1568 2933 1620 vicinis
2970 1567 3184 1620 nostris.
3219 1563 3380 1629 Qum-

1827 1677 2039 1731 cunque
2064 1662 2119 1713 in
2144 1661 2420 1713 Christum
2464 1658 2743 1721 fecerunt,
2786 1658 2917 1726 ipsis
2957 1658 3195 1711 vicissim
3240 1657 3380 1709 illata

1827 1760 1988 1803 sunt:
2016 1750 2411 1819 vituperarunt,
2442 1750 2729 1817 vituperati
2765 1756 2890 1800 sunt
2926 1765 2937 1799 :
2971 1747 3276 1805 irriserunt,
3314 1746 3383 1795 ir-

159 1842 423 1911 ὲκίνησαν
454 1838 540 1891 ἐπ’
570 1836 715 1907 αὺτῷ
761 1836 857 1899 τὰς
892 1834 1151 1904 κεφαλὰς,
1188 1835 1441 1905 ἐκίνησαν
1486 1836 1580 1887 καὶ
1612 1834 1725 1885 ἓτε-

1830 1842 1925 1895 risi
1957 1851 2117 1895 sunt:
2179 1842 2354 1909 capita
2398 1849 2681 1894 moverunt
2708 1840 2762 1892 in
2793 1854 2940 1902 eum,
2966 1839 3144 1905 capita
3196 1851 3380 1891 move-

163 1950 247 2002 ροι
274 1932 372 1994 τὰς
397 1928 636 1999 κεφαλὰς
669 1929 754 1979 ἐπ’
783 1928 985 1989 αὐτοῖς.

248 2022 444 2088 Ὅλην
470 2020 581 2087 τὴν
608 2018 833 2088 ἡμέραν
862 2018 899 2085 ἠ
928 2014 1184 2086 ὲντροπή
1202 2032 1319 2085 μου
1348 2015 1733 2069 κατεναντίον

160 2131 277 2183 μου
301 2110 491 2165 ἐστίν.
516 2108 735 2181 Μακρά,
755 2109 935 2180 φησὶν,
968 2106 1061 2161 καὶ
1093 2105 1342 2178 διηνεκὴς
1373 2108 1405 2177 ἡ
1435 2105 1553 2161 καθ’
1580 2106 1732 2176 ἡμῶν

161 2202 355 2269 γέγονε
390 2196 641 2268 αἰσχύνη.

242 2290 436 2347 Ταῦτα
462 2288 656 2342 πάντα
680 2282 865 2357 ἦλθον
890 2285 981 2355 ἐφ’
999 2283 1173 2355 ἡμᾶς,
1198 2286 1420 2339 καὶούκ
1447 2284 1729 2338 ἐπελαθό-

158 2381 317 2451 μεθὰ
341 2398 477 2435 σου.
513 2381 650 2451 Ἤδη
693 2379 899 2452 ιφημεν
922 2421 936 2444 ,
968 2380 1047 2445 ὡς
1095 2382 1144 2434 oi
1194 2378 1466 2452 προφῆται
1499 2378 1635 2430 εἰσιν
1682 2377 1729 2428 οἱ

163 2475 527 2545 αναφὲροντες
554 2473 655 2545 τὴν
685 2472 963 2544 ἱκετηρίαν
992 2474 1056 2525 ὲκ
1084 2470 1380 2543 προσώπου
1425 2469 1518 2523 τοῦ
1567 2467 1695 2520 λαοῦ
1714 2509 1729 2531 ,

161 2562 488 2618 οἰκειοποιού
498 2582 647 2634 μενοι
670 2564 739 2618 τὰ
751 2563 839 2617 διὰ
854 2564 951 2627 τὰς
966 2562 1143 2616 αὐτῶν
1160 2561 1430 2633 ἁμαρτίας
1450 2577 1510 2613 συ
1518 2559 1729 2629 μὸἀντα

166 2674 337 2710 κακα.

234 2748 346 2802 Καὶ
367 2746 680 2812 ἐξέκλινας
701 2746 807 2811 τὰς
842 2745 1077 2813 τρίϐους
1112 2742 1284 2812 ἡμῶν
1312 2741 1428 2793 ἀπὸ
1454 2738 1563 2807 τῆς
1586 2735 1729 2792 ὀδοῦ

165 2853 301 2893 σου.
340 2836 524 2890 Ταῦτά
560 2853 742 2905 φασιν,
786 2836 889 2898 ὅτι,
932 2833 1298 2904 ἀσεϐήσαντες
1348 2833 1426 2893 είς
1472 2830 1726 2900 Χριστὸν,

166 2932 259 2985 καὶ
285 2928 381 2982 τοῦ
415 2927 587 2980 τελεῖν
614 2926 709 2997 τὴν
732 2925 872 2978 κο.τά
898 2925 1059 2995 νόμον
1093 2924 1282 2977 θυσίαν
1312 2920 1647 2992 ἐξώσθησαν.

236 3042 370 3095 Ὀτι
418 3040 820 3103 ἐταπείνωσας
868 3036 1026 3107 ἡμᾶς
1073 3038 1142 3089 ἐν
1182 3038 1339 3100 τόπῳ
1389 3033 1726 3101 κακώσεως.

166 3132 340 3185 Τοῦτό
378 3148 540 3201 φησιν
568 3130 655 3183 διὰ
676 3132 737 3183 τὸ
774 3130 938 3201 μηδὲν
985 3129 1063 3181 ἔτι
1091 3127 1344 3182 δύνασθαι
1378 3130 1592 3197 φρονεῖν
1620 3126 1729 3178 τῶν

162 3220 513 3293 ἐπηρμένων·
543 3222 651 3274 Καὶ
681 3220 910 3291 ήλεγξας
949 3221 1095 3290 ἡμᾶς
1131 3221 1187 3271 ὲν
1229 3218 1306 3286 τῷ
1341 3218 1529 3286 κόσμῳ
1558 3219 1733 3287 ήμαρ-

163 3314 421 3385 τηκότας.
481 3312 591 3368 Καὶ
630 3312 1017 3379 ἐπεκάλυψεν
1064 3307 1212 3377 ἡμᾶς
1261 3310 1404 3361 σκιὰ
1450 3307 1726 3362 θανάτου.

164 3404 270 3456 Τὸν
304 3402 495 3456 σκότον
525 3402 615 3454 τὸν
640 3402 927 3469 γενόμενον
956 3402 1013 3451 ὲν
1034 3402 1153 3462 ταῖς
1182 3398 1288 3452 τῶν
1313 3398 1730 3468 ἀπιστησάντων

163 3494 419 3566 καρδίαις
445 3493 857 3563 κατασημαίνει.

235 3589 311 3641 El
331 3584 735 3653 ἐπελαϐόμεθα
767 3583 873 3637 τοῦ
903 3584 1191 3652 ὀνόματος
1228 3582 1332 3635 τοῦ
1367 3582 1515 3636 Θεοῦ
1544 3580 1727 3650 ἡμῶν.

163 3674 338 3745 Τοῦτό
394 3690 578 3743 φασιν,
622 3672 697 3734 ώς
746 3671 940 3743 μηκέτι
976 3669 1110 3741 μετά
1150 3670 1247 3740 τὴν
1301 3670 1608 3723 τελευταίαν
1642 3669 1733 3721 ἐκ-

164 3783 375 3821 πτωσιν
402 3764 973 3835 είδωλολατρήσαντες,
1008 3762 1041 3832 ἢ
1068 3762 1226 3815 πάλιν
1251 3762 1323 3824 ώς
1358 3764 1421 3815 ἐκ
1442 3759 1730 3831 προσώπου

162 3857 275 3911 τῶν
298 3856 615 3929 προφητῶν.

237 3972 362 4025 Ὅτι
382 3968 563 4024 ἕνεκά
588 3984 703 4023 σου
736 3968 1140 4035 θανατούμεθα
1167 3966 1320 4032 ὅλην
1345 3964 1457 4033 τὴν
1482 3964 1728 4034 ἡμέραν.

163 4064 393 4135 Ὅμοιον
416 4062 493 4132 τῷ
520 4059 810 4132 εἰρημένῳ
844 4059 1307 4125 Ἐλιθάσθησαν,
1333 4058 1730 4126 ἐπρίσθησαν,

165 4156 236 4210 ἂν
280 4156 445 4224 φόνῳ
474 4153 769 4223 μαχαίρας
807 4150 1126 4205 ἀπέθανον.
1180 4150 1387 4221 Ὠσπερ
1428 4149 1482 4201 δὲ
1528 4149 1597 4201 τά
1638 4147 1731 4201 τοῦ

165 4245 302 4302 λαοῦ
336 4246 706 4315 ἁμαρτήματα
727 4239 1199 4305 οίκειοποιοῦνται,
1226 4241 1367 4293 οὕτω
1388 4242 1480 4293 καὶ
1513 4241 1581 4293 τά
1610 4242 1734 4293 ἑαυ-

164 4339 277 4392 τῶν
315 4336 494 4405 ἀγαθά
541 4338 620 4398 είς
662 4334 948 4405 πρόσωπον
985 4332 1172 4403 ὥσπερ
1208 4333 1301 4385 τοῦ
1355 4331 1485 4385 λαοῦ
1530 4331 1731 4399 ἀναφέ-

167 4446 377 4501 ρουσιν,
412 4426 658 4498 καθάπερ
689 4426 806 4488 ἑνὸς
826 4426 978 4487 ὄντος
1009 4423 1256 4495 σώματος
1280 4424 1373 4477 τοῦ
1418 4424 1635 4486 παντός.
1663 4424 1731 4475 Ἣ

1832 1941 1960 1985 runt
1992 1931 2043 1983 in
2074 1930 2195 1984 illos
2219 1930 2331 1983 alii.

1914 2020 2000 2075 16.
2038 2018 2169 2073 Tota
2191 2020 2276 2074 die
2304 2022 2615 2073 uerecundia
2642 2036 2753 2072 mea
2777 2028 2960 2071 contra
2992 2036 3071 2072 me
3114 2031 3207 2071 est.
3255 2017 3384 2071 Diu-

1832 2123 2011 2178 turna,
2035 2112 2233 2182 inquit,
2266 2121 2319 2166 et
2339 2110 2558 2167 assidua
2581 2110 2678 2165 l’uit
2704 2111 3025 2165 verecundia
3076 2121 3278 2164 nostra.

1912 2290 2153 2347 18.11‹εε
2209 2292 2389 2344 omnia
2453 2299 2699 2346 venerunt
2750 2307 2905 2359 super
2957 2307 3074 2355 nos,
3107 2307 3197 2344 nec
3236 2289 3386 2343 obliti

1830 2402 2012 2441 sumus
2035 2394 2103 2440 te.
2133 2383 2250 2438 Jam
2281 2384 2518 2439 diximus
2551 2383 2840 2454 prophetas
2855 2398 2973 2438 esse
2996 2382 3088 2454 qui
3112 2399 3177 2437 ex
3202 2384 3385 2453 populi

1832 2490 2065 2545 persona
2096 2474 2522 2545 supplicationes
2550 2472 2802 2540 oﬂerunt,
2834 2476 2995 2544 quasi
3029 2474 3244 2543 propria
3275 2474 3377 2525 sibi

1829 2575 2143 2636 reputantes
2169 2566 2311 2619 mala
2344 2566 2442 2635 ipsi
2459 2574 2802 2634 peccatorum
2832 2580 2997 2620 causa
3023 2564 3381 2619 obvenicntia.

1915 2751 1999 2804 i9.
2037 2751 2100 2804 Et
2129 2752 2406 2803 declinain
2433 2751 2647 2803 semitas
2690 2761 2894 2802 nostras
2929 2767 2959 2802 a
3001 2751 3082 2801 via
3116 2761 3228 2803 tua.
3264 2746 3385 2802 Hec

1830 2845 2001 2903 aiunt.
2036 2845 2163 2913 quia
2192 2859 2316 2898 cum
2363 2858 2489 2911 erga
2538 2842 2812 2896 Christum
2862 2840 3023 2909 impie
3070 2842 3324 2907 egissent,
3355 2856 3384 2890 a

1832 2935 2097 2989 sacriﬁcio
2146 2936 2301 3003 juxta
2331 2936 2497 3003 legem
2519 2933 2795 2989 offerendo
2827 2932 3056 2987 cohibiti
3098 2939 3243 2983 sunt.

1919 3044 2007 3098 90.
2039 3044 2297 3110 Quoniam
2347 3044 2640 3096 liumiliasti
2679 3060 2771 3095 nos
2821 3045 2873 3095 in
2930 3044 3043 3095 loco
3068 3041 3384 3110 aﬂlictionis.

1832 3135 1943 3191 Hoc
1971 3138 2047 3190 ait
2074 3138 2199 3205 quia
2228 3138 2294 3190 de
2325 3134 2727 3201 iusurgcntibus
2745 3135 2901 3187 malis
2934 3133 3063 3202 quid
3097 3134 3386 3185 azstimaret

1833 3244 1940 3282 non
1972 3229 2235 3282 haberet:
2285 3227 2349 3281 Et
2390 3230 2683 3299 coarguisti
2741 3244 2837 3280 nos
2892 3226 2962 3280 ob
3002 3226 3297 3278 admissum
3333 3224 3383 3275 iu

1832 3319 2035 3373 mundo
2060 3328 2358 3388 peccatum.
2403 3318 2467 3369 Et
2512 3321 2774 3383 cooperuit
2822 3334 2914 3370 nos
2958 3319 3143 3368 umbra
3177 3317 3384 3367 mortis.

1832 3410 2107 3466 Tenebras
2143 3410 2411 3479 signiﬁcat
2428 3410 2721 3463 inlidelium
2740 3411 2994 3463 cordibus
3007 3406 3382 3462 circumfusas.

1905 3588 2072 3645 21.δὶ
2097 3590 2243 3643 obliti
2280 3606 2459 3644 sumus
2492 3606 2672 3642 nomen
2724 3589 2815 3641 De:
2847 3590 3027 3641 nostri.
3062 3587 3173 3640 lloc
3215 3587 3383 3647 aiunt.

1832 3684 1959 3750 quia
2013 3682 2219 3736 scilicet
2255 3697 2282 3734 a
2323 3691 2597 3749 postremo
2643 3697 2742 3735 suo
2778 3681 2928 3748 lapsu
2990 3695 3096 3731 non
3160 3680 3383 3731 ulterius

1833 3773 1977 3827 idola
2001 3772 2305 3833 coluerunt,
2351 3780 2443 3824 aut
2472 3786 2687 3825 rursum
2744 3784 2840 3823 ceu
2892 3784 2957 3821 ex
2996 3783 3227 3836 persona
3258 3785 3381 3825 oro-

1832 3862 2137 3930 phetarum.

1896 3976 1984 4030 2‘2.
2014 3978 2152 4041 Quia
2179 3986 2385 4045 propter
2422 3985 2469 4029 te
2491 3975 2874 4037 mortiﬁcamur
2917 3984 3027 4026 tota
3070 3972 3170 4023 die.
3200 3970 3387 4024 Simile

1835 4070 1961 4125 huic
1986 4080 2102 4125 est:
2130 4068 2379 4139 Lapidati
2402 4080 2542 4131 sunt,
2571 4070 2695 4120 secti
2719 4076 2859 4127 sunt,
2899 4068 2951 4117 in
2977 4066 3232 4117 occisione
3271 4065 3387 4133 gla-

1834 4162 1909 4214 dii
1940 4162 2132 4214 mortui
2171 4171 2292 4213 sunt
2332 4161 2393 4213 ¹δ.
2452 4157 2921 4224 Quemadmodum
2972 4166 3149 4209 autem
3177 4156 3385 4225 .‘populi

1834 4262 2051 4322 peccata
2080 4253 2181 4307 sibi
2210 4250 2425 4321 propria
2484 4248 2692 4302 faciunt
2738 4250 2807 4302 ita
2836 4258 2889 4300 et
2918 4262 3014 4301 sua
3061 4247 3199 4300 bona
3229 4247 3384 4315 quasi

1836 4345 1899 4398 ad
1928 4344 2111 4414 populi
2171 4357 2454 4412 personam
2488 4340 2752 4403 referunt,
2785 4356 2849 4395 ac
2877 4340 2919 4393 si
2976 4356 3141 4393 unum
3190 4354 3387 4405 corpus

1834 4452 2024 4490 omnes
2056 4435 2182 4489 sint.
2215 4432 2311 4487 Vel
2341 4434 2442 4487 hoc
2485 4434 2677 4487 modo:
2709 4432 2791 4486 0b
2812 4444 3051 4486 nostram
3086 4433 3137 4483 in
3172 4441 3241 4494 te,
3290 4432 3383 4491 ait,

165 4522 263 4576 καὶ
284 4521 456 4583 οὕτως
474 4537 488 4550 ’
520 4518 619 4571 Διά
643 4519 740 4588 τὴν
766 4518 846 4580 είς
888 4516 947 4569 σὲ
982 4520 1265 4584 γεγονυῖαν
1294 4518 1423 4586 ἡμῖν
1452 4516 1727 4577 ἀπιστίαν,

1835 4526 2201 4580 inﬁdelitatem
2236 4526 2287 4577 in
2312 4534 2518 4578 tantum
2547 4523 2755 4576 ruimus
2780 4522 2926 4582 mali,
2982 4530 3040 4575 ut
3069 4521 3277 4575 similes
3314 4521 3385 4571 si-

167 4614 355 4684 υησὶν,
382 4612 461 4673 εἰς
487 4595 736 4662 τοσοῦτον
767 4608 972 4677 ἥκομεν
1009 4608 1175 4661 κακὸν
1194 4647 1208 4669 ,
1254 4607 1329 4669 ώς
1362 4606 1593 4659 ἑοικέναι
1640 4606 1731 4658 ἀν-

165 4702 408 4775 θρώποις
427 4701 524 4771 τὴν
541 4700 630 4752 ἐπὶ
655 4698 878 4750 θάνατον
906 4697 1157 4766 φέρουσιν
1177 4697 1372 4767 ψῆφον,
1394 4698 1486 4750 καὶ
1510 4695 1615 4765 μὴν
1639 4695 1731 4747 καὶ

165 4792 459 4865 προϐάτοις
488 4793 567 4853 είς
594 4790 805 4857 σφαγὴν
830 4788 1136 4858 ἀγομένοις.

248 4883 639 4951 Ἐξετέρθητι,
676 4884 777 4934 ἵνα
816 4879 874 4932 τί
916 4879 1151 4944 ὑπνοῖς,
1198 4880 1410 4947 Κύριε;
1446 4880 1557 4949 Τὴν
1603 4877 1729 4929 πολ-

165 4976 266 5046 λὴν
294 4974 491 5043 ἀνοχὴν
524 4972 619 5025 τοῦ
657 4969 814 5033 Θεοῦ,
852 4970 918 5039 ἣν
952 4973 1185 5023 ἐποιεῖτο
1222 4969 1307 5022 διὰ
1330 4969 1426 5031 τὰς
1452 4968 1727 5038 ἁμαρτίας

168 5066 370 5129 αὐτῶν,
390 5064 540 5134 ὕπνῳ
578 5064 1032 5135 παραϐάλλουσιν.
1050 5062 1373 5129 Ἀνάστηθι,
1413 5060 1609 5128 καὶμὴ
1626 5062 1729 5113 ἁπ-

164 5159 295 5223 ὼσῃ
317 5158 402 5220 είς
423 5153 613 5217 τέλος.
652 5152 954 5222 Ἀνάστηθι,
982 5151 1152 5218 λέγει.
1176 5150 1272 5217 οὐχ
1288 5150 1432 5209 ὅπως
1464 5147 1727 5218 ὲναλλάξῃ

164 5248 227 5300 τὸ
258 5247 478 5315 σχῆμα·
510 5244 571 5295 τὸ
610 5242 751 5296 θεῖον
780 5243 887 5313 γάρ
923 5242 1343 5310 ἀσχημάτιστον.
1376 5239 1488 5291 ἀλλ’
1523 5238 1605 5289 ἵνα
1647 5255 1728 5289 κι-

166 5342 309 5409 νήσῃ
328 5337 426 5404 τὴν
454 5334 647 5388 ἑαυτοῦ
668 5333 893 5403 δύναμιν
917 5334 994 5394 είς
1023 5332 1295 5402 ἡμετέραν
1321 5329 1589 5399 βοήθειαν.
1618 5328 1727 5381 Καὶ

163 5429 249 5497 μὴ
294 5424 508 5494 ἀπώσῃ
558 5428 646 5492 εις
685 5425 858 5489 τέλος
904 5427 1041 5493 μήτε
1071 5423 1196 5484 τοὺς
1228 5420 1533 5481 ποιοῦντας,
1591 5420 1725 5488 μήτε

164 5520 295 5581 τοὺς
318 5518 645 5587 πάσχοντας,
676 5517 761 5570 ῐνα
802 5516 937 5587 μήτε
963 5518 1011 5567 oi
1038 5514 1352 5583 πάσχοντες,
1403 5512 1477 5573 ὡς
1506 5510 1726 5580 ὁλοκλή-

171 5624 280 5679 ρως
306 5606 549 5669 δοθέντες
582 5608 692 5669 τοῖς
734 5608 1056 5679 πειρασμοῖς
1094 5603 1452 5673 δλισθήσωσι,
1501 5602 1636 5671 μήτε
1676 5602 1724 5652 οἱ

261 5786 305 5818 ιδ
333 5782 495 5839 Hebr.
536 5799 616 5849 st,
655 5784 745 5841 37.

1832 4633 1956 4672 mus
1983 4616 2293 4669 hominibus
2344 4613 2535 4667 mortis
2570 4615 2891 4666 sententiam
2941 4611 3258 4673 ferentibus,
3306 4620 3386 4663 at-

1831 4722 1936 4775 que
1967 4706 2157 4762 ovibus
2189 4705 2252 4759 ad
2280 4705 2609 4759 occisionem
2637 4703 2835 4757 ductis.

1899 4882 1987 4935 25.
2022 4880 2275 4951 Exsurge,
2323 4898 2481 4949 quare
2534 4880 2816 4942 obdormis,
2855 4879 3108 4933 Domine?
3138 4879 3382 4947 Magnam

1832 4972 1923 5029 Dei
1962 4975 2297 5027 tolerantiam
2334 4990 2440 5044 qua
2475 4990 2661 5028 eorum
2686 4984 2903 5042 peccata
2940 4972 3164 5033 ferebat,
3192 4987 3385 5025 somno

1829 5077 2160 5135 comparant.
2174 5066 2405 5135 Exsurge
2428 5076 2476 5119 et
2501 5083 2560 5118 ne
2588 5065 2805 5133 repellas
2837 5066 2886 5115 in
2915 5064 3088 5131 finem.
3122 5062 3380 5133 Exsurge.

1829 5160 1922 5220 ait,
1951 5173 2056 5211 non
2089 5167 2147 5209 ut
2173 5159 2419 5210 immutet
2452 5156 2730 5209 habitum:
2763 5156 3006 5209 divinum
3030 5153 3174 5206 enim
3212 5153 3381 5219 (μυιά-

1829 5246 1957 5300 libet
1982 5256 2065 5299 est
2095 5246 2311 5299 habitus
2337 5254 2389 5298 et
2419 5247 2602 5313 ligulae
2634 5259 2863 5314 expers;
2899 5242 2991 5297 sed
3029 5251 3087 5294 nt
3125 5242 3380 5292 virtutem

1829 5352 1981 5392 suam
2006 5339 2070 5391 ad
2098 5345 2342 5391 nostrum
2372 5346 2587 5391 moveat
2609 5336 2897 5389 auxilium.
2966 5331 3031 5383 Et
3061 5348 3122 5385 ne
3164 5330 3380 5397 repellas

1828 5431 1881 5481 in
1913 5430 2087 5497 ﬁnem,
2122 5444 2218 5483 nec
2251 5428 2559 5493 inferentes,
2588 5444 2761 5496 neque
2818 5426 3080 5495 patientes
3115 5424 3251 5475 mala
3275 5464 3289 5484 ,
3326 5434 3379 5474 ut

1827 5535 1895 5574 ne
1946 5522 1982 5574 ii
2038 5522 2130 5589 qui
2181 5522 2481 5590 patiuntur,
2532 5520 2685 5589 quasi
2738 5519 3129 5574 tentationibus
3160 5530 3382 5583 prorsus

1826 5610 1991 5667 dediti
2043 5612 2321 5667 labantur:
2356 5626 2530 5681 neque
2579 5612 2613 5664 ii
2664 5612 2755 5679 qui
2792 5610 2933 5664 mala
2992 5607 3227 5662 inferunt
3258 5602 3382 5658 diu-
