4034 6454
619 427 722 479 207
1429 411 1482 464 S.
1520 406 1883 462 ATIIANASII
1925 405 2072 460 ΟΡῐὶ
2111 404 2289 458 PARS
2331 402 2418 457 ιιι.
2469 429 2528 440 --
2568 393 2975 452 EXEGETICA.
3709 387 3818 439 208

621 555 779 598 turna
805 540 1003 610 judicis
1055 531 1336 590 tolerantia
1385 530 1698 584 audaciores
1746 527 1940 589 ell‘ecti,
1990 525 2214 594 magis}

2225 556 2237 584 ι
2268 520 2560 582 ποιοῦντες,
2590 520 2656 586 τῇ
2682 515 2772 567 τοῦ
2810 510 2994 583 κριτοῦ
3040 507 3386 580 μακροθυμία
3427 505 3818 576 θαρρήσαντες,

2612 608 2619 610 _
2749 606 2758 610 -
3017 601 3027 610 ι
3047 600 3058 610 ι
3271 600 3283 610 ι
3331 596 3386 610 Λα
3569 596 3580 610 ο
3654 597 3676 610 ν
3768 591 3789 610 Ι

624 591 900 703 magisque
944 627 1279 696 iniquitatem
1330 629 1580 691 augeant.
1635 617 1847 687 Rogant
1883 616 1934 668 id
1981 591 2168 685 grati:

2270 614 2360 664 ἐπὶ
2391 610 2568 663 πλεῖον
2601 606 2826 675 ἀνομίας
2862 600 3226 672 προκόψωσιν.
3259 596 3488 664 ΔοΟῆναι
3526 596 3705 656 αὐτοῖς
3736 591 3827 644 εὖ-

2531 699 2539 703 -
2643 698 2654 703 -
2788 695 2798 703 .
3059 691 3083 700 -
3118 692 3156 703 Ir
3322 687 3346 697 ν
3443 686 3454 699 ο
3549 688 3561 703 1
3585 702 3594 703 κ
3619 687 3633 703 ν
3667 687 3681 703 2
3705 702 3720 703 7
3773 684 3797 703 Ι.

624 684 831 703 ---Ἲνη
1043 684 1055 696 _
1404 684 1428 691 ν
1723 684 1740 687 _
1991 684 2000 685 ί

624 724 728 779 sibi
755 721 1042 781 tribuatur,
1074 724 1132 769 ut
1176 713 1424 768 adveniat
1470 709 1720 763 Christus
1773 708 1825 758 in
1860 703 2171 759 novissimis

2272 718 2450 770 χονται
2494 699 2590 767 τὴν
2640 695 2956 762 ἐπιφάνειαν
2993 691 3086 742 τοῦ
3118 687 3374 759 Χριστοῦ,
3405 686 3501 757 τὴν
3546 687 3633 737 ἐπ’
3664 684 3829 754 ἐσχά-

627 813 980 883 temporibus,
1010 825 1078 863 ne
1108 809 1227 861 vitae
1259 806 1376 875 ejus
1398 803 1506 858 sint
1525 807 1790 870 expertes.

2271 809 2378 844 των
2409 789 2516 842 τῶν
2544 786 2771 856 καιρῶν,
2804 785 2888 836 ἵνα
2918 784 2991 853 μὴ
3020 783 3116 852 τῆς
3141 779 3266 849 παρ’
3294 777 3454 830 αὑτοῦ
3484 776 3828 847 ἁμοιρήσωσι

2276 881 2440 950 ζωῆς-

709 987 801 1042 25.
834 984 1059 1037 Adhaesit
1091 981 1145 1034 in
1179 991 1318 1031 terra
1373 984 1544 1030 venter
1571 980 1764 1026 noster.
1795 968 1920 1022 llaec
1965 974 2172 1028 dicunt,

2357 969 2684 1035 Ἐκολλήθη
2745 970 2831 1032 εις
2873 966 3024 1035 χοῦν
3061 965 3098 1030 ή
3137 960 3366 1032 γαστὴρ
3416 959 3600 1029 ἡμῶν.
3641 955 3833 1010 Ταῦτὰ

632 1079 849 1151 quando
871 1093 901 1130 a
918 1090 1083 1130 sensu
1109 1081 1164 1126 et
1189 1069 1512 1140 cogitatione
1540 1079 1728 1120 eorum
1753 1077 1872 1131 quze
1897 1058 2174 1113 Christum

2279 1076 2458 1131 φασιν,
2494 1057 2697 1128 ἐπειδὴ,
2726 1058 3072 1124 ἀπωσάμενοι
3100 1053 3159 1105 τὸ
3215 1055 3430 1124 φρονεῖν
3459 1049 3527 1103 τὰ
3571 1049 3831 1119 Χριστοῦ,

632 1177 878 1237 spectant
923 1164 1120 1227 aversi,
1171 1162 1224 1213 in
1265 1157 1535 1214 carnalem
1571 1168 1790 1209 sensum
1837 1150 2173 1204 deciderunt.

1672 1168 1790 1208 sum
1837 1150 2173 1204 deciderunt.
2279 1154 2356 1214 εἰς
2388 1150 2637 1220 φρόνημα
2667 1147 2964 1200 κατέπεσον
2991 1143 3265 1214 σαρκικόν.

706 1260 793 1314 26.
829 1257 1086 1325 Exsurge,
1119 1253 1358 1314 Domine,
1412 1248 1604 1316 adjuva
1647 1261 1759 1298 nos.
1805 1240 2176 1302 Patrocinare,

2363 1241 2627 1300 Ἀνάστα,
2682 1240 2876 1306 Κύριε,
2913 1235 3226 1302 βοήθησον
3269 1233 3432 1302 ημῖν.
3491 1232 3834 1294 Ἀντιλαὸοὖ,

636 1353 828 1421 inquit,
882 1323 1073 1411 nobis,
1123 1354 1174 1399 et
1231 1344 1298 1397 da
1345 1355 1526 1394 veram
1578 1337 1736 1391 ﬁdem
1804 1330 2180 1404 proﬁtentibus

2283 1332 2479 1421 φησιν,
2498 1329 2674 1401 ἡμῶν,
2705 1328 2798 1380 καὶ
2829 1328 2968 1380 δίδου
3008 1326 3068 1379 τὸ
3106 1325 3332 1395 εὐμενὲς
3363 1324 3454 1376 καὶ
3496 1323 3681 1393 καιρὸν
3711 1323 3838 1374 ὲπι-

636 1455 844 1510 tempus
893 1438 958 1492 ad
1009 1445 1434 1490 conversronetu.
2284 1419 2519 1489 στροφῆς
2565 1420 2677 1480 τοῖς
2722 1418 2818 1487 τὴν
2875 1416 2953 1477 εἰς
3001 1415 3059 1466 σὲ
3105 1413 3360 1484 ἀληθινὴν
3406 1410 3586 1465 πίστιν
3642 1409 3841 1479 ὁμολοε

2281 1522 2489 1574 γουσιν.

640 1615 688 1666 -l.
725 1610 792 1666 In
819 1611 972 1680 [mem
999 1623 1091 1677 pro
1119 1608 1183 1660 iis
1233 1606 1319 1673 qui
1356 1599 1812 1656 cominutabuntur
1862 1595 1988 1663 ﬁliis
2032 1593 2181 1657 Core,

2285 1598 2392 1660 Εις
2424 1593 2493 1647 τὸ
2536 1593 2709 1658 τέλος
2737 1590 2887 1658 ὑπὲρ
2927 1589 3043 1643 τῶν
3096 1591 3668 1659 ἁλλοιωθησομένων
3715 1589 3845 1654 τοῖς

739 1679 1154 1757 adintellectum
1181 1697 1438 1751 canticum
1491 1710 1583 1762 pro
1631 1692 1846 1744 Dilecto.
1875 1685 2079 1740 XLIV.

2353 1684 2504 1750 υἱοῖς
2537 1683 2688 1751 Κορὲ
2709 1686 2793 1749 είς
2815 1683 3088 1746 σύνεσιν,
3124 1679 3245 1749 ᾠδὴ
3275 1681 3426 1748 ὑπὲρ
3453 1681 3559 1735 τοῦ
3600 1681 3845 1749 Ἀγαπη-

2360 1776 2488 1830 τοῦ.
2521 1776 2656 1828 MA'.

1213 1874 1608 1938 Argumentum.
2215 1878 2265 1937 Β

2215 1878 2265 1937 Β
2906 1864 2919 1882 '
2933 1864 3239 1926 Υπόθεσις.

640 1969 883 2023 Praesens
909 1961 1174 2019 canticum
1203 1961 1404 2014 Dilecto
1422 1955 1586 2009 David
1607 1951 1780 2011 ollert,
1797 1947 2002 2003 scilicet
2029 1944 2188 1999 Chri-

2291 1957 2399 2028 Τὴν
2449 1955 2812 2028 προκειμένην
2845 1953 2985 2025 ᾠδὴν
3040 1952 3322 2023 ἀνατίθησι
3354 1953 3432 2025 τῷ
3477 1954 3768 2024 Ἀγαπητῷ
3819 1957 3851 2008 ὁ

733 2070 838 2122 sto,
871 2058 964 2127 qui
989 2053 1298 2110 novissimis
1332 2051 1522 2107 diebus
1564 2046 1786 2100 venitet
1809 2036 2189 2095 commutatio-

2364 2048 2546 2111 Δαυῒδ,
2573 2048 2812 2100 τουτέστι
2830 2045 3064 2118 Χριστῷ,
3093 2045 3168 2116 τῷ
3199 2046 3283 2098 ἐπ’
3307 2045 3545 2115 ἐσχάτων
3572 2045 3679 2098 τῶν
3711 2047 3853 2116 ἡμε-

726 2165 847 2206 nem
872 2147 1065 2210 ell‘ecit,
1098 2146 1150 2200 id
1165 2154 1247 2199 est
1275 2139 1680 2197 conversionem
1710 2149 1774 2188 ex
1803 2127 2102 2184 idololatria
2124 2125 2192 2179 ad

2367 2142 2477 2215 ρῶν
2535 2139 2832 2212 ἐληλυθότι,
2880 2139 2977 2193 καὶ
3020 2138 3118 2210 τὴν
3164 2137 3447 2191 ἀλλοίωσιν
3502 2139 3851 2210 πεποιηκότι,

725 2258 908 2298 veram
952 2239 1288 2308 religionem.
1327 2231 1567 2286 Meminit
1600 2229 1724 2281 item
1755 2224 1987 2277 ﬁliorum
2031 2219 2190 2280 Core,

2362 2233 2626 2295 τουτέστι,
2681 2231 2777 2301 τὴν
2826 2230 3123 2302 μεταϐολὴν
3154 2230 3253 2300 τὴν
3302 2229 3359 2296 ἐξ
3408 2229 3855 2304 είδωλολατρείας

725 2348 1014 2406 personam
1064 2332 1130 2384 ad
1159 2327 1429 2399 apostolos
1481 2320 1832 2377 transferens.
1867 2314 1990 2369 llaec
2013 2321 2192 2366 autem

2365 2327 2444 2389 εἰς
2478 2323 2806 2378 θεοσέϐειαν,
2837 2320 3121 2392 Μέμνηται
3157 2320 3213 2374 δὲ
3239 2322 3333 2375 καὶ
3362 2320 3468 2376 τῶν
3513 2322 3642 2376 υἱῶν
3682 2323 3856 2393 Κορὲ,

730 2425 912 2480 omnia
967 2422 1264 2489 intelligere
1318 2433 1417 2471 nos
1459 2420 1691 2482 oportet,
1742 2421 1863 2476 qua:
1913 2417 2078 2458 causa
2113 2407 2194 2455 est

2365 2417 2444 2477 εἱς
2489 2416 2613 2476 τοὺς
2667 2411 2993 2474 ἀποστόλους
3044 2411 3376 2482 ἀναπέμπων
3424 2411 3488 2465 τὸ
3539 2413 3855 2485 πρόσωπον.

737 2517 901 2586 quod,
933 2514 998 2566 ad
1024 2512 1365 2565 intellectum.
1395 2505 1639 2576 psalmus
1675 2497 2018 2553 inscribatur.

2367 2503 2552 2558 Ταῦτα
2584 2503 2639 2556 δὲ
2670 2502 2844 2556 πάντα
2869 2503 3163 2570 ἀναγκαῖον
3194 2503 3432 2555 συνιέναι
3457 2504 3622 2572 ἡμᾶς’
3653 2503 3732 2556 διδ
3761 2503 3859 2556 καὶ

2363 2599 2450 2661 εις
2478 2596 2733 2649 σύνεσιν
2761 2594 3178 2665 ἐπιγέγραπται.

729 2707 788 2761 2.
817 2700 1089 2758 Eructavit
1119 2711 1208 2749 cor
1227 2708 1397 2747 meum
1425 2688 1636 2742 verbum
1659 2685 1869 2738 bonum.
1898 2677 2009 2733 Hoc
2041 2673 2198 2727 Pater

2377 2685 2767 2754 Ἐεηρεύξατο
2789 2686 2827 2752 ὴ
2854 2684 3065 2752 καρδία
3083 2701 3202 2752 μου
3220 2685 3406 2753 λόγον
3423 2684 3664 2754 ἀγαθόν.
3689 2684 3866 2737 Τοῦτό

649 2800 725 2853 ait
754 2799 818 2851 de
844 2794 981 2848 Filio
1016 2810 1030 2844 :
1062 2788 1275 2859 genitus
1329 2792 1563 2849 namque
1617 2784 1700 2830 est
1754 2773 1893 2825 Deus
1951 2783 2017 2821 ex
2068 2763 2196 2817 Deo.

2299 2794 2459 2848 φησιν
2487 2778 2515 2828 ὁ
2543 2775 2730 2846 Πατὴρ
2764 2774 2996 2846 περὶτοῦ
3024 2773 3175 2828 Υίοῦ’
3194 2775 3481 2845 γεγένηται
3507 2776 3614 2846 γὰρ
3636 2775 3770 2840 Θεὸς
3798 2778 3866 2830 ὲκ

652 2890 782 2943 Dico
821 2904 912 2956 ego
962 2898 1119 2952 opera
1147 2893 1261 2931 mea
1310 2874 1437 2941 regi.
1476 2868 1754 2933 Quatenus
1781 2877 1873 2914 rex
1895 2867 1978 2913 est
2017 2862 2202 2925 utpote

2300 2867 2454 2923 Θεοῦ.
2471 2867 2632 2936 Λέγω
2656 2866 2768 2938 ἐγὼ
2787 2867 2860 2920 τὰ
2875 2869 3018 2937 ἔργα
3031 2884 3150 2936 μου
3177 2866 3256 2932 τῷ
3275 2866 3756 2937 ,βασιλεῖ-Ὥσπερ
3772 2867 3864 2937 βα-

657 2980 798 3034 Deus
833 2991 924 3045 per
955 2968 1379 3026 incarnationem
1416 2958 1703 3028 imperium
1759 2953 1925 3007 inisse
1970 2949 2199 3013 dicitur;

2303 2961 2480 3024 σιλεὺς
2501 2962 2758 3032 ὑπάρχων
2779 2959 2853 3023 ὡς
2877 2960 3007 3022 Θεὸς
3035 2961 3113 3020 είς
3140 2957 3413 3026 βασιλείας
3442 2958 3612 3029 ἀρχὴν
3641 2957 3864 3028 λέγεται

656 3067 736 3120 sie
761 3076 813 3118 et
835 3038 896 3115 ea
918 3073 1037 3128 quae
1063 3053 1378 3110 naturaliter
1413 3047 1560 3102 novit
1590 3051 1770 3113 utpote
1792 3040 1956 3105 Deus,
1986 3053 2049 3092 ea
2075 3038 2202 3090 item

2305 3050 2558 3121 ἔρχεσθαι
2584 3051 2672 3103 διὰ
2701 3050 2760 3101 τὸ
2784 3048 3157 3118 σεσαρκῶσθαι
3184 3049 3344 3100 αὐτόν
3363 3065 3375 3077 ·
3427 3047 3567 3101 οὕτω
3596 3049 3689 3100 καὶ
3718 3049 3869 3120 ἅπερ

655 3153 1058 3225 dispensatione
1094 3145 1326 3217 quadam
1354 3139 1543 3195 audire
1587 3136 1787 3191 dicitur
1828 3139 2049 3201 propter
2096 3128 2201 3180 hu—

2302 3138 2408 3194 οἷδε
2433 3140 2674 3210 φυσικῶς
2689 3139 2762 3202 ῶς
2782 3138 2934 3204 Θεὸς,
2951 3137 3124 3192 ταῦτα
3139 3138 3298 3193 πάλιν
3315 3137 3531 3190 ἀκούειν
3545 3137 3762 3205 λέγεται
3780 3138 3873 3192 διὰ

655 3247 990 3302 manitatem.
1024 3239 1228 3308 Lingua
1263 3250 1374 3286 mea
1435 3229 1671 3283 calamus
1729 3223 1916 3279 scriba:
1962 3219 2248 3274 velocitert

2312 3233 2372 3286 τὸ
2399 3231 2732 3304 ἀνθρώπινον
2769 3229 3140 3300 οἰκονομικῶς.
3205 3231 3267 3284 Ἠ
3320 3227 3572 3298 γλῶσσά
3614 3245 3734 3298 μου
3768 3228 3874 3282 κάρ-

656 3333 950 3389 scribentis.
976 3329 1146 3394 Quem
1186 3323 1322 3377 dixit
1345 3314 1857 3382 verbum,eumdem
1889 3320 1942 3366 et
1964 3310 2203 3379 linguam

2310 3327 2500 3392 λαμος
2530 3323 2906 3393 γραμματέως
2945 3321 3301 3389 ὀξυγράςρου.
3342 3321 3437 3374 Ὃν
3475 3321 3662 3391 εἴρηκε
3690 3319 3874 3388 λόγον,

657 3432 815 3480 vocat
844 3435 1017 3476 suam.
1053 3416 1306 3470 Calamus
1331 3424 1491 3481 porro
1518 3406 1705 3462 scriba:
1762 3401 2018 3456 velociter
2063 3396 2203 3451 seri-

2311 3413 2495 3466 τοῦτον
2543 3414 2635 3465 καὶ
2662 3412 2908 3480 γλῶσσαν
2960 3409 3124 3463 αὑτοῦ
3175 3409 3457 3463 ἀποκαλεῖ.
3510 3411 3772 3481 Κάλαμος
3816 3409 3877 3463 δὶ

657 3515 837 3572 bentis
868 3518 1110 3568 vocatur.
1131 3505 1255 3575 quia
1279 3496 1540 3571 quidquid
1570 3494 1699 3547 dicit
1728 3506 1792 3544 ac
1829 3489 1984 3558 jubet
2025 3485 2207 3540 statim

2313 3503 2680 3576 γραμματέως
2705 3501 3009 3572 ὀξυγράφου
3043 3499 3372 3569 ὠνόμασται,
3403 3497 3489 3553 διὰ
3515 3499 3576 3552 τὸ
3613 3497 3794 3566 λέγειν
3821 3517 3877 3553 τι

659 3607 908 3666 edicitur,
933 3612 991 3654 ut
1018 3598 1184 3651 illud:
1241 3592 1392 3656 Volo,
1442 3585 1717 3645 mundare,
1754 3591 1802 3635 et
1836 3579 2016 3633 statim
2055 3591 2208 3628 sana-

2313 3596 2408 3649 καὶ
2435 3594 2629 3658 εὐθέως
2670 3593 2944 3661 γίνεσθαι,
2983 3592 3057 3655 ὡς
3096 3592 3194 3644 τό⁶
3248 3592 3426 3655 Θέλω,
3458 3593 3875 3660 καθαρίσθητι·

665 3710 746 3750 tus
777 3704 854 3748 est
898 3693 975 3744 ‘5:
1013 3696 1066 3743 et
1087 3728 1100 3749 ,
1122 3683 1455 3743 Adolescens,
1501 3677 1591 3730 tibi
1613 3675 1764 3737 dico,
1808 3685 1987 3739 surge;
2021 3677 2066 3721 et
2101 3676 2210 3720 sta-

2314 3689 2412 3743 καὶ
2443 3685 2659 3750 εὐθέως
2686 3684 3048 3752 ἐκαθαρίσθη
3065 3699 3078 3712 ’
3104 3683 3217 3745 καὶ,
3233 3683 3547 3748 Νεανίσκε,
3570 3682 3668 3735 σοὶ
3693 3681 3876 3752 λέγω,

665 3792 759 3840 tim
786 3782 1013 3838 surrexit
1048 3779 1110 3831 ¹⁶.
1136 3775 1251 3829 1ιιιο
1267 3772 1429 3828 etiam
1457 3769 1620 3824 illud:
1679 3764 1901 3818 Verbum
1934 3759 2204 3813 abbrevia-

2316 3778 2582 3848 ἐγέρθητι
2606 3791 2618 3804 ·
2654 3775 2752 3828 καὶ
2792 3774 3004 3838 εὐθέως
3051 3773 3296 3840 ἀνέστη.
3337 3773 3411 3826 Οὐ
3461 3772 3566 3844 μὴν
3597 3771 3736 3830 ἀλλὰ
3784 3781 3883 3828 καὶ

668 3891 775 3931 tum
802 3876 955 3945 faciet
990 3871 1126 3923 Deus
1149 3869 1205 3920 in
1235 3874 1340 3918 toto
1383 3862 1503 3916 orbe
1533 3861 1598 3899 "-

2317 3868 2398 3921 τό·
2432 3869 2624 3935 Λόγον
2657 3861 3140 3932 συντετμημένον
3185 3861 3425 3930 ποιήσει
3462 3863 3672 3930 Κύριος
3704 3863 3777 3916 ἐν
3802 3862 3880 3932 τῆ

2321 3956 2638 4026 οἰκουμένῃ
2668 3956 2804 4023 ὅλῃ.

755 4053 807 4105 3.
848 4047 1120 4117 Speciosus
1153 4041 1322 4110 forma
1352 4050 1461 4105 prce
1489 4029 1614 4099 ﬁliis
1666 4027 1952 4079 hominum.
1983 4022 2216 4090 Compa-

2403 4022 2635 4118 noai'oq
2672 4022 2883 4101 adlidet
2925 4045 3083 4114 παρὰ
3122 4046 3262 4110 τοὺς
3301 4046 3471 4110 υίοὺς
3499 4061 3618 4099 των
3660 4048 3883 4115 ανθρώ-

671 4151 933 4206 rationem
972 4142 1100 4198 boni
1128 4136 1365 4206 Spiritus
1388 4130 1572 4186 videre
1593 4136 1676 4182 est
1710 4140 1774 4179 ex
1805 4124 1872 4176 iis
1907 4136 2028 4191 qua:
2052 4117 2217 4174 Joan-

2324 4158 2470 4194 πων.
2498 4140 2608 4210 Τὴν
2657 4137 2940 4208 σύγκρισιν
2983 4135 3075 4189 τοῦ
3127 4134 3328 4204 ἀγαθοῦ
3377 4136 3691 4207 Πνεύματος
3731 4137 3885 4191 ἔστιν

673 4257 768 4296 nes
797 4239 1001 4307 inquit:
1029 4233 1137 4288 Lex
1159 4248 1250 4300 per
1291 4228 1472 4281 Mosen
1517 4223 1650 4275 data
1672 4226 1770 4280 est,
1811 4214 1987 4285 gratia
2044 4220 2219 4266 autem

2329 4231 2456 4283 ἰδεῖν
2488 4231 2578 4297 ἀφ’
2610 4220 2683 4283 ὧν
2724 4230 2754 4281 ὀ
2796 4227 3045 4295 Ἰωάννης
3091 4227 3289 4296 φησὶν,
3329 4226 3410 4279 ὅτι
3467 4228 3528 4279 '0
3569 4228 3753 4296 νόμος
3785 4228 3888 4293 ᾅιὰ

669 4340 719 4385 et
748 4302 937 4383 verit-as
970 4339 1059 4392 per
1078 4321 1264 4374 Jesum
1299 4315 1565 4370 Christum
1579 4311 1725 4379 facta
1755 4314 1831 4360 est
1856 4305 1919 4356 ιθ.
1949 4302 2222 4356 Praestans

2327 4323 2582 4389 Μωσέως
2625 4321 2835 4389 ἐδόθη,
2887 4323 2925 4389 ἠ
2958 4320 3026 4372 δὲ
3070 4319 3242 4389 χάρις
3290 4321 3388 4374 καὶ
3427 4321 3464 4388 ἠ
3498 4320 3751 4389 ἀλήθεια
3788 4321 3888 4375 διὰ

671 4425 817 4478 enim
874 4430 1089 4488 quoque
1128 4411 1294 4465 Mosis
1316 4407 1576 4466 calamus,
1635 4399 1728 4469 qui
1757 4398 1928 4467 legem
1958 4392 2115 4448 nobis
2169 4392 2223 4442 in

2343 4414 2543 4483 Ἰησοῦ
2580 4412 2836 4483 Χριστοῦ
2865 4411 3122 4480 ἐγένετο.
3155 4411 3414 4480 Κάλαμος
3441 4410 3549 4479 γὰρ
3577 4409 3740 4473 καλὸς
3792 4411 3888 4464 καὶ

674 4486 1022 4586 paedagogum
1081 4499 1389 4572 descripsit,
1443 4496 1534 4550 sed
1562 4507 1664 4545 non
1718 4489 1839 4542 talis
1880 4486 1972 4556 qui
2005 4486 2225 4538 nomina

2292 4572 2299 4586 ⁵
2332 4509 2359 4559 ὁ
2392 4505 2630 4567 Μωσέως
2659 4521 2670 4532 ·
2707 4502 2912 4574 ἔγραψε
2959 4501 3064 4572 γὰρ
3108 4503 3239 4571 ἡμῖν
3283 4503 3443 4570 νόμον
3490 4502 3839 4569 παιδαγωγόν
3873 4520 3885 4532 ·

677 4566 782 4586 τη-
830 4566 858 4581 υ
899 4566 928 4580 υ
1265 4566 1280 4572 -

677 4613 864 4662 nostra
901 4600 1160 4657 scriberet
1195 4596 1250 4648 in
1291 4591 1462 4646 caelis.
1497 4583 1706 4652 Diﬂ'usa
1752 4589 1827 4633 est
1861 4578 2033 4648 gratia
2068 4576 2121 4627 in
2154 4573 2228 4626 ta-
2259 4566 2270 4619 l

2297 4579 2302 4610 δ
2330 4596 2463 4649 ἀλλὰ
2501 4597 2560 4648 οὐ
2600 4566 2834 4656 τοιοῦτος
2859 4566 3092 4654 ⁷ὼς-κίπίι
3129 4566 3439 4662 ἔγραψε-τὰ
3462 4566 3699 4660 ὀνόματα
3733 4566 3890 4661 ημῶν

677 4697 777 4751 biis
807 4694 945 4747 tuis:
978 4687 1318 4754 dulciloquus
1345 4694 1578 4748 namque
1619 4671 1878 4726 Dominus
1919 4676 2100 4721 noster
2127 4673 2230 4724 est,

2331 4690 2389 4740 ὲν
2415 4688 2681 4756 οὐρανοῖς.
2723 4683 3002 4750 Ἐξεχύθη
3036 4681 3207 4751 χάρις
3231 4681 3299 4734 ἐν
3319 4682 3550 4750 χείλεσι
3586 4695 3722 4733 σου.
3761 4681 3892 4734 Γλυο

676 4789 770 4859 qui
793 4787 886 4840 ait.
943 4782 1053 4852 Ego
1093 4777 1204 4834 veni
1235 4785 1292 4829 ut
1336 4774 1495 4826 vitam
1529 4767 1773 4826 habeant,
1819 4773 1867 4816 et
1912 4757 2231 4814 abundatius

2329 4781 2572 4847 κύφωνος
2613 4777 2717 4847 γὰρ
2765 4777 2792 4828 ὁ
2834 4775 3033 4846 Κύριος
3081 4773 3237 4845 ἡμῶν
3270 4773 3473 4842 λέγων·
3520 4772 3658 4841 Ἐγὼ
3696 4769 3893 4844 ἦλθον

677 4853 897 4932 Iiabeant
926 4874 1003 4927 ‘9:
1037 4882 1119 4935 et,
1156 4868 1266 4938 Ego
1299 4881 1413 4918 sum
1431 4861 1579 4929 panis
1614 4859 1701 4926 qui
1733 4856 1794 4908 de
1846 4853 1968 4906 carie
2017 4855 2232 4904 descen-

2329 4870 2428 4922 ἵνα
2453 4866 2601 4934 ζωὴν
2622 4868 2823 4934 ἔχωσι,
2857 4864 2956 4916 καὶ
3004 4864 3432 4930 περισσότερον
3472 4861 3655 4928 ἔχωσι
3754 4865 3850 4916 καὶ
3875 4906 3891 4930 ,

679 4971 794 5031 dit;
824 4975 897 5031 et,
934 4965 1022 5034 qui
1048 4962 1140 5016 dat
1165 4963 1325 5013 vitam
1363 4953 1554 5006 ntundo
1600 4949 1672 5004 ".

2342 4958 2487 5027 Ἐγώ
2515 4960 2627 5024 ειμι
2671 4958 2703 5008 ό
2748 4954 2922 5022 ἄρτος
2965 4955 2997 5005 ό
3035 4952 3105 5004 ἐκ
3150 4951 3255 5005 τοῦ
3293 4950 3548 5018 οὐρανοῦ
3589 4952 3850 5020 καταϐάς
3877 4972 3889 4983 ·

2342 5051 2452 5110 καὶ,
2483 5048 2683 5110 διδοὺς
2704 5044 2852 5111 ζωὴν
2875 5040 2954 5107 τῷ
2983 5043 3204 5112 κόσμῳ.

770 5173 823 5224 4.
857 5167 1132 5234 Accingere
1180 5158 1354 5229 gladio
1415 5163 1501 5205 tuo
1529 5164 1680 5216 super
1725 5145 1894 5212 femur
1927 5153 2095 5207 tuum,
2140 5156 2234 5202 po-

2407 5138 2722 5206 Περίζωσαι
2757 5135 2871 5201 τὴν
2912 5134 3216 5202 ῥομφαίαν
3259 5149 3374 5186 σου
3410 5133 3508 5185 ἐπὶ
3551 5133 3656 5186 τὸν
3703 5137 3895 5202 μηρόν

687 5261 990 5314 tentissime.
1028 5254 1106 5306 Ad
1143 5262 1373 5319 pugnam
1408 5241 1578 5297 nostri
1605 5252 1768 5292 causa
1792 5234 2230 5288 committendam

2339 5247 2474 5292 σου,
2507 5227 2741 5281 δυνατέ.
2787 5228 2879 5288 Εἰς
2928 5227 3104 5294 μάχην
3148 5223 3245 5293 τὴν
3283 5224 3422 5294 ὑπὲρ
3455 5225 3608 5294 ἡμῶν
3639 5225 3895 5296 διεγείρει

687 5346 1273 5415 cxcitatUnigenitum.
1324 5339 1585 5405 Deinceps
1636 5335 1888 5401 quoniam
1943 5327 2233 5381 militarem

2339 5322 2426 5374 τὴν
2479 5321 2772 5388 Μονογενῆ.
2828 5315 2958 5368 Εἶτα
2991 5316 3083 5367 καὶ
3113 5315 3296 5384 ἐπειδὴ
3328 5317 3712 5386 στρατιωτικὸν
3747 5319 3895 5389 αὑτῷ

689 5405 790 5512 ipsi
826 5405 1064 5494 habitum
1100 5435 1264 5491 dedit,
1292 5439 1575 5500 postquam
1606 5425 1840 5497 gladium
1867 5419 2022 5481 dixit,
2059 5417 2236 5470 femur

2343 5415 2522 5512 σχῆμα
2554 5412 2800 5472 δέδωκεν,
2833 5407 3103 5479 ῥομφαίαν
3139 5405 3337 5470 εἰπὼν,
3371 5406 3465 5459 καὶ
3507 5405 3678 5476 μηρὸν
3726 5426 3894 5479 προσ.

693 5535 910 5600 insuper
959 5531 1365 5583 commemorat.
1417 5519 1496 5572 Ad
1561 5532 1682 5572 eum
1735 5527 1998 5581 namque,
2053 5515 2235 5575 utpote

2342 5503 2553 5600 επαγει.
2583 5499 2754 5553 Αὑτοῦ
2790 5497 2895 5568 γὰρ
2914 5497 2987 5560 ῶς
3014 5496 3170 5561 Θεοῦ,
3202 5499 3293 5550 καὶ
3320 5497 3420 5547 οὐκ
3447 5495 3647 5559 ἔξωθεν
3687 5499 3721 5567 ἡ
3762 5502 3895 5569 ῥομ-

693 5623 881 5683 Deum,
917 5617 1124 5687 gladius
1157 5613 1408 5681 pertinet,
1441 5624 1537 5662 nec
1575 5607 1916 5660 extrinsecus
1963 5597 2227 5654 affertur:

2342 5594 2506 5663 φαίαο
2559 5591 2782 5654 δυνατὸς
2823 5591 2928 5660 γάρ
2976 5591 3112 5655 ἐστι,
3165 5587 3406 5640 τουτέστι
3458 5587 3564 5639 τῶν
3616 5588 3894 5659 δυνάμεων

767 5808 808 5837 ³³
848 5802 1238 5862 διυιιιλ.γιιι,ἷ¹>.
1320 5797 1501 5850 “Luc.
1541 5795 1733 5857 vn,H.
1774 5791 1932 5845 "lsa.
1961 5786 2277 5855 .\,23,juvla
2307 5780 2444 5836 LXX
2532 5778 2802 5842 “JoanJ,
2833 5778 2914 5830 Π.
2977 5777 3015 5806 ¹⁹
3041 5774 3265 5832 Joan.x,
3303 5773 3386 5824 10.
3462 5771 3682 5827 "Joau.
3715 5772 3891 5840 vn“.
