4034 6454
177 395 273 450 209

1256 393 1616 451 EXPOSlTlO
1657 393 1722 449 IN
1764 393 2093 450 PSALMUM
2136 392 2315 448 XLIV.

3274 403 3379 456 210

177 515 406 587 Κύριος·
445 517 539 569 καὶ
580 514 734 569 τοῦτο
776 513 914 569 κατά
950 515 1107 583 φύσιν
1146 513 1312 584 αὐτῷ.
1353 517 1505 569 ’Ἐστι
1535 517 1592 569 δὲ
1639 517 1716 568 καῖ

1830 516 2096 585 siquidem
2132 511 2544 584 potentissimus
2575 512 2666 567 ille
2693 522 2792 579 est,
2837 512 2890 566 id
2918 521 3022 580 est,
3048 522 3378 583 potestatum

174 608 364 678 ὡραῖος
397 610 494 678 μὲν
515 609 626 672 τοῖς
652 607 986 674 ἐπεγνωκόσι
1025 608 1122 678 τὴν
1163 609 1484 676 ἐπιφάνειαν
1529 608 1690 660 αὑτοῦ
1711 647 1725 670 ,

175 700 260 750 καὶ
301 699 360 752 τὸ
405 700 768 771 ὑπερκόσμιον
818 696 1011 761 κάλλος
1061 703 1338 752 κατανοεῖν
1394 699 1723 769 δυναμένοις.

1831 607 2114 670 Dominus,
2140 605 2282 675 quod
2338 604 2410 657 illi
2471 603 2767 658 secundum
2799 613 3048 659 naturam
3100 607 3378 676 competit.

1830 699 1924 752 Est
1955 707 2132 752 autem
2161 699 2435 766 speciosus
2469 696 2535 750 iis
2559 696 2652 764 qui
2678 710 2877 750 norunt
2911 697 3198 752 adventum
3237 697 3378 767 ejus,

175 788 260 858 Τῷ
289 789 346 841 δὲ
377 788 534 859 μηρῷ
566 789 664 860 τὴν
694 789 960 859 ῥομφαίαν
1005 789 1300 861 ἐνήρμοσεν
1329 792 1463 860 πρὸς
1493 790 1589 861 τὴν
1621 789 1716 841 τῶι

1830 790 2030 859 quique
2057 789 2521 859 pulchritudinem
2545 789 2683 858 ejus,
2703 789 3029 843 mundanam
3041 804 3255 844 omnem
3285 804 3378 844 ex-

175 883 543 934 ἀπιοτούντων
573 881 796 951 ἀπειλὴν
823 881 916 934 κει)⁵
947 880 1053 932 τῶν
1077 882 1461 951 ἀντικειμένων
1489 882 1587 945 τὰς
1619 882 1720 949 φά-

174 974 397 1040 λαγγας.
439 973 571 1043 Περὶ
602 971 730 1040 γοῦν
772 972 878 1024 τῶν
906 971 1268 1025 ἀπειθούντων
1298 973 1459 1042 φησιν
1515 976 1543 1025 ὁ
1589 974 1726 1043 ψαλ-

176 1066 299 1134 μός·
355 1067 493 1118 Ἐὰν
519 1065 604 1134 μὴ
643 1064 1062 1133 ἐπιστριιφῆτε,
1113 1065 1224 1134 τὴν
1266 1068 1569 1134 ῥομφαίαν
1623 1069 1725 1120 αὐ-

175 1157 274 1211 τοῦ
295 1157 634 1211 στιλϐώσει.

246 1335 323 1404 Τῇ
351 1337 662 1402 ὡραιότητί
692 1351 805 1389 σου
837 1338 932 1390 καὶ
964 1336 1041 1402 τῷ
1083 1336 1290 1390 κάλλει
1338 1351 1470 1390 σου.
1513 1336 1720 1405 Ὠραιό-

169 1440 263 1491 της
293 1423 350 1475 δὲ
378 1424 470 1476 καὶ
495 1423 685 1486 κάλλος
716 1423 808 1476 τοῦ
845 1423 1312 1494 στρατευσαμένου
1340 1426 1372 1492 ἠ
1408 1423 1596 1492 θεότης
1625 1424 1722 1475 a5-

167 1513 259 1566 τοῦ
315 1516 411 1567 καὶ
467 1518 499 1584 ἡ
553 1515 693 1568 κατά
740 1515 953 1568 πάντων
987 1516 1243 1585 ὑπεροχή.
1280 1514 1388 1568 Καὶ
1433 1513 1716 1576 ἕντεινον,

167 1604 262 1657 καὶ
299 1604 646 1668 κατευοδοῦ,
693 1606 789 1658 καὶ
841 1606 1154 1668 βασίλευε.
1194 1605 1462 1658 Ἔντεινον
1491 1603 1558 1657 τὰ
1592 1603 1720 1668 τόξα

167 1711 282 1756 σου,
317 1697 470 1765 φησι,
525 1695 807 1749 κατευοδοῦ
841 1697 895 1749 δὲ
940 1695 1389 1766 δεδικαιωμένους
1440 1695 1544 1748 ὑπὸ
1601 1696 1716 1760 σού,

163 1779 238 1838 ὧν
265 1786 585 1856 βασιλεύεις,
616 1789 798 1857 φησὶν,
831 1787 1140 1853 ἀπαλλάξας
1173 1787 1367 1850 αὐτοὺς
1393 1786 1486 1839 τοῦ
1519 1786 1714 1856 τυράνο

1828 891 2192 948 superantem,
2223 889 2446 948 possunt
2500 880 2820 950 intelligere.
2875 879 3092 934 Femori
3144 881 3234 936 ille
3278 897 3378 935 suo

1826 973 2059 1043 gladium
2088 974 2355 1042 apposuit,
2410 982 2468 1027 ut
2493 973 2668 1027 minas
2720 971 3026 1026 inﬁdelibus
3063 973 3374 1032 intentaret,

1827 1079 2032 1119 necnon
2083 1064 2374 1134 manipulis
2423 1065 2878 1118 adversariorum.
2943 1061 3016 1117 De
3070 1063 3376 1122 inﬁdelibus

1826 1156 2004 1225 itaque
2034 1156 2274 1225 psalmus
2300 1157 2460 1210 dicit:
2493 1154 2617 1209 Nisi
2645 1156 2871 1208 conversi
2895 1156 3119 1223 fueritis,
3144 1155 3375 1225 gladium

1823 1264 1975 1300 suum
2015 1248 2238 1302 vibrabit
2271 1248 2338 1300 ¹¹.

1891 1339 1944 1393 5.
2002 1337 2180 1408 Specie
2221 1349 2311 1392 tua
2362 1349 2410 1393 et
2461 1339 2844 1405 pulchritudine
2895 1347 3007 1390 tua.
3060 1337 3276 1407 Species
3323 1346 3377 1390 et

1820 1433 2165 1500 pulchritudo
2216 1432 2404 1488 militis
2438 1433 2600 1499 illius,
2636 1442 2720 1486 est
2753 1432 2925 1486 deitas
2968 1431 3106 1500 ejus,
3155 1439 3207 1485 et
3239 1444 3375 1500 pm-

1821 1523 2016 1575 stantia
2070 1537 2178 1591 qua
2219 1538 2408 1578 omnes
2463 1533 2769 1591 exsuperat.
2827 1521 3078 1584 Intende,
3132 1513 3373 1589 prospere

1819 1610 2033 1676 procede
2059 1620 2109 1664 et
2141 1627 2315 1681 regna.
2358 1609 2600 1676 Intende,
2631 1612 2828 1681 inquit,
2863 1626 3022 1665 arcus
3053 1619 3196 1674 tuos,
3251 1622 3374 1679 pro-

1821 1713 1974 1769 spere
1997 1701 2286 1768 procedere
2309 1700 2470 1756 facito
2495 1717 2588 1755 eos
2609 1703 2699 1770 qui
2728 1701 3113 1770 atejuStilicati
3136 1700 3370 1755 luerunt.

1821 1784 1876 1838 in
1917 1800 2072 1854 quos,
2098 1785 2193 1851 ait,
2226 1800 2440 1854 regnas,
2472 1796 2758 1854 postquam
2798 1785 3034 1839 liberasti
3074 1799 3168 1840 eos
3217 1800 3248 1838 a
3291 1793 3373 1855 ty-

163 1894 274 1930 vou.
306 1877 555 1930 Δείκνυσι
601 1879 792 1950 νοεράν
820 1873 983 1932 οὖσαν
1019 1879 1118 1948 τὴν
1164 1879 1348 1947 νίκην·
1383 1878 1562 1931 ὃπλων
1612 1877 1716 1948 γὰρ

1821 1891 2012 1930 rauno.
2037 1876 2243 1931 lndicat
2264 1877 2597 1944 spiritualem
2617 1893 2736 1932 esse
2757 1878 3055 1930 victoriam.
3077 1875 3370 1946 Postquam

164 1968 562 2038 μνημονεύσας,
623 1969 890 2040 μέμνηται
938 1971 1030 2023 καὶ
1073 1970 1396 2040 πραότητος.
1434 1969 1615 2041 ΙΙράου
1663 1968 1719 2022 δέ

163 2063 280 2114 ἐστι
327 2062 394 2114 τὰ
430 2063 530 2132 μὲν
555 2065 635 2125 είς
669 2063 856 2115 ἑαυτὸν
900 2064 1114 2132 ἀφεῖναι
1168 2064 1277 2125 τοῖς
1323 2062 1714 2132 ἀδικουμένοις.

162 2153 271 2206 Καὶ
295 2151 582 2222 ὁδηγήσει
610 2169 683 2207 σε
711 2153 1064 2223 θαυμαστῶς
1084 2156 1122 2222 ἠ
1148 2152 1315 2218 δεξιά
1336 2169 1473 2207 σου.
1502 2152 1717 2223 Ἐπειδὴ

160 2243 268 2312 γάρ
303 2243 577 2313 ῥομφαίας
609 2244 1035 2316 ἐμνημόνευσεν,
1069 2244 1356 2297 ἀκόλουθον
1409 2243 1501 2297 καὶ
1544 2243 1720 2308 δεξιᾶς

157 2334 456 2405 ἐποιήσατο
487 2338 724 2407 μνήμην.
757 2336 914 2402 Δεξιά
937 2336 994 2389 δὲ
1022 2334 1184 2388 αὐτοῦ
1231 2335 1298 2387 τά
1325 2334 1471 2399 δεξιά
1501 2333 1718 2404 βουλεύ-

161 2443 332 2494 ματα,
364 2423 445 2489 οἷς
470 2427 802 2498 κεχρημένος
834 2428 932 2500 τὴν
957 2427 1053 2497 τῆς
1087 2427 1355 2499 ἁμαρτίας
1385 2426 1484 2480 οὐκ
1509 2425 1720 2490 ἐδέξατο

159 2517 486 2588 προσϐολήν.

233 2608 313 2661 Τὰ
345 2607 505 2675 βέλη
551 2623 665 2661 σου
713 2608 1071 2678 ἠκονημένα,
1130 2609 1366 2663 δυνατέ.
1410 2609 1544 2680 Βέλη
1594 2610 1720 2672 τοὺς

156 2699 349 2768 ἁγίους
376 2699 702 2762 ἀποστόλους
731 2702 913 2771 φησιν,
963 2702 1011 2754 οἳ
1044 2702 1137 2755 καὶ
1165 2704 1222 2754 ἐν
1265 2701 1460 2774 καρδίᾳ
1504 2701 1718 2771 καιρίας

155 2788 421 2842 δεδώκασι
453 2789 665 2858 πληγὰς
702 2793 814 2852 τοῖς
838 2789 1048 2859 ἐχθροῖς
1065 2788 1157 2842 τοῦ
1193 2791 1464 2854 Βασιλέως
1489 2791 1597 2844 τῶν

159 2881 501 2934 σιλευόντων.
543 2879 726 2932 Ταῦτα
763 2880 819 2932 δὲ
859 2880 925 2932 τά
959 2881 1110 2951 βέλη,
1147 2880 1420 2952 πλήξαντα
1472 2883 1552 2943 είς
1585 2899 1718 2952 καρ-

154 2972 276 3025 δίαν
300 2973 427 3034 τοὺς
467 2971 688 3040 νοητοὺς
718 2971 963 3042 ἐχθροὺς,
999 2973 1181 3043 ἴσχυσε
1229 2973 1591 3043 προσενέγκαι
1621 2974 1718 3044 τὴν

157 3063 250 3114 ὑπ’
280 3060 507 3134 οὐρανὸν
551 3061 656 3117 ὑπὸ
689 3062 854 3126 πόδας
887 3063 1143 3133 Χριστοῦ,
1175 3063 1392 3134 καὶτῆς
1423 3063 1587 3116 αὐτοῦ
1629 3063 1718 3134 βα-

157 3155 366 3218 σιλείας
399 3154 674 3207 ὑποθεῖναι
723 3156 833 3218 τοῖς
867 3155 1067 3222 ζυγοῖς.
1119 3155 1204 3207 Ἐν
1243 3155 1532 3227 ὑπερϐατῷ
1563 3156 1618 3209 δὲ
1666 3159 1714 3210 οί

157 3245 354 3315 στίχοι,
385 3245 471 3297 ἴνα
494 3239 626 3298 ὦσιν
653 3245 823 3307 οὕτως
843 3262 856 3275 ⁸
885 3245 965 3296 Τά
996 3245 1121 3314 βέλη
1148 3262 1239 3300 σου
1271 3248 1596 3317 ἠκονημένα,
1625 3248 1714 3300 δυ-

156 3335 304 3399 νατὲ,
335 3335 394 3386 ὲν
422 3332 668 3404 καρδίαις
695 3328 801 3385 τῶν
836 3331 1042 3403 ὲχθρῶν
1073 3332 1166 3385 τοῦ
1199 3333 1476 3402 βασιλέως.

241 3427 304 3478 ⁸ο
329 3425 539 3492 θρόνος
558 3439 694 3489 σου,
712 3427 743 3477 d
762 3425 927 3489 Θεὸς,
939 3427 1026 3489 είς
1043 3425 1147 3478 τὸν
1162 3426 1346 3480 αἰῶνα
1362 3426 1465 3480 τοῦ
1481 3425 1712 3492 αἰῶνος.

157 3521 221 3571 Ui
253 3517 574 3586 κεκλημένοι
600 3515 687 3568 διὰ
703 3515 810 3568 τῶν
840 3515 1169 3580 ἀποστόλων,
1211 3518 1591 3586 ὁμολογοῦντες
1621 3519 1714 3572 τοῦ

157 3605 495 3673 Μονογενοῦς
515 3606 614 3674 τὴν
631 3604 878 3674 θεότητα,
897 3606 1075 3673 φασίν·
1094 3606 1154 3658 Ὀ
1171 3607 1378 3674 θρόνος
1388 3611 1560 3672 σου,ὀ
1575 3609 1718 3672 Θεὸς

155 3703 246 3764 είς
271 3697 378 3752 τὸν
404 3695 589 3751 αἰῶνα
615 3695 721 3750 τοῦ
749 3695 979 3763 αἰῶνος.
1023 3697 1258 3763 Ῥάϐδος
1307 3701 1629 3767 εὐθύτητος
1677 3702 1712 3768 ἡ

152 3789 376 3858 ῥάϐδος
409 3787 517 3856 τῆς
539 3787 862 3855 βασιλείας
893 3804 1030 3843 σου.
1075 3791 1139 3843 'll
1189 3790 1416 3863 εὐθύτης
1466 3792 1616 3864 παρά
1651 3797 1714 3865 τῇ

155 3880 279 3950 θεία
309 3880 498 3950 Γραφῇ
531 3879 877 3951 δικαιοσύνην
902 3881 1172 3952 σημαίνει.
1209 3883 1369 3951 Λέγει
1414 3884 1611 3948 τοίνυν,
1641 3885 1715 3948 ὡς

153 3975 202 4024 οἱ
229 3970 632 4041 βασιλευόμενοι
667 3970 819 4040 παρά
855 3971 1110 4042 Χριστοῦ,
1134 3974 1228 4044 τὴν
1253 3974 1351 4043 τῆς
1379 3974 1717 4046 δικαιοσύνης

158 4062 384 4133 μάθοιεν
420 4061 652 4131 βαδίζειν
673 4061 812 4115 ὁδόν.

243 4153 585 4222 Ἠτὰπησας
631 4152 1045 4223 δικαιοσύνην,
1100 4157 1196 4208 καὶ
1252 4158 1548 4226 ἐμίσησας
1579 4159 1717 4215 ἀνο-

150 4247 320 4314 μίαν.
363 4245 581 4314 Ἐπειδὴ
610 4284 624 4307 ,
657 4245 756 4317 τὴν
789 4247 992 4318 τροπὴν
1041 4247 1305 4312 παθοῦσα,
1338 4253 1370 4321 ὴ
1417 4250 1716 4322 ἀνθρώπων

155 4336 322 4404 φύσις
365 4332 732 4402 καταλείψασα
779 4332 877 4405 τὴν
920 4334 1262 4406 δικαιοσύνην
1314 4339 1567 4409 ἠγάπησε
1619 4339 1716 4410 τὴν

153 4424 406 4496 ἀνομίαν,
439 4423 610 4498 ταύτῃ
635 4442 719 4479 τοι
770 4425 986 4494 γέγονεν
1009 4426 1289 4498 ἄνθρωπος
1322 4431 1348 4481 ὁ
1391 4431 1714 4500 Μονογενὴς,

1818 1965 1960 2019 enim
1989 1980 2137 2019 arma
2168 1968 2632 2023 commemoravit.
2673 1967 2738 2021 de
2772 1966 3180 2022 mansuetudine
3219 1982 3371 2021 men-

1819 2055 2018 2108 tionem
2043 2053 2190 2110 facit.
2231 2054 2494 2112 Mansueti
2526 2066 2704 2112 autem
2746 2066 2848 2124 est,
2876 2057 3052 2112 illatas
3082 2057 3185 2112 sibi
3225 2057 3370 2127 inju-

1817 2147 1928 2201 rias
1953 2148 2240 2203 dimittere.
2274 2148 2338 2203 Et
2361 2149 2571 2203 deducet
2610 2159 2656 2202 te
2689 2149 3001 2203 mirabiliter
3022 2150 3234 2203 dextera
3256 2161 3368 2204 tua.

1819 2236 2043 2303 Quando
2087 2240 2232 2292 enim
2292 2240 2528 2309 gladium
2580 2239 2932 2307 memoravit,
2980 2249 3370 2310 consequenter

1816 2332 1979 2384 etiam
2001 2331 2068 2385 de
2086 2330 2306 2386 dextera
2330 2331 2586 2401 loquitur.
2614 2330 2844 2386 Dextera
2875 2340 3054 2386 autem
3081 2330 3198 2401 ejus
3222 2339 3368 2395 sunt,

1817 2421 2032 2476 dextera
2077 2423 2191 2477 sive
2235 2424 2468 2494 genuina
2510 2423 2756 2487 consilia,
2795 2423 2949 2492 queis
2995 2437 3128 2477 usus
3168 2424 3370 2492 peccati

1818 2510 2074 2580 impetum
2098 2527 2202 2566 non
2229 2514 2454 2582 excepit.

1887 2603 1940 2657 6.
1981 2602 2202 2674 Sagittae
2247 2615 2350 2658 tua
2389 2613 2588 2667 acutte,
2625 2620 2654 2656 ο
2691 2615 2889 2672 potens.
2933 2602 3168 2672 Sagittas
3216 2610 3373 2656 vocat

1819 2704 2038 2750 sanctos
2079 2697 2373 2765 apostolos,
2417 2699 2508 2765 qui
2564 2697 2727 2750 etiam
2772 2696 2986 2749 lethalia
3014 2697 3236 2750 vulnera
3289 2697 3372 2748 iu-

1817 2786 2002 2841 ﬂixere
2031 2787 2082 2840 in
2115 2801 2209 2841 cor
2237 2788 2576 2842 inimicorum
2633 2785 2794 2857 Regis
2814 2802 3024 2858 regum.
3053 2786 3178 2842 Haec
3209 2802 3373 2858 porro

1817 2876 1922 2930 tela
1945 2892 2064 2946 qua:
2089 2877 2397 2946 spirituales
2428 2877 2678 2932 inimicos
2708 2877 2763 2931 in
2793 2877 2956 2932 corde
2997 2877 3368 2942 vulnerarunl,

1818 2968 2002 3022 orbem
2054 2977 2346 3037 potuerunt
2404 2968 2604 3022 Christi
2659 2968 2887 3038 pedibus
2936 2970 3273 3035 submittere,
3316 2979 3372 3023 et

1815 3058 1946 3130 jugo
1997 3060 2147 3129 regni
2189 3059 2308 3129 ejus
2342 3061 2627 3130 subjicere.
2657 3061 2924 3116 Caeterum
2961 3062 3015 3116 hi
3049 3077 3239 3117 versus
3277 3077 3372 3132 per

1818 3152 2146 3223 hyperbaton
2203 3152 2491 3218 dicuntur,
2557 3162 2616 3206 ut
2686 3164 2878 3208 sonent
2927 3174 2940 3208 :
2990 3156 3208 3226 Sagittae
3267 3163 3370 3210 tute

1818 3254 2008 3310 acutae,
2037 3260 2070 3299 ο
2105 3253 2318 3314 potens,
2356 3245 2410 3297 in
2447 3242 2702 3301 cordibus
2737 3246 3078 3302 inimicorum
3111 3249 3253 3319 regis

1889 3419 1938 3474 7.
1982 3419 2218 3474 Thronus
2266 3430 2406 3486 tuus,
2445 3422 2606 3489 Deus,
2651 3425 2704 3477 in
2739 3428 2988 3480 saeculum
3029 3430 3228 3484 seculi.
3267 3430 3367 3497 Qui

1819 3513 1992 3566 vocati
2017 3527 2110 3581 per
2147 3514 2422 3582 apostolos
2453 3525 2578 3569 sunt
2609 3517 2924 3574 conﬁtentes
2953 3517 3225 3590 Unigeniti
3251 3523 3368 3576 dei-

1817 3611 2006 3665 tatem,
2037 3603 2187 3656 aiunt
2217 3622 2230 3656 :
2273 3603 2506 3658 Tltronus
2548 3618 2689 3675 tuus,
2710 3608 2867 3675 Deus,
2892 3613 2946 3664 in
2968 3612 3215 3666 steculum
3269 3631 3370 3668 ste-

1816 3692 1942 3745 culi.
2004 3691 2162 3763 Virga
2222 3695 2521 3750 directionis
2584 3700 2726 3768 uirga
2788 3703 2931 3771 regni
3000 3706 3097 3757 tui.
3140 3703 3372 3760 Directio

1820 3782 1871 3836 in
1897 3784 2093 3839 divinis
2125 3784 2423 3854 Scripturis
2447 3788 2710 3856 justitiam
2753 3790 3038 3860 signiﬁcat.
3069 3794 3157 3845 Ait
3185 3795 3367 3863 igitur,

1817 3875 2016 3942 quibus
2063 3875 2291 3945 imperat
2337 3877 2585 3934 Christus
2633 3881 2686 3935 in
2724 3883 2807 3935 via
2844 3883 3066 3950 justitiae
3127 3885 3370 3940 incedere

1817 3965 2074 4021 ediscent.

1887 4146 1940 4199 8.
1988 4144 2237 4200 Dilexisti
2255 4146 2524 4215 justitiam
2551 4158 2598 4204 et
2626 4149 2784 4202 odisti
2809 4150 3157 4220 iniquitatem.
3189 4150 3370 4218 Quan-

1818 4237 2109 4309 doquidem
2141 4239 2425 4296 hominum
2456 4251 2669 4306 natura,
2707 4244 3059 4299 mutationem
3091 4260 3366 4315 perpessa,

1818 4331 2118 4386 deserendo
2144 4331 2412 4401 justitiam
2451 4333 2640 4388 dilexit
2681 4335 3053 4406 iniquitatem;
3089 4335 3210 4391 ideo
3242 4333 3371 4392 Uni-

1818 4422 2032 4492 genitus
2061 4420 2234 4476 factus
2270 4423 2431 4477 homo
2461 4433 2558 4486 est,
2593 4433 2648 4477 ut
2687 4424 2743 4478 in
2788 4439 2845 4478 se
2881 4425 3170 4479 humanam
3196 4426 3370 4480 corri-

153 4518 438 4589 κατορθῶν
470 4520 528 4571 ὲν
555 4518 732 4590 ἑαυτῷ
776 4522 840 4590 τῇ
869 4518 1164 4590 ἀνθρώπων
1193 4520 1350 4589 φύσει
1390 4522 1450 4574 τὸ
1491 4525 1710 4594 ἀγαπᾷν

1819 4529 1950 4583 gens
1977 4523 2248 4578 naturam,
2291 4515 2342 4569 id
2380 4514 2610 4569 ediceret
2649 4525 2707 4569 ut
2745 4514 2990 4584 diligeret
3012 4516 3279 4585 justitiam
3316 4528 3370 4573 et

152 4610 506 4680 δικαιοσύνην
534 4611 626 4662 καὶ
662 4613 835 4680 μισεῖν
857 4612 1081 4680 ἀνομίαν
1100 4629 1114 4642 ·
1143 4612 1235 4665 καὶ
1266 4614 1297 4682 ἡ
1323 4614 1418 4683 τῆς
1448 4614 1714 4685 ὲνανθρω-

153 4703 378 4773 πήσεως
409 4699 549 4770 αὕτη
578 4700 741 4753 αίτία.
774 4700 864 4752 Διό
889 4716 1069 4770 φησιν·
1100 4701 1202 4754 Διά
1228 4701 1398 4754 τοῦτο
1422 4703 1628 4769 ἕχρισέ
1641 4720 1715 4756 σε

153 4793 187 4843 ό
211 4788 376 4854 Θεός.
405 4786 502 4840 Διά
527 4784 683 4839 τοῦτο
700 4786 778 4850 δὲ,
800 4790 947 4840 ποῖον
969 4804 982 4852 ;
1016 4788 1048 4858 ἢ
1073 4787 1209 4842 ὥστε
1233 4789 1324 4842 καὶ
1354 4789 1478 4853 τοὺς
1501 4793 1556 4843 ὲν
1584 4791 1713 4861 μεθ-

151 4879 266 4944 έξει
299 4894 394 4931 σου
438 4879 758 4948 γενομένους
792 4879 1177 4946 ἀγαλλιᾶσθαιο
1241 4881 1335 4934 ἅτε
1363 4881 1426 4951 δὴ
1451 4881 1526 4944 ὡς
1554 4883 1715 4955 ἠλεη-

155 4970 354 5042 μένους
385 4968 473 5022 διὰ
496 4969 556 5021 τὸ
587 4968 976 5040 κατωρθῶσθαι
1021 4973 1202 5036 αὐτοῖς
1236 4974 1321 5027 διά
1359 4974 1452 5026 σού
1480 4977 1540 5028 τὺ
1579 4979 1714 5045 ἀγα-

153 5062 265 5131 πᾷν
317 5060 658 5132 δικαιοσύνην
721 5062 812 5114 καὶ
872 5065 1046 5132 μισεῖν
1096 5064 1342 5134 ἀνομίαν.
1380 5065 1482 5118 Διὰ
1538 5067 1712 5120 τοῦτο

151 5151 363 5222 εχρισέ
387 5167 460 5206 σε
489 5157 520 5206 ὁ
554 5152 715 5218 Θεὸς,
755 5157 789 5206 ό
829 5154 970 5218 Θεός
1016 5170 1151 5208 σου.
1189 5155 1309 5208 Ἐπὶ
1345 5156 1500 5210 τοῦτο
1529 5159 1712 5228 ἠλειψέ

153 5263 214 5300 σε
247 5247 276 5297 ὸ
300 5245 452 5307 Θεὸς,
491 5245 520 5296 ὁ
550 5245 680 5308 Θεός
715 5262 831 5306 σου,
868 5247 1032 5314 φησί’
1067 5247 1127 5299 τὸ
1159 5248 1264 5317 γὰρ
1309 5247 1543 5318 ἔχρισεν,
1566 5252 1711 5321 ἤλει-

149 5338 252 5406 ψεν
288 5336 665 5406 ἑρμηνεύεται.
719 5337 990 5408 Συνῆπται
1041 5338 1097 5391 δὲ
1149 5341 1404 5410 ἠτούτου
1454 5343 1713 5412 ἑρμηνεία

149 5429 358 5482 ἄνωθεν
381 5431 460 5490 είς
482 5429 563 5492 τὸ,
601 5427 939 5497 Ἠγὰπησας
970 5430 1380 5499 δικαιοσύνην.

224 5521 467 5588 Σμύρνα
499 5519 596 5572 καί
646 5519 876 5586 στακτὴ
929 5522 1026 5574 καὶ
1058 5524 1242 5577 κασία
1271 5525 1386 5578 ἀπὸ
1435 5523 1553 5578 τῶν
1595 5528 1712 5594 lya-

150 5613 294 5667 τίων
323 5627 460 5665 σου.
507 5611 717 5679 Ὶμάτια
738 5611 828 5664 τοῦ
872 5613 1202 5677 Μονογενοῦς
1237 5615 1471 5684 νοηθιῑεν
1504 5615 1568 5668 ἀν
1621 5617 1712 5669 δυ-

223 5795 265 5823 ⁶¹
288 5787 430 5847 Psal.
477 5808 566 5855 vn,
601 5792 663 5845 l3

1818 4605 1942 4659 odio
1973 4605 2197 4660 haberet
2223 4605 2560 4674 iniquitatem
2600 4625 2614 4659 :
2651 4615 2813 4676 atque
2842 4607 3026 4662 istliarc
3054 4607 3160 4663 fuit
3187 4610 3367 4665 incar-

1815 4696 2048 4750 nationis
2079 4712 2261 4751 causa.
2309 4697 2670 4762 Quamobrem
2720 4699 2834 4750 ait:
2888 4697 3170 4766 Propterea
3217 4705 3370 4757 unxit

1817 4797 1862 4838 te
1889 4786 2046 4840 Deus.
2079 4785 2598 4857 Propterea,quare?
2626 4788 2726 4842 nisi
2757 4799 2814 4843 ut
2845 4790 2934 4859 qui
2965 4792 3041 4844 tui
3078 4795 3368 4864 participes

1814 4886 1996 4932 essent
2037 4879 2392 4946 exsultarent,
2426 4887 2609 4948 utpote
2647 4880 2739 4948 qui
2771 4895 2837 4934 ex
2874 4881 3248 4939 misericordia
3277 4898 3368 4942 tua

1817 4969 1867 5023 id
1899 4972 2173 5027 consecuti
2216 4971 2324 5026 sint
2369 4979 2426 5025 ut
2474 4971 2753 5040 diligerent
2804 4972 3072 5041 justitiam
3131 4985 3186 5030 et
3244 4979 3369 5034 odio

1815 5063 2074 5117 baberent
2126 5063 2482 5134 iniquitatem.
2541 5060 2825 5132 Propterea
2872 5068 3023 5119 unxit
3077 5078 3127 5122 te
3180 5069 3320 5126 Deus
3350 5114 3367 5139 ,

1813 5153 1952 5207 Deus
1977 5163 2118 5208 tuus.
2145 5155 2270 5209 ldeo
2293 5155 2507 5210 inunxit
2531 5163 2582 5208 te
2614 5153 2778 5219 Deus,
2810 5155 2953 5211 Deus
2983 5166 3129 5222 tuus,
3157 5160 3364 5232 inquit:

1815 5247 1942 5301 illud
1973 5247 2116 5300 enim
2161 5247 2332 5311 unxit,
2365 5247 2582 5301 inunxit
2615 5247 3015 5317 interpretatur.
3055 5250 3228 5324 Hujus
3267 5271 3366 5309 au-

1812 5344 1919 5392 tem
1961 5338 2067 5392 loci
2109 5339 2480 5408 interpretatio
2524 5341 2773 5410 superius
2805 5341 2871 5396 ad
2911 5342 3023 5398 haec
3052 5345 3232 5411 verba,
3261 5344 3364 5399 Di-

1811 5430 1987 5484 lexisti
2004 5432 2298 5500 justitiam,
2334 5433 2586 5502 adjuncta
2615 5432 2734 5489 fuit.

1880 5523 1931 5576 9.
1952 5522 2169 5593 Myrrha
2195 5534 2242 5578 et
2253 5535 2404 5595 gutta
2425 5536 2472 5578 et
2485 5526 2630 5579 casia
2666 5543 2697 5578 a
2714 5529 3029 5582 vestimentis
3055 5529 3361 5584 tuis.Vesti-

1811 5623 1987 5668 menta
2032 5614 2300 5687 Unigeniti
2349 5619 2514 5686 probe
2566 5620 2930 5690 intelligantur
2965 5622 3209 5688 virtutes,
3250 5637 3362 5674 ma-
