4034 6494
641 446 740 507 211
1452 454 1506 510 S.
1550 457 1920 513 ATHANASH
1961 455 2109 512 OPP.
2154 454 2331 510 PARS
2369 453 2459 509 Ill.
2499 484 2566 494 -
2605 449 3018 507 EXEGETICA.
3756 446 3862 501 212

643 572 970 645 gniﬁcentia,
1006 572 1195 641 gloria,
1232 573 1384 642 juxta
1420 575 1547 629 illud
1580 595 1591 629 :
1643 576 1895 629 Dominus
1945 578 2196 644 regnavit.
2228 622 2236 635 .

2267 573 2514 640 »νάμειςν
2544 569 3002 643 μεγαλοπρέπεια,
3048 566 3207 631 δόξα,
3246 565 3384 619 κατὰ
3420 566 3496 618 τό.
3548 565 3607 618 σο
3649 567 3860 633 Κύριος

640 667 879 721 decorem
920 664 1132 717 indutus
1161 675 1259 730 est,
1292 666 1507 720 indutus
1538 678 1612 720 est
1657 667 1907 720 Dominus
1956 670 2201 721 virtutem

2303 664 2723 724 ἐϐασίλευσεν,
2758 659 3117 728 εὐπρέπειαν
3158 656 3503 719 ἐνεδύσατο,
3535 656 3862 709 ἐνεδύσατο

640 768 689 810 ιι
717 757 992 825 ρνιεοὶηιτίι
1024 774 1076 809 se
1099 758 1165 807 “.
1209 757 1395 812 lsthaec
1434 758 1598 827 igitur
1648 760 1815 829 gloria
1868 770 1918 813 et
1951 760 2199 829 magniﬁ-

2304 758 2519 823 Κύριος
2554 754 2812 821 δύναμιν
2853 751 2951 803 καὶ
2999 747 3403 817 περιεζώσατο.
3433 746 3579 815 Αὕτη
3612 746 3675 816 δὴ
3703 742 3794 799 οὖν
3824 749 3859 816 ἡ

638 849 811 902 centia
836 847 974 916 ejus,
1009 848 1133 901 boni
1175 848 1330 902 nobis
1375 850 1557 904 odoris
1611 850 1729 915 fuit,
1759 860 1810 903 et
1831 852 1986 920 quasi
2029 867 2198 920 genus

2301 848 2427 913 δόξα
2473 844 2636 899 αὑτοῦ
2670 845 2763 897 καὶ
2814 844 2847 913 ή
2902 840 3341 913 μεγαλοπρέπεια
3391 838 3594 908 εὐώδης
3641 838 3864 905 γέγονεν

637 953 796 992 omne
826 938 1163 993 odoranienti
1189 946 1242 992 et
1288 939 1513 1005 incensi,
1568 940 1724 1009 juxta
1759 940 1888 993 illud
1942 940 2069 993 alibi
2116 940 2198 993 di-

2301 939 2453 1008 ἡμῖν,
2483 936 2578 990 καὶ
2604 935 2678 998 ὡς
2712 937 2770 987 ὲν
2800 933 2947 999 τάξει
2976 931 3314 1001 θυμιάματος
3363 929 3560 992 παντὸς
3609 929 3749 982 κατὰ
3798 928 3862 981 τὸ

637 1039 782 1083 ctum
815 1046 827 1082 :
881 1028 1211 1098 Unguentum
1257 1029 1478 1097 e/fusum
1510 1047 1694 1083 nomen
1735 1041 1880 1083 tuum
1912 1031 1956 1062 ³³
1987 1049 1999 1083 :
2031 1039 2085 1085 et
2140 1031 2197 1082 il-

2300 1026 2529 1098 ἀλλαχοῦ
2557 1026 2843 1097 εἰρημένον
2862 1039 2875 1052 ·
2904 1024 3107 1090 Μύρον
3146 1020 3475 1074 ἐκκενωθὲν
3497 1018 3685 1088 ὄνομά
3704 1033 3822 1073 σου
3843 1038 3856 1049 ·

636 1123 725 1175 Iud
764 1140 777 1175 :
806 1119 871 1174 In
896 1122 1105 1174 odorem
1134 1131 1511 1189 unguentorum
1543 1130 1751 1173 tuorum
1773 1121 2058 1173 currant“.
2084 1118 2194 1191 (l6)

2299 1121 2391 1173 καὶ
2421 1120 2503 1183 τὸ,
2533 1120 2635 1183 Εἰς
2668 1115 2867 1186 ὀσμὴν
2892 1113 3139 1178 εὐωδίας
3163 1128 3277 1166 σου
3300 1110 3647 1180 δραμοῦμαι.
3672 1110 3860 1163 Ἔστιν

635 1211 732 1265 Est
758 1220 936 1266 autem
969 1219 1161 1272 stacte,
1196 1212 1308 1265 sive
1334 1220 1502 1280 gutta,
1530 1213 1762 1283 myrrhae
1789 1228 1958 1282 genus
1991 1213 2197 1267 tenuis-

2299 1213 2330 1280 ἡ
2363 1208 2567 1276 στακτὴ
2595 1207 2837 1279 σμύρνης
2860 1201 2997 1268 εἶδος
3025 1205 3366 1257 λεπτότατον’
3400 1203 3733 1266 ὲκθλιδέντος
3748 1203 3861 1273 γὰρ

632 1299 853 1352 simum.
910 1296 1041 1351 Nam
1073 1298 1307 1352 contrito
1355 1310 1616 1357 aromate.
1665 1302 1925 1371 quidquid
1969 1301 2193 1356 ﬂuidum

2296 1302 2389 1354 τοῦ
2419 1301 2727 1373 ἀρώματος,
2762 1302 2882 1352 ὅσον
2912 1299 3006 1367 μὲν
3035 1297 3139 1368 γὰρ
3156 1295 3317 1349 αὐτοῦ
3350 1298 3505 1367 ῥυτὸν
3531 1296 3609 1358 είς
3625 1295 3860 1364 στακτὴν

631 1393 684 1445 in
710 1393 803 1446 illo
846 1392 1076 1445 habetur
1121 1394 1172 1446 in
1205 1402 1413 1447 stacten
1464 1396 1574 1448 sive
1624 1404 1828 1465 guttam
1884 1393 2139 1446 dividitur
2177 1411 2189 1446 :

2294 1393 2686 1463 ἁπομερίζεται
2719 1407 2732 1421 ⁸
2788 1391 2848 1442 τὸ
2899 1389 2957 1442 δὲ
3002 1388 3303 1459 παχύτερον
3332 1386 3606 1457 ἀπομένον
3644 1386 3859 1455 σμύρνα

630 1482 776 1553 quod
812 1485 1052 1540 crassius
1079 1486 1357 1540 residuum
1390 1496 1493 1549 est,
1541 1490 1757 1559 myrrha
1804 1496 2045 1540 vocatur.
2085 1484 2192 1539 Ca-

2296 1484 2782 1556 προσαγορεύεται.
2819 1483 2882 1535 Ἦ
2915 1482 2971 1533 δὲ
3002 1481 3167 1533 κασία
3196 1479 3376 1547 φλοιός
3408 1478 3490 1541 τίς
3520 1478 3635 1530 ἐστι
3669 1475 3861 1528 λεπτό-

629 1573 710 1626 sia
751 1581 932 1627 autem
979 1582 1065 1628 est
1101 1587 1287 1629 cortex
1327 1578 1703 1638 tenuissimus,
1752 1574 2190 1639 odoratissimus,

2291 1593 2451 1638 τατος
2498 1574 2594 1627 καὶ
2625 1573 2851 1640 εὐώδης,
2904 1569 3109 1639 ξυλώδη
3157 1570 3344 1638 κάρφη
3396 1565 3854 1635 περιτεινόμενος.

627 1663 721 1733 qui
754 1665 963 1732 ligneos
1003 1667 1253 1721 surculos
1290 1668 1553 1722 obtendit.
1596 1669 1639 1720 A
1683 1670 1934 1722 domibus'
1954 1668 2191 1724 eburneis

2305 1667 2436 1722 Ἀπὸ
2484 1665 2719 1733 ,ϐάρεων
2763 1663 3166 1731 ἐλεφαντίνων
3200 1660 3268 1724 ἐξ
3296 1654 3385 1713 ὧν
3413 1656 3727 1726 ηὕςρρανάν
3759 1672 3854 1710 σε.

626 1763 691 1799 ea:
730 1748 916 1815 quibus
948 1748 1328 1805 delectaverunt
1376 1762 1442 1805 te.
1477 1752 1695 1817 Domus,
1728 1754 1866 1807 aedes
1899 1754 2193 1823 splendida:

2291 1756 2498 1825 Βάρεις
2530 1756 2628 1826 μὲν
2655 1756 2706 1807 οἰ
2733 1751 3037 1815 πολυτελεῖς
3055 1752 3149 1804 καὶ
3179 1748 3443 1821 ἐξαίρετοι
3468 1742 3626 1812 οἶκοι,
3656 1746 3772 1816 ἤτοι
3803 1747 3856 1797 οί

626 1850 679 1892 et
757 1840 1038 1910 magniﬁce
1102 1851 1323 1897 structa:
1390 1851 1553 1912 atque
1633 1845 1830 1913 templa
1908 1844 2187 1899 dicuntur.

2293 1848 2429 1900 ναοί.
2474 1843 2901 1913 Ἐλεςραντίνας
2928 1842 2985 1895 δὲ
3009 1842 3105 1905 τὰς
3138 1839 3513 1909 άπεξεσμένας
3552 1837 3713 1891 οἱονεὶ
3759 1836 3857 1889 καὶ

631 1927 897 1982 Eburneas
946 1939 1126 1983 autem
1183 1931 1332 1995 dicit,
1381 1946 1479 1986 ceu
1527 1932 1727 1988 aﬂ‘abre
1776 1933 2079 1992 elaboratas
2126 1915 2224 1989 acj

2292 1936 2784 2008 περικαλλεστάτας
2832 1934 3013 2004 φησίν.
3042 1930 3305 1993 Βασιλέας
3334 1929 3391 1982 δὲ
3431 1927 3684 1999 ὀνομάζει
3725 1926 3857 1989 τοὺς

626 2020 1040 2087 pulcherrimas.
1089 2020 1261 2092 Reges
1306 2032 1463 2077 vocat
1508 2033 1725 2079 sanctos
1773 2025 2045 2095 apostolos
2093 2024 2188 2094 qui

2292 2027 2477 2095 ἁγίους
2514 2026 2862 2088 ἀποστόλους,
2893 2024 3062 2078 οἱκαὶ
3109 2020 3563 2094 συμϐασιλεύουσι
3599 2017 3677 2088 τῷ
3717 2018 3857 2089 Χρι-

625 2125 733 2163 una
788 2126 909 2163 cum
959 2111 1179 2167 Christo
1238 2123 1482 2183 regnant.
1546 2113 1713 2168 Filias
1740 2124 1923 2169 autem
1974 2131 2185 2181 eorum,

2292 2117 2419 2187 στῷ.
2454 2118 2768 2188 Θυγατέρας
2798 2116 2854 2169 δὲ
2896 2116 3075 2170 αὐτῶν
3124 2114 3221 2178 τὰς
3270 2114 3338 2167 δι’
3374 2112 3552 2165 αὐτῶν
3602 2112 3684 2174 εἰς
3734 2109 3856 2164 θεο-

624 2204 834 2257 animas
881 2219 1003 2271 qure
1053 2204 1295 2273 ipsorum
1346 2222 1506 2275 opera
1558 2207 1622 2261 ad
1676 2206 1768 2260 Dei
1825 2208 2187 2277 cognitionem

2288 2211 2527 2279 γνωσίαν
2558 2207 3065 2278 ἀναγεγεννημένας
3097 2206 3273 2276 ψυχὰς
3297 2244 3313 2269 ,
3344 2206 3401 2259 αἰ
3436 2205 3529 2259 καὶ⁵
3558 2204 3720 2265 ναοὺς
3750 2201 3856 2263 τὰς

624 2305 950 2360 regeneratae
981 2306 1128 2361 sunt,
1164 2315 1284 2365 qua:
1316 2300 1476 2352 corda
1509 2315 1605 2353 sua
1648 2300 1700 2353 in
1730 2301 1923 2369 templa
1962 2301 2187 2355 concin-

2287 2299 2494 2356 ἑαυτῶν
2544 2299 2771 2371 καρδίας
2820 2295 3137 2351 ἀποτελοῦσι
3162 2294 3722 2367 ςπερικαλλεστάτους,
3768 2292 3855 2352 εἰς

625 2396 758 2439 nant
786 2386 1133 2442 ornatissima
1177 2389 1231 2442 in
1275 2388 1369 2443 Dei
1408 2390 1693 2453 honorem,
1730 2402 1892 2461 atque
1920 2392 2188 2447 delectant

2287 2392 2451 2464 τιμὴν
2480 2391 2571 2445 τοῦ
2606 2389 2739 2443 Θεοῦ
2772 2386 3165 2461 εὖφραινούσας
3192 2385 3374 2440 αὐτόν.
3402 2383 3627 2453 Ὅμοιον
3654 2376 3748 2434 οῦν
3773 2378 3856 2443 ὡς

622 2477 823 2547 ipsum.
852 2476 1083 2533 Perinde
1106 2479 1273 2550 igitur
1315 2490 1397 2535 est
1418 2497 1482 2535 ac
1513 2481 1560 2543 si
1594 2483 1835 2537 diceret:
1872 2483 2187 2539 Delectabe-

2285 2484 2334 2537 εἰ
2362 2482 2526 2555 λέγῃο
2561 2479 2944 2551 Εύφρανθήσῃ,
2989 2476 3177 2549 φησὶν,
3224 2468 3270 2527 ὦ
3300 2472 3563 2534 Δέσποτα,
3597 2470 3704 2523 ἀπὸ
3756 2468 3858 2539 βά-

622 2565 719 2633 ris,
751 2581 785 2621 ο
820 2567 1063 2634 Domine,
1104 2583 1135 2623 a
1161 2568 1412 2623 domibus
1450 2569 1724 2632 eburneis,
1756 2586 1892 2640 quas
1922 2572 1975 2624 in
2014 2572 2185 2625 hono-

2289 2590 2425 2644 ρεων
2455 2571 2810 2641 ἐλεφαντίνων
2859 2562 2932 2621 ὧν
2966 2566 3369 2622 κατεσκεύασαν
3410 2564 3489 2627 εἰς
3542 2561 3639 2633 σὴν
3684 2559 3855 2630 τιμὴν

623 2673 735 2713 rem
768 2668 921 2713 tuum
971 2660 1094 2715 ﬁliae
1137 2676 1330 2730 regum
1372 2661 1733 2717 adornarunt.
1777 2663 1959 2716 Astitit
2005 2664 2184 2733 regina

2287 2668 2343 2719 αἰ
2372 2665 2480 2718 τῶν
2510 2664 2772 2735 βασιλέων
2800 2661 3115 2731 θυγατέρες.
3138 2657 3414 2728 Παρέστη
3438 2658 3488 2725 τὶ
3503 2655 3856 2721 βασίλισσα

616 2765 651 2801 α
676 2748 877 2801 dextris
912 2750 1016 2803 tuis
1053 2750 1107 2803 in
1156 2752 1344 2805 vestitu
1386 2751 1660 2807 deaurato.
1711 2752 1917 2823 Regina
1966 2754 2181 2823 quidem

2284 2758 2353 2812 ἐκ
2378 2755 2593 2823 δεξιῶν
2622 2771 2740 2810 σου
2778 2755 2848 2808 ἐν
2873 2752 3163 2823 ἱματισμῷ
3201 2750 3529 2818 διαχρύσῳ.
3554 2746 3854 2802 Βασίλισσα

622 2840 863 2895 Ecclesia
891 2850 994 2910 est,
1036 2851 1224 2913 utpote
1256 2845 1368 2915 regi
1401 2861 1598 2915 magno
1628 2847 1974 2914 desponsata.
2007 2844 2185 2901 Collo-

2289 2852 2386 2923 μὲν
2414 2853 2448 2923 ὴ
2492 2848 2806 2921 Ἐκκλησία,
2844 2847 2920 2911 ὼς
2947 2846 3134 2917 νύμφη
3167 2842 3432 2913 γενομένη
3463 2840 3555 2895 τοῦ
3609 2839 3853 2910 μεγάλου

619 2933 763 2988 catio
809 2942 991 2989 autem
1045 2950 1077 2990 a
1128 2936 1357 3001 dextris,
1420 2938 1680 2992 honorem
1749 2938 2019 3007 signiﬁcat
2073 2952 2182 3006 quo

2286 2944 2579 3015 βασιλέως·
2631 2945 2665 3015 ἡ
2698 2942 2756 2996 δὲ
2789 2942 2976 3004 στάσις
3013 2940 3047 3011 ἠ
3079 2939 3144 2991 ὲκ
3180 2936 3367 3000 δεξιῶν
3409 2934 3507 3004 τὴν
3554 2932 3721 3003 τιμὴν
3755 2948 3856 3002 ση-

617 3020 830 3077 fruetur
860 3024 915 3077 in
944 3024 1132 3081 futuro
1159 3028 1378 3081 saeculo.
1418 3025 1658 3083 Vestitus
1685 3040 1866 3083 autem
1913 3027 2182 3098 pretiosus

2288 3036 2468 3107 μαίνει
2496 3030 2565 3106 ἧς
2591 3031 2886 3088 ἀπολαύσει
2935 3033 2994 3085 ἐν
3035 3027 3114 3100 τῷ
3149 3028 3393 3100 μέλλοντι
3440 3023 3630 3079 αἰῶνι·
3668 3024 3855 3095 ἰματι-

618 3124 767 3177 sunt,
810 3112 965 3180 ﬁdes,
1007 3129 1152 3184 spes,
1202 3115 1459 3171 charitas.
1498 3116 1601 3171 Sed
1651 3126 1705 3171 et
1753 3117 1899 3171 aliud
1946 3118 2183 3186 splendi-

2286 3125 2421 3195 σμὸς
2447 3125 2504 3177 δὲ
2533 3124 2703 3193 αὐτῆς
2742 3121 2985 3184 ποικίλος
3014 3120 3213 3183 πίστις,
3257 3117 3435 3181 ἐλπὶς,
3466 3116 3685 3186 ἀγάπη⁶
3736 3113 3852 3184 εχει

614 3202 739 3259 dius
775 3204 1153 3261 vestimentum
1184 3206 1370 3273 habet,
1415 3208 1592 3277 ipsum
1634 3208 1840 3263 scilicet
1881 3207 2177 3262 Christum.

2282 3216 2338 3270 δὲ
2371 3218 2464 3270 καὶ
2491 3216 2677 3287 ἕτερον
2713 3213 2926 3285 ἱμάτιον
2944 3210 3337 3285 λαμπρότερον,
3368 3209 3459 3263 τὸν
3488 3206 3719 3279 Χριστὸν
3750 3208 3850 3260 αὺ-

615 3294 924 3368 Quicunque
962 3298 1131 3365 enim,
1185 3299 1280 3364 ait,
1311 3303 1365 3354 in
1412 3255 1680 3355 Crhristum
1733 3299 1991 3368 baptizati
2034 3301 2180 3369 estis,

2283 3255 2775 3376 τόνῗῖθσοῖἷγὰρῗ
2790 3305 2974 3376 φησιν,
3003 3255 3090 3370 είς
3101 3255 3383 3373 ’Χριῖγτᾶν
3427 3255 3847 3365 ἐϐαπτίσθητε,

617 3386 886 3441 Christum
916 3390 1163 3443 induistis
1202 3391 1266 3444 ⁸⁸.

2282 3398 2538 3469 Χριστὸν
2562 3396 2950 3450 ἐνεδύσασθε.

688 3478 772 3532 il.
813 3478 975 3544 Audi,
1026 3480 1162 3548 ﬁlia,
1206 3490 1257 3535 et
1304 3483 1438 3535 vide.
1502 3481 1711 3537 Rursus
1754 3498 1852 3535 ceu
1899 3482 1964 3536 ad
1999 3481 2183 3536 Eccle-

2357 3493 2681 3548 Ἄκουσον.
2709 3486 2980 3555 θύγατερ,
3004 3481 3102 3536 καὶ
3138 3479 3248 3534 τδε.
3290 3479 3403 3534 Καὶ
3430 3477 3590 3533 πάλιν
3608 3476 3685 3541 ὡς
3710 3477 3851 3548 πρὸς

617 3570 753 3622 siam
806 3584 988 3623 sermo
1034 3582 1138 3625 est.
1178 3570 1247 3623 Et
1296 3570 1597 3625 obliviscere
1646 3572 1897 3640 populum
1956 3584 2103 3623 tuum
2131 3578 2183 3623 et

2280 3583 2379 3652 τὴν
2412 3580 2734 3651 Ἐκκλησίαν
2772 3574 2801 3629 ὁ
2832 3575 2987 3644 λόγος
3013 3569 3184 3636 οὗτος.
3241 3569 3350 3624 Kal
3398 3567 3687 3623 ἐπιλάθου
3739 3566 3849 3621 τοῦ

614 3659 828 3711 domum
858 3660 1028 3728 patris
1077 3663 1174 3713 tui.
1227 3660 1395 3717 Nemo
1432 3662 1631 3733 quippe
1666 3680 1837 3733 purus
1878 3665 1944 3719 ad
1976 3663 2180 3720 Christi

2279 3673 2432 3728 λαοῦ
2453 3686 2568 3726 σου
2599 3671 2697 3725 καὶ
2722 3668 2828 3723 τοῦ
2857 3667 3027 3721 οἶκον
3054 3663 3160 3718 τοῦ
3186 3664 3409 3731 πατρός
3448 3674 3585 3714 σου.
3631 3658 3750 3712 Οὐκ
3778 3657 3849 3711 ἂν

613 3747 773 3804 ﬁdem
824 3751 1055 3816 accedit,
1101 3752 1205 3807 nisi
1239 3753 1635 3823 praeteritorum
1667 3756 1935 3811 malorum
1969 3770 2178 3811 memo-

2279 3765 2387 3836 γάρ
2419 3780 2502 3826 τις
2524 3761 2762 3836 καθαρὸς
2788 3762 2853 3830 τῇ
2874 3758 2961 3811 διὰ
2987 3752 3223 3828 Χριστοῦ
3252 3751 3614 3823 προσέρχεται
3637 3749 3845 3812 πίστει,

616 3841 751 3895 riam
775 3841 999 3896 omnino
1027 3842 1259 3897 aboleat.
1296 3841 1539 3913 Populus
1562 3852 1741 3899 autem
1774 3843 2028 3899 Ecclesiae
2048 3844 2177 3897 olim

2282 3830 2369 3925 μὴ.
2390 3854 2628 3921 παντελῆ
2658 3830 2826 3922 λήθην
2876 3849 2983 3901 τῶν
3030 3844 3307 3917 προτέρων
3348 3841 3714 3911 ποιησάμενος
3744 3856 3847 3891 κα-

612 3944 768 3987 erant
814 3934 1133 3989 idololatraa.
1187 3934 1393 3991 Domus
1451 3946 1631 3991 autem
1688 3937 1859 4006 patris
1908 3936 2027 4006 ejus
2085 3951 2177 3991 sa-

2280 3948 2410 4001 κῶν.
2441 3945 2581 4007 Λαὸς
2604 3944 2662 3996 δὲ
2694 3942 2859 3996 πάλαι
2883 3940 2983 4009 τῆς
3018 3933 3335 4006 Ἐκκλησίας
3359 3933 3409 3987 οἰ
3436 3928 3840 4000 εἰδωλολάτραι.

611 4026 820 4094 pientes
848 4026 1054 4090 saaculi,
1100 4028 1154 4080 iu
1207 4028 1405 4096 quibus
1438 4030 1595 4097 quasi
1635 4028 1689 4081 in
1720 4030 1881 4083 domo
1914 4030 2179 4083 inhabitat

2276 4036 2435 4101 Οἶκος
2465 4038 2521 4089 δὲ
2540 4035 2646 4088 ’τοῦ
2688 4033 2890 4105 πατρὸς
2910 4032 3098 4100 αὐτῆς,
3131 4030 3180 4082 οἱ
3223 4026 3375 4095 σοφοὶ¹
3414 4023 3506 4077 τοῦ
3536 4021 3756 4085 αἰῶνος,
3784 4022 3844 4073 ὲν

613 4115 866 4175 Satanas.
901 4116 971 4172 Et
1010 4119 1124 4188 ﬁlia
1158 4118 1284 4190 Tyri
1330 4121 1384 4174 in
1426 4122 1748 4173 muneribus.
1797 4120 1881 4176 Ab
1926 4137 2028 4175 una
2067 4120 2175 4191 Ty-

2275 4118 2355 4186 οἷς
2383 4125 2627 4175 κατοικεῖ
2656 4120 2839 4189 ὥσπερ
2876 4122 2931 4171 ὲν
2960 4116 3127 4178 οἴκοις
3152 4118 3179 4168 ὁ
3214 4114 3484 4176 Σατανᾶς.
3518 4110 3629 4165 Καὶ
3655 4108 3838 4176 θυγά-

609 4212 819 4265 riorum
888 4221 1087 4281 gente,
1161 4212 1405 4281 gentium
1469 4211 1807 4266 vocationem
1878 4210 2169 4278 signiﬁcat.

2275 4231 2382 4281 τηρ
2417 4214 2600 4280 Τύρου
2640 4212 2710 4265 ἐν
2754 4209 2981 4276 δώροις.
3034 4205 3163 4258 Ἀπὸ
3203 4203 3319 4265 ἑνὸς
3353 4202 3558 4265 ἔθνους,
3588 4198 3684 4252 τοῦ
3734 4200 3843 4251 Τυ-

609 4299 803 4373 Tyrios
848 4312 1029 4356 autem
1091 4305 1432 4368 memoravit,
1494 4304 1620 4371 quia
1671 4302 1775 4373 ipsi
1833 4303 2172 4371 potissimum

2276 4302 2406 4373 ρίων
2458 4300 2621 4369 φημὶ,
2678 4298 2777 4369 τὴν
2810 4295 2914 4349 τῶν
2961 4293 3127 4347 ἐθνῶν
3178 4292 3370 4361 κλῆσιν
3418 4287 3839 4359 κατασημαίνει.

608 4393 711 4463 βίω
750 4393 1113 4449 institutionis
1152 4394 1361 4449 inimici
1385 4405 1585 4448 essent.

2274 4390 2412 4453 Τοὺς
2444 4386 2673 4460 Τυρίους
2714 4384 2771 4438 δὲ
2821 4383 3089 4453 ὠνόμασε,
3140 4379 3229 4433 διὰ
3256 4379 3318 4432 τὸ
3364 4377 3597 4449 μάλιστα
3642 4378 3842 4439 αὐτοὺς

2274 4481 2502 4553 ἐχθροὺς
2529 4475 2666 4533 εἶναι
2684 4474 2777 4531 τοῦ
2802 4473 3058 4536 εὐσεϐοῦς
3088 4470 3500 4541 πολιτεύματος.

678 4566 764 4621 13.
826 4566 1038 4620 Vultum
1092 4579 1241 4620 tuum
1290 4567 1711 4635 deprecabuntur
1756 4569 1941 4621 divites
1982 4570 2165 4637 plebis.
2203 4598 2245 4651 ι)

2349 4571 2421 4625 Τὸ
2477 4570 2802 4637 πρόσωπόν
2850 4581 2965 4619 σου
3013 4563 3483 4617 λιτανεύσουσιν
3534 4560 3589 4611 oi
3644 4557 3839 4609 πλού-

603 4654 719 4711 Hoc
761 4656 840 4709 ait
906 4656 1255 4727 Evangelium
1313 4659 1532 4728 regibus
1578 4660 1903 4727 praedicans,
1948 4670 2001 4714 et
2033 4662 2171 4730 opti-

2274 4676 2397 4715 σιοι
2427 4660 2533 4714 τοῦ
2587 4658 2758 4714 λαοῦ.
2789 4654 2959 4710 Τοῦτό
2995 4671 3162 4725 φησιν
3207 4649 3690 4721 εὐαγγελιζόμενος
3743 4650 3840 4702 καὶ

605 4747 885 4817 [natibusz
951 4748 1132 4802 Adora
1188 4747 1482 4805 Ecclesiam
1529 4749 1643 4805 sive
1680 4747 1799 4820 ejus
1858 4751 2167 4806 Dominum.

2274 4754 2467 4816 αὐτοὺς
2503 4752 2627 4813 τοὺς
2650 4747 2906 4819 βασιλεῖς,
2939 4744 3179 4807 καὶτοὺς
3210 4746 3268 4797 ὲν
3300 4743 3589 4811 ὑπεροχαῖς
3631 4739 3796 4804 ὸντας
3822 4755 3836 4769 ·

607 4836 789 4892 Omnis
850 4838 1021 4908 gloria
1053 4840 1180 4907 ﬁliae
1209 4842 1344 4910 regis
1394 4842 1458 4895 ab
1494 4843 1656 4908 intus,
1705 4844 1760 4896 in
1800 4843 2025 4910 fimbriis
2071 4860 2171 4897 au-

2277 4840 2657 4913 Προσκύνησον
2702 4839 2803 4908 τὴν
2850 4835 3194 4905 Ἐκκλησίαν,
3229 4834 3345 4903 ἦτοι
3380 4832 3464 4884 τὸν
3493 4830 3690 4898 ἑαυτῆς
3722 4829 3839 4883 Κύ-

603 4929 724 4982 reis.
772 4927 1031 4983 Pietatem
1082 4945 1235 4995 voce,
1298 4930 1360 4982 ab
1408 4933 1571 4995 intus,
1614 4932 1935 5002 signiﬁcat:
2006 4933 2169 5002 spiri-

2278 4950 2411 5005 ριον.
2448 4930 2622 4987 Πᾶσα
2662 4932 2701 4998 ri
2743 4929 2893 4993 δόξα
2924 4925 3033 4993 τῆς
3066 4922 3355 4993 θυγατρὸς
3382 4921 3487 4976 τοῦ
3524 4919 3835 4986 ,ϐασιλέως

601 5020 764 5075 tualis
798 5036 1035 5091 namque
1077 5032 1159 5078 est
1199 5034 1427 5079 ornatus
1459 5024 1729 5080 Ecclesiae.
1776 5026 2045 5082 Fimbrias
2072 5042 2169 5081 au-

2276 5026 2502 5078 ἔσωθεν
2526 5024 2596 5075 ἐν
2624 5020 2989 5090 κροσσωτοῖς
3021 5015 3289 5086 χρυσοῖς.
3323 5014 3397 5067 Τὸ
3430 5011 3650 5074 εὐσεϐὲς
3685 5010 3810 5064 ἔσω

602 5124 706 5169 tem
734 5115 867 5170 dicit
906 5115 1235 5185 multiplices
1274 5118 1453 5186 specie
1492 5118 1739 5173 virtutes.

2276 5119 2379 5171 θεν
2400 5114 2653 5186 σημαίνει
2669 5130 2681 5142 ·
2715 5110 2902 5182 νοητὸς
2929 5110 3037 5178 γὰρ
3058 5111 3086 5161 ὁ
3115 5108 3315 5176 κόσμος
3335 5105 3432 5174 τῆς
3473 5100 3799 5173 Ἐκκλησίας
3820 5119 3832 5133 ο

2270 5204 2535 5266 κοοσσοὺς
2565 5203 2621 5256 δὲ
2649 5202 2748 5265 τὰς
2780 5199 3077 5261 πολυειδεῖς
3107 5195 3328 5267 ἀρετάς.

671 5287 755 5342 l5.
798 5288 1139 5344 Adduceutur
1190 5291 1300 5361 regi
1353 5292 1576 5360 virgines
1630 5302 1747 5361 post
1790 5308 1925 5345 eam.
1985 5290 2172 5347 Simile

2356 5293 2889 5363 Ἀπενεχθήσονται
2922 5288 3002 5354 τῷ
3038 5285 3293 5352 ,βασιλεῖ
3328 5283 3606 5353 παρθένοι
3642 5284 3838 5338 ὀπίσω

599 5379 724 5436 huic
792 5400 807 5436 :
880 5382 1167 5449 Rapiemur
1225 5386 1279 5437 in
1339 5384 1562 5439 nubibus
1598 5386 1802 5438 obviam
1856 5384 2083 5439 Domino
2114 5387 2170 5439 in

2267 5385 2476 5453 αὐτῆς.
2521 5387 2739 5454 Ὅμοιον
2772 5384 2865 5447 τὸ,
2908 5381 3386 5449 Ἀρπατησόμεθα
3436 5378 3505 5430 ἐν
3548 5378 3836 5444 νεφέλαις

594 5488 719 5525 σενα
749 5475 813 5530 ’⁸.
872 5473 1109 5529 Rursum
1158 5493 1254 5545 per
1301 5478 1563 5546 virginem
1590 5476 1887 5532 Ecclesiam
1922 5478 2121 5531 indicat
2154 5497 2165 5531 :

2268 5482 2352 5544 εἰς
2391 5477 2731 5543 ἀπάντησιν
2758 5476 2862 5529 τοῦ
2880 5474 3117 5540 ’Κιιρίου
3142 5474 3228 5537 εἰς
3257 5470 3419 5538 ἀέρα.
3456 5468 3623 5521 Πάλιν
3648 5468 3706 5523 δὲ
3750 5467 3836 5521 5.:‘1

666 5614 1053 5679 "'Psal.xcn,
1099 5618 1147 5671 l.
1245 5618 1539 5671 “Cant.l
1610 5618 1663 5670 2.
1766 5618 1810 5648 ’⁸
1906 5618 2032 5671 ibid.
2086 5619 2137 5671 3.
2222 5620 2259 5651 ²¹

1766 5618 1810 5648 ’⁸
1906 5618 2032 5671 ibid.
2086 5619 2137 5671 '5.
2222 5620 2267 5651 ³⁸
2313 5628 2471 5672 ποιεί.
2510 5635 2598 5679 ιιι,
2646 5617 2727 5670 l7.
2816 5616 2859 5645 ¹⁶
2891 5612 2909 5665 l
2938 5612 3125 5665 Thess.
3161 5626 3230 5676 Iv,
3272 5610 3356 5664 1b.

664 5848 773 5915 (16)
806 5848 861 5901 ln
892 5849 1011 5903 aliis
1045 5852 1249 5904 catenis
1285 5852 1393 5905 haec
1423 5848 1609 5906 Basilii
1650 5864 1771 5904 esse
1810 5849 2080 5902 dicuntur.
