4034 6454
208 379 324 437 215

1300 378 1659 438 EXPOSITIO
1718 379 1785 434 IN
1823 380 2152 437 PSALMUM
2193 381 2351 436 XLV.

3326 384 3433 443 214

208 499 313 567 τῆς
356 499 623 570 παρθένου
670 499 768 568 τὴν
814 497 1138 569 Ἐκκλησίαν
1176 502 1459 570 σημαίνει·
1506 503 1761 573 Ἦρμοσά-

1880 501 2144 569 Despondi
2183 504 2327 559 enim
2361 519 2457 557 vos
2484 502 2744 572 virginem
2790 516 2979 570 puram
3012 501 3261 556 exhibere
3299 500 3426 555 Deo.

214 604 327 657 μην
356 587 466 657 γὰρ
504 589 645 658 ὑμᾶς
676 588 938 659 παρθένον
962 590 1132 659 ἁγνὴν
1157 592 1502 663 παραστῆσαι
1531 592 1610 663 τῷ
1634 592 1767 662 Θεῷ.

1874 590 2141 647 Proxime
2162 593 2275 662 ejus
2312 594 2596 662 afferentur
2625 591 2737 645 tibi.
2768 588 2900 644 Nam
2927 591 3223 661 virginitati
3255 594 3431 661 proxi-

207 682 281 733 Αἱ
305 681 573 747 πλησίον
603 680 791 747 αὐτῆς
821 681 1338 751 ὰπενεχθήσονταί
1380 701 1496 738 σοι.
1529 686 1637 755 Τῆς
1666 686 1761 756 γάε

1872 699 1959 738 ma
1994 693 2076 740 est
2112 685 2462 740 continentia.
2492 682 2768 753 Quotquot
2797 682 2960 752 igitur
2998 682 3193 737 animae
3220 697 3275 735 se
3300 698 3430 737 con-

208 770 515 840 παρθενίας
537 771 762 841 πλησίον
791 773 1154 842 ὴὲγκράτεια.
1189 774 1350 827 Ὅσαι
1377 776 1553 828 τοίνυν
1580 778 1769 846 ἐγκραο

1872 776 2042 831 tinent
2071 792 2103 832 a
2137 777 2292 832 ntalis
2319 777 2550 842 actibus,
2587 778 2717 845 ipsae
2758 790 2977 845 quoque
3017 789 3125 829 una
3160 775 3426 829 abducen-

204 858 459 912 τεύονται
489 858 656 928 ψυχαὶ
681 858 919 929 δηλονότι
956 862 1062 914 ἀπὸ
1091 861 1340 932 πράξεων
1376 864 1642 935 πονηρῶν,
1678 865 1761 918 καὶ

1868 879 1976 926 tur.
2007 870 2139 936 Quae
2167 869 2507 926 abducuntur
2537 876 2717 924 autem
2756 868 2997 923 laetitiam
3028 876 3081 921 et
3104 867 3424 923 exsultatio-

206 949 375 1001 αὐταὶ
435 950 954 1021 συναπαχθήσονται.
988 952 1277 1022 Συμϐαίνει
1322 954 1378 1007 δὲ
1419 956 1516 1018 τάς
1562 958 1769 1023 ἀπαγο-

210 1040 380 1109 μένας
433 1040 765 1112 εὐφροσύνην
824 1043 918 1097 καὶ
960 1044 1279 1112 ἀγαλλίασιν
1317 1046 1532 1100 αἰώνιον
1566 1049 1763 1120 εὑρεῖν.

219 1130 615 1199 Ἀχθήσονται
642 1134 726 1197 εἰς
756 1131 906 1186 ναὸν
942 1135 1267 1203 βασιλέως.
1320 1138 1422 1190 Τὸν
1451 1140 1766 1210 ἐπουράνιον

203 1239 396 1293 φησιν.

290 1311 451 1367 Ἀντί
477 1312 592 1368 τῶν
612 1315 877 1384 πατέρων
897 1332 1011 1372 σου
1036 1319 1447 1389 ἐγεννήθησαν
1475 1324 1591 1376 υἱοί
1629 1339 1763 1376 σου.

216 1397 437 1475 Ἐπειδὴ
468 1401 618 1460 εἷπεν
645 1409 801 1479 αὐτῇ,
845 1411 1127 1465 Ἐπιλάθου
1161 1413 1255 1467 τοῦ
1283 1415 1485 1485 πατρός
1517 1433 1629 1479 σου,
1661 1434 1763 1486 φη-

202 1494 314 1560 σὶν,
365 1495 501 1549 ἀντὶ
530 1495 649 1551 τῶν
686 1499 851 1553 πάλαι
880 1501 1148 1569 πατέρων
1176 1518 1313 1571 σου,
1345 1505 1616 1560 τουτέστιν
1646 1509 1764 1561 ἀντὶ

197 1585 312 1639 τῶν
362 1585 716 1653 διδασκάλων,
763 1590 971 1645 ἔσονταί
1021 1609 1101 1647 σοι
1154 1594 1273 1647 υἱοί.
1333 1596 1494 1659 Υἰοὺς
1542 1597 1596 1651 δὲ
1634 1601 1758 1663 τοὺς

198 1674 392 1741 ἁγίους
426 1677 755 1744 ἀποστόλους
785 1682 939 1751 φησι,
971 1683 1110 1737 κατά
1139 1684 1201 1737 τὸ
1236 1686 1519 1757 εἰρημένον
1543 1689 1645 1742 ὑπὸ
1668 1690 1759 1743 τοῦ

197 1766 446 1838 Κυρίου·
480 1773 543 1823 Ol
569 1772 684 1825 υίοί
721 1772 882 1842 ὑμῶν
927 1775 996 1828 ἐν
1040 1776 1153 1830 τίνι
1174 1778 1497 1834 ἐκϐαλοῦσι
1516 1798 1535 1845 ;
1570 1784 1637 1835 Ἣ
1672 1784 1760 1837 καὶ

1868 976 1991 1016 nem
2023 972 2447 1031 consequuntur.
2495 962 2837 1016 Adducentur
2876 961 2931 1013 in
2977 959 3220 1028 templum
3268 960 3419 1027 regis.

1867 1052 2100 1109 C(eleste
2137 1053 2408 1108 videlicet.

1936 1317 2024 1372 17.
2068 1316 2174 1370 Pro
2202 1318 2438 1387 patribus
2464 1320 2570 1372 tuis
2602 1321 2710 1371 nali
2742 1328 2863 1372 sunt
2890 1320 2985 1372 tibi
3008 1321 3129 1389 ﬁlii.
3157 1320 3419 1386 Quoniam

1861 1409 2072 1463 dixerat
2100 1410 2199 1475 illi,
2230 1409 2558 1465 Obliviscere
2597 1414 2765 1480 patris
2808 1413 2905 1475 tui,
2938 1413 3099 1466 modo
3147 1412 3299 1475 dicit,
3327 1429 3420 1483 pro

1860 1501 2098 1569 patribus
2126 1503 2399 1571 quondam
2435 1504 2560 1565 tuis,
2598 1504 2649 1557 id
2695 1514 2799 1571 est,
2840 1520 2937 1574 pro
2960 1504 3233 1574 magistris
3266 1517 3423 1559 erunt

1861 1591 1959 1646 tibi
2019 1592 2135 1646 ﬁlii.
2213 1591 2382 1648 Filios
2438 1608 2602 1663 porro
2659 1605 2877 1650 sanctos
2930 1597 3203 1665 apostolos
3256 1596 3419 1662 dicit,

1857 1672 2012 1743 juxta
2062 1674 2192 1729 illud
2226 1690 2254 1728 a
2294 1675 2521 1732 Domino
2574 1678 2777 1732 dictum
2813 1696 2827 1732 :
2865 1677 2996 1731 Filii
3032 1681 3188 1733 vestri
3219 1682 3271 1733 in
3320 1697 3420 1751 quo

1858 1765 2073 1835 ejiciunt
2098 1768 2177 1820 ’τί
2214 1769 2322 1821 Aut
2363 1768 2523 1822 etiam
2564 1770 2781 1824 eosdem
2818 1768 3179 1825 Ecclesiarum
3232 1772 3416 1836 duces,

196 1858 426 1922 τούτους
456 1858 563 1914 τῶν
609 1862 939 1935 Ἐκκλησίῶν
977 1868 1309 1939 ἡγουμένους
1336 1912 1365 1942 λ
1405 1871 1453 1923 οἳ
1509 1872 1759 1940 γεγόνασι

1860 1860 1953 1927 qui
1990 1858 2116 1914 facti
2148 1870 2274 1915 sunt
2306 1860 2559 1918 Ecclesia:
2593 1863 2727 1928 ﬁlii,
2761 1873 2815 1918 et
2850 1865 3129 1920 constituti
3169 1880 3198 1918 a
3232 1863 3417 1919 Domi-

198 1952 304 2021 μὲν
326 1953 425 2023 τῆς
472 1953 793 2027 Ἐκκλησίας
825 1952 952 2022 uici,
984 1960 1391 2031 κατεστάθησαν
1414 1961 1470 2013 δὲ
1505 1962 1759 2033 ἄρχοντες

194 2043 293 2097 ἐπὶ
318 2046 504 2099 ,πᾶσαν
537 2046 632 2115 τὴν
681 2046 782 2117 γῆν
810 2048 957 2118 παρά
991 2048 1084 2101 τοῦ
1127 2050 1330 2123 Κυρίου
1374 2050 1573 2123 Ἰησοῦ,
1620 2054 1758 2107 κατά

192 2134 257 2186 τὺ
286 2135 603 2207 εἰρημένον·
642 2138 1055 2206 Πορευθέντες,
1094 2144 1509 2210 μαθητεύσατε
1559 2144 1757 2199 πάντα

192 2226 270 2279 τὰ
298 2225 465 2296 ἔθνη.
501 2228 911 2296 Καταστήσεις
937 2232 1157 2298 αὐτοὺς
1203 2234 1495 2304 ἄρχοντας
1524 2236 1620 2290 ὲπί
1651 2237 1758 2293 πᾶ-

194 2331 321 2370 σαν
354 2316 482 2386 τὴν
508 2318 656 2389 γῆνο
689 2322 1145 2390 μνησθήσονται
1182 2327 1286 2381 τοῦ
1314 2329 1601 2397 ὀνόματός
1642 2346 1756 2387 σου

190 2409 264 2461 ἐν
288 2409 458 2479 πάσῃ
492 2411 663 2480 γενεᾷ
700 2414 796 2467 καί
834 2414 1025 2483 γενεᾷ.
1056 2417 1155 2471 Διά
1174 2417 1281 2473 τῶν
1303 2419 1461 2473 θείων
1487 2438 1758 2493 συγγραμ-

194 2501 387 2569 μάτων
418 2503 691 2573 δηλονότι’
744 2508 801 2558 ὲν
844 2511 965 2571 ταῖς
1018 2509 1189 2580 ἰεραῖς
1234 2512 1520 2577 συλλαϐαῖς
1553 2532 1757 2586 μνημο-

190 2588 410 2644 νεύεται
442 2592 502 2645 τὸ
530 2592 623 2646 τοῦ
657 2593 790 2648 Θεοῦ
816 2595 1002 2667 ὄνομα.

262 2681 369 2735 Διά
403 2682 578 2738 τοῦτο
608 2687 744 2738 λαοὶ
792 2687 1340 2758 ἐξομολογήσονταί
1386 2708 1485 2747 σοι
1520 2698 1605 2761 εἰς
1652 2697 1759 2751 τὸν

186 2771 399 2827 αἰῶνα.
431 2775 530 2828 Διά
561 2776 621 2828 τὸ
652 2779 911 2849 κήρυγμα
933 2795 948 2809 ο
978 2780 1052 2843 ὡς
1087 2783 1221 2852 πρὸς
1260 2785 1350 2836 τὸν
1384 2787 1616 2857 Χριστὸν
1645 2789 1699 2841 δὲ
1729 2792 1757 2843 6

187 2860 371 2930 λόγος.
404 2866 501 2917 Διά
549 2866 608 2918 τὸ
654 2869 1010 2938 μνημονεύειν
1052 2872 1246 2936 αὐτοὺς
1275 2873 1362 2927 διὰ
1389 2876 1497 2929 τῶν
1528 2878 1755 2949 Γραφῶν

186 2950 301 3004 τῶν
329 2952 646 3025 θαυμασίων
683 2956 775 3009 τοῦ
817 2957 951 3011 Θεοῦ
992 2952 1066 3014 ὧν
1108 2962 1361 3035 ἐποίησεν
1400 2966 1507 3020 ἀπὸ
1555 2970 1754 3038 γενεῶν

187 3044 461 3115 ἀρχαιων,
494 3047 590 3102 καὶ
617 3047 883 3105 διδάσκειν
910 3050 1007 3115 τάς
1050 3054 1347 3125 ὲρχομένας
1371 3060 1579 3126 γενεάς.

189 3205 297 3270 Εἰς
315 3202 489 3273 τέλος
513 3208 664 3277 ὑπὲρ
684 3208 803 3264 τῶν
821 3209 967 3265 υἱῶν
994 3211 1145 3279 Κορὲ
1164 3214 1314 3283 ὑπὲρ
1328 3215 1445 3269 τῶν
1465 3218 1746 3288 κρυφίων.
1783 3188 1824 3247 C

747 3304 1052 3356 ΨΑΛΜΟΣ
1078 3304 1209 3359 ME'.

810 3392 823 3411 '
835 3393 1143 3461 Υπόθεσις.

191 3477 309 3550 Τὴν
351 3481 459 3533 τῶν
491 3482 660 3536 ἐθνῶν
688 3483 877 3554 κλῆσιν
904 3486 933 3537 6
974 3485 1161 3558 παρὼν
1192 3491 1583 3561 κατασημαίνει
1611 3493 1746 3562 ψαλ-

268 3571 389 3641 μὸς,
406 3573 625 3627 καὶτῶν
647 3574 854 3646 νοητῶν
880 3576 1089 3648 ἐχθρῶν
1112 3578 1358 3651 ἐκϐολὴν,
1375 3583 1469 3635 καὶ
1498 3583 1595 3654 τὴν
1625 3584 1749 3638 κάθ-

259 3664 433 3734 ειρξιν
504 3666 683 3721 αὐτῶν
727 3670 824 3741 τὴν
876 3670 934 3724 ὲν
992 3673 1059 3740 τῇ
1122 3670 1360 3743 ἀϐύσσῳ.
1424 3674 1637 3748 Ἐπειδὴ
1692 3680 1747 3732 δὲ

266 3756 437 3810 ταῦτα
475 3757 659 3829 ῶσπερ
706 3760 795 3813 διά
837 3760 1160 3833 παραϐολῶν
1218 3762 1471 3835 εἴρηται,
1527 3771 1748 3835 εἰκότως

259 3845 416 3915 ὑπὲρ
468 3849 734 3916 κρυφίων
773 3851 1169 3923 ἐπιγέγραπται
1199 3854 1227 3904 6
1272 3855 1501 3927 ψαλμός.
1531 3860 1746 3929 ’ᾼόουσι

257 3936 316 3989 δὲ
355 3937 516 3990 αὐτὸν
541 3940 590 3990 οἰ
615 3939 999 4005 πιστεύσαντες
1030 3945 1110 4005 εἰς
1140 3945 1390 4014 Χριστὸν,
1427 3952 1519 4002 καὶ
1547 3952 1650 4023 πρό
1682 3970 1745 4022 γε

260 4026 481 4080 πάντων
505 4029 555 4080 οἰ
582 4028 867 4084 ἀπόστολοι
893 4032 1075 4086 αὑτοῦ.

268 4118 326 4170 '0
373 4118 517 4184 Θεὸς
550 4118 716 4187 ἡμῶν
768 4123 1078 4193 καταφυγὴ
1118 4126 1216 4179 καί
1260 4127 1527 4199 δύναμις.
1566 4133 1746 4189 Ταῦτά

1862 1962 1933 2002 no
1967 1946 2094 2003 Jesu
2130 1960 2255 2005 sunt
2280 1952 2550 2022 principes
2584 1970 2744 2023 super
2779 1970 2992 2010 omnem
3016 1964 3235 2019 terram,
3262 1955 3415 2025 juxta

1860 2039 1913 2093 id
1966 2040 2111 2109 quod
2167 2040 2371 2095 dictum
2425 2050 2549 2096 est:
2595 2041 2791 2095 Euntes
2838 2043 3014 2096 docete
3059 2060 3231 2097 omnes
3289 2059 3414 2112 gen-

1860 2138 1931 2182 tes
1960 2130 2023 2183 ¹⁸.
2059 2128 2355 2185 Constitues
2382 2147 2465 2186 eos
2494 2133 2753 2201 principes
2784 2148 2939 2201 super
2962 2148 3163 2187 omnem
3198 2141 3411 2197 terram,

1857 2236 2104 2275 memores
2148 2231 2299 2276 erunt
2342 2224 2566 2277 nominis
2604 2224 2680 2277 tui
2725 2225 2779 2276 in
2826 2224 2965 2277 omni
3008 2225 3336 2294 generatione
3362 2232 3413 2279 et

1855 2315 2203 2382 generatione.
2236 2312 2339 2368 Per
2375 2315 2590 2371 divinas
2634 2316 2882 2370 videlicet
2932 2314 3242 2385 Scripturas
3274 2334 3288 2371 :
3354 2318 3407 2371 in

1856 2406 2026 2460 sacris
2057 2420 2290 2475 namque
2335 2405 2558 2476 syllabis
2587 2414 2919 2461 memoratur
2949 2422 3144 2462 nomen
3175 2406 3405 2463 Domini.

1928 2679 2009 2733 18.
2052 2678 2338 2747 Propterea
2375 2679 2555 2747 populi
2603 2680 2987 2747 conﬁtebuntur
3035 2679 3131 2733 tibi
3184 2682 3236 2732 in
3263 2690 3408 2734 αἰεν-

1853 2792 1993 2828 num.
2044 2774 2146 2829 Pcr
2190 2775 2626 2844 pmdicationem
2678 2777 2884 2830 scilicet
2928 2796 2940 2830 :
2990 2792 3172 2831 sermo
3226 2785 3401 2832 autem

1852 2878 1934 2918 e5t
1967 2881 2062 2919 ceu
2095 2863 2160 2919 ad
2202 2864 2499 2920 Christum.
2536 2865 2612 2919 Eo
2659 2866 2797 2935 quod
2830 2867 2931 2936 ipsi
2968 2882 3063 2937 per
3096 2865 3405 2936 Scripturas

1852 2963 2276 3010 commemorent
2316 2957 2585 3011 mirabilia
2615 2956 2707 3013 Dei
2753 2974 2871 3029 qua:
2920 2959 3085 3013 edidit
3117 2975 3144 3013 a
3178 2974 3402 3030 genera-

1853 3043 2091 3099 tionibus
2145 3043 2405 3113 antiquis,
2456 3055 2509 3099 et
2554 3045 2781 3101 doceant
2846 3052 3218 3118 generationes
3271 3067 3403 3104 ven-

1857 3144 2027 3191 turas.

2137 3224 2202 3280 In
2224 3226 2399 3295 ﬁnem,
2437 3227 2563 3295 ﬁliis
2600 3226 2859 3296 Core,pro
2895 3230 3102 3283 arcanis

2356 3314 2694 3372 PSALMUS
2731 3316 2882 3371 XLV

2422 3407 2819 3477 Argumentum.

1849 3494 2096 3549 Gentium
2136 3494 2498 3558 vocationem,
2530 3494 2889 3564 spiritualium
2938 3495 3277 3549 inimicorum
3309 3495 3400 3550 de-

1918 3578 2244 3649 pulsionem,
2286 3594 2583 3648 eorumque
2626 3581 2680 3633 in
2732 3580 2987 3651 abyssum
3033 3579 3398 3634 detrusionem

1922 3663 2190 3733 signiﬁcat
2229 3677 2465 3731 praesens
2511 3664 2775 3733 psalmus.
2820 3662 3269 3732 Quandoquidem
3304 3680 3402 3717 au-

1918 3764 2023 3807 tem
2072 3753 2258 3808 istbaec
2292 3769 2389 3807 ceu
2443 3769 2534 3822 per
2579 3754 2861 3821 parabolas
2901 3754 3043 3808 dicta
3078 3762 3241 3818 sunt;
3278 3753 3400 3822 jure

1918 3862 2009 3915 pro
2043 3847 2252 3899 arcanis
2299 3846 2611 3901 inscribitur
2655 3847 2911 3917 psalmus.
2960 3848 3174 3903 Canunt
3217 3855 3396 3901 autem

1917 3940 2069 3991 illum
2114 3937 2207 4007 qui
2255 3937 2309 3991 in
2353 3935 2629 3991 Christum
2676 3938 3039 4001 crediderunt,
3072 3947 3132 3993 ut
3162 3940 3396 3993 maxime

1911 4028 2150 4082 omnium
2175 4027 2400 4096 apostoli
2439 4028 2576 4097 ejus.

1915 4121 1969 4173 ‘2.
2031 4119 2161 4173 Deus
2194 4129 2369 4173 noster
2398 4119 2657 4187 refugium
2683 4127 2731 4171 et
2764 4119 2948 4172 virtus.
2976 4118 3088 4173 Hoc
3110 4120 3185 4174 ait
3212 4120 3283 4174 ob
3313 4120 3396 4174 in-

183 4226 322 4280 φησι
342 4209 429 4263 διὰ
451 4211 581 4273 τοὺς
595 4212 998 4279 ὲπαναστάντας
1020 4218 1199 4281 αὐτοῖς
1230 4220 1379 4291 παρὰ
1407 4221 1515 4276 τῶν
1543 4227 1744 4296 νοητῶν

1856 4221 2124 4281 surgentes
2158 4212 2439 4265 adversum
2483 4211 2632 4279 ipsos
2671 4212 3033 4279 spiritualium
3063 4222 3116 4265 et
3161 4213 3392 4267 sensibi-

177 4319 242 4355 τε
280 4302 377 4355 καὶ
416 4300 688 4371 αἰσθητῶν
722 4302 931 4375 ἐχθρῶν
969 4306 1257 4379 διωγμούς.
1298 4312 1401 4366 Διὰ
1449 4316 1624 4370 τοῦτο
1671 4320 1742 4372 οὺ

1856 4303 1975 4357 lium
2029 4300 2372 4357 inimicorum
2416 4314 2579 4368 opera
2636 4302 3058 4370 persecutiones.
3112 4301 3391 4371 Propterea

178 4390 640 4461 φοϐηθησόμεθα
668 4392 739 4446 ἐν
768 4391 848 4458 τῷ
878 4394 1281 4463 ταράσσεσθαι
1323 4401 1436 4469 τὴν
1457 4402 1592 4473 γῆν.
1646 4406 1743 4460 Διά

1856 4410 1944 4447 non
1974 4394 2263 4447 timebimus
2304 4391 2431 4444 dum
2476 4392 2770 4446 turbabitur
2815 4402 2974 4446 terra.
3023 4392 3289 4459 Quoniam
3340 4404 3391 4449 te

175 4484 242 4536 τὸ
271 4483 416 4553 ἔχειν
448 4488 529 4547 σε,
560 4483 741 4555 φησὶν,
767 4486 977 4555 βοηθὸν,
1001 4489 1178 4558 πάσης
1192 4494 1433 4564 ταραχῆς
1456 4494 1743 4550 ἐπανιστα-

1856 4485 2140 4556 adiutorem
2189 4484 2474 4549 habemus,
2528 4485 2722 4555 inquit,
2782 4500 3164 4554 quamcunque
3202 4486 3390 4541 adver-

180 4575 355 4645 μένης
407 4576 538 4645 ἡμῖν
594 4578 1093 4649 καταφρονήσομεν.
1156 4582 1507 4654 Ἐταράττετο
1552 4588 1659 4657 γὰρ
1701 4593 1733 4661 ἡ

1856 4591 1960 4631 sum
1991 4592 2093 4632 nos
2116 4576 2483 4645 insurgentem
2510 4575 2969 4645 perturbationem
2999 4576 3384 4644 despiciemus.

175 4668 331 4719 πᾶσα
361 4666 453 4735 γῆ,
491 4665 790 4737 ἀρχομένου
812 4670 903 4722 τοῦ
927 4672 1297 4741 κηρύγματος,
1325 4676 1432 4730 τῶν
1474 4680 1738 4749 μενόντων

1856 4666 2180 4722 l‘urhabatur
2204 4682 2439 4737 namque
2470 4676 2579 4720 tota
2625 4674 2788 4731 terra,
2819 4682 2941 4719 cum
2969 4668 3278 4735 praedicatio
3308 4668 3387 4721 in-

175 4759 236 4808 ὲν
264 4757 491 4825 ἀπιστίᾳ
508 4760 947 4829 ἐπανισταμένων
965 4767 1075 4827 τοῖς
1091 4767 1404 4823 πιστεύουσι
1428 4771 1505 4841 τῷ
1534 4774 1737 4845 κηρύγ-

1856 4757 2119 4810 :hoaretur
2151 4774 2164 4807 :
2197 4754 2325 4809 dum
2346 4756 2381 4808 ii
2405 4755 2498 4824 qui
2528 4755 2582 4807 in
2614 4754 2924 4808 inﬁdelitate
2950 4754 3381 4821 perseverabant,

177 4866 332 4919 ματι.
351 4848 458 4901 Καὶ
473 4851 883 4918 μετατίθεσθαι
903 4854 1010 4924 ὅρη
1028 4856 1097 4909 ἐν
1110 4858 1377 4928 καρδίαις
1392 4866 1731 4923 θαλασσᾶημ.

1856 4850 2092 4905 idversus
2124 4863 2218 4904 eos
2250 4849 2343 4919 qui
2375 4847 2713 4903 crediderant
2744 4848 3100 4917 insurgerent.
3120 4846 3187 4904 Et
3211 4858 3385 4902 trans-

176 4938 421 5009 Καρδίας
441 4938 723 4994 θαλασσῶν
750 4942 848 5007 τὰς
881 4944 1147 5012 ἀϐύσσους
1176 4952 1338 5021 φησίν
1363 4968 1377 4983 ·
1411 4952 1509 5025 δρη
1549 4955 1605 5010 δὲ
1636 4956 1735 5021 τὰς

1856 4943 2063 4995 'erentur
2113 4951 2309 4995 montes
2355 4941 2407 4993 in
2437 4956 2524 4993 cor
2578 4940 2761 4994 maris.
2809 4940 2916 4993 (lor
2960 4940 3124 4995 maris
3157 4941 3382 5011 abyssos

175 5029 554 5099 αντιγειμένας
606 5030 879 5102 δυνάμεις.
928 5035 1015 5098 Ὠς
1061 5037 1342 5107 μέλλοντες
1390 5037 1482 5095 οὖν
1523 5046 1603 5108 εἰς
1638 5046 1733 5117 τὴν

1856 5042 1989 5087 νοσεῖ
2018 5051 2029 5085 :
2072 5040 2281 5087 montes
2318 5038 2498 5085 autem
2526 5031 2865 5086 adversarias
2902 5041 3213 5101 potestates.
3245 5032 3382 5087 Cum

175 5118 412 5171 ἄϐυσσον
442 5120 792 5175 ἐκϐάλλεσθαι
815 5125 864 5177 οἱ
896 5124 1164 5196 δαίμονες,
1187 5128 1458 5203 διήγειρον
1494 5134 1585 5189 τὸν
1614 5139 1731 5189 κατ’

1856 5135 2071 5179 uturum
2093 5133 2235 5178 esset
2256 5132 2314 5177 ut
2334 5123 2609 5177 daemones
2630 5122 2990 5193 dejicerentur
3018 5124 3069 5177 in
3100 5126 3381 5195 abyssum,

174 5209 356 5264 αὐτῶν
390 5210 638 5282 πόλεμον.
678 5212 815 5266 Ἀλλ’
852 5215 911 5267 οὐ
942 5216 1356 5290 φοϐηθησόμεθα
1407 5226 1530 5289 τοὺς
1558 5229 1729 5282 τοιού-

1856 5215 2139 5268 :xcilabant
2188 5215 2222 5268 ii
2280 5216 2537 5269 adversus
2589 5214 2772 5269 ﬁdeles
2821 5214 3040 5269 bellum.
3082 5214 3183 5269 Sed
3236 5218 3383 5283 ejus-

1833 5307 1978 5362 modi
2038 5307 2290 5362 inimicos
2360 5323 2702 5377 nequaquam
2767 5307 3378 5373 relormidabimus,in-

1829 5401 1962 5468 quit.

1902 5488 1921 5559 [
1952 5489 2177 5558 Adjutor
2204 5490 2258 5542 in
2282 5490 2729 5546 tribulationibus.
2773 5489 3064 5556 Quoniam,
3101 5492 3292 5560 inquit,
3326 5498 3376 5544 te

1828 5583 2125 5651 adjutorem
2160 5582 2441 5645 habemus,
2476 5598 2857 5653 quamcunque
2891 5585 3046 5638 nobis
3088 5584 3374 5638 imminen-

1828 5682 1929 5727 tem
1963 5672 2413 5743 perturbationem
2437 5675 2793 5745 despiciemus

172 5319 317 5365 τους,
347 5303 525 5371 φασίν.

246 5457 498 5529 [Βοηθὸς
521 5462 590 5514 ἐν
615 5464 878 5531 θλίψεσι.
910 5466 1008 5519 Διά
1040 5467 1101 5519 τὸ
1122 5466 1263 5538 ἔχειν
1303 5489 1380 5535 σε,
1418 5476 1570 5544 φησὶ,
1606 5477 1728 5550 βοη-

172 5550 287 5614 θὸν,
316 5550 494 5621 πάσης
518 5554 754 5625 ταραχῆς
775 5557 1206 5630 ἐπανισταμένης
1234 5563 1361 5630 ἡμῖν
1392 5572 1728 5641 καταφρονή-

171 5658 357 5711 θέομεν.

229 5756 274 5787 ²¹
324 5757 459 5814 Luc.
498 5774 586 5824 ιι,
624 5759 705 5814 l9.
820 5763 863 5794 ³⁸
912 5761 1094 5818 Matth.
1128 5780 1321 5826 xxviii,
1364 5768 1443 5819 lt).
