4034 6452
656 381 759 438 215

661 608 722 645 ac
753 595 1027 661 conspicui
1067 608 1239 656 erant.
1275 615 1336 652 ac
1365 601 1584 668 proinde
1616 602 1888 657 montibus
1917 603 2138 657 similes.
2171 601 2190 672 ]

727 684 777 739 4.
829 684 1118 740 Sonuerunt
1155 699 1202 742 et
1229 691 1447 745 turbata:
1467 701 1586 744 sunt
1611 710 1760 762 aqnw
1785 710 1980 748 eorum.
2013 696 2195 762 Aquas

661 776 746 828 hic
782 775 909 829 dicit
942 780 1334 835 multitudinem
1381 785 1721 852 pupillorum,
1773 802 1909 854 quos
1937 786 2196 854 praedica-

658 866 818 919 tionis
859 869 1067 923 novitas
1109 875 1452 939 perturbavit.
1485 876 1793 929 Conturbnti
1833 887 1952 931 sunt
1999 890 2193 932 montes

674 959 728 1008 in
772 958 1076 1025 fortitudine
1103 963 1234 1028 ejus.
1274 963 1382 1026 Vis,
1420 967 1611 1035 inquit.
1647 970 1764 1035 ejus
1808 971 1900 1037 qui
1941 971 2194 1038 praedica-

657 1046 812 1098 batur
839 1048 1077 1114 impuros
1115 1052 1381 1108 dmmoues
1422 1058 1731 1122 emuniovit,
1760 1059 1887 1111 olim
1934 1059 2194 1128 superbos

658 1148 708 1189 et
732 1141 1071 1207 eoospicuos,
1112 1152 1270 1212 atque
1312 1146 1427 1199 ideo
1457 1149 1728 1202 montibus
1758 1149 1961 1203 similes
1995 1151 2189 1205 dictos.

730 1339 778 1391 3i.
838 1338 1098 1394 Fluminis
1157 1345 1373 1411 impetus
1427 1346 1699 1414 (artiﬁcant
1749 1349 2007 1401 civitatem
2073 1348 2188 1402 Dei.

659 1428 878 1482 Flumen
909 1433 1274 1502 evangelicum
1306 1438 1528 1490 Verbum
1572 1437 1820 1506 appellat,
1857 1438 2001 1507 quod
2023 1439 2193 1492 laetifi-

657 1530 742 1573 cat
802 1520 1117 1577 Ecclesium.
1200 1524 1552 1592 Sanctiﬁcavit
1593 1529 1983 1582 tabernaculum
2041 1546 2193 1582 suum

656 1608 976 1663 Altissimus.
1029 1610 1261 1667 Sanetus
1298 1617 1441 1668 enim
1478 1623 1560 1670 est
1609 1617 1698 1684 qui
1751 1617 1803 1670 in
1857 1615 2054 1670 sanctis
2104 1630 2192 1669 re-

656 1703 903 1768 quiescit,
939 1703 1184 1759 habitans
1219 1707 1271 1758 in
1301 1708 1520 1771 sanctis,
1551 1706 1601 1760 id
1636 1717 1716 1760 est
1746 1709 1796 1759 in
1826 1706 2086 1762 Ecclesia.

727 1904 779 1956 6.
835 1905 970 1958 Deus
996 1907 1049 1958 in
1090 1908 1256 1960 medio
1286 1908 1417 1978 ejus,
1448 1917 1496 1962 et
1535 1925 1636 1961 non
1671 1909 2086 1972 commovebitur,
2137 1906 2190 1960 in

667 1996 842 2050 medio
869 1996 1118 2054 Ecclesia:
1137 2001 1401 2054 videlicet.
1435 2002 1710 2069 Adjuvabit
1733 2019 1844 2054 eam
1873 2000 2005 2053 Deus
2043 2015 2192 2051 mane

670 2087 919 2142 diluculo.
971 2089 1021 2145 Id
1074 2093 1149 2145 ait
1198 2093 1336 2160 quod
1373 2093 1601 2146 declinet
1633 2094 1922 2147 diluculum
1959 2092 2024 2146 ad
2075 2107 2191 2144 ma-

659 2181 913 2232 tutinum.
949 2180 1080 2235 Illud
1139 2193 1362 2236 autem:
1413 2184 1676 2252 adjuvabit
1723 2202 1857 2248 eam,
1907 2197 2191 2252 personam

660 2267 912 2324 Ecclesia:
945 2273 1182 2339 respicit,
1219 2289 1378 2343 quam
1411 2273 1496 2328 hic
1529 2282 1908 2344 repraesentant
1943 2272 2190 2341 apostoli,

658 2362 822 2429 etqui
851 2377 944 2430 per
993 2365 1386 2419 successionem
1435 2367 1553 2434 ejus
1596 2377 1722 2420 sunt
1773 2364 2026 2436 prtel'ecti,
2057 2379 2193 2433 quos

659 2453 896 2520 impense
939 2457 1176 2520 roborat,
1214 2467 1272 2510 ut
1310 2459 1518 2526 possint
1565 2457 1929 2526 praedicationi
1974 2471 2193 2525 operam

660 2556 870 2598 navare.

732 2655 780 2706 7.
830 2655 1166 2713 Conturbator
1193 2671 1314 2714 sunt
1362 2672 1530 2732 gentes
1560 2672 1606 2715 et
1652 2661 1904 2715 inclinata
1946 2671 2066 2713 sunt
2116 2675 2196 2712 re-

658 2763 781 2816 gna.
837 2747 1211 2819 Pugnaverunt
1265 2755 1500 2824 quidem,
1559 2756 1650 2820 ait,
1712 2763 1894 2825 gentes
1938 2753 2194 2807 adversus

659 2839 975 2906 Ecclesiam;
1019 2844 1108 2896 sed
1136 2853 1310 2898 tamen
1355 2860 1540 2899 earum
1588 2860 1740 2914 reges
1784 2843 2022 2897 inclinati
2048 2851 2191 2905 sunt,

667 2932 714 2982 id
748 2942 830 2985 est
853 2935 1107 3000 superati,
1139 2945 1192 2988 et
1224 2945 1365 3004 terga
1393 2936 1682 2999 dederunt;
1716 2949 1898 2989 verum
1925 2943 2196 3003 postremo

660 3031 714 3072 et
754 3021 851 3086 ipsi
881 3021 1096 3077 Christo
1120 3027 1379 3080 cervicem
1411 3028 1729 3081 submisere.
1767 3026 1904 3081 Dicit
1927 3030 2068 3081 enim
2092 3026 2194 3082 Ec-

660 3112 877 3165 clesiam
927 3116 1170 3170 celeriter
1223 3126 1586 3172 constructum
1643 3119 1706 3171 iri
1763 3119 1829 3171 ab
1865 3119 1930 3172 iis
1954 3119 2046 3188 qui
2077 3135 2196 3172 eam

1488 391 1541 446 S.
1585 393 1948 451 ATHANASII
1988 393 2133 450 OPP.
2177 393 2356 448 PARS
2393 393 2479 448 ΙΙΙ.
2510 425 2578 435 -—
2621 392 3019 449 EXEGETICA.

729 503 831 554 Aut
891 513 1097 560 montes
1137 507 1407 561 demones
1477 509 1626 574 dicit,
1676 512 1767 580 qui
1815 513 1943 565 olim
2003 512 2274 570 excelsiA

3737 395 3849 453 218

2373 509 2442 560 Ἦ
2463 507 2559 578 ὅρη
2607 509 2728 571 τοὺς
2772 505 3026 577 δαίμονάς
3053 521 3212 575 φησι,
3255 511 3377 569 τοὺς
3408 509 3572 560 πάλαι
3605 508 3847 579 ὑψηλοὺς

2296 600 2385 650 xui
2410 599 2739 668 περιφανεῖς,
2771 598 2863 650 xui.
2886 598 3034 667 ὄρεσι
3054 598 3139 650 διὰ
3159 597 3314 650 τοῦτο
3341 598 3769 671 ὀμοιουμὲνους.]

2369 693 2634 758 Ἦχησαν
2686 690 2782 743 καὶ
2821 688 3236 757 ἐταράχθησαν
3281 690 3350 742 τὰ
3392 689 3576 742 ὕδατα
3622 690 3842 745 αὐτῶν.

2296 781 2500 834 “rem
2533 782 2588 832 ἐν
2613 781 2818 844 τούτοις
2838 781 2904 835 τὰ
2933 781 3107 852 πλήθη
3131 781 3310 850 φησιν,
3335 780 3369 833 a
3394 781 3486 834 xui.
3517 782 3848 853 συνετάραξε

2293 873 2352 925 τὸ
2383 871 2526 935 ξένον
2569 872 2662 925 τοῦ
2705 873 3071 943 κηρύγματος.
3121 872 3563 940 Ἐταράχθησαν
3615 874 3687 927 τὰ
3735 873 3846 940 ὅρη

2293 965 2360 1016 ἐν
2379 963 2453 1030 τῇ
2476 963 2845 1030 κραταιότητι
2872 963 3074 1016 αὐτοῦ.
3116 963 3175 1013 Ἡ
3207 963 3355 1031 ἰσχὺς
3375 1002 3390 1026 ,
3433 962 3586 1032 φησὶ,
3612 962 3704 1015 τοῦ
3744 981 3849 1034 κη-

2298 1053 2614 1122 ρυττομένου
2636 1051 2911 1106 κατέσεισε
2938 1053 3061 1113 τοὺς
3083 1050 3415 1120 ἀκαθάρτους
3441 1051 3697 1122 δαίμονας
3716 1056 3848 1117 τοὺς

2294 1143 2456 1196 πάλαι
2486 1142 2719 1213 ὑψηλοὺς
2757 1144 2848 1196 xui.
2879 1145 3212 1214 περιφανεῖς,
3248 1142 3342 1195 xui.
3383 1142 3534 1213 ὄρεσι
3565 1142 3653 1196 διὰ
3685 1143 3848 1197 τοῦτο

2293 1235 2677 1305 ὼμοιομένους.

2378 1346 2485 1399 Τοῦ
2517 1345 2779 1414 ποταμοῦ
2807 1345 3111 1414 ὁρμήματα
3136 1344 3522 1412 εὐφραίνουσι
3573 1343 3686 1410 τὴν
3729 1345 3844 1398 πό-

2291 1439 2391 1489 λιν
2409 1434 2513 1488 τοῦ
2537 1436 2704 1488 Θεοῦ.
2732 1434 2978 1504 Ποταμὸν
2998 1435 3084 1487 τὸν
3105 1433 3450 1502 εὐαγγελικὸν
3473 1433 3626 1500 λόγον
3656 1435 3844 1503 φησιν,

2290 1523 2348 1586 ὃς
2376 1524 2468 1576 xui.
2497 1523 2774 1593 εὐφραίνει
2804 1523 2898 1594 τὴν
2937 1522 3276 1592 Ἐκκλησίαν.
3318 1522 3558 1592 Ἠγίασε
3589 1521 3654 1574 τὸ
3688 1521 3844 1588 σκή-

2290 1634 2451 1684 νωμα
2471 1616 2654 1669 αὐτοῦ
2677 1618 2709 1669 d
2733 1617 3044 1684 ’Υψιστοςκ
3080 1615 3264 1681 Ἀγιος
3285 1612 3392 1683 γάρ
3411 1615 3558 1665 ἐστιν
3586 1614 3643 1664 ὲν
3668 1611 3847 1680 ἁγίοις

2291 1707 2716 1776 ἀναπαυόμενος,
2752 1704 3106 1776 κατασκηνῶν
3149 1706 3207 1758 ὲν
3253 1703 3425 1772 ἁγίοις
3443 1719 3456 1733 ·
3487 1703 3605 1771 ἥτις
3630 1703 3778 1755 ἐστὶν
3807 1703 3846 1772 ἡ

2306 1797 2614 1868 Ἐκκλησία.

2379 1911 2431 1962 ’0
2457 1910 2599 1977 Θεὸς
2621 1911 2690 1964 ἑν
2714 1911 2877 1980 μέσῳ
2910 1911 3116 1978 αὐτῆς,
3154 1910 3252 1962 καί
3277 1912 3347 1963 οὐ
3378 1909 3847 1975 σαλευθήσεται,

2297 2001 2394 2070 τῆς
2431 2000 2746 2071 Ἐκκλησίας
2791 2001 3044 2072 δηλονότι.
3077 1999 3369 2066 Βοηθήσει
3421 1997 3574 2066 αὐτῇ
3625 2001 3658 2051 d
3699 1997 3850 2062 Θεὸς

2298 2105 2362 2144 το
2387 2091 2532 2159 πρὸς
2558 2093 2721 2157 πρωΐ.
2749 2092 2821 2143 Τὸ
2842 2092 3025 2143 νεῦσαι
3053 2091 3193 2162 πρωῒ
3228 2092 3354 2161 περὶ
3389 2090 3478 2143 τὸν
3526 2088 3737 2160 ὄρθρον.
3773 2086 3853 2141 To

2298 2183 2422 2253 γάρ,
2445 2183 2735 2250 ,ϐοηθήσει
2761 2182 2933 2250 αὐτῇ,
2960 2185 3052 2235 καὶ
3085 2183 3312 2236 ἐνταῦθα
3345 2183 3404 2235 τὺ
3426 2182 3712 2252 πρόσωπον
3746 2181 3851 2246 τῆς

2312 2275 2631 2345 Ἐκκλησίας
2660 2274 2895 2344 νοηθεῖεν
2919 2275 2984 2328 ἂν
3017 2277 3064 2328 οί
3107 2276 3248 2342 ἀγιοι
3281 2275 3566 2328 ἀπόστολοι
3588 2314 3602 2338 ,
3658 2274 3752 2326 xui.
3794 2272 3850 2324 οἱ

2299 2368 2436 2420 κατά
2462 2367 2706 2435 διαδοχὴν
2733 2366 3018 2435 ἡγούμενοι
3045 2367 3232 2434 αὐτῆς,
3258 2365 3351 2427 οὓς
3385 2365 3478 2417 καὶ
3506 2365 3685 2433 νευροῖ
3717 2379 3850 2414 συν-

2298 2459 2462 2522 τόνως
2494 2457 2626 2528 πρὸς
2653 2456 2716 2510 τὸ
2745 2455 2998 2509 δύνασθαι
3023 2453 3506 2525 ἀντιλαμϐάνεσθαι
3545 2451 3639 2505 τοῦ
3668 2450 3850 2522 κηρύ-

2299 2565 2524 2619 γματος.

2380 2661 2823 2728 Ἑταράχθησαν
2859 2662 3022 2726 ἔθνη,
3063 2660 3307 2711 ἔκλιναν
3323 2655 3648 2720 βασιλεῖαι.
3685 2655 3850 2707 Ἐπο-

2299 2752 2537 2821 λέμησαν
2565 2753 2659 2821 μὲν
2679 2790 2693 2814 ,
2733 2751 2916 2819 φησὶν,
2947 2749 3085 2802 κατά
3111 2749 3208 2818 τῆς
3249 2748 3565 2819 Ἐκκλησίας
3584 2747 3654 2799 τά
3684 2745 3848 2815 εθνηο

2301 2843 2412 2897 ἀλλ’
2438 2845 2580 2914 ὅμως
2596 2842 2806 2895 ἔκλιναν
2822 2841 2998 2895 αὐτῶν
3017 2843 3065 2894 οί
3089 2840 3344 2911 βασιλεῖς,
3366 2840 3637 2893 τουτέστιν
3651 2839 3855 2911 ἥττην-

2299 2953 2385 2988 ται
2413 2936 2505 2988 καὶ
2529 2935 2857 3002 πεφεύγασιν
2876 2951 2890 2965 ·
2916 2932 3029 2986 ἀλλ’
3051 2931 3273 3004 ὕστερον
3303 2932 3552 3003 ἔκαμψαν
3574 2931 3668 2985 xui
3694 2930 3854 2984 αὐτοὶ

2299 3025 2375 3094 τῷ
2401 3024 2617 3095 Χριστῷ
2652 3024 2870 3093 αὐχένα.
2905 3022 3064 3089 Λέγει
3103 3022 3228 3092 γὰρ,
3276 3023 3355 3074 ὅτι
3384 3024 3518 3092 ταχῦ
3560 3021 3854 3092 οἰκοδομη-

2302 3116 2440 3186 θήσῃ
2475 3115 2561 3184 ὑφ’
2590 3109 2664 3167 ὧν
2689 3112 3013 3187 καθῃρέθης.
3046 3112 3303 3184 Ὕψωσαν
3330 3112 3437 3186 γὰρ
3471 3112 3570 3185 τὴν
3612 3112 3854 3184 Ἐκκλη-

659 3204 954 3259 diruerant.
993 3203 1123 3260 Nam
1157 3207 1534 3276 pulcherrimis
1559 3223 1676 3263 eam
1711 3208 1866 3263 donis
1901 3217 2118 3263 auctam
2141 3208 2198 3262 in

2301 3207 2437 3271 σίαν,
2467 3206 2755 3276 παγκάλως
2782 3205 2929 3276 δῶρα
2957 3206 3369 3276 προσφέροντες.
3393 3204 3608 3257 Ἔδωκε
3639 3204 3856 3272 φωνὴν

662 3297 888 3350 sublime
922 3300 1242 3351 extulerunt.
1289 3298 1438 3352 Dedit
1484 3317 1653 3354 vocem
1699 3317 1847 3354 suam
1878 3300 2196 3367 Altissimus,

661 3394 710 3437 et
735 3397 874 3439 mota
897 3397 972 3440 est
1000 3398 1156 3444 terra.
1189 3389 1436 3446 Christus
1477 3393 1682 3447 scilicet
1717 3393 1771 3446 in
1797 3408 1978 3448 cruce.
2016 3392 2200 3445 Vocem

661 3495 834 3541 suam,
878 3482 1246 3549 evangelicum
1275 3484 1479 3538 scilicet
1521 3499 1847 3538 sermonem.
1883 3482 1939 3537 Si
1970 3499 2201 3553 namque

663 3572 838 3623 anima
864 3574 1141 3628 rationalis
1166 3590 1349 3628 vocem
1383 3575 1593 3628 Domini
1619 3575 1866 3640 audierit,
1897 3590 2202 3630 commove-

663 3672 770 3724 tur,
808 3665 1103 3731 transitque
1146 3666 1213 3718 ab
1244 3667 1582 3733 improbitate
1629 3668 1693 3721 ad
1747 3669 1993 3721 virtutem
2042 3677 2095 3722 et
2133 3668 2200 3721 ab

665 3753 964 3821 ignorantia
994 3754 1060 3808 ad
1088 3753 1179 3810 Dei
1215 3758 1472 3811 notitiam.

734 3865 786 3918 8.
845 3866 1093 3922 Dominus
1121 3870 1373 3922 virtutum
1401 3871 1685 3934 nobiscum,
1731 3878 1994 3938 susceptor
2031 3881 2202 3922 noster

666 3956 800 4008 Deus
833 3957 1015 4009 Iacob.
1052 3957 1341 4011 Victoriam
1390 3960 1644 4013 adversus
1688 3961 1988 4027 spirituales
2021 3961 2203 4014 hostes

665 4055 870 4114 partam
922 4047 1020 4115 ipsi
1086 4047 1312 4103 Domino
1377 4050 1613 4104 ascribit.
1665 4049 1972 4118 Opportune
2023 4059 2199 4103 autem

662 4138 752 4193 hie
783 4138 964 4194 Jacobi
1002 4141 1202 4196 mentio
1254 4142 1478 4194 habetur
1531 4142 1598 4193 ob
1631 4141 1826 4194 luctam
1853 4156 1974 4193 cum
2009 4156 2073 4195 eo
2107 4141 2192 4194 ha-

661 4229 849 4283 bitam.

735 4322 784 4374 9.
847 4321 1022 4374 Venite
1063 4331 1110 4374 et
1149 4323 1312 4376 videte
1341 4339 1494 4392 opera
1530 4323 1641 4384 Dei,
1676 4341 1790 4393 qua:
1823 4325 1994 4391 posui:
2020 4325 2199 4393 prodi-

662 4414 751 4484 gia
796 4427 946 4478 super
981 4421 1189 4467 terram.
1246 4414 1436 4469 Pacem
1493 4417 1866 4483 praedicatione
1910 4417 2096 4470 initam
2129 4415 2203 4469 si-

2299 3299 2479 3354 αὑτοῦ
2510 3302 2541 3352 ό
2567 3301 2869 3367 Ὗψιστος,
2888 3296 2986 3348 καὶ
3008 3297 3303 3362 ἐσαλεύθη
3326 3296 3364 3362 ἠ
3398 3293 3497 3363 γῆ.
3537 3295 3594 3347 '0
3614 3296 3855 3366 Χριστὸς

2299 3392 2390 3444 ἐπὶ
2423 3389 2674 3458 σταυροῦ.
2718 3387 2927 3454 Φωνὴν
2948 3387 3130 3442 αὐτοῦ
3160 3387 3249 3440 τὸν
3301 3384 3649 3454 εὐαγγελικὸν
3691 3385 3855 3453 λόγον

2301 3482 2477 3551 φησίν.
2508 3481 2630 3534 Ἐἀν
2655 3479 2760 3550 γὰρ
2779 3479 2984 3552 ἀκούσῃ
3010 3479 3188 3550 φωνὴν
3217 3478 3419 3548 Κυρίου
3449 3475 3594 3547 ψυχὴ
3634 3475 3853 3548 λογικὴ,

2301 3571 2578 3625 σαλεύεται
2607 3569 2996 3640 μεταδαίνουσα
3017 3569 3125 3620 ἀπὸ
3144 3567 3336 3631 κακίας
3363 3569 3442 3630 είς
3472 3565 3673 3638 ἀρετὴν
3696 3605 3712 3630 ,
3757 3566 3857 3618 καὶ

2300 3663 2407 3716 ἀπὸ
2431 3661 2698 3730 ἀγνωσίας
2735 3663 2813 3722 εἰς
2836 3660 3121 3724 ἐπίγνωσιν
3143 3657 3295 3710 Θεοῦ.

2371 3867 2578 3933 Κύριος
2611 3862 2725 3916 τῶν
2758 3861 3066 3930 δυνάμεων
3088 3860 3214 3929 μεθ’
3247 3857 3434 3928 ἡμῶν,
3476 3856 3858 3926 circanam!)

2301 3955 2466 4024 ἡμῶν
2500 3959 2531 4008 ό
2551 3954 2690 4019 Θεὸς
2722 3952 2929 4007 Ἰακώϐ.
2956 3954 3062 4022 Τὴν
3093 3952 3243 4021 νίκην
3275 3951 3369 4021 τὴν
3395 3948 3688 4019 γενομένην
3715 3951 3860 4003 κατά

2302 4048 2405 4098 τῶν
2431 4044 2630 4115 νοητῶν
2655 4045 2858 4115 ἐχθρῶν
2891 4043 3037 4112 αὐτῷ
3055 4041 3131 4111 τῷ
3161 4042 3345 4112 Κυρίῳ
3371 4039 3706 4110 ἀνατίθησιν.
3752 4039 3859 4093 Εὐ-

2303 4137 2505 4206 καίρως
2529 4136 2584 4189 δὲ
2608 4134 2700 4188 τοῦ
2740 4133 2928 4188 Ἰακὼϐ
2967 4137 3000 4204 ὴ
3039 4135 3221 4204 μνήμη
3257 4131 3346 4184 διὰ
3389 4132 3487 4200 τὴν
3528 4131 3707 4200 πάλην
3755 4129 3858 4199 τὴν

2305 4230 2595 4299 γενομένην
2625 4228 2756 4296 πρὸς
2774 4228 2946 4279 αὐτόν.

2373 4319 2547 4373 Δεῦτε
2571 4319 2666 4372 καὶ
2687 4317 2840 4371 ἴδετε
2870 4318 2938 4370 τὰ
2962 4316 3101 4384 ἔργα
3143 4316 3246 4370 τοῦ
3275 4315 3453 4381 Θεοῦ,
3485 4313 3524 4368 ἆ
3565 4315 3732 4368 ἔθετο
3762 4313 3857 4367 τέ·-

2298 4426 2450 4475 ρατα
2476 4409 2572 4462 ἐπὶ
2595 4407 2702 4475 τῆς
2726 4408 2855 4477 ¹γῆς.
2880 4408 2988 4478 Τὴν
3015 4407 3303 4476 γενομένην
3326 4405 3416 4458 διὰ
3451 4403 3543 4457 τοῦ
3565 4403 3861 4474 κηρύγμα-

661 4501 899 4573 gniﬁcat,
932 4519 1051 4557 cum
1083 4505 1158 4558 ait
1197 4505 1394 4559 bellum
1425 4520 1584 4561 omne
1636 4508 1686 4560 in
1737 4515 1877 4560 terra
1922 4508 2080 4562 ﬁnem
2106 4507 2205 4560 ha-

2305 4518 2396 4562 τος
2439 4501 2655 4570 εἰρήνην
2695 4500 3107 4569 κατασημαίνει,
3155 4498 3244 4552 διὰ
3273 4497 3367 4550 τοῦ
3399 4498 3573 4550 πάντα
3620 4496 3858 4564 πόλεμον

668 4594 864 4648 huisse.
905 4593 1152 4664 Prodigia
1205 4607 1380 4652 autem
1411 4597 1542 4652 dicit
1589 4600 1914 4654 cessationes
1951 4610 2007 4654 et
2057 4614 2207 4654 com-

669 4684 991 4748 pressiones.
1030 4684 1255 4740 Cessare
1285 4687 1410 4742 fecit
1434 4689 1579 4742 enim
1615 4704 1775 4744 omne
1807 4691 2028 4745 bellum.

741 4857 823 4909 10.
891 4860 1080 4911 Arcum
1108 4870 1330 4914 conteret
1376 4871 1423 4912 ct
1464 4863 1748 4932 confringet
1780 4880 1949 4929 arma,
1984 4873 2032 4916 et
2061 4873 2210 4918 scuta

670 4951 929 5004 comburet
951 4953 1078 5021 igni.
1105 4954 1323 5016 Arcum,
1359 4955 1520 5008 telum
1550 4966 1601 5010 et
1630 4965 1864 5019 scutum,
1916 4957 2208 5025 pessimum

669 5043 908 5096 indicant
936 5053 1156 5110 statum,
1187 5054 1239 5100 et
1272 5061 1552 5115 perversas
1572 5048 1944 5101 couitationes.

742 5216 826 5273 fl.
905 5221 1095 5276 Vacate
1150 5235 1198 5277 et
1262 5236 1424 5279 macte
1467 5242 1712 5295 quoniam
1743 5243 1833 5297 ego
1881 5244 1995 5282 sum
2053 5227 2209 5282 Deus.

671 5313 784 5369 Nisi
820 5317 943 5385 quis
969 5317 1111 5372 enim
1148 5321 1475 5374 mundanam
1511 5336 1724 5375 omnem
1767 5338 1952 5377 curam
1973 5322 2210 5391 abjiciat,

674 5418 776 5456 non
812 5415 988 5474 potest
1026 5423 1185 5463 nosse
1216 5409 1404 5464 Deum.
1446 5411 1733 5467 Vacatione
1765 5413 1907 5468 enim
1957 5430 2092 5483 opus
2133 5420 2216 5468 est

674 5492 739 5545 ad
773 5493 861 5547 Dei
909 5499 1293 5565 cognitionem.
1343 5502 1633 5558 Exaltabor
1681 5506 1735 5557 in
1779 5504 2036 5572 gentibus,
2070 5503 2215 5557 exal-

670 5585 823 5635 tabor
860 5587 910 5636 in
949 5597 1106 5640 terra.
1142 5587 1543 5648 Praedicationis
1583 5596 1840 5648 adversus
1871 5609 2059 5648 omnes
2089 5609 2215 5661 gen-

675 5685 753 5726 tes
784 5677 1061 5732 victcriam
1089 5681 1218 5748 ipsis
1250 5685 1554 5752 pollicetur.

745 5767 832 5819 12.
892 5768 1146 5827 Dominus
1200 5775 1446 5828 uirtutum
1478 5775 1762 5840 nobiscum,
1805 5785 2067 5842 susceptor
2119 5790 2217 5826 no.

2311 4592 2483 4659 λέγειν
2514 4589 2820 4645 πεπαῦσθαι
2845 4589 2952 4643 ἀπὸ
2971 4589 3067 4658 τῆς
3093 4590 3214 4661 γῆς.
3239 4590 3453 4657 Τέρατα
3473 4586 3528 4638 δὲ
3547 4587 3672 4648 τοὺς
3709 4587 3858 4654 ἀφα-

2310 4685 2547 4753 νισμοὺς,
2567 4684 2679 4752 ἦτοι
2693 4683 2788 4744 τὰς
2813 4684 3186 4752 καταργήσεις,
3204 4681 3384 4751 φησίν·
3411 4679 3720 4749 κατήργησε
3748 4676 3859 4747 γὰρ

2312 4776 2484 4828 πάντα
2515 4773 2764 4843 πόλεμον.

2387 4865 2567 4930 Τόξον
2592 4865 2925 4931 συντρίψει,
2975 4863 3073 4919 καὶ
3111 4862 3441 4917 συνθλάσει
3490 4860 3702 4922 ὅπλον,
3759 4859 3862 4912 καί

2312 4957 2557 5025 θυρεοὺς
2589 4956 2944 5008 κατακαύσει
2991 4955 3060 5007 ἐν
3095 4954 3254 5020 πυρί.
3289 4952 3450 5017 Τόξον
3496 4950 3591 5004 νῦν
3613 4991 3628 5014 ,
3669 4950 3763 5002 xui.
3799 4949 3861 5003 τὸ

2311 5047 2491 5108 ὅπλον,
2528 5047 2620 5098 καὶ
2645 5049 2673 5098 ὁ
2703 5044 2892 5115 θυρεὸς
2919 5043 3244 5097 κατάστασιν
3275 5041 3548 5112 χειρίστην
3583 5039 3860 5109 σημαίνει,

2314 5140 2405 5192 καί
2430 5138 2717 5206 λογισμοὺς
2741 5135 3022 5205 πονηρούς.

2386 5228 2751 5299 Σχολάσατε,
2786 5229 2881 5282 καί
2903 5226 3105 5298 γνῶτε,
3139 5226 3229 5279 ὅτι
3250 5224 3362 5294 ἐγώ
3391 5226 3506 5292 ειμι
3539 5225 3572 5276 ό
3608 5222 3770 5286 Θεός.
3797 5221 3864 5276 El

2319 5324 2390 5394 μὴ
2414 5322 2519 5391 γάρ
2541 5339 2622 5383 τις
2647 5321 2821 5389 πάσης
2846 5319 3111 5389 κοσμικῆς
3140 5316 3413 5388 φροντίδος
3436 5314 3656 5383 γένηται
3685 5312 3862 5376 ἐκτὸς,

2315 5415 2375 5467 ού
2404 5413 2619 5465 δύναται
2647 5410 2844 5478 γνῶναι
2877 5411 2966 5462 τὸν
2997 5409 3146 5461 Θεόν.
3177 5407 3379 5478 Σχολῆς
3403 5406 3510 5476 γάρ
3541 5404 3697 5475 χρεία
3729 5403 3867 5475 πρὸς

2314 5506 2376 5558 τὸ
2403 5504 2599 5573 γνῶναι
2621 5503 2709 5555 τὸν
2741 5501 2891 5554 Θεόν.
2925 5500 3328 5568 ’Υψωθήσομαι
3347 5499 3416 5551 ἐν
3440 5497 3563 5561 τοῖς
3601 5495 3864 5556 ἔθνεσιν,

2316 5595 2703 5664 ὑψωθήσομαι
2731 5594 2799 5646 ἐν
2840 5591 2912 5659 τῇ
2961 5591 3056 5660 τῇ.
3083 5590 3192 5660 Τὴν
3239 5589 3591 5660 ἐπικράτησιν
3624 5588 3717 5640 τοῦ
3769 5606 3868 5658 κη-

2323 5687 2589 5756 ρύγματος
2617 5684 2712 5752 τὴν
2740 5681 2878 5736 κατὰ
2910 5681 3014 5733 τῶν
3052 5679 3219 5732 ὲθνῶν
3247 5679 3426 5741 αὐτοῖς
3451 5677 3865 5745 ἐπαγγέλλεται.

2389 5775 2599 5841 Κύριος
2636 5771 2748 5825 τῶν
2773 5772 3079 5838 δυνάμεων
3102 5769 3228 5837 μεθ’
3259 5769 3440 5837 ἡνιῶν,
3492 5765 3867 5832 ἀντιλήπτοφ
