4034 6442
178 396 275 449 221

1241 378 1598 435 EXPOSlTlO
1636 378 1701 432 IN
1739 377 2067 435 PSALHUM
2110 376 2311 430 XLVII.

3278 369 3384 423 222

182 518 289 587 σίᾳ,
322 515 445 586 ητις
477 512 592 566 ἐστὶ
614 511 765 573 πόλις
793 506 884 560 τοῦ
925 504 1095 570 Θεοῦ;
1146 504 1209 559 Ὀ
1250 504 1392 569 Θεὸς
1432 504 1736 572 ἐθεμελίω-

1857 517 1957 571 ιυω
1988 509 2071 555 est
2102 500 2293 553 civitas
2316 495 2454 550 Dei?
2481 494 2619 547 Deus
2644 492 3010 561 {undaviteam
3033 491 3384 554 inpternum.

180 623 290 661 σεν
325 604 519 671 αὐτὴν
565 606 649 667 εις
690 599 891 653 αἰῶνα.
935 593 1157 667 Ὄμοιόν
1181 594 1256 666 τῷ
1288 595 1556 666 εἰρημένῳ
1589 593 1737 663 παρὰ

1838 590 2021 646 Simile
2049 590 2124 644 illi
2149 590 2292 643 dicto
2320 586 2526 641 Domini
2552 603 2567 639 :
2613 582 2781 637 Super
2820 584 2954 636 hanc
2992 591 3191 635 cetram
3212 581 3394 650 aediﬁ-

180 697 272 751 τοῦ
295 695 501 765 Κυρίου
558 689 699 761 Ἐγὼ
728 688 827 743 ἐπὶ
851 687 963 755 τὴν
992 685 1211 754 πέτραν
1232 683 1737 754 οἱκοδομήσω,μσυ

1857 681 1961 736 rabo
1981 680 2270 735 Ecclesiam
2295 693 2457 731 meam
2478 676 2541 730 ³⁸.

183 789 296 858 τὴν
332 784 722 853 Ἐκκλησίαν.

262 882 275 902 '
288 877 686 946 Υπελάϐομεν,
713 878 744 928 ό
774 873 934 939 Θεὸς,
954 872 1019 925 τὸ
1033 871 1204 936 ἔλεός
1217 884 1333 923 σου
1355 868 1424 922 ἐν
1448 866 1615 937 μέσῳ
1633 864 1738 918 τοῦ

182 971 331 1026 ναοῦ
357 986 494 1024 σου.
538 966 683 1020 Ἀντὶ
713 964 828 1029 τοῦ,
866 962 1206 1033 τεθεάμεθα,
1244 960 1739 1032 προσεδοκήσαμεν,

185 1063 366 1133 φησιν,
407 1061 486 1122 εἰς
515 1058 728 1112 ἅπασαν
761 1055 859 1126 τὴν
890 1057 992 1125 γῆν
1016 1053 1076 1106 τὸ
1101 1052 1267 1122 ὄνομα
1290 1050 1382 1103 τοῦ
1424 1047 1559 1101 Θεοῦ
1583 1047 1739 1111 δοξα-

187 1152 538 1223 σθησόμενον,
585 1150 649 1201 ὲκ
685 1146 778 1200 τοῦ
810 1146 958 1199 ὲλέου
1010 1143 1425 1214 τεκμαιρόμενοι
1473 1139 1546 1211 μὴ
1586 1155 1740 1209 περι-

182 1244 478 1315 οψομένους
505 1243 628 1304 τοὺς
662 1238 977 1310 ἀνθρώπους
1016 1238 1170 1300 ἐκτὸς
1196 1236 1289 1288 τοῦ
1335 1233 1580 1306 Ἰσραὴλ,
1608 1231 1744 1286 ἀλλά

183 1338 278 1390 καὶ
305 1332 751 1404 ὲγκαθιδρυμένοι
771 1332 918 1401 τόπῳ
939 1348 998 1383 τε
1022 1329 1114 1383 καὶ
1136 1327 1269 1398 ναῷ,
1291 1328 1381 1380 τὸν
1407 1325 1743 1395 παγκόσμιον

182 1428 489 1499 ἠλπίσαμεν
548 1426 694 1483 ἔλεον
717 1465 733 1487 ,
766 1424 965 1486 ειδότες
1020 1422 1079 1475 τὸ
1109 1421 1280 1491 ὄνομα
1338 1436 1433 1473 σου
1462 1414 1743 1473 καθολικδν

182 1516 279 1571 καὶ
311 1517 406 1569 ἐπὶ
431 1515 595 1568 πᾶσιν
620 1512 699 1566 δν.

254 1665 419 1721 Κατὰ
439 1665 505 1719 τὸ
540 1662 727 1733 ὄνομά
757 1678 894 1724 σου,
926 1666 959 1716 ό
990 1661 1153 1727 Θεὸς,
1176 1659 1362 1724 οὕτως
1384 1657 1481 1711 καὶ
1521 1655 1559 1724 ἡ
1592 1652 1750 1706 alre-

184 1762 288 1831 σίς
306 1777 440 1817 σου.
474 1758 643 1813 Τοῦτό
670 1775 821 1829 φησι,
854 1756 988 1810 διότι
1025 1757 1188 1808 πᾶσιν
1216 1750 1397 1814 ἁπλῶς
1426 1749 1518 1803 καὶ
1542 1749 1748 1818 ἀπροσ-

1907 837 1995 891 10.
2068 833 2424 902 Suscepimus,
2488 830 2651 894 Deus,
2697 827 3111 883 misericordiam
3160 833 3303 878 tuam
3330 824 3387 877 in

1839 928 2006 981 medio
2043 926 2220 995 templi
2247 926 2345 978 tui.
2380 920 2546 987 Quasi
2589 919 2775 984 dicat,
2802 915 3145 985 contemplati
3174 928 3386 975 sumus,

1838 1019 2266 1088 exspectavimus
2293 1017 2347 1069 in
2374 1014 2623 1069 universa
2652 1019 2794 1064 terra
2832 1022 3029 1062 nomen
3063 1005 3153 1059 Dei
3186 1004 3389 1072 gloriﬁ-

1840 1120 2020 1168 catum
2067 1110 2153 1173 iri,
2181 1107 2566 1177 coniectantes,
2622 1117 2687 1157 ex
2720 1098 3091 1155 misericordia
3144 1097 3237 1151 Dei
3277 1111 3386 1151 non

1840 1201 2266 1261 contemnendos
2294 1214 2387 1255 eos
2412 1197 2503 1267 qui
2536 1204 2690 1252 extra
2721 1193 2971 1249 lsraelem
3016 1198 3218 1254 essent,
3256 1189 3389 1259 quin

1840 1296 1976 1352 etin
2016 1295 2136 1348 loco
2175 1292 2316 1347 etin
2367 1288 2564 1358 templo
2613 1283 2912 1351 constituti,
2966 1279 3388 1335 misericordiam

1842 1388 1899 1443 in
1928 1387 2237 1442 universum
2262 1382 2448 1437 orbem
2499 1392 2645 1434 tuam
2674 1376 3011 1446 speravimus
3047 1390 3060 1426 :
3099 1370 3249 1442 gnari
3290 1384 3383 1423 no-

1842 1496 1967 1537 men
2027 1490 2179 1535 tuum
2220 1478 2287 1532 ad
2337 1487 2527 1530 omnes
2585 1470 2889 1542 pertingere
2930 1476 2985 1522 et
3040 1464 3097 1519 in
3136 1462 3390 1517 omnibus

1844 1588 1986 1629 esse.

1914 1662 2001 1717 H.
2056 1659 2354 1717 Secundum
2395 1673 2576 1712 nomen
2635 1664 2802 1718 tuum,
2852 1650 3013 1713 Deus,
3055 1648 3133 1700 ita
3172 1651 3222 1697 et
3277 1641 3393 1695 laus

1850 1762 1960 1808 tua.
1990 1750 2105 1807 Hoc
2125 1753 2199 1806 ait
2249 1751 2377 1822 quia
2435 1750 2689 1805 omnibus
2736 1745 3049 1816 simpliciter
3103 1750 3157 1796 et
3194 1739 3397 1808 absque

183 1829 522 1921 ωποληπτως
574 1849 774 1903 δέδωκε
825 1846 923 1918 τὴν
952 1846 1132 1918 χάριν,
1166 1841 1307 1897 κατά
1331 1841 1391 1893 τὸ
1422 1839 1707 1911 εἰρημένον
1732 1852 1747 1867 ·

1857 1859 2201 1915 personarum
2233 1842 2541 1912 acceptione
2568 1840 2794 1911 gratiam
2826 1837 3050 1907 largitus
3078 1841 3179 1895 est,
3213 1837 3272 1885 ut
3313 1829 3397 1883 di-

198 1951 304 2004 Ἑν
320 1941 550 2015 Χριστῴ
593 1941 783 2010 Ἰησοῦ
814 1944 925 1995 οὐκ
951 1939 1042 1993 ἐνι
1070 1937 1308 2003 δοῦλος,
1347 1933 1489 1989 οὐδὲ
1512 1934 1747 1988 ἐλεύθε-

187 2056 310 2110 ρος-

257 2125 659 2195 Εὐφρανθήτω
682 2124 815 2191 ὄρος
842 2121 1011 2177 Σιών.
1040 2122 1202 2193 Ὄρος
1234 2118 1401 2182 Σιὼν,
1441 2120 1476 2189 ἡ
1518 2117 1749 2188 Ἐκκλη-

188 2219 281 2275 σία
310 2217 572 2289 δηλονότι.
626 2216 734 2271 Kal
787 2213 1294 2285 ἀγαλλιάσθωσαν
1322 2214 1381 2265 al
1439 2209 1752 2279 θυγατέρες

184 2312 298 2379 τῆς
360 2310 662 2376 Ἰουδαίας.
702 2307 1016 2378 Θυγατέρας
1061 2306 1162 2376 τῆς
1220 2304 1472 2387 Ἰουδαίας
1510 2302 1609 2365 τὰς
1644 2300 1753 2354 τῶν

188 2403 364 2473 ἁγίων
409 2401 721 2457 ἀποστόλων
777 2395 913 2453 εἷναί
944 2408 1074 2468 φησι
1126 2395 1301 2466 ψυχας
1324 2412 1337 2424 ·
1372 2390 1512 2465 ἦσαν
1560 2391 1667 2461 γὰρ
1696 2388 1754 2456 ὲξ

199 2495 492 2551 Ἰουδαίων.
544 2496 793 2547 Ἕνεκεν
841 2489 957 2543 τῶν
1014 2489 1308 2557 χριμάτων
1356 2502 1472 2539 σου
1497 2524 1512 2549 ,
1558 2482 1749 2549 Κύριε.

187 2587 400 2650 Κοίνας
448 2586 547 2655 τὴν
600 2583 779 2655 κρίσιν
810 2581 918 2634 τῶν
974 2578 1165 2641 ὲθνῶν,
1198 2578 1466 2648 ὲξήλασας
1516 2572 1606 2629 τὸν
1635 2571 1754 2625 κατ’

185 2678 372 2735 αὐτῶν
399 2677 633 2747 πόλεμον
654 2674 762 2727 τῶν
788 2671 1073 2742 δαιμόνων.

262 2765 620 2824 Κυκλὼσατε
641 2761 811 2828 Σιὼν,
841 2761 938 2816 καὶ
969 2759 1310 2829 περιλάόετε
1329 2754 1541 2825 αὐτήν.
1572 2751 1758 2807 Ταῦτα

188 2862 256 2915 τὸ
282 2857 510 2928 Πνεῦμα
545 2858 604 2910 τὸ
632 2855 786 2923 ἅγιον
808 2856 917 2916 τοῖς
950 2851 1267 2914 ἀποστόλοις
1307 2844 1756 2919 παρακελεύεται,

1846 1944 1994 1992 ctum
2041 1942 2162 1989 est:
2198 1931 2267 1987 In
2316 1931 2526 1987 Christo
2555 1930 2682 1984 Iesu
2734 1946 2837 1983 non
2880 1936 2957 1982 est
3006 1941 3202 1987 servus,
3236 1935 3397 1991 neque

1847 2027 1978 2081 liber
1998 2026 2063 2080 ³⁷.

1921 2119 2009 2175 12.
2081 2116 2310 2172 ιωιειιιτ
2360 2132 2506 2169 mons
2554 2111 2703 2167 Sion.
2753 2112 2907 2167 Mons
2946 2109 3099 2174 Sion,
3159 2106 3397 2163 Ecclesia

1848 2210 2116 2265 videlicet.
2152 2207 2221 2262 Et
2253 2207 2514 2263 exsultent
2547 2207 2674 2277 filia:
2717 2203 2941 2260 ludere.
2978 2203 3088 2275 (l7)
3123 2199 3287 2255 Filias
3307 2196 3402 2253 Ju-

1852 2302 1979 2357 dteze
2005 2301 2214 2355 animas
2241 2314 2361 2355 esse
2386 2298 2521 2352 dicit
2548 2297 2916 2367 apostolorum
2942 2313 2957 2362 ;
3001 2302 3156 2349 erant
3181 2290 3323 2346 enim
3368 2303 3401 2343 ι

1852 2394 2052 2451 ,Ιυόιεῑε
2080 2392 2349 2463 prognati.
2385 2389 2610 2460 Propter
2627 2388 2836 2459 judicia
2866 2396 2979 2451 tua,
3005 2385 3243 2439 Domine.
3265 2382 3401 2437 Cum

1850 2487 2150 2557 iudicasses
2184 2484 2435 2540 videlicet
2457 2481 2695 2553 gentium
2740 2493 2987 2541 causam,
3020 2475 3275 2545 depulisti
3305 2473 3406 2528 da:-

1856 2594 2077 2636 monum
2109 2577 2305 2633 bellum
2328 2576 2590 2632 adversus
2622 2588 2719 2630 eos
2740 2570 3056 2628 excitatum.

1928 2752 2015 2806 l5.
2068 2749 2402 2805 Circumdate
2424 2748 2551 2803 Sion
2592 2754 2642 2801 et
2673 2742 3078 2801 comolectimini
3114 2756 3247 2795 eam.
3286 2736 3408 2793 Hac

1860 2844 2097 2915 Spiritus
2133 2852 2356 2898 sanctus
2399 2842 2552 2912 jubet
2603 2837 2863 2910 apostolis
2888 2878 2905 2903 ,
2945 2846 3005 2890 ut
3048 2834 3253 2889 scilicet
3301 2830 3410 2887 sint

189 2952 356 3006 οιονε“ι
392 2920 567 3019 τεῖχος
600 2920 791 3009 αὐτοὺς
835 2943 1083 3011 γενέσθαι
1115 2942 1214 3009 τῆς
1263 2940 1441 3005 Σιὼν,
1486 2937 1760 2991 τουτέστιν

1857 2937 2024 2994 veluti
2061 2951 2254 2991 murus
2288 2935 2508 3000 Sionis;
2551 2933 2607 2989 id
2635 2940 2719 2988 est
2742 2928 2978 3001 religiosi
3003 2927 3127 2981 vitae
3158 2920 3406 2980 instituti.

192 3041 291 3096 τοῦ
340 3011 626 3102 θεοσεδοῦς
666 3036 1076 3107 πολιτεύματος.
1117 3031 1492 3102 Διητήσασθε
1518 3029 1589 3082 ἐν
1637 3026 1760 3093 τοῖς

1862 3027 2093 3082 Narrate
2123 3026 2179 3080 in
2212 3025 2443 3079 turribus
2466 3024 2600 3092 ejus.
2642 3020 2876 3090 Quinam
2906 3032 3037 3075 vero
3074 3014 3275 3072 fuerint
3306 3011 3409 3068 Ec-

192 3137 445 3204 πύργυις
496 3128 702 3199 αὐτῆς.
756 3128 867 3183 Καὶ
891 3102 1059 3192 ⁷τίνες
1090 3126 1156 3182 ἂν
1184 3121 1293 3179 εἷεν
1335 3124 1386 3177 οῖ
1435 3121 1632 3193 πύργοι
1662 3120 1759 3191 τῆς

1861 3118 2037 3174 οὶοεὶιε
2088 3123 2292 3180 turres,
2342 3114 2449 3170 nisi
2480 3112 2518 3168 ii
2569 3114 2663 3184 qui
2707 3110 2875 3168 variis
2920 3106 3249 3178 temporibus
3292 3102 3412 3175 ejus

207 3183 597 3296 Ἐξκλησίαςη
616 3183 850 3275 οἱκατά
875 3183 1067 3290 καιρὸν
1090 3219 1259 3289 αὐτῆς
1277 3183 1571 3288 ἡγούμενοί
1596 3216 1690 3269 καὶ

1860 3210 2029 3267 duces
2076 3209 2298 3274 fuerint,
2333 3218 2495 3277 atque
2536 3183 2687 3275 justi,
2738 3202 2893 3275 queis
2925 3199 3157 3271 apostoli
3192 3208 3413 3253 narrant

193 3318 417 3377 δίκαιοι,
445 3307 527 3376 οἷς
554 3310 648 3365 καὶ
680 3309 990 3380 διηγοῦνται
1022 3309 1088 3362 τὰ
1123 3307 1385 3379 μεγαλεῖα
1420 3304 1515 3359 τοῦ
1554 3303 1686 3359 Θεοῦ
1711 3304 1760 3357 oi

1859 3301 2127 3375 magnalia
2168 3299 2262 3355 Dei
2282 3300 2307 3354 ἲ

194 3405 491 3463 ἀπόστολοι
511 3421 527 3470 ;

272 3496 433 3571 [Ταῖς
458 3496 559 3567 τὴν
604 3492 928 3564 Ἐκκλησίαν
961 3492 1055 3545 καὶ
1080 3491 1142 3544 τὸ
1184 3488 1429 3555 θεοσεϐὲς
1469 3488 1765 3557 πολίτευμα

198 3586 569 3662 φρουρούσαις
615 3585 787 3648 θείαις
835 3583 1161 3653 δυνάμεσιν,
1197 3581 1447 3649 ἀγγέλοις
1483 3596 1542 3632 τε
1593 3578 1765 3647 ἁγίοις

198 3680 517 3754 προσφωνεῖ
556 3676 619 3731 τὺ
665 3675 885 3746 Πνεῦμα
916 3673 978 3726 τὺ
1024 3672 1175 3740 ἅγιον
1201 3672 1360 3738 λέγον
1380 3684 1393 3697 '
1437 3669 1764 3722 Κυκλώσατε

198 3774 329 3837 τοὺς
382 3768 645 3842 πύργους.
696 3768 777 3821 Τὰ
807 3766 915 3837 γὰρ
949 3764 1230 3837 κρείττονα
1284 3762 1380 3832 τῆς
1439 3760 1640 3822 πόλεως
1691 3758 1766 3821 ὡς

202 3862 607 3933 ἀναγκαιότερα
638 3859 772 3931 πρὸς
801 3856 1194 3930 παραφυλακὴν
1214 3851 1432 3925 ἀριθμῷ
1478 3850 1769 3923 παραδέδο-

202 3976 311 4013 ται-
329 3958 443 4019 τοῖς
475 3950 777 4025 φρουροῖς.]

280 4045 470 4102 oecos
500 4044 605 4109 τὰς
626 4040 869 4109 καρδίας
906 4036 1068 4108 ὑμῶν
1094 4039 1180 4103 εις
1216 4035 1330 4103 τὴν
1370 4035 1625 4102 δύναμιν
1661 4035 1768 4087 αὐ-

207 4136 343 4207 τῆς.
379 4133 615 4204 Δύναμις
636 4129 797 4184 πάλιν
820 4131 916 4199 τῆς
968 4126 1285 4196 Ἐκκλησίας
1315 4126 1363 4177 οἱ
1387 4121 1769 4193 ὑποστηρίζονο

206 4247 304 4295 τις
352 4227 520 4297 αὐτὴν
547 4225 715 4292 λόγοι,
759 4221 854 4285 οὓς
903 4221 997 4273 καὶ⁸
1030 4218 1087 4283 ἐξ
1118 4218 1243 4286 ὅλης
1294 4215 1517 4287 καρδίας
1564 4211 1771 4265 κελεύει

206 4321 339 4383 τοὺς
375 4316 562 4384 ἁγίους
589 4312 915 4373 ἀποστόλους
952 4310 1242 4363 νουθετεῖν.
1286 4308 1396 4361 Kal
1430 4304 1770 4360 καταδιέλε-

207 4414 324 4467 σθε
345 4409 453 4473 τὰς
468 4404 679 4473 ,ϐάρεις
697 4402 905 4470 αὐτῆς.
938 4402 1226 4463 Ἕκαστος,
1252 4398 1405 4469 φησὶ,
1451 4396 1647 4467 μέρους
1682 4392 1776 4463 βα-

1934 3481 1953 3554 Ῐ
1986 3479 2204 3535 Divinas
2245 3483 2560 3548 potestates,
2609 3486 2731 3542 quae
2776 3468 3073 3525 Ecclesium
3112 3474 3166 3522 et
3203 3463 3415 3535 religio-

1863 3592 1984 3634 sum
2011 3574 2315 3630 institutum
2344 3575 2566 3625 servant
2595 3564 2922 3637 angelosque
2950 3567 3165 3617 sanctos
3187 3556 3416 3627 alloqui-

1862 3678 1956 3725 tur
1999 3666 2231 3737 Spiritus
2275 3672 2517 3728 sanctus,
2568 3661 2754 3714 dicens
2785 3676 2800 3712 :
2830 3652 3175 3712 Circumdate
3215 3660 3414 3706 turres.

1864 3760 1997 3829 Quae
2026 3757 2171 3813 enim
2209 3755 2263 3809 in
2300 3754 2434 3809 urbe
2470 3750 2843 3822 praestantiora
2890 3747 3222 3801 munimenta
3270 3751 3414 3805 sunt,

1867 3849 2189 3909 custodibus
2231 3860 2460 3902 numero
2501 3840 2811 3899 concredita
2860 3844 3006 3903 sunt,
3059 3843 3121 3891 ut
3172 3834 3289 3904 ipsa
3326 3832 3419 3886 de-

1866 3943 2108 3999 fendant.
2133 3938 2154 4010 ]

1942 4034 2029 4087 Η.
2089 4030 2280 4084 Ponite
2317 4026 2480 4083 corda
2527 4032 2696 4079 vestra
2741 4024 2797 4076 in
2844 4023 3037 4075 uirtute
3074 4019 3207 4087 ejus.
3242 4014 3420 4069 Virtus

1869 4124 2123 4182 Ecclesia:
2153 4132 2279 4179 sunt
2306 4120 2398 4191 qui
2427 4133 2547 4174 eam
2592 4114 2915 4172 conﬁrmant
2944 4124 3243 4173 sermones,
3284 4122 3421 4176 quos

1871 4215 2127 4288 apostolis
2161 4213 2314 4283 jubet
2356 4219 2417 4264 ut
2466 4218 2580 4264 toto
2626 4207 2790 4263 corde
2837 4205 2975 4257 inter
3021 4198 3423 4257 admouendum

1872 4286 2155 4377 usurpem.
2181 4301 2249 4356 Et
2282 4299 2581 4356 distribuite
2606 4296 2788 4351 domos
2809 4295 2942 4363 ejus.
2968 4290 3195 4361 Singuli,
3228 4286 3421 4357 inquit,

1874 4401 1929 4455 in
1961 4399 2195 4468 aliquam
2232 4402 2389 4449 terra:
2406 4401 2613 4462 partem
2645 4387 2933 4457 imperium
2956 4382 3254 4438 obtineant.
3289 4377 3429 4432 Nam

212 4466 485 4558 ethnicos.
502 4466 610 4552 τῶν
626 4466 813 4551 ἐθνῶν.
835 4466 1121 4549 *Ᾰιείλαντο
1144 4466 1273 4564 γὰρ,
1296 4466 1462 4561 φησι,
1478 4466 1576 4561 τὴν
1598 4490 1760 4541 οἰκου-

1875 4466 2174 4545 diviserunt
2216 4484 2343 4549 sibi,
2395 4483 2490 4547 ait,
2540 4478 2850 4542 duodecim,
2894 4473 3079 4529 orbem
3129 4481 3301 4526 terra.
3356 4466 3423 4522 Ut

215 4594 387 4665 μένην
428 4592 475 4644 oi
523 4587 745 4642 δώδεκα.
782 4588 979 4652 Ὅπως
1031 4584 1402 4654 ὄιηγήσησθε
1428 4585 1515 4647 εις
1564 4580 1760 4648 γενεὰν

1878 4580 2130 4638 enarretis
2159 4579 2211 4631 in
2253 4575 2494 4646 progenie
2536 4571 2724 4625 altera.
2778 4567 3016 4637 Apostoli
3058 4577 3287 4633 namque
3330 4575 3425 4631 per

212 4684 447 4754 ἑτέραν.
481 4682 546 4736 Ol
574 4680 680 4750 γὰρ
706 4679 991 4735 ἀπόστολοι
1024 4678 1118 4731 καὶ
1153 4678 1272 4739 ταῖς
1301 4676 1416 4746 μετ’
1465 4674 1663 4736 αὐτοὺς
1698 4671 1777 4725 δι-

211 4772 476 4845 ηγοῦνται
523 4772 752 4839 γενεαῖς,
778 4768 845 4823 δι’
873 4760 947 4822 ὧν
974 4766 1388 4822 καταλελοίπασι
1418 4762 1777 4833 συγγραμμά-

212 4882 326 4920 των
351 4863 482 4936 περὶ
511 4861 766 4934 Χριστοῦ.

291 4958 422 5011 Ὀτι
450 4949 628 5019 οὗτός
663 4954 833 5007 ἐστιν
869 4954 901 5005 ό
927 4950 1069 5016 Θεὸς
1098 4947 1266 5019 ἡμῶν
1310 4950 1397 5014 εὶς
1418 4947 1524 5001 τὸν
1570 4945 1772 5000 αἰῶνα.

216 5048 331 5120 τῆς
359 5045 727 5116 διανεμήσεως
752 5044 851 5114 τὴν
876 5042 1055 5097 αἰτίαν
1089 5040 1239 5112 φησί.
1269 5038 1468 5093 Τούτου
1508 5038 1664 5109 χάριν
1708 5036 1785 5090 διο

219 5140 417 5206 δάξατε
443 5138 538 5191 καὶ
565 5134 820 5199 διέλεσθε,
845 5134 931 5186 ἵνα
954 5133 1047 5187 καὶ
1086 5134 1204 5194 ταῖς
1234 5130 1457 5201 ὕστερον
1483 5128 1781 5199 γενησομέ-

219 5248 343 5294 ναις
362 5232 577 5299 γενεαῖς
601 5225 862 5281 ἀκουστὸν
898 5224 1144 5294 γένηται,
1170 5224 1252 5277 ὅτι
1297 5218 1451 5285 οὗτος
1504 5220 1533 5273 ὀ
1563 5220 1784 5283 δικαίως

219 5321 496 5393 τιοιμάνας
521 5318 648 5372 λαὸν
690 5318 866 5389 (λέγει
918 5317 974 5369 δὲ
1005 5318 1238 5387 Κύριον)
1274 5310 1423 5379 οὗτός
1460 5316 1605 5368 ἐστιν
1630 5315 1660 5366 ὁ
1691 5315 1785 5368 καὶ⁸

222 5418 306 5478 εἰς
334 5414 460 5475 τοὺς
483 5411 771 5484 μέλλοντας
798 5413 890 5465 καὶ
922 5410 1305 5480 ἀτελευτήτους
1326 5407 1525 5470 αἰῶνας
1578 5405 1781 5476 μέλλων

222 5505 559 5578 ποιμαίνειν.

323 5683 344 5713 ⁸
427 5681 617 5737 Matth.
682 5696 790 5743 va,
867 5678 949 5733 18.
1042 5678 1083 5709 "
1136 5678 1305 5733 Galat.
1351 5694 1429 5739 Ill,
1490 5678 1556 5731 28

1880 4672 2078 4742 scripta
2115 4684 2235 4740 quas
2267 4667 2601 4736 reliquerunt
2644 4660 2923 4716 Christum
2968 4663 3221 4712 enarrant
3264 4667 3429 4724 gene-

1880 4763 2183 4820 rationibus
2220 4754 2696 4827 subsequentibus.

1950 4957 2039 5012 15.
2093 4954 2353 5022 Quoniam
2379 4952 2461 5005 hic
2484 4958 2559 5005 est
2590 4947 2727 5003 Deus
2760 4953 2931 4999 noster
2951 4945 3009 4998 in
3026 4938 3295 5003 suculam,
3320 4946 3425 4992 etc.

1882 5045 2292 5105 Distributionis
2323 5057 2543 5099 causam
2568 5038 2854 5110 signiticet.
2890 5034 3199 5103 Propterea,
3229 5030 3426 5101 inquit,

1880 5135 2190 5193 distribuite
2224 5144 2278 5188 et
2314 5133 2525 5196 docete,
2561 5137 2622 5183 ut
2657 5123 3095 5198 generationibus
3132 5128 3253 5191 post
3281 5117 3426 5173 futu-

1882 5232 1959 5286 ris
1986 5240 2172 5286 notum
2199 5229 2288 5293 sit,
2320 5241 2443 5281 eum
2471 5224 2564 5295 qui
2587 5223 2734 5293 justo
2762 5219 3016 5291 populum
3056 5216 3203 5287 pavit
3243 5214 3319 5287 (id
3345 5223 3428 5267 est

1880 5318 2194 5390 Dominum)
2224 5318 2470 5374 eumdem
2500 5317 2679 5386 ipsum
2721 5329 2841 5370 esse
2877 5312 2970 5383 qui
3011 5325 3106 5381 per
3152 5306 3331 5363 futura
3374 5315 3429 5362 et

1878 5414 2088 5470 inﬁnita
2135 5410 2327 5467 secula
2366 5415 2547 5479 pascet
2584 5419 2699 5461 eos.

302 5799 414 5869 (l7)
483 5798 657 5851 Aliam
705 5794 859 5850 aﬂ‘ert
898 5794 1031 5850 Dan.
1076 5794 1340 5848 Barbarus
1380 5792 1873 5860 interpretationem
1921 5802 2038 5858 qua:
2072 5796 2154 5842 est
2194 5784 2419 5854 Didymi.
