4034 6450
629 403 736 458 223

740 517 787 569 Ι.
825 514 885 567 In
908 519 1085 585 ﬁnem,
1111 517 1236 583 ﬁliis
1265 515 1415 570 Core.
1445 516 1575 572 PSA
1590 518 1785 572 LMUS
1809 516 1901 570 XL
1920 514 2079 569 Vl”.

1212 609 1607 677 Argumentum.

630 701 760 765 Quae
809 702 875 756 ad
928 701 1167 755 divinum
1222 700 1459 754 tribunal
1503 701 1770 769 pertinent
1822 702 1921 755 hoc
1978 701 2187 770 psalmo

700 794 953 847 omnibus
1008 794 1316 848 hominibus
1376 793 1766 862 praedicantur,
1816 808 2022 846 necnon
2070 794 2187 847 dies

704 884 791 938 illa
822 900 923 952 qua
958 884 1098 939 Deus
1139 885 1355 939 condita
1401 885 1578 937 omnia
1609 883 1676 937 ad
1711 884 1974 952 judicium
2020 883 2188 937 addu-

709 983 818 1028 cet.
854 974 1105 1028 Fortasse
1148 989 1277 1028 vero
1306 974 1396 1027 lilii
1430 972 1564 1028 Core
1599 975 1963 1042 apostolorum
2000 989 2188 1041 perso-

706 1082 826 1120 nam
862 1074 1049 1137 gerant
1078 1066 1168 1135 qui
1211 1065 1478 1134 mysteriis
1516 1064 1699 1117 orbem
1742 1065 2043 1117 initiarunt.

702 1246 756 1299 2.
816 1246 1007 1298 Audite
1051 1246 1179 1308 lucc,
1222 1260 1393 1296 omnes
1421 1252 1614 1312 gentes,
1660 1242 1873 1294 auribus
1917 1244 2185 1311 percipite,

638 1340 921 1407 omnes‘qui
961 1337 1207 1389 habitatis
1238 1336 1433 1389 orbem.
1478 1334 1627 1387 Sicut
1656 1335 1719 1388 ad
1762 1334 1989 1388 salutem
2016 1343 2185 1387 totum

636 1429 930 1482 humanum
965 1443 1132 1495 genus
1173 1435 1347 1489 vocat,
1382 1426 1567 1480 eodem
1609 1425 1769 1479 modo
1796 1426 1861 1478 ad
1884 1425 2185 1479 doctrinam

630 1520 799 1574 divini
822 1519 1031 1590 judicii,
1059 1534 1165 1572 una
1200 1532 1389 1572 omnes
1416 1532 1595 1571 sermo
1620 1524 1830 1570 evocat.

703 1691 755 1745 3.
810 1692 1011 1762 Quique
1047 1694 1317 1763 terrigena
1386 1704 1433 1747 et
1483 1694 1582 1761 ﬁlii
1611 1693 1900 1746 hominum.
1944 1692 2186 1765 Terrige-

1452 401 1507 455 S.
1547 396 1916 455 ATHANASII
1961 395 2113 451 OPP.
2153 394 2333 449 PARS
2369 394 2451 448 111.
2494 425 2564 435 —
2598 393 3005 449 EXEGETKIA.

3734 398 3842 453 224

2390 512 2489 577 Εἰς
2520 511 2689 574 τέλος
2713 511 2835 573 τοῖς
2881 509 3025 573 υἱοῖς
3052 509 3218 575 Κερέ.
3263 512 3565 566 ΨΑΑΜΟΣ
3594 517 3713 568 MH'

2898 601 2911 619 '
2925 602 3227 666 Υπόθεσις.

2286 692 2385 745 Διά
2401 711 2491 745 του
2523 695 2783 762 παρόντος
2809 692 3022 763 ψαλμοῦ
3048 691 3116 744 τὰ
3143 694 3270 764 περὶ
3292 696 3384 747 τοῦ
3410 695 3553 749 θείου
3586 698 3843 772 δικαστη-

2360 785 2471 855 ρίου
2531 788 2639 849 τοῖς
2675 787 2836 838 πᾶσιν
2867 782 3172 854 ἀνθρώποις
3232 786 3594 856 κηρύττεται,
3659 793 3750 843 καὶ
3806 794 3841 862 ἡ

2354 876 2539 946 ἡμέρα
2567 878 2768 946 ἐκείνη,
2802 876 2919 930 καθ’
2943 878 3009 947 ἢν
3028 877 3143 944 ἄξει
3170 882 3199 931 6
3243 877 3370 941 Θεὸς
3400 882 3506 932 πᾶν
3543 882 3604 932 τὸ
3633 882 3843 953 ποίημα

2356 967 2435 1029 εἰς
2468 967 2666 1037 κρίσιν.
2696 969 2906 1038 Ἐχοιεν
2931 968 2974 1021 δ’
2999 970 3064 1022 ἂν
3096 973 3143 1023 οἱ
3174 970 3277 1022 υἱοὶ
3307 970 3448 1040 Κορέ
3474 970 3581 1023 τῶν
3611 974 3835 1026 ἀποστό-

2356 1059 2462 1110 λων
2483 1059 2541 1112 τὸ
2568 1060 2873 1130 πρόσωπον,
2899 1060 3005 1113 τῶν
3041 1062 3581 1131 μυσταγωγησάντων
3620 1064 3716 1132 τὴν
3752 1064 3842 1117 ὑπ’

2357 1150 2599 1221 οὐρανόν.

2372 1243 2689 1296 Ἀκούσατε
2716 1242 2918 1307 ταῦτα,
2959 1242 3153 1297 πάντα
3176 1246 3248 1297 τὰ
3276 1245 3418 1312 ἔθνη
3437 1286 3451 1308 ,
3478 1247 3846 1301 ἐνωτίσασθε

2287 1330 2506 1395 πάντες
2537 1335 2591 1385 οἱ
2631 1333 3046 1398 κατοικοῦντες
3077 1334 3188 1401 τὴν
3221 1337 3594 1404 οἰκουμένην.
3631 1339 3845 1410 ’Ὠσπερ

2286 1424 2377 1476 ἐπὶ
2408 1423 2647 1494 σωτηρίᾳ
2696 1426 2802 1477 πᾶν
2824 1425 2975 1493 γένος
3019 1425 3317 1495 ἀνθρώπων
3377 1429 3698 1498 παρακαλεῖ,
3750 1431 3843 1483 τδν

2286 1513 2446 1566 αὑτὸν
2464 1514 2659 1585 τρόπον
2692 1516 2785 1568 καὶ
2809 1516 2899 1569 ἐπὶ
2928 1516 3268 1570 διδασκαλίαν
3296 1518 3394 1587 τῆς
3430 1518 3578 1582 θείας
3608 1520 3845 1589 κρίσεως

2285 1604 2416 1673 ὁμοῦ
2447 1604 2652 1668 πάντας
2680 1608 2707 1659 6
2730 1607 2883 1675 λόγος
2916 1607 3279 1660 ἀνακαλεῖται.

2357 1698 2423 1749 ΟΖ
2454 1713 2516 1749 τε
2544 1697 2808 1766 γηγενεῖς
2836 1697 2930 1750 καὶ
2969 1698 3083 1751 υἱοί
3123 1697 3239 1750 τῶν
3280 1698 3619 1765 ἀνθρώπων.
3667 1700 3843 1769 Γηγε-

631 1797 731 1837 nas
764 1790 921 1836 vocat
951 1784 1273 1853 agrestiores
1301 1782 1545 1837 homines
1579 1783 1969 1852 barbarosque,
2008 1785 2100 1853 qul
2132 1786 2183 1837 in

2288 1790 2393 1850 νεῖς
2421 1788 2516 1857 μὲν
2552 1788 2677 1850 τοὺς
2703 1787 3032 1858 βαρυτέρους
3064 1788 3168 1839 τῶν
3201 1788 3497 1859 ἀνθρώπων
3534 1790 3687 1843 καλεῖ
3716 1794 3846 1854 τοὺς

631 1873 857 1928 desertis
898 1851 1159 1940 habitant,
1196 1888 1370 1943 neque
1400 1873 1607 1943 legibus
1652 1851 1872 1939 cultos;
1910 1851 2051 1927 ﬁlios
2084 1874 2183 1927 ho-

2293 1851 2616 1951 βαρϐάρους,
2649 1851 2742 1931 καὶ
2770 1851 2827 1933 ἐν
2857 1851 3110 1951 ἐρημίαις
3140 1851 3416 1945 οἰκοῦντας
3435 1923 3449 1947 ,
3474 1885 3566 1935 καὶ
3593 1884 3667 1955 μὴ
3700 1851 3846 1955 vopi-

632 1964 838 2018 minum
870 1965 1000 2019 dicit
1023 1980 1117 2018 eos
1145 1965 1236 2033 qui
1268 1965 1641 2020 humaniorem
1687 1966 1894 2019 ducunt
1937 1966 2058 2020 vita:
2100 1982 2186 2021 ra-

631 2057 831 2112 tionem
860 2067 912 2111 et
932 2057 1137 2125 legibus
1172 2065 1378 2124 parent.

700 2227 754 2283 4.
808 2227 880 2282 Os
904 2244 1072 2282 meum
1095 2228 1335 2298 loquetur
1364 2230 1694 2298 sapientiam.
1720 2227 2182 2294 Quemadmodum

634 2333 731 2373 ceu
758 2318 810 2372 in
836 2320 1018 2373 varios
1068 2318 1289 2373 ordines
1330 2318 1606 2373 distribuit
1660 2318 1955 2385 auditores,
2013 2320 2084 2373 ita
2132 2328 2185 2373 et

632 2413 931 2467 doctrinam
976 2426 1130 2466 suam
1164 2410 1216 2464 in
1252 2410 1443 2465 modos
1483 2410 1769 2481 distinguit
1793 2412 1993 2465 varios.
2041 2409 2184 2464 Cho-

630 2520 726 2558 rus
749 2513 927 2558 autem
955 2503 1285 2574 apostolicus
1312 2512 1392 2557 est
1427 2503 1519 2572 qui
1553 2505 1665 2557 haec
1708 2504 1970 2572 loquitur,
2007 2510 2061 2556 et
2088 2503 2181 2573 qui

631 2595 806 2648 inore
833 2593 1109 2649 Christum
1163 2594 1345 2660 habet,
1397 2596 1489 2663 qui
1533 2602 1617 2649 est
1660 2596 1923 2664 sapientia
1981 2594 2180 2650 Patris.

632 2682 825 2754 Utpote
862 2684 1023 2755 igitur
1045 2681 1320 2737 Christum
1344 2683 1396 2737 in
1423 2699 1516 2739 ore
1539 2682 1791 2749 ferentes,
1818 2693 1871 2741 et
1893 2700 2017 2741 eum
2040 2703 2182 2743 sem-

627 2793 722 2846 per
748 2784 927 2831 mente
965 2782 1245 2831 versantes
1288 2775 1695 2844 intelligentiam
1737 2776 2073 2831 obtinebant.
2104 2777 2179 2832 Ita

628 2878 808 2925 autem
840 2884 990 2924 mens
1018 2883 1205 2923 eorum
1232 2868 1297 2922 ad
1326 2868 1728 2938 intelligentiam
1755 2878 1910 2921 acuta
1935 2877 1989 2922 et
2022 2884 2182 2938 expe-

627 2964 737 3016 dita
764 2970 898 3027 erat,
930 2969 989 3015 ut
1015 2962 1175 3015 etiam
1213 2959 1498 3028 parabolas
1527 2957 1823 3013 Salvatoris
1854 2959 1906 3013 in
1936 2958 2182 3031 Evange-

628 3056 717 3110 liis
744 3053 1041 3122 descriptas
1071 3052 1449 3121 intelligerent.
1478 3050 1836 3116 Quamobrem
1879 3067 2000 3107 cum
2033 3054 2177 3109 diee-

629 3155 711 3200 ret
734 3144 983 3199 Christus
1021 3144 1066 3176 ”
1096 3160 1111 3198 :
1152 3142 1497 3198 Intellexistis
1531 3142 1638 3196 hac
1682 3144 1899 3196 omnia?
1929 3146 2180 3200 dicebant

627 3241 676 3295 ei
709 3259 723 3295 :
762 3237 960 3294 Etiam.

699 3330 752 3385 5.
813 3328 1090 3383 Inclinabo
1137 3330 1191 3380 in
1238 3326 1545 3396 parabolam
1591 3342 1771 3380 aurem
1827 3342 2012 3380 meam.
2069 3325 2182 3397 Ego

627 3422 872 3493 quidem,
900 3422 993 3485 ait,
1022 3428 1307 3489 postquam
1356 3426 1587 3472 mentem
1630 3432 1803 3471 meam
1837 3419 1956 3473 aeui
1998 3419 2062 3473 ad
2095 3420 2181 3473 ἰιι-

629 3510 980 3581 telligentiam
1030 3507 1412 3579 parabolarum
1471 3505 1787 3572 Salvatoris,
1838 3508 1890 3559 in
1923 3508 1988 3562 iis
2034 3522 2186 3562 com-

627 3603 949 3674 prehensam
977 3601 1295 3656 sententiam
1336 3593 1550 3667 assequi
1586 3600 1757 3667 potui.
1792 3597 1860 3653 lis
1886 3609 2063 3654 autem
2093 3599 2183 3669 qui

627 3694 683 3749 id
722 3707 881 3763 agere
908 3693 979 3746 ob
1023 3690 1303 3744 infantiam
1338 3705 1441 3743 non
1472 3688 1652 3742 valent
1691 3690 1930 3759 aperiam
1967 3706 2030 3745 ea
2064 3706 2184 3760 qua-

628 3784 811 3841 clausa
840 3791 996 3849 sunt,
1030 3791 1083 3837 et
1133 3782 1462 3852 problemata
1509 3780 1792 3849 explicabo
1843 3790 2003 3849 atque
2037 3798 2188 3850 para-

627 3878 799 3933 bolas.
874 3875 999 3930 Hiec
1057 3883 1234 3931 autem
1296 3890 1391 3944 per
1448 3874 1762 3941 psalterium
1824 3874 1937 3928 sive
1990 3888 2186 3944 corpus

628 3988 808 4026 meum
847 3968 1094 4030 eﬂiciam,
1142 3967 1284 4036 quod
1317 3966 1471 4035 quasi
1520 3980 1779 4034 organum
1846 3973 2081 4029 resonat,
2134 3976 2188 4021 et

627 4077 740 4130 quo
782 4060 960 4115 anima
1008 4073 1126 4113 mea
1170 4058 1236 4111 ad
1293 4059 1552 4128 hymnum
1609 4057 1835 4112 vertitur
1892 4060 2183 4112 concinen-

631 4156 780 4219 dum,
808 4165 904 4222 per
930 4150 1175 4220 singulos
1213 4164 1427 4212 sensus,
1456 4147 1698 4202 membra
1723 4155 2012 4217 partesque
2043 4148 2185 4216 peri-

631 4247 839 4301 tissime
872 4250 1038 4297 mota.

700 4337 754 4391 6.
813 4336 921 4390 Cur
954 4332 1140 4388 timebo
1168 4332 1221 4384 in
1252 4332 1334 4384 die
1379 4331 1562 4383 mala?
1592 4328 1728 4384 llinc
1768 4332 2003 4398 orditur,
2036 4344 2187 4401 post-

629 4443 793 4499 quam
827 4427 1057 4496 priorem
1101 4424 1362 4478 doctrinae
1396 4431 1603 4492 partem
1667 4437 1764 4477 ceu
1816 4422 1869 4476 in
1919 4427 2186 4493 prommio

2294 1989 2407 2041 μως
2442 1971 2883 2042 πολιτευομένους
2903 1990 2915 2002 ·
2946 1974 3093 2035 υἱοὺς
3124 1973 3179 2025 δὲ
3215 1970 3512 2043 ἀνθρώπων
3542 1973 3669 2036 τοὺς
3710 1978 3847 2045 ἡμε-

2292 2062 2532 2132 ρωτέραν
2577 2062 2847 2115 πολιτείαν
2899 2065 3345 2135 μετερχομένους,
3378 2064 3470 2118 καὶ
3502 2064 3684 2134 νόμοις
3717 2065 3849 2119 διοι-

2290 2155 2602 2223 κουμένους.

2364 2243 2433 2297 T6
2454 2246 2644 2313 στόμα
2661 2262 2781 2313 μου
2800 2246 3059 2313 λαλήσει
3087 2248 3331 2315 σοφίαν.
3360 2248 3567 2321 ’Ὠσπερ
3603 2251 3684 2313 εἰς
3715 2251 3848 2319 τάγ-

2291 2349 2433 2401 ματα
2467 2336 2690 2389 πλεῖστα
2720 2337 2846 2399 τοὺς
2865 2337 3138 2409 ἀκροατὰς
3169 2338 3381 2405 διεῖλεν,
3426 2339 3595 2403 οὕτως
3626 2343 3719 2395 καὶ
3746 2342 3848 2414 τὴν

2289 2424 2449 2476 αὐτοῦ
2478 2426 2822 2480 διδασκαλίαν
2866 2430 2944 2491 εἰς
2978 2430 3210 2501 τρόπους
3255 2430 3503 2501 ἀφορίζει
3533 2432 3843 2505 διαφόρους.

2300 2516 2357 2568 '0
2392 2516 2546 2587 χορὸς
2572 2516 2627 2569 δέ
2657 2519 2801 2572 ἐστιν
2828 2520 2856 2571 6
2889 2518 3237 2585 ἀποστολικὸς
3267 2522 3295 2574 6
3340 2520 3511 2574 ταῦτα
3542 2522 3848 2593 φθεγγόμε-

2288 2626 2395 2672 νος,
2421 2608 2512 2661 καὶ
2536 2608 2625 2661 ἐπὶ
2661 2611 2923 2679 στόματος
2947 2613 3126 2682 φέρων
3158 2612 3245 2665 τὸν
3268 2613 3517 2684 Χριστὸν,
3549 2614 3607 2677 ὃς
3640 2615 3787 2667 ἐστιν
3811 2616 3847 2685 ἡ

2290 2699 2448 2767 σοφία
2473 2699 2565 2752 τοῦ
2594 2700 2825 2770 Πατρός.
2856 2701 2981 2753 "Are
3006 2702 3069 2772 δὴ
3095 2698 3186 2755 οῦν
3209 2702 3297 2754 τὸν
3327 2704 3368 2754 Χ
3379 2703 3556 2773 ριστὸν
3604 2705 3696 2756 ἐπὶ
3727 2704 3850 2756 στό-

2290 2808 2456 2860 ματος
2484 2790 2757 2860 φέροντες,
2792 2792 2884 2843 καὶ
2916 2791 3099 2845 τοῦτον
3126 2794 3201 2855 εἰς
3231 2793 3354 2846 νοῦν
3390 2795 3477 2847 ἀεὶ
3512 2794 3849 2864 ἐκμελετῶν-

2286 2898 2396 2943 τες,
2444 2880 2654 2934 σύνεσιν
2708 2878 2871 2952 εἶχον.
2933 2882 3086 2936 Οὕτω
3114 2884 3168 2936 δὲ
3224 2884 3400 2937 αὐτῶν
3440 2885 3671 2955 ἡκόνητο
3709 2888 3847 2956 πρὸς

2289 2970 2500 3024 σύνεσιν
2524 2974 2552 3024 6
2581 2971 2722 3035 νοῦς,
2750 2972 2824 3035 ὡς
2852 2973 2946 3025 καὶ
2978 2973 3075 3037 τὰς
3114 2973 3425 3045 παραϐολὰς
3468 2974 3560 3027 τοῦ
3592 2976 3744 3046 Σωτῆ
3756 2993 3848 3047 ρος

2286 3063 2382 3126 τάς
2413 3064 2469 3115 ἐν
2498 3067 2608 3127 τοῖς
2632 3064 2981 3132 Εὑαγγελίοις
3013 3066 3315 3135 φερομένας
3344 3067 3595 3119 συνιέναι.
3642 3068 3732 3119 Διὸ
3758 3067 3848 3120 λέ-

2286 3169 2472 3220 γοντος
2487 3153 2667 3216 αὐτοῖς
2689 3153 2780 3205 τοῦ
2798 3153 3031 3225 Χριστοῦ
3048 3171 3060 3184 ο
3084 3155 3393 3220 Συνήκατε
3411 3156 3595 3210 ταῦτα
3614 3156 3846 3220 πάντα;

2285 3244 2466 3313 ἔλεγον
2494 3244 2643 3315 αὐτῷ
2661 3262 2675 3277 ·
2705 3247 2834 3299 Ναί.

2357 3336 2549 3391 Kltch
2591 3340 2676 3403 εἰς
2706 3338 3053 3407 παραϐολὴν
3097 3339 3162 3392 τὸ
3208 3335 3318 3405 οὖς
3343 3358 3482 3407 μου.
3546 3340 3687 3408 Ἐγὼ
3722 3342 3845 3412 μὲν,

2286 3430 2468 3498 φησὶν,
2506 3431 2776 3498 ἀκονήσας
2827 3429 2917 3481 τὸν
2949 3431 3183 3500 ἐμαυτοῦ
3219 3431 3341 3483 νοῦν
3370 3434 3448 3493 εἰς
3482 3432 3695 3484 σύνεσιν
3734 3432 3849 3486 τῶν

2287 3518 2565 3587 σωτηρίων
2599 3517 2940 3587 παραϐολῶν,
2963 3518 3256 3589 δεδύνημαι
3297 3519 3723 3590 ἐπακολουθῆσαι
3773 3526 3846 3592 τῇ

2286 3609 2558 3681 φερομένῃ
2593 3610 2772 3672 αὐτοῖς
2800 3610 3007 3681 διανοίᾳ
3028 3624 3041 3639 ⁶
3066 3612 3179 3673 τοῖς
3213 3611 3268 3663 δέ
3303 3612 3375 3683 μὴ
3402 3611 3557 3665 τοῦτο
3586 3613 3849 3683 πράττειν

2284 3700 2599 3771 δυναμένοις
2621 3700 2707 3754 διὰ
2728 3702 3023 3773 νηπιότητα
3049 3702 3241 3769 ἀνοίξω
3259 3703 3329 3757 τὰ
3356 3704 3731 3775 κεκλεισμένα,
3750 3707 3848 3758 καὶ

2285 3792 2603 3864 διασαφήσω
2624 3794 2690 3847 τά
2724 3796 3081 3865 προϐλήματα
3113 3797 3205 3848 καὶ
3236 3794 3334 3858 τὰς
3365 3795 3693 3867 παραϐολάς.
3735 3798 3849 3849 Καὶ

2283 3883 2459 3937 ταῦτα
2479 3885 2667 3953 πράξω
2700 3885 2789 3937 διὰ
2815 3885 2906 3937 τοῦ
2930 3886 3164 3956 ἐμαυτοῦ
3186 3886 3502 3958 ψαλτηρίου,
3536 3888 3627 3941 τοῦ
3659 3888 3849 3958 σώμα-

2284 3993 2373 4039 τος
2400 3975 2621 4047 δηλαδὴ,
2664 3976 2892 4047 ὀργάνου
2940 3977 3093 4049 δίκην
3132 3979 3489 4049 ἐπηχοῦντος.
3518 3981 3583 4034 δι’
3611 3976 3672 4035 οὗ
3705 3983 3847 4053 πρὸς

2287 4069 2452 4137 ὕμνον
2481 4070 2737 4142 τρέπεται
2770 4069 2990 4143 ἡψυχὴ,
3026 4072 3092 4124 δι’
3120 4072 3347 4125 ἑκάστου
3380 4074 3731 4145 αἰσθητηρίου
3748 4074 3848 4128 καὶ

2288 4162 2479 4231 μέλους
2518 4162 2609 4214 καὶ
2635 4162 2832 4233 μέρους
2872 4164 3244 4233 ἐπιστημόνως
3279 4166 3586 4235 κινουμένη.

2355 4339 2478 4392 Ἵνα
2498 4338 2553 4390 τί
2587 4337 2875 4406 φοϐοῦμαι
2914 4338 2983 4390 ἐν
3018 4338 3205 4407 ἡμέρᾳ
3252 4340 3518 4408 πονηρᾷ;
3565 4341 3848 4398 Ἐντεῦθεν

2288 4429 2535 4499 ἄρχεται,
2564 4428 2661 4496 τῆς
2686 4426 3031 4490 διδασκαλίας
3057 4428 3125 4480 τὰ
3148 4428 3335 4499 πρῶτα
3356 4429 3430 4491 ὡς
3452 4431 3507 4481 ἐν
3540 4431 3847 4499 προοιμίοις

627 4519 901 4591 expendit.
962 4516 1184 4570 Orditur
1218 4524 1397 4569 autem
1448 4529 1544 4583 per
1588 4514 2085 4585 interrogationem,
2126 4526 2185 4571 ut

2288 4520 2630 4590 διαλαλήσας.
2671 4520 2927 4588 Ἀρχεται
2952 4519 3009 4570 δὲ
3035 4521 3152 4572 κατ’
3178 4519 3463 4591 ἐρώτησιν,
3490 4521 3574 4572 ἴνα
3592 4522 3680 4573 καὶ
3709 4522 3849 4574 ἀπό-

630 4608 1038 4681 responsionem
1086 4606 1331 4675 accipiat.
1382 4603 1506 4658 Hzec
1536 4614 1714 4659 autem
1763 4616 1847 4661 est
1882 4607 2181 4679 interroga-

629 4706 728 4758 tio.
769 4701 878 4757 Cur
912 4700 1143 4753 timebo?
1169 4713 1293 4752 nam
1328 4697 1392 4752 ad
1429 4712 1616 4752 vocem
1658 4698 1866 4763 timebo,
1904 4700 2182 4770 interpun-

628 4794 883 4864 gendum,
913 4801 974 4845 ut
998 4790 1184 4847 isthmc
1224 4789 1291 4843 sit
1314 4790 1598 4845 sententia.
1629 4788 1686 4843 Si
1716 4790 1838 4859 quis
1862 4790 2179 4860 interrogat,

628 4886 839 4956 inquit,
871 4884 979 4942 Cur
1010 4882 1197 4937 timebo
1228 4884 1252 4937 Ρ
1284 4882 1470 4936 volens
1507 4898 1538 4937 a
1573 4898 1660 4937 me
1688 4899 1907 4938 causam
1940 4885 2182 4938 ediscere

629 4979 745 5047 ejus
773 4992 881 5046 qua
929 4990 1165 5044 oceupor
1209 4972 1532 5041 aﬂlietionis,
1556 4989 1677 5029 cum
1714 4974 1909 5029 ﬁducia
1954 4975 2179 5043 audiat,

627 5083 750 5125 esse
781 5069 1012 5138 aliquam
1061 5066 1202 5120 diem
1254 5068 1477 5132 malam,
1510 5081 1674 5135 quam
1714 5081 1814 5136 ego
1859 5075 2005 5121 metu
2056 5084 2179 5137 per-

628 5162 814 5215 culsus
844 5160 1187 5214 exhorresce.
1219 5157 1558 5212 Exhorresco
1590 5167 1791 5220 autem,
1837 5159 2097 5226 quoniam
2126 5158 2179 5212 in

630 5252 718 5305 illa
744 5252 831 5307 die
867 5250 1116 5319 iniquitas
1164 5251 1399 5304 calcanPi
1431 5251 1529 5303 mei
1586 5249 1930 5303 circumdabit
1981 5267 2079 5314 me,
2128 5250 2179 5305 id

626 5356 710 5398 est
764 5343 995 5398 deﬂexio
1049 5358 1078 5396 a
1132 5343 1307 5396 divina
1348 5343 1455 5406 via,
1494 5358 1597 5412 qua
1653 5358 1747 5412 per
1800 5343 2025 5411 hujusce
2060 5344 2180 5398 vitae

627 5436 1033 5489 distractionem
1082 5443 1135 5488 et
1178 5433 1467 5500 fallaciam,
1518 5433 1753 5487 divinam
1785 5433 1954 5502 legem
2006 5444 2181 5489 trans-

628 5543 847 5595 gressus
884 5543 1025 5581 sum.
1060 5524 1248 5581 lsthmc
1298 5526 1459 5594 igitur
1514 5526 1783 5593 impietas,
1838 5526 2032 5595 inquit,
2070 5528 2174 5581 eir-

629 5618 901 5674 rumdabit
923 5617 1219 5688 me;quasi
1248 5617 1391 5672 dicat
1424 5636 1438 5671 :
1466 5618 1877 5673 (lircumsistent
1915 5635 2000 5674 me
2042 5621 2179 5678 mala

751 5802 791 5833 "'
831 5801 1012 5855 Matth.
1050 5818 1161 5865 xm,
1203 5801 1288 5855 5|.

2290 4628 2469 4682 κρισιν
2516 4609 2686 4663 λάϐοι.
2744 4611 2809 4661 Ἡ
2845 4609 2899 4661 δέ
2929 4608 3193 4680 ἐρώτησίς
3224 4613 3367 4664 ἐστιν
3404 4612 3541 4683 αῦτη
3564 4628 3577 4641 ·
3619 4614 3753 4667 Ἵνα
3784 4616 3846 4667 τί

2290 4702 2578 4771 φοϐοῦμαι
2605 4718 2623 4765 ;
2648 4701 2808 4772 μέχρι
2847 4701 2953 4772 γὰρ
2980 4701 3072 4753 τοῦ
3104 4702 3390 4771 φοϐοῦμαι
3422 4703 3500 4755 δεῖ
3530 4703 3723 4769 στίξαι,
3755 4706 3843 4757 ἴνα

2287 4791 2320 4867 ᾖ
2350 4796 2383 4863 ή
2410 4794 2613 4846 διάνοια
2635 4792 2771 4863 αὓτη
2841 4792 2907 4845 Εἴ
2934 4810 3016 4854 τις
3042 4795 3253 4863 ἐρωτᾷ,ο
3277 4794 3457 4863 φησὶν,
3491 4794 3622 4847 Ἵνα
3648 4795 3704 4845 τί
3732 4812 3842 4862 φο-

2288 4884 2535 4953 ϐοῦμαι;
2575 4884 2672 4953 τὴν
2731 4884 2907 4935 αἰτίαν
2951 4882 3117 4936 θέλων
3167 4884 3364 4952 γνῶναι
3405 4886 3534 4954 παρ’
3564 4883 3696 4953 ἐμοῦ
3745 4885 3845 4955 τῆς

2290 4976 2617 5047 συνεχούσης
2645 4994 2714 5045 με
2751 4976 3007 5044 ἀγωνίας,
3044 4976 3282 5029 ἀκουέτω
3315 4977 3450 5047 μετά
3499 4976 3842 5046 παρρησίας,

2288 5068 2361 5131 ὡς
2394 5068 2539 5120 ἔστιν
2568 5067 2747 5138 ἡμέρα
2768 5069 2997 5137 πονηρά,
3026 5070 3090 5137 ἢν
3109 5068 3269 5130 αὐτὸς
3296 5068 3530 5137 φρίττων
3551 5067 3839 5137 φοϐοῦμαι.

2286 5161 2496 5231 Φρίττω
2538 5161 2615 5223 δὲ,
2664 5161 2744 5213 ὅτι
2779 5161 2834 5211 ἐν
2889 5161 3072 5232 ἐκείνῃ
3124 5163 3188 5229 τῇ
3220 5160 3399 5229 ἡμέρα
3432 5162 3469 5227 ἡ
3493 5160 3707 5227 ἀνομία
3734 5159 3845 5226 τῆς

2288 5252 2543 5321 πτέρνης
2565 5272 2681 5321 μου
2708 5250 3003 5307 κυκλώσει
3018 5269 3111 5321 με,
3130 5250 3399 5304 τουτέστιν
3426 5253 3458 5322 ἡ
3487 5252 3845 5322 παρεκτροπὴ

2288 5347 2385 5415 τῆς
2418 5346 2562 5407 θείας
2586 5345 2727 5408 ὁδοῦ,
2760 5346 2824 5415 ἡν
2856 5345 3154 5415 πεποίημαι
3185 5344 3321 5396 κατά
3366 5346 3453 5396 τὸν
3506 5345 3638 5414 βίον,
3689 5361 3846 5412 περι-

2290 5437 2522 5507 σπασμῷ
2550 5438 2640 5489 καὶ
2673 5437 2855 5507 ἀπάτῃ
2891 5438 2981 5490 τὸν
3006 5436 3142 5489 θεῖον
3170 5435 3419 5503 παραϐὰς
3472 5437 3651 5504 νόμον.
3694 5433 3843 5503 Αὕτη

2287 5528 2377 5584 οὖν
2410 5534 2442 5602 ἡ
2467 5530 2686 5583 ἀσέϐεια
2717 5528 2981 5582 κυκλώσει
3018 5547 3104 5599 με,
3134 5528 3294 5597 φησίν
3314 5545 3325 5557 ·
3350 5528 3467 5580 ἀντὶ
3506 5524 3599 5577 τοῦ
3622 5568 3635 5591 ,
3674 5526 3841 5595 Περι-

2293 5622 2543 5695 στήσεταί
2577 5641 2640 5693 με
2680 5622 2747 5677 τὰ
2796 5622 2929 5692 ἔργα
2974 5622 3041 5675 τὰ
3072 5622 3280 5691 πονηρὰ
3334 5621 3368 5673 ἃ
3424 5619 3702 5690 πέπραχά,
3751 5635 3843 5671 κυ-
