4034 6444
173 404 279 459 225
1313 385 1671 443 EXPOSITIO
1708 384 1773 439 IN
1815 383 2145 440 PSALMUM
2184 383 2407 437 XLVIII.
3270 374 3376 433 226

172 512 407 570 κλοῦντά
430 528 496 583 με
516 505 785 577 πανταχοῦ
806 504 898 558 καὶ
926 498 1333 571 πολιορκοῦντα,
1358 504 1450 555 καὶ
1472 505 1545 573 μὴ
1556 500 1726 554 ἰῶντά
1755 556 1757 564 Α

1855 515 1990 569 .pera
2020 514 2138 568 qua:
2173 498 2293 559 feci,
2328 511 2521 565 niequc
2552 494 2788 563 undique
2822 491 3135 547 conclusum
3164 490 3380 545 obside—

176 623 241 676 με
264 605 363 675 τὴν
396 582 613 654 κόλασιν
642 598 913 665 ἐκφυγεῖν.
950 593 1196 664 Πονηράν
1241 593 1339 663 τὴν
1361 593 1459 662 τῆς
1500 592 1731 662 κρίσεως

1855 602 1985 657 iunt,
2020 606 2119 645 nec
2172 592 2349 645 sinent
2386 605 2471 642 me
2512 586 2833 655 supplicium
2880 584 3135 653 ell‘ugere.
3186 582 3380 636 Malam

172 672 387 766 ἡμέραν
421 692 583 763 φησὶν
607 730 620 751 ,
670 689 762 741 ἆτε
815 687 877 756 δὴ
915 686 1156 756 πονηρὰν
1202 688 1314 746 τοῖς
1357 685 1734 754 κολαζομένοις

1855 682 2169 751 ποι-οῇιιόίεἰί
2201 682 2341 734 diem
2374 679 2624 749 appellat,
2664 687 2721 731 ut
2762 692 2883 744 quze
2931 676 3199 744 supplicio
3248 672 3380 728 aﬂ‘e-

176 787 541 857 ύπάρχουσαν.
586 781 643 832 '0
666 780 721 832 δὲ
762 778 1074 838 Ἀπόστολος
1098 778 1189 828 καὶ
1218 776 1427 845 ἡμέραν
1446 774 1544 843 τῆς
1570 775 1734 844 ὀργῆς

175 879 346 947 αὐτὴν
373 874 646 935 ἐκάλεσεν,
683 867 942 940 εἰρηκώς·
978 866 1358 935 Θησαυρίζεις
1390 864 1621 930 σεαυτῷ
1643 866 1735 932 ὀρ-

177 968 293 1037 γὴν
331 967 402 1019 ἐν
428 965 615 1034 ἡμέρᾳ
636 960 835 1030 ὀργῆς·

252 1060 317 1110 Ol
340 1056 685 1119 πεποιθότες
717 1053 811 1104 ἐπὶ
833 1050 908 1117 τῇ
932 1050 1178 1120 δυνάμει
1210 1048 1426 1103 αὐτῶν.
1467 1049 1596 1102 Ἀπὸ
1626 1066 1737 1102 κοι-

181 1148 274 1201 νοῦ
306 1149 388 1214 τὸ,
426 1146 711 1199 Ἀκούσατε
736 1141 906 1197 ταῦτα
934 1144 984 1194 οἰ
1019 1144 1109 1194 ἐπὶ
1126 1141 1338 1210 πλούτῳ
1364 1142 1456 1194 καὶ
1495 1144 1559 1210 τῇ
1585 1140 1739 1193 δυνά-

186 1258 275 1311 μει
315 1238 660 1310 θαρροῦντες.
701 1236 831 1287 Τίνα
858 1235 913 1287 δέ
938 1236 1083 1285 ἐστιν
1113 1233 1149 1287 ἀ
1188 1233 1489 1303 ὀφείλουσιν
1526 1232 1738 1284 ἀκούειν

182 1331 217 1399 ἦ
248 1332 451 1391 ἐκεῖνα,
474 1327 548 1391 ὼς
575 1325 696 1379 οὐδὲ
721 1326 912 1387 αὐτοὺς
953 1325 1070 1376 κατ’
1105 1324 1316 1394 ἐκείνην
1350 1322 1449 1393 τὴν
1475 1322 1682 1392 ἡμέραν
1712 1322 1741 1371 ὁ

187 1416 417 1479 πλοῦτος
443 1416 654 1486 ὀνήσει;
701 1414 864 1467 Οὐδὲν
897 1413 1003 1484 γὰρ
1042 1412 1371 1484 λυτρώσεται
1420 1412 1615 1473 αὐτοὺς
1645 1411 1742 1479 τῆς

188 1506 635 1578 ὲπαχθησομένης
683 1506 862 1566 αὐτοῖς
919 1503 1007 1556 διά
1059 1504 1156 1573 τῆς
1208 1504 1478 1573 ἁμαρτίας
1534 1504 1742 1572 ὀργῆς.

190 1600 379 1671 ὥσπερ
410 1595 502 1652 οὖν
529 1598 648 1650 οὐδὲ
665 1598 908 1666 ἀδελφὸς,
935 1597 1065 1667 φέρε
1092 1598 1283 1661 εἰπεῖν,
1324 1594 1593 1665 θεοφιλὴς,
1625 1593 1745 1646 οὗτε

189 1694 347 1757 ἄλλος
372 1710 455 1753 τις
487 1689 784 1761 ἀνθρώπων
813 1688 982 1758 ἰσχύει
1014 1684 1387 1757 λυτρώσασθαι
1428 1688 1487 1738 ὲν
1528 1688 1590 1755 τῇ
1625 1685 1745 1736 τότε

1833 776 1934 829 ctis
1960 774 2075 828 dira
2110 782 2165 827 et
2188 773 2366 842 gravis
2395 771 2574 825 futura
2612 770 2700 825 sit.
2732 770 3025 838 Apostolus
3052 777 3232 820 autem
3260 780 3382 820 eam

1834 866 1928 921 iraa
1970 867 2111 919 dicm
2158 864 2389 927 vocavit,
2436 878 2558 917 cum
2595 860 2728 917 dixit
2761 863 2802 891 ³⁹
2841 880 2851 913 ;
2889 860 3234 913 Thesaurizas
3289 857 3385 910 tibi

1836 958 1970 1009 iram
1995 958 2048 1008 in
2080 957 2162 1008 die
2197 956 2309 1009 irae.

1908 1047 1957 1099 7.
2014 1045 2117 1111 Qui
2151 1046 2416 1114 conﬁdunt
2454 1046 2507 1097 in
2556 1044 2741 1096 virtute
2772 1057 2889 1095 sua.
2940 1039 3105 1105 Quasi
3156 1040 3208 1092 in
3237 1052 3387 1091 com-

1838 1152 2000 1192 mune
2038 1140 2111 1191 ait
2141 1137 2268 1189 illud
2297 1154 2307 1187 :
2332 1135 2523 1188 Audite
2565 1134 2676 1186 huic
2707 1146 2895 1185 omnes
2932 1130 3023 1199 qui
3090 1128 3145 1181 in
3185 1127 3389 1181 divitiis

1838 1241 1892 1286 et
1935 1230 1990 1284 in
2038 1230 2231 1282 virtute
2283 1226 2570 1280 conﬁditis.
2626 1222 2881 1290 Qumnam
2941 1232 3119 1275 autem
3170 1221 3393 1273 audiant

1840 1328 2068 1388 oportet,
2108 1318 2210 1371 nisi
2250 1318 2361 1383 illa,
2396 1316 2539 1385 quod
2573 1316 2779 1369 scilicet
2809 1314 2943 1367 nihil
2990 1313 3098 1366 illis
3142 1311 3392 1365 utilitatis

1842 1412 1897 1466 in
1925 1412 2013 1464 illa
2051 1410 2138 1463 die
2162 1408 2359 1462 divitiae
2387 1410 2495 1461 sint
2527 1405 2813 1461 allatura?
2847 1402 3034 1473 Neque
3065 1404 3214 1457 enim
3247 1401 3392 1456 redi-

1844 1510 1953 1557 met
1974 1517 2068 1555 eos
2102 1500 2170 1554 ab
2202 1500 2278 1553 ira
2312 1509 2365 1552 et
2394 1496 2631 1550 vindicta
2666 1498 2736 1573 ob
2764 1504 3045 1566 peccatum
3091 1494 3223 1563 ipsis
3251 1491 3395 1547 inlli-

1844 1594 2034 1664 genda.
2080 1592 2266 1660 Itaque
2326 1604 2392 1643 ne
2449 1587 2614 1642 frater
2666 1588 2905 1654 quidem,
2965 1597 3024 1642 ut
3071 1587 3143 1641 ita
3192 1586 3393 1651 dicam,

1845 1682 2057 1736 etiamsi
2088 1681 2374 1750 religiosus
2400 1679 2491 1741 sit,
2533 1693 2706 1747 neque
2737 1677 2876 1731 alius
2905 1677 3172 1746 quispiam
3218 1675 3395 1730 homi-

189 1786 376 1855 ὅ»μέρᾳ
400 1784 520 1837 τινά
542 1801 555 1813 ·
590 1784 682 1837 καὶ
702 1785 749 1835 εἰ
781 1783 809 1834 ὁ
836 1781 1058 1849 ἀδελφὸς
1087 1780 1185 1832 οὐκ
1218 1780 1407 1849 ἰσχύει,
1458 1778 1551 1831 καὶ
1578 1777 1747 1830 ταῦτα

1855 1792 1977 1831 num
2012 1776 2064 1827 in
2090 1773 2178 1827 illa
2213 1773 2297 1827 die
2326 1785 2654 1841 quemquam
2695 1770 2889 1839 poterit
2919 1768 3201 1822 redimere.
3239 1764 3397 1831 Quod

191 1876 467 1947 θεοφιλὴς,
495 1874 669 1943 πολλῷ
706 1872 861 1926 πλέον
882 1874 979 1925 οὐκ
1006 1870 1211 1941 ἰσχύσει
1245 1873 1272 1923 ὁ
1294 1870 1539 1931 πλοῦτος.

266 2080 288 2116 ι
321 2053 365 2098 0
392 2044 650 2111 ασελςρὸς
684 2046 754 2096 οὐ
787 2042 1105 2111 λυτροῦται
1124 2058 1137 2072 ·
1156 2042 1379 2111 ἀδελφὸν
1414 2042 1634 2112 θεοφιλῆ
1660 2041 1751 2094 λέ·-

190 2155 279 2206 γει
308 2138 401 2189 καὶ
424 2133 649 2205 τίμιον.]

262 2228 374 2281 Καὶ
397 2226 510 2294 τὴν
534 2226 708 2295 τιμὴν
730 2224 839 2293 τῆς
858 2226 1207 2293 λυτρώσεως
1247 2223 1357 2293 τῆς
1400 2223 1607 2293 ψυχῆς
1648 2226 1752 2277 αὐ·

192 2322 323 2376 τοῦ.
364 2320 606 2384 Διδάξας,
638 2320 711 2382 ῶς
740 2318 885 2372 οὐδὲν
914 2322 942 2371 ὁ
969 2317 1193 2381 πλοῦτος
1230 2319 1287 2372 ὲν
1311 2317 1492 2387 ἡμέρᾳ.
1523 2317 1754 2387 κρίσεως

194 2414 417 2481 ὠφελεῖ,
446 2412 682 2465 διδάσκει
712 2412 805 2465 καὶ
824 2411 886 2463 τὸ
911 2410 1170 2479 ὠφελοῦν.
1221 2410 1285 2461 Τί
1328 2400 1384 2461 δέ
1430 2408 1586 2461 τοῦτο
1614 2406 1646 2478 ἢ
1670 2406 1753 2460 ’τὸ

196 2506 431 2573 ἔγκοπον
453 2506 544 2557 καὶ
574 2503 824 2556 ἐπίπονον
852 2501 963 2572 βίον
988 2502 1287 2572 κτήσασθαι
1313 2518 1326 2566 ;
1349 2496 1506 2555 Οὗτοι
1530 2500 1636 2571 γάρ
1661 2500 1753 2553 καὶ⁹

198 2596 299 2664 τῆς
349 2594 756 2664 ἐπηγγελμένης
802 2593 943 2663 ζωῆς
984 2592 1122 2647 κατά
1146 2593 1238 2646 τὸν
1282 2592 1538 2663 μέλλοντα
1585 2592 1755 2645 αἰῶνα

199 2684 612 2754 αξιωθήσονται.
651 2686 709 2737 '0
736 2685 939 2743 κοπιῶν
965 2684 1053 2737 διὰ
1083 2685 1181 2755 τῆς
1206 2684 1513 2756 πρακτικῆς
1535 2684 1754 2754 ζήσεται

199 2778 284 2840 εἰς
313 2776 465 2840 τέλος
508 2776 594 2829 διά
640 2778 736 2846 τῆς
784 2774 1052 2843 γνώσεως,
1109 2778 1202 2828 καὶ
1231 2774 1495 2829 παύσεται
1540 2777 1619 2837 εἰς
1666 2774 1756 2827 τὸν

200 2867 395 2930 αἰῶνα,
443 2869 535 2919 καὶ
581 2866 799 2936 ζήσεται
851 2868 928 2929 εἰς
959 2870 1123 2929 νῖκος.
1157 2866 1267 2919 Kal
1307 2867 1629 2920 ἐκοπίασεν
1670 2868 1758 2932 εὶς

198 2958 312 3010 τὸν
335 2956 537 3021 αἰῶνα,
564 2958 659 3010 καὶ
692 2950 926 3022 ζήσεται
953 2959 1039 3022 εὶς
1064 2957 1255 3022 τέλος.

279 3049 399 3100 Οὐκ
426 3047 630 3115 ὄψεται
652 3048 1044 3116 καταφθορὰν,
1066 3045 1211 3099 ὅταν
1243 3045 1341 3115 ἴδῃ
1370 3046 1596 3115 σοφοὺς
1614 3048 1759 3101 ἁπο-

1777 1846 1820 1900 B
1849 1868 1893 1920 si
1929 1881 1993 1919 ne
2035 1863 2201 1917 frater
2230 1861 2446 1929 quidem
2488 1858 2678 1926 possit,
2728 1858 2828 1912 etsi
2872 1857 3175 1927 religiosus,
3225 1854 3398 1909 multo

1849 1956 2029 2010 minus
2059 1960 2309 2021 poterunt
2339 1948 2559 2003 divitiae.

1933 2043 2166 2116 [Frater
2201 2058 2301 2095 non
2338 2040 2565 2103 redimit,
2606 2036 2822 2091 fratrem
2856 2037 3165 2107 religiosum
3203 2047 3256 2090 et
3296 2035 3396 2089 lio-

1850 2139 2146 2193 norabilem
2173 2137 2344 2189 virum
2377 2135 2524 2189 dicit.
2558 2131 2577 2203 ]

1920 2231 1974 2284 9.
2035 2228 2102 2280 Et
2150 2228 2372 2295 pretium
2407 2225 2773 2293 redemptionis
2823 2224 3014 2276 anima
3070 2232 3199 2275 suat.
3242 2218 3402 2275 Post-

1851 2336 2012 2391 quam
2035 2321 2222 2375 docuit
2244 2318 2376 2372 nihil
2409 2316 2722 2391 prol‘uturas
2746 2316 2961 2370 divitias
2994 2314 3047 2369 in
3074 2315 3160 2368 die
3192 2312 3400 2383 judicii,

1852 2389 2007 2470 docet
2038 2413 2167 2484 quid
2208 2410 2555 2483 profuturum
2596 2389 2857 2474 sit.'Quid
2894 2418 3073 2462 autem
3111 2406 3264 2469 illud,
3297 2406 3401 2460 nisi

1854 2508 2019 2560 vitam
2067 2504 2345 2560 laboribus
2396 2503 2607 2573 plenam
2656 2499 2897 2555 ducere?
2942 2495 3032 2552 lsti
3074 2496 3219 2551 enim
3280 2510 3407 2565 pro-

1853 2598 2021 2651 missa
2049 2597 2239 2651 vitain
2290 2594 2475 2648 futuro
2505 2592 2702 2647 saeculo
2734 2588 3118 2659 dignabuntur.
3160 2584 3265 2652 Qui
3307 2598 3405 2654 per

1854 2689 2094 2743 actiones
2134 2687 2365 2749 laborat,
2402 2685 2543 2737 vivet
2578 2697 2752 2752 usque
2794 2682 2849 2735 in
2881 2681 3039 2736 linem
3078 2694 3175 2748 per
3220 2675 3406 2746 cogni-

1855 2782 2083 2845 tionem,
2113 2779 2417 2849 requiescct
2444 2777 2497 2830 in
2525 2774 2804 2840 saeculum,
2834 2774 2977 2826 vivet
3005 2771 3071 2825 ad
3100 2770 3401 2825 victoriam.

1860 2874 1926 2929 Et
1962 2873 2220 2928 laboravit
2250 2872 2301 2926 in
2330 2880 2605 2934 internum,
2636 2875 2685 2921 et
2718 2868 2846 2920 vivet
2880 2864 3050 2918 adhuc
3074 2864 3128 2917 in
3158 2863 3331 2931 finem.

1928 3068 2015 3123 10.
2073 3065 2197 3119 Non
2227 3064 2415 3118 videbit
2456 3063 2724 3115 interitum
2766 3076 2883 3113 cum
2924 3058 3109 3111 viderit
3151 3055 3406 3124 sapientes

202 3138 599 3206 θνήσκοντας.
625 3140 719 3204 Εἰς
747 3138 995 3192 τοσοῦτον
1024 3138 1132 3210 γὰρ
1168 3139 1384 3210 μακράν
1409 3138 1616 3193 ἔσονται
1650 3137 1757 3189 τῶν

1859 3158 2154 3212 morientes.
2184 3155 2260 3210 Ita
2287 3154 2448 3224 longo
2468 3152 2535 3206 ab
2558 3151 2739 3221 impiis
2770 3150 3051 3203 intervallo
3076 3147 3406 3215 separaban-

202 3229 437 3295 ἀσεϐῶν,
498 3231 573 3294 ὡς
628 3231 760 3303 μηδὲ
792 3228 1106 3302 πλησιάζειν
1163 3230 1341 3281 αὐτῶν
1373 3233 1437 3299 τῇ
1495 3229 1754 3299 ἀπωλείᾳ.

203 3322 361 3386 Τίνες
383 3323 440 3376 δὲ
473 3322 898 3394 ἀποθνήσκοντες
932 3322 1082 3389 σοφοὶ
1126 3321 1158 3391 ἡ
1204 3322 1329 3392 περὶ
1356 3314 1430 3374 ὧν
1474 3321 1718 3374 λέλεκται
1742 3338 1755 3352 ·

218 3409 440 3463 Ἀπολῶ
470 3409 584 3477 τὴν
615 3412 838 3478 σοφίαν
866 3409 980 3463 τῶν
1004 3410 1209 3479 σοφῶν
1245 3411 1340 3464 καί
1368 3410 1483 3479 τὴν
1507 3413 1763 3466 σύνεσιν

204 3499 323 3553 τῶν
350 3499 621 3554 συνετῶν
643 3500 946 3566 ἀθετήσω;
1000 3502 1245 3556 Παιδεύει
1278 3504 1386 3573 γὰρ
1417 3504 1503 3557 διὰ
1546 3504 1762 3559 πάντων

205 3595 240 3663 ἡ
268 3592 517 3663 παροῦσα
546 3593 754 3665 Γραφὴ,
783 3594 856 3659 ὼς
885 3594 1025 3648 κατά
1052 3595 1150 3666 τὴν
1174 3595 1381 3665 ἡμέραν
1402 3596 1502 3666 τῆς
1530 3596 1763 3667 κρίσεως

204 3684 330 3737 οὔτε
361 3683 613 3748 πλούσιος
642 3685 831 3738 ἑαυτὸν
881 3686 1084 3756 ῥύεται,
1136 3684 1257 3738 οὔτε
1307 3689 1335 3740 ὁ
1379 3687 1764 3757 νενομισμένος

210 3779 392 3847 σοφός.
426 3778 597 3841 Μόνος
624 3778 681 3830 δὲ
709 3780 911 3841 ἐκεῖνος
941 3777 1182 3842 τεύξεται
1228 3780 1325 3850 τῆς
1364 3780 1581 3832 αἰωνίου
1620 3778 1764 3849 ζωῆς

206 3870 236 3920 ὁ
285 3872 344 3920 ὲν
396 3867 472 3937 τῷ
504 3868 727 3938 παρόντι
778 3867 875 3939 βίῳ
922 3868 1248 3940 κατατὴξας.
1310 3869 1440 3923 Ἐπὶ
1492 3867 1559 3921 τὸ
1618 3868 1760 3921 αὐτὸ

207 3959 415 4027 ἄφρων
444 3960 539 4013 καὶ
578 3958 762 4025 ἄνους
789 3961 1171 4015 ἀπολοῦνται.
1212 3960 1374 4031 Ὀμοῦ
1405 3961 1577 4030 σοφοὶ,
1610 3960 1760 4030 φησὶ,

210 4053 305 4103 καὶ
338 4051 566 4120 ἄφρονες
593 4052 833 4122 ἀπωλείᾳ
880 4052 1336 4125 παραδοθήσονται
1360 4069 1372 4081 ·
1425 4053 1484 4104 ού
1532 4052 1764 4121 διενηνό·

209 4160 369 4211 χασιν
407 4143 515 4213 γὰρ
536 4143 773 4214 ἀλλήλων
804 4143 973 4208 οὐδὲν,
1009 4143 1204 4213 ὁμοίως
1236 4142 1760 4214 εἰδωλολατροῦντες.

209 4237 322 4289 Kal
352 4237 821 4303 καταλείψουσιν
845 4237 1180 4303 ἀλλοτρίοις
1199 4236 1303 4288 τὸν
1344 4236 1608 4288 πλοῦτον
1655 4238 1763 4289 αὺ-

208 4326 352 4381 τῶν.
388 4327 463 4380 Ού
489 4326 593 4397 γὰρ
616 4326 879 4398 ἠθέλησαν
912 4328 1074 4380 αὑτὸν
1099 4329 1292 4380 οἰκεῖον
1325 4327 1646 4398 ποιήσασθαι
1680 4327 1765 4380 διὰ

208 4419 309 4487 τῆς
342 4420 421 4481 εἰς
452 4421 575 4482 τοὺς
595 4419 877 4489 δεομένους
907 4419 1242 4490 εὐεργεσίας.

1860 3256 1968 3311 tur,
1990 3254 2249 3301 uteorum
2264 3242 2548 3314 perditioni
2575 3255 2641 3295 ne
2661 3240 2943 3294 minimum
2972 3237 3187 3306 quidem
3213 3249 3408 3305 appro—

1860 3340 2140 3411 pinquent.
2171 3336 2274 3401 Qui
2307 3344 2434 3391 sunt
2462 3344 2640 3389 autem
2679 3334 2755 3387 illi
2794 3332 3064 3401 sapientes
3093 3330 3407 3393 morientes,

1860 3433 1967 3488 nisi
1993 3431 2029 3485 ii
2053 3430 2119 3484 de
2152 3428 2349 3499 quibus
2377 3427 2577 3481 dictum
2609 3425 2652 3455 ‘°
2687 3442 2700 3477 :
2729 3423 2957 3476 Perdant
2991 3420 3304 3488 sapientiam
3324 3435 3410 3472 sa-

1861 3525 2133 3597 pientium,
2160 3530 2209 3574 et
2246 3518 2644 3589 intelligentiam
2684 3514 3077 3583 intelligentiam
3103 3508 3407 3579 despiciam.

1864 3618 2032 3673 Docet
2068 3617 2214 3670 enim
2247 3613 2447 3681 ubique
2479 3622 2715 3681 presens
2749 3606 3047 3675 Scriptura,
3074 3601 3218 3672 quod
3245 3600 3413 3655 indie

1858 3710 2070 3781 iudicii,
2105 3721 2278 3775 neque
2309 3706 2459 3759 dives
2505 3704 2741 3771 seipsqu
2780 3698 3161 3767 redempturus
3195 3694 3284 3758 sit,
3319 3707 3403 3747 ue-

1862 3819 1969 3873 que
1995 3801 2170 3870 quivis
2197 3797 2413 3867 sapiens
2444 3795 2804 3849 existimatus.
2832 3788 3010 3842 Vitam
3044 3798 3223 3842 autem
3256 3794 3408 3840 aeter-

1863 3910 1987 3950 nam
2016 3894 2062 3947 is
2092 3892 2241 3947 solus
2270 3898 2628 3955 consequetur
2657 3884 2751 3953 qui
2784 3884 2839 3937 in
2871 3881 2973 3934 hac
3008 3880 3116 3933 vita
3144 3892 3202 3932 se
3232 3889 3411 3930 mace-

1863 3984 2082 4040 raverit.
2117 3979 2287 4035 Simul
2330 3979 2577 4047 insipiens
2619 3985 2669 4028 et
2714 3974 2905 4026 stultus
2952 3968 3193 4039 peribunt
3224 3982 3242 4020 :
3269 3963 3411 4029 Una,

1864 4077 2060 4146 inquit,
2090 4075 2357 4143 sapientes
2386 4080 2439 4124 et
2468 4068 2616 4121 stulti
2649 4064 2906 4135 perniciei
2936 4061 3216 4116 tradentur
3248 4077 3262 4112 :
3301 4072 3412 4111 non

1863 4169 2117 4225 dill'erunt
2162 4166 2305 4222 enim
2361 4171 2549 4215 mutuo
2578 4200 2591 4223 ,
2645 4154 2809 4211 simili
2864 4152 3181 4210 idololatria:
3230 4148 3413 4221 generi

1864 4259 2052 4315 dediti.
2108 4257 2176 4311 Et
2212 4256 2496 4323 relinquent
2540 4252 2724 4306 alienis
2772 4248 2983 4302 divitias
3037 4260 3181 4298 suas.
3228 4240 3415 4311 Neque

1864 4352 2009 4406 enim
2052 4350 2172 4404 illas
2200 4347 2302 4401 sibi
2333 4346 2578 4415 proprias
2622 4353 2675 4396 et
2716 4342 2901 4395 ﬁrmas
2938 4337 3270 4393 constituere
3319 4347 3415 4387 vo-

1866 4444 2106 4503 luerunt,
2137 4439 2409 4493 beneliciis
2433 4450 2558 4503 erga
2585 4446 2804 4503 egenos.

287 4508 395 4561 Kal
421 4511 474 4560 οἰ
504 4508 675 4576 τάφοι
697 4506 890 4561 αὐτῶν
917 4509 1093 4560 οἰκίαι
1117 4506 1313 4560 αὐτῶν
1337 4510 1422 4572 εἰς
1447 4507 1551 4561 τὸν
1564 4506 1757 4562 αἰῶνα.

1940 4534 2023 4587 12.
2084 4529 2152 4582 Et
2190 4528 2428 4596 sepulcra
2475 4540 2653 4578 eorum
2705 4522 2888 4575 domus
2925 4520 3137 4573 illorum
3171 4520 3226 4570 in
3263 4527 3410 4569 teter-

215 4599 315 4652 Διά
338 4598 445 4650 τῶν
470 4598 651 4665 τάφων
670 4599 765 4668 τὴν
802 4598 1093 4668 νεκρότητα
1130 4598 1379 4667 σημαίνει
1422 4598 1488 4669 ἡν
1522 4600 1769 4653 ἐνέδυσαν

212 4689 317 4759 τὴν
343 4688 517 4759 ψυχὴν
539 4688 732 4753 αὐτῶν,
772 4689 921 4742 οὐδὲν
943 4688 1098 4758 ὀρθὸν
1132 4689 1251 4741 οὐδὲ
1290 4689 1442 4752 εύθὲς
1473 4692 1770 4760 φρονήσαν-

209 4798 306 4844 τες
340 4782 465 4851 περὶ
496 4780 649 4833 Θεοῦ.
678 4780 1037 4849 Σκηνώματα
1077 4779 1275 4833 αὐτῶν
1312 4784 1399 4846 εὶς
1434 4780 1644 4849 γενεὰν
1673 4781 1767 4833 καὶ

210 4871 450 4942 γενεάν.
483 4874 549 4925 Αἰ
574 4872 789 4941 σκηναὶ,
824 4873 1005 4941 φησὶν,
1033 4872 1090 4923 ὲν
1121 4866 1207 4934 αἷς
1243 4871 1439 4936 ζῶντες
1470 4871 1645 4941 ᾤκουν
1676 4872 1767 4941 ἀφ’

211 4966 417 5037 ἑτέρων
442 4967 521 5027 είς
569 4966 783 5035 ἑτέρους
806 4964 991 5033 ἡξουσι
1023 4967 1160 5017 κατά
1190 4964 1379 5031 γενεάς
1400 4981 1413 4995 ⁸
1460 4963 1615 5016 τοῦτο
1662 4966 1768 5035 γὰρ

212 5061 310 5111 καὶ
347 5058 598 5127 ἀνωτέρω
621 5058 865 5127 εἴρηκεν,
895 5057 974 5109 ὅτι
999 5058 1469 5124 καταλείψουσιν
1495 5056 1767 5125 ἀλλοτρί-

212 5170 307 5217 οις
334 5150 439 5203 τὸν
464 5148 728 5201 πλοῦτον
756 5146 969 5202 αὐτῶν.
1014 5147 1483 5202 Ἐπεκαλέσαντο
1515 5148 1586 5202 τὰ
1635 5150 1767 5203 ὀνό-

209 5259 371 5311 ματα
412 5239 607 5295 αὐτῶν
654 5240 750 5292 ἐπὶ
803 5238 921 5293 τῶν
958 5238 1156 5307 ταιῶν.
1205 5240 1353 5303 Δέον,
1384 5240 1536 5310 φησὶ,
1564 5241 1651 5295 διὰ
1682 5242 1768 5294 πί-

215 5351 388 5396 στεως
422 5334 514 5386 καὶ
544 5331 812 5394 πολιτείας
837 5332 1090 5403 λαμπρᾶς
1120 5332 1532 5402 παρασκευάσαι
1564 5333 1769 5403 γραφῆ·

211 5442 302 5479 ναι
328 5424 504 5477 αὐτῶν
530 5424 599 5478 τὰ
619 5422 850 5492 ὀνόματα
879 5424 935 5473 ὲν
964 5424 1071 5484 τοῖς
1095 5424 1337 5491 οὐρανοῖς
1360 5439 1373 5451 ο
1406 5423 1452 5473 οἱ
1476 5420 1531 5473 δὲ
1556 5422 1647 5475 ἐπὶ
1670 5422 1768 5491 τῆς

210 5518 317 5586 γῆς
348 5514 487 5567 αύτά
516 5514 911 5568 ἐπεκαλέσαντο
942 5512 1259 5583 ἐπωνύμους
1287 5514 1467 5575 αὐτοῖς
1497 5512 1765 5577 κτίζοντες

210 5608 416 5670 πόλεις.

318 5801 362 5834 ⁸⁸
424 5801 579 5858 Rom.
607 5820 669 5869 ιι,
694 5804 745 5858 5.
812 5804 855 5835 “
890 5805 991 5857 lsa.
1026 5816 1173 5867 nix,
1230 5800 1325 5865 ll;
1357 5799 1371 5851 l
1402 5797 1525 5856 Cor.
1557 5816 1604 5864 ι,
1638 5800 1721 5853 I9.

1869 4640 2012 4677 num.
2046 4620 2145 4676 Per
2183 4620 2429 4690 sepulcra
2463 4616 2843 4671 mortalitatem
2887 4609 3156 4681 signiﬁcat
3186 4622 3293 4678 qua
3327 4606 3411 4660 in-

1868 4718 2102 4771 duerunt
2131 4715 2366 4768 animam
2397 4725 2575 4775 suam,
2610 4707 2744 4760 nihil
2766 4704 3017 4775 probum,
3038 4701 3173 4755 nihil
3204 4710 3411 4754 rectum

1868 4810 2049 4862 animo
2092 4812 2370 4860 versantes
2414 4801 2555 4855 circa
2601 4797 2786 4852 Deum.
2840 4794 3197 4848 Tabernacula
3236 4807 3414 4845 eorum

1868 4902 1921 4953 in
1955 4899 2193 4967 progenie
2240 4904 2287 4950 et
2336 4893 2593 4964 progenie.
2649 4887 3043 4950 Tabernacula,
3108 4886 3161 4939 in
3217 4884 3415 4953 quibus

1866 4993 1993 5047 dum
2030 4992 2193 5044 vitam
2222 4997 2442 5058 agerent
2493 4983 2829 5045 habitabant,
2883 4980 2950 5034 ab
3006 4978 3129 5032 aliis
3169 4976 3234 5030 ad
3279 4975 3415 5029 alios

1868 5086 2262 5149 consequenter
2296 5093 2389 5148 per
2435 5075 2808 5148 generationes
2858 5072 3039 5124 varias
3085 5068 3410 5122 devenient:

1869 5172 1997 5227 illud
2051 5172 2194 5225 enim
2252 5168 2502 5238 superius
2555 5180 2771 5235 quoque
2826 5164 3071 5227 dixerat,
3124 5160 3411 5227 relinquent

1869 5266 2052 5319 alienis
2111 5266 2322 5317 diuitias
2373 5279 2516 5315 suas.
2569 5258 2889 5312 Vocarerunt
2940 5255 3150 5308 nomina
3205 5269 3302 5305 sua
3361 5252 3416 5303 in

1870 5357 2041 5412 terris.
2070 5354 2173 5409 Par
2200 5362 2334 5417 erat,
2364 5354 2459 5418 ait,
2490 5361 2549 5407 ut
2582 5366 2675 5420 per
2698 5349 2857 5403 [idem
2886 5356 2941 5401 et
2980 5345 3295 5417 praeclaram
3328 5343 3414 5396 in-

1868 5452 2199 5506 stitutionem
2236 5448 2287 5501 id
2336 5448 2629 5507 edicerent,
2680 5453 2739 5497 ut
2796 5441 3035 5511 ipsorum
3094 5437 3314 5492 nomina
3362 5436 3414 5488 in

1867 5545 2018 5599 ccelis
2060 5540 2532 5604 describerentur;
2567 5537 2644 5591 illi
2692 5545 2872 5590 autem
2906 5534 2958 5587 in
2989 5529 3149 5585 terris
3186 5542 3416 5582 vocave-

1868 5643 2013 5702 runt,
2040 5648 2163 5689 cum
2192 5630 2541 5703 cognomines
2566 5628 2670 5684 sibi
2703 5626 2866 5683 urbes
2892 5625 3291 5680 construerent.
