4034 6450
632 407 737 462 227

1428 404 1482 459 S.
1528 404 1889 458 ATIIANASII
1931 406 2080 459 OPP.
2123 404 2301 459 PARS
2341 402 2423 457 Ill.
2468 434 2531 442 —
2566 400 2979 456 EXEGETICA.

3720 396 3830 450 228

705 520 788 574 15.
853 518 919 572 Et
954 520 1101 572 homo
1130 535 1245 571 cum
1265 523 1316 571 in
1351 518 1541 571 honore
1577 529 1706 571 esset
1738 535 1842 571 non
1887 520 2165 574 intellexit.

2340 518 2447 572 Kal
2480 518 2785 586 ἄνθρωπος
2808 518 2878 570 ἐν
2906 514 3040 585 τιμῇ
3061 515 3144 567 ὢν
3168 517 3239 568 οὐ
3270 512 3522 582 συνῆκε.
3554 513 3627 567 Τὸ
3659 516 3833 569 αῐτιον

634 615 764 680 Quae
798 626 960 666 causa
987 608 1145 664 fuerit
1181 609 1325 680 quod
1354 609 1453 679 ipsi
1492 624 1557 662 eo
1586 610 1718 678 lapsi
1750 611 1860 663 sint
1890 619 1946 664 ut
1980 611 2086 665 alte
2110 611 2176 665 de

631 722 690 759 se
716 705 995 766 sentirent,
1029 703 1271 758 enuntiat
1308 702 1418 765 ille,
1461 700 1710 755 videlicet
1749 701 1929 756 carnis
1974 716 2175 756 concu-

632 797 922 867 piscentize.
959 794 1070 849 Iloc
1099 804 1274 847 autem
1310 802 1393 847 est
1435 793 1693 846 honorem
1743 793 2023 862 proprium
2067 808 2174 845 non

634 889 944 958 intelligere,
966 887 1106 955 quod
1133 884 1339 940 scilicet
1362 884 1427 939 ad
1458 884 1743 954 imaginem
1765 882 1857 937 Dei
1888 882 2014 938 facti
2039 884 2167 937 sint.

634 980 712 1035 Ad
742 979 1148 1033 similitudinem
1181 987 1357 1031 autem
1385 976 1749 1046 jumentoruin
1776 975 2170 1045 insipientium,

635 1086 741 1140 pra
764 1070 1076 1125 caelestibus
1113 1067 1476 1122 tabernaculis
1515 1078 1713 1121 terram
1751 1065 1991 1119 incolere
2028 1065 2175 1119 dele-

630 1170 842 1233 gerunt,
882 1170 935 1215 et
964 1160 1209 1230 sepulcra
1239 1174 1266 1213 a
1302 1158 1409 1213 Deo
1457 1156 1815 1213 concedenda:
1864 1156 1985 1210 vita
2025 1170 2163 1225 prae-

628 1254 889 1307 tulerunt.

702 1344 786 1397 N.
845 1342 973 1397 ch
1004 1344 1085 1395 via
1128 1342 1341 1396 illorum
1370 1341 1680 1396 scandalum
1722 1342 1871 1409 ipsis.
1900 1338 2052 1393 Viam
2086 1338 2170 1392 di-

628 1434 765 1488 vina:
822 1434 1010 1487 litterae
1070 1431 1331 1501 cujusque
1384 1430 1618 1484 hominis
1672 1430 1834 1483 vitam
1891 1427 2171 1498 appellare

633 1529 1044 1585 consueverunt,
1103 1527 1157 1574 ct
1214 1521 1335 1574 vitae
1391 1519 1669 1573 hominum
1731 1528 1961 1588 tempus.
2022 1517 2171 1573 Hanc

628 1626 779 1683 ergo,
829 1613 923 1673 ait,
956 1626 1200 1680 asperam
1233 1620 1286 1665 et
1313 1611 1554 1665 odiosam
1578 1612 1741 1663 vitam
1782 1610 1991 1679 paravit
2023 1610 2128 1663 illis
2149 1648 2163 1672 ,

628 1705 756 1772 quia
800 1711 1005 1757 rectum
1056 1702 1188 1755 nihil
1242 1703 1523 1756 sentirent.
1579 1701 1683 1756 Sed
1719 1702 1937 1770 quando
1971 1702 2023 1755 in
2075 1701 2167 1754 illa

629 1792 991 1863 profecerunt,
1018 1805 1127 1848 tuin
1176 1793 1430 1849 scandala
1473 1808 1539 1847 ne
1570 1794 1874 1848 sentiebant
1924 1793 2165 1861 quidem.

2273 610 2363 664 τοῦ
2390 611 2637 661 ἐκπεσεῖν
2659 609 2853 671 αὐτοὺς
2882 610 2959 671 εἰς
2987 608 3046 660 τὸ
3087 608 3226 679 μέγα
3265 610 3479 679 φρονεῖν
3509 606 3577 659 τὰ.
3625 608 3832 679 σαρκὸς

2272 700 2659 770 ἐπιθυμήματα
2709 698 2877 766 λέγει.
2911 697 3078 750 Τοῦτο
3130 698 3186 749 δέ
3227 699 3339 751 ἐστι
3370 697 3430 749 τὸ
3466 696 3540 767 μὴ
3593 696 3834 749 συνιέναι

2271 791 2366 860 τὴν
2385 790 2546 859 τιμὴν
2566 788 2761 851 αὐτῶν,
2787 789 2867 839 ὄτι
2884 787 2947 856 δὴ
2979 786 3097 838 κατ’
3126 784 3307 837 εἰκόνα
3330 784 3651 853 πεποίηνται
3672 781 3832 834 Θεοῦ.

2284 882 2506 952 Ὁμοίως
2524 881 2579 932 δὲ
2607 884 2716 943 τοῖς
2746 882 2966 950 κτήνεσι
2984 881 3093 940 τοῖς
3118 878 3361 948 ἀνοήτοις
3390 876 3493 946 γῆν
3524 877 3692 927 οἰκεῖν
3712 873 3836 926 ἀντὶ

2268 974 2377 1026 τῶν
2405 972 2668 1043 οὐρανίων
2706 970 2917 1039 σκηνῶν
2939 967 3357 1040 κατηλλάξαντο,
3374 968 3465 1019 καὶ
3486 967 3689 1034 τάφους
3712 964 3836 1016 ἀντὶ

2269 1066 2369 1134 τῆς
2396 1063 2545 1133 παρὰ
2574 1062 2709 1115 Θεοῦ
2733 1060 2900 1130 ζωῆς.

2338 1332 2495 1398 Αὕτη
2519 1330 2557 1396 ή
2592 1329 2730 1395 ὁδὸς
2749 1326 2945 1382 αὐτῶν
2980 1325 3337 1379 σκάνδαλον
3358 1324 3577 1391 αὐτοῖς.
3620 1322 3769 1378 Ὀδὸν
3797 1325 3832 1394 ή

2270 1417 2388 1470 θεία
2424 1416 2613 1487 Γραφὴ
2646 1418 2735 1469 τὸν
2764 1416 2992 1469 ἑκάστου
3042 1414 3153 1485 βίον
3180 1410 3286 1467 οἶδε
3340 1413 3543 1479 καλεῖν,
3601 1414 3695 1467 καὶ
3740 1414 3835 1466 τὸν

2269 1510 2495 1563 ἑκάστου
2524 1508 2621 1577 τῆς
2640 1507 2811 1577 ἔζωῆς
2859 1507 3067 1576 χρόνον.
3102 1505 3313 1576 Ταύτην
3344 1502 3438 1559 οὖν
3460 1544 3475 1569 ,
3535 1506 3688 1576 φησὶ,
3732 1506 3834 1576 τὴν

2266 1599 2383 1651 ὁδὸν
2403 1600 2657 1668 τραχεῖαν
2700 1597 2795 1650 καὶ
2822 1596 3021 1668 ἐχθρὰν
3049 1595 3447 1649 κατεσκεύασεν
3495 1597 3697 1657 αὐτοῖς,
3733 1598 3831 1649 ἅτε

2273 1690 2433 1761 μηδὲν
2464 1688 2616 1752 εὑθές
2662 1688 3083 1759 πεφρονηκότες.
3146 1686 3281 1739 Ἀλλ’
3315 1688 3403 1738 ὅτε
3437 1685 3536 1755 μὲν
3566 1688 3831 1757 προσέκο-

2272 1799 2401 1833 πτον
2430 1784 2485 1833 έν
2518 1780 2676 1849 αὐτῇ,
2704 1780 2804 1833 οὐκ
2829 1779 3121 1849 ᾐσθάνοντο
3152 1778 3258 1830 τῶν
3305 1777 3631 1831 σκανδάλων.
3671 1780 3834 1831 Μετα

635 1885 819 1937 Postea
861 1900 986 1940 vero
1014 1888 1069 1939 in
1112 1902 1199 1939 ore
1228 1902 1320 1938 suo
1348 1884 1757 1954 complacebunt,
1807 1885 1962 1953 quasi
2004 1885 2167 1947 dicat,

2275 1872 2340 1924 δὲ
2362 1872 2548 1924 ταῦτα
2594 1872 2663 1923 ἐν
2710 1870 2788 1935 τῷ
2821 1872 3068 1939 στόματι
3113 1868 3307 1923 αὐτῶν
3352 1868 3832 1934 εὐδοκήσουσιν,

628 1972 1035 2029 Conlitebuntur
1058 1976 1428 2046 pmnitentiam
1460 1983 1699 2045 agentes,
1730 1977 1874 2045 quod
1895 1975 1949 2029 in
1979 1976 2171 2046 hujus-

629 2063 771 2117 modi
812 2065 899 2119 via
954 2066 1305 2131 incesserint;
1347 2066 1439 2121 sed
1490 2066 1710 2138 quando
1756 2082 1863 2121 non
1892 2067 1998 2121 erit
2029 2069 2169 2121 ultra

629 2154 957 2223 poenitentia:
989 2167 1223 2226 tempus.

699 2246 785 2300 15.
854 2245 1003 2301 Sicut
1048 2265 1160 2302 oves
1201 2249 1255 2301 in
1299 2248 1499 2317 inferno
1554 2249 1712 2319 positi
1762 2257 1902 2304 sunt.
1944 2246 2173 2315 Quando

630 2337 918 2390 noluerunt
960 2339 1061 2392 sub
1104 2336 1247 2392 bono
1290 2347 1508 2407 pastore
1559 2354 1761 2410 agere:
1812 2338 1907 2393 sed
1955 2339 2169 2409 repulso

629 2426 853 2491 honrem,
896 2426 1116 2495 perinde
1148 2435 1309 2499 atque
1335 2428 1584 2495 iumenta
1640 2444 1870 2500 corpore
1921 2432 2168 2497 corrupti

624 2526 781 2582 sunt;
812 2517 1013 2574 idcirco
1034 2534 1229 2589 pecora
1256 2519 1452 2575 interni
1479 2518 1653 2574 etlecti
1687 2529 1833 2585 sunt,
1867 2521 1941 2574 ita
1982 2528 2042 2575 ut
2071 2520 2172 2575 de-

626 2625 773 2665 mum
806 2620 989 2680 pastor
1030 2626 1218 2667 eorum
1254 2611 1321 2665 ad
1366 2625 1565 2680 pascua
1612 2627 1710 2666 sua
1760 2611 1994 2666 abducat
2043 2626 2168 2676 eos,

624 2702 763 2757 alios
790 2702 1004 2771 quidem
1036 2702 1090 2757 in
1116 2703 1290 2773 ignem
1318 2712 1613 2769 aeternum;
1646 2704 1766 2759 illos
1795 2718 1860 2759 eo
1884 2704 1975 2759 ubi
2012 2703 2170 2759 ﬂetus

628 2803 678 2849 et
715 2794 910 2849 stridor
938 2794 1199 2861 dentium,
1232 2794 1367 2850 alios
1392 2795 1447 2849 in
1472 2795 1719 2850 tenebras
1741 2795 2057 2850 exteriores.

2274 1964 2393 2017 ἀντὶ
2418 1963 2532 2025 τοῦ,
2572 1963 2989 2033 Ὀμολογήσουσι
3031 1963 3454 2031 μετανοήσαντες
3485 1960 3567 2028 ἐφ’
3603 1953 3685 2022 οἷς
3718 1976 3831 2012 τοις-

2272 2057 2441 2127 αύτην
2479 2056 2716 2108 ὥδευσαν
2748 2054 2951 2127 τρίϐον,
2977 2056 3063 2108 ὅτε
3090 2055 3187 2123 οὐχ
3210 2053 3389 2119 ἕξουσι
3414 2052 3513 2124 τῆς
3547 2052 3835 2123 μετανοίας

2274 2146 2481 2217 καιρόν.

2352 2236 2448 2303 Ὠς
2476 2236 2735 2304 πρόϐατα
2755 2235 2825 2288 ὲν
2844 2232 2958 2303 ᾄδῃ
2982 2232 3204 2288 ἔθεντο.
3256 2234 3473 2307 Ἐπειδὴ
3513 2236 3613 2288 οὐκ
3639 2233 3836 2305 ἠθέλη-

2272 2346 2371 2383 σαν
2400 2327 2504 2381 ὑπὸ
2530 2328 2621 2381 τὸν
2653 2327 2861 2395 ἀγαθὸν
2889 2321 3027 2379 εἶναι
3048 2326 3295 2395 ποιμένα,
3332 2328 3468 2381 ἀλλὰ
3498 2328 3598 2397 τὴν
3625 2327 3839 2380 ἑαυτῶν

2270 2422 2433 2491 τιμήν
2482 2420 2872 2489 ἀπωσάμενοι,
2906 2418 3297 2488 παραπλησίως
3352 2421 3463 2481 τοῖς
3510 2421 3730 2489 κτήνεσι
3765 2434 3839 2471 τα

2274 2509 2499 2580 σώματα
2520 2508 2887 2580 διεφθάρησαν
2906 2524 2919 2538 '
2946 2508 3116 2580 ταύτῃ
3139 2526 3220 2562 τοι
3247 2507 3342 2562 καὶ
3370 2507 3659 2580 θρέμματα
3677 2509 3839 2576 γεγο-

2271 2618 2421 2655 νασιν
2452 2601 2601 2671 ᾅδου,
2630 2601 2704 2664 ὡς
2732 2601 2916 2654 λοιπὸν
2952 2601 3114 2654 αὑτὸν
3158 2600 3509 2671 ποιμαίνοντα
3528 2601 3723 2663 αὐτοὺς
3753 2603 3837 2661 εἰς

2272 2694 2367 2757 τὰς
2398 2692 2559 2745 αὑτοῦ
2600 2691 2769 2761 νομάς
2815 2690 3063 2755 ἀπάξειν,
3093 2693 3217 2753 τοὺς
3264 2692 3361 2773 μὲν
3396 2693 3475 2754 είς
3514 2690 3573 2743 τδ
3616 2690 3729 2761 πῦρ
3774 2690 3842 2741 ’ὃ

2274 2783 2508 2846 αἰώνιον,
2537 2784 2661 2847 τοὺς
2684 2783 2739 2836 δὲ
2770 2785 2902 2836 ὅπου
2937 2786 2965 2836 ό
2996 2782 3265 2852 κλαυθμὸς
3294 2783 3387 2835 καὶ
3439 2782 3681 2852 βρυγμὸς
3727 2778 3837 2834 τίν.

2275 2873 2517 2938 ὀδόντων,
2552 2875 2674 2938 τοὺς
2697 2875 2753 2927 δὲ
2786 2876 2866 2938 είς
2898 2877 2956 2927 τὸ
2984 2874 3171 2937 σκότος
3194 2872 3254 2926 τὸ
3282 2872 3563 2945 ἐξώτερον.

695 2986 891 3055 Adjicit
938 2986 1123 3040 Daniel
1182 2985 1469 3039 Barbarus.
1515 2984 1781 3038 Caeterum
1824 2984 1979 3054 juxta
2028 2981 2412 3054 Symmachum
2460 3000 2475 3036 :
2518 2982 2642 3038 Hac
2706 2984 2795 3038 via
2852 2983 3069 3037 illorum
3122 2981 3404 3036 dementiae
3440 2983 3591 3051 ipsis,
3632 2992 3837 3054 posteri

626 3091 751 3131 vero
807 3077 1021 3130 illorum
1069 3090 1371 3131 sermonem
1426 3077 1730 3145 probabunt
1786 3093 1800 3129 :

1858 3090 1967 3130 non
2020 3075 2166 3131 enim
2207 3075 2394 3145 primis
2425 3084 2510 3129 sat
2548 3074 2651 3129 fuit
2682 3075 2760 3128 uti
2801 3074 3085 3128 dementia:
3144 3073 3250 3135 via,
3309 3072 3412 3127 nisi
3452 3074 3610 3125 etiam
3657 3073 3839 3140 perni-

626 3170 832 3225 ciosum
860 3169 1087 3238 posteris
1118 3169 1420 3239 exemplum
1456 3168 1586 3223 facti
1631 3169 1805 3224 simile
1866 3167 1935 3221 ad
1994 3168 2080 3222 sui
2130 3166 2488 3221 imitationem
2534 3165 2774 3221 studium
2836 3165 2940 3219 illis
2987 3164 3377 3233 relinquerent,
3435 3173 3494 3218 ut
3538 3174 3592 3217 et
3633 3148 3840 3233 posteri

625 3261 679 3315 in
708 3274 918 3315 morum
962 3275 1183 3315 suorum
1227 3262 1309 3315 via
1338 3260 1440 3315 sibi
1473 3260 1763 3328 placerent,
1806 3267 1860 3312 et
1885 3258 2005 3313 illos
2038 3257 2339 3313 imitatione
2386 3265 2760 3325 sequerentur.

696 3350 763 3403 Et
800 3350 1205 3404 dominabuntur
1243 3365 1420 3403 eorum
1439 3349 1578 3418 justi
1624 3350 1679 3402 in
1730 3352 2006 3404 matutino.
2048 3348 2167 3405 Non

2339 3349 2447 3403 Kal
2473 3347 3048 3415 κατακυριεύσουσιν
3072 3346 3269 3401 αὐτῶν
3288 3350 3341 3401 οι
3360 3346 3552 3412 εὐθεῖς
3576 3346 3643 3398 τὸ
3663 3348 3836 3415 πρωΐ.

627 3440 875 3503 ulterius,
918 3439 1375 3509 quemadmodum
1412 3439 1467 3493 in
1511 3440 1612 3494 hac
1656 3440 1761 3493 vita
1801 3455 1924 3495 cum
1969 3448 2175 3505 essent,

624 3532 887 3586 adversus
941 3531 1062 3600 pios
1114 3530 1361 3584 homines
1412 3531 1733 3600 insurgunt;
1764 3546 1951 3584 verum
1988 3539 2177 3584 contra

625 3625 716 3691 qui
748 3622 1013 3677 matutino
1052 3632 1293 3691 tempore
1335 3621 1539 3689 dignati
1588 3630 1715 3675 sunt
1757 3630 1811 3675 et
1841 3636 1981 3675 novo
2017 3621 2179 3675 lumi-

627 3726 716 3777 ne,
764 3711 943 3780 impiis
974 3711 1335 3777 imperabunt.
1389 3709 1458 3763 Et
1510 3712 1765 3763 auxilium
1809 3728 1986 3764 eorum
2046 3721 2179 3765 sete-

627 3816 787 3857 rascet
818 3804 871 3856 in
915 3802 1138 3871 inferno,
1167 3812 1270 3859 etc.
1314 3801 1506 3866 Omne,
1544 3804 1736 3871 inquit,
1774 3804 2035 3857 auxilium
2080 3818 2176 3857 eo-

626 3910 767 3961 rum,
814 3894 1021 3949 scilicet
1052 3895 1228 3947 virtus
1271 3909 1437 3963 quam
1493 3894 1809 3948 obtinebant
1854 3910 1921 3948 ex
1958 3895 2130 3965 gloria
2159 3936 2175 3963 ,

628 3992 801 4037 morte
832 3982 1179 4037 dissolvetur.
1221 3981 1357 4037 Illud
1384 3983 1553 4046 enim,
1590 3994 1885 4050 oeterascet,
1926 3998 2025 4055 pro
2071 3986 2180 4039 sol-

634 4081 783 4129 vetur
812 4073 1045 4145 positum
1091 4082 1195 4128 est.

706 4164 792 4218 l6.
870 4162 1233 4218 Verumtamen
1284 4164 1420 4220 Deus
1475 4166 1688 4221 redimet
1736 4168 1966 4221 animam
2010 4185 2177 4222 meam

627 4257 691 4308 de
716 4272 872 4309 manu
912 4257 1089 4325 inferi,
1133 4274 1250 4309 cum
1282 4260 1531 4326 acceperit
1566 4276 1663 4312 me.
1714 4258 1835 4326 Mei,
1872 4261 2065 4330 inquit,
2102 4262 2178 4315 ita

632 4348 897 4417 loquentis
937 4350 1173 4402 animam
1208 4348 1435 4403 redimet
1467 4348 1627 4415 Dens,
1664 4360 1722 4405 ut
1750 4367 1817 4406 ne
1857 4367 1964 4406 una
2005 4352 2177 4406 abdu-

630 4450 780 4494 catur
806 4440 917 4507 illa,
952 4450 1007 4495 et.
1037 4442 1315 4497 deseratur
1348 4458 1471 4497 cum
1502 4443 1695 4497 ovibus
1721 4443 1939 4499 inferni.

708 4612 796 4669 l7.
831 4613 913 4668 Ne
941 4617 1173 4672 timueris
1217 4635 1335 4671 cum
1378 4619 1519 4675 dives
1568 4622 1739 4691 factus
1790 4624 1949 4693 fuerit
2001 4626 2169 4679 homo.

629 4704 764 4759 Cum
794 4707 1065 4773 didiceris,
1099 4711 1192 4775 ait,
1244 4713 1335 4782 qui
1387 4713 1510 4768 linis
1579 4718 1682 4771 erit
1738 4718 2047 4787 impiorum,
2107 4696 2249 4774 neD

632 4795 817 4851 beatos
842 4797 1103 4866 przedices
1139 4816 1233 4857 eos
1264 4804 1355 4872 qni
1390 4804 1441 4858 in
1475 4804 1585 4860 vita
1621 4806 1813 4864 divites
1843 4818 1897 4863 et
1937 4812 2177 4881 opulenti

630 4896 777 4953 sunt,
810 4904 916 4943 non
950 4892 1143 4948 timeas
1168 4897 1322 4963 quasi
1370 4899 1515 4951 omni
1564 4914 1656 4967 spe
1698 4900 2046 4965 interclusus,
2082 4919 2179 4959 nec

634 4988 691 5030 ut
722 4980 934 5049 magnis
980 4984 1201 5038 orbatus
1247 4988 1530 5054 praesentis
1581 4989 1702 5043 vita:
1762 4992 1941 5056 bonis,
1996 4993 2178 5047 animo

632 5070 869 5125 delicias.
894 5072 1065 5128 Probe
1092 5078 1231 5130 nosti
1257 5078 1385 5145 quia
1418 5086 1469 5132 te
1499 5092 1776 5149 exspectat
1821 5084 2121 5153 redemptio
2147 5100 2177 5139 τι

632 5171 803 5215 morte
825 5171 879 5216 et
911 5166 1013 5217 vita
1040 5176 1261 5221 aeterna.
1302 5169 1403 5234 Qui
1444 5181 1622 5225 autem
1658 5190 1687 5227 a
1717 5176 1900 5229 multis
1927 5178 2178 5243 praedica-

632 5260 717 5303 tur
749 5252 818 5305 ob
849 5254 1065 5309 divitias
1103 5258 1460 5330 gloriamque,
1495 5272 1549 5315 et
1588 5264 1657 5318 ob
1688 5266 1831 5319 illam
1866 5267 2001 5322 falso
2040 5283 2180 5323 nun-

632 5352 878 5410 cupatam
912 5347 1249 5415 sapientiam,
1283 5352 1415 5407 nihil
1467 5356 1587 5422 plus
1644 5357 1881 5425 habebit,
1944 5362 2179 5418 nudatus

633 5435 827 5503 quippe
857 5440 1127 5503 omnibus,
1163 5457 1192 5495 a
1220 5446 1340 5499 vita:
1370 5446 1526 5504 bonis
1555 5450 1872 5519 abripietur.

706 5523 791 5577 18.
862 5525 1121 5592 Quoniam
1164 5550 1280 5585 cum
1330 5538 1581 5591 interierit
1632 5558 1731 5594 non
1778 5554 1943 5598 sumet
1978 5550 2174 5603 omnia.

634 5610 749 5670 Hoc
772 5617 945 5672 solum
992 5621 1145 5687 lucri,
1188 5627 1282 5687 ait,
1325 5644 1351 5679 a
1388 5630 1591 5686 divitiis
1628 5636 1901 5693 accepisse
1929 5638 2178 5694 videntur

2277 3440 2470 3495 Οὐκέτι
2527 3439 2713 3509 ὥσπερ
2761 3439 2819 3491 ἐν
2849 3436 2927 3508 τῷ
2954 3438 3180 3510 παρόντι
3213 3438 3314 3509 βίῳ
3357 3440 3525 3501 ὅντες,
3578 3439 3842 3502 κατεξαν-

2280 3531 2517 3583 ίστανται
2550 3510 2657 3581 τῶν
2705 3527 2971 3583 εύσεὸῶν·
3007 3529 3311 3582 τούναντίον
3356 3529 3412 3581 δὲ
3440 3531 3487 3581 οί
3515 3528 3607 3581 τοῦ
3643 3528 3840 3600 καιροῦ

2276 3623 2372 3691 τῆς
2405 3622 2614 3691 πρωῖας
2644 3618 2959 3684 ἀξιωθέντες
2983 3622 3076 3674 καὶ
3100 3620 3192 3674 τοῦ
3224 3621 3345 3674 νέου
3382 3621 3551 3691 φωτὸς
3576 3620 3686 3673 τῶν
3710 3622 3812 3675 άσε
3829 3651 3843 3661 -

2278 3710 2387 3765 σῶν
2424 3710 2927 3781 κατακυριεύσουσι.
2962 3711 3073 3765 Kal
3123 3715 3161 3780 ἠ
3213 3712 3462 3781 βοήθεια
3497 3711 3694 3767 αὐτῶν
3727 3729 3841 3766 παρ-

2276 3801 2665 3869 λαιωθήσεται
2705 3803 2773 3855 ἐν
2819 3800 2898 3865 τῷ
2917 3801 3053 3869 ᾄδῃ.
3082 3803 3258 3865 Πᾶσα,
3286 3803 3476 3872 φησὶν,
3528 3805 3560 3873 ή
3615 3802 3842 3874 βοήθεια

2276 3892 2471 3959 αὐτῶν,
2521 3894 2638 3963 ἦτοι
2671 3894 2703 3963 ή
2734 3893 2883 3963 ἰσχὺς
2915 3893 2982 3963 ἢν
3025 3893 3179 3964 ἔσχον
3206 3896 3268 3947 ἐκ
3294 3895 3392 3966 τῆς
3419 3894 3594 3966 δόξης,
3624 3894 3701 3966 τῷ
3740 3896 3839 3949 θα-

2277 3986 2426 4056 νάτῳ
2451 3983 2848 4054 διαλυθήσεται.
2877 3985 2951 4037 Τὸ
2978 3985 3115 4056 γὰρ,
3166 3986 3635 4049 παλαιωθήσεται
3655 4024 3669 4049 ,
3714 3987 3841 4040 ἀντὶ

2275 4076 2394 4141 τοῦ,
2420 4075 2817 4147 διαλυθήσεται,
2846 4075 3100 4129 τέθειται.

2349 4166 2519 4232 Πλὴν
2571 4167 2604 4218 ό
2636 4164 2777 4229 Θεὸς
2830 4164 3191 4233 λυτρώσεται
3234 4164 3347 4233 τὴν
3376 4164 3586 4235 ψυχήν
3616 4183 3735 4235 μου
3765 4167 3839 4222 ἐκ

2278 4257 2470 4329 χειρὸς
2501 4257 2666 4323 ᾅδου,
2697 4257 2843 4310 ὅταν
2868 4257 3139 4325 λαμϐάνῃ
3161 4275 3255 4327 με.
3304 4257 3488 4327 Ἐμοῦ,
3531 4258 3683 4329 φησὶ,
3738 4261 3839 4314 τοῦ

2275 4349 2447 4403 ταῦτα
2473 4348 2717 4416 λέγοντος
2748 4346 3079 4418 λυτρώσεται
3104 4350 3132 4400 ό
3152 4348 3282 4411 Θεὸς
3314 4349 3412 4419 τὴν
3443 4349 3638 4421 ψυχὴν,
3696 4352 3838 4424 πρὸς

2275 4441 2335 4493 τὸ
2366 4440 2438 4510 μὴ
2482 4440 2885 4509 συναπαχθῆναι
2935 4438 3119 4509 αὐτὴν,
3155 4447 3246 4492 καὶ
3297 4440 3645 4512 ἐρημωθῆναι
3693 4443 3837 4512 μετὰ

2277 4531 2381 4585 τῶν
2408 4530 2498 4584 τοῦ
2532 4530 2656 4601 ᾂδου
2692 4530 2992 4601 προόάτων.

2347 4622 2440 4689 Μὴ
2473 4621 2678 4690 φοϐοῦ,
2704 4620 2848 4673 ὅταν
2878 4620 3192 4688 πλουτήσῃ
3219 4621 3543 4689 ἄνθρωπος.
3604 4622 3833 4688 Μαθὼν,

2278 4715 2457 4785 φησὶν,
2487 4708 2597 4768 οἷον
2622 4714 2771 4766 ἐσται
2790 4713 2896 4767 τῶν
2928 4713 3137 4766 ἀσεὸὦν
3160 4714 3220 4767 τὸ
3255 4715 3433 4778 τέλος,
3481 4715 3552 4786 μὴ
3594 4716 3835 4788 μακαρί-

2280 4820 2376 4877 σῃς
2423 4805 2547 4867 τοὺς
2586 4805 2644 4857 ἐν
2675 4804 2752 4873 τῷ
2773 4803 2870 4874 βίῳ
2900 4802 3278 4868 πλουτοῦντας,
3320 4806 3451 4875 μηδὲ
3478 4805 3721 4876 φοϐηθῇς
3760 4809 3838 4871 ὼς

2279 4896 2456 4965 πάσης
2478 4893 2964 4963 ἀποκεκλεισμένος
2997 4894 3225 4959 ἐλπίδος,
3277 4897 3350 4965 μὴ
3401 4896 3616 4966 ἀθυμῇς
3649 4897 3706 4951 δέ
3759 4898 3837 4961 ὡς

2283 4986 2525 5057 μεγάλων
2579 4987 2794 5052 ἀγαθῶν
2846 4988 2951 5039 τῶν
2998 4988 3276 5057 παρόντων
3325 4988 3704 5058 ἐστερημένος.
3759 4986 3835 5042 Εὖ

2280 5078 2406 5143 ἴσθι,
2437 5079 2517 5132 ὅτι
2566 5080 2623 5132 σέ
2660 5079 2758 5149 μὲν
2793 5080 3070 5151 περιμένει
3118 5081 3151 5149 ή
3185 5081 3248 5131 ἐκ
3293 5080 3519 5133 θανάτου
3566 5080 3837 5151 λύτρωσις

2279 5171 2370 5222 καὶ
2392 5171 2424 5239 ή
2454 5170 2665 5234 αἰώνιος
2692 5172 2800 5241 ζωή
2823 5187 2837 5200 ’
2872 5174 2900 5224 ό
2924 5172 2981 5224 δὲ
3007 5170 3156 5239 παρὰ
3180 5174 3292 5233 τοῖς
3319 5170 3529 5233 πολλοῖς
3574 5171 3835 5239 εὐδαιμο-

2278 5260 2550 5330 νιζόμενος
2576 5261 2662 5314 διὰ
2687 5262 2909 5315 πλοῦτον
2939 5264 3030 5314 καὶ
3053 5262 3229 5327 δόξαν,
3260 5262 3352 5313 καὶ
3390 5260 3478 5313 διὰ
3508 5262 3606 5330 τὴν
3631 5261 3837 5329 ψευδώ-

2276 5369 2441 5421 νυμον
2458 5352 2667 5421 σοφίαν,
2692 5354 2841 5406 οὑδὲν
2874 5352 3033 5405 πλέον
3054 5353 3165 5415 ἓξει
3186 5368 3200 5382 '
3242 5352 3444 5421 γυμνὸς
3472 5351 3580 5422 γὰρ
3614 5353 3835 5407 πάντων

2277 5440 2647 5511 ἀπαχθήσεται
2681 5443 2785 5495 τῶν
2822 5443 2915 5496 τοῦ
2947 5443 3080 5512 βίου.

2350 5533 2465 5585 Ὅτι
2493 5536 2601 5586 οὐκ
2622 5534 2691 5586 ἐν
2722 5534 2799 5598 τῷ
2824 5534 3228 5601 ἀποθνήσκειν
3251 5535 3437 5588 αὑτὸν
3470 5535 3726 5603 λήψεται
3759 5534 3833 5587 τὰ

2278 5621 2487 5675 πάντα.
2516 5625 2700 5688 Τοῦτο,
2729 5626 2877 5693 φησὶ,
2909 5625 3063 5694 μόνον
3085 5625 3265 5690 ἔδοξαν
3294 5625 3593 5696 κερδαίνειν
3609 5626 3656 5677 0i
3681 5624 3833 5677 ἄθεοι
