4034 6430
155 370 260 425 9.9.9

1208 361 1561 418 EXPOSITIO
1598 359 1663 415 1N
1700 358 2028 416 PSALMUM
2070 357 2249 412 XLIX.

3248 355 3350 410 ειδο

154 482 264 537 ἀπὸ
294 482 391 536 τοῦ
423 482 671 545 πλούτου,
696 483 755 535 τὸ
782 481 1132 553 εὐλογηθῆναι
1168 481 1266 551 τὴν
1307 482 1484 552 ψυχὴν
1527 479 1705 533 αὐτῶν

1813 478 1976 547 impii,
1998 476 2142 548 quod
2170 475 2348 531 anima
2385 488 2570 527 eorum
2600 473 2654 526 in
2685 473 2786 527 hac
2822 472 3033 526 mortali
3060 482 3112 524 et
3136 482 3346 541 tempo-

157 578 215 628 ἐν
242 576 310 645 τῇ
334 573 500 646 θνητῇ
534 576 629 629 καὶ
650 574 959 645 προσκαίρῳ
983 574 1113 644 ζωῇ.
1153 572 1403 626 Ἐκείνων
1437 570 1707 624 ἐπαινούν-

157 683 264 717 των
290 666 490 729 αὐτοὺς
520 666 612 719 καί⁵
639 664 1109 733 εὐδαιμονιζόντων
1132 664 1213 732 ἐφ’
1251 658 1328 726 οἷς
1361 662 1543 725 ἔδοξαν
1566 662 1707 730 ἔχειν

157 758 402 825 ἀγαθοῖς.
433 756 582 811 Οὑδέ
605 754 1117 826 συγκαταϐήσεται
1156 753 1312 819 αὑτῷ
1350 754 1387 820 ή
1429 754 1576 817 δόξα
1607 754 1708 805 αὺ-

1815 585 1979 624 ranea
2028 570 2133 623 vita
2188 567 2256 621 ab
2319 566 2521 620 divitiis
2576 564 2847 621 celebrata
2905 561 3087 618 fuerit.
3130 560 3357 619 Laudati

1808 658 2015 711 scilicet
2045 665 2099 710 et
2128 655 2310 709 felices
2344 655 2496 717 dicti,
2539 654 2608 708 ob
2650 655 2788 707 bona
2833 667 2953 722 quae
2996 652 3191 706 habere
3213 653 3358 707 vide-

1810 749 2024 801 bantur.
2068 746 2246 817 Neque
2279 748 2549 800 descendet
2594 762 2709 798 cum
2760 760 2819 798 eo
2869 745 3037 814 gloria
3072 745 3204 814 ejus,
3250 753 3355 799 etc.

157 846 285 900 τοῦ.
322 844 538 916 Ἐπειδὴ
584 845 760 898 πάντα
810 844 1137 916 πρόσκαιρα,
1186 846 1337 915 φησὶ,
1388 843 1507 896 τότε
1551 843 1708 913 χάριν

1813 836 2100 903 Quoniam,
2144 837 2338 906 inquit,
2384 838 2562 891 omnia
2596 846 2963 906 temporanea,
2996 849 3105 890 tum
3131 836 3359 906 gratiam

158 936 426 989 ἀποδώσει
456 951 537 987 σοι
562 934 639 1004 τῷ
666 934 975 1006 δημιουργῷ
1001 936 1029 987 ὁ
1056 933 1312 997 τοιοῦτος,
1346 934 1470 987 ὅταν
1508 932 1709 1003 πληθῦ-

158 1045 253 1099 νῃς
279 1029 346 1080 τὰ
379 1028 505 1080 ὄντα
536 1025 701 1095 αὐτῷ.

218 1116 645 1169 Εἰσελεύσεται
676 1114 784 1181 ἕως
816 1114 1021 1185 γενεὰς
1053 1115 1319 1182 πατέρων
1364 1114 1567 1168 αὑτοῦ.
1607 1114 1711 1167 Μι-

161 1209 417 1277 μήσεται,
444 1208 593 1277 φησὶ,
617 1206 720 1259 τῶν
750 1208 995 1277 πατέρων
1016 1207 1103 1259 τὸν
1132 1205 1310 1276 ζῆλον,
1351 1207 1442 1260 καὶ
1468 1209 1530 1258 ἐκ
1556 1224 1711 1277 πονη-

158 1298 268 1369 ρῶν
298 1296 374 1349 ὢν
412 1296 506 1367 τὴν
536 1297 795 1367 πονηρίαν
823 1296 1136 1363 διαδέξεται.
1175 1298 1326 1362 Ἕως
1364 1295 1577 1361 αἰῶνος
1600 1298 1710 1349 οὐκ

158 1387 365 1456 ὄψεται
394 1388 536 1457 φῶς.
560 1387 626 1443 Οἰ
656 1388 763 1459 γὰρ
785 1388 1006 1442 τοιαῦτα
1034 1387 1348 1459 φρονοῦντες
1382 1387 1570 1456 τυφλοὶ
1594 1389 1711 1450 ταῖς

155 1481 354 1550 ψυχαῖς
391 1480 663 1550 γεγόνασι,
709 1482 845 1552 μήτε
895 1484 953 1535 ἐν
997 1481 1075 1552 τῷ
1124 1480 1300 1550 θνητῷ
1331 1480 1431 1551 βίῳ
1460 1480 1538 1549 τῷ
1576 1480 1713 1549 φωτὶ

154 1574 256 1642 τῆς
286 1571 537 1640 γνώσεως
569 1573 941 1641 φωτισθέντες,
980 1574 1115 1643 μήτε
1143 1574 1200 1626 ἐν
1225 1572 1301 1641 τῷ
1341 1571 1583 1642 μέλλοντι
1618 1570 1711 1625 τοῦ

157 1662 382 1717 αἰωνίου
407 1664 581 1733 φωτὸς
605 1664 1046 1734 ἁξιωθησόμενοι.

513 1757 817 1809 “mox
850 1755 931 1820 τῷ
980 1754 1189 1825 Ἀσάφ.
1225 1758 1361 1811 Μθν.

774 1847 788 1866 '
803 1849 846 1899 Υ
843 1848 1109 1913 πόθεσις.

158 1934 308 2007 ᾊδει
343 1934 433 1989 τὸν
470 1934 677 2006 ψαλμὸν
702 1938 731 1988 ό
778 1936 945 2005 Ἀσάφ
998 1936 1091 1990 τοῦ
1132 1936 1418 2008 νομοθέτου
1454 1936 1516 1989 τὸ
1546 1936 1712 2008 πρόσ-

223 2041 375 2079 ωπον
403 2026 682 2097 εἰσφέρων,
711 2025 806 2091 τὰς
838 2027 1007 2081 πάλαι
1038 2026 1135 2097 μὲν
1161 2027 1477 2099 ἀνατρέπων
1503 2026 1712 2095 θυσίας,

222 2114 492 2184 εἰσφέρων
518 2114 573 2167 δὲ
598 2116 695 2178 τὰς
715 2115 812 2187 τῆς
839 2115 982 2180 Νέας
1012 2117 1305 2189 Διαθήκης,
1341 2118 1438 2182 τὰς
1469 2117 1535 2171 δι’
1575 2118 1716 2171 αἰνέ-

225 2220 367 2267 σεως
404 2203 756 2277 δωροφορίας.
790 2204 890 2278 [οἰ
943 2207 1212 2261 Ἰουδαίων
1265 2207 1470 2279 πρῶτοι
1514 2208 1715 2279 ἀρετῆς

225 2293 551 2365 ἀμελοῦντες
583 2295 644 2347 τὸ
675 2294 795 2367 (sic)
823 2295 1070 2366 ἐνόμιζον
1094 2292 1229 2350 εἶναι
1262 2298 1318 2353 ἐν
1349 2297 1427 2368 τῷ
1464 2299 1589 2362 τοὺς
1625 2298 1715 2351 νό-

227 2402 363 2456 μους
397 2386 845 2457 ἀποστοματίζειν
874 2388 966 2442 καί
986 2388 1344 2458 διαγγέλλειν,
1383 2389 1477 2443 καὶ
1526 2388 1714 2464 θυσίας

224 2476 572 2547 προσφέρειν.
638 2477 819 2548 Νόμου
881 2479 938 2531 δὲ
976 2480 1303 2547 ἀνάγνωσις,
1366 2481 1460 2534 καὶ
1517 2479 1715 2534 θυσιῶν

227 2567 513 2640 προσφορὰ
537 2568 637 2639 τῆς
666 2568 1075 2642 ἐνυπαρχούσης
1092 2572 1227 2624 εἰσιν
1254 2572 1451 2644 ἀρετῆς
1468 2571 1678 2644 καρπός
1696 2588 1712 2603 ·

226 2659 354 2713 ἄνευ
372 2659 427 2713 δέ
459 2660 658 2731 ταύτης
688 2661 870 2713 ὲκεῖνα
914 2664 1085 2715 ποιεῖν
1134 2662 1291 2733 μόνον
1343 2662 1525 2733 ὅμοιόν
1566 2664 1713 2715 ἐστιν

224 2751 538 2820 ἀλείφεσθαι
577 2753 672 2823 μὲν
714 2753 805 2805 ἐπὶ
831 2752 909 2823 τῷ
954 2753 1222 2817 παλαίειν,
1283 2753 1462 2808 αὐτῶν
1508 2754 1566 2808 δὲ
1606 2753 1715 2808 τῶν

227 2843 616 2913 παλαισμάτων
648 2844 990 2913 καταμελεῖν,
1022 2843 1080 2907 ἐξ
1103 2837 1175 2897 ὧν
1196 2846 1225 2897 ό
1253 2845 1530 2915 στέφανος.
1572 2846 1715 2918 Πρὸς

227 2932 320 2988 οὖν
345 2937 471 2997 τοὺς
494 2933 635 2987 οῦτω
658 2934 1026 3005 διακειμένους
1054 2934 1270 3005 ἔλεγχον
1295 2940 1525 2991 ποιεῖται
1552 2937 1581 2988 ὁ
1613 2954 1715 3007 μα-

226 3027 417 3100 κάριος
465 3026 647 3091 Δαυῒδ,
684 3027 773 3081 τὸν
820 3026 950 3081 Θεὸν
1000 3027 1232 3096 εἰσάγων
1276 3028 1596 3092 ὀνειδίζοντα
1623 3027 1716 3081 καὶ

224 3118 529 3183 δεικνύντα,
563 3119 641 3171 ὅτι
661 3118 734 3189 μὴ
768 3117 932 3189 οὔσης
952 3120 1173 3190 ἀρετῆς,
1205 3118 1303 3183 τὰς
1332 3118 1517 3183 θυσίας
1547 3120 1714 3172 ἀποσ-
1768 3172 1775 3181 ,

226 3212 506 3284 τρέφεται,
537 3209 565 3262 ὃ
604 3210 698 3263 καὶ
740 3209 826 3262 διὰ
854 3211 1072 3263 Ἡσαΐου
1093 3210 1273 3279 ἔλεγεν
1298 3229 1310 3241 ·
1354 3210 1416 3264 '0
1438 3210 1657 3279 ἄνομος
1683 3211 1717 3263 ό
1742 3196 1785 3253 C

226 3304 387 3356 θύων
409 3319 509 3372 μοι
527 3304 785 3371 μόσχον,
822 3302 901 3367 ὡς
929 3304 962 3354 ὁ
988 3302 1220 3354 τύπτων
1268 3301 1475 3369 ἄνδρα,
1528 3300 1620 3353 καὶ
1647 3299 1715 3353 τὰ

226 3394 375 3464 έξῆς.
438 3394 525 3446 Ἐν
558 3394 723 3446 εἰκόνι
750 3388 841 3447 οὖν
898 3393 1213 3463 σχηματίζει
1256 3392 1344 3445 τὸν
1372 3392 1564 3460 Λόγον,
1620 3391 1717 3445 καὶ

229 3486 438 3552 εἰσάγει
466 3484 554 3537 τὸν
592 3484 721 3537 Θεὸν
756 3485 815 3549 ἐξ
842 3483 1067 3555 οὐρανοῦ
1111 3484 1535 3555 παραγινόμενον
1558 3523 1574 3549 ,
1620 3485 1717 3538 καὶ

227 3575 520 3638 καθίζοντα
551 3576 851 3645 κριτήριον,
882 3576 1122 3638 καὶτοὺς
1157 3575 1265 3630 τῶν
1298 3577 1559 3631 Ἰουδαίων
1596 3577 1717 3647 κρί-

229 3683 385 3721 νοντα
418 3666 702 3737 ἄρχοντας,
729 3664 871 3731 Θεὸς
882 3664 1366 3737 θεῶνέλάλησε.]

230 3844 375 3910 Θεὸς
400 3843 548 3899 θεῶν
577 3846 789 3914 Κύριος
822 3844 1119 3912 ἐλάλησε,
1180 3845 1276 3898 καί
1313 3844 1567 3900 ἐκάλεσε
1601 3844 1716 3911 τὴν

158 3936 294 4009 τῆν.
336 3935 459 3989 Θεοὶ
504 3937 601 4006 μὲν
648 3937 698 3989 οἰ
728 3936 870 4004 ἆγιοι
900 3935 1049 4007 παρὰ
1087 3934 1163 4005 τῷ
1199 3934 1316 4005 Θεῷ
1338 3952 1351 3965 °
1378 3935 1611 3990 Δέδωκὰ
1641 3950 1716 3989 σε

157 4026 237 4093 τῷ
272 4024 481 4093 Φαραὼ
530 4027 616 4091 εἰς
653 4026 816 4079 Θεόν·
852 4025 965 4090 καὶ,
1001 4024 1145 4095 Ἐγὼ
1178 4021 1341 4081 εἶπα⁹
1376 4026 1506 4080 Θεοί
1552 4026 1711 4081 ἐστε.

1811 928 1993 981 reddet
2026 929 2122 982 tibi
2153 927 2381 982 creatori
2412 926 2719 997 liujusmodi
2764 928 2944 994 homo,
2972 942 3095 981 cum
3127 928 3244 996 ejus
3278 926 3359 982 fa-

1811 1020 2042 1075 cultates
2086 1022 2325 1075 auxeris.

1882 1112 1968 1166 l9.
2020 1111 2265 1167 Introibit
2296 1129 2454 1183 usque
2496 1116 2551 1166 in
2579 1113 2846 1181 progenies
2878 1121 3086 1179 patrum
3121 1126 3353 1165 suorum.

1810 1201 2135 1270 ltnitabitur,
2189 1204 2381 1272 inquit,
2435 1215 2647 1273 patrum
2698 1219 2918 1258 suorum
2966 1204 3202 1259 studium
3254 1223 3267 1258 :
3309 1213 3363 1259 et

1810 1308 1934 1347 cum
1964 1309 2025 1347 ex
2060 1295 2320 1364 improbis
2352 1306 2532 1348 ortum
2571 1294 2757 1359 ducat,
2789 1295 3188 1365 improbitatem
3214 1296 3360 1351 exci-

1809 1387 1938 1456 piet.
1982 1385 2152 1457 Usque
2194 1388 2248 1440 in
2276 1396 2524 1441 aeternum
2560 1403 2660 1440 non
2687 1387 2877 1441 videbit
2923 1387 3116 1441 lumen.
3160 1385 3362 1442 Omnes

1810 1478 1952 1533 enim
1980 1480 2072 1547 qui
2106 1480 2206 1532 hoc
2239 1479 2399 1531 modo
2421 1481 2681 1541 sentiunt,
2714 1479 2895 1533 animo
2922 1478 3235 1545 czecutiunt,
3267 1493 3360 1533 ne-

1810 1584 1915 1639 que
1952 1570 2006 1622 in
2054 1569 2157 1624 hac
2201 1569 2419 1623 mortali
2467 1570 2573 1623 vita
2634 1570 2836 1623 lumine
2873 1570 3193 1640 cognitionis
3236 1570 3360 1625 illu-

1810 1660 1985 1725 strati,
2012 1674 2183 1730 neque
2212 1660 2265 1713 in
2304 1658 2484 1713 futura
2508 1668 2709 1715 asterno
2737 1661 2943 1715 lumine
2981 1661 3242 1716 donandi.

2156 1749 2490 1805 PSALMUS
2549 1752 2744 1820 Asaplt.
2808 1750 3013 1806 XLIX.

2396 1844 2790 1914 Argumentum.

1812 1928 2087 1985 Psalmum
2120 1932 2267 1985 canit
2295 1931 2498 2002 Asaph,
2527 1948 2815 2003 personam
2860 1931 3099 1989 inferens
3147 1932 3361 2004 legisla-

1882 2023 2039 2088 toris,
2066 2023 2158 2094 qui
2186 2025 2409 2094 antiqua
2455 2025 2721 2079 sacriﬁcia
2764 2025 2974 2090 evertit,
3029 2034 3084 2080 et
3133 2040 3253 2095 qua:
3295 2025 3360 2080 ad

1883 2112 2089 2169 Novum
2126 2114 2531 2171 Testamentum
2584 2116 2850 2185 pertinent
2882 2116 3021 2170 dona
3053 2130 3175 2169 cum
3206 2115 3363 2170 lauoe

1884 2205 2170 2274 conjuncta
2224 2206 2401 2261 affert.
2448 2205 2470 2279 [
2514 2205 2824 2262 Judaeorum
2878 2207 3080 2277 primi,
3122 2206 3359 2277 neglecta

1880 2295 2100 2358 virtute,
2123 2294 2437 2365 religionem
2455 2296 2714 2366 putabant
2733 2312 2853 2352 esse
2871 2297 3029 2352 sitam
3064 2298 3116 2351 in
3137 2297 3363 2352 recitan-

1883 2386 1968 2440 dis
1997 2394 2051 2440 et
2085 2385 2434 2440 enuntiandis
2476 2386 2702 2455 legibus,
2734 2387 3131 2457 oﬁ'erendisque
3159 2387 3366 2443 sacriﬁ-

1883 2475 2003 2531 ciis.
2034 2473 2218 2529 Lectio
2257 2484 2439 2530 autem
2463 2476 2597 2547 legis
2624 2486 2678 2531 et
2709 2477 3101 2532 sacriﬁciorum
3139 2475 3362 2540 oblatio,

1884 2567 2099 2623 virtutis
2140 2568 2288 2622 intus
2337 2567 2647 2624 essistentis
2700 2567 2911 2624 fructus
2946 2583 3072 2624 esse
3117 2567 3311 2622 debent
3346 2584 3362 2621 :

1884 2672 1992 2728 qua
2018 2656 2302 2711 deﬁciente
2328 2657 2417 2711 illa
2444 2658 2621 2712 solum
2655 2666 2931 2723 praestare,
2959 2659 3180 2728 perinde
3204 2657 3360 2713 fueri.

1890 2765 1953 2805 ac
1982 2748 2028 2803 si
2070 2748 2195 2818 quis
2230 2758 2464 2818 ungatur
2510 2748 2577 2803 ad
2627 2750 2949 2817 palaestram,
2989 2758 3043 2804 et
3074 2750 3365 2805 certamina

1884 2842 2000 2911 ipsa
2032 2841 2165 2895 nihil
2212 2851 2386 2910 curet,
2427 2842 2626 2912 quibus
2679 2857 2878 2897 corona
2922 2842 3213 2897 obtinetur.
3261 2841 3366 2896 Eos

1897 2933 2081 3001 itaque
2134 2933 2226 3002 qui
2262 2933 2343 2988 sic
2380 2933 2555 2988 affecti
2590 2943 2737 2998 sunt,
2762 2934 3006 3003 coarguit
3035 2934 3224 2989 beatus
3273 2931 3368 2986 Da-

1884 3022 1993 3087 vid,
2048 3022 2324 3093 Deumque
2354 3023 2565 3079 inducit
2610 3026 3026 3095 esprobrantem
3076 3040 3139 3080 ac
3186 3023 3368 3080 decla-

1887 3125 2095 3170 rantem
2126 3129 2203 3179 se,
2244 3116 2290 3171 si
2325 3114 2540 3170 deﬁciat
2568 3117 2761 3182 virtus,
2799 3131 2830 3171 a
2866 3116 3144 3170 sacriﬁciis
3171 3115 3369 3169 abhor-

1886 3224 2026 3274 rere,
2057 3209 2200 3277 quod
2237 3223 2332 3278 per
2374 3208 2569 3262 Isaiam
2621 3223 2837 3277 quoque
2875 3207 3089 3261 dicebat
3126 3207 3191 3260 δ’.
3256 3204 3371 3259 lm-

1886 3298 2003 3367 pius
2048 3298 2137 3367 qui
2182 3298 2310 3350 mihi
2349 3298 2565 3351 vitulum
2608 3299 2933 3364 immolabat,
2982 3311 3058 3353 est
3097 3299 3249 3369 quasi
3280 3298 3368 3352 ille

1886 3392 1973 3459 qui
2013 3390 2179 3442 uirum
2217 3391 2392 3455 cadit,
2418 3399 2523 3447 etc.
2552 3390 2609 3445 ln
2653 3390 2888 3461 imagine
2933 3392 3095 3460 igitur
3133 3389 3365 3445 Verbum

1888 3482 2195 3548 adumbrat,
2224 3482 2534 3551 inducitque
2584 3481 2750 3535 Deum
2794 3482 2861 3536 de
2904 3481 3045 3536 ctelo
3080 3481 3367 3536 advenien-

1887 3581 2016 3639 tem,
2053 3590 2117 3629 ac
2140 3575 2415 3629 sedentem
2449 3573 2823 3642 adjudicium,
2866 3582 2918 3629 et
2958 3572 3025 3628 de
3059 3571 3363 3628 Iudaeorum

1884 3666 2219 3735 principibus
2242 3665 2506 3735 judicium
2548 3664 2828 3728 ferentem,
2872 3663 3011 3717 Deus
3046 3665 3261 3718 deorum
3287 3665 3365 3717 lo-

1887 3764 2036 3807 cutus
2070 3764 2166 3810 est.
2195 3754 2216 3827 ]

1884 3846 1936 3900 1.
1994 3844 2132 3900 Deus
2172 3847 2387 3899 deorum
2432 3845 2683 3899 Dominus
2714 3846 2918 3901 locutus
2948 3854 3045 3909 est,
3078 3856 3126 3900 st
3167 3846 3365 3899 uocauit

1815 3947 2029 3991 terram.
2076 3934 2262 3992 Sancti
2305 3945 2366 3992 ut
2413 3938 2489 3992 dii
2536 3940 2675 4008 apud
2719 3937 2885 3993 Deum
2937 3949 3065 3994 sunt
3095 3958 3108 3993 :
3141 3939 3273 3993 Dedi
3320 3950 3367 3993 te

1819 4028 2084 4083 Pharaoni
2123 4030 2179 4082 in
2223 4026 2389 4082 Deum
2436 4027 2483 4061 ⁸²
2504 4070 2521 4097 ,
2552 4038 2605 4085 et
2633 4048 2648 4084 :
2685 4027 2798 4101 Ego
2833 4031 2946 4083 dixi
2976 4046 2996 4084 :
3029 4030 3117 4083 Dii
3149 4032 3273 4085 estis
3297 4031 3361 4085 “.

156 4117 465 4174 Καλοῦνται
497 4117 553 4171 δέ
576 4117 678 4172 ὑπὸ
703 4116 796 4171 τοῦ
825 4116 958 4171 Θεοῦ
997 4119 1124 4172 πότε
1144 4159 1157 4183 ,
1187 4118 1219 4190 ἦ
1255 4119 1343 4172 ὅτε
1370 4116 1715 4190 ἐνανθρωπή-

1813 4116 2165 4185 Quandonam
2192 4115 2267 4171 ita
2289 4131 2321 4170 a
2348 4115 2458 4172 Deo
2489 4126 2770 4181 vocantur,
2808 4118 2911 4173 nisi
2948 4134 3069 4175 cum
3107 4119 3363 4175 incarna~

157 4227 257 4274 σας
279 4209 529 4280 ἐλάλησε,
560 4210 654 4263 καὶ
674 4210 850 4263 πᾶσαν
878 4211 1201 4265 συνεκάλεσε
1233 4210 1332 4282 τὴν
1368 4209 1513 4280 γῆν;
1555 4210 1619 4263 Τί
1655 4209 1713 4264 δέ

1813 4220 1899 4266 tus
1928 4210 2140 4265 locutus
2170 4218 2272 4276 est,
2296 4216 2351 4265 et
2381 4218 2546 4265 totam
2590 4211 2909 4266 convocavit
2949 4213 3186 4267 terram?
3226 4210 3363 4279 Quid

155 4302 417 4372 ἐλάλησεν
445 4299 478 4370 ἢ
510 4300 589 4365 τὸ,
619 4300 1034 4368 Πορευθέντες,
1063 4303 1474 4371 μαθητεύσατε
1519 4300 1713 4354 πάντα

1813 4317 1939 4357 vero
1999 4301 2212 4356 locutus
2255 4308 2358 4366 est,
2418 4301 2573 4355 nisi:
2625 4300 2820 4355 Euntes
2873 4302 3131 4372 baptisate
3192 4319 3365 4358 omnes

154 4395 229 4448 τὰ
252 4394 400 4461 ἔθνη
422 4432 439 4459 ,
473 4393 568 4445 καὶ
597 4392 677 4445 τόο
707 4392 807 4446 Δεῖ
842 4392 1213 4463 κηρυχθῆναι
1248 4393 1314 4447 τὸ
1349 4391 1712 4462 Euan-ator

1813 4405 1978 4465 gentes
2004 4392 2083 4459 “;
2124 4400 2177 4448 et
2221 4391 2397 4447 illud:
2451 4391 2665 4462 Oportet
2703 4394 2983 4463 pradicari
3028 4393 3366 4467 Euangelium

151 4483 332 4540 τοῦτο
360 4484 430 4537 ἐν
458 4483 571 4552 ὅλῃ
603 4482 676 4551 τῇ
703 4484 1053 4553 οἰκουμένῃ;

237 4575 340 4630 Ἐκ
368 4567 523 4629 Σιὼν
540 4576 580 4644 ἡ
604 4575 921 4645 εὐπρέπεια
947 4574 1056 4644 τῆς
1100 4576 1451 4646 ὡραιότητος
1502 4574 1705 4629 αὑτοῦ.

163 4666 261 4719 Ἐκ
318 4666 425 4738 γὰρ
461 4666 560 4738 τῆς
604 4666 714 4722 ἄνω
769 4666 907 4722 Σιὼν
966 4668 1057 4723 καὶ
1100 4667 1355 4739 δευτέραν
1414 4668 1710 4737 παρουσίαν

150 4758 459 4828 ποιήσεται.

225 4845 246 4919 ξ
274 4848 369 4900 Ἐκ
396 4847 548 4902 Σιὼν
572 4848 609 4917 ἡ
630 4849 945 4918 εὐπρέπεια
981 4846 1088 4921 τῆς
1119 4851 1469 4919 ὡραιότητος
1504 4849 1708 4904 αὑτοῦ.

153 4940 301 5005 Θεὸς
325 4939 604 5009 ἐμφανῶς
631 4941 784 5009 ἣξει.
812 4942 885 4995 Τὸ
934 4942 1057 5013 μὲν,
1082 4942 1151 4997 ἐκ
1180 4942 1352 5008 Σιὼν,
1382 4942 1480 5013 τὴν
1522 4942 1716 5013 προτέ-

153 5052 254 5105 ραν
279 5032 425 5100 λέγει
476 5035 775 5105 παρουσίαν
830 5035 1132 5105 σημαίνειν·
1180 5035 1241 5089 τὸ
1283 5034 1360 5099 δὲ,
1420 5032 1711 5102 ἐμφανῶς,

152 5126 431 5195 δευτέραν.
462 5126 618 5180 Κατά
642 5124 738 5196 μὲν
757 5122 849 5180 οῦν
870 5125 966 5197 τὴν
995 5124 1213 5197 πρώτην
1241 5123 1401 5180 αὑτοῦ
1418 5125 1714 5195 παρουσίαν

150 5218 246 5271 καὶ
273 5218 373 5287 τὴν
421 5217 622 5281 ἔνδοξον
654 5218 966 5287 θεοφάνειαν
1034 5218 1242 5272 ἐσιιὶιπα
1293 5219 1382 5271 ὑπ’
1416 5215 1712 5287 ἀνθρώπων

150 5307 487 5377 κρινόμενος,
508 5306 627 5360 οὐδὲ
658 5306 873 5378 ἐμφανῆ
891 5306 987 5378 τὴν
1010 5306 1197 5360 ἑαυτοῦ
1230 5305 1450 5375 θεότητα
1482 5303 1707 5356 ἐδείκνυ·

150 5399 371 5452 ἐπειδάν
400 5398 456 5451 δὲ
482 5399 543 5451 τὸ
577 5398 822 5471 δεύτερον
853 5400 1133 5471 ἀφίκηται,
1160 5398 1276 5469 ἥξει
1322 5396 1593 5467 ἐμφανῶς,
1618 5393 1712 5449 καὶ

148 5491 209 5543 οὐ
256 5492 759 5563 παρασιωπήσεται’
816 5490 928 5545 ἀλλ’
958 5491 1162 5560 ἐλέγξει
1214 5490 1307 5544 τοῦ
1359 5489 1561 5559 κόσμου
1614 5487 1710 5559 τὴν

150 5581 445 5652 ἁμαρτίαν.
480 5582 542 5635 Εἰ
560 5582 668 5651 γὰρ
705 5584 733 5636 ό
759 5582 887 5646 Θεὸς
933 5582 1183 5653 ἐμφανῶς
1242 5580 1378 5650 ἥξει,
1430 5582 1457 5633 ό
1498 5580 1709 5651 δὲΧρι-

221 5754 265 5787 ⁸⁸
305 5753 411 5811 lsa.
450 5771 604 5827 uvt,
643 5760 695 5814 5.
775 5760 819 5793 ⁸³
848 5760 1016 5816 Exod.
1051 5776 1144 5825 vn,
1173 5761 1221 5814 1.
1299 5761 1343 5792 ⁸³
1390 5760 1523 5819 f’sal.
1578 5776 1716 5825 τινι,

1866 5763 1909 5795 ⁸³
1944 5763 2129 5819 Matth.
2172 5783 2362 5836 xxvm,
2418 5770 2501 5826 19.

1810 4485 1903 4537 hoc
1928 4486 1983 4537 in
2016 4485 2254 4539 universo
2286 4484 2478 4537 mundo
2516 4484 2601 4537 “?

1884 4575 1939 4628 2.
1976 4573 2059 4627 Ea:
2086 4573 2215 4628 Sion
2233 4576 2425 4644 species
2466 4575 2670 4630 decoris
2693 4576 2825 4646 ejus.
2875 4574 3009 4633 Nam
3033 4593 3096 4632 ex
3126 4592 3361 4649 superna

1818 4664 1947 4721 Sion
1983 4666 2220 4721 secundo
2260 4667 2527 4723 adveniet.

1887 4854 1995 4928 [Ex
2010 4854 2134 4911 Sion
2150 4857 2338 4925 species
2350 4857 2553 4910 decoris
2568 4857 2701 4927 ejus.
2720 4856 2879 4919 Deus,
2899 4857 3168 4925 manifeste
3180 4858 3360 4913 veniet.

1818 4945 1974 5010 Illud,
1999 4962 2063 5001 ea:
2093 4944 2241 5010 Sion,
2275 4948 2511 5017 priorem
2532 4946 2970 5003 dicitadventum
3015 4948 3358 5017 signiﬁcare;

1818 5038 1949 5092 illud
1977 5046 2181 5103 autem,
2236 5039 2545 5108 manifeste,
2596 5037 2919 5093 secundum.
2975 5035 3131 5102 Quod
3180 5037 3363 5107 itaque

1815 5129 2053 5198 priorem
2083 5129 2203 5199 ejus
2226 5130 2537 5196 adventum,
2578 5136 2743 5198 atque
2779 5127 3068 5198 gloriosam
3113 5124 3207 5181 Dei
3246 5142 3361 5180 ma-

1816 5220 2239 5290 nifestationem,
2271 5223 2464 5277 silebat
2491 5223 2620 5277 dum
2652 5222 2721 5277 ab
2749 5220 3064 5275 hominibus
3081 5219 3332 5283 judicare

1815 5322 1925 5379 tur,
1949 5329 2124 5384 neque
2150 5316 2444 5385 conspicue
2461 5316 2797 5372 divinitatem
2825 5330 2979 5372 suam
3010 5314 3358 5375 ostendebat.

1816 5407 2036 5474 quando
2063 5415 2242 5461 autem
2272 5407 2511 5461 secundo
2564 5407 2804 5473 accedet,
2836 5402 3122 5460 manifeste
3156 5404 3357 5470 veniet,

1815 5504 1870 5549 et
1915 5509 2023 5548 non
2074 5495 2274 5561 silebit,
2332 5498 2423 5552 sed
2481 5506 2668 5567 arguet
2718 5495 2906 5551 mundi
2963 5503 3266 5563 peccatum.
3300 5491 3359 5547 Si

1818 5601 2051 5656 namque
2078 5586 2219 5643 Deus
2236 5589 2520 5645 manifeste
2538 5591 2738 5655 veniat,
2760 5589 3009 5645 Christus
3025 5596 3203 5643 autem
3219 5585 3361 5642 Deus

2624 5771 2667 5802 ⁸³
2706 5768 2867 5826 Marc.
2900 5785 3025 5835 xm,
3063 5767 3149 5822 i0.
