4034 6454
630 405 731 461 231

1538 399 1597 457 s.
1635 386 1999 456 ATHANASll
2036 400 2185 456 ore.
2225 396 2406 453 rans
2445 396 2530 449 ιιι.
2569 423 2639 435 -
2672 390 3080 447 meamea.

3739 388 3849 443 232

636 523 727 585 sit,
752 521 879 575 illud
907 533 1036 575 sane
1056 518 1277 581 dictum,
1311 517 1602 585 manifeste,
1622 533 1839 572 carnem
1872 516 2171 587 declarat.]
2203 528 2217 575 Α

2302 511 2397 575 πὸς
2425 510 2553 573 Θεός
2587 512 2719 572 ἐστι,
2755 509 2835 571 τὸ,
2870 505 3159 576 ἐμφανῶς,
3191 507 3296 576 ἄρα
3317 505 3411 576 τὴν
3443 505 3617 575 σάρκα
3653 505 3849 576 δηλοζ]

705 612 758 666 5.
797 610 932 666 Deus
958 607 1229 675 manifeste
1257 608 1441 660 veniet.
1500 605 1619 661 Non
1659 610 1804 662 enim
1849 609 2068 677 perinde
2103 620 2185 662 at-

638 722 743 777 que
768 706 820 759 in
848 705 1020 774 primo
1038 703 1271 757 adventu
1304 700 1585 770 incognito
1622 701 1835 765 veniet;
1864 701 1956 753 sed
1991 709 2049 752 ut
2074 702 2186 768 ipse

638 799 744 853 ait:
778 797 919 850 sicut
947 794 1125 863 fulgur
1167 792 1307 861 quod
1351 793 1530 845 omnia
1575 792 1760 861 implet
1802 791 1870 844 ab
1896 791 2102 844 oriente
2122 791 2188 845 ad

640 888 994 944 occidentem.
1015 884 1154 937 Deus
1172 892 1347 937 noster
1361 892 1409 936 et
1426 899 1522 936 non
1544 884 1739 936 silebit.
1755 881 1871 935 Non
1892 883 2027 936 sicut
2042 889 2187 947 ante,

643 982 847 1051 inquit,
879 978 1091 1040 silebat,
1130 984 1184 1029 et
1224 976 1357 1028 nihil
1404 976 1596 1044 agebat
1636 984 1823 1028 contra
1870 974 2084 1042 impios,
2117 973 2188 1025 ita

640 1081 770 1127 tunc
794 1070 914 1125 erit.
936 1067 1080 1137 Ignis
1113 1067 1164 1117 in
1186 1075 1458 1134 conspectu
1491 1066 1601 1134 ejus
1618 1063 1933 1117 exardescet.
1951 1062 2112 1132 Ignis.
2134 1071 2193 1116 ut

638 1174 856 1235 propter
886 1160 1211 1230 impietatem
1243 1168 1508 1213 merentes
1552 1156 1726 1210 tradat
1760 1154 2191 1210 comburendos:

640 1254 815 1311 simile
830 1262 1006 1308 autem
1024 1252 1153 1306 illud
1186 1276 1199 1310 :
1227 1254 1290 1309 In
1309 1259 1577 1318 conspectu
1595 1248 1739 1301 illius
1771 1246 2067 1301 solvebatur
2090 1248 2195 1314 ﬂu-

641 1348 752 1401 vius
781 1349 983 1415 igneus.
1009 1345 1132 1402 Haec
1155 1349 1271 1418 ipsa
1312 1344 1579 1400 mirabilia
1609 1356 1741 1397 sane
1761 1342 1892 1396 vidit
1922 1339 2110 1394 Daniel
2127 1340 2191 1394 “.

643 1436 863 1491 Flavius
893 1438 1062 1505 enim,
1097 1439 1294 1508 inquit,
1324 1439 1459 1506 ignis
1489 1435 1789 1490 volvebatur
1813 1435 1866 1486 in
1915 1441 2194 1501 conspectu

643 1526 789 1596 ejus:
821 1527 1035 1581 thronus
1072 1528 1186 1596 ejus
1216 1529 1433 1596 ﬂamma
1462 1526 1616 1596 ignis,
1644 1534 1773 1577 rotas
1792 1524 1903 1591 eius
1932 1523 2067 1593 ignis
2100 1538 2194 1574 ac-

648 1632 855 1670 census.
888 1615 1033 1687 Ignis
1059 1627 1259 1683 autem,
1304 1626 1398 1671 aut
1429 1616 1611 1669 lumen
1662 1628 1729 1667 ex
1767 1626 1832 1667 eo
1862 1626 2091 1665 manans
2120 1609 2197 1664 si-

644 1706 901 1777 gniﬁcat;
934 1722 1060 1761 nam
1090 1708 1292 1762 Christi
1319 1706 1679 1776 cognitionem
1714 1703 1968 1773 prazcedit
2016 1703 2197 1755 lumen

2367 603 2430 654 ’θ
2463 601 2604 666 Θεὸς
2623 600 2896 669 ἐμφανῶς
2922 599 3071 666 ἥξει.
3107 600 3182 651 Οὐ
3208 599 3314 668 γὰρ
3366 598 3507 651 κατά
3532 598 3627 669 τὴν
3654 597 3853 670 προτέ-

2289 711 2385 765 ραν
2415 692 2712 763 παρουσίαν
2740 691 3055 762 λεληθότως·
3082 691 3193 744 ἀλλ’
3226 692 3301 753 ὠς
3340 691 3499 752 αὐτός
3533 707 3718 760 φησιν,
3772 688 3854 751 ὡς

2288 786 2540 857 ἀστραπὴ
2584 783 2860 857 πληροῦσα
2909 784 3015 838 ἀπὸ
3058 784 3327 837 ἀνατολῶν
3360 783 3464 845 ἓως
3516 782 3757 852 δυσμῶν.
3795 781 3854 832 Ὀ

2292 881 2434 947 Θεὸς
2477 879 2645 949 ἡμῶν
2678 880 2773 932 καὶ
2825 880 2896 931 οὐ
2942 875 3482 945 παρασιωπήσεται.
3510 874 3622 942 Οὐχ
3664 872 3855 943 ὥσπερ

2291 974 2350 1026 τὸ
2371 973 2651 1043 πρότερον,
2682 972 2863 1041 φησιν,
2893 968 3100 1023 ἐσιώπα
3138 971 3247 1031 τοῖς
3268 966 3539 1032 ἀσεϐέσιν,
3572 965 3709 1018 οὕτω
3756 964 3857 1017 καὶ

2290 1065 2433 1116 τότε.
2460 1064 2584 1130 Πῦρ
2612 1063 2865 1115 ἐνώπιον
2918 1061 3103 1116 αὑτοῦ
3155 1059 3537 1126 καυθήσεται.
3570 1058 3707 1126 Πῦρ,
3767 1058 3858 1110 ἵνα

2292 1156 2416 1217 τοὺς
2440 1154 2617 1217 ἀξίους
2634 1153 2723 1207 διὰ
2739 1155 2836 1225 τὴν
2869 1153 3117 1207 ἀσέϐειαν
3145 1153 3319 1207 αὐτῶν
3357 1150 3602 1222 παραδῷ.
3628 1151 3859 1220 Ὅμοιον

2294 1247 2351 1298 δὲ
2382 1245 2462 1305 τὸ,
2516 1247 2890 1315 Ἐμπροσθεν
2921 1245 3103 1299 αὑτοῦ
3131 1241 3291 1299 elixa
3341 1242 3603 1312 ποταμὸς
3644 1243 3857 1309 πυρός.

2295 1336 2503 1409 Σφόδρα
2528 1336 2696 1389 ταῦτα
2723 1338 2813 1390 καὶ
2844 1340 2871 1390 ὁ
2896 1339 3160 1409 μακάριος
3197 1337 3454 1391 ἐθεάσατο
3493 1334 3711 1404 Δανιὴλ.
3746 1338 3883 1386 Ποσ-

2294 1429 2477 1497 ταμὸς
2497 1430 2621 1502 γὰρ,
2667 1430 2820 1500 φησὶ,
2854 1430 3040 1497 πυρὸς
3069 1426 3267 1483 εἷλκεν
3295 1431 3631 1498 ἔμπροσθεν
3649 1427 3859 1481 αὐτοῦ’

2297 1523 2331 1575 ό
2354 1522 2563 1590 θρόνος
2584 1522 2768 1576 αὐτοῦ
2797 1521 2952 1590 φλὸξ
2981 1524 3166 1590 πυρός
3223 1524 3278 1574 οἱ
3308 1521 3507 1590 τροχοὶ
3535 1519 3717 1573 αὑτοῦ
3739 1519 3862 1586 πῦρ

2296 1612 2541 1682 φλέγον.
2600 1612 2899 1683 (Corderius
2950 1616 3071 1682 sic.)
3100 1614 3171 1666 Τὸ
3220 1614 3275 1666 δὲ
3322 1613 3431 1684 πῦρ
3473 1612 3591 1682 me
3616 1610 3731 1680 φῶς
3763 1626 3862 1678 ση-

2302 1706 2484 1775 μαίνει
2516 1705 2576 1758 τὺ
2596 1706 2654 1772 ἐξ
2681 1705 2865 1758 αὑτοῦ·
2890 1706 2987 1775 τῆς
3012 1706 3119 1776 γὰρ
3150 1704 3399 1773 γνώσεως
3418 1703 3510 1757 τοῦ
3538 1702 3774 1774 Χριστοῦ
3796 1702 3860 1754 τὸ

651 1797 962 1867 spirituale,
1019 1797 1176 1868 cujus
1235 1799 1405 1865 ﬁgura
1470 1805 1553 1849 est
1595 1792 1845 1848 columna
1890 1790 2028 1860 ignis
2073 1806 2193 1859 quae

2302 1797 2386 1850 διὰ
2418 1799 2648 1860 πίστεως
2693 1800 2902 1867 ἡγεῖται
2953 1796 3069 1866 φῶς
3117 1797 3322 1867 νοητὸν,
3379 1789 3439 1849 οὗ
3495 1795 3661 1857 τύπος
3708 1792 3859 1846 ὀτοῦ

642 1885 894 1942 lsraelem
923 1897 1080 1943 nocte
1114 1889 1377 1954 ducebat;
1405 1896 1500 1940 aut
1534 1885 1735 1939 indicat
1760 1898 1860 1938 nos
1889 1882 2038 1937 omni
2067 1897 2191 1952 pec—

643 1985 885 2033 catorum
928 1992 1127 2049 genere
1168 1975 1391 2047 frigidos
1430 1991 1460 2030 a
1509 1973 1787 2029 Salvatore
1820 1988 2082 2029 accensos
2118 1973 2187 2027 ad

644 2069 883 2124 studium
912 2070 1094 2124 omnis
1120 2068 1269 2124 boni.
1303 2068 1447 2140 Ignis
1475 2083 1604 2123 vero
1630 2067 1717 2121 ille
1748 2080 1847 2120 ceu
1871 2066 2193 2135 spiritualis,

644 2160 817 2215 sancti
866 2159 1101 2231 Spiritus
1134 2159 1603 2230 participationem
1634 2155 1862 2211 inducit.
1898 2156 1988 2209 Ait
2037 2155 2183 2210 enim

643 2250 739 2307 ille
779 2269 793 2306 :
831 2253 1011 2322 Ignem
1063 2252 1176 2304 veni
1207 2250 1411 2303 mittere
1458 2249 1510 2301 in
1569 2256 1760 2300 terram
1795 2246 1860 2300 ⁸⁷.
1918 2243 2197 2316 Siquidem

646 2342 842 2412 spiritu
873 2341 1118 2396 viventes
1139 2339 1315 2394 eﬂ‘ecti
1364 2354 1551 2393 sumus
1586 2344 1860 2407 quotquot
1889 2335 1985 2389 tali
2023 2337 2196 2406 gratia

645 2433 851 2503 dignati
885 2447 1094 2488 sumus.
1123 2431 1487 2497 Quamobrem
1528 2431 1581 2482 in
1607 2428 1757 2481 omni
1810 2418 2199 2499 Spiritusgra-

647 2526 719 2579 tia
748 2526 888 2596 ignis
920 2524 1288 2580 manifestatio
1339 2537 1448 2576 una
1483 2521 1801 2586 inducitur;
1860 2519 2199 2590 baptizamur

645 2618 789 2672 enim
820 2618 875 2671 in
904 2616 1125 2671 Christo
1152 2616 1451 2671 secundum
1477 2611 1707 2666 Joannis
1746 2626 1934 2665 vocem
1983 2612 2038 2665 in
2080 2609 2201 2682 Spi-

648 2709 756 2762 ritu
788 2715 979 2779 sancto
1036 2715 1091 2762 et
1146 2705 1290 2775 igne.
1340 2703 1429 2757 Ait
1472 2704 1597 2756 item
1651 2701 2034 2771 prophetarum
2081 2702 2202 2771 qui-

648 2799 773 2853 dam
797 2798 871 2853 ⁸³;
917 2796 1036 2867 Ipse
1066 2797 1331 2868 egreditur
1352 2795 1503 2865 quasi
1532 2795 1668 2863 ignis
1694 2794 1929 2861 conﬂans
1974 2804 2023 2848 et
2047 2793 2201 2861 quasi

650 2892 806 2944 herba
854 2890 1152 2960 fullonum:
1201 2898 1250 2945 et
1293 2887 1567 2941 descendet
1620 2886 1854 2953 con/lane
1884 2894 1933 2939 et
1975 2901 2202 2955 purgans

649 2998 739 3036 ceu
773 2998 961 3034 aurum
1007 2990 1057 3035 et
1091 2989 1386 3050 argentum.
1411 2980 1639 3034 Omnem
1683 2980 1883 3050 quippe
1932 2980 2202 3035 maculam

648 3074 703 3127 in
734 3072 891 3126 nobis
916 3071 1171 3127 tabcl‘acit
1203 3071 1440 3142 Spiritus
1478 3073 1653 3128 sancti
1694 3073 1891 3129 virtus.
1920 3071 2027 3127 Sed
2060 3072 2197 3126 nihil

2307 1891 2516 1962 Ἰσραὴλ
2539 1892 2596 1945 ὲν
2625 1890 2776 1944 νυκτὶ
2803 1888 3249 1959 καθηγησάμενος
3279 1888 3468 1950 στῦλος
3494 1888 3682 1957 πυρός·
3709 1887 3742 1957 ἢ
3776 1887 3861 1939 ὅτι

2294 1983 2417 2045 τοὺς
2445 1981 2857 2050 ἀπεψυγμένους
2887 1981 3033 2050 ἡμᾶς
3081 1979 3157 2041 είς
3190 1978 3404 2032 ἃπασαν
3447 1977 3718 2046 ἁμαρτίαν
3764 1977 3860 2028 ἀν-

2295 2073 2643 2144 εζωπύρησεν
2677 2075 2705 2125 ὁ
2736 2072 2922 2143 Σωτὴρ
2960 2074 3039 2135 είς
3067 2070 3369 2143 προθυμίαν
3395 2069 3593 2132 παντὸς
3629 2066 3861 2136 ἀγαθοῦ·

2296 2166 2405 2236 πῦρ
2430 2163 2615 2235 ὥσπερ
2637 2164 2824 2234 νοητὸν
2848 2163 2945 2234 τὴν
2989 2162 3082 2215 τοῦ
3116 2163 3271 2228 ἁγίου
3300 2159 3616 2231 Πνεύματος
3645 2157 3862 2229 μέθεξιν

2295 2254 2564 2327 ἐμϐαλών.
2600 2256 2741 2324 Ἔφη
2769 2254 2897 2322 γοῦν
2928 2254 3008 2307 ὅτι
3033 2270 3045 2283 ·
3100 2252 3225 2319 Πῦρ
3264 2248 3454 2321 ἦλθον
3496 2250 3723 2314 ,ϐαλεῖν
3762 2249 3861 2303 ἐπὶ

2295 2346 2409 2412 τὴν
2437 2344 2570 2413 γῆν·
2606 2345 2904 2414 γεγόναμεν
2924 2344 3031 2415 γὰρ
3072 2342 3149 2414 τῷ
3177 2342 3445 2414 πνεύματι
3498 2342 3719 2407 ζῶντες,
3747 2344 3866 2397 ὅσοι

2296 2436 2397 2506 τῆς
2420 2436 2669 2508 τοιαύτης
2699 2435 2972 2507 ἠξιώμεθα
3025 2436 3259 2507 χάριτος.
3305 2436 3394 2488 Διὸ
3441 2435 3531 2488 καὶ
3583 2436 3641 2487 ὲν
3676 2437 3741 2504 τῇ
3771 2435 3864 2487 τοῦ

2297 2528 2451 2596 ἁγίου
2477 2527 2787 2597 Πνεύματος
2828 2529 3006 2599 χάριτι
3036 2529 3203 2598 πυρὸς
3260 2528 3489 2599 δήλωσις
3521 2526 3867 2598 συνεισφέρε-

2297 2637 2404 2674 cur
2444 2620 2811 2691 βαπτιζόμεθα
2844 2620 2951 2690 γὰρ
2982 2622 3038 2672 ὲν
3063 2620 3279 2689 Χριστῷ
3318 2619 3459 2672 κατὰ
3483 2619 3580 2691 τὴν
3617 2619 3867 2673 Ἰωάννου

2301 2712 2482 2781 φωνὴν
2508 2714 2564 2764 ὲν
2592 2712 2867 2782 Πνεύματι
2890 2710 3027 2781 ἁγίῳ
3060 2709 3153 2764 καὶ
3188 2710 3338 2781 πυρί.
3376 2711 3519 2780 Ἔφη
3550 2709 3607 2762 δέ
3655 2727 3739 2773 τις
3767 2711 3866 2763 καὶ

2298 2802 2407 2856 τῶν
2435 2803 2725 2874 προφητῶν
2752 2820 2766 2833 °
2815 2804 2896 2856 ὅτι
2950 2802 3142 2869 Αὐτὸς
3174 2802 3555 2870 ἐκπορεύεται
3611 2802 3691 2868 ὡς
3749 2801 3870 2869 πῦρ

2301 2892 2723 2961 χωνευτηρίου,
2756 2892 2853 2946 καὶ
2881 2893 2960 2958 ὡς
3002 2893 3121 2945 πόα
3174 2891 3547 2947 πλυνόν-των·
3596 2890 3693 2944 καὶ
3728 2892 3870 2945 καθ-

2302 2982 2468 3039 ιεῐται
2517 2985 2792 3053 χωνεύων
2832 2984 2930 3037 καὶ
2978 2980 3297 3051 καθαρίζων
3337 2984 3418 3050 ὡς
3469 2982 3534 3036 τὸ
3585 2984 3869 3053 ἀργύριον

2302 3076 2401 3128 καὶ
2452 3076 2726 3144 χρυσίον.
2791 3076 3038 3145 Ἐκτηκει
3063 3074 3171 3145 γὰρ
3218 3073 3430 3127 ἅπαντα
3456 3073 3622 3144 ῥύπον
3652 3075 3710 3125 ὲν
3738 3074 3872 3143 ἡμῖν

650 3162 851 3233 profuit
884 3161 1176 3235 Synagogaa
1201 3163 1531 3231 Iudaeorum,
1564 3166 1692 3235 quia
1719 3164 1945 3235 gratiam
1974 3178 2080 3216 non
2106 3164 2200 3216 ad-

2305 3166 2357 3237 ή’
2384 3184 2477 3219 του
2512 3166 2668 3234 ἁγίου
2712 3166 2849 3219 Πνεύ
2859 3184 3023 3237 ματος
3051 3166 3294 3237 δύναμις,
3353 3165 3489 3217 Ἀλλ’
3516 3164 3666 3218 οὐδὲν
3692 3163 3868 3235 ὢνησε

653 3258 936 3323 miserunt,
970 3257 1037 3311 de
1058 3258 1257 3327 quibus
1287 3257 1430 3327 apud
1460 3255 1749 3310 Jeremiam
1777 3255 1911 3309 dicit
1932 3254 2073 3309 Deus
2108 3255 2150 3287 δ’
2185 3276 2199 3309 :

654 3349 853 3417 Defecit
910 3349 1165 3416 con/lator
1203 3350 1266 3401 ab
1295 3349 1430 3417 igne,
1462 3348 1651 3417 defecit
1687 3347 1976 3417 plumbum.
2017 3345 2083 3399 In
2110 3364 2201 3399 va-

655 3455 780 3493 num
838 3439 1168 3509 argentarius
1203 3448 1477 3509 argentum
1516 3438 1728 3507 signat:
1760 3437 1981 3491 malitia:
2025 3453 2204 3490 eorum

658 3545 757 3583 non
792 3528 1067 3598 labefacta:
1100 3537 1242 3583 sunt.

720 3733 775 3787 ι.
812 3729 1093 3784 Advocabit
1123 3729 1309 3783 caelum
1337 3729 1631 3785 desursum.
1663 3728 1801 3784 Olim
1836 3730 1927 3799 qui
1972 3730 2025 3783 in
2059 3738 2201 3786 terra

652 3822 914 3894 degebant
941 3830 1123 3891 partes
1157 3822 1397 3892 vulpium
1442 3832 1617 3889 erant,
1649 3832 1709 3877 ut
1756 3822 1810 3877 in
1842 3822 2069 3877 Psalmis
2117 3821 2202 3876 di-

654 3925 800 3969 ctum
824 3924 905 3969 est
932 3915 1000 3975 '°,
1060 3914 1303 3982 impuros
1336 3913 1573 3969 colentes
1628 3914 1868 3982 spiritus,
1912 3924 1966 3968 et
2005 3914 2058 3967 in
2092 3912 2206 3968 sin-

654 4005 795 4076 gulis
819 4005 954 4059 locis
982 4002 1151 4059 Deum
1186 4004 1558 4059 existimantes
1585 4019 1704 4060 esse
1759 4006 1810 4059 id
1852 4005 1999 4076 quod
2035 4021 2206 4077 appa-

658 4096 827 4151 rebat.
860 4094 964 4150 Sed
988 4095 1077 4149 ubi
1101 4095 1349 4165 apparuit
1376 4093 1646 4163 Salvator,
1678 4096 1971 4152 illustravit
1999 4113 2098 4153 nos
2123 4113 2208 4152 ve-

656 4201 719 4241 ra
748 4183 838 4239 Dei
890 4184 1219 4254 cognitionis
1276 4183 1416 4251 luce,
1480 4184 1697 4239 reduxit
1728 4187 1872 4256 quod
1910 4197 2205 4253 erraverat,

654 4276 914 4346 obligavit
945 4274 1089 4344 quod
1117 4277 1526 4341 inﬁrmabatur;
1557 4286 1741 4346 utpote
1790 4286 1974 4347 pastor
2006 4279 2204 4343 bonus,

656 4365 801 4422 feras
833 4365 1041 4436 expulit
1088 4365 1157 4420 ab
1182 4367 1308 4421 ovili
1342 4368 1562 4433 ovium;
1605 4367 1963 4423 sanctiﬁcavit
1992 4368 2206 4438 spiritu,

660 4455 891 4511 munivit
918 4456 1209 4511 virtutibus
1233 4458 1512 4526 angelicis,
1562 4457 1848 4513 constituit
1891 4474 2080 4514 omnes
2113 4459 2208 4529 qui

660 4547 720 4603 in
774 4558 918 4603 terra
977 4545 1127 4599 fuere
1182 4558 1399 4603 sanctos
1442 4548 1821 4619 mysteriorum
1881 4548 2207 4605 initiatores.

664 4638 961 4693 Advocabit
985 4637 1169 4708 igitur,
1203 4638 1397 4706 inquit,
1423 4637 1643 4707 angelos
1670 4639 1762 4707 qui
1786 4639 1841 4692 in
1883 4640 2036 4694 caelis
2060 4648 2209 4705 sunt,

659 4738 715 4784 et
733 4743 828 4784 eos
854 4729 947 4800 qui
982 4729 1037 4783 in
1071 4737 1213 4783 terra
1244 4738 1311 4783 ad
1342 4729 1700 4798 apostolatum
1752 4729 1929 4784 allecti
1970 4740 2118 4795 sunt,
2148 4740 2209 4785 ut

660 4820 971 4875 discernunt
1002 4819 1256 4890 populum
1286 4819 1477 4890 ipsius.
1514 4818 1646 4874 Nam
1688 4820 1917 4888 apostoli
1947 4835 2040 4875 eos
2082 4821 2206 4890 qui-

658 4912 781 4967 dem
810 4910 904 4981 qui
947 4912 1409 4981 obtemperarnnt,
1453 4911 1563 4969 Deo
1627 4913 1891 4975 obtulere,
1957 4912 2204 4967 intldeles

671 5012 849 5055 autem
880 4998 1092 5054 Satanae
1120 5002 1486 5067 transmisere,
1535 5013 1742 5057 tantum
1796 5018 1899 5058 non
1932 5004 2201 5057 dicentes:

662 5092 948 5146 Abscedite
978 5092 1143 5161 igitur
1172 5092 1239 5145 ad
1268 5094 1440 5147 lucem
1476 5094 1616 5163 ignis
1647 5096 1832 5156 vestri,
1860 5101 1914 5146 ct
1956 5093 2023 5147 ad
2052 5092 2207 5146 llam-

662 5197 804 5237 mam
828 5198 935 5251 qua
986 5183 1255 5238 combusti
1286 5186 1435 5240 estis.
1478 5182 1679 5239 Judzeis
1722 5186 1902 5254 itaque
1950 5200 2055 5239 non
2082 5199 2205 5238 cre-

662 5271 912 5327 dentibus
961 5274 1111 5327 aiunt
1145 5275 1224 5327 "z
1272 5272 1425 5328 Vobis
1472 5277 1738 5345 oportebat
1787 5277 2013 5344 primum
2063 5275 2205 5345 loqui

663 5367 869 5417 verbum
895 5363 1025 5418 Dei:
1048 5367 1136 5419 sed
1168 5368 1413 5435 quoniam
1436 5367 1683 5436 repellitis
1713 5351 1864 5431 illud,
1892 5376 1941 5420 et
1967 5368 2208 5436 indignos

664 5471 752 5509 vos
772 5455 1027 5524 judicatis
1065 5466 1272 5512 aeterm:
1295 5461 1431 5525 vita,
1461 5477 1575 5513 ecce
1613 5462 1963 5514 convertimur
1995 5459 2063 5510 ad
2087 5475 2210 5527 gen-

669 5556 761 5598 tes.
788 5542 941 5609 Quod
967 5556 1146 5601 autcm
1179 5549 1558 5617 mysteriorum
1600 5550 2067 5619 dispensatoribus
2115 5562 2207 5601 eo-

666 5650 897 5705 rumque
928 5636 1209 5707 discipulis
1230 5641 1399 5710 angeli
1427 5641 1771 5704 auxilientur,
1807 5640 2045 5696 declarat
2070 5636 2214 5692 Pau-

738 5749 783 5781 “
812 5748 944 5803 Dan.
980 5764 1076 5812 vn,
1106 5750 1195 5808 10.
1302 5754 1342 5785 "
1376 5752 1505 5808 Luc.
1543 5772 1634 5820 xn,
1664 5756 1750 5811 49.

672 5818 718 5852 ³⁸
748 5824 867 5875 Act.
900 5833 1018 5882 nn,
1050 5820 1135 5876 46.

1860 5754 1903 5786 ⁸⁸
1933 5754 2161 5810 Malach.
2188 5767 2270 5821 ιιι,
2301 5752 2369 5819 2,
2404 5752 2456 5807 3.

2303 3256 2401 3328 τὴν
2434 3257 2697 3310 Ἰουδαίων
2745 3257 3089 3327 Συναγωγὴν,
3139 3257 3219 3309 ὅτι
3265 3256 3339 3326 μὴ
3390 3255 3485 3326 τὴν
3510 3256 3665 3326 χάριν
3701 3272 3874 3327 προσ-

2304 3353 2528 3421 ήκαντο,
2576 3350 2702 3420 περὶ
2722 3343 2799 3402 ὧν
2831 3352 2889 3402 ἐν
2916 3350 3149 3420 Ἱερεμίᾳ
3164 3348 3326 3418 φησὶν
3347 3349 3376 3399 ὁ
3393 3347 3542 3409 Θεόςο
3574 3346 3871 3411 Ἑξέλειπε

2304 3439 2584 3511 φυσητὴρ
2640 3440 2757 3495 ἀπὸ
2806 3441 3033 3508 πυρὸς,
3084 3439 3356 3503 ἐξέλειπε
3398 3438 3698 3507 μόλιϐδος.
3767 3441 3873 3504 Εἰς

2305 3532 2486 3585 κενὸν
2518 3532 2921 3601 ἀργυροκόπος
2967 3529 3375 3601 ἁργυροκοπεῖο
3435 3531 3715 3599 πονηρίαι
3766 3533 3872 3583 αὐ-

2306 3620 2425 3676 τῶν
2454 3624 2565 3675 οὐκ
2598 3621 2922 3689 ἐτάκησαν.

2374 3714 2852 3782 Προσκαλέσεται
2904 3714 3009 3766 τὸν
3052 3712 3310 3780 οὐρανὸν
3332 3712 3470 3766 ἀνω.
3520 3713 3871 3781 (Carderius.)

2306 3801 2478 3857 Πάλαι
2514 3802 2610 3872 μὲν
2642 3804 2689 3855 οἱ
2724 3802 2815 3854 ἐπὶ
2842 3802 2946 3871 γῆς
2974 3800 3187 3871 μερίδες
3237 3796 3376 3870 ἦσαν
3424 3800 3744 3862 ἀλωπέκων,
3796 3801 3872 3863 ὡς

2306 3894 2363 3946 ὲν
2384 3893 2631 3962 Ψαλμοῖς
2659 3892 2760 3944 πού
2810 3908 2973 3961 φησι,
3014 3893 3126 3955 τοῖς
3165 3890 3490 3961 ἀκαθάρτοις
3518 3890 3872 3962 λατρευοντες

2308 3985 2597 4057 πνεύμασι,
2623 3986 2715 4037 καὶ
2767 3982 2904 4037 κατὰ
2947 3984 3108 4036 τόπον
3152 3982 3379 4035 ἕκαστον
3407 3982 3537 4035 Θεὸν
3581 3981 3871 4052 ἡγούμενοί

2305 4078 2367 4131 τὸ
2384 4076 2592 4131 δοκοῦν.
2634 4076 2769 4129 Ἀλλ’
2787 4076 3066 4145 ἐπιφανεὶς
3087 4076 3115 4127 ὁ
3138 4074 3345 4143 Σωτὴρ,
3374 4072 3713 4143 ὲνήστραψεν
3742 4073 3873 4141 ἡμῖν

2306 4170 2404 4241 τῆς
2431 4168 2660 4239 ἀληθοῦς
2689 4167 3011 4236 θεογνωσίας
3064 4165 3124 4218 τὸ
3170 4164 3303 4233 φῶς,
3360 4162 3657 4232 ἐπέστρεψε
3686 4162 3749 4215 τὸ
3779 4180 3875 4214 πε-

2309 4260 2667 4331 πλανημένον,
2706 4259 2966 4331 κατέδησε
3012 4256 3074 4311 τὸ
3126 4255 3503 4329 ἡρῤωστηκὺς,
3558 4255 3635 4318 ὡς
3668 4255 3874 4326 ποιμὴν

2309 4352 2526 4422 ἀγαθὸς,
2578 4350 2880 4421 ἀπεσύὸησε
2927 4350 3050 4413 τοὺς
3078 4348 3252 4420 θῆρας
3305 4349 3404 4417 τῆς
3450 4346 3558 4399 τῶν
3584 4346 3874 4418 προϐάτων

2310 4443 2496 4514 αὑλῆςο
2528 4442 2718 4513 ἡγίασε
2742 4441 3030 4511 πνεύματι,
3060 4438 3390 4509 ἠσφαλίσατο
3432 4437 3721 4507 δυνάμεσιν
3778 4439 3875 4506 ἀγο

2310 4536 2568 4606 γελικαῖς,
2599 4535 2863 4604 ἐπέστησε
2898 4534 3021 4595 τοὺς
3041 4531 3143 4586 ἀνά
3177 4533 3355 4585 πᾶσαν
3400 4530 3498 4601 τὴν
3521 4531 3624 4600 γῆν
3685 4530 3873 4596 ἁγίους

2313 4626 2717 4699 μυσταγωγούς.
2750 4624 3179 4696 Προσκα).έσεται
3221 4623 3419 4685 τοίνυν,
3453 4622 3605 4691 φησὶ,
3662 4622 3789 4683 τοὺς
3818 4623 3873 4673 ἐν

2307 4718 2553 4787 οὐρανοῖς
2580 4714 2860 4783 ἀγγέλους,
2916 4715 3008 4768 καὶ
3056 4714 3179 4777 τοὺς
3222 4710 3625 4782 ἐξειλεγμένους
3698 4712 3756 4764 ἐν
3801 4715 3870 4781 τῇ

2308 4808 2445 4879 πρὸς
2474 4805 2795 4875 ἀποστολὴν,
2821 4804 2959 4857 ὥστε
3000 4804 3089 4857 τὸν
3138 4803 3261 4857 λαὸν
3289 4801 3450 4855 αὑτοῦ
3471 4801 3759 4871 διακρῖναι.
3812 4802 3873 4856 Ol

2307 4900 2414 4970 γὰρ
2451 4898 2731 4951 ἀπόστολοι
2765 4898 2887 4958 τοὺς
2940 4895 3037 4965 μὲν
3088 4893 3437 4963 πειθομένους
3494 4894 3873 4961 προσήνεγκαν

2310 4991 2387 5058 τῷ
2418 4990 2552 5059 Θεῷ,
2611 4987 2965 5048 ἀπιστοῦντας
3017 4986 3074 5037 δὲ
3104 4984 3179 5055 τῷ
3227 4985 3432 5052 Σατανᾷ
3486 4982 3872 5051 παρέπεμψαν,

2315 5081 2591 5153 μονονουχὶ
2629 5080 2893 5147 λέγοντες·
2946 5076 3243 5147 Πορεύεσθε
3272 5071 3384 5141 οὖν,
3443 5074 3594 5144 φησι,
3627 5072 3705 5141 τῷ
3736 5074 3874 5141 φωτὶ

2311 5172 2403 5226 τοῦ
2432 5174 2598 5245 πυρὸς
2632 5171 2781 5241 ὑμῶν
2830 5172 2923 5224 καὶ
2976 5172 3041 5240 τῇ
3076 5169 3234 5238 φλογὶ
3370 5166 3717 5230 ὲξεκαύσατε.
3753 5166 3874 5227 Τοῖς

2312 5265 2438 5333 γοῦν
2466 5264 2732 5326 Ἰουδαίοις
2753 5260 3036 5315 ἀπιστοῦσι
3058 5275 3236 5328 φασιν·
3268 5257 3432 5327 Ὑμῖν
3450 5254 3528 5327 ἦν
3546 5256 3875 5325 ἀναγνιαῖον

2315 5356 2547 5425 πρῶτον
2591 5353 2857 5423 λαλῆσαι
2904 5353 3010 5406 τὸν
3062 5354 3246 5421 λόγον
3289 5350 3395 5405 τοῦ
3438 5348 3605 5403 Θεοῦ”
3664 5348 3871 5415 ἐπειδὴ

2317 5445 2384 5498 δὲ
2426 5444 2750 5500 ἀπωθεῖσθε
2786 5440 2989 5504 αὑτὸν,
3015 5440 3111 5492 καὶ
3158 5439 3445 5503 ἀναξίους
3472 5435 3725 5500 ἑαυτοὺς
3750 5437 3871 5503 κρί-

2318 5553 2449 5592 νετε
2495 5535 2603 5601 τῆς
2629 5534 2864 5587 αἰωνίου
2895 5529 3061 5599 ζωῆς,
3107 5529 3233 5583 ίδοὺ
3264 5530 3631 5598 στρεφόμεθα
3667 5530 3755 5591 εἰς
3806 5526 3877 5578 τὰ

2318 5634 2481 5699 ἔθνη.
2511 5630 2633 5683 Ὅτι
2678 5626 2735 5679 δὲ
2782 5629 2893 5688 τοῖς
2946 5622 3358 5695 μυπαγωγοῦσι
3413 5621 3643 5683 καὶτοῖς
3697 5618 3874 5671 αὐτῶν

2562 5745 2829 5802 "Jcrem.
2881 5739 3070 5809 ",28,
3106 5739 3195 5793 29.
3302 5738 3348 5771 ⁸⁸
3378 5733 3521 5791 Psal.
3576 5748 3715 5797 un,
3785 5731 3869 5787 ll.
