4034 6466
162 410 268 464 253

1258 392 1616 449 EXPOSITIO
1650 391 1713 445 ιΝ
1755 390 2086 444 PSALMUM
2127 387 2305 437 XLIX.

3269 375 3376 430 234

166 523 433 593 μαθηταῖς
472 518 904 589 συμπράττουσιν
962 513 1211 581 ἄγγελοι,
1272 513 1418 585 δηλοῖ
1472 511 1643 578 λέγων
1698 512 1726 562 6

1851 522 1913 561 us
1939 506 2123 560 dicens
2147 502 2190 533 “
2216 520 2228 555 :
2268 498 2452 553 Nonne
2471 512 2644 550 omnes
2666 505 2783 549 sunt
2807 494 3245 548 administratorii
3268 494 3378 562 spt-

163 614 395 675 Παῦλοςο
436 608 581 679 Οὐχί
605 608 829 672 πάντες
856 606 975 659 εἰσὶ
1009 604 1378 673 λειτοιῃογιχὰ
1402 603 1723 670 πνεύματα,

163 709 248 770 είς
274 701 584 776 διακονίαν
609 698 1100 764 ἀποστελλόμενα
1113 695 1207 747 διὰ
1232 693 1370 759 τοὺς
1391 693 1727 762 μέλλοντας

163 792 558 863 κληρονομεῖν
593 791 927 858 σωτηρίαν;
979 787 1145 840 Τοῦτο
1178 786 1271 840 καὶ
1309 788 1341 855 ὴ
1375 785 1571 855 κλίμαξ
1602 784 1726 854 ἐδή-

164 886 358 943 λωσεν,
386 883 452 953 ἢν
484 876 623 933 εἶδεν
667 877 858 931 Ἰακὼϐ
918 877 1014 947 τὴν
1058 878 1120 928 ὲκ
1176 876 1279 944 γῆς
1331 874 1616 945 διήκουσαν
1650 875 1728 935 είς

164 977 254 1029 τὸν
287 974 534 1045 οὐρανὸν,
567 973 650 1041 ἐφ’
695 965 762 1042 ἦς
806 970 1164 1038 ὲπεστήρικτο
1196 966 1416 1037 Κύριος,
1444 965 1554 1018 ἄνω
1582 964 1729 1017 κάτω

163 1065 483 1119 διαθεόντων
530 1061 791 1130 ἀγγέλων.
830 1058 1077 1112 Τοιοῦτον
1105 1057 1197 1110 καὶ
1223 1057 1284 1108 τό
1306 1073 1319 1086 ·
1362 1054 1736 1123 Παρεμόαλεῖ

163 1158 381 1227 Κύριος
410 1156 614 1218 κύκλῳ
639 1152 755 1207 τῶν
773 1151 1156 1221 φοϐουμένων
1195 1149 1395 1208 αὐτὸν,
1430 1148 1527 1200 καὶ
1547 1149 1731 1215 ῥύσε-

164 1266 257 1302 ται
282 1247 525 1310 αὐτούς’
561 1244 626 1297 δι’
659 1236 733 1296 ὧν
763 1238 855 1295 οὖν
885 1242 1291 1313 συμπράττουσι
1313 1239 1406 1290 καὶ
1432 1239 1585 1291 αὐτοὶ
1615 1238 1730 1290 δια-

163 1340 408 1411 κρίνουσι
432 1336 521 1388 τὸν
558 1334 703 1387 λαόν.

232 1428 719 1497 Προσκαλέσεται
738 1425 843 1479 τὸν
873 1422 1132 1491 οὐρανὸν
1151 1420 1286 1475 ἅνω.
1309 1421 1351 1473 Τ
1354 1422 1447 1484 οὺς
1472 1421 1729 1485 δικαίους,

164 1522 318 1593 φησὶ,
338 1519 463 1582 τοὺς
496 1519 743 1590 οὐράνιον
769 1514 1038 1569 πολιτείαν
1065 1512 1493 1584 ἐπιτηδεύοντας,
1522 1512 1733 1577 συνάξει

164 1617 243 1677 εἰς
270 1614 368 1675 τὰς
400 1611 513 1665 ἀνω
548 1610 732 1680 μονάς.
762 1608 868 1662 Kal
902 1606 1015 1672 τὴν
1044 1604 1157 1675 γῆν
1184 1604 1288 1657 τοῦ
1318 1603 1608 1673 διακρῖναι
1628 1604 1735 1656 τὸν

163 1704 318 1760 λαὸν
375 1703 581 1757 αὐτοῦ.
632 1703 772 1764 Τοὺς
830 1697 1182 1769 ἁμαρτωλούς
1215 1712 1346 1767 φησι
1383 1696 1475 1750 καὶ
1530 1696 1733 1759 πάντας

164 1800 288 1861 τοὺς
318 1797 409 1848 ἐπὶ
430 1796 526 1865 τῆς
556 1795 658 1864 γῆς
689 1791 931 1857 συνάξαι,
989 1791 1080 1843 ἐπὶ
1125 1789 1184 1843 τὸ
1209 1786 1436 1863 χωρίσαι
1480 1788 1605 1851 τοὺς
1660 1787 1737 1840 δι-

165 1889 352 1950 καίους
382 1888 488 1939 τῶν
523 1887 595 1956 μὴ
633 1882 903 1937 τοιούτων.

236 1975 607 2045 Συναγάγετε
635 1971 793 2037 αὐτῷ
822 1972 963 2037 τοὺς
985 1971 1192 2037 ὁσίους
1234 1969 1441 2025 αὐτοῦ.
1483 1970 1567 2033 Ὠς
1599 1970 1733 2041 πρὸς

167 2070 291 2131 τοὺς
322 2066 584 2135 ἀγγέλους
609 2063 637 2114 6
670 2064 843 2133 λόγος,
893 2064 1033 2116 κατὰ
1066 2063 1125 2116 τὺ
1175 2062 1461 2135 εἰρημένον
1503 2063 1607 2115 ὑπὸ
1641 2061 1734 2114 τοῦ

167 2163 393 2235 Κυρίου·
465 2160 573 2215 Kal
630 2157 956 2214 ἀποστελεῖ
1006 2157 1147 2223 τοὺς
1191 2155 1483 2227 ἀγγέλους
1527 2155 1733 2215 αὑτοῦ,

167 2257 266 2311 καὶ
293 2254 633 2319 συνάξουσι
668 2253 808 2318 τοὺς
837 2252 1104 2317 δικαίους
1151 2251 1219 2304 ἐκ
1278 2249 1394 2303 τῶν
1428 2248 1739 2317 τεσσάρων

167 2349 405 2418 ἀνέμων
433 2347 542 2416 τῆς
582 2344 716 2414 γῆς·
776 2344 916 2408 τοὺς
964 2340 1347 2411 διαθεμένους
1391 2340 1505 2409 τὴν
1535 2338 1737 2406 διαθή-

167 2458 289 2510 κην
333 2437 522 2495 αὐτοῦ
574 2437 672 2490 ἐπὶ
713 2436 946 2501 θυσίας.
989 2433 1187 2498 Θυσίας
1242 2433 1341 2498 τὰς
1366 2432 1739 2503 πνευματικὰς

168 2532 342 2601 λέγει.

237 2625 347 2678 Καὶ
373 2621 821 2692 ἀναγγελοῦσιν
852 2622 907 2673 οἱ
935 2617 1177 2687 οὐρανοὶ
1199 2616 1313 2685 τὴν
1348 2616 1743 2681 δικαιοσύνην

168 2716 376 2771 αὑτοῦ.
397 2716 711 2782 Δοξάσουσι,
747 2713 930 2784 φησιν,
954 2712 1003 2764 οἱ
1030 2710 1248 2780 οὐρανοὶ
1279 2707 1368 2761 τὸν
1398 2707 1547 2770 Θεὸν,
1578 2707 1659 2759 ὅτι
1677 2705 1741 2777 δὴ

170 2811 266 2863 καὶ
334 2806 654 2879 ἀνθρώπους
712 2805 822 2858 τῶν
880 2804 1143 2874 οὐρανίων
1189 2798 1476 2870 διατριϐῶν
1521 2798 1739 2868 ἠξίωσε,

171 2900 525 2971 (Corderius.)
555 2897 810 2950 Βούλεται
830 2894 957 2956 τοὺς
990 2892 1167 2954 ὁσίους
1189 2890 1282 2942 τοῦ
1326 2889 1588 2958 πρότερον
1616 2887 1742 2941 λαοῦ

170 2991 280 3061 πρὸ
329 2990 427 3060 τῆς
458 2987 753 3060 μελλούσης
792 2985 1025 3055 κρίσεως
1049 2980 1253 3034 παῦσαι
1302 2981 1401 3043 τῆς
1426 2980 1615 3042 Θυσίας
1648 2979 1746 3049 τῆς

172 3084 260 3138 διά
290 3082 399 3134 τῶν
425 3082 637 3149 ἀλόγων
668 3080 820 3143 ζώων
865 3076 1097 3147 σφαγῆς,
1148 3074 1433 3128 ἀναλαϐεῖν
1468 3072 1567 3143 τὴν
1627 3071 1744 3125 κατ’

1829 600 1963 651 ritus
1994 598 2046 649 in
2071 592 2419 647 ministerium
2442 591 2586 641 missi
2617 598 2826 656 propter
2851 603 2936 640 eos
2962 586 3051 656 qui
3100 582 3379 638 heredita-

1830 698 1933 741 tem
1958 684 2161 752 capturi
2188 690 2308 734 sunt
2333 678 2568 732 solutis?
2624 675 2735 730 lloc
2776 676 2899 727 item
2930 675 3184 727 indicavit
3227 674 3373 727 scala

1828 774 2157 847 quam.vidit
2202 771 2367 825 Jacob
2391 786 2421 823 a
2448 781 2587 823 terra
2624 769 2687 821 ad
2736 768 2933 821 caelum
2960 768 3375 835 pertingentem,

1829 885 1990 939 super
2022 882 2129 938 qua
2190 867 2415 918 firmiter
2456 861 2788 917 consistebat
2844 858 3126 920 Dominus,
3176 858 3381 927 angelis

1829 976 2047 1017 sursum
2081 958 2334 1013 deorsum
2368 953 2799 1008 discurrentibus
2825 952 2888 1002 ”.
2918 948 3197 1018 Ejusmodi
3253 949 3381 1002 item

1830 1053 1961 1108 illud
1991 1060 2115 1105 est:
2151 1046 2627 1105 Castrametabitur
2654 1046 2907 1097 Dominus
2955 1044 3009 1094 in
3056 1041 3282 1094 circuitu
3317 1040 3384 1092 ti-

1830 1144 2081 1195 mentium
2108 1157 2248 1205 eum,
2280 1148 2329 1192 et
2361 1139 2546 1205 eripiet
2572 1153 2657 1189 eos
2688 1136 2756 1199 l“;
2788 1137 2915 1188 dum
2944 1134 3125 1202 itaque
3174 1132 3249 1184 illi
3288 1146 3385 1184 au-

1831 1234 2113 1296 xiliantur,
2152 1232 2470 1286 discernunt
2509 1230 2787 1297 populum.

1902 1413 2187 1468 Advocabit
2239 1413 2423 1466 calum
2486 1410 2779 1463 desursum.
2824 1405 3009 1460 Justos
3038 1402 3266 1465 scilicet,
3294 1401 3388 1469 qui

1832 1507 2051 1564 caeleste
2078 1507 2382 1560 institutum
2418 1509 2714 1564 sectantur,
2743 1495 3090 1567 congregabit
3114 1495 3165 1547 iu
3197 1508 3390 1562 super-

1832 1599 1919 1655 nis
1975 1598 2369 1653 mansiOnibus.
2424 1594 2489 1648 Et
2545 1605 2739 1647 terram
2785 1591 3079 1644 discernere
3134 1586 3383 1655 populum

1831 1707 2005 1746 suum.
2042 1689 2358 1744 Peccatnres
2383 1688 2535 1756 jubet
2557 1698 2853 1752 omnesque
2877 1682 2929 1735 in
2962 1689 3105 1735 terra
3128 1679 3385 1747 degentes

1836 1796 2186 1855 congregare,
2233 1781 2299 1834 ad
2355 1777 2715 1849 separandum
2740 1776 2920 1846 justos
2968 1788 2999 1826 a
3043 1786 3153 1825 non
3200 1768 3386 1839 justis.

1905 1964 1957 2017 5.
1987 1961 2305 2032 Congregate
2333 1959 2417 2013 illi
2442 1967 2652 2012 sanctos
2687 1958 2821 2025 ejus.
2856 1954 3024 2021 Quasi
3062 1952 3126 2007 ad
3160 1950 3381 2017 angelos

1834 2067 1918 2111 est
1949 2071 2147 2119 sermo,
2178 2054 2330 2123 juxta
2360 2052 2487 2105 illud
2517 2067 2547 2105 a
2578 2049 2810 2103 Domino
2834 2049 3038 2101 dictum
3063 2063 3075 2100 :
3124 2044 3191 2098 Et
3220 2045 3390 2097 mittet

1838 2147 2049 2217 angelos
2096 2161 2239 2205 suos,
2294 2155 2343 2197 et
2397 2141 2786 2212 congregabilia
2822 2138 2997 2207 justas
3043 2152 3107 2191 ex
3154 2144 3386 2206 quatuor

1837 2242 2000 2295 uentis
2035 2249 2188 2293 terrce
2217 2238 2283 2291 ".
2319 2236 2422 2300 Qui
2452 2235 2705 2288 ordinant
2743 2241 3113 2285 testamentum
3159 2229 3272 2297 ejus
3303 2242 3395 2279 su-

1837 2342 1928 2396 per
1956 2325 2239 2392 socriﬁcia.
2267 2321 2546 2377 Sacrilicia
2578 2320 2710 2375 dicit
2748 2318 3071 2389 spiritualia.

1910 2617 1963 2672 6.
1992 2617 2060 2670 Et
2090 2616 2479 2670 annuntiabunt
2510 2618 2622 2670 caeli
2649 2616 2921 2685 justitiam
2962 2617 3093 2685 ejus.
3132 2615 3397 2682 Gloriam,

1842 2709 2040 2779 inquit,
2066 2707 2176 2763 Deo
2223 2709 2466 2762 tribuent
2517 2708 2665 2771 caeli,
2713 2707 2840 2777 quia
2892 2708 3103 2763 scilicet
3154 2708 3401 2762 homines

1844 2804 2161 2859 caelestibus
2224 2802 2603 2857 mansionibus
2650 2802 2903 2869 dignatus
2970 2810 3073 2854 est.
3124 2800 3286 2870 Optat
3342 2808 3403 2854 ut

1849 2894 2022 2948 sancti
2058 2892 2258 2963 prioris
2290 2893 2475 2962 populi
2504 2902 2627 2946 ante
2653 2890 2900 2945 futurum
2939 2888 3205 2960 judicium
3238 2892 3401 2945 [linem

1846 2982 2051 3036 faciant
2085 2982 2343 3036 sacrificii
2398 2998 2493 3051 per
2532 2982 2918 3036 mactationem
2951 2981 3238 3036 brutorum
3285 2982 3405 3037 ﬂeri

1848 3074 2013 3138 soliti,
2045 3083 2099 3129 et
2127 3074 2258 3127 illud
2293 3083 2578 3127 assumant
2611 3075 2754 3141 quod
2786 3073 3083 3128 secundum
3116 3072 3403 3127 scientiam

172 3174 481 3243 ἐπιστήμην
506 3171 600 3225 καὶ
627 3168 844 3238 γνῶσιν.
896 3167 1016 3219 Ἐπὶ
1072 3164 1128 3217 δὲ
1169 3163 1374 3225 τούτοις
1419 3161 1510 3215 τὸν
1558 3160 1747 3232 κριτὴν

1849 3175 1903 3220 et
1929 3166 2291 3238 cognitionem
2337 3165 2583 3219 odertur.
2616 3165 2792 3235 Super
2821 3166 2908 3219 his
2949 3164 3198 3220 celestes
3230 3164 3402 3219 virtu-

173 3269 230 3320 αἱ
266 3266 511 3336 οὐράνιαι
536 3262 797 3330 δυνάμεις
820 3256 1164 3326 ἀκιυμνοῦσιν,
1190 3255 1269 3307 ὅτι
1321 3253 1428 3306 ἀπὸ
1453 3252 1560 3306 τῶν
1586 3252 1747 3305 ὁσίων

1856 3269 1934 3313 tes
1967 3261 2204 3325 judicem
2232 3258 2687 3328 celebraut,_quia
2734 3272 2765 3311 a
2826 3257 3030 3311 sanctis
3093 3255 3299 3325 incipit,
3350 3263 3405 3309 et

174 3353 610 3427 κατήρξατο,καὶ
623 3353 671 3404 oi
696 3349 912 3420 οὐρανοὶ
944 3345 1314 3414 διαγγέλλουσι
1346 3343 1443 3415 τὴν
1479 3341 1751 3397 δικαιοσύ-

175 3465 274 3516 νην
298 3444 483 3507 αὑτοῦ,
528 3441 909 3512 συγχαίροντες
948 3436 1127 3492 αὐτῶν
1167 3438 1232 3506 τῇ
1274 3433 1535 3505 σωτηρίᾳ.
1584 3433 1658 3487 Τὸ
1691 3432 1750 3486 δὲ

176 3541 275 3610 τῆς
308 3539 410 3608 γῆς
468 3534 781 3605 οἰκητήριον
813 3529 890 3600 τῷ
953 3530 1027 3600 μὴ
1079 3528 1175 3598 τῆς
1227 3525 1477 3596 οὐρανίου
1509 3525 1750 3596 κλήσεως

178 3629 467 3701 ἡξιωμένῳ
496 3626 735 3693 τάγματι
758 3618 1227 3689 καταληφθήσεται
1256 3617 1353 3687 (ο).
1387 3616 1514 3668 Ὅτι
1545 3618 1576 3669 ό
1610 3614 1752 3679 Θεὸς

179 3720 389 3791 κριτής
409 3719 598 3772 ἐστιν.
638 3711 901 3767 Ἐνταῦθα
923 3710 1203 3782 προδήλως
1236 3708 1324 3760 τὸν
1354 3705 1586 3778 Χριστὸν
1607 3704 1751 3771 λέγει

180 3813 330 3867 Θεὸν·
358 3812 535 3864 πᾶσαν
565 3807 673 3879 γὰρ
717 3806 816 3876 τὴν
873 3802 1052 3872 κρίσιν
1094 3799 1323 3853 δέδωκεν
1374 3800 1403 3851 6
1462 3794 1650 3865 Πατὴρ
1677 3794 1751 3864 τῷ

183 3904 316 3976 Υἱῷ.
365 3902 477 3956 Καὶ
528 3901 576 3953 εί
627 3900 803 3951 πᾶσαν
844 3894 943 3965 τὴν
996 3892 1176 3964 κρίσιν
1222 3890 1448 3943 δέδωκεν
1493 3890 1521 3940 6
1566 3884 1752 3955 Πατὴρ

182 3996 256 4067 τῷ
292 3994 473 4065 Υίῷ,ὀ
501 3992 556 4047 δὲ
576 3991 708 4052 Θεὸς
741 3989 931 4058 κριτής
959 3988 1092 4038 ἐστι’
1118 3984 1248 4046 Θεός
1276 3985 1420 4035 ἐστιν
1449 3982 1477 4033 6
1502 3978 1749 4050 Χριστός.

255 4091 572 4146 Ἄκουσον,
608 4082 756 4147 λαός
772 4097 911 4149 μου,
965 4077 1065 4130 καί
1103 4074 1354 4141 λαλήσω
1378 4086 1497 4126 σοι.
1540 4069 1754 4133 Καινῶς

182 4176 504 4251 νομοθεσίας
559 4170 864 4242 είσαγωγὴν
913 4168 1253 4239 ποιούμενος,
1316 4165 1401 4217 ἵνα
1449 4163 1636 4233 μήτις
1665 4162 1755 4213 ἁν-

182 4272 454 4347 θρὼπινον
509 4268 598 4322 τὸν
642 4266 798 4333 λόγον
859 4263 893 4333 ἧ
946 4278 1085 4323 τινος
1133 4256 1427 4327 ἀγγελικῖκ
1476 4252 1753 4322 δυνάμεως

185 4346 466 4421 ὑπολάϐοι.
508 4358 797 4431 προτάττει
846 4355 926 4417 τὺ,
965 4353 1027 4406 '0
1052 4351 1193 4416 Θεὸς
1220 4352 1251 4402 d
1294 4348 1437 4413 Θεός
1474 4346 1587 4398 σού
1641 4346 1752 4411 εἰμι

187 4455 318 4525 ἐγώ.
358 4452 423 4504 'H
447 4450 504 4502 δὲ
530 4448 734 4501 διάνοια
757 4443 912 4513 αὕτη·
945 4444 1034 4513 Μὴ
1071 4439 1255 4512 νόμιζε
1282 4440 1464 4507 ἕτερον
1503 4432 1638 4489 εἷναί
1668 4451 1757 4505 με,

1851 3382 1973 3438 caeli
2017 3382 2345 3437 annuntiant
2381 3379 2649 3451 justitiam
2694 3380 2844 3447 ejus,
2892 3378 2959 3431 de
2992 3392 3180 3431 eorum
3232 3376 3407 3430 salute

1848 3494 1959 3534 una
2001 3475 2265 3531 laetantes.
2314 3473 2614 3528 Terrenum
2657 3485 2784 3523 vero
2827 3467 3165 3523 domicilium
3215 3466 3265 3522 ei
3317 3479 3410 3523 or~

1848 3569 1963 3626 dini
2017 3568 2354 3637 relinquetur
2417 3564 2511 3634 qui
2555 3578 2639 3618 cm
2660 3563 2763 3616 esti
2816 3562 3103 3616 vocatione
3155 3558 3410 3629 dignatus

1850 3677 1958 3715 non
1982 3659 2165 3714 fuerit.
2196 3658 2459 3723 Quoniam
2488 3656 2626 3709 Deus
2657 3656 2825 3725 judea:
2862 3666 2961 3712 est.
2998 3652 3097 3708 Hic
3126 3652 3413 3708 manifeste

1848 3755 2125 3809 Christum
2168 3752 2301 3807 dicit
2344 3750 2552 3804 Deum:
2604 3764 2727 3803 nam
2760 3764 2923 3801 omne
2960 3747 3227 3817 judicium
3264 3745 3413 3801 dedit

1852 3846 2009 3901 Pater
2038 3843 2179 3899 Filio
2209 3845 2275 3899 “.
2303 3843 2512 3910 Quodsi
2536 3858 2696 3898 omne
2734 3841 2998 3911 judicium
3044 3838 3192 3893 dedit
3228 3837 3327 3901 illi,
3354 3847 3414 3892 et

1854 3939 1997 3995 Deus
2028 3938 2197 4009 judex
2237 3945 2321 3991 est
2351 3952 2365 3989 :
2408 3952 2541 4007 ergo
2569 3932 2708 3989 Deus
2742 3942 2823 3989 est
2861 3931 3135 3988 Christus.

1917 4033 1971 4087 7.
2010 4030 2185 4116 Audin
2211 4029 2431 4099 populus
2477 4044 2638 4091 meus,
2670 4036 2721 4081 et
2756 4027 2944 4097 loquar
2988 4025 3102 4079 tibi.
3150 4021 3286 4080 Cum
3317 4036 3417 4077 no-

1854 4145 1975 4183 vam
2005 4128 2399 4199 legislationem
2434 4124 2823 4190 introduceret,
2855 4140 2922 4178 ne
2955 4124 3078 4193 quis
3117 4122 3417 4175 humanum

1855 4224 2080 4280 verbum
2114 4238 2233 4277 esse
2254 4262 2268 4287 ,
2304 4231 2395 4276 aut
2421 4235 2448 4273 ιι
2483 4220 2715 4289 quadam
2744 4217 2989 4287 angelica
3024 4214 3223 4270 virtute
3254 4213 3420 4284 protl-

1857 4318 1989 4375 cisci
2037 4316 2392 4376 existimaret,
2436 4311 2714 4382 praemittit
2756 4309 2927 4366 illud:
2959 4306 3099 4362 Deus
3128 4303 3270 4360 Deus
3298 4315 3420 4359 tuus

1850 4424 1942 4479 ego
1971 4424 2109 4465 sum.
2144 4406 2270 4463 Haec
2299 4414 2480 4461 autem
2506 4413 2591 4460 est
2615 4401 2923 4459 «nuntia:
2952 4397 3033 4456 Ne
3058 4410 3217 4473 putes
3253 4397 3421 4454 alium

186 4512 273 4600 δίά
295 4543 359 4595 τὸ
392 4542 553 4611 ἕτερα
596 4537 901 4608 νομοθετεῖν
930 4512 1186 4604 σήμερονο
1225 4530 1337 4584 ἀλλ’
1359 4528 1519 4591 αὐτὸς
1552 4526 1747 4591 ἐκεῖνός

1861 4541 1949 4581 me
1997 4537 2144 4591 esse,
2193 4516 2342 4588 quod
2386 4514 2545 4570 hodie
2595 4514 2732 4569 alias
2791 4512 3034 4569 sanciam
3082 4515 3225 4585 leges
3265 4533 3277 4570 :
3322 4512 3416 4569 sed

188 4639 304 4705 εἰμι
340 4634 369 4685 6
409 4630 558 4701 παρὰ
601 4628 772 4696 Μωσῇ
827 4624 899 4677 τά
956 4623 1083 4693 περὶ
1128 4619 1328 4673 θυσιῶν
1373 4616 1753 4688 νομοθετήσας.

188 4721 553 4793 Μαρτύρομαι
574 4718 630 4771 δέ
652 4734 733 4779 σε,
773 4716 847 4778 ὡς
874 4715 974 4767 οὐκ
1011 4710 1324 4782 ἑγκληθήσῃ
1347 4706 1599 4779 παραϐὰς
1634 4707 1762 4767 τοὺς

189 4815 345 4887 παρὰ
372 4814 541 4881 Μωσῇ
571 4809 786 4880 νόμους.
818 4806 989 4870 Αὐτὸς
1004 4804 1111 4875 γάρ
1130 4804 1244 4872 εἰμι
1271 4803 1300 4853 6
1330 4802 1488 4854 κάκεῖ
1514 4795 1765 4861 διαταξά-

194 4923 357 4978 μενος
381 4902 461 4974 τῷ
488 4901 638 4955 παιδί
666 4918 765 4971 μου
796 4897 1194 4969 συμφερόντως,
1229 4892 1322 4946 καὶ
1346 4890 1442 4944 νῦν
1476 4890 1598 4944 τάδε
1632 4904 1761 4978 μαρ-

191 4977 551 5067 τύρομαι.ὃτι
580 4990 653 5061 μὴ
675 4989 883 5057 ἀνάγκη
930 5003 1011 5040 σοι
1058 4985 1125 5039 τὰ
1158 4984 1287 5054 περὶ
1338 4980 1535 5035 θυσιῶν
1567 4977 1763 5050 φυλάτ-

191 5104 311 5140 «raw
336 5085 561 5155 νόμιμα.
598 5081 715 5135 Κᾶν
746 5080 854 5150 γὰρ
912 5078 986 5150 μὴ
1019 5078 1332 5149 προσφέρῃς
1374 5075 1529 5139 αὐτὰ,
1588 5073 1760 5138 οὕτως

196 5172 677 5248 προσενηνεγμένα
723 5171 859 5223 ὶστί.
896 5168 972 5223 Τὰ
996 5167 1102 5241 γὰρ
1130 5162 1591 5235 όλοκαυτώματό
1644 5180 1761 5217 σου

195 5267 454 5325 ἐνώπιόν
492 5266 609 5334 μού
660 5262 791 5316 ἐστι
846 5257 1189 5325 διαπαντὸς,
1230 5257 1331 5312 κᾶν
1360 5256 1433 5328 μὴ
1454 5254 1765 5327 προσφέρη-

196 5376 310 5414 ται.
344 5358 406 5410 Et
427 5356 485 5410 δὲ
522 5354 581 5419 ἐξ
611 5352 848 5412 ἅπαντος
878 5349 1193 5414 σπουδάζεις
1237 5348 1425 5419 ῶσπερ
1454 5345 1576 5400 τινὰ
1605 5345 1764 5416 τίμια

198 5452 294 5507 καὶ
344 5450 614 5517 ἀναγκαῖα
658 5444 829 5500 ταῦτα
877 5442 1191 5514 προσάγειν,
1244 5442 1405 5496 ἄκουε
1454 5438 1590 5511 μετά
1622 5439 1764 5506 παῤ-

199 5544 416 5618 ῥησίας,
449 5542 524 5603 ὡς
557 5540 707 5593 οὐδὶν
736 5536 939 5591 τούτων
967 5534 1118 5606 παρά
1138 5533 1231 5589 σοῦ
1254 5534 1490 5605 δέξομαι.
1527 5529 1763 5602 Περιττά

1860 4618 1999 4671 idem
2028 4616 2141 4683 ipse
2158 4627 2279 4668 sum
2313 4609 2409 4684 qui
2463 4608 2602 4678 apud
2654 4606 2858 4663 Mosem
2904 4607 2975 4665 de
3023 4607 3309 4663 sacriuciis
3336 4607 3417 4661 le-

1860 4721 1978 4775 gem
2020 4704 2139 4757 tuli.
2188 4701 2472 4757 Testiﬁcor
2513 4707 2692 4753 autem
2736 4699 2833 4753 tibi
2884 4708 2940 4753 te
2993 4715 3101 4753 non
3136 4699 3417 4768 culpatum

1863 4796 1929 4850 iri
1962 4797 2007 4849 si
2048 4795 2193 4864 leges
2224 4792 2389 4848 Mosis
2430 4803 2850 4861 praetergressus
2878 4791 3066 4843 lueris.
3124 4787 3245 4858 Ipse
3270 4789 3419 4843 enim

1861 4902 1963 4957 ego
2008 4902 2129 4941 sum
2180 4886 2273 4954 qui
2328 4885 2450 4939 illas
2482 4893 2613 4937 tunc
2650 4896 2815 4951 puero
2851 4875 2975 4935 meo
3018 4880 3083 4934 ad
3133 4881 3420 4935 utilitatem

1862 4977 1980 5048 ejus
2008 4976 2225 5039 tradidi,
2254 4983 2309 5030 et
2354 4974 2466 5043 jam
2515 4974 2795 5035 testiﬁcor,
2834 4972 2931 5025 tibi
2974 4986 3083 5025 non
3130 4986 3421 5028 necessum

1863 5080 1986 5122 esse
2019 5065 2207 5135 legalia
2236 5065 2301 5118 de
2335 5061 2621 5118 sacriﬁciis
2655 5070 2922 5132 praecepta
2949 5075 3191 5117 servare.
3218 5058 3424 5115 Etiam-

1865 5158 1911 5211 si
1945 5156 2089 5212 enim
2126 5171 2189 5208 ea
2224 5169 2330 5208 non
2360 5154 2644 5219 obluleris,
2694 5152 3052 5208 nihilominus
3100 5157 3228 5209 sunt
3270 5151 3423 5206 obla-

1868 5258 1954 5303 ta:
1987 5262 2109 5301 nam
2152 5245 2480 5300 Holocousta
2508 5257 2599 5299 tua
2623 5246 2679 5297 in
2722 5251 3000 5313 conspectu
3036 5251 3124 5297 tuo
3147 5253 3267 5296 sunt
3292 5258 3425 5297 sesu-

1864 5358 1974 5412 per,
2006 5342 2219 5398 etiamsi
2270 5357 2379 5395 non
2420 5340 2736 5396 oderantur.
2774 5338 2831 5394 Si
2856 5348 3038 5394 autem
3069 5337 3293 5393 omnino
3330 5351 3426 5392 cu-

1869 5451 1958 5491 ras
1984 5448 2050 5490 ea
2086 5449 2185 5489 ceu
2228 5433 2465 5503 pretiosa
2514 5432 2761 5502 quaedam
2802 5438 2858 5485 et
2904 5429 3215 5485 necessaria
3266 5426 3427 5482 οσον-

1868 5543 1951 5583 re.
2009 5540 2133 5583 cum
2174 5525 2369 5581 ﬁducia
2397 5526 2547 5592 audi,
2608 5539 2693 5579 me
2730 5539 2921 5580 eorum
2985 5522 3177 5577 uihila
3224 5528 3274 5576 te
3329 5534 3423 5573 ac-

280 5703 327 5736 "
357 5702 525 5758 Hebr.
557 5718 597 5767 ι,
635 5702 721 5756 Η.
811 5700 857 5732 ³³
883 5698 1021 5753 Gen.
1057 5711 1248 5758 nstri,
1284 5694 1367 5748 19..
1443 5692 1489 5723 ⁸⁸
1514 5690 1657 5745 Psal.
1696 5694 1747 5742 si

1850 5703 1889 5752 I,
1916 5687 1970 5743 8.
2044 5686 2089 5719 "
2116 5683 2307 5743 Matth.
2348 5685 2607 5753 smpti.
2684 5683 2730 5718 "
2770 5683 2926 5743 Joan.
2968 5682 3131 5750 ηπ.

270 5862 350 5934 (α)
380 5861 650 5932 Interpres
678 5861 872 5929 legisse
898 5857 1111 5911 ridetur
1138 5850 1648 5925 καταλειφθήσεται.
1683 5844 1841 5900 Enn.

525 5953 798 6015 PaTIOL.
824 5949 943 6010 Gn.
980 5945 1241 6007 XXVII.
