4034 6468
606 421 713 478 235

1433 420 1487 473 S.
1530 417 1895 473 ATHANASll
1933 418 2083 473 OPP.
2124 417 2305 474 PARS
2342 417 2430 473 lll.
2463 451 2534 460 —
2569 416 2974 472 EXEGETICA.

3703 416 3810 473 236

610 549 913 610 oepturum.
947 539 1227 610 Supernua
1256 539 1400 594 enim
1432 540 1560 593 mihi
1588 540 1770 594 omnia
1801 549 1946 593 sunt.
1975 539 2158 605 Quan-

2265 540 2367 609 γάρ
2396 557 2482 609 μοι
2529 539 2722 592 πάντα·
2757 537 2939 606 ἐπειδὴ
2972 536 3063 588 καὶ
3104 536 3170 589 τὰ
3229 537 3286 589 ἐν
3323 537 3508 607 ἀγροῖς
3549 535 3816 605 νεμόμενα

610 632 900 700 doquidem
954 642 1005 686 ct
1060 647 1179 700 qua:
1222 632 1274 683 in
1326 632 1469 700 agris
1513 641 1809 700 pascuntur
1839 633 2156 696 animantia,

610 724 796 785 boves,
834 723 1099 791 jumenta,
1127 723 1377 775 volucres
1404 723 1546 782 coeli.
1572 733 1622 776 et
1648 723 1989 791 pulchritudo
2012 722 2152 792 agri,

611 815 791 868 omnia
812 826 924 868 mea
940 823 1138 876 sunt,et
1166 814 1355 866 horum
1383 814 1512 866 nilnil
1541 829 1691 883 egeo.
1726 815 2160 883 Quodsiquando

613 905 742 958 mihi
779 905 1070 958 necessitas
1097 905 1234 957 foret
1263 905 1526 968 alimenti,
1583 921 1688 958 non
1715 907 1785 959 ita
1807 921 2008 974 egenus
2059 920 2160 976 ego

611 1012 754 1055 sum,
787 1006 844 1048 ut
875 1011 902 1048 a
950 1006 1000 1048 te
1034 996 1157 1048 talia
1189 997 1488 1064 postulem:
1521 994 1666 1047 Meus
1718 1005 1794 1048 est
1843 997 1980 1048 enim
2019 997 2158 1051 orbis

612 1097 763 1139 terra:
796 1086 856 1137 ⁵⁷.
895 1085 998 1138 Sed
1023 1101 1267 1154 quaenam
1295 1095 1444 1154 grata
1480 1086 1608 1138 mihi
1631 1085 1824 1139 oﬂ‘eres
1854 1087 2158 1140 sacriﬁcia?

611 1175 847 1237 laudem,
881 1176 1174 1238 canticum,
1232 1176 1471 1230 divinum
1497 1192 1824 1231 sermonem.
1876 1179 2010 1231 Cum
2061 1193 2159 1231 au-

611 1277 718 1322 tem
753 1276 863 1323 tunc
895 1268 1223 1337 impleveris,
1264 1277 1376 1321 tum
1437 1286 1501 1324 ac
1548 1272 1593 1324 si
1648 1270 1816 1339 legem
1877 1271 2160 1339 implesses

610 1362 872 1426 divinam,
907 1362 1210 1415 mercedem
1244 1361 1514 1430 accipies;
1540 1373 1596 1416 ut
1637 1378 1759 1417 cum
1795 1363 2155 1428 invocaveris,

609 1453 935 1508 exaudiaris.
963 1452 1026 1506 Et
1055 1453 1334 1507 declarans
1361 1469 1518 1521 quem
1545 1456 1800 1524 populum
1829 1456 2154 1524 alloquatur,

611 1545 824 1598 intulit:
869 1543 1058 1607 Israel,
1133 1554 1183 1596 et
1235 1545 1552 1611 testiﬁcabor
1605 1545 1717 1598 tibi.
1756 1544 1965 1598 Exutde
2029 1560 2158 1599 vero

609 1653 768 1692 suum
795 1637 1027 1691 ostendit
1046 1635 1341 1689 dominium
1371 1653 1382 1686 :
1419 1634 1553 1688 Dcus
1588 1635 1721 1689 Deus
1759 1646 1876 1689 tuus
1901 1652 1990 1706 ego
2019 1651 2154 1699 sum,

610 1730 701 1798 qui
743 1737 793 1782 te
822 1727 1140 1798 IEgyptiaea
1180 1726 1440 1782 servitute
1495 1727 1739 1792 liberavi,
1769 1729 1861 1796 qui
1917 1743 2068 1781 mare
2103 1727 2154 1780 in

611 1821 754 1873 viam
785 1820 927 1884 dedi,
970 1819 1062 1887 qui
1111 1820 1165 1872 in
1199 1821 1414 1874 deserto
1468 1820 1722 1882 enutrivi,
1774 1820 1867 1889 qui
1907 1835 2023 1874 eam
2059 1819 2155 1874 tibi

610 1913 777 1981 legem
813 1912 953 1965 dedi.
983 1911 1113 1964 Nam
1143 1926 1206 1964 ne
1238 1912 1402 1964 alium
1432 1927 1515 1965 me
1552 1912 1916 1980 legislaturem
1970 1913 2162 1968 existi-

610 2004 864 2069 maveris,
893 2017 1118 2057 cernens
1149 2003 1324 2072 legum
1346 2004 1736 2059 diversitatem.

681 2182 855 2253 [Deus
893 2182 1024 2236 Deus
1047 2193 1184 2237 tuus.
1220 2183 1276 2237 ld
1314 2193 1416 2248 est,
1445 2183 1538 2252 qui
1583 2198 1777 2251 magna
1799 2185 2062 2239 miracula
2092 2187 2160 2242 ab

611 2277 765 2332 initio
800 2293 971 2346 usque
997 2279 1061 2332 ad
1087 2279 1188 2332 hoc
1204 2286 1415 2347 tempus
1447 2277 1628 2348 generi
1661 2285 1841 2331 vestro
1863 2278 2154 2351 exhibuit.]

683 2451 735 2504 8.
804 2450 924 2505 Non
977 2453 1030 2505 in
1059 2454 1337 2520 sacriﬁciis
1381 2457 1481 2507 tuis
1560 2471 1781 2524 arguam
1830 2464 1896 2508 te.
1946 2455 2160 2524 Nequa-

611 2558 771 2611 quam
804 2553 854 2596 te
877 2544 1210 2616 negligentia:
1239 2546 1290 2597 in
1323 2544 1612 2597 efferendis
1635 2543 1920 2598 sacriﬁciis
1944 2559 2112 2614 arguo
2141 2565 2155 2600 :

612 2632 702 2686 illa
761 2648 990 2700 namque
1023 2631 1182 2686 offers
1213 2631 1468 2698 assidue;
1501 2631 1591 2686 sed
1617 2632 1874 2702 praecipio
1902 2647 1970 2687 ne
2009 2633 2160 2688 hisce

612 2722 872 2790 iustitiam
904 2723 1344 2776 circumscribas.

683 2812 768 2867 16.
803 2811 1069 2867 Peeratori
1091 2826 1260 2867 autem
1287 2818 1420 2869 dixit
1455 2815 1627 2868 Deus:
1667 2813 1841 2878 Quare
1897 2825 1951 2867 tu
2002 2832 2160 2868 enar-

611 2918 699 2956 ras
725 2903 959 2971 justitias
991 2909 1169 2958 meas?
1216 2903 1560 2959 Peccatorem
1612 2906 1716 2958 hoc
1748 2905 1867 2958 loco
1921 2906 2162 2974 promul-

611 3004 848 3064 gatorem
920 2996 1223 3048 divinarum
1298 2995 1697 3063 Scripturarum
1753 2996 1901 3049 dicit.
1976 2995 2162 3051 Simile

613 3094 791 3138 autem
819 3093 900 3138 est
945 3085 1067 3138 huic
1093 3086 1270 3139 dicto:
1303 3085 1423 3138 Non
1468 3089 1698 3156 speciosa
1730 3087 1845 3140 laus
1876 3097 1952 3140 est
1996 3089 2052 3141 in
2074 3104 2162 3140 ore

611 3177 902 3243 peccatoris
933 3177 997 3232 ⁸⁸.
1027 3175 1081 3230 Si
1109 3193 1342 3246 namque
1369 3179 1549 3231 omnia
1581 3190 1842 3246 praecepta
1880 3189 2158 3248 transgre-

2262 631 2376 693 ζῶα
2410 629 2527 696 βόες
2555 631 2647 682 καὶ
2679 631 2870 698 κτήνη,
2914 629 3007 680 καὶ
3059 628 3126 679 τὰ
3176 626 3394 679 πετεινά
3441 623 3533 680 τοῦ
3563 623 3816 695 ούρανοῦ,

2259 723 2350 775 καὶ
2375 725 2406 792 ἡ
2433 721 2695 792 ὡραιότης
2723 721 2816 780 cui
2847 717 3036 788 ἀγροῦ,
3071 719 3245 771 πάντα
3274 717 3385 787 ἐμά
3417 718 3693 786 τυγχάνει,
3726 716 3820 769 καὶ

2259 813 2506 881 ἀνενδεὴς
2533 812 2724 872 παντὸς
2760 810 3004 880 ὑπάρχω.
3028 809 3089 861 Εἰ
3117 809 3172 860 δὲ
3201 809 3294 860 καὶ
3314 808 3470 878 χρεία
3496 825 3586 878 μοι
3612 806 3821 874 γένοιτό

2260 921 2388 956 ποτε
2411 904 2633 974 τροφῆς,
2659 903 2754 971 οὐχ
2786 901 2954 964 οὕτως
2984 900 3166 971 ἐνδεὴς
3197 899 3327 966 ἐγὼ.
3351 899 3425 960 ὡς
3455 898 3603 969 παρὰ
3630 897 3723 951 σοῦ
3750 898 3821 949 τὰ

2257 995 2476 1048 τοιαῦτα
2509 997 2694 1048 αἰτεῖνο
2731 993 2864 1062 "Eph
2889 993 2999 1062 γάρ
3026 993 3194 1045 ἐστιν
3225 993 3263 1059 ἡ
3295 992 3631 1060 οἰκουμένη.
3656 991 3821 1051 Τίνας

2257 1086 2314 1138 δέ
2368 1103 2454 1156 μοι
2507 1087 2791 1156 προσηνεῖς
2825 1085 3003 1144 θύσεις
3035 1082 3253 1146 θυσίας;
3310 1081 3406 1152 τὴν
3445 1083 3668 1144 αίνεσιν,
3729 1079 3821 1132 τὸν

2260 1176 2442 1244 ὕμνον,
2477 1175 2574 1246 τὴν
2629 1175 2924 1242 θεολογίαν.
2967 1172 3182 1242 Ἐπειδὴ
3211 1173 3268 1225 δὲ
3301 1171 3469 1225 ταῦτα
3489 1169 3818 1240 πληρώσεις,

2257 1268 2316 1318 τὸ
2346 1265 2638 1334 τηνικαῦτα
2658 1266 2732 1328 ὡς
2758 1265 2821 1317 ἂν
2855 1265 3013 1334 νόμον
3043 1260 3331 1334 πληρώσας
3362 1261 3524 1323 θεῖον,
3554 1259 3822 1313 ἀντίδοσιν

2259 1354 2401 1426 λήψῃ
2431 1361 2490 1408 τὸ
2525 1353 2943 1422 ἐπικαλούμενος
2967 1351 3402 1420 εἰσακουσθῆναι.
3452 1351 3562 1403 Καὶ
3608 1348 3822 1410 δεικνὺς

2259 1448 2391 1517 πρὸς
2414 1450 2561 1499 ποῖον
2588 1448 2713 1500 λαὸν
2740 1445 3061 1513 διαλέγεται,
3088 1444 3380 1512 ἐπήγαγεν·
3427 1441 3691 1509 Ἰσραὴλ,
3722 1439 3824 1492 καί

2259 1535 2717 1605 ὃιαμαρτύρομαί
2787 1552 2904 1589 σοι.
2961 1530 3091 1586 Εἶτα
3146 1532 3242 1602 τὴν
3307 1531 3513 1584 οἰκείαν
3581 1530 3822 1582 δείκνυσι

2259 1628 2590 1681 δεσποτείαν·
2635 1630 2686 1679 '0
2719 1628 2859 1692 Θεὸς
2889 1629 2920 1679 d
2972 1626 3116 1690 Θεός
3165 1624 3278 1676 σού
3313 1620 3601 1691 είμιέτὼ,
3648 1621 3677 1671 ὁ
3722 1620 3824 1690 τῆς

2259 1719 2631 1788 Αἰγυπτιακῆς
2659 1736 2717 1771 σε
2742 1718 2980 1780 δουλείας
3018 1713 3412 1786 ἐλευθερώσας,
3447 1714 3475 1764 ὁ
3499 1713 3594 1782 τὴν
3626 1711 3824 1764 θάλατ-

2258 1826 2355 1862 ταν
2383 1810 2498 1863 ὁδὸν
2531 1809 2930 1879 δωρησάμενος,
2957 1809 2984 1858 ὁ
3016 1808 3072 1858 ἐν
3113 1807 3301 1876 ἐρήμῳ
3333 1803 3646 1874 διαθρέψας,
3669 1805 3697 1855 ὁ
3727 1802 3823 1855 τδν

2190 1884 2232 1940 Β
2260 1900 2419 1970 νόμον
2477 1900 2680 1954 ἐκεῖνόν
2720 1916 2799 1952 σοι
2846 1897 3106 1960 δεδωκώς.
3152 1897 3242 1966 Μὴ
3296 1895 3404 1966 γὰρ
3441 1894 3504 1964 δὴ
3560 1895 3715 1948 ἄλλον
3752 1911 3822 1963 με

2259 1990 2550 2061 νομοθέτην
2604 1989 2864 2062 νομίσῃς,
2934 1988 3042 2042 τῶν
3104 1987 3282 2057 νόμων
3359 1984 3503 2057 ὁρῶν
3576 1985 3638 2038 τὸ
3707 1984 3824 2039 διάο

2262 2101 2443 2153 φορον.

2332 2176 2351 2246 [
2379 2175 2440 2227 '0
2488 2173 2630 2239 Θεὸς
2649 2177 2680 2226 ὀ
2714 2175 2855 2238 Θεός
2883 2188 3018 2226 σου.
3051 2171 3357 2234 Τουτέστιν,
3386 2173 3415 2223 ὁ
3464 2170 3670 2240 μεγάλα
3695 2169 3824 2223 Θαυ-

2264 2268 2431 2336 μάσια
2464 2265 2698 2337 ἀρχῆθεν
2745 2265 2902 2336 μέχρι
2943 2262 3034 2316 τοῦ
3064 2261 3157 2317 νῦν
3192 2263 3271 2333 τῷ
3299 2262 3445 2329 γένει
3476 2261 3628 2332 ὑμῶν
3657 2261 3825 2315 ἐνδει-

2261 2356 2535 2428 ξάμενο;.]

2333 2451 2452 2501 οὐκ
2509 2449 2605 2500 ἐπι
2658 2447 2786 2512 ταῖς
2832 2445 3068 2507 θυσίαις
3130 2457 3245 2496 σου
3286 2442 3509 2512 ἐλέγξω
3556 2457 3650 2496 σε.
3709 2439 3826 2494 Οὐκ

2261 2541 2513 2610 ἀμέλειάν
2549 2557 2648 2604 σοι,
2667 2539 2849 2609 φησὶν,
2876 2534 3089 2606 ἐγκαλῶ
3117 2536 3332 2590 θυσιῶν·
3359 2537 3684 2608 προσφέρεις
3714 2534 3825 2606 γὰρ

2259 2632 2458 2692 ταύτας
2490 2631 2771 2702 διηνεκῶς*
2822 2630 2956 2683 ἀλλὰ
3003 2629 3078 2701 μὴ
3135 2629 3357 2691 ταύταις
3409 2628 3694 2699 ὁρίσασθαι
3725 2626 3827 2697 τὴν

2259 2724 2600 2793 δικαιοσύνην
2625 2723 2940 2791 παρεγγυῶ.

2336 2817 2419 2882 Τῷ
2450 2817 2518 2868 δὲ
2576 2815 2897 2884 ἁμαρτωλῷ
2945 2811 3115 2868 εΤπεν
3182 2818 3215 2868 ό
3269 2815 3432 2877 Θεός·
3479 2813 3601 2866 Ἵνα
3630 2811 3688 2865 τί
3739 2810 3828 2864 σὺ

2259 2906 2503 2975 ὲκδιηγῇ
2541 2907 2612 2960 τὰ
2641 2905 3000 2974 δικαιώματά
3018 2922 3173 2975 μου;
3213 2903 3557 2975 Ἀμαρτωλδν
3589 2901 3829 2956 ἐνταῦθα

2260 3000 2351 3053 τὸν
2385 2999 2675 3068 νομοθέτην
2706 2999 2813 3050 τῶν
2837 2998 2995 3051 θείων
3029 2998 3257 3068 Γραιρῶν
3278 3014 3461 3066 φησιν.
3504 2996 3726 3065 Ὅμοιον
3766 2993 3830 3047 εξ

2262 3091 2338 3161 τῷ
2367 3090 2652 3160 εἰρημένῳ’
2683 3091 2803 3155 Οὐχ
2834 3089 3044 3155 ὡραῖος
3075 3090 3242 3153 αἶνος
3282 3089 3350 3140 ὲν
3378 3089 3625 3154 στόματι
3647 3088 3832 3154 ἁμαρτ

2264 3183 2473 3236 τωλοῦ.
2505 3183 2565 3234 Εἰ
2591 3181 2698 3251 γὰρ
2733 3181 2910 3243 πάσας
2964 3180 3287 3251 παραϐαίνει
3339 3178 3436 3241 τὰς
3488 3175 3704 3238 ἐντολὰς
3732 3176 3832 3228 καὶ

611 3268 780 3330 ditur,
818 3277 871 3321 et
899 3268 1044 3320 onmi
1070 3268 1286 3321 malitia:
1333 3268 1534 3330 studet,
1563 3276 1617 3320 et
1646 3268 1826 3337 lingua
1872 3269 2039 3322 utitur
2065 3269 2162 3324 do-

2265 3275 2441 3327 πᾶσαν
2476 3271 2778 3342 ἐπιτηδεύει
2816 3271 3032 3334 κακίαν,
3068 3273 3160 3325 καὶ
3188 3271 3366 3324 δολίαν
3413 3268 3700 3322 ἀποδίδωσι
3730 3266 3832 3336 τὴν

612 3373 725 3414 .osa
745 3399 758 3423 ,
791 3374 888 3412 cur
918 3369 1105 3428 postea
1131 3359 1340 3413 divinas
1363 3359 1566 3414 litteras
1597 3359 1652 3413 in
1687 3375 1781 3414 ore
1817 3361 2023 3415 habet?

682 3537 769 3593 2|.
795 3536 1136 3593 Existimasti
1164 3541 1354 3608 inique,
1380 3538 1517 3607 quod
1540 3554 1627 3591 ero
1671 3540 1747 3591 tui
1779 3539 1990 3592 similis.
2022 3539 2163 3596 Olim

612 3631 850 3701 quidem,
870 3632 963 3693 ait,
996 3633 1084 3684 ditt
1119 3630 1357 3693 toleravi,
1387 3631 1479 3685 sed
1507 3645 1613 3684 non
1635 3631 1744 3699 jam
1772 3631 1824 3684 id
1858 3630 2048 3686 faciam
2074 3652 2086 3686 :
2110 3633 2162 3687 in

613 3722 849 3777 medium
881 3725 1022 3778 enim
1051 3725 1125 3778 tui
1155 3723 1410 3793 arguendi
1452 3739 1614 3778 causa
1663 3722 1884 3778 afferam
1941 3737 2162 3793 peccata

615 3827 865 3886 tua,qu:e
900 3827 953 3870 tu
983 3817 1198 3886 quidem
1227 3817 1578 3874 existimabas
1612 3832 1718 3869 non
1750 3817 1888 3870 ultra
1933 3818 2160 3871 exsiste-

615 3922 693 3970 re,
724 3923 899 3974 neque
947 3909 999 3960 in
1038 3908 1342 3975 cuiuspiam
1391 3907 1711 3960 memoriam
1762 3916 1986 3959 ventura
2025 3922 2162 3962 esse.

615 3997 727 4065 Ego
748 4011 874 4049 vero
890 4005 1072 4064 utpote
1107 3995 1248 4049 Deus
1269 3996 1332 4049 ad
1380 3996 1555 4050 lucem
1587 3995 1880 4064 producam
1932 3997 2043 4059 illa,
2080 4006 2166 4050 at-

615 4101 720 4154 que
741 4096 1076 4155 apponentur
1123 4085 1176 4138 in
1212 4101 1378 4156 consp
1413 4094 1557 4140 ctum
1593 4095 1767 4140 tuum.
1811 4085 1993 4156 Neque
2043 4088 2169 4141 abs-

613 4178 840 4232 condam
877 4176 1327 4244 quemadmodum
1375 4187 1431 4230 tu
1483 4177 1640 4238 facis,
1693 4191 1793 4230 nec
1846 4177 2040 4230 similis
2088 4177 2167 4231 tui

615 4284 728 4323 ero.
769 4268 1063 4322 Producam
1097 4269 1222 4320 item
1258 4269 1368 4330 illa,
1402 4277 1460 4320 ut
1500 4268 1676 4336 palam
1719 4267 1922 4321 faciens
1954 4268 2163 4336 pudore

617 4370 669 4414 te
691 4360 936 4414 alliciam.
961 4360 1190 4428 Arguam
1211 4368 1276 4422 te,
1303 4367 1350 4411 et
1371 4367 1600 4412 statuam
1615 4370 1795 4412 contra
1823 4359 2168 4427 [aciemtuam

616 4462 824 4520 peccata
845 4459 954 4505 tua.

2264 3365 2532 3432 γλῶσσαν·
2598 3365 2649 3416 τί
2692 3364 2783 3416 καὶ
2835 3363 2931 3425 τὰς
2991 3362 3139 3425 θείας
3201 3361 3295 3413 ἐπὶ
3348 3361 3613 3430 στόματος
3672 3358 3833 3428 φέρει

2265 3455 2519 3527 Γραφάςς

2347 3546 2669 3610 ’Υπέλαόες
2719 3544 3005 3612 ἀνομίαν,
3058 3542 3147 3595 ὅτι
3211 3542 3426 3610 ἔσομαι’
3471 3553 3568 3593 σοι
3607 3539 3832 3608 ὅμοιος.

2265 3637 2437 3691 Πάλαι
2464 3638 2580 3706 μὲν,
2637 3636 2817 3706 φησὶν,
2843 3634 3290 3705 ἐμακροθύμησα,
3325 3634 3440 3686 ἀλλ’
3467 3634 3529 3686 ού
3560 3633 3654 3686 νῦν
3675 3627 3836 3686 τοῦτο

2266 3729 2496 3796 ποιήσω’
2550 3726 2886 3795 παραστήσω
2936 3724 3041 3796 γάρ
3070 3725 3149 3787 είς
3181 3724 3270 3775 τὸν
3300 3724 3438 3776 κατά
3483 3721 3574 3775 σοῦ
3613 3722 3836 3791 ἔλεγχον

2265 3822 2332 3874 τὰ
2359 3821 2424 3873 σὰ
2457 3820 2844 3890 ἁμαρτήματα,
2869 3815 2904 3868 ἃ
2943 3816 3005 3884 δὴ
3060 3817 3121 3868 σὺ
3160 3814 3257 3884 μὲν
3315 3813 3579 3874 ὑπέλαϐες
3633 3813 3835 3882 μηκέτι

2267 3911 2579 3979 ὑφεστάναι,
2618 3909 2748 3977 μηδὲ
2773 3909 2851 3970 είς
2881 3907 3098 3977 μνήμην
3143 3904 3291 3974 ἥξειν
3333 3905 3494 3968 τινός·
3536 3903 3646 3972 ἐγὼ
3672 3903 3730 3956 δὲ
3759 3903 3837 3967 ὡς

2266 4001 2396 4062 Θεὸς
2422 4001 2499 4062 είς
2545 3998 2659 4066 φῶς
2688 3998 2931 4068 παράξω,
2995 3998 3088 4048 καὶ
3139 3994 3564 4066 προτεθήσονται
3602 3992 3836 4047 ἐνώπιόν

2269 4108 2379 4144 σου·
2411 4091 2471 4144 ού
2515 4090 2769 4160 κρύπτων
2819 4087 3007 4158 ὥσπερ
3049 4087 3134 4148 σὺ,
3197 4086 3292 4139 καὶ
3334 4086 3682 4155 ὼμοιωμένος
3727 4102 3834 4138 σοι.

2268 4180 2501 4251 Παράξω
2538 4179 2593 4231 δὲ
2619 4179 2775 4242 αὐτὰ,
2811 4179 2956 4240 ὃπως
2983 4177 3122 4230 αὑτά
3155 4178 3244 4230 καὶ
3265 4177 3544 4247 γνωρίζων
3572 4175 3838 4245 αἰσχύνην

2268 4274 2532 4340 καταχέω.
2560 4270 2806 4338 Ἐλέγξω
2825 4287 2917 4332 σε,
2953 4270 3049 4322 καί
3089 4267 3457 4337 παραστήσω
3482 4269 3632 4322 κατὰ
3647 4267 3840 4336 πρόσ-

2268 4363 2428 4416 ωπόν
2449 4378 2562 4416 σου
2586 4363 2690 4426 τὰς
2737 4362 3017 4430 ἁμαρτίας
3042 4375 3179 4414 σου.

685 4540 775 4593 22.
813 4538 1097 4610 Intelligite
1117 4541 1258 4603 hare,
1300 4541 1389 4608 qui
1418 4538 1783 4593 obliviscimini
1828 4537 2010 4592 Deum.
2067 4537 2167 4593 Ut-

2345 4543 2558 4595 Σύνετε
2581 4539 2655 4605 δὴ
2682 4540 2884 4602 ταῦτα,
2914 4544 2964 4593 οι
2979 4538 3506 4605 ἐπιλανθανόμενοι
3533 4537 3639 4591 τοῦ
3667 4537 3838 4594 Θεοῦ.

620 4640 744 4699 pote
771 4631 1041 4694 clemens,
1087 4643 1209 4700 post
1259 4633 1682 4700 inerepationem
1732 4630 2168 4686 adhortationem

621 4721 824 4790 adjicit,
852 4722 986 4774 dans
1011 4722 1337 4790 pceniteotis:
1361 4723 1563 4775 locum.
1597 4719 1902 4790 lntelligite,
1939 4736 2025 4774 me
2061 4736 2168 4774 non

621 4812 742 4868 ideo
796 4812 979 4865 tandiu
1027 4813 1257 4866 tolerare
1312 4815 1454 4879 quod
1501 4813 1566 4865 de
1614 4809 1947 4864 facinoribus
1977 4815 2171 4865 vestris

620 4905 905 4975 gaudeant,
947 4905 1040 4960 sed
1064 4915 1122 4959 ut
1148 4905 1268 4960 dem
1299 4905 1628 4973 paenitentia:
1674 4904 1873 4957 locum.
1915 4903 2171 4970 Alioquin

621 4996 930 5065 abripitnos
955 4996 1196 5065 iniquus,
1225 4998 1338 5051 sive
1365 4996 1644 5063 iniquitas,
1664 4996 1876 5048 nemine
1895 4994 2173 5048 liberante.

621 5086 806 5156 Eripio
862 5088 1006 5142 enim
1061 5102 1156 5140 eos
1175 5087 1266 5155 qui
1313 5086 1620 5154 intelligunt
1665 5094 1720 5138 et
1767 5099 1794 5137 a
1845 5085 2004 5139 malis
2029 5085 2174 5138 desio

622 5187 808 5241 stunt,
849 5187 1009 5246 atque
1043 5179 1230 5233 dicunt
1263 5197 1276 5230 :
1309 5177 1514 5246 lnjuste
1562 5179 1791 5244 egimus,
1845 5178 2177 5246 iniquitatem

623 5270 868 5336 fecimus,
903 5271 1060 5336 impie
1088 5271 1283 5338 egimus
1306 5270 1373 5322 ³⁸.
1426 5267 1560 5322 Nam
1594 5270 1686 5336 qui
1719 5269 1897 5322 adhuc
1935 5269 1987 5321 in
2021 5267 2178 5322 malis

623 5371 865 5415 versatur
899 5359 1140 5414 confiteri
1189 5374 1295 5412 non
1343 5368 1538 5427 potest.
1580 5357 1659 5411 Ne
1689 5359 1898 5428 quando
1931 5359 2101 5426 rapiat
2126 5366 2175 5411 et

624 5467 726 5504 non
757 5452 928 5520 sitqui
952 5452 1161 5518 eripiat.
1197 5450 1269 5504 Ne
1287 5451 1526 5518 quando,
1558 5451 1753 5517 inquit,
1786 5447 1997 5502 auferat
2027 5466 2176 5505 mors

627 5545 896 5607 animam,
941 5545 1312 5612 paenitentiam
1350 5543 1526 5612 agite;
1573 5559 1731 5596 nemo
1771 5543 1914 5596 enim
1969 5553 2050 5597 est
2080 5545 2176 5612 qui

623 5635 812 5703 eripiat
847 5651 940 5689 eos
969 5637 1060 5704 qui
1088 5644 1304 5704 propter
1338 5643 1556 5704 peccata
1595 5635 1646 5686 in
1681 5633 1893 5687 inferno
1933 5637 2173 5691 conclusi

696 5812 737 5845 ⁵⁷
766 5826 900 5865 vers.
931 5810 1012 5865 1'2.
1089 5811 1134 5841 "
1163 5810 1325 5867 Eccli.
1365 5826 1452 5864 xv.
1478 5811 1529 5861 9.
1605 5813 1647 5846 ⁸ο
1688 5809 1727 5861 ll
1761 5808 1936 5864 Paral.
1973 5825 2043 5873 Vl,
2085 5811 2169 5863 '57.

2288 4635 2374 4697 Ὠς
2423 4631 2794 4703 φιλάνθρωπος
2860 4631 2994 4700 μετὰ
3040 4629 3130 4682 τὸν
3186 4628 3405 4698 ἔλεγχον
3451 4629 3702 4698 ἐπιφέρει
3746 4631 3842 4682 καὶ

2279 4724 2612 4794 παραίνεσιν,
2641 4722 2921 4792 μετανοίας
2952 4721 3113 4773 τόπον
3163 4720 3354 4783 διδούς.
3389 4719 3605 4781 Σύνετε,
3629 4721 3715 4773 ὅτι
3766 4721 3842 4790 μὴ

2278 4817 2478 4886 χαίρων
2502 4818 2610 4877 τοῖς
2633 4815 2720 4882 ὑφ’
2751 4813 2901 4882 ὑμῶν
2933 4812 3238 4883 γενομένοις
3267 4810 3622 4883 μακροθυμῶ,
3651 4809 3844 4881 καιρὸν

2276 4906 2331 4957 δὲ
2358 4905 2641 4975 μετανοίας
2683 4905 2877 4968 διδούς.
2916 4905 2980 4956 Εἰ
3011 4904 3067 4956 δὲ
3097 4903 3192 4974 μὴ,
3221 4901 3456 4974 ἁρπάζει
3483 4903 3630 4973 ἡμᾶς
3660 4905 3689 4954 ὁ
3719 4903 3846 4956 ἀνο-

2278 5014 2395 5066 μος,
2448 4997 2612 5067 ἤγουν
2659 4999 2691 5067 ἡ
2758 4995 2985 5064 ἀνομία,
3039 4995 3261 5066 μηδενὸς
3334 4996 3486 5065 ἡμᾶς
3555 4994 3844 5064 ῥυομένου.

2287 5090 2507 5159 Ῥύομαι
2529 5089 2636 5158 γὰρ
2664 5090 2786 5151 τοὺς
2815 5087 3066 5152 νοοῦντας
3096 5083 3151 5140 οἵ
3175 5087 3357 5141 κακῶν
3391 5089 3520 5150 εἰσι,
3575 5087 3669 5138 καὶ
3702 5103 3846 5137 παυ-

2279 5179 2542 5248 σαμένους
2565 5179 2658 5231 καὶ
2688 5177 2962 5245 λέγοντας⁸
3002 5178 3428 5247 Ἡνομήσαμεν,
3446 5175 3846 5242 ἠδικήσαμεν,

2276 5268 2682 5338 ἠσεϐήσαμεν.
2747 5271 2821 5322 Ob
2874 5270 2980 5339 γὰρ
3050 5268 3197 5320 ἔστιν
3262 5266 3699 5337 ἐξομολογεῖσθαι
3757 5265 3850 5318 τὸν

2283 5361 2361 5413 ἔτι
2390 5363 2448 5412 τὸ
2472 5361 2637 5413 κακὸν
2659 5359 2996 5430 ἐνεργοῦντα.
3034 5359 3126 5425 Μή
3159 5374 3302 5412 ποτε
3335 5358 3597 5425 ἁρπάσῃ,
3640 5358 3736 5410 καί
3762 5356 3848 5425 μὴ

2281 5449 2320 5524 ᾖ
2351 5457 2382 5507 ὀ
2405 5455 2713 5522 ῥυόμενος.
2754 5455 2843 5522 Μή
2906 5469 3054 5512 ποτε,
3091 5452 3273 5520 φησὶν,
3324 5452 3587 5519 ἀφέληται
3616 5447 3715 5518 τὴν
3747 5448 3846 5518 ψυ-

2285 5544 2382 5613 χὴν
2426 5545 2454 5596 ὁ
2484 5544 2728 5605 θάνατος,
2769 5545 3149 5613 μετανοήσατε·
3177 5543 3276 5594 οὐκ
3306 5540 3420 5593 ἔστι
3451 5541 3560 5610 γάρ
3597 5542 3624 5592 ὁ
3655 5540 3848 5610 ῥυόμε-

2294 5654 2382 5697 νος
2432 5636 2555 5698 τοὺς
2600 5637 2656 5687 ἐν
2700 5635 2825 5704 ᾇδου
2856 5634 3318 5704 κατειλημμένους
3360 5635 3479 5694 ταῖς
3529 5630 3844 5701 ἁμαρτίαις.
