4034 6454
148 414 250 470 251

1354 397 1713 459 EXPOSITIO
1747 397 1817 453 IN
1854 396 2182 453 PSALHUM
2222 397 2282 451 ι..

3271 400 3378 455 958

161 528 495 598 ’Δρπάςεται
535 524 645 597 γὰρ
708 524 875 596 ψυχὴ,
934 522 1010 587 ὡς
1077 521 1350 584 παντελῶς
1408 516 1715 573 ἐκπεσοῦσα

1833 525 1969 570 sunt.
1998 515 2279 587 Abripitur
2306 517 2449 570 enim
2484 517 2667 570 anima
2689 554 2706 581 ,
2742 523 2929 584 utpote
2957 516 3180 571 omnino
3209 532 3238 572 a
3273 518 3385 574 Deo

152 618 310 675 Θεοῦ.

222 712 420 768 Θυσία
471 710 756 776 αἰνέσεως
812 706 1058 772 δοξάσει
1112 722 1207 776 με.
1250 702 1721 773 Ἐπαναλαμὸάνει

151 805 219 860 τά
240 804 531 876 εἰρημένα,
576 804 674 875 τὴν
728 799 950 870 λογικὴν
1010 798 1278 852 ἐπιτελεῖν
1332 794 1585 868 λατρείαν
1620 809 1725 845 πα-

153 897 598 971 ρακελευόμενος.
667 893 820 949 Μετὰ
889 893 988 961 τὴν
1040 889 1238 960 πολλὴν
1289 886 1618 956 κατηγορίαν
1663 884 1724 937 τὸ

153 990 447 1060 φάρμακον
479 988 578 1057 τῆς
607 985 877 1057 ἁμαρτίας
906 983 1094 1050 ἔδειξε,
1128 982 1238 1036 τῶν
1274 980 1583 1052 μυστηρίων
1631 978 1725 1048 δη-

154 1081 287 1151 λαδὴ
321 1080 422 1152 τὴν
473 1079 789 1133 ἀπόλαυσιν.
856 1077 1069 1147 Ἐκείνη
1127 1075 1236 1146 γάρ
1298 1072 1510 1145 ἀληθῶς
1567 1070 1726 1123 θυσία

156 1175 413 1236 αἰνέσεως
441 1173 534 1225 τὸν
558 1171 690 1225 Θεὸν
721 1167 1034 1235 δοξάζουσα.
1076 1167 1293 1238 Ἐπειδὴ
1326 1165 1461 1238 μετὰ
1506 1164 1612 1218 τῶν
1636 1164 1727 1231 ἁγ-

160 1265 329 1333 τέλων
360 1264 634 1327 αἰνοῦντες
654 1263 771 1315 τότε
788 1262 883 1315 καὶ
901 1261 1034 1332 μετὰ
1055 1260 1158 1330 τῆς
1183 1259 1411 1322 κτίσεως
1443 1256 1725 1327 ίστάμεθα.

156 1357 266 1413 Καὶ
298 1356 423 1411 ἐκεῖ
446 1355 584 1422 ὁδὸς
618 1354 699 1423 ἣν
727 1354 903 1419 δείξω
948 1352 1109 1418 αὐτῷ
1144 1352 1211 1407 τὸ
1242 1350 1557 1419 σωτήριόν,
1586 1364 1725 1417 μου.

164 1450 256 1504 Ἔν
282 1451 349 1520 τῇ
383 1448 564 1520 θυσίᾳ,
596 1446 751 1518 φησὶ,
773 1446 875 1517 τῆς
903 1446 1160 1509 αἰνέσεως
1192 1444 1308 1508 ὁδός
1325 1444 1439 1497 ὲστι
1459 1442 1557 1513 τῆς
1580 1438 1730 1512 παρὰ

157 1539 275 1611 Θεῷ
302 1540 595 1610 σωτηρίας.

254 1633 359 1698 Εἰς
385 1630 452 1685 τὸ
479 1632 653 1695 τέλος
689 1634 995 1687 ΨΛΛΜΟΣ
1025 1628 1188 1695 ᾠδῆς
1210 1625 1291 1694 τῷ
1314 1626 1512 1681 Δαυΐδ.
1542 1628 1622 1680 Ν.

164 1724 265 1779 Ἕν
285 1724 366 1791 τῷ
395 1726 596 1781 ἐλθεῖν
624 1726 772 1796 πρὸς
808 1726 995 1780 αὐτὸν
1033 1724 1235 1781 Νάθαν
1262 1723 1368 1779 τὸν
1394 1722 1729 1792 προφήτην,

440 1817 622 1885 ἡνίκα
664 1816 910 1885 εἰσῆλθε
939 1817 1086 1886 πρὸς
1125 1815 1446 1885 Βηρσαϐεέ.

766 1910 1100 1973 ’Υπόθεσιςκ

152 1998 358 2055 Τοῦτον
388 1999 501 2071 ᾄδει
538 2000 629 2053 τὸν
660 2000 872 2070 ψαλμὸν
906 1998 1289 2070 ἐξομολόγησιν
1334 1995 1426 2050 δύο
1455 1995 1733 2067 ἐγκλημά-

222 2110 333 2146 των
366 2092 704 2162 περιέχοντα,
730 2092 827 2162 τῆς
852 2109 911 2145 τε
942 2091 1246 2163 μιαιφονίας
1266 2090 1461 2161 Ούρίου
1492 2090 1586 2143 καὶ
1624 2107 1733 2159 μοι·

223 2183 379 2256 χείας
408 2166 543 2255 πρὸς
594 2183 894 2255 Βηρσασεὲ.
953 2181 1375 2255 [Ὑποδείκνυσι
1431 2182 1523 2235 καὶ
1566 2182 1732 2234 πᾶσιν

224 2273 533 2346 ἀνθρώποις
558 2276 828 2346 σωτηρίας
859 2275 975 2330 ὁδον
1000 2275 1096 2345 τὴν
1143 2274 1448 2345 μετάνοιαν,
1478 2266 1586 2325 οἷόν
1614 2289 1733 2324 τινα

225 2366 423 2439 τέχνην
442 2367 537 2437 τῆς
565 2367 843 2437 διηνεκοῦς
890 2367 1030 2419 κατὰ
1062 2365 1154 2418 τοῦ
1213 2362 1406 2434 ἐχθροῦ
1433 2363 1606 2433 νίκης.
1673 2362 1731 2414 '0

226 2458 340 2530 γὰρ
369 2457 571 2529 ταύτην
605 2458 692 2511 ἀεὶ
718 2458 956 2528 μελετῶν
995 2457 1088 2509 καὶ
1122 2454 1398 2525 κατορθῶν
1445 2452 1732 2518 διαπαντὸς

226 2549 435 2617 γίνεται
476 2547 699 2620 νικητὴς
747 2549 840 2601 τοὺ
879 2547 966 2601 ἀεὶ
998 2546 1473 2618 προσπαλαίοντος.
1510 2547 1733 2615 Εἰσάγει

224 2637 283 2692 δὲ
335 2637 431 2691 καὶ
461 2639 559 2709 τὴν
608 2639 693 2691 διά
746 2636 841 2691 τοῦ
897 2636 1266 2709 βαπτίσματος
1330 2637 1730 2709 ἀπολύτρωσιν,

239 2727 527 2793 Ῥαντιεῖς
565 2745 661 2799 με,
696 2728 888 2796 λέγων.
948 2728 1055 2781 Ναὶ
1093 2728 1197 2799 μὴν
1230 2728 1322 2781 καὶ
1369 2727 1625 2791 διδάσκει,
1658 2727 1734 2790 ὼς

230 2819 573 2890 πεφύλακται
608 2819 753 2890 αύτῷ
776 2820 836 2872 τὸ
862 2821 961 2890 τῆς
986 2821 1320 2891 προερητείας
1357 2819 1601 2890 χάρισμα
1658 2818 1729 2870 Ού

230 2910 341 2982 γάρ
369 2913 511 2965 αίτεῖ
535 2910 610 2974 ὡς
635 2911 996 2982 ἐστερημένος
1014 2910 1195 2970 αὑτοῦ,
1219 2909 1354 2962 ἀλλά
1395 2910 1468 2980 μὴ
1513 2911 1735 2982 ἀφαιρε-

230 3000 391 3070 θῆναι
426 3000 653 3053 ἱκετεύει
680 3000 875 3069 λέγων’
934 3003 992 3054 Μ
1000 2999 1031 3067 ἡ
1066 2998 1402 3068 ἀντανέλῃς
1431 2999 1450 3073 ]
1507 3002 1733 3068 Εἱσάγει

225 3093 284 3146 δὲ
322 3094 416 3146 καὶ
450 3094 549 3163 τῆς
607 3093 727 3147 καθ’
752 3093 874 3147 ὅλου
905 3095 1275 3165 γενησομένης
1318 3094 1426 3147 τῶν
1481 3096 1731 3166 ἁμαρτη-

1823 607 1995 678 lapsa.

1892 700 1984 755 25.
2024 698 2366 768 Sacriﬁcium
2403 698 2577 753 laudis
2618 698 2986 769 honoriﬁcabit
3020 718 3119 755 me.
3174 702 3389 774 Repetit

1824 807 1947 862 qua:
1977 792 2119 846 dicta
2152 799 2300 856 sunt,
2337 791 2538 861 jubens
2563 790 2756 845 iterum
2788 800 2849 845 ut
2884 792 3151 849 rationale
3179 798 3386 852 sacrili-

1826 884 1972 939 cium
2010 883 2343 953 perliciatur.
2400 881 2533 938 Post
2557 898 2772 950 gravem
2799 893 2853 937 et
2878 899 3133 955 magnam
3165 902 3392 943 accusa-

1827 976 2067 1039 tionem,
2144 975 2346 1044 peccati
2397 974 2696 1029 remedium
2727 976 2949 1043 scilicet,
3003 979 3391 1049 mysteriorum

1828 1082 1987 1122 usum
2018 1076 2072 1123 et
2113 1065 2348 1121 fructum
2402 1066 2625 1121 indicat.
2656 1066 2791 1121 lllud
2836 1069 3033 1137 quippe
3074 1084 3262 1124 revera
3308 1085 3391 1125 sa-

1828 1159 2096 1214 critlcium
2142 1158 2317 1214 laudis
2340 1168 2423 1213 est
2449 1172 2560 1228 quo
2584 1158 2724 1213 Deus
2757 1159 3160 1215 lionoriticatur.
3198 1160 3388 1231 Siqui-

1828 1252 1949 1306 dem
1973 1257 2104 1305 tunc
2124 1266 2246 1305 cum
2278 1251 2480 1319 angelis
2500 1250 2686 1304 laudes
2710 1252 2960 1306 canimus
2988 1268 3052 1307 ac
3085 1268 3209 1307 cum
3239 1269 3391 1309 crea-

1829 1352 1953 1399 tura
1988 1352 2216 1399 stamus.
2255 1341 2322 1395 Et
2368 1343 2481 1396 illic
2507 1343 2609 1395 iter
2626 1358 2728 1412 quo
2749 1345 3020 1399 ostendam
3051 1346 3129 1399 illi
3159 1346 3396 1403 salutare

1830 1453 2022 1491 meum.
2074 1434 2134 1489 In
2168 1434 2459 1502 sacriﬁcio,
2490 1435 2683 1505 inquit,
2718 1435 2912 1503 laudis,
2943 1438 3029 1492 via
3052 1448 3135 1493 est
3155 1438 3221 1493 ad
3251 1439 3398 1494 salu-

1831 1540 1937 1584 tem
1977 1543 2009 1584 a
2028 1527 2140 1583 Deo
2170 1537 2432 1595 paratam.

1974 1622 2027 1675 1.
2072 1619 2139 1674 1η
2162 1621 2319 1690 ﬁnem
2348 1620 2684 1677 PSALJIUS
2709 1624 2903 1676 cantici
2932 1621 3125 1677 David.
3158 1621 3222 1675 L.

1903 1712 1958 1767 2.
1991 1710 2125 1768 Cum
2156 1714 2294 1766 venit
2320 1712 2388 1764 ad
2420 1729 2537 1766 eum
2565 1712 2784 1766 Nathan
2815 1714 3087 1782 propheta,
3116 1712 3328 1784 quando

2303 1806 2519 1859 intrarit
2552 1807 2620 1858 ad
2655 1805 2922 1859 Bersabee.

2410 1896 2451 1948 Α
2463 1906 2812 1966 rgumentum.

1835 1984 1987 2041 Hune
2018 1988 2163 2041 canit
2184 1988 2454 2057 psalmum
2498 1990 2589 2057 qui
2617 1989 2910 2043 criminum
2944 1990 3207 2054 duorum,
3237 1990 3398 2047 caedis

1904 2080 2109 2135 scilicet
2161 2078 2304 2134 Uuia:
2342 2088 2397 2133 et
2436 2079 2681 2133 adulterii
2711 2095 2834 2133 cum
2867 2080 3155 2147 Bersabee,
3181 2080 3399 2138 coufes-

1905 2173 2114 2228 sionem
2145 2172 2411 2227 continet.
2452 2171 2795 2245 [Subindieat
2820 2173 2984 2227 etiam
3016 2174 3273 2229 omnibus
3302 2175 3403 2228 bo-

1902 2261 2144 2316 minibus
2208 2261 2405 2316 salutis
2453 2263 2594 2317 viam
2660 2277 2783 2317 esse
2825 2264 3199 2332 pmnitentiam
3229 2303 3244 2327 ,
3299 2279 3401 2319 ceu

1903 2352 2196 2422 quamdam
2228 2362 2399 2407 artem
2420 2354 2729 2408 obtinenda:
2756 2370 2968 2425 semper
3000 2367 3189 2411 contra
3221 2357 3403 2411 inimi-

1903 2461 2027 2500 cum
2053 2445 2312 2501 victoriae.
2363 2444 2497 2499 Nam
2546 2446 2639 2515 qui
2682 2461 2899 2517 semper
2930 2448 2999 2502 de
3044 2449 3134 2503 illa
3178 2451 3401 2519 cogitat,

1903 2552 2076 2607 eaque
2114 2546 2259 2592 recte
2302 2537 2506 2600 utitur,
2554 2537 2728 2591 victor
2778 2552 2992 2609 semper
3041 2544 3144 2595 erit
3194 2542 3403 2597 inimici

1906 2631 2130 2685 assidue
2183 2632 2460 2687 instantis.
2504 2632 2715 2687 luducit
2750 2633 2911 2687 etiam
2954 2634 3401 2706 redemptionem,

1903 2735 2026 2789 quae
2076 2737 2172 2789 per
2213 2731 2459 2775 sanctum
2517 2724 2785 2792 baptisma
2834 2724 3091 2793 all‘ertur,
3149 2728 3401 2797 Aspergcs

1904 2828 2014 2878 me,
2061 2813 2264 2866 dicens.
2298 2813 2412 2866 lmo
2457 2814 2620 2868 etiam
2654 2815 2831 2880 docet,
2866 2830 3248 2875 conservatum
3286 2821 3391 2875 sibi

1904 2892 2198 2974 prophetia:
2221 2903 2444 2959 donum.
2479 2904 2597 2960 Non
2630 2909 2867 2977 postulat
2895 2911 3042 2964 enim
3074 2913 3231 2979 quasi
3274 2913 3395 2981 ipso

1905 2998 2170 3067 privatus,
2207 3000 2301 3052 sed
2333 2999 2602 3069 supplicat
2641 3016 2749 3054 nou
2781 3001 2982 3056 auferri
3012 3002 3134 3065 sibi.
3184 3003 3397 3070 dicens,

1912 3088 1998 3142 Ne
2026 3089 2283 3162 παίεται]
2320 3090 2665 3160 Prophetiam
2700 3109 2917 3163 quoque
2954 3094 3162 3150 inducit
3192 3096 3402 3151 redem-

238 3186 427 3256 μάτων
454 3184 774 3256 λυτρὼσεως
801 3186 901 3257 τὴν
933 3185 1021 3238 διὰ
1060 3185 1152 3239 τοῦ
1178 3187 1333 3253 ἁγίου
1364 3186 1732 3259 βαπτίσματος

1908 3184 2111 3252 ptionis
2140 3198 2169 3237 a
2192 3184 2430 3252 peccatis
2458 3183 2714 3238 omnibus
2741 3200 2837 3255 per
2856 3197 3104 3241 sanctum
3135 3189 3398 3257 baptisma

231 3276 592 3348 προφητείαν,
623 3276 715 3329 καὶ
763 3277 861 3348 τῆς
909 3278 967 3329 ὲν
998 3274 1265 3344 πνεύματι
1304 3276 1557 3347 λατρείας
1589 3276 1735 3329 διδα-

234 3369 484 3424 σκαλίαν.
534 3367 816 3438 Πανταχοῦ
858 3367 915 3419 δὲ
950 3366 1056 3419 τῶν
1113 3365 1205 3418 δύο
1258 3366 1737 3436 παρανομημάτων

235 3463 491 3534 εὑρήσεις
518 3459 902 3529 ὲξιλεούμενον.

247 3552 543 3619 Ἐλέησόν
556 3568 653 3620 με,
694 3554 726 3605 ό
760 3548 923 3615 Θεὸς,
958 3548 1106 3604 κατὰ
1139 3549 1201 3604 τὸ
1230 3548 1383 3620 μέγα
1402 3550 1572 3616 ἔλεός
1597 3565 1735 3603 σου.

169 3644 258 3706 Ὦς
282 3642 375 3694 ἐπὶ
412 3639 646 3710 μεγάλου
695 3639 1107 3712 ἁμαρτήματος,
1159 3640 1251 3694 τοῦ
1303 3639 1536 3712 μεγάλου
1589 3639 1738 3692 ὲλέου

159 3732 255 3789 τοῦ
286 3733 423 3787 Θεοῦ
480 3733 657 3787 δέεται
706 3738 909 3806 τυχεῖν.
964 3735 1074 3789 Καὶ
1098 3736 1249 3787 κατὰ
1277 3734 1340 3787 τὸ
1368 3731 1598 3801 πλῆθος
1622 3731 1740 3786 τῶν

160 3822 479 3895 οικτιρμιῖνν
499 3840 615 3879 σου
639 3824 965 3894 ὲξάλειψον
989 3824 1057 3878 τὸ
1078 3822 1351 3893 ἁνόμημά
1364 3840 1503 3892 μου.
1546 3822 1738 3876 Μόνων

160 3922 270 3995 γάρ
298 3924 416 3975 ἐστι
461 3920 568 3973 τῶν
599 3918 693 3973 τοῦ
741 3917 877 3971 Θεοῦ
927 3916 1227 3989 οἰκτιρμῶν
1284 3916 1383 3987 τῆς
1434 3916 1738 3986 μιαιφονίας

158 4010 458 4068 απολοῦσαι
495 4010 591 4072 τὰς
622 4012 829 4079 χεῖρας.

234 4101 600 4177 [Σαφέστερον
632 4100 686 4152 δὲ
713 4099 741 4152 ὃ
774 4099 920 4169 λέγει
952 4100 1119 4155 ποιῶν
1155 4116 1337 4171 φησιν’
1370 4099 1497 4153 Ἐπὶ
1528 4099 1738 4155 πλεῖον

159 4191 409 4247 πλῦνάν
432 4207 529 4260 με.
576 4189 869 4245 Κάνταῦθα
910 4192 1002 4245 τὸν
1054 4191 1390 4263 πλεονασμὸν
1420 4192 1585 4264 ᾔτησε
1636 4192 1739 4261 τῆς

160 4283 509 4355 καθάρσεως,
558 4282 646 4336 διὰ
673 4283 734 4335 τὸ
766 4282 933 4347 δεῖξαι
964 4284 1239 4355 πανταχοῦ
1271 4285 1333 4337 τὸ
1364 4284 1739 4356 πλημμέλημα

161 4373 333 4446 μέγα·
368 4372 425 4444 ἢ,
453 4375 575 4426 ἐπεὶ
603 4375 755 4446 παρὰ
786 4373 973 4427 Νάθαν
1004 4375 1200 4444 ἢκουσε
1241 4374 1339 4446 τὴν
1370 4374 1733 4447 συγχώρησιν,

158 4465 259 4520 καὶ
279 4464 339 4515 αἱ
360 4464 698 4517 παντοδαπαὶ
725 4462 782 4515 δὲ
822 4465 1095 4535 συμφοραὶ
1116 4464 1175 4516 τὸ
1213 4466 1347 4518 πολὺ
1376 4467 1735 4537 ὑπετέμνοντο

1915 3270 2131 3337 futurae,
2168 3279 2222 3325 et
2253 3271 2554 3341 spiritualis
2582 3270 2675 3326 Dei
2707 3273 2889 3327 cultus
2915 3276 3239 3331 doctrinam.
3268 3276 3402 3334 Pas-

1908 3364 2013 3417 sim
2045 3372 2225 3418 autem
2258 3363 2503 3420 invenies
2534 3362 2771 3420 duorum
2808 3366 3100 3422 criminum
3134 3370 3401 3440 expiatio-

1909 3470 2031 3510 nem
2061 3455 2465 3525 elllagitantem.

1908 3550 1961 3604 '5.
2000 3548 2250 3603 Miserere
2276 3548 2400 3613 mei,
2435 3547 2597 3613 Deus,
2626 3548 2907 3602 secundum
2930 3565 3174 3620 magnam
3195 3552 3401 3606 miseri-

1839 3643 2075 3698 cordiam
2106 3654 2275 3695 tuam.
2333 3638 2533 3709 Utpote
2561 3654 2760 3708 magno
2786 3640 2971 3709 lapsus
3000 3641 3244 3708 crimine,
3284 3657 3401 3697 ma-

1847 3752 2011 3806 gnam
2040 3734 2132 3789 Dei
2176 3731 2608 3787 misericordiam
2642 3731 2896 3800 implorat
2929 3731 3061 3802 (18).
3119 3731 3187 3786 Et
3218 3749 3403 3786 secun-

1837 3828 1962 3880 dum
2008 3825 2403 3878 multitudinem
2446 3824 2841 3878 miserationum
2891 3835 3103 3879 tuarum
3140 3826 3254 3879 dele
3297 3826 3403 3879 ini-

1836 3919 2089 3989 quitatem
2119 3933 2308 3971 meam.
2337 3914 2472 3970 Nam
2498 3915 2629 3971 solis
2656 3914 2751 3972 Dei
2783 3917 3220 3974 miserationibus
3253 3933 3402 3974 com-

1838 4010 1970 4080 petit
1996 4026 2028 4064 a
2057 4010 2285 4065 crimine
2309 4009 2473 4065 caedis
2497 4010 2717 4064 abluere
2748 4024 2966 4065 manus.

1912 4101 2188 4176 [Apertius
2231 4112 2410 4157 autem
2448 4102 2773 4156 sententiam
2810 4102 3087 4172 explicans
3116 4103 3192 4156 ait
3224 4120 3237 4156 :
3270 4103 3403 4156 Am-

1837 4196 1976 4266 plius
2021 4192 2143 4249 (alia
2180 4212 2281 4251 me.
2322 4194 2498 4263 Atque
2543 4193 2631 4247 hic
2678 4207 2897 4263 quoque
2929 4193 3037 4247 vim
3082 4196 3405 4265 copiamque

1837 4286 2173 4358 purgationis
2190 4283 2432 4352 expetiit,
2465 4290 2524 4334 ut
2550 4296 2808 4352 magnum
2832 4295 2956 4336 esse.
2977 4279 3189 4335 facinus
3216 4288 3403 4335 osten-

1836 4382 2025 4435 deret:
2056 4386 2170 4438 aut,
2214 4376 2343 4445 quia
2372 4390 2414 4447 _a
2444 4374 2659 4430 Nathan
2698 4380 3002 4443 acceperat,
3038 4371 3251 4426 veniam
3294 4370 3403 4429 sibi

1838 4470 2011 4525 fuisse
2039 4481 2360 4523 concessam
2381 4506 2397 4527 .
2427 4476 2480 4521 et
2510 4466 2673 4520 variae
2693 4463 3029 4518 calamitates
3056 4463 3164 4518 vim
3194 4461 3403 4537 pecca';

157 4557 261 4629 τῆς
289 4556 578 4627 ἁμαρτίας,
611 4556 743 4627 φησὶ
768 4554 882 4617 νῦν,
935 4557 1015 4608 ὅτι
1060 4557 1259 4627 Δέομαι
1309 4560 1607 4629 ῥυμμάτων
1640 4558 1732 4611 καὶ

1837 4562 2173 4621 minuebant,
2236 4573 2383 4612 nunc
2406 4557 2481 4612 ait
2508 4575 2520 4609 :
2552 4557 2701 4620 Opus
2729 4555 2861 4609 mihi
2882 4564 2965 4609 est
2991 4556 3403 4626 purgationibus

161 4647 509 4712 ἑκπλύσεων,
563 4648 650 4701 ῖνα
711 4648 888 4702 τέλεον
920 4651 948 4701 ὁ
1007 4648 1393 4720 προστετηκὼς
1461 4648 1733 4722 ἀποξεσθῇ

160 4738 384 4812 ῥύπος-1

253 4829 379 4887 Ἐπί
408 4830 618 4886 πλεῖον
654 4829 889 4885 nam
909 4831 987 4903 μὲ
1014 4831 1133 4887 ἀπὸ
1184 4832 1293 4901 τῆς
1324 4832 1571 4903 ἀνομίας
1590 4850 1733 4901 μου,

158 4923 259 4994 τῆς
286 4923 381 4975 ἐπὶ
429 4922 508 4993 τῷ
553 4924 716 4995 φόνῳ,
747 4924 898 4994 φησί.
956 4925 1067 4977 Kal
1125 4923 1243 4977 ἀπὸ
1295 4922 1405 4992 τῆς
1448 4924 1735 4991 ἁμαρτίας

156 5031 279 5085 μου
336 5014 663 5082 καθάρισόν
720 5032 815 5085 με,
887 5016 987 5085 τῆς
1038 5017 1129 5068 ἐπὶ
1166 5018 1399 5089 μοιχείᾳ.
1438 5003 1567 5068 ’σ’τι
1621 5016 1735 5083 τὴν

159 5108 426 5177 ἀνομίαν
444 5126 563 5175 μου
593 5107 708 5176 era.
740 5108 1028 5179 γινώσκω.
1060 5108 1168 5162 Καὶ
1190 5108 1347 5162 τοῦτο
1365 5110 1457 5162 ἐπὶ
1481 5106 1559 5180 τῷ
1593 5108 1739 5180 φόνῳ

158 5204 374 5276 signa.
406 5204 514 5257 Καὶ
544 5204 581 5270 ή
613 5204 866 5273 ἁμαρτία
885 5221 1004 5272 μου
1033 5202 1289 5257 ἐνώπιόν
1310 5204 1428 5274 μού
1460 5204 1592 5257 ἐστι
1619 5203 1737 5259 δια-

160 5297 411 5362 παντός.
457 5296 603 5348 ’Δνω
631 5298 724 5349 καὶ
750 5297 900 5350 κάτω
933 5295 1283 5369 περιστρέφει
1328 5296 1425 5366 τῆς
1465 5296 1735 5368 ἁμαρτίας

156 5385 260 5455 τὴν
290 5388 511 5457 μνήμην
541 5386 641 5455 τῆς
664 5387 755 5438 ἐπὶ
794 5390 861 5458 τῇ
903 5386 1118 5458 μοιχείᾳ
1162 5386 1471 5457 γινομένης,
1501 5386 1576 5450 ὡς
1628 5388 1728 5441 οὐκ

159 5473 339 5543 ἐώσης
393 5475 554 5529 αὐτὸν
608 5473 732 5528 οὔτε
788 5476 1191 5549 ἀναχωρούσης,
1250 5475 1384 5529 ἀλλὰ
1443 5475 1727 5540 διαπαντὸς

160 5563 427 5622 συνοῦσαν
458 5566 607 5637 αὐτῷ
649 5565 743 5620 καὶ
771 5566 1059 5636 ἄγχουσαν.

1838 4669 1893 4716 et
1950 4654 2341 4717 ablutionibus,
2402 4663 2462 4705 ut
2503 4650 2613 4720 jam
2659 4646 2969 4719 liquefacta:
3012 4655 3067 4701 et
3114 4646 3402 4703 exsiccatae

1837 4752 2027 4809 sordes
2054 4748 2272 4818 penitus
2302 4741 2678 4800 abradantur.l

1905 4844 1961 4903 4,
1994 4843 2045 4897 5.
2082 4839 2324 4907 Amplius
2348 4836 2466 4889 lava
2497 4851 2577 4889 me
2605 4835 2669 4888 ab
2705 4834 2982 4903 iniquitate
3008 4849 3143 4896 mea,
3175 4841 3401 4904 patrata

1836 4936 2019 4998 caedis,
2049 4934 2142 4987 ait.
2198 4930 2267 4985 Et
2293 4947 2323 4982 a
2349 4937 2561 4998 peccato
2598 4943 2710 4979 meo
2739 4926 2937 4980 munda
2974 4942 3053 4981 me
3077 4967 3092 4991 ,
3145 4926 3400 4980 adulterii

1835 5025 2101 5081 videlicet.
2140 5021 2403 5088 Quoniam
2434 5018 2768 5087 iniquitatem
2800 5031 2968 5069 meam
2997 5031 3088 5085 ego
3121 5030 3397 5084 cognosco.

1834 5117 1891 5173 Id
1928 5130 2146 5185 quoque
2196 5114 2262 5167 de
2314 5111 2458 5165 unde
2509 5108 2937 5176 intelligendum.
3002 5107 3073 5161 Et
3128 5121 3397 5178 peccatum

1834 5220 2005 5265 meum
2034 5213 2217 5259 contra
2251 5217 2329 5255 me
2359 5212 2431 5253 est
2462 5215 2679 5268 semper.
2721 5197 2934 5254 Peccati
2966 5196 3279 5253 memoriam
3318 5198 3402 5252 ul-

1832 5310 1918 5355 ιιιυ
1946 5298 2196 5370 citroque
2220 5300 2440 5359 versat,
2473 5290 2725 5345 adulterii
2757 5289 3026 5355 videlicet,
3061 5298 3250 5358 utpote
3278 5304 3401 5359 quae

1834 5393 2074 5448 nondum
2112 5386 2445 5447 deseruisset
2474 5399 2598 5439 eum
2625 5425 2641 5450 ,
2678 5398 2854 5453 neque
2884 5382 3268 5446 abscessisset;
3305 5382 3400 5436 sed

1835 5500 2047 5555 semper
2069 5484 2285 5541 adesset
2313 5491 2478 5554 atque
2511 5476 2565 5531 in
2605 5490 2862 5541 angorem
2887 5474 3054 5531 animi
3080 5472 3398 5542 conjiceret.

226 5802 345 5874 (l8)
381 5803 540 5862 Hisce
574 5803 820 5874 quaedam
858 5804 1044 5876 adjicit
1085 5804 1220 5862 Dan.
1256 5804 1565 5872 Barbarus,
1619 5824 1740 5871 auc
1777 5818 1905 5868 sunt
1933 5808 2205 5866 llesvchii.
