4034 6506
627 464 733 519 259

1466 460 1522 515 S.
1562 458 1927 514 ATHANASII
1965 458 2113 513 OPP.
2151 457 2331 513 PARS
2368 458 2452 511 Ill.
2490 488 2559 499 —-
2607 460 3013 519 EXEGETICA.

3734 471 3842 524 2ιο

698 580 961 653 [Amplius
986 578 1105 631 lava
1133 593 1211 630 me
1232 580 1294 629 ab
1325 577 1601 645 iniquitate
1642 593 1786 639 utea,
1836 585 1881 627 et
1908 592 1939 626 a
1969 586 2177 642 peccato

2352 571 2529 642 [Ἐπὶ
2590 575 2800 628 πλεῖον
2850 577 3084 631 amora-
3143 595 3218 647 με
3276 581 3391 634 ἀπὸ
3439 581 3548 650 τῆς
3595 584 3845 654 ἀνομίας

627 688 737 724 meo
762 671 959 722 munda
989 685 1086 722 me.
1116 666 1401 722 Peccatum
1442 667 1573 721 dicit
1603 667 1947 721 adulterium.
1995 664 2183 720 Scien-

625 766 754 818 dum
786 772 963 816 autem
993 769 1096 823 est,
1121 770 1398 826 peccatum
1426 775 1547 814 esse
1580 775 1608 813 a
1634 761 1775 813 bono
1801 759 2045 827 lapsum;
2080 759 2183 812 ini—

626 854 887 922 quitatem
918 866 1047 904 vero
1086 846 1585 919 praevaricationem
1614 847 1666 900 in
1695 848 1933 901 divinam
1966 847 2133 915 legem
2164 865 2176 900 :

627 947 742 999 haec
765 944 1194 999 suntamborum
1226 941 1508 1010 principia.
1551 941 1609 994 In
1642 943 1740 994 hoc
1770 949 1949 994 autem
1980 954 2179 994 conve-

627 1039 802 1101 niunt,
832 1035 977 1104 quod
1010 1034 1216 1089 scilicet
1248 1042 1496 1102 peccator
1540 1032 1608 1085 ah
1651 1046 1716 1085 eo
1748 1031 1842 1101 qui
1880 1032 2176 1084 secundum

626 1134 872 1179 naturam
906 1133 960 1178 et
982 1124 1036 1177 in
1064 1132 1258 1177 natura
1284 1132 1367 1176 est
1395 1138 1560 1188 scopo
1582 1123 1914 1177 aherraverit
1939 1140 1952 1175 :
1980 1122 2177 1175 huma-

624 1234 707 1272 nae
751 1217 951 1286 quippe
986 1227 1193 1270 naturae
1232 1215 1319 1269 hic
1350 1230 1547 1283 scopus
1583 1216 1791 1283 positus
1823 1224 1934 1279 est,
1991 1224 2051 1269 ut
2094 1230 2178 1268 se-

623 1310 859 1363 cundum
894 1309 1155 1362 rationem
1188 1308 1366 1371 vivat,
1417 1308 1639 1360 semotis
1665 1316 1718 1361 et
1758 1307 1947 1375 procul
1989 1306 2176 1375 positis

620 1401 689 1455 iis
716 1416 837 1469 quae
882 1400 1079 1454 rationi
1122 1400 1500 1453 adversantur.
1556 1398 1816 1453 Similiter
1856 1399 1948 1468 qui
1990 1399 2176 1467 inique

619 1494 1139 1563 agitprzeraricatur
1186 1499 1375 1546 contra
1411 1491 1580 1560 legem
1635 1492 1689 1545 in
1731 1499 1921 1545 natura
1968 1491 2171 1554 datam,

619 1584 1041 1651 intemperanter
1075 1598 1132 1637 se
1155 1598 1366 1651 gerens.
1419 1582 1461 1635 E
1497 1598 1554 1637 re
1594 1582 1755 1653 igitur
1803 1583 2081 1652 apostolus
2122 1591 2176 1635 et

618 1676 917 1743 discipulus
936 1674 1134 1728 Christi
1162 1673 1396 1731 Joannes
1421 1684 1712 1744 utrumque
1736 1674 1788 1727 in
1816 1689 1925 1728 uno
1952 1674 2174 1742 copula-

616 1768 693 1820 vit
718 1768 799 1822 sic
830 1767 1057 1835 loquens
1080 1767 1157 1819 ":
1186 1764 1368 1821 Omnis
1396 1767 1487 1836 qui
1517 1766 1646 1835 facit
1678 1775 1965 1834 peccatum,
2004 1774 2055 1818 et
2078 1764 2174 1817 ini-

616 1860 867 1926 quitatem
891 1858 1055 1925 facit;
1114 1872 1176 1914 ac
1200 1859 1243 1912 si
1273 1857 1504 1923 diceret,
1545 1856 1832 1911 Peccatum
1883 1865 2165 1910 consenta-

2280 685 2421 734 μου,
2456 668 2550 719 καὶ
2576 668 2691 720 ἀπὸ
2724 667 3144 737 τῆς“ἀμαρτίας
3200 689 3316 738 μου
3369 672 3695 741 καθάρισον
3743 694 3841 744 με,

2295 758 2588 827 Ἀμαρτίαν
2618 758 2673 810 δὲ
2703 758 2799 829 τὴν
2826 760 3087 828 μοιχείαν.
3139 762 3349 824 ’1στέον,
3379 763 3454 826 ὠς
3478 765 3720 835 ἁμαρτία
3746 769 3843 835 μὲν

2283 851 2313 918 ὴ
2362 848 2452 901 τοῦ
2480 848 2682 917 ἀγαθοῦ
2728 850 3041 912 ἀπόπτωσίς
3099 853 3265 904 ἐστιν·
3316 853 3512 923 ἀνομία
3563 854 3620 908 δὲ
3650 857 3683 925 ἡ
3714 860 3844 929 περὶ

2278 939 2368 990 τὸν
2390 939 2527 991 θεῖον
2555 939 2712 1008 νόμον
2752 939 3113 1010 πλημμέλεια·
3149 943 3240 995 καὶ
3268 942 3439 997 ταῦτα
3491 944 3701 1015 ἔχουσιν
3738 948 3841 1018 ἀρ-

2280 1030 2379 1099 χὴν
2401 1030 2656 1100 ἑκάτερον
2679 1030 2898 1082 τούτων.
2934 1032 3305 1102 Συμφέρονται
3348 1035 3402 1086 δὲ
3428 1036 3519 1087 καὶ
3546 1038 3684 1091 κατὰ
3714 1056 3843 1091 ταυ-

2278 1122 2386 1173 τόν·
2417 1122 2505 1174 ὅτε
2551 1122 2656 1192 γὰρ
2690 1123 3013 1192 ἁμαρτάνων
3059 1124 3150 1176 τοῦ
3193 1125 3331 1178 κατά
3360 1127 3521 1194 φύσιν
3553 1130 3645 1181 καὶ
3676 1132 3733 1182 ὲν
3774 1134 3841 1201 τῇ

2280 1212 2435 1278 φύσει
2471 1212 2703 1280 ἀπέτυχε
2728 1211 2948 1264 σκοποῦ·
2976 1214 3040 1283 τῇ
3063 1212 3170 1283 γὰρ
3198 1214 3507 1286 ἀνθρωπεία
3531 1217 3688 1283 φύσει
3718 1235 3843 1271 axo-

2278 1301 2377 1363 πὸς
2430 1301 2488 1353 τὸ
2543 1300 2682 1354 κατά
2730 1302 2820 1353 τὸν
2850 1301 3006 1370 λόγον
3056 1303 3153 1373 ζῇν
3214 1305 3311 1375 τῆς
3369 1305 3587 1374 ἀλογίας
3654 1308 3845 1379 πόρῤω

2278 1391 2650 1460 ἀπῳκισμένη.
2718 1390 2983 1456 Ὡσαύτως
3040 1395 3131 1446 καὶ
3193 1394 3221 1446 ό
3279 1395 3492 1464 ἀνομῶν
3534 1396 3845 1468 πλημμελεῖ

2277 1482 2403 1551 περὶ
2428 1481 2518 1533 τὸν
2551 1484 2606 1535 ἐν
2638 1485 2703 1552 τῇ
2736 1482 2892 1551 φύσει
2919 1484 3198 1553 δεδομένον
3234 1486 3414 1556 νόμον,
3467 1487 3843 1558 διαγενόμενος

2275 1572 2546 1643 ἀκρατῶς.
2578 1572 2769 1636 Καλῶς
2795 1570 2889 1627 οῦν
2946 1575 3038 1626 καὶ
3088 1576 3389 1639 ἀπόστολος
3455 1579 3705 1651 Ἰωάννης
3750 1582 3843 1633 καὶ

2278 1661 2521 1732 μαθητὴς
2546 1663 2635 1715 τοῦ
2662 1664 2895 1734 Χριστοῦ
2922 1666 3001 1726 είς
3018 1665 3213 1717 ταυτὸν
3249 1667 3532 1739 ἀμφότερα
3554 1670 3842 1740 περιέστη-

2277 1768 2364 1803 σεν
2414 1750 2601 1804 εἰπών·
2632 1752 2752 1818 Πᾶς
2790 1757 2821 1807 ό
2874 1755 3057 1807 ποιῶν
3105 1755 3219 1822 τὴν
3253 1758 3543 1825 ἁμαρτίαν
3589 1760 3688 1812 καί
3727 1761 3843 1828 τὴν

2273 1842 2525 1911 ἀνομίαν
2570 1844 2748 1897 ποιεῖ·
2790 1845 2990 1908 ἄλλως·
3030 1847 3092 1900 Ἦ
3121 1848 3360 1918 ἁμαρτία
3410 1850 3740 1921 κατάλληλος
3770 1857 3838 1925 τῇ

615 1967 775 2005 neum
802 1960 884 2006 est
914 1949 1365 2021 iniquitati.Nam
1388 1951 1637 2021 quisquis
1669 1950 1853 2019 inique
1883 1949 2013 2019 agit,
2047 1964 2170 2017 pec-

2272 1932 2487 2002 ἀνομία.
2523 1933 2636 1996 Πᾶς
2690 1936 2795 2005 γὰρ
2841 1937 2869 1987 ὁ
2917 1936 3129 2006 ἀνομῶν
3153 1915 3478 2007 ἀμαρτάνει,
3525 1941 3586 1993 οὐ
3635 1915 3840 2007 παντὸς

612 2052 738 2107 cat;
795 2057 969 2111 neque
1003 2052 1180 2097 tamen
1221 2042 1400 2097 omnis
1429 2043 1520 2112 qui
1564 2054 1771 2111 peccat,
1808 2041 1992 2110 inique
2032 2041 2164 2110 agit.

612 2130 796 2185 Potest
834 2140 1014 2185 autem
1043 2146 1106 2185 ex
1139 2133 1385 2202 opposito
1414 2133 1541 2199 dici,
1566 2133 1693 2201 quia
1720 2133 1946 2196 scilicet,
1983 2130 2166 2185 Omnis

610 2226 700 2294 qui
738 2225 869 2294 facit
899 2235 1188 2294 peccatum,
1221 2234 1268 2279 et
1296 2226 1625 2295 iniquitatem
1656 2224 1831 2295 facit.]

685 2319 736 2370 ϐ.
772 2316 887 2369 Tibi
908 2317 1008 2369 soli
1037 2318 1242 2381 peccavi
1267 2326 1316 2369 et
1346 2317 1545 2369 malum
1579 2333 1754 2369 coram
1782 2326 1829 2369 te
1849 2316 1969 2386 feci.
1999 2315 2165 2383 Quasi

611 2407 757 2461 dicat
789 2426 801 2460 :
837 2406 950 2461 Etsi
1012 2408 1286 2475 peccando
1329 2408 1572 2461 omnium
1603 2409 1791 2462 oculos
1823 2408 1965 2476 fugi,
2018 2408 2166 2462 solos

610 2511 735 2556 tuos
758 2517 864 2556 non
896 2503 1047 2557 latui.
1074 2503 1195 2557 Ideo
1223 2503 1355 2558 dicit
1382 2521 1395 2558 :
1429 2502 1496 2557 Et
1534 2502 1733 2558 malum
1761 2519 1937 2556 coram
1967 2510 2018 2557 te
2043 2502 2163 2571 feci.

610 2590 788 2645 Multis
816 2606 845 2645 a
889 2600 941 2646 te
979 2591 1202 2646 allectus
1231 2594 1388 2647 bonis
1426 2592 1700 2646 contraria
1746 2591 1991 2661 rependi.
2047 2589 2162 2643 Non

608 2680 679 2734 ita
708 2696 872 2751 porro
897 2681 1135 2750 loquitur
1160 2682 1306 2751 quod
1336 2682 1535 2752 injuria
1570 2699 1676 2737 non
1701 2682 1943 2738 affecisse
1978 2680 2160 2736 Uriam

606 2773 913 2839 existimet;
954 2788 1076 2826 nam
1118 2788 1228 2843 quo
1258 2782 1413 2842 pacto
1455 2772 1624 2829 illud?
1663 2773 1756 2829 sed
1800 2775 1926 2844 quia
1970 2774 2163 2843 iniqui-

607 2879 689 2922 tas
724 2866 960 2919 maxima
988 2865 1042 2919 in
1079 2866 1253 2935 ipsum
1291 2866 1513 2918 vertitur
1549 2865 1741 2931 Deum,
1782 2866 1875 2934 qui
1923 2880 2047 2919 eum
2094 2880 2161 2918 ex

606 2968 820 3031 pastore
845 2958 899 3012 iu
929 2973 1106 3027 regem
1138 2958 1426 3025 allegerat:
1464 2964 1557 3008 aut
1584 2956 1732 3025 quia,
1764 2970 1887 3010 cum
1917 2955 2161 3010 omnium

605 3050 814 3119 fugeret
838 3047 1046 3105 oculos.
1073 3044 1168 3099 Dei
1195 3054 1545 3115 conspectum
1576 3060 1684 3098 non
1712 3043 1919 3114 effugit,
1946 3045 2038 3099 sed
2066 3058 2163 3113 per

606 3140 924 3210 prophetam
967 3137 1326 3205 reprehensus
1370 3144 1486 3191 est:
1518 3146 1645 3202 aut,
1697 3144 1881 3205 utpote
1917 3150 2014 3189 rex
2057 3134 2160 3204 legi

2270 2026 2673 2096 ἁμαρτάνοντος
2699 2028 3042 2099 ἀνομοῦντος.
3070 2030 3299 2085 Δύναται
3337 2031 3394 2084 δὲ
3427 2033 3518 2085 καὶ
3540 2034 3602 2086 ὲκ
3632 2037 3843 2105 παραλ-

2267 2116 2425 2188 λήλου
2453 2119 2699 2189 εἰρῆσθαι
2733 2120 2819 2174 διά
2854 2121 2937 2173 τό·
2978 2120 3102 2188 Πᾶς
3134 2125 3165 2176 d
3187 2121 3372 2175 ποιῶν
3400 2122 3515 2192 τὴν
3548 2125 3843 2194 ἁμαρτίαν

2268 2208 2364 2260 καὶ
2412 2208 2527 2276 τὴν
2556 2210 2812 2280 ἀνομίαν
2831 2210 3028 2283 ποιεῖ]

2336 2299 2437 2351 Σοὶ
2483 2300 2647 2367 μόνῳ
2700 2300 2987 2370 ἥμαρτον,
3036 2300 3239 2355 καὶτὸ
3290 2302 3554 2371 πονηρόν
3583 2306 3841 2359 ἐνώπιόν

2266 2401 2379 2442 σου
2418 2389 2695 2457 ἐποίησα.
2714 2391 2857 2444 Ἀντὶ
2888 2391 3002 2444 τοῦ·
3038 2392 3173 2455 Τοὺς
3207 2393 3419 2447 πάντων
3448 2396 3841 2468 ἀποκρυψάμε-

2265 2496 2352 2541 νος
2374 2477 2681 2549 ὀφθαλμοὺς
2706 2482 2763 2531 ὲν
2780 2479 2858 2550 τῷ
2885 2482 3326 2552 παρανομήματι,
3344 2485 3470 2546 τοὺς
3494 2486 3619 2549 σοὺς
3646 2485 3840 2556 μόνους

2264 2568 2325 2620 οὐ
2352 2566 2609 2621 διέλαθον.
2634 2568 2723 2621 Διό
2749 2584 2899 2641 φησι·
2931 2571 3039 2626 Kal
3064 2572 3127 2625 τὸ
3162 2571 3427 2640 πονηρὸν
3449 2574 3703 2629 ἐνώπιόν
3720 2593 3839 2631 σου

2262 2658 2539 2726 ἐποίησα.
2588 2660 2804 2715 Πολλῶν
2850 2661 2957 2733 γὰρ
3014 2662 3327 2727 ἀπολαύσας
3376 2666 3525 2737 παρά
3579 2666 3693 2733 σοῦ,
3723 2670 3840 2732 τοϊς

2263 2750 2522 2815 ἐναντίοις
2572 2752 2910 2823 ἠμειψάμην.
2959 2754 3066 2806 Καὶ
3115 2755 3175 2807 οὐ
3228 2756 3385 2809 τοῦτο
3424 2757 3589 2826 λέγει,
3634 2759 3709 2821 ὡς
3735 2759 3840 2812 οὐκ

2263 2839 2485 2910 ἠδίκησε
2519 2840 2610 2893 τὸν
2634 2842 2853 2913 Οὐρίαν·
2900 2842 3016 2907 πῶς
3053 2846 3197 2915 γάρ;
3227 2846 3340 2898 ἀλλ’
3374 2847 3453 2899 ὃτι
3520 2848 3554 2917 ἠ
3602 2848 3836 2920 μεγίστη

2263 2930 2574 3001 παρανομία
2601 2932 2680 2995 εἰς
2709 2933 2869 2987 αὑτὸν
2895 2934 3221 3007 τετόλμηται
3245 2936 3333 2989 τὸν
3358 2936 3487 2989 Θεδν
3504 2938 3595 2991 τὸν
3616 2939 3841 3005 ἐκλεξά-

2267 3037 2424 3091 μενον
2468 3023 2562 3075 καὶ
2590 3022 2809 3093 βασιλέα
2841 3027 2905 3080 ὲκ
2927 3026 3242 3099 πῳὸατὲως
3266 3031 3618 3099 πεποιηκότα·
3655 3030 3688 3102 ἢ
3712 3031 3839 3085 ἐπεὶ

2261 3116 2387 3179 τοὺς
2428 3115 2645 3170 πάντων
2696 3117 3151 3189 ἀποκρυψάμενος
3206 3118 3534 3191 ὀφθαλμοὺς,
3584 3125 3710 3185 τοὺς
3737 3123 3835 3175 τοῦ

606 3203 886 3285 hominum
940 3203 1045 3282 non
1094 3228 1437 3297 subjacebat;
1494 3236 1555 3283 ut
1606 3203 1787 3281 autem
1840 3203 2161 3295 religiosus,

2265 3203 2395 3258 Θεοῦ
2424 3207 2521 3259 οὑκ
2549 3206 2752 3270 ἔλαθεν,
2779 3208 2893 3261 ἀλλ’
2924 3208 3164 3279 ἠλέγχθη
3206 3209 3294 3262 διὰ
3326 3210 3419 3262 τοῦ
3458 3214 3759 3282 προφήτου·
3799 3214 3833 3282 ἢ

604 3320 717 3376 Deo
749 3322 849 3376 soli
878 3340 891 3375 :
926 3332 1020 3376 aut
1045 3322 1300 3390 quoniam
1335 3335 1495 3374 nemo
1523 3320 1880 3389 redarguebat
1902 3362 1917 3387 ,
1947 3321 2040 3375 sed
2066 3335 2159 3375 so-

603 3414 691 3470 lus
722 3414 1048 3482 corripiebat
1075 3412 1237 3466 Deus.
1287 3410 1435 3477 Tibi,
1463 3412 1669 3482 inquit,
1708 3413 1808 3465 soli
1829 3414 2055 3481 peccavi.
2092 3411 2159 3466 Ut

602 3504 904 3572 iustiﬁceris
933 3504 987 3557 in
1021 3503 1343 3557 sermonibus
1367 3503 1491 3556 tuis.
1540 3501 1643 3567 Me,
1677 3502 1874 3572 inquit,
1903 3504 2162 3572 praevari-

602 3609 781 3653 catum
832 3611 927 3667 per
983 3596 1297 3665 prophetam
1345 3594 1658 3663 coarguisti.
1718 3592 1784 3645 Et
1828 3602 1884 3647 tu
1938 3593 2157 3661 quidem

601 3684 782 3759 iusth
803 3704 926 3743 cum
958 3690 1070 3753 sis,
1106 3697 1392 3756 postquam
1413 3700 1500 3740 me
1545 3685 1611 3739 de
1656 3684 1893 3738 inimicis
1943 3698 2159 3753 semper

599 3779 869 3843 liberasti,
901 3787 954 3833 et
987 3792 1072 3831 me
1110 3792 1274 3847 regno
1295 3786 1457 3848 atque
1480 3776 1757 3847 prophetia
1784 3776 2025 3841 ornasti;
2058 3790 2160 3846 ego

604 3880 783 3926 autem
829 3869 1089 3941 profanus
1130 3881 1176 3924 et
1224 3870 1494 3925 homicida
1526 3884 1669 3925 sum.
1719 3867 1787 3923 Et
1825 3870 2003 3922 vincas
2039 3884 2159 3922 cum

601 3965 880 4031 iudicaris.
923 3962 1221 4017 Declaratio
1249 3962 1362 4017 sive
1392 3960 1664 4017 confessio
1689 3970 2059 4030 peccatorum.

680 4182 729 4236 7.
768 4182 902 4238 Ecce
926 4185 1063 4238 enim
1088 4186 1141 4238 in
1163 4185 1535 4254 iniquitatibus
1555 4195 1828 4255 conceptus
1862 4204 2003 4251 sum,
2033 4196 2083 4241 et
2104 4187 2157 4240 in

604 4276 829 4342 peccatis
878 4278 1108 4344 concepit
1152 4292 1231 4330 me
1280 4285 1448 4330 mater
1492 4293 1627 4332 mea.
1692 4279 1960 4344 Quoniam
2010 4280 2161 4349 prior

604 4363 697 4417 Dei
726 4380 924 4436 scopus
954 4374 1069 4447 erat
1090 4406 1104 4430 ,
1150 4376 1209 4420 ut
1236 4382 1344 4421 non
1374 4383 1470 4438 per
1511 4368 1913 4423 matrimonium
1953 4379 2007 4423 et
2038 4386 2160 4424 cor-

604 4456 908 4525 ruptionem
943 4472 1331 4511 nasceremur:
1367 4460 1460 4514 sed
1492 4462 1854 4530 transgressio
1891 4461 2153 4528 mandati,

2262 3294 2338 3358 ὡς
2374 3296 2473 3367 μὲν
2503 3296 2753 3367 βασιλεὺς
2779 3297 2928 3369 νόμῳ
2956 3298 3254 3369 ἀνθρώπων
3306 3300 3404 3371 οὐχ
3456 3301 3729 3365 ὑπέκειτο,
3756 3304 3837 3367 ὡς

2261 3386 2318 3439 δὲ
2352 3386 2603 3459 θεοσεὸὴς
2653 3388 2732 3459 τῷ
2764 3388 2883 3460 Θεῷ
3159 3391 3192 3461 ἢ
3237 3392 3359 3445 ἐπεὶ
3400 3392 3700 3467 ἀνθρώπων
3733 3395 3838 3465 μὲν

2259 3478 2436 3542 οὐδεὶς
2463 3478 2708 3549 ἦλεγχεν,
2725 3478 2853 3543 Θεὸς
2877 3479 2933 3532 δὲ
2962 3479 3307 3552 διωρθώσατο
3333 3482 3509 3553 μόνος.
3531 3485 3653 3548 Σοὶ,
3672 3486 3831 3556 φησὶ,

2256 3570 2421 3636 μόνῳ
2457 3568 2735 3636 ἥμαρτον.
2770 3569 2958 3633 Ὅπως
2991 3568 3067 3621 ἂν
3092 3569 3409 3639 δικαιωθῇς
3441 3564 3534 3624 ἐν’
3559 3572 3683 3638 τοῖς
3726 3576 3835 3628 λό-

2265 3675 2390 3727 γοις
2422 3673 2555 3712 σου.
2589 3658 2851 3726 Ἤλεγξάς
2886 3676 2972 3729 με,
3004 3660 3158 3731 φησὶ,
3188 3660 3275 3713 διά
3296 3662 3388 3715 τοῦ
3418 3664 3696 3734 προφήτου
3726 3684 3835 3719 πα-

2263 3749 2654 3819 ρανομήσαντα·
2690 3750 2781 3802 καὶ
2820 3750 2883 3805 σὺ
2913 3750 3009 3821 μὲν
3037 3742 3239 3815 δίκαιος
3268 3752 3342 3806 ὣν
3374 3753 3467 3807 καὶ
3492 3753 3597 3808 τῶν
3620 3755 3836 3828 ἐχθρῶν

2262 3838 2488 3891 πάντοτε
2549 3839 2869 3909 ῥυσάμενος,
2921 3841 3015 3894 καὶ
3078 3842 3320 3916 βασιλείᾳ
3379 3845 3471 3899 καὶ
3530 3850 3835 3922 προφητείᾳ

2259 3930 2514 4000 τιμήσας·
2549 3930 2659 3998 ὲγὼ
2680 3930 2734 3983 δὲ
2761 3930 2984 4003 βέϐηλος
3045 3934 3137 3986 καὶ
3182 3934 3483 4004 μιαιφόνος.
3518 3936 3629 3989 Kal
3662 3940 3833 4004 νική-

2260 4035 2378 4086 σῃς
2405 4018 2474 4070 ἐν
2510 4017 2589 4084 τῷ
2627 4021 2936 4086 κρίνεσθαί
2971 4035 3065 4074 σε.
3106 4022 3399 4087 ’Δπόδειξις
3423 4025 3539 4094 ῆτοι
3567 4026 3832 4096 ὁμολογία

2259 4111 2367 4163 τῶν
2398 4112 2615 4183 ἀμαρτη
2624 4112 2823 4182 μάτων.

2344 4202 2487 4257 Ἰδοὺ
2504 4204 2612 4272 γὰρ
2632 4204 2700 4257 ἐν
2721 4203 2991 4271 ἀνομίαις
3009 4204 3417 4274 συνελήφθην,
3436 4209 3532 4261 καί
3556 4208 3626 4260 ἐν
3642 4208 3831 4278 ἁμαρ-

2259 4295 2410 4359 τίαις
2444 4293 2738 4359 ὲκίσσησέ
2782 4309 2858 4361 με
2910 4293 2948 4359 ἠ
2970 4293 3325 4369 μήτψμυ.
3391 4296 3604 4367 Ἐπειδὴ
3637 4299 3666 4349 ὁ
3694 4316 3830 4369 προ-

2259 4384 2557 4453 ηγούμενος
2620 4380 2816 4443 σκοπὸς
2872 4381 2963 4434 τοῦ
3000 4381 3131 4435 Θεοῦ
3164 4380 3229 4455 ἦν
3273 4384 3366 4438 τοῦ
3423 4384 3497 4455 μὴ
3531 4384 3620 4438 διὰ
3642 4386 3824 4458 γάμου

2261 4476 2507 4544 γενέσθαι
2541 4475 2685 4545 ἡμᾶς
2709 4474 2803 4526 καὶ
2848 4473 3069 4545 φθορᾶς·
3097 4478 3130 4545 ἡ
3164 4475 3219 4528 δὲ
3272 4476 3582 4548 παράϐασις
3608 4478 3714 4549 τῆς
3738 4482 3827 4533 ἰν.

604 4549 819 4617 nuptias
854 4548 1061 4602 induxit
1082 4550 1152 4603 ob
1172 4550 1359 4604 Adami
1386 4550 1746 4620 iniquitatem,
1798 4551 1849 4605 id
1873 4560 1980 4618 est,
2009 4554 2154 4621 quod

2265 4568 2415 4637 τολῆς
2434 4568 2521 4619 τὸν
2545 4566 2718 4636 γάμον
2744 4566 3002 4636 εἰσήγαγε
3023 4566 3108 4619 διά
3138 4568 3199 4619 τὸ
3214 4568 3485 4639 ἀνομῆσαι
3510 4570 3601 4623 τὸν
3631 4571 3821 4643 Ἀδὰμ,

601 4641 782 4695 datam
814 4641 915 4696 sibi
953 4656 982 4694 a
1018 4639 1125 4695 Deo
1144 4642 1325 4711 tlegem
1370 4643 1756 4712 vilipendisset.
1810 4643 2011 4698 Omnes
2056 4644 2158 4697 ita-

602 4745 708 4798 que
734 4730 899 4799 quies
925 4730 1132 4784 Adamo
1162 4733 1432 4797 oriuntur,
1458 4734 1513 4786 in
1552 4733 1929 4802 iniquitatibus
1968 4735 2156 4789 conci-

602 4821 825 4890 piuntur
850 4862 865 4881 .
900 4826 1085 4892 proavi
1107 4824 1189 4877 sui
1224 4825 1573 4879 damnatione
1604 4824 1847 4895 collapsi.
1894 4826 2030 4880 Illud
2066 4841 2160 4881 au-

600 4924 705 4966 tem
735 4930 746 4965 :
791 4909 853 4965 Et
874 4913 927 4965 in
949 4915 1173 4981 peccatis
1194 4918 1423 4983 concepit
1452 4933 1532 4970 me
1559 4927 1725 4969 mater
1756 4934 1867 4971 mea
1887 4957 1902 4982 ,
1949 4918 2157 4988 signiti-

600 5013 688 5057 cat
718 5002 882 5057 Evam
907 5005 1149 5059 omnium
1180 5016 1423 5061 nostrum
1455 5018 1681 5062 matrem
1703 5050 1718 5073 ,
1758 5024 1856 5063 ceu
1885 5011 2154 5078 voluptate

603 5102 926 5163 turgentem,
975 5097 1290 5164 concepisse
1317 5105 1617 5165 peccatum.
1670 5097 2012 5168 Quapropter
2053 5116 2152 5155 nos

600 5185 655 5238 in
690 5187 879 5240 matris
924 5195 1123 5241 nostra
1164 5190 1565 5243 damnationem
1609 5190 1879 5259 delapsos,
1937 5193 2147 5263 concipi

598 5276 833 5330 dicimus
860 5275 913 5329 in
949 5276 1343 5346 iniquitatibus.
1370 5278 1620 5335 Declarat
1648 5296 1757 5350 quo
1774 5289 1929 5349 pacto
1954 5282 2021 5336 ab
2046 5283 2151 5337 ini-

596 5368 673 5419 tio
714 5375 904 5421 natura
953 5367 1232 5423 hominum
1282 5370 1385 5424 sub
1427 5380 1705 5441 peceatum
1738 5374 2033 5430 conciderit
2080 5390 2147 5431 ex

598 5454 720 5511 Eva:
747 5459 1198 5526 transgressione,
1236 5470 1290 5515 et
1326 5468 1427 5516 sub
1457 5463 1835 5521 maledictione
1864 5477 2015 5524 ortus
2035 5468 2150 5538 ejus

598 5546 779 5603 fuerit.
822 5548 1137 5605 Sermonem
1170 5563 1345 5609 autem
1374 5555 1537 5612 altius
1566 5559 1793 5625 orditur,
1827 5560 1954 5617 dum
1983 5563 2151 5618 divini

598 5639 839 5695 muneris
864 5642 1287 5713 magnitudinem
1320 5648 1511 5717 qmerit
1535 5650 1835 5705 ostendere.

678 5867 720 5900 ἐ
750 5869 767 5921 ι
800 5867 957 5924 Joan.
982 5886 1062 5931 tu.
1096 5876 1145 5926 ι.

2259 4661 2530 4713 τουτέστιν
2565 4658 2824 4728 ἀθετῆσαι
2851 4660 2940 4711 τὸν
2968 4663 3031 4713 ὲκ
3052 4658 3183 4711 Θεοῦ
3213 4659 3431 4714 δοθέντα
3463 4662 3610 4733 αὐτῷ
3635 4663 3819 4733 νόμον.

2258 4752 2461 4813 Πάντες
2490 4746 2581 4803 οὖν
2604 4752 2652 4803 οἱ
2697 4750 2755 4816 ἐξ
2794 4750 2965 4819 Ἀδὰμ
2992 4750 3265 4819 γενόμενοι
3298 4752 3355 4803 ἑν
3402 4751 3653 4821 ἀνομίαις
3700 4755 3824 4806 συλ-

2258 4842 2614 4913 λαμϐάνονται
2652 4842 3042 4903 ὑποπίπτοντες
3079 4844 3145 4911 τῇ
3168 4840 3262 4894 τοῦ
3290 4843 3629 4913 προπάτορος
3662 4860 3823 4897 κατα-

2256 4926 2397 5003 δίκη.
2427 4932 2499 4984 Τὸ
2526 4932 2602 4994 δὲ,
2640 4931 2748 4985 Kal
2772 4933 2840 4984 ἐν
2863 4930 3176 4998 ἁμαρτίαις·
3202 4932 3495 5000 ὲκίσσησέ
3531 4950 3607 5003 με
3633 4936 3671 5003 ἡ
3702 4936 3819 5005 μή·

2257 5040 2364 5090 τηρ
2408 5040 2547 5091 μου,
2606 5024 2853 5093 σημαίνει
2900 5023 2980 5075 ὅτι
3024 5025 3056 5092 ἡ
3094 5022 3227 5088 Εὔα,
3286 5024 3549 5081 ἁπάντων
3601 5027 3820 5099 ἠμῶνή

2259 5118 2458 5185 μήτηρ,
2484 5112 2667 5184 πρώτη
2698 5114 2949 5184 ὲκίσσησε
2970 5113 3065 5182 τὴν
3084 5115 3375 5185 ἁμαρτίαν,
3392 5116 3579 5189 ὥσπερ
3601 5118 3820 5189 ὀργῶσα

2253 5207 2350 5270 τὴν
2379 5206 2587 5275 ἡδονήν.
2625 5205 2720 5257 Διά
2759 5204 2910 5258 τοῦτο
2942 5206 3035 5259 καὶ
3064 5208 3244 5277 ἡμεῖς,
3277 5212 3341 5280 τῇ
3355 5209 3465 5280 ,τῆς
3493 5211 3699 5283 μητρὸς
3723 5230 3815 5267 κα.

2253 5296 2606 5360 ταπίπτοντες
2638 5295 2921 5370 καταδίκῃ,
2965 5300 3252 5353 κισσᾶσθαι
3280 5300 3509 5370 λέγομεν
3553 5304 3611 5354 ιν
3650 5304 3823 5376 ἀμαρ-

2253 5392 2419 5455 τίαις.
2460 5391 2757 5452 Δείκνυσιν,
2814 5390 2889 5454 ὡς
2931 5388 2990 5454 ἐξ
3043 5391 3213 5464 ἀρχῆς
3245 5394 3276 5463 ἡ
3308 5392 3608 5465 ἀνθρώταυν
3664 5396 3820 5465 φύσις

2256 5483 2361 5538 ὑπὸ
2386 5482 2482 5553 τὴν
2513 5480 2783 5551 ἁμαρτίαν
2816 5481 3097 5536 πέπτωκεν
3130 5482 3233 5535 ὑπὸ
3282 5484 3383 5555 τῆς
3412 5486 3471 5537 ὲν
3507 5484 3623 5557 Εὔα
3648 5504 3819 5557 παραι-

2256 5573 2484 5637 ϐάσεως,
2518 5571 2611 5624 καὶ
2636 5568 2738 5622 ὑπὸ
2771 5569 3013 5639 κατάραν
3041 5573 3073 5643 ἡ
3103 5571 3353 5643 γέννησις
3380 5574 3625 5643 γέγονεν.
3649 5576 3818 5628 Ἄνω-

2258 5661 2348 5714 θεν
2377 5660 2433 5715 δὲ
2462 5659 2673 5728 ὑφαίνει
2703 5659 2792 5712 τὸν
2820 5659 2995 5727 λόγον,
3029 5660 3088 5715 τὸ
3120 5661 3346 5733 μέγεθος
3402 5664 3501 5735 τῆς
3532 5662 3629 5718 τοῦ
3682 5662 3815 5719 Θεοῦ

2256 5752 2457 5821 δωρεᾶς
2480 5748 2645 5815 δεῖξαι
2680 5748 3012 5819 βουλόμενος.
