4034 6462
154 397 258 454 241

1313 392 1668 447 EXPOSITIO
1703 393 1766 447 ΙΝ
1807 393 2140 450 PSALMUN
2179 393 2238 451 L.

3287 393 3391 448 ειι

257 514 397 570 ιδοὑ
429 514 534 583 γὰρ
559 513 839 577 ἀλήθειαν
888 512 1226 582 ἠγάπησας,
1257 515 1329 564 τὰ
1367 511 1562 578 ἄδηλα
1621 513 1719 565 καὶ

1894 515 1948 568 8.
1983 513 2115 566 Ecce
2136 514 2275 565 enim
2304 515 2573 566 veritatem
2591 511 2848 577 dilexisti,
2886 511 3088 564 incerta
3114 518 3164 564 et
3184 505 3389 562 occulta

159 607 231 659 τὰ
285 606 505 673 κρύφια
543 602 651 670 τῆς
707 603 925 670 σοφίας
975 618 1090 655 σου
1148 600 1458 665 ἐδήλωσάς
1506 619 1626 670 μοι.
1672 605 1730 656 '0

159 697 284 760 νοῦς
313 692 486 758 οὗτος·
514 695 606 757 Σὺ,
639 695 791 764 φησὶ,
819 692 1014 763 Κύριε,
1051 696 1078 745 ὁ
1109 691 1331 762 ἀλήθεια
1365 690 1459 754 ὣν,
1479 693 1730 762 ἀληθείας

158 785 411 854 ἀγαπῶν,
449 784 765 854 βουλόμενος
785 785 932 853 ἡμᾶς
965 786 1022 836 ὲν
1065 782 1289 852 ἀληθεία
1337 782 1562 850 διάγειν,
1593 786 1730 836 ἁπο-

162 879 446 948 καθαριεῖς
485 877 633 946 ἡμᾶς
673 876 772 944 τῆς
822 875 1049 944 ἀρχαίας
1094 876 1384 946 ἁμαρτίας
1430 876 1524 928 καὶ
1561 875 1732 938 οὑτως

163 969 554 1040 ἀποκαθαριεῖς
577 970 706 1037 ἡμῖν
764 967 828 1018 δι’
859 965 1108 1018 ὑσσώπου
1137 967 1210 1030 ώς
1257 968 1348 1019 καὶ
1398 967 1536 1038 ὑπὲρ
1586 967 1733 1038 χιόνα

165 1059 545 1128 λευκανθῆναι.
589 1057 852 1126 Ὑσσώπῳ
875 1057 932 1109 δὲ
960 1059 1058 1127 τὴν
1103 1056 1196 1109 τοῦ
1233 1059 1386 1126 ἁγίου
1423 1060 1736 1128 Πνεύματος

167 1155 446 1223 ενέργειαν
476 1152 746 1220 ἀφομοιοῖ,
783 1149 988 1221 θερμὴν
1015 1147 1178 1203 οὖσαν
1203 1151 1297 1203 καὶ
1326 1151 1504 1204 πάντα
1534 1152 1624 1204 τὸν
1679 1152 1736 1202 ὲν

169 1244 295 1312 ἡμῖν
356 1241 522 1312 ῥύπον
574 1239 1017 1308 ἀποσμήχουσαν.
1074 1237 1190 1310 ['H
1247 1240 1620 1312 ἀποκάθαρσις
1671 1240 1736 1291 δι’

166 1333 418 1386 ὑσσώπου
461 1331 768 1400 γενήσεται,
799 1331 915 1399 ἦτοι
953 1329 1040 1382 διὰ
1089 1330 1184 1383 τοῦ
1225 1331 1377 1399 ἁγίου
1406 1331 1734 1401 Πνεὺματος.

167 1422 459 1482 ’Υσσωπος
491 1419 598 1490 γὰρ
625 1419 820 1488 βοτάνη
850 1419 1200 1491 καθαρτική.]
1237 1421 1310 1473 Τὸ
1334 1422 1410 1477 δὲ.
1444 1422 1518 1473 Τὰ
1545 1419 1739 1485 ἄδηλα

165 1511 264 1564 καὶ
314 1511 385 1562 τὰ
436 1509 655 1576 κρύφια
702 1523 817 1561 σου
867 1507 1179 1575 ἐδήλωσας
1209 1527 1310 1577 μοι
1353 1507 1458 1575 τῆς
1497 1509 1735 1575 σοφίας,

166 1601 449 1673 δηλοῦντός
482 1603 650 1664 ἐστιν,
670 1601 746 1663 ὡς
783 1600 957 1652 πάντα
1017 1599 1164 1668 αὑτῷ
1189 1599 1256 1652 τὰ
1302 1600 1534 1668 ἐσόμενα
1559 1599 1655 1650 ὅσα
1682 1600 1738 1649 ὲν

173 1697 230 1764 τῇ
263 1694 368 1762 ἰδίᾳ
396 1691 555 1762 σοφίᾳ
584 1691 736 1744 ἔθετο
760 1693 788 1743 ὁ
814 1691 946 1753 Θεὸς
975 1689 1062 1743 διὰ
1111 1689 1202 1742 τοῦ
1237 1691 1390 1758 ἁγίου
1425 1689 1739 1759 Πνεὺματος

166 1783 532 1852 ἀπεκάλυψεν.

251 1875 536 1941 Ῥαντιεῖς
588 1892 666 1943 με
713 1873 996 1935 ὑσσώπῳ,
1052 1873 1151 1924 καὶ
1201 1872 1728 1941 καθαρισθήσομαι.
1761 1862 1803 1915 Β

168 1967 372 2028 Εἰπὼν,
402 1969 484 2019 ὅτι
516 1967 762 2027 Δέδωκας
790 1966 984 2033 νόμους
1015 1965 1188 2026 Θείους
1215 1966 1306 2017 καὶ
1335 1965 1620 2029 διατάξεις,
1651 1965 1738 2018 λέ-

167 2075 255 2128 γει
274 2059 336 2109 τὸ
374 2056 574 2126 μεῖζον,
603 2058 682 2109 ὅτι
716 2056 1044 2128 Καθαρμοὺς
1072 2073 1222 2118 τινας
1245 2059 1301 2109 ὲν
1334 2058 1411 2126 τῷ
1443 2057 1591 2127 νόμῳ
1611 2060 1737 2126 ἐχα-

169 2150 325 2220 ρίσω,
350 2150 442 2200 καὶ
466 2147 530 2200 δι’
559 2147 808 2201 ὑσσώπου
852 2149 1230 2220 ραντίσματοςο
1266 2148 1406 2201 κατὰ
1439 2149 1622 2202 τοῦτον
1645 2145 1736 2204 οὖν

166 2240 263 2291 τὸν
294 2237 490 2291 σκοπὸν
529 2239 629 2292 καὶ.
651 2241 781 2309 ἡμῖν
811 2239 904 2292 νῦν
937 2240 1220 2311 παράσχου
1247 2240 1314 2293 τὰ
1369 2241 1546 2311 ὃμοια,
1575 2244 1602 2293 ὁ
1635 2242 1735 2294 αὑ-

166 2330 258 2392 τὸς
281 2329 356 2382 ὣν
375 2329 524 2392 Θεός.
551 2330 621 2382 Ἢ
647 2331 941 2400 μυστήριον
963 2331 1102 2384 ἔοικέ
1128 2349 1178 2383 τι
1199 2332 1552 2385 αἰνίττεσθαι.
1589 2334 1738 2386 Ἐπεὶ

166 2420 279 2490 γὰρ
309 2421 509 2489 Μωσῆς
569 2421 626 2472 ἐν
658 2420 916 2490 Αἰγύπτῳ
967 2422 1026 2472 τὸ
1052 2417 1190 2491 αἷμα
1242 2423 1332 2475 τοῦ
1368 2423 1637 2494 προϐάτου
1669 2418 1736 2476 δι’

167 2510 423 2564 ὑσσώπου
448 2513 566 2574 ταῖς
592 2511 772 2579 φλιαῖς
823 2512 1154 2565 διεκελεύετο
1200 2513 1628 2584 ἑπιρῤαίνεσθαι,
1655 2531 1736 2566 τιο

169 2603 423 2674 μιωτέρῳ
451 2603 545 2656 καὶ
582 2605 742 2673 ἡμεῖς
772 2605 1156 2676 ἠγοράσθημεν
1203 2607 1416 2676 αἵματι.
1463 2607 1613 2659 Ἐπεὶ
1646 2601 1736 2660 οὖν

167 2693 534 2765 φυλακτήριον
605 2697 778 2747 ἐκεῖνο
839 2696 1054 2763 ἐγένετο
1115 2699 1186 2767 μή
1256 2715 1310 2750 τι
1365 2696 1553 2750 παθεῖν
1612 2699 1738 2761 τοὺς

166 2785 505 2848 ἐνοικοῦντας
535 2787 639 2838 ὑπὸ
671 2786 764 2839 τοῦ
807 2787 1202 2858 ὀλοθρεὺοντος,
1249 2791 1473 2851 εἰκότως
1503 2793 1530 2842 ό
1555 2790 1735 2852 Δαυῒδ,

163 2879 268 2948 τὴν
296 2878 391 2930 τοῦ
423 2879 648 2948 αἵματος
675 2879 880 2931 ἐκείνου
918 2881 1133 2949 μνήμην
1155 2881 1210 2932 ὲν
1239 2880 1530 2951 ἀπορρήτῳ
1559 2880 1738 2932 ’ποιού⁸

168 2987 350 3040 μενος,
393 2969 668 3036 Ῥαντιεῖς
724 2987 798 3038 με
825 2969 1107 3032 ὑσσώπῳ,
1158 2971 1310 3041 φησὶ,
1352 2971 1445 3023 καὶ
1489 2971 1554 3023 τὰ
1589 2971 1732 3040 ὲξῆς⁶

166 3062 531 3131 αἰνιττόμενος
561 3061 658 3130 τὴν
680 3059 769 3112 διά
788 3059 880 3112 τοῦ
906 3060 1135 3130 αἵματος
1182 3059 1276 3112 τοῦ
1327 3060 1576 3130 ἀληθινοῦ
1607 3063 1738 3130 Χρι-

1832 606 2104 674 sapientia:
2131 615 2234 658 tute
2266 603 2621 672 manifestasti
2646 605 2794 656 mihi.
2823 600 2948 657 Hac
2969 611 3054 656 est
3079 604 3341 655 sententia
3372 619 3385 654 :

1833 693 1936 754 Tu.
1972 693 2166 762 inquit,
2204 691 2450 758 Domine,
2476 695 2570 762 qui
2609 693 2806 746 veritas
2833 706 2892 746 es
2920 701 2974 744 et
2993 690 3272 744 veritatem
3309 689 3390 740 di~

1831 785 1985 855 ligis,
2017 799 2138 838 cum
2171 784 2304 839 velis
2356 799 2456 838 nos
2511 784 2564 837 in
2615 784 2840 837 veritate
2881 783 3091 850 degere.
3135 779 3391 849 purgabis

1833 890 1936 930 nos
1962 891 1992 927 a
2023 876 2192 930 veteri
2223 883 2445 944 peccato
2479 891 2492 926 :
2526 882 2688 941 atque
2719 873 2791 925 ita
2826 887 2924 926 nos
2956 872 3192 940 byssopo
3228 885 3390 922 niun-

1832 965 2009 1029 dabis,
2033 975 2090 1018 ut
2140 980 2301 1032 supra
2323 965 2502 1017 nivem
2534 963 2747 1015 candidi
2787 961 3099 1015 efﬁciamur.
3145 955 3392 1028 HysSOpo

1835 1067 2013 1110 autem
2059 1056 2297 1125 Spiritus
2342 1055 2513 1108 sancti
2583 1052 2876 1105 cllicaciam
2922 1059 3220 1118 comparat,
3267 1057 3390 1100 tan-

1835 1163 1998 1215 quam
2031 1148 2292 1220 calidam,
2340 1153 2394 1198 et
2443 1145 2632 1198 sordes
2671 1157 2861 1194 omnes
2904 1141 2960 1192 in
2997 1138 3154 1192 nobis
3203 1151 3392 1204 repur-

1838 1249 2074 1310 gantem.
2115 1237 2392 1309 [Purgatio
2426 1236 2664 1305 hyssom
2685 1233 3022 1293 conlicietur,
3058 1228 3266 1284 scilicet
3298 1241 3389 1294 per

1839 1331 2100 1399 Spiritum
2152 1338 2422 1383 sanctum.
2479 1325 2757 1396 llyssopus
2810 1339 3041 1392 namque
3088 1330 3172 1376 est
3226 1321 3390 1374 ltcrba

1836 1420 2100 1488 purgandi
2134 1419 2184 1471 vi
2223 1415 2491 1486 praedita]
2542 1416 2676 1469 Illud
2707 1424 2890 1469 autem
2925 1433 2938 1468 :
2973 1412 3187 1466 Incerta
3221 1422 3270 1466 et
3300 1428 3388 1464 oc-

1835 1509 1978 1561 culta
2005 1509 2275 1576 sapientia:
2300 1507 2773 1574 tutemauifestasti
2803 1507 2950 1568 mihi,
2985 1504 3278 1558 indicantis
3309 1511 3394 1556 est

1837 1613 2019 1651 omnia
2048 1596 2250 1662 futura,
2288 1609 2624 1665 quaecunque
2655 1592 2796 1648 Deus
2837 1593 2890 1646 in
2929 1593 3143 1662 propria
3179 1591 3394 1661 sapien-

1839 1688 1913 1742 tia
1954 1688 2216 1757 reposuit,
2247 1687 2348 1756 ipsi
2379 1700 2474 1756 per
2504 1683 2764 1755 Spiritum
2801 1683 3034 1738 revelata
3060 1682 3252 1738 fuisse.

1913 1877 1964 1930 9.
1991 1876 2239 1945 Asperges
2271 1891 2348 1928 me
2375 1875 2620 1944 hyssopo,
2666 1885 2715 1928 et
2742 1872 3055 1928 mundabor.
3099 1873 3392 1947 Postquam

1836 1967 1972 2022 dixit
2006 1985 2018 2019 :
2052 1965 2224 2035 Leges
2250 1965 2446 2019 dedisti
2481 1964 2694 2017 divinas
2728 1973 2782 2017 et
2811 1966 3249 2031 constitutiones,
3282 1967 3394 2035 jam

1836 2057 1980 2126 quod
2016 2056 2194 2125 majus
2231 2062 2315 2108 est
2348 2054 2478 2108 dicit
2510 2072 2525 2107 :
2577 2053 2992 2108 Purificationes
3030 2058 3294 2123 quasdam
3343 2058 3394 2109 in

1836 2149 1952 2218 lege
1979 2147 2174 2202 dedisti
2215 2155 2269 2201 et
2314 2146 2686 2216 aspersionem
2732 2148 2968 2217 hyssopo
3003 2144 3202 2200 factam
3238 2165 3250 2200 :
3301 2161 3396 2201 co-

1835 2241 1958 2294 dem
1991 2238 2156 2308 igitur
2178 2251 2345 2306 scopo
2375 2247 2429 2292 et
2455 2239 2614 2294 nobis
2645 2254 2862 2308 quoque
2897 2239 3094 2294 similia
3120 2237 3391 2300 conferas,

1837 2344 1960 2384 cum
1995 2331 2112 2399 ipse
2153 2327 2296 2383 Deus
2326 2329 2423 2383 sis.
2469 2329 2577 2382 Aut
2609 2329 2820 2382 videtur
2862 2329 3181 2399 mysterium
3218 2329 3396 2396 quod-

1836 2422 1981 2490 piam
2030 2421 2119 2475 hic
2164 2420 2497 2474 adumbrari.
2549 2419 2999 2489 Quandoquidem
3041 2420 3185 2474 enim
3219 2418 3396 2476 Moses

1836 2512 1892 2565 in
1919 2511 2153 2582 Egypto
2193 2514 2510 2582 sanguinem
2539 2515 2658 2567 ovis
2682 2513 2930 2581 postibus
2954 2512 3188 2583 hyssopo
3205 2527 3394 2582 asper-

1836 2617 1960 2673 gere
1997 2603 2185 2672 jussus
2220 2611 2336 2656 erat
2361 2603 2404 2632 “
2430 2643 2445 2665 ,
2499 2605 2824 2672 pretiosiore
2875 2619 2976 2657 nos
3012 2605 3276 2674 sanguine
3307 2619 3395 2659 re-

1836 2694 2038 2764 dempti
2078 2709 2290 2749 sumus.
2331 2693 2601 2760 Quoniam
2633 2694 2798 2763 igitur
2830 2696 3052 2764 sanguis
3083 2696 3174 2750 ille
3207 2699 3394 2766 praesi-

1837 2787 1927 2841 dio
1961 2795 2014 2840 et
2045 2786 2222 2840 tutelae
2254 2785 2388 2850 fuit,
2421 2800 2490 2839 ne
2525 2785 2848 2839 licderentur
2876 2786 2944 2838 ab
2973 2787 3394 2842 exterminatore

1836 2877 1929 2948 qui
1980 2877 2034 2929 in
2075 2878 2256 2946 aliqua
2287 2878 2452 2932 domo
2495 2877 2764 2946 degerent,
2804 2877 2997 2930 merito
3031 2876 3222 2943 David,
3269 2894 3395 2932 san-

1839 2965 2017 3036 guinis
2060 2965 2207 3019 illius
2242 2968 2562 3020 memoriam
2606 2968 2817 3020 occulte
2853 2966 3094 3030 faciens,
3141 2971 3393 3037 Asperges

1838 3074 1938 3123 me,
1966 3058 2158 3127 inquit,
2186 3058 2569 3127 Iiyssopo,etc.,
2601 3058 2934 3112 adumbrans
2962 3059 3393 3127 puriﬁcationem

166 3151 295 3204 στοῧ
331 3150 501 3222 ἀμνοῦ
537 3151 902 3221 γενησομένην
932 3151 1132 3204 ἅπασιν
1191 3151 1581 3222 ἀποκάθαρσιν,
1645 3153 1734 3206 καὶ

1841 3150 1987 3203 illam
2024 3151 2280 3205 omnibus
2307 3165 2402 3220 per
2432 3151 2752 3220 sanguinem
2783 3151 2890 3204 veri
2925 3151 3048 3219 agni
3083 3150 3283 3205 Christi
3315 3150 3394 3204 fa-

165 3242 484 3312 γλιχόμενος
501 3235 612 3292 οἷον
638 3238 837 3310 ταύτης
860 3243 1062 3309 τυχεῖν,
1087 3240 1122 3308 ἢ
1151 3239 1283 3308 μόνη
1301 3240 1542 3308 ἀκριϐῶς
1571 3241 1734 3312 ρύψαι

1838 3241 2109 3307 ciendam,
2128 3251 2181 3296 et
2205 3251 2468 3311 exoptans
2496 3242 2643 3296 illam
2671 3257 2792 3312 qua:
2813 3242 2926 3297 sola
2950 3251 3125 3312 potest
3157 3241 3393 3313 perfecte

165 3333 388 3386 δύναται
412 3332 504 3382 καὶ
537 3329 712 3398 χιόνος
736 3328 906 3380 θεῖναι
943 3326 1280 3396 λευκότερον.

250 3423 559 3486 Ἀκουτιεῖς
615 3435 691 3487 με
765 3419 1123 3488 (ἠγαλλίασεν
1174 3419 1272 3472 καὶ
1333 3421 1733 3488 εὐφροσύνην.

179 3514 475 3581 ’Δκουστήν
512 3529 600 3582 μοι
633 3509 902 3579 γενέσθαι,
931 3510 1082 3580 φησὶ,
1111 3511 1547 3580 παρασκευάσεις
1573 3511 1734 3565 πάλιν

163 3605 252 3659 διά
280 3604 374 3659 τοῦ
404 3605 708 3674 πνεύματος
738 3603 835 3672 τὴν
881 3603 937 3654 ὲν
977 3602 1223 3671 ἐσχάτοις
1248 3605 1452 3674 καιροῖς
1477 3603 1736 3674 ἐσομένην

165 3695 482 3763 ἀγαλλίασιν
526 3695 619 3747 καὶ
669 3691 1023 3762 εὐφροσύνην.
1074 3692 1169 3755 Τίς
1222 3691 1277 3745 δὲ
1324 3692 1389 3745 ἂν
1419 3693 1503 3760 εἴη
1531 3692 1734 3764 αὑτηῆ

165 3789 348 3857 ἐκείνη
374 3788 406 3856 ἠ
443 3786 643 3853 γνῶσις
669 3788 701 3856 ἡ
735 3801 800 3835 πε
810 3785 863 3854 pi.
891 3783 1260 3846 ἀναστάσεως,
1309 3785 1375 3854 ἣν
1396 3783 1630 3846 ἐδίδαξεν
1662 3786 1737 3835 εί-

165 3875 284 3930 πὼν
304 3917 320 3940 ,
403 3875 898 3944 Ἀγαλλιάσονται
975 3872 1156 3926 ὀστέα
1235 3874 1734 3943 retunsis-mpera;

165 3969 304 4022 Πότε
333 3967 391 4020 δὲ
429 3965 843 4033 ἀγαλλιάσονται
886 3963 954 4017 τὰ
997 3964 1314 4034 σεσημμένα
1339 3964 1493 4034 ἡμῶν
1523 3967 1653 4017 ὀστᾶ
1698 3966 1732 4036 ἢ

163 4057 306 4111 κατὰ
355 4057 443 4110 τὸν
489 4056 590 4126 τῆς
625 4055 973 4118 ἀναστάσεως
1007 4055 1218 4126 καιρὸν,
1269 4056 1388 4108 καθ’
1411 4055 1490 4118 ὃν,
1519 4056 1594 4119 ὡς
1619 4057 1735 4112 ἐτε-

168 4145 262 4215 ρός
302 4161 432 4213 φησι
481 4145 782 4215 προφήτης,
843 4146 919 4198 Τὰ
964 4142 1114 4198 ὀστᾶ
1162 4142 1328 4214 ἡμῶν
1374 4147 1453 4211 ὠς
1502 4145 1733 4216 βοτάνη

160 4232 490 4297 ἀνατελεῖς
540 4230 985 4303 Ἀταλλιάσεται
1018 4233 1200 4287 ὀστέα
1248 4237 1730 4305 τεταπεινωμένα.

174 4321 588 4389 ’Δγαλλιάσεται
616 4325 649 4394 ὴ
695 4322 844 4393 ίσχὺς
890 4322 990 4392 τῆς
1012 4323 1187 4394 ψυχῆς
1214 4343 1335 4396 μου,
1364 4327 1446 4379 ὄτι
1476 4326 1734 4397 πρότερον

161 4415 271 4467 ὑπὸ
297 4415 393 4483 τῆς
415 4415 684 4484 ἁμαρτίας
725 4415 1038 4470 ἀσθενοῦσα.

1837 3346 2068 3399 purgare
2092 3342 2146 3386 et
2174 3333 2296 3386 nive
2320 3334 2688 3388 candidiorem
2722 3334 2955 3389 efficere.

1908 3420 1994 3474 l0.
2036 3420 2256 3473 Auditui
2288 3437 2399 3475 meo
2435 3422 2584 3475 dabis
2623 3424 2872 3492 gaudium
2895 3435 2944 3478 et
2975 3424 3234 3479 (mitium.
3284 3423 3394 3480 Cu-

1836 3513 2016 3577 rabis,
2087 3514 2296 3582 inquit,
2356 3524 2413 3567 ut
2467 3513 2652 3567 auditu
2691 3514 2956 3582 excipiam
2997 3531 3092 3585 per
3140 3516 3390 3586 spiritum

1837 3604 1982 3658 illam
2007 3606 2304 3672 postremis
2329 3607 2662 3675 temporibus
2704 3605 2942 3659 futuram
2975 3608 3390 3662 exsultationem

1835 3707 1888 3750 et
1914 3698 2174 3751 laetitiam.
2225 3694 2356 3762 Quae
2403 3708 2583 3752 autem
2630 3698 2717 3752 illa
2768 3697 2961 3764 fuerit,
3017 3697 3121 3752 nisi
3153 3698 3392 3768 cognitio

1837 3788 1924 3841 illa
1989 3789 2442 3852 resurrectionis,
2501 3805 2662 3858 quam
2719 3791 2868 3845 hisce
2917 3791 3096 3845 verbis
3158 3791 3388 3846 docuit:

1838 3879 2190 3933 Exsultabunt
2234 3897 2354 3934 ossa
2398 3881 2725 3935 humiliata?
2775 3882 3002 3947 Quando
3043 3893 3221 3938 autem
3265 3901 3391 3940 ossa

1835 3980 2020 4025 nostra
2063 3971 2276 4040 putrida
2304 3971 2692 4035 exsultabant,
2737 3973 2842 4026 nisi
2874 3984 3116 4041 tempore
3144 3989 3390 4029 resurre-

1833 4065 2052 4128 ctionis,
2084 4080 2212 4133 quo,
2233 4076 2291 4119 ut
2317 4065 2392 4118 ait
2416 4065 2552 4119 alius
2575 4065 2853 4134 prapheta,
2875 4063 3008 4120 Ossa
3031 4075 3211 4119 nostra
3235 4067 3390 4135 quasi

1835 4158 1991 4210 herba
2019 4159 2382 4227 germinabuut
2408 4158 2494 4210 “?
2550 4157 2904 4211 Exsultabunt
2934 4173 3053 4212 ossa
3093 4157 3384 4210 humiliata.

1837 4248 2140 4304 Exsultabit
2175 4252 2340 4304 robur
2366 4251 2558 4305 animat
2585 4265 2746 4314 mete,
2788 4266 2909 4321 qua:
2934 4250 3088 4320 prius
3123 4250 3225 4305 sub
3257 4265 3382 4320 pec-

1835 4348 1956 4395 cato
1987 4339 2200 4394 inﬁrma
2227 4351 2366 4395 erat.

249 4504 649 4571 Ἀπόστρεψον
673 4504 736 4557 τὸ
762 4507 1086 4573 πρόσωπόν
1110 4521 1224 4560 σου
1251 4508 1367 4561 ἀπὸ
1416 4507 1533 4562 τῶν
1550 4509 1730 4577 ἁμαρ-

1906 4516 1992 4569 Η.
2029 4517 2210 4569 Averte
2236 4516 2422 4584 {aciem
2453 4529 2596 4570 tuam
2626 4535 2658 4571 a
2685 4521 2910 4587 peccatis
2946 4523 3092 4576 meis.
3151 4521 3388 4578 Rursum

161 4593 308 4647 τιὼν
331 4611 469 4662 μου.
498 4595 663 4647 Πάλιν
683 4597 774 4648 ἐπὶ
795 4598 892 4667 τὴν
919 4597 1302 4668 ἐξομολόγησιν
1352 4600 1654 4670 ἀνατρέχει.

240 4685 501 4754 Καρδίαν
531 4686 798 4754 καθαρὰν
833 4689 1045 4740 κτίσον
1079 4689 1147 4741 ἐν
1174 4689 1322 4759 ἐμοὶ,
1359 4695 1390 4744 d
1427 4693 1587 4757 Θεός.
1620 4693 1728 4762 Τὴν

161 4777 562 4833 παλαιωϐεῖσάν
607 4798 728 4850 μου,
757 4781 906 4849 φησὶ,
959 4781 1136 4852 ψυχὴν
1182 4783 1596 4854 σεσαθρωμένην
1625 4785 1729 4837 ὑπὸ

159 4869 263 4938 τῆς
316 4869 589 4940 ἁμαρτίας
656 4873 1019 4926 ἁνακαίνισον.
1086 4875 1195 4928 Καὶ
1263 4876 1497 4943 πνεῦμα
1557 4877 1728 4942 εὺθὲς

156 4959 508 5028 ἑγκαίνισον
532 4961 600 5013 ἐν
637 4962 757 5029 τοῖς
783 4960 1050 5032 ἑγκάτοις
1073 4982 1208 5032 μου.
1249 4966 1390 5018 Ἀντὶ
1418 4965 1532 5028 τοῦ,
1561 4967 1729 5037 ἑδραῖ-

157 5065 238 5100 ονο
270 5050 454 5118 ὅμοιον
485 5050 617 5103 ὡσεὶ
645 5051 1142 5120 λέγει’Ἀσφὰλισαι
1172 5056 1260 5108 τὸν
1295 5057 1420 5110 νοῦν
1459 5056 1552 5108 τοῦ
1589 5075 1726 5129 μηκ-

161 5140 246 5192 έτι
284 5135 421 5193 εἶναι
454 5139 672 5194 εὔκολον
699 5145 1054 5197 καταπίπτειν
1082 5147 1160 5208 εἰς
1182 5148 1470 5218 ἁμαρτίαν.

255 5233 366 5286 Kal.
407 5235 471 5286 τὸ
511 5232 751 5302 Πνεῦμα
801 5234 867 5288 τὸ
911 5235 1082 5305 ἅγιον
1124 5237 1210 5305 μὴ
1261 5239 1594 5306 ἁιτανέλῃς
1623 5241 1723 5294 ἀπ’

160 5323 325 5393 ἐμοῦ.
356 5323 465 5393 (l9)
497 5324 724 5396 Εῠχεται
754 5326 912 5379 πάλιν
961 5327 1174 5399 πνεῦμα
1222 5331 1300 5393 εἰς
1349 5331 1506 5382 αὑτὸν
1553 5332 1723 5386 ἐλθεῖν

160 5417 222 5469 τὸ
257 5417 607 5487 προφητικὸν.
637 5419 1035 5483 Καταλελοιπὸς
1087 5420 1194 5493 γὰρ
1229 5418 1294 5493 ἦν
1326 5423 1483 5476 αὑτὸν
1516 5425 1602 5478 διὰ
1626 5426 1723 5497 τὴν

162 5507 457 5577 ἁμαρτίαν.

250 5603 294 5634 ⁸⁸
327 5601 497 5658 Exod.
541 5619 637 5670 ιιι,
667 5607 755 5659 2?.
799 5609 842 5638 δ’
874 5608 974 5662 lsa.
1005 5626 1144 5676 Lm,
1173 5614 1254 5665 H.

233 5691 346 5768 (l9)
388 5692 760 5768 interpretatio
808 5700 970 5768 hujus
1015 5717 1202 5757 versus
1254 5705 1404 5758 deest
1451 5707 1501 5760 in
1539 5707 1722 5764 codice

162 5763 547 5837 gmbrosiand
571 5763 895 5837 videturque
925 5786 1044 5826 esse
1090 5773 1261 5826 aliena
1295 5794 1306 5826 :
1340 5763 1718 5832 diciturienim

157 5832 416 5890 stidem
450 5837 503 5890 in
551 5852 764 5905 poenam
798 5832 1000 5908 peccati
1043 5844 1287 5898 amisisse
1319 5847 1566 5914 spiritum
1594 5864 1722 5918 pro-

1835 4606 1899 4659 ad
1925 4606 2320 4662 confessionem
2353 4611 2600 4665 recurrit.

1907 4701 1990 4754 12.
2017 4701 2120 4754 Cor
2150 4705 2402 4756 mundum
2437 4722 2554 4758 crca
2587 4707 2642 4758 in
2673 4723 2788 4771 me,
2827 4705 2988 4761 Deus.
3035 4707 3384 4763 lnvcteratam

1835 4793 2098 4859 animam,
2151 4794 2355 4864 inquit,
2398 4808 2618 4866 peccato
2663 4799 2932 4867 putridam
2980 4812 3256 4856 renovato.
3321 4799 3387 4855 Et

1833 4889 2070 4955 spiritum
2103 4901 2298 4942 rectum
2325 4892 2514 4945 innova
2546 4893 2600 4945 in
2628 4893 2906 4949 visceribus
2933 4897 3078 4950 meis.
3137 4893 3249 4950 Hoc
3283 4905 3386 4958 est,

1833 4979 2080 5043 tinuum;
2134 4981 2289 5048 quasi
2343 4982 2537 5034 dicat:
2585 4979 2764 5036 Firma
2804 4992 2858 5037 et
2913 4984 3104 5037 robora
3155 4997 3386 5040 mentem

1831 5085 2028 5131 meam,
2051 5080 2106 5124 ut
2133 5087 2235 5125 non
2267 5074 2494 5127 ulterius
2523 5071 2677 5128 facile
2700 5076 2750 5127 in
2773 5083 3052 5143 peccatum
3087 5076 3316 5132 labatur.

1901 5248 1985 5303 l5.
2022 5249 2090 5303 Et
2120 5249 2375 5317 Spiritum
2410 5261 2653 5306 sanctum
2683 5269 2744 5307 ne
2771 5255 2982 5323 auferas
3013 5273 3045 5310 α
3069 5273 3163 5308 me.
3190 5253 3386 5310 Preca-

1831 5349 1917 5392 tur
1957 5357 2171 5396 rursum
2225 5352 2282 5396 ut
2329 5343 2554 5410 spiritus
2602 5345 2950 5414 prOpheticus
2988 5347 3040 5400 in
3096 5361 3153 5401 se
3182 5348 3382 5403 veniat.

1829 5434 2006 5489 losum
2040 5438 2182 5490 enim
2209 5449 2429 5507 propter
2455 5452 2733 5509 peccatum
2769 5443 3075 5510 reliquerat.

1827 5715 2041 5784 phetim,
2080 5726 2133 5770 et
2168 5733 2356 5787 rogare
2401 5729 2458 5772 ut
2500 5721 2600 5775 sibi
2626 5721 2815 5773 iterum
2861 5723 3225 5784 concedatur.
3263 5740 3383 5778 cum

1829 5797 2014 5862 contra
2062 5787 2114 5838 in
2160 5788 2492 5862 .Argumento
2525 5791 2734 5843 dicatur
2776 5793 2918 5845 hunc
2953 5793 3220 5862 psalmum
3263 5809 3382 5862 pro-

1828 5855 2044 5923 plietice
2071 5857 2335 5926 scriptum
2369 5874 2508 5913 esse.
