4034 6460
641 415 750 473 245

715 533 801 588 14.
833 530 1003 586 Redde
1033 530 1161 583 mihi
1187 528 1427 586 ltetitiam
1453 526 1706 579 salutaris
1741 526 1838 578 tui.
1866 523 1980 578 Hoc
1999 523 2066 577 ad
2093 524 2192 576 hu-
2223 531 2269 582 Α

644 640 863 681 manum
894 639 1062 695 genus
1089 637 1250 676 omne
1282 620 1533 674 refertur.
1573 617 1833 672 Laetitiam
1856 615 2073 686 quidem
2103 629 2192 667 sa-

641 718 851 780 lutaris,
901 717 1188 769 adventum
1224 711 1434 766 Domini
1463 717 1653 768 vocat.
1688 709 1842 777 juxta
1873 706 2001 760 illud
2037 721 2066 759 a
2092 703 2196 775 Sy-

643 823 833 864 menne
857 807 1058 861 dictum
1090 805 1135 835 ”
1163 823 1175 858 :
1209 802 1347 868 Quia
1373 802 1610 855 viderunt
1641 800 1781 852 oculi
1821 799 1922 850 mei
1963 796 2198 850 salutare

645 913 810 954 tuum.
855 900 1022 968 Rogat
1074 906 1253 949 autem
1293 903 1352 948 ut
1399 895 1545 948 illius
1595 893 1867 963 particeps
1911 890 2192 944 elliciatur.

644 991 715 1045 Et
763 991 952 1060 spiritu
995 987 1276 1057 principali
1327 985 1580 1052 confirma
1613 999 1711 1036 me.
1769 980 1939 1047 Quem
1990 988 2196 1034 rectum

647 1085 900 1155 superius
932 1083 1144 1137 vocavit
1171 1081 1418 1150 spiritum
1437 1119 1451 1143 ,
1481 1077 1570 1131 hic
1596 1074 1946 1145 principalem
1970 1081 2146 1128 vocat.

713 1259 802 1314 15.
834 1258 1037 1313 Docebo
1066 1260 1273 1327 iniquos
1308 1258 1418 1310 vias
1453 1265 1592 1309 tuas.
1638 1255 1925 1323 Postquam
1951 1292 1964 1318 ,
2002 1252 2196 1319 inquit,

642 1367 730 1404 me
771 1367 800 1405 a
855 1359 1076 1420 peccato
1119 1347 1457 1413 liberaveris,
1518 1346 1701 1400 statim
1753 1345 1884 1398 mihi
1935 1344 2200 1399 concedas

647 1442 907 1511 Spiritum
943 1450 1193 1495 sanctum
1230 1449 1405 1492 tuum.
1461 1437 1616 1491 Tunc
1658 1444 1839 1491 autem
1874 1433 2200 1506 praevarica-

644 1541 791 1585 tores
823 1531 1028 1585 docebo
1061 1529 1307 1584 incedere
1329 1528 1446 1582 vias
1476 1537 1616 1581 tuas.

719 1622 803 1675 16.
839 1620 1027 1673 Libera
1061 1637 1139 1674 me
1165 1621 1228 1674 de
1259 1619 1602 1690 sanguinibus
1627 1658 1640 1682 ,
1673 1617 1813 1670 Deus
1842 1616 1974 1670 Deus
2010 1614 2200 1669 salutis

644 1729 790 1768 mete.
816 1710 1054 1765 Rursum
1086 1726 1186 1780 pro
1215 1711 1359 1765 etede
1379 1708 1522 1765 Urite
1551 1710 1998 1779 supplicationem
2025 1706 2199 1769 aﬂ'ert,

648 1813 707 1857 ut
737 1804 917 1873 aliquo
965 1804 1126 1857 modo
1173 1819 1237 1857 ex
1289 1802 1408 1872 ejus
1456 1801 1750 1871 pollutione
1781 1801 2042 1854 liberetur
2075 1816 2090 1853 :
2121 1798 2202 1852 vel

1482 409 1538 462 S.
1583 405 1954 461 ATHANASII
1992 404 2140 460 OPP.
2184 400 2364 457 PARS
2400 397 2488 453 Ill.
2529 426 2600 437 —
2634 392 3041 450 EXEGETICA.

3759 384 3869 444 244

2376 517 2613 581 Ἀπόδος
2633 532 2734 583 μοι
2759 513 2873 579 τὴν
2898 511 3261 580 ἀγαλλίασιν
3278 520 3381 558 του
3411 518 3704 570 σωτηριου
3721 517 3864 556 σου.

2302 612 2393 672 Εἰς
2421 610 2562 661 ἅπαν
2581 606 2642 658 τὸ
2672 605 2776 657 τῶν
2802 600 3101 673 ἀνθρώπων
3117 597 3272 665 γένος
3300 595 3647 665 ἀναφέρεται.
3681 593 3866 660 Ἀγαλο

2301 702 2474 753 λίασιν
2508 698 2605 768 μὲν
2632 695 2894 764 σωτηρίου
2923 691 3021 761 τὴν
3053 687 3351 759 παρουσίαν
3399 684 3492 738 τοῦ
3526 684 3730 755 Κυρίου
3757 700 3866 754 φη-

2305 792 2376 855 σὶ,
2411 790 2551 843 κατὰ
2580 789 2641 840 τὸ
2675 787 2958 857 εἰρημένον
2995 781 3101 834 ὑπὸ
3131 779 3222 832 τοῦ
3262 775 3501 848 Συμεών·
3529 777 3647 827 Ὅτι
3702 770 3868 827 εἶδον

2303 883 2356 933 οἱ
2389 877 2679 948 ὀφθαλμοί
2731 892 2849 944 μου
2891 872 2956 926 τὸ
3012 869 3308 938 σωτήριόν
3359 883 3490 920 σου·
3543 864 3759 935 εὔχεται
3811 863 3869 916 δὲ

2303 971 2397 1023 καὶ
2435 967 2594 1029 αὐτὸς
2619 963 2782 1019 αὐτοῦ
2820 961 3156 1032 μεταλαϐεῖν.
3198 958 3303 1011 Καὶ
3337 957 3624 1023 πνεύματι
3655 955 3870 1022 ἠγεμο-

2302 1057 2447 1122 νικῷ
2483 1055 2770 1124 στήριξόν
2822 1070 2916 1122 με.
2947 1052 3123 1120 Ὅπερ
3152 1045 3303 1102 εἶπεν
3354 1048 3607 1116 ἀνωτέρω
3649 1044 3872 1114 πνεῦμα

2304 1150 2476 1211 εὐθὲς,
2509 1147 2740 1200 ἐνταῦθα
2771 1143 3094 1216 ἡγεμονικὸν
3123 1142 3298 1196 καλεῖ.

2374 1237 2596 1302 Διδάξω
2646 1237 2907 1305 ἀνόμους
2960 1235 3066 1298 τὰς
3117 1232 3296 1297 ὁδούς
3335 1247 3470 1284 σου.
3517 1227 3732 1299 Ἐπειδὴ
3778 1225 3870 1290 ἂν,

2305 1329 2456 1400 φησὶ.
2488 1327 2786 1400 ρυσάμνὸς
2823 1342 2889 1396 με
2921 1326 3020 1395 τῆς
3049 1322 3337 1393 ἁμαρτίας,
3381 1316 3534 1383 αὖθις
3573 1317 3773 1381 ὲπιδῶς
3802 1334 3874 1388 με

2304 1423 2364 1475 τὸ
2398 1421 2489 1474 σὺν
2517 1419 2670 1488 ἆγιον
2697 1417 2940 1488 Πνεῦμα.
2982 1415 3116 1468 Τότε
3140 1415 3204 1485 δὴ
3244 1413 3404 1468 πάλιν
3448 1412 3547 1475 τὰς
3593 1412 3691 1474 σὰς
3718 1411 3877 1473 ὁδοὺς

2308 1511 2537 1582 βαδίζειν
2568 1509 2762 1574 διδάξω
2785 1511 2911 1572 τοὺς
2933 1505 3386 1578 παραϐαίνοντας.

2389 1601 2599 1656 Ῥὗσαί
2644 1617 2720 1669 με
2756 1598 2824 1663 ἐξ
2883 1597 3166 1667 αἱμάτων,
3225 1599 3258 1648 ὁ
3306 1593 3449 1660 Θεὸς
3487 1596 3520 1647 ό
3569 1591 3713 1657 Θεὸς
3762 1590 3873 1659 τῆς

2308 1695 2603 1763 σωτηρίας
2629 1711 2768 1763 μου.
2801 1692 2967 1746 Πάλιν
3020 1689 3294 1761 ἱκετηρίαν
3343 1687 3484 1759 ὑπὲρ
3513 1686 3607 1739 τοῦ
3642 1683 3738 1738 τοῦ
3773 1686 3878 1739 Οὑ-

2313 1787 2422 1858 ρίου
2471 1786 2630 1855 φόνου
2661 1784 2891 1846 τίθεται,
2929 1784 3073 1845 ὅπως
3119 1781 3186 1834 ἂν
3226 1778 3445 1850 ρυσθείη
3495 1776 3588 1830 τοῦ
3624 1776 3684 1840 ἐξ
3708 1775 3880 1830 αὑτοῦ

647 1869 848 1964 potius,
881 1895 944 1948 de
973 1869 1339 1964 sanguinibus,
1371 1894 1422 1948 id
1447 1869 1530 1948 est
1557 1894 1624 1948 de
1653 1892 1933 1948 sacrificiis
1959 1907 2054 1961 per
2081 1905 2206 1945 san-
2237 1881 2238 1930 Ῑ

2316 1877 2568 1948 μιασμοῦ·
2621 1876 2654 1948 ἢ
2703 1875 2921 1947 μᾶλλον,
2953 1873 3022 1937 ἐξ
3054 1873 3332 1942 αἱμάτων,
3389 1869 3499 1923 τῶν
3548 1869 3614 1922 δι’
3647 1870 3880 1940 αἵματος

649 1986 866 2053 guinem
905 1984 1097 2049 factis,
1141 1993 1201 2038 ut
1251 1984 1494 2039 indicant
1529 2000 1651 2051 quae
1689 1985 1741 2037 in
1771 1983 1982 2052 psalmo
2020 1983 2208 2036 subse-

649 2085 889 2144 quuntur
911 2077 989 2130 sic
1018 2095 1030 2128 :
1069 2075 1334 2140 Quoniam
1370 2076 1416 2127 si
1443 2073 1693 2127 voluisses
1721 2072 2040 2140 sacriﬁcium
2065 2112 2081 2136 ,
2115 2069 2208 2124 de-

648 2169 842 2221 dissem
872 2169 1076 2235 utique,
1107 2176 1211 2219 etc.
1263 2164 1333 2216 Et
1362 2163 1646 2217 exsultabit
1685 2162 1864 2233 lingua
1896 2179 2008 2216 mea
2041 2163 2210 2232 justi-

651 2259 779 2310 tiam
807 2268 971 2310 tuam.
1018 2255 1130 2310 lloc
1160 2255 1516 2325 Symmachus
1554 2254 1634 2308 sic
1665 2254 2050 2324 interpretatus
2083 2263 2165 2308 est
2193 2272 2206 2308 :

651 2349 916 2420 Loquetur
955 2349 1139 2418 lingua
1179 2365 1295 2402 mea
1336 2349 1754 2401 misericordiam
1796 2356 1982 2398 tuam:
2011 2361 2215 2410 nequa-

651 2456 813 2509 quam
839 2441 980 2494 enim
1008 2440 1198 2494 tacebo
1221 2455 1344 2493 ctnn
1372 2439 1587 2492 veniam
1614 2438 1718 2491 sim
1743 2446 2088 2500 consecutus,
2119 2436 2213 2490 sed

650 2535 905 2589 laudibus
935 2543 988 2587 te
1017 2547 1316 2602 prosequar
1338 2573 1354 2596 ,
1394 2541 1448 2586 et
1481 2529 1739 2586 beneﬁcia
1772 2537 1862 2582 tua
1883 2542 2215 2583 commemo-

652 2627 805 2681 rabo.
865 2624 1176 2694 Siquidem,
1230 2624 1340 2688 ait,
1391 2623 1581 2694 legalia
1626 2621 1890 2677 sacriﬁcia
1933 2620 2211 2688 respuisti,

655 2718 913 2785 quoniam
972 2731 1075 2771 non
1128 2725 1359 2784 possunt
1409 2723 1630 2784 peccata
1664 2714 1936 2767 dimittere
1968 2729 1980 2764 :
2013 2711 2131 2764 ideo
2162 2711 2215 2764 id

655 2809 800 2877 quod
851 2808 1032 2877 diligis
1066 2808 1240 2862 obtuli
1281 2807 1401 2860 tibi.
1444 2805 1558 2860 Hoc
1602 2815 1782 2859 autem
1827 2813 1910 2858 est
1946 2801 2089 2873 quod
2121 2817 2217 2872 per

657 2899 1036 2968 paenitentiam
1067 2905 1122 2951 et
1153 2911 1247 2951 cor
1273 2896 1569 2951 contritum
1597 2893 1844 2950 oﬂ‘ertur.

723 3073 812 3127 20.
856 3072 1082 3145 Benigne
1113 3076 1229 3145 (ac,
1267 3074 1523 3140 Domine,
1568 3078 1623 3130 in
1658 3076 1794 3130 bona
1827 3077 2093 3130 voluntate
2127 3087 2218 3129 tua

2310 1971 2527 2035 θυσιῶν,
2561 1969 2724 2033 ὠςτὰ
2756 1967 3068 2037 ὲπαγόμενα
3112 1965 3203 2018 τοῦ
3257 1961 3470 2034 ψαλμοῦ
3518 1961 3881 2016 διαδείκνυσιν

2310 2060 2582 2122 εἰπόντος·
2643 2059 2798 2121 Ὅτι,
2865 2058 2919 2109 εὶ
2977 2053 3282 2122 ἠθέλησας
3360 2052 3616 2116 θυσίαν,
3686 2050 3885 2106 ἔδωκα

2311 2149 2386 2206 ἂν
2409 2153 2541 2220 ('20),
2600 2151 2695 2204 καὶ
2749 2149 2818 2202 τὰ
2863 2147 3006 2219 ἑξῆς.
3076 2144 3519 2215 Ἀγώλιάσεται
3567 2143 3603 2209 ἠ
3629 2139 3883 2211 τλῶσσά

2308 2261 2424 2311 μου
2476 2241 2590 2308 τὴν
2644 2240 3037 2302 δικαιοσύνην
3093 2251 3231 2290 σου.
3286 2233 3456 2287 Τοῦτο
3511 2235 3539 2286 ὁ
3583 2232 3884 2303 Σύμμαχος

2313 2334 2482 2394 οὕτως
2505 2332 2836 2402 ἡρμήνευσεο
2874 2327 3235 2392 Διαλανῑήσει
3282 2327 3320 2394 ἠ
3349 2322 3598 2394 γλῶσσά
3622 2340 3743 2392 μου
3766 2321 3884 2389 τὴν

2314 2425 2730 2492 ἐλεημοσύνην
2773 2436 2908 2474 σου·
2961 2419 3020 2471 οὐ
3071 2420 3179 2490 γὰρ
3236 2419 3446 2488 σιγήσω
3502 2415 3601 2485 τῆς
3631 2413 3885 2484 ἀφέσεως

2313 2517 2641 2582 ἀπολαύσας,
2689 2515 2802 2568 ἀλλ’
2857 2513 3038 2583 ὑμνῶν
3095 2528 3153 2563 σε
3185 2510 3474 2563 διατελὲσω
3504 2508 3597 2561 καὶ
3637 2506 3738 2569 τὰς
3781 2504 3887 2566 σὰς

2313 2606 2660 2677 διηγούμενος
2708 2603 2952 2674 χάριτας.
3003 2599 3218 2671 Ἐπειδὴ
3270 2599 3369 2661 τὰς
3430 2599 3487 2649 ὲν
3520 2597 3687 2666 νόμῳ,
3723 2593 3886 2664 φησὶ,

2316 2701 2612 2770 παρῃτήσω
2639 2698 2848 2759 Θυσίας,
2866 2697 2925 2747 οὐ
2952 2695 3059 2764 γὰρ
3073 2694 3321 2747 δύνανται
3347 2691 3559 2760 ἀφιέναι
3586 2690 3887 2761 ἁμαρτίας·

2314 2793 2502 2844 τούτου
2543 2789 2699 2860 χάριν
2728 2791 2793 2860 ἣν
2823 2787 3117 2858 ⁴ὴγόιπησὰς
3173 2803 3252 2839 σοι
3311 2785 3677 2857 προσήνεγκα.
3730 2781 3887 2851 Αὕτη

2315 2885 2371 2938 δέ
2421 2886 2568 2937 ἐστιν
2618 2885 2652 2954 ἡ
2702 2881 2790 2935 διὰ
2846 2879 3131 2951 μετανοίας
3164 2879 3259 2932 καὶ
3307 2877 3529 2945 καρδίας
3558 2892 3889 2947 συντετριμ-

2322 2973 2506 3044 μένης.

2402 3065 2744 3132 Ἀγιίθυνον,
2775 3067 2968 3133 Κύριε,
3024 3065 3093 3117 ἐν
3129 3061 3205 3130 τῇ
3229 3060 3469 3128 εὐδοκία
3499 3074 3612 3112 σου
3645 3058 3760 3125 τὴν
3786 3061 3892 3112 Σιι

656 3162 808 3218 Sion.
843 3165 972 3219 Sion
1005 3167 1092 3220 llic
1121 3175 1283 3220 vocat
1316 3165 1640 3220 Ecclesiam.
1673 3166 1903 3232 Quando
1932 3167 2075 3222 enim
2102 3167 2215 3223 Deo

2317 3158 2420 3213 ὠν.
2461 3158 2596 3211 Σιὼν
2619 3157 2852 3212 ἐνταῦθα
2873 3158 2972 3226 τὴν
3007 3152 3327 3223 Ἐκκλησίαν
3363 3152 3546 3222 φησίν.
3579 3151 3745 3203 Ὅταν
3779 3150 3893 3220 γὰρ

658 3254 804 3309 Patri
837 3257 1035 3324 placuit
1069 3257 1250 3310 omnia
1285 3257 1337 3310 in
1371 3256 1507 3312 Filio
1541 3273 1641 3313 suo
1672 3274 1932 3313 renovare
1953 3299 1967 3322 ,
2013 3267 2140 3314 tunc
2162 3268 2216 3314 et

2317 3251 2614 3322 ηὐδόκησεν
2645 3253 2674 3304 ὀ
2735 3249 2866 3312 Θεὸς
2924 3248 3017 3301 καὶ
3071 3245 3259 3316 Πατὴρ
3309 3242 3783 3310 ἀνακεφαλαιῶσαι
3818 3241 3892 3293 τὰ

658 3345 802 3399 bona
851 3345 1102 3401 Ecclesia:
1139 3364 1250 3403 sua:
1302 3350 1572 3418 pollicitus
1615 3359 1716 3405 est.
1773 3349 1842 3404 Et
1889 3352 2216 3420 aediﬁcentur

662 3441 803 3493 muri
832 3438 1148 3494 Jerusalem.
1181 3439 1364 3496 Muros
1390 3439 1690 3495 Jerusalem
1710 3482 1725 3505 ,
1753 3452 1971 3496 sanctos
1997 3443 2097 3505 ait,
2129 3457 2215 3495 sa-

662 3545 878 3584 crorum
911 3532 1210 3592 ministros,
1247 3531 1340 3598 qui
1380 3531 1633 3584 muniunt
1665 3529 1962 3585 Ecclesiam
1995 3531 2133 3600 ejus.

733 3803 822 3857 Ἡ.
885 3803 1029 3857 Tunc
1071 3803 1365 3872 acceptabis
1404 3804 1724 3873 sacriﬁcium
1754 3804 2002 3872 justitite.
2056 3801 2214 3867 Cum,

664 3893 873 3962 inquit,
928 3892 1186 3946 beneﬁcia
1229 3891 1379 3946 Sioni
1405 3893 1633 3957 tribues,
1666 3902 1719 3947 et
1751 3891 2220 3947 aadilicatiluerint

665 3983 807 4035 muri
829 3981 1148 4045 Jerusalem,
1183 3989 1312 4034 tunc
1337 3980 1632 4035 ederentur
1658 3981 1952 4044 sacriﬁcia,
1989 3995 2095 4034 non
2123 3994 2219 4048 per

663 4074 1005 4143 sanguinem,
1027 4075 1118 4129 sed
1143 4075 1389 4144 justitiae,
1423 4074 1598 4128 laudis
1624 4074 1850 4129 scilicet.
1890 4072 2220 4127 Oblationem

663 4172 715 4217 et
748 4164 1076 4226 holocausta,
1121 4165 1348 4233 justitiae
1378 4167 1584 4220 scilicet
1617 4174 1670 4219 et
1715 4166 1985 4220 incruenti
2013 4165 2221 4219 sacriﬁ-

667 4255 756 4310 cii.
814 4255 956 4308 Tunc
1004 4257 1264 4324 imponent
1309 4273 1462 4325 super
1508 4257 1677 4310 altare
1714 4266 1860 4309 tuum
1898 4255 2108 4309 vitulos.
2156 4253 2223 4309 Et

666 4345 816 4415 ipsos
843 4346 1345 4415 (vitulosjjustitize,
1379 4357 1438 4402 ut
1470 4349 1579 4402 sint
1610 4349 1789 4402 omnia
1827 4347 2089 4417 justitite,
2134 4363 2224 4401 sa-

667 4435 891 4498 criﬁcia,
917 4437 1220 4492 oblationes
1251 4439 1490 4494 iustitia).
1514 4439 1832 4493 holocausta
1858 4439 2108 4508 iustitiae,
2142 4439 2221 4492 vi-

668 4527 766 4580 tuli
792 4527 1033 4595 justitiaa.

1022 4616 1121 4670 Hic
1143 4617 1330 4671 desinit
1362 4615 1549 4669 Daniel
1581 4615 1862 4670 Barbarus.

678 4809 726 4862 1.
758 4806 825 4862 In
853 4809 1030 4878 ﬁnem,
1057 4809 1348 4863 intellectus
1379 4808 1572 4863 David.
1609 4807 1740 4862 Cum
1762 4811 1902 4863 venit
1936 4808 2070 4862 Doec
2093 4809 2220 4863 ldu-

743 4916 903 4954 mteus
929 4909 976 4953 et
1005 4902 1262 4953 nuntiavit
1297 4899 1448 4955 Sauli
1475 4917 1494 4953 :
1537 4899 1685 4954 Venit
1720 4900 1886 4955 David
1928 4903 1983 4954 in
2010 4903 2224 4955 domum

745 4993 1063 5047 Abimeleclt.
1113 4991 1212 5046 LI.

1255 5168 1650 5236 Argumentum.

679 5258 906 5323 Quando
950 5257 1086 5328 fugit
1115 5258 1280 5312 David
1308 5273 1340 5310 a
1382 5256 1521 5310 facie
1547 5255 1728 5310 Saulis
1764 5254 1819 5307 in
1851 5254 2073 5309 domum
2095 5256 2229 5309 Abi-

749 5351 975 5415 melecb,
1005 5366 1068 5404 ac
1087 5351 1154 5404 de
1183 5350 1415 5418 panibus
1439 5348 1774 5401 sacerdotum
1800 5346 2052 5410 comedit,
2080 5362 2233 5401 acce-

748 5444 934 5513 pitque
957 5443 1125 5496 Goliae
1158 5441 1393 5510 gladium
1417 5479 1433 5504 ,
1476 5436 1774 5491 abscedens
1808 5436 2079 5504 quispiam
2118 5451 2230 5489 rem

751 5534 1022 5588 nuntiavit
1051 5533 1199 5586 Sauli
1221 5533 1285 5584 εδ.
1324 5529 1452 5583 Erat
1480 5539 1657 5582 autem
1684 5529 1730 5581 is
1763 5527 1902 5580 Doec
1932 5525 2105 5597 Syrus
2136 5527 2229 5594 qui

754 5626 798 5658 ⁶³
831 5625 960 5681 Luc.
992 5641 1050 5689 ιι,
1075 5626 1161 5678 30.
1234 5624 1278 5654 “
1311 5622 1328 5676 Ι
1356 5620 1484 5692 Reg.
1519 5637 1633 5683 XXI,
1677 5619 1822 5672 1-10.

2320 3342 2496 3394 πάντα
2532 3343 2588 3392 ὲν
2615 3339 2692 3408 τῷ
2721 3337 2836 3408 Υίῷ
2871 3335 3056 3398 αὑτοῦ,
3081 3336 3202 3387 τότε
3227 3335 3318 3386 καὶ
3349 3334 3446 3395 τὰς
3483 3333 3690 3400 ἀγαθὰς
3722 3329 3893 3384 αὐτοῦ

2319 3434 2385 3500 τῇ
2429 3429 2723 3500 Ἐκκλησία
2749 3427 2910 3481 αὐτοῦ
2945 3426 3174 3478 δέδωκεν
3222 3423 3568 3491 ἐπαγγελίας.
3600 3422 3708 3476 Καὶ
3735 3424 3893 3475 οἰκο-

2321 3521 2628 3590 δομηθήτω
2652 3522 2723 3573 τὰ
2773 3521 2937 3588 τείχη
2977 3515 3377 3584 Ἰερουσαλήμ.
3416 3514 3580 3586 Τείχη
3625 3515 3894 3584 Ἰερουσα-

2321 3613 2432 3684 λὴμ
2462 3614 2587 3675 τοὺς
2641 3611 2825 3680 ἁγίους
2859 3611 3021 3681 φησὶν
3065 3608 3376 3680 ἱερουργοὺς
3415 3608 3538 3670 τοὺς
3590 3605 3884 3676 περιφράτ-

2321 3721 2511 3766 τοντας
2536 3705 2634 3774 τὴν
2672 3702 2991 3773 Ἐκκλησίαν
3022 3698 3206 3753 αὑτοῦ.

2397 3797 2534 3850 Τότε
2577 3792 2927 3859 εὐδοκήσας
2959 3791 3178 3845 θυσίαν
3236 3788 3643 3853 δικαιοσύνης.
3697 3787 3894 3851 Ὅταν,

2325 3888 2506 3957 φησιν,
2545 3885 2832 3954 ἀγαθυνεῖς
2860 3886 2956 3956 τὴν
3001 3883 3136 3936 Σιὼν
3164 3883 3257 3936 καὶ
3291 3882 3612 3951 οίκοδομηθῇ
3639 3879 3706 3932 τὰ
3733 3880 3892 3951 τείχη

2337 3978 2705 4049 Ἰερουσαλὴμ.
2733 3977 2851 4030 τότε
2902 3975 2965 4046 δὴ
2993 3976 3112 4028 τότε
3162 3975 3255 4028 καὶ
3312 3973 3759 4043 ἀνενεχθήσονται
3793 3971 3894 4025 θυι

2326 4070 2458 4132 σίαι,
2493 4070 2590 4138 οὐχ
2617 4069 2673 4120 αἱ
2723 4067 2789 4119 δι’
2819 4068 3083 4136 αἱμάτων,
3119 4064 3235 4118 ἀλλ’
3272 4065 3328 4116 αἱ
3382 4065 3480 4134 τῆς
3523 4061 3892 4126 δικαιοσύνης,

2325 4161 2380 4212 αἱ
2404 4159 2500 4228 τῆς
2519 4159 2774 4220 αἰνέσεως
2796 4157 3052 4227 δηλονότι.
3088 4153 3420 4223 Ἀναφορὰν
3440 4151 3534 4205 καί
3558 4149 3896 4205 ὁλοκαυτώ-

2321 4269 2497 4324 ματα,
2529 4253 2622 4307 καὶ
2655 4249 2792 4304 αὐτὰ
2817 4250 2884 4302 τὰ
2923 4249 3020 4318 τῆς
3043 4247 3382 4315 δικαιοσύνης
3409 4245 3502 4298 καὶ
3524 4244 3591 4297 τὰ
3618 4243 3718 4312 τῆς
3743 4246 3897 4296 ἀναι-

2330 4342 2535 4412 μάκτου
2565 4340 2755 4402 θυσίας
2793 4339 2959 4408 δηλοῖ.
2995 4340 3129 4391 Τότε
3180 4337 3538 4390 ἀνοίσουσιν
3568 4335 3662 4387 ἐπὶ
3695 4333 3761 4386 τὸ
3788 4338 3895 4388 0v-

2327 4430 2680 4497 σιαστήριόν
2697 4446 2811 4483 σου
2830 4431 3119 4498 μόσχους.
3155 4428 3262 4480 Καὶ
3287 4428 3481 4488 αὐτοὺς
3519 4424 3892 4492 δικαιοσύνης,

2329 4523 2467 4576 ὥστε
2498 4518 2634 4575 εἶναι
2682 4522 2856 4574 πάντα
2911 4519 3285 4589 δικαιοσύνης,
3333 4517 3555 4579 Θυσίας,
3614 4515 3898 4589 ἀναφορὰς

2325 4615 2695 4684 δικαιοσύνης,
2754 4612 3175 4683 ὁλοκαυτώματα
3229 4609 3591 4678 δικαιοσύνης,
3654 4607 3895 4678 μόσχους

2325 4706 2683 4775 δικαιοσύνης.

2326 4802 2430 4865 Είς
2460 4799 2524 4852 τὸ
2551 4801 2746 4863 τέλος,
2777 4798 3079 4864 συνέσεως
3111 4796 3189 4862 τῷ
3251 4794 3449 4859 Δαυῒδ,
3485 4794 3554 4847 ἐν
3577 4791 3657 4857 τῷ
3690 4790 3899 4846 ἐλθεῖν

2398 4893 2563 4958 Δωὴκ
2595 4890 2701 4943 τὸν
2743 4890 3073 4957 Ἰδουμαῖον
3101 4890 3193 4942 καὶ
3221 4885 3560 4955 ἀναγγεῖλαι
3591 4882 3669 4948 τῷ
3696 4883 3899 4937 Σαοὺλ

2399 4983 2495 5035 καί
2534 4982 2722 5035 εἰπεῖν
2771 4979 2950 5044 αὐτῷ·
3012 4976 3190 5033 Ἦλθε
3233 4975 3410 5031 Δαυῒδ
3451 4979 3537 5040 εὶς
3583 4972 3690 5026 τὸν
3729 4969 3902 5026 οἶκον

2415 5075 2735 5144 Ἀϐιμέλεχ.
2764 5076 2886 5127 IVA'.

2973 5163 2986 5181 '
2997 5163 3299 5226 Υπόθεσις.

2348 5255 2532 5308 Ἦνίκα
2557 5253 2720 5320 ἔφυγε
2749 5251 2909 5306 Δαυῖδ
2941 5251 3048 5304 ἀπὸ
3076 5251 3364 5321 προσώπου
3391 5247 3582 5309 Σαοὺλ,
3617 5246 3712 5298 καὶ
3771 5261 3900 5298 κατ·

2407 5343 2542 5414 ἠχοη
2602 5343 2814 5409 φεύγων
2863 5338 3007 5396 οἷκον
3079 5340 3383 5410 Ἀϐιμέλεχ,
3446 5338 3553 5390 τῶν
3602 5354 3664 5388 τε
3721 5338 3899 5405 ἄρτων

2406 5435 2512 5487 τῶν
2543 5435 2729 5506 ἱερέων
2766 5437 3044 5502 ἐγεύσατο,
3071 5435 3170 5503 τήν
3201 5450 3257 5484 τε
3289 5430 3555 5503 ῥομφαίαν
3573 5427 3668 5481 τοῦ
3706 5426 3896 5478 roma

2407 5529 2668 5583 δέδεκται·
2732 5528 2979 5582 ἀπελθών
3032 5545 3114 5590 τις
3186 5524 3516 5594 ἀπαγγέλλει
3590 5521 3764 5575 ταῦτα
3823 5519 3897 5588 τῷ

753 5715 865 5786 (20)
906 5717 1040 5771 God.
1067 5716 1317 5769 Ambros.
1359 5713 1547 5776 habet,
1597 5710 1661 5762 Αἱ
1694 5712 1750 5763 ὲν
1783 5714 1930 5780 νόμῳ
1985 5709 2164 5762 Θυσίαι
2200 5726 2238 5761 οι

2316 5708 2544 5763 ἰύνανται
2609 5711 2823 5780 ἀφιέναι
2858 5711 3144 5783 ἁμαρτίας.
3194 5707 3323 5776 Quae
3375 5705 3638 5763 sententia
3676 5703 3893 5759 inferius

687 5789 958 5853 repetitur.
