4034 6460
179 391 284 449 245

1286 394 1645 452 EXPOSITIO
1685 396 1751 451 IN
1790 395 2124 452 PSALMUM
2165 395 2250 449 LI.

3295 389 3395 445 246

251 506 442 561 Σαούλ.
480 510 634 578 Δωὴκ
685 509 742 562 δὲ
777 503 928 572 οὗτος
977 512 1003 561 ὁ
1037 509 1204 580 Σύρος
1254 511 1311 572 ὃς
1359 511 1452 562 καὶ
1493 508 1780 570 τοσοῦτονι

1916 510 1987 564 ita
2035 511 2275 563 animum
2317 509 2498 563 Saulis
2532 514 2901 576 exasperarit,
2957 512 3026 558 ut-
3056 505 3396 560 interfectum

252 599 622 670 ἐξεπολέμωσε
648 601 745 670 τὴν
760 602 930 672 ψυχὴν
957 602 1048 654 τοῦ
1063 601 1252 664 Σαοὺλ,
1268 602 1342 664 ὡς
1358 601 1748 655 ἀποστείλαντα

253 692 434 744 πᾶσαν
482 691 578 761 τὴν
631 691 784 744 πόλιν
823 691 930 744 τῶν
974 691 1163 760 ἱερέων
1209 691 1436 751 ἀνελεῖν,
1477 691 1569 744 καὶ
1616 690 1750 760 μηδὲ

254 785 483 850 κτήνους
508 781 686 834 αὐτῶν
712 781 1015 849 φείσασθαι.
1074 780 1254 832 Ταῦτα
1303 776 1394 832 οὖν
1443 778 1691 847 ἀκηκοὼς
1725 779 1752 830 ὁ

253 871 416 924 Δαυῒδ
473 871 542 924 τὰ
592 872 923 943 προκείμενα
971 873 1140 939 λέγει,
1192 873 1271 934 εἱς
1332 871 1618 940 πρόσωπον
1658 867 1750 920 τοῦ

257 963 433 1033 Σύρου
464 964 898 1033 ἀποτεινόμενος.
928 965 1080 1033 Ἔχει
1102 964 1158 1015 δὲ
1192 964 1286 1014 καὶ
1341 961 1616 1032 ἀναφορὰν
1659 962 1752 1012 καὶ

260 1055 340 1115 εἱς
384 1054 444 1106 τὸ
494 1055 586 1106 τοῦ
647 1055 911 1108 Ἰουδαίων
981 1054 1110 1106 λαοῦ
1179 1054 1466 1124 πρόσωπον
1525 1050 1751 1104 καὶτοῦ

275 1146 463 1199 Ἰούδα.
496 1146 741 1216 Περιέχει
774 1147 828 1199 δὲ
878 1147 970 1198 κα)⁸
1013 1145 1230 1213 ἀγαθῶν
1262 1144 1586 1212 ἐπαγγελίαν
1647 1142 1754 1194 τῶν

264 1238 558 1307 ἐσομένων,
595 1239 685 1290 καὶ
725 1240 821 1308 τὴν
856 1240 912 1290 ἐν
962 1236 1040 1307 τῷ
1064 1238 1194 1307 οἴκῳ
1223 1236 1317 1289 τοῦ
1370 1235 1503 1287 0εοῦ
1551 1235 1754 1304 ἵδρυσιν

259 1327 370 1380 τῶν
397 1327 562 1395 ἁγίων
584 1330 768 1392 αὐτοῦ,
805 1330 890 1382 διὰ
925 1329 1018 1382 τοῦ
1060 1329 1257 1397 λέγειν·
1302 1327 1440 1395 Ἐγὼ
1496 1326 1563 1378 δὲ
1615 1326 1755 1378 ὡσεὶ

258 1420 433 1473 ἐλαία
475 1422 850 1488 κατάκαρπος
874 1423 945 1474 ἐν
977 1420 1057 1486 τῷ
1091 1423 1234 1486 οἴκῳ
1287 1421 1394 1474 τοῦ
1449 1419 1616 1474 Θεοῦ.
1669 1420 1758 1472 Διὸ

261 1508 327 1579 δὴ
367 1509 459 1562 καὶ
491 1509 796 1576 συνέσεως
825 1512 913 1563 καὶ
942 1513 1026 1575 εἱς
1052 1511 1116 1563 τὸ
1147 1510 1319 1575 τέλος
1349 1510 1707 1579 ἐπιγράφεται
1731 1509 1759 1559 ὁ

264 1600 496 1670 itali“;-
543 1602 711 1666 Χρεία
754 1602 860 1672 γὰρ
893 1602 1092 1671 πολλῆς
1125 1601 1388 1666 συνέσεως
1415 1603 1495 1664 εἱς
1521 1601 1582 1653 τὸ
1612 1617 1753 1668 γνω-

270 1693 420 1762 ρίσαι
454 1693 550 1762 τῆς
608 1694 916 1764 οἰκονομίας
953 1693 1045 1746 τοῦ
1092 1694 1229 1748 κατὰ
1279 1694 1454 1765 σάρκα
1513 1692 1674 1746 Δαυῖδ
1701 1693 1759 1745 τὸ

270 1783 585 1852 μυστήριον.

276 1874 336 1925 Τί
394 1872 658 1942 ἐγκαυχᾷ
690 1875 760 1928 ἐν
795 1877 994 1943 κακίᾳ,
1038 1879 1069 1929 o'
1126 1876 1416 1940 bus-atde;
1480 1875 1566 1936 Ὠς
1621 1873 1760 1943 πρὸς
1793 1853 1833 1903 Β

191 1968 357 2020 αὐτὸν
394 1967 482 2020 τὸν
515 1967 702 2038 Σύρον,
739 1968 884 2037 ἢτὸν
917 1970 1277 2040 ὲνεργήσαντα
1305 1969 1362 2020 ὲν
1413 1965 1560 2034 αὐτῷ
1586 1965 1763 2018 διάϐο-

191 2061 308 2121 λον,
329 2059 600 2110 ἀποτείνει
628 2060 716 2112 τὸν
749 2060 921 2128 λόγον.

281 2149 439 2202 Ὠσεὶ
518 2149 704 2217 ξυρὸν
774 2152 1145 2219 ἠκονημένον
1205 2150 1494 2216 ἐποίησας
1559 2149 1760 2204 δόλον.

198 2240 375 2292 Τοῦτό
403 2257 554 2307 φησι,
581 2241 668 2294 διὰ
705 2242 766 2294 τὸ
799 2242 986 2311 ὥσπερ
1021 2239 1249 2310 ξυρῆσαι
1277 2242 1369 2293 καὶ
1405 2240 1630 2309 ἐκκόψαι
1663 2241 1764 2293 πᾶ-

195 2348 300 2383 σαν
323 2331 431 2383 τῶν
467 2332 655 2402 ἱερέων
688 2331 785 2400 τὴν
826 2332 998 2384 πόλιν.

285 2421 622 2491 Ἡγάετησας
655 2422 869 2474 κακίαν
908 2421 1057 2489 ὑπὲρ
1105 2423 1519 2490 ἀγηθωσύνηγ.
1566 2419 1764 2472 Ἦδίκει

195 2515 310 2582 γὰρ
353 2513 822 2584 καταψευδόμενος
880 2513 972 2566 τοῦ
1032 2515 1218 2583 ἱερέως
1272 2514 1366 2566 καὶ
1416 2511 1523 2564 τῶν
1565 2510 1766 2564 λοιπῶν

196 2607 456 2659 ἁπάντων
487 2607 579 2658 σὺν
601 2605 766 2675 αὐτῷ,
803 2607 894 2658 καὶ
923 2605 989 2658 τὰ.
1023 2605 1096 2674 μὴ
1121 2604 1429 2675 πραχθέντα
1461 2604 1579 2656 κατ’
1606 2600 1766 2655 αὐτοῦ

194 2699 392 2764 λέγων’
422 2699 482 2750 τὸ
512 2698 619 2767 γὰρ
649 2700 840 2760 εἰπεῖν,
874 2698 948 2760 ὼς
977 2698 1297 2767 ἐπηρώτησε
1346 2696 1435 2748 τὸν
1459 2694 1589 2746 Θεὸν
1644 2693 1770 2762 περὶ

195 2789 295 2844 τοῦ
325 2789 508 2853 Δαύῖδ,
535 2789 722 2858 ψεῦδος
745 2785 832 2858 ἧν,
855 2791 948 2840 καὶ
979 2789 1077 2840 οὐκ
1104 2787 1348 2857 ἀλήθεια.

289 2958 634 3026 Ἢγάπησας
689 2959 881 3011 πάντα
954 2957 1189 3025 ῥήματα
1259 2953 1768 3024 κιιτιιποντισμοῦ,

202 3050 496 3122 γλῶσσαν
521 3050 747 3102 δολίαν.
789 3051 970 3102 Πάντα
1003 3051 1110 3120 γὰρ
1143 3049 1278 3121 πρὸς
1317 3048 1628 3120 ἐπιϐουλὴν,
1679 3049 1772 3100 καὶ

1921 601 2133 656 miserit
2170 610 2333 655 totam
2373 601 2715 655 sacerdotum
2762 598 3064 662 civitatem,
3114 612 3177 651 ae
3209 611 3274 650 ne
3317 597 3402 666 jn-

1921 702 2118 746 mentis
2167 693 2383 760 quidem
2434 691 2730 761 pepercerit
2754 690 2815 741 ⁸⁸.
2879 687 3004 742 Haec
3066 688 3228 757 igitur
3276 703 3400 743 cum

1922 784 2164 838 audisset
2213 783 2376 836 David
2406 823 2419 846 ,
2458 784 2643 837 istlizec
2683 781 2924 852 loquitur
2960 779 3080 849 Syri
3115 795 3398 848 personam

1924 876 2244 944 spectantia.
2296 874 2624 928 Referuntur
2675 876 2800 928 item
2850 874 2963 927 haec
3005 873 3070 926 ad
3121 887 3402 941 personam

1922 968 2100 1036 populi
2127 966 2460 1030 Judazorum,
2489 975 2647 1034 atque
2669 965 2840 1019 Jndre.
2864 963 3251 1031 Complectilur
3279 962 3404 1014 item

1925 1059 2235 1113 futurorum
2267 1058 2534 1112 bonorum
2560 1057 3001 1127 promissionem,
3036 1064 3091 1108 et
3129 1053 3406 1107 assiduam

1926 1160 2238 1205 sanctorum
2293 1149 2385 1204 Dei
2439 1149 2920 1204 commorationem
2973 1148 3024 1200 in
3073 1147 3233 1199 domo
3267 1144 3405 1211 ejus,

1927 1241 2366 1311 quandoquidem
2397 1241 2565 1294 dicit:
2594 1240 2703 1310 Ego
2750 1251 2922 1292 autem
2950 1241 3082 1291 sicut
3121 1236 3256 1289 oliva
3297 1235 3405 1303 fru-

1925 1335 2114 1401 ctifera
2136 1335 2188 1386 in
2212 1332 2366 1385 domo
2392 1331 2507 1386 Dei.
2536 1330 2896 1398 Quamobrem
2927 1340 2979 1382 et
3019 1328 3327 1384 intellectus.
3357 1331 3411 1377 et

1927 1427 1982 1477 in
2021 1425 2176 1493 ﬁnem
2223 1424 2464 1493 psalmus
2504 1421 2855 1476 inscribitur.
2896 1418 3060 1472 Multa
3098 1417 3238 1471 enim
3272 1426 3410 1483 opus

1929 1514 2304 1584 intelligentia,
2348 1522 2411 1568 ut
2439 1513 2557 1582 ejus
2588 1513 2678 1582 qui
2717 1510 3013 1566 secundum
3056 1521 3273 1561 carnem
3309 1504 3410 1558 Da-

1931 1608 2017 1661 vid
2051 1616 2134 1662 est
2155 1607 2471 1661 ceconomiaa
2503 1603 2816 1677 mysterium
2849 1607 3228 1670 cognoscatur.

1933 1893 1986 1943 5.
2017 1889 2154 1953 Quid
2191 1888 2436 1958 gloriaris
2466 1888 2519 1940 in
2540 1884 2776 1944 malitia,
2802 1883 2889 1952 qui
2921 1889 3097 1950 potens
3127 1892 3179 1928 es
3199 1876 3224 1927 .’
3250 1871 3414 1939 Quasi

1864 1981 1931 2035 ad
1966 1982 2143 2050 ipsum
2179 1979 2374 2049 Syrum
2396 2019 2412 2044 ,
2455 1986 2549 2032 aut
2588 1976 2654 2030 ad
2687 1974 2962 2029 diabolum
2992 1984 3115 2025 eum
3157 1965 3418 2034 instigan-

1863 2083 1991 2137 tem,
2022 2087 2324 2127 sermonem
2356 2071 2614 2124 collimat.

1934 2165 1987 2218 4.
2021 2164 2168 2218 Sicut
2215 2163 2470 2216 novacula
2512 2169 2666 2213 acuta
2701 2157 2870 2226 fecisti
2925 2153 3123 2206 dolum.
3178 2147 3292 2201 Hoc
3321 2149 3416 2205 ait.

1864 2256 2011 2326 quod
2062 2263 2228 2308 totam
2263 2253 2605 2308 sacerdotum
2638 2249 2906 2305 civitatem
2943 2244 3096 2314 quasi
3133 2237 3417 2299 abraserit,

1865 2356 1920 2401 ct
1947 2346 2314 2400 internecione
2347 2343 2628 2397 deleverit.

1936 2440 1987 2496 5.
2023 2439 2267 2493 Dilexisti
2304 2437 2562 2490 malitiam
2600 2449 2752 2502 super
2780 2431 3169 2498 benignitatem.
3218 2423 3422 2492 lnjusle

1867 2547 2102 2600 namque
2135 2531 2327 2600 agebat
2353 2543 2475 2582 cum
2511 2525 2844 2581 sacerdotem
2881 2530 2935 2575 et
2964 2519 3200 2587 reliquos
3233 2529 3423 2568 omnes

1869 2637 1975 2675 una
2005 2622 2457 2680 calumniaretnr,
2501 2633 2564 2671 ac
2599 2631 2718 2685 quae
2749 2623 2896 2684 gesta
2923 2626 3030 2666 non
3062 2608 3288 2662 fuissent
3331 2605 3424 2658 ad-

1870 2729 2059 2768 versus
2089 2729 2211 2766 enin
2245 2711 2479 2765 deferret
2505 2727 2517 2761 :
2557 2708 2700 2778 quod
2731 2707 2875 2759 enim
2904 2706 3106 2758 diceret
3134 2717 3253 2755 eum
3281 2699 3426 2766 (Abi—

1869 2803 2196 2873 meleclium)
2243 2803 2408 2856 Deum
2443 2801 2585 2854 circa
2623 2797 2876 2851 Davidem
2920 2796 3319 2862 interrogasse,
3372 2789 3427 2844 id

1871 2895 2241 2960 mendacium,
2277 2909 2385 2947 non
2410 2893 2611 2945 veritas
2641 2901 2776 2944 erat.

1939 2986 1993 3040 6.
2019 2987 2266 3040 Dilexisti
2289 2987 2464 3037 omnia
2494 2983 2646 3036 verba
2676 2981 3105 3051 prwcipilationis
3135 3018 3148 3039 ,
3197 2977 3430 3046 linguam

1873 3079 2133 3133 dolosam.
2166 3074 2360 3130 Omnia
2397 3078 2540 3129 enim
2563 3075 2670 3145 egit
2702 3074 2765 3126 ad
2803 3074 3028 3126 insidias
3049 3113 3063 3136 ,
3093 3069 3345 3124 invidiam
3379 3075 3433 3121 ct

204 3140 398 3210 φθόνον
429 3141 519 3193 καὶ
539 3139 761 3194 θάνατον
789 3139 881 3192 τοῦ
913 3141 1099 3210 ἱερέως
1130 3140 1348 3193 καὶτῶν
1381 3140 1578 3192 λοιπῶν
1601 3141 1772 3192 ἁπάν-

1881 3181 2101 3226 mortem
2127 3168 2423 3224 sacerdotis
2456 3167 2895 3235 reliquorumque
2920 3163 3162 3215 omnium
3194 3160 3284 3229 qui
3308 3175 3431 3214 cum

199 3249 313 3285 των
352 3231 457 3284 τῶν
482 3232 576 3283 σὺν
607 3231 752 3300 αύτῷ
802 3231 1257 3296 τεθανατωμένων
1306 3229 1643 3300 διεπράξατο·
1693 3229 1771 3282 διὸ

199 3322 436 3390 ῥήματα
461 3319 946 3387 καταποντισμοῦ
975 3321 1025 3372 οἱ
1052 3320 1196 3386 λόγοι
1219 3321 1315 3389 τῆς
1336 3318 1426 3370 τοῦ
1461 3319 1616 3390 Δωὴκ
1644 3319 1772 3388 ψευ-

199 3412 447 3478 δολογίας
505 3412 738 3481 εἴρηται.
813 3410 1045 3480 ’Δθρόως
1095 3409 1202 3480 γὰρ
1230 3410 1405 3461 πᾶσαν
1460 3410 1558 3478 τὴν
1618 3408 1772 3461 πόλιν

201 3503 314 3555 τῶν
348 3501 534 3570 ἱερέων
560 3501 745 3572 ῶσπερ
776 3503 832 3552 ὲν
865 3501 1010 3570 βυθῷ
1063 3501 1411 3554 κατεπόντισε
1443 3504 1553 3563 τοῖς
1581 3501 1772 3554 ἑαυτοῦ

207 3594 441 3664 ῥήμασι.
509 3592 730 3658 Λέγοιτο
779 3591 822 3642 δ’
854 3591 919 3642 ἂν
950 3591 1120 3643 ταῦτα
1149 3591 1369 3654 δικαίως
1411 3593 1503 3643 καὶ
1546 3593 1637 3643 ἐπὶ
1668 3593 1773 3643 τῶν

206 3684 484 3754 ἀρχόντων
513 3682 620 3734 τῶν
660 3682 948 3746 Ἰουδαίων,
983 3683 1076 3734 καὶ
1108 3682 1270 3735 αὑτοῦ
1292 3682 1348 3733 δὲ
1380 3682 1473 3734 τοῦ
1515 3682 1702 3735 Ἰούδα.

294 3776 557 3829 Ἑκτίλαι
594 3790 667 3827 σε
697 3776 792 3827 καὶ
831 3775 1310 3844 μετω·ιιστεύσαι
1351 3788 1423 3826 σε
1468 3774 1585 3826 ἀπὸ
1630 3790 1776 3840 σκη-

206 3867 478 3937 νώματός
514 3882 648 3919 σου.
708 3865 1082 3936 Μετετὲοησαν
1127 3864 1234 3935 γὰρ
1263 3865 1360 3934 τῆς
1418 3867 1566 3937 ἱερεῖς
1599 3864 1777 3918 αὐτῶν

210 3961 441 4029 σκηνῆς,
483 3958 761 4026 γεγονότες
784 3959 1112 4028 αἱχμὰλωτοι
1140 3958 1226 4010 διὰ
1257 3958 1347 4011 τὸν
1380 3959 1520 4010 κατὰ
1542 3958 1633 4010 τοῦ
1664 3958 1776 4009 Κυ-

214 4051 337 4122 ρίου
367 4048 613 4117 σταυρόν.
645 4047 754 4099 Kal
783 4047 846 4099 τὸ
862 4046 1084 4114 ῥίζωμὰ
1137 4061 1251 4099 σου
1281 4046 1347 4098 ἐκ
1390 4047 1500 4114 γῆς
1532 4045 1774 4105 ζώντων.

211 4143 442 4212 Ὅμοιον
492 4141 584 4205 τὸ,
639 4138 1194 4206 Ἐξαλειεςθιξτωσαν
1246 4138 1314 4190 ἐκ
1366 4138 1585 4200 βίϐλου
1644 4135 1777 4196 ζών-

211 4248 355 4284 των.

293 4319 419 4391 [Διὰ
457 4323 628 4376 τοῦτο
661 4324 692 4376 ό
720 4321 861 4386 Θεὸς
911 4321 1148 4373 καθέλοι
1198 4335 1268 4371 σε
1317 4321 1402 4385 εἱς
1453 4317 1643 4384 τέλος.
1677 4317 1780 4371 Λέ-

214 4432 370 4484 γοιτο
404 4413 446 4466 δ’
480 4415 544 4467 ἂν
596 4416 765 4468 ταῦτα
818 4414 1039 4475 δικαίως
1088 4412 1180 4464 καὶ
1231 4411 1465 4464 ἐπὶτῶν
1509 4413 1783 4483 ἀρχόντων

1876 3279 1940 3318 eo
1971 3264 2098 3318 caesi
2132 3260 2312 3326 fuere;
2355 3274 2525 3329 quare
2577 3256 2730 3311 verba
2767 3255 3197 3326 prwcipitationis
3237 3252 3428 3306 dicun-

1877 3365 1986 3417 tur,
2021 3353 2300 3407 mendacia
2336 3351 2498 3405 Doec.
2538 3349 2840 3404 Confertim
2880 3349 3023 3402 enim
3058 3356 3219 3400 totam
3251 3358 3434 3397 saecr-

1878 3445 2066 3501 dotum
2103 3445 2374 3498 civitatem
2424 3444 2537 3496 suis
2565 3441 2744 3495 verbis
2796 3441 2951 3509 quasi
3003 3439 3056 3492 in
3109 3435 3436 3507 profundum

1879 3536 2257 3606 prtecipitavit.
2299 3531 2422 3586 Haec
2458 3542 2636 3585 autem
2677 3531 2800 3600 jure
2847 3545 3063 3599 quoque
3095 3531 3343 3584 dicantur
3371 3530 3437 3581 de

1879 3628 2222 3697 principibus
2256 3623 2564 3679 Judazorum
2605 3621 2750 3678 etde
2776 3622 2890 3691 ipso
2925 3619 3086 3678 Juda.

1952 3794 2004 3848 7.
2042 3793 2245 3847 Evellat
2299 3801 2346 3845 te
2382 3799 2430 3844 et
2461 3788 2747 3857 transferat
2784 3796 2830 3839 te
2859 3785 2922 3838 de
2958 3781 3292 3837 tabernaculo
3327 3789 3435 3836 tuo.

1883 3887 2158 3943 Translati
2210 3885 2409 3954 quippe
2447 3890 2576 3937 sunt
2623 3879 2690 3934 de
2739 3893 2896 3933 sacro
2934 3874 3284 3930 tabernaculo
3307 3889 3437 3934 suo.

1885 3979 2085 4048 captivi
2117 3985 2336 4046 propter
2357 3973 2562 4028 Christi
2597 3985 2813 4026 crucem
2845 3968 3042 4022 cﬂ‘ecti.
3098 3965 3165 4018 Et
3210 3965 3440 4018 radicem

1885 4083 2028 4124 tuam
2056 4069 2119 4121 de
2151 4077 2290 4121 terra
2324 4066 2624 4120 viventium.
2656 4061 2845 4117 Simile
2868 4058 2999 4114 illud
3032 4056 3354 4113 :Deleantur
3379 4056 3441 4108 rte

1885 4159 2020 4214 libro
2050 4159 2330 4214 viventium
2345 4157 2414 4214 “.

1963 4315 2276 4389 [PrOpterea
2312 4312 2448 4366 Deus
2469 4311 2702 4364 destruet
2731 4308 2860 4362 tein
2892 4307 3079 4374 ﬁnem.
3137 4301 3262 4358 llaec
3299 4308 3444 4355 recte

1888 4406 2143 4460 dicantur
2166 4403 2232 4458 de
2254 4402 2591 4472 principibus
2617 4398 2929 4454 Iudaeorum
2963 4394 3104 4451 etde
3137 4394 3256 4464 ipso
3281 4389 3441 4456 Juda,

230 4504 500 4559 Ἰουδαίων
527 4505 619 4557 καὶ
664 4503 828 4558 αὑτοῦ
856 4504 949 4558 τοῦ
993 4503 1182 4564 Ἰούδα,
1209 4502 1294 4555 διὰ
1347 4504 1406 4555 τὸ
1439 4503 1780 4573 ἠγαπηκέναι

1890 4498 2020 4565 quia
2043 4510 2162 4565 qua:
2178 4495 2444 4548 damnosa
2475 4504 2630 4547 erant
2656 4489 2962 4544 dilexerunt
2990 4500 3164 4555 usque
3193 4486 3246 4538 in
3265 4482 3442 4552 ﬁnem.

215 4597 287 4650 τὰ
319 4595 553 4666 βλαϐερὰ
605 4597 690 4658 εἱς
723 4596 916 4660 τέλος,
967 4596 1088 4646 ἀντὶ
1142 4592 1257 4656 τοῦ,
1314 4593 1640 4659 παντελῶς.
1685 4594 1786 4647 Διά

217 4687 398 4742 τοῦτο
433 4685 673 4739 καθελεῖ
699 4700 793 4748 σε,
849 4685 923 4747 ῶς
977 4688 1036 4737 οὑ
1069 4686 1246 4748 καλῶς
1293 4685 1730 4756 οἰκοδομηθέντα,
1758 4688 1786 4738 ὁ

217 4778 499 4847 καθαιρῶν
547 4778 946 4848 ὑπερηφάνους,
973 4779 1066 4828 καὶ
1119 4778 1193 4840 ὡς
1225 4776 1409 4838 κακῶς
1437 4776 1784 4844 φυτευθέντα,

219 4870 452 4923 ἐκτίλαι
481 4886 573 4931 σε,
604 4870 999 4938 μεταστῆσαι,
1033 4870 1064 4939 ἦ
1093 4867 1404 4936 ὲκριζώσαι,
1441 4870 1531 4920 καὶ
1557 4867 1665 4920 ἀπὸ
1689 4868 1787 4937 τῆς

221 4962 594 5032 κατοικήσεως
645 4980 761 5027 σου,
793 4963 1065 5016 τουτέστιν
1099 4963 1204 5015 ἀπὸ
1255 4961 1349 5014 τοῦ
1385 4962 1784 5028 συγκατοικεῖν,

223 5053 496 5125 ἐκϐάλω]

299 5149 586 5214 Ὄψονται
612 5144 845 5208 δίκαιοι,
888 5145 982 5199 καὶ
1037 5144 1494 5212 φοϐηθήσονται.
1532 5143 1649 5196 Τῶν
1684 5143 1788 5214 γὰρ

224 5238 438 5290 ἀσεϐῶν
474 5237 899 5306 ἀναιρουμένων,
923 5239 972 5289 οἱ
1000 5237 1194 5289 δίκαιοι
1221 5235 1500 5307 περίφοϐοι
1533 5237 1788 5301 γίνονται.

225 5328 339 5381 Καὶ
374 5331 436 5380 σὺ
467 5329 584 5396 μὲν,
643 5329 796 5395 φησὶ,
841 5327 1012 5380 ταῦτα
1065 5328 1370 5397 ὑπομένεις
1395 5328 1443 5379 οἱ
1471 5328 1524 5380 δὲ
1573 5329 1789 5391 δίκαιοι,

223 5419 505 5473 τουτέστιν
552 5421 600 5472 οἱ
633 5419 725 5472 σού
753 5420 891 5482 λαοὶ,
915 5419 1237 5490 θεασάμενοι
1259 5421 1354 5490 τὴν
1379 5424 1476 5490 σὴν
1500 5421 1790 5487 ἀπώλειαν,

227 5511 380 5581 φόϐῳ
406 5511 919 5580 κατασχεθήσονται.
963 5513 1139 5580 ’ἱκανὴ
1171 5513 1276 5580 γὰρ
1306 5514 1337 5580 ἡ
1365 5515 1441 5574 εἰς
1469 5513 1526 5562 σὲ
1558 5516 1791 5584 τιμωρία

228 5603 518 5662 κάκείνους
552 5602 801 5668 φοϐῆσαι’
828 5604 999 5656 καίτοι
1032 5603 1116 5655 διὰ
1143 5605 1237 5670 τὴν
1268 5606 1341 5665 εἰς
1374 5603 1608 5666 ἐκείνους
1641 5607 1795 5658 εύεοο

307 5778 354 5807 “
387 5777 404 5830 Ι
433 5779 567 5846 Reg.
603 5793 740 5857 uti,
787 5778 865 5842 l8,
905 5778 986 5831 l9.
1083 5778 1124 5806 “
1157 5775 1297 5829 i'Sal.
1334 5791 1517 5840 t.xvtti,
1561 5775 1645 5827 29.

1888 4603 1954 4642 ac
2001 4589 2045 4640 si
2073 4587 2239 4650 dicat,
2285 4601 2502 4654 semper.
2562 4581 2849 4649 Propterea
2877 4579 3104 4632 destruet
3139 4585 3207 4638 te,
3263 4583 3445 4641 utpote

1887 4679 1980 4749 qui
2010 4693 2118 4732 non
2151 4687 2295 4732 recte
2323 4677 2623 4731 a'dilicatus
2653 4672 2846 4738 fueris,
2881 4671 2974 4739 qui
3008 4667 3270 4737 supcrbos
3296 4681 3446 4719 ever-

1889 4772 1974 4833 tit,
2003 4781 2167 4841 atque
2191 4778 2250 4823 ut
2278 4767 2522 4836 improbe
2562 4777 2739 4820 satum
2776 4762 2954 4818 evellet
2997 4771 3044 4814 te
3069 4769 3117 4812 et
3149 4756 3444 4827 emigrabit,

1890 4862 2004 4916 sive
2039 4859 2366 4923 eradicabit,
2409 4864 2464 4910 et
2504 4871 2533 4909 a
2567 4854 2844 4910 domicilio
2887 4861 3003 4918 tuo,
3046 4851 3104 4911 id
3135 4857 3238 4911 est.
3270 4862 3338 4904 ne
3363 4861 3449 4899 se-

1891 4972 2015 5011 cum
2048 4955 2277 5019 habites,
2308 4952 2489 5022 cjiciet
2513 4947 2608 5019 te.]

1963 5156 2019 5218 8,
2054 5153 2106 5206 9.
2147 5149 2405 5204 Videbunt
2429 5148 2588 5217 justi,
2621 5155 2670 5199 et
2702 5143 2972 5198 timebunt.
3013 5138 3147 5194 Dum
3171 5137 3452 5192 caeduntur

1893 5245 2038 5300 enim
2069 5243 2253 5311 impii,
2279 5241 2410 5310 justi
2455 5236 2831 5291 reformidant.
2873 5231 2940 5286 Et
2981 5241 3036 5286 tu
3079 5229 3452 5300 quidem,.in-

1893 5338 2032 5407 quit,
2072 5335 2185 5388 haec
2212 5335 2411 5386 toleras
2438 5351 2449 5384 :
2478 5331 2611 5400 juSti
2650 5340 2853 5391 autem,
2897 5326 3001 5380 hoc
3023 5333 3104 5378 est
3145 5321 3324 5390 p0puli
3351 5320 3451 5383 tui,

1894 5435 2182 5494 conspenta
2229 5434 2320 5478 tua
2367 5422 2640 5492 pernicie,
2683 5418 2972 5472 formidine
3017 5413 3450 5480 complebantur.

1894 5517 2030 5571 Nam
2062 5515 2264 5570 sufﬁcit
2308 5511 2634 5581 supplicium
2677 5509 2743 5563 de
2773 5517 2822 5560 te
2846 5512 3121 5574 sumptum
3159 5514 3217 5556 ut
3245 5503 3318 5556 illi
3352 5515 3451 5553 ex-

1898 5617 2220 5664 terreantur.
2276 5603 2502 5658 Etiamsi
2546 5611 2639 5654 tuo
2680 5615 2803 5668 erga
2839 5600 2959 5651 illos
2994 5596 3255 5650 bcneltcio
3301 5592 3451 5661 ejus-
