4034 6470
591 429 693 485 267

1432 423 1489 477 S.
1532 422 1900 477 ATHANASII
1941 423 2090 478 OPP.
2133 424 2312 481 PARS
2349 423 2438 483 ΙΙΙ.
2477 454 2546 466 —
2583 425 2993 483 EXEGETICA.

3716 429 3826 486 ειε

590 542 738 598 modi
772 556 1029 611 passurus
1064 556 1141 594 es.
1176 538 1308 592 Ecce
1335 540 1486 591 homo
1520 540 1609 608 qui
1634 555 1732 592 non
1768 542 1941 609 posuit
1972 540 2139 594 Deum
2167 591 2174 604 ,

2248 542 2426 612 γεσίαν
2452 541 2676 596 τοιαῦτά
2699 561 2791 597 σου
2818 544 3046 614 πάσχειν
3078 544 3383 614 μέλλοντος.
3429 543 3576 598 Ἰδοὺ
3599 543 3823 615 ἅνθρω-

589 632 889 700 adjutorem
915 647 1087 693 suum,
1120 631 1209 683 sed
1235 631 1452 698 speravit
1482 631 1537 682 in
1572 632 1909 684 multitudine
1940 632 2149 685 divitia-

590 743 707 778 rum
740 738 976 779 suarum.
1007 722 1193 798 Maluit
1218 725 1358 776 enim
1394 724 1635 791 proditor
1657 739 1848 778 aurum
1879 726 2144 793 accipere,

588 832 751 885 quam
801 817 1105 885 adjutorem
1141 814 1337 869 habere
1379 812 1585 868 Jesum.
1637 815 1705 868 Et
1760 816 2040 885 pravaluit
2090 818 2147 869 in

588 912 820 963 uanitate
840 924 977 971 sua;
1007 910 1165 978 quasi
1193 906 1336 961 dicat
1366 924 1380 961 :
1421 906 1487 961 Et
1514 924 1713 962 vanum
1746 925 1839 963 cor
1864 924 2022 963 suum
2047 910 2149 963 im-

588 1000 733 1070 plere
777 998 984 1069 potuit,
1043 1013 1217 1067 neque
1245 999 1563 1068 poenitentia
1597 1000 1791 1055 ductus
1834 1001 1995 1055 linem
2022 1000 2151 1054 fecit

588 1091 901 1162 impietatis.

659 1263 788 1337 [Sed
825 1265 1049 1334 speravit
1087 1265 1144 1316 in
1190 1261 1526 1315 multitudine
1558 1263 1867 1316 divitiarum
1903 1280 2144 1320 suarum.

586 1356 818 1411 Pulchre
840 1356 1056 1411 divitias
1072 1363 1124 1409 et
1140 1363 1484 1424 potestatem,
1512 1355 1805 1410 vanitatem
1824 1356 2053 1422 vocavit,
2070 1372 2149 1411 se-

585 1451 820 1505 cundum
870 1464 1055 1503 veram
1098 1449 1172 1501 rei
1216 1456 1510 1503 naturam:
1551 1463 1729 1518 neque
1773 1448 1919 1503 enim
1965 1447 2147 1504 Doeco

584 1540 937 1612 proluerunt,
981 1553 1153 1608 neque
1182 1539 1454 1609 Assyriis,
1504 1538 1723 1608 quando
1759 1540 1921 1595 unius
1963 1539 2141 1611 angeli

584 1632 816 1686 adventu
847 1630 1149 1700 interempti
1176 1638 1324 1696 sunt,
1362 1645 1423 1685 ac
1451 1630 1707 1699 insepulti
1731 1630 2070 1702 jacuerunt.]

664 1811 750 1865 10.
784 1810 895 1881 Ego
924 1820 1101 1863 autem
1127 1814 1264 1864 sicut
1294 1807 1432 1860 oliva
1466 1807 1765 1877 fructifera.
1794 1807 1975 1863 Floret
1998 1823 2144 1862 nam-

584 1920 691 1975 que
719 1920 932 1974 semper
968 1919 1159 1959 eorum
1190 1900 1361 1971 gloria
1384 1901 1476 1971 qui
1504 1900 1732 1955 credunt
1758 1901 1811 1954 in
1840 1900 2137 1955 Christum.
2171 1882 2217 1936 Β

586 1997 841 2071 [Fructus
900 2008 1076 2050 autem
1124 1994 1353 2065 Spiritus
1402 2004 1500 2059 est,
1554 1995 1809 2061 charitas,
1857 1997 2143 2065 gaudium,

582 2107 690 2161 pax
713 2091 776 2156 ",
807 2098 911 2144 etc.
949 2088 1103 2144 Hunc
1130 2089 1310 2158 itaque
1342 2089 1577 2143 fructum
1606 2103 1727 2141 cum
1756 2089 1806 2142 in
1833 2089 2011 2157 seipso
2048 2088 2147 2141 ha-

582 2184 733 2237 beret
755 2192 974 2236 sanctus
995 2180 1083 2235 ille
1110 2180 1215 2247 vir,
1247 2180 1459 2234 aiebat:
1493 2178 1605 2249 Ego
1634 2190 1806 2233 autem
1842 2182 1974 2234 sicut
2009 2180 2147 2235 oliva

584 2273 900 2343 fructifera;
966 2272 1122 2327 oliva
1170 2282 1350 2326 autem
1402 2270 1696 2327 fructiferae
1738 2289 1797 2328 se
1844 2280 2147 2342 comparat,

581 2365 710 2434 quia
750 2378 874 2417 cum
920 2362 1300 2417 misericordia
1342 2363 1396 2415 in
1439 2363 1557 2432 ipso
1585 2363 1851 2418 consistat
1889 2373 1941 2418 et
1971 2363 2148 2417 domi-

582 2466 761 2520 netur,
794 2471 857 2509 ex
883 2454 1236 2524 consequenti
1268 2453 1541 2508 haerebant
1571 2464 1625 2508 et
1654 2453 1871 2521 reliqua:
1895 2453 2143 2509 virtutes.

580 2544 783 2602 Eodem
828 2561 1055 2617 prorsus
1093 2546 1256 2600 modo
1296 2554 1351 2599 et
1394 2544 1589 2599 Jobum
1613 2544 1855 2607 virilem,
1893 2553 1947 2598 et
1988 2542 2147 2598 Jose-

580 2635 748 2704 phum
782 2642 1169 2703 temperantem
1190 2671 1206 2697 ,
1249 2643 1582 2703 caeterosque
1605 2677 1619 2700 ,
1652 2649 1715 2689 es
1740 2635 1939 2689 virtute
1968 2633 2023 2687 in
2060 2635 2148 2704 ip-

580 2728 658 2782 sis
698 2726 976 2780 obtinente
1014 2740 1078 2780 ac
1116 2725 1431 2780 dominante
1471 2725 1967 2797 nuncupaverunt.]
2027 2725 2150 2799 Spe—

582 2820 696 2871 ravi
724 2819 779 2871 in
803 2818 1168 2872 misericordia
1200 2816 1297 2871 Dei
1321 2820 1377 2870 in
1402 2830 1670 2871 wternum.
1714 2818 2145 2871 Misericordiam

582 2905 677 2960 Dei
718 2908 916 2962 divina
960 2905 1259 2976 Scriptura
1288 2905 1581 2960 Dominum
1620 2915 1854 2970 vocant,
1896 2906 2026 2974 quia
2053 2922 2148 2974 per

579 3016 707 3056 eum
748 3000 904 3055 nobis
930 2998 1304 3053 misericordia
1329 3012 1587 3053 concessa
1619 3006 1720 3053 est.
1764 2996 1958 3051 Omnia
2000 2998 2150 3052 enim

582 3092 642 3146 in
672 3091 853 3161 seipso
884 3090 1207 3145 instauravit
1235 3098 1289 3143 et
1321 3090 1612 3159 reparavit.

657 3181 743 3238 ll.
774 3178 844 3235 Et
880 3180 1187 3251 exspectabo
1227 3196 1411 3234 nomen
1458 3190 1638 3246 tuum,
1669 3181 1915 3248 quoniam
1956 3179 2149 3231 bonum

578 3283 658 3329 ut
686 3273 741 3326 in
762 3284 1036 3341 conspectu
1062 3280 1363 3324 sanctorum
1407 3279 1637 3325 tuorum.
1695 3269 1751 3322 ln
1781 3268 1999 3323 nomine
2030 3278 2143 3331 tuo,

581 3362 796 3433 inquit,
830 3361 1087 3419 ﬁduciam
1126 3359 1336 3414 hahebo
1359 3399 1373 3424 ,
1427 3374 1588 3429 atque
1612 3374 1733 3414 eam
1770 3360 1823 3413 in
1851 3368 2146 3428 conspectu

582 3453 829 3510 omnium
862 3460 1176 3507 sanctorum
1202 3461 1420 3506 tuorum
1450 3452 1807 3507 annuntiabo.
1852 3450 1967 3506 Erit
2001 3451 2146 3506 enim

582 3544 717 3600 mihi
749 3544 881 3598 illud
904 3542 1209 3613 jucundum
1240 3552 1405 3612 atque
1436 3543 1662 3596 bonum.

622 3638 676 3694 1.
714 3635 780 3692 In
806 3638 962 3707 ﬂuens
1002 3653 1097 3706 pro
1138 3635 1363 3689 Μαριειή
1393 3636 1684 3689 intellectus
1736 3634 1945 3689 Davidi.
1979 3633 2110 3688 LII.

1167 3727 1568 3795 Argumentum.

582 3819 742 3876 Hunc
766 3822 915 3877 canit
938 3835 1209 3890 psa.mum
1227 3821 1279 3874 in
1310 3820 1540 3889 gratiam
1570 3819 1944 3888 apostolorum
1972 3817 2147 3883 chori,

653 3911 748 3981 qui
772 3919 827 3965 et
859 3910 1207 3965 crediderant
1238 3912 1291 3963 in
1320 3898 1596 3964 Christum
1631 3929 1643 3963 :
1675 3911 1768 3980 qui
1803 3910 2151 3965 exsultabant

652 4014 709 4061 at
760 4003 1102 4058 laetabantur.
1156 4001 1387 4057 Maeleth
1428 4018 1556 4057 vero
1607 4004 1909 4073 explicatur
1957 4003 2145 4056 chorus

654 4093 769 4149 sive
815 4092 1021 4147 chorea.
1082 4090 1405 4147 Necessario
1454 4103 1635 4146 autem
1679 4108 1741 4146 ea
1798 4108 1919 4162 quae
1946 4091 2149 4146 Christi

654 4184 1088 4239 incarnationem
1121 4188 1517 4251 praeesserunt
1547 4182 1795 4236 enuntiat
1817 4222 1833 4246 ,
1875 4192 1934 4236 ut
1965 4183 2150 4237 decla-

656 4284 742 4331 ret
767 4289 888 4345 qua:
915 4274 986 4327 sit
1013 4273 1277 4326 adventus
1312 4271 1431 4340 ejus
1458 4270 1684 4325 utilitas.
1731 4270 2021 4326 Sciendum
2053 4288 2153 4325 au-

654 4376 763 4422 tem
785 4375 888 4428 est,
908 4373 1079 4418 totum
1097 4363 1367 4418 decimum
1389 4363 1603 4417 tertium
1621 4364 1886 4432 psalmum
1905 4363 2149 4417 eamdem

653 4461 981 4518 sententiam
1037 4457 1275 4522 habere,
1331 4456 1633 4524 iisdemque
1678 4454 1847 4509 ferme
1894 4455 2149 4510 omnibus

655 4549 833 4606 verbis
858 4555 1133 4609 constare.
1184 4546 1258 4599 ita
1299 4556 1359 4600 ut
1408 4545 1444 4599 ii
1490 4545 1584 4613 qui
1640 4544 2141 4614 interpretationem
2180 4566 2221 4620 υ

655 4642 821 4711 hujus
852 4638 1196 4708 perquirunt,
1236 4652 1300 4691 ex
1326 4637 1419 4690 illo
1448 4651 1567 4690 eam
1589 4645 1773 4705 aperte
1807 4644 2142 4691 mutuentur.

652 4733 709 4787 2.
742 4731 890 4785 Dixit
922 4730 1171 4797 insipiens
1203 4730 1259 4781 in
1298 4728 1451 4781 corde
1490 4743 1585 4781 suo
1614 4744 1631 4781 :
1668 4725 1790 4781 Non
1824 4736 1900 4781 est
1941 4726 2143 4781 Deus...

585 4829 725 4884 Deus
762 4824 826 4877 de
856 4823 985 4876 ccelo
1010 4822 1275 4891 prospexit
1319 4837 1473 4890 super
1517 4819 1655 4889 ﬁlios
1694 4820 1982 4873 hominum.
2011 4818 2149 4884 Quia

584 4918 755 4973 Deum
786 4931 895 4971 non
926 4917 1324 4986 cogitaverunt,
1349 4914 1587 4967 humana
1620 4914 2038 4982 inSpectantem,
2060 4910 2147 4980 ju-

584 5011 855 5065 dicantem
893 5007 1101 5079 judicio
1148 5007 1319 5076 justo,
1361 5022 1426 5060 ac
1475 5005 1743 5059 nefarium
1801 5019 1938 5073 opus
1971 5002 2147 5071 quod-

585 5116 801 5171 cunque
834 5108 1170 5155 coercentem
1207 5119 1218 5152 :
1256 5099 1378 5153 ideo
1404 5097 1547 5151 Deus
1572 5097 1639 5151 de
1673 5096 1811 5149 coelo
1846 5093 2144 5165 prospexit.

587 5195 642 5250 ω
664 5194 810 5249 enim
843 5200 1025 5262 aperte
1057 5190 1269 5244 Domini
1289 5191 1357 5244 ad
1385 5190 1635 5243 homines
1667 5189 1957 5242 transitum
1980 5185 2148 5255 signi-

587 5288 731 5340 lleat.

654 5377 708 5429 4.
758 5376 947 5431 Omnes
969 5375 1375 5441 declinaverunt,
1400 5373 1558 5427 simul
1592 5372 1805 5425 inutiles
1842 5372 1971 5441 facti
2000 5377 2145 5435 sunt,

584 5486 687 5523 non
717 5471 901 5537 estqui
938 5468 1103 5537 faciat
1134 5468 1345 5532 bonum,
1393 5482 1494 5518 non
1530 5476 1607 5521 est
1654 5481 1814 5534 usque
1852 5463 1920 5518 ad
1960 5479 2145 5517 unum.

582 5560 699 5615 Non
723 5561 1064 5630 hyperbolice
1090 5560 1233 5614 dicta
1268 5569 1393 5614 sunt
1436 5559 1625 5614 isthmc
1661 5577 1673 5624 ;
1707 5559 1838 5611 nihil
1869 5557 2014 5611 enim
2045 5557 2147 5625 hy-

584 5654 879 5726 perbolice,
935 5656 1027 5706 sed
1056 5668 1181 5707 cum
1211 5653 1464 5710 iveritate
1512 5653 1696 5709 omnia
1752 5653 1805 5707 in
1860 5650 2142 5719 Scriptura

654 5832 699 5866 ⁸⁷
723 5832 896 5889 Galat.
922 5851 971 5899 ν,
1007 5834 1094 5889 22.

2250 649 2364 700 πος
2400 635 2468 701 ὃς
2497 638 2608 690 οὐκ
2626 636 2792 691 ἔθετο
2848 636 2955 690 τὸν
2984 636 3131 690 Θεὸν
3157 637 3390 705 βοηθὸν
3429 638 3636 705 αὐτοῦ,
3678 640 3824 694 ἀλλ’

2248 725 2588 795 ἐπήλπισεν
2622 726 2719 779 ἐπὶ
2769 724 2849 791 τῷ
2878 725 3091 791 πλήθει
3143 726 3250 780 τοῦ
3302 727 3565 781 πλούτου
3610 728 3822 781 αὐτοῦ.

2263 815 2541 887 Ἦγάπησε
2573 817 2679 887 γὰρ
2703 816 2922 889 χρυσίον
2957 817 3153 889 μᾶλλον
3190 819 3217 870 ό
3251 816 3516 888 προδότης
3549 818 3755 881 λαϐεῖν,
3785 818 3822 889 ἢ

2251 909 2443 981 βοηθὸν
2472 909 2614 980 ἔχειν
2642 912 2732 964 τὸν
2773 908 3001 981 Ἰησοῦν.
3027 909 3136 963 Καὶ
3168 908 3583 977 ἐνεδυναμώθη
3617 909 3717 963 ἐπὶ
3747 909 3823 979 τῇ

2244 1003 2587 1070 ματαιότητι
2628 1002 2833 1055 αὑτοῦ.
2882 1001 3026 1053 Ἀντὶ
3063 1000 3179 1054 τοῦθ
3229 1001 3337 1054 Καὶ
3369 1000 3619 1070 ὲνίσχυσε
3681 1001 3824 1070 πλη·

2252 1093 2421 1163 ρῶσαι
2452 1092 2549 1163 τὴν
2587 1093 2814 1164 ματαίαν
2840 1091 3005 1144 αὐτοῦ
3043 1091 3288 1162 καρδίαν,
3319 1091 3377 1144 οὐ
3423 1090 3824 1162 μεταμεληθεὶς

2247 1182 2346 1252 τῆς
2367 1182 2619 1245 ἀσεϐείας
2653 1180 2951 1236 ἐπαύσατο.

2319 1272 2515 1345 [⁹Αλλ’
2546 1272 2886 1338 ἐπήλπισεν
2917 1270 3015 1325 ἐπὶ
3046 1269 3127 1336 τῷ
3154 1272 3369 1339 πλήθει
3403 1272 3508 1325 τοῦ
3553 1272 3822 1325 πλούτου

2247 1366 2454 1420 αὐτοῦ.
2487 1366 2683 1427 Καλῶς
2722 1366 2779 1418 δὲ
2835 1364 2926 1417 τὸν
2952 1364 3181 1417 πλοῦτον
3235 1364 3330 1417 καὶ
3354 1363 3452 1435 τὴν
3498 1364 3823 1417 δυναστείαν

2251 1455 2583 1526 ματαιότητα
2615 1454 2870 1508 ἐκάλεσεν
2918 1455 3024 1507 ἀπὸ
3052 1451 3145 1506 τοῦ
3198 1454 3539 1523 πράγματος·
3562 1450 3684 1504 οὔτε
3712 1452 3825 1523 γὰρ

2245 1546 2336 1601 τὸν
2381 1545 2539 1616 Δωὴκ
2594 1543 2840 1615 ὤνησαν,
2897 1544 3021 1598 οὔτε
3084 1540 3430 1613 Ἀσσύρίους,
3484 1543 3645 1595 ὁπότε
3704 1542 3825 1605 ἐνὸς

2247 1636 2476 1706 ἀγγέλου
2529 1637 2801 1708 παρουσία
2850 1637 3045 1699 αὐτοὺς
3100 1636 3421 1697 ἀπέκτεινε,
3474 1634 3569 1687 καὶ
3624 1634 3826 1703 ἄταφοι

2246 1711 2498 1801 ἔκειντο.]

2329 1819 2475 1888 Ἐγὼ
2500 1817 2567 1871 δὲ
2596 1818 2739 1872 ὡσεὶ
2766 1819 2941 1872 ἐλαία
2967 1818 3366 1885 κατάκαρπος.
3412 1816 3695 1888 ’Δειθαλὴς
3713 1816 3825 1889 γὰρ

2245 1909 2353 1962 τῶν
2402 1910 2757 1963 πιστευόντων
2781 1911 2859 1972 είς
2884 1909 3117 1981 Χριστὸν
3148 1911 3180 1978 ἡ
3209 1909 3351 1975 δόξα.
3389 1907 3478 1979 ['0
3505 1907 3573 1961 δὲ
3594 1910 3826 1977 καρπὸς

2244 2002 2349 2055 τοῦ
2381 2003 2723 2071 Πνεύματός
2768 2003 2938 2055 ἐστιν
2986 2000 3210 2071 ἀγάπη,
3258 2000 3430 2070 χαρὰ,
3467 1999 3699 2068 είρήνη,
3729 2000 3827 2053 καὶ

2244 2093 2311 2147 τὰ
2340 2094 2485 2163 ἑξῆς.
2518 2093 2714 2146 Τοῦτον
2738 2094 2915 2147 τοίνυν
2943 2093 3032 2147 τὸν
3067 2092 3275 2163 καρπὸν
3302 2092 3441 2162 ἔχων
3487 2093 3546 2144 ὲν
3583 2090 3762 2160 ἐαυτῷ
3793 2093 3825 2144 ὁ

2245 2183 2399 2250 ἅγιος
2440 2184 2643 2251 ἔλεγεν·
2704 2183 2851 2252 Ἐγὼ
2895 2183 2963 2236 δὲ
3006 2183 3149 2236 ὡσεὶ
3198 2182 3373 2235 ἐλαία
3422 2180 3823 2248 κατάκαρπος·

2246 2274 2401 2343 ἐλαίᾳ
2428 2274 2485 2326 δὲ
2528 2274 2867 2344 κατακάρπῳ
2892 2275 3069 2343 ὁμοιοῖ
3118 2274 3328 2337 ἑαυτὸν,
3362 2272 3568 2342 ἐπειδὴ,
3598 2273 3825 2341 ἐλεημο-

2247 2365 2410 2435 σύνης
2439 2364 2839 2436 ἐπικρατούσης
2878 2366 2933 2417 ἐν
2959 2362 3127 2434 αύτῷ,
3169 2362 3474 2426 ἀκολούθως
3524 2364 3739 2415 εἵποντο
3764 2361 3825 2415 ai

2244 2455 2426 2509 λοιπαὶ
2479 2456 2689 2527 ἀρεταί.
2741 2455 2897 2508 Οὕτω
2938 2455 3031 2509 καὶ
3086 2455 3178 2507 τὸν
3243 2453 3363 2507 Ἰὼϐ
3429 2454 3670 2525 ἀνδρεῖον
3701 2453 3823 2523 μὲν,

2245 2548 2341 2602 καὶ
2397 2547 2487 2600 τὸν
2530 2547 2726 2617 Ἰωσὴφ
2796 2546 3070 2617 σώφρονα,
3114 2545 3208 2598 καὶ
3269 2546 3396 2608 τοὺς
3454 2544 3670 2608 λοιποὺς
3716 2544 3824 2596 ἀπὸ

2243 2637 2343 2706 τῆς
2412 2635 2815 2705 ἐπικρατούσης
2875 2636 3073 2705 ἀρετῆς
3140 2633 3493 2702 ὀνομάζοντες
3552 2630 3823 2697 αύτούς.]

2250 2730 2510 2782 Ἦλπισα
2551 2727 2647 2779 ἐπὶ
2707 2726 2772 2780 τὸ
2818 2726 2992 2791 ἕλεος
3021 2726 3127 2779 τοῦ
3160 2725 3309 2779 Θεοῦ
3360 2728 3446 2791 εις
3470 2724 3575 2777 τὸν
3612 2722 3822 2777 αἰῶνα.

2250 2820 2436 2882 Ἔλεος
2485 2818 2577 2872 τοῦ
2620 2818 2755 2871 Θεοῦ
2813 2821 2870 2873 αἱ
2921 2818 3060 2872 θεῖαι
3117 2818 3333 2888 Γραφαὶ
3362 2816 3687 2887 ὀνομάζουσι
3730 2815 3821 2870 τὸν

2246 2910 2471 2981 Κύριον,
2498 2910 2583 2963 διὰ
2608 2910 2668 2963 τὸ
2720 2910 2969 2979 γενέσθαι
3023 2913 3155 2982 ἡμῖν
3209 2910 3276 2963 δι’
3308 2908 3472 2963 αὐτοῦ
3520 2908 3687 2971 ἔλεος·
3726 2909 3821 2961 ἀν-

2250 3003 2693 3071 εκεφαλαιώσατο
2747 3004 2855 3076 γὰρ
2898 3005 2955 3057 ἐν
3005 3002 3181 3073 ἐαυτῷ
3232 3002 3302 3055 τά
3334 3002 3532 3067 πάντα,
3575 3000 3671 3053 καὶ
3724 3000 3820 3054 ἀν-

2246 3096 2636 3166 εστοιχείωσεν.

2317 3187 2425 3240 Καὶ
2448 3184 2722 3255 ὑπομενῶ
2742 3185 2809 3238 τὸ
2839 3184 3025 3253 ὄνομά
3063 3201 3199 3250 σου,
3225 3185 3314 3238 ὅτι
3355 3183 3623 3254 χρηστὸν
3648 3182 3799 3235 ἐναν

2247 3278 2376 3331 τίον
2418 3278 2537 3331 τῶν
2575 3278 2761 3331 ὁσίων
2793 3256 2931 3333 σουί
2972 3278 3058 3330 Ἐν
3107 3277 3185 3348 τῷ
3233 3277 3454 3347 ὀνόματί
3509 3293 3626 3337 σου,
3662 3274 3820 3344 φησὶ,

2249 3371 2432 3441 σχοίην
2456 3370 2796 3439 πεποίθησιν,
2839 3371 2932 3422 καὶ
2956 3369 3157 3439 ταύτην
3179 3369 3417 3423 ἐναντίον
3466 3367 3683 3420 πάντων
3705 3364 3821 3419 τῶν

2248 3462 2355 3516 σῶν
2410 3462 2577 3529 ἁγίων
2636 3459 2931 3528 ἐξαγγελῶ.
2982 3460 3174 3512 Ἔσται
3204 3460 3313 3528 γάρ
3340 3475 3430 3529 μοι
3480 3457 3542 3510 τὸ
3590 3457 3820 3527 πρᾶγμα

2247 3554 2483 3625 χρηστόν
2512 3570 2569 3605 τε
2599 3555 2691 3606 καὶ
2720 3553 2941 3621 ἀγαθόν.

2251 3648 2351 3709 Εἰς
2376 3644 2547 3709 τέλος
2592 3643 2743 3713 ὑπὲρ
2778 3644 3012 3699 Μαελὲθ
3034 3644 3341 3709 συνέσεως
3374 3641 3454 3709 τῷ
3468 3641 3818 3696 Δαυτδ.ΝΠ.

2859 3737 2873 3756 '
2886 3738 3192 3799 Υπόθεσις.

2254 3828 2397 3899 ’ᾼδει
2429 3828 2518 3880 τὸν
2541 3829 2782 3899 παρόντα
2806 3828 2944 3897 ὑπὲρ
2967 3827 3058 3879 τοῦ
3082 3830 3240 3899 χοροῦ
3262 3826 3370 3879 τῶν
3397 3824 3706 3879 ἀποστόλων
3727 3825 3820 3877 καὶ

2318 3918 2722 3970 πιστευσάντων
2756 3920 2833 3979 είς
2857 3916 3108 3987 Χριστόν·
3137 3916 3186 3969 οἳ
3226 3916 3319 3969 καὶ
3345 3914 3678 3985 ἠγαλλιῶντο
3726 3915 3820 3969 καὶ

2322 4009 2702 4080 ηύφραίνοντο.
2728 4008 2941 4062 Μαελὲθ
2965 4008 3021 4061 δὲ
3069 4009 3428 4080 ἑρμηνεύεται
3478 4007 3819 4077 χορὸς-,ἦτον

2321 4102 2541 4170 χορεία.
2584 4100 2917 4169 Ἀναγκαὶως
2960 4100 3016 4153 δέ
3042 4100 3110 4152 τὰ
3140 4100 3245 4172 πρὸ
3266 4101 3364 4171 τῆς
3396 4100 3698 4171 παρουσίας
3720 4098 3819 4152 τοῦ

2321 4192 2523 4263 Κυρίου
2551 4191 2717 4260 λέγει,
2747 4193 2834 4244 ἵνα
2856 4191 3001 4262 δείξῃ
3034 4192 3130 4263 ὅση
3175 4193 3273 4261 τῆς
3330 4191 3631 4261 παρουσίας
3679 4189 3797 4259 disci

2320 4286 2459 4339 λεια.
2478 4284 2670 4337 ’ἰστέον
2695 4284 2770 4347 δὲ,
2797 4283 2871 4346 ὡς
2902 4284 2994 4335 καὶ
3029 4284 3126 4354 τὴν
3160 4282 3326 4354 αὐτὴν
3354 4283 3590 4336 διάνοιαν
3639 4286 3818 4336 πᾶσαν

2321 4380 2349 4429 ὁ
2376 4376 2814 4448 τρισκαιδέκατος
2835 4374 3047 4444 ψαλμδς
3074 4375 3336 4445 περιέχει,
3366 4374 3461 4427 καὶ
3515 4374 3614 4438 τὰς
3652 4375 3817 4437 αὑτὰς

2323 4464 2495 4531 λέξεις
2523 4463 2704 4533 σχεδὸν
2759 4462 2992 4523 ἀπάσας’
3028 4459 3168 4513 ὥστε
3220 4460 3279 4524 ἐξ
3327 4459 3533 4513 ἐκείνου
3587 4460 3817 4530 φανερὸν

2318 4556 2564 4627 γενέσθαι
2603 4558 2714 4618 τοῖς
2757 4550 3071 4623 ἐπιζητοῦσι
3102 4552 3199 4623 τὴν
3222 4550 3535 4622 ἑρμηνείαν.

2319 4723 2503 4781 Εἶπεν
2528 4725 2728 4795 ἄφρων
2756 4724 2826 4777 ἐν
2852 4722 3059 4791 καρδίᾳ
3071 4720 3277 4776 αὐτοῦ·
3298 4723 3419 4774 Οὐκ
3446 4720 3577 4774 ἔστι
3604 4722 3816 4786 Θεός...

2261 4819 2313 4869 '0
2343 4817 2483 4881 Θεὸς
2514 4816 2581 4868 ἐκ
2618 4814 2720 4867 τοῦ
2748 4812 3004 4881 οὐρανοῦ
3032 4811 3317 4880 διέκοψεν
3347 4811 3444 4863 ἐπὶ
3477 4810 3616 4875 τοὺς
3648 4810 3816 4877 υἱοὺς

2248 4906 2368 4961 τῶν
2412 4906 2752 4974 ἀνθρώπων.
2770 4905 3005 4974 Ἐπειδὴ,
3036 4903 3109 4975 μὴ
3156 4903 3497 4973 λογισάμενοι
3547 4902 3637 4954 τὸν
3685 4902 3816 4955 Θεὸν

2249 4998 2529 5071 ἐφορῶντα
2550 4998 2619 5050 τὰ
2646 4996 2980 5067 ἀνθρώπινα,
3016 4994 3268 5067 κρίνοντα
3295 4995 3470 5066 κρίσει
3492 4993 3699 5064 δικαίᾳ,
3723 4994 3815 5048 καὶ

2248 5093 2427 5144 πᾶσαν
2452 5088 2870 5159 ἀθεμιτουργίαν
2901 5087 3171 5159 εἴργοντα,
3201 5085 3389 5139 τούτου
3417 5086 3574 5155 χάριν
3609 5088 3639 5138 ὁ
3686 5086 3814 5149 Θεὸς

2247 5186 2311 5235 ἐκ
2359 5181 2453 5234 τοῦ
2510 5180 2737 5251 ούρανοῦ
2783 5178 3020 5246 διέκυψε.
3050 5177 3219 5230 Τοῦτο
3247 5178 3351 5249 γὰρ
3385 5175 3571 5245 σαφῶς
3598 5176 3699 5246 τὴν
3736 5176 3813 5240 είς

2248 5272 2566 5345 ἀνθρώπους
2589 5273 2682 5325 τοῦ
2710 5272 2915 5344 Κυρίου
2948 5270 3179 5341 πάροδον
3208 5269 3480 5341 σημαίνει.

2316 5365 2543 5431 Πάντες
2562 5364 2899 5428 ἐξέκλιναν,
2928 5362 3048 5432 ἅμα
3066 5361 3496 5431 ἡχρειὼθησαν,
3537 5362 3649 5413 οὐκ
3682 5360 3812 5413 ἐστι

2248 5456 2432 5511 ποιῶν
2457 5457 2698 5525 ἀγαθὸν,
2724 5458 2832 5509 οὐκ
2862 5456 3033 5509 ἐστιν
3057 5455 3166 5520 ἕως
3187 5455 3344 5517 ἑνός.
3374 5452 3483 5521 υύχ
3523 5450 3811 5521 ὑπερϐολι-

2248 5548 2359 5611 κῶς
2404 5548 2579 5601 ταῦτα
2623 5548 2864 5617 εἴρηταιο
2915 5546 3065 5598 οὐδὲν
3112 5544 3220 5615 γὰρ
3270 5539 3658 5613 ὑπερϐολικῶς,
3697 5541 3811 5610 μετ’

2248 5639 2501 5711 ἀληθείας
2528 5640 2582 5693 δὲ
2613 5639 2787 5692 πάντα
2821 5638 2971 5709 παρὰ
3002 5642 3065 5709 τῇ
3116 5638 3306 5709 Γραφῇ
3340 5637 3573 5707 εἴρηται.
3607 5634 3809 5695 Πάντες
