4034 6460
148 403 250 463 τις

1220 408 1573 465 EXPOSITIO
1608 408 1675 464 IN
1712 408 2045 469 PSALMUM
2085 414 2218 470 LIV.

3249 413 3353 469 250

150 519 324 574 τοίνυν
363 519 601 572 Ἰουδαῖοι
646 519 919 586 ἐξέκλιναν
962 520 1060 591 τὴν
1102 519 1217 574 ὁδὸν
1263 521 1361 591 τὴν
1407 521 1665 591 λέγουσαν
1690 541 1702 552 ·

1811 524 2082 585 dicuntur.
2121 529 2318 584 Omnes
2347 528 2529 597 itaque
2554 527 2724 583 Judaei
2764 527 3168 585 declinaverunt
3206 548 3236 587 a
3269 533 3353 585 via

162 608 300 679 Ἐγώ
323 612 439 679 ειμι
472 611 511 678 ’ἠ
547 608 869 675 όδός.”Οθεν
898 608 991 661 καὶ
1037 610 1238 680 ἀχρεῖοι
1280 609 1550 678 γεγόνασι,
1581 612 1708 663 ταύ-

149 717 245 770 την
275 700 607 772 παραλαδεῖν
632 701 690 753 οὐ
720 700 1087 771 βουληθέντες,
1113 700 1320 764 οὐδενὸς
1351 700 1624 765 ποιοῦντος
1646 702 1707 754 τὸ

149 791 371 860 ἀγαθόν.
392 793 477 845 Ἐν
505 793 694 862 ἀγνοίᾳ
719 792 827 863 γὰρ
858 791 1020 845 αὑτοῦ
1055 791 1249 855 πάντες
1277 792 1565 863 ἐτύγχανον
1606 792 1708 846 ὑπὸ

150 882 241 936 τοῦ
271 881 495 952 νομικοῦ
530 882 925 954 πεπωρωμένοι
961 880 1305 951 γράμματος.

151 976 254 1039 Εἰς
279 974 452 1040 τέλος
478 976 548 1027 ἐν
577 975 783 1043 ὕμνοις
818 973 1121 1039 συνέσεως
1161 971 1240 1037 τῷ
1286 972 1480 1025 Δαυΐδ.
1500 973 1593 1023 Ἐν
1630 970 1709 1037 τῷ

220 1067 420 1122 ἐλθεῖν
437 1067 576 1133 τοὺς
607 1068 883 1135 Ζιφαίους
904 1066 999 1119 καὶ
1027 1064 1212 1119 ειπεῖν
1236 1062 1311 1129 τῷ
1337 1065 1533 1118 Σαούλ
1551 1082 1563 1094 ·
1586 1066 1709 1117 Οὐκ

225 1158 355 1212 ἰδοὺ
383 1157 562 1211 Δαυϊδ
585 1156 905 1225 κέκρυπται
930 1158 1063 1225 παρ’
1088 1156 1264 1225 ήμῖν;
1296 1158 1429 1208 NI".

780 1250 1097 1315 Ὑπόθεσις.

154 1340 371 1409 Φεύγων
417 1341 446 1392 ό
488 1340 649 1392 Δαυϊδ
696 1339 785 1391 τὸν
833 1339 1003 1393 Σαοὺλ
1048 1339 1295 1394 ἐκάθισεν
1328 1341 1383 1391 ἐν
1420 1342 1484 1409 τῇ
1523 1339 1710 1409 ἐρήμῳ

226 1432 368 1502 Ζήφ.
398 1428 530 1484 Εἶτα
555 1430 876 1493 ἀπελθόντες
907 1432 957 1483 ot
1002 1434 1212 1500 Ζιφαίοι
1257 1430 1389 1501 πρὸς
1419 1431 1508 1483 τὸν
1542 1430 1711 1482 Σαοὺλ

223 1525 561 1595 ἀπήγγειλαν
617 1524 707 1576 τὸν
757 1523 918 1577 τόπον
965 1526 1020 1577 ἐν
1073 1517 1117 1591 ᾧ
1162 1518 1228 1593 ἦν
1286 1523 1706 1593 ἀποδιδράσκων.

235 1616 448 1681 Ἦξίουν
472 1616 528 1669 δὲ
560 1615 781 1670 ἐλθόντα
806 1615 1158 1669 συλλαὸέσθαι
1187 1615 1363 1668 αὐτόν.
1382 1616 1438 1667 '0
1464 1615 1538 1680 δὲ,
1575 1613 1711 1685 μετά

223 1712 410 1780 χεῖρας
433 1707 530 1779 τὴν
554 1707 718 1779 λύραν
747 1707 944 1772 λαϐὼν,
978 1708 1070 1762 ἅτε
1099 1707 1349 1776 ἐγνωκὼς
1384 1707 1462 1777 τῷ
1503 1724 1712 1777 προψης-

220 1800 357 1870 τικῷ
384 1800 674 1870 πνεύματι,
704 1800 779 1864 ὡς
804 1800 951 1853 οὐδὲν
980 1800 1148 1853 δεινὸν
1175 1801 1417 1853 πείσεται
1448 1799 1596 1870 παρά
1620 1799 1709 1852 τοῦ

219 1868 415 1953 Σαούλ,
446 1868 535 1946 τάξ
557 1892 888 1963 προκείμενα
911 1892 1043 1963 ᾄδει.
1073 1892 1181 1946 Καὶ
1214 1892 1318 1963 γὰρ
1351 1868 1593 1944 ἀπελθων
1630 1893 1709 1955 είς
1741 1868 1783 1924 Β

225 1981 485 2052 σύλληψιν
524 1982 687 2035 αὐτοῦ
734 1981 922 2047 Σαοὺλ,
954 1982 1179 2051 ἤκουσεν
1204 1979 1460 2048 ἀγγελίαν
1486 1979 1589 2033 τῶν
1620 1980 1712 2032 ἀλ-

221 2072 485 2141 λοφύλων,
513 2073 604 2125 καὶ
633 2071 934 2144 ὑπέστρεψε
962 2071 1203 2124 σπεύδων
1227 2070 1361 2141 μετά
1381 2070 1485 2123 τῶν
1507 2070 1710 2141 ἀνδρῶν

220 2163 568 2233 αὺτοῦ.”Εχοι
597 2162 641 2215 δ’
671 2163 735 2217 ἂν
758 2163 827 2217 τά
850 2162 1086 2234 παρόντα
1114 2163 1385 2232 ἀναφορὰν
1418 2162 1510 2215 καὶ
1540 2164 1617 2225 είς
1652 2163 1712 2216 τὸ

218 2254 509 2324 ¹πρόσωπον
538 2253 632 2307 τοῦ
662 2253 1013 2307 ἀποστολικοῦ
1038 2251 1216 2323 χοροῦ,
1257 2253 1329 2315 ὼς
1370 2252 1467 2314 τὰς
1510 2255 1711 2305 ἐπανα-

223 2347 441 2411 στάσεις
485 2347 584 2410 τάς
627 2346 777 2418 παρά
801 2345 893 2398 τοῦ
926 2345 1108 2407 ἔθνους
1149 2344 1256 2397 τῶν
1294 2343 1575 2406 Ἰουδαίων,
1618 2345 1711 2397 καὶ

225 2438 490 2509 βασιλέων
520 2438 577 2491 δὲ
611 2438 718 2491 τῶν
744 2437 910 2491 ἐθνῶν
930 2438 1017 2490 τὸν
1038 2435 1204 2507 θυμὸν
1237 2436 1601 2507 διηγούμενος,
1624 2435 1710 2489 τὸν

222 2531 356 2584 Θεὸν
389 2533 529 2597 ἀξιοῖ
558 2532 614 2597 ἐξ
640 2531 893 2584 ἀπάντων
931 2528 1164 2599 σωθῆναι
1192 2531 1277 2583 διά
1316 2528 1408 2582 τοῦ
1454 2530 1711 2599 ὀνόματος

220 2623 407 2677 αὐτοῦ.
442 2622 797 2693 Προφητικῶς
825 2640 884 2675 τε
920 2622 1226 2689 ἀποφαίνει,
1261 2620 1334 2682 ὡς
1365 2618 1711 2690 περιστρέφει

220 2716 335 2776 τοῖς
359 2713 571 2784 ἐχθροῖς
596 2715 675 2775 είς
705 2712 943 2783 κεφαλὴν
968 2714 995 2764 ό
1026 2712 1153 2774 Θεὸς
1181 2710 1248 2764 τά
1276 2709 1438 2773 κακὰ,
1473 2710 1629 2772 αὐτὸς
1658 2708 1711 2761 δὲ

223 2806 323 2866 τὰς
350 2804 645 2865 ἐπινικίους
674 2804 927 2875 προσάξει
949 2803 1153 2865 θυσίας.
1177 2802 1266 2854 Διὸ
1294 2802 1385 2853 καὶ
1410 2800 1715 2866 συνέσεως

224 2898 644 2967 ἐπιγέγραπται,
676 2900 753 2958 είς
797 2896 886 2949 τὸν
915 2896 1198 2966 εἰρημένον
1224 2893 1347 2948 νοῦν
1370 2894 1711 2964 ἀναπέμπον-

221 3005 313 3053 τος
340 2989 487 3058 ἡμᾶς
510 2985 603 3039 τοῦ
629 2986 862 3057 ψαλμοῦ.

238 3079 294 3133 Ὁ
320 3082 483 3145 Θεὸς,
510 3079 579 3132 ἐν
597 3076 676 3144 τῷ
703 3078 945 3147 ὀνόματί
978 3093 1091 3130 σου
1131 3075 1335 3130 σῶσόν
1355 3092 1448 3144 με.
1484 3074 1616 3143 Οὐχὶ
1645 3072 1710 3126 δι’

150 3172 315 3229 ἄλλου
352 3170 495 3231 τινὸς
521 3170 552 3239 ἢ
575 3169 661 3222 διὰ
692 3168 786 3221 τοῦ
820 3168 1075 3237 ὀνόματος
1102 3166 1265 3219 αὐτοῦ
1295 3166 1525 3237 σωθῆναι
1550 3165 1709 3229 ἀξιοῖ.
1740 3191 1780 3250 c

153 3260 411 3334 [Ἐπειδὴ
446 3260 525 3322 δὲ,
553 3260 704 3330 φησὶ,
734 3259 793 3311 τὸ
824 3259 911 3310 σὺν
940 3258 1107 3327 ὄνομα
1130 3257 1510 3327 ἐπικαλοῦμαι,
1536 3259 1592 3310 ἐν
1616 3258 1714 3311 αὑ-

150 3359 231 3430 τῷ
257 3357 431 3425 τούτῳ
456 3354 551 3425 τὴν
582 3354 849 3424 σωτηρίαν
897 3370 995 3423 μου
1036 3351 1333 3423 παράσχου.
1372 3351 1480 3403 Kal
1514 3351 1582 3404 ἐν
1608 3352 1714 3403 δυ-

152 3448 408 3515 ναστείᾳ
450 3461 586 3507 σου,
646 3443 886 3498 τουτέστι
916 3442 994 3512 τῷ
1026 3441 1139 3512 Υἱῷ
1182 3457 1296 3502 σου,
1342 3439 1559 3508 κρινεῖς
1598 3453 1711 3507 με·

152 3540 277 3593 ἀντὶ
304 3536 398 3588 τοῦ
419 3553 432 3568 ·
463 3537 575 3587 Οὐκ
604 3535 781 3596 ἀλλοις
812 3537 1044 3604 κριταῖς,
1074 3532 1209 3585 ἀλλά
1251 3534 1315 3602 τῇ
1360 3531 1580 3601 δυνάμει
1622 3546 1714 3583 σου

151 3631 235 3692 είς
263 3628 504 3694 ἐξέτασιν
530 3622 939 3694 παραδοθῆναι]
972 3623 1080 3676 Καὶ
1110 3624 1179 3675 ἐν
1198 3622 1271 3690 τῇ
1311 3622 1555 3689 δυνάμει
1601 3637 1716 3674 σου

152 3718 378 3789 κρινεῖς
414 3735 509 3788 με.
550 3718 755 3788 Κρίνας
780 3714 888 3787 γὰρ
914 3715 1009 3785 τὴν
1038 3715 1213 3786 κρίσιν
1241 3713 1438 3776 αὐτῶν,
1467 3714 1592 3775 τοὺς
1618 3713 1715 3782 μὲν

152 3809 405 3879 ἀπωλείᾳ
430 3807 732 3880 παρέδωκε,
762 3808 885 3870 τοὺς
913 3806 969 3859 δὲ
998 3806 1195 3859 ἔσωσεν
1225 3805 1330 3857 ἀπὸ
1353 3804 1458 3857 τῶν
1484 3802 1713 3875 ἐχθρῶν.

236 3902 290 3953 '0
327 3900 488 3966 Θεὸς,
521 3898 885 3953 εἰσάκουσον
929 3897 1040 3965 τῆς
1078 3896 1421 3966 προσευχῆς
1448 3913 1583 3965 μου.
1622 3894 1713 3946 Δέ-

153 3995 245 4059 ξαι
301 4009 403 4063 μου
446 3990 542 4053 τὰς
594 3992 825 4055 ἱκετείας
868 3992 962 4044 σὺν
1004 3990 1273 4059 εὐμενείᾳ.
1301 3988 1596 4041 Ἑνώτισαι
1645 3985 1716 4039 τὰ

144 4083 392 4153 ῥήματα
416 4079 520 4134 τοῦ
552 4080 845 4150 στόματός
882 4081 1245 4149 μου.”ομοιον
1284 4078 1391 4149 τῷ·
1419 4077 1528 4131 Καὶ
1579 4076 1712 4143 νῦν,

150 4179 354 4244 Κύριε,
389 4174 555 4229 ἔπιδε
590 4175 687 4227 ἐπὶ
722 4177 824 4239 τὰς
855 4172 1102 4238 ἀπειλὰς
1132 4168 1345 4225 αὐτῶν.

210 4331 319 4394 Εἰς
341 4327 514 4395 τέλος
544 4329 613 4382 ἐν
640 4328 846 4450 {ws-0&9:
872 4326 1173 4450 οέιὲνέσεως
1196 4324 1275 4391 τῷ
1304 4322 1501 4377 Δαυΐδ.
1533 4320 1658 4377 NA'.

841 4412 884 4449 π
954 4413 1105 4450 sate.

841 4412 1105 4461 ποσεσις.

1808 634 1931 689 qua:
1951 619 2081 673 dicit
2107 620 2152 652 "
2197 638 2211 673 :
2255 617 2366 688 Ego
2413 636 2529 673 sum
2563 620 2667 673 via.
2695 616 2845 674 Unde
2878 627 2927 673 et
2969 621 3186 675 inutiles
3229 621 3356 676 facti

1808 720 2097 772 sunt,cum
2130 726 2246 765 cam
2269 712 2552 766 admittere
2578 711 2941 776 nollent,quia
2972 726 3131 766 nemo
3160 711 3356 768 faceret

1807 801 2030 856 bonum.
2069 801 2126 855 In
2152 803 2452 872 ignorantis
2475 804 2619 858 enim
2655 802 2772 873 ejus
2797 803 3146 859 versabantur
3168 819 3356 859 omnes

1806 909 1837 947 a
1870 893 2025 964 legali
2052 894 2323 963 scriptura
2350 897 2623 949 cxcmcati.

1807 985 1861 1038 1.
1894 984 1959 1037 In
1980 986 2132 1053 ﬁnem
2168 987 2221 1039 in
2243 987 2559 1040 carminibus
2584 986 2874 1040 intellectus
2920 986 3111 1041 David.
3147 986 3201 1043 2.
3224 987 3354 1043 Cum

1872 1078 2126 1131 venissent
2159 1077 2357 1147 Zipltazi
2387 1089 2433 1131 et
2458 1079 2710 1131 dixissent
2737 1082 2803 1130 ad
2836 1077 2965 1132 Saul
2993 1094 3011 1133 :
3044 1078 3231 1134 Nonne
3249 1078 3356 1136 Da-

1872 1168 1955 1223 uid
1979 1170 2311 1224 absconditus
2339 1181 2412 1223 est
2443 1171 2581 1239 apud
2612 1186 2702 1221 nos
2730 1168 2938 1226 ?LIII.

2393 1261 2787 1331 Argumentum.

1808 1351 1945 1408 Cum
1985 1352 2191 1421 fugeret
2233 1352 2399 1407 David
2446 1368 2477 1407 a
2522 1353 2704 1419 Saule,
2746 1354 2991 1409 consedit
3042 1355 3097 1408 in
3145 1356 3356 1411 deserto

1884 1442 2040 1512 Ziph.
2077 1442 2277 1497 Deinde
2318 1444 2548 1513 digressi
2584 1444 2783 1515 Ziphmi
2822 1446 2889 1499 ad
2920 1445 3073 1511 Saul,
3102 1447 3155 1500 in
3194 1463 3354 1517 quem

1879 1533 2054 1589 locum
2099 1532 2446 1603 profugisset,
2489 1535 2811 1592 indicarunt.
2864 1536 3140 1608 Rogahant
3178 1551 3354 1595 autem

1883 1632 1943 1677 ut
1969 1623 2268 1688 accederet,
2300 1635 2460 1694 atque
2500 1642 2625 1680 eum
2660 1628 3139 1697 comprehenderet
3164 1630 3229 1684 ".
3266 1630 3357 1683 Ille.

1877 1728 2027 1779 vero,
2053 1726 2269 1783 accepta
2298 1715 2545 1769 manibus
2574 1716 2897 1787 lyra,utpoxe
2922 1721 3232 1788 prophetico
3248 1722 3359 1789 spi-

1884 1806 1989 1857 ritu
2018 1820 2219 1873 gnarus
2248 1818 2306 1858 se
2329 1804 2461 1857 nihil
2494 1806 2619 1858 mali
2654 1822 2684 1859 a
2718 1806 2874 1861 Saule
2906 1822 3210 1874 passurum,
3244 1808 3358 1864 hac

1882 1896 2045 1949 canit.
2090 1894 2225 1949 Nam
2270 1896 2541 1965 profectus
2579 1898 2644 1951 ad
2693 1899 3009 1967 capiendum
3040 1915 3163 1953 eum
3205 1902 3357 1968 Sani,

1880 1987 2127 2040 nuntium
2169 1989 2372 2056 accepit
2402 1991 2663 2042 adventus
2691 1989 3133 2058 alienigenarum,
3174 2002 3227 2044 et
3265 2008 3351 2045 re-

1882 2091 2069 2146 gressu
2105 2077 2408 2145 properavit
2448 2093 2569 2131 cum
2614 2095 2774 2132 manu
2820 2081 3059 2133 virorum
3094 2094 3152 2134 se
3190 2081 3359 2135 comi-

1883 2168 2131 2221 tantium.
2161 2167 2283 2223 llaec
2306 2176 2482 2222 autem
2508 2168 2692 2223 referri
2716 2169 2963 2223 videntur
2988 2171 3051 2224 ad
3075 2186 3357 2238 personam

1880 2259 2161 2326 apostolici
2206 2260 2380 2325 chori,
2427 2261 2583 2329 quasi
2632 2261 2719 2313 ille
2755 2276 2982 2315 narrans
3032 2262 3360 2331 irruptiones

1878 2348 2082 2405 Judaici
2138 2354 2353 2420 populi,
2416 2368 2479 2407 ac
2534 2369 2719 2422 regum
2780 2356 3019 2424 aetatium
3098 2357 3357 2417 furorem,

1880 2440 2044 2494 Deum
2076 2443 2339 2511 supplicet
2366 2458 2457 2510 per
2489 2458 2683 2497 nomen
2712 2444 2831 2511 ejus
2857 2444 2923 2497 ab
2948 2445 3201 2498 omnibus
3225 2446 3359 2513 eripi

1880 2534 2058 2588 malis.
2097 2533 2411 2604 Prophetice
2445 2548 2622 2589 autem
2657 2537 2837 2600 edicit,
2870 2536 3106 2590 futurum
3137 2546 3193 2589 ut
3222 2540 3360 2592 mala

1881 2619 2022 2677 Deus
2062 2625 2113 2676 in
2164 2635 2323 2693 caput
2362 2627 2702 2680 inimicorum
2736 2636 3062 2695 retorqueat.
3093 2627 3203 2696 ipse
3235 2642 3359 2679 vero

1882 2713 1935 2767 in
1971 2715 2181 2783 signum
2214 2726 2378 2785 partae
2405 2717 2642 2770 \ietorite
2682 2718 2945 2770 sacriﬁcia
2993 2718 3199 2771 onerat.
3224 2716 3357 2771 Pro-

1882 2814 2066 2874 pterea
2089 2807 2381 2860 intellectus
2409 2807 2742 2871 insrribitur,
2763 2810 2969 2877 psalmo
2989 2823 3086 2863 nos
3108 2809 3172 2863 ad
3197 2824 3359 2877 supra

1879 2897 2075 2951 dictam
2101 2899 2423 2953 sententiam
2455 2898 2750 2953 deducente

1880 3075 2041 3141 Deus,
2074 3078 2128 3129 in
2176 3077 2380 3129 nomine
2420 3085 2508 3129 tuo
2552 3077 2754 3131 salvum
2776 3094 2855 3131 me
2881 3078 2983 3147 fac.
3030 3077 3130 3133 Per
3167 3094 3362 3134 nomen

1816 3166 2006 3235 ipsius,
2049 3181 2157 3219 non
2191 3180 2285 3233 per
2333 3165 2476 3218 aliud
2514 3166 2813 3235 quidpiam,
2846 3166 3069 3219 salutem
3101 3166 3362 3235 consequi

1815 3264 1986 3323 rogat.
2020 3252 2481 3325 [Quandoquidem
2510 3265 2707 3315 autem,
2730 3255 2826 3315 ait,
2868 3269 3062 3307 nomen
3102 3263 3251 3307 tuum
3282 3257 3366 3307 in—

1812 3357 1967 3407 veco,
2009 3344 2063 3395 in
2113 3346 2215 3397 hoc
2261 3346 2377 3413 ipso
2418 3346 2645 3398 salutem
2709 3344 2840 3398 mihi
2891 3345 3148 3413 praebeas.
3194 3343 3262 3397 Et
3306 3346 3364 3399 in

1812 3437 2000 3491 virtute
2024 3443 2115 3488 tua
2144 3478 2157 3501 ,
2189 3436 2238 3489 id
2272 3444 2355 3489 est
2404 3435 2457 3488 in
2507 3434 2643 3489 Filio
2663 3446 2775 3501 tuo,
2794 3436 3057 3505 judicabis
3086 3454 3204 3501 me;
3229 3453 3291 3490 ac
3317 3438 3362 3490 si

1814 3530 2047 3585 diceret:
2083 3528 2199 3582 Non
2234 3529 2356 3583 aliis
2388 3527 2679 3596 judicibus,
2711 3528 2802 3580 sed
2828 3527 3009 3579 virtuti
3039 3537 3138 3579 tuae
3157 3528 3363 3580 exami-

1814 3624 2051 3676 nandum
2083 3637 2166 3675 me
2200 3619 2425 3691 tradas.]
2452 3619 2515 3672 Et
2544 3620 2596 3672 in
2620 3621 2810 3673 uirtute
2842 3630 2933 3671 tua
2952 3619 3221 3687 judicabis
3256 3635 3360 3674 me.

1810 3709 2068 3764 Judicans
2090 3711 2235 3763 enim
2266 3723 2453 3762 eortnn
2485 3723 2725 3773 causam,
2756 3709 2892 3763 alios
2925 3709 3175 3778 perniciei
3200 3709 3364 3764 tradi-

1811 3806 1911 3870 dit,
1943 3806 2078 3861 alios
2111 3806 2288 3861 salvos
2313 3804 2436 3860 fecit
2465 3806 2532 3859 ab
2564 3805 2814 3859 inimicis.

1881 3898 1936 3953 4.
1977 3896 2139 3961 Deus,
2189 3898 2382 3950 exaudi
2424 3896 2711 3948 orationem
2756 3910 2943 3948 meam.
2990 3892 3137 3948 Bono
3185 3893 3364 3948 animo

1813 4004 1987 4044 meam
2020 3988 2207 4056 excipe
2238 3987 2704 4056 supplicationem.
2745 3988 2967 4040 Auribus
2988 3986 3189 4053 percipe
3212 3983 3362 4037 verba

1811 4081 1919 4134 oris
1956 4080 2075 4133 mei.
2128 4078 2313 4133 Simile
2346 4080 2421 4133 illi
2456 4098 2469 4134 :
2504 4078 2571 4132 Et
2604 4094 2760 4139 nunc,
2800 4077 3038 4138 Domine,
3093 4076 3363 4129 considera

1811 4173 1982 4223 minas
2008 4186 2185 4222 eorum
2217 4170 2283 4222 "°.

1813 4326 1864 4380 l.
1894 4323 1958 4380 In
2000 4326 2154 4395 ﬁnem
2194 4326 2248 4378 in
2293 4323 2497 4393 hymnis
2528 4320 2815 4375 intellectus
2845 4320 2943 4381 ipsi
2968 4319 3151 4373 David.
3187 4318 3262 4373 LI
3278 4318 3336 4376 ι’.

2392 4394 2790 4462 Argumentum.

152 4531 246 4602 Τῷ
279 4528 556 4599 Πνεύματι
588 4528 866 4599 θεωρήσας
901 4528 929 4579 ό
964 4526 1255 4597 Προφήτης
1284 4523 1351 4577 τά
1378 4524 1605 4593 ἐσόμενα
1628 4540 1720 4577 κα-

1822 4529 2026 4600 Spiritu
2074 4526 2340 4596 Propheta
2382 4521 2777 4591 contemplatus
2816 4533 2936 4589 qum
2971 4517 3150 4571 futura
3185 4523 3366 4570 essent

226 4624 296 4679 τά
342 4620 579 4693 Χριστοῦ
614 4620 764 4690 παρὰ
806 4617 897 4670 τοῦ
936 4615 1197 4673 Ἰουδαίων
1243 4614 1369 4668 λαοῦ
1422 4615 1514 4667 καὶ
1554 4615 1715 4667 αὑτοῦ

224 4714 321 4769 τοῦ
360 4712 548 4775 Ἰούδα,
581 4710 755 4780 λύπης
782 4707 1153 4777 πληρούμενος
1182 4705 1272 4758 καὶ
1298 4704 1621 4775 ἀμηχανίας,
1651 4704 1717 4775 ἠν

226 4806 323 4861 καὶ
364 4801 732 4870 ἀδολεσχίαν
755 4801 812 4853 ἐν
839 4798 915 4869 τῷ
946 4798 1169 4868 παρόντι
1197 4796 1463 4867 ὠνόμασε,
1490 4794 1719 4847 διατελεῖ

224 4895 626 4967 ταραττόμενος
677 4891 770 4944 καὶ
827 4889 1044 4961 ἀπορῶν
1093 4890 1151 4942 ἐν
1194 4890 1302 4951 τοῖς
1333 4885 1713 4956 τολμωμένοις,

225 4987 536 5060 παρακαλεῖ
580 4985 667 5037 τὸν
717 4982 848 5034 Θεὸν
881 4978 1234 5033 ἐνωτίσασθαι
1271 4979 1367 5048 τὴν
1414 4978 1715 5049 προσευχὴν

226 5079 418 5141 αὐτοῦ,
453 5078 547 5131 καὶ
580 5075 735 5130 τοῦτο
778 5072 925 5143 αὑτῷ
971 5073 1297 5142 παρασχεῖν·
1332 5065 1447 5122 εἶτα
1473 5069 1717 5141 δεύτερον

225 5171 432 5243 γνῶναι
484 5169 584 5238 τὴν
630 5166 717 5219 διά
766 5165 865 5234 τῆς
911 5161 1213 5235 προσευχῆς
1262 5160 1717 5230 ἀναπεμπομένην

224 5264 438 5333 δέησιν·
482 5260 575 5312 καὶ
599 5257 777 5328 τρίτον
806 5256 902 5324 τὴν
932 5254 1257 5307 κατάστασιν
1290 5250 1577 5304 θεάσασθαι
1620 5249 1715 5303 τοῦ

225 5355 326 5426 τὴν
383 5348 685 5423 προσευχὴν
732 5344 1174 5415 ἀναπέμποντος·
1226 5344 1317 5396 καὶ
1363 5342 1530 5405 οὕτως
1556 5343 1715 5394 αὑτὸν

225 5443 563 5508 καταξιῶσαι
617 5440 714 5508 τῆς
777 5436 967 5490 ἑαυτοῦ
1036 5435 1233 5503 ἀκοῆς·
1298 5434 1377 5487 διὸ
1436 5433 1709 5501 ἐπιλέγει·

229 5537 502 5603 Πρόσχες
530 5548 650 5600 μοι,
682 5528 777 5582 καὶ
804 5526 1168 5581 είσάκουσόν
1192 5542 1329 5594 μου.

240 5624 561 5687 Ὲνώτισαι,
593 5626 625 5677 ό
663 5620 824 5685 Θεὸς,
856 5617 968 5687 τὴν
1015 5616 1358 5685 προσευχήν
1411 5634 1541 5669 uov.
1592 5617 1716 5669 Δια-

1892 4621 2034 4675 mala
2081 4619 2299 4673 Christo
2349 4631 2443 4685 per
2492 4613 2706 4667 .ltidtnos
2751 4611 2919 4670 illata,
2958 4624 3021 4662 ac
3049 4623 3143 4677 per
3190 4608 3364 4676 ipsum

1888 4708 2104 4772 Judam,
2139 4707 2321 4761 dolore
2346 4705 2533 4774 plenus
2565 4712 2617 4756 et
2646 4701 2933 4763 anxietate,
2958 4713 3117 4767 quam
3152 4698 3203 4750 in
3234 4713 3367 4766 prae-

1886 4802 2025 4857 senti
2054 4798 2477 4852 exercitationem
2502 4800 2653 4846 vocat
2689 4810 2701 4846 :
2732 4790 3072 4861 perturbatus
3101 4788 3368 4842 etdubius

1890 4892 2075 4955 animi,
2110 4890 2162 4943 in
2205 4881 2593 4940 considerando
2635 4876 2943 4948 ltujusmodi
2986 4874 3220 4929 facinore
3252 4888 3368 4926 mo-

1884 4999 1999 5040 ram
2045 4977 2298 5040 extrahit,
2329 4982 2583 5042 rogatque
2610 4969 2775 5023 Deum
2819 4976 2878 5020 ut
2920 4965 3145 5019 auribus
3193 4962 3369 5031 perci-

1878 5077 1985 5148 piat
2026 5070 2325 5127 orationem
2348 5078 2522 5127 suam,
2556 5071 2608 5114 et
2634 5060 2683 5113 id
2712 5058 2813 5113 sibi
2847 5054 3141 5119 concedat;
3169 5068 3364 5148 seco“-

1884 5142 1975 5228 do,
2002 5172 2061 5216 ut
2082 5155 2508 5213 obsecrationem
2534 5149 2781 5219 precibus
2801 5147 3051 5199 emissam
3082 5142 3364 5211 respiciat;

1890 5254 2070 5317 tertio,
2106 5260 2164 5304 ut
2193 5256 2390 5304 statum
2428 5241 2699 5313 precantis
2737 5238 3124 5305 contempletur
3158 5252 3172 5299 ;
3205 5240 3368 5301 atque

1888 5349 1961 5401 ita
2002 5344 2252 5414 dignetur
2293 5352 2416 5391 eum
2472 5332 2681 5398 audire,
2734 5328 3082 5399 quamobrem
3134 5323 3367 5392 adjicit;

1884 5435 2100 5490 Intende
2121 5430 2268 5492 mihi,
2299 5438 2345 5481 et
2370 5426 2559 5480 exaudi
2591 5438 2688 5476 me.

1891 5615 1942 5671 2.
1970 5612 2200 5676 Exaudi,
2246 5608 2406 5677 Deus,
2447 5607 2735 5664 orationem
2779 5616 2984 5671 meam,
3016 5608 3119 5656 etc.
3174 5593 3365 5651 Varias

233 5811 459 5867 “Joan.
517 5824 639 5874 xiv,
712 5807 764 5861 6.
841 5808 884 5840 "
922 5804 941 5859 Ι
974 5803 1101 5876 Reg.
1129 5820 1284 5868 χχιιι,
1319 5803 1414 5871 ιο;
1455 5821 1599 5872 xxvi,
1644 5806 1720 5873 1,:

1816 5821 1870 5874 ιι.
1942 5804 1995 5849 τ’.
2032 5802 2150 5857 Act.
2194 5813 2269 5864 tv,
2296 5795 2382 5852 9.9.
