  <div class='ocr_page' id='page_1' title='image "/cluster/home/n/w/nwhite01/storage/ocr_20150623/27/ien.35556001660521/137.png"; bbox 0 0 4034 6516; ppageno 0'>
   <div class='ocr_carea' id='block_1_1' title="bbox 673 481 773 538">
    <p class='ocr_par' dir='ltr' id='par_1_1' title="bbox 673 481 773 538">
     <span class='ocr_line' id='line_1_1' title="bbox 673 481 773 538; baseline 0 -1"><span class='ocrx_word' id='word_1_1' title='bbox 673 481 773 538; x_wconf 74' lang='grc'><strong>251</strong></span> 
     </span>
    </p>
   </div>
   <div class='ocr_carea' id='block_1_2' title="bbox 1515 473 3060 533">
    <p class='ocr_par' dir='ltr' id='par_1_2' title="bbox 1515 473 3060 533">
     <span class='ocr_line' id='line_1_2' title="bbox 1515 473 3060 533; baseline 0.001 -3"><span class='ocrx_word' id='word_1_2' title='bbox 1515 476 1570 530; x_wconf 84' lang='grc'>8.</span> <span class='ocrx_word' id='word_1_3' title='bbox 1611 474 1981 531; x_wconf 73' lang='grc' dir='ltr'><strong>ΑΤΗΑΝΑΞΙΙ</strong></span> <span class='ocrx_word' id='word_1_4' title='bbox 2021 473 2170 530; x_wconf 84' lang='lat' dir='ltr'><strong>OPP.</strong></span> <span class='ocrx_word' id='word_1_5' title='bbox 2214 473 2392 528; x_wconf 74' lang='lat' dir='ltr'><strong>PARS</strong></span> <span class='ocrx_word' id='word_1_6' title='bbox 2431 475 2513 529; x_wconf 89' lang='lat' dir='ltr'><strong>Ill.</strong></span> <span class='ocrx_word' id='word_1_7' title='bbox 2555 506 2622 516; x_wconf 89' lang='lat'><strong>—</strong></span> <span class='ocrx_word' id='word_1_8' title='bbox 2656 474 3060 533; x_wconf 73' lang='lat' dir='ltr'><strong>EXECETICA.</strong></span> 
     </span>
    </p>
   </div>
   <div class='ocr_carea' id='block_1_3' title="bbox 3787 485 3890 539">
    <p class='ocr_par' dir='ltr' id='par_1_3' title="bbox 3787 485 3890 539">
     <span class='ocr_line' id='line_1_3' title="bbox 3787 485 3890 539; baseline 0 -1"><span class='ocrx_word' id='word_1_9' title='bbox 3787 485 3890 539; x_wconf 71' lang='grc'><strong>252</strong></span> 
     </span>
    </p>
   </div>
   <div class='ocr_carea' id='block_1_4' title="bbox 673 593 2224 670">
    <p class='ocr_par' dir='ltr' id='par_1_4' title="bbox 673 593 2224 668">
     <span class='ocr_line' id='line_1_4' title="bbox 673 593 2224 668; baseline -0.003 -14"><span class='ocrx_word' id='word_1_10' title='bbox 673 599 827 655; x_wconf 75' lang='lat' dir='ltr'><strong>all‘ert</strong></span> <span class='ocrx_word' id='word_1_11' title='bbox 860 597 1315 668; x_wconf 77' lang='lat' dir='ltr'><strong>supplicationes,</strong></span> <span class='ocrx_word' id='word_1_12' title='bbox 1351 612 1549 668; x_wconf 84' lang='lat' dir='ltr'><strong>rogans</strong></span> <span class='ocrx_word' id='word_1_13' title='bbox 1589 597 1800 650; x_wconf 86' lang='lat' dir='ltr'><strong>admitti</strong></span> <span class='ocrx_word' id='word_1_14' title='bbox 1852 597 1986 650; x_wconf 83' lang='lat' dir='ltr'><strong>illas.</strong></span> <span class='ocrx_word' id='word_1_15' title='bbox 2030 593 2106 648; x_wconf 85' lang='lat' dir='ltr'><strong>Ne</strong></span> <span class='ocrx_word' id='word_1_16' title='bbox 2135 596 2224 649; x_wconf 90' lang='lat' dir='ltr'><strong>de-</strong></span> 
     </span>
    </p>
   </div>
   <div class='ocr_carea' id='block_1_5' title="bbox 2304 593 3889 670">
    <p class='ocr_par' dir='ltr' id='par_1_5' title="bbox 2331 597 3889 670">
     <span class='ocr_line' id='line_1_5' title="bbox 2331 597 3889 670; baseline 0.006 -22"><span class='ocrx_word' id='word_1_17' title='bbox 2331 597 2527 666; x_wconf 69' lang='grc' dir='ltr'>ερὸρους</span> <span class='ocrx_word' id='word_1_18' title='bbox 2574 599 2807 664; x_wconf 69' lang='grc' dir='ltr'>ἱκετείας</span> <span class='ocrx_word' id='word_1_19' title='bbox 2836 599 3129 670; x_wconf 64' lang='grc' dir='ltr'>προσφέρει</span> <span class='ocrx_word' id='word_1_20' title='bbox 3155 598 3408 669; x_wconf 84' lang='grc' dir='ltr'><strong>δεχθῆναι</strong></span> <span class='ocrx_word' id='word_1_21' title='bbox 3435 601 3633 665; x_wconf 77' lang='grc' dir='ltr'>ταύτας</span> <span class='ocrx_word' id='word_1_22' title='bbox 3677 602 3889 656; x_wconf 87' lang='grc' dir='ltr'>ἀντιϐο-</span> 
     </span>
    </p>
   </div>
   <div class='ocr_carea' id='block_1_6' title="bbox 672 687 2230 761">
    <p class='ocr_par' dir='ltr' id='par_1_6' title="bbox 672 687 2230 761">
     <span class='ocr_line' id='line_1_6' title="bbox 672 687 2230 761; baseline -0.004 -15"><span class='ocrx_word' id='word_1_23' title='bbox 672 693 890 761; x_wconf 81' lang='lat' dir='ltr'><strong>spicias,</strong></span> <span class='ocrx_word' id='word_1_24' title='bbox 917 690 1107 758; x_wconf 85' lang='lat' dir='ltr'><strong>inquit.</strong></span> <span class='ocrx_word' id='word_1_25' title='bbox 1128 705 1213 742; x_wconf 90' lang='lat' dir='ltr'><strong>me</strong></span> <span class='ocrx_word' id='word_1_26' title='bbox 1231 689 1641 757; x_wconf 78' lang='lat' dir='ltr'><strong>supplicantem,</strong></span> <span class='ocrx_word' id='word_1_27' title='bbox 1661 688 1755 743; x_wconf 87' lang='lat' dir='ltr'><strong>sed</strong></span> <span class='ocrx_word' id='word_1_28' title='bbox 1776 687 2031 742; x_wconf 85' lang='lat' dir='ltr'><strong>benevolo</strong></span> <span class='ocrx_word' id='word_1_29' title='bbox 2046 687 2230 740; x_wconf 88' lang='lat' dir='ltr'><strong>animo</strong></span> 
     </span>
    </p>
   </div>
   <div class='ocr_carea' id='block_1_7' title="bbox 671 781 1677 845">
    <p class='ocr_par' dir='ltr' id='par_1_7' title="bbox 671 781 1677 845">
     <span class='ocr_line' id='line_1_7' title="bbox 671 781 1677 845; baseline -0.003 -8"><span class='ocrx_word' id='word_1_30' title='bbox 671 785 890 838; x_wconf 86' lang='lat' dir='ltr'><strong>intende</strong></span> <span class='ocrx_word' id='word_1_31' title='bbox 916 783 1067 845; x_wconf 89' lang='lat' dir='ltr'><strong>mihi,</strong></span> <span class='ocrx_word' id='word_1_32' title='bbox 1103 795 1154 836; x_wconf 88' lang='lat' dir='ltr'><strong>et</strong></span> <span class='ocrx_word' id='word_1_33' title='bbox 1192 782 1450 834; x_wconf 80' lang='lat' dir='ltr'><strong>auxilium</strong></span> <span class='ocrx_word' id='word_1_34' title='bbox 1484 781 1677 834; x_wconf 91' lang='lat' dir='ltr'><strong>tribue.</strong></span> 
     </span>
    </p>
   </div>
   <div class='ocr_carea' id='block_1_8' title="bbox 738 873 2230 935">
    <p class='ocr_par' dir='ltr' id='par_1_8' title="bbox 738 873 2230 935">
     <span class='ocr_line' id='line_1_8' title="bbox 738 873 2230 935; baseline -0.005 -6"><span class='ocrx_word' id='word_1_35' title='bbox 738 877 790 929; x_wconf 80' lang='lat'><strong>5.</strong></span> <span class='ocrx_word' id='word_1_36' title='bbox 816 874 1170 929; x_wconf 86' lang='lat' dir='ltr'><strong>Contristatus</strong></span> <span class='ocrx_word' id='word_1_37' title='bbox 1210 889 1325 925; x_wconf 85' lang='lat' dir='ltr'><strong>sum</strong></span> <span class='ocrx_word' id='word_1_38' title='bbox 1368 873 1420 924; x_wconf 93' lang='lat' dir='ltr'><strong>in</strong></span> <span class='ocrx_word' id='word_1_39' title='bbox 1453 874 1825 925; x_wconf 72' lang='lat' dir='ltr'><strong>exercitatione</strong></span> <span class='ocrx_word' id='word_1_40' title='bbox 1853 889 1987 935; x_wconf 89' lang='lat' dir='ltr'><strong>mea,</strong></span> <span class='ocrx_word' id='word_1_41' title='bbox 2020 880 2070 924; x_wconf 89' lang='lat' dir='ltr'><strong>et</strong></span> <span class='ocrx_word' id='word_1_42' title='bbox 2103 886 2230 923; x_wconf 88' lang='lat' dir='ltr'><strong>con-</strong></span> 
     </span>
    </p>
   </div>
   <div class='ocr_carea' id='block_1_9' title="bbox 670 963 2226 1032">
    <p class='ocr_par' dir='ltr' id='par_1_9' title="bbox 670 963 2226 1032">
     <span class='ocr_line' id='line_1_9' title="bbox 670 963 2226 1032; baseline -0.003 -12"><span class='ocrx_word' id='word_1_43' title='bbox 670 969 910 1021; x_wconf 74' lang='lat' dir='ltr'><strong>turbatus</strong></span> <span class='ocrx_word' id='word_1_44' title='bbox 935 985 1070 1020; x_wconf 88' lang='lat' dir='ltr'><strong>sum.</strong></span> <span class='ocrx_word' id='word_1_45' title='bbox 1099 966 1380 1019; x_wconf 76' lang='lat' dir='ltr'><strong>Auxietate</strong></span> <span class='ocrx_word' id='word_1_46' title='bbox 1403 980 1635 1032; x_wconf 80' lang='lat' dir='ltr'><strong>namque</strong></span> <span class='ocrx_word' id='word_1_47' title='bbox 1659 966 1847 1032; x_wconf 91' lang='lat' dir='ltr'><strong>plenus</strong></span> <span class='ocrx_word' id='word_1_48' title='bbox 1870 972 2006 1026; x_wconf 90' lang='lat' dir='ltr'><strong>erat,</strong></span> <span class='ocrx_word' id='word_1_49' title='bbox 2036 963 2226 1016; x_wconf 82' lang='lat' dir='ltr'><strong>videns</strong></span> 
     </span>
    </p>
   </div>
   <div class='ocr_carea' id='block_1_10' title="bbox 667 1055 2226 1128">
    <p class='ocr_par' dir='ltr' id='par_1_10' title="bbox 667 1055 2226 1128">
     <span class='ocr_line' id='line_1_10' title="bbox 667 1055 2226 1128; baseline -0.003 -15"><span class='ocrx_word' id='word_1_50' title='bbox 667 1061 1002 1128; x_wconf 78' lang='lat' dir='ltr'><strong>iniquitatem</strong></span> <span class='ocrx_word' id='word_1_51' title='bbox 1040 1059 1092 1113; x_wconf 93' lang='lat' dir='ltr'><strong>iu</strong></span> <span class='ocrx_word' id='word_1_52' title='bbox 1125 1058 1459 1112; x_wconf 72' lang='lat' dir='ltr'><strong>Salvatorem</strong></span> <span class='ocrx_word' id='word_1_53' title='bbox 1502 1057 1817 1118; x_wconf 71' lang='lat' dir='ltr'><strong>admissam,</strong></span> <span class='ocrx_word' id='word_1_54' title='bbox 1844 1071 2005 1124; x_wconf 88' lang='lat' dir='ltr'><strong>quam</strong></span> <span class='ocrx_word' id='word_1_55' title='bbox 2032 1055 2226 1109; x_wconf 78' lang='lat' dir='ltr'><strong>exinde</strong></span> 
     </span>
    </p>
   </div>
   <div class='ocr_carea' id='block_1_11' title="bbox 665 1147 2224 1206">
    <p class='ocr_par' dir='ltr' id='par_1_11' title="bbox 665 1147 2224 1206">
     <span class='ocr_line' id='line_1_11' title="bbox 665 1147 2224 1206; baseline -0.005 0"><span class='ocrx_word' id='word_1_56' title='bbox 665 1153 821 1206; x_wconf 84' lang='lat' dir='ltr'><strong>docet</strong></span> <span class='ocrx_word' id='word_1_57' title='bbox 867 1153 948 1206; x_wconf 88' lang='lat' dir='ltr'><strong>his</strong></span> <span class='ocrx_word' id='word_1_58' title='bbox 999 1151 1176 1203; x_wconf 76' lang='lat' dir='ltr'><strong>Vt‘l‘llls</strong></span> <span class='ocrx_word' id='word_1_59' title='bbox 1211 1167 1222 1202; x_wconf 94' lang='lat'>:</span> <span class='ocrx_word' id='word_1_60' title='bbox 1257 1151 1298 1203; x_wconf 84' lang='grc' dir='ltr'><em>Α</em></span> <span class='ocrx_word' id='word_1_61' title='bbox 1330 1165 1446 1202; x_wconf 82' lang='lat' dir='ltr'><strong>voce</strong></span> <span class='ocrx_word' id='word_1_62' title='bbox 1479 1149 1679 1201; x_wconf 80' lang='lat' dir='ltr'><strong>inimici</strong></span> <span class='ocrx_word' id='word_1_63' title='bbox 1725 1158 1771 1201; x_wconf 88' lang='lat' dir='ltr'><strong>et</strong></span> <span class='ocrx_word' id='word_1_64' title='bbox 1804 1165 1836 1200; x_wconf 93' lang='lat' dir='ltr'><strong>a</strong></span> <span class='ocrx_word' id='word_1_65' title='bbox 1886 1147 2224 1200; x_wconf 80' lang='lat' dir='ltr'><strong>tribulatione</strong></span> 
     </span>
    </p>
   </div>
   <div class='ocr_carea' id='block_1_12' title="bbox 663 1239 2220 1312">
    <p class='ocr_par' dir='ltr' id='par_1_12' title="bbox 663 1239 2220 1312">
     <span class='ocr_line' id='line_1_12' title="bbox 663 1239 2220 1312; baseline -0.003 -15"><span class='ocrx_word' id='word_1_66' title='bbox 663 1244 967 1312; x_wconf 75' lang='lat' dir='ltr'><strong>peccatoris.</strong></span> <span class='ocrx_word' id='word_1_67' title='bbox 1002 1242 1190 1295; x_wconf 88' lang='lat' dir='ltr'><strong>Totius</strong></span> <span class='ocrx_word' id='word_1_68' title='bbox 1234 1252 1414 1295; x_wconf 86' lang='lat' dir='ltr'><strong>autem</strong></span> <span class='ocrx_word' id='word_1_69' title='bbox 1455 1241 1736 1294; x_wconf 69' lang='lat' dir='ltr'><strong>Sententia:</strong></span> <span class='ocrx_word' id='word_1_70' title='bbox 1764 1254 1916 1293; x_wconf 88' lang='lat' dir='ltr'><strong>mens</strong></span> <span class='ocrx_word' id='word_1_71' title='bbox 1951 1239 2066 1292; x_wconf 68' lang='lat' dir='ltr'><strong>haec</strong></span> <span class='ocrx_word' id='word_1_72' title='bbox 2103 1247 2220 1292; x_wconf 87' lang='lat' dir='ltr'><strong>est:</strong></span> 
     </span>
    </p>
   </div>
   <div class='ocr_carea' id='block_1_13' title="bbox 664 1332 2224 1403">
    <p class='ocr_par' dir='ltr' id='par_1_13' title="bbox 664 1332 2224 1403">
     <span class='ocr_line' id='line_1_13' title="bbox 664 1332 2224 1403; baseline -0.004 -15"><span class='ocrx_word' id='word_1_73' title='bbox 664 1334 909 1403; x_wconf 81' lang='lat' dir='ltr'><strong>Respice,</strong></span> <span class='ocrx_word' id='word_1_74' title='bbox 937 1349 1139 1402; x_wconf 62' lang='lat' dir='ltr'><strong>quasso,</strong></span> <span class='ocrx_word' id='word_1_75' title='bbox 1175 1349 1336 1402; x_wconf 88' lang='lat' dir='ltr'><strong>quam</strong></span> <span class='ocrx_word' id='word_1_76' title='bbox 1363 1332 1718 1387; x_wconf 68' lang='lat' dir='ltr'><strong>centrista&#39;us</strong></span> <span class='ocrx_word' id='word_1_77' title='bbox 1741 1347 1881 1394; x_wconf 91' lang='lat' dir='ltr'><strong>sum,</strong></span> <span class='ocrx_word' id='word_1_78' title='bbox 1915 1346 2076 1399; x_wconf 89' lang='lat' dir='ltr'><strong>quam</strong></span> <span class='ocrx_word' id='word_1_79' title='bbox 2113 1340 2224 1383; x_wconf 90' lang='lat' dir='ltr'><strong>tur-</strong></span> 
     </span>
    </p>
   </div>
   <div class='ocr_carea' id='block_1_14' title="bbox 661 1421 2221 1495">
    <p class='ocr_par' dir='ltr' id='par_1_14' title="bbox 661 1421 2221 1495">
     <span class='ocr_line' id='line_1_14' title="bbox 661 1421 2221 1495; baseline -0.004 -14"><span class='ocrx_word' id='word_1_80' title='bbox 661 1427 842 1490; x_wconf 86' lang='lat' dir='ltr'><strong>batus,</strong></span> <span class='ocrx_word' id='word_1_81' title='bbox 897 1441 1056 1495; x_wconf 86' lang='lat' dir='ltr'><strong>quam</strong></span> <span class='ocrx_word' id='word_1_82' title='bbox 1108 1424 1496 1480; x_wconf 75' lang='lat' dir='ltr'><strong>exercitatione</strong></span> <span class='ocrx_word' id='word_1_83' title='bbox 1540 1421 1774 1492; x_wconf 88' lang='lat' dir='ltr'><strong>repletus</strong></span> <span class='ocrx_word' id='word_1_84' title='bbox 1813 1437 1982 1476; x_wconf 90' lang='lat' dir='ltr'><strong>sum:</strong></span> <span class='ocrx_word' id='word_1_85' title='bbox 2028 1421 2221 1490; x_wconf 82' lang='lat' dir='ltr'><strong>hisque</strong></span> 
     </span>
    </p>
   </div>
   <div class='ocr_carea' id='block_1_15' title="bbox 659 1516 1262 1573">
    <p class='ocr_par' dir='ltr' id='par_1_15' title="bbox 659 1516 1262 1573">
     <span class='ocr_line' id='line_1_15' title="bbox 659 1516 1262 1573; baseline -0.008 0"><span class='ocrx_word' id='word_1_86' title='bbox 659 1517 914 1573; x_wconf 77' lang='lat' dir='ltr'><strong>admissis</strong></span> <span class='ocrx_word' id='word_1_87' title='bbox 940 1516 1132 1570; x_wconf 73' lang='lat' dir='ltr'><strong>exaudi</strong></span> <span class='ocrx_word' id='word_1_88' title='bbox 1160 1531 1262 1568; x_wconf 81' lang='lat' dir='ltr'><strong>inc.</strong></span> 
     </span>
    </p>
   </div>
   <div class='ocr_carea' id='block_1_16' title="bbox 728 1601 2212 1673">
    <p class='ocr_par' dir='ltr' id='par_1_16' title="bbox 728 1601 2212 1673">
     <span class='ocr_line' id='line_1_16' title="bbox 728 1601 2212 1673; baseline -0.007 -11"><span class='ocrx_word' id='word_1_89' title='bbox 728 1608 842 1663; x_wconf 75' lang='grc'><strong>4-7.</strong></span> <span class='ocrx_word' id='word_1_90' title='bbox 887 1608 1150 1673; x_wconf 79' lang='lat' dir='ltr'><strong>Quoniam</strong></span> <span class='ocrx_word' id='word_1_91' title='bbox 1198 1606 1587 1659; x_wconf 84' lang='lat' dir='ltr'><strong>declinaverunt</strong></span> <span class='ocrx_word' id='word_1_92' title='bbox 1641 1604 1697 1657; x_wconf 87' lang='lat' dir='ltr'><strong>in</strong></span> <span class='ocrx_word' id='word_1_93' title='bbox 1754 1618 1832 1655; x_wconf 81' lang='lat' dir='ltr'><strong>me</strong></span> <span class='ocrx_word' id='word_1_94' title='bbox 1883 1601 2212 1670; x_wconf 80' lang='lat' dir='ltr'><strong>iniquitates.</strong></span> 
     </span>
    </p>
   </div>
   <div class='ocr_carea' id='block_1_17' title="bbox 657 1689 2216 1766">
    <p class='ocr_par' dir='ltr' id='par_1_17' title="bbox 657 1689 2216 1766">
     <span class='ocr_line' id='line_1_17' title="bbox 657 1689 2216 1766; baseline -0.007 -12"><span class='ocrx_word' id='word_1_95' title='bbox 657 1699 1003 1766; x_wconf 75' lang='lat' dir='ltr'><strong>Quaecunque</strong></span> <span class='ocrx_word' id='word_1_96' title='bbox 1058 1698 1202 1750; x_wconf 81' lang='lat' dir='ltr'><strong>enim</strong></span> <span class='ocrx_word' id='word_1_97' title='bbox 1269 1696 1528 1750; x_wconf 65' lang='lat' dir='ltr'><strong>adversus</strong></span> <span class='ocrx_word' id='word_1_98' title='bbox 1597 1693 1933 1748; x_wconf 81' lang='lat' dir='ltr'><strong>Salvatorem</strong></span> <span class='ocrx_word' id='word_1_99' title='bbox 2002 1689 2216 1743; x_wconf 75' lang='lat' dir='ltr'><strong>accide-</strong></span> 
     </span>
    </p>
   </div>
   <div class='ocr_carea' id='block_1_18' title="bbox 654 1778 2215 1854">
    <p class='ocr_par' dir='ltr' id='par_1_18' title="bbox 654 1778 2215 1854">
     <span class='ocr_line' id='line_1_18' title="bbox 654 1778 2215 1854; baseline -0.006 -14"><span class='ocrx_word' id='word_1_100' title='bbox 654 1796 815 1850; x_wconf 89' lang='lat' dir='ltr'><strong>runt,</strong></span> <span class='ocrx_word' id='word_1_101' title='bbox 873 1787 937 1840; x_wconf 84' lang='lat' dir='ltr'><strong>ad</strong></span> <span class='ocrx_word' id='word_1_102' title='bbox 992 1802 1144 1838; x_wconf 89' lang='lat' dir='ltr'><strong>suam</strong></span> <span class='ocrx_word' id='word_1_103' title='bbox 1205 1785 1319 1854; x_wconf 85' lang='lat' dir='ltr'><strong>ipse</strong></span> <span class='ocrx_word' id='word_1_104' title='bbox 1366 1798 1654 1853; x_wconf 89' lang='lat' dir='ltr'><strong>personam</strong></span> <span class='ocrx_word' id='word_1_105' title='bbox 1713 1780 1891 1835; x_wconf 77' lang='lat' dir='ltr'><strong>refert.</strong></span> <span class='ocrx_word' id='word_1_106' title='bbox 1955 1778 2101 1850; x_wconf 68' lang='lat' dir='ltr'><strong>[llaec</strong></span> <span class='ocrx_word' id='word_1_107' title='bbox 2160 1778 2215 1830; x_wconf 90' lang='lat' dir='ltr'><strong>in</strong></span> 
     </span>
    </p>
   </div>
   <div class='ocr_carea' id='block_1_19' title="bbox 654 1872 2211 1948">
    <p class='ocr_par' dir='ltr' id='par_1_19' title="bbox 654 1872 2211 1948">
     <span class='ocr_line' id='line_1_19' title="bbox 654 1872 2211 1948; baseline -0.008 -14"><span class='ocrx_word' id='word_1_108' title='bbox 654 1896 742 1934; x_wconf 83' lang='lat' dir='ltr'><strong>me</strong></span> <span class='ocrx_word' id='word_1_109' title='bbox 799 1880 1210 1948; x_wconf 81' lang='lat' dir='ltr'><strong>perpetrabant,</strong></span> <span class='ocrx_word' id='word_1_110' title='bbox 1263 1878 1331 1931; x_wconf 92' lang='lat' dir='ltr'><strong>ob</strong></span> <span class='ocrx_word' id='word_1_111' title='bbox 1381 1877 1540 1930; x_wconf 60' lang='lat' dir='ltr'><strong>illata!</strong></span> <span class='ocrx_word' id='word_1_112' title='bbox 1595 1876 1820 1945; x_wconf 74' lang='lat' dir='ltr'><strong>jactura:</strong></span> <span class='ocrx_word' id='word_1_113' title='bbox 1871 1872 2211 1936; x_wconf 83' lang='lat' dir='ltr'><strong>memoriam,</strong></span> 
     </span>
    </p>
   </div>
   <div class='ocr_carea' id='block_1_20' title="bbox 651 1967 2213 2035">
    <p class='ocr_par' dir='ltr' id='par_1_20' title="bbox 651 1967 2213 2035">
     <span class='ocr_line' id='line_1_20' title="bbox 651 1967 2213 2035; baseline -0.003 -12"><span class='ocrx_word' id='word_1_114' title='bbox 651 1985 719 2024; x_wconf 80' lang='lat' dir='ltr'><strong>ex</strong></span> <span class='ocrx_word' id='word_1_115' title='bbox 785 1970 1140 2024; x_wconf 88' lang='lat' dir='ltr'><strong>irrationabili</strong></span> <span class='ocrx_word' id='word_1_116' title='bbox 1205 1971 1283 2023; x_wconf 88' lang='lat' dir='ltr'><strong>ira</strong></span> <span class='ocrx_word' id='word_1_117' title='bbox 1350 1978 1676 2022; x_wconf 88' lang='lat' dir='ltr'><strong>manentem.</strong></span> <span class='ocrx_word' id='word_1_118' title='bbox 1747 1967 1828 2021; x_wconf 88' lang='lat' dir='ltr'><strong>Ira</strong></span> <span class='ocrx_word' id='word_1_119' title='bbox 1892 1979 2213 2035; x_wconf 85' lang='lat' dir='ltr'><strong>permanens</strong></span> 
     </span>
    </p>
   </div>
   <div class='ocr_carea' id='block_1_21' title="bbox 650 2053 2214 2144">
    <p class='ocr_par' dir='ltr' id='par_1_21' title="bbox 650 2053 2214 2144">
     <span class='ocr_line' id='line_1_21' title="bbox 650 2053 2214 2144; baseline -0.005 -30"><span class='ocrx_word' id='word_1_120' title='bbox 650 2060 933 2114; x_wconf 85' lang='lat' dir='ltr'><strong>iracundia</strong></span> <span class='ocrx_word' id='word_1_121' title='bbox 1006 2069 1250 2114; x_wconf 83' lang='lat' dir='ltr'><strong>vocatur.</strong></span> <span class='ocrx_word' id='word_1_122' title='bbox 1320 2058 1393 2113; x_wconf 82' lang='lat' dir='ltr'><strong>Ea</strong></span> <span class='ocrx_word' id='word_1_123' title='bbox 1459 2075 1625 2144; x_wconf 41' lang='lat' dir='ltr'><strong>vero“</strong></span> <span class='ocrx_word' id='word_1_124' title='bbox 1662 2060 1727 2112; x_wconf 90' lang='lat' dir='ltr'><strong>de</strong></span> <span class='ocrx_word' id='word_1_125' title='bbox 1796 2072 1960 2112; x_wconf 88' lang='lat' dir='ltr'><strong>causa</strong></span> <span class='ocrx_word' id='word_1_126' title='bbox 2026 2053 2214 2108; x_wconf 83' lang='lat' dir='ltr'><strong>lormi-</strong></span> 
     </span>
    </p>
   </div>
   <div class='ocr_carea' id='block_1_22' title="bbox 649 2145 2213 2221">
    <p class='ocr_par' dir='ltr' id='par_1_22' title="bbox 649 2145 2213 2221">
     <span class='ocr_line' id='line_1_22' title="bbox 649 2145 2213 2221; baseline -0.004 -17"><span class='ocrx_word' id='word_1_127' title='bbox 649 2150 874 2207; x_wconf 89' lang='lat' dir='ltr'><strong>dolosus</strong></span> <span class='ocrx_word' id='word_1_128' title='bbox 893 2167 1062 2216; x_wconf 83' lang='lat' dir='ltr'><strong>eram,</strong></span> <span class='ocrx_word' id='word_1_129' title='bbox 1088 2162 1249 2221; x_wconf 88' lang='lat' dir='ltr'><strong>atque</strong></span> <span class='ocrx_word' id='word_1_130' title='bbox 1277 2153 1544 2213; x_wconf 87' lang='lat' dir='ltr'><strong>turbatus,</strong></span> <span class='ocrx_word' id='word_1_131' title='bbox 1571 2159 1649 2212; x_wconf 92' lang='lat' dir='ltr'><strong>ut,</strong></span> <span class='ocrx_word' id='word_1_132' title='bbox 1689 2158 1861 2203; x_wconf 86' lang='lat' dir='ltr'><strong>morte</strong></span> <span class='ocrx_word' id='word_1_133' title='bbox 1887 2149 1995 2216; x_wconf 87' lang='lat' dir='ltr'><strong>jam</strong></span> <span class='ocrx_word' id='word_1_134' title='bbox 2035 2145 2213 2199; x_wconf 89' lang='lat' dir='ltr'><strong>immi-</strong></span> 
     </span>
    </p>
   </div>
   <div class='ocr_carea' id='block_1_23' title="bbox 651 2240 2212 2311">
    <p class='ocr_par' dir='ltr' id='par_1_23' title="bbox 651 2240 2212 2311">
     <span class='ocr_line' id='line_1_23' title="bbox 651 2240 2212 2311; baseline -0.003 -15"><span class='ocrx_word' id='word_1_135' title='bbox 651 2254 831 2307; x_wconf 88' lang='lat' dir='ltr'><strong>nente,</strong></span> <span class='ocrx_word' id='word_1_136' title='bbox 867 2253 1027 2311; x_wconf 86' lang='lat' dir='ltr'><strong>atque</strong></span> <span class='ocrx_word' id='word_1_137' title='bbox 1071 2245 1123 2296; x_wconf 94' lang='lat' dir='ltr'><strong>iu</strong></span> <span class='ocrx_word' id='word_1_138' title='bbox 1182 2253 1387 2297; x_wconf 81' lang='lat' dir='ltr'><strong>tantam</strong></span> <span class='ocrx_word' id='word_1_139' title='bbox 1443 2243 1610 2296; x_wconf 91' lang='lat' dir='ltr'><strong>animi</strong></span> <span class='ocrx_word' id='word_1_140' title='bbox 1653 2240 2108 2295; x_wconf 80' lang='lat' dir='ltr'><strong>coacertationem</strong></span> <span class='ocrx_word' id='word_1_141' title='bbox 2158 2247 2212 2292; x_wconf 92' lang='lat' dir='ltr'><strong>ct</strong></span> 
     </span>
    </p>
   </div>
   <div class='ocr_carea' id='block_1_24' title="bbox 647 2330 2211 2402">
    <p class='ocr_par' dir='ltr' id='par_1_24' title="bbox 647 2330 2211 2402">
     <span class='ocr_line' id='line_1_24' title="bbox 647 2330 2211 2402; baseline -0.003 -14"><span class='ocrx_word' id='word_1_142' title='bbox 647 2335 993 2390; x_wconf 82' lang='lat' dir='ltr'><strong>formidinem</strong></span> <span class='ocrx_word' id='word_1_143' title='bbox 1029 2337 1216 2398; x_wconf 87' lang='lat' dir='ltr'><strong>incidi,</strong></span> <span class='ocrx_word' id='word_1_144' title='bbox 1251 2347 1309 2389; x_wconf 93' lang='lat' dir='ltr'><strong>ut</strong></span> <span class='ocrx_word' id='word_1_145' title='bbox 1332 2351 1396 2389; x_wconf 90' lang='lat' dir='ltr'><strong>ne</strong></span> <span class='ocrx_word' id='word_1_146' title='bbox 1426 2335 1634 2388; x_wconf 80' lang='lat' dir='ltr'><strong>radium</strong></span> <span class='ocrx_word' id='word_1_147' title='bbox 1663 2332 1877 2402; x_wconf 87' lang='lat' dir='ltr'><strong>quidem</strong></span> <span class='ocrx_word' id='word_1_148' title='bbox 1906 2331 2042 2384; x_wconf 90' lang='lat' dir='ltr'><strong>lucis</strong></span> <span class='ocrx_word' id='word_1_149' title='bbox 2065 2330 2211 2384; x_wconf 80' lang='lat' dir='ltr'><strong>vide-</strong></span> 
     </span>
    </p>
   </div>
   <div class='ocr_carea' id='block_1_25' title="bbox 649 2424 2208 2496">
    <p class='ocr_par' dir='ltr' id='par_1_25' title="bbox 649 2424 2208 2496">
     <span class='ocr_line' id='line_1_25' title="bbox 649 2424 2208 2496; baseline -0.004 -17"><span class='ocrx_word' id='word_1_150' title='bbox 649 2443 783 2491; x_wconf 88' lang='lat' dir='ltr'><strong>rem,</strong></span> <span class='ocrx_word' id='word_1_151' title='bbox 821 2429 910 2481; x_wconf 89' lang='lat' dir='ltr'><strong>sed</strong></span> <span class='ocrx_word' id='word_1_152' title='bbox 955 2428 1007 2480; x_wconf 93' lang='lat' dir='ltr'><strong>in</strong></span> <span class='ocrx_word' id='word_1_153' title='bbox 1054 2427 1291 2481; x_wconf 88' lang='lat' dir='ltr'><strong>tenebris</strong></span> <span class='ocrx_word' id='word_1_154' title='bbox 1335 2427 1582 2496; x_wconf 79' lang='lat' dir='ltr'><strong>degerem</strong></span> <span class='ocrx_word' id='word_1_155' title='bbox 1623 2444 1635 2478; x_wconf 93' lang='lat'><strong>:</strong></span> <span class='ocrx_word' id='word_1_156' title='bbox 1683 2424 2045 2493; x_wconf 76' lang='lat' dir='ltr'><strong>putabamque</strong></span> <span class='ocrx_word' id='word_1_157' title='bbox 2088 2435 2208 2474; x_wconf 85' lang='lat' dir='ltr'><strong>om-</strong></span> 
     </span>
    </p>
   </div>
   <div class='ocr_carea' id='block_1_26' title="bbox 646 2512 2208 2587">
    <p class='ocr_par' dir='ltr' id='par_1_26' title="bbox 646 2512 2208 2587">
     <span class='ocr_line' id='line_1_26' title="bbox 646 2512 2208 2587; baseline -0.006 -15"><span class='ocrx_word' id='word_1_158' title='bbox 646 2520 798 2573; x_wconf 91' lang='lat' dir='ltr'><strong>nium</strong></span> <span class='ocrx_word' id='word_1_159' title='bbox 837 2535 1014 2572; x_wconf 90' lang='lat' dir='ltr'><strong>rerum</strong></span> <span class='ocrx_word' id='word_1_160' title='bbox 1044 2520 1300 2587; x_wconf 83' lang='lat' dir='ltr'><strong>optimam</strong></span> <span class='ocrx_word' id='word_1_161' title='bbox 1337 2533 1458 2572; x_wconf 86' lang='lat' dir='ltr'><strong>esse</strong></span> <span class='ocrx_word' id='word_1_162' title='bbox 1487 2516 1690 2585; x_wconf 81' lang='lat' dir='ltr'><strong>fugam,</strong></span> <span class='ocrx_word' id='word_1_163' title='bbox 1713 2531 1776 2568; x_wconf 88' lang='lat' dir='ltr'><strong>ac</strong></span> <span class='ocrx_word' id='word_1_164' title='bbox 1805 2514 2061 2582; x_wconf 82' lang='lat' dir='ltr'><strong>rogabam</strong></span> <span class='ocrx_word' id='word_1_165' title='bbox 2089 2512 2208 2565; x_wconf 88' lang='lat' dir='ltr'><strong>dari</strong></span> 
     </span>
    </p>
   </div>
   <div class='ocr_carea' id='block_1_27' title="bbox 647 2603 2208 2676">
    <p class='ocr_par' dir='ltr' id='par_1_27' title="bbox 647 2603 2208 2676">
     <span class='ocr_line' id='line_1_27' title="bbox 647 2603 2208 2676; baseline -0.005 -11"><span class='ocrx_word' id='word_1_166' title='bbox 647 2612 779 2665; x_wconf 86' lang='lat' dir='ltr'><strong>mihi</strong></span> <span class='ocrx_word' id='word_1_167' title='bbox 828 2611 941 2666; x_wconf 87' lang='lat' dir='ltr'><strong>alas</strong></span> <span class='ocrx_word' id='word_1_168' title='bbox 993 2611 1241 2663; x_wconf 79' lang='lat' dir='ltr'><strong>aVoIandi</strong></span> <span class='ocrx_word' id='word_1_169' title='bbox 1294 2624 1479 2671; x_wconf 88' lang='lat' dir='ltr'><strong>causa,</strong></span> <span class='ocrx_word' id='word_1_170' title='bbox 1535 2615 1594 2660; x_wconf 91' lang='lat' dir='ltr'><strong>ut</strong></span> <span class='ocrx_word' id='word_1_171' title='bbox 1642 2607 1767 2660; x_wconf 89' lang='lat' dir='ltr'><strong>alibi</strong></span> <span class='ocrx_word' id='word_1_172' title='bbox 1823 2603 2208 2676; x_wconf 83' lang='lat' dir='ltr'><strong>quiescerem.]</strong></span> 
     </span>
    </p>
   </div>
   <div class='ocr_carea' id='block_1_28' title="bbox 647 2695 2205 2761">
    <p class='ocr_par' dir='ltr' id='par_1_28' title="bbox 647 2695 2205 2761">
     <span class='ocr_line' id='line_1_28' title="bbox 647 2695 2205 2761; baseline -0.004 -7"><span class='ocrx_word' id='word_1_173' title='bbox 647 2699 751 2754; x_wconf 87' lang='lat' dir='ltr'><strong>Cor</strong></span> <span class='ocrx_word' id='word_1_174' title='bbox 784 2716 953 2752; x_wconf 87' lang='lat' dir='ltr'><strong>meum</strong></span> <span class='ocrx_word' id='word_1_175' title='bbox 980 2699 1348 2751; x_wconf 86' lang='lat' dir='ltr'><strong>conturbatum</strong></span> <span class='ocrx_word' id='word_1_176' title='bbox 1382 2705 1457 2748; x_wconf 88' lang='lat' dir='ltr'><strong>est</strong></span> <span class='ocrx_word' id='word_1_177' title='bbox 1483 2697 1534 2747; x_wconf 86' lang='lat' dir='ltr'><strong>in</strong></span> <span class='ocrx_word' id='word_1_178' title='bbox 1561 2711 1659 2760; x_wconf 87' lang='lat' dir='ltr'><strong>me,</strong></span> <span class='ocrx_word' id='word_1_179' title='bbox 1688 2705 1739 2748; x_wconf 88' lang='lat' dir='ltr'><strong>et</strong></span> <span class='ocrx_word' id='word_1_180' title='bbox 1771 2695 1997 2761; x_wconf 77' lang='lat' dir='ltr'><strong>formido</strong></span> <span class='ocrx_word' id='word_1_181' title='bbox 2022 2696 2205 2748; x_wconf 86' lang='lat' dir='ltr'><strong>mortis</strong></span> 
     </span>
    </p>
   </div>
   <div class='ocr_carea' id='block_1_29' title="bbox 644 2787 2205 2857">
    <p class='ocr_par' dir='ltr' id='par_1_29' title="bbox 644 2787 2205 2857">
     <span class='ocr_line' id='line_1_29' title="bbox 644 2787 2205 2857; baseline -0.001 -14"><span class='ocrx_word' id='word_1_182' title='bbox 644 2790 828 2842; x_wconf 82' lang='lat' dir='ltr'><strong>cecidit</strong></span> <span class='ocrx_word' id='word_1_183' title='bbox 850 2805 1004 2857; x_wconf 85' lang='lat' dir='ltr'><strong>super</strong></span> <span class='ocrx_word' id='word_1_184' title='bbox 1028 2805 1125 2842; x_wconf 88' lang='lat' dir='ltr'><strong>me.</strong></span> <span class='ocrx_word' id='word_1_185' title='bbox 1154 2789 1291 2842; x_wconf 74' lang='lat' dir='ltr'><strong>Ecce</strong></span> <span class='ocrx_word' id='word_1_186' title='bbox 1321 2803 1414 2840; x_wconf 84' lang='lat' dir='ltr'><strong>cur</strong></span> <span class='ocrx_word' id='word_1_187' title='bbox 1438 2802 1639 2846; x_wconf 89' lang='lat' dir='ltr'><strong>meum.</strong></span> <span class='ocrx_word' id='word_1_188' title='bbox 1663 2787 1858 2856; x_wconf 88' lang='lat' dir='ltr'><strong>inquit,</strong></span> <span class='ocrx_word' id='word_1_189' title='bbox 1884 2788 2064 2840; x_wconf 88' lang='lat' dir='ltr'><strong>omnia</strong></span> <span class='ocrx_word' id='word_1_190' title='bbox 2090 2803 2205 2841; x_wconf 88' lang='lat' dir='ltr'><strong>mea</strong></span> 
     </span>
    </p>
   </div>
   <div class='ocr_carea' id='block_1_30' title="bbox 645 2880 2204 2941">
    <p class='ocr_par' dir='ltr' id='par_1_30' title="bbox 645 2880 2204 2941">
     <span class='ocr_line' id='line_1_30' title="bbox 645 2880 2204 2941; baseline -0.003 -7"><span class='ocrx_word' id='word_1_191' title='bbox 645 2881 903 2935; x_wconf 90' lang='lat' dir='ltr'><strong>interiora</strong></span> <span class='ocrx_word' id='word_1_192' title='bbox 942 2882 1133 2935; x_wconf 84' lang='lat' dir='ltr'><strong>evertit</strong></span> <span class='ocrx_word' id='word_1_193' title='bbox 1163 2899 1174 2934; x_wconf 93' lang='lat'>:</span> <span class='ocrx_word' id='word_1_194' title='bbox 1207 2882 1315 2934; x_wconf 79' lang='lat' dir='ltr'><strong>into</strong></span> <span class='ocrx_word' id='word_1_195' title='bbox 1343 2881 1504 2933; x_wconf 87' lang='lat' dir='ltr'><strong>etiam</strong></span> <span class='ocrx_word' id='word_1_196' title='bbox 1544 2880 1772 2941; x_wconf 79' lang='lat' dir='ltr'><strong>formido</strong></span> <span class='ocrx_word' id='word_1_197' title='bbox 1806 2880 1991 2930; x_wconf 86' lang='lat' dir='ltr'><strong>mortis</strong></span> <span class='ocrx_word' id='word_1_198' title='bbox 2018 2880 2204 2931; x_wconf 85' lang='lat' dir='ltr'><strong>cecidit</strong></span> 
     </span>
    </p>
   </div>
   <div class='ocr_carea' id='block_1_31' title="bbox 641 2968 2205 3042">
    <p class='ocr_par' dir='ltr' id='par_1_31' title="bbox 641 2968 2205 3042">
     <span class='ocr_line' id='line_1_31' title="bbox 641 2968 2205 3042; baseline -0.003 -17"><span class='ocrx_word' id='word_1_199' title='bbox 641 2990 796 3042; x_wconf 84' lang='lat' dir='ltr'><strong>super</strong></span> <span class='ocrx_word' id='word_1_200' title='bbox 843 2990 941 3027; x_wconf 89' lang='lat' dir='ltr'><strong>me.</strong></span> <span class='ocrx_word' id='word_1_201' title='bbox 999 2972 1266 3026; x_wconf 84' lang='lat' dir='ltr'><strong>Nimirum</strong></span> <span class='ocrx_word' id='word_1_202' title='bbox 1313 2973 1416 3025; x_wconf 89' lang='lat' dir='ltr'><strong>hoc</strong></span> <span class='ocrx_word' id='word_1_203' title='bbox 1438 2973 1504 3024; x_wconf 92' lang='lat' dir='ltr'><strong>de</strong></span> <span class='ocrx_word' id='word_1_204' title='bbox 1546 2968 1842 3022; x_wconf 77' lang='lat' dir='ltr'><strong>Salvatoris</strong></span> <span class='ocrx_word' id='word_1_205' title='bbox 1887 2979 2057 3022; x_wconf 88' lang='lat' dir='ltr'><strong>morte</strong></span> <span class='ocrx_word' id='word_1_206' title='bbox 2108 2970 2205 3035; x_wconf 88' lang='lat' dir='ltr'><strong>ait,</strong></span> 
     </span>
    </p>
   </div>
   <div class='ocr_carea' id='block_1_32' title="bbox 640 3057 2204 3130">
    <p class='ocr_par' dir='ltr' id='par_1_32' title="bbox 640 3057 2204 3130">
     <span class='ocr_line' id='line_1_32' title="bbox 640 3057 2204 3130; baseline -0.003 -13"><span class='ocrx_word' id='word_1_207' title='bbox 640 3065 711 3117; x_wconf 91' lang='lat' dir='ltr'><strong>ob</strong></span> <span class='ocrx_word' id='word_1_208' title='bbox 763 3078 925 3130; x_wconf 88' lang='lat' dir='ltr'><strong>quam</strong></span> <span class='ocrx_word' id='word_1_209' title='bbox 989 3061 1275 3114; x_wconf 87' lang='lat' dir='ltr'><strong>formidine</strong></span> <span class='ocrx_word' id='word_1_210' title='bbox 1329 3060 1517 3128; x_wconf 85' lang='lat' dir='ltr'><strong>plenus</strong></span> <span class='ocrx_word' id='word_1_211' title='bbox 1574 3057 1840 3127; x_wconf 80' lang='lat' dir='ltr'><strong>Propheta</strong></span> <span class='ocrx_word' id='word_1_212' title='bbox 1894 3067 2045 3123; x_wconf 88' lang='lat' dir='ltr'><strong>erat,</strong></span> <span class='ocrx_word' id='word_1_213' title='bbox 2103 3061 2204 3113; x_wconf 89' lang='lat' dir='ltr'><strong>bu-</strong></span> 
     </span>
    </p>
   </div>
   <div class='ocr_carea' id='block_1_33' title="bbox 642 3152 2205 3221">
    <p class='ocr_par' dir='ltr' id='par_1_33' title="bbox 642 3152 2205 3221">
     <span class='ocr_line' id='line_1_33' title="bbox 642 3152 2205 3221; baseline -0.003 -13"><span class='ocrx_word' id='word_1_214' title='bbox 642 3169 802 3208; x_wconf 89' lang='lat' dir='ltr'><strong>mana</strong></span> <span class='ocrx_word' id='word_1_215' title='bbox 828 3163 1101 3221; x_wconf 88' lang='lat' dir='ltr'><strong>permotus</strong></span> <span class='ocrx_word' id='word_1_216' title='bbox 1135 3153 1460 3221; x_wconf 82' lang='lat' dir='ltr'><strong>cogitatione</strong></span> <span class='ocrx_word' id='word_1_217' title='bbox 1494 3167 1507 3202; x_wconf 91' lang='lat'>:</span> <span class='ocrx_word' id='word_1_218' title='bbox 1553 3159 1645 3205; x_wconf 90' lang='lat' dir='ltr'><strong>aut</strong></span> <span class='ocrx_word' id='word_1_219' title='bbox 1674 3154 1739 3204; x_wconf 90' lang='lat' dir='ltr'><strong>de</strong></span> <span class='ocrx_word' id='word_1_220' title='bbox 1778 3160 1950 3205; x_wconf 89' lang='lat' dir='ltr'><strong>morte</strong></span> <span class='ocrx_word' id='word_1_221' title='bbox 1991 3152 2205 3204; x_wconf 89' lang='lat' dir='ltr'><strong>anima-</strong></span> 
     </span>
    </p>
   </div>
   <div class='ocr_carea' id='block_1_34' title="bbox 641 3241 2201 3314">
    <p class='ocr_par' dir='ltr' id='par_1_34' title="bbox 641 3241 2201 3314">
     <span class='ocr_line' id='line_1_34' title="bbox 641 3241 2201 3314; baseline -0.003 -17"><span class='ocrx_word' id='word_1_222' title='bbox 641 3261 784 3309; x_wconf 86' lang='lat' dir='ltr'><strong>rum,</strong></span> <span class='ocrx_word' id='word_1_223' title='bbox 812 3260 948 3314; x_wconf 89' lang='lat' dir='ltr'><strong>quas</strong></span> <span class='ocrx_word' id='word_1_224' title='bbox 985 3260 1076 3312; x_wconf 80' lang='lat' dir='ltr'><strong>per</strong></span> <span class='ocrx_word' id='word_1_225' title='bbox 1122 3243 1234 3298; x_wconf 67' lang='lat' dir='ltr'><strong>haec</strong></span> <span class='ocrx_word' id='word_1_226' title='bbox 1274 3241 1515 3298; x_wconf 88' lang='lat' dir='ltr'><strong>facinora</strong></span> <span class='ocrx_word' id='word_1_227' title='bbox 1552 3243 1606 3296; x_wconf 90' lang='lat' dir='ltr'><strong>in</strong></span> <span class='ocrx_word' id='word_1_228' title='bbox 1644 3244 1870 3297; x_wconf 77' lang='lat' dir='ltr'><strong>exitium</strong></span> <span class='ocrx_word' id='word_1_229' title='bbox 1915 3258 2074 3295; x_wconf 87' lang='lat' dir='ltr'><strong>ruere</strong></span> <span class='ocrx_word' id='word_1_230' title='bbox 2119 3241 2201 3294; x_wconf 91' lang='lat' dir='ltr'><strong>fu-</strong></span> 
     </span>
    </p>
   </div>
   <div class='ocr_carea' id='block_1_35' title="bbox 641 3333 2200 3402">
    <p class='ocr_par' dir='ltr' id='par_1_35' title="bbox 641 3333 2200 3402">
     <span class='ocr_line' id='line_1_35' title="bbox 641 3333 2200 3402; baseline -0.003 -12"><span class='ocrx_word' id='word_1_231' title='bbox 641 3347 820 3390; x_wconf 89' lang='lat' dir='ltr'><strong>turum</strong></span> <span class='ocrx_word' id='word_1_232' title='bbox 859 3347 992 3390; x_wconf 85' lang='lat' dir='ltr'><strong>erat.</strong></span> <span class='ocrx_word' id='word_1_233' title='bbox 1028 3337 1133 3389; x_wconf 85' lang='lat' dir='ltr'><strong>Sed</strong></span> <span class='ocrx_word' id='word_1_234' title='bbox 1168 3337 1330 3389; x_wconf 89' lang='lat' dir='ltr'><strong>etiam</strong></span> <span class='ocrx_word' id='word_1_235' title='bbox 1360 3338 1515 3387; x_wconf 89' lang='lat' dir='ltr'><strong>timor</strong></span> <span class='ocrx_word' id='word_1_236' title='bbox 1550 3343 1602 3388; x_wconf 89' lang='lat' dir='ltr'><strong>et</strong></span> <span class='ocrx_word' id='word_1_237' title='bbox 1644 3345 1835 3386; x_wconf 87' lang='lat' dir='ltr'><strong>tremor</strong></span> <span class='ocrx_word' id='word_1_238' title='bbox 1875 3333 2200 3402; x_wconf 84' lang='lat' dir='ltr'><strong>Prophetam</strong></span> 
     </span>
    </p>
   </div>
   <div class='ocr_carea' id='block_1_36' title="bbox 638 3425 2199 3495">
    <p class='ocr_par' dir='ltr' id='par_1_36' title="bbox 638 3425 2199 3495">
     <span class='ocr_line' id='line_1_36' title="bbox 638 3425 2199 3495; baseline -0.001 -14"><span class='ocrx_word' id='word_1_239' title='bbox 638 3429 836 3484; x_wconf 87' lang='lat' dir='ltr'><strong>invasit</strong></span> <span class='ocrx_word' id='word_1_240' title='bbox 865 3438 1171 3482; x_wconf 85' lang='lat' dir='ltr'><strong>cernentem</strong></span> <span class='ocrx_word' id='word_1_241' title='bbox 1198 3428 1452 3481; x_wconf 87' lang='lat' dir='ltr'><strong>dilectum</strong></span> <span class='ocrx_word' id='word_1_242' title='bbox 1485 3425 1577 3480; x_wconf 87' lang='lat' dir='ltr'><strong>Dei</strong></span> <span class='ocrx_word' id='word_1_243' title='bbox 1611 3429 1720 3480; x_wconf 71' lang='lat' dir='ltr'><strong>haec</strong></span> <span class='ocrx_word' id='word_1_244' title='bbox 1755 3427 1822 3480; x_wconf 85' lang='lat' dir='ltr'><strong>ab</strong></span> <span class='ocrx_word' id='word_1_245' title='bbox 1854 3427 2031 3494; x_wconf 86' lang='lat' dir='ltr'><strong>impiis</strong></span> <span class='ocrx_word' id='word_1_246' title='bbox 2058 3427 2199 3495; x_wconf 89' lang='lat' dir='ltr'><strong>pati;</strong></span> 
     </span>
    </p>
   </div>
   <div class='ocr_carea' id='block_1_37' title="bbox 640 3517 2202 3585">
    <p class='ocr_par' dir='ltr' id='par_1_37' title="bbox 640 3517 2202 3585">
     <span class='ocr_line' id='line_1_37' title="bbox 640 3517 2202 3585; baseline -0.003 -13"><span class='ocrx_word' id='word_1_247' title='bbox 640 3528 977 3573; x_wconf 77' lang='lat' dir='ltr'><strong>contexerant</strong></span> <span class='ocrx_word' id='word_1_248' title='bbox 1015 3527 1193 3571; x_wconf 89' lang='lat' dir='ltr'><strong>autem</strong></span> <span class='ocrx_word' id='word_1_249' title='bbox 1215 3534 1337 3571; x_wconf 87' lang='lat' dir='ltr'><strong>eum</strong></span> <span class='ocrx_word' id='word_1_250' title='bbox 1379 3517 1621 3581; x_wconf 80' lang='lat' dir='ltr'><strong>tenebrw,</strong></span> <span class='ocrx_word' id='word_1_251' title='bbox 1649 3518 1775 3585; x_wconf 85' lang='lat' dir='ltr'><strong>quia</strong></span> <span class='ocrx_word' id='word_1_252' title='bbox 1813 3517 2019 3570; x_wconf 88' lang='lat' dir='ltr'><strong>scilicet</strong></span> <span class='ocrx_word' id='word_1_253' title='bbox 2051 3526 2202 3570; x_wconf 88' lang='lat' dir='ltr'><strong>tene-</strong></span> 
     </span>
    </p>
   </div>
   <div class='ocr_carea' id='block_1_38' title="bbox 638 3605 2202 3678">
    <p class='ocr_par' dir='ltr' id='par_1_38' title="bbox 638 3605 2202 3678">
     <span class='ocr_line' id='line_1_38' title="bbox 638 3605 2202 3678; baseline -0.004 -13"><span class='ocrx_word' id='word_1_254' title='bbox 638 3611 752 3665; x_wconf 89' lang='lat' dir='ltr'><strong>bris</strong></span> <span class='ocrx_word' id='word_1_255' title='bbox 784 3611 942 3678; x_wconf 73' lang='lat' dir='ltr'><strong>digna</strong></span> <span class='ocrx_word' id='word_1_256' title='bbox 979 3619 1297 3678; x_wconf 74' lang='lat' dir='ltr'><strong>essentquze</strong></span> <span class='ocrx_word' id='word_1_257' title='bbox 1334 3608 1596 3661; x_wconf 84' lang='lat' dir='ltr'><strong>adversus</strong></span> <span class='ocrx_word' id='word_1_258' title='bbox 1622 3605 1959 3661; x_wconf 83' lang='lat' dir='ltr'><strong>Salvaton-m</strong></span> <span class='ocrx_word' id='word_1_259' title='bbox 1994 3615 2202 3676; x_wconf 91' lang='lat' dir='ltr'><strong>patrata</strong></span> 
     </span>
    </p>
   </div>
   <div class='ocr_carea' id='block_1_39' title="bbox 639 3699 2199 3770">
    <p class='ocr_par' dir='ltr' id='par_1_39' title="bbox 639 3699 2199 3770">
     <span class='ocr_line' id='line_1_39' title="bbox 639 3699 2199 3770; baseline -0.003 -12"><span class='ocrx_word' id='word_1_260' title='bbox 639 3711 786 3758; x_wconf 91' lang='lat' dir='ltr'><strong>sunt.</strong></span> <span class='ocrx_word' id='word_1_261' title='bbox 823 3701 1026 3755; x_wconf 78' lang='lat' dir='ltr'><strong>Exinde</strong></span> <span class='ocrx_word' id='word_1_262' title='bbox 1071 3716 1198 3754; x_wconf 86' lang='lat' dir='ltr'><strong>vero</strong></span> <span class='ocrx_word' id='word_1_263' title='bbox 1243 3699 1399 3770; x_wconf 87' lang='lat' dir='ltr'><strong>qttasi</strong></span> <span class='ocrx_word' id='word_1_264' title='bbox 1451 3699 1670 3753; x_wconf 87' lang='lat' dir='ltr'><strong>relictus</strong></span> <span class='ocrx_word' id='word_1_265' title='bbox 1714 3700 1763 3753; x_wconf 93' lang='lat' dir='ltr'><strong>iu</strong></span> <span class='ocrx_word' id='word_1_266' title='bbox 1806 3699 1983 3753; x_wconf 90' lang='lat' dir='ltr'><strong>medio</strong></span> <span class='ocrx_word' id='word_1_267' title='bbox 2012 3714 2199 3754; x_wconf 88' lang='lat' dir='ltr'><strong>eorum</strong></span> 
     </span>
    </p>
   </div>
   <div class='ocr_carea' id='block_1_40' title="bbox 645 3790 2200 3861">
    <p class='ocr_par' dir='ltr' id='par_1_40' title="bbox 645 3790 2200 3861">
     <span class='ocr_line' id='line_1_40' title="bbox 645 3790 2200 3861; baseline 0.001 -16"><span class='ocrx_word' id='word_1_268' title='bbox 645 3793 726 3861; x_wconf 56' lang='lat' dir='ltr'><strong>sui</strong></span> <span class='ocrx_word' id='word_1_269' title='bbox 767 3793 878 3845; x_wconf 79' lang='lat' dir='ltr'><strong>lucc</strong></span> <span class='ocrx_word' id='word_1_270' title='bbox 909 3801 1148 3860; x_wconf 82' lang='lat' dir='ltr'><strong>agerent,</strong></span> <span class='ocrx_word' id='word_1_271' title='bbox 1182 3792 1328 3843; x_wconf 90' lang='lat' dir='ltr'><strong>nullo</strong></span> <span class='ocrx_word' id='word_1_272' title='bbox 1364 3791 1551 3845; x_wconf 86' lang='lat' dir='ltr'><strong>relicto</strong></span> <span class='ocrx_word' id='word_1_273' title='bbox 1576 3790 1756 3861; x_wconf 76' lang='lat' dir='ltr'><strong>ctl‘ugii</strong></span> <span class='ocrx_word' id='word_1_274' title='bbox 1793 3792 1934 3853; x_wconf 91' lang='lat' dir='ltr'><strong>loco,</strong></span> <span class='ocrx_word' id='word_1_275' title='bbox 1967 3807 2063 3846; x_wconf 89' lang='lat' dir='ltr'><strong>nec</strong></span> <span class='ocrx_word' id='word_1_276' title='bbox 2091 3807 2200 3860; x_wconf 89' lang='lat' dir='ltr'><strong>quo</strong></span> 
     </span>
    </p>
   </div>
   <div class='ocr_carea' id='block_1_41' title="bbox 634 3881 2200 3949">
    <p class='ocr_par' dir='ltr' id='par_1_41' title="bbox 634 3881 2200 3949">
     <span class='ocr_line' id='line_1_41' title="bbox 634 3881 2200 3949; baseline -0.001 -11"><span class='ocrx_word' id='word_1_277' title='bbox 634 3885 926 3939; x_wconf 84' lang='lat' dir='ltr'><strong>declinaret</strong></span> <span class='ocrx_word' id='word_1_278' title='bbox 959 3899 988 3936; x_wconf 93' lang='lat' dir='ltr'><strong>a</strong></span> <span class='ocrx_word' id='word_1_279' title='bbox 1019 3884 1183 3936; x_wconf 88' lang='lat' dir='ltr'><strong>tantis</strong></span> <span class='ocrx_word' id='word_1_280' title='bbox 1213 3883 1369 3936; x_wconf 88' lang='lat' dir='ltr'><strong>malis</strong></span> <span class='ocrx_word' id='word_1_281' title='bbox 1396 3881 1621 3942; x_wconf 87' lang='lat' dir='ltr'><strong>habens,</strong></span> <span class='ocrx_word' id='word_1_282' title='bbox 1656 3891 1906 3949; x_wconf 88' lang='lat' dir='ltr'><strong>precatur</strong></span> <span class='ocrx_word' id='word_1_283' title='bbox 1946 3898 2003 3936; x_wconf 90' lang='lat' dir='ltr'><strong>se</strong></span> <span class='ocrx_word' id='word_1_284' title='bbox 2029 3884 2200 3938; x_wconf 86' lang='lat' dir='ltr'><strong>subli-</strong></span> 
     </span>
    </p>
   </div>
   <div class='ocr_carea' id='block_1_42' title="bbox 637 3971 2089 4044">
    <p class='ocr_par' dir='ltr' id='par_1_42' title="bbox 637 3971 2089 4044">
     <span class='ocr_line' id='line_1_42' title="bbox 637 3971 2089 4044; baseline -0.001 -14"><span class='ocrx_word' id='word_1_285' title='bbox 637 3993 777 4031; x_wconf 84' lang='lat' dir='ltr'><strong>mem</strong></span> <span class='ocrx_word' id='word_1_286' title='bbox 805 3976 940 4044; x_wconf 88' lang='lat' dir='ltr'><strong>rapi,</strong></span> <span class='ocrx_word' id='word_1_287' title='bbox 972 3983 1128 4042; x_wconf 83' lang='lat' dir='ltr'><strong>atque</strong></span> <span class='ocrx_word' id='word_1_288' title='bbox 1159 3975 1330 4026; x_wconf 84' lang='lat' dir='ltr'><strong>instar</strong></span> <span class='ocrx_word' id='word_1_289' title='bbox 1364 3971 1480 4025; x_wconf 75' lang='lat' dir='ltr'><strong>avis</strong></span> <span class='ocrx_word' id='word_1_290' title='bbox 1517 3987 1613 4040; x_wconf 88' lang='lat' dir='ltr'><strong>per</strong></span> <span class='ocrx_word' id='word_1_291' title='bbox 1638 3986 1816 4026; x_wconf 85' lang='lat' dir='ltr'><strong>aerem</strong></span> <span class='ocrx_word' id='word_1_292' title='bbox 1852 3973 2089 4028; x_wconf 88' lang='lat' dir='ltr'><strong>avolare.</strong></span> 
     </span>
    </p>
   </div>
   <div class='ocr_carea' id='block_1_43' title="bbox 708 4084 2200 4157">
    <p class='ocr_par' dir='ltr' id='par_1_43' title="bbox 708 4084 2200 4157">
     <span class='ocr_line' id='line_1_43' title="bbox 708 4084 2200 4157; baseline -0.005 -12"><span class='ocrx_word' id='word_1_293' title='bbox 708 4090 761 4145; x_wconf 87' lang='lat'><strong>9.</strong></span> <span class='ocrx_word' id='word_1_294' title='bbox 805 4087 1186 4157; x_wconf 78' lang='lat' dir='ltr'><strong>Exspectabam</strong></span> <span class='ocrx_word' id='word_1_295' title='bbox 1219 4085 1382 4140; x_wconf 89' lang='lat' dir='ltr'><strong>Deum</strong></span> <span class='ocrx_word' id='word_1_296' title='bbox 1414 4087 1502 4150; x_wconf 88' lang='lat' dir='ltr'><strong>qui</strong></span> <span class='ocrx_word' id='word_1_297' title='bbox 1540 4084 1744 4139; x_wconf 86' lang='lat' dir='ltr'><strong>salvum</strong></span> <span class='ocrx_word' id='word_1_298' title='bbox 1770 4101 1847 4138; x_wconf 91' lang='lat' dir='ltr'><strong>me</strong></span> <span class='ocrx_word' id='word_1_299' title='bbox 1873 4086 2015 4154; x_wconf 81' lang='lat' dir='ltr'><strong>fecit.</strong></span> <span class='ocrx_word' id='word_1_300' title='bbox 2047 4104 2076 4138; x_wconf 91' lang='lat' dir='ltr'><strong>a</strong></span> <span class='ocrx_word' id='word_1_301' title='bbox 2102 4102 2200 4155; x_wconf 85' lang='lat' dir='ltr'><strong>pu-</strong></span> 
     </span>
    </p>
   </div>
   <div class='ocr_carea' id='block_1_44' title="bbox 631 4176 2195 4248">
    <p class='ocr_par' dir='ltr' id='par_1_44' title="bbox 631 4176 2195 4248">
     <span class='ocr_line' id='line_1_44' title="bbox 631 4176 2195 4248; baseline -0.004 -10"><span class='ocrx_word' id='word_1_302' title='bbox 631 4183 998 4238; x_wconf 73' lang='lat' dir='ltr'><strong>sillanimitate</strong></span> <span class='ocrx_word' id='word_1_303' title='bbox 1054 4182 1269 4248; x_wconf 79' lang='lat' dir='ltr'><strong>spiritus</strong></span> <span class='ocrx_word' id='word_1_304' title='bbox 1319 4188 1367 4231; x_wconf 92' lang='lat' dir='ltr'><strong>et</strong></span> <span class='ocrx_word' id='word_1_305' title='bbox 1427 4188 1744 4246; x_wconf 85' lang='lat' dir='ltr'><strong>tempestate.</strong></span> <span class='ocrx_word' id='word_1_306' title='bbox 1800 4176 2195 4248; x_wconf 81' lang='lat' dir='ltr'><strong>Tetnpeslatem</strong></span> 
     </span>
    </p>
   </div>
   <div class='ocr_carea' id='block_1_45' title="bbox 634 4268 1948 4337">
    <p class='ocr_par' dir='ltr' id='par_1_45' title="bbox 634 4268 1948 4337">
     <span class='ocr_line' id='line_1_45' title="bbox 634 4268 1948 4337; baseline -0.004 -12"><span class='ocrx_word' id='word_1_307' title='bbox 634 4284 789 4326; x_wconf 84' lang='lat' dir='ltr'><strong>vocat</strong></span> <span class='ocrx_word' id='word_1_308' title='bbox 821 4273 1062 4328; x_wconf 81' lang='lat' dir='ltr'><strong>dolorem</strong></span> <span class='ocrx_word' id='word_1_309' title='bbox 1097 4271 1196 4324; x_wconf 89' lang='lat' dir='ltr'><strong>sibi</strong></span> <span class='ocrx_word' id='word_1_310' title='bbox 1226 4284 1318 4336; x_wconf 88' lang='lat' dir='ltr'><strong>per</strong></span> <span class='ocrx_word' id='word_1_311' title='bbox 1351 4270 1660 4337; x_wconf 85' lang='lat' dir='ltr'><strong>passionem</strong></span> <span class='ocrx_word' id='word_1_312' title='bbox 1687 4268 1948 4322; x_wconf 89' lang='lat' dir='ltr'><strong>oblatum.</strong></span> 
     </span>
    </p>
   </div>
   <div class='ocr_carea' id='block_1_46' title="bbox 704 4359 2196 4428">
    <p class='ocr_par' dir='ltr' id='par_1_46' title="bbox 704 4359 2196 4428">
     <span class='ocr_line' id='line_1_46' title="bbox 704 4359 2196 4428; baseline -0.003 -12"><span class='ocrx_word' id='word_1_313' title='bbox 704 4362 790 4416; x_wconf 72' lang='grc'><strong>10.</strong></span> <span class='ocrx_word' id='word_1_314' title='bbox 823 4363 1080 4425; x_wconf 77' lang='lat' dir='ltr'><strong>Quoniam</strong></span> <span class='ocrx_word' id='word_1_315' title='bbox 1124 4361 1230 4413; x_wconf 79' lang='lat' dir='ltr'><strong>ridi</strong></span> <span class='ocrx_word' id='word_1_316' title='bbox 1274 4361 1605 4428; x_wconf 85' lang='lat' dir='ltr'><strong>iniquitatem</strong></span> <span class='ocrx_word' id='word_1_317' title='bbox 1634 4368 1684 4413; x_wconf 86' lang='lat' dir='ltr'><strong>et</strong></span> <span class='ocrx_word' id='word_1_318' title='bbox 1725 4359 2196 4413; x_wconf 86' lang='lat' dir='ltr'><strong>contradictionem</strong></span> 
     </span>
    </p>
   </div>
   <div class='ocr_carea' id='block_1_47' title="bbox 627 4452 2190 4523">
    <p class='ocr_par' dir='ltr' id='par_1_47' title="bbox 627 4452 2190 4523">
     <span class='ocr_line' id='line_1_47' title="bbox 627 4452 2190 4523; baseline -0.002 -14"><span class='ocrx_word' id='word_1_319' title='bbox 627 4456 685 4509; x_wconf 84' lang='lat' dir='ltr'><strong>in</strong></span> <span class='ocrx_word' id='word_1_320' title='bbox 717 4455 945 4508; x_wconf 76' lang='lat' dir='ltr'><strong>civitate.</strong></span> <span class='ocrx_word' id='word_1_321' title='bbox 976 4454 1186 4508; x_wconf 83' lang='lat' dir='ltr'><strong>Causas</strong></span> <span class='ocrx_word' id='word_1_322' title='bbox 1229 4454 1452 4520; x_wconf 87' lang='lat' dir='ltr'><strong>apponit</strong></span> <span class='ocrx_word' id='word_1_323' title='bbox 1483 4468 1582 4507; x_wconf 88' lang='lat' dir='ltr'><strong>cur</strong></span> <span class='ocrx_word' id='word_1_324' title='bbox 1620 4469 1715 4510; x_wconf 90' lang='lat' dir='ltr'><strong>eas</strong></span> <span class='ocrx_word' id='word_1_325' title='bbox 1744 4469 1931 4523; x_wconf 85' lang='lat' dir='ltr'><strong>preces</strong></span> <span class='ocrx_word' id='word_1_326' title='bbox 1971 4452 2190 4508; x_wconf 78' lang='lat' dir='ltr'><strong>fuderit.</strong></span> 
     </span>
    </p>
   </div>
   <div class='ocr_carea' id='block_1_48' title="bbox 700 4617 2262 4685">
    <p class='ocr_par' dir='ltr' id='par_1_48' title="bbox 700 4617 2262 4685">
     <span class='ocr_line' id='line_1_48' title="bbox 700 4617 2262 4685; baseline -0.002 -9"><span class='ocrx_word' id='word_1_327' title='bbox 700 4623 887 4676; x_wconf 67' lang='lat'><strong>13-15.</strong></span> <span class='ocrx_word' id='word_1_328' title='bbox 930 4620 1192 4685; x_wconf 83' lang='lat' dir='ltr'><strong>Quoniam</strong></span> <span class='ocrx_word' id='word_1_329' title='bbox 1230 4621 1275 4672; x_wconf 88' lang='lat' dir='ltr'><strong>si</strong></span> <span class='ocrx_word' id='word_1_330' title='bbox 1312 4621 1555 4672; x_wconf 87' lang='lat' dir='ltr'><strong>inimicus</strong></span> <span class='ocrx_word' id='word_1_331' title='bbox 1612 4617 1968 4671; x_wconf 74' lang='lat' dir='ltr'><strong>maledixisset</strong></span> <span class='ocrx_word' id='word_1_332' title='bbox 2036 4619 2183 4683; x_wconf 80' lang='lat' dir='ltr'><strong>milii,</strong></span> <span class='ocrx_word' id='word_1_333' title='bbox 2221 4629 2262 4682; x_wconf 84' lang='grc' dir='ltr'><strong>ι)</strong></span> 
     </span>
    </p>
   </div>
   <div class='ocr_carea' id='block_1_49' title="bbox 627 4710 2190 4780">
    <p class='ocr_par' dir='ltr' id='par_1_49' title="bbox 627 4710 2190 4780">
     <span class='ocr_line' id='line_1_49' title="bbox 627 4710 2190 4780; baseline -0.002 -12"><span class='ocrx_word' id='word_1_334' title='bbox 627 4715 995 4768; x_wconf 81' lang='lat' dir='ltr'><strong>sustinuissent</strong></span> <span class='ocrx_word' id='word_1_335' title='bbox 1041 4713 1240 4780; x_wconf 87' lang='lat' dir='ltr'><strong>utique.</strong></span> <span class='ocrx_word' id='word_1_336' title='bbox 1289 4710 1413 4765; x_wconf 65' lang='lat' dir='ltr'><strong>llwc</strong></span> <span class='ocrx_word' id='word_1_337' title='bbox 1453 4711 1518 4764; x_wconf 82' lang='lat' dir='ltr'><strong>ad</strong></span> <span class='ocrx_word' id='word_1_338' title='bbox 1564 4725 1851 4779; x_wconf 87' lang='lat' dir='ltr'><strong>personam</strong></span> <span class='ocrx_word' id='word_1_339' title='bbox 1899 4710 2190 4778; x_wconf 89' lang='lat' dir='ltr'><strong>proditoris</strong></span> 
     </span>
    </p>
   </div>
   <div class='ocr_carea' id='block_1_50' title="bbox 624 4802 2190 4875">
    <p class='ocr_par' dir='ltr' id='par_1_50' title="bbox 624 4802 2190 4875">
     <span class='ocr_line' id='line_1_50' title="bbox 624 4802 2190 4875; baseline 0 -16"><span class='ocrx_word' id='word_1_340' title='bbox 624 4805 745 4875; x_wconf 82' lang='lat' dir='ltr'><strong>jure</strong></span> <span class='ocrx_word' id='word_1_341' title='bbox 778 4804 1099 4857; x_wconf 73' lang='lat' dir='ltr'><strong>I&#39;el&#39;Crantur.</strong></span> <span class='ocrx_word' id='word_1_342' title='bbox 1141 4802 1216 4854; x_wconf 81' lang='lat' dir='ltr'><strong>Tu</strong></span> <span class='ocrx_word' id='word_1_343' title='bbox 1247 4820 1380 4867; x_wconf 75' lang='lat' dir='ltr'><strong>vero,</strong></span> <span class='ocrx_word' id='word_1_344' title='bbox 1411 4805 1561 4855; x_wconf 79' lang='lat' dir='ltr'><strong>homo</strong></span> <span class='ocrx_word' id='word_1_345' title='bbox 1590 4804 1874 4869; x_wconf 84' lang='lat' dir='ltr'><strong>unanimis,</strong></span> <span class='ocrx_word' id='word_1_346' title='bbox 1913 4806 2022 4856; x_wconf 76' lang='lat' dir='ltr'><strong>dua:</strong></span> <span class='ocrx_word' id='word_1_347' title='bbox 2051 4821 2190 4859; x_wconf 80' lang='lat' dir='ltr'><strong>meus</strong></span> 
     </span>
    </p>
   </div>
   <div class='ocr_carea' id='block_1_51' title="bbox 624 4894 2188 4963">
    <p class='ocr_par' dir='ltr' id='par_1_51' title="bbox 624 4894 2188 4963">
     <span class='ocr_line' id='line_1_51' title="bbox 624 4894 2188 4963; baseline 0.001 -11"><span class='ocrx_word' id='word_1_348' title='bbox 624 4908 673 4952; x_wconf 92' lang='lat' dir='ltr'><strong>et</strong></span> <span class='ocrx_word' id='word_1_349' title='bbox 699 4909 850 4952; x_wconf 86' lang='lat' dir='ltr'><strong>notus</strong></span> <span class='ocrx_word' id='word_1_350' title='bbox 878 4913 1041 4950; x_wconf 87' lang='lat' dir='ltr'><strong>meus.</strong></span> <span class='ocrx_word' id='word_1_351' title='bbox 1066 4894 1231 4961; x_wconf 87' lang='lat' dir='ltr'><strong>Quasi</strong></span> <span class='ocrx_word' id='word_1_352' title='bbox 1251 4897 1412 4957; x_wconf 86' lang='lat' dir='ltr'><strong>dicat,</strong></span> <span class='ocrx_word' id='word_1_353' title='bbox 1434 4897 1472 4947; x_wconf 83' lang='lat' dir='ltr'><strong>A</strong></span> <span class='ocrx_word' id='word_1_354' title='bbox 1503 4912 1590 4950; x_wconf 90' lang='lat' dir='ltr'><strong>me</strong></span> <span class='ocrx_word' id='word_1_355' title='bbox 1622 4897 1731 4951; x_wconf 76' lang='lat' dir='ltr'><strong>dux</strong></span> <span class='ocrx_word' id='word_1_356' title='bbox 1756 4898 2084 4952; x_wconf 86' lang='lat' dir='ltr'><strong>constitutus</strong></span> <span class='ocrx_word' id='word_1_357' title='bbox 2107 4914 2188 4963; x_wconf 87' lang='lat' dir='ltr'><strong>es,</strong></span> 
     </span>
    </p>
   </div>
   <div class='ocr_carea' id='block_1_52' title="bbox 624 4987 2187 5058">
    <p class='ocr_par' dir='ltr' id='par_1_52' title="bbox 624 4987 2187 5058">
     <span class='ocr_line' id='line_1_52' title="bbox 624 4987 2187 5058; baseline 0.001 -17"><span class='ocrx_word' id='word_1_358' title='bbox 624 4987 792 5043; x_wconf 83' lang='lat' dir='ltr'><strong>Judas</strong></span> <span class='ocrx_word' id='word_1_359' title='bbox 836 4989 1062 5041; x_wconf 83' lang='lat' dir='ltr'><strong>scilicet.</strong></span> <span class='ocrx_word' id='word_1_360' title='bbox 1109 4989 1212 5053; x_wconf 81' lang='lat' dir='ltr'><strong>Qui</strong></span> <span class='ocrx_word' id='word_1_361' title='bbox 1261 4988 1419 5040; x_wconf 86' lang='lat' dir='ltr'><strong>simul</strong></span> <span class='ocrx_word' id='word_1_362' title='bbox 1470 5003 1666 5040; x_wconf 86' lang='lat' dir='ltr'><strong>mecum</strong></span> <span class='ocrx_word' id='word_1_363' title='bbox 1721 4988 1897 5040; x_wconf 82' lang='lat' dir='ltr'><strong>dulces</strong></span> <span class='ocrx_word' id='word_1_364' title='bbox 1947 4991 2187 5058; x_wconf 85' lang='lat' dir='ltr'><strong>capiebas</strong></span> 
     </span>
    </p>
   </div>
   <div class='ocr_carea' id='block_1_53' title="bbox 626 5077 2188 5150">
    <p class='ocr_par' dir='ltr' id='par_1_53' title="bbox 626 5077 2188 5150">
     <span class='ocr_line' id='line_1_53' title="bbox 626 5077 2188 5150; baseline 0.004 -19"><span class='ocrx_word' id='word_1_365' title='bbox 626 5078 788 5132; x_wconf 83' lang='lat' dir='ltr'><strong>cibos.</strong></span> <span class='ocrx_word' id='word_1_366' title='bbox 839 5077 1069 5132; x_wconf 87' lang='lat' dir='ltr'><strong>Perinde</strong></span> <span class='ocrx_word' id='word_1_367' title='bbox 1116 5088 1199 5131; x_wconf 88' lang='lat' dir='ltr'><strong>est</strong></span> <span class='ocrx_word' id='word_1_368' title='bbox 1245 5094 1307 5132; x_wconf 92' lang='lat' dir='ltr'><strong>ac</strong></span> <span class='ocrx_word' id='word_1_369' title='bbox 1350 5080 1394 5132; x_wconf 91' lang='lat' dir='ltr'><strong>si</strong></span> <span class='ocrx_word' id='word_1_370' title='bbox 1430 5079 1634 5133; x_wconf 85' lang='lat' dir='ltr'><strong>diceret</strong></span> <span class='ocrx_word' id='word_1_371' title='bbox 1673 5097 1684 5131; x_wconf 90' lang='lat'>:</span> <span class='ocrx_word' id='word_1_372' title='bbox 1727 5080 1985 5147; x_wconf 83' lang='lat' dir='ltr'><strong>Ejusdem</strong></span> <span class='ocrx_word' id='word_1_373' title='bbox 2047 5098 2188 5150; x_wconf 75' lang='lat' dir='ltr'><strong>saepe</strong></span> 
     </span>
    </p>
   </div>
   <div class='ocr_carea' id='block_1_54' title="bbox 626 5167 2184 5225">
    <p class='ocr_par' dir='ltr' id='par_1_54' title="bbox 626 5167 2184 5225">
     <span class='ocr_line' id='line_1_54' title="bbox 626 5167 2184 5225; baseline 0.002 -3"><span class='ocrx_word' id='word_1_374' title='bbox 626 5185 828 5222; x_wconf 73' lang='lat' dir='ltr'><strong>mensa:</strong></span> <span class='ocrx_word' id='word_1_375' title='bbox 869 5183 1094 5223; x_wconf 88' lang='lat' dir='ltr'><strong>consors</strong></span> <span class='ocrx_word' id='word_1_376' title='bbox 1137 5168 1303 5222; x_wconf 59' lang='lat' dir='ltr'><strong>fuisti.</strong></span> <span class='ocrx_word' id='word_1_377' title='bbox 1363 5167 1429 5221; x_wconf 89' lang='lat' dir='ltr'><strong>In</strong></span> <span class='ocrx_word' id='word_1_378' title='bbox 1456 5171 1608 5222; x_wconf 85' lang='lat' dir='ltr'><strong>domo</strong></span> <span class='ocrx_word' id='word_1_379' title='bbox 1665 5171 1757 5224; x_wconf 84' lang='lat' dir='ltr'><strong>Dei</strong></span> <span class='ocrx_word' id='word_1_380' title='bbox 1799 5170 2184 5225; x_wconf 79' lang='lat' dir='ltr'><strong>ambulat-imus</strong></span> 
     </span>
    </p>
   </div>
   <div class='ocr_carea' id='block_1_55' title="bbox 628 5260 2184 5332">
    <p class='ocr_par' dir='ltr' id='par_1_55' title="bbox 628 5260 2184 5332">
     <span class='ocr_line' id='line_1_55' title="bbox 628 5260 2184 5332; baseline 0.003 -19"><span class='ocrx_word' id='word_1_381' title='bbox 628 5277 744 5313; x_wconf 87' lang='lat' dir='ltr'><strong>cum</strong></span> <span class='ocrx_word' id='word_1_382' title='bbox 778 5277 1051 5314; x_wconf 82' lang='lat' dir='ltr'><strong>consensu.</strong></span> <span class='ocrx_word' id='word_1_383' title='bbox 1083 5260 1196 5315; x_wconf 88' lang='lat' dir='ltr'><strong>lloc</strong></span> <span class='ocrx_word' id='word_1_384' title='bbox 1223 5262 1298 5314; x_wconf 90' lang='lat' dir='ltr'><strong>ait</strong></span> <span class='ocrx_word' id='word_1_385' title='bbox 1323 5263 1449 5330; x_wconf 91' lang='lat' dir='ltr'><strong>quia</strong></span> <span class='ocrx_word' id='word_1_386' title='bbox 1480 5278 1620 5332; x_wconf 73' lang='lat' dir='ltr'><strong>saepe</strong></span> <span class='ocrx_word' id='word_1_387' title='bbox 1646 5278 1770 5316; x_wconf 92' lang='lat' dir='ltr'><strong>cum</strong></span> <span class='ocrx_word' id='word_1_388' title='bbox 1810 5263 1902 5317; x_wconf 92' lang='lat' dir='ltr'><strong>illo</strong></span> <span class='ocrx_word' id='word_1_389' title='bbox 1949 5265 2003 5316; x_wconf 93' lang='lat' dir='ltr'><strong>in</strong></span> <span class='ocrx_word' id='word_1_390' title='bbox 2043 5274 2184 5319; x_wconf 86' lang='lat' dir='ltr'><strong>tem—</strong></span> 
     </span>
    </p>
   </div>
   <div class='ocr_carea' id='block_1_56' title="bbox 623 5351 1170 5422">
    <p class='ocr_par' dir='ltr' id='par_1_56' title="bbox 623 5351 1170 5422">
     <span class='ocr_line' id='line_1_56' title="bbox 623 5351 1170 5422; baseline -0.002 -19"><span class='ocrx_word' id='word_1_391' title='bbox 623 5351 774 5422; x_wconf 83' lang='lat' dir='ltr'><strong>plum</strong></span> <span class='ocrx_word' id='word_1_392' title='bbox 808 5360 1170 5405; x_wconf 85' lang='lat' dir='ltr'><strong>concesserat.</strong></span> 
     </span>
    </p>
   </div>
   <div class='ocr_carea' id='block_1_57' title="bbox 693 5441 2186 5512">
    <p class='ocr_par' dir='ltr' id='par_1_57' title="bbox 693 5441 2186 5512">
     <span class='ocr_line' id='line_1_57' title="bbox 693 5441 2186 5512; baseline 0.003 -18"><span class='ocrx_word' id='word_1_393' title='bbox 693 5443 779 5495; x_wconf 76' lang='grc'>16.</span> <span class='ocrx_word' id='word_1_394' title='bbox 835 5441 1014 5496; x_wconf 74' lang='lat' dir='ltr'><strong>Veniat</strong></span> <span class='ocrx_word' id='word_1_395' title='bbox 1048 5459 1184 5494; x_wconf 84' lang='lat' dir='ltr'><strong>mors</strong></span> <span class='ocrx_word' id='word_1_396' title='bbox 1215 5460 1368 5512; x_wconf 86' lang='lat' dir='ltr'><strong>super</strong></span> <span class='ocrx_word' id='word_1_397' title='bbox 1398 5443 1538 5505; x_wconf 86' lang='lat' dir='ltr'><strong>illos,</strong></span> <span class='ocrx_word' id='word_1_398' title='bbox 1585 5454 1633 5498; x_wconf 87' lang='lat' dir='ltr'><strong>et</strong></span> <span class='ocrx_word' id='word_1_399' title='bbox 1676 5444 1989 5498; x_wconf 85' lang='lat' dir='ltr'><strong>descendant</strong></span> <span class='ocrx_word' id='word_1_400' title='bbox 2024 5448 2078 5498; x_wconf 88' lang='lat' dir='ltr'><strong>in</strong></span> <span class='ocrx_word' id='word_1_401' title='bbox 2105 5447 2186 5499; x_wconf 89' lang='lat' dir='ltr'><strong>in-</strong></span> 
     </span>
    </p>
   </div>
   <div class='ocr_carea' id='block_1_58' title="bbox 623 5533 2185 5602">
    <p class='ocr_par' dir='ltr' id='par_1_58' title="bbox 623 5533 2185 5602">
     <span class='ocr_line' id='line_1_58' title="bbox 623 5533 2185 5602; baseline 0.003 -17"><span class='ocrx_word' id='word_1_402' title='bbox 623 5533 824 5601; x_wconf 77' lang='lat' dir='ltr'><strong>fernum</strong></span> <span class='ocrx_word' id='word_1_403' title='bbox 854 5536 1091 5589; x_wconf 71' lang='lat' dir='ltr'><strong>viventes.</strong></span> <span class='ocrx_word' id='word_1_404' title='bbox 1126 5535 1170 5599; x_wconf 85' lang='lat' dir='ltr'>Q</span> <span class='ocrx_word' id='word_1_405' title='bbox 1194 5537 1569 5602; x_wconf 58' lang='lat' dir='ltr'><strong>tandoquidem</strong></span> <span class='ocrx_word' id='word_1_406' title='bbox 1616 5538 1904 5592; x_wconf 90' lang='lat' dir='ltr'><strong>noluerunt</strong></span> <span class='ocrx_word' id='word_1_407' title='bbox 1939 5547 1989 5591; x_wconf 84' lang='lat' dir='ltr'><strong>te</strong></span> <span class='ocrx_word' id='word_1_408' title='bbox 2022 5539 2185 5591; x_wconf 70' lang='lat' dir='ltr'><strong>vitam</strong></span> 
     </span>
    </p>
   </div>
   <div class='ocr_carea' id='block_1_59' title="bbox 621 5626 2187 5693">
    <p class='ocr_par' dir='ltr' id='par_1_59' title="bbox 621 5626 2187 5693">
     <span class='ocr_line' id='line_1_59' title="bbox 621 5626 2187 5693; baseline 0.001 -14"><span class='ocrx_word' id='word_1_409' title='bbox 621 5627 887 5692; x_wconf 82' lang='lat' dir='ltr'><strong>accipere,</strong></span> <span class='ocrx_word' id='word_1_410' title='bbox 918 5627 1035 5679; x_wconf 90' lang='lat' dir='ltr'><strong>ideo</strong></span> <span class='ocrx_word' id='word_1_411' title='bbox 1077 5642 1225 5680; x_wconf 87' lang='lat' dir='ltr'><strong>mors</strong></span> <span class='ocrx_word' id='word_1_412' title='bbox 1257 5628 1485 5693; x_wconf 82' lang='lat' dir='ltr'><strong>excipiet</strong></span> <span class='ocrx_word' id='word_1_413' title='bbox 1515 5644 1628 5681; x_wconf 91' lang='lat' dir='ltr'><strong>eos.</strong></span> <span class='ocrx_word' id='word_1_414' title='bbox 1665 5626 1795 5680; x_wconf 88' lang='lat' dir='ltr'><strong>Illud</strong></span> <span class='ocrx_word' id='word_1_415' title='bbox 1829 5640 2008 5682; x_wconf 90' lang='lat' dir='ltr'><strong>autem</strong></span> <span class='ocrx_word' id='word_1_416' title='bbox 2039 5647 2050 5682; x_wconf 91' lang='lat'><strong>:</strong></span> <span class='ocrx_word' id='word_1_417' title='bbox 2085 5629 2187 5681; x_wconf 85' lang='lat' dir='ltr'><strong>De-</strong></span> 
     </span>
    </p>
   </div>
   <div class='ocr_carea' id='block_1_60' title="bbox 623 5716 2185 5788">
    <p class='ocr_par' dir='ltr' id='par_1_60' title="bbox 623 5716 2185 5788">
     <span class='ocr_line' id='line_1_60' title="bbox 623 5716 2185 5788; baseline 0.008 -21"><span class='ocrx_word' id='word_1_418' title='bbox 623 5717 870 5769; x_wconf 73' lang='lat' dir='ltr'><strong>scendunt</strong></span> <span class='ocrx_word' id='word_1_419' title='bbox 895 5716 947 5768; x_wconf 90' lang='lat' dir='ltr'><strong>in</strong></span> <span class='ocrx_word' id='word_1_420' title='bbox 969 5717 1232 5783; x_wconf 77' lang='lat' dir='ltr'><strong>infernum</strong></span> <span class='ocrx_word' id='word_1_421' title='bbox 1261 5719 1503 5782; x_wconf 81' lang='lat' dir='ltr'><strong>virentes,</strong></span> <span class='ocrx_word' id='word_1_422' title='bbox 1534 5720 1658 5788; x_wconf 90' lang='lat' dir='ltr'><strong>quia</strong></span> <span class='ocrx_word' id='word_1_423' title='bbox 1676 5719 1925 5775; x_wconf 74' lang='lat' dir='ltr'><strong>videlicet</strong></span> <span class='ocrx_word' id='word_1_424' title='bbox 1952 5722 2185 5780; x_wconf 87' lang='lat' dir='ltr'><strong>scientes</strong></span> 
     </span>
    </p>
   </div>
   <div class='ocr_carea' id='block_1_61' title="bbox 717 5867 1945 5948">
    <p class='ocr_par' dir='ltr' id='par_1_61' title="bbox 717 5867 1945 5948">
     <span class='ocr_line' id='line_1_61' title="bbox 717 5867 1945 5948; baseline 0.008 -26"><span class='ocrx_word' id='word_1_425' title='bbox 717 5867 806 5938; x_wconf 69' lang='grc' dir='ltr'>εί)</span> <span class='ocrx_word' id='word_1_426' title='bbox 846 5867 973 5926; x_wconf 82' lang='lat' dir='ltr'><strong>Vide</strong></span> <span class='ocrx_word' id='word_1_427' title='bbox 1002 5867 1286 5928; x_wconf 88' lang='lat' dir='ltr'><strong>Onomast.</strong></span> <span class='ocrx_word' id='word_1_428' title='bbox 1321 5876 1383 5929; x_wconf 86' lang='lat' dir='ltr'><strong>ad</strong></span> <span class='ocrx_word' id='word_1_429' title='bbox 1423 5879 1945 5948; x_wconf 68' lang='grc' dir='ltr'>νοοειηἌγαπητός.</span> 
     </span>
    </p>
   </div>
   <div class='ocr_carea' id='block_1_62' title="bbox 2334 691 3891 763">
    <p class='ocr_par' dir='ltr' id='par_1_62' title="bbox 2334 691 3891 763">
     <span class='ocr_line' id='line_1_62' title="bbox 2334 691 3891 763; baseline 0.004 -20"><span class='ocrx_word' id='word_1_430' title='bbox 2334 691 2460 744; x_wconf 83' lang='grc' dir='ltr'>λῶν.</span> <span class='ocrx_word' id='word_1_431' title='bbox 2483 693 2572 763; x_wconf 86' lang='lat' dir='ltr'><strong>M‘q</strong></span> <span class='ocrx_word' id='word_1_432' title='bbox 2598 691 2826 762; x_wconf 83' lang='grc' dir='ltr'>παρίδῃς</span> <span class='ocrx_word' id='word_1_433' title='bbox 2848 692 2954 762; x_wconf 86' lang='grc' dir='ltr'><strong>γάρ</strong></span> <span class='ocrx_word' id='word_1_434' title='bbox 2978 708 3064 761; x_wconf 89' lang='grc' dir='ltr'><strong>με,</strong></span> <span class='ocrx_word' id='word_1_435' title='bbox 3099 692 3248 761; x_wconf 80' lang='grc' dir='ltr'>φησὶ,</span> <span class='ocrx_word' id='word_1_436' title='bbox 3279 691 3658 762; x_wconf 82' lang='grc' dir='ltr'>ποτνιώμενον,</span> <span class='ocrx_word' id='word_1_437' title='bbox 3675 696 3788 748; x_wconf 82' lang='grc' dir='ltr'>ἀλλ’</span> <span class='ocrx_word' id='word_1_438' title='bbox 3803 698 3891 750; x_wconf 85' lang='grc' dir='ltr'>εὐ-</span> 
     </span>
    </p>
   </div>
   <div class='ocr_carea' id='block_1_63' title="bbox 2337 779 3685 852">
    <p class='ocr_par' dir='ltr' id='par_1_63' title="bbox 2337 779 3685 852">
     <span class='ocr_line' id='line_1_63' title="bbox 2337 779 3685 852; baseline 0.004 -21"><span class='ocrx_word' id='word_1_439' title='bbox 2337 779 2510 850; x_wconf 85' lang='grc' dir='ltr'>μενῶς</span> <span class='ocrx_word' id='word_1_440' title='bbox 2542 798 2630 850; x_wconf 89' lang='grc' dir='ltr'><strong>μοι</strong></span> <span class='ocrx_word' id='word_1_441' title='bbox 2658 781 2907 852; x_wconf 81' lang='grc' dir='ltr'>πρόσχες,</span> <span class='ocrx_word' id='word_1_442' title='bbox 2938 781 3030 832; x_wconf 76' lang='grc' dir='ltr'><strong>καὶ</strong></span> <span class='ocrx_word' id='word_1_443' title='bbox 3055 779 3152 850; x_wconf 83' lang='grc' dir='ltr'><strong>τὴν</strong></span> <span class='ocrx_word' id='word_1_444' title='bbox 3191 779 3436 851; x_wconf 79' lang='grc' dir='ltr'>βοήθειαν</span> <span class='ocrx_word' id='word_1_445' title='bbox 3467 781 3685 852; x_wconf 82' lang='grc' dir='ltr'>ὦρεξον.</span> 
     </span>
    </p>
   </div>
   <div class='ocr_carea' id='block_1_64' title="bbox 2415 871 3888 944">
    <p class='ocr_par' dir='ltr' id='par_1_64' title="bbox 2415 871 3888 944">
     <span class='ocr_line' id='line_1_64' title="bbox 2415 871 3888 944; baseline 0.003 -20"><span class='ocrx_word' id='word_1_446' title='bbox 2415 873 2750 939; x_wconf 71' lang='grc' dir='ltr'>Ἐλυπήθην</span> <span class='ocrx_word' id='word_1_447' title='bbox 2786 873 2855 926; x_wconf 87' lang='grc' dir='ltr'>ἐν</span> <span class='ocrx_word' id='word_1_448' title='bbox 2887 871 2968 940; x_wconf 75' lang='grc' dir='ltr'>τῇ</span> <span class='ocrx_word' id='word_1_449' title='bbox 3007 871 3334 941; x_wconf 72' lang='grc' dir='ltr'><strong>ἀδολεσχίᾳ</strong></span> <span class='ocrx_word' id='word_1_450' title='bbox 3366 892 3505 942; x_wconf 82' lang='grc' dir='ltr'>μου,</span> <span class='ocrx_word' id='word_1_451' title='bbox 3549 875 3648 928; x_wconf 79' lang='grc' dir='ltr'>καὶ</span> <span class='ocrx_word' id='word_1_452' title='bbox 3683 877 3888 944; x_wconf 83' lang='grc' dir='ltr'>ἐταρά-</span> 
     </span>
    </p>
   </div>
   <div class='ocr_carea' id='block_1_65' title="bbox 2332 964 3888 1038">
    <p class='ocr_par' dir='ltr' id='par_1_65' title="bbox 2332 964 3888 1038">
     <span class='ocr_line' id='line_1_65' title="bbox 2332 964 3888 1038; baseline 0.006 -23"><span class='ocrx_word' id='word_1_453' title='bbox 2332 965 2849 1035; x_wconf 78' lang='grc' dir='ltr'>χθην.Ἀμηχανίας</span> <span class='ocrx_word' id='word_1_454' title='bbox 2890 966 2998 1035; x_wconf 77' lang='grc' dir='ltr'>γὰρ</span> <span class='ocrx_word' id='word_1_455' title='bbox 3036 964 3352 1033; x_wconf 79' lang='grc' dir='ltr'><strong>ἐπληροῦτο,</strong></span> <span class='ocrx_word' id='word_1_456' title='bbox 3387 965 3595 1034; x_wconf 82' lang='grc' dir='ltr'><strong>βλέπων</strong></span> <span class='ocrx_word' id='word_1_457' title='bbox 3627 968 3722 1038; x_wconf 75' lang='grc' dir='ltr'><strong>τὴν</strong></span> <span class='ocrx_word' id='word_1_458' title='bbox 3750 971 3888 1024; x_wconf 86' lang='grc' dir='ltr'><strong>κατά</strong></span> 
     </span>
    </p>
   </div>
   <div class='ocr_carea' id='block_1_66' title="bbox 2330 1057 3886 1128">
    <p class='ocr_par' dir='ltr' id='par_1_66' title="bbox 2330 1057 3886 1128">
     <span class='ocr_line' id='line_1_66' title="bbox 2330 1057 3886 1128; baseline 0.004 -19"><span class='ocrx_word' id='word_1_459' title='bbox 2330 1057 2421 1109; x_wconf 88' lang='grc' dir='ltr'><strong>τοῦ</strong></span> <span class='ocrx_word' id='word_1_460' title='bbox 2455 1058 2700 1127; x_wconf 84' lang='grc' dir='ltr'><strong>Σωτῆρος</strong></span> <span class='ocrx_word' id='word_1_461' title='bbox 2730 1057 3014 1125; x_wconf 80' lang='grc' dir='ltr'><strong>γινομένην</strong></span> <span class='ocrx_word' id='word_1_462' title='bbox 3047 1057 3405 1127; x_wconf 72' lang='grc' dir='ltr'><strong>παρανομίαν,</strong></span> <span class='ocrx_word' id='word_1_463' title='bbox 3429 1059 3493 1128; x_wconf 81' lang='grc' dir='ltr'><strong>ῆν</strong></span> <span class='ocrx_word' id='word_1_464' title='bbox 3525 1061 3618 1112; x_wconf 78' lang='grc' dir='ltr'><strong>καὶ</strong></span> <span class='ocrx_word' id='word_1_465' title='bbox 3648 1061 3886 1115; x_wconf 79' lang='grc' dir='ltr'>διδάσκει</span> 
     </span>
    </p>
   </div>
   <div class='ocr_carea' id='block_1_67' title="bbox 2328 1149 3889 1221">
    <p class='ocr_par' dir='ltr' id='par_1_67' title="bbox 2328 1149 3889 1221">
     <span class='ocr_line' id='line_1_67' title="bbox 2328 1149 3889 1221; baseline 0.003 -19"><span class='ocrx_word' id='word_1_466' title='bbox 2328 1151 2521 1221; x_wconf 77' lang='grc' dir='ltr'>ἐφεξῆς</span> <span class='ocrx_word' id='word_1_467' title='bbox 2550 1151 2744 1218; x_wconf 73' lang='grc' dir='ltr'>λέγων’</span> <span class='ocrx_word' id='word_1_468' title='bbox 2785 1149 2916 1202; x_wconf 74' lang='grc' dir='ltr'>Ἀπὸ</span> <span class='ocrx_word' id='word_1_469' title='bbox 2947 1149 3149 1216; x_wconf 72' lang='grc' dir='ltr'>φωνῆς</span> <span class='ocrx_word' id='word_1_470' title='bbox 3194 1149 3409 1218; x_wconf 82' lang='grc' dir='ltr'><strong>ἐχθροῦ</strong></span> <span class='ocrx_word' id='word_1_471' title='bbox 3459 1151 3554 1204; x_wconf 79' lang='grc' dir='ltr'>καὶ</span> <span class='ocrx_word' id='word_1_472' title='bbox 3606 1153 3722 1205; x_wconf 80' lang='grc' dir='ltr'>ἀπὸ</span> <span class='ocrx_word' id='word_1_473' title='bbox 3765 1157 3889 1208; x_wconf 76' lang='grc' dir='ltr'>θλί-</span> 
     </span>
    </p>
   </div>
   <div class='ocr_carea' id='block_1_68' title="bbox 2327 1235 3887 1312">
    <p class='ocr_par' dir='ltr' id='par_1_68' title="bbox 2327 1235 3887 1312">
     <span class='ocr_line' id='line_1_68' title="bbox 2327 1235 3887 1312; baseline 0.002 -19"><span class='ocrx_word' id='word_1_474' title='bbox 2327 1245 2486 1309; x_wconf 75' lang='grc' dir='ltr'>ψεως</span> <span class='ocrx_word' id='word_1_475' title='bbox 2531 1239 2971 1310; x_wconf 76' lang='grc' dir='ltr'>ἀμαρτωλοῦ.’0</span> <span class='ocrx_word' id='word_1_476' title='bbox 3003 1240 3059 1292; x_wconf 84' lang='grc' dir='ltr'>δὲ</span> <span class='ocrx_word' id='word_1_477' title='bbox 3106 1242 3214 1302; x_wconf 76' lang='grc' dir='ltr'>πᾶς</span> <span class='ocrx_word' id='word_1_478' title='bbox 3263 1235 3598 1304; x_wconf 63' lang='grc' dir='ltr'>νοῦς-οὖτος</span> <span class='ocrx_word' id='word_1_479' title='bbox 3649 1245 3887 1312; x_wconf 83' lang='grc' dir='ltr'>Πρόσχες</span> 
     </span>
    </p>
   </div>
   <div class='ocr_carea' id='block_1_69' title="bbox 2327 1331 3887 1406">
    <p class='ocr_par' dir='ltr' id='par_1_69' title="bbox 2327 1331 3887 1406">
     <span class='ocr_line' id='line_1_69' title="bbox 2327 1331 3887 1406; baseline 0.001 -22"><span class='ocrx_word' id='word_1_480' title='bbox 2327 1333 2473 1394; x_wconf 79' lang='grc' dir='ltr'>ὅπως</span> <span class='ocrx_word' id='word_1_481' title='bbox 2523 1332 2811 1402; x_wconf 75' lang='grc' dir='ltr'>ἐλυπήθην,</span> <span class='ocrx_word' id='word_1_482' title='bbox 2858 1332 3006 1393; x_wconf 80' lang='grc' dir='ltr'>ὅπως</span> <span class='ocrx_word' id='word_1_483' title='bbox 3049 1331 3370 1401; x_wconf 76' lang='grc' dir='ltr'>ἐταράχθην,</span> <span class='ocrx_word' id='word_1_484' title='bbox 3411 1333 3558 1394; x_wconf 83' lang='grc' dir='ltr'>ὅπως</span> <span class='ocrx_word' id='word_1_485' title='bbox 3604 1332 3887 1406; x_wconf 73' lang='grc' dir='ltr'><strong>ἀδολεσχίᾳ</strong></span> 
     </span>
    </p>
   </div>
   <div class='ocr_carea' id='block_1_70' title="bbox 2323 1421 3886 1494">
    <p class='ocr_par' dir='ltr' id='par_1_70' title="bbox 2323 1421 3886 1494">
     <span class='ocr_line' id='line_1_70' title="bbox 2323 1421 3886 1494; baseline 0.002 -20"><span class='ocrx_word' id='word_1_486' title='bbox 2323 1424 2724 1494; x_wconf 78' lang='grc' dir='ltr'><strong>πεπλήρωμαι·</strong></span> <span class='ocrx_word' id='word_1_487' title='bbox 2778 1421 3170 1492; x_wconf 67' lang='grc' dir='ltr'>ἀποδεξάμενος</span> <span class='ocrx_word' id='word_1_488' title='bbox 3215 1439 3273 1474; x_wconf 87' lang='grc' dir='ltr'><strong>τε</strong></span> <span class='ocrx_word' id='word_1_489' title='bbox 3321 1422 3513 1486; x_wconf 82' lang='grc' dir='ltr'>ταῦτα,</span> <span class='ocrx_word' id='word_1_490' title='bbox 3569 1425 3886 1477; x_wconf 77' lang='grc' dir='ltr'>είσάκουσὸν</span> 
     </span>
    </p>
   </div>
   <div class='ocr_carea' id='block_1_71' title="bbox 2324 1533 2445 1587">
    <p class='ocr_par' dir='ltr' id='par_1_71' title="bbox 2324 1533 2445 1587">
     <span class='ocr_line' id='line_1_71' title="bbox 2324 1533 2445 1587; baseline 0.041 -20"><span class='ocrx_word' id='word_1_491' title='bbox 2324 1533 2445 1587; x_wconf 90' lang='grc' dir='ltr'>μου.</span> 
     </span>
    </p>
   </div>
   <div class='ocr_carea' id='block_1_72' title="bbox 2392 1602 3884 1678">
    <p class='ocr_par' dir='ltr' id='par_1_72' title="bbox 2392 1602 3884 1678">
     <span class='ocr_line' id='line_1_72' title="bbox 2392 1602 3884 1678; baseline 0.003 -22"><span class='ocrx_word' id='word_1_492' title='bbox 2392 1605 2510 1656; x_wconf 86' lang='grc' dir='ltr'><strong>Ὅτι</strong></span> <span class='ocrx_word' id='word_1_493' title='bbox 2555 1603 2872 1669; x_wconf 74' lang='grc' dir='ltr'>ἐξέκλιναν</span> <span class='ocrx_word' id='word_1_494' title='bbox 2918 1603 3009 1656; x_wconf 81' lang='grc' dir='ltr'><strong>ἐπ’</strong></span> <span class='ocrx_word' id='word_1_495' title='bbox 3035 1602 3138 1671; x_wconf 83' lang='grc' dir='ltr'><strong>ἐμὲ</strong></span> <span class='ocrx_word' id='word_1_496' title='bbox 3180 1605 3435 1673; x_wconf 83' lang='grc' dir='ltr'>ανομίαι.</span> <span class='ocrx_word' id='word_1_497' title='bbox 3464 1604 3647 1658; x_wconf 80' lang='grc' dir='ltr'>Πάντα</span> <span class='ocrx_word' id='word_1_498' title='bbox 3678 1606 3787 1678; x_wconf 80' lang='grc' dir='ltr'>γὰρ</span> <span class='ocrx_word' id='word_1_499' title='bbox 3815 1609 3884 1662; x_wconf 89' lang='grc' dir='ltr'><strong>τά</strong></span> 
     </span>
    </p>
   </div>
   <div class='ocr_carea' id='block_1_73' title="bbox 2318 1695 3883 1768">
    <p class='ocr_par' dir='ltr' id='par_1_73' title="bbox 2318 1695 3883 1768">
     <span class='ocr_line' id='line_1_73' title="bbox 2318 1695 3883 1768; baseline 0.002 -19"><span class='ocrx_word' id='word_1_500' title='bbox 2318 1696 2458 1750; x_wconf 81' lang='grc' dir='ltr'><strong>κατά</strong></span> <span class='ocrx_word' id='word_1_501' title='bbox 2486 1695 2578 1748; x_wconf 85' lang='grc' dir='ltr'><strong>τοῦ</strong></span> <span class='ocrx_word' id='word_1_502' title='bbox 2607 1697 2852 1767; x_wconf 84' lang='grc' dir='ltr'><strong>Σωτῆρος</strong></span> <span class='ocrx_word' id='word_1_503' title='bbox 2891 1695 3168 1766; x_wconf 88' lang='grc' dir='ltr'>συμϐάντα</span> <span class='ocrx_word' id='word_1_504' title='bbox 3199 1696 3333 1767; x_wconf 80' lang='grc' dir='ltr'>πρὸς</span> <span class='ocrx_word' id='word_1_505' title='bbox 3360 1697 3420 1748; x_wconf 78' lang='grc' dir='ltr'><strong>τὸ</strong></span> <span class='ocrx_word' id='word_1_506' title='bbox 3441 1700 3639 1750; x_wconf 83' lang='grc' dir='ltr'>οἰκεῖον</span> <span class='ocrx_word' id='word_1_507' title='bbox 3684 1701 3883 1768; x_wconf 78' lang='grc' dir='ltr'>ἀναςέ-</span> 
     </span>
    </p>
   </div>
   <div class='ocr_carea' id='block_1_74' title="bbox 2322 1789 3882 1860">
    <p class='ocr_par' dir='ltr' id='par_1_74' title="bbox 2322 1789 3882 1860">
     <span class='ocr_line' id='line_1_74' title="bbox 2322 1789 3882 1860; baseline 0.001 -18"><span class='ocrx_word' id='word_1_508' title='bbox 2322 1807 2404 1860; x_wconf 89' lang='grc' dir='ltr'><strong>ρει</strong></span> <span class='ocrx_word' id='word_1_509' title='bbox 2439 1790 2743 1860; x_wconf 77' lang='grc' dir='ltr'>πρόσωπον.</span> <span class='ocrx_word' id='word_1_510' title='bbox 2792 1789 2926 1860; x_wconf 85' lang='grc' dir='ltr'><strong>[Διά</strong></span> <span class='ocrx_word' id='word_1_511' title='bbox 2963 1789 3320 1859; x_wconf 78' lang='grc' dir='ltr'>μνησικακίαν</span> <span class='ocrx_word' id='word_1_512' title='bbox 3352 1806 3440 1859; x_wconf 86' lang='grc' dir='ltr'><strong>μοι</strong></span> <span class='ocrx_word' id='word_1_513' title='bbox 3471 1789 3643 1843; x_wconf 84' lang='grc' dir='ltr'>ταῦτα</span> <span class='ocrx_word' id='word_1_514' title='bbox 3669 1792 3882 1844; x_wconf 80' lang='grc' dir='ltr'>ἐποίουν</span> 
     </span>
    </p>
   </div>
   <div class='ocr_carea' id='block_1_75' title="bbox 2317 1880 3878 1954">
    <p class='ocr_par' dir='ltr' id='par_1_75' title="bbox 2317 1880 3878 1954">
     <span class='ocr_line' id='line_1_75' title="bbox 2317 1880 3878 1954; baseline 0.004 -22"><span class='ocrx_word' id='word_1_515' title='bbox 2317 1880 2595 1950; x_wconf 86' lang='grc' dir='ltr'>τεχθεῖσαν</span> <span class='ocrx_word' id='word_1_516' title='bbox 2629 1880 2687 1944; x_wconf 83' lang='grc' dir='ltr'><strong>ἐξ</strong></span> <span class='ocrx_word' id='word_1_517' title='bbox 2717 1881 2882 1951; x_wconf 83' lang='grc' dir='ltr'>ὀργῆς</span> <span class='ocrx_word' id='word_1_518' title='bbox 2915 1881 3128 1948; x_wconf 79' lang='grc' dir='ltr'>ἀλόγου.</span> <span class='ocrx_word' id='word_1_519' title='bbox 3166 1881 3336 1940; x_wconf 80' lang='grc' dir='ltr'>Κότος</span> <span class='ocrx_word' id='word_1_520' title='bbox 3369 1883 3401 1949; x_wconf 80' lang='grc' dir='ltr'><strong>ἡ</strong></span> <span class='ocrx_word' id='word_1_521' title='bbox 3435 1881 3690 1950; x_wconf 81' lang='grc' dir='ltr'>ἐπίμονος</span> <span class='ocrx_word' id='word_1_522' title='bbox 3719 1883 3878 1954; x_wconf 85' lang='grc' dir='ltr'>ὀργή.</span> 
     </span>
    </p>
   </div>
   <div class='ocr_carea' id='block_1_76' title="bbox 2247 1937 3883 2045">
    <p class='ocr_par' dir='ltr' id='par_1_76' title="bbox 2247 1937 3883 2045">
     <span class='ocr_line' id='line_1_76' title="bbox 2247 1937 3883 2045; baseline 0.002 -21"><span class='ocrx_word' id='word_1_523' title='bbox 2247 1937 2287 1995; x_wconf 75' lang='grc' dir='ltr'><strong>Β</strong></span> <span class='ocrx_word' id='word_1_524' title='bbox 2315 1937 2412 2026; x_wconf 77' lang='grc' dir='ltr'>Διά</span> <span class='ocrx_word' id='word_1_525' title='bbox 2443 1972 2641 2039; x_wconf 82' lang='grc' dir='ltr'>ταύτην</span> <span class='ocrx_word' id='word_1_526' title='bbox 2671 1937 2727 2026; x_wconf 77' lang='grc' dir='ltr'>δὲ</span> <span class='ocrx_word' id='word_1_527' title='bbox 2749 1937 3061 2043; x_wconf 65' lang='grc' dir='ltr'><strong>⁷αἰτίαν</strong></span> <span class='ocrx_word' id='word_1_528' title='bbox 3093 1937 3345 2045; x_wconf 82' lang='grc' dir='ltr'>περιδεὴς</span> <span class='ocrx_word' id='word_1_529' title='bbox 3383 1937 3647 2045; x_wconf 58' lang='grc' dir='ltr'>ἐγενόμην</span> <span class='ocrx_word' id='word_1_530' title='bbox 3671 1937 3768 2027; x_wconf 64' lang='grc' dir='ltr'><strong>καί</strong></span> 
     </span>
    </p>
   </div>
   <div class='ocr_carea' id='block_1_77' title="bbox 2314 2064 3879 2137">
    <p class='ocr_par' dir='ltr' id='par_1_77' title="bbox 2314 2064 3879 2137">
     <span class='ocr_line' id='line_1_77' title="bbox 2314 2064 3879 2137; baseline 0.004 -21"><span class='ocrx_word' id='word_1_531' title='bbox 2314 2066 2670 2136; x_wconf 81' lang='grc' dir='ltr'>ταραγμένος,</span> <span class='ocrx_word' id='word_1_532' title='bbox 2696 2064 2768 2129; x_wconf 83' lang='grc' dir='ltr'>ὡς</span> <span class='ocrx_word' id='word_1_533' title='bbox 2797 2068 3111 2130; x_wconf 77' lang='grc' dir='ltr'>ἐπιστάντος</span> <span class='ocrx_word' id='word_1_534' title='bbox 3143 2085 3242 2135; x_wconf 89' lang='grc' dir='ltr'>μοι·</span> <span class='ocrx_word' id='word_1_535' title='bbox 3263 2068 3361 2137; x_wconf 73' lang='grc' dir='ltr'>ήδη</span> <span class='ocrx_word' id='word_1_536' title='bbox 3389 2065 3483 2120; x_wconf 82' lang='grc' dir='ltr'><strong>τοῦ</strong></span> <span class='ocrx_word' id='word_1_537' title='bbox 3517 2069 3765 2131; x_wconf 82' lang='grc' dir='ltr'>Θανάτου,</span> <span class='ocrx_word' id='word_1_538' title='bbox 3783 2073 3879 2123; x_wconf 78' lang='grc' dir='ltr'>καὶ</span> 
     </span>
    </p>
   </div>
   <div class='ocr_carea' id='block_1_78' title="bbox 2311 2153 3880 2229">
    <p class='ocr_par' dir='ltr' id='par_1_78' title="bbox 2311 2153 3880 2229">
     <span class='ocr_line' id='line_1_78' title="bbox 2311 2153 3880 2229; baseline 0.004 -20"><span class='ocrx_word' id='word_1_539' title='bbox 2311 2157 2544 2228; x_wconf 79' lang='grc' dir='ltr'>τοσαύτη</span> <span class='ocrx_word' id='word_1_540' title='bbox 2574 2175 2660 2228; x_wconf 88' lang='grc' dir='ltr'><strong>μοι</strong></span> <span class='ocrx_word' id='word_1_541' title='bbox 2685 2153 2843 2228; x_wconf 74' lang='grc' dir='ltr'>ἦλθεν</span> <span class='ocrx_word' id='word_1_542' title='bbox 2871 2158 3074 2225; x_wconf 88' lang='grc' dir='ltr'>ἀγωνία</span> <span class='ocrx_word' id='word_1_543' title='bbox 3101 2160 3191 2211; x_wconf 75' lang='grc' dir='ltr'><strong>καὶ</strong></span> <span class='ocrx_word' id='word_1_544' title='bbox 3219 2160 3399 2226; x_wconf 76' lang='grc' dir='ltr'>φόϐος,</span> <span class='ocrx_word' id='word_1_545' title='bbox 3434 2159 3509 2222; x_wconf 81' lang='grc' dir='ltr'>ὡς</span> <span class='ocrx_word' id='word_1_546' title='bbox 3545 2161 3676 2229; x_wconf 82' lang='grc' dir='ltr'>μηδὲ</span> <span class='ocrx_word' id='word_1_547' title='bbox 3704 2162 3880 2216; x_wconf 83' lang='grc' dir='ltr'>δοκεῖν</span> 
     </span>
    </p>
   </div>
   <div class='ocr_carea' id='block_1_79' title="bbox 2310 2248 3880 2323">
    <p class='ocr_par' dir='ltr' id='par_1_79' title="bbox 2310 2248 3880 2323">
     <span class='ocr_line' id='line_1_79' title="bbox 2310 2248 3880 2323; baseline 0.004 -25"><span class='ocrx_word' id='word_1_548' title='bbox 2310 2248 2410 2317; x_wconf 84' lang='grc' dir='ltr'><strong>τὴν</strong></span> <span class='ocrx_word' id='word_1_549' title='bbox 2440 2248 2629 2300; x_wconf 83' lang='grc' dir='ltr'>ἀκτῖνα</span> <span class='ocrx_word' id='word_1_550' title='bbox 2661 2248 2886 2316; x_wconf 79' lang='grc' dir='ltr'>φαίνειν,</span> <span class='ocrx_word' id='word_1_551' title='bbox 2919 2248 3028 2301; x_wconf 88' lang='grc' dir='ltr'>ἀλλ’</span> <span class='ocrx_word' id='word_1_552' title='bbox 3061 2249 3366 2301; x_wconf 80' lang='grc' dir='ltr'>ἐσκοτίσθαι</span> <span class='ocrx_word' id='word_1_553' title='bbox 3389 2267 3404 2278; x_wconf 72' lang='grc'><strong><em>⁵</em></strong></span> <span class='ocrx_word' id='word_1_554' title='bbox 3431 2251 3522 2302; x_wconf 77' lang='grc' dir='ltr'><strong>καὶ</strong></span> <span class='ocrx_word' id='word_1_555' title='bbox 3549 2250 3880 2323; x_wconf 78' lang='grc' dir='ltr'>ἐλογισάμην</span> 
     </span>
    </p>
   </div>
   <div class='ocr_carea' id='block_1_80' title="bbox 2310 2336 3879 2412">
    <p class='ocr_par' dir='ltr' id='par_1_80' title="bbox 2310 2336 3879 2412">
     <span class='ocr_line' id='line_1_80' title="bbox 2310 2336 3879 2412; baseline 0.002 -20"><span class='ocrx_word' id='word_1_556' title='bbox 2310 2340 2407 2410; x_wconf 80' lang='grc' dir='ltr'><strong>τὴν</strong></span> <span class='ocrx_word' id='word_1_557' title='bbox 2443 2340 2616 2409; x_wconf 78' lang='grc' dir='ltr'>φυγὴν</span> <span class='ocrx_word' id='word_1_558' title='bbox 2650 2336 2784 2393; x_wconf 78' lang='grc' dir='ltr'>εἶναι</span> <span class='ocrx_word' id='word_1_559' title='bbox 2819 2341 3031 2393; x_wconf 72' lang='grc' dir='ltr'>πάντων</span> <span class='ocrx_word' id='word_1_560' title='bbox 3059 2341 3282 2410; x_wconf 82' lang='grc' dir='ltr'>ἀμείνω,</span> <span class='ocrx_word' id='word_1_561' title='bbox 3319 2341 3410 2393; x_wconf 70' lang='grc' dir='ltr'><strong>καὶ</strong></span> <span class='ocrx_word' id='word_1_562' title='bbox 3440 2341 3683 2412; x_wconf 76' lang='grc' dir='ltr'>ηὐχόμην</span> <span class='ocrx_word' id='word_1_563' title='bbox 3721 2345 3879 2410; x_wconf 83' lang='grc' dir='ltr'>γενέ-</span> 
     </span>
    </p>
   </div>
   <div class='ocr_carea' id='block_1_81' title="bbox 2313 2428 3876 2502">
    <p class='ocr_par' dir='ltr' id='par_1_81' title="bbox 2313 2428 3876 2502">
     <span class='ocr_line' id='line_1_81' title="bbox 2313 2428 3876 2502; baseline 0.004 -22"><span class='ocrx_word' id='word_1_564' title='bbox 2313 2428 2435 2480; x_wconf 91' lang='grc' dir='ltr'>σθαι</span> <span class='ocrx_word' id='word_1_565' title='bbox 2484 2446 2572 2498; x_wconf 88' lang='grc' dir='ltr'><strong>μοι</strong></span> <span class='ocrx_word' id='word_1_566' title='bbox 2617 2429 2887 2498; x_wconf 81' lang='grc' dir='ltr'>πτέρυγας</span> <span class='ocrx_word' id='word_1_567' title='bbox 2931 2430 3020 2482; x_wconf 69' lang='grc' dir='ltr'>ἐπὶ</span> <span class='ocrx_word' id='word_1_568' title='bbox 3055 2431 3132 2501; x_wconf 78' lang='grc' dir='ltr'>τῷ</span> <span class='ocrx_word' id='word_1_569' title='bbox 3168 2431 3495 2501; x_wconf 71' lang='grc' dir='ltr'>μεταστῆναι</span> <span class='ocrx_word' id='word_1_570' title='bbox 3521 2433 3616 2484; x_wconf 78' lang='grc' dir='ltr'><strong>καὶ</strong></span> <span class='ocrx_word' id='word_1_571' title='bbox 3642 2432 3876 2502; x_wconf 75' lang='grc' dir='ltr'>ἀλλαχοῦ</span> 
     </span>
    </p>
   </div>
   <div class='ocr_carea' id='block_1_82' title="bbox 2310 2516 3880 2590">
    <p class='ocr_par' dir='ltr' id='par_1_82' title="bbox 2310 2516 3880 2590">
     <span class='ocr_line' id='line_1_82' title="bbox 2310 2516 3880 2590; baseline 0.003 -20"><span class='ocrx_word' id='word_1_572' title='bbox 2310 2516 2701 2588; x_wconf 78' lang='grc' dir='ltr'>καταπαῦσαι.]</span> <span class='ocrx_word' id='word_1_573' title='bbox 2739 2519 2801 2571; x_wconf 86' lang='grc' dir='ltr'><strong>Ἡ</strong></span> <span class='ocrx_word' id='word_1_574' title='bbox 2824 2518 3030 2585; x_wconf 75' lang='grc' dir='ltr'>καρδία</span> <span class='ocrx_word' id='word_1_575' title='bbox 3051 2538 3169 2587; x_wconf 81' lang='grc' dir='ltr'>μου</span> <span class='ocrx_word' id='word_1_576' title='bbox 3192 2520 3482 2588; x_wconf 77' lang='grc' dir='ltr'>ἐταράχθη</span> <span class='ocrx_word' id='word_1_577' title='bbox 3510 2521 3578 2572; x_wconf 86' lang='grc' dir='ltr'>ἐν</span> <span class='ocrx_word' id='word_1_578' title='bbox 3597 2521 3744 2590; x_wconf 77' lang='grc' dir='ltr'>ἐμοὶ,</span> <span class='ocrx_word' id='word_1_579' title='bbox 3776 2524 3880 2575; x_wconf 75' lang='grc' dir='ltr'><strong>καί</strong></span> 
     </span>
    </p>
   </div>
   <div class='ocr_carea' id='block_1_83' title="bbox 2308 2605 3877 2682">
    <p class='ocr_par' dir='ltr' id='par_1_83' title="bbox 2308 2605 3877 2682">
     <span class='ocr_line' id='line_1_83' title="bbox 2308 2605 3877 2682; baseline 0.005 -24"><span class='ocrx_word' id='word_1_580' title='bbox 2308 2605 2498 2660; x_wconf 71' lang='grc' dir='ltr'>δειλία</span> <span class='ocrx_word' id='word_1_581' title='bbox 2542 2607 2797 2661; x_wconf 79' lang='grc' dir='ltr'>θανάτου</span> <span class='ocrx_word' id='word_1_582' title='bbox 2841 2606 3135 2660; x_wconf 79' lang='grc' dir='ltr'>ἐπέπεσεν</span> <span class='ocrx_word' id='word_1_583' title='bbox 3171 2610 3263 2661; x_wconf 76' lang='grc' dir='ltr'><strong>ἐπ’</strong></span> <span class='ocrx_word' id='word_1_584' title='bbox 3288 2610 3556 2678; x_wconf 69' lang='grc' dir='ltr'>ἐμέἺδοὺ</span> <span class='ocrx_word' id='word_1_585' title='bbox 3600 2613 3632 2682; x_wconf 81' lang='grc' dir='ltr'>ἡ</span> <span class='ocrx_word' id='word_1_586' title='bbox 3681 2613 3877 2681; x_wconf 77' lang='grc' dir='ltr'>καρδία</span> 
     </span>
    </p>
   </div>
   <div class='ocr_carea' id='block_1_84' title="bbox 2311 2697 3878 2769">
    <p class='ocr_par' dir='ltr' id='par_1_84' title="bbox 2311 2697 3878 2769">
     <span class='ocr_line' id='line_1_84' title="bbox 2311 2697 3878 2769; baseline 0.005 -19"><span class='ocrx_word' id='word_1_587' title='bbox 2311 2717 2431 2769; x_wconf 85' lang='grc' dir='ltr'>μου,</span> <span class='ocrx_word' id='word_1_588' title='bbox 2461 2699 2612 2769; x_wconf 78' lang='grc' dir='ltr'>φησὶ,</span> <span class='ocrx_word' id='word_1_589' title='bbox 2642 2697 2918 2769; x_wconf 70' lang='grc' dir='ltr'>διέστρεψε</span> <span class='ocrx_word' id='word_1_590' title='bbox 2951 2697 3019 2750; x_wconf 77' lang='grc' dir='ltr'>τὰ</span> <span class='ocrx_word' id='word_1_591' title='bbox 3051 2698 3194 2752; x_wconf 82' lang='grc' dir='ltr'>ἔνδον</span> <span class='ocrx_word' id='word_1_592' title='bbox 3223 2717 3322 2768; x_wconf 88' lang='grc' dir='ltr'><strong>μου</strong></span> <span class='ocrx_word' id='word_1_593' title='bbox 3342 2718 3355 2731; x_wconf 94' lang='grc'><strong>·</strong></span> <span class='ocrx_word' id='word_1_594' title='bbox 3394 2701 3528 2754; x_wconf 82' lang='grc' dir='ltr'><strong>ἀλλά</strong></span> <span class='ocrx_word' id='word_1_595' title='bbox 3558 2703 3652 2755; x_wconf 76' lang='grc' dir='ltr'>καὶ</span> <span class='ocrx_word' id='word_1_596' title='bbox 3683 2703 3878 2758; x_wconf 74' lang='grc' dir='ltr'>δειλία</span> 
     </span>
    </p>
   </div>
   <div class='ocr_carea' id='block_1_85' title="bbox 2308 2786 3876 2861">
    <p class='ocr_par' dir='ltr' id='par_1_85' title="bbox 2308 2786 3876 2861">
     <span class='ocr_line' id='line_1_85' title="bbox 2308 2786 3876 2861; baseline 0.003 -22"><span class='ocrx_word' id='word_1_597' title='bbox 2308 2787 2564 2840; x_wconf 81' lang='grc' dir='ltr'>θανάτου</span> <span class='ocrx_word' id='word_1_598' title='bbox 2615 2786 2910 2839; x_wconf 79' lang='grc' dir='ltr'>ἐπέπεσεν</span> <span class='ocrx_word' id='word_1_599' title='bbox 2956 2786 3046 2838; x_wconf 78' lang='grc' dir='ltr'><strong>ἐπ’</strong></span> <span class='ocrx_word' id='word_1_600' title='bbox 3076 2786 3359 2854; x_wconf 83' lang='grc' dir='ltr'>ἐμέ.Ἥτοι</span> <span class='ocrx_word' id='word_1_601' title='bbox 3386 2788 3440 2839; x_wconf 80' lang='grc' dir='ltr'><strong>δὲ</strong></span> <span class='ocrx_word' id='word_1_602' title='bbox 3469 2788 3561 2841; x_wconf 83' lang='grc' dir='ltr'><strong>τοῦ</strong></span> <span class='ocrx_word' id='word_1_603' title='bbox 3605 2793 3876 2861; x_wconf 80' lang='grc' dir='ltr'>σωτηρίου</span> 
     </span>
    </p>
   </div>
   <div class='ocr_carea' id='block_1_86' title="bbox 2307 2870 3877 2951">
    <p class='ocr_par' dir='ltr' id='par_1_86' title="bbox 2307 2870 3877 2951">
     <span class='ocr_line' id='line_1_86' title="bbox 2307 2870 3877 2951; baseline 0.004 -23"><span class='ocrx_word' id='word_1_604' title='bbox 2307 2875 2532 2928; x_wconf 83' lang='grc' dir='ltr'>θανάτου</span> <span class='ocrx_word' id='word_1_605' title='bbox 2578 2876 2743 2943; x_wconf 84' lang='grc' dir='ltr'>λέγει,</span> <span class='ocrx_word' id='word_1_606' title='bbox 2771 2878 2853 2944; x_wconf 76' lang='grc' dir='ltr'><strong>ἐφ’</strong></span> <span class='ocrx_word' id='word_1_607' title='bbox 2962 2876 3162 2938; x_wconf 83' lang='grc' dir='ltr'>δειλίας</span> <span class='ocrx_word' id='word_1_608' title='bbox 3187 2879 3213 2929; x_wconf 86' lang='grc' dir='ltr'>ὁ</span> <span class='ocrx_word' id='word_1_609' title='bbox 3249 2878 3534 2948; x_wconf 66' lang='grc' dir='ltr'>Προφήτης</span> <span class='ocrx_word' id='word_1_610' title='bbox 3573 2880 3877 2951; x_wconf 76' lang='grc' dir='ltr'>ἐπληροῦτο</span> 
     </span>
    </p>
   </div>
   <div class='ocr_carea' id='block_1_87' title="bbox 2306 2967 3873 3041">
    <p class='ocr_par' dir='ltr' id='par_1_87' title="bbox 2306 2967 3873 3041">
     <span class='ocr_line' id='line_1_87' title="bbox 2306 2967 3873 3041; baseline 0.002 -20"><span class='ocrx_word' id='word_1_611' title='bbox 2306 2968 2627 3039; x_wconf 78' lang='grc' dir='ltr'>ἀνθρωπίνῳ</span> <span class='ocrx_word' id='word_1_612' title='bbox 2670 2968 2910 3038; x_wconf 83' lang='grc' dir='ltr'>λογισμῷ</span> <span class='ocrx_word' id='word_1_613' title='bbox 2953 2967 3365 3038; x_wconf 77' lang='grc' dir='ltr'>κινούμενος’ῆ</span> <span class='ocrx_word' id='word_1_614' title='bbox 3413 2969 3506 3020; x_wconf 87' lang='grc' dir='ltr'><strong>τοῦ</strong></span> <span class='ocrx_word' id='word_1_615' title='bbox 3551 2970 3656 3022; x_wconf 84' lang='grc' dir='ltr'><strong>τῶν</strong></span> <span class='ocrx_word' id='word_1_616' title='bbox 3686 2971 3873 3041; x_wconf 72' lang='grc' dir='ltr'>ψυχῶν</span> 
     </span>
    </p>
   </div>
   <div class='ocr_carea' id='block_1_88' title="bbox 2305 3059 3875 3128">
    <p class='ocr_par' dir='ltr' id='par_1_88' title="bbox 2305 3059 3875 3128">
     <span class='ocr_line' id='line_1_88' title="bbox 2305 3059 3875 3128; baseline 0.004 -17"><span class='ocrx_word' id='word_1_617' title='bbox 2305 3059 2555 3119; x_wconf 82' lang='grc' dir='ltr'>θανάτου,</span> <span class='ocrx_word' id='word_1_618' title='bbox 2588 3060 2696 3112; x_wconf 83' lang='grc' dir='ltr'><strong>τῶν</strong></span> <span class='ocrx_word' id='word_1_619' title='bbox 2738 3060 3062 3113; x_wconf 78' lang='grc' dir='ltr'>ἀπόλλυσθαι</span> <span class='ocrx_word' id='word_1_620' title='bbox 3106 3059 3404 3128; x_wconf 77' lang='grc' dir='ltr'>μελλόντων</span> <span class='ocrx_word' id='word_1_621' title='bbox 3429 3061 3517 3112; x_wconf 79' lang='grc' dir='ltr'>διὰ</span> <span class='ocrx_word' id='word_1_622' title='bbox 3548 3062 3616 3115; x_wconf 80' lang='grc' dir='ltr'><strong>τά</strong></span> <span class='ocrx_word' id='word_1_623' title='bbox 3650 3064 3875 3118; x_wconf 86' lang='grc' dir='ltr'>τοιαῦτα</span> 
     </span>
    </p>
   </div>
   <div class='ocr_carea' id='block_1_89' title="bbox 2303 3151 3876 3225">
    <p class='ocr_par' dir='ltr' id='par_1_89' title="bbox 2303 3151 3876 3225">
     <span class='ocr_line' id='line_1_89' title="bbox 2303 3151 3876 3225; baseline 0.005 -25"><span class='ocrx_word' id='word_1_624' title='bbox 2303 3151 2642 3219; x_wconf 75' lang='grc' dir='ltr'>τολμήματα.</span> <span class='ocrx_word' id='word_1_625' title='bbox 2663 3151 2819 3202; x_wconf 86' lang='grc' dir='ltr'>Ἀλλά</span> <span class='ocrx_word' id='word_1_626' title='bbox 2839 3151 3018 3217; x_wconf 61' lang='grc' dir='ltr'>φόϐος</span> <span class='ocrx_word' id='word_1_627' title='bbox 3043 3151 3134 3202; x_wconf 56' lang='grc' dir='ltr'><strong>καί⁵</strong></span> <span class='ocrx_word' id='word_1_628' title='bbox 3161 3153 3372 3218; x_wconf 80' lang='grc' dir='ltr'>τρόμος</span> <span class='ocrx_word' id='word_1_629' title='bbox 3384 3151 3616 3203; x_wconf 72' lang='grc' dir='ltr'>ἐπέπεσε</span> <span class='ocrx_word' id='word_1_630' title='bbox 3636 3152 3712 3221; x_wconf 81' lang='grc' dir='ltr'>τῷ</span> <span class='ocrx_word' id='word_1_631' title='bbox 3735 3155 3876 3225; x_wconf 74' lang='grc' dir='ltr'>Προ-</span> 
     </span>
    </p>
   </div>
   <div class='ocr_carea' id='block_1_90' title="bbox 2307 3239 3877 3310">
    <p class='ocr_par' dir='ltr' id='par_1_90' title="bbox 2307 3239 3877 3310">
     <span class='ocr_line' id='line_1_90' title="bbox 2307 3239 3877 3310; baseline 0.005 -19"><span class='ocrx_word' id='word_1_632' title='bbox 2307 3242 2448 3309; x_wconf 77' lang='grc' dir='ltr'>φήτῃ</span> <span class='ocrx_word' id='word_1_633' title='bbox 2477 3239 2670 3310; x_wconf 82' lang='grc' dir='ltr'>ὁρῶντι</span> <span class='ocrx_word' id='word_1_634' title='bbox 2693 3240 2781 3291; x_wconf 76' lang='grc' dir='ltr'><strong>τὸν</strong></span> <span class='ocrx_word' id='word_1_635' title='bbox 2805 3240 3082 3308; x_wconf 83' lang='grc' dir='ltr'>ἀγαπητὸν</span> <span class='ocrx_word' id='word_1_636' title='bbox 3109 3239 3218 3309; x_wconf 72' lang='grc'><strong>(21)</strong></span> <span class='ocrx_word' id='word_1_637' title='bbox 3250 3239 3341 3292; x_wconf 84' lang='grc' dir='ltr'><strong>τοῦ</strong></span> <span class='ocrx_word' id='word_1_638' title='bbox 3366 3240 3499 3293; x_wconf 82' lang='grc' dir='ltr'>Θεοῦ</span> <span class='ocrx_word' id='word_1_639' title='bbox 3527 3242 3749 3296; x_wconf 85' lang='grc' dir='ltr'>τοιαῦτα</span> <span class='ocrx_word' id='word_1_640' title='bbox 3769 3246 3877 3300; x_wconf 75' lang='grc' dir='ltr'><strong>ὑπὸ</strong></span> 
     </span>
    </p>
   </div>
   <div class='ocr_carea' id='block_1_91' title="bbox 2304 3331 3874 3402">
    <p class='ocr_par' dir='ltr' id='par_1_91' title="bbox 2304 3331 3874 3402">
     <span class='ocr_line' id='line_1_91' title="bbox 2304 3331 3874 3402; baseline 0.006 -20"><span class='ocrx_word' id='word_1_641' title='bbox 2304 3332 2410 3383; x_wconf 80' lang='grc' dir='ltr'><strong>τῶν</strong></span> <span class='ocrx_word' id='word_1_642' title='bbox 2440 3331 2647 3384; x_wconf 86' lang='grc' dir='ltr'>ἀσεϐῶν</span> <span class='ocrx_word' id='word_1_643' title='bbox 2679 3332 2970 3400; x_wconf 84' lang='grc' dir='ltr'>πάσχοντα,</span> <span class='ocrx_word' id='word_1_644' title='bbox 2990 3331 3247 3398; x_wconf 76' lang='grc' dir='ltr'>ἔκρυπτε</span> <span class='ocrx_word' id='word_1_645' title='bbox 3267 3333 3324 3384; x_wconf 77' lang='grc' dir='ltr'><strong>δὲ</strong></span> <span class='ocrx_word' id='word_1_646' title='bbox 3354 3334 3512 3386; x_wconf 68' lang='grc' dir='ltr'>αὑτὸν</span> <span class='ocrx_word' id='word_1_647' title='bbox 3533 3337 3772 3402; x_wconf 83' lang='grc' dir='ltr'>σκότος,</span> <span class='ocrx_word' id='word_1_648' title='bbox 3797 3338 3874 3401; x_wconf 81' lang='grc' dir='ltr'>ὡς</span> 
     </span>
    </p>
   </div>
   <div class='ocr_carea' id='block_1_92' title="bbox 2305 3421 3877 3498">
    <p class='ocr_par' dir='ltr' id='par_1_92' title="bbox 2305 3421 3877 3498">
     <span class='ocr_line' id='line_1_92' title="bbox 2305 3421 3877 3498; baseline 0.003 -23"><span class='ocrx_word' id='word_1_649' title='bbox 2305 3422 2370 3476; x_wconf 83' lang='grc' dir='ltr'><strong>ἂν</strong></span> <span class='ocrx_word' id='word_1_650' title='bbox 2409 3422 2597 3474; x_wconf 83' lang='grc' dir='ltr'>σκότου</span> <span class='ocrx_word' id='word_1_651' title='bbox 2633 3422 2846 3491; x_wconf 81' lang='grc' dir='ltr'>ἀληθῶς</span> <span class='ocrx_word' id='word_1_652' title='bbox 2876 3422 2998 3486; x_wconf 78' lang='grc' dir='ltr'>ἄξια</span> <span class='ocrx_word' id='word_1_653' title='bbox 3051 3421 3119 3475; x_wconf 85' lang='grc' dir='ltr'>τὰ</span> <span class='ocrx_word' id='word_1_654' title='bbox 3166 3423 3304 3475; x_wconf 85' lang='grc' dir='ltr'><strong>κατά</strong></span> <span class='ocrx_word' id='word_1_655' title='bbox 3333 3424 3426 3476; x_wconf 85' lang='grc' dir='ltr'><strong>τοῦ</strong></span> <span class='ocrx_word' id='word_1_656' title='bbox 3453 3425 3702 3495; x_wconf 82' lang='grc' dir='ltr'>Σωτῆρος</span> <span class='ocrx_word' id='word_1_657' title='bbox 3734 3428 3877 3498; x_wconf 77' lang='grc' dir='ltr'>δρώ-</span> 
     </span>
    </p>
   </div>
   <div class='ocr_carea' id='block_1_93' title="bbox 2307 3508 3875 3582">
    <p class='ocr_par' dir='ltr' id='par_1_93' title="bbox 2307 3508 3875 3582">
     <span class='ocr_line' id='line_1_93' title="bbox 2307 3508 3875 3582; baseline 0.004 -19"><span class='ocrx_word' id='word_1_658' title='bbox 2307 3529 2459 3580; x_wconf 88' lang='grc' dir='ltr'>μενα.</span> <span class='ocrx_word' id='word_1_659' title='bbox 2493 3508 2643 3574; x_wconf 83' lang='grc' dir='ltr'>Εἶτα,</span> <span class='ocrx_word' id='word_1_660' title='bbox 2678 3512 2866 3579; x_wconf 83' lang='grc' dir='ltr'>ὥσπερ</span> <span class='ocrx_word' id='word_1_661' title='bbox 2897 3510 3242 3579; x_wconf 69' lang='grc' dir='ltr'>ἀπολειφθεὶς</span> <span class='ocrx_word' id='word_1_662' title='bbox 3283 3514 3339 3564; x_wconf 82' lang='grc' dir='ltr'>ὲν</span> <span class='ocrx_word' id='word_1_663' title='bbox 3388 3514 3536 3582; x_wconf 84' lang='grc' dir='ltr'>μέσῳ</span> <span class='ocrx_word' id='word_1_664' title='bbox 3559 3516 3668 3566; x_wconf 83' lang='grc' dir='ltr'><strong>τῶν</strong></span> <span class='ocrx_word' id='word_1_665' title='bbox 3697 3516 3875 3570; x_wconf 85' lang='grc' dir='ltr'>ταῦτα</span> 
     </span>
    </p>
   </div>
   <div class='ocr_carea' id='block_1_94' title="bbox 2301 3601 3872 3675">
    <p class='ocr_par' dir='ltr' id='par_1_94' title="bbox 2301 3601 3872 3675">
     <span class='ocr_line' id='line_1_94' title="bbox 2301 3601 3872 3675; baseline 0.006 -23"><span class='ocrx_word' id='word_1_666' title='bbox 2301 3601 2568 3671; x_wconf 82' lang='grc' dir='ltr'>δρώντων,</span> <span class='ocrx_word' id='word_1_667' title='bbox 2601 3604 2733 3672; x_wconf 75' lang='grc' dir='ltr'>μήτε</span> <span class='ocrx_word' id='word_1_668' title='bbox 2772 3601 2898 3672; x_wconf 91' lang='grc' dir='ltr'>μίαν</span> <span class='ocrx_word' id='word_1_669' title='bbox 2931 3619 2987 3654; x_wconf 91' lang='grc' dir='ltr'><strong>τε</strong></span> <span class='ocrx_word' id='word_1_670' title='bbox 3031 3603 3166 3671; x_wconf 71' lang='grc' dir='ltr'>ἔχων</span> <span class='ocrx_word' id='word_1_671' title='bbox 3211 3604 3519 3675; x_wconf 76' lang='grc' dir='ltr'>ἀποφυγὴν,</span> <span class='ocrx_word' id='word_1_672' title='bbox 3565 3607 3699 3675; x_wconf 84' lang='grc' dir='ltr'>μηδὲ</span> <span class='ocrx_word' id='word_1_673' title='bbox 3745 3609 3872 3663; x_wconf 63' lang='lat' dir='ltr'><strong>(&quot;mos</strong></span> 
     </span>
    </p>
   </div>
   <div class='ocr_carea' id='block_1_95' title="bbox 2303 3692 3872 3770">
    <p class='ocr_par' dir='ltr' id='par_1_95' title="bbox 2303 3692 3872 3770">
     <span class='ocr_line' id='line_1_95' title="bbox 2303 3692 3872 3770; baseline 0.005 -26"><span class='ocrx_word' id='word_1_674' title='bbox 2303 3692 2485 3755; x_wconf 81' lang='grc' dir='ltr'>κλίνας</span> <span class='ocrx_word' id='word_1_675' title='bbox 2522 3692 2710 3746; x_wconf 76' lang='grc' dir='ltr'>ἑαυτὸν</span> <span class='ocrx_word' id='word_1_676' title='bbox 2738 3693 2893 3756; x_wconf 75' lang='grc' dir='ltr'>ἐκτὸς</span> <span class='ocrx_word' id='word_1_677' title='bbox 2923 3693 3032 3745; x_wconf 79' lang='grc' dir='ltr'>τῶν</span> <span class='ocrx_word' id='word_1_678' title='bbox 3057 3693 3240 3747; x_wconf 84' lang='grc' dir='ltr'>κακῶν</span> <span class='ocrx_word' id='word_1_679' title='bbox 3267 3695 3493 3763; x_wconf 85' lang='grc' dir='ltr'>γένοιτο,</span> <span class='ocrx_word' id='word_1_680' title='bbox 3525 3697 3740 3770; x_wconf 78' lang='grc' dir='ltr'>εὔχεται</span> <span class='ocrx_word' id='word_1_681' title='bbox 3772 3717 3872 3770; x_wconf 79' lang='grc' dir='ltr'>με-</span> 
     </span>
    </p>
   </div>
   <div class='ocr_carea' id='block_1_96' title="bbox 2299 3785 3872 3862">
    <p class='ocr_par' dir='ltr' id='par_1_96' title="bbox 2299 3785 3872 3862">
     <span class='ocr_line' id='line_1_96' title="bbox 2299 3785 3872 3862; baseline 0.004 -25"><span class='ocrx_word' id='word_1_682' title='bbox 2299 3785 2504 3856; x_wconf 80' lang='grc' dir='ltr'>τέωρος</span> <span class='ocrx_word' id='word_1_683' title='bbox 2545 3786 2864 3858; x_wconf 76' lang='grc' dir='ltr'>ἐπαρθῆναι,</span> <span class='ocrx_word' id='word_1_684' title='bbox 2903 3786 2994 3838; x_wconf 81' lang='grc' dir='ltr'>καὶ</span> <span class='ocrx_word' id='word_1_685' title='bbox 3039 3786 3239 3856; x_wconf 82' lang='grc' dir='ltr'>πτηνὸς</span> <span class='ocrx_word' id='word_1_686' title='bbox 3283 3788 3570 3856; x_wconf 83' lang='grc' dir='ltr'>γενόμενος</span> <span class='ocrx_word' id='word_1_687' title='bbox 3609 3790 3676 3842; x_wconf 79' lang='grc' dir='ltr'>δι’</span> <span class='ocrx_word' id='word_1_688' title='bbox 3707 3790 3872 3862; x_wconf 85' lang='grc' dir='ltr'>ἀέρος</span> 
     </span>
    </p>
   </div>
   <div class='ocr_carea' id='block_1_97' title="bbox 2301 3878 2571 3946">
    <p class='ocr_par' dir='ltr' id='par_1_97' title="bbox 2301 3878 2571 3946">
     <span class='ocr_line' id='line_1_97' title="bbox 2301 3878 2571 3946; baseline 0 -16"><span class='ocrx_word' id='word_1_689' title='bbox 2301 3878 2571 3946; x_wconf 75' lang='grc' dir='ltr'>ἐκφυγεῖν.</span> 
     </span>
    </p>
   </div>
   <div class='ocr_carea' id='block_1_98' title="bbox 2368 4079 3872 4150">
    <p class='ocr_par' dir='ltr' id='par_1_98' title="bbox 2368 4079 3872 4150">
     <span class='ocr_line' id='line_1_98' title="bbox 2368 4079 3872 4150; baseline 0.004 -18"><span class='ocrx_word' id='word_1_690' title='bbox 2368 4080 2828 4147; x_wconf 82' lang='grc' dir='ltr'>Προσεδεχόμην</span> <span class='ocrx_word' id='word_1_691' title='bbox 2858 4079 2966 4132; x_wconf 83' lang='grc' dir='ltr'>τὸν</span> <span class='ocrx_word' id='word_1_692' title='bbox 2999 4079 3144 4133; x_wconf 84' lang='grc' dir='ltr'><strong>Θεὸν</strong></span> <span class='ocrx_word' id='word_1_693' title='bbox 3167 4079 3429 4140; x_wconf 79' lang='grc' dir='ltr'>σώζοντά</span> <span class='ocrx_word' id='word_1_694' title='bbox 3461 4098 3559 4150; x_wconf 75' lang='grc' dir='ltr'><strong>με,</strong></span> <span class='ocrx_word' id='word_1_695' title='bbox 3586 4083 3706 4136; x_wconf 81' lang='grc' dir='ltr'>ἀπὸ</span> <span class='ocrx_word' id='word_1_696' title='bbox 3745 4085 3872 4138; x_wconf 76' lang='grc' dir='ltr'><strong>ὀλι-</strong></span> 
     </span>
    </p>
   </div>
   <div class='ocr_carea' id='block_1_99' title="bbox 2298 4168 3869 4241">
    <p class='ocr_par' dir='ltr' id='par_1_99' title="bbox 2298 4168 3869 4241">
     <span class='ocr_line' id='line_1_99' title="bbox 2298 4168 3869 4241; baseline 0.007 -24"><span class='ocrx_word' id='word_1_697' title='bbox 2298 4168 2593 4235; x_wconf 74' lang='grc' dir='ltr'>γοψυχιάς</span> <span class='ocrx_word' id='word_1_698' title='bbox 2625 4168 2722 4219; x_wconf 80' lang='grc' dir='ltr'>καὶ</span> <span class='ocrx_word' id='word_1_699' title='bbox 2749 4168 2862 4219; x_wconf 82' lang='grc' dir='ltr'>ἀπὸ</span> <span class='ocrx_word' id='word_1_700' title='bbox 2898 4169 3249 4238; x_wconf 81' lang='grc' dir='ltr'>καταιγίδος.</span> <span class='ocrx_word' id='word_1_701' title='bbox 3279 4171 3578 4238; x_wconf 84' lang='grc' dir='ltr'>Καταιγίδα</span> <span class='ocrx_word' id='word_1_702' title='bbox 3609 4174 3869 4241; x_wconf 73' lang='grc' dir='ltr'>ὀνομάζει</span> 
     </span>
    </p>
   </div>
   <div class='ocr_carea' id='block_1_100' title="bbox 2296 4257 3580 4333">
    <p class='ocr_par' dir='ltr' id='par_1_100' title="bbox 2296 4257 3580 4333">
     <span class='ocr_line' id='line_1_100' title="bbox 2296 4257 3580 4333; baseline 0.006 -25"><span class='ocrx_word' id='word_1_703' title='bbox 2296 4258 2394 4326; x_wconf 80' lang='grc' dir='ltr'><strong>τὴν</strong></span> <span class='ocrx_word' id='word_1_704' title='bbox 2425 4257 2511 4309; x_wconf 90' lang='grc' dir='ltr'><strong>διά</strong></span> <span class='ocrx_word' id='word_1_705' title='bbox 2539 4257 2631 4310; x_wconf 89' lang='grc' dir='ltr'><strong>τοῦ</strong></span> <span class='ocrx_word' id='word_1_706' title='bbox 2664 4259 2867 4323; x_wconf 82' lang='grc' dir='ltr'>πάθους</span> <span class='ocrx_word' id='word_1_707' title='bbox 2900 4261 3044 4329; x_wconf 82' lang='grc' dir='ltr'>αὐτῴ</span> <span class='ocrx_word' id='word_1_708' title='bbox 3079 4262 3361 4330; x_wconf 80' lang='grc' dir='ltr'>συμϐᾶσαν</span> <span class='ocrx_word' id='word_1_709' title='bbox 3385 4261 3580 4333; x_wconf 80' lang='grc' dir='ltr'>λύπην.</span> 
     </span>
    </p>
   </div>
   <div class='ocr_carea' id='block_1_101' title="bbox 2369 4344 3864 4424">
    <p class='ocr_par' dir='ltr' id='par_1_101' title="bbox 2369 4344 3864 4424">
     <span class='ocr_line' id='line_1_101' title="bbox 2369 4344 3864 4424; baseline 0.011 -25"><span class='ocrx_word' id='word_1_710' title='bbox 2369 4348 2486 4400; x_wconf 89' lang='grc' dir='ltr'>Ὅτι</span> <span class='ocrx_word' id='word_1_711' title='bbox 2514 4344 2676 4401; x_wconf 78' lang='grc' dir='ltr'>εἶδον</span> <span class='ocrx_word' id='word_1_712' title='bbox 2698 4351 2952 4419; x_wconf 83' lang='grc' dir='ltr'>ἀνομίαν</span> <span class='ocrx_word' id='word_1_713' title='bbox 2976 4352 3071 4404; x_wconf 79' lang='grc' dir='ltr'>καὶ</span> <span class='ocrx_word' id='word_1_714' title='bbox 3104 4353 3448 4422; x_wconf 73' lang='grc' dir='ltr'>ἀντιλογίαν</span> <span class='ocrx_word' id='word_1_715' title='bbox 3468 4355 3537 4407; x_wconf 85' lang='grc' dir='ltr'>ἐν</span> <span class='ocrx_word' id='word_1_716' title='bbox 3561 4355 3637 4424; x_wconf 79' lang='grc' dir='ltr'>τῇ</span> <span class='ocrx_word' id='word_1_717' title='bbox 3665 4360 3864 4415; x_wconf 75' lang='grc' dir='ltr'>πόλει.</span> 
     </span>
    </p>
   </div>
   <div class='ocr_carea' id='block_1_102' title="bbox 2295 4438 3868 4518">
    <p class='ocr_par' dir='ltr' id='par_1_102' title="bbox 2295 4438 3868 4518">
     <span class='ocr_line' id='line_1_102' title="bbox 2295 4438 3868 4518; baseline 0.007 -28"><span class='ocrx_word' id='word_1_718' title='bbox 2295 4438 2482 4491; x_wconf 74' lang='grc' dir='ltr'>Αίτίαν</span> <span class='ocrx_word' id='word_1_719' title='bbox 2522 4441 2851 4512; x_wconf 80' lang='grc' dir='ltr'>παρατίθησι</span> <span class='ocrx_word' id='word_1_720' title='bbox 2883 4442 2948 4495; x_wconf 73' lang='grc' dir='ltr'>δι’</span> <span class='ocrx_word' id='word_1_721' title='bbox 2976 4443 3043 4512; x_wconf 75' lang='grc' dir='ltr'>ἠν</span> <span class='ocrx_word' id='word_1_722' title='bbox 3076 4445 3168 4496; x_wconf 71' lang='grc' dir='ltr'>καὶ</span> <span class='ocrx_word' id='word_1_723' title='bbox 3206 4445 3304 4515; x_wconf 83' lang='grc' dir='ltr'>τὴν</span> <span class='ocrx_word' id='word_1_724' title='bbox 3338 4448 3646 4517; x_wconf 77' lang='grc' dir='ltr'>προσευχὴν</span> <span class='ocrx_word' id='word_1_725' title='bbox 3677 4450 3868 4518; x_wconf 72' lang='grc' dir='ltr'>ἐποιή-</span> 
     </span>
    </p>
   </div>
   <div class='ocr_carea' id='block_1_103' title="bbox 2302 4544 2454 4581">
    <p class='ocr_par' dir='ltr' id='par_1_103' title="bbox 2302 4544 2454 4581">
     <span class='ocr_line' id='line_1_103' title="bbox 2302 4544 2454 4581; baseline 0.013 -2"><span class='ocrx_word' id='word_1_726' title='bbox 2302 4544 2454 4581; x_wconf 88' lang='grc' dir='ltr'>σατο.</span> 
     </span>
    </p>
   </div>
   <div class='ocr_carea' id='block_1_104' title="bbox 2363 4625 3865 4696">
    <p class='ocr_par' dir='ltr' id='par_1_104' title="bbox 2363 4625 3865 4696">
     <span class='ocr_line' id='line_1_104' title="bbox 2363 4625 3865 4696; baseline 0.005 -22"><span class='ocrx_word' id='word_1_727' title='bbox 2363 4625 2502 4687; x_wconf 86' lang='grc' dir='ltr'>Ὅτι,</span> <span class='ocrx_word' id='word_1_728' title='bbox 2529 4627 2578 4677; x_wconf 81' lang='grc' dir='ltr'>εὶ</span> <span class='ocrx_word' id='word_1_729' title='bbox 2607 4625 2815 4693; x_wconf 77' lang='grc' dir='ltr'>ἐχθρὸς</span> <span class='ocrx_word' id='word_1_730' title='bbox 2842 4625 3110 4680; x_wconf 84' lang='grc' dir='ltr'>ὠνείδισέ</span> <span class='ocrx_word' id='word_1_731' title='bbox 3130 4644 3225 4696; x_wconf 84' lang='grc' dir='ltr'><strong>με,</strong></span> <span class='ocrx_word' id='word_1_732' title='bbox 3260 4626 3571 4696; x_wconf 76' lang='grc' dir='ltr'>ὑπήνεγκα</span> <span class='ocrx_word' id='word_1_733' title='bbox 3601 4629 3700 4683; x_wconf 80' lang='grc' dir='ltr'>ἂν.</span> <span class='ocrx_word' id='word_1_734' title='bbox 3720 4630 3865 4683; x_wconf 85' lang='grc' dir='ltr'>Ταῦ-</span> 
     </span>
    </p>
   </div>
   <div class='ocr_carea' id='block_1_105' title="bbox 2291 4716 3861 4789">
    <p class='ocr_par' dir='ltr' id='par_1_105' title="bbox 2291 4716 3861 4789">
     <span class='ocr_line' id='line_1_105' title="bbox 2291 4716 3861 4789; baseline 0.007 -24"><span class='ocrx_word' id='word_1_735' title='bbox 2291 4730 2358 4765; x_wconf 89' lang='grc' dir='ltr'><strong>τα</strong></span> <span class='ocrx_word' id='word_1_736' title='bbox 2388 4717 2466 4777; x_wconf 84' lang='grc' dir='ltr'><strong>είς</strong></span> <span class='ocrx_word' id='word_1_737' title='bbox 2492 4716 2779 4785; x_wconf 81' lang='grc' dir='ltr'>πρόσωπον</span> <span class='ocrx_word' id='word_1_738' title='bbox 2806 4717 2898 4770; x_wconf 87' lang='grc' dir='ltr'><strong>τοῦ</strong></span> <span class='ocrx_word' id='word_1_739' title='bbox 2927 4718 3184 4787; x_wconf 81' lang='grc' dir='ltr'>προδότου</span> <span class='ocrx_word' id='word_1_740' title='bbox 3213 4718 3598 4789; x_wconf 69' lang='grc' dir='ltr'>ἀναφέροιτ“ἀν</span> <span class='ocrx_word' id='word_1_741' title='bbox 3611 4720 3861 4785; x_wconf 80' lang='grc' dir='ltr'>δικαίως.</span> 
     </span>
    </p>
   </div>
   <div class='ocr_carea' id='block_1_106' title="bbox 2291 4805 3866 4880">
    <p class='ocr_par' dir='ltr' id='par_1_106' title="bbox 2291 4805 3866 4880">
     <span class='ocr_line' id='line_1_106' title="bbox 2291 4805 3866 4880; baseline 0.008 -24"><span class='ocrx_word' id='word_1_742' title='bbox 2291 4805 2376 4858; x_wconf 86' lang='grc' dir='ltr'><strong>Σὺ</strong></span> <span class='ocrx_word' id='word_1_743' title='bbox 2405 4805 2490 4866; x_wconf 79' lang='grc' dir='ltr'>δὲ,</span> <span class='ocrx_word' id='word_1_744' title='bbox 2516 4806 2783 4872; x_wconf 80' lang='grc' dir='ltr'>ἄνθρωπε</span> <span class='ocrx_word' id='word_1_745' title='bbox 2814 4810 3091 4878; x_wconf 70' lang='grc' dir='ltr'>ίσόψιυχε,</span> <span class='ocrx_word' id='word_1_746' title='bbox 3117 4809 3348 4878; x_wconf 75' lang='grc' dir='ltr'>ἡγεμών</span> <span class='ocrx_word' id='word_1_747' title='bbox 3367 4828 3484 4878; x_wconf 82' lang='grc' dir='ltr'>μου</span> <span class='ocrx_word' id='word_1_748' title='bbox 3507 4811 3603 4862; x_wconf 80' lang='grc' dir='ltr'>καὶ</span> <span class='ocrx_word' id='word_1_749' title='bbox 3631 4815 3866 4880; x_wconf 76' lang='grc' dir='ltr'>τνωστέ</span> 
     </span>
    </p>
   </div>
   <div class='ocr_carea' id='block_1_107' title="bbox 2286 4896 3862 4971">
    <p class='ocr_par' dir='ltr' id='par_1_107' title="bbox 2286 4896 3862 4971">
     <span class='ocr_line' id='line_1_107' title="bbox 2286 4896 3862 4971; baseline 0.007 -24"><span class='ocrx_word' id='word_1_750' title='bbox 2286 4913 2424 4964; x_wconf 79' lang='grc' dir='ltr'>μου,</span> <span class='ocrx_word' id='word_1_751' title='bbox 2443 4896 2587 4947; x_wconf 70' lang='grc' dir='ltr'>Ἀντὶ</span> <span class='ocrx_word' id='word_1_752' title='bbox 2617 4897 2729 4962; x_wconf 88' lang='grc' dir='ltr'>τοῦ,</span> <span class='ocrx_word' id='word_1_753' title='bbox 2754 4901 3104 4970; x_wconf 84' lang='grc' dir='ltr'>Κατεστάθης</span> <span class='ocrx_word' id='word_1_754' title='bbox 3132 4899 3356 4971; x_wconf 77' lang='grc' dir='ltr'>ἡγεμὼν</span> <span class='ocrx_word' id='word_1_755' title='bbox 3389 4902 3479 4952; x_wconf 82' lang='grc' dir='ltr'>ὑπ’</span> <span class='ocrx_word' id='word_1_756' title='bbox 3498 4901 3658 4971; x_wconf 75' lang='grc' dir='ltr'>ἐμοῦ,</span> <span class='ocrx_word' id='word_1_757' title='bbox 3683 4905 3709 4956; x_wconf 83' lang='grc' dir='ltr'>ὁ</span> <span class='ocrx_word' id='word_1_758' title='bbox 3728 4907 3862 4958; x_wconf 82' lang='grc' dir='ltr'><strong>Ἰού-</strong></span> 
     </span>
    </p>
   </div>
   <div class='ocr_carea' id='block_1_108' title="bbox 2288 4985 3862 5060">
    <p class='ocr_par' dir='ltr' id='par_1_108' title="bbox 2288 4985 3862 5060">
     <span class='ocr_line' id='line_1_108' title="bbox 2288 4985 3862 5060; baseline 0.008 -23"><span class='ocrx_word' id='word_1_759' title='bbox 2288 4985 2383 5048; x_wconf 86' lang='grc' dir='ltr'><strong>δας</strong></span> <span class='ocrx_word' id='word_1_760' title='bbox 2413 4986 2780 5056; x_wconf 77' lang='grc' dir='ltr'>δηλονὸτι.Ὃς</span> <span class='ocrx_word' id='word_1_761' title='bbox 2811 4989 2905 5041; x_wconf 80' lang='grc' dir='ltr'><strong>ἐπὶ</strong></span> <span class='ocrx_word' id='word_1_762' title='bbox 2937 4991 3001 5042; x_wconf 84' lang='grc' dir='ltr'>τὸ</span> <span class='ocrx_word' id='word_1_763' title='bbox 3045 4990 3189 5042; x_wconf 84' lang='grc' dir='ltr'><strong>αὺτύ</strong></span> <span class='ocrx_word' id='word_1_764' title='bbox 3214 4990 3551 5059; x_wconf 79' lang='grc' dir='ltr'>ἑγλύκανάς</span> <span class='ocrx_word' id='word_1_765' title='bbox 3590 5011 3695 5060; x_wconf 81' lang='grc' dir='ltr'><strong>μοι</strong></span> <span class='ocrx_word' id='word_1_766' title='bbox 3739 4995 3862 5049; x_wconf 75' lang='grc' dir='ltr'><strong>ἐδέ-</strong></span> 
     </span>
    </p>
   </div>
   <div class='ocr_carea' id='block_1_109' title="bbox 2287 5078 3863 5153">
    <p class='ocr_par' dir='ltr' id='par_1_109' title="bbox 2287 5078 3863 5153">
     <span class='ocr_line' id='line_1_109' title="bbox 2287 5078 3863 5153; baseline 0.007 -25"><span class='ocrx_word' id='word_1_767' title='bbox 2287 5078 2732 5148; x_wconf 82' lang='grc' dir='ltr'>σματα.“’ομοιον</span> <span class='ocrx_word' id='word_1_768' title='bbox 2752 5079 2884 5130; x_wconf 81' lang='grc' dir='ltr'>ὡσεὶ</span> <span class='ocrx_word' id='word_1_769' title='bbox 2908 5079 3077 5148; x_wconf 83' lang='grc' dir='ltr'>λέγοι·</span> <span class='ocrx_word' id='word_1_770' title='bbox 3097 5080 3208 5149; x_wconf 86' lang='grc' dir='ltr'>Τῆς</span> <span class='ocrx_word' id='word_1_771' title='bbox 3237 5081 3403 5150; x_wconf 75' lang='grc' dir='ltr'>αὐτῆς</span> <span class='ocrx_word' id='word_1_772' title='bbox 3425 5083 3706 5153; x_wconf 74' lang='grc' dir='ltr'>τραπέζης</span> <span class='ocrx_word' id='word_1_773' title='bbox 3732 5088 3863 5138; x_wconf 87' lang='grc' dir='ltr'>πολ-</span> 
     </span>
    </p>
   </div>
   <div class='ocr_carea' id='block_1_110' title="bbox 2286 5170 3861 5243">
    <p class='ocr_par' dir='ltr' id='par_1_110' title="bbox 2286 5170 3861 5243">
     <span class='ocr_line' id='line_1_110' title="bbox 2286 5170 3861 5243; baseline 0.005 -20"><span class='ocrx_word' id='word_1_774' title='bbox 2286 5171 2441 5232; x_wconf 80' lang='grc' dir='ltr'>λάκις</span> <span class='ocrx_word' id='word_1_775' title='bbox 2473 5170 2790 5241; x_wconf 71' lang='grc' dir='ltr'>ἠξιωμένος.</span> <span class='ocrx_word' id='word_1_776' title='bbox 2828 5173 2923 5224; x_wconf 81' lang='grc' dir='ltr'>Ἐν</span> <span class='ocrx_word' id='word_1_777' title='bbox 2950 5171 3027 5237; x_wconf 83' lang='grc' dir='ltr'>τῷ</span> <span class='ocrx_word' id='word_1_778' title='bbox 3056 5173 3199 5239; x_wconf 77' lang='grc' dir='ltr'>οτκῳ</span> <span class='ocrx_word' id='word_1_779' title='bbox 3231 5173 3334 5226; x_wconf 86' lang='grc' dir='ltr'><strong>τοῦ</strong></span> <span class='ocrx_word' id='word_1_780' title='bbox 3367 5173 3511 5226; x_wconf 87' lang='grc' dir='ltr'>Θεοῦ</span> <span class='ocrx_word' id='word_1_781' title='bbox 3535 5175 3861 5243; x_wconf 60' lang='grc' dir='ltr'>ἐπορεύθη-</span> 
     </span>
    </p>
   </div>
   <div class='ocr_carea' id='block_1_111' title="bbox 2281 5263 3859 5337">
    <p class='ocr_par' dir='ltr' id='par_1_111' title="bbox 2281 5263 3859 5337">
     <span class='ocr_line' id='line_1_111' title="bbox 2281 5263 3859 5337; baseline 0.004 -22"><span class='ocrx_word' id='word_1_782' title='bbox 2281 5281 2393 5331; x_wconf 81' lang='grc' dir='ltr'>μεν</span> <span class='ocrx_word' id='word_1_783' title='bbox 2424 5265 2492 5315; x_wconf 80' lang='grc' dir='ltr'>ἐν</span> <span class='ocrx_word' id='word_1_784' title='bbox 2531 5265 2794 5331; x_wconf 73' lang='grc' dir='ltr'>ὁμονοίᾳ.</span> <span class='ocrx_word' id='word_1_785' title='bbox 2820 5264 2989 5317; x_wconf 86' lang='grc' dir='ltr'>Τοῦτὸ</span> <span class='ocrx_word' id='word_1_786' title='bbox 3038 5282 3169 5333; x_wconf 80' lang='grc' dir='ltr'>φησι</span> <span class='ocrx_word' id='word_1_787' title='bbox 3207 5263 3294 5317; x_wconf 75' lang='grc' dir='ltr'><strong>διὰ</strong></span> <span class='ocrx_word' id='word_1_788' title='bbox 3336 5265 3396 5316; x_wconf 82' lang='grc' dir='ltr'><strong>τὸ</strong></span> <span class='ocrx_word' id='word_1_789' title='bbox 3442 5267 3859 5337; x_wconf 76' lang='grc' dir='ltr'>συνεληλυθέναι</span> 
     </span>
    </p>
   </div>
   <div class='ocr_carea' id='block_1_112' title="bbox 2285 5356 3111 5428">
    <p class='ocr_par' dir='ltr' id='par_1_112' title="bbox 2285 5356 3111 5428">
     <span class='ocr_line' id='line_1_112' title="bbox 2285 5356 3111 5428; baseline 0.001 -20"><span class='ocrx_word' id='word_1_790' title='bbox 2285 5357 2431 5427; x_wconf 73' lang='grc' dir='ltr'>αὐτῷ</span> <span class='ocrx_word' id='word_1_791' title='bbox 2459 5356 2714 5419; x_wconf 84' lang='grc' dir='ltr'>πολλάκις</span> <span class='ocrx_word' id='word_1_792' title='bbox 2750 5358 2825 5419; x_wconf 82' lang='grc' dir='ltr'>εἰς</span> <span class='ocrx_word' id='word_1_793' title='bbox 2862 5358 2920 5409; x_wconf 81' lang='grc' dir='ltr'><strong>τὸ</strong></span> <span class='ocrx_word' id='word_1_794' title='bbox 2950 5357 3111 5428; x_wconf 81' lang='grc' dir='ltr'>ἱερόν.</span> 
     </span>
    </p>
   </div>
   <div class='ocr_carea' id='block_1_113' title="bbox 2367 5461 3858 5534">
    <p class='ocr_par' dir='ltr' id='par_1_113' title="bbox 2367 5461 3858 5534">
     <span class='ocr_line' id='line_1_113' title="bbox 2367 5461 3858 5534; baseline 0.005 -23"><span class='ocrx_word' id='word_1_795' title='bbox 2367 5461 2607 5516; x_wconf 53' lang='lat' dir='ltr'><strong>regem</strong></span> <span class='ocrx_word' id='word_1_796' title='bbox 2631 5462 2705 5528; x_wconf 69' lang='grc' dir='ltr'>δὴ</span> <span class='ocrx_word' id='word_1_797' title='bbox 2733 5461 2984 5528; x_wconf 79' lang='grc' dir='ltr'>θάνατος</span> <span class='ocrx_word' id='word_1_798' title='bbox 3009 5463 3101 5514; x_wconf 79' lang='grc' dir='ltr'><strong>ἐπ’</strong></span> <span class='ocrx_word' id='word_1_799' title='bbox 3125 5464 3362 5531; x_wconf 78' lang='grc' dir='ltr'>αὐτοὺς,</span> <span class='ocrx_word' id='word_1_800' title='bbox 3391 5466 3486 5525; x_wconf 74' lang='grc' dir='ltr'>καὶ</span> <span class='ocrx_word' id='word_1_801' title='bbox 3517 5465 3858 5534; x_wconf 74' lang='grc' dir='ltr'>καταὸήτω-</span> 
     </span>
    </p>
   </div>
   <div class='ocr_carea' id='block_1_114' title="bbox 2284 5551 3857 5626">
    <p class='ocr_par' dir='ltr' id='par_1_114' title="bbox 2284 5551 3857 5626">
     <span class='ocr_line' id='line_1_114' title="bbox 2284 5551 3857 5626; baseline 0.002 -22"><span class='ocrx_word' id='word_1_802' title='bbox 2284 5567 2404 5604; x_wconf 85' lang='grc' dir='ltr'><strong>σαν</strong></span> <span class='ocrx_word' id='word_1_803' title='bbox 2426 5555 2512 5617; x_wconf 84' lang='grc' dir='ltr'>εὶς</span> <span class='ocrx_word' id='word_1_804' title='bbox 2542 5553 2687 5618; x_wconf 79' lang='grc' dir='ltr'>ᾅδου</span> <span class='ocrx_word' id='word_1_805' title='bbox 2715 5551 2941 5619; x_wconf 83' lang='grc' dir='ltr'>ζῶντες.</span> <span class='ocrx_word' id='word_1_806' title='bbox 2962 5555 3178 5626; x_wconf 78' lang='grc' dir='ltr'>Ἐπειδὴ</span> <span class='ocrx_word' id='word_1_807' title='bbox 3213 5557 3310 5609; x_wconf 72' lang='grc' dir='ltr'><strong>οὐκ</strong></span> <span class='ocrx_word' id='word_1_808' title='bbox 3337 5556 3597 5625; x_wconf 79' lang='grc' dir='ltr'>ὲθέλησάν</span> <span class='ocrx_word' id='word_1_809' title='bbox 3649 5574 3710 5608; x_wconf 84' lang='grc' dir='ltr'><strong>σε</strong></span> <span class='ocrx_word' id='word_1_810' title='bbox 3759 5557 3857 5624; x_wconf 80' lang='grc' dir='ltr'>τὴν</span> 
     </span>
    </p>
   </div>
   <div class='ocr_carea' id='block_1_115' title="bbox 2286 5640 3853 5716">
    <p class='ocr_par' dir='ltr' id='par_1_115' title="bbox 2286 5640 3853 5716">
     <span class='ocr_line' id='line_1_115' title="bbox 2286 5640 3853 5716; baseline 0.001 -22"><span class='ocrx_word' id='word_1_811' title='bbox 2286 5640 2429 5710; x_wconf 76' lang='grc' dir='ltr'>ζωὴν</span> <span class='ocrx_word' id='word_1_812' title='bbox 2474 5642 2898 5716; x_wconf 75' lang='grc' dir='ltr'>παραδέξασθαι,</span> <span class='ocrx_word' id='word_1_813' title='bbox 2942 5644 3112 5716; x_wconf 78' lang='grc' dir='ltr'>ταύτῃ</span> <span class='ocrx_word' id='word_1_814' title='bbox 3157 5662 3236 5697; x_wconf 87' lang='grc' dir='ltr'><strong>τοι</strong></span> <span class='ocrx_word' id='word_1_815' title='bbox 3284 5645 3505 5708; x_wconf 82' lang='grc' dir='ltr'>θάνατος</span> <span class='ocrx_word' id='word_1_816' title='bbox 3553 5645 3853 5709; x_wconf 76' lang='grc' dir='ltr'>διαδέξεται</span> 
     </span>
    </p>
   </div>
   <div class='ocr_carea' id='block_1_116' title="bbox 2285 5732 3852 5803">
    <p class='ocr_par' dir='ltr' id='par_1_116' title="bbox 2285 5732 3852 5803">
     <span class='ocr_line' id='line_1_116' title="bbox 2285 5732 3852 5803; baseline 0.004 -19"><span class='ocrx_word' id='word_1_817' title='bbox 2285 5732 2498 5796; x_wconf 73' lang='grc' dir='ltr'>αὐτούς.</span> <span class='ocrx_word' id='word_1_818' title='bbox 2541 5735 2613 5786; x_wconf 85' lang='grc' dir='ltr'>Τὸ</span> <span class='ocrx_word' id='word_1_819' title='bbox 2643 5734 2717 5802; x_wconf 77' lang='grc' dir='ltr'><strong>δὲ,</strong></span> <span class='ocrx_word' id='word_1_820' title='bbox 2750 5735 3183 5801; x_wconf 74' lang='grc' dir='ltr'>Καταϐήτωσαν</span> <span class='ocrx_word' id='word_1_821' title='bbox 3213 5739 3296 5802; x_wconf 81' lang='grc' dir='ltr'>εἰς</span> <span class='ocrx_word' id='word_1_822' title='bbox 3331 5735 3476 5802; x_wconf 83' lang='grc' dir='ltr'>ᾅδου</span> <span class='ocrx_word' id='word_1_823' title='bbox 3503 5734 3739 5803; x_wconf 78' lang='grc' dir='ltr'>ζῶντες,</span> <span class='ocrx_word' id='word_1_824' title='bbox 3768 5736 3852 5792; x_wconf 70' lang='grc' dir='ltr'><strong>δτι</strong></span> 
     </span>
    </p>
   </div>
  </div>
