4034 6460
190 417 294 477 253
1301 398 1665 460 EXPOSITIO
1698 399 1766 455 IN
1807 399 2141 458 PSALMUM
2181 399 2292 459 LV.
3320 396 3429 452 254

190 543 276 611 δὴ,
311 540 664 608 γωιίισκοντες
693 532 851 588 αύτδν
877 529 1012 587 εἶναι
1052 533 1141 585 τὸν
1184 530 1534 602 κληρονόμον,
1569 526 1749 582 εἷπονο

1869 544 2035 596 ipsum
2066 528 2331 584 haeredem
2377 540 2519 591 esse,
2560 522 2833 582 dixerunt,
2886 514 3082 577 Venite,
3125 514 3424 568 occidamus

192 605 391 696 Δεῦτε,
416 629 856 696 ἀποκτείνωμεν
885 627 1071 680 αὐτόν
1093 642 1105 655 ⁸
1141 624 1236 695 τὴν
1271 622 1377 695 γὰρ
1412 623 1609 690 γνῶσιν
1638 622 1757 674 ἀντὶ

1869 638 1974 674 eum
2009 622 2054 652 τι
2086 637 2101 687 ;
2142 634 2266 674 nam
2295 616 2665 685 cognitionem
2695 626 2793 681 pro
2821 608 2930 662 vita
2960 605 3159 676 posuit.

194 728 293 796 τῆς
319 726 465 795 ζωῆς
499 722 782 776 ὲτεθείκει.

279 782 591 884 λε’τὼξτρὸς
618 812 724 865 τὸν
745 809 891 863 Θεὸν
911 806 1218 876 ἐκέκραξα,
1239 805 1334 859 και
1360 808 1391 859 δ
1411 805 1619 872 Κύριος
1638 804 1761 855 εισ-

1929 799 2015 853 17.
2057 796 2165 869 Ego
2220 808 2394 851 autem
2438 794 2507 848 ad
2548 793 2715 847 Deum
2764 788 3025 849 clamavi,
3064 794 3110 839 et
3166 782 3424 836 Dominus

191 874 424 975 ἤκουσέ
444 874 741 975 Ἐγὼ
787 902 921 972 πρὸς
964 874 1056 951 τὸν
1090 898 1220 951 Θεὸν
1258 897 1546 967 ἐκέκραξα.
1574 895 1683 948 Καὶ
1708 894 1761 945 τί

1869 889 2126 943 exaudit-it
2156 905 2253 941 me.
2292 887 2403 958 Ego
2445 886 2511 939 ad
2562 883 2848 937 Dominum
2894 877 3145 934 clamavi.
3217 874 3423 945 Ecquid

205 972 540 1069 ixéxpaﬁev;
599 995 633 1065 ἢ
683 990 1020 1063 λυτρωθῆναι
1070 991 1168 1061 τὴν
1220 988 1397 1060 ψδχὴν
1440 987 1601 1040 αὑτοῦ
1655 985 1763 1038 ἀπὸ

1869 982 2171 1037 clamavit?
2229 982 2335 1035 nisi
2391 988 2450 1033 ut
2501 978 2803 1046 eriperetur
2856 972 3037 1026 anima
3058 974 3176 1041 ejus
3245 974 3311 1026 ab
3360 972 3425 1024 iis

193 1090 304 1143 τῶν
335 1064 640 1158 ζητούντων
670 1081 930 1137 ἀπολέσαι
971 1081 1157 1150 αὐτήν.
1189 1078 1278 1130 Διὸ
1302 1078 1367 1147 δὴ
1399 1076 1491 1129 καὶ
1515 1077 1764 1145 εἰσήκου-

1869 1073 1955 1143 qui
1995 1087 2114 1126 eam
2165 1073 2387 1141 perdere
2423 1071 2755 1139 quaerebant.
2806 1065 3171 1132 Quamobrem
3201 1064 3427 1119 exaudi-

1863 1177 1950 1222 ωε
1976 1174 2075 1219 est.

1938 1255 2025 1309 l8.
2082 1252 2296 1320 Vespere
2338 1261 2385 1304 et
2427 1264 2579 1302 mane
2618 1256 2667 1301 et
2702 1248 2917 1301 meridie
2958 1248 3209 1301 narrabo.
3257 1247 3426 1313 Quasi

1864 1347 2044 1402 dicat:
2076 1341 2195 1397 Non
2243 1343 2403 1396 linem
2453 1341 2645 1394 faciam
2696 1339 3018 1405 enat-randi,
3072 1339 3214 1408 quod
3255 1354 3427 1393 exau-

197 1197 342 1235 σται.

279 1270 569 1338 Ἑσπέρας
595 1267 688 1322 καὶ
720 1266 863 1336 πρωὶ
890 1265 986 1319 καὶ
1002 1265 1369 1335 μεσημϐρίας
1389 1261 1760 1332 διηγήσομαι.

209 1362 358 1416 Ἀντὶ
384 1360 500 1423 τοῦ,
532 1359 605 1412 Οὐ
637 1358 914 1427 παύσομαι
938 1354 1308 1425 διηγούμενος,
1326 1355 1409 1407 ὅτι
1432 1352 1495 1424 δὴ
1521 1351 1765 1406 εἰσακού-

199 1471 301 1517 σας
330 1452 665 1522 λελύτρωσαι
694 1449 789 1519 τὴν
817 1449 994 1517 ψυχήν
1031 1464 1153 1518 μου.

1869 1441 2017 1494 diens
2046 1452 2131 1490 me
2158 1432 2451 1487 redemeris
2476 1432 2714 1483 animam
2746 1444 2939 1483 meam.

273 1515 394 1597 ;Otl.
556 1515 807 1605 πολλοῗς
834 1515 1010 1609 ’ἦέἀν
1033 1515 1169 1592 *σὺν
1207 1536 1484 1606 ὲμοΙ.”Οτι
1510 1537 1558 1587 οἱ
1583 1532 1764 1587 πολλοὶ

1938 1530 2023 1584 l9.
2067 1528 2329 1592 Quoniam
2375 1527 2511 1578 inter
2566 1525 2759 1575 multos
2805 1529 2955 1575 erant
3004 1534 3224 1573 mecum.
3280 1515 3430 1583 Quo-

202 1636 453 1691 συνίεσαν
483 1633 621 1704 (22‘)
664 1635 781 1685 κατ’
811 1608 943 1703 ἐμοῦ
975 1630 1284 1701 βουλόμενοι
1316 1628 1414 1698 τὴν
1439 1627 1617 1697 ψυχήν
1657 1642 1757 1696 μου

1869 1623 2011 1677 niam
2057 1620 2212 1673 multi
2254 1623 2629 1672 convenerunt
2655 1626 2843 1668 contra
2891 1629 2999 1678 me,
3034 1612 3273 1666 volentes
3304 1608 3428 1663 aui-

204 1728 460 1799 ἐξαίρειν.

1869 1729 2011 1768 mam
2049 1710 2263 1766 auferre
2293 1707 2443 1762 mihi.

277 1790 358 1873 Oi:
384 1817 493 1888 γάρ
519 1816 688 1870 ἐστιν
730 1812 933 1878 αὐτοῖς
973 1813 1383 1879 ἀντάλλαγμα.
1420 1804 1764 1875 Ταπεινωθή-

1938 1804 2027 1858 20.
2074 1802 2197 1856 Non
2236 1802 2371 1855 enim
2401 1807 2479 1853 est
2510 1798 2621 1852 illis
2659 1793 3016 1850 commutatio.
3044 1790 3430 1844 Humiliabun-

200 1928 403 1972 σονται,
436 1909 616 1980 φησιν,
654 1906 838 1976 ἐπειδὴ
869 1904 987 1958 οὐδὲ
1025 1904 1206 1975 ἔχουσι
1247 1901 1345 1971 τῆς
1387 1900 1559 1970 ψυχῆς
1585 1897 1760 1951 αὐτῶν

1869 1906 1974 1962 tur,
2006 1896 2199 1965 inquit.
2247 1892 2466 1962 quando
2524 1906 2632 1943 non
2682 1888 2885 1942 habent
2935 1883 3425 1939 commutationem

197 1970 757 2069 ἀντάλλαγμα.”Απαξ
789 1970 895 2069 γάρ
922 1970 1284 2067 ἀρνησάμενοι
1306 1970 1385 2044 τὸ
1423 1990 1601 2061 τίμιον
1626 1982 1763 2058 αἷμα

1869 1990 2061 2044 auium:
2120 2001 2249 2042 suae.
2299 1982 2431 2036 Nam
2488 1996 2611 2035 cum
2662 1980 2828 2035 semel
2880 1977 3175 2048 pretiosum
3223 1970 3429 2026 Christi

195 2066 546 2165 Xptotoﬁ,sb
592 2066 915 2161 εἰλημμένον
962 2066 1313 2154 ἀντάλλαγμα
1362 2083 1501 2155 ὑπὲρ
1538 2081 1637 2152 τῆς
1667 2077 1759 2132 τοῦ

1869 2080 2181 2149 sanguinem
2206 2077 2545 2146 abnegarint,
2574 2073 2665 2140 qui
2689 2080 2946 2138 acceptus
2977 2067 3079 2121 fuit
3101 2066 3153 2118 in
3182 2078 3429 2120 commu-

196 2188 402 2256 κόσμου
437 2184 600 2254 ζωῆς,
631 2182 813 2236 οὐκέτι
842 2178 1131 2251 εὐποροῦσι
1162 2177 1379 2247 λύτρου.

279 2363 561 2428 Ἐξέτεινε
605 2361 718 2429 τὴν
764 2362 929 2430 χεῖρα
969 2359 1152 2415 αὐτοῦ
1191 2359 1259 2411 ἐν
1293 2354 1371 2420 τῷ
1394 2353 1759 2409 ἀποδιδόναι.

190 2456 367 2517 Δύτὺς
413 2454 511 2523 μὲν
562 2454 792 2516 ἐξέτεινε
826 2455 922 2522 τὴν
954 2450 1287 2522 παρεκτικὴν
1318 2450 1472 2518 χεῖρα
1500 2446 1607 2499 τῶν
1634 2447 1764 2513 ἀγα-

191 2547 305 2600 Θῶν
338 2548 416 2610 εἰς
439 2546 500 2598 τὸ
535 2544 853 2615 μεταλαϐεῖν
890 2544 1082 2606 αὐτοὺς
1108 2543 1204 2612 τῆς
1237 2541 1512 2609 εὐλογίαςο
1541 2540 1589 2590 ol
1618 2537 1674 2590 δὲ
1701 2537 1760 2588 ού

196 2638 359 2709 μόνον
380 2637 479 2689 οὐκ
504 2634 749 2699 ἐδέξαντο
774 2652 785 2663 ·
818 2633 950 2687 ἀλλά
978 2634 1071 2687 καὶ
1103 2632 1216 2700 τὴν
1239 2629 1527 2695 διαθήκην
1557 2625 1759 2691 ἐϐεϐή-

190 2730 425 2788 λωσαν,
458 2724 697 2795 δηλονότι
728 2723 824 2794 τὴν
859 2722 1232 2792 εὐαγγελικήν.

266 2818 733 2886 Διεμερίσθησιιν
773 2814 890 2868 ἀπὸ
938 2812 1117 2881 ὀργῆς
1160 2812 1263 2865 τοῦ
1311 2809 1630 2877 προσώπου
1654 2809 1761 2861 αὺ-

194 2911 319 2965 τοῦ.
343 2909 558 2978 Ἐπειδὴ
589 2906 882 2977 κακοῦργοι
912 2907 1038 2976 περὶ
1065 2905 1154 2958 τὸν
1175 2904 1466 2975 εὐεργέτην
1485 2902 1758 2971 γεγόνασι,

192 3003 368 3074 ταύτῃ
398 3018 478 3053 τοι
512 3002 601 3052 καὶ
634 3002 712 3062 εἰς
737 2999 910 3052 πάντα
946 2998 1141 3067 ἄνεμον
1175 2997 1369 3058 αὐτοὺς
1397 2996 1759 3066 διεσκόρπισε.

192 3094 305 3147 Καὶ
353 3092 612 3161 ἤγγισαν
650 3094 707 3145 al
754 3090 982 3159 καρδίαι
1024 3088 1239 3143 αὐτῶν.
1288 3086 1456 3141 Πάλιν
1495 3088 1622 3157 περὶ
1670 3085 1760 3138 τοῦ

206 3184 377 3238 Ἰούδα
412 3183 502 3236 τὸν
532 3182 685 3250 λόγον
708 3179 1074 3234 ἀποτείνεται·
1113 3179 1189 3248 Τῇ
1210 3178 1423 3249 καρδίᾳ.
1457 3179 1606 3247 φησὶ,
1636 3193 1763 3227 κατ-

193 3274 417 3338 εδέξατο
446 3275 506 3327 τὸ
553 3272 838 3343 προδοῦναι
869 3269 1120 3338 Χριστόν.
1156 3268 1264 3320 Καὶ
1291 3266 1353 3337 δὴ
1386 3266 1574 3332 λόγους
1609 3281 1770 3335 προσ-

195 3369 391 3438 έφερεν
417 3364 656 3426 ἁπαλούς
684 3380 741 3415 τε
775 3362 868 3413 καὶ
889 3360 1083 3421 λείους,
1110 3357 1223 3411 ἀλλ’
1246 3352 1385 3428 ἦσαν
1408 3356 1606 3419 κακίας
1634 3355 1772 3426 πλή-

196 3477 333 3532 ρεις.
358 3457 513 3520 Τίνες
541 3456 597 3508 δὲ
634 3456 681 3507 οἱ
708 3454 853 3523 λόγοι
884 3452 917 3523 ἢ
946 3452 1027 3514 τὸ,
1057 3450 1251 3519 Χαῖρε,
1282 3447 1499 3511 Ῥαόὄὶ,
1522 3448 1612 3501 ὲπὶ
1640 3465 1771 3519 προ-

193 3552 353 3621 δοσίᾳ
380 3549 671 3619 λεγόμενον
693 3564 707 3612 ;

279 3643 627 3710 Ἐπῷριψον
662 3637 759 3691 ἐπὶ
785 3636 1001 3703 Κύριον
1040 3633 1155 3701 τὴν
1187 3632 1477 3701 μέριμνάν
1511 3646 1647 3693 σου,
1669 3632 1767 3685 καὶ

194 3736 382 3799 αὐτός
430 3749 502 3785 σε
547 3728 1096 3798 διαθρέψει.’ομοιον
1123 3725 1213 3777 τό·
1250 3725 1343 3791 Μὴ
1367 3724 1769 3793 μεριμνήσητε

196 3830 256 3883 τι
280 3826 531 3897 φάγητε,
562 3822 599 3891 ἢ
632 3823 687 3875 τι
710 3822 902 3887 πίητε,
936 3818 973 3887 ἢ
1002 3818 1060 3871 τί
1098 3817 1453 3882 ἐνδύσησθε.
1486 3818 1567 3869 Οὐ
1592 3816 1769 3869 δώσει

195 3919 287 3981 εἰς
313 3916 419 3967 τὸν
440 3909 623 3965 αἰῶνα
653 3907 849 3962 σάλον
883 3906 962 3971 τῷ
994 3905 1213 3969 δικαίῳ.
1235 3906 1376 3957 Ἀντὶ
1400 3904 1515 3957 τοῦ·
1535 3904 1770 3958 Ἑκσπά-

199 4022 286 4059 σει
308 4004 435 4065 τοὺς
461 4001 699 4061 δικαίους
724 4000 781 4051 ὲν
811 3998 971 4051 παντὶ
999 3996 1174 4067 καιρῷ
1204 3995 1311 4048 ἀπὸ
1348 3996 1526 4067 πάσης
1572 4000 1768 4050 ὲπανα-

199 4093 446 4154 στάσεως
472 4088 700 4160 ἐχθρῶν.

269 4184 357 4240 Σὺ
384 4183 472 4248 δὲ,
503 4185 535 4235 ό
556 4181 719 4246 Θεὸς,
748 4176 1020 4243 κατάξεις
1053 4178 1272 4244 αὐτοὺς
1303 4181 1388 4244 εὶς
1430 4178 1614 4247 φρέαρ
1654 4178 1770 4231 δια-

197 4274 444 4348 φθορᾶς.
499 4272 635 4334 Τοὺς
685 4271 1086 4334 ὲπαναστὰντας
1130 4270 1367 4341 δηλονότι
1411 4271 1504 4323 καὶ
1555 4269 1768 4340 σταυρῷ

197 4366 561 4440 παραδόντας.
601 4362 780 4433 Φρέαρ
812 4362 919 4433 γὰρ
952 4360 1244 4432 διαφθορᾶς
1285 4364 1375 4415 τὸν
1419 4362 1550 4432 ᾅδην
1585 4361 1765 4430 φησίν.

202 4459 445 4526 Ἄνδρες
492 4457 752 4524 αΙμάτων
781 4453 876 4506 καὶ
911 4453 1253 4519 δολιότητος
1296 4456 1367 4507 οὐ
1408 4454 1492 4522 μὴ
1527 4455 1768 4523 -ἠμισεύ-

1869 2173 2122 2227 tatioucm
2155 2184 2250 2239 pro
2270 2169 2375 2220 vita
2401 2166 2608 2227 mundi,
2636 2178 2741 2217 non
2774 2164 2914 2215 ultra
2935 2157 3169 2227 suppetit
3196 2156 3431 2224 pretium

1868 2261 2278 2331 redemptionis.

1937 2356 2026 2409 2|.
2075 2351 2321 2405 Extendit
2375 2363 2588 2401 manum
2623 2360 2773 2398 suam
2812 2344 2867 2395 in
2910 2338 3263 2394 retribuendo.
3305 2334 3431 2405 Ipsa

1868 2449 2085 2519 quidem
2135 2442 2373 2498 extendit
2414 2454 2633 2493 manum
2680 2451 2835 2491 suam
2886 2434 3153 2488 bonorum
3200 2427 3434 2495 largitri-

1868 2557 1982 2596 cem
2034 2547 2092 2591 ut
2139 2537 2238 2605 ipsi
2294 2534 2631 2603 perciperent
2676 2525 3103 2583 benedictionem
3138 2541 3152 2588 ;
3184 2522 3259 2576 illi
3303 2533 3434 2575 ven)

1869 2648 1974 2685 non
2014 2630 2176 2683 modo
2209 2644 2315 2681 nou
2348 2633 2687 2692 receperunt,
2728 2621 2819 2673 scd
2854 2619 3014 2672 etiam
3046 2616 3435 2669 contaminat:-

1868 2731 1990 2775 runt
2016 2726 2406 2775 testamentum,
2439 2712 2650 2767 scilicet
2674 2707 3067 2776 evangelicum.

1940 2816 2028 2869 92.
2075 2812 2237 2867 Divisi
2278 2820 2397 2863 sunt
2436 2806 2500 2859 ab
2541 2807 2623 2858 ira
2653 2803 2825 2855 vultus
2851 2799 2983 2865 ejus.
3029 2794 3317 2861 Quoniam,
3350 2791 3434 2844 in-

1867 2909 2004 2978 quit,
2056 2906 2108 2959 in
2155 2902 2552 2959 benefactnrem
2585 2893 2813 2963 improbi
2844 2900 2900 2946 et
2940 2887 3159 2956 maligni
3195 2884 3432 2947 fuerunt,

1871 2975 1988 3055 ideo
2011 2995 2295 3064 dissipavit
2334 2994 2454 3046 illos
2498 2990 2551 3043 iu
2597 3001 2811 3041 omnem
2847 2993 3088 3035 ventum.
3135 2975 3202 3030 Et
3243 2989 3435 3044 appro-

1867 3096 2249 3162 pinquaverunt
2286 3084 2446 3138 corda
2483 3081 2717 3134 illorum.
2759 3078 2991 3131 Rursum
3031 3072 3097 3125 de
3140 3068 3277 3123 Jutla
3322 3081 3437 3121 ser-

1870 3158 2085 3240 monem
2123 3180 2357 3236 instituit
2388 3195 2400 3230 :
2428 3174 2624 3234 Corde,
2674 3171 2849 3239 inquit
2873 3210 2886 3230 .
2933 3163 3191 3237 prodendi
3230 3158 3436 3214 Christi

1872 3276 2159 3333 consilium
2191 3270 2426 3327 admisit.
2460 3267 2524 3322 Et
2562 3265 2778 3336 quidem
2825 3260 2961 3314 leuia
2987 3266 3041 3311 et
3072 3254 3265 3308 blanda
3306 3265 3436 3319 pro-

1871 3367 2097 3426 ferebat,
2123 3365 2213 3419 sed
2240 3378 2362 3430 qua:
2396 3369 2581 3413 essent
2610 3354 2814 3410 malitia
2848 3351 3023 3420 plena.
3056 3345 3187 3412 Quae
3218 3344 3381 3397 verba
3417 3342 3437 3396 ἶ

1871 3458 1976 3512 nisi
2026 3455 2153 3509 illud
2196 3473 2211 3507 :
2244 3453 2370 3515 Ave,
2402 3448 2567 3502 Rabbi
2600 3448 2669 3509 ⁷⁸,
2705 3442 2847 3514 quod
2886 3441 2941 3493 in
2990 3433 3265 3507 prodendo
3311 3446 3436 3501 pro-

1871 3548 2012 3603 tulit.

1939 3640 2030 3693 25.
2073 3636 2232 3689 Jacta
2266 3648 2421 3697 super
2454 3629 2732 3683 Dominum
2768 3640 2950 3678 curam
2976 3631 3142 3684 tuam,
3168 3628 3215 3672 et
3241 3618 3352 3684 ipse
3387 3624 3435 3668 te

1868 3729 2111 3786 enutriet.
2148 3724 2339 3779 Simile
2386 3722 2517 3775 illud
2565 3739 2578 3774 :
2632 3717 2813 3772 Nolite
2860 3714 3075 3769 solliciti
3123 3727 3255 3773 esse,
3306 3707 3433 3777 quid

1869 3817 2273 3878 manducabitis,
2294 3822 2386 3867 aut
2404 3812 2527 3883 quid
2561 3810 2765 3873 bibetis,
2785 3817 2874 3860 aut
2902 3822 3002 3875 quo
3047 3799 3433 3872 oprriemini".

1874 3907 1997 3960 Non
2062 3906 2211 3958 dabit
2264 3904 2319 3955 in
2375 3913 2626 3954 teternum
2659 3896 3050 3966 ﬂuctuationem
3076 3894 3245 3961 justo.
3265 3888 3435 3955 Quasi

1870 4002 2015 4054 dicat
2050 4017 2066 4053 :
2099 3996 2258 4051 Omni
2297 4004 2536 4062 tempore
2565 3992 2745 4060 justos
2778 3988 3025 4043 extrahet
3054 3987 3121 4040 ab
3147 3984 3294 4039 omni
3329 3983 3429 4036 im-

1870 4099 1992 4160 petu
2031 4088 2399 4140 inimicorum.

1937 4179 2027 4233 24.
2082 4176 2159 4231 Τιι
2187 4194 2320 4237 vero,
2362 4175 2519 4239 Deus,
2550 4172 2771 4225 deduces
2818 4184 2903 4221 eos
2940 4169 2996 4220 in
3021 4173 3233 4233 puteum
3271 4163 3434 4215 inter-

1867 4274 1995 4327 itus.
2018 4270 2123 4325 Eos
2144 4270 2345 4324 scilicet
2378 4268 2469 4335 qui
2511 4267 2873 4332 insurgerent,
2910 4268 2969 4313 ut
3005 4253 3435 4323 cruciligendum

1868 4365 2159 4418 traderent.
2199 4359 2426 4411 Puteum
2461 4356 2605 4409 enim
2650 4352 2901 4405 interitus
2948 4349 3220 4401 infernum
3256 4351 3434 4397 vocat.

1880 4454 1993 4507 Viri
2023 4451 2334 4521 sanguinum
2359 4458 2405 4501 et
2438 4446 2609 4499 dolosi
2640 4461 2738 4496 non
2771 4440 3125 4494 dintitliubunt
3153 4438 3262 4489 dies
3287 4450 3432 4488 suos.

197 4564 358 4607 σωσι
395 4548 501 4612 τὰς
522 4545 743 4614 ἡμέρας
777 4543 1233 4615 αὑτῶν.“Ἀνδρας
1261 4545 1502 4616 αἱμάτων
1528 4548 1651 4607 τοὺς
1677 4546 1764 4598 τὸν

1872 4547 2028 4600 Viros
2058 4544 2385 4612 sauguinunt
2421 4540 2552 4594 dicit
2592 4552 2688 4591 eus
2727 4537 2820 4603 qui
2858 4535 2980 4586 vitae
3014 4531 3313 4599 principem
3346 4526 3432 4578 iu-

197 4644 445 4717 ἀρχηγὸν
486 4641 582 4710 τῆς
610 4637 754 4708 ζωῆς
798 4635 1221 4699 ἀποκτείναντας
1250 4653 1431 4707 φησιν,
1471 4637 1519 4689 οἳ
1545 4638 1636 4689 καὶ
1663 4637 1763 4706 τῆς

198 4738 347 4807 ζωῆς
379 4736 439 4788 ού
474 4730 866 4803 πεπληρώκασι
895 4731 983 4783 τὸν
1007 4730 1214 4799 χρόνον,
1249 4733 1314 4801 τῇ
1353 4731 1632 4800 Ῥωμαίων
1659 4746 1763 4781 πα-

200 4828 514 4900 ραδοθέντες
552 4842 690 4895 μαχα
702 4823 809 4893 ipa.

195 4923 305 4987 Εἰς
334 4919 401 4972 τὸ
427 4917 618 4982 τέλος,
632 4914 783 4982 ὑπὲρ
807 4914 912 4967 τοῦ
942 4910 1095 4967 λαοῦ
1115 4911 1231 4965 ἀπὸ
1250 4912 1367 4964 τῶν
1380 4911 1562 4979 ἁγίων
1580 4928 1761 4981 μεμα-

273 5006 632 5079 κρυμμένου,
656 5006 737 5071 τῷ
761 5004 938 5058 Δαυτδ
965 5006 1051 5070 εις
1077 5004 1544 5071 στηλογραφίτιν,
1582 5005 1760 5058 ὁπότε

280 5098 623 5168 ἐκράτησαν
642 5095 826 5150 αὺτὸν
848 5097 900 5147 ol
921 5094 1256 5161 ἀλλόφυλοι
1282 5093 1352 5146 ὲν
1374 5096 1423 5145 Γ
1425 5092 1509 5146 ἐθ.
1538 5092 1669 5149 NE".

828 5185 1147 5250 Ὑπόθεσις.

196 5281 362 5339 Δαυῖδ
396 5296 607 5351 φεύγων
639 5278 728 5331 τὸν
759 5276 929 5331 Σαούλ
972 5274 1095 5345 ἔσχε
1143 5275 1269 5338 τοὺς
1316 5276 1761 5331 συνακολουθοῦν-

266 5392 368 5436 τας
412 5371 556 5443 αύτῷ
603 5369 797 5439 ἄνδρας
840 5367 1168 5431 ἑξακοσίους.
1202 5363 1333 5421 Εἶτα
1360 5371 1759 5439 παρερχόμενος

266 5468 351 5529 εις
374 5463 473 5517 Γὲθ
500 5463 783 5533 τετίμηται
813 5460 960 5530 παρά
981 5460 1087 5513 τῶν
1113 5457 1447 5527 ἀλλοφύλων
1482 5461 1759 5534 ἀφώρισαν

264 5560 379 5629 γὰρ
412 5553 557 5623 αὐτῷ
590 5553 902 5623 οἰκητήριον
946 5554 1043 5608 τὴν
1088 5551 1331 5605 Σικελάν.
1352 5554 1693 5625 ’Λναφέροιτο
1716 5557 1758 5609 δ’

1869 4637 2214 4696 terfeceruut,
2256 4633 2347 4703 qui
2383 4633 2542 4686 etiam
2573 4639 2787 4695 tempus
2815 4626 2935 4678 vitae
2974 4638 3085 4679 suae
3115 4637 3221 4676 non
3263 4619 3435 4690 perle-

1867 4736 2081 4791 cerunt,
2105 4726 2473 4779 Romanorum
2504 4718 2683 4790 gladio
2707 4716 2909 4770 traditi.

1867 4910 1893 4963 1
1961 4906 2026 4961 1η
2058 4907 2237 4974 ﬁnem,
2284 4918 2377 4971 pro
2412 4901 2600 4969 populo
2638 4900 2727 4969 qui
2772 4915 2803 4950 a
2838 4894 3037 4951 sanctis
3064 4892 3215 4961 longe
3256 4888 3432 4957 factus

1936 5010 2036 5063 est,
2063 5000 2165 5068 ipsi
2191 4994 2363 5051 David
2388 4996 2441 5047 in
2480 4992 2621 5046 tituli
2660 4989 3079 5057 inscriptionem,
3116 4998 3233 5036 cunt
3258 4990 3434 5033 tenue-

1938 5103 2061 5147 runt
2085 5108 2200 5146 eum
2228 5086 2478 5159 allophgli
2505 5087 2557 5139 in
2588 5084 2738 5137 Geth.
2771 5082 2811 5133 L
2830 5080 2881 5137 γ,

2475 5180 2871 5247 Argumentum.

1866 5277 2034 5333 David
2083 5274 2298 5329 Saulem
2332 5270 2567 5342 fugiens,
2596 5277 2882 5324 sexcentos
2927 5264 3075 5317 viros
3112 5255 3301 5313 habuit
3343 5269 3430 5308 se-

1938 5379 2167 5439 quentes
2219 5382 2296 5420 se.
2344 5362 2549 5418 Deinde
2585 5362 2858 5415 transiens
2892 5359 2946 5411 iu
2985 5355 3144 5418 Geth,
3180 5364 3302 5405 cum
3334 5348 3431 5399 ho-

1930 5476 2062 5515 nore
2087 5458 2354 5527 excipitur
2377 5458 2444 5509 ah
2474 5454 2793 5523 alienigenis
2820 5471 2832 5505 ε
2863 5466 2987 5505 nam
3007 5450 3106 5517 ipsi
3135 5444 3428 5514 separatim

1940 5556 1991 5607 in
2014 5553 2347 5609 domicilium
2382 5550 2720 5603 tradiderunt
2738 5547 3035 5602 Siculam“.
3064 5540 3278 5598 Referri
3299 5538 3426 5593 item

286 5695 306 5729 ¹
335 5691 523 5747 Matth.
560 5705 670 5752 ut,
697 5688 787 5742 '58.
862 5688 905 5718 τ’
942 5686 1129 5741 Matth.
1162 5702 1311 5749 xxvr,
1347 5687 1433 5741 49.
1509 5690 1554 5721 ⁷³
1578 5691 1764 5751 Matth.

1869 5738 1874 5757 ,
1919 5694 2005 5751 51.
2074 5692 2121 5725 ⁷³
2154 5688 2328 5760 IReg.
2364 5702 2531 5755 xxvu,
2560 5685 2683 5742 2-6.

279 5807 412 5878 (22‘)
452 5803 611 5863 Forte
648 5802 931 5873 συνῄεσαν,
962 5811 1015 5859 et
1044 5817 1167 5857 mox
1199 5804 1449 5873 ἐξαιρετν-
1483 5802 1634 5863 EDIT-
