4034 6484
619 451 727 510 255

1457 450 1512 506 S.
1556 451 1924 506 ATHANASII
1961 452 2110 507 OPP.
2147 451 2326 507 PARS
2360 451 2448 506 Ill.
2479 481 2551 492 —
2586 450 2991 507 EXEGETICA.

3726 454 3834 509 256

695 577 870 638 potest
897 568 1137 637 psalmus
1177 566 1242 620 ad
1280 583 1566 636 personam
1596 568 1867 634 Ecclesiae,
1891 585 2011 639 qua:
2043 571 2164 639 qui-
2200 591 2214 632 Α

2343 570 2406 622 ἂν
2433 572 2460 622 ό
2492 570 2702 638 eam;
2727 571 2817 621 καὶ
2843 571 2920 631 είς
2946 569 3232 637 πρόσωπον
3257 569 3352 638 τῆς
3386 569 3710 637 Ἐκκλησίας
3737 571 3838 639 τῆς

689 660 810 713 dem
840 661 966 713 oI-im
999 660 1184 728 procul
1215 676 1243 712 a
1285 660 1486 714 sanctis
1518 662 1687 728 posita
1719 670 1858 723 erat,
1902 676 2011 730 quo
2037 671 2175 715 tem-

689 766 820 820 pore
851 759 965 803 erat
996 749 1306 803 idololatria
1340 751 1549 814 dedita,
1591 765 1644 806 et
1686 754 2022 807 daemonibus
2066 768 2175 808 scr-

695 842 892 894 viebat.
930 840 1006 894 Eo
1038 851 1216 895 autem
1249 858 1278 895 a
1319 843 1688 911 spiritualibus
1731 845 2180 912 inimiciserepta

689 942 769 986 est
799 948 1040 1001 pereum
1074 933 1161 999 qui
1191 950 1256 987 ex
1301 935 1508 989 semine
1536 935 1699 988 David
1729 937 2027 990 secundum
2058 952 2181 990 car-

690 1039 811 1076 nem
841 1026 1055 1089 prodiit,
1082 1026 1170 1092 qui
1207 1026 1403 1080 bellum
1439 1043 1534 1095 pro
1564 1028 1720 1080 nobis
1746 1029 1933 1096 gessit,
1954 1039 2004 1081 ct
2024 1028 2180 1095 quasi

690 1112 743 1165 in
775 1113 934 1180 cippo
970 1115 1250 1168 victoriam
1289 1132 1385 1184 pro
1416 1117 1571 1170 nobis
1618 1129 1824 1185 partam
1871 1119 2178 1186 descripsit.

691 1200 843 1255 Tunc
873 1205 1015 1255 enim
1053 1219 1174 1256 eum
1201 1206 1514 1271 alienigena:
1541 1207 1742 1260 honore
1776 1205 2092 1272 affecerunt,
2129 1207 2181 1261 id

691 1305 798 1354 εει,
860 1292 951 1360 qui
1013 1307 1078 1346 ex
1141 1295 1380 1362 gentium
1443 1311 1671 1350 numero
1732 1296 2078 1351 crediderunt
2128 1299 2182 1352 in

693 1395 840 1433 cum.

689 1472 743 1525 ‘2.
786 1471 1030 1526 Miserere
1067 1475 1184 1539 mei,
1231 1473 1388 1537 Deus,
1441 1480 1685 1547 quoniam
1735 1483 2054 1535 conculcarit
2105 1500 2184 1537 me

620 1560 794 1612 homo.
836 1560 944 1613 Aut
981 1562 1046 1614 de
1087 1560 1247 1616 Saule
1288 1565 1416 1619 illud
1469 1566 1636 1622 David
1687 1570 1781 1634 ait,
1819 1582 1911 1625 aut
1961 1583 2183 1629 sanctus

621 1652 869 1720 quilibet,
911 1655 981 1706 ob
1037 1669 1310 1709 aerumnas
1357 1674 1477 1726 qua
1520 1659 1573 1712 in
1611 1660 1711 1715 hac
1755 1663 1861 1716 vita
1906 1665 2179 1720 accidunt.

620 1742 947 1810 Plerumque
999 1752 1178 1797 autem
1247 1747 1511 1815 contingit
1574 1757 1632 1802 ut
1674 1750 1944 1806 demissus
2001 1762 2183 1807 noster

623 1835 786 1888 homo
815 1836 915 1890 hoc
943 1837 1323 1905 gravissimum
1355 1839 1546 1891 subeat
1572 1839 1794 1906 bellum,
1827 1851 1935 1895 tota
1977 1843 2063 1895 die
2090 1859 2183 1912 per

2354 663 2519 716 παλαι
2565 664 2660 732 μὲν
2705 663 2808 714 ἀπὸ
2846 661 2950 714 τῶν
2985 661 3152 728 ἁγίων
3198 662 3685 731 μεμακρυμμένης,
3715 662 3838 715 καθ’

2355 754 2411 805 ὃν
2455 753 2821 823 εἰδωλολάτρει
2866 751 3072 820 καιρὸν,
3101 752 3192 802 καὶ
3217 751 3566 819 δουλευούσης
3597 752 3836 823 δαίμοσι.

2367 844 2677 914 Ῥυσθείσης
2707 845 2763 897 δὲ
2791 844 2896 896 τῶν
2932 844 3133 914 νοητῶν
3166 843 3372 914 ἐχθρῶν
3397 845 3484 897 διὰ
3504 844 3596 896 τοῦ
3624 847 3844 911 γεγονό-

2354 953 2443 1000 τος
2473 939 2535 989 ὲκ
2566 938 2872 1006 σπέρματος
2901 937 2992 988 τοῦ
3027 937 3165 988 κατὰ
3199 938 3374 1006 σάρκα
3408 938 3589 999 Δανῖδ,
3616 939 3709 990 τοῦ
3745 941 3841 990 καὶ

2355 1028 2756 1098 πολεμήσαντος
2780 1029 2914 1098 ὑπὲρ
2938 1028 3112 1096 ἡμῶν,
3143 1029 3232 1080 καὶ
3262 1028 3445 1096 ὥσπερ
3473 1032 3527 1080 ὲν
3558 1030 3723 1101 στήλῃ
3743 1031 3842 1100 τὴν

2355 1119 2492 1188 ὑπὲρ
2525 1119 2680 1187 ἡμῶν
2716 1118 2872 1187 νίκην
2904 1118 3225 1188 γράψαντος.
3262 1118 3391 1170 Τότε
3422 1119 3528 1189 γὰρ
3555 1121 3646 1172 καὶ
3677 1120 3846 1188 τιμῆς

2352 1212 2510 1264 αὐτὸν
2544 1213 2590 1264 οἱ
2621 1209 2904 1277 ἁλλόςτυλοι
2939 1210 3192 1278 ἠξίωσαν,
3217 1211 3483 1263 τουτέστιν
3508 1215 3555 1262 οἱ
3582 1211 3639 1275 ἐξ
3674 1212 3843 1264 ἐθνῶν

2355 1301 2698 1363 πιστεύοντες
2732 1303 2809 1364 είς
2835 1301 3010 1353 αὐτόν,

2367 1477 2649 1544 Ἐλέησόν
2680 1497 2775 1545 με,
2806 1482 2839 1531 ὁ
2879 1479 3041 1542 Θεὸς,
3085 1478 3172 1531 ὅτι
3218 1479 3593 1545 κατεπάτησέ
3630 1496 3706 1547 με
3745 1480 3824 1531 ἄν

2284 1567 2612 1634 θρωπος.Ἦ
2664 1568 2788 1637 περὶ
2836 1565 2927 1619 τοῦ
2974 1565 3142 1619 Σαοὺλ
3192 1569 3219 1619 ὁ
3267 1566 3426 1618 sane
3468 1584 3651 1636 φησιν,
3687 1567 3718 1637 ἦ
3755 1567 3852 1618 καὶ

2284 1659 2434 1726 ἅγιος
2480 1660 2605 1720 πᾶς,
2634 1657 2720 1710 διὰ
2767 1657 2864 1720 τὰς
2910 1657 3114 1725 ϐλίψεις
3159 1656 3222 1720 ἃς
3273 1656 3483 1726 ἔχουσιν
3534 1660 3590 1709 ἐν
3633 1659 3711 1728 τῷ
3759 1660 3854 1711 κά.

2287 1766 2405 1818 σμῳ
2436 1747 2562 1817 (‘22).
2609 1748 2871 1809 Πολλάκις
2895 1748 2948 1800 δὲ
2975 1750 3067 1800 καὶ
3111 1749 3138 1799 ό
3169 1746 3350 1809 καθεὶς
3378 1747 3531 1816 ἡμῶν
3566 1748 3852 1818 ἄνθρωπος

2284 1841 2374 1892 τὸν
2419 1840 2652 1910 χαλεπὸν
2699 1839 2884 1892 τοῦτον
2931 1839 3220 1907 ὑφίσταται
3274 1839 3527 1908 πόλεμον,
3577 1840 3704 1909 ὃλην
3750 1841 3853 1908 τὴν

618 1923 880 1981 Satanam
927 1929 1306 1996 impugnatus,
1353 1940 1513 1998 atque
1549 1929 1616 1984 ab
1663 1932 1778 2000 ipso
1811 1909 2181 1990 conculcatus.

2294 1933 2496 2002 ἡμέραν
2523 1931 2668 2001 παρὰ
2701 1930 2792 1984 τοῦ
2825 1931 3036 1983 Σατανᾶ
3060 1931 3457 2000 πολεμούμενος
3487 1932 3576 1984 καὶ
3603 1932 3732 2001 παρ’
3755 1934 3855 1984 αῦ-

622 2017 770 2071 Licet
807 2019 951 2072 enim
999 2020 1272 2072 hominem
1312 2021 1549 2089 psalmus
1589 2037 2000 2090 commemoret,
2048 2037 2186 2080 atta-

619 2124 744 2163 men
774 2110 949 2177 ipsnm
974 2110 1231 2164 Satanam
1267 2113 1584 2181 plerumque
1613 2117 1663 2166 in
1693 2115 1871 2169 divina
1906 2116 2185 2185 Scriptura

620 2202 985 2263 nominatum,
1032 2211 1124 2255 aut
1172 2204 1406 2272 aliquem
1454 2220 1519 2257 ex
1564 2207 1681 2274 ejus
1721 2208 2187 2264 commilitonibus

620 2292 945 2346 subindicat.
981 2291 1247 2344 (la-terum
1283 2294 1395 2345 haec
1430 2296 1499 2346 ab
1534 2295 1650 2362 ipso
1674 2297 1951 2363 gentilium
1989 2300 2188 2367 populo

619 2383 996 2450 respondendo
1018 2384 1224 2436 cantari
1242 2396 1667 2439 consentaneum
1695 2396 1795 2446 est,
1817 2387 1909 2456 qui
1929 2388 2187 2443 diuturno

619 2479 861 2539 tempore
908 2487 1001 2540 per
1048 2471 1303 2526 Satanam
1356 2474 1610 2543 deceptus
1659 2491 1721 2530 ac
1785 2479 2187 2535 circumventus

620 2561 746 2624 fuit,
781 2563 1007 2632 ejusque
1037 2564 1239 2617 bellum
1285 2580 1379 2634 per
1411 2566 1718 2621 daemonum
1761 2569 1987 2623 insidias
2027 2571 2191 2625 sueti-

621 2660 740 2713 nuit
773 2679 786 2714 :
818 2677 957 2730 quos
982 2661 1032 2714 in
1059 2663 1410 2728 sequentibus
1445 2664 1687 2730 apertius
1719 2665 2050 2720 subindicat.

693 2753 744 2806 5.
780 2753 1228 2807 Conculcaverunt
1256 2771 1335 2807 me
1365 2756 1567 2808 inimici
1598 2758 1695 2810 mei
1725 2767 1831 2809 tota
1852 2759 1955 2812 die.
1976 2757 2191 2811 Sciebat

623 2846 838 2902 Saulem
899 2847 1126 2902 insidias
1173 2849 1274 2902 sibi
1317 2865 1531 2916 parare,
1579 2851 1961 2917 instigantibus
2003 2849 2190 2903 invisi-

623 2939 820 2992 bilibus
871 2939 1230 2993 darntonibus.
1294 2943 1401 2992 Aut
1470 2941 1598 2992 illud
1649 2941 1850 2993 indicat
1900 2942 2063 2993 :Ii'on
2113 2949 2189 2993 est

621 3027 769 3080 nobis
800 3043 974 3095 pugna
1018 3044 1134 3078 cum
1181 3043 1335 3079 carne
1365 3039 1411 3080 et
1451 3029 1724 3097 sanguine,
1753 3028 1841 3081 sed
1884 3043 2002 3080 cum
2033 3029 2190 3096 spiri-

624 3116 853 3167 tualibus
899 3117 1140 3185 nequitiae
1184 3117 1237 3168 in
1280 3117 1571 3170 caelestibus
1612 3119 1678 3168 ⁷⁵.
1726 3120 1986 3182 Quoniam
2037 3119 2192 3172 multi

623 3205 874 3260 bellantes
908 3208 1182 3260 adversum
1230 3225 1328 3271 me,
1382 3210 1445 3260 ab
1492 3210 1796 3262 altitudine.
1840 3208 2064 3261 Etiamsi
2114 3208 2188 3260 ir-

624 3315 898 3369 rumpant,
939 3302 1131 3370 inquit,
1168 3303 1260 3354 sed
1306 3316 1400 3368 spe
1437 3303 1512 3353 tui
1535 3302 1720 3368 {fretus
1755 3317 1944 3355 omnes
1969 3316 2193 3369 supera-

625 3392 714 3447 bo.
763 3391 888 3447 Haec
927 3395 1070 3447 enim
1109 3408 1228 3461 spes
1267 3402 1469 3445 tantam
1509 3394 1640 3446 mihi
1689 3395 1874 3448 tribuit
1919 3393 2193 3447 fortitudi-

624 3500 771 3549 nem,
817 3494 876 3538 ut
926 3501 1021 3540 eos
1061 3487 1154 3554 qui
1202 3487 1334 3541 mihi
1376 3487 1562 3541 hostes
1607 3487 1736 3542 olim
1779 3496 1933 3542 erant
1972 3485 2194 3539 minime

625 3574 995 3632 reformidem.

697 3666 748 3719 5.
807 3664 870 3720 In
899 3666 1002 3720 Deo
1030 3666 1256 3721 laudabo
1301 3681 1561 3717 sermones
1611 3679 1770 3716 meos.
1819 3663 1901 3716 Ab
1934 3665 2191 3733 inimicis,

627 3759 820 3828 inquit,
858 3760 996 3814 bello
1025 3759 1310 3828 appetitus,
1344 3767 1400 3811 ut
1432 3756 1564 3809 nihil
1592 3756 1754 3810 ledar
1783 3771 1932 3809 arma
1962 3757 2192 3824 sumpsi,

627 3864 907 3905 sermones
942 3866 1090 3902 meos
1124 3865 1312 3901 omnes
1355 3849 1409 3899 in
1451 3848 1662 3900 cantica
1715 3850 1953 3900 converti
1999 3855 2054 3900 ct
2089 3845 2196 3900 Deo

628 3939 830 3998 obtuli.
861 3954 1120 4005 spemque
1170 3940 1222 3989 in
1272 3939 1419 3989 illum
1475 3937 1737 3992 collocavi
1780 3957 1792 3991 :
1841 3937 2196 4006 quamobrem

631 4031 895 4083 universa:
921 4029 1102 4082 carnis
1134 4030 1382 4082 timorem
1405 4028 1562 4097 cjeci.

701 4206 752 4261 6.
775 4207 906 4260 Tota
935 4207 1018 4258 die
1045 4208 1196 4258 verba
1216 4221 1327 4257 mea
1349 4206 1781 4257 exsecrabantur.
1819 4199 1929 4270 Ego
1954 4201 2199 4268 quidem,

631 4298 727 4351 ait.
757 4307 867 4350 tota
907 4297 993 4350 die
1041 4296 1202 4349 verba
1252 4309 1371 4348 mea
1418 4296 1524 4346 Deo
1570 4292 1904 4356 oll'ercbam;
1956 4292 2033 4344 illi
2071 4307 2200 4344 vero

633 4404 738 4440 non
766 4388 922 4440 linem
950 4387 1214 4440 faciebant
1249 4396 1358 4439 tota
1388 4388 1474 4439 die
1505 4386 1729 4440 curamli
1751 4394 1808 4438 ut
1829 4385 2032 4439 malum
2068 4385 2200 4438 mihi

632 4477 951 4549 inﬂigerent.
1007 4478 1380 4530 lulmbitubuut
1430 4488 1478 4530 et
1543 4479 1878 4541 abscondent,
1929 4479 2031 4545 ipsi
2092 4477 2202 4530 cul-

2285 2021 2378 2074 τοῦ
2426 2022 2777 2091 πατούμενος.
2830 2021 2892 2073 ΕΙ
2935 2020 3042 2090 γὰρ
3093 2022 3184 2074 καὶ
3233 2021 3516 2090 ἀνθρώπου
3565 2024 3592 2075 ὁ
3640 2022 3855 2091 ψαλμὸς

2287 2114 2707 2183 ἐμνημόνευσεν,
2743 2111 2857 2165 ἀλλ’
2883 2114 3030 2182 ὅμως
3073 2129 3165 2166 τον
3198 2114 3437 2166 Σατανᾶν
3468 2113 3647 2172 αὑτὸν,
3678 2115 3735 2164 ἐν
3783 2118 3852 2182 τῇ

2287 2204 2406 2273 θείᾳ
2434 2205 2619 2273 Γραφῇ
2651 2204 2910 2266 πολλάκις
2942 2203 3334 2273 ὀνομαζόμενον
3391 2206 3421 2274 ἦ
3450 2223 3567 2257 τινα
3597 2204 3705 2257 τῶν
3738 2205 3860 2256 ἐκεῖ

2289 2297 2723 2365 στρατευομένων
2771 2297 3084 2350 αἰνίττεται.
3121 2296 3264 2366 Πλὴν
3316 2298 3526 2350 καὶτὸν
3573 2297 3697 2349 λαὸν
3743 2298 3856 2350 τῶν

2287 2387 2451 2439 ὲῦνῶν
2482 2386 2653 2440 ταῦτα
2675 2387 2999 2456 ὑποψὰλλειν
3022 2388 3133 2457 (‘25)
3162 2387 3436 2458 ἁρμόδιον,
3468 2389 3643 2458 χρόνῳ
3673 2387 3856 2460 πολλῷ

2290 2477 2393 2528 ὑπὸ
2424 2475 2513 2528 τοῦ
2541 2477 2749 2529 Σατανᾶ
2777 2476 3141 2547 ἁπατηθέντα,
3172 2478 3263 2530 καὶ
3296 2479 3384 2530 τὸν
3417 2480 3544 2551 παρ’
3565 2477 3728 2531 αὐτοῦ
3759 2480 3860 2531 πό-

2289 2567 2450 2638 λεμον
2481 2568 2567 2621 διὰ
2597 2569 2693 2636 τῆς
2723 2568 2828 2624 τῶν
2856 2569 3121 2638 δαιμόνων
3154 2570 3442 2638 ἐπιϐουλῆς
3466 2571 3857 2639 ὑπομείναντα,

2289 2659 2383 2720 οὓς
2415 2661 2472 2710 ἐν
2502 2662 2612 2720 τοῖς
2643 2657 2770 2726 ἑξῆς
2806 2660 3136 2728 σαφέστερον
3167 2659 3363 2730 ἔφησεν
3397 2661 3780 2730 αἰνιττόμενος.

2360 2748 2789 2813 Κατεπάῖησάν
2806 2766 2882 2816 με
2906 2753 2958 2801 οἱ
2995 2750 3194 2817 ἐχθροί
3227 2769 3344 2818 μου
3389 2750 3537 2816 ὅλην
3573 2751 3686 2816 τὴν
3714 2754 3860 2820 ἠμε-

2283 2839 2605 2909 ρανβῌδει,
2634 2841 2714 2892 ὅτι
2749 2843 2916 2894 Σανῦλ
2954 2843 3340 2895 ἐπεϐούλευσεν
3384 2843 3528 2911 αὐτῷ
3561 2842 3860 2912 ὲνηχούμε-

2291 2946 2378 2992 νος
2432 2930 2581 3000 παρὰ
2623 2931 2727 2982 τῶν
2778 2933 3023 3002 ἀοράτων
3063 2933 3432 3002 δαιμόνων.“ιί
3475 2935 3568 2986 καὶ
3611 2935 3693 2996 τὸ,
3737 2937 3863 2988 Οὐκ

2291 3021 2460 3074 ἔστιν
2503 3022 2643 3089 ἡμῖν
2685 3025 2720 3089 ἡ
2761 3024 2922 3090 πάλη
2955 3024 3100 3090 πρὸς
3126 3021 3266 3091 allia
3304 3025 3398 3076 καὶ
3444 3024 3655 3090 σάρκα,
3687 3025 3862 3093 δηλοῖ,

2291 3114 2448 3166 ἀλλὰ
2492 3113 2639 3179 πρὸς·
2675 3115 2745 3168 τὰ
2786 3117 3152 3189 πνευματικὰ
3187 3115 3294 3181 τῆς
3333 3117 3620 3182 πονηρίας
3641 3115 3712 3166 ἐν
3735 3116 3864 3184 τοῖς

2291 3203 2813 3271 ἑποιρανίοιςῖοτι
2857 3206 3070 3258 πολλοὶ
3099 3209 3152 3259 οὶ
3185 3206 3587 3274 πολεμοῦντές
3623 3224 3699 3275 με
3739 3207 3862 3264 ἀπὸ

2292 3293 2509 3361 ὕψους.
2526 3296 2586 3346 ΕΞ
2602 3297 2691 3346 καὶ
2704 3296 3108 3358 ἐπανίστανται,
3133 3297 3315 3365 φησὶν,
3347 3296 3457 3349 ἀλλ’
3483 3299 3699 3368 ἡττήσω
3721 3297 3854 3352 πάν-

2292 3402 2390 3448 τας
2414 3386 2648 3450 ἐλπίζων
2676 3389 2768 3439 ἐπὶ
2803 3389 2879 3440 σε.
2912 3388 3058 3457 Αὕτη
3084 3390 3189 3459 γάρ
3221 3406 3308 3458 μοι
3339 3392 3370 3459 ἠ
3404 3388 3556 3450 ἐλπὶς
3593 3388 3867 3460 τοσαύτην

2298 3480 2448 3547 ἰσχὺν
2487 3479 2776 3548 παρέσχεν,
2807 3479 2882 3539 ὡς
2915 3480 3037 3538 τοὺς
3069 3479 3232 3530 πάλαι
3274 3477 3639 3548 πολεμοῦντας
3667 3479 3744 3546 μὴ
3773 3480 3865 3532 δε-

2293 3569 2526 3621 δοικέναι
2559 3586 2645 3637 με.

2378 3660 2471 3712 Ἐν
2494 3658 2572 3723 τῷ
2610 3659 2729 3723 Θεῷ
2755 3659 3050 3715 ἐπαινέσω
3091 3661 3231 3728 τοὺς
3268 3663 3487 3731 λόγους
3519 3680 3657 3732 μου.
3700 3663 3870 3717 Πολε-

2301 3751 2566 3822 μούμενος
2599 3753 2746 3823 παρὰ
2775 3753 2881 3806 τῶν
2910 3753 3136 3825 ἐχθρῶν,
3166 3755 3318 3825 φησὶ,
3348 3753 3655 3816 καθοπλίζω
3694 3755 3870 3824 ἐμαν-

2297 3847 2386 3900 τδν
2416 3849 2493 3909 εἰς
2521 3849 2579 3899 τδ
2607 3848 2766 3917 μηδὲν
2792 3848 2979 3899 παθεῖν
3007 3848 3190 3911 κακὸν,
3211 3847 3362 3908 ὅλους
3385 3847 3509 3908 τοὺς
3535 3845 3726 3911 λόγους
3763 3864 3868 3915 μου

2300 3938 2501 4009 ὕμνους
2530 3939 2696 3990 ποιῶν
2729 3941 2820 3991 καὶ
2847 3939 3116 4000 ἀνατιθεὶς
3148 3938 3223 4008 τῷ
3254 3938 3391 4008 Θεῷ,
3427 3936 3518 3990 καὶ
3544 3939 3644 4007 τὴν
3674 3938 3871 3991 ἐλπίδα

2298 4031 2383 4082 ἐπ’
2415 4030 2560 4098 αὐτῷ
2599 4030 2913 4098 ποιούμενος
2934 4047 2946 4057 ”
2985 4028 3063 4081 διὸ
3094 4028 3186 4080 καὶ
3217 4029 3393 4099 πάσης
3421 4029 3618 4099 σαρκὸς
3644 4028 3750 4093 ἔξω
3773 4030 3870 4080 τὸν

2301 4120 2460 4190 φόϐον
2495 4120 2809 4190 ἐποιούμην.

2372 4212 2555 4277 Ὅλην
2599 4210 2712 4277 τὴν
2743 4209 2964 4278 ἡμέραν
3003 4209 3145 4275 τοὺς
3174 4211 3394 4278 λόγους
3423 4226 3541 4277 μου
3580 4208 3870 4262 ἐίδελυσ-

2301 4318 2504 4355 σοντο.
2523 4300 2661 4367 Ἐγὼ
2692 4301 2807 4370 μὲν,
2843 4301 3028 4370 φησὶν,
3059 4301 3186 4371 ὅλην
3215 4301 3311 4370 τὴν
3338 4300 3547 4369 ἡμέραν
3585 4299 3869 4354 ἁνετίθουν

2299 4391 2425 4453 τοὺς
2447 4391 2632 4457 λόγους
2670 4406 2768 4458 μου
2799 4390 2875 4460 τῷ
2899 4389 3047 4460 Θεῷ·
3082 4391 3234 4443 αὐτοὶ
3275 4389 3331 4441 δὲ
3371 4389 3431 4441 οὑ
3466 4389 3730 4442 διέλειπον
3759 4393 3868 4443 πᾶ-

2305 4499 2401 4534 σαν
2430 4481 2638 4552 ἡμέραν
2672 4482 2790 4532 κατ’
2813 4480 2944 4550 ἐμοῦ
2969 4481 3063 4551 τὴν
3095 4479 3325 4549 σπουδὴν
3356 4479 3560 4533 ἑαυτῶν
3597 4481 3872 4536 συντιοὲνο

633 4587 850 4624 caueam
876 4586 1046 4623 meum
1077 4569 1441 4623 observabant.
1473 4567 1629 4632 Illud,
1660 4568 2056 4631 inltubitabunt,
2076 4584 2194 4637 pro,

2299 4589 2390 4634 τες
2413 4574 2490 4634 εἰς
2517 4569 2680 4623 κακά.
2726 4570 3170 4638 Παροικήσουσι
3210 4559 3306 4622 καὶ
3349 4572 3866 4638 κατακρύψουσιν,

633 4664 1107 4731 congregabantur,
1139 4663 1375 4732 positum
1399 4659 1645 4716 οει.11;υο
1674 4669 1953 4713 estautem
1980 4670 2196 4714 senten-

635 4757 740 4808 tia:
777 4754 873 4816 lia,
911 4756 1105 4822 inquit,
1139 4766 1248 4807 tota
1273 4753 1360 4807 die
1393 4755 1445 4805 in
1475 4768 1539 4805 eo
1561 4768 1776 4822 operam
1812 4753 2105 4822 ponebant,
2140 4759 2198 4804 ut

632 4850 773 4903 dicta
799 4847 849 4899 in
882 4861 966 4899 me
996 4854 1417 4905 commoverent,
1449 4861 1744 4913 omnesque
1771 4860 1958 4898 eorum
1991 4844 2198 4913 cogita-

631 4941 808 4994 tiones
850 4948 1038 4993 contra
1073 4955 1157 4991 me
1198 4940 1566 5000 vertebantur,
1600 4947 1658 4990 ut
1706 4946 1962 4991 curarent
2004 4949 2196 4987 omnes

635 5050 739 5088 una
781 5034 1069 5088 convenire
1114 5042 1273 5101 atque
1323 5035 1458 5086 clam
1502 5032 1552 5084 iu
1600 5047 1685 5085 me
1733 5030 2194 5098 conspirationem

635 5126 886 5187 conllare,
964 5125 1057 5178 sed
1094 5138 1192 5176 nec
1234 5123 1495 5176 hactenus
1540 5122 1731 5175 sistere
1777 5122 2040 5190 gradum,
2087 5118 2199 5172 imo

633 5218 797 5269 etiam
828 5216 1139 5267 calcaueum
1178 5230 1375 5277 meum,
1408 5214 1458 5266 id
1495 5225 1577 5267 est
1610 5213 1732 5266 vita:
1769 5227 1902 5265 mea:
1931 5211 2197 5263 rationem

636 5309 907 5363 curiosius
938 5308 1251 5371 observare,
1271 5308 1315 5361 si
1350 5307 1625 5375 quomodo
1656 5315 1876 5374 possent
1907 5318 1992 5356 me
2017 5304 2202 5355 detur-

637 5401 783 5455 bare.
823 5404 997 5470 Atque
1057 5401 1282 5470 vestigia
1319 5415 1436 5453 mea
1499 5400 1711 5453 curiose
1757 5395 2200 5462 considerabant,

635 5508 961 5562 quocunque
985 5494 1104 5548 loco
1129 5493 1452 5557 incederem,
1471 5502 1529 5545 ut
1553 5506 1636 5544 me
1655 5488 2199 5559 comprehenderent.

707 5670 752 5700 "
798 5671 992 5740 Ephes.
1026 5687 1094 5730 vr,
1132 5673 1221 5726 12.

710 5827 818 5898 (ἥ)
849 5832 904 5884 ln
936 5830 998 5884 Β.
1032 5831 1084 5898 2,
1114 5831 1364 5886 tribuitur
1399 5825 1678 5894 Hesychia.

2299 4663 2468 4716 αὐτοὶ
2497 4662 2610 4729 τὴν
2641 4663 2900 4731 πτέρναν
2913 4679 3029 4731 μου
3051 4659 3411 4728 φυλάξουσι.
3453 4662 3543 4722 Τὸ,
3580 4661 3872 4728 παροική-

2301 4771 2503 4817 σουσι,
2550 4755 2669 4806 ἀντὶ
2711 4755 2827 4817 τοῦ,
2872 4753 3376 4822 συναχθήσονται,
3411 4753 3666 4807 τέθειται.
3704 4755 3764 4807 Ὀ
3812 4755 3870 4807 δὲ

2301 4846 2425 4908 νοῦς
2466 4840 2616 4908 οὗτος
2638 4863 2650 4875 ·
2685 4846 2857 4904 Οῦτω.
2886 4845 3038 4915 φησὶ,
3063 4845 3150 4898 διὰ
3180 4846 3356 4914 πάσης
3391 4845 3602 4915 ἡμέρας
3639 4846 3870 4916 ἐσχόλα-

2305 4934 2396 5000 ζον
2421 4938 2543 4999 τοὺς
2579 4939 2695 4990 κατ’
2726 4937 2857 5008 ἐμοῦ
2888 4938 3077 5004 λόγους
3110 4937 3399 4998 κινοῦντες,
3432 4936 3523 4988 καὶ
3559 4938 3666 4997 πᾶς
3705 4939 3731 4989 ό
3758 4937 3871 4989 δια-

2301 5029 2550 5099 λογισμὸς
2598 5031 2772 5084 αὺτῶν
2818 5032 2935 5082 κατ’
2962 5030 3094 5100 ἐμοῦ
3149 5030 3376 5096 ἐγίνετο,
3421 5030 3494 5091 ὡς
3540 5029 3870 5091 σπουδάζειν

2303 5121 2628 5189 συνάγεσθαι
2656 5124 2848 5185 αὐτοὺς
2874 5123 3010 5192 ὁμοῦ
3037 5124 3128 5175 καὶ
3169 5122 3426 5194 λαθραίας
3468 5121 3740 5174 ποιεῖσθαι
3771 5122 3866 5184 τὰς

2300 5215 2420 5265 κατ’
2450 5214 2582 5282 ἐμοῦ
2619 5214 2833 5275 σκευὰς,
2859 5216 2952 5267 καὶ
2985 5215 3056 5284 μὴ
3092 5215 3250 5286 μέχρι
3286 5215 3470 5267 τούτου
3495 5215 3710 5283 χωρεῖν,
3733 5212 3872 5265 ἀλλὰ.

2302 5306 2394 5357 καὶ
2426 5305 2872 5376 περιεργάζεσθαί
2923 5325 3022 5377 μου
3066 5307 3161 5377 τὴν
3206 5307 3457 5375 πτέρναν,
3491 5304 3737 5356 τουτέστι
3771 5305 3870 5377 τὴν

2305 5396 2399 5448 τοῦ
2434 5396 2545 5465 βίου
2577 5398 2816 5469 πορείαν,
2852 5400 2902 5450 ετ
2930 5415 3042 5461 πως
3075 5400 3415 5461 σκελίσαντες
3457 5395 3731 5466 δυνηθεῖεν
3765 5411 3868 5447 κα-

2308 5487 2559 5541 ταϐαλεῖν
2589 5508 2672 5560 με.
2706 5491 2811 5541 Καὶ
2853 5491 2920 5542 τὰ
2948 5491 3064 5561 ἴχνη
3108 5492 3165 5544 δέ
3212 5509 3308 5562 μου
3342 5491 3682 5560 παρετήρουν
3711 5487 3869 5540 ὁποῖα

2370 5823 2477 5891 (25)
2509 5821 2640 5877 Vide
2673 5821 2946 5876 Onomast.
