4034 6474
617 444 723 504 259

1449 446 1507 501 S.
1542 442 1914 499 ATHANASII
1954 441 2102 498 Ol’P.
2147 440 2326 495 PARS
2363 439 2452 494 111.
2492 469 2561 479 -
2599 438 3016 496 EXEGETICA.

3718 443 3822 499 260

683 566 738 620 3.
774 562 1026 617 Ctamabo
1051 562 1118 614 ad
1143 561 1308 617 Deum
1335 563 1678 627 altissimum,
1711 561 1876 614 Deum
1903 561 1990 629 qui
2021 561 2171 613 bene-

2337 556 2703 624 Κεκράξομαι
2737 556 2885 625 πρὸς
2930 557 3037 609 τὸν
3080 557 3227 608 Θεὸν
3273 557 3381 609 τὸν
3417 557 3702 625 ὕψιστον,
3726 559 3828 612 τὸν

614 656 736 724 fecit
775 655 922 708 mihi.
957 653 1284 716 Conlitebor,
1315 655 1508 723 inquit.
1539 665 1588 707 el
1626 655 1824 722 gratias
1860 653 1953 706 libi
2004 653 2169 706 bene-

613 744 804 800 factOri
842 745 1073 797 reddam.
1115 743 1366 796 Misit-de
1411 743 1537 796 certo
1574 754 1621 796 et
1655 743 1893 795 liberavit
1927 759 2022 794 me.
2059 741 2167 794 Do-

612 837 741 889 mini
766 836 1045 888 adventum
1072 844 1252 901 aperte
1278 834 1546 901 praedicat.
1580 831 1728 884 Dedit
1753 833 1805 882 in
1833 830 2166 898 opprobrium

615 925 968 977 concuti-antes
1001 940 1099 976 me.
1136 923 1452 991 Spirituales
1481 923 1719 977 videlicet
1749 931 1802 975 et
1826 921 2166 974 adversm-ias

612 1025 923 1083 potestates.
959 1013 1309 1086 [Beneﬁcium
1361 1030 1491 1083 ergo
1532 1013 1793 1082 praebeas,
1824 1022 1884 1066 ut
1914 1011 2044 1065 mihi
2087 1010 2165 1064 la-

613 1106 783 1160 crllas
812 1109 881 1162 sit
910 1106 1121 1160 dicendi
1166 1123 1285 1160 cum
1323 1106 1591 1166 facultate.
1625 1116 1674 1160 te
1704 1106 1769 1160 de
1807 1107 1946 1160 caelo
1982 1115 2163 1161 nostra

611 1202 916 1267 rcSpicci-e:
950 1210 1002 1254 et
1033 1209 1217 1253 nristra
1242 1200 1456 1264 quidem
1500 1200 1771 1253 meliorem
1810 1201 1861 1252 in
1899 1200 2162 1253 conditio-

608 1304 729 1342 nem
757 1290 1063 1352 deduxisse,
1105 1306 1187 1344 res
1211 1300 1388 1345 autem
1414 1291 1849 1345 adversariorum
1885 1301 2076 1346 contra
2106 1292 2160 1346 in

606 1381 954 1449 opprobrium
984 1382 1260 1437 detulisse.
1285 1385 1391 1435 Aut
1412 1383 1478 1435 de
1513 1383 1684 1436 salute
1711 1383 1967 1452 loquitur,
1997 1399 2157 1452 quam

607 1482 930 1526 consecutus
954 1483 1034 1526 est
1060 1475 1112 1526 in
1140 1473 1392 1542 spelunca
1415 1490 1427 1525 :
1450 1473 1666 1541 quando
1697 1473 1974 1528 inimicum
1999 1489 2158 1527 suum

607 1565 661 1617 in
690 1573 1001 1633 potestatem
1029 1565 1254 1633 accepit,
1273 1564 1359 1617 cui
1386 1565 1546 1616 etiam
1578 1565 1832 1631 pepercit.
1862 1562 2013 1628 Quod
2039 1564 2160 1632 qui-

606 1659 726 1708 dem
763 1655 814 1708 in
845 1654 1225 1708 contumeliam
1259 1653 1416 1706 vertit
1441 1652 1490 1704 ei
1516 1653 1606 1720 qui
1635 1652 1931 1720 periculum
1962 1653 2155 1712 evasit,

607 1754 790 1813 utpote
834 1745 924 1814 qui
975 1745 1234 1798 servatori
1285 1757 1385 1797 suo
1431 1742 1654 1794 insidias
1701 1740 1974 1810 strneret.]
2011 1739 2158 1793 Misit

603 1833 742 1889 Deus
773 1836 1184 1889 miserieordiam
1212 1850 1360 1887 suam
1388 1841 1436 1884 et
1467 1833 1732 1885 veritatem
1759 1849 1928 1885 suam.
1958 1831 2160 1886 Miseri-

603 1930 782 1982 cordia
811 1937 864 1980 ct
899 1927 1095 1980 veritas
1127 1925 1303 1979 Patris
1333 1923 1501 1979 Filius
1534 1934 1635 1978 est.

672 2021 724 2074 5.
759 2019 824 2071 Et
864 2022 1054 2084 eripuit
1093 2020 1324 2071 animam
1359 2035 1524 2071 meum
1550 2018 1612 2070 (le
1653 2015 1819 2068 medio
1863 2014 2160 2067 catulorum

2278 649 2425 702 Θεὸν
2449 648 2555 700 τόν
2580 647 3049 717 εὐεργετήσαντά
3070 664 3166 715 με.
3184 646 3671 719 Ἐξομολογήσομαι
3687 691 3702 714 ,
3731 668 3834 721 φη-

2276 741 2348 804 σὶ,
2377 742 2467 792 καὶ
2509 740 2853 810 εὐχαριστίας
2894 738 3144 808 ἀναθήσω
3191 755 3269 791 σοι
3298 739 3375 809 τῷ
3407 741 3668 814 εὐεργέτῃ
3704 759 3826 812 μου.

2286 831 2734 894 Ἐξαπέστειλεν
2758 831 2825 893 ἐξ
2867 830 3144 896 sim-arvi},
3172 829 3269 882 καὶ
3297 831 3492 884 ἔσωσέ
3511 848 3604 900 με.
3640 833 3832 900 Σασῶς

2269 921 2366 994 τὴν
2393 921 2614 974 κάθοδον
2637 921 2730 974 τοῦ
2759 922 2960 992 Κυρίου
2991 920 3534 991 κηρύσσει.Ἕδωκεν
3562 925 3649 988 εὶς
3676 923 3830 976 ὄνει-

2271 1013 2376 1080 δος
2422 1013 2560 1077 τοὺς
2606 1013 3090 1079 καταπατοῦντας
3111 1031 3203 1082 με.
3238 1014 3346 1076 Τάς
3372 1017 3566 1085 νοητὰς
3591 1016 3831 1086 δηλονότι

2272 1106 2363 1158 καὶ
2396 1105 2771 1174 ἀντικειμένας
2797 1104 3070 1174 δυνάμεις.
3103 1103 3537 1176 [Παράσχου-οὗν
3557 1107 3654 1177 τὴν
3681 1109 3831 1178 εὐερ-

2269 1199 2474 1266 γεσίαν,
2523 1199 2606 1250 ἵνα
2645 1197 2736 1268 ἐξῇ
2786 1215 2876 1267 μοι
2922 1198 3099 1264 λέγειν
3129 1198 3265 1267 μετά
3298 1200 3628 1270 παρρησίας,
3653 1201 3733 1253 ὅτι
3769 1201 3828 1266 ἐξ

2268 1290 2497 1363 ούρανοῦ
2531 1293 2736 1354 ὲπεῖδες
2775 1292 2839 1345 τὰ
2881 1292 3002 1346 καθ’
3036 1295 3209 1362 ἡμᾶς·
3243 1292 3429 1345 καιτά
3461 1291 3558 1360 μὲν
3585 1291 3829 1361 ἡμέτερα

2266 1383 2577 1455 διωρθώσω,
2600 1385 2664 1438 τὰ
2687 1385 2740 1436 δὲ
2764 1385 2869 1436 τῶν
2883 1383 3087 1456 ἐχθρῶν
3107 1383 3239 1455 πρὸς
3267 1382 3564 1451 ὀνειδισμὸν
3595 1382 3823 1452 ἧγαγες.

2265 1477 2334 1528 Ἦ
2359 1477 2427 1547 δὴ
2451 1477 2548 1548 τὴν
2576 1477 2846 1547 σωτηρίαν
2873 1477 3056 1545 φησὶν,
3146 1473 3320 1545 ἐσώθη
3354 1475 3411 1526 ἐν
3437 1472 3516 1544 τῷ
3567 1473 3828 1543 σπηλαίῳ

2282 1568 2369 1620 ὅτε
2391 1568 2587 1638 μᾶλλον
2605 1568 2915 1632 ύπεξούσιον
2949 1567 3106 1620 ἔλαϐε
3137 1567 3225 1619 τὸν
3263 1565 3474 1637 ἐχθρὸν,
3510 1567 3558 1618 εἰ
3588 1565 3643 1618 δὲ
3672 1564 3828 1633 (23').

2265 1659 2608 1727 ὲφείσατο.⁴“0
2635 1660 2698 1731 δὴ
2725 1662 2816 1713 καὶ
2844 1659 3041 1722 όνειδος
3069 1654 3134 1729 ἦν
3161 1657 3238 1728 τῷ
3266 1659 3609 1728 σεσωσμένῳ,
3628 1657 3704 1720 ὡς
3729 1657 3832 1726 μά-

2263 1766 2363 1820 την
2413 1750 2807 1804 ἐπιϐουλεύοντι
2864 1750 2942 1820 τῷ
2993 1747 3249 1820 Σωτῆρα]
3293 1747 3744 1812 Ἑξαπέστειλεν
3797 1750 3834 1801 ό

2267 1843 2410 1907 Θεὸς
2454 1843 2517 1896 τὸ
2560 1844 2730 1909 ἔλεος
2771 1843 2955 1897 αὑτοῦ
3000 1842 3096 1895 καὶ
3146 1842 3260 1909 τὴν
3299 1841 3587 1909 ἀλήθειαν
3618 1839 3824 1893 αὐτοῦ.

2193 1917 2235 1970 Β
2265 1931 2449 1994 Ἔλεος
2475 1932 2567 1985 καὶ
2593 1933 2815 2002 ἀλήθεια
2841 1931 2934 1984 τοῦ
2965 1931 3174 2000 Πατρδς
3199 1933 3226 1983 6
3256 1930 3402 1993 Υἱός.

2327 2023 2434 2076 Καὶ
2483 2025 2772 2092 ἐρρύσατο
2814 2023 2927 2090 τὴν
2963 2022 3175 2093 ψυχήν
3215 2040 3331 2091 μου
3371 2022 3438 2074 ἐκ
3463 2021 3657 2090 μέσου
3682 2023 3831 2074 σκύ-

604 2112 828 2164 leouum.
849 2108 1076 2181 [Medius
1099 2111 1303 2164 scilicet
1319 2110 1533 2164 relictus
1556 2109 1692 2161 inter
1717 2107 1924 2160 catulos
1945 2106 2158 2160 leonum

2263 2131 2440 2182 μνων.
2467 2113 2670 2185 [Μέσος
2692 2116 2754 2186 δη
2789 2115 3138 2183 ἀπολειφθεὶς
3172 2114 3426 2184 σκύμνων
3468 2112 3574 2164 τῶν
3601 2113 3699 2183 τῆς
3720 2111 3827 2166 Τὶο

607 2200 966 2264 Gethmorum,
1011 2215 1202 2270 nempe
1253 2201 1700 2268 alienigenarum.
1736 2196 1843 2250 Aut
1896 2206 2161 2265 quantum

602 2308 701 2362 per
730 2308 813 2347 me
841 2295 1004 2356 stetit,
1029 2309 1090 2344 es
1125 2295 1358 2344 humana
1391 2292 1663 2359 impietate
1695 2289 1924 2342 dormivi
1949 2298 2164 2342 contur-

599 2387 778 2441 batus.
812 2383 1009 2436 Verum
1041 2384 1370 2444 Altissimus,
1403 2383 1570 2435 misso
1599 2379 1775 2434 Verbo
1810 2396 1930 2442 suo,
1962 2381 2160 2433 libera-

600 2478 677 2532 vit
708 2477 943 2530 animam
972 2491 1166 2539 meam,
1205 2475 1276 2529 ita
1307 2485 1366 2529 ut
1394 2491 1459 2528 ex
1486 2476 1788 2529 catulorum
1822 2474 2038 2526 leonum
2073 2481 2161 2526 tu-

600 2570 770 2624 multu
811 2569 942 2624 nihil
977 2568 1100 2622 lassa
1135 2569 1222 2622 sit.
1255 2568 1511 2633 Quaenam
1563 2566 1644 2619 ha":
1685 2563 1845 2618 lene?
1888 2562 2025 2617 forte
2067 2562 2161 2616 lilii

599 2663 876 2717 hominum
915 2661 1150 2713 fuerint:
1186 2674 1414 2728 quorum
1466 2659 1652 2712 dentes
1683 2667 1734 2711 et
1761 2656 1988 2710 consilia
2035 2663 2162 2710 sunt

599 2769 786 2817 arma;
814 2767 876 2806 ac
906 2752 948 2806 si
973 2751 1192 2814 diceret,
1213 2749 1265 2803 In
1299 2750 1553 2803 omnibus
1583 2748 1830 2802 damnosi
1860 2756 2005 2802 sunt.
2037 2745 2159 2801 Sic-

581 2851 659 2902 ,ιιι
693 2843 835 2896 enim
862 2841 1069 2911 gladius
1093 2851 1284 2894 acutus
1318 2838 1477 2893 facile
1509 2840 1727 2908 perimit
1746 2879 1760 2901 ,
1788 2839 1869 2892 sic
1897 2845 1950 2892 et
1980 2839 2160 2907 lingua

597 2941 870 2988 attenuata
903 2943 954 2987 et
979 2943 1133 2987 acuta
1162 2932 1646 2986 obtrectationibus
1675 2927 1974 3000 interlicit.]
2001 2932 2161 2983 Catu-

597 3023 772 3078 lorum
804 3023 1022 3077 leonum
1071 3022 1434 3090 spiritualium
1470 3020 1740 3074 videlicet.
1768 3017 2006 3072 Dormivi
2040 3036 2160 3072 con-

594 3113 858 3166 turbatus.
886 3112 1176 3178 Quoniam,
1198 3112 1389 3181 inquit,
1409 3124 1624 3181 ereptus
1651 3126 1770 3164 sum
1803 3126 1833 3165 a
1865 3111 2160 3179 spirituali-

598 3205 699 3259 bus
718 3205 910 3259 catulis
928 3205 1164 3268 leonum,
1201 3205 1319 3259 ideo
1347 3204 1543 3272 inquit,
1561 3202 1921 3271 requiescam,
1947 3199 2158 3254 etiamsi

596 3295 729 3350 olim
759 3295 827 3349 ab
859 3296 929 3349 iis
951 3296 1310 3353 conturbatus
1341 3310 1485 3349 sum.
1512 3293 1638 3346 Filii
1669 3294 1958 3356 hominum,
1983 3293 2158 3345 dentes

595 3406 775 3443 eorum
808 3407 957 3442 arma
986 3399 1035 3444 et
1068 3392 1296 3458 sagitta.
1330 3389 1402 3441 Ea
1433 3388 1744 3458 signiﬁcans
1774 3403 1894 3454 quae
1919 3397 2159 3455 tempore

596 3481 866 3550 passionis
898 3479 1126 3534 Domino
1154 3481 1516 3549 contigerunt,
1541 3496 1662 3536 cum
1694 3480 1760 3532 ad
1791 3477 2019 3533 Pilatum
2047 3478 2160 3533 cla-

598 3570 1006 3627 mabantJndazi
1035 3573 1294 3626 adversus
1318 3572 1592 3624 Christum
1623 3591 1635 3624 :
1670 3569 1832 3631 Tolle,
1866 3570 2007 3633 tolle,
2039 3587 2162 3623 cru-

598 3664 747 3732 eiﬁge
778 3679 893 3716 eum
917 3664 997 3728 ";
1031 3674 1122 3718 et:
1155 3645 1213 3716 Si
1258 3679 1360 3714 non
1396 3672 1527 3715 esset
1571 3661 1655 3712 hic
1687 3660 2021 3728 malefactor,
2058 3675 2157 3713 non

600 3753 695 3807 tibi
734 3755 1130 3808 tradidissemus
1159 3768 1275 3806 eum
1297 3752 1365 3805 ⁸⁰.

679 3930 732 3986 6.
785 3929 1038 3984 Exullare
1081 3943 1233 3994 super
1269 3924 1445 3988 caalos,
1471 3924 1632 3990 Deus,
1668 3933 1716 3978 et
1766 3938 1920 3992 super
1944 3921 2160 3991 [terram

601 4022 768 4092 gloria
812 4030 923 4073 tua.
955 4018 1201 4079 Etiamsi,
1237 4017 1430 4085 inquit,
1461 4015 1728 4070 demisisti
1764 4018 1994 4083 teipsum
2034 4028 2160 4082 pro-

602 4126 721 4184 pter
743 4124 978 4168 nostram
999 4112 1224 4166 salutem
1247 4113 1311 4164 ad
1350 4108 1708 4162 voluntariam
1736 4105 2158 4160 exinanitionem

603 4218 656 4263 et
687 4206 859 4262 factus
892 4221 951 4260 es
978 4205 1233 4259 obediens
1261 4218 1433 4273 usque
1462 4202 1528 4255 ad
1561 4211 1785 4256 mortem
1808 4201 1850 4232 “
1876 4216 1890 4252 ;
1923 4199 2014 4253 sed
2041 4213 2162 4251 ruro

602 4315 721 4354 sum
745 4297 1020 4353 ascendite
1047 4296 1110 4349 ad
1134 4295 1323 4355 cados.
1353 4295 1478 4365 quia
1508 4309 1631 4347 cum
1656 4292 1962 4348 ascenderis
1994 4298 2158 4344 totam

602 4403 797 4447 terram
824 4391 993 4461 gloria
1026 4400 1113 4444 tua
1143 4389 1394 4459 replebis.

670 4483 720 4536 7.
750 4482 1014 4552 Laqueum
1045 4489 1355 4549 paraverunt
1382 4475 1596 4546 pedibus
1620 4475 1768 4529 meis.
1793 4472 1922 4537 Eos,
1953 4473 2047 4537 ait,
2067 4469 2160 4541 qui

2259 2207 2664 2273 ἀλλοφύλων.“ἰὶ
2715 2209 2774 2260 τὸ
2822 2208 2944 2260 ὅσον
2999 2207 3230 2276 ἐπ’ἐμὲ,
3264 2207 3358 2258 καὶ
3409 2208 3475 2276 τῇ
3513 2203 3832 2275 ἀνθρωπίνη

2259 2300 2480 2370 ἀσεϐείᾳ
2528 2299 2824 2369 ἐκοιμήθην
2872 2300 3290 2369 τεταραγμένος.
3311 2298 3449 2350 Ἀλλ’
3481 2301 3509 2350 6
3543 2297 3829 2366 ’Ὕψιστοῇ

2257 2392 2349 2442 τὸν
2388 2390 2555 2457 Λόγον
2607 2388 2768 2441 αὐτοῦ
2811 2388 3153 2450 ἀποστείλας,
3196 2386 3462 2457 ἐρρύσατο
3510 2386 3607 2454 τὴν
3652 2385 3830 2454 ψυχήν

2263 2498 2382 2551 μου,
2429 2482 2504 2544 ὡς
2543 2480 2706 2552 μηδὲν
2738 2480 2904 2551 αὐτὴν
2939 2481 3002 2532 ὲκ
3041 2479 3140 2548 τῆς
3164 2478 3406 2548 ταραχῆς
3434 2476 3541 2529 τῶν
3573 2475 3830 2545 σκύμνων

2261 2571 2537 2641 βλαϐῆναι.
2564 2571 2696 2624 Τίνα
2723 2571 2779 2623 δὲ
2809 2571 2879 2623 τὰ
2917 2571 3082 2641 θηρία
3109 2569 3312 2632 ταῦτα;
3351 2569 3456 2621 υίοὶ
3483 2567 3589 2620 τῶν
3619 2564 3832 2637 ἀνθρώ-

2262 2679 2378 2714 πων
2406 2661 2540 2713 εἰσὶν
2581 2662 2675 2715 ἂν·
2727 2662 2775 2713 οἱ
2819 2662 3026 2724 ὀδόντες
3050 2662 3187 2713 ὅπλα
3221 2662 3314 2713 καὶ
3356 2661 3413 2712 αἱ
3457 2658 3671 2728 βουλαίο
3707 2656 3834 2710 ἀντὶ

2260 2752 2378 2815 τοῦ,
2412 2752 2692 2823 βλαπτικοί
2717 2755 2821 2804 είσι
2852 2751 2939 2805 διὰ
2984 2751 3436 2821 πάντων.”Ωσπερ
3479 2753 3512 2820 ἡ
3563 2750 3827 2820 μάχαιρα,

2258 2847 2563 2915 ἠκονημένη
2593 2839 2747 2908 οὖσα,
2779 2843 2976 2915 ῥᾳδίως
2997 2841 3381 2912 ἀναιρεῖ,οὖτω
3406 2842 3498 2893 καὶ
3527 2841 3559 2909 ἠ
3585 2839 3831 2907 γλῶσσα,

2256 2937 2560 3009 τετηγμένη
2585 2932 2738 2998 οὖσα,
2756 2938 2874 2998 ταῖς
2905 2934 3251 2997 καταλαλιαῖς
3279 2931 3535 3003 ἀναιρεϊ.]
3568 2930 3833 3000 Σκύμνων

2256 3028 2364 3082 τῶν
2418 3027 2617 3096 νοητῶν
2675 3025 2936 3096 δηλονότι.
2969 3023 3320 3092 Ἐκοιμήθην
3376 3019 3830 3088 τεταραγμένος.

2270 3118 2487 3188 Ἐπειδὴ
2530 3117 2818 3189 ὲρῤύσθην,
2849 3117 3033 3186 φησὶν,
3063 3119 3126 3168 ὲκ
3167 3117 3274 3168 τῶν
3317 3115 3520 3185 νοητῶν
3555 3114 3831 3183 σκύμνων,

2261 3211 2450 3264 τούτου
2485 3210 2641 3282 χάριν
2665 3210 2758 3262 καὶ
2789 3208 3191 3277 ἀναπαύσομαι,
3218 3208 3392 3260 καίτοι
3419 3208 3586 3261 πάλαι
3616 3206 3708 3260 ὑπ’
3733 3207 3834 3260 αὺ-

2258 3300 2364 3352 τῶν
2400 3299 2816 3371 ταραττόμενος.
2855 3297 2972 3351 Υἱοὶ
3005 3295 3350 3364 ἀνθρώπων,
3375 3299 3428 3349 oi
3452 3296 3690 3360 ὀδόντες
3718 3295 3831 3347 αὺ-

2255 3389 2373 3445 τῶν
2399 3390 2558 3445 ὅπλα
2588 3391 2683 3444 καὶ
2713 3389 2894 3457 βέλη.
2949 3388 3131 3442 Ταῦτά
3159 3405 3289 3458 φησι
3317 3387 3738 3458 κατασημαίνων
3760 3385 3835 3438 τὰ

2256 3483 2333 3554 τῷ
2367 3484 2574 3553 Σωτῆρι
2604 3481 2885 3552 ωμὸἀντα
2915 3482 3055 3534 κατά
3102 3481 3194 3533 τὸν
3234 3479 3326 3533 τοῦ
3380 3477 3583 3542 πάθους
3613 3478 3830 3548 καιρὸν,

2257 3573 2420 3643 ἡνίκα
2468 3573 2602 3641 πρὸς
2646 3571 2872 3623 Πιλᾶτον
2906 3570 3133 3642 ἔκραζον
3161 3572 3210 3623 oi
3250 3570 3486 3623 Ἰουδαῖοι
3519 3569 3657 3623 κατά
3692 3569 3834 3640 Χρι-

2261 3661 2386 3715 στοῦ
2433 3657 2712 3728 τὺ,⁷Αρον,
2760 3653 2928 3727 ἆρον,
2953 3663 3306 3729 σταύρωσον
3349 3661 3555 3722 αὐτὸν,
3599 3659 3695 3712 καὶ
3745 3661 3836 3714 ὅτι

2258 3756 2328 3808 El
2345 3752 2430 3822 μὴ
2467 3748 2546 3822 ἦν
2574 3747 2752 3817 οὗτος
2777 3750 3126 3822 κακοῦργος,
3157 3753 3267 3805 οὐκ
3313 3750 3390 3804 ἀν
3421 3766 3520 3817 σοι
3568 3749 3836 3818 παρεδώ-

2258 3864 2444 3918 καμεν
2469 3846 2674 3900 αὐτόν.

2339 3936 2623 4006 ’Υψώθητι
2668 3936 2764 3989 ἐπὶ
2808 3934 2948 3999 τοὺς
2986 3933 3301 4000 οὐρανοὺς,
3325 3937 3357 3988 ό
3398 3934 3560 3999 Θεὸς,
3591 3935 3691 3988 καί
3725 3935 3830 3991 ἐπὶ

2260 4029 2466 4086 πᾶσαν
2489 4027 2603 4096 τὴν
2634 4024 2749 4097 τῆν
2793 4027 2830 4094 ἡ
2866 4025 3015 4088 δόξα
3044 4041 3182 4079 σου.
3210 4027 3272 4079 Ei
3303 4027 3394 4080 καὶ
3420 4026 3687 4096 καθῆγας,
3720 4044 3831 4098 φη-

2263 4121 2366 4181 σὶν,
2400 4116 2589 4170 ἑαυτὸν
2619 4116 2705 4169 διὰ
2735 4117 2833 4187 τὴν
2859 4115 3133 4184 ἡμετέραν
3176 4115 3447 4187 σωτηρίαν
3473 4115 3553 4178 είς
3581 4114 3832 4169 ἑκούσιον

2259 4210 2510 4272 κένωσιν,
2539 4208 2633 4263 καὶ
2675 4208 2904 4276 γέγονας
2949 4207 3187 4275 ὑπήκοος
3221 4207 3380 4278 μέχρι
3401 4206 3650 4269 θανάτου,
3689 4205 3831 4259 ἀλλά

2259 4303 2355 4356 καὶ
2396 4301 2554 4354 πάλιν
2583 4299 2768 4354 ἄνελθε
2798 4302 2877 4362 εἰς
2907 4300 3187 4370 οὐρανοὺς,
3216 4299 3299 4350 ὅτι
3343 4299 3438 4352 καὶ
3465 4296 3701 4350 ἀνελθὼν
3724 4297 3830 4368 τῆς

2263 4394 2360 4462 σῆς
2391 4390 2544 4457 δόξης
2579 4388 2885 4459 πληρώσεις
2919 4391 3099 4442 πᾶσαν
3123 4388 3220 4457 τὴν
3241 4388 3366 4457 γῆν.

2327 4476 2554 4547 Παγίδα
2594 4477 2926 4546 ἡτοίμασαν
2972 4476 3094 4542 τοῖς
3125 4477 3271 4529 ποσί
3301 4495 3443 4545 μου.
3474 4477 3612 4540 Τοὺς
3653 4493 3831 4531 κατασ·

601 4591 688 4632 me
721 4575 928 4646 laqueis
973 4573 1316 4642 dejiciebant,
1359 4570 1560 4625 curasti
1596 4576 1655 4622 ut
1681 4568 1734 4621 in
1763 4564 1972 4620 foveam
1996 4576 2158 4632 quam

2263 4570 2551 4632 ϐάλλοντας
2583 4586 2670 4640 με,
2699 4569 2850 4638 φησὶ,
2879 4567 2969 4620 διὰ
3001 4567 3108 4621 τῶν
3145 4568 3382 4636 παγίδων
3411 4569 3831 4639 παρεσκεύασας

601 4670 844 4723 fecerunt
885 4664 1202 4720 inciderent.
1251 4662 1618 4727 Quamobrem
1662 4659 1763 4714 hac
1800 4673 1858 4712 re
1900 4656 2157 4728 praeclare

2263 4667 2337 4726 εἰς
2357 4660 2516 4715 αὑτὸν
2535 4662 2592 4714 δν
2617 4661 2827 4734 ὤρυξαν
2859 4659 3046 4732 βόθρον
3070 4662 3346 4730 ἐμπεσεῖν.
3375 4660 3465 4712 Διὸ
3493 4659 3557 4731 δὴ
3584 4661 3680 4713 καὶ
3700 4659 3832 4714 ταῦ-

602 4768 718 4813 acta
743 4773 904 4826 super
935 4756 1103 4811 caelos
1137 4755 1395 4808 exaltare.

2263 4771 2325 4807 τα
2359 4753 2703 4824 κατορθώσας
2730 4753 2821 4806 ἐπὶ
2848 4753 2972 4815 τοὺς
3005 4752 3264 4823 οὐρανοὺς
3291 4750 3552 4821 ύψώθητι.

668 4847 720 4904 8.
754 4847 1008 4902 Paratum
1042 4861 1133 4901 cor
1163 4860 1354 4907 meum,
1386 4843 1544 4908 Deus,
1577 4849 1824 4911 paratum
1853 4857 1941 4894 cor
1961 4856 2153 4893 meum.

2343 4845 2568 4912 Ἑτοίμη
2595 4847 2633 4913 ἠ
2665 4843 2875 4912 καρδία
2895 4862 3034 4913 μου,
3071 4846 3103 4896 ό
3130 4843 3291 4908 Θεὸς,
3316 4844 3516 4912 ἑτοίμη
3539 4843 3576 4909 ὴ
3612 4842 3829 4908 καρδία

601 4941 772 5013 Rogat
801 4941 904 4996 sibi
935 4939 1050 4993 dari
1083 4938 1343 5008 Spiritum
1371 4944 1638 5001 sanctum,
1667 4949 1826 5004 quem
1865 4935 2154 4989 missurum

2263 4952 2403 5003 μου.
2420 4933 2730 5004 Παρακαλεῖ
2747 4932 2997 4999 δέξασθαι
3016 4932 3075 4983 τὸ
3088 4932 3309 5002 Πνεῦμα
3329 4931 3389 4984 τὸ
3411 4933 3582 5000 ἆγιον,
3607 4932 3635 4985 ὃ
3657 4934 3831 5003 ἐπηγρ

599 5049 657 5090 se
697 5035 750 5087 in
787 5033 983 5088 cmlum
1033 5031 1326 5084 ascendens
1381 5026 1703 5099 Unigenitus
1741 5027 2012 5097 pollicitus
2050 5033 2154 5090 est,

593 5135 844 5196 paratum
879 5139 1000 5178 esse
1029 5137 1124 5177 cor
1155 5138 1313 5176 suum
1338 5123 1490 5176 aiens
1514 5121 1578 5174 ad
1612 5135 1734 5174 eum
1766 5119 2152 5188 recipiendum.

671 5217 723 5271 9.
752 5213 1010 5284 Exsurge,
1036 5215 1205 5286 gloria
1248 5230 1380 5266 mea.
1415 5211 1656 5266 Gloriam
1699 5225 1854 5265 suam
1901 5209 2154 5278 spiritum

596 5305 969 5377 propheticum
988 5306 1238 5375 appellat.
1260 5303 1514 5373 Exsurge,
1533 5302 1841 5370 psalterium
1862 5309 1910 5353 et
1926 5301 2151 5353 cithara.

596 5395 915 5451 Psalterium
953 5396 1082 5449 dicit
1123 5396 1381 5456 animam,
1421 5395 1685 5448 citharam
1723 5401 1883 5447 vocat
1931 5406 2151 5461 corpus.

599 5486 896 5557 Exsurgam
926 5488 1178 5541 diluculo.
1199 5487 1446 5553 Quando,
1481 5486 1681 5555 inquit,
1713 5485 2044 5554 spiritualem
2076 5482 2154 5535 lu-

601 5594 713 5632 cem
744 5581 996 5642 sentiam,
1029 5593 1318 5648 exsurgam
1350 5579 1416 5632 ad
1449 5577 1804 5632 cantandum.

664 5756 710 5786 ⁷⁵
739 5753 896 5808 Joan.
929 5769 1042 5824 xu,
1069 5754 1156 5809 l5.
1227 5754 1270 5785 '°
1299 5751 1456 5807 Joan.
1490 5771 1643 5819 mn,
1676 5752 1765 5808 50.

667 5849 755 5915 (⁸ὶὸ
784 5852 799 5918 )
825 5853 894 5905 El
925 5849 1009 5904 δέ.
1047 5849 1204 5908 Forte
1226 5843 1285 5905 οὒ
1317 5850 1432 5903 καί.
1476 5850 1635 5905 Ἐυιτ.

2260 5025 2474 5094 γείλατο
2514 5025 2868 5096 ἀνερχόμενος
2905 5024 3136 5094 πέμψειν
3165 5027 3194 5077 6
3232 5022 3559 5094 Μονογενὴς,
3601 5023 3832 5094 ἑτοίμην

2260 5119 2339 5181 είς
2359 5117 2420 5169 τὸ
2438 5115 2686 5180 δέξασθαι
2701 5116 2872 5183 λέγων
2893 5114 3216 5186 γεγενῆσθαι
3234 5116 3332 5185 τὴν
3355 5113 3547 5169 ἑαυτοῦ
3579 5114 3829 5184 καρδίαν.

2345 5207 2718 5277 Έεεγέρθητι.
2753 5209 2791 5275 ἡ
2818 5207 2964 5272 δόξα
2987 5226 3124 5276 μου.
3158 5206 3324 5272 Δόξαν
3353 5208 3544 5261 ἑαυτοῦ
3584 5206 3644 5258 τὸ
3675 5203 3833 5256 πνεῦ-

2263 5313 2340 5369 μα
2386 5298 2446 5351 τὸ
2495 5301 2827 5370 προφητικὸν
2861 5297 3445 5370 φησιν.Ἐξετέρθητι,
3487 5295 3830 5365 ψαλτήριον

2258 5389 2355 5443 καὶ
2388 5391 2614 5458 κιθάρα.
2629 5390 2936 5462 Ψαλτήριον
2969 5390 3066 5460 μὲν
3089 5391 3186 5460 τὴν
3205 5389 3382 5460 ψυχήν
3411 5404 3563 5456 φησι,
3595 5385 3830 5457 κιθάραν

2256 5479 2314 5532 δὲ
2357 5480 2417 5532 τὸ
2458 5480 2615 5550 σῶμα
2658 5482 2830 5534 καλεῖ.
2863 5479 3346 5549 Ἐξεγερθήσομαι
3381 5477 3720 5546 δρθρου.Ἐν
3743 5477 3827 5530 αἱ·

2260 5571 2466 5640 σθήσει,
2509 5573 2659 5641 φησὶ,
2688 5572 2779 5625 τοῦ
2833 5569 3020 5642 νοητοῦ
3069 5572 3244 5640 φωτὸς
3291 5570 3577 5642 γενόμενος
3625 5567 3722 5622 ἐπὶ
3765 5564 3820 5622 τὸ

2260 5660 2445 5730 ὑμνεῖν
2475 5661 2914 5734 ὲξεγερθήσομαι.

1870 5752 1910 5785 ⁸³
1943 5749 2174 5821 Philipp.
2212 5765 2272 5815 ll,
2305 5751 2358 5818 7,
2384 5751 2469 5807 8.‘
