4034 6440
138 396 234 452 261

224 505 771 576 ’.Ε’ξομολογήσομαί
808 518 906 557 σοι
954 502 1024 554 ὲν
1066 500 1256 566 λαοῖς,
1287 502 1481 567 Κύριε,
1534 497 1708 566 ψαλῶ
1738 502 1782 560 Α

141 619 236 655 σοι
266 602 336 654 ἐν
361 601 580 653 ἔθνεσι.
617 599 725 669 Τὴν
775 596 881 649 τῶν
912 595 1078 648 ὲθνῶν
1104 595 1354 648 ἁπάντων
1375 593 1704 663 ἐπιστροφὴν

141 692 550 761 εὐαγγελίζεται
597 691 664 744 δι’
693 685 766 742 ὧν
810 689 1232 758 ὲξομολογείται,
1268 688 1362 741 ἆτε
1400 686 1463 757 δὴ
1490 687 1706 739 πάντων

140 787 246 837 τῶν
282 784 452 838 ἐθνῶν
492 785 616 846 τοὺς
649 781 812 836 αὐτοῦ
851 781 1080 850 ᾀδόντων
1111 779 1458 849 ὖμνο·.›ς.⁸’οτι
1497 776 1705 843 ἐμεγα-

138 879 331 943 λὺνθη
364 875 474 941 ἓως
502 878 607 928 τὸν
637 872 894 940 οὐρανὸν
925 872 989 925 τὸ
1022 871 1192 936 ἔλεός
1220 869 1595 937 σου.”Ομοιον
1630 865 1707 935 τῷ

141 969 269 1020 Ὀτι
302 967 398 1020 καί
430 965 580 1033 αὐτὴ
608 967 644 1032 ἡ
677 967 872 1030 κτίσις
899 963 1431 1031 ἐλευθερωθήσεται
1458 960 1574 1013 ἀπὸ
1598 959 1709 1026 τῆς

138 1057 364 1125 φθορᾶς
395 1061 479 1123 εἰς
503 1058 614 1123 τὴν
643 1056 989 1123 ἐλευθερίαν
1018 1054 1133 1107 τῶν
1155 1053 1378 1106 τέκνων
1402 1050 1505 1106 τοῦ
1538 1050 1705 1104 Θεοῦ.

137 1147 246 1199 Kal.
298 1146 409 1212 ἕως
457 1145 574 1198 τῶν
619 1143 890 1212 νεφελῶν
928 1145 965 1210 ἡ
1011 1141 1259 1208 ἀλήθειά
1291 1139 1705 1209 σου.ἈληΘείς,

139 1241 294 1310 φησὶ,
330 1241 428 1302 τὰς
456 1239 563 1291 τῶν
606 1239 859 1308 νεφελῶν,
882 1236 1124 1289 τουτέστι
1153 1236 1260 1288 τῶν
1289 1233 1598 1304 προφητῶν,
1622 1231 1712 1286 διὰ

136 1330 248 1382 τῶν
285 1330 625 1400 πραγμάτων
648 1327 934 1390 ἀπέδειξας
963 1344 1056 1380 σου
1083 1326 1284 1394 φωνάς.

209 1422 391 1494 [”Εως
438 1421 555 1475 τῶν
600 1419 868 1489 νεφελῶν
915 1422 952 1486 ’ἡ
1005 1418 1252 1486 ἀλήθειά
1293 1432 1427 1471 σου.
1447 1414 1708 1486 Ἀληθεῖς,

137 1518 294 1586 φησὶ,
330 1516 425 1578 τὰς
453 1515 556 1568 τῶν
583 1515 839 1581 νεφελῶν,
883 1513 1123 1566 τουτέστι
1154 1512 1262 1563 τῶν
1290 1508 1599 1581 προφητῶν,
1628 1508 1714 1561 διὰ

139 1608 483 1680 πραγμάτων
527 1606 867 1671 ἐπεδείξαντο
895 1603 1246 1672 φωνάς.’Έως
1278 1600 1395 1653 τῶν
1421 1598 1708 1667 οἰῬανῶν,

135 1699 320 1765 ὅμοιον
348 1695 579 1765 ’τῷ-Ὅτι
613 1696 708 1748 καὶ
754 1693 904 1759 αὺτὴ
934 1695 970 1760 ἡ
1007 1693 1201 1757 κτίσις
1242 1689 1710 1757 ἐλευθερωθήσε-

135 1802 234 1839 ται
283 1786 401 1838 ἀπὸ
448 1785 556 1852 τῆς
604 1785 826 1853 φθορᾶς
869 1787 954 1849 εὶς
997 1783 1342 1852 ἐλευθερίαν
1373 1781 1483 1849 τῆς
1527 1780 1710 1847 δόξης

133 1876 260 1930 τῶν
285 1878 509 1930 τέκνων
539 1877 644 1931 τοῦ
675 1876 868 1948 Θεοῦ.]

135 1990 245 2053 Εἰς
284 1988 348 2042 τὸ
394 1987 586 2053 τέλος,
620 1987 706 2056 μὴ
741 1988 1101 2056 διαφθείρῃς,
1129 1986 1208 2052 τῷ
1238 1987 1418 2041 Δαυῒδ
1443 1989 1529 2052 εις
1560 2001 1707 2053 στη-

489 2082 838 2149 λογγραρίαν.
886 2082 1192 2133 ΨΑΛΜΟΣ
1228 2082 1337 2133 ΝΖ⁷

771 2170 1090 2234 ’Υπόθεσιᾳ

132 2261 250 2334 Τὴν
298 2263 464 2332 αὐτὴν
507 2261 759 2315 ὑπόθεσιν
804 2261 914 2332 ἔχει
958 2261 1035 2332 τῷ
1081 2261 1402 2332 προλαϐόντι
1441 2262 1470 2312 ό
1519 2259 1709 2330 παρὼν

206 2354 442 2424 ψαλμὸς,
477 2354 673 2425 μᾶλλον
717 2353 772 2406 δὲ
823 2351 1008 2420 σαφῶς
1054 2351 1322 2424 ἐξηγεῖται
1374 2353 1521 2404 πότον
1571 2351 1709 2404 κατὰ

205 2446 316 2500 τῶν
346 2446 761 2499 ἐπαναστάντων
788 2443 866 2514 τῷ
892 2445 1102 2517 Σωτῆρι
1135 2445 1196 2496 τὺ
1227 2445 1379 2507 τέλος
1413 2443 1654 2512 γέγονεν.

207 2623 278 2674 El
331 2618 568 2686 ἀληθῶς
620 2618 732 2686 ἄρα
775 2618 1174 2686 δικαιοσύνην
1211 2617 1705 2692 λαλεῖτε.Ἐπειδὴ

127 2711 430 2780 συνήγοντο
472 2708 615 2766 κατά
656 2707 748 2760 τοῦ
795 2707 1067 2778 Σωτῆρος,
1107 2707 1180 2769 ὡς
1231 2707 1566 2771 ἐκδικοῦντες
1619 2708 1708 2760 τὸν

124 2802 318 2872 νόμον,
376 2801 597 2862 είκότως
651 2801 833 2860 αὐτοῖς
887 2799 947 2851 τὺ
1007 2800 1344 2869 προφητικὸν
1407 2797 1706 2850 ἐντέλλεται

125 2894 373 2964 πνεῦμα,
419 2893 474 2945 εἴ
509 2910 571 2960 γε
616 2892 720 2963 ἄρα
752 2891 844 2943 τοῦ
878 2891 1084 2943 δικαίου
1117 2889 1509 2961 φροντίζουσιν,
1545 2889 1707 2943 εὐθέα

125 2984 360 3053 κρίνειν,
393 2983 635 3035 τουτέστι
670 2982 873 3036 δίκαια.
904 2983 964 3034 Οἱ
1005 2981 1060 3033 δὲ
1096 2983 1194 3033 οὐκ
1240 2981 1458 3052 ἔκριναν
1502 2980 1704 3044 δίκαια,

121 3074 223 3125 τὸν
269 3072 444 3125 ἀθῶον
487 3076 579 3126 καὶ
622 3073 825 3126 δίκαιον
875 3075 1185 3126 ἀποκτεῖναι
1227 3073 1553 3144 βουλόμενοι.
1595 3073 1707 3127 Kal

124 3167 241 3234 γὰρ
288 3164 355 3216 ὲν
398 3164 607 3232 καρδίᾳ
647 3165 900 3234 ἀνομίας
943 3165 1252 3235 ἐργάζεσθε
1293 3166 1362 3218 ὲν
1409 3164 1484 3232 τῇ
1508 3163 1603 3234 γῆ.
1645 3167 1706 3218 Ei

1220 378 1585 437 EXPOSlTlO
1626 377 1690 432 IN
1731 375 2060 432 PSALMUM
2099 375 2254 430 LVII.

3263 371 3372 426 268

1894 494 1978 550 10.
2014 496 2311 563 Conﬁtebor
2359 493 2453 546 tibi
2488 494 2544 546 in
2588 491 2814 562 populis,
2860 486 3372 556 Domine,_psallam

1806 587 1899 641 tibi
1924 588 1977 639 in
2006 587 2260 656 gentibus.
2291 583 2546 638 Omnium
2576 583 2810 652 gentium
2841 579 3250 635 conversionem
3275 593 3372 630 an—

1807 678 2020 731 nuntiat
2070 692 2163 745 per
2219 675 2614 730 confessionem
2687 688 2876 737 suam,
2932 672 3059 740 quia
3112 671 3367 722 nimirum

1809 785 1998 824 omnes
2024 778 2209 838 gentes
2227 769 2455 837 hymnos
2481 766 2600 835 ejus
2623 765 2934 819 concinunt.
2965 761 3226 826 Quoniam
3259 777 3375 812 ma-

1807 860 2055 929 gnificam
2090 869 2166 912 est
2203 874 2362 926 usque
2383 859 2450 910 ad
2479 856 2631 908 cazlos
2657 854 3017 908 misericordia
3044 862 3151 904 tua.
3183 849 3373 902 Simile

1808 949 1936 1003 huic
1968 967 1980 1002 :
2014 946 2150 1012 Quia
2172 957 2221 1001 et
2250 950 2366 1011 ipsa
2385 959 2628 999 creatura
2646 945 2950 997 liberabitur
2967 960 2997 995 a
3018 950 3370 1008 corruptwne,

1807 1041 1862 1092 in
1899 1039 2186 1092 libertatem
2221 1039 2456 1106 ﬁliorum
2484 1036 2656 1090 Dei".
2705 1035 2771 1089 Et
2812 1050 2970 1098 usque
3002 1034 3070 1085 ad
3103 1033 3259 1085 nubes
3289 1048 3376 1085 ve-

1811 1130 1942 1181 ritas
1986 1141 2095 1181 tua.
2123 1126 2315 1192 Verus,
2346 1127 2541 1198 inquit,
2570 1127 2821 1191 nubium,
2867 1127 2917 1179 id
2947 1133 3050 1186 est,
3079 1124 3373 1193 propheta-

1809 1233 1931 1273 rum
1960 1233 2141 1281 voces,
2173 1233 2232 1271 re
2262 1219 2377 1286 ipsa
2410 1217 2800 1287 comprobasti.

1890 1405 2089 1479 [Usque
2121 1407 2190 1458 ad
2224 1404 2384 1458 nubes
2423 1404 2614 1458 veritas
2647 1412 2757 1454 tua.
2803 1397 2880 1452 Ex
2908 1398 3165 1467 operibus
3193 1412 3372 1463 veras,

1811 1500 2005 1568 inquit,
2023 1513 2143 1553 esse
2164 1499 2570 1552 declaraverunt
2588 1495 2836 1558 nubium,
2854 1494 2965 1547 sive
2989 1492 3374 1560 prophetarum

1813 1606 1987 1645 voces.
2015 1589 2185 1658 Usque
2211 1589 2279 1642 ad
2303 1588 2478 1651 cmlos,
2507 1587 2684 1640 simile
2709 1595 2790 1639 est
2821 1585 2893 1637 illi
2928 1601 2941 1636 :
2972 1581 3233 1647 Quoniam
3258 1585 3376 1649 ipsa

1813 1692 2056 1735 creatura
2090 1680 2402 1733 liberabitur
2431 1696 2462 1732 a
2489 1679 2818 1746 corruptione
2851 1676 2905 1728 in
2937 1675 3232 1728 libertatem
3256 1671 3374 1744 glo-

1812 1774 1907 1825 ria:
1929 1772 2162 1840 ﬁliorum
2194 1765 2333 1842 Dei.]

1811 1972 1862 2027 1.
1891 1971 1956 2026 In
1993 1973 2173 2042 ﬁnem,
2222 1989 2284 2026 ne
2327 1973 2620 2042 disperdas,
2654 1974 2843 2027 Davidi
2903 1973 2958 2026 in
3005 1972 3145 2029 tituli
3187 1972 3368 2026 inscri-

2171 2067 2418 2133 ptionem.
2450 2064 2786 2120 PSALMUS
2824 2065 2866 2119 L
2881 2064 3008 2121 VII.

2379 2158 2419 2210 Α
2432 2168 2779 2228 rgumentum.

1809 2244 2067 2301 Eamdem
2114 2250 2285 2318 ipsam
2329 2266 2490 2319 quam
2529 2251 2780 2320 superior
2818 2249 2907 2304 hic
2941 2248 3181 2318 psalmus
3215 2246 3380 2301 habet

1878 2339 2309 2409 inscriptionem,
2338 2343 2448 2395 imo
2473 2344 2650 2410 potius
2681 2343 2858 2412 palam
2889 2351 3108 2396 enarrat
3134 2340 3228 2410 qui
3254 2340 3378 2393 linis

1881 2444 2069 2485 eorum
2095 2431 2278 2500 fuerit,
2296 2434 2388 2504 qui
2414 2433 2676 2489 adversus
2703 2434 3036 2489 Satvatorem
3071 2435 3381 2487 insurrexe-

1878 2531 2028 2576 runt.

1878 2613 1935 2678 Ξ,
1960 2614 2017 2668 3.
2056 2615 2115 2668 Si
2145 2631 2257 2667 rere
2282 2615 2461 2684 utique
2480 2614 2754 2683 justitiam
2783 2613 3080 2684 loquimini.
3111 2612 3250 2679 Quia
3281 2615 3380 2667 ad-

1807 2722 2000 2761 versus
2031 2705 2367 2759 Salvatorem
2409 2707 2899 2776 congregabantur,
2933 2707 3088 2775 quasi
3127 2706 3262 2778 legis
3290 2706 3380 2758 ul-

1808 2798 2070 2850 ciscendae
2099 2795 2426 2864 causa,jure
2454 2795 2559 2848 illis
2582 2795 2927 2863 propheticus
2956 2795 3182 2864 spiritus
3201 2795 3377 2865 jubet,

1808 2896 1866 2941 ut
1894 2887 1938 2941 si
1974 2903 2135 2955 quam
2167 2886 2306 2955 juris
2331 2895 2385 2938 et
2411 2886 2548 2954 aequi
2581 2899 2767 2939 curam
2807 2884 3059 2950 habeant,
3088 2893 3230 2938 recta
3264 2887 3382 2941 sive

1802 2980 1949 3050 justa
1972 2978 2233 3046 judicent.
2271 2980 2339 3031 At
2370 2977 2444 3030 illi
2480 2992 2821 3046 nequaquam
2854 2977 2999 3046 justa
3038 2975 3378 3045 judicabant,

1808 3085 1928 3124 cum
1957 3070 2236 3123 innoxium
2274 3069 2551 3138 etjustum
2583 3069 2779 3122 vellent
2803 3068 3128 3122 interﬁcere.
3168 3067 3380 3122 Etenim

1808 3163 1861 3214 in
1896 3163 2051 3215 corde
2083 3163 2389 3232 iniquitates
2418 3162 2709 3228 operamini
2739 3163 2794 3214 in
2826 3171 2986 3214 terra.
3010 3160 3145 3226 Etsi,
3181 3163 3378 3230 inquit,

127 3259 225 3310 καὶ
259 3258 307 3307 οἱ
332 3255 500 3324 λόγοι,
531 3259 682 3327 φησὶ,
717 3257 960 3328 χρηστοὶ,
998 3257 1279 3308 διεκδικεῖν
1309 3257 1706 3326 προσποιούμε-

1809 3255 1958 3308 lenes
2004 3254 2290 3306 videantur
2335 3267 2637 3317 sermones,
2664 3268 2732 3305 ex
2768 3253 3206 3306 dissimulatione
3247 3255 3382 3307 ulci-

124 3363 212 3399 νοι
254 3347 343 3399 τὸν
392 3347 553 3416 νόμον
574 3365 586 3377 ’
619 3348 730 3400 ἀλλ’
760 3351 790 3415 ἡ
839 3347 1030 3415 καρδία
1070 3347 1292 3416 πικρίας
1323 3348 1439 3400 ἐστὶ
1474 3347 1704 3420 πλήρης,

125 3437 226 3490 καὶ
263 3440 318 3489 ai
347 3437 570 3508 πράξεις
597 3438 652 3489 δὲ
679 3438 878 3507 ὁμοίως
906 3437 1132 3507 ἀνομίας
1158 3439 1562 3511 πεπλήρωνται.

213 3525 807 3594 Ἀπηλλοτριώθησαν
849 3530 903 3580 oi
932 3529 1261 3597 ἁμαρτωλοὶ
1299 3529 1415 3583 ἀπὸ
1455 3529 1705 3598 μήτρας.

124 3616 382 3668 Δείκνυσι
412 3616 471 3667 τὸ
503 3616 770 3687 μηδεμίαν
803 3618 997 3680 αὐτοὺς
1025 3619 1086 3671 τὸ
1120 3620 1378 3688 παράπαν
1411 3621 1707 3691 ἐσχηκότας

125 3706 313 3760 αἰτίαν
345 3709 424 3768 είς
459 3709 746 3779 σωτηρίαν.
783 3707 902 3779 [Διά
929 3709 1035 3780 γὰρ
1065 3709 1282 3762 Ἡσαΐου
1306 3709 1396 3762 τοῦ
1429 3714 1706 3781 προφήτου

315 3798 594 3862 Ἰουδαίους
639 3803 666 3852 ὁ
708 3800 837 3863 Θεὸς
891 3800 1027 3871 ἔφη’
1071 3802 1314 3869 Ἕγνων,
1347 3800 1446 3854 ίὸτι
1486 3801 1709 3856 ἀθετῶν

124 3889 466 3955 ἀθετήσεις,
500 3892 596 3944 καὶ
635 3891 855 3961 ἄνομος
879 3888 950 3957 εἴ,
986 3893 1080 3946 καὶ
1112 3894 1179 3946 ἐκ
1218 3894 1448 3959 κοιλίας
1486 3893 1708 3961 κληθή-

125 3997 214 4048 σῃ
236 3998 250 4011 ο
293 3981 496 4036 κοιλίαν
530 3982 589 4035 τὸ
623 3983 775 4052 ἇγιον
808 3984 1087 4055 βάπτισμα
1115 3984 1334 4057 λέγων.]
1365 3984 1559 4054 Θυμός
1599 3988 1707 4039 αὑ-

125 4073 258 4140 τοῖς
311 4073 460 4128 κατὰ
511 4075 626 4144 τὴν
653 4079 935 4146 ὁμοίωσιν
967 4077 1073 4131 τοῦ
1109 4077 1315 4145 ὄφεως.
1362 4077 1541 4147 Θυμόν
1578 4094 1708 4148 φησι

124 4165 230 4236 τὴν
269 4166 465 4237 ψυχὴν,
504 4167 569 4238 ἦν
595 4169 688 4221 καὶ
716 4169 907 4237 ὁμοίαν
934 4163 1072 4221 εἷναί
1122 4184 1252 4237 φησι
1294 4165 1386 4218 τοῦ
1435 4169 1491 4219 ὲν
1534 4185 1710 4239 παρα-

125 4257 294 4326 δείσῳ
324 4258 530 4326 όφεως²
565 4259 621 4322 ὃς
661 4259 1091 4330 ὑποκρινάμενος
1131 4261 1352 4330 ῥήματα
1387 4259 1587 4326 φιλίας,
1618 4260 1709 4312 τὸν

129 4351 363 4403 θάνατον
393 4355 701 4424 εἰσήγαγεν.
723 4353 936 4425 Ἐπειδὴ
982 4353 1159 4406 τοίνυν
1207 4355 1299 4406 καὶ
1341 4348 1485 4408 οὗτοι
1537 4370 1711 4424 παρα-

128 4441 398 4512 πλησίως,
429 4444 646 4510 Ῥασόὶ,
675 4446 769 4498 καὶ
798 4445 1153 4506 Διδάσκαλε,
1172 4444 1441 4514 λέγοντες,
1469 4447 1581 4510 καὶ,
1615 4445 1711 4498 οι-

1808 3346 2022 3400 sccndaa
2055 3345 2219 3415 legis;
2252 3345 2343 3398 sed
2377 3360 2470 3399 cor
2508 3345 2727 3414 plenum
2767 3346 3096 3411 acerbitate,
3126 3356 3180 3401 et
3217 3362 3381 3416 opera

1808 3438 2062 3492 similiter
2097 3437 2384 3506 iniquitate
2414 3439 2568 3507 plena
2595 3447 2744 3492 sunt.

1876 3530 1930 3594 4,
1961 3531 2014 3584 5.
2034 3529 2268 3584 Alienati
2299 3542 2417 3583 sunt
2444 3539 2740 3599 peccatores
2762 3546 2793 3582 a
2816 3529 2987 3583 vulva.
3011 3528 3262 3585 Ostendit
3283 3546 3380 3587 eos

1808 3624 2010 3678 nullam
2037 3624 2260 3678 omnino
2292 3623 2547 3677 habuisse
2581 3622 2772 3676 salutis
2800 3636 3044 3676 causam.
3074 3620 3379 3694 [Siquidem

1806 3731 1901 3785 per
1932 3715 2126 3770 Isaiam
2161 3714 2479 3784 pr0phetam
2523 3712 2724 3768 Iudaeis
2759 3713 2836 3768 ait
2872 3712 3055 3769 Deus:
3095 3714 3231 3768 Novi
3254 3716 3382 3786 quia

1806 3806 2056 3876 despicies
2095 3816 2144 3860 et
2178 3815 2503 3874 contemptor
2531 3806 2656 3870 eris,
2691 3818 2845 3874 atque
2870 3821 2933 3858 ea:
2967 3816 3138 3859 ventre
3168 3805 3382 3862 vocabe-

1809 3897 1880 3949 ris
1909 3896 2121 3964 impius.
2159 3895 2414 3950 Ventrem
2457 3903 2608 3948 vocat
2644 3904 2893 3949 sanctum
2921 3895 3230 3968 baptisma.]
3279 3895 3383 3952 Fu-

1809 4005 1898 4042 ror
1924 3987 2029 4041 illis
2057 3990 2342 4041 secundum
2367 3986 2772 4040 similitudinem
2809 3989 3086 4056 serpentis.
3119 3986 3380 4044 Furcrcm

1808 4079 2046 4132 animam
2083 4080 2235 4142 dicit,
2268 4095 2432 4148 quam
2465 4078 2699 4132 similem
2725 4077 2801 4129 ait
2826 4078 3061 4147 serpenti
3099 4079 3172 4131 illi
3205 4079 3298 4147 qui
3323 4079 3380 4134 in

1807 4171 2060 4240 paradiso
2093 4170 2433 4232 versabatur,
2461 4170 2553 4239 qui
2589 4170 2860 4224 simulatis
2890 4170 3144 4224 amicitiae
3175 4171 3380 4238 verbis,

1809 4270 2037 4315 mortem
2056 4261 2267 4314 induxit
2318 4259 2546 4326 Quando
2591 4262 2754 4332 igitur
2781 4271 2836 4316 et
2871 4262 2922 4315 hi
2957 4277 3192 4331 quoque,
3234 4262 3382 4317 Rab-

1810 4355 1861 4408 bi
1876 4354 2017 4419 "°“,
2033 4363 2106 4418 et,
2131 4353 2385 4423 Magister
2405 4354 2451 4393 ⁸⁸
2475 4355 2735 4421 dicentes,
2757 4363 2830 4418 et,
2848 4353 3054 4409 Scimus
3083 4355 3381 4425 quoniama

1810 4443 1918 4498 Deo
1928 4444 2190 4510 venisti“,
2212 4454 2266 4498 et
2281 4444 2590 4515 hujusmodi
2608 4446 2770 4499 verba
2789 4444 3143 4515 prolerentes,
3159 4461 3379 4501 crucem

127 4533 338 4604 δαμεν,
362 4535 448 4601 ὅτι
473 4536 589 4590 ἀπὸ
615 4539 761 4592 Θεοῦ
783 4539 1103 4606 ἐλήλυθας,
1124 4539 1218 4591 καὶ
1246 4539 1313 4592 τὰ
1334 4538 1554 4592 τοιαῦτα
1576 4556 1710 4610 προ-

1813 4535 1917 4606 ipsi
1971 4535 2466 4601 machinabantur,
2526 4536 2729 4591 idcirco
2781 4537 3021 4607 serpenti
3077 4539 3380 4608 comparati

129 4627 421 4697 φερόμενοι
457 4631 693 4699 ῥήματα,
726 4630 1066 4684 ἐϐουλεύοντο
1091 4630 1421 4702 παραδοῦναι
1456 4631 1673 4704 σταυρῷ
1693 4649 1708 4664 '

127 4717 325 4772 τούτου
359 4720 517 4789 χάριν
561 4723 628 4792 τῇ
660 4720 915 4791 ὁμοιώσει
950 4720 1044 4774 τοῦ
1064 4721 1240 4790 ὄφεως
1264 4721 1706 4794 παρεὸλήθησαν.

145 4810 302 4863 Ὠσεὶ
329 4812 588 4879 ἀσπίδος
616 4813 820 4882 mserit;
839 4815 937 4867 καὶ
953 4814 1236 4881 βυούσης
1258 4816 1329 4870 τὰ
1353 4811 1471 4870 ὦτα
1493 4815 1704 4884 αὐτῆς.

131 4901 208 4953 Οὐ
247 4901 392 4971 μόνῳ
421 4903 499 4972 τῷ
530 4903 672 4972 ὄφει,
706 4905 858 4974 φησὶ,
890 4904 1306 4975 παρεικασοείεν
1338 4905 1425 4968 ἂν,
1454 4904 1588 4958 ἀλλά
1615 4907 1707 4958 καὶ¹

133 4991 320 5044 ἀσπίδι
343 4992 434 5043 ἐπὶ
456 4992 564 5044 τῶν
587 4994 813 5046 ὀδόντων
838 4993 1037 5066 ἐχούσῃ
1067 4995 1157 5048 τὸν
1188 4995 1285 5058 ίὸν,
1308 4995 1381 5066 μὴ
1410 4994 1706 5065 βουλομένῃ

128 5097 191 5145 τε
216 5081 507 5135 ἐπακούειν
529 5082 635 5135 τῶν
669 5085 892 5154 ἐπῳδῶν
920 5087 1000 5148 είς
1027 5086 1085 5138 τὸ
1108 5085 1201 5139 τοῦ
1222 5085 1394 5156 θυμοῦ
1418 5085 1704 5139 παύεσθαι.

1814 4637 1962 4684 sunt.
1994 4627 2167 4683 Sicuti
2190 4630 2389 4694 aspidis
2423 4629 2598 4683 surda
2635 4639 2686 4684 et
2721 4629 3018 4683 obturantis
3049 4647 3202 4684 aures
3231 4646 3377 4684 suas.

1811 4718 1929 4776 Non
1963 4721 2144 4787 modo,
2183 4720 2376 4790 inquit,
2407 4721 2641 4791 serpenti
2670 4721 2971 4790 comparari
3003 4731 3253 4792 possunt,
3283 4721 3380 4777 sed

1810 4815 1974 4868 etiam
2000 4814 2197 4884 aspidi,
2220 4827 2486 4867 venenum
2519 4813 2571 4866 in
2597 4813 2851 4868 dentibus
2876 4813 3115 4880 babenti,
3139 4829 3261 4883 quae
3281 4829 3382 4867 no-

1809 4903 1874 4958 lit
1901 4905 2087 4959 audire
2110 4905 2473 4960 incantatores
2502 4912 2562 4958 ut
2583 4903 2823 4959 furorem
2847 4906 3017 4961 sedet.
3050 4905 3174 4961 Haec
3198 4916 3382 4961 autem

1813 4993 1933 5050 ideo
1971 4993 2123 5060 dicit,
2161 4994 2287 5063 quia
2333 4995 2410 5048 illi
2454 4993 2608 5064 juxta
2649 4992 2805 5051 Isaiae
2843 5011 3028 5051 vocem
3058 5012 3219 5052 aures
3253 5012 3384 5052 suas

1813 5095 2173 5155 aggravarunt
2203 5094 2260 5140 ut
2285 5100 2392 5139 non
2420 5088 2670 5141 audirent
2699 5101 2980 5143 sermones
3011 5087 3246 5144 Domini.

130 5174 317 5228 Ταῦτα
349 5174 406 5227 δέ
443 5193 622 5244 φησιν,
654 5177 838 5249 ἐπειδὴ
864 5179 956 5232 καί
982 5179 1134 5231 αὐτοὶ
1172 5180 1312 5233 κατὰ
1349 5179 1448 5249 τὴν
1484 5178 1705 5231 Ἡσαΐου
1743 5177 1924 5249 φωνὴν
1958 5178 2227 5251 ὲόάρυναν
2255 5179 2324 5232 τὰ
2351 5173 2485 5242 ὦτα,
2535 5178 2630 5233 τοῦ
2682 5178 2756 5250 μὴ
2803 5178 3032 5234 ἀκοῦσαι
3071 5182 3196 5245 τοὺς
3234 5179 3384 5252 παρά

130 5269 226 5322 τοῦ
258 5271 339 5323 Κυ
347 5273 464 5342 ρίου
496 5270 706 5339 λόγους.

217 5365 270 5416 '0
301 5365 445 5432 Θεὸς
477 5369 792 5437 συντρίψει
826 5370 968 5436 τοὺς
1012 5370 1263 5436 ὀδόντας
1302 5372 1500 5424 αὐτῶν
1527 5369 1600 5422 ἐν
1629 5365 1710 5433 τῷ

135 5456 381 5524 στόματι
414 5455 630 5513 αὐτῶν.
650 5459 895 5523 Ὁδόντας
921 5464 977 5514 ὲν
1004 5460 1176 5531 τούτῳ
1211 5461 1310 5524 τὰς
1349 5459 1710 5530 συκοφαντίας

135 5547 203 5612 ἃς
237 5549 556 5619 πεποίηνται
602 5551 744 5605 κατά
788 5550 884 5604 τοῦ
930 5553 1132 5625 Κυρίου
1168 5554 1321 5625 φησὶ,
1355 5554 1449 5606 καὶ
1481 5552 1712 5623 μάλιστα

135 5639 235 5699 τὰς
277 5641 369 5694 ἐπὶ
406 5641 504 5708 τῆς
528 5641 873 5706 ἀναστάσεως
893 5659 905 5671 ·
934 5642 969 5710 ἢ
994 5642 1208 5701 ὀδόντας
1232 5643 1328 5713 τὴν
1359 5641 1586 5712 δύναμίν
1612 5658 1714 5710 φη..

209 5777 256 5811 ⁸⁸
288 5777 445 5836 Rom.
485 5796 605 5850 vm,
632 5781 722 5838 2t.

1888 5365 1962 5419 7-
1982 5364 2035 5418 9.
2072 5363 2212 5417 Deus
2235 5372 2462 5417 conteret
2495 5362 2673 5417 dentes
2717 5378 2895 5416 eorum
2932 5363 2985 5416 in
3010 5379 3096 5417 ore
3126 5367 3380 5433 ipsorum.

1814 5455 2008 5510 Dentes
2033 5455 2120 5509 hic
2149 5464 2307 5509 vocat
2333 5454 2721 5525 syc0phantias
2756 5468 2892 5522 quas
2921 5453 3183 5509 adversus
3211 5454 3371 5508 Domi

1813 5562 1944 5601 num
1984 5555 2323 5610 struxerunt,
2368 5545 2601 5600 maxime
2635 5553 2814 5599 autem
2855 5561 2949 5601 eas
2984 5563 3104 5615 qua:
3135 5561 3377 5601 resurre-

1811 5642 2049 5698 ctionem
2092 5646 2434 5710 spectarent,
2465 5651 2559 5696 aut
2610 5639 2800 5696 dentes
2836 5639 3090 5696 virtutem
3127 5638 3383 5711 appellat,

801 5784 920 5817 ”-"
950 5788 1107 5839 toan.
1145 5801 1226 5850 Ill,
1252 5785 1306 5840 2.
1385 5786 1429 5821 ⁸⁸
1459 5783 1648 5840 Matth.
1681 5800 1819 5851 xm,
1856 5784 1960 5848 l6.
2013 5785 2077 5856 _"
2099 5782 2252 5840 Joan.
2285 5801 2364 5850 ιιι,
2399 5784 2453 5850 2,
