4034 6480
1439 453 1496 507 S.
1536 450 1904 507 ATHANASII
1941 449 2092 505 OPP.
2131 447 2310 503 PARS
2350 447 2434 501 ΙΙΙ.
2475 475 2545 488 --
2583 447 2991 506 EXEGETICA.

613 563 738 631 quia
778 564 991 618 leonum
1029 566 1110 618 vis
1140 565 1193 617 in
1222 563 1471 619 dentibus
1494 573 1598 620 est.
1631 564 1711 617 Ad
1755 564 1978 617 nihilum
2022 566 2197 620 darer

2270 575 2376 621 σιν,
2399 560 2582 628 ἐπειδὴ
2626 560 2733 612 τῶν
2779 560 3004 614 λεόντων
3047 561 3105 612 ὲν
3145 562 3258 624 τοῖς
3281 559 3488 614 ὀδοῦσιν
3516 562 3550 632 ἡ
3578 560 3823 632 δύναμις·

614 657 755 706 nient
781 665 1026 723 tanquam
1065 672 1202 725 aqua
1305 655 1601 710 decurrens.
1654 655 2055 723 Despicabiles,
2087 655 2170 708 in-

613 744 749 813 quit,
799 754 974 808 erunt,
1012 746 1233 813 perinde
1276 755 1437 815 atque
1463 746 1632 799 elliisa
1671 761 1808 815 aqua
1839 759 2171 815 prorsusque

614 833 837 892 inntiits.
901 835 1139 892 Intendet
1187 855 1368 892 arcum
1421 855 1571 891 suum
1614 839 1774 892 donec
1817 839 2167 908 inﬁrmentur.

613 926 810 980 Arcum
844 928 930 983 hic
963 940 1114 984 vocat
1145 930 1463 986 sententiam
1496 945 1659 999 quam
1696 932 1750 984 iu
1779 932 1964 985 divino
2001 932 2172 985 tribu-

613 1019 718 1070 nali
745 1019 950 1075 laturus
969 1031 1069 1076 est.
1100 1022 1229 1076 lllud
1259 1033 1456 1084 autem,
1475 1022 1652 1081 donec,
1689 1039 1804 1092 pro,
1825 1034 1896 1085 et.
1923 1024 2084 1090 jacet,
2114 1031 2173 1077 ut

612 1114 877 1165 sententia
915 1114 1005 1176 sit,
1034 1124 1082 1168 et
1103 1114 1534 1183 inﬁrmabuntur.
1569 1113 1921 1184 Supercecidit
1957 1116 2088 1184 ignis
2123 1125 2171 1170 et

613 1216 713 1253 non
727 1204 960 1256 viderunt
979 1206 1158 1259 solem.
1181 1206 1387 1275 lnjecti,
1408 1207 1601 1274 inquit,
1620 1208 1671 1259 iu
1695 1208 1870 1277 ignem
1887 1217 2168 1271 aeternum,

612 1291 777 1344 Solem
809 1294 1029 1362 jus-tiliae
1056 1313 1159 1349 non
1184 1298 1450 1351 viderunt.
1474 1297 1662 1351 Simile
1683 1308 1861 1351 autem
1895 1306 1979 1352 est
2006 1299 2167 1354 illud:

615 1375 855 1433 Tollatur
875 1385 1085 1454 impius,
1107 1396 1161 1439 ut
1193 1403 1294 1440 non
1317 1387 1486 1441 videat
1517 1387 1740 1457 gloriam
1764 1388 1976 1442 Domini
1995 1390 2059 1443 ⁸⁷.

686 1649 771 1703 10.
816 1649 1138 1721 Priusquam
1179 1654 1520 1723 intelligerent
1581 1657 1745 1725 spinae
1788 1669 1970 1710 vestra
1992 1656 2170 1710 rham-

2283 650 2888 717 Ἐξουδενωθήσονται
2926 652 3069 706 ὡσεὶ
3112 651 3269 721 ὕδωρ
3310 653 3824 722 διαπορευόμενον.

2269 741 2759 813 Εὑκαταφρόνητοι,
2798 742 2977 813 φησιν,
3009 742 3216 796 ἔσονται
3247 743 3396 796 ὕδατι
3436 744 3829 814 παραπλησίως

2269 833 2643 903 ὲσκεδασμένῳ
2693 835 2785 887 καὶ
2830 833 3104 897 παντελῶς
3152 835 3422 904 ἀχρήστῳ.
3455 834 3710 889 Ἐντενεῐ
3759 834 3829 886 τὸ

2268 923 2445 987 τόξον
2473 924 2654 976 αὐτοῦ
2696 924 2806 990 ἕως
2847 921 2917 979 οὗ
2960 924 3358 989 ἀσθενήσωσι.
3395 924 3555 989 Τόξον
3600 927 3656 976 ἐν
3708 924 3830 976 τού-

2268 1029 2380 1075 τοις
2410 1013 2505 1084 τὴν
2536 1013 2806 1081 ἀπόφασιν
2836 1014 2932 1086 τὴν
2967 1016 3022 1066 ὲν
3047 1014 3124 1084 τῷ
3149 1012 3506 1083 θείῳᾚήματι
3539 1012 3832 1084 γενησομέ-

2269 1122 2366 1176 νην
2396 1105 2544 1176 φησί.
2576 1087 2656 1158 ’Τὸ
2685 1106 2762 1168 δὲ,
2788 1106 2897 1172 ἕως
2932 1103 3025 1171 οὗ,
3059 1106 3180 1160 ἀντὶ
3213 1106 3325 1171 τοῦ,
3353 1107 3470 1167 καί,
3499 1110 3669 1159 κεῖται
3695 1123 3709 1137 ο
3742 1107 3831 1159 ἵνα

2269 1190 2324 1267 ᾗ,
2359 1197 2454 1249 καὶ
2480 1196 3178 1261 ἀσθενήσουσιν.Ἐπεσε
3221 1198 3286 1249 τὸ
3335 1197 3451 1265 πῦρ
3475 1196 3564 1249 ἐπ’
3585 1197 3828 1262 αὐτοὺς.

2270 1287 2370 1340 καί
2409 1289 2519 1340 οὐκ
2561 1284 2721 1341 εἶδον
2757 1287 2860 1340 τὸν
2890 1287 3500 1358 ἣλιον.Ἐμ6ληθέντες,
3535 1289 3714 1358 φησιν,
3749 1289 3830 1351 εἰς

2270 1378 2328 1430 τὸ
2371 1378 2480 1449 πῦρ
2527 1379 2588 1432 τὸ
2633 1378 2865 1441 αἰώνιον,
2897 1381 2993 1450 τῆς
3023 1379 3365 1450 δικαιοσύνης
3407 1381 3498 1434 τὸν
3540 1381 3691 1451 ἥλιον
3727 1379 3828 1431 οὐκ

2272 1469 2802 1541 ἐθεάσαντο.”ομοιον
2825 1471 2881 1524 δὲ
2907 1472 2966 1524 τό
2984 1489 2997 1502 ο
3028 1471 3272 1540 Ἁρθήτω
3294 1475 3326 1526 ό
3346 1472 3588 1540 ἀσεόὴς,
3618 1473 3718 1526 ἵνα
3739 1472 3828 1543 μὴ

2273 1558 2370 1627 ιδῃ
2403 1559 2515 1628 τὴν
2545 1560 2732 1625 δόξαν
2758 1562 2995 1629 Κυρίου.

2340 1649 2458 1717 Πρὸ
2505 1650 2610 1703 τοῦ
2639 1651 2910 1705 συνιέναι
2944 1652 3051 1717 τὰς
3083 1651 3345 1720 ἀκάνθας
3381 1653 3544 1723 ὑμῶν
3576 1654 3689 1722 τὴν
3718 1655 3831 1722 ῥά-

612 1755 754 1794 num.
797 1740 1078 1797 Rhamnus
1109 1753 1191 1798 est
1238 1747 1458 1813 spinosa
1505 1748 1688 1810 arbor,
1720 1746 1961 1815 loquitur
1984 1755 2166 1800 autem

2270 1756 2438 1808 μνον.
2481 1738 2710 1811 Ῥάμνος
2743 1742 3048 1806 ἀκανθῶδες
3079 1743 3262 1812 φυτόν.
3291 1744 3449 1812 Λέγει
3468 1745 3522 1797 δὲ
3545 1744 3633 1798 τὸν
3661 1744 3832 1799 ἀκάν-

610 1830 676 1883 de
702 1833 882 1899 spinea
910 1848 1134 1889 corona.
1174 1834 1519 1904 Priusquam,
1549 1837 1644 1897 ait,
1677 1847 1977 1905 augeantur
2005 1839 2171 1907 spina:

2272 1830 2411 1884 θινον
2459 1833 2736 1901 στέφανον.
2771 1834 2926 1904 Πρὶν,
2962 1836 3142 1907 φησιν,
3179 1837 3404 1908 αὐξῆσαι
3449 1837 3546 1900 τὰς
3594 1837 3833 1901 ἀκάνθας

611 1932 817 1983 vestrae.
853 1924 902 1976 itl
948 1933 1030 1978 cst
1067 1932 1286 1992 peccatu
1317 1935 1517 1987 vestra,
1542 1937 1597 1980 et
1634 1927 1897 1982 rhamnus
1937 1928 2086 1994 ﬁant,
2115 1929 2166 1982 id

2270 1923 2440 1993 ὑμῶν,
2473 1924 2715 1977 τουτέστι
2752 1925 2848 1988 τάς
2880 1927 3173 1997 ἁμαρτίας,
3202 1929 3294 1981 καὶ
3321 1929 3572 1996 γενέσθαι
3605 1930 3830 1999 ῥάμνον,

608 2023 692 2069 est
730 2015 1070 2070 elllorescant
1107 2025 1160 2070 et
1192 2016 1426 2072 fructum
1471 2017 1679 2083 lerant,
1709 2019 1922 2075 invadet
1959 2035 2056 2076 vos
2090 2021 2170 2076 ira

607 2107 811 2160 divina.

683 2199 770 2262 l1,
798 2198 878 2252 l2.
896 2196 1188 2253 Ltetabitur
1203 2199 1382 2270 justus
1403 2217 1519 2253 cum
1542 2202 1726 2256 viderit
1749 2204 2050 2257 vindictam.
2076 2202 2172 2257 Ju-

608 2290 699 2354 sti,
728 2291 922 2361 inquit,
941 2306 1064 2346 cum
1087 2293 1310 2346 emedio
1334 2293 1573 2347 sublatos
1592 2293 1864 2363 improbos
1894 2294 2170 2350 daemonas

609 2390 855 2450 tempore
880 2382 1012 2451 justi
1039 2383 1232 2452 judicii
1261 2384 1615 2452 conspicient,
1635 2386 1701 2439 de
1725 2385 1874 2454 justo
1910 2386 2000 2440 Dei
2021 2386 2171 2455 judi-

606 2471 692 2523 cio
741 2473 1071 2538 gaudebunt.
1127 2473 1266 2540 Quia
1312 2476 1517 2530 scilicet
1556 2474 1760 2528 innoxii
1788 2474 1983 2543 reperti
2022 2484 2168 2537 sunt,

606 2569 767 2627 atque
791 2561 945 2616 liberi
975 2579 1006 2617 a
1039 2566 1303 2634 supplicio
1331 2581 1428 2634 pro
1467 2576 1641 2620 morte
1694 2564 2002 2633 inlligendo.
2037 2564 2172 2620 Illud

605 2656 774 2720 enim,
800 2656 1018 2720 levabit,
1037 2657 1102 2710 de
1125 2658 1412 2712 innocente
1432 2658 1825 2727 accipiendum,
1843 2657 1997 2726 juxta
2017 2657 2170 2722 illud.

609 2743 816 2798 Lavubo
856 2747 993 2799 inter
1043 2749 1338 2802 innocentes
1381 2765 1567 2801 manus
1619 2749 1851 2816 meas".,
1878 2747 2065 2818 Utique
2094 2757 2172 2803 est

608 2834 747 2889 Deus
784 2837 1034 2906 judicans
1071 2857 1157 2893 eos
1189 2840 1243 2893 in
1268 2852 1427 2894 terra.
1459 2838 1593 2895 Illud
1639 2842 1816 2910 utique
1857 2855 1954 2910 pro
1995 2857 2174 2894 resera

607 2930 844 2995 positum
869 2942 970 2986 est.
1005 2932 1205 3001 Utique
1234 2941 1317 2988 est
1345 2933 1486 2988 Deus
1522 2933 1778 3002 judicans
1823 2946 1936 2986 eos.
1983 2930 2166 2985 Conll-

607 3025 811 3087 tentur,
845 3035 972 3076 vere
995 3020 1205 3089 justum
1237 3037 1359 3077 esse
1376 3021 1642 3092 judicium
1665 3021 1761 3076 Dei
1783 3020 1841 3076 in
1861 3035 1957 3076 eos
1979 3020 2168 3076 latum.

2271 2015 2388 2066 ἀντὶ
2418 2014 2510 2068 τοῦ
2550 2015 2837 2086 ὲξανθῆσαι
2867 2018 2960 2071 καὶ
2987 2023 3422 2092 καρποᾷορῆσαι,
3451 2021 3833 2092 μετελεύσεται

2272 2106 2412 2175 ὑμᾶς
2449 2107 2481 2177 ἡ
2516 2105 2632 2159 θεία
2666 2107 2823 2178 ὀργή.

2338 2199 2828 2268 Εὐρρανθήσεται
2875 2199 3123 2267 δίκαιος,
3173 2200 3315 2254 ὅταν
3357 2201 3453 2271 ῑδῃ
3500 2202 3832 2270 ἐκδίκησιν.

2271 2289 2332 2342 οξ
2363 2290 2580 2354 δίκαιοι,
2617 2292 2799 2363 φησιν,
2834 2295 2897 2344 ὲκ
2927 2293 3089 2362 μέσου
3116 2293 3464 2362 γιγνομένους
3491 2295 3614 2358 τοὺς
3642 2294 3834 2365 ἀλιτη-

2274 2381 2417 2450 ρίους
2445 2379 2701 2452 θεώμενοι
2732 2382 2984 2451 δαίμονας
3022 2384 3158 2435 κατὰ
3197 2383 3286 2436 τὸν
3319 2383 3415 2452 τῆς
3442 2382 3834 2454 δικαιοκρισίας

2271 2472 2478 2543 καιρὸν,
2509 2473 2600 2524 ἐπὶ
2643 2472 2718 2541 τῷ
2757 2472 2946 2543 δικαίῳ
2990 2473 3215 2543 κρίματι
3244 2473 3337 2528 τοῦ
3363 2474 3496 2528 Θεοῦ
3527 2475 3835 2546 εὐφρανθή-

2273 2579 2482 2616 σονται·
2521 2563 2614 2616 άτε
2656 2563 2719 2633 δὴ
2766 2563 2932 2617 ἁθῶοι
2980 2565 3131 2617 αὐτοὶ
3175 2564 3483 2636 εὐρεθέντες
3513 2567 3610 2636 τῆς
3638 2566 3730 2620 ἐπὶ
3754 2565 3835 2636 τῷ

2272 2651 2483 2724 θανάτῳ
2525 2653 2813 2717 κολάσεως.
2845 2655 2918 2708 Τὸ
2942 2655 3072 2726 γὰρ,
3099 2656 3357 2724 νίφεται,
3389 2657 3480 2710 ἐπὶ
3521 2655 3616 2709 τοῦ
3657 2656 3833 2709 άθὼου

2270 2743 2497 2815 ληπτέον
2529 2743 2666 2796 κατὰ
2697 2744 2785 2796 τόο
2815 2746 3072 2813 Νίψομαι
3121 2746 3190 2799 ἐν
3235 2746 3447 2811 ἀθώοις
3481 2747 3589 2812 τὰς
3632 2745 3838 2815 χεᾷιὰς

2264 2851 2399 2902 μου.
2413 2836 2548 2902 Ἄρα
2588 2835 2759 2888 ἐστίν
2790 2838 2822 2888 ὀ
2852 2836 2994 2902 Θεὸς
3033 2836 3248 2903 κρίνων
3274 2836 3493 2902 αὐτοὺς
3521 2836 3591 2889 ἐν
3620 2835 3695 2904 τῇ
3734 2834 3832 2904 γῇ.

2271 2921 2363 2986 Τὸ,
2386 2921 2517 2990 ἄρα.
2546 2925 2666 2977 ἀντὶ
2690 2923 2806 2989 τοῦ,
2827 2924 3034 2991 ὄντως,
3058 2925 3462 2997 τέθειται.”Αρα
3484 2927 3628 2980 ἐστὶν
3651 2929 3680 2981 ό
3702 2926 3840 2992 Θεὸς

2271 3013 2469 3084 κρίνων
2516 3015 2728 3081 αὐτούς.
2757 3015 3125 3086 Ὀμολογοῦσι,
3173 3018 3354 3088 φησιν,
3404 3017 3572 3080 ὅντως
3620 3016 3837 3071 δικαίαν

2272 3105 2534 3177 ὑπάρχειν
2588 3107 2685 3179 τὴν
2734 3110 2820 3161 ἐπ’
2849 3108 3027 3161 αὐτῶν
3090 3107 3454 3178 ὲξενεχθεῐσαν
3501 3108 3683 3178 κρίσιν
3736 3107 3836 3162 τοῦ

2271 3195 2426 3250 Θεοῦ.

610 3290 660 3341 1.
695 3287 760 3342 In
799 3289 977 3359 ﬁnem,
1017 3307 1079 3346 ne
1123 3292 1419 3361 disperdas.
1449 3291 1663 3361 Davidi,
1693 3297 1749 3351 in
1788 3300 1932 3355 tituli
1984 3302 2197 3358 inscrit

2275 3285 2380 3353 Εἰς
2417 3287 2484 3340 τό
2511 3288 2701 3355 τέλος,
2734 3289 2818 3359 μὴ
2850 3289 3209 3358 διαφθείρῃς,
3236 3287 3316 3354 τῷ
3338 3287 3536 3352 Δαυτδ,
3563 3291 3648 3355 είς
3688 3303 3837 3356 στη-

674 3382 922 3449 ptionem,
943 3381 1153 3452 quando
1177 3384 1320 3437 misit
1370 3383 1525 3450 Saul,
1556 3394 1606 3438 et
1644 3393 1924 3446 custodiuit
1967 3394 2178 3450 domum

669 3470 805 3538 ejus;
829 3479 887 3525 ut
913 3489 1031 3526 eum
1054 3473 1383 3540 interﬁceret.

1127 3553 1466 3613 PSALMUS
1499 3559 1722 3618 LVIII.

1199 3650 1601 3718 Argumentum.

607 3728 799 3787 Livore
825 3733 878 3787 in
912 3733 1165 3790 Davidem
1198 3735 1396 3794 ductus
1439 3738 1590 3805 Saul,
1633 3743 1848 3799 etiamsi
1891 3744 2165 3801 henellcus

681 3823 784 3878 sibi
826 3835 960 3888 erat,
986 3829 1263 3897 qlmrebat
1299 3830 1601 3888 interﬁcere
1626 3849 1772 3898 eum,
1805 3836 1964 3890 modo
1991 3836 2176 3906 eiacu-

680 3914 801 3970 lans
827 3916 879 3969 in
902 3933 1025 3972 eum
1059 3920 1267 3975 hastam
1292 3923 1357 3988 ”,
1376 3924 1537 3977 modo
1558 3925 1816 3981 obsidens
1845 3929 1899 3981 in
1927 3927 2170 3982 domo“.

682 4003 936 4060 Refertur
967 4018 1148 4064 autem
1178 4012 1243 4065 ad
1281 4027 1568 4080 personam
1601 4015 1934 4084 Salvator-is,
1963 4021 2054 4088 qui
2087 4019 2172 4073 in-

677 4103 890 4162 gratum
914 4094 1166 4150 lsraelem
1190 4099 1465 4154 beneﬂciis
1486 4100 1684 4168 all'ecit,
1707 4104 1864 4171 cujus
1886 4120 2174 4174 persona

679 4183 887 4240 ferebat
933 4184 1084 4252 Saul,
1126 4187 1338 4243 insidiis
1386 4197 1565 4244 autem
1619 4192 1739 4261 ejus
1771 4197 2044 4264 appetitus
2068 4210 2170 4253 est.

679 4275 1012 4331 Pramuntiat
1031 4293 1248 4348 quoque
1273 4279 1517 4333 omnium
1541 4283 1783 4350 gentium
1808 4287 2170 4354 vocationem,

674 4368 846 4436 ejeeto
869 4371 1115 4424 videlicet
1137 4373 1208 4424 ob
1236 4370 1564 4439 impietatem
1595 4371 1815 4442 lsraele,
1841 4377 1910 4430 ab
1933 4392 2000 4432 eo
2025 4381 2171 4449 quod

677 4458 974 4511 secundum
999 4457 1167 4511 Deum
1192 4467 1274 4511 est
1301 4459 1425 4515 vita
1452 4460 1717 4515 instituto.

675 4546 730 4600 2.
769 4546 927 4618 Eripe
970 4565 1050 4602 me
1089 4549 1152 4602 de
1188 4549 1418 4604 inimicis
1454 4553 1600 4619 meis,
1632 4552 1768 4606 Deus
1804 4571 1964 4609 meus.
1998 4555 2172 4625 Rogat

614 4640 682 4692 ali
705 4640 942 4695 inimicis
961 4656 1085 4696 cum
1111 4641 1464 4696 sensibilibus
1485 4652 1596 4697 tum
1619 4643 1992 4712 spiritualibus
2013 4646 2168 4716 eripi.

606 4729 699 4786 lsti
726 4732 871 4784 enim
903 4733 1088 4802 iniqua
1117 4741 1342 4802 agentes
1370 4733 1683 4789 invidebant
1707 4735 1826 4804 ipsi.

676 4919 731 4974 5.
769 4916 948 4989 Neque
985 4915 1239 4989 iniquitas
1280 4936 1420 4984 mea,
1461 4936 1621 4990 neque
1665 4929 1933 4990 peccatum
1974 4938 2166 4988 meum,

608 5011 850 5066 Domine.
879 5008 1066 5065 Simile
1097 5012 1172 5064 illi
1199 5021 1321 5067 est:
1356 5012 1495 5078 Quia
1531 5013 1866 5082 iniquitatem
1893 5029 1992 5068 non
2018 5014 2164 5082 fecit,

608 5120 768 5173 neque
796 5105 1032 5158 inventus
1062 5113 1138 5158 est
1164 5104 1317 5158 dolus
1348 5107 1406 5158 in
1432 5122 1519 5159 ore
1543 5105 1654 5176 ejus
1677 5108 1744 5163 ".

683 5196 737 5250 6.
764 5196 981 5250 Intende
1010 5197 1078 5250 ad
1105 5197 1394 5252 oisitandas
1421 5214 1592 5251 omnes
1625 5207 1817 5268 gentes.
1841 5197 2017 5270 Rogat
2041 5215 2167 5255 con-

608 5288 742 5343 verti
775 5289 840 5342 ad
870 5287 1075 5342 Christi
1119 5289 1275 5343 [idem
1317 5289 1647 5354 idololatras,
1675 5303 1730 5344 et
1759 5291 1880 5360 ejici
1911 5291 2162 5349 lsraelem

609 5380 682 5433 ob
725 5380 1068 5447 iniquitatem
1111 5395 1289 5434 suam.
1331 5377 1412 5431 Ne
1452 5382 1746 5434 miserearis
1790 5384 2028 5438 omnibus
2075 5385 2163 5453 qui

607 5480 890 5536 operantur
946 5467 1294 5536 iniquitatem.
1343 5466 1716 5524 Converteutnr
1757 5473 1824 5522 art
1877 5487 2158 5542 vesperam.

607 5558 843 5612 Causam
873 5560 1004 5614 dicit
1035 5574 1134 5611 cur
1166 5570 1414 5627 precetur
1443 5568 1500 5612 ut
1527 5576 1631 5615 non
1680 5561 2038 5616 misereantur
2063 5563 2161 5620 eis.

607 5647 788 5705 Causa
815 5663 943 5703 vero
970 5658 1054 5704 est
1083 5650 1211 5719 quia
1249 5651 1708 5718 conspirationem
1746 5653 2008 5707 adversus
2042 5653 2163 5708 Sal-

2350 3382 2698 3450 λοπραφίαν,
2740 3383 2917 3435 ὁπότε
2957 3381 3272 3436 ἀπέστειλε
3312 3380 3530 3440 Σαοὺλ.
3556 3380 3652 3434 καὶ
3689 3380 3837 3451 ἐγύ-

2346 3471 2493 3536 λαξε
2536 3471 2642 3525 τὸν
2671 3467 2838 3527 οἴκον
2875 3474 3079 3536 αὐτοῦ,
3120 3473 3226 3526 τοῦ
3260 3470 3594 3527 θανατῶσαι
3627 3471 3838 3525 αὐτόν.

2847 3565 3058 3616 ΨΑΛΜ
3063 3565 3152 3614 ΟΣ
3176 3563 3313 3615 NH’.

2896 3650 3219 3716 ’Υπόθεσις.

2274 3739 2644 3812 Διαφθονήσας
2675 3758 2750 3812 τῳ
2779 3740 2936 3796 Δαυῒδ
2959 3744 2987 3796 ό
3011 3741 3202 3806 Σαοὺλ,
3235 3741 3407 3796 καίτοι
3432 3741 3729 3817 εὐεργέτην
3749 3742 3840 3798 ὕν-

2345 3851 2432 3900 τα,
2449 3835 2627 3908 ιζήτιι
2652 3835 2988 3899 ἀποκτεῖναι,
3024 3834 3150 3888 ποτὲ
3182 3835 3279 3906 μὲν
3306 3834 3599 3898 ἀκοντίζων
3622 3835 3684 3888 τὸ
3708 3835 3839 3906 δόρυ

2345 3931 2466 3984 κατ’
2492 3928 2678 3994 αὑτοῦ,
2708 3930 2837 3982 ποτὶ
2858 3927 2916 3981 δὲ
2940 3929 2998 3981 ὲν
3017 3925 3094 3995 τῷ
3117 3927 3248 3996 οἴκῳ
3270 3924 3633 3995 ἔκπολιορκῶν
3649 3925 3836 3980 αὐτόν.

2359 4019 2706 4090 Ἀναφέρεται
2749 4019 2809 4072 δὲ
2854 4020 2934 4081 είς
2982 4016 3268 4088 πρόσωπον
3310 4013 3402 4068 τοῦ
3437 4014 3706 4087 Σωτῆρος,
3741 4014 3838 4068 τοῦ

2343 4108 2752 4181 εὐεργετοῦντος
2789 4109 2884 4179 μὶν
2923 4108 3013 4161 τὸν
3040 4108 3330 4179 ἀχάριστον
3371 4105 3601 4178 Ἰσραὴλ,
3635 4099 3695 4160 οὗ
3743 4106 3840 4160 καὶ

2343 4202 2631 4274 πρόσωπον
2653 4197 2798 4273 εἶχεν
2824 4203 2853 4253 ό
2878 4200 3068 4263 Σαοὺλ,
3103 4198 3579 4269 ἐπιϐουλευομένου
3611 4197 3668 4250 δὲ
3701 4197 3836 4269 παρ’

2346 4293 2526 4348 αὐτοῦ.
2557 4293 2973 4361 Εὐαγγελίςεται
3003 4291 3061 4344 δὲ
3093 4289 3184 4343 καὶ
3214 4289 3310 4358 τὴν
3336 4288 3444 4340 τῶν
3476 4287 3646 4339 ἐθνῶν
3671 4285 3840 4340 ἁπάν-

2342 4401 2448 4437 των
2478 4382 2688 4452 κλῆσιν,
2721 4379 3114 4450 ὲκῦαλλομένου
3143 4377 3378 4446 δηλονότι
3405 4376 3490 4429 διὰ
3515 4375 3612 4446 τὴν
3640 4374 3835 4428 δυσσέ-

2341 4473 2491 4527 ϐειαν
2514 4475 2610 4544 τῆς
2643 4472 2784 4527 κατὰ
2807 4471 2939 4526 Θεὸν
2972 4470 3241 4532 πολιτείας
3262 4468 3354 4520 τοῦ
3383 4467 3620 4537 Ἰσραήλ.

2355 4562 2593 4626 Ἐξέλου
2618 4579 2695 4632 με
2721 4563 2790 4616 ἐκ
2823 4561 2938 4614 τῶν
2959 4557 3185 4630 ἐχθρῶν
3215 4574 3352 4627 μου,
3383 4559 3414 4610 d
3457 4557 3621 4621 Θεός.
3662 4553 3836 4625 Εὔχε-

2274 4669 2362 4707 ται
2390 4652 2661 4724 αἰσθητῶν
2705 4669 2765 4705 τε
2805 4653 2899 4704 καὶ
2949 4649 3151 4720 νοητῶν
3200 4636 3573 4716 ἀπαλλαγῆναι
3601 4643 3835 4716 ἐχθρῶν.

2273 4737 2431 4797 Οὗτοι
2473 4744 2581 4814 γὰρ
2608 4743 2671 4814 δὴ
2711 4743 2886 4813 ἄνομα
2919 4739 3278 4812 πραττόμενοι
3307 4737 3559 4808 ἐφθόνουν
3593 4737 3714 4789 κατ’
3741 4733 3838 4788 αὑ-

2269 4852 2385 4892 του.

2344 4927 2490 4981 οὔτε
2511 4927 2548 4993 ἡ
2565 4926 2779 4993 ἀνομία
2800 4941 2940 4994 μου,
2964 4923 3101 4978 οὔτε
3127 4923 3165 4990 ἡ
3193 4921 3441 4991 ἁμαρτία
3467 4937 3608 4988 μου,
3635 4923 3834 4990 Κύριε.

2271 5014 2493 5084 Ὅμοιον
2508 5012 2586 5084 τῷ
2609 5031 2621 5043 ο
2644 5014 2761 5065 ’Ὁτι
2786 5013 3041 5083 ἀνομίαν
3058 5013 3168 5066 οὐκ
3183 5011 3486 5076 ἐποίησεν,
3507 5008 3651 5063 οὐδὲ
3677 5011 3833 5079 εὐρέι

2271 5105 2343 5170 θη
2381 5101 2559 5169 δόλος
2586 5104 2655 5156 ὲν
2680 5101 2760 5167 τῷ
2788 5104 3036 5170 στόματι
3066 5101 3268 5155 αὐτοῦ.

2274 5229 2276 5233 -
2341 5194 2610 5263 Πρόσχες
2663 5193 2766 5246 τοῦ
2815 5192 3253 5259 ἐπισκέψασθαι
3299 5190 3494 5246 πάντα
3543 5193 3613 5245 τὰ
3663 5191 3830 5258 ἔθνη.

2269 5284 2497 5355 Εὕχεται
2547 5284 2880 5355 ἐπιστροφὴν
2924 5283 3173 5353 γενέσθαι
3218 5285 3308 5337 ἐπὶ
3355 5285 3453 5355 τὴν
3493 5287 3572 5348 είς
3598 5285 3832 5353 Χριστὸν

2269 5379 2448 5430 πίστιν
2466 5377 2571 5429 τῶν
2588 5376 2869 5430 εἰδωλολατ
2878 5376 3003 5445 ρῶν,
3027 5374 3293 5446 ἀποϐολὴν
3321 5376 3376 5430 δὲ
3400 5376 3490 5430 τοῦ
3507 5377 3724 5446 Ἰσραὴλ
3747 5376 3831 5430 διὰ

2267 5467 2364 5537 τὴν
2401 5468 2625 5537 ἀνομίαν
2663 5467 2861 5520 αὐτῶν.
2896 5466 2990 5534 Μὴ
3030 5466 3403 5536 οίκτειρήσῃς
3433 5465 3660 5533 πάντας
3692 5468 3831 5532 τοὺς

2263 5557 2684 5628 ἐργαζομένους
2728 5559 2842 5624 τὴν
2883 5560 3153 5627 ἀνομίαν.
3210 5555 3703 5628 Ἐπιστρέφουσιν
3743 5560 3829 5622 εις

2264 5649 2548 5718 ἑσπέραν.
2597 5650 2706 5721 Τὴν
2751 5649 2930 5703 αἰτίαν
2968 5652 3098 5721 φησὶ
3139 5651 3204 5704 δι’
3246 5646 3314 5723 ἦς
3363 5648 3438 5722 μὴ
3470 5646 3826 5719 οἰκτείρεσθαι

681 5829 727 5861 ⁸⁷
759 5826 865 5885 lsa.
898 5842 1047 5894 aut,
1074 5827 1140 5882 10
1170 5843 1277 5885 sec.
1299 5823 1457 5881 LXX.
1535 5827 1713 5885 “Psal
1764 5845 1888 5892 xxv,
1921 5830 1973 5885 6.
2051 5827 2197 5885 "lli

2273 5871 2288 5885 .
2314 5844 2430 5893 ιιι,
2462 5829 2550 5883 to.
2625 5829 2671 5861 ’⁸
2705 5829 2828 5884 ibid-
2866 5829 2948 5893 l5,
2981 5829 3064 5882 l6.
3138 5829 3180 5861 "
3212 5827 3229 5882 l
3259 5826 3403 5884 Petr.
3441 5843 3498 5893 ll,
3523 5826 3617 5886 29.
