4034 6436
201 397 309 453 265

1307 390 1667 449 EXPOSITIO
1705 390 1770 445 IN
1810 388 2137 445 PSALMUM
2183 388 2360 445 LVIII.

3330 394 3441 455 266

205 513 403 575 αὐτοὺς
427 510 647 582 ηὔξατο.
682 510 745 563 Ἠ
780 510 926 565 αἰτία
954 509 1033 570 δέ,
1063 510 1147 563 ὅτι
1180 509 1481 580 συστροφὴν
1509 504 1649 560 κατὰ
1677 504 1770 558 τοῦ

1894 513 2113 558 ratorcm
2139 502 2332 558 facturi
2357 510 2530 567 erant,
2554 518 2664 574 quo
2688 511 2929 575 tempore
2954 505 3041 559 illa
3066 505 3118 560 in
3144 507 3444 564 novissimo

206 604 457 669 Σωτῆρος
502 601 817 670 ποιήσονται
857 598 1001 653 κατὰ
1036 600 1127 654 τὸν
1170 600 1361 670 καιρὸν
1395 601 1619 661 ἐκεῖνον,
1656 598 1775 651 καθ’

205 694 265 746 ὃν
315 692 405 743 ἐπ’
455 692 684 762 ἐσχάτου
728 692 837 745 τῶν
864 691 1087 763 ἡμερῶν
1136 692 1447 762 ἐπεδήμησε
1480 690 1557 760 τῷ
1592 690 1779 759 κόσμῳ

211 784 350 853 μετὰ
384 784 603 854 σαρκός.
633 783 741 836 Καὶ
769 782 1137 851 λιμώξουσιν
1161 784 1241 849 ὡς
1267 783 1454 836 κύων·
1485 780 1780 851 λιμώξουσι

212 874 311 944 μὲν
354 872 444 926 διὰ
475 873 535 925 τὸ
583 873 656 943 μὴ
689 872 943 938 δέξασθαι
978 874 1173 936 αὐτοὺς
1204 873 1292 925 τὸν
1322 872 1484 943 ἄρτον
1528 872 1617 924 τὸν
1649 871 1782 935 {tuo-

209 965 366 1018 ποιόν
389 983 402 993 ·
432 963 599 1027 κύνας
637 963 694 1016 δὲ
721 964 919 1027 αὐτοὺς
945 964 1035 1017 διὰ
1079 964 1140 1017 τὸ
1178 963 1391 1026 ἀναιδὲς
1424 961 1780 1032 κατονομάζει

209 1056 307 1126 τῆς
328 1054 527 1125 ψυχῆς.
562 1053 635 1107 Τὸ
670 1054 726 1106 δέ
746 1069 760 1084 ·
790 1055 1188 1109 Κυκλὼσουσι
1219 1056 1420 1117 πόλιν,
1460 1054 1541 1107 ὅτι
1572 1053 1658 1124 δὴ,
1687 1054 1781 1106 ἐκ-

211 1145 471 1209 πεσόντες
514 1145 614 1215 τῆς
660 1145 917 1216 πατρίδος
947 1145 1133 1215 νόμοις
1175 1162 1235 1198 τε
1280 1144 1575 1214 βασιλικοῖς
1602 1144 1781 1215 εἰργό-

212 1251 366 1305 μενοι
419 1234 623 1303 αὐτῆς,
676 1232 873 1299 ἔξωθεν
926 1232 1109 1304 κύκλῳ
1165 1233 1577 1305 περιέρχονται,
1635 1233 1784 1303 μόλις

211 1325 487 1397 μακρόθεν
516 1326 676 1378 ποθὲν
707 1325 874 1397 αὐτὴν
903 1324 1187 1396 θεώμενοι.

293 1410 441 1465 Ἰδοὺ
472 1412 640 1465 αὐτοὶ
670 1412 1146 1483 ἀποφθέγξονται
1178 1413 1247 1466 ἐν·
1278 1412 1367 1479 .τῷ
1400 1414 1643 1482 στόματι
1676 1414 1774 1464 ai"-

208 1502 349 1555 τῶν.
390 1503 536 1556 Ἀντὶ
584 1502 700 1569 τοῦ,
736 1504 1209 1575 βλασφημήσουσι.
1259 1504 1369 1557 Καὶ
1407 1505 1671 1573 ῥομφαία
1717 1504 1786 1555 ὲν

208 1594 337 1658 τοῖς
367 1596 636 1662 χείλεσιν
667 1595 885 1649 αὐτῶν.
920 1596 1012 1648 Τό·
1047 1592 1207 1663 Alps,
1241 1591 1368 1663 αἶρε
1388 1634 1402 1658 ,
1433 1596 1785 1662 σταύρωσον

208 1687 419 1740 αὐτόν.
446 1688 553 1741 Kal
582 1686 685 1751 σὺ,
714 1689 911 1757 Κύριε,
948 1687 1249 1757 eat-[19.165011
1279 1690 1515 1754 αὐτούς.
1560 1686 1778 1741 Ἐϐλασ-

210 1779 462 1849 φήμουν,
497 1778 651 1849 φησι,
693 1779 784 1833 καὶ
820 1779 926 1849 μὴν
959 1779 1051 1832 καὶ
1094 1778 1254 1849 μέχρι
1290 1779 1523 1851 σταυροῦ
1557 1777 1785 1831 ἐπεϐού-

1881 596 2088 650 dierum
2122 597 2173 649 in
2211 596 2476 649 mundum
2507 610 2631 650 cum
2668 610 2834 651 carne
2882 596 3119 651 advenit.
3148 596 3219 651 Et
3250 598 3446 668 famem

1877 688 2145 754 patientur
2186 695 2245 738 ut
2275 687 2459 746 canis;
2490 684 2684 740 famem
2738 685 2957 755 quidem
2993 688 3266 756 patientur
3298 690 3445 759 quod

1878 792 2071 845 panem
2100 777 2373 830 viviticum
2423 792 2529 831 non
2576 777 2845 846 accepturi
2896 778 3037 843 sint,
3068 793 3230 834 canes
3263 788 3444 835 autem

1882 880 2037 924 vocat
2059 870 2179 924 illos
2199 871 2267 923 ob
2291 870 2681 939 impudentiam
2705 871 2890 925 animi.
2923 869 3054 925 Illud
3078 882 3256 926 autem
3280 888 3294 925 :
3324 871 3451 927 Cir-

1881 960 2097 1014 cuibunt
2119 962 2413 1023 civitatem,
2447 960 2575 1029 quia
2608 958 2817 1013 scilicet
2850 961 3023 1030 patria
3061 960 3219 1029 lapsi,
3252 969 3308 1015 et
3342 962 3449 1014 im-

1882 1052 2155 1120 peratorio
2181 1050 2399 1105 decreto
2452 1050 2572 1119 ejus
2622 1064 2849 1105 accessu
2890 1050 3144 1119 prohibiti
3186 1050 3325 1124 (Ἃ),
3354 1066 3451 1106 ex-

1884 1143 2152 1199 trinsecus
2198 1143 2561 1207 circumeunt,
2598 1141 2797 1211 vixque
2840 1144 3027 1211 procul
3066 1158 3186 1196 eam
3233 1144 3453 1212 conspi-

1884 1254 2006 1293 cere
2033 1248 2276 1308 possunt.

1964 1417 2016 1475 8.
2034 1418 2086 1471 9.
2118 1414 2251 1469 Ecce
2268 1418 2545 1485 loquentur
2578 1416 2633 1468 in
2661 1431 2749 1469 ore
2776 1431 2892 1469 suo.
2914 1412 3084 1480 Quasi
3113 1415 3278 1483 dicat,
3308 1414 3455 1469 blus-

1886 1508 2239 1580 phcmabuut.
2295 1506 2363 1561 Et
2407 1507 2699 1577 gladius-in
2732 1507 2887 1560 labiis
2914 1522 3112 1559 eorum.
3145 1505 3279 1561 Illud
3308 1507 3458 1563 scili-

1886 1609 1969 1655 cet
2000 1619 2013 1655 :
2042 1599 2209 1663 Tolle,
2247 1598 2389 1664 tolle,
2426 1600 2673 1668 cruciﬁge
2718 1615 2835 1651 eum
2884 1601 2951 1652 ”.
2986 1600 3051 1653 Et
3090 1611 3167 1660 tu,
3211 1598 3456 1661 Domine,

1888 1688 2148 1743 deridebis
2189 1705 2295 1742 eos.
2336 1688 2835 1757 Blaspliemabaut,
2871 1688 3070 1758 inquit,
3100 1699 3153 1743 et
3186 1702 3363 1757 usque
3391 1686 3459 1742 ad

1889 1797 2108 1837 crucem
2163 1780 2431 1846 parabant
2485 1779 2732 1841 insidias,
2780 1778 3041 1844 dicentes,
3084 1795 3188 1834 non
3236 1779 3459 1847 conspi-

209 1869 410 1923 λευσαν
453 1870 719 1938 λέγοντες,
763 1870 839 1933 ὼς
881 1870 979 1923 οὐκ
1005 1868 1191 1939 ὄψεται
1232 1873 1261 1924 ὁ
1286 1870 1417 1933 Θεὸς
1445 1871 1569 1933 τοὺς
1596 1868 1785 1937 λόγους

1894 1873 2074 1927 cienna
2123 1886 2153 1924 a
2184 1871 2293 1925 Deo
2346 1870 2463 1924 fore
2489 1870 2653 1923 verba
2708 1879 2761 1923 et
2809 1884 2973 1939 Opera
3022 1870 3285 1938 ipsorum.
3352 1868 3458 1924 Sed

209 1962 309 2013 καὶ
339 1960 439 2023 τὰς
474 1961 699 2033 πράξεις
741 1960 939 2015 αὐτῶν.
988 1962 1127 2015 Ἀλλ’
1162 1963 1211 2015 εί
1259 1963 1352 2014 καὶ
1380 1962 1549 2014 ταῦτα
1582 1961 1784 2029 διενοή-

209 2052 407 2125 θησαν,
440 2054 525 2117 σὺ,
558 2052 751 2122 Κύριε,
795 2054 949 2124 φησὶ,
986 2054 1421 2122 καταγελάστους
1451 2054 1646 2114 αὐτοὺς
1678 2070 1781 2107 πα-

213 2144 571 2217 ρασκευάσας
602 2144 941 2211 ἐγγενέσθαι.
978 2146 1205 2199 Ἐκεῖνοι
1235 2144 1333 2215 μὲν
1354 2139 1445 2198 οὖν
1471 2146 1649 2198 ἐκεῖνα
1678 2145 1788 2197 τολ-

212 2233 381 2305 μῶσι.
408 2235 487 2291 ,σὺ
518 2234 576 2287 δὲ
605 2234 699 2289 καὶ
722 2235 959 2303 ἀκούεις,
988 2237 1082 2290 καὶ
1112 2236 1347 2307 βλέπεις,
1388 2238 1481 2289 καὶ
1501 2237 1663 2307 γελᾷς
1692 2237 1789 2288 αὐ⁶

208 2325 322 2379 τῶν
346 2324 445 2397 τὴν
474 2326 706 2396 ματαίαν
732 2328 949 2399 μανίαν.
996 2327 1454 2394 Ἐξουδενὼσεις
1483 2328 1680 2382 πάντα
1718 2328 1790 2382 τὰ

210 2418 384 2487 ἔθνη.
434 2418 515 2473 Τὰ
561 2419 729 2490 νοητά
776 2421 1048 2491 δηλονότι,
1092 2421 1161 2475 τὰ
1206 2422 1299 2475 καὶ
1335 2421 1531 2484 αὐτοὺς
1578 2422 1658 2484 εἰς
1698 2419 1791 2475 τὸν

210 2508 360 2562 κατὰ
404 2510 497 2564 τοῦ
545 2512 750 2583 Κυρίου
803 2513 1089 2584 ἐγείραντα
1131 2512 1384 2582 πόλεμον.
1443 2516 1589 2566 ’Λνω
1635 2509 1753 2565 εἷπε
1774 2527 1789 2542 ⁸

210 2601 489 2670 Πρόσχες
529 2602 635 2656 τοῦ
672 2603 1117 2673 ἐπισκέψασθαι
1153 2604 1348 2658 πάντα
1382 2604 1454 2657 τὰ
1497 2605 1676 2671 ἔθνη·
1709 2606 1793 2657 ἐν-

209 2690 423 2745 ταῦθα’
463 2691 926 2760 Ἐξουδενώσεις
972 2694 1167 2748 πάντα
1216 2695 1285 2748 τὰ
1316 2693 1478 2761 ἔθνη·
1519 2693 1682 2765 πολλῇ
1726 2692 1790 2745 δι’

210 2783 341 2837 ὅλου
382 2787 448 2854 τῇ
491 2784 643 2849 τάξει
686 2784 778 2838 τοῦ
808 2786 967 2855 λόγου
994 2788 1089 2841 καί
1121 2786 1208 2840 διὰ
1247 2787 1354 2840 τῶν
1383 2788 1438 2839 ἐν
1478 2787 1626 2857 μέσῳ
1662 2804 1793 2857 χρη-

213 2875 475 2945 σάμενος.
510 2877 733 2940 Δεικνὺς
768 2876 875 2945 γὰρ
896 2916 909 2939 ,
936 2877 1017 2929 ὅτι
1048 2878 1122 2947 μὴ
1148 2878 1333 2939 ἁπλῶς
1365 2879 1504 2930 αἰτεῖ
1538 2878 1633 2951 τὴν
1673 2880 1793 2931 κατ’

212 2968 401 3023 αὐτῶν
452 2968 754 3039 τιμωρίανξ,
807 2970 1073 3041 πρότερον
1120 2970 1320 3042 ᾔτησεν
1363 2970 1567 3024 ἐπιδεῖν
1613 2988 1671 3023 τε
1704 2972 1794 3024 τὸν

211 3058 351 3112 Θεὸν
396 3058 489 3112 καὶ
518 3058 767 3123 ἐξετάσαι
796 3060 865 3113 τά
898 3061 1211 3132 γιγνόμενα·
1247 3056 1364 3115 εἷτα
1393 3061 1685 3134 διηγήσατο
1710 3057 1797 3115 οἶα

214 3151 568 3221 πράττουσιν,
612 3151 730 3204 οὐδὲ
760 3148 897 3206 εἷναί
924 3170 1045 3207 τινα
1074 3154 1163 3205 τον
1198 3152 1527 3225 προνοοῦντα
1553 3154 1798 3224 νομίζον-

212 3259 329 3305 τες.
359 3242 469 3296 Καὶ
508 3242 628 3295 τότε
667 3243 766 3313 τὴν
794 3244 1063 3316 τιμωρίαν
1094 3246 1389 3315 ἐπήγαγεν,
1420 3243 1578 3297 τοῦτο
1601 3245 1794 3312 λέγων,

212 3335 333 3388 ὅτι·
370 3334 491 3388 Ἐπὶ
516 3334 725 3399 τούτοις
747 3335 911 3401 ἀξίως
925 3335 1120 3397 αὐτοὺς
1135 3335 1400 3397 κολάσεις,
1434 3335 1527 3387 καὶ
1556 3338 1622 3405 τῇ
1650 3334 1799 3407 παρὰ

216 3427 318 3480 σοῦ
345 3428 586 3500 τιμωρίᾳ
620 3428 682 3481 τὸ
724 3428 888 3497 μηδὲν
915 3428 1234 3495 ἀποφανεῖς.

297 3521 368 3573 Τὸ
396 3520 613 3588 κράτος
636 3536 755 3588 μου
798 3518 949 3587 πρὸς
978 3518 1053 3570 σὲ
1094 3517 1363 3587 φυλάξω.
1408 3518 1633 3572 Ἐκεῖνοι
1678 3518 1796 3588 μὲν,

216 3612 379 3683 φησι,
408 3610 479 3663 τὰ
520 3610 747 3663 τοιαῦτα
792 3609 1217 3681 ὰδυσσεῦήκασι
1263 3610 1401 3663 κατὰ
1445 3609 1560 3674 σοῦ,
1606 3609 1715 3678 ἐγὼ
1743 3610 1800 3665 δὲ

214 3705 248 3757 ὁ
281 3703 568 3774 προφήτης
599 3703 627 3753 ὁ
667 3702 840 3756 ταῦτα
871 3702 1063 3771 λέγων,
1091 3702 1168 3772 τῷ
1214 3702 1479 3772 πνεύματι
1508 3702 1607 3771 τὴν
1651 3702 1800 3769 ἰσχύν

221 3811 330 3865 μου
361 3795 454 3847 καὶ
484 3795 582 3865 τὴν
611 3794 887 3865 βασιλείαν
921 3810 1023 3862 μου
1062 3792 1149 3845 διὰ
1184 3792 1276 3844 σοῦ
1318 3791 1799 3863 φυλαχθησομένην

217 3887 351 3953 Εξω·
382 3886 462 3939 ὅτι
484 3886 548 3957 δὴ
572 3886 667 3939 καὶ
697 3882 1091 3938 συναντελάϐου
1132 3900 1258 3952 μου,
1286 3884 1377 3936 καὶ
1408 3884 1513 3955 πρὸ
1541 3882 1649 3936 τῶν
1674 3883 1801 3954 δεή-

220 3993 366 4031 σεων
398 3975 477 4045 τῷ
499 3976 637 4029 ἐλέει
671 3992 767 4029 σου
796 3976 1205 4047 περιέσφιγξας,
1238 3978 1313 4038 ὡς
1341 3976 1434 4028 καὶ
1470 3975 1568 4045 τὴν
1598 3974 1802 4029 πτῶσιν

220 4068 431 4122 ἐπιδεῖν
459 4085 525 4138 με
556 4068 664 4122 τῶν
698 4067 907 4139 ἐχθρῶν
938 4086 1061 4139 μου.

295 4246 394 4314 Μὴ
425 4247 785 4315 ἀποκτείνῃς
828 4245 1068 4311 αὐτοὺς,
1108 4245 1193 4314 μή
1234 4258 1376 4298 ποτε
1408 4243 1803 4298 ἐπιλάθωνται

220 4339 336 4395 τοῦ
364 4340 552 4409 νόμου
580 4356 716 4393 σου.
744 4337 973 4407 Εὖχεται
1004 4336 1099 4408 μὶν
1134 4337 1208 4407 μὴ
1240 4339 1319 4400 εἰς
1364 4336 1424 4389 τὸ
1455 4335 1711 4400 παντελὲς
1746 4337 1805 4401 ἐξ

224 4430 533 4503 ἀνθρώπων
567 4429 929 4498 ἀφανισθῆναι
960 4429 1023 4481 τὸ
1065 4428 1220 4497 γένος
1251 4427 1359 4482 τῶν
1388 4428 1803 4481 ἐπαναστάντων

224 4523 373 4578 κατὰ
402 4520 494 4574 τοῦ
525 4522 749 4593 Κυρίου’
790 4520 1274 4592 διασκορπισθῆναι
1305 4520 1362 4573 δὲ
1402 4520 1600 4591 μᾶλλον
1625 4521 1719 4574 καὶ
1749 4522 1805 4574 ἐν

223 4613 579 4685 αἰχμαλωσίᾳ
606 4614 704 4683 ζῇν
735 4613 929 4676 αὐτοὺς
961 4613 1100 4677 ἀξιοῖ
1136 4611 1221 4664 διὰ
1248 4611 1363 4679 τὴν
1388 4614 1679 4682 ἁμαρτίαν
1701 4613 1806 4667 τοῦ

223 4706 527 4775 στόματος
556 4706 773 4769 αὐτῶν,
815 4706 907 4758 καὶ
938 4704 1027 4758 διὰ
1060 4706 1158 4773 τὴν
1189 4705 1567 4775 ὑπερηφανίαν
1606 4704 1803 4759 αὐτῶν.

301 4797 413 4851 Kal
454 4796 524 4862 ἐξ
572 4795 720 4864 ἀρᾶς
765 4797 861 4848 καὶ
906 4796 1173 4865 ψεύδους
1208 4796 1702 4867 διαγγελήσονται
1741 4799 1809 4851 ἐν

224 4889 573 4956 συντελείᾳ.
633 4887 1021 4954 Ἔξάκουστος,
1070 4891 1242 4963 φησι,
1289 4890 1500 4959 γένοιτο
1551 4890 1728 4943 αὐτῶν
1774 4894 1807 4963 ἡ

228 4981 513 5037 συντέλεια
543 4983 632 5036 διὰ
659 4983 756 5047 τὰς
781 4983 1022 5053 κατάρας
1048 4984 1112 5048 ἃς
1149 4985 1493 5057 καταρῶνταί
1525 5002 1607 5049 σε,
1639 5003 1807 5040 κατα-

224 5078 548 5149 ψευδόμενοι
586 5080 684 5149 τῆς
724 5080 821 5149 σῆς
860 5079 1036 5150 δόξης.
1063 5080 1379 5134 Συντέλειαν
1411 5082 1467 5135 δὲ
1501 5081 1562 5133 οὐ
1595 5081 1693 5153 τὴν
1729 5083 1807 5144 είς

226 5168 295 5221 τὸ
334 5166 592 5231 παντελὲς
641 5168 913 5221 ἀπώλειαν
958 5167 1052 5222 τοῦ
1097 5170 1281 5233 ἔθνους
1324 5172 1516 5241 φησὶν,
1548 5170 1683 5224 ἀλλὰ
1709 5172 1806 5242 τὴν

229 5259 616 5330 καταστροφὴν
662 5262 761 5329 τῆς
809 5260 963 5331 δόξης
1015 5261 1213 5316 αὐτῶν.
1262 5263 1397 5327 Δόξα
1433 5263 1490 5315 δὲ
1526 5264 1704 5318 αὐτῶν
1752 5267 1807 5317 αἱ

228 5350 379 5404 κατὰ
431 5350 592 5421 νόμον
621 5351 887 5423 λατρείαι,
934 5357 962 5408 ὁ
1010 5355 1148 5419 θεῖος
1178 5355 1322 5419 ναὸς,
1356 5358 1405 5408 οἱ
1439 5357 1732 5427 προφῆται,
1760 5360 1807 5410 οἱ

229 5445 532 5513 ἀρχιερεῖς,
557 5446 606 5496 oi
634 5445 1095 5515 νομοδιδάσκαλοι,
1128 5450 1161 5518 ή
1190 5449 1479 5519 ἐπιφάνεια
1499 5449 1607 5501 τῶν
1642 5451 1807 5519 ἀγγέ-

229 5534 364 5588 λωψ
400 5534 540 5605 ἅπερ
579 5537 789 5590 ἅπαντα
835 5536 1045 5609 ἀθρόως
1088 5539 1223 5610 μετὰ
1250 5539 1349 5610 τὴν
1385 5540 1525 5593 κατᾶ
1563 5541 1655 5594 τοῦ
1700 5544 1809 5595 Κυ-

234 5625 355 5698 ρίου
391 5629 698 5707 μιαιφονίαν
732 5630 1157 5687 συντετέλεσται.

1884 1964 2097 2021 etiamsi
2135 1963 2322 2017 istliazc
2363 1963 2763 2031 cogitaverunt,
2798 1970 2877 2024 tu,
2913 1960 3159 2025 Domine,
3191 1975 3289 2017 eos
3319 1961 3460 2016 deri-

1885 2056 2001 2111 dcri
2042 2056 2279 2111 curaliis.
2331 2054 2412 2109 Illi
2452 2052 2674 2124 quidem
2722 2054 2838 2108 haec
2880 2054 3101 2123 aggredi
3147 2054 3370 2120 audent,
3402 2062 3463 2108 tu

1887 2156 2068 2202 autem
2134 2146 2291 2200 audis
2358 2154 2523 2214 atque
2584 2142 2771 2204 vides,
2817 2142 3069 2212 ridesque
3117 2158 3318 2197 vanum
3364 2158 3461 2198 eo-

1885 2254 2007 2293 rum
2064 2237 2325 2291 furorem.
2380 2235 2463 2288 Ad
2488 2235 2711 2287 nihilum
2754 2234 2973 2287 deduces
3030 2250 3206 2286 omnes
3261 2243 3458 2303 gentes.

1891 2330 2210 2401 Spirituales
2254 2328 2523 2393 videlicet,
2552 2342 2673 2396 quae
2704 2338 2893 2381 contra
2928 2325 3214 2380 Dominum
3259 2326 3458 2381 bellum

1889 2424 2213 2479 excitarunt.
2265 2419 2529 2489 Superius
2573 2417 2711 2471 dixit
2756 2436 2768 2470 :
2812 2415 3035 2470 Intende
3063 2417 3131 2470 ad
3173 2417 3462 2472 visitandas

1892 2530 2065 2567 omnes
2104 2520 2316 2583 gentes;
2360 2509 2447 2563 hic
2478 2522 2605 2562 vero
2632 2526 2643 2559 :
2685 2506 2764 2559 Ad
2795 2505 3015 2560 nihilum
3042 2505 3261 2559 deducas
3285 2521 3461 2561 omnes

1891 2616 2101 2674 gentes;
2132 2605 2360 2657 multum
2410 2611 2664 2657 accurato
2688 2615 2822 2655 usus
2862 2600 3050 2654 ordine
3071 2599 3336 2655 orationis
3371 2614 3464 2669 per

1890 2713 1952 2751 ea
1983 2698 2135 2766 queis
2164 2697 2215 2749 in
2250 2695 2430 2748 medio
2460 2703 2543 2747 cst
2573 2708 2724 2747 usus.
2756 2691 3061 2747 Ostendens
3097 2692 3241 2747 enim
3271 2708 3330 2747 se
3354 2707 3464 2747 nou

1893 2788 2209 2857 simpliciter
2256 2786 2529 2855 postulare
2570 2793 2631 2837 ut
2662 2782 2932 2851 supplicio
2982 2782 3311 2847 alliciantur,
3347 2783 3466 2853 pri-

1895 2896 2043 2935 mum
2076 2879 2283 2947 rogavit
2322 2877 2491 2931 Deum
2535 2885 2675 2929 utea
2702 2874 3058 2943 perpenderet
3085 2882 3139 2929 et
3159 2882 3310 2943 gesta
3333 2889 3467 2929 exa-

1896 2975 2149 3026 minat-ct.
2183 2969 2391 3024 Exinde
2422 2968 2663 3022 narravit
2694 2966 2876 3037 qualia
2918 2965 3017 3035 ipsi
3052 2965 3329 3027 fecissent,
3364 2966 3468 3021 rati

1896 3064 2165 3119 neminem
2194 3076 2312 3116 esse
2334 3060 2428 3129 qui
2458 3060 2622 3113 rebus
2640 3058 2968 3127 provideret.
2991 3060 3068 3112 Ac
3096 3066 3226 3111 tunc
3247 3057 3315 3112 de
3338 3072 3470 3127 sup-

1897 3155 2059 3226 plicio
2089 3151 2353 3207 sumendo
2402 3150 2515 3204 haec
2544 3148 2825 3217 subjunxit
2854 3166 2867 3201 :
2901 3147 2993 3203 IIis
3027 3149 3093 3203 de
3126 3148 3311 3204 causis
3355 3164 3471 3203 me-

1902 3247 2004 3301 rito
2030 3246 2096 3299 de
2122 3245 2226 3299 illis
2264 3258 2454 3313 pceuas
2494 3255 2701 3305 sumes,
2744 3249 2905 3310 atque
2932 3239 3199 3309 supplicio
3219 3240 3286 3296 ad
3325 3240 3471 3295 nihi-

1898 3336 2010 3392 lum
2044 3351 2139 3391 eos
2158 3335 2414 3391 deduces.

1974 3522 2059 3578 i0.
2097 3521 2485 3575 Fortitudinem
2524 3536 2692 3574 meam
2719 3520 2789 3573 ad
2818 3528 2865 3572 te
2892 3519 3207 3574 custodiam.
3240 3518 3319 3573 Illi
3351 3520 3474 3590 qui-

1902 3615 2045 3679 dem,
2074 3613 2169 3678 ait,
2202 3628 2267 3667 eo
2295 3620 2453 3681 pacto
2486 3612 2775 3667 adversum
2806 3621 2855 3665 te
2880 3610 3043 3680 impie
3064 3626 3291 3682 egerunt
3324 3630 3339 3667 :
3372 3627 3475 3683 ego

1900 3720 2027 3759 vero
2056 3704 2315 3774 propheta
2345 3704 2437 3773 qui
2472 3704 2659 3757 istiimc
2692 3702 2909 3771 loquor,
2945 3701 3283 3772 spiritualem
3314 3699 3473 3757 forti-

1901 3800 2146 3854 tudinem
2194 3813 2371 3852 meam
2402 3806 2457 3852 et
2486 3812 2709 3868 regnum
2742 3811 2923 3851 meum
2968 3809 3063 3865 per
3098 3802 3148 3849 te
3188 3808 3477 3850 conserva-

1904 3900 2014 3944 tum
2067 3888 2330 3951 retinebo,
2379 3887 2507 3958 quia
2560 3887 2769 3942 scilicet
2806 3886 3169 3956 patrocinaris
3220 3884 3375 3949 mihi,
3423 3893 3477 3939 et

1903 3994 2189 4053 antequam
2237 3994 2509 4051 precarer,
2560 3993 2648 4034 me
2688 3976 3066 4033 misericordia
3113 3986 3206 4032 tua
3241 3977 3477 4033 circum-

1902 4077 2094 4145 plexus
2140 4090 2237 4140 es,
2271 4083 2329 4128 ut
2357 4072 2521 4128 etiam
2562 4070 2775 4125 ruinam
2840 4067 3181 4123 inimicorum
3228 4081 3476 4121 meorum

1903 4166 2295 4235 conspicerem.

1986 4257 2073 4310 12.
2104 4256 2186 4310 Ne
2224 4255 2432 4308 occidas
2447 4269 2565 4313 eos.
2615 4269 2675 4305 ne
2704 4254 2914 4322 quando
2958 4252 3334 4307 obliviscantur
3352 4249 3478 4321 legis

1906 4359 2028 4401 tute.
2047 4345 2304 4400 I’recatur
2332 4353 2392 4398 ut
2414 4358 2519 4397 uon
2544 4339 2789 4397 funditus
2817 4342 3061 4397 deleatur
3090 4356 3262 4412 genus
3288 4354 3478 4396 eorum

1907 4440 2000 4509 qui
2051 4443 2469 4493 insurrexerunt
2512 4436 2775 4490 adversus
2814 4434 3132 4489 Dominum.
3179 4430 3285 4486 Sed
3322 4439 3481 4500 rogat

1838 4529 1882 4585 D
1912 4531 2084 4601 magis
2114 4541 2173 4585 ut
2197 4529 2578 4599 dispergantur
2606 4539 2659 4583 ct
2682 4530 2738 4583 in
2763 4527 3076 4598 captivitate
3096 4525 3265 4580 vitam
3292 4534 3475 4595 agant.

1906 4632 2128 4693 propter
2160 4621 2407 4675 delictum
2440 4621 2546 4677 oris
2581 4636 2781 4687 eorum,
2824 4627 2879 4673 et
2908 4626 3130 4688 propter
3157 4629 3347 4670 eorum
3386 4630 3480 4669 su-

1981 4714 2151 4767 rliiam
2162 4753 2174 4765 .

1909 4728 2174 4783 pennam.

1990 4803 2077 4857 I3.
2112 4801 2180 4854 Et
2202 4804 2265 4853 de
2292 4801 2649 4855 exsecratione
2691 4807 2741 4852 et
2777 4796 3048 4850 mendacio
3090 4792 3484 4848 annuntiabun-

1912 4903 1998 4947 tur
2044 4895 2098 4947 in
2142 4892 2608 4945 consummatione.
2656 4888 2983 4957 Evulgetur,
3031 4884 3244 4955 inquit,
3290 4899 3483 4939 eorum

1914 4988 2337 5051 consummatio,
2371 4996 2591 5058 propter
2624 4984 2913 5040 maledicta
2933 4984 3132 5055 quibus
3159 4992 3209 5036 te
3232 4991 3481 5045 onerant.

1915 5084 2142 5154 gloriam
2183 5091 2332 5137 tuam
2367 5079 2782 5135 calumniantes.
2810 5074 3350 5133 Consummationcm
3386 5087 3487 5125 au-

1918 5188 2047 5242 tem,
2080 5192 2186 5231 non
2216 5175 2429 5247 generis
2461 5172 2701 5227 universi
2733 5171 2983 5235 exitium,
3024 5168 3117 5223 sed
3144 5164 3483 5221 eversionem

1908 5271 2094 5342 gloriae
2142 5284 2330 5323 eorum
2374 5266 2625 5336 appellat.
2672 5262 2855 5318 Gloria
2905 5268 3086 5316 autem
3117 5272 3307 5313 eorum
3359 5264 3489 5311 sunt

1908 5364 2107 5435 legales
2153 5358 2331 5415 cultus
2358 5366 2521 5426 atque
2544 5356 2702 5415 ritus.
2734 5352 2984 5425 divinum
3036 5350 3321 5420 templum,
3351 5361 3478 5416 ιιι-οη

1907 5457 2103 5526 pheta,
2136 5451 2410 5522 principes
2440 5449 2807 5513 sacerdotum,
2844 5444 3095 5499 doctores
3132 5438 3293 5526 legis1
3320 5453 3487 5509 appa—

1911 5523 2041 5603 ritio
2068 5544 2409 5614 angelorum,
2439 5557 2560 5610 qua:
2584 5538 2870 5596 confertim
2901 5534 3082 5591 omnia
3120 5545 3240 5604 post
3268 5523 3486 5587 Domini

1911 5640 2111 5694 eandem
2141 5641 2522 5691 consummata
2550 5640 2679 5689 sunt
2707 5636 2716 5650 '

308 5736 425 5808 (24)
454 5741 724 5797 Adrianus
765 5742 1053 5812 imperator
1092 5745 1259 5799 vetuit
1295 5742 1512 5803 Judcos
1544 5745 1937 5805 Jerosolvmam
1978 5747 2252 5803 accedere.

310 5833 359 5863 θ’
387 5828 544 5887 Joan.
575 5848 691 5898 xix,
730 5832 818 5888 I5.

560 5927 827 5988 ΡΑτιιοι..
867 5928 984 5989 Gn.
1020 5927 1279 5989 XXVII.
