4034 6448
154 401 247 457 169

1267 378 1632 442 ΕΧΡΟΞΙΤΙΟ
1661 378 1729 435 ΙΝ
1763 375 2097 436 PSALMUM
2141 375 2278 434 LIX.

3259 362 3358 418 270

211 506 299 561 διὰ
334 505 571 579 Χριστὸν
595 502 880 577 ἷτιμωρίας
919 498 1190 572 γεγονὼς,
1220 497 1553 571 ἐπιστροφήν
1586 511 1706 548 τινα

1876 491 2140 556 converti,
2173 485 2531 560 postulantem
2565 483 2683 539 dari
2719 481 2819 538 sibi
2846 481 3071 553 gratiam
3099 495 3190 552 per
3208 481 3362 538 Clu-i-

214 601 470 664 ποιεῖται,
497 597 663 652 αἰτῶν
691 596 786 650 καὶ
815 593 974 657 αὐτὸς
1005 592 1105 662 τῆς
1133 590 1218 644 διὰ
1236 588 1464 659 Χριστὸν
1493 586 1710 658 χάριτος

210 692 528 763 ἀξιωθῆναι.
576 688 949 743 Ἀποκλαίεται
971 685 1027 738 δὲ
1053 684 1266 756 πρῶτον
1288 681 1387 751 τὴν
1415 677 1711 748 γενομένην

210 784 358 854 αὐτῷ
385 783 472 836 διὰ
494 782 593 853 τὴν
618 784 698 846 εἰς
722 779 954 852 Χριστὸν
976 775 1288 832 δυσσέϐειαν
1310 768 1708 840 καταστροφὴν,

208 877 290 930 διὸ
314 877 408 930 καί
437 889 622 946 φησιν·

221 969 276 1019 '0
309 966 476 1034 Θεὸς,
506 963 726 1021 ἀπώσω
747 960 923 1032 ἡμᾶς,
959 959 1056 1014 καί
1099 956 1369 1021 καθεῖλες
1392 950 1568 1023 ἡμᾶς,
1601 949 1711 1017 ὠρ-

149 1060 349 1128 γίσθης
400 1057 498 1111 καὶ
543 1055 910 1124 ᾠκτείρησας
941 1048 1119 1122 ἡμᾶς.
1156 1047 1509 1119 Ἐτιμωρήσω
1541 1045 1710 1113 ἡμᾶς,

147 1151 295 1223 φησι,
327 1148 418 1204 διὰ
445 1149 545 1219 τὴν
577 1148 659 1210 είς
695 1146 753 1199 σὲ
790 1127 1164 1214 γεγενημένην
1204 1135 1713 1194 δυσσέϐειαν.’Λλλὰ

145 1245 233 1298 καὶ
255 1241 598 1314 ᾠκτείρησας
618 1241 788 1311 ἡμᾶς’
811 1237 870 1290 τὺ
895 1235 1022 1307 γὰρ,
1049 1235 1433 1302 ᾡκτείρησας,
1455 1232 1575 1284 ἀντὶ
1594 1227 1710 1293 τοῦ,

145 1333 536 1398 οὶκτείρησον,
577 1330 610 1398 ἢ
656 1327 827 1390 ἄλλως
869 1325 960 1389 τὸ,
1007 1325 1396 1391 ᾠκτείρησας,
1451 1318 1712 1381 ἐλεεινοὺς

144 1426 231 1478 καὶ
266 1423 484 1487 ἀθλίους
509 1421 817 1490 ἀπέφηνας,
852 1418 927 1480 ὡς
957 1415 1046 1470 διὰ
1077 1415 1176 1478 τὰς
1215 1412 1496 1485 συμφορὰς
1525 1409 1713 1481 καιρὸν

142 1513 272 1570 εἶναι
311 1510 777 1582 κατοικτείρεσθαι
810 1509 1012 1562 λοιπόν.
1041 1505 1408 1568 Συνέσεισας
1432 1501 1544 1568 τὴν
1573 1498 1710 1568 γῆν,

142 1611 234 1663 καὶ
275 1605 696 1674 συνετάραξας
737 1599 949 1667 αὑτήν.
1001 1599 1111 1669 Τὴν
1165 1593 1517 1667 Ἰερουσαλήμ
1559 1607 1711 1661 φησι,

141 1700 224 1754 διὰ
262 1701 325 1763 τὸ
361 1695 788 1768 πολιορκηθῆναι
814 1692 1003 1764 αὐτὴν,
1033 1691 1130 1744 καὶ
1158 1689 1248 1742 τὸν
1277 1690 1333 1741 ὲν
1374 1686 1511 1756 αὐτῇ
1542 1700 1712 1736 κατα-

143 1790 445 1861 πραφῆναι
489 1785 643 1840 νεών.
675 1785 746 1837 Ἤ
781 1783 874 1837 καὶ
905 1781 1004 1852 τὴν
1044 1781 1239 1850 νοητὴν
1271 1775 1448 1830 αὐτῶν
1477 1773 1578 1844 γῆν
1609 1789 1713 1842 φη·-

1882 595 2049 639 stum.
2077 581 2330 651 Deplorat
2360 586 2538 634 autem
2562 577 2795 647 primum
2822 575 3022 629 illatam
3056 574 3155 628 sibi
3180 575 3247 628 ob
3271 575 3364 628 im-

1881 677 2132 747 pietatem
2167 675 2220 728 in
2251 671 2526 727 Christum
2554 670 2792 736 ruinam,
2821 683 2990 739 quare
3024 667 3099 721 ait
3129 685 3142 721 :

1880 934 1935 999 3,
1971 932 2028 987 4.
2066 931 2226 996 Deus,
2259 911 2498 998 repulisli
2529 941 2619 979 nos
2647 934 2694 978 et
2727 923 3032 978 destruxisti
3059 937 3172 984 nos,
3200 921 3367 972 iratus

1811 1042 1864 1080 es
1885 1034 1934 1079 et
1960 1026 2204 1078 misertus
2236 1038 2289 1076 es
2319 1021 2484 1074 nobis.
2514 1018 2874 1089 Supplicium,
2904 1014 3097 1084 inquit,
3121 1014 3187 1068 de
3214 1012 3371 1066 nobis

1814 1115 2092 1186 sumpsisti
2134 1114 2202 1168 ob
2242 1122 2485 1166 nostram
2512 1125 2637 1180 erga
2667 1120 2716 1164 te
2748 1108 3096 1176 impietatem.
3130 1103 3234 1158 Sed
3267 1102 3370 1156 mi-

1814 1219 1992 1265 sertus
2019 1223 2078 1263 es
2106 1207 2298 1270 nobis;
2333 1203 2462 1258 illud
2495 1202 2698 1267 autem,
2729 1202 2970 1254 misertus
2996 1215 3048 1251 es
3079 1212 3175 1266 pro
3214 1197 3370 1249 mise-

1814 1318 1926 1354 rere
1953 1299 2185 1370 positum
2217 1307 2319 1362 est,
2345 1305 2438 1350 aut
2471 1294 2578 1348 alio
2605 1293 2787 1355 modo,
2823 1291 3064 1343 misertus
3104 1305 3178 1350 cs,
3214 1286 3374 1340 mise-

1815 1409 1907 1447 ros
1931 1390 2175 1454 ell‘ecisti,
2205 1390 2278 1443 ita
2306 1398 2364 1442 ut
2392 1395 2611 1456 propter
2635 1383 2972 1439 calamitates
3006 1381 3111 1450 iam
3161 1388 3373 1445 tempus

1816 1485 1908 1548 sit,
1965 1493 2026 1538 ut
2050 1482 2207 1537 nobis
2235 1479 2602 1535 misericordia
2649 1476 3006 1546 impendatur.
3038 1471 3375 1525 Commovisti

1817 1589 2011 1632 terram
2036 1586 2083 1630 et
2109 1575 2434 1629 conturbasti
2458 1589 2592 1626 eam.
2619 1569 2916 1624 Jerusalem
2944 1566 3092 1624 dicit,
3126 1564 3252 1632 quia
3284 1563 3376 1614 oli-

1816 1682 1965 1723 sessa
1995 1666 2094 1721 fuit
2122 1675 2175 1720 et
2207 1666 2461 1734 templum
2504 1663 2622 1731 ejus
2659 1662 2774 1716 solo
2805 1671 3095 1729 aequatum.
3131 1657 3236 1708 Aut
3267 1654 3377 1721 spi—

1816 1761 2066 1815 ritualem
2105 1773 2294 1812 eorum
2326 1766 2522 1811 terram
2554 1755 2706 1818 dicit,
2736 1767 2856 1821 qua!
2890 1747 3375 1825 pI-Opter'aversio-

152 1841 163 1842 ,
189 1841 258 1861 Γ
293 1841 306 1858 ,
344 1841 354 1860 ,
399 1841 402 1842 ,
961 1841 972 1852 ,
1126 1841 1139 1850 ,
1196 1841 1207 1849 ,
1492 1841 1498 1842 ,
1536 1841 1546 1844 -
1623 1841 1627 1842 ν
1673 1841 1679 1842 ,

145 1895 264 1940 σιν,-
295 1878 417 1947 ἧτις
463 1875 552 1928 διὰ
592 1875 690 1945 τὴν
734 1869 1082 1942 ἀποστροφὴν
1116 1868 1213 1938 τὴν
1257 1864 1554 1934 γενομένην
1593 1861 1710 1915 κατ’

1822 1865 1933 1903 nem
1956 1865 2077 1918 quae
2101 1849 2202 1918 ipsi
2221 1847 2437 1903 obvenit
2454 1855 2722 1900 commota
2743 1856 2844 1898 εει.
2872 1842 3015 1899 Sana
3037 1841 3373 1894 contritiones

140 1971 320 2025 αὐτῶν
351 1966 834 2036 κατακεκλὸνηται.
857 1965 1045 2016 ἰασαι
1079 1961 1151 2013 τὰ
1182 1957 1592 2024 συντρίμματα
1617 1954 1716 2005 αὺ-

139 2060 268 2128 τῆς,
301 2059 392 2111 ὅτι
422 2057 745 2122 ἐσαλεύθη.
776 2053 944 2108 Πάλιν
977 2053 1045 2106 τὰ
1077 2047 1416 2119 γεγενημένα
1442 2043 1712 2110 διέξεισιν.

212 2149 488 2214 Ἐδειξας
515 2147 594 2213 τῷ
625 2146 752 2213 λαῷ
779 2160 894 2199 σου
922 2142 1181 2210 σκληρά.
1206 2141 1295 2211 Τῷ
1320 2137 1533 2207 πλήθει,
1559 2137 1711 2206 φησι,

138 2245 245 2307 τῶν
280 2239 593 2313 συμφορῶν,
650 2237 902 2308 καθάπερ
943 2235 1071 2305 οἴνῳ
1109 2234 1215 2286 τινὶ
1260 2231 1425 2300 κάρον
1467 2231 1596 2299 ἡμῖν
1631 2229 1715 2279 ἐν·

140 2336 425 2406 εποίησας,
455 2333 547 2386 καὶ
572 2331 764 2401 ὀδύνης
792 2327 1091 2398 ἐνέπλησας
1107 2325 1204 2386 τὰς
1231 2322 1503 2393 ἡμετέρας
1516 2320 1711 2390 ψυχάς.

151 2428 470 2490 Ἐπότισας
517 2420 675 2491 ἡμᾶς
725 2421 868 2485 οϊνῳ
910 2415 1306 2479 κατανύξεως.
1356 2411 1510 2464 Οὕτω
1554 2410 1647 2463 καὶ
1687 2410 1716 2461 ὁ

152 2516 383 2577 Ἀκύλας
410 2514 767 2584 ὴρμήνευσεν·
810 2507 1129 2568 Ἐπότισας
1163 2499 1318 2570 ἡμᾶς
1345 2499 1488 2565 οἴνῳ
1529 2496 1716 2566 καρώ-

139 2625 316 2674 σεως.
356 2602 509 2659 Οἶνον
539 2599 880 2666 κατανύξεως
905 2598 1001 2659 τὰς
1033 2599 1088 2648 ἐν
1115 2597 1233 2656 ταῖς
1270 2593 1440 2654 Οεῐαις
1475 2591 1717 2661 Γραφαῖς

138 2700 411 2772 τιμωρίας
440 2699 593 2769 φησὶ,
631 2695 731 2757 τὰς
772 2687 1348 2761 προανακηρυχθείσας
1397 2685 1576 2745 αὐτοῖς
1617 2681 1716 2750 τῆς

139 2795 219 2856 είς
253 2790 491 2862 Χριστὸν
522 2785 839 2845 δυσσεϐείας
871 2781 1052 2833 ἕνεκα.
1102 2776 1586 2844 ’Λναγινώσκοντες
1610 2774 1716 2844 γὰρ

139 2885 236 2940 καὶ
372 2880 535 2951 πείρᾳ
553 2861 620 2932 τά
663 2872 1105 2947 προηγορευμένα
1146 2868 1521 2939 μανθάνοντες,
1549 2882 1716 2918 καταο

138 2976 422 3030 νύττονται
467 2971 527 3023 τὸ
565 2967 823 3029 συνειδός.
856 2963 1122 3026 Ἐδωκας
1167 2959 1287 3024 τοῖς
1330 2955 1718 3025 φοϐουμένοις

139 3083 215 3120 σε
239 3063 574 3133 σημείωσιν
611 3058 717 3112 τοῦ
759 3054 972 3126 φυγεῖν
1017 3051 1134 3107 ἀπὸ
1165 3050 1486 3119 προσώπου
1516 3046 1713 3110 τόξου.

138 3159 451 3230 Σημείωσις
480 3158 509 3207 δ
533 3152 830 3223 φωτισμὸς,
865 3150 982 3203 καθ’
1020 3149 1078 3200 ὃν
1101 3144 1318 3198 δύναταί
1344 3160 1425 3204 τις
1453 3141 1717 3212 διάκρισιν

1814 1942 1927 2012 ejus
1975 1944 2095 2010 quia
2142 1953 2400 1994 commota
2445 1949 2542 1994 est.
2581 1938 2816 1993 Rursum
2875 1953 2995 2007 qua:
3045 1944 3192 2006 gesta
3249 1940 3377 1988 sunt

1815 2044 2052 2090 enarrat.

1893 2129 1946 2191 5,
1971 2128 2024 2182 6.
2058 2127 2346 2182 Ostendiin
2378 2126 2568 2194 populo
2599 2134 2686 2177 tuo
2717 2123 2873 2176 dura.
2903 2119 3260 2183 Multitudine,
3290 2118 3378 2172 in-

1815 2221 1952 2290 quit,
1984 2221 2376 2281 calamitatum,
2400 2217 2556 2287 quasi
2587 2218 2711 2269 vino
2738 2214 2971 2284 quodam
3001 2227 3249 2282 separent
3279 2226 3377 2266 no-

1816 2311 1901 2364 bis
1930 2310 2173 2372 eil‘eeisti,
2204 2326 2268 2363 ac
2299 2310 2486 2363 dolore
2514 2307 2726 2360 animas
2763 2315 2978 2360 nostras
3013 2303 3374 2374 complevisti.

1820 2401 2026 2456 Potasti
2054 2420 2143 2456 nos
2174 2405 2289 2456 riuo
2321 2401 2754 2470 compuuctionis.
2792 2399 2865 2453 Ita
2893 2397 3088 2466 Aquila
3113 2406 3196 2451 est
3219 2397 3379 2451 inter-

1817 2503 2060 2564 pretatus
2090 2511 2102 2546 :
2135 2492 2338 2546 Potasti
2365 2508 2458 2545 nos
2489 2493 2603 2544 riuo
2627 2491 2846 2559 soporis.
2883 2488 3080 2543 Vinum
3111 2503 3377 2556 compun-

1817 2586 2031 2648 ctionis,
2062 2583 2318 2652 supplicia
2342 2583 2394 2636 in
2419 2582 2718 2652 Scripturis
2740 2589 3033 2635 memorata
3053 2588 3229 2640 vocat,
3251 2593 3380 2647 prte-

1818 2678 2060 2730 nuntiata
2091 2677 2194 2730 illis
2215 2676 2283 2729 ob
2305 2676 2546 2743 ipsorum
2582 2689 2703 2743 erga
2720 2673 2997 2727 Christum
3029 2671 3376 2741 impietatem.

1822 2763 1954 2818 Dum
1989 2766 2170 2832 legunt
2204 2765 2370 2829 enim,
2397 2769 2451 2816 et
2479 2779 2598 2832 quae
2635 2763 2887 2831 praedicta
2930 2773 3057 2816 sunt
3099 2763 3380 2832 experien-

1820 2859 1890 2910 tia
1919 2858 2185 2922 ediscunt,
2213 2856 2544 2911 conscientia
2569 2865 3025 2925 compunguntur.
3057 2854 3259 2908 Dedisti
3281 2871 3381 2908 mc-

1821 2946 2079 2998 tuentibus
2115 2955 2162 2999 te
2187 2949 2621 3015 signi/irationem
2660 2958 2714 2998 ut
2745 2947 2947 3016 fugiant
2978 2964 3008 2999 a
3046 2947 3179 3015 facie
3204 2963 3376 3000 arcus.

1822 3036 2152 3107 Signiticatio
2179 3048 2261 3091 est
2297 3038 2623 3091 illuminatio
2648 3054 2753 3107 qua
2791 3050 2964 3107 potest
2997 3039 3252 3094 discretio
3283 3041 3383 3093 ba-

1823 3129 1934 3181 beri
1959 3129 2262 3196 spirituum,
2295 3145 2501 3183 necnon
2536 3130 2662 3182 boni
2690 3138 2742 3182 et
2765 3130 2914 3182 mali.
2945 3128 3053 3184 llae
3075 3129 3215 3182 enim
3248 3146 3381 3198 prte-

138 3208 386 3230 —'ll'"’"'
431 3208 448 3219 -
545 3208 557 3223 ι
713 3208 724 3221 ι
790 3208 826 3213 -τ
1581 3208 1590 3212 _

137 3253 288 3324 ἔχειν
337 3247 685 3318 πνευμάτων,
735 3244 828 3297 καὶ
865 3240 1068 3310 ἁγαθοῦ
1116 3239 1208 3290 καὶ
1260 3235 1449 3288 κακοῦ.
1499 3232 1714 3300 Ταύτης

1822 3219 1917 3272 diti
1948 3219 2169 3282 notitia,
2201 3218 2437 3288 fugimus
2466 3235 2493 3273 a
2527 3220 2715 3281 malis,
2755 3220 3016 3289 longeque
3048 3219 3382 3274 deelinanms

137 3349 250 3419 γὰρ
297 3344 399 3414 τῆς
452 3339 704 3411 γνώσεως
763 3335 1100 3407 ὑπαρξάσης,
1144 3329 1413 3398 φεύγομεν
1455 3325 1563 3378 ἀπὸ
1608 3322 1713 3374 τῶν

137 3438 425 3510 χειρόνων,
458 3431 674 3505 μακρὰν
696 3428 864 3483 κακοῦ
899 3427 1058 3498 ἔργον
1097 3424 1191 3476 καὶ
1220 3420 1524 3490 πνεύματος
1552 3432 1716 3484 πονη-

276 3525 570 3595 γινόμενοι.
604 3522 712 3576 Τοῦ
737 3518 942 3572 αὑτοῦ.
993 3517 1176 3585 Ἡμεῖς
1212 3512 1331 3582 μὲν,
1362 3509 1523 3579 φησι,
1550 3505 1614 3559 δι’
1648 3505 1715 3576 ἣν

138 3595 467 3691 ἐπράξαμεν
508 3611 823 3666 δυσσέϐειαν
854 3602 1305 3676 τετιμωρήμεοαο
1339 3602 1387 3652 oi
1429 3599 1484 3691 δέ
1525 3595 1718 3665 φοϐού-

143 3710 298 3781 μενοί
325 3724 389 3761 σε
421 3706 642 3777 σημεῖον
675 3700 920 3767 ἐδέξαντο
949 3695 1123 3767 (δῆλον
1155 3693 1229 3755 δὲ,
1253 3693 1333 3745 ὅτι
1366 3692 1423 3743 ὲν
1447 3682 1492 3756 ᾧ
1523 3689 1719 3758 ἐσφραο

139 3801 310 3872 γίσθη
320 3800 463 3871 μεν),
491 3799 637 3857 ὅπως
661 3794 726 3848 ἂν
752 3791 855 3859 ἔξω
884 3789 1063 3859 πάσης
1089 3782 1411 3850 κολαστικῆς
1457 3779 1717 3850 ἐπηρείας

139 3897 411 3966 γένοιντο.
443 3889 644 3944 Τούτου
669 3887 727 3939 δὲ
757 3883 851 3938 τοῦ
887 3880 1110 3952 σημείου
1136 3876 1304 3938 τύπος
1329 3869 1396 3944 ἦν
1428 3872 1488 3925 τὸ
1519 3872 1574 3924 ὲν
1603 3873 1718 3932 ταῖς

142 3959 334 4058 ᾧλιαϊς
365 3981 475 4036 τῶν
500 3977 784 4051 προῦάτων
818 3975 875 4026 ἐν
898 3970 1155 4039 Αἰγύπτῳ
1179 3966 1462 4037 χριόμενον
1489 3959 1645 4033 αἷμα.

228 4078 296 4131 '0
346 4071 491 4137 Θεὸς
524 4067 834 4134 ἐλάλησεν
874 4063 944 4115 ἐν
975 4059 1055 4125 τῷ
1087 4058 1231 4128 ἁγίῳ
1259 4054 1466 4109 αὑτοῦ.
1498 4053 1721 4123 Ὅμοιον

141 4168 224 4240 τῷ
241 4185 257 4199 ο
311 4164 438 4220 Ἐπ’
463 4158 726 4230 ἐσχάτου
760 4154 878 4210 τῶν
905 4148 1140 4220 ἡμερῶν
1169 4148 1395 4200 τούτων
1417 4141 1723 4210 ἐλάλησεν

143 4233 295 4331 ἡμῖν
323 4258 398 4311 ἐν
436 4250 566 4318 Υιῷ.
592 4248 760 4312 Αὐτὸς
788 4246 895 4316 γάρ
920 4245 1068 4296 ἔστιν
1099 4242 1128 4295 ὁ
1151 4241 1302 4309 ἅγιος
1327 4236 1422 4290 τοῦ
1460 4234 1595 4290 Θεοῦ
1632 4233 1724 4288 καὶ

143 4328 388 4424 ῐΤατρός.
436 4346 501 4400 Τί
546 4344 605 4398 δὲ
639 4341 889 4409 ὲλάλησε,
933 4335 1026 4391 καὶ
1079 4333 1213 4405 πρὸς
1257 4331 1378 4384 τίνα
1421 4328 1721 4398 ὲλάλησενς

156 4419 386 4510 Ἐπειδὴ
435 4436 636 4509 ηὔξατο
687 4434 745 4486 ἐν
789 4429 869 4500 τῷ
913 4426 1236 4499 πφλαδόντι
1277 4419 1476 4494 ψαλμῷ
1517 4419 1718 4510 λέγων·

154 4507 590 4602 γίατιθὴτίέπι
646 4522 786 4588 τοὺς
835 4517 1223 4615 οὐρανοὺς,ιό
1258 4511 1434 4615 Bede,
1485 4510 1583 4615 καὶ
1627 4507 1725 4615 sat
1756 4559 1801 4615 Β

143 4599 366 4681 πᾶσαν
389 4620 504 4688 τὴν
531 4616 649 4688 τῆν
672 4617 711 4684 ἡ
737 4614 885 4677 δόξα
923 4625 1058 4664 σου·
1086 4607 1274 4661 τούτου
1304 4604 1460 4675 χάριν
1496 4599 1720 4672 ἀποκρί-

144 4733 329 4779 νεται,
363 4711 440 4773 ὡς
466 4710 534 4764 τὰ
560 4708 776 4775 Σίκημα
812 4702 908 4774 μὲν
955 4697 1245 4770 διαμεριεϊ,
1273 4693 1517 4747 τουτέστι
1538 4690 1599 4743 τὸ
1639 4689 1733 4758 βα·

149 4808 361 4863 σίελειον
407 4801 501 4857 τού
549 4797 792 4870 Ἰσραήλ·
843 4795 902 4847 ὲν
934 4792 1196 4861 Σικήμοις
1239 4786 1346 4856 γὰρ
1389 4779 1477 4854 ἦν.
1523 4781 1732 4836 Δέδωκε

146 4896 266 4968 γὰρ
297 4891 432 4948 αὐτὸ
468 4886 782 4956 ἀλλοφύλοις
809 4883 986 4937 ἔθνεσι
1013 4882 1125 4943 τοῖς
1162 4874 1510 4931 πιστεύσασιν
1532 4874 1611 4936 είς
1636 4871 1732 4924 αὒ-

315 4978 429 5033 Καὶ
471 4974 587 5043 τὴν
621 4971 871 5027 κοιλάδα
901 4968 1020 5022 τῶν
1050 4964 1296 5032 σκηνῶν
1338 4959 1728 5030 διαμετρήσω.

144 5070 401 5129 Καλάδα
424 5069 458 5139 ὴ
481 5067 598 5121 θεία
625 5063 816 5136 Γραφὴ
848 5061 909 5115 τὸ
935 5059 1150 5114 πάντων
1184 5055 1484 5125 ἀνθρώπων
1507 5053 1727 5124 οἰκητή-

149 5164 275 5235 ριόν
303 5175 458 5230 φησι.
486 5157 703 5228 Ταύτην
722 5150 834 5219 οὖν,
865 5152 1016 5224 φησι,
1049 5151 1148 5220 τὴν
1186 5146 1407 5202 κοιλάδα
1446 5145 1624 5198 πᾶσαν
1652 5143 1732 5205 είς

149 5232 372 5322 σκηνὰς
414 5246 632 5319 ἐμαυτῷ
677 5244 1055 5315 διαμετρήσω·
1102 5238 1375 5293 τουτέστιν
1430 5232 1732 5304 ἐκκλησιῶν

146 5339 543 5413 πληρεστάτην
565 5335 892 5391 ἀποτελέσω.

240 5431 418 5502 Ἐμός
444 5431 575 5484 ἐστι
604 5431 654 5483 Γ
655 5425 871 5490 alat”,
897 5423 993 5478 καί
1032 5421 1174 5492 ἐμός
1205 5419 1335 5472 ἐστι
1373 5413 1729 5482 Μανασσῆς.

149 5523 257 5581 Διὰ
288 5521 503 5578 Γαλαὰδ
535 5521 628 5574 καὶ
652 5517 920 5588 Μανασσῆ
961 5514 1232 5585 σημαίνει,
1263 5509 1337 5572 ὡς
1362 5510 1416 5560 ὲν
1445 5510 1509 5578 τῇ
1535 5507 1731 5575 ἐπιφα-

149 5614 281 5684 νείᾳ
320 5609 487 5666 αὐτοῦ
530 5609 766 5682 πρώτοις
819 5607 1091 5670 Ἰουδαίοις
1124 5601 1386 5675 κηρύσσει
1419 5599 1515 5671 τὴν
1550 5599 1729 5670 χάριν.

265 5792 318 5824 ’³
343 5786 507 5844 Hebr.
538 5803 576 5854 ι,
608 5786 660 5842 2.

1821 3313 1888 3365 ab
1934 3313 2180 3380 improbo
2227 3328 2385 3380 opere
2420 3323 2466 3366 et
2517 3328 2546 3365 a
2582 3315 2818 3384 maligno
2864 3316 3077 3384 spiritu.
3112 3313 3379 3385 Ejusdem.

1819 3403 1951 3471 Nos,
1981 3405 2175 3474 inquit,
2208 3405 2276 3460 ob
2295 3414 2534 3459 nostram
2561 3404 2887 3476 impietatem
2918 3408 3179 3476 supplicio
3195 3423 3385 3463 sumus

1823 3498 1994 3552 allecti
2021 3516 2034 3551 :
2060 3498 2223 3568 atqui
2260 3498 2453 3552 timent
2475 3507 2544 3563 te,
2578 3498 2791 3567 signum
2825 3507 3149 3566 acceperunt
3182 3499 3382 3570 (palam

1822 3599 1999 3644 autem
2027 3598 2110 3644 est
2142 3590 2270 3642 illud
2312 3589 2524 3657 signum
2553 3603 2674 3643 esse
2709 3605 2818 3658 quo
2843 3589 3112 3660 obsignati
3147 3591 3382 3662 sumus),

1821 3691 1884 3737 ut
1933 3681 2081 3735 omni
2133 3681 2398 3751 supplicio
2449 3679 2604 3736 liberi
2637 3681 2766 3735 sint.
2808 3679 2982 3749 Hujus
3015 3691 3194 3737 autem
3245 3684 3384 3752 signi

1823 3781 1985 3845 typus
2024 3782 2139 3826 erat
2186 3770 2408 3841 sanguis
2456 3769 2638 3824 ovium
2661 3768 2715 3824 in
2743 3767 2976 3839 Egypto
3020 3770 3267 3839 postibus
3301 3770 3385 3823 iu-

1825 3881 2089 3937 spersum.

1898 4063 1951 4118 8.
1993 4060 2132 4117 Deus
2177 4061 2387 4115 locutus
2426 4069 2502 4116 est
2543 4063 2598 4115 in
2640 4071 2823 4114 sancto
2849 4077 2963 4116 suo.
3001 4059 3185 4116 Simile
3214 4061 3380 4116 huic:

1828 4154 1896 4210 In
1941 4156 2217 4210 novissimo
2257 4154 2462 4206 dierum
2505 4153 2729 4206 istorum
2775 4153 2978 4205 locutus
3010 4161 3086 4206 est
3137 4153 3283 4207 nobis
3331 4154 3386 4205 iu

1831 4245 2057 4300 Filio”.
2105 4244 2220 4314 Ipse
2267 4259 2502 4313 namque
2549 4253 2629 4297 est
2676 4252 2898 4298 sanctus
2938 4241 3028 4296 Dei
3079 4251 3134 4297 et
3186 4242 3384 4298 Patris.

1829 4338 1969 4406 Quid
2018 4347 2072 4393 et
2118 4337 2203 4392 cui
2251 4337 2463 4390 locutus
2507 4335 2625 4389 est?
2654 4334 2943 4405 Postquam
2978 4336 3029 4388 in
3065 4336 3386 4405 praecedenti

1831 4432 2042 4502 psalmo
2064 4440 2313 4502 precatus
2336 4427 2509 4483 fuerat
2535 4447 2547 4481 :
2581 4425 2835 4482 Exaltare
2860 4443 3013 4496 super
3036 4431 3208 4491 cwlos,
3229 4427 3384 4489 Deus,

1830 4534 1879 4579 et
1907 4540 2062 4593 super
2093 4539 2294 4576 onmem
2333 4531 2524 4575 terram
2559 4522 2726 4591 gloria
2756 4531 2880 4583 tua;
2933 4519 3050 4574 ideo
3079 4520 3386 4588 respondet,

1830 4631 1890 4672 se
1912 4614 2129 4685 quidem
2156 4613 2394 4669 Sichima
2421 4613 2746 4674 divisurum,
2776 4611 2825 4665 id
2854 4620 2954 4675 est,
2993 4610 3193 4680 regiam
3219 4609 3394 4666 Israe-

1830 4708 1898 4765 lis
1931 4722 2052 4777 qua:
2095 4707 2148 4760 in
2196 4703 2453 4760 Sieliimis
2496 4713 2630 4758 erat.
2679 4699 2811 4756 Nam
2847 4701 2991 4755 dedit
3033 4716 3150 4754 eam
3199 4700 3390 4754 alienis

1830 4800 2101 4872 gentibus,
2133 4812 2253 4868 quae
2277 4794 2616 4850 crediderant
2652 4793 2706 4846 in
2751 4792 2947 4861 ipsum.
2997 4789 3064 4844 Et
3103 4789 3391 4844 convallem

1833 4887 2290 4946 tabernaculorum
2314 4883 2550 4939 metibor.
2569 4879 2878 4936 Convallem
2907 4879 3086 4934 divina
3111 4878 3390 4947 Scriptura

1833 4983 2077 5040 omnium
2132 4979 2411 5035 hominum
2458 4975 2790 5030 domicilium
2824 4981 2997 5028 vocat.
3038 4969 3187 5026 Hanc
3232 4971 3392 5041 igitur

1833 5090 2049 5132 omnem
2097 5070 2392 5129 convallem
2437 5069 2491 5124 in
2534 5067 2883 5123 tabernacula
2935 5065 3065 5118 milii
3118 5066 3388 5124 dimetiar,

1830 5168 1883 5225 id
1909 5176 2010 5231 est,
2040 5163 2390 5221 ecclesiarum
2430 5159 2794 5233 plenissimam
2827 5157 3071 5212 eﬂiciam.

1909 5412 1960 5466 9.
1991 5409 2136 5466 Meus
2167 5421 2242 5465 est
2275 5409 2479 5465 Galaad
2500 5418 2548 5464 et
2571 5425 2710 5461 meus
2734 5416 2807 5462 est
2846 5409 3132 5463 Manasses.
3167 5401 3269 5456 Per
3293 5402 3394 5455 Ga-

1839 5503 1960 5558 laad
1996 5514 2049 5558 et
2087 5503 2368 5558 Manassen
2422 5502 2685 5572 signiﬁcat
2717 5515 2774 5554 se
2817 5499 2869 5552 in
2899 5497 3127 5550 adventu
3163 5510 3260 5548 suo
3296 5492 3392 5542 .lu-

1841 5597 1971 5653 dazis
2019 5596 2253 5667 primum
2318 5596 2542 5667 gratiam
2591 5592 3024 5664 praedicaturum.
3075 5587 3188 5642 lmo
3235 5585 3399 5638 etiam
