4034 6436
631 377 727 432 ἳ71

1473 370 1527 422 S.
1569 367 1934 423 ATHANASII
1973 369 2124 424 OPI’.
2168 368 2345 423 I’ARS
2386 367 2471 425 Ill.
2518 400 2580 410 —
2621 367 3030 424 EXEGIS'I‘ICA.

3754 372 3859 427 272

635 489 889 565 Ephraim
927 499 980 544 et
1008 488 1175 543 ludas
1203 486 1322 541 duae
1365 487 1525 557 regite
1568 487 1743 540 tribus
1773 485 1935 541 Israel
1965 488 2191 557 gratiam

2310 486 2468 540 Ἀλλὰ
2496 488 2589 540 καὶ
2635 486 2890 556 Ἐφραὶμ,
2921 485 3072 554 φησὶ,
3109 484 3201 537 καὶ
3236 485 3266 537 ὁ
3303 483 3495 548 Ἰούδας
3516 525 3529 547 ,
3556 485 3611 537 αἱ
3639 485 3732 538 δύο
3763 491 3860 556 βα-

637 585 882 642 similiter
911 581 1196 650 accipient.
1245 578 1375 632 Illud
1419 588 1595 632 autem
1634 596 1645 629 :
1695 578 1970 632 Fortitudo
2003 582 2192 649 capitis

639 678 770 738 mei,
808 673 1043 742 positum
1079 679 1160 725 est
1201 686 1332 740 pro,
1389 669 1646 724 fortitudo
1687 670 2020 739 principatus
2064 672 2189 725 mei.

640 762 850 832 Imperii
876 760 1018 816 enim
1055 760 1161 823 sui,
1193 760 1243 812 id
1279 767 1381 824 est,
1408 757 1622 813 Israelis
1650 758 1906 815 fortitudo
1938 760 2190 829 Ephraim

639 866 790 921 erat;
816 872 880 911 ex
907 869 971 908 eo
1001 869 1232 923 namque
1262 868 1483 923 regnum
1519 853 1681 908 Israel
1725 862 1856 907 erat.
1897 853 2052 906 Moab
2084 853 2192 906 olla

638 950 746 1020 spei
768 963 912 1002 metr.
951 944 1066 998 Olla
1092 956 1176 1000 est
1200 960 1310 998 vas.
1337 945 1426 998 Ait
1451 953 1629 999 autem
1675 943 1936 998 Moabitas
1967 943 2057 1013 qui
2091 960 2193 996 nuo

638 1057 732 1112 per
760 1039 898 1093 athei
940 1048 1124 1097 erant,
1171 1051 1316 1105 spem
1354 1035 1406 1088 in
1447 1051 1570 1089 eum
1599 1043 1912 1103 accepturos
1943 1048 2082 1088 esse.
2125 1032 2189 1086 In

645 1131 928 1184 Idumwam
951 1128 1225 1182 extendam
1252 1127 1656 1180 calceamentum
1689 1143 1878 1180 meum.
1903 1126 2190 1179 Idumazam

640 1239 873 1297 quoque,
910 1221 1103 1291 inquit,
1134 1220 1389 1274 cireuiho.
1430 1217 1665 1271 ldumrea
1693 1218 1817 1271 item
1846 1217 2017 1270 aliena
2061 1231 2190 1286 gens

639 1322 774 1368 erat.
831 1310 924 1366 llis
986 1317 1161 1364 autem
1217 1309 1373 1363 nobis
1425 1307 1747 1372 declaratur,
1795 1316 1978 1376 gentes
2029 1306 2189 1359 etiam

641 1406 768 1474 eius
787 1403 943 1458 fidem
975 1401 1314 1471 amplexuras
1338 1415 1457 1454 esse
1493 1418 1504 1453 :
1541 1414 1710 1468 quare
1737 1397 1809 1452 ait
1843 1415 1854 1448 ε
1898 1397 2028 1451 Mihi
2057 1398 2189 1452 alie.-

643 1472 839 1562 nigcna:
864 1491 1060 1545 subditi
1085 1498 1223 1542 sunt.

717 1759 801 1820 Il,
838 1757 923 1810 12.
963 1754 1089 1818 Quis
1119 1753 1329 1806 deducet
1374 1767 1452 1804 me
1492 1752 1546 1804 in
1585 1753 1846 1804 ciuitatem
1893 1749 2142 1801 munitam
2168 1751 2192 1800 ."

2299 581 2492 634 σιλεῖαι
2523 579 2615 632 τοῦ
2662 579 2895 649 Ἰσραὴλ,
2922 576 3121 647 ὁμοίως
3167 577 3405 643 δέξονται
3443 577 3542 647 τὴν
3574 578 3753 649 χάριν.
3786 579 3862 631 Τὸ

2295 670 2372 733 δὲ,
2398 670 2762 737 Κραταίωσις
2793 666 2903 733 τῆς
2926 665 3194 734 κεφαλῆς
3215 684 3352 735 μου,
3383 668 3500 721 ἀντὶ
3531 667 3624 720 τοῦ
3645 709 3659 733 ,
3708 668 3863 737 ἰσχὺς

2295 760 2392 830 τῆς
2438 761 2611 830 ἀρχῆς
2658 776 2781 829 μου·
2823 758 2934 828 Τῆς
2980 759 3086 830 γὰρ
3127 759 3300 829 ἀρχῆς
3343 757 3505 810 αὖτοῦ
3539 753 3606 827 ἦς
3656 753 3857 828 ἦρχεν.

2295 851 2536 902 τουτέστι
2569 849 2662 901 τοῦ
2693 847 2926 920 Ἰσραὴλ,
2958 851 2986 900 ὁ
3027 847 3261 918 Ἐφραῒμ
3305 843 3372 916 ἦν
3405 848 3437 915 ἡ
3465 846 3620 916 ἰσχύς
3641 863 3653 875 ·
3681 848 3740 912 ἐξ
3767 847 3853 899 αύ-

2295 939 2388 993 τοῢ
2414 941 2519 1009 γὰρ
2544 935 2612 1009 ἦν
2637 941 2670 1008 ἡ
2695 938 2935 1006 βασιλεία
2963 937 3055 990 τοῦ
3103 937 3331 1008 Ἰσραήλ.
3352 938 3531 990 Μωὰϐ
3546 937 3728 1006 λέϐης
3752 937 3858 1005 τῆς

2294 1031 2539 1096 ἐλπίδος
2577 1049 2716 1098 μου.
2753 1031 3070 1100 Λέϐηςομὲν
3105 1030 3167 1082 τὸ
3216 1031 3436 1098 δοχεῖον.
3481 1031 3640 1097 Λέγει
3678 1030 3755 1093 δὲ,
3787 1031 3860 1092 ὼς

2295 1124 2386 1175 καὶ
2416 1124 2465 1175 οἱ
2495 1122 2811 1185 Μωαϐῖται,
2871 1121 3112 1173 τουτέστι
3161 1120 3221 1172 τὸ
3261 1119 3451 1190 πρώην
3505 1121 3665 1174 ἄθεον
3711 1120 3861 1185 ἔθνος

2296 1214 2607 1283 ὑποδέχεται
2627 1214 2724 1284 τὴν
2751 1215 2830 1275 εἰς
2861 1215 2884 1265 ὲ
2894 1212 2958 1282 μὲ
2984 1212 3190 1264 ἐλπίδα.
3231 1212 3353 1263 Ἐπὶ
3379 1211 3492 1279 τὴν
3536 1211 3865 1280 Ἰδουμαίαν

2291 1302 2511 1356 ἐκτενῶ
2553 1304 2615 1356 τὸ
2669 1301 2952 1371 ὑπόδημὰ
2995 1319 3132 1370 μου.
3177 1302 3286 1354 Καὶ
3334 1303 3392 1353 ὲν
3446 1305 3512 1371 τῇ
3556 1302 3862 1373 Ἰδουμαία,

2295 1397 2492 1466 φησὶν,
2528 1395 2980 1465 ὲμπεριπατήσω.
3025 1393 3295 1464 Ἰδουμαία
3324 1393 3380 1445 δὲ
3424 1393 3582 1446 πάλιν
3627 1394 3862 1462 ἀλλοφύ-

2292 1485 2398 1539 λων
2427 1482 2494 1556 ἦν
2527 1485 2694 1548 ἔθνος.
2732 1484 2992 1554 Δηλοῦται
3027 1484 3081 1537 δὲ
3121 1484 3206 1537 διὰ
3251 1484 3452 1537 τούτων
3476 1486 3625 1554 ἡμῖν,
3657 1487 3731 1547 ὡς
3764 1487 3864 1556 τὴν

2290 1579 2372 1640 εἰς
2402 1578 2561 1632 αὑτὸν
2597 1579 2779 1630 πίστιν
2812 1577 2906 1630 καὶ
2936 1576 3005 1630 τὰ
3049 1576 3172 1646 ἔθνη
3211 1577 3617 1646 παραδέξονται·
3647 1578 3727 1630 διό
3759 1595 3864 1647 φη-

2295 1685 2398 1722 σιν·
2443 1669 2604 1737 Ἐμοὶ
2631 1670 2971 1736 ἀλλόφυλοι
3000 1667 3405 1736 ὑπετάγησαν.

2369 1761 2461 1825 Τίς
2501 1760 2718 1822 ἀπάξει
2746 1776 2821 1826 με
2853 1761 2940 1823 εὶς
2987 1761 3166 1812 πόλιν
3215 1757 3537 1825 περιοχῆς;
3599 1758 3862 1821 Ἀκούσας

642 1849 776 1904 Cum
807 1863 900 1919 per
924 1847 1179 1917 Spiritum
1203 1845 1442 1900 audisset
1467 1843 1720 1912 propheta
1745 1851 1928 1911 gentes
1955 1841 2180 1910 gratiam
2213 1830 2216 1878 ἓ

2298 1851 2377 1904 διὰ
2409 1850 2499 1903 τοῦ
2535 1851 2850 1919 Πνεύματος
2887 1852 2915 1902 ὁ
2943 1851 3244 1920 προφήτης,
3288 1850 3363 1912 ὼς
3389 1849 3458 1901 τὰ
3490 1847 3618 1919 ἔθνη
3643 1849 3857 1918 δέχεται

642 1956 762 1996 esse
793 1949 1132 2008 accepturas,
1168 1938 1241 1990 ait
1271 1955 1284 1990 :
1318 1935 1447 2000 Quis
1482 1935 1694 1988 deducet
1726 1949 1804 1987 me
1833 1936 1886 1986 in
1924 1935 2184 1986 ciuitatem

641 2033 942 2086 munitam?
983 2030 1264 2085 Civitatem
1314 2036 1491 2081 autem
1529 2026 1785 2080 munitam
1819 2034 1973 2077 vocat
1999 2022 2185 2076 Eccle-

640 2126 799 2188 siatn,
816 2138 936 2192 quae
960 2121 1052 2174 Dei
1082 2120 1277 2173 virtute
1303 2116 1704 2172 circumvallata
1729 2125 1830 2168 est.
1864 2113 1984 2168 llaec
2007 2123 2185 2167 autem

643 2217 904 2284 propheta
929 2213 1002 2266 ait
1026 2212 1179 2280 quasi
1202 2225 1264 2264 ex
1290 2222 1519 2278 persona
1545 2206 1851 2275 pmnitentis
1878 2205 2184 2260 Jut‘lreorum

643 2304 845 2373 populi,
882 2313 934 2354 et
962 2301 1196 2370 optantis
1227 2299 1469 2367 accipere
1495 2297 1650 2351 Iidem
1678 2297 1728 2350 in
1753 2296 2050 2353 Christum.
2084 2298 2187 2349 Aut

648 2396 762 2464 quis
796 2393 1007 2445 deducet
1041 2407 1118 2443 me
1149 2406 1306 2459 usque
1353 2392 1408 2442 in
1445 2387 1771 2440 Idumwam?
1798 2385 2041 2438 Declarat
2071 2399 2190 2453 qua:

645 2486 716 2539 sit
752 2484 940 2539 civitas
971 2481 1196 2535 munita.
1239 2479 1369 2544 Quae
1411 2479 1572 2548 igitur
1613 2483 1729 2541 est,
1765 2475 1867 2528 nisi
1919 2472 2191 2527 Idumma‘?

647 2576 747 2630 Per
774 2574 1058 2627 ldummam
1100 2569 1243 2623 enim
1273 2567 1540 2637 significat
1562 2580 1749 2620 omnes
1781 2573 1962 2632 gentes
1989 2579 2107 2632 quae
2131 2563 2192 2616 fi-

646 2666 765 2719 dem
795 2669 1135 2730 acceperunt.
1171 2658 1354 2712 Nonne
1387 2671 1464 2724 tu,
1499 2658 1658 2720 Deus,
1685 2657 1772 2725 qui
1804 2655 2035 2722 repuliin
2062 2657 2191 2709 nos?

645 2756 778 2825 Quis
807 2755 960 2818 alius,
998 2754 1110 2818 ait,
1157 2767 1256 2806 nos
1286 2750 1339 2803 in
1365 2749 1632 2804 civitatem
1668 2747 1931 2800 munitam
1960 2745 2192 2807 duxerit,

647 2849 750 2902 nisi
782 2853 839 2900 tu
876 2845 987 2914 ipse
1021 2843 1134 2911 qui,
1174 2850 1390 2910 propter
1421 2838 1728 2905 iniquitates
1762 2841 2007 2899 nostras,
2034 2849 2131 2885 nos
2163 2847 2192 2886 a

647 2948 737 2991 tua
771 2933 1134 2990 familiaritate
1163 2928 1440 2999 repulisti?

721 3109 804 3163 15.
846 3107 926 3160 Da
964 3107 1110 3160 nobis
1157 3103 1411 3156 auxilium
1439 3101 1500 3154 de
1535 3099 1884 3162 tribulatione,
1911 3099 2033 3166 quia
2067 3112 2196 3148 vana

649 3200 792 3254 salus
818 3199 1062 3252 hominis.
1107 3194 1222 3248 Non
1252 3209 1346 3263 per
1377 3193 1692 3254 humanam,
1721 3189 1914 3256 inquit,
1952 3187 2073 3242 belli
2105 3201 2194 3240 so-

650 3292 921 3352 cietatem,
951 3289 1018 3342 ab
1041 3283 1416 3356 ingruentibus
1453 3281 1608 3335 nobis
1639 3279 2034 3334 calamitatibus
2062 3278 2197 3347 eripi

652 3396 931 3452 speramus
953 3417 968 3443 ,
1003 3377 1093 3433 sed
1128 3392 1219 3447 per
1252 3385 1399 3429 tuum
1435 3373 1606 3428 solum
1641 3372 1922 3426 auxilium.
1961 3370 2029 3424 Et
2065 3386 2197 3423 vana

653 3474 796 3529 salus
815 3473 1055 3526 hominis.
1079 3469 1176 3536 Qui
1202 3478 1380 3539 sperat
1405 3469 1456 3521 in
1488 3466 1714 3522 salutem
1747 3464 1983 3519 hominis
2004 3472 2198 3516 vanam

654 3566 755 3620 sibi
785 3580 932 3635 spem
968 3562 1238 3633 proponit.
1269 3560 1522 3629 Apertius
1552 3557 1911 3628 Symmachus
1945 3558 2204 3624 interpre-

653 3665 797 3712 tatus
820 3665 924 3717 est,
960 3653 1220 3722 adjiciens
1251 3651 1569 3720 particulam
1599 3649 1995 3718 conjunctivam
2029 3664 2092 3702 ac
2119 3648 2202 3702 di-

652 3763 780 3802 cens
818 3763 830 3798 :
872 3745 953 3799 Da
993 3745 1141 3798 nobis
1179 3743 1437 3796 auxilium
1483 3743 1547 3794 de
1599 3741 1951 3795 tribulatione.
1993 3740 2200 3794 Etenim

654 3853 787 3891 naua
817 3836 958 3887 salus
991 3834 1235 3885 hominis.

725 4013 811 4068 I4.
850 4011 915 4066 In
945 4011 1052 4065 Dea
1085 4011 1334 4079 faciemus
1369 4011 1634 4062 virtutem.
1677 4007 1970 4072 Auxiliare,
2005 4007 2200 4076 inquit,

656 4105 722 4158 iis
750 4105 839 4172 qui
874 4117 931 4156 se
960 4101 1099 4155 male
1127 4100 1344 4153 habent.
1379 4098 1458 4152 Tu
1490 4112 1724 4167 namque
1754 4097 1900 4151 solus
1929 4107 2081 4168 potes
2114 4113 2203 4151 ca-

656 4192 984 4247 lamitatibus
1014 4191 1261 4246 liberare.
1298 4187 1586 4243 Hominum
1620 4188 1761 4243 enim
1795 4189 1994 4242 auxilia
2021 4197 2072 4242 te
2096 4203 2200 4242 non

657 4295 922 4341 annuente
953 4299 1090 4338 vana
1121 4291 1264 4337 sunt.
1311 4281 1439 4351 Ejus
1471 4282 1650 4351 itaque
1700 4280 2085 4349 providentiam
2117 4280 2202 4333 in-

656 4377 990 4438 vocabimus,
1019 4374 1150 4427 etin
1175 4373 1294 4440 ejus
1321 4373 1515 4426 virtute
1545 4372 1895 4427 confidemus.
1915 4370 2037 4426 Ilaec
2059 4371 2201 4426 enim

2292 1940 2387 2009 τὴν
2417 1940 2596 2009 χάριν,
2628 1941 2779 2008 φησί’
2819 1941 2912 2004 Τίς
2944 1956 3021 2007 με
3060 1939 3273 2001 ἀπάξει
3299 1941 3385 2004 εἰς
3415 1941 3595 1992 πόλιν
3623 1937 3735 2006 τῆς
3768 1953 3864 1992 πε-

2285 2032 2532 2101 ριοχῆςς
2575 2032 2735 2084 Πόλιν
2777 2031 2834 2084 δὲ
2873 2031 3129 2101 περιοχῆς
3177 2029 3273 2099 τὴν
3330 2028 3652 2100 Ἐκκλησίαν
3696 2031 3859 2100 φησι,

2291 2125 2386 2194 τὴν
2438 2122 2955 2194 περιπεφραγμένην
2984 2125 3049 2192 τῇ
3083 2120 3175 2173 τοῦ
3217 2119 3350 2172 Θεοῦ
3397 2121 3639 2190 δυνάμει.
3677 2121 3862 2174 Ταῦτα

2291 2213 2346 2265 δὲ
2376 2216 2404 2265 ὁ
2450 2214 2732 2282 προφήτης
2769 2215 2841 2273 ὡς
2894 2213 2958 2263 ὲκ
3004 2209 3292 2280 προσώπου
3334 2209 3425 2262 τοῦ
3479 2211 3862 2280 μετανοοῦντος

2294 2299 2423 2352 λαοῦ
2473 2300 2582 2353 τῶν
2623 2300 2882 2352 Ἰουδαίων
2926 2301 3078 2368 φησὶ,
3128 2299 3218 2350 καὶ
3257 2297 3578 2366 ἀγαπῶντος
3608 2299 3863 2362 δέξασθαι

2292 2391 2392 2462 τὴν
2417 2391 2594 2443 πίστιν
2619 2391 2716 2460 τὴν
2742 2391 2820 2452 είς
2850 2389 3098 2460 Χριστόν.
3133 2391 3199 2440 Ἢ
3224 2389 3312 2452 τίς
3340 2387 3624 2455 ὁδηγήσει
3647 2406 3725 2458 με
3752 2390 3866 2456 ἕως

2295 2479 2406 2546 τῆς
2445 2480 2800 2548 Ἰδουμαίας;
2836 2480 2994 2549 Δηλοῖ
3015 2479 3098 2541 τίς
3131 2481 3275 2531 ἐστιν
3367 2478 3518 2542 πόλις
3547 2482 3644 2547 τῆς
3671 2497 3860 2551 περιο-

2296 2571 2418 2640 χῆς-
2475 2571 2570 2633 Τίς
2625 2567 2716 2623 οὖν
2767 2574 2913 2622 ἐστιν
2962 2572 2994 2639 ἢ
3042 2573 3074 2640 ἡ
3136 2571 3436 2640 Ἰ’δουμαία;
3491 2571 3621 2623 ’Λπὸ
3660 2571 3716 2624 δὲ
3765 2572 3861 2641 τῆς

2310 2662 2604 2732 Ἰδουμαίας
2646 2662 2820 2715 πάντα
2867 2661 2935 2714 τὰ
2982 2660 3107 2730 ἔθνη
3161 2661 3408 2729 σημαίνει
3460 2661 3526 2713 τὰ
3575 2661 3671 2730 τὴν
3705 2663 3864 2730 χάριν

2300 2752 2685 2821 ὑποδεξάμενα.
2742 2752 2886 2821 Οὐχί
2956 2750 3037 2804 σὺ
3091 2754 3123 2804 ὀ
3183 2751 3326 2816 Θεὸς
3387 2753 3419 2804 ὁ
3469 2751 3866 2819 ἀπωσάμενος

2299 2842 2488 2910 ἡμᾶς
2517 2842 2611 2906 Τίς
2642 2843 2817 2905 ἄλλος,
2847 2842 3028 2912 φησὶν,
3059 2843 3204 2912 ἡμᾶς
3245 2845 3324 2906 είς
3349 2843 3449 2913 τὴν
3480 2844 3631 2896 πόλιν
3664 2843 3865 2910 ἀγάγοι

2298 2934 2394 3004 τῆς
2443 2934 2762 3006 περιοχῆςῆ
2808 2935 2870 2986 σὺ
2922 2934 3102 3000 αὐτὸς,
3136 2937 3164 2986 ὁ
3215 2936 3306 2987 καὶ
3353 2936 3438 2988 διὰ
3487 2935 3584 3000 τὰς
3633 2936 3863 3004 ἀνομίας

2298 3027 2456 3096 ἡμῶν
2484 3029 2580 3095 τῆς
2614 3027 2711 3096 σῆς
2736 3024 3056 3088 οἱκειὼσεως
3082 3026 3358 3090 ἐκ6α>.ών;

2371 3117 2476 3182 Δὸς
2516 3117 2658 3185 ἡμῖν
2695 3117 2984 3184 ,βοήθειαν
3036 3117 3103 3169 ἐκ
3161 3117 3453 3184 θλίψεων,
3499 3117 3595 3170 καὶ
3640 3120 3866 3187 ματαία

2300 3207 2558 3274 σωτηρία
2587 3206 2914 3274 ἀνθρώπου.
2941 3206 3013 3261 Ού
3046 3207 3131 3260 διὰ
3156 3207 3514 3277 ἀνθρωπίνης,
3539 3208 3863 3280 φησὶ,’συμ-

2304 3299 2503 3368 μαχίας
2536 3299 2640 3350 των
2688 3297 3122 3367 ὲπελευσομένων
3152 3301 3278 3368 ἡμῖν
3311 3299 3539 3368 θλίψεων
3572 3299 3866 3371 ἐλπίζομεν

2303 3386 2857 3458 ὲλευΟερωΟήσεσΟαι,
2893 3388 3004 3440 ἀλλ’
3043 3389 3074 3458 ἢ
3128 3389 3215 3441 διὰ
3258 3391 3357 3460 τῆς
3395 3389 3492 3458 σῆς
3532 3390 3697 3459 μόνης
3743 3394 3864 3446 ὲπι-

2302 3476 2543 3546 κουρίας.
2579 3475 2687 3529 Καὶ
2709 3477 2926 3545 ματαία
2955 3477 3216 3544 σωτηρία
3244 3477 3573 3545 ἀνθρώπου.
3609 3481 3725 3545 Πᾶς
3754 3482 3866 3551 γὰρ

2302 3566 2329 3616 ὁ
2355 3566 2584 3630 ἐλπίζων
2618 3567 2707 3618 ἐπὶ
2749 3567 3020 3637 σωτηρίαν
3061 3567 3342 3639 ἀνθρώπου
3394 3571 3472 3633 είς
3501 3572 3735 3640 ματαίαν
3777 3573 3868 3626 ὲλσ

2302 3657 2430 3711 πίδα
2469 3658 2678 3728 ἤλπισε.
2725 3658 3058 3728 Σαφέστερον
3103 3661 3131 3712 ὀ
3175 3660 3466 3730 Σύμμαχος
3512 3665 3863 3733 ἡρμήνευσε,

2303 3748 2552 3819 προσθεὶς
2583 3749 2672 3802 τὸν
2721 3747 3008 3817 σύνδεσμον
3042 3749 3134 3801 καὶ
3177 3749 3362 3802 εἰπών·
3390 3749 3499 3816 Δὸς
3540 3752 3684 3819 ἡμῖν
3711 3754 3857 3819 βοή-

2303 3842 2463 3892 θειαν
2490 3840 2558 3892 ἐκ
2605 3840 2893 3907 θλίψεως·
2923 3839 3021 3893 καὶ
3054 3839 3162 3909 γὰρ
3201 3842 3418 3910 ματαία
3458 3846 3718 3912 σωτηρία
3757 3847 3866 3902 ἀνω

2303 3931 2551 3999 θρώπου.
3802 3923 3807 3926 ’

2403 4022 2617 4088 Ἐν’τῷ
2667 4024 2786 4088 Θεῷ
2833 4024 3161 4093 ποιήσομεν
3207 4025 3479 4097 δύναμιν.
3532 4031 3862 4102 Ἐπάμυνον,

2303 4115 2455 4183 φησὶ,
2498 4115 2851 4186 διακειμένοις
2885 4117 3084 4180 κακῶς.
3119 4119 3208 4172 Σοὶ
3252 4119 3396 4190 μόνῳ
3427 4119 3645 4174 δυνατὸν
3677 4122 3862 4176 διαλῦ-

2304 4220 2391 4257 σαι
2423 4204 2521 4268 τὰς
2552 4209 2851 4277 συμφοράς.
2880 4208 2948 4260 Αἵ
2975 4225 3032 4261 τε
3059 4209 3167 4262 τῶν
3197 4210 3501 4280 ἀνθρώπων
3529 4213 3861 4283 ἐπικουρίαι,

2305 4294 2396 4346 σοῦ
2431 4296 2504 4365 μὴ
2538 4296 2800 4361 νεύοντος,
2835 4297 3074 4368 μάταιαι.
3117 4299 3225 4368 Τὴν
3263 4301 3440 4354 τοίνυν
3469 4301 3632 4356 αὐτος
3671 4305 3865 4357 ἐπικα-

2302 4381 2567 4452 λεσόμεθα
2595 4384 2868 4455 πρόνοιαν,
2901 4384 2995 4438 καὶ
3027 4388 3089 4455 τῇ
3136 4386 3298 4440 αὑτοῦ
3330 4388 3552 4458 δυνάμει
3589 4390 3862 4461 θαρρήσο-

657 4468 768 4524 sola
791 4466 982 4522 sufficit
1006 4464 1070 4518 ad
1098 4463 1280 4534 gravia
1309 4478 1534 4533 qumque
1559 4463 1834 4527 solvenda,
1853 4471 1906 4517 et
1927 4463 1993 4518 ad
2023 4463 2205 4517 inimi-

2308 4491 2423 4543 μεν.
2451 4473 2594 4543 Αὕτη
2619 4474 2726 4544 γὰρ
2759 4476 2916 4545 ἀρκεῖ
2943 4475 3075 4546 μόνη
3102 4475 3258 4531 λῦσαι
3288 4477 3356 4530 τὰ
3383 4478 3608 4548 χαλεπὰ,
3634 4482 3728 4533 καὶ
3755 4483 3866 4536 τῶν

655 4574 841 4613 eorum
872 4573 973 4612 nos
1001 4555 1435 4625 impugnantium
1463 4554 1755 4623 potentiam
1777 4556 2203 4623 opprimendam.

658 4649 856 4702 Mutuis
888 4663 984 4702 ceu
1019 4648 1243 4702 vocibus
1272 4647 1672 4717 colloquuntur,
1728 4645 2018 4716 dicuntque
2056 4661 2114 4701 se
2152 4646 2206 4701 in

656 4739 773 4794 solo
804 4737 912 4792 Deo
934 4752 1081 4806 spem
1118 4737 1441 4806 reposuisse.
1474 4735 1834 4802 Quamobrem
1863 4735 1936 4789 ait
1965 4750 1980 4788 :
2016 4735 2149 4789 Cum
2176 4750 2206 4789 a

658 4830 774 4884 solo
790 4829 898 4884 Deo
921 4829 1028 4883 vim
1051 4829 1288 4884 futuram
1311 4829 1463 4884 nobis
1490 4829 1904 4898 speraverimus,
1927 4836 2056 4883 tunc
2075 4827 2206 4882 nihil

659 4936 777 4974 esse
809 4921 1055 4975 inimicos
1081 4929 1296 4975 nostros
1327 4922 1674 4991 reperiemus.

732 5010 781 5064 1.
823 5010 888 5063 In
918 5010 1072 5079 ﬁnem
1108 5012 1162 5063 in
1189 5012 1392 5079 hymnis
1423 5009 1611 5064 Dauid.
1644 5008 1978 5066 PSALMUS
2017 5009 2135 5064 LX.

1235 5101 1627 5169 Argumentum.

661 5189 874 5247 Gratias
918 5188 1025 5245 Deo
1051 5189 1213 5244 refert
1237 5205 1358 5245 cum
1385 5206 1482 5258 pro
1517 5191 1715 5259 seipso,
1747 5199 1858 5245 tum
1887 5206 1984 5261 pro
2011 5192 2205 5261 pOpulo

726 5280 956 5335 salutem
987 5297 1080 5350 per
1113 5282 1340 5350 gratiam
1372 5285 1580 5351 adepto.
1612 5282 1900 5337 Pollicetur
1930 5293 2110 5336 autem
2150 5299 2207 5338 se

731 5389 852 5429 cum
891 5374 944 5426 in
983 5374 1198 5428 aeternis
1232 5373 1436 5443 degerit
1471 5373 1840 5428 mansionibus
1878 5375 2207 5430 incessanter

729 5463 915 5517 laudes
948 5465 1294 5518 emissurum.

728 5552 785 5618 2,
819 5553 869 5606 5.
909 5551 1141 5612 Exaudi,
1180 5553 1312 5606 Deus
1337 5594 1350 5618 ,
1380 5552 1787 5619 deprecationem
1828 5571 2012 5607 meam.
2056 5554 2205 5619 Quo-

664 5643 806 5696 niam
855 5644 1142 5713 potentiam
1195 5661 1258 5698 ac
1305 5645 1638 5713 tyrannidem
1685 5646 1985 5698 daemonum
2035 5645 2208 5714 respi-

663 5734 833 5801 ciens,
867 5734 1132 5789 anxietate
1164 5737 1352 5804 plcnus
1383 5752 1534 5802 sum;
1585 5737 1703 5791 ideo
1737 5737 1991 5802 obsecro,
2041 5748 2098 5792 ut
2140 5737 2202 5792 ad

2307 4565 2680 4636 πολεμούντων
2720 4568 2849 4637 ἡμῖν
2884 4566 3182 4621 καταλῦσαι
3211 4567 3309 4639 τὴν
3352 4568 3687 4626 δυναστείαν.
3742 4572 3863 4624 Ἀλ-

2304 4654 2481 4724 λήλοις
2513 4654 2699 4726 ὥσπερ
2733 4655 3089 4725 ὲπιφωνοῦσιν
3120 4657 3210 4708 ἐπὶ
3238 4657 3315 4727 τῷ
3345 4656 3463 4726 Θεῷ
3503 4658 3650 4728 μόνῳ
3677 4658 3864 4715 λοιπὸν

2304 4745 2399 4807 τὰς
2433 4745 2650 4808 ἐλπίδας
2693 4745 2834 4815 ἔχειν
2873 4749 2970 4816 τῆς
3013 4746 3300 4817 σωτηρίας.
3346 4747 3435 4798 Διό
3479 4764 3658 4816 φησιν·
3694 4751 3827 4806 Ὅτα
3853 4770 3865 4789 ι

2305 4836 2396 4886 ἐπὶ
2428 4835 2503 4905 τῷ
2531 4835 2649 4905 Θέῷ
2685 4834 3043 4906 δυναμοῦσοαι
3073 4837 3398 4907 ἐλπίσωμεν,
3429 4838 3548 4891 τότε
3583 4840 3675 4892 καὶ
3711 4842 3863 4898 οὐδὲν

2304 4926 2458 4989 ὄντας
2486 4928 2609 4989 τοὺς
2632 4926 2855 4997 ἐχθροὺς
2889 4926 3044 4997 ἡμῶν
3075 4928 3393 4998 εὑρήσομεν.

2340 5021 2444 5084 Εἰς
2466 5019 2529 5072 τὸ
2559 5020 2728 5084 τέλος
2758 5019 2827 5071 ἐν
2857 5020 3065 5087 ὕμνοις
3088 5018 3168 5084 τῷ
3193 5020 3391 5075 Δαυτδ.
3424 5023 3727 5077 ΨΑΛΜΟΣ
3750 5024 3829 5079 ε’.

2905 5110 3221 5178 Ὺπόθεσις.

2306 5201 2657 5269 Εύχαριστίαν
2690 5200 2944 5270 ἀναφέρει
2984 5200 3100 5270 Θεῷ
3141 5201 3279 5272 ὑπέρ
3311 5219 3369 5254 τε
3402 5201 3591 5256 ἑαυτοῦ
3635 5203 3728 5256 καὶ
3765 5204 3859 5256 τοῦ

2377 5291 2632 5354 σωθέντος
2660 5291 2744 5344 διὰ
2777 5293 2871 5360 τῆς
2905 5293 3134 5356 πίστεως
3167 5293 3314 5348 λαοῦ.
3355 5293 3680 5360 Ἐπαγγέλλε
3726 5292 3774 5348 ιζ
3802 5311 3859 5347 τε

2374 5383 2464 5434 καὶ
2494 5383 2552 5434 ὲν
2579 5384 2696 5444 ταῖς
2725 5382 2958 5447 αἰωνίοις
2996 5384 3227 5452 γεγονὼς
3263 5387 3446 5455 μοναϊς
3473 5384 3859 5455 ἀκαταλήκτως

2374 5472 2711 5543 ἀναπέμπειν
2740 5472 2836 5542 τὴν
2859 5474 3076 5526 αῐνεσιν.

2378 5561 2776 5627 Είσάκουσον,
2818 5567 2850 5617 ό
2878 5564 3040 5631 Θεὸς,
3074 5564 3180 5633 τῆς
3208 5564 3469 5634 δεήσεώς
3489 5582 3627 5633 μου.
3647 5565 3859 5636 Ἐπειδὴ

2305 5654 2384 5713 είς
2429 5653 2526 5722 τὴν
2568 5652 3011 5707 καταδυναστείαν
3056 5656 3147 5709 καὶ
3180 5657 3258 5718 εἰς
3297 5657 3392 5726 τὴν
3421 5655 3712 5726 τυραννίδα
3755 5657 3860 5708 τῶν

2307 5741 2570 5810 δαιμόνων
2596 5744 2830 5814 ἀφορῶν,
2857 5745 3077 5814 ἀκηδίας
3104 5745 3483 5817 πεπλήρωμαν
3502 5746 3688 5799 τούτου
3707 5746 3859 5817 χάριν
