4034 6428
170 380 283 441 ἳ73

1297 379 1658 437 EXPOSITIO
1693 378 1758 434 IN
1802 380 2134 437 PSALMUM
2182 382 2314 437 LXI.

3320 390 3429 445 274

176 497 431 561 ἱκετεύω,
461 499 610 563 ὅπως
653 496 933 567 ἐπιφανεὶς
961 494 1058 565 τῆς
1091 492 1198 547 τῶν
1241 493 1573 564 βιαζομένων
1616 494 1755 563 ἡμᾶς

1864 503 2111 550 nostrum
2156 507 2504 566 conspectum
2540 498 2760 554 veniens
2788 500 2988 571 eripias
3023 516 3123 558 nos
3161 501 3231 559 de
3259 519 3425 559 manu

175 590 329 662 ἐξέλῃ
376 591 578 663 χειρός.
623 591 688 643 [ὸ
718 590 797 655 δὲ,
838 587 971 643 Ἀπύ
1002 585 1119 640 τῶν
1157 585 1427 653 περάτων
1469 583 1579 653 τῆς
1624 585 1754 654 γῆς,

177 682 433 754 σημαίνει
459 683 599 747 ὑπὲρ
633 684 812 754 πάσης
837 679 995 734 αὐτὸν
1026 679 1126 749 τῆς
1153 677 1476 748 οἰκουμένης
1503 676 1757 747 ποιούμε-

176 791 265 826 νον
296 775 397 837 τάς
425 774 597 838 λιτάς.
630 773 764 828 Ἀπὸ
788 772 907 827 τῶν
936 769 1204 839 περάτων
1237 767 1342 836 τῆς
1370 766 1480 837 τῆς
1510 767 1658 837 πρὸς
1685 766 1759 821 σὲ

171 866 489 936 ἐκέκραξα.
526 866 743 938 Ἐπειδὴ
773 865 882 938 γὰρ
914 865 1125 928 πολλοῖς
1153 864 1411 934 σταθμοῖς
1439 863 1472 933 ἡ
1504 859 1758 915 Βαϐυλὼν

172 958 278 1028 τῆς
312 957 677 1028 Παλαιστίνης
701 956 999 1027 ἀφέστηκε,
1028 955 1127 1018 τὰς
1164 952 1419 1024 ἐσχατιὰς
1447 950 1759 1022 ὑπελάμϐα-

172 1068 264 1105 νον
308 1051 410 1121 τῆς
458 1049 783 1120 οἰκουμένης
839 1048 1006 1101 οίκεῖν
1056 1047 1115 1130 οἱ
1152 1043 1755 1116 ἐξανδραποδισθέντες,

170 1141 440 1211 κάκείνην
495 1140 817 1210 τεταγμένοι
869 1138 969 1209 τὴν
1016 1138 1121 1207 γῆν
1172 1137 1360 1191 οἰκεῖν.
1418 1137 1521 1189 Ἐν
1572 1134 1757 1203 πέτρᾳ

167 1233 430 1302 ὕψωσάς
471 1249 568 1301 με.
615 1232 892 1284 Δείκνυσιν
944 1230 1146 1293 εὐθέως
1180 1226 1569 1291 εἰσακουσθεὶς,
1619 1227 1764 1281 κατά

167 1326 253 1378 τό·
293 1327 425 1378 Ἔτι
456 1323 572 1378 σοῦ
613 1322 983 1386 λαλοῦντος,
1014 1319 1145 1389 ἐρῶ·
1188 1318 1332 1373 Ἰδοὺ
1362 1318 1615 1387 πάρειμι.
1653 1319 1757 1371 Σα-

171 1416 290 1485 φῶς
327 1433 389 1469 τε
418 1414 679 1485 κηρύττει
721 1412 810 1466 διὰ
834 1414 979 1476 τίνος
1004 1415 1038 1483 ἡ
1070 1412 1329 1483 σωτηρία·
1367 1410 1614 1480 ὑψῶσθαι
1649 1411 1757 1481 γάρ

169 1524 341 1578 φησιν
373 1509 432 1560 ὲν
480 1506 677 1576 πέτρᾳ.
718 1506 1015 1577 Κρείττους
1060 1504 1169 1574 γὰρ
1214 1505 1309 1558 καὶ
1350 1504 1606 1574 ἀνωτέρω
1648 1502 1757 1556 τῶν

169 1598 591 1671 ἐπηρεαζόντων
627 1598 897 1669 δαιμόνων
952 1597 1251 1668 γεγόναμεν
1286 1595 1376 1651 διὰ
1402 1594 1661 1666 Χριστοῦ,
1700 1594 1759 1658 ὃς

168 1689 352 1761 πέτρα
378 1688 531 1760 παρά
551 1688 630 1759 τῷ
661 1689 914 1760 μακαρίῳ
936 1688 1132 1760 Παύλῳ
1163 1687 1600 1758 κατωνόμασται.

252 1777 591 1848 Ὠδήτησάς
634 1796 730 1848 με,
761 1777 848 1832 ὅτι
874 1777 1164 1847 ἐγενήθης
1188 1776 1364 1842 ἐλπίς
1383 1793 1521 1846 μου.
1554 1775 1617 1828 Ei
1648 1775 1755 1845 7&9

168 1872 337 1935 αὑτός
368 1873 517 1925 ἐστιν
547 1873 581 1942 ὴ
610 1871 746 1935 ὁδὸς,
778 1871 874 1925 καὶ
906 1871 1067 1933 αὐτός
1114 1871 1259 1923 ἐστιν
1302 1869 1337 1938 ή
1372 1867 1539 1939 θύρα,
1568 1865 1748 1937 δῆλον,

168 1963 256 2014 ὅτι
281 1962 382 2032 τὴν
414 1960 626 2032 ἀγαθὴν
653 1962 797 2032 ἡμᾶς
827 1960 1062 2031 βαδίζειν
1089 1960 1289 2027 διδάξει
1320 1960 1526 2030 τρίὸον,
1556 1961 1635 2023 είς
1665 1958 1754 2013 αὒ-

165 2053 265 2107 τδν
315 2051 558 2116 ἐλπίζειν
602 2052 1050 2124 παρασκευάσας.
1096 2053 1328 2121 Πύργος
1372 2052 1586 2120 ἰσχύος
1634 2050 1753 2105 ἀπὸ

167 2143 507 2213 προσώπου
539 2144 775 2213 ἐχθροῦ.
813 2144 1039 2215 Ὅμοιον
1070 2144 1145 2207 ὡς
1170 2146 1217 2195 εί
1246 2143 1413 2212 λέγοι·
1443 2144 1632 2214 Τεῖχος
1660 2144 1755 2195 καὶ

166 2236 448 2306 ἀσφάλεια
478 2235 706 2304 γέγονας
729 2235 809 2299 είς
835 2235 895 2289 τὸ
924 2235 1086 2306 μηδὲν
1116 2235 1304 2289 παθεῖν
1342 2233 1756 2305 ἐπηρεαζόντων

166 2330 283 2382 τῶν
312 2328 408 2400 ὲχθ
417 2329 545 2401 ρῶν.

244 2418 607 2487 Παροικήσω
632 2419 701 2470 ἐν
729 2417 810 2481 τῷ
830 2415 1178 2484 σκηνώματί
1203 2430 1320 2467 σου
1348 2414 1435 2477 εἰς
1462 2411 1599 2478 τοὺς
1624 2411 1757 2464 αἰῶ-

166 2526 307 2575 νας.
354 2510 474 2577 Ἀφ’
506 2502 581 2562 ὧν
632 2509 734 2578 ἤδη
781 2507 1001 2578 εἴληφεν
1045 2506 1295 2575 ἀγαθῶν,
1339 2507 1433 2560 καὶ
1478 2506 1604 2576 περὶ
1650 2504 1755 2557 τῶν

169 2599 483 2673 μελλόντων
514 2599 742 2663 ὲλπίξει³
772 2600 854 2653 ὅτι
886 2599 969 2670 δὴ,
1002 2600 1080 2663 είς
1112 2598 1208 2663 τὰς
1232 2598 1343 2651 ἄνω
1370 2597 1572 2668 σκηνὰς
1602 2613 1758 2665 γεγο-

165 2690 305 2756 νὼς,
331 2692 438 2745 ὑπὸ
468 2691 567 2761 τὴν
596 2690 759 2745 αὐτοῦ
787 2691 1079 2756 διαπαντὸς
1128 2692 1422 2761 γενήσεται
1452 2691 1683 2759 σκέπην.

249 2783 523 2849 Ἕδωκας
548 2784 954 2853 κληρονομίαν
974 2782 1099 2849 τοῖς
1124 2781 1515 2851 φοϐουμένοις
1539 2781 1605 2832 τὸ
1630 2779 1759 2832 ὄνο-

162 2874 257 2946 μά
303 2890 444 2929 σου.
489 2873 600 2925 Καὶ
648 2872 728 2936 τίς
778 2875 813 2943 ὴ
848 2872 1246 2943 κληρονομίαῆ
1292 2874 1325 2942 ἡ
1380 2871 1623 2941 βασιλεία
1651 2870 1757 2923 τῶν

164 2966 458 3038 οὐρανῶν;
508 2966 684 3019 Δεῦτε
725 2966 855 3037 7&9,
910 2966 1097 3036 φησὶν,
1140 2968 1193 3019 oi
1236 2964 1625 3035 εὐλογημένοι
1653 2963 1757 3017 τοῦ

166 3060 409 3128 Πατρός
436 3076 585 3129 μου,
617 3057 1113 3127 κληρονομήσατε
1158 3058 1271 3126 τὴν
1314 3058 1760 3127 ἡτοιμασμένην

168 3152 323 3221 ὑμῖν
361 3151 689 3216 ,ϐασιλείαν
730 3150 847 3204 ἀπὸ
883 3149 1220 3216 καταϐολῆς
1269 3151 1521 3217 κόσμου,
1567 3148 1660 3200 καὶ
1692 3148 1758 3199 τὰ

167 3243 328 3314 ἑξῆς·
362 3240 503 3294 ὥστε
532 3241 891 3312 κληρονομεῖν
920 3242 1020 3312 τὴν
1057 3238 1452 3310 βασιλείαν.τοῦ
1481 3239 1638 3305 Θεοῦ,
1668 3242 1760 3293 καὶ

164 3333 433 3404 λέγεσθαι
466 3334 558 3386 ἐπὶ
587 3333 687 3403 τῆς
714 3333 816 3403 γῆς
848 3330 1225 3402 Χριστιανούς.

262 3426 518 3494 Ἡμέρας
544 3426 635 3494 ἐφ’
662 3423 886 3493 ἡμέρας
910 3423 1018 3476 τοῦ
1041 3422 1345 3489 βασιλέως
1372 3422 1756 3493 προσθήσεις.

174 3513 453 3585 Σημαίνει
483 3515 511 3565 ὁ
541 3514 717 3580 λόγος,
761 3512 836 3575 ὡς
866 3513 959 3566 καὶ
985 3512 1142 3567 τοῦτο
1190 3514 1353 3584 μέρος
1380 3514 1482 3584 τῆς
1506 3514 1761 3585 κληρονο-

180 3606 317 3676 μίας
344 3606 511 3670 ἐστὶν,
544 3607 577 3673 ἡ
605 3602 718 3674 ζωὴ
751 3605 783 3674 ἡ
811 3602 1045 3668 αἰώνιος.
1077 3603 1247 3657 Τοῦτο
1270 3604 1377 3675 γάρ
1406 3606 1521 3656 ἐστι
1546 3603 1607 3656 τὸ
1630 3604 1762 3674 ὴμέ-

181 3714 284 3770 ρας
331 3696 551 3768 ἡμερῶν
598 3699 709 3761 τοῖς
755 3696 898 3750 ἔτεσι
948 3696 1043 3748 τοῦ
1109 3695 1372 3765 βασιλέως
1426 3694 1758 3765 προσθεῖναι.

172 3791 444 3861 Σημαίνει
486 3791 595 3859 γὰρ
643 3789 733 3841 διὰ
787 3789 896 3841 τῶν
944 3787 1164 3859 ἡμερῶν
1209 3788 1429 3858 χρόνους
1471 3788 1621 3850 τινας
1670 3788 1761 3839 καὶ

177 3882 410 3945 αἰῶνας.
439 3880 711 3949 Διαμενεῖ
739 3881 826 3946 εἰς
848 3880 954 3933 τὸν
974 3876 1158 3932 αἰῶνα
1181 3879 1436 3934 ἐνώπιον
1464 3878 1568 3933 τοῦ
1590 3878 1757 3932 Θεοῦ’

176 3971 361 4036 ἕλεος
414 3968 511 4022 καὶ
558 3966 847 4035 ἀλήθειαν
896 3968 1084 4023 αὐτοῦ
1132 3968 1222 4033 τίς
1269 3967 1616 4035 certamin-et;
1674 3964 1761 4031 Ἐξ

176 4062 534 4135 ἀναστροφῆς
564 4063 592 4114 ὁ
616 4061 791 4129 λόγος,
818 4062 906 4114 ἵνα
988 4059 1245 4122 τοιοῦτος.
1277 4059 1344 4111 Εἴ
1368 4076 1451 4123 τις
1473 4060 1760 4130 ἐκζητήσει

176 4154 244 4206 τὸ
277 4152 426 4216 ἔλεος
477 4151 641 4205 αὑτοῦ
686 4154 782 4205 καὶ
816 4153 916 4222 τὴν
960 4151 1218 4221 ἀλήθειαν
1267 4150 1459 4215 αὑτοῦ,
1503 4146 1655 4216 οὗτος
1704 4156 1761 4207 ὲν

172 4248 298 4307 τοῖς
333 4244 707 4315 ἀτελευτήτοις
746 4244 907 4297 αἰῶσι
938 4244 1181 4315 διαμένει
1213 4243 1441 4297 ἐνώπιον
1478 4245 1570 4298 τοῦ
1602 4246 1758 4299 Θεοῦ.

254 4336 448 4403 Οὕτως
480 4334 658 4405 ψαλῶ
683 4333 763 4401 τῷ
801 4336 1046 4405 ὀνόματι
1081 4350 1197 4390 σου
1234 4338 1320 4401 είς
1351 4336 1489 4402 τοὺς
1519 4336 1755 4404 αἰῶνας.

182 4426 409 4493 Οὕτως,
437 4426 584 4490 πῶς;
629 4428 662 4498 ἢ
698 4428 976 4498 διαμείνας
1006 4427 1233 4483 ἐνώπιόν
1279 4445 1370 4480 σου
1411 4429 1469 4480 ὲν
1515 4430 1590 4500 τῷ
1638 4432 1761 4500 μέλ-

1857 600 2046 641 eorum
2075 588 2168 656 qui
2196 587 2302 641 vim
2333 589 2490 644 nobis
2526 588 2786 647 inferunt.
2831 591 2962 648 Illud
2994 602 3196 660 autem,
3229 596 3272 649 A
3298 596 3424 665 ﬁni-

1859 678 1953 732 bus
2003 689 2157 735 terra:
2183 722 2201 748 ,
2242 681 2513 752 signiﬁcat
2538 698 2665 739 eum
2715 700 2813 754 pro
2845 694 2958 742 toto
2997 687 3127 742 orbe
3160 695 3427 743 terrarum

1859 772 2285 842 supplicationes
2312 773 2527 831 offerre.
2553 778 2596 831 A
2616 778 2811 845 ﬁnibus
2839 788 2994 834 terra:
3017 780 3085 833 ad
3111 791 3161 835 te
3183 780 3425 836 clmnavi.

1859 859 2127 928 Quoniam
2172 864 2498 921 stationibus
2542 868 2730 922 multis
2776 867 3012 940 Babylon
3063 884 3093 923 a
3143 868 3426 926 Palaestina

1858 951 2043 1018 distat,
2070 963 2311 1009 extrema
2338 955 2487 1011 orbis
2516 957 2821 1012 inhabitare
2852 974 2909 1013 se
2935 960 3215 1029 putabant,
3250 960 3343 1031 qui
3373 960 3427 1016 in

1858 1042 2223 1112 captivitatem
2262 1044 2478 1101 deducti
2502 1062 2621 1101 eam
2648 1056 2844 1102 terram
2874 1049 3111 1105 incolere
3138 1051 3275 1121 jussi
3316 1050 3431 1106 fue-

1859 1143 2000 1189 rant.
2032 1133 2097 1188 In
2122 1147 2273 1205 petra
2294 1138 2548 1192 exaltasti
2579 1156 2679 1193 me.
2707 1138 2957 1195 Declarat
2984 1156 3041 1197 se
3069 1142 3177 1197 cito
3206 1143 3431 1197 exaudi-

1859 1228 2166 1296 tum,juxta
2192 1230 2358 1285 illud:
2386 1230 2570 1285 Adhuc
2600 1242 2646 1285 te
2672 1230 2911 1302 loquente
2939 1234 3149 1288 dicant:
3175 1232 3310 1287 Ecce
3332 1235 3428 1287 ad-

1858 1336 1975 1373 sum
1992 1318 2056 1373 “.
2074 1321 2267 1390 Aperte
2290 1329 2472 1377 autem
2490 1323 2747 1392 praedicat
2764 1339 2859 1393 per
2881 1340 3043 1395 quem
3070 1326 3220 1380 salus
3247 1325 3429 1380 futura

1858 1410 1949 1474 sit,
1981 1411 2277 1467 exaltatum
2302 1412 2446 1467 enim
2476 1428 2533 1467 se
2564 1413 2616 1467 in
2653 1424 2801 1483 petra
2823 1414 2996 1471 fuisse
3021 1416 3119 1470 ait.
3153 1414 3431 1472 Fortiores

1857 1517 2092 1573 namque
2133 1518 2197 1557 ac
2241 1504 2556 1573 superiores
2601 1506 2742 1560 mala
2774 1506 3130 1562 inferentibus
3164 1505 3428 1562 daemoni-

1858 1595 1961 1651 bus
1986 1610 2081 1666 per
2109 1596 2383 1653 Christum
2428 1597 2605 1654 effecti
2638 1614 2851 1665 sumus,
2882 1600 2975 1669 qui
3009 1615 3040 1654 a
3067 1600 3227 1655 beato
3258 1597 3428 1654 Paulo

1858 1695 2007 1757 petra
2041 1688 2341 1757 appellatus
2363 1699 2465 1745 est.

1930 1780 1982 1834 4.
2010 1779 2286 1835 Deduxisti
2321 1797 2400 1834 me
2425 1782 2549 1851 quia
2581 1781 2754 1851 factus
2786 1798 2839 1836 es
2878 1798 2990 1851 spes
3024 1798 3159 1836 mea.
3201 1780 3258 1836 Si
3284 1781 3429 1837 enim

1858 1872 1972 1941 ipse
2004 1872 2087 1925 via
2118 1880 2237 1935 est,
2267 1883 2319 1925 et
2351 1873 2465 1942 ipse
2498 1882 2653 1942 porta
2675 1914 2689 1936 ,
2722 1874 2897 1941 palam
2940 1884 3022 1929 est
3050 1889 3175 1929 eum
3211 1887 3309 1927 nos
3333 1872 3431 1927 bo-

1857 1979 1981 2017 nam
2008 1963 2257 2019 incedere
2288 1964 2430 2018 viam
2455 1963 2800 2027 educturum,
2826 1974 2986 2034 atque
3018 1975 3335 2018 curaturum
3372 1975 3431 2017 ut

1856 2059 1910 2111 in
1934 2073 2057 2112 eum
2086 2072 2387 2127 speremus.
2410 2056 2593 2110 Turris
2620 2055 2955 2125 fortitudinis
2977 2073 3008 2107 a
3034 2055 3169 2125 {acie
3197 2056 3428 2109 inimici.

1856 2148 2025 2213 Quasi
2052 2150 2292 2203 diceret:
2332 2147 2524 2205 Turris
2566 2149 2699 2203 mihi
2736 2162 2799 2202 ac
2828 2147 3141 2216 praesidium
3176 2146 3327 2202 fuisti
3368 2156 3428 2201 ut

1857 2239 1999 2293 mala
2032 2238 2392 2294 inferentibus
2426 2240 2665 2293 inimicis
2692 2239 2829 2292 nihil
2858 2238 3043 2292 laedar.

1928 2416 1979 2471 5.
2001 2414 2312 2472 Inhabitabo
2334 2419 2386 2471 in
2405 2418 2741 2471 tabernaculo
2757 2426 2845 2469 tuo
2867 2417 2921 2469 in
2938 2413 3151 2468 sarcula.
3171 2412 3275 2468 Per
3289 2413 3429 2468 bona

1857 2525 1979 2577 quae
2006 2510 2120 2579 jam
2151 2519 2467 2579 acceperat,
2500 2510 2704 2563 factum
2753 2517 2813 2562 ut
2844 2508 2911 2562 de
2965 2505 3165 2561 futuris
3206 2514 3382 2574 speret
3412 2523 3426 2557 :

1859 2601 1987 2669 quia
2013 2602 2068 2653 in
2098 2601 2351 2669 supernis
2393 2600 2759 2654 tabernaculis
2789 2599 3149 2664 constitutus,
3180 2598 3283 2652 sub
3309 2596 3430 2668 ejus

1861 2702 2171 2764 legumento
2196 2701 2250 2747 et
2282 2692 2532 2761 praesidio
2560 2706 2773 2760 semper
2806 2692 2981 2759 deget.

1927 2786 1981 2840 6.
2028 2784 2227 2839 Dedisti
2271 2784 2632 2838 [nereditatem
2676 2781 2977 2837 timentibus
3032 2797 3214 2834 nomen
3259 2788 3427 2835 tuum.

1859 2876 2043 2947 Ecqua
2076 2876 2363 2931 hmreditas
2390 2876 2478 2929 illa
2512 2876 2616 2930 nisi
2643 2889 2870 2945 regnum
2906 2873 3216 2929 cmlorum?
3253 2872 3430 2927 Venite

1859 2969 2024 3031 enim,
2072 2968 2267 3037 inquit,
2316 2966 2572 3020 benedicti
2610 2965 2793 3022 Putris
2822 2968 2943 3026 mei.
2985 2965 3246 3034 possidete
3274 2980 3432 3033 para-

1863 3068 1970 3112 tum
1998 3058 2139 3113 vobis
2167 3074 2382 3128 regnum
2400 3074 2432 3111 a
2450 3059 2817 3111 constitutione
2841 3056 3104 3121 mundi”,
3131 3066 3185 3111 ct
3203 3066 3429 3123 caetera;

1785 3187 1828 3245 ο
1862 3149 1935 3205 ita
1962 3162 2022 3205 ut
2050 3165 2278 3221 regnum
2309 3149 2403 3205 Dei
2432 3149 2768 3220 possideant,
2798 3157 2852 3202 et
2880 3146 3177 3201 Christiani
3201 3147 3254 3201 in
3290 3157 3433 3203 terra

1860 3241 2133 3297 dicantur.

1930 3418 1983 3473 7.
2010 3416 2133 3471 Dies
2158 3432 2313 3487 super
2340 3417 2449 3470 dies
2490 3417 2622 3486 regis
2654 3413 2896 3484 adjicies.
2936 3412 3281 3485 Signiﬁcatur
3305 3427 3430 3483 par-

1863 3519 1969 3565 tem
1997 3508 2327 3564 hmreditatis
2352 3524 2472 3563 esse
2500 3509 2664 3562 vitam
2697 3516 2977 3562 aeternam.
2997 3505 3133 3559 Illud
3158 3506 3302 3560 enim
3327 3513 3430 3569 est,

1860 3602 1977 3656 dies
2008 3615 2172 3670 super
2204 3600 2320 3655 dies
2352 3601 2512 3655 annis
2544 3598 2689 3668 regis
2730 3598 2913 3667 adjici.
2962 3597 3245 3668 Signiﬁcat
3285 3597 3433 3650 enim

1862 3709 1958 3763 per
1996 3693 2112 3748 dies
2144 3700 2384 3763 tempora
2419 3691 2668 3761 quredam
2709 3699 2763 3745 et
2795 3689 3013 3745 sazcula.
3060 3687 3338 3743 Permanet
3378 3689 3433 3741 in

1863 3794 2113 3840 (uernum
2133 3786 2184 3837 in
2209 3796 2483 3853 conspectu
2507 3782 2627 3847 Dei,
2644 3782 3064 3837 misericordiam
3084 3788 3131 3834 et
3158 3782 3430 3835 veritatem

1860 3874 1972 3943 ejus
2006 3875 2122 3943 quis
2169 3874 2442 3943 requiret?
2487 3872 2823 3943 Praipostere
2862 3887 3042 3927 sermo
3081 3871 3289 3941 positus
3321 3878 3427 3937 cst,

1862 3978 1923 4023 ut
1946 3968 2059 4022 haec
2084 3968 2156 4022 sit
2179 3966 2475 4022 sententia:
2500 3964 2560 4019 Si
2582 3966 2706 4033 quis
2735 3964 2975 4034 requirat
2999 3962 3427 4017 misericordiam

1861 4068 1917 4115 et
1941 4059 2223 4113 veritatem
2263 4059 2405 4127 ejus,
2434 4056 2522 4111 hic
2557 4071 2653 4127 per
2685 4054 2898 4110 infinita
2930 4054 3128 4109 saecula
3160 4061 3342 4108 manet
3376 4052 3436 4107 in

1862 4164 2152 4225 conspectu
2184 4152 2299 4209 Dei.

1933 4333 1984 4388 8.
2028 4332 2120 4388 Sic
2146 4331 2407 4401 psalmum
2436 4331 2609 4384 dicam
2638 4329 2835 4383 nomini
2866 4338 2957 4383 tuo
2986 4329 3041 4381 in
3074 4326 3286 4382 saecula.
3319 4321 3429 4392 Sic,

1864 4422 2174 4494 quomodo,
2216 4422 2320 4477 nisi
2368 4420 2638 4476 manendo
2682 4420 2736 4473 in
2771 4428 3065 4488 conspectu
3117 4426 3213 4471 tuo
3252 4417 3309 4472 in
3347 4416 3434 4472 fu-

176 4521 329 4573 λοντι
356 4518 513 4572 αἰῶνι
535 4536 548 4583 ;
575 4520 707 4572 Τότε
733 4520 844 4589 γὰρ
871 4521 969 4589 τῆς
997 4521 1268 4591 μακαρίας
1294 4520 1507 4592 ἐκείνης
1526 4523 1755 4589 στάσεως

1870 4527 1993 4572 turo
2022 4515 2264 4572 saeculo?
2306 4514 2461 4568 Tunc
2500 4513 2646 4569 enim
2694 4512 2851 4567 beata
2893 4510 2984 4564 illa
3026 4509 3308 4564 mansione
3352 4508 3435 4563 di—

176 4611 457 4677 ἀξιωθεὶς,
482 4611 837 4675 ἀδιαλείπτως
848 4612 1152 4682 ἀναπέμψω
1173 4614 1296 4678 τοὺς
1312 4614 1534 4685 ὕμνους.
1550 4614 1754 4679 Οὕτως,

177 4703 282 4756 καὶ
310 4703 411 4756 οὐκ
443 4701 617 4766 ἄλλως
659 4701 951 4773 δοξολογῶν
992 4706 1020 4757 ὁ
1060 4704 1361 4774 ἄνθρωπος,
1392 4707 1454 4759 οὐ
1490 4706 1757 4761 παύσεται

177 4798 263 4859 εἰς
295 4794 389 4847 τὸν
430 4795 601 4848 αἰῶνα
640 4795 731 4848 τοῦ
779 4796 1068 4850 ἀποδοῦναι
1116 4798 1303 4867 Κυρίῳ
1345 4799 1441 4859 τὰς
1479 4800 1662 4870 εὐχάς.
1696 4803 1757 4855 Οἱ

180 4887 370 4939 πιστοὶ
401 4885 509 4957 7&9
552 4887 611 4939 οὐ
653 4887 912 4942 παύονται
960 4888 1171 4959 ἡμέραν
1220 4886 1278 4953 ἐξ
1321 4890 1533 4961 ἡμέρας
1576 4895 1756 4946 ἐπιτε-

177 4978 402 5042 λοῦντες
426 4978 495 5032 τά
516 4978 633 5033 θεῖα
661 4981 950 5051 μυστήρια.

258 5069 361 5131 Εἰς
388 5066 455 5119 τὸ
480 5069 668 5134 τέλος.
720 5069 865 5122 ’Υπό
899 5070 1003 5123 τοῦ
1062 5071 1330 5141 Ἰδιθοίδμ,
1381 5077 1688 5130 ΨΑΛΜΟΣ

746 5160 824 5227 τῷ
855 5163 1052 5217 Δαυΐδ.
1077 5164 1204 5218 ΞΑ’.

812 5256 825 5273 ⁸
836 5257 1144 5323 Υπόθεσις.

190 5344 251 5397 Ὀ
295 5342 528 5413 ἰδιθοὺμ
557 5338 637 5408 εἷς
660 5339 727 5416 ἦν
760 5346 868 5399 τῶν
909 5348 1251 5418 χοροστατῶν
1291 5349 1399 5403 τῶν
1429 5352 1488 5403 ἐν
1522 5351 1598 5420 τῷ
1630 5352 1757 5423 θείῳ

253 5433 390 5505 ναῷ.
421 5428 589 5500 Οὗτος
614 5440 693 5501 εἰς
724 5439 999 5511 ἁμαρτίαν
1022 5441 1345 5495 καταπεσὼν
1367 5444 1579 5514 δέχεται
1609 5446 1757 5516 παρὰ

250 5525 350 5578 τοῦ
377 5526 541 5581 Δαυῒδ
554 5530 643 5581 τὸν
663 5530 897 5601 ψαλμὸν,
918 5532 1218 5604 ἀνάκλησιν
1240 5536 1387 5605 αὐτῷ
1408 5539 1756 5609 παρασκευά-

254 5616 417 5681 ζοντα
446 5619 542 5689 τῆς
565 5621 783 5691 ἀρετῆς.
810 5624 1150 5695 Προφητεύει
1179 5626 1235 5680 δὲ
1256 5628 1311 5679 ἐν
1338 5628 1483 5699 αὐτῷ
1520 5630 1613 5683 καὶ
1661 5631 1753 5701 τὴν

256 5792 301 5821 ⁸³
341 5790 443 5846 lsa.
480 5808 639 5855 LVIII.
672 5796 724 5849 9.
801 5798 845 5828 "
875 5797 1059 5855 Matth.
1096 5754 1219 5863 xxv,
1254 5802 1337 5855 34.

1868 4618 2086 4680 gnatus,
2118 4609 2238 4664 sine
2265 4606 2373 4662 ﬁne
2398 4607 2630 4677 hymnos
2667 4603 2933 4659 emittam.
2978 4600 3070 4657 Sic
3096 4612 3151 4657 et
3183 4617 3289 4658 non
3325 4601 3434 4656 alio

1865 4701 2049 4764 modo,
2086 4699 2310 4769 gloriam
2358 4707 2412 4753 et
2450 4697 2637 4751 laudes
2679 4694 2958 4766 proferens
2992 4694 3177 4759 homo,
3220 4709 3329 4748 non
3369 4693 3435 4746 fi-

1866 4809 1989 4848 nem
2016 4792 2179 4847 faciet
2207 4793 2261 4845 in
2295 4788 2552 4845 saeculum
2594 4786 2851 4843 reddendi
2888 4784 3119 4840 Domino
3153 4793 3278 4839 vota
3311 4800 3430 4841 sua.

1866 4887 2077 4942 Fideles
2117 4901 2352 4957 namque
2392 4901 2502 4940 non
2536 4893 2752 4940 cessant
2797 4882 3042 4952 quotidie
3070 4881 3252 4936 divina
3288 4883 3434 4938 cele-

1863 4979 2023 5033 brare
2059 4977 2337 5049 mysteria.

1864 5092 1915 5143 1.
1962 5088 2025 5143 In
2063 5090 2239 5159 ﬁnem.
2282 5090 2359 5143 Ab
2407 5087 2692 5211 “ubi?!
2713 5084 3057 5141 PSALMUS
3092 5086 3196 5157 ipsi
3233 5085 3424 5140 David.

2442 5254 2843 5323 Argumentum.

1860 5346 2092 5403 ldithutn
2138 5363 2278 5402 unus
2293 5356 2412 5401 erat
2433 5362 2503 5402 ex
2526 5346 2680 5400 chori
2699 5346 3133 5404 moderatoribus
3160 5347 3214 5402 in
3243 5346 3429 5403 divino

1938 5440 2162 5510 templo.
2206 5438 2306 5493 Hic
2339 5439 2530 5509 lapsus
2571 5437 2625 5491 in
2664 5446 2946 5506 peccatum
2986 5453 3017 5491 a
3053 5436 3253 5493 Davide
3284 5438 3429 5508 psal—

1935 5549 2084 5587 mum
2132 5533 2349 5603 accipit,
2394 5531 2488 5601 qui
2519 5531 2738 5587 virtutis
2774 5530 2876 5600 ipsi
2914 5530 3425 5602 rcdintegrationem

1934 5636 2100 5695 paret.
2146 5625 2400 5682 Pradicit
2439 5635 2618 5682 autem
2670 5626 2723 5679 in
2767 5641 2830 5679 eo
2870 5625 3292 5697 redemptionem
3333 5639 3429 5695 per
