4034 6446
604 421 712 482 275

1445 421 1500 474 S.
1542 416 1913 472 ATHANASII
1942 415 2090 472 OPP.
2134 413 2313 469 PARS
2352 412 2440 469 Ill.
2474 443 2491 454 -
2519 443 2545 453 -
2581 408 2989 465 EXEGETICA.

3729 392 3839 448 276

683 534 981 591 Salvatoris
1009 529 1370 588 oeconomiam
1407 529 1503 583 toti
1537 527 1722 599 generi
1751 528 1990 582 humano
2024 524 2169 579 futu-
2197 530 2223 586 Α

2337 521 2425 576 διά
2450 521 2549 591 τῆς
2575 517 2670 572 τοῦ
2704 518 2952 588 Σωτῆρος
2968 511 3278 583 οἰκονομίας
3307 508 3470 564 παντὶ
3489 506 3567 579 τῷ
3602 505 3713 560 τῶν
3743 508 3846 561 ἀν-

684 643 798 682 ram
822 667 839 693 ,
873 624 1320 693 eversionemque
1372 620 1738 691 spiritualium
1780 619 2169 681 inimicorum;

681 718 1228 786 adhortationemque
1260 713 1469 768 inducit
1512 725 1622 782 qua
1667 727 1699 765 a
1739 716 1961 782 peccato
1992 708 2170 763 homi-

679 825 777 865 nes
801 817 1132 873 avertantur,
1180 804 1475 876 subiiciens
1509 818 1574 860 ea
1609 818 1730 872 quae
1772 801 2038 874 judicium
2079 798 2171 854 Dei

675 908 940 969 spectant.

677 988 802 1054 2,3.
834 986 1021 1041 Nonne
1053 985 1156 1039 Deo
1189 983 1423 1054 subjecta
1449 984 1548 1038 erit
1576 982 1755 1036 anima
1785 981 1941 1034 mea?
1973 977 2178 1034 Etiam-

610 1078 654 1131 si
678 1118 693 1137 .
740 1076 946 1146 inquit,
989 1085 1262 1130 commota
1300 1090 1378 1138 es,
1415 1090 1449 1129 ο
1481 1075 1664 1129 anima
1698 1087 1839 1136 mea,
1878 1079 1933 1126 et
1967 1088 1998 1126 a
2033 1080 2176 1128 statu

611 1163 824 1218 virtutis
869 1163 1036 1231 lapsa,
1069 1161 1162 1217 sed
1191 1165 1421 1217 Domino
1449 1163 1693 1232 subjecta
1727 1171 1867 1218 esto.
1897 1161 2033 1228 Quia
2064 1162 2179 1232 ipse

611 1255 707 1308 tibi
739 1254 1188 1324 patrocinabitur,
1235 1263 1287 1308 et
1312 1254 1518 1309 salvam
1564 1261 1617 1307 te
1642 1252 1807 1307 faciet
1841 1261 1902 1306 ut
1938 1268 2004 1307 ne
2039 1253 2176 1306 ultra

610 1345 1028 1400 commoveat-is.
1069 1345 1212 1399 Nam
1255 1353 1304 1398 et
1350 1346 1459 1413 ipse
1499 1343 1642 1398 Deus
1685 1361 1848 1398 meus.
1887 1342 2098 1398 Etenim
2126 1353 2180 1399 et

612 1439 728 1509 ipse
769 1439 995 1494 salutem
1031 1440 1232 1492 tribuet
1279 1438 1326 1492 ei
1350 1438 1442 1506 qui
1490 1454 1522 1491 ιι
1569 1437 1726 1491 vobis
1767 1437 1929 1492 lassus
1974 1446 2077 1502 est,
2125 1444 2181 1492 et

610 1544 838 1598 prorsus
863 1544 893 1582 a
919 1538 1093 1583 vestra
1124 1529 1469 1597 improbitate
1502 1527 1774 1582 liberabit.

680 1622 736 1675 4.
779 1620 1059 1690 Quousque
1090 1621 1296 1674 irruitis
1327 1622 1382 1673 in
1410 1620 1713 1673 hominem?
1743 1615 2021 1674 Occlamat
2049 1633 2180 1672 eon-

615 1724 694 1769 tra
730 1713 1068 1768 adversarias
1095 1722 1430 1786 potestates:
1481 1712 1609 1782 quia
1653 1711 1708 1765 in
1749 1711 1989 1766 hominis
2019 1721 2179 1765 natu-

613 1823 729 1860 ram
758 1807 822 1861 ad
858 1808 1062 1861 malum
1087 1820 1414 1876 propensam
1439 1806 1674 1869 irruunt,
1700 1820 1822 1874 quae
1843 1819 1906 1860 ea
1943 1804 2180 1859 naturali

2344 611 2574 683 θρὼπων
2599 610 2745 680 γένει
2767 607 3031 676 ἐσομένην
3052 604 3341 676 λύτρωσιν,
3381 602 3476 654 καὶ
3503 598 3611 652 τῶν
3634 596 3845 669 νοητῶν

2343 700 2550 773 ἐχθρῶν
2571 701 2669 770 τὴν
2693 699 3004 768 ἀνατροπὴν
3025 712 3040 726 ο
3071 695 3167 748 καὶ
3194 691 3510 763 παραίνεσιν
3531 687 3846 758 ἀποτροπὴν

2344 794 2540 857 κακίας
2592 793 2950 863 περιέχουσαν
2990 789 3104 850 τοῖς
3157 782 3463 855 ἀνθρώποις
3501 781 3731 847 εἰσάγει,
3777 778 3848 831 τά

2344 885 2473 956 περὶ
2499 884 2598 954 τῆς
2625 883 2855 954 κρίσεως
2893 880 3072 942 αὐτοῖς
3099 875 3482 946 ὑποτιθέμενος
3507 871 3600 925 τοῦ
3623 868 3782 924 Θεοῦ.

2341 978 2487 1046 Οὐχί
2517 975 2596 1041 τῷ
2649 969 2770 1039 Θεῷ
2802 970 3242 1039 ὑποταγήσεται
3289 968 3328 1036 ἡ
3361 964 3530 1035 ψυχή
3570 976 3726 1033 pou;
3785 960 3848 1014 Εί

2277 1071 2371 1124 καὶ
2397 1067 2742 1130 σεσάλευσαι,
2777 1063 2932 1136 φησὶ,
2955 1057 3000 1116 ὦ
3027 1061 3193 1132 ψυχὴ,
3233 1059 3328 1111 καὶ
3355 1056 3455 1126 τῆς
3489 1056 3612 1108 κατ’
3645 1051 3848 1123 ἀρετὴν

2277 1161 2538 1226 essum;
2580 1159 2846 1219 στάσεως,
2877 1154 2992 1208 ἀλλ’
3033 1149 3334 1220 ύποτάγηθι
3383 1145 3462 1218 τῷ
3488 1145 3695 1215 Κυρίῳ.
3724 1143 3850 1221 Ὅτι

2278 1254 2342 1325 δὴ
2363 1253 2522 1315 αὐτός
2563 1267 2655 1304 σου
2681 1249 2776 1304 καὶ
2809 1248 3181 1319 ἀντιλήσξεται,
3217 1244 3311 1297 καὶ
3338 1240 3502 1294 σώσει
3523 1237 3616 1292 τοῦ
3649 1236 3723 1307 μὴ
3752 1235 3850 1287 ἐπὶ

2280 1346 2462 1398 πλεῖον
2501 1340 2841 1396 σαλεύεσθαι.
2879 1339 2988 1394 Καὶ
3019 1339 3129 1407 γὰρ
3157 1334 3337 1400 αὐτὸς
3379 1331 3524 1397 Θεός
3563 1347 3703 1398 μου.
3739 1326 3852 1407 καὶ

2280 1433 2386 1505 γὰρ
2426 1432 2588 1495 αὐτὸς
2633 1429 2856 1502 παρέξει
2887 1430 2986 1498 τὴν
3025 1399 3671 1497 ξῴτηριανάδικουμένῳ
3721 1399 3852 1488 m'p.

2280 1524 2455 1595 ὑμῶν,
2491 1524 2586 1576 καὶ
2617 1518 2914 1584 ἀπαλλάξει
2939 1519 3157 1579 πάντως
3179 1514 3330 1586 ὑμῶν
3352 1514 3449 1585 τῆς
3483 1509 3805 1583 μοχθηρίας.

2354 1618 2509 1681 Ἕως
2537 1615 2682 1667 πότε
2717 1611 3053 1666 ἐπιτίθεσθε
3083 1607 3175 1661 ἐπ’
3193 1607 3541 1674 ἇνθρωπον;
3563 1601 3682 1655 Τῶν
3712 1602 3858 1654 ἀντι-

2282 1707 2547 1779 κειμένων
2565 1705 2845 1774 δυνάμεων
2872 1700 3113 1771 καταόοᾷ
3135 1715 3149 1730 ·
3173 1699 3255 1752 ὅτι
3279 1695 3344 1766 δὴ
3361 1691 3649 1761 νενευκυίᾳ
3667 1692 3735 1760 τῇ
3757 1685 3856 1740 τοῦ

2283 1797 2571 1872 ἀνθρώπου
2616 1796 2776 1866 φύσει
2832 1793 2923 1847 ἐπὶ
2977 1791 3048 1844 τά
3098 1786 3311 1858 πονηρά
3361 1782 3714 1841 ἐπιτίθενται,
3761 1779 3858 1832 καὶ

616 1899 924 1954 inﬁrmitate
956 1899 1149 1955 similis
1181 1905 1263 1952 est
1292 1898 1482 1966 parieti
1537 1870 1814 1965 inclinato,
1856 1896 2025 1950 ruina:
2055 1910 2181 1965 pro-
2213 1903 2223 1957 1

2301 1870 2444 1962 ὃμοίᾳ
2469 1905 2584 1951 πως
2613 1885 2748 1958 οὔσῃ
2773 1883 2861 1937 διά
2881 1881 2977 1952 τὴν
3004 1878 3241 1948 φυσικὴν
3271 1873 3552 1928 ἀσθένειαν
3579 1870 3859 1923 autith

615 1994 780 2058 xime,
803 1999 855 2044 et.
884 1990 1126 2044 macerie
1153 1990 1408 2058 depulsa.

685 2175 740 2231 5.
791 2174 1156 2229 Verumtamen
1206 2176 1432 2244 pretium
1487 2187 1658 2225 meum
1702 2171 2059 2241 cogitaverunt
2106 2185 2189 2223 re-

616 2269 827 2337 pellere.
855 2267 1053 2321 Parum
1079 2267 1224 2322 enim
1250 2265 1426 2320 abfuit
1452 2264 1583 2334 quin
1607 2263 1724 2333 ipsa
1742 2263 1792 2316 vi
1825 2260 2187 2317 ratiocinandi

619 2373 721 2414 nos
769 2360 1028 2428 privat-int
1054 2399 1068 2422 ,
1111 2367 1368 2430 cogentes
1415 2357 1642 2412 adorare
1684 2356 1827 2425 ligna
1867 2363 1921 2408 et
1957 2354 2186 2422 lapides,

620 2461 682 2506 ut
715 2450 988 2507 diceretur
1021 2452 1088 2506 de
1131 2451 1288 2506 nobis
1321 2467 1335 2503 :
1372 2448 1542 2501 Homo
1581 2464 1700 2500 cum
1743 2448 1800 2500 in
1827 2446 2020 2499 honore
2058 2454 2188 2499 esset

618 2561 719 2598 non
749 2543 1097 2598 intellexit".
1147 2541 1508 2595 Cucurrerunt
1537 2540 1592 2592 in
1621 2538 1730 2591 siti.
1764 2535 1940 2602 Hunc,
1974 2535 2186 2606 inquit,

619 2651 840 2692 cursum
873 2649 1108 2690 emensa:
1154 2642 1280 2687 sunt
1313 2631 1637 2687 adversaria:
1669 2637 1959 2700 potestates
1979 2669 1995 2694 ,
2033 2628 2189 2698 quasi

621 2729 868 2784 sitientes
900 2735 958 2781 ut
984 2742 1070 2780 me
1097 2727 1373 2796 privarent
1402 2723 1724 2778 honoribus.
1760 2720 1863 2776 Ore
1903 2736 1998 2773 suo
2035 2721 2190 2774 bene-

623 2819 861 2872 dicebant
906 2828 956 2871 et
1006 2819 1161 2870 corde
1208 2831 1303 2868 suo
1348 2814 1749 2866 maledicebant.
1787 2808 1902 2863 Hoc
1944 2809 2021 2862 ait
2063 2808 2191 2876 quia

622 2913 799 2967 dulcia
824 2922 876 2966 et
900 2919 1049 2982 grata
1079 2909 1235 2963 nobis
1258 2905 1633 2975 subjicientes,
1669 2917 1763 2974 per
1790 2917 1854 2956 ea
1891 2917 1992 2956 nos
2024 2900 2193 2954 male-

622 3005 877 3060 dictionis
911 3003 1051 3057 ttlios
1086 2999 1343 3054 eliiciunt.

697 3096 748 3158 '7,
781 3093 834 3147 8.
892 3091 1255 3145 Verumtamen
1290 3087 1398 3142 Deo
1419 3086 1651 3157 subjecta
1685 3095 1817 3151 esto,
1844 3085 2022 3137 anima
2055 3099 2192 3136 mea.

2288 1958 2466 2050 tolzip
2481 1979 2576 2033 καὶ
2600 1975 2987 2030 καταπίπτειν
3003 1970 3310 2040 μέλλοντι,
3330 1962 3428 2019 καί
3449 1958 3696 2032 φραγμῷ
3718 1959 3863 2012 ἀνασ-

2290 2069 2675 2146 τετραμμένῳ.

2359 2142 2532 2230 Iunis
2553 2161 2667 2230 τὴν
2689 2159 2867 2230 τιμήν
2877 2175 2995 2228 μου
3015 2151 3456 2209 ἐϐουλεύσΜο
3476 2142 3858 2230 ἀπώσασθαι.

2289 2228 2850 2320 Μόνον-ούχιγάρήκαὶ
2883 2241 3157 2299 αὐτοῦτοῦ
3191 2235 3411 2307 λογικοῦ
3451 2235 3601 2306 ἡμᾶς
3629 2228 3863 2286 ἀπεστέ-

2295 2360 2482 2415 ρησαν,
2537 2341 2666 2404 ξύλα
2715 2340 2810 2392 καὶ
2853 2336 3032 2398 λίθους
3070 2332 3477 2400 ἀναγκάσαντες
3507 2323 3859 2396 προσκυνεῖν,

2386 2436 2480 2487 καὶ
2497 2431 2749 2501 λέγεσθαι
2779 2430 2907 2499 περὶ
2940 2425 3118 2498 ἡμῶν,
3145 2424 3227 2477 ὅτι
3267 2423 3601 2489 Ἀνθρωπος
3629 2411 3864 2484 ἐντιμῇ

2289 2527 2373 2580 ὢν
2397 2527 2468 2579 οὺ
2493 2521 2783 2593 συνῆκεν.
2821 2519 3122 2588 Ἐδραμον
3147 2517 3218 2569 ἐν
3237 2513 3418 2581 δίψει.
3450 2508 3671 2573 Τοῦτον,
3702 2507 3862 2576 φησὶ,

2289 2620 2378 2673 τὸν
2406 2617 2601 2690 δρόμον
2627 2616 2846 2686 ἔτρεχον
2875 2613 2931 2665 αί
2966 2608 3338 2677 ἀντικείμεναι
3381 2602 3660 2672 δυνάμεις,
3695 2597 3867 2667 διψῶ-

2294 2728 2382 2764 σαι
2410 2707 2506 2762 τοῦ
2536 2704 2908 2777 ἀποστερῆσαί
2947 2719 3013 2772 με
3042 2700 3140 2771 τῆς
3161 2698 3345 2769 τιμῆς.
3371 2693 3456 2759 Τῷ
3480 2693 3732 2762 στόματι
3756 2691 3866 2745 αὐ-

2291 2802 2409 2854 τῶν
2429 2801 2753 2869 ηὑλόγουν,
2776 2796 2876 2850 καί
2910 2793 2981 2863 τῇ
3009 2792 3220 2861 καρδίᾳ
3255 2785 3456 2843 αὐτῶν
3495 2782 3864 2854 κατηρῶντο.

2293 2893 2462 2949 Τοῦτό
2495 2908 2679 2963 φησιν,
2706 2887 2918 2959 ἐπειδὴ,
2951 2885 3020 2938 τά
3051 2884 3180 2954 ἡδέα
3204 2882 3334 2952 ἡμῖν
3354 2876 3771 2939 ὑποϐάλλοντες,
3796 2869 3870 2926 δι’

2293 2987 2471 3043 αὐτῶν
2499 2986 2743 3054 κατάρας
2773 2983 2922 3051 ἡμᾶς
2953 2976 3312 3045 ἀποφαίνουσι
3339 2972 3525 3025 τέκνα.

2363 3075 2536 3143 Πλὴν
2561 3051 2800 3139 τῷ-Θεῷ
2837 3067 3186 3136 ὑποτάγηθι,
3227 3064 3264 3129 ἠ
3290 3057 3460 3130 ψυχή
3507 3073 3648 3126 μου.
3697 3051 3876 3106 Πάλιν

623 3187 863 3239 Rursum
897 3183 1135 3237 animam
1179 3179 1496 3250 alloquitur,
1537 3178 1605 3232 ad
1632 3175 2024 3246 subiectionem
2065 3187 2191 3243 erga

2301 3172 2360 3241 τῇ
2390 3169 2534 3238 ψυχῇ
2565 3164 2869 3232 διαλέγεται
2889 3202 2904 3228 ,
2934 3161 3033 3231 τὴν
3059 3156 3334 3225 ὑποταγὴν
3391 3151 3560 3220 αὐτῆς
3593 3147 3690 3219 τὴν
3732 3144 3875 3217 πρὸς

629 3277 796 3333 Deum
850 3278 1167 3332 cohortans.
1217 3271 1466 3327 Declarat
1511 3279 1693 3323 autem
1767 3233 2223 3337 magnitudinein‘

2301 3233 2545 3314 τδν
2578 3255 2884 3311 ἐπιτείνων.
2923 3250 3285 3304 Ἐνδείκνυται
3305 3245 3360 3298 δὲ
3387 3242 3450 3296 τὸ
3489 3237 3720 3310 μέγεθος
3757 3235 3874 3290 τῶν

627 3369 1012 3432 tentationum,
1039 3363 1281 3434 illudque
1313 3360 1557 3431 Apostoli
1588 3358 1722 3413 ait”
1753 3379 1764 3412 ε
1792 3327 2056 3422 Quoniam
2095 3370 2198 3408 non

2301 3348 2639 3422 πειρασμῶν,
2682 3345 2776 3399 καὶ
2796 3343 2856 3396 τὸ
2880 3340 2975 3396 τοῦ
3019 3337 3340 3392 Ἀποστόλου
3362 3332 3508 3400 λέγει
3529 3348 3543 3361 ·
3602 3331 3722 3380 ’Ὁτι
3758 3327 3877 3380 οὐκ

628 3463 762 3514 sinet
801 3473 890 3511 vos
931 3457 1126 3511 tentari
1171 3470 1326 3522 super
1372 3453 1427 3505 id
1468 3451 1608 3521 quod
1650 3449 1868 3517 potestis
1914 3447 2196 3498 sustinere.

2301 3443 2465 3498 ἐάσει
2492 3439 2646 3511 ὑμᾶς
2673 3432 3068 3505 πειρασθῆναι
3086 3428 3238 3497 ὑπὲρ
3264 3427 3296 3480 ὃ
3320 3425 3583 3480 δύνασθε
3613 3422 3876 3488 ὑπενεγ-

629 3550 698 3606 1n
741 3509 851 3604 Deo
870 3509 1116 3603 salutare
1162 3509 1333 3598 meum
1375 3553 1422 3596 et
1475 3509 1821 3610 gloria-mea.
1864 3537 1920 3590 In
1953 3551 2019 3591 eo
2049 3549 2197 3604 spem

2301 3534 2449 3589 κεῖν.
2493 3509 2625 3586 Ἐπί
2671 3528 2751 3595 τῷ
2775 3525 2896 3592 Θεῷ
2926 3525 2992 3579 τὸ
3020 3520 3315 3591 σωτήριόν
3352 3534 3473 3588 μου
3515 3513 3687 3610 καλὴ
3721 3509 3879 3610 (St-55a

631 3644 825 3699 salutis
849 3651 903 3697 et
925 3641 1108 3712 gloria:
1140 3635 1370 3708 positam
1402 3633 1593 3687 habeo.
1627 3631 1682 3685 Id
1710 3639 1791 3685 est
1824 3670 1840 3695 ,
1880 3628 1994 3697 ipse
2023 3642 2108 3680 me
2147 3633 2203 3679 et

2301 3645 2434 3698 μου.
2481 3624 2603 3678 Ἐπὶ
2653 3619 2800 3692 αὐτῷ
2837 3617 2934 3689 τῆς
2968 3613 3242 3685 σωτηρίας
3284 3609 3390 3712 καὶζ
3423 3607 3521 3676 τῆς
3575 3601 3734 3706 δδξης
3766 3599 3879 3712 ἔχω

631 3687 825 3699 ...η--.υ
851 3687 1106 3712 ww---“
1140 3687 1233 3708 τ--
1826 3687 1838 3695 ,
1900 3687 1916 3697 _

630 3736 875 3800 salvum,
932 3742 987 3788 et
1049 3729 1345 3802 gloriosqu
1410 3725 1776 3792 victoremque
1829 3733 2020 3775 eorum
2089 3715 2200 3771 elli-

2301 3687 2398 3787 τὴν
2418 3713 2626 3767 ἐλπίδα.
2657 3687 2967 3771 Τουτὲστιν,
3010 3703 3173 3763 αύτός
3211 3715 3277 3770 με
3307 3696 3401 3750 καὶ
3439 3691 3734 3765 περισώσει
3778 3687 3879 3743 καὶ

630 3831 756 3886 ciet.
860 3784 875 3800 ν
1049 3784 1079 3802 υ
1689 3784 1705 3792 ’
2302 3784 2543 3870 ἐπίδοξον
2567 3805 2803 3872 ποιήσει,
2835 3795 3062 3866 νικητὴν
3087 3789 3290 3844 τούτων
3313 3784 3707 3857 ἐργασάμενος.

703 3919 1104 3993 [Verumtamen
1153 3915 1257 3969 Deo
1301 3912 1530 3981 subjecta
1568 3918 1700 3971 esto,
1727 3909 1903 3960 anima
1927 3921 2058 3959 mea.
2095 3903 2200 3957 Pa-

631 4027 752 4066 rum
785 4010 939 4064 abest
966 4007 1097 4078 quin
1128 4021 1228 4060 nos
1259 4001 1619 4058 ratiocinandi
1649 4015 1748 4053 usu
1774 3997 2056 4067 privarint,
2077 4009 2200 4049 cum

633 4103 1011 4160 necessitatem
1061 4098 1219 4153 nobis
1271 4096 1612 4149 induxerunt
1655 4088 1915 4144 adorandi
1960 4087 2104 4156 ligna
2151 4098 2205 4139 et

633 4196 862 4267 lapides.
905 4194 978 4247 ita
1010 4201 1068 4245 ut
1089 4191 1155 4245 de
1200 4189 1358 4242 nobis
1388 4186 1600 4240 dicatur
1627 4201 1641 4236 :
1681 4180 1850 4233 (fama
1875 4194 1994 4231 cum
2021 4179 2076 4231 in
2111 4177 2206 4229 hoc

635 4305 762 4343 nare
787 4295 920 4340 esset
959 4300 1059 4338 non
1091 4279 1372 4335 intellexit.
1423 4275 1528 4331 Sed
1564 4275 1640 4328 illi
1672 4272 1913 4342 quidem,
1955 4285 1989 4323 ο
2022 4268 2203 4322 anima

637 4393 792 4445 mea,
828 4375 1138 4446 huiusmodi
1171 4380 1298 4428 sunt
1326 4389 1340 4424 :
1367 4379 1422 4424 tu
1454 4378 1636 4422 autem
1672 4364 1907 4432 subjecta
1938 4370 2048 4414 esto
2092 4373 2206 4413 ser-

637 4470 796 4529 vituti
821 4469 962 4539 ejus.
992 4464 1195 4521 Deinde
1222 4461 1386 4518 infert
1412 4478 1426 4514 :
1452 4457 1692 4526 ldipsum
1721 4455 1790 4508 ab
1826 4453 1916 4506 illo
1941 4466 2027 4504 me
2047 4463 2207 4519 spero

2374 3915 2585 3989 [Πλὴν
2601 3912 2681 3978 τῷ
2706 3909 2828 3975 Θεῷ
2858 3904 3207 3985 ὑποτάτηθι,
3238 3901 3279 3968 ἠ
3310 3895 3480 3968 ψυχή
3498 3911 3637 3965 μου.
3671 3893 3880 3947 Μονον-

2303 3985 2424 4080 ουχὶ
2477 4007 2586 4077 γὰρ
2614 4006 2707 4058 καὶ
2737 3999 2901 4056 αὑτοῦ
2931 3997 3023 4052 τοῦ
3051 3990 3268 4064 λογικοῦ
3299 3992 3443 4062 ἡμᾶς
3472 3985 3878 4057 ἀπεστέρησαν,

2305 4072 2440 4171 ξύλα
2467 4072 2569 4153 καὶ.
2591 4095 2769 4157 λίθους
2823 4088 3230 4158 ἀναγκάσαντες
3259 4079 3584 4152 προσκυνεῖν
3606 4115 3622 4139 ,
3670 4074 3746 4136 ὡς
3785 4072 3882 4125 καὶ

2304 4162 2558 4264 λέγεσθαι
2605 4188 2734 4257 περὶ
2789 4181 2978 4253 ὴμῶνο
3010 4181 3342 4264 Ἄνθρωπος
3371 4171 3442 4223 ἐν
3489 4165 3627 4264 τιμῇ
3677 4162 3881 4264 ὢν⁸

2305 4285 2600 4354 συνῆκεν.
2643 4279 2778 4333 Ἀλλ’
2803 4276 2999 4329 ἐκεῖνοι
3029 4270 3146 4340 μὲν,
3177 4260 3222 4318 ὦ
3243 4265 3409 4335 ψυχὴ,
3435 4259 3696 4314 τοιοῦτον
3733 4257 3798 4309 σὺ
3824 4255 3882 4308 δὲ

2306 4376 2635 4443 ὑποτάγηθι
2688 4371 2786 4440 τῆς
2843 4364 3084 4424 δουλείας
3140 4357 3324 4412 αὑτοῦ.
3384 4349 3515 4407 Εἶτα
3546 4350 3763 4418 ἐπάγει,
3798 4348 3882 4401 ὅτι

2309 4472 2448 4534 Aine
2477 4467 2636 4522 τοῦτο
2668 4463 2796 4532 παρ’
2829 4456 2991 4515 αὑτοῦ
3017 4449 3243 4516 ἐλπίζω,
3285 4449 3345 4502 τὸ
3376 4445 3646 4516 σωτηρίας
3672 4443 3881 4510 τυχεῖν..

639 4533 1012 4632 accepturum,
1044 4555 1294 4609 videlicet
1329 4550 1560 4606 salutem
1590 4561 1676 4600 me
1704 4545 1875 4614 ipsius
1904 4537 2208 4612 patrocinio

2311 4556 2862 4631 ἀντιλαμϐανομένου,
2887 4551 2982 4604 καὶ
3010 4548 3084 4618 μὴ
3104 4539 3508 4616 συγχωροῦντος
3537 4533 3884 4632 μετανάστην

639 4661 1103 4715 consecuturum;
1158 4660 1336 4716 neque
1373 4643 1522 4698 enim
1555 4641 1697 4695 sinet
1746 4653 1832 4691 tne
1876 4636 2206 4690 desertorem

640 4763 705 4802 ac
733 4742 1070 4813 transfugam
1095 4739 1164 4794 ab
1189 4738 1310 4807 ipso
1337 4749 1481 4796 esse,
1514 4733 1630 4787 sive
1655 4731 1708 4786 in
1739 4728 1886 4782 aliud
1908 4725 2211 4781 dominium

643 4836 954 4895 transferri.
977 4833 1106 4888 Inde
1131 4830 1334 4902 quippe
1369 4827 1599 4883 salutem
1632 4829 1891 4892 exspecto
1917 4817 2212 4874 auxilium-

644 4946 750 5002 que
785 4929 978 4999 ipsius,
1010 4929 1138 4996 quia
1165 4925 1222 4978 in
1249 4937 1316 4978 eo
1349 4934 1498 4989 spem
1534 4915 1752 4986 reposui
1789 4910 2016 4980 meam]

717 5019 772 5074 9.
806 4997 1032 5087 Sperate
1079 5015 1135 5068 in
1184 5029 1243 5065 eo
1289 5011 1456 5064 omnis
1507 5003 1838 5076 congregatio
1881 4997 2210 5069 populorum.

647 5110 943 5178 Postquam
972 5107 1026 5161 in
1061 5105 1180 5174 ipso
1220 5102 1399 5173 primo
1431 5110 1655 5153 cursum
1699 5100 1980 5164 paraverat
2009 5089 2074 5144 ad
2102 5105 2216 5158 pa:-

648 5200 956 5263 nitentiam,
992 5197 1057 5250 ad
1087 5195 1321 5264 idipsum
1356 5191 1496 5245 alios
1535 5188 1877 5248 cohortatur,
1911 5192 2072 5251 atque
2111 5194 2218 5234 una

650 5291 965 5363 preplietico
1005 5303 1100 5342 ore
1144 5286 1388 5340 omnium
1436 5280 1676 5350 gentium
1710 5276 2052 5330 vocationem
2093 5287 2221 5341 pra:-

652 5388 883 5442 nuntiat.
935 5381 1206 5453 Eﬂ'undite
1238 5395 1418 5433 coram
1451 5376 1545 5429 illo
1579 5374 1743 5428 corda
1774 5383 1962 5426 vestra.
1990 5367 2220 5423 Perinde

650 5490 729 5535 est
763 5493 825 5531 ac
852 5479 895 5532 si
920 5478 1119 5530 diceret
1147 5491 1159 5528 :
1195 5471 1270 5525 Ne
1294 5467 1531 5525 accedite
1559 5466 1626 5518 ad
1654 5479 1778 5518 eum
1800 5461 1962 5515 corde
1992 5459 2215 5527 duplici.

655 5569 758 5624 Sed
809 5577 866 5620 ut
911 5566 1170 5632 scriptum
1215 5559 1358 5615 est”
1403 5577 1416 5610 ε
1467 5553 1665 5623 Diliges
1719 5550 2001 5602 Dominum
2051 5545 2218 5599 Deum

655 5674 803 5717 tuum
835 5674 900 5712 ex
928 5667 1034 5709 toto
1062 5655 1214 5707 corde
1247 5663 1335 5704 tuo
1361 5658 1412 5703 et
1435 5663 1499 5702 ea:
1526 5655 1637 5699 tota
1665 5651 1831 5696 mente
1861 5650 1972 5692 tua.

725 5865 768 5896 ἐ
799 5863 942 5919 Psal.
978 5875 1166 5925 m'nt,
1197 5859 1284 5914 21.

2309 4620 2562 4722 γενέσθαι
2594 4620 2693 4700 καὶ.
2709 4641 2923 4713 φυγάδα
2951 4640 3043 4692 ἀπ’
3071 4634 3257 4696 αὑτοῦ,
3280 4633 3396 4703 ἤτοι
3429 4623 3744 4680 δεσποτείαν
3769 4620 3888 4674 ἑτέ-

2313 4713 2412 4816 ραν
2441 4737 2793 4806 ἀλλάξασθαι.
2835 4731 3075 4787 Ἐκεῖθεν
3097 4729 3205 4799 γὰρ
3251 4719 3533 4797 προσδοκῶ
3569 4717 3663 4771 καὶ
3715 4713 3886 4816 fixa:

2315 4801 2458 4902 σθαι,
2494 4801 2607 4886 καὶ-
2620 4830 2681 4883 τὸ
2711 4823 3041 4898 βοηθεῖσθαι,
3077 4824 3140 4874 ὲκ
3163 4817 3258 4872 τοῦ
3284 4814 3370 4868 ιτς
3396 4811 3558 4866 αὐτὸν
3580 4801 3885 4875 unum]

2396 4993 2718 5050 Ἐλπίσατε
2745 4984 2837 5039 ἐπ’
2870 4981 3092 5044 αὐτὸν,
3135 4975 3303 5031 πᾶσα
3345 4963 3667 5036 συναγωγὴ
3694 4959 3884 5017 λαῶν.

2329 5087 2416 5138 Ἐν
2451 5083 2599 5152 αύτῷ
2631 5076 2831 5149 πρώτῳ
2860 5065 3284 5142 παρασκευάσας
3336 5060 3428 5114 τὸν
3470 5058 3571 5119 είςο
3598 5050 3888 5126 μετάνοιαν

2316 5177 2532 5247 δρόμον,
2560 5144 2654 5226 καὶ
2677 5144 2812 5232 τοὺς⁷
2828 5165 3016 5228 ἄλλους
3045 5165 3124 5224 εἰς
3149 5157 3306 5212 τοῦτο
3327 5148 3653 5224 παρακαλεῖ,
3690 5145 3809 5216 ἅμα
3833 5144 3890 5195 δὲ

2320 5270 2410 5322 καὶ
2446 5261 2922 5337 πῳφητικὼτερον
2957 5255 3055 5326 τὴν
3083 5251 3188 5306 τῶν
3207 5246 3377 5303 ὲθνῶν
3404 5244 3618 5298 πάντων
3655 5254 3890 5307 προανα-

2323 5359 2492 5428 φωνεῖ
2517 5354 2728 5423 κλῆσιν.
2771 5349 3049 5418 Ἐκχέιιτε
3089 5341 3344 5396 ἐνώπιον
3385 5331 3571 5389 αὑτοῦ
3602 5331 3708 5394 τὰς
3758 5345 3894 5394 καρ-

2322 5420 2455 5513 δίας
2493 5420 2680 5516 mulir.
2733 5444 2954 5512 Ὅμοιον
3010 5437 3141 5490 ὡσεὶ
3190 5433 3372 5501 λέγον
3422 5426 3514 5496 Μὴ
3561 5420 3893 5495 προσέλθητε

2325 5540 2472 5610 αύτῷ
2498 5542 2554 5592 ἐν
2584 5535 2779 5608 καρδίᾳ.
2804 5535 2959 5602 δισσῇ
2981 5549 2993 5560 ·
3021 5529 3135 5583 ἀλλ’
3164 5526 3239 5588 ὡς
3273 5523 3581 5594 γέγραπται
3599 5533 3610 5544 ·
3657 5518 3894 5580 Ἀττικη-

2326 5605 2455 5700 (fere
2490 5605 2707 5699 Κύριον
2733 5605 2838 5680 τὸν
2885 5624 3034 5678 Θεόν
3059 5637 3176 5674 σου
3205 5615 3274 5680 ἐξ
3303 5613 3450 5679 ὅλης
3489 5606 3595 5676 τῆς
3650 5605 3891 5672 καρδίας

2331 5743 2468 5788 σου,
2507 5721 2605 5777 καὶ
2637 5721 2703 5786 ἐξ
2732 5719 2878 5784 ὅλης
2904 5713 3008 5781 τῆς
3035 5711 3299 5774 διανοίας
3339 5719 3474 5759 σου.

1364 5858 1405 5886 ’τ
1438 5854 1454 5907 l
1485 5853 1607 5910 Cor.
1645 5870 1698 5917 λ,
1740 5851 1820 5904 l3.
1900 5848 1942 5881 ⁸⁸
1969 5844 2158 5902 Matth.
2197 5861 2334 5908 χιιι,
2372 5841 2457 5896 57.
