4034 6438
212 360 321 416 277

289 480 465 551 Πλὴν
482 479 720 550 μάταιοι
745 481 798 535 ol
824 479 933 534 υἱοὶ
966 478 1083 532 τῶν
1110 478 1452 548 ἀνθρώπων.
1483 480 1674 543 Εἰδὼς,
1709 482 1789 533 δτι
1819 490 1864 541 Α

214 574 423 638 πάντες
458 570 698 637 δέξονται
729 572 827 644 τὴν
854 571 940 624 διά
969 570 1062 624 τοῦ
1098 572 1429 640 Εὐαγγελίου
1459 573 1673 643 κλῆσιν,
1696 592 1792 627 τα-

214 665 425 731 λανίζει
462 666 588 729 τοὺς
621 665 698 737 μὴ
724 664 1098 727 πιστεύοντας,
1134 665 1227 718 καὶ
1255 665 1490 735 μάλιστα
1534 668 1660 729 τοὺς
1685 666 1794 719 τῶν

227 756 505 812 Ἰουδαίων
529 757 867 828 καθηγητὰς,
890 756 939 810 οἳ
966 756 1060 810 καὶ
1082 756 1295 825 ψευδεῖς
1312 754 1473 827 ἦσαν,
1493 757 1586 811 ἆτε
1612 758 1673 829 δὴ
1698 758 1794 829 τὴν

214 848 478 921 ἀλήθειαν
509 849 913 919 ἀπωθούμενοι·
947 850 1041 904 καὶ
1062 849 1120 901 ού
1160 849 1318 920 μόνον
1350 850 1497 921 ζυγῷ
1526 852 1618 905 καὶ
1663 867 1795 904 στα-

212 942 379 1012 θμοῖς
413 941 512 1013 τὴν
554 942 767 995 ἀδιοκίαν
807 941 1149 1012 ἐπετήδευον,
1179 941 1315 994 ἀλλά
1362 943 1454 995 καὶ
1504 944 1796 1013 συνήγοντο

210 1033 311 1085 ἐπὶ
334 1033 676 1104 ματαιότητι.
711 1034 954 1096 Μάταιος
981 1032 1089 1105 γὰρ
1126 1033 1342 1104 ἀληθῶς
1389 1036 1420 1103 ἡ
1453 1035 1581 1106 παρ’
1616 1031 1795 1086 αὐτῶν

211 1121 361 1175 κατά
390 1123 486 1177 τοῦ
510 1125 760 1197 Σωτῆρος
788 1125 1066 1197 ἐπιϐουλή.
1093 1124 1190 1193 Μὴ
1233 1125 1498 1185 ἐλπίζετε
1549 1125 1641 1178 ἐπ’
1673 1124 1797 1178 ἀδι-

209 1213 359 1267 κίαν
390 1215 490 1268 καὶ
519 1216 617 1269 ἐπὶ
645 1215 923 1286 ἅρπαγμα
937 1216 1022 1285 μὴ
1044 1217 1393 1270 ἐπιποθεῖτε.
1455 1215 1624 1269 Τοῦτό
1664 1235 1796 1288 φησι

207 1306 357 1376 πρὸς
387 1307 602 1371 αὐτοὺς,
628 1309 813 1379 ἐπειδὴ
838 1309 1150 1373 πλεονεξίας
1172 1310 1357 1362 ἕνεκεν
1397 1308 1795 1361 ἐπεϐούλευσαν

208 1397 388 1467 αὐτῷ,
419 1399 729 1463 ἐλπίζοντες
749 1400 848 1464 τὰς
869 1403 932 1454 ὲκ
958 1401 1049 1455 τοῦ
1073 1400 1237 1469 νόμον
1261 1401 1638 1472 καρποφορίας
1661 1405 1795 1472 παρ’

209 1489 399 1543 αὐτῶν
424 1491 743 1561 λαμϐάνειν.

286 1581 479 1647 "Anuli
509 1584 817 1654 ἐλάλησεν
849 1589 882 1641 ό
918 1586 1082 1653 Θεὸς,
1124 1586 1235 1641 δύο
1280 1587 1467 1642 ταῦτα
1519 1587 1790 1657 ἤκουσα·

210 1671 393 1725 ὅτιτὸ
422 1673 638 1743 κράτος
664 1678 769 1731 τοῦ
804 1678 973 1733 Θεοῦ.
1024 1679 1387 1750 Ἀπεφήνατο,
1438 1681 1591 1750 φησὶ,
1640 1679 1794 1749 λόγον

205 1762 346 1835 περὶ
369 1766 469 1835 τῆς
494 1767 730 1839 κρίσεως
748 1771 775 1822 ὁ
798 1768 951 1833 Θεὸς,
975 1768 1044 1822 δι’
1065 1763 1128 1823 οὗ
1147 1770 1319 1824 ταῦτα
1342 1770 1409 1823 τὰ
1439 1770 1531 1824 δύο
1556 1772 1790 1843 ἀκήκοα·

1337 356 1699 414 EXPOSITIO
1736 356 1801 413 IN
1842 355 2175 413 PSALMUM
2222 354 2382 411 LXII.

3363 352 3468 405 9.78

1968 480 2064 543 10,
2121 479 2207 533 ll.
2264 476 2625 531 Verumtamen
2675 475 2789 528 vani
2851 473 2951 541 ﬁlii
3004 472 3304 534 hominum,
3360 482 3467 525 ete.

1899 574 2114 629 Gnarus
2160 588 2351 626 omnes
2400 569 2674 639 Evangelii
2737 567 3073 622 vocationem
3129 574 3469 633 accepturos,

1898 663 2141 717 infelices
2194 661 2455 731 prredieat
2502 675 2597 713 eos
2666 658 2760 726 qui
2813 672 2920 710 non
2987 655 3250 710 credituri
3313 662 3469 715 sunt,

1898 756 2134 810 maxime
2168 770 2293 807 vero
2324 752 2637 806 Judteorum
2685 750 2998 820 magistros,
3034 749 3127 816 qui
3160 756 3215 800 et
3249 746 3473 799 menda-

1898 863 1988 903 ces
2021 855 2198 909 erant,
2228 855 2414 914 utpote
2450 846 2542 913 qui
2576 860 2607 897 a
2640 844 2865 898 veritate
2896 841 3098 910 repulsi
3129 840 3381 894 fuissent.
3408 836 3474 890 Et

1898 956 2006 993 non
2038 940 2198 993 modo
2238 938 2543 992 bilancihus
2576 946 2628 989 et
2662 936 2880 989 stateris
2905 932 3223 1002 injustitiatn
3250 944 3471 985 exerce-

1901 1029 2049 1094 bant,
2074 1029 2167 1083 sed
2201 1028 2366 1082 etiam
2392 1043 2487 1096 pro
2518 1027 2756 1079 vanitate
2787 1024 3277 1093 congregabantur.
3306 1018 3471 1073 Vauze

1898 1119 2097 1190 quippe
2135 1118 2355 1173 luerunt
2401 1132 2593 1171 eorum
2638 1117 2900 1170 adversus
2952 1115 3283 1168 Salvatorem
3335 1112 3467 1165 insi-

1898 1211 2020 1266 diae.
2058 1209 2239 1263 Nolite
2264 1225 2474 1278 sperare
2523 1209 2577 1261 iu
2613 1207 2921 1277 iniquitate,
2950 1216 2999 1258 et
3037 1206 3279 1271 rapinam
3309 1203 3470 1253 nolite

1898 1303 2279 1372 concupiscere.
2320 1298 2435 1353 lloc
2486 1299 2562 1352 ait
2610 1297 2718 1351 illis
2748 1297 2873 1366 quia
2903 1295 3144 1348 avaritia:
3187 1308 3351 1346 causa
3390 1290 3470 1342 in-

1898 1395 2075 1450 sidiati
2106 1405 2233 1449 sunt
2257 1394 2354 1459 illi,
2385 1401 2669 1463 sperantes
2696 1391 2830 1457 legis
2855 1408 2911 1444 se
2942 1388 3179 1442 fructum
3212 1394 3468 1453 acceptu-

1897 1500 1989 1540 ros
2024 1485 2092 1539 ab
2117 1500 2200 1539 eo.

1968 1575 2055 1629 12.
2100 1574 2270 1629 Semel
2300 1575 2505 1629 locutus
2533 1585 2607 1629 est
2636 1574 2796 1638 Deus,
2840 1574 2943 1625 duo
2973 1572 3082 1625 hac
3106 1569 3318 1622 audivi:
3343 1566 3468 1636 quia

1897 1678 2124 1731 potestas
2164 1668 2262 1723 Dei
2302 1680 2403 1734 est,
2445 1677 2551 1723 ctc.
2597 1666 2763 1729 Deus,
2803 1665 3001 1734 inquit,
3028 1660 3327 1717 declaravit
3352 1673 3468 1711 ser-

1896 1776 2113 1816 monem
2150 1762 2216 1816 de
2240 1762 2478 1831 judicio,
2511 1778 2577 1815 ex
2607 1776 2718 1830 quo
2754 1759 2867 1813 haec
2898 1758 3007 1809 duo
3036 1752 3218 1808 audivi
3250 1769 3265 1806 :
3300 1766 3469 1804 unum

207 1854 272 1907 ἐν
304 1855 425 1926 μὲν,
460 1858 541 1912 ὅτι
574 1863 686 1923 τοῖς
732 1862 829 1932 μὲν
874 1861 1140 1933 δεηθεῖσιν
1195 1863 1365 1934 ὀργῆς
1413 1863 1502 1916 διὰ
1538 1842 1657 1936 τὴν
1686 1865 1793 1919 τῶν

1900 1854 2135 1924 quidem,
2157 1855 2303 1923 quod
2336 1854 2400 1908 iis
2423 1854 2513 1922 qui
2543 1870 2638 1922 per
2665 1861 3008 1921 peccatorum
3040 1842 3467 1915 magnitudinem

204 1949 629 2021 ἁμαρτημάτων
669 1954 973 2025 ὑπερϐολὴν
1024 1954 1193 2027 ὀργὴν
1238 1954 1539 2009 ἀποδώσει·
1580 1959 1694 2020 τοῖς
1737 1957 1794 2009 δὲ

202 2038 337 2103 ἄξια
366 2044 724 2113 πεποιηκόσιν
760 2044 935 2111 ἐλέου,
960 2047 1223 2117 ἁπονέμοι
1241 2046 1408 2100 ἔλεον.
1428 2048 1500 2099 Τὸ
1525 2048 1633 2119 γὰρ
1654 2046 1794 2116 κρά-

201 2146 310 2195 τος
333 2131 434 2203 τὴν
462 2133 632 2205 ὀργὴν
662 2136 1045 2207 ὑποσημαίνει,
1078 2139 1172 2191 καὶ
1204 2138 1302 2207 τὴν
1342 2138 1644 2208 ἀποτομίαν
1694 2138 1794 2209 τὴν

204 2222 357 2276 κατά
380 2222 491 2277 τῶν
527 2226 694 2293 ἀξίων
727 2229 898 2298 αὐτῆς
928 2229 1249 2300 γενομένην.

247 2356 334 2423 Τῷ
362 2360 545 2415 Δαυῒδ
586 2363 654 2439 ἐν]
691 2363 770 2439 τῷ
800 2362 951 2439 εἶναι
984 2368 1171 2421 αὐτὸν
1192 2368 1262 2421 ἐν
1292 2367 1365 2435 τῇ
1412 2369 1608 2439 ἐρήμῳ
1645 2369 1755 2438 τῆς

608 2434 910 2502 Ἰουδαίας.
949 2438 1255 2492 ΨΑΛΜΟΣ
1281 2434 1406 2492 ΞΠ.

832 2550 844 2567 ⁸
858 2551 1164 2619 Υπόϐεσις.

200 2658 322 2715 Καὶ
347 2661 537 2715 τοῦτον
570 2663 667 2733 μὲν
701 2663 817 2736 ᾄδει
845 2664 937 2717 τὸν
961 2664 1195 2735 ψαλμὸν,
1236 2665 1452 2735 φεύγων
1482 2666 1589 2720 ἀπὸ
1627 2683 1793 2738 προσ-

276 2752 433 2809 ώπου
466 2757 659 2821 Σαοὺλ,
709 2760 803 2811 καὶ
853 2758 940 2811 διὰ
972 2758 1070 2826 τῆς
1116 2758 1257 2812 κατὰ
1301 2761 1394 2812 τὸν
1441 2759 1553 2829 βίον
1593 2761 1792 2831 ἀρετῆς

279 2848 708 2919 ἐπικαλούμενος
738 2851 818 2912 είς
848 2849 1100 2920 βοήθειαν
1127 2851 1216 2904 τὸν
1238 2852 1388 2906 Θεὸν.
1440 2853 1792 2923 Ἀναφέρεται

275 2941 338 2995 δὲ
366 2942 461 2995 καὶ
486 2945 566 3007 εἰς
590 2944 688 3014 τὴν
716 2943 893 3016 ψυχὴν
926 2946 1026 3015 τὴν
1070 2944 1235 2999 πάλαι
1287 2947 1344 2997 ὲν
1377 2945 1582 3017 ἐρημίᾳ
1628 2964 1786 3015 γεγο-

280 3037 436 3087 νυῖαν
462 3036 664 3100 παντὸς
692 3037 921 3105 ἀγαθοῦ,
955 3033 1071 3090 εἷτα
1100 3039 1532 3109 ἐπιστραφεῖσαν
1566 3043 1632 3111 τῇ
1660 3041 1790 3111 Χρι-

286 3129 413 3179 στοῦ
454 3129 659 3200 χάριτι.

1898 1943 2033 1998 iram
2067 1946 2389 2015 expetierint
2411 1986 2426 2009 ,
2457 1946 2593 1998 iram
2627 1944 2890 2007 daturus;
2922 1942 2991 1994 iis
3025 1951 3150 1993 vero
3181 1937 3274 2006 qui
3305 1949 3471 2002 opera

1896 2036 2284 2091 misericordia:
2335 2037 2497 2106 digna
2567 2035 2970 2107 perpeti-arint,
3038 2028 3469 2085 misericordiam

1894 2133 2236 2199 praestitm'us
2259 2132 2348 2186 sit.
2382 2132 2515 2186 Illud
2541 2132 2709 2195 enim,
2738 2141 2987 2199 potestas,
3021 2127 3155 2179 iram
3202 2122 3471 2191 signiﬁcat

1896 2230 2056 2291 atque
2090 2221 2329 2276 furorem
2366 2224 2627 2276 adversus
2679 2236 2776 2275 eos
2809 2220 2903 2288 qui
2947 2217 3147 2271 fuerint
3180 2213 3256 2266 ira
3295 2211 3463 2279 digni.

1897 2355 1948 2408 tl.
1992 2354 2103 2426 Ipsi
2143 2356 2333 2420 David,
2373 2375 2487 2411 cum
2516 2369 2646 2409 esset
2676 2359 2731 2409 in
2767 2358 2969 2409 deserto
3002 2355 3226 2408 Jtula’w.
3266 2348 3472 2405 l‘S.lL-

2503 2427 2649 2481 ML'S
2688 2426 2869 2479 LXII.

2472 2550 2872 2618 Argumentum.

1896 2667 1959 2721 Et
1992 2669 2135 2722 lume
2163 2669 2310 2722 canit
2354 2669 2649 2737 psalmum,
2695 2666 2906 2735 fugiens
2934 2683 2961 2719 a
2996 2666 3131 2719 fat-ie
3177 2663 3380 2725 Saulis,
3416 2671 3469 2714 et

1969 2778 2062 2830 per
2106 2761 2413 2815 institutum
2445 2760 2567 2813 vita:
2602 2776 2723 2813 eum
2762 2760 2963 2811 virtute
3013 2769 3193 2812 actum
3244 2757 3334 2811 Dei
3371 2758 3471 2808 im-

1964 2853 2143 2923 plorat
2169 2852 2455 2906 auxilium.
2509 2851 2758 2906 Refertur
2784 2850 2947 2903 etiam
2977 2848 3045 2902 ad
3075 2848 3313 2901 animam
3350 2862 3473 2915 qua:

1966 2946 2095 2999 olim
2129 2946 2279 2999 omni
2305 2961 2476 2999 vacua
2511 2947 2653 2998 bono
2678 2942 2879 3005 fuerat,
2915 2951 2967 2995 et
2993 2958 3113 3011 qua:
3149 2949 3335 3010 postea
3375 2954 3470 3008 per

1962 3036 2164 3093 Christi
2193 3038 2425 3107 gratiam
2453 3052 2715 3091 conversa
2744 3045 2846 3091 est.

296 3215 350 3267 Ὀ
376 3188 544 3283 Cede;
576 3220 608 3270 ό
640 3220 783 3283 Θεός
795 3237 935 3288 μου,
955 3222 1105 3289 πρὸς
1133 3221 1208 3273 σὲ
1236 3222 1489 3289 ὀρθρίὲἱυ.
1523 3224 1594 3276 Τὸ
1628 3241 1791 3277 σπου-

1964 3215 2020 3274 2,
2047 3214 2101 3266 5.
2145 3213 2307 3276 Deus,
2344 3214 2479 3267 Deus
2510 3230 2676 3279 meus,
2719 3215 2787 3268 ml
2819 3225 2866 3268 te
2894 3215 2956 3266 de
2996 3216 3107 3266 luce
3150 3214 3330 3281 vigilo.
3377 3212 3473 3267 llis

206 3306 358 3361 δαῖον
380 3307 483 3377 τῆς
521 3307 845 3380 προσεδρίας
881 3310 968 3363 διὰ
989 3311 1099 3364 τῶν
1135 3312 1417 3382 παρόντων
1451 3311 1793 3381 κατασημαί-

208 3414 314 3450 νει.
363 3396 510 3467 Πρὸς
555 3399 635 3463 σὲ,
670 3400 825 3470 φησὶ,
853 3401 1197 3472 διανίσταμαι
1244 3402 1463 3474 ὄρθρου,
1515 3405 1594 3466 εἰς
1618 3401 1679 3455 τὸ
1711 3405 1794 3456 σοὶ

207 3485 340 3552 τούς
371 3505 432 3541 τε
455 3488 655 3559 ὕμνους
680 3493 774 3544 καὶ
799 3492 897 3555 τὰς
918 3494 1081 3563 εὐχὰς
1107 3495 1445 3565 ἀναπέμψαι.
1506 3494 1795 3564 Ἔδίψησέ

209 3594 288 3631 σε
317 3580 356 3647 ἠ
384 3579 557 3648 ψυχή
580 3598 719 3649 μου.
755 3582 829 3634 Οὐ
862 3584 1041 3652 μόνον,
1071 3586 1255 3654 φησὶν.
1286 3587 1318 3655 ή
1358 3586 1504 3656 ψυχὴ
1540 3585 1632 3639 τοῦ
1661 3587 1797 3657 ἔρω-

208 3686 306 3732 τος
333 3670 719 3741 ἐμπέπλησται
751 3672 841 3727 τοῦ
863 3674 1030 3727 θείου·
1054 3675 1189 3728 ἀλλά
1211 3676 1319 3747 γὰρ
1347 3676 1538 3731 πλέον
1561 3694 1617 3730 τι
1636 3678 1733 3731 καὶ
1756 3679 1795 3746 ἡ

214 3757 397 3828 σάρξ.
425 3760 501 3813 Οὐ
536 3760 643 3833 γάρ
677 3763 836 3840 μόνον
861 3765 961 3837 τὴν
981 3766 1263 3820 εὐσέϐειαν
1284 3768 1434 3837 ἡμᾶς
1460 3767 1796 3839 ἐπιτηδεύειν

211 3850 318 3915 δεῖ,
357 3852 495 3906 ἀλλά
534 3855 628 3907 καὶ
658 3856 749 3909 διὰ
783 3856 876 3909 τοῦ
914 3856 1165 3929 σώματος
1196 3858 1452 3931 ἀρέσκειν
1493 3859 1642 3931 Θεῷ,
1688 3863 1796 3913 οἱον

212 3947 306 4001 διά
326 3949 604 4020 νηστείας,
625 3952 712 4005 διὰ
734 3954 990 4025 συνεχοῦς
1018 3958 1344 4028 προσευχῆς,
1371 3957 1457 4011 διὰ
1480 3958 1794 4029 χαμευνίας,

213 4040 309 4094 διὰ
332 4042 432 4112 τῆς
464 4044 729 4114 ἐργασίας
759 4044 867 4098 τῶν
893 4049 1112 4119 χειρῶν,
1137 4052 1216 4113 εἰς
1252 4050 1313 4102 τὸ
1326 4050 1605 4121 δεομένοις
1636 4068 1800 4121 χορη-

214 4136 357 4201 γεῖν.
397 4135 499 4188 Ἐν
525 4134 600 4205 γῇ
630 4135 827 4206 ἐρήμῳ
863 4138 961 4193 καὶ
997 4140 1210 4205 ἀϐάτῳ.
1245 4142 1517 4213 υύδεμίαν
1562 4142 1669 4195 ἀπὸ
1699 4142 1799 4213 τῆς

215 4226 461 4297 ἐρημίας
500 4227 704 4301 βλάϐην
745 4232 1123 4305 εἰσεδεξάμην,
1177 4234 1363 4305 φησὶν,
1417 4234 1530 4288 ἀλλ’
1560 4235 1635 4299 ὼς
1670 4236 1798 4306 παρ’

213 4318 390 4389 αὐτὴν
424 4319 674 4391 έστηκὼς
726 4321 825 4393 τὴν
884 4324 1037 4394 ἱεράν
1090 4341 1181 4377 σου
1241 4325 1466 4396 σκηνὴν,
1527 4325 1799 4397 ὑμνῳδίαν

216 4407 536 4478 προσφέρω.
562 4409 635 4462 Τὸ
668 4412 795 4483 γὰρ,
837 4412 908 4466 ἐν
931 4412 1011 4480 τῷ
1034 4415 1202 4485 ἁγίῳ,
1238 4414 1335 4486 τὴν
1380 4418 1584 4488 σκηνὴν
1626 4416 1796 4485 λέγει.

1896 3305 2172 3375 signiﬁcat
2203 3306 2605 3360 assiduitatem.
2625 3306 2703 3359 Ad
2738 3317 2807 3372 te,
2836 3305 3033 3375 inquit,
3060 3322 3217 3359 mane
3242 3320 3472 3372 surgens

1898 3399 2151 3468 respicio,
2191 3408 2250 3453 ut
2286 3400 2515 3470 hymnos
2552 3401 2646 3455 tibi
2675 3410 2727 3455 et
2755 3401 3035 3455 orationes
3064 3399 3307 3454 oli'ei'am.
3330 3397 3467 3452 Siti-

1897 3493 1971 3545 vit
1997 3492 2051 3546 in
2078 3502 2125 3546 te
2164 3494 2342 3547 anima
2376 3509 2508 3547 mea.
2537 3492 2655 3547 Non
2691 3496 2873 3560 modo,
2919 3495 3114 3563 inquit,
3142 3492 3325 3546 anima
3354 3506 3473 3544 mea

1897 3586 2081 3640 divino
2110 3602 2296 3640 amore
2341 3588 2540 3655 repleta
2579 3596 2698 3650 est;
2750 3588 2842 3641 sed
2887 3588 3054 3640 etiam
3107 3584 3476 3654 multipliciter

1899 3695 2021 3731 caro
2046 3694 2178 3732 mea.
2212 3676 2332 3733 Non
2361 3678 2539 3732 solum
2570 3677 2716 3734 enim
2740 3693 2835 3746 par
2862 3686 2945 3732 est
2972 3693 3072 3732 nos
3101 3678 3355 3745 pietatem
3383 3693 3475 3730 cu-

1900 3773 2032 3839 lere,
2064 3773 2155 3828 sed
2189 3772 2353 3826 etiam
2390 3788 2620 3842 corpore
2651 3772 2868 3842 placere
2895 3770 3043 3837 Deo;
3080 3772 3354 3835 videlicet,
3382 3786 3476 3840 per

1895 3866 2187 3937 jejunium,
2220 3881 2311 3935 per
2349 3864 2689 3934 frequentem
2725 3865 3050 3928 orationem,
3082 3879 3176 3933 per
3212 3863 3475 3917 chameu-

1901 3959 2185 4027 niam,per
2210 3974 2373 4028 opera
2405 3973 2689 4021 manuum,
2724 3960 2789 4011 ad
2820 3960 3221 4026 cleemosynam
3246 3974 3477 4025 erogan—

1900 4050 2047 4105 dam.
2097 4051 2159 4103 ln
2195 4061 2335 4104 terra
2370 4052 2577 4106 deserta
2616 4061 2665 4104 et
2701 4053 2863 4105 invia.
2911 4051 3130 4105 Nullum
3162 4067 3225 4104 ex
3260 4050 3473 4105 deserto

1899 4142 2021 4197 loco
2045 4153 2430 4198 noeumentum
2460 4142 2629 4209 sensi,
2658 4143 2854 4213 inquit,
2906 4143 2997 4197 sed
3032 4143 3189 4212 quasi
3216 4143 3357 4212 apud
3387 4159 3476 4197 sa-

1901 4250 2057 4289 crum
2085 4235 2495 4289 tabernaculum
2536 4244 2689 4289 tuum
2720 4246 2921 4289 starem
2941 4276 2955 4295 ,
2985 4236 3244 4305 hymnum
3281 4236 3470 4288 (νηοί-υ.

1902 4323 2035 4380 lllud
2094 4326 2278 4390 enim,
2340 4327 2396 4379 in
2445 4337 2663 4390 sancto,
2719 4327 3128 4381 tabernaculum
3185 4326 3473 4396 signilieat.

1903 4416 2153 4471 Nondum
2197 4418 2339 4471 cnim
2385 4417 2629 4471 divinum
2679 4419 2940 4486 templum
2975 4428 3313 4474 exstructum
3343 4417 3478 4471 lue-

216 4497 390 4553 οὔπω
418 4499 526 4571 γὰρ
574 4502 603 4553 ό
653 4501 795 4568 θεῖος
843 4504 978 4569 νεὼς
1001 4506 1333 4579 ᾠκοδόμητο.
1374 4509 1570 4574 Οὕτως
1602 4510 1674 4563 ἐν
1722 4510 1798 4577 τῷ

1904 4516 2006 4562 rat.
2039 4508 2127 4562 Sic
2154 4512 2205 4561 in
2230 4518 2414 4563 sancto
2450 4510 2674 4577 apparui
2710 4509 2822 4562 tibi.
2857 4508 2946 4563 Sic
2968 4550 2982 4573 ,
3024 4511 3324 4578 quomodo,
3374 4510 3479 4563 nisi

216 4590 371 4660 ἁγίῳ
392 4590 599 4661 ὤφθην
629 4607 748 4648 σοι.
786 4597 1004 4664 Οὕτως,
1068 4597 1184 4662 πῶς
1249 4600 1285 4671 ἢ
1335 4600 1502 4670 διψῶν
1536 4602 1630 4654 καὶ
1682 4604 1801 4656 ἐπι-

217 4683 406 4737 ποθῶν
425 4684 525 4771 τὴν
550 4688 679 4757 περὶ
719 4689 779 4742 σὲ
803 4691 894 4743 τὸν
926 4692 1081 4762 ἆγιον
1128 4693 1421 4763 συνάφειαν
1451 4712 1465 4760 ;
1517 4694 1613 4758 Τίς
1657 4696 1702 4748 δ’
1737 4696 1800 4750 ἂν

217 4772 310 4843 εἴη
343 4774 553 4847 ἀγιοςῆ
587 4778 616 4830 ό
647 4779 996 4851 Μονογενής;

296 4866 427 4920 Ὅτι
458 4868 747 4935 κρεῖσσον
773 4871 841 4925 τὸ
872 4872 1045 4940 ἔλεός
1081 4888 1198 4929 σου
1223 4874 1375 4945 ὑπὲρ
1400 4875 1565 4943 ζωάς.
1601 4878 1720 4931 Ὅτι
1752 4882 1800 4932 οἱ

216 4957 299 5029 τῷ
344 4957 486 5013 ἐλέει
520 4963 911 5032 προσελθόντες
946 4966 1041 5021 τοῦ
1071 4966 1228 5032 Θεοῦ,
1267 4971 1514 5023 τουτέστι
1557 4971 1799 5043 Χριστῷ,

216 5050 373 5104 οὐδὲν
404 5051 667 5121 ἡγοῦνται
688 5056 781 5110 τοῦ
811 5057 1078 5127 παρόντος
1106 5057 1222 5129 βίου
1250 5061 1352 5133 τὴν
1375 5060 1540 5132 ζωὴν,
1562 5064 1661 5134 τὴν
1688 5080 1800 5116 τοι⁴

218 5142 396 5213 αὐτην
420 5144 855 5215 ἀναφθέγγονται
895 5153 1115 5225 φωνήν·
1160 5152 1302 5223 ὑπὲρ
1346 5152 1579 5225 πλήθους
1633 5154 1799 5225 ζωῆς,

217 5231 326 5301 τῆς
354 5234 633 5308 παρούσης
663 5237 938 5309 δηλονότι,
968 5232 1217 5311 λέγοντες
1250 5240 1388 5300 εἶναι
1420 5245 1479 5298 τὸ
1522 5246 1801 5317 δεδομένον

218 5326 408 5389 αὐτοῖς
436 5327 526 5383 διὰ
556 5329 651 5383 τοῦ
675 5331 1016 5402 Μονογενοῦς
1048 5334 1215 5399 ἔλεος.
1256 5337 1455 5403 Οὕτως
1487 5338 1802 5407 solertior.»

220 5432 299 5471 σε
320 5417 392 5471 ἐν
421 5418 496 5489 τῇ
535 5420 649 5491 ζὶυῇ
692 5440 831 5493 μου.
882 5424 1054 5481 Τοῦτο
1075 5426 1132 5480 δὲ
1185 5428 1333 5499 παρὰ
1368 5430 1544 5483 πάντα
1575 5447 1677 5499 μου
1712 5431 1802 5483 τὸν

223 5509 342 5578 βίον
367 5511 660 5568 διατελέσω
688 5516 877 5581 ποιῶν,
909 5517 1093 5589 ὑμνῶν
1128 5521 1223 5590 μὲν
1252 5523 1318 5591 τῇ
1351 5520 1593 5593 γλώττῃ,
1623 5522 1720 5585 τὰς
1748 5523 1802 5575 δὲ

222 5605 416 5675 χεῖρας
457 5606 731 5673 ἐκτείνων,
768 5610 863 5663 καὶ
886 5609 983 5681 τὴν
1022 5612 1120 5681 σὴν
1150 5612 1559 5682 φιλανθρωπίαν
1614 5615 1799 5669 αἰτῶν.

238 5697 341 5750 Ἐν
374 5697 454 5762 τῷ
483 5700 730 5769 ὀνόματί
755 5716 872 5757 σου
901 5702 1023 5773 ἀρῶ
1044 5706 1149 5771 τὰς
1184 5704 1383 5774 χεῷάς·
1411 5726 1549 5776 μου.
1582 5708 1798 5765 θὺκέτι.

225 5786 411 5858 φησιν,
439 5787 513 5852 ὡς
544 5789 637 5844 καὶ
664 5789 875 5866 πρώην,
905 5795 1034 5861 πρὸς
1053 5791 1183 5847 Θεὸν
1210 5794 1483 5864 ἀλλότριον
1510 5797 1601 5860 τὰς
1613 5800 1804 5872 χεῖρας

1903 4600 2098 4656 sitiens
2128 4611 2292 4671 atque
2325 4610 2591 4671 exoptans
2622 4610 2823 4667 tecum,
2859 4602 2952 4672 qui
2983 4611 3208 4656 sanctus
3235 4618 3314 4665 es,
3349 4617 3479 4658 con-

1898 4693 2088 4764 jungi?
2111 4693 2246 4761 Quis
2278 4711 2404 4748 vero
2433 4705 2654 4749 sanctus
2678 4696 2765 4748 ille
2797 4695 2957 4749 fuerit
2986 4694 3086 4747 nisi
3122 4692 3482 4763 Unigenitus?

1972 4874 2027 4932 4.
2056 4872 2109 4927 5.
2153 4873 2417 4938 Quoniam
2447 4875 2632 4927 melior
2663 4883 2740 4928 est
2782 4873 3147 4926 misericordia
3194 4883 3282 4925 tua
3328 4888 3483 4939 super

1904 4968 2058 5021 vitas.
2091 4966 2360 5034 Quoniam
2387 4969 2480 5037 qui
2511 4966 2575 5021 ad
2604 4966 2695 5020 Dei
2734 4966 3164 5022 misericordiam
3194 4965 3480 5027 accedunt,

1906 5061 1957 5115 id
1996 5072 2078 5118 est
2109 5063 2175 5117 ad
2205 5046 2516 5127 Christum,
2555 5060 2692 5115 nihil
2734 5060 2939 5113 ducunt
2980 5058 3142 5127 hujus
3178 5058 3365 5110 mundi
3404 5056 3483 5107 vi-

1909 5165 2041 5221 tam,
2071 5157 2343 5225 ejusmodi
2375 5171 2563 5211 voeem
2597 5155 2904 5223 proferunt.
2936 5152 3237 5220 dicuntque
3261 5148 3482 5202 nliSt'l'i-

1904 5248 2147 5302 cnrdiam
2178 5249 2281 5302 sibi
2314 5264 2409 5318 per
2468 5247 2813 5318 Unigenitum
2863 5262 3181 5301 concessam
3223 5251 3486 5311 pra‘stan-

1908 5340 2097 5393 liorem
2143 5355 2264 5394 esse
2293 5340 2416 5394 vita:
2459 5342 2743 5410 prasentis
2772 5336 3151 5392 diuturnitate.
3198 5333 3287 5387 Sic
3334 5334 3486 5387 benc-

1906 5431 2079 5485 dicum
2114 5442 2161 5484 te
2201 5432 2254 5483 in
2292 5433 2397 5485 vita
2438 5449 2571 5487 mea.
2622 5430 2732 5485 Hoc
2778 5446 2871 5498 per
2903 5437 3070 5483 totam
3116 5427 3280 5481 vitam
3325 5441 3485 5497 agere

1906 5538 2148 5596 pergam,
2181 5526 2363 5593 lingua
2400 5527 2606 5579 scilicet
2631 5526 2863 5595 hymnos
2888 5521 3139 5585 cantabo,
3172 5536 3366 5573 manus
3390 5537 3485 5575 ex-

1909 5621 2148 5681 tendam,
2172 5628 2225 5673 et
2261 5629 2410 5674 tuam
2438 5620 2643 5688 rogabo
2675 5617 3039 5673 clementiam.
3072 5611 3132 5666 In
3163 5614 3370 5666 nomine
3397 5621 3483 5663 tuo

1907 5710 2086 5765 levabo
2119 5728 2303 5765 manus
2340 5728 2499 5764 meas.
2553 5709 2668 5764 Non
2712 5711 2852 5763 ultra
2878 5747 2889 5765 ,
2925 5706 3101 5775 inquit
3127 5747 3139 5763 .
3187 5706 3327 5757 sirut
3361 5714 3484 5756 ante

1910 5800 2031 5866 feri,
2065 5818 2253 5856 manus
2282 5802 2567 5857 extendam
2596 5802 2664 5857 ad
2689 5801 2859 5856 Deum
2892 5798 3128 5853 alienum
3160 5838 3172 5864 ,
3206 5797 3298 5852 sed
3340 5794 3404 5847 ad
3434 5799 3485 5847 te
