4034 6446
599 384 708 438 279

1437 375 1493 433 S.
1535 372 1902 430 ATHANASII
1939 371 2089 426 OPP.
2129 366 2308 424 PARS
2347 366 2432 423 Ill.
2468 397 2538 406 —
2576 361 2982 420 EXEGETICA.

3717 355 3826 410 280

603 501 816 564 solum,
877 511 931 552 et
982 507 1134 551 tuum
1189 498 1241 550 in
1291 494 1692 565 precationibus
1751 506 1945 547 nomen
2012 491 2164 544 invo-

2267 484 2484 548 ἐκτενῶ,
2514 483 2626 536 ἀλλ’
2674 484 2706 552 ἦ
2735 482 2816 534 σοὶ
2849 480 3010 550 μόνῳ,
3055 478 3147 530 καὶ
3194 477 3255 529 τὸ
3292 477 3380 530 σὺν
3414 478 3468 529 ἐν
3494 480 3826 548 προσευχαῖς

603 591 902 734 caliitLSicut
936 676 1089 743 adipe
1121 683 1170 728 et
1194 675 1505 744 pinguedine
1537 681 1799 742 repleatur
1821 671 2000 724 anima
2023 685 2157 722 mea.

600 767 846 822 Ostendit
874 777 1136 836 quantum
1175 765 1245 820 sit
1293 766 1502 820 lucrum
1536 781 1725 820 eorum
1767 763 1861 833 qui
1889 763 1942 816 in
1981 763 2158 832 ipsum

601 859 776 914 solum
810 873 960 928 spem
1003 859 1305 928 posuerint.
1352 856 1419 910 Et
1448 858 1604 910 labiis
1634 856 2003 921 exsultationis
2045 854 2160 907 Iau-

599 950 744 1003 dabit
781 967 838 1002 os
871 965 1062 1002 meum.
1097 948 1255 1015 Cum,
1307 949 1516 1018 inquit,
1565 949 1617 1002 in
1665 947 1981 1001 memoriam
2025 945 2155 999 mihi

599 1043 746 1097 venit
788 1057 982 1097 nomen
1024 1052 1211 1110 tuum,
1273 1051 1402 1096 tunc
1445 1041 1641 1112 gaudio
1696 1039 1971 1108 replentur
2018 1037 2158 1092 labia

597 1151 737 1192 mea.

668 1227 719 1280 7.
761 1225 821 1281 Si
851 1243 1046 1281 memor
1086 1228 1166 1296 fui
1197 1229 1272 1281 tui
1305 1244 1458 1297 super
1487 1237 1712 1280 stratum
1741 1243 1929 1280 meum.
1978 1225 2113 1279 Illud
2145 1245 2156 1278 :

597 1316 656 1371 Si
679 1333 876 1371 memor
905 1319 1004 1386 fui,
1037 1319 1274 1388 positum
1312 1334 1433 1388 pro,
1457 1335 1574 1371 cum
1597 1333 1795 1370 memor
1816 1332 1970 1380 sum;
2005 1324 2064 1368 ut
2091 1319 2161 1370 sit

595 1411 860 1464 sententia
890 1425 902 1461 :
934 1426 1058 1464 cum
1083 1425 1291 1465 memor
1319 1410 1394 1464 tui
1420 1425 1617 1476 essem,
1645 1408 1845 1478 inquit.
1879 1407 2159 1462 insomnes

596 1500 725 1555 duxi
757 1511 963 1567 noctes,
1005 1501 1256 1555 laudibus
1286 1501 1393 1554 tuis
1423 1516 1643 1565 vacans,
1673 1510 1727 1553 et
1754 1499 1986 1554 illustria
2016 1499 2156 1554 dona

595 1601 690 1648 tua
735 1595 1038 1661 accipiens,
1087 1608 1208 1662 quae
1257 1593 1632 1648 invocantibus
1667 1600 1718 1646 te
1752 1591 1966 1646 tribuis.
2019 1589 2159 1655 Quia

594 1682 742 1749 fuisti
777 1683 992 1750 adjutor
1021 1699 1186 1748 meus,
1219 1691 1267 1737 et
1309 1685 1362 1736 in
1390 1683 1676 1736 velamento
1707 1681 1916 1735 alarum
1945 1690 2158 1734 tuarum

591 1773 883 1826 exsultatio.
905 1773 1376 1843 Quandoquidem,
1406 1774 1500 1837 ait,
1531 1784 1586 1827 tu
1616 1773 1748 1826 mihi
1772 1770 2030 1828 custodia!
2054 1779 2158 1824 tua:

592 1863 856 1918 auxilium
891 1863 1161 1934 impendis
1184 1906 1199 1929 ,
1229 1864 1470 1918 lzetitiam
1513 1865 1744 1933 excipio.
1777 1863 2153 1918 Velamentum

592 1954 739 2008 enim
770 1955 980 2010 alarum
1011 1965 1167 2010 vocat
1193 1955 1453 2010 custodiae
1475 1956 1760 2009 auxilium.
1791 1955 1831 2008 Α
1866 1963 1935 2019 te,
1961 1955 2151 2025 inquit.

591 2055 866 2114 protectus
895 2063 1237 2117 summopere
1265 2047 1527 2116 gaudebo.

665 2223 722 2278 9.
760 2223 997 2278 Adhaesit
1035 2226 1212 2278 anima
1243 2243 1356 2279 mea
1382 2236 1496 2295 post
1527 2235 1592 2280 te.
1625 2224 1703 2280 Ne
1729 2225 1996 2280 lantillum
2032 2226 2154 2294 qui-

592 2315 715 2369 dem
737 2330 959 2385 possum
986 2331 1015 2368 a
1044 2317 1372 2387 cogitatione
1402 2334 1519 2375 mea
1561 2318 1877 2370 memoriam
1912 2318 1985 2371 tui
2010 2334 2156 2372 aver-

593 2414 729 2457 tere.
773 2403 879 2459 Sed
920 2406 1126 2460 amoris
1173 2407 1445 2461 incentivo
1489 2407 1751 2471 adustus,
1807 2423 1902 2462 ceu
1947 2409 2154 2477 glutino

595 2496 830 2564 quodam
880 2498 1188 2562 memorize,
1223 2497 1317 2550 tibi
1351 2497 1619 2550 desiderio
1647 2498 1969 2566 eonjunetus
2012 2515 2151 2553 sum.

600 2585 685 2638 Me
719 2587 942 2655 suscepit
981 2588 1195 2639 dextera
1227 2596 1340 2641 tua.
1374 2586 1554 2655 Ecqua
1582 2597 1758 2642 autem
1793 2587 1952 2641 fuerit
1982 2588 2153 2645 Patris

591 2679 829 2742 dextera,
863 2679 966 2732 nisi
997 2677 1309 2747 unigenitus
1337 2678 1458 2746 ejus
1485 2677 1692 2731 Filius?

665 2856 748 2910 10.
777 2854 889 2925 Ipsi
918 2873 1044 2911 vero
1061 2860 1116 2911 in
1141 2874 1331 2912 vanum
1355 2858 1676 2925 quwsierunt
1705 2859 1937 2911 animam
1966 2875 2149 2912 meam.

592 2947 868 3003 Oeclamat
917 2949 1134 3003 demum
1186 2957 1375 3003 contra
1424 2949 1767 3004 adversarius
1832 2960 2149 3019 potestates,

595 3039 701 3090 vim
756 3038 954 3091 illatam
1008 3039 1111 3093 sibi
1163 3039 1455 3107 objiciens,
1499 3056 1694 3110 rogans
1739 3044 1956 3096 mtcrnis
2008 3043 2154 3111 ipsas

594 3128 733 3183 tradi
767 3129 1047 3198 suppliciis
1075 3130 1208 3200 (25).
2179 3161 2224 3219 α

663 3220 751 3274 12.
787 3219 899 3275 Rea:
937 3238 1052 3275 vero
1089 3221 1356 3275 lcetabitur
1399 3223 1453 3273 in
1498 3221 1625 3274 Deo.
1668 3220 1957 3291 Postquam
1992 3223 2153 3278 linem

591 3324 782 3365 eorum
815 3315 1091 3366 enarravit
1116 3314 1209 3382 qui
1237 3329 1362 3383 erga
1410 3313 1690 3367 Christum
1720 3315 1869 3384 impii
1905 3314 2147 3380 fuerunt,

589 3411 644 3455 et
659 3403 959 3459 declaravit
985 3404 1038 3459 in
1071 3416 1275 3475 partem
1306 3407 1439 3476 ipsis
1455 3416 1508 3461 et
1527 3418 1726 3461 sortem
1757 3408 1872 3461 fore
1897 3408 2156 3462 inferiora

589 3504 768 3561 terrae,
813 3496 880 3550 ad
921 3497 1087 3551 alium
1135 3498 1418 3551 hominum
1450 3507 1650 3551 statum
1677 3507 1732 3551 et
1757 3498 2003 3551 ordinem
2036 3513 2151 3553 ser-

591 3599 806 3638 monem
836 3586 1133 3650 convertit,
1185 3587 1237 3641 id
1283 3596 1400 3653 est,
1449 3603 1636 3641 eorum
1667 3588 1760 3657 qui
1790 3589 1844 3641 in
1879 3587 2152 3643 Christum

590 3673 971 3742 crediderunt,
1008 3676 1100 3744 qui
1128 3692 1251 3731 cum
1296 3693 1462 3748 regno
1491 3680 1753 3734 ecelorum
1784 3679 1989 3750 dignati
2024 3681 2152 3748 sint,

592 3779 744 3834 reges
778 3765 902 3832 jure
932 3776 1232 3834 vocantur,
1256 3767 1412 3836 juxta
1456 3769 1584 3822 illud
1629 3769 1833 3823 dictum
1863 3769 2149 3838 Apostoli:

592 3853 660 3907 Et
694 3857 898 3909 utinam
926 3858 1147 3925 regnetis
1165 3858 1231 3910 ⁹⁹.
1279 3857 1378 3912 ilic
1409 3866 1591 3912 autem
1629 3868 1745 3911 erat
1788 3860 2019 3928 populus
2052 3862 2147 3932 qui

591 3943 867 4012 regnabat,
899 3945 1102 4014 quique
1129 3945 1413 4000 laztabatur
1453 3948 1634 4002 laetitia
1662 3949 1930 4017 spirituali
1949 3991 1964 4017 ,
1991 3966 2154 4020 quam

591 4033 692 4102 ipsi
714 4033 854 4090 Deus
883 4037 998 4104 ipse
1028 4037 1254 4108 largitus
1288 4047 1390 4094 est.
1423 4038 1556 4110 Ego,
1591 4041 1782 4110 inquit,
1807 4041 1902 4111 qui
1927 4056 2156 4113 regnum

591 4126 770 4195 accepi
805 4127 870 4180 de
909 4129 1113 4183 auxilio
1146 4138 1271 4194 tuo,
1310 4147 1417 4184 non
1447 4131 1512 4184 de
1548 4132 1789 4199 ipsorum
1825 4143 1996 4187 morte
2027 4150 2160 4202 gau-

591 4217 710 4270 deo.
743 4215 1129 4271 Laudabuntur
1159 4237 1332 4273 omnes
1363 4223 1452 4289 qui
1487 4222 1675 4289 jurant
1718 4225 1770 4274 iu
1801 4239 1880 4276 eo.
1923 4222 1997 4277 Ita
2021 4265 2036 4290 ,
2075 4227 2157 4278 in-

590 4307 728 4375 quit,
760 4308 933 4377 gloria
966 4309 1206 4378 ipsorum
1238 4309 1493 4364 Christus
1521 4311 1643 4376 erit,
1676 4328 1868 4366 eorum
1910 4315 2158 4370 videlicet

589 4401 684 4468 qui
730 4402 1068 4470 regnabunt;
1103 4412 1158 4456 ut
1182 4403 1306 4471 jure
1336 4403 1645 4467 laudentur,
1680 4406 1809 4474 quia
1852 4421 1976 4460 eum
2003 4407 2158 4476 jura-

2260 574 2679 644 ἐπικαλούμενος
2709 572 2897 642 ὄνομα.

2340 669 2436 733 Ὠς
2452 668 2520 720 ἐκ
2571 666 2825 730 στέατος
2859 662 2960 717 καὶ
3018 662 3297 728 πιότητος
3354 661 3726 730 ἐμπλησθείη
3780 663 3822 728 ἠ

2260 757 2427 826 ψυχή
2453 775 2583 826 μου.
2618 757 2865 808 Δείκνυσι
2900 753 3064 807 πόσον
3090 753 3150 805 τὸ
3187 753 3377 824 κέρδος
3405 752 3513 805 τῶν
3557 754 3644 805 ἐπ’
3675 752 3824 822 αὐτῷ

2263 849 2406 919 μόνῳ
2431 849 2529 911 τάς
2558 848 2779 910 ἐλπίδας
2807 847 2949 916 ἔχειν
2981 847 3086 916 ῄρη
3097 845 3289 916 μένων.
3311 844 3420 897 Καὶ
3452 845 3623 911 χείλη
3645 843 3828 912 ἀταλ-

2259 940 2515 1007 λιάσεως
2541 940 2765 992 αἰνέσει
2787 939 2849 991 τὸ
2876 939 3069 1006 στόμα
3091 955 3231 1006 μου.
3282 937 3448 989 Ὅταν
3468 975 3482 1001 ,
3529 936 3688 1007 φησι,
3729 934 3826 988 τοῦ

2262 1032 2355 1085 σοῦ
2384 1034 2442 1085 ἐν
2471 1034 2661 1102 μνήμῃ
2684 1030 2947 1100 ὀνόματος
2968 1029 3227 1099 γίνωμαι,
3247 1029 3367 1082 τότε
3396 1027 3460 1098 δὴ
3492 1027 3611 1079 τότε
3653 1027 3826 1097 χαρᾶς

2263 1123 2558 1195 πληροῦται
2588 1123 2653 1176 τά
2678 1122 2829 1192 χείλη
2857 1139 2978 1191 μου.

2331 1218 2399 1269 Ei
2421 1213 2829 1284 ἐμνημόνευόν
2856 1227 2971 1266 σου
2997 1212 3092 1266 ἐπὶ
3116 1209 3222 1279 τῆς
3244 1210 3557 1279 στρωμνῆς
3571 1228 3711 1280 μου.
3730 1210 3827 1276 Τὸ,

2262 1309 2329 1361 El
2353 1308 2779 1376 ἐμνημόνευον,
2809 1306 2929 1358 ἀντὶ
2955 1304 3071 1368 τοῦ,
3109 1303 3519 1373 μνημονεύων,
3555 1302 3790 1355 τέθειται
3811 1317 3826 1331 ·

2261 1398 2346 1450 ἵνα
2375 1391 2430 1470 ᾗ,
2490 1395 2840 1468 μνημονεύων
2890 1411 2981 1447 σου
3002 1434 3016 1459 ,
3079 1394 3241 1464 φησὶν
3263 1432 3276 1456 ,
3321 1394 3522 1456 ἄϋπνος
3563 1393 3830 1462 ἐγενόμην

2262 1489 2389 1560 περ)⁵
2411 1489 2508 1552 τάς
2542 1487 2640 1552 σὰς
2669 1488 2923 1553 αίνέσεις,
2951 1486 3045 1540 καὶ
3073 1484 3169 1549 τάς
3196 1488 3462 1554 φωτεινάς
3512 1501 3605 1536 σου
3664 1501 3831 1552 χορη-

2259 1578 2405 1645 γίας,
2431 1577 2495 1640 ἃς
2528 1579 2639 1640 τοῖς
2672 1575 3119 1646 ἐπικαλουμένοις
3157 1591 3215 1628 σε
3250 1575 3425 1637 δίδως.
3461 1577 3581 1627 Ὅτι
3624 1573 3832 1643 ἐγενή-

2260 1675 2371 1736 θης
2397 1670 2626 1736 βοηθός
2650 1685 2788 1737 μου,
2821 1669 2918 1722 καὶ
2951 1669 3020 1720 ἐν
3050 1665 3124 1735 τῇ
3156 1667 3352 1734 σκέπῃ
3382 1665 3498 1718 τῶν
3524 1667 3834 1735 πτερύγων

2260 1775 2374 1813 σου
2408 1757 2870 1829 ἁγαλλιὰσομαι.
2915 1756 3130 1827 Ἐπειδὴ
3168 1755 3332 1818 αὐτός
3358 1773 3446 1825 μοι
3498 1753 3711 1824 βοηθεῖς
3760 1757 3830 1825 τῇ

2260 1852 2471 1922 φυλακῇ
2501 1852 2599 1922 τῆς
2632 1851 2731 1920 σῆς
2759 1849 3027 1921 βοηθείας,
3065 1848 3163 1918 τὴν
3198 1846 3534 1918 εὐφροσύνην
3576 1846 3824 1916 δέχομαι.

2259 1943 2473 2012 Σκέπην
2503 1943 2610 2012 γὰρ
2660 1941 2944 2012 πτερύγων
2977 1939 3131 1992 καλεί
3156 1938 3250 2008 τὴν
3296 1937 3404 1991 ἀπὸ
3433 1938 3530 2007 τῆς
3575 1937 3827 2007 βοηθείας

2260 2033 2524 2103 φυλακήν.
2553 2034 2915 2102 Σκεπόμενος,
2951 2029 3104 2100 φησὶ,
3140 2031 3287 2102 παρά
3331 2030 3424 2082 σοῦ
3465 2031 3612 2100 χαρᾷ
3649 2030 3826 2100 χαρή-

2259 2140 2438 2194 σομαι.

2339 2215 2675 2281 Ἐκολλήθη
2707 2217 2743 2280 ἡ
2774 2213 2942 2282 ψυχή
2968 2231 3086 2281 μου
3120 2214 3311 2265 ὀπίσω
3351 2227 3486 2264 σου.
3523 2211 3655 2263 Οὐδὲ
3688 2209 3829 2281 πρὸς

2259 2307 2428 2378 βραχὺ
2454 2307 2543 2358 τὸν
2578 2305 2707 2374 ἐμὸν
2738 2306 3014 2376 λογισμὸν,
3061 2306 3214 2373 φησι,
3249 2305 3347 2374 τῆς
3395 2305 3491 2373 σῆς
3524 2303 3832 2373 ἀποστῆσαι

2255 2397 2485 2467 δύναμαι
2507 2398 2744 2466 μνήμης.
2789 2397 2948 2449 Ἀλλά
2981 2397 3186 2467 φίλτρῳ
3207 2395 3396 2465 θερμῷ
3420 2395 3829 2465 πυρσευόμενος

2256 2484 2366 2542 οἷόν
2394 2506 2497 2541 τινι
2527 2488 2689 2559 κόλλῃ
2717 2491 2781 2556 τῇ
2811 2491 3018 2558 μνήμῃ,
3055 2489 3132 2558 τῷ
3159 2489 3236 2558 σῷ
3262 2488 3411 2558 πόθῳ
3443 2488 3826 2559 προσδέδεμαι.

2257 2577 2390 2634 Εἶτα
2409 2581 2643 2633 δείκνυσι
2667 2579 2757 2631 τὸν
2781 2579 2874 2631 τοῦ
2901 2579 3065 2632 πόθου
3100 2580 3326 2649 καρπόν.
3367 2579 3543 2647 Ἐμοῦ
3568 2579 3636 2632 δὲ
3687 2580 3830 2633 ἀντ-

2255 2671 2496 2725 ελάϐετο
2523 2673 2560 2738 ή
2588 2669 2756 2734 δεξιά
2781 2686 2916 2722 σου.
2941 2670 3049 2722 Καὶ
3076 2670 3157 2732 τίς
3190 2669 3255 2722 ἂν
3288 2668 3373 2739 εἴη
3406 2669 3552 2734 δεξιά
3584 2671 3679 2722 τοῦ
3710 2671 3825 2723 Πα-

2255 2764 2381 2834 τρὸς
2411 2764 2443 2834 ἢ
2470 2766 2498 2815 6
2533 2763 2823 2833 μονογενὴς
2855 2761 3018 2816 αὑτοῦ
3043 2763 3166 2825 Υἱός
3191 2780 3204 2825 ;

2325 2854 2503 2909 Αὐτοὶ
2523 2855 2590 2906 δὲ
2617 2857 2702 2918 εἰς
2719 2854 2917 2922 μάτην
2954 2854 3249 2921 ἐζήτησαν
3286 2854 3399 2920 τὴν
3444 2854 3653 2922 ψυχήν
3683 2871 3827 2922 μου.

2257 2945 2608 3017 Κατακράζει
2631 2945 2816 2998 λοιπὸν
2848 2945 2955 2997 τῶν
2995 2945 3382 3013 ἀντικειμένων
3417 2945 3698 3016 δυνάμεων
3717 2984 3732 3008 ,
3762 2948 3830 3015 ἦν

2259 3037 2514 3107 ὑπέμεινε
2548 3037 2977 3106 προϐαλλόμενος
3014 3035 3168 3105 βίαν,
3204 3035 3490 3105 εὐχόμενος
3539 3039 3657 3098 ταῖς
3698 3039 3832 3089 αἰω-

2257 3125 2388 3188 νίοις
2416 3128 2610 3188 αὐτοὺς
2639 3127 3000 3198 παραδοθῆναι
3029 3127 3332 3180 κολάσεσιν.

2339 3217 2391 3269 '0
2421 3216 2488 3269 δὲ
2509 3218 2810 3284 βασιλεὺς
2841 3218 3317 3286 εὐφρανθήσεται
3339 3219 3438 3272 ἐπὶ
3466 3217 3545 3284 τῷ
3579 3218 3721 3285 Θεῷ.
3753 3220 3829 3273 Τὸ

2255 3305 2405 3368 τέλος
2435 3307 2541 3360 τῶν
2572 3308 2650 3370 είς
2676 3307 2910 3378 Χριστὸν
2948 3306 3330 3377 ἀσεϐησάντων
3369 3306 3672 3372 διεξελθὼν,
3730 3308 3830 3361 καὶ

2256 3396 2454 3461 δείξας,
2495 3398 2569 3460 ὡς
2599 3398 2754 3468 μερὶς
2778 3401 2871 3451 καὶ
2895 3397 3091 3468 κλῆρος
3121 3398 3303 3461 αὐτοῖς
3338 3401 3620 3468 γενήσεται
3644 3400 3712 3452 τὰ
3731 3417 3831 3453 κα-

2257 3487 2473 3542 τώτατα
2503 3489 2642 3560 μέρη
2669 3489 2766 3560 τῆς
2795 3489 2918 3560 γῆς,
2960 3490 3051 3542 ἐπὶ
3083 3489 3142 3542 τὸ
3167 3489 3353 3561 ἕτερον
3378 3490 3561 3560 τάγμα
3607 3490 3697 3542 τὸν
3735 3490 3829 3543 λό-

2256 3599 2349 3649 γον
2385 3582 2696 3651 μεθίστησι·
2731 3583 2888 3636 τοῦτο
2911 3585 2966 3636 δὲ
2991 3579 3058 3654 ἦν
3083 3584 3142 3636 τὸ
3178 3585 3286 3637 τῶν
3311 3585 3712 3638 πιστευσάντων
3743 3589 3828 3650 εἰς

2258 3675 2514 3744 Χριστὸν,
2555 3676 2626 3739 οἳ,
2655 3676 2750 3728 καὶ
2801 3675 3071 3744 βασιλείας
3104 3675 3395 3747 ἠξιωμένοι
3419 3679 3525 3730 τῶν
3556 3678 3826 3750 οὐρανῶν,

2257 3765 2477 3827 εἰκότως
2511 3765 2601 3818 καὶ
2639 3765 2876 3834 βασιλεῖς
2897 3764 3269 3836 ὀνομάζονται.
3319 3769 3462 3822 κατὰ
3495 3769 3556 3821 τὸ
3592 3771 3825 3840 εἰρημέ-

2257 3874 2344 3908 νον
2376 3854 2525 3924 παρὰ
2548 3855 2625 3924 τῷ
2661 3855 2994 3926 Ἀποστόλῳ·
3023 3857 3133 3909 Καὶ
3159 3856 3393 3926 ὤφελόν
3417 3877 3482 3927 γε
3514 3860 3828 3913 ἐϐασιλεύ-

2257 3963 2422 4000 σατε.
2464 3940 2628 4010 Οὗτος
2653 3946 2709 3998 δὲ
2733 3943 2799 4017 ἦν
2827 3950 2855 3998 6
2880 3946 3176 4016 βασιλεύων
3204 3947 3349 4012 λαὸς,
3383 3950 3442 4012 ὃς
3467 3951 3824 4020 εὐφραίνεται

2257 4037 2351 4108 τὴν
2379 4037 2571 4108 νοητὴν
2602 4037 2961 4109 εὐφροσύνην,
2989 4039 3056 4109 ἢν
3082 4041 3242 4103 αὐτὸς
3267 4040 3414 4109 αὑτῷ
3447 4041 3765 4111 κεχάρισται
3795 4045 3828 4096 ὁ

2257 4130 2406 4193 Θεὸς.
2447 4129 2606 4197 Ἐγὼ,
2633 4132 2816 4199 φησὶν,
2849 4133 2876 4182 6
2912 4131 3062 4201 παρά
3088 4131 3179 4183 σοῦ
3199 4133 3296 4202 τὴν
3321 4132 3591 4201 βασιλείαν
3620 4133 3822 4199 λαόὼν,

2257 4227 2321 4291 τῇ
2359 4226 2423 4293 σῇ
2450 4222 2758 4292 ἐπικουρίᾳ,
2791 4224 2851 4274 οὐ
2883 4222 2960 4292 τῷ
3001 4223 3213 4293 θανάτῳ
3258 4225 3498 4289 ἐκείνων,
3534 4227 3826 4296 ἐφήδομαι.

2271 4312 2748 4378 Ἐπαινεθήσεται
2776 4313 2894 4379 πᾶς
2937 4318 2968 4367 ό
3011 4315 3249 4382 ὀμνύων
3294 4316 3361 4367 ἐν
3389 4315 3567 4380 αὐτῷ.
3617 4317 3828 4382 Οὕτως,

2259 4407 2410 4473 φησὶ,
2443 4405 2535 4457 καὶ
2555 4404 2814 4475 καύχημα
2837 4405 3013 4458 αὐτῶν
3050 4405 3200 4460 ἔσται
3230 4406 3462 4478 Χριστὸς
3482 4447 3495 4469 ,
3526 4407 3633 4461 τῶν
3672 4409 3830 4479 βασι-

592 4492 758 4546 menti
785 4489 950 4546 Deum
983 4502 1250 4546 statuunt.
1280 4492 1548 4548 Jurabunt
1573 4496 1717 4549 enim
1747 4512 1840 4565 per
1869 4496 2037 4551 Deum
2067 4513 2156 4553 ve-

2260 4497 2561 4550 λευσάντων
2592 4496 2830 4567 δηλονότι
2855 4512 2866 4524 ·
2894 4497 2968 4560 ὡς
2997 4498 3088 4550 καὶ
3126 4499 3309 4569 ὅρκιον
3357 4499 3518 4552 αὐτὸν
3565 4502 3828 4571 ποιουμέ-

593 4599 735 4649 rum,
768 4585 910 4639 sicut
943 4585 1202 4654 scriptum
1237 4595 1338 4642 est.
1378 4583 1514 4649 Quia
1548 4588 1871 4640 obstructum
1899 4598 1976 4642 est
2004 4607 2060 4645 os
2087 4589 2160 4643 lo-

590 4676 860 4744 quentium
888 4677 1089 4744 iniqua.
1122 4676 1424 4746 Eequinam
1460 4688 1589 4732 sunt
1619 4680 1733 4744 illi,
1780 4680 1886 4735 nisi
1915 4682 2008 4750 qui
2040 4683 2158 4738 ausi

593 4779 720 4822 sunt
747 4768 927 4822 dicere
955 4787 967 4820 ε
997 4767 1138 4822 Tolle
1169 4771 1231 4823 de
1257 4783 1396 4824 terra
1421 4771 1742 4839 Imjusmodi,
1777 4791 1877 4826 non
1900 4775 2036 4826 enim
2069 4791 2160 4827 ex-

592 4862 733 4929 pedit
778 4878 896 4915 eum
942 4862 1178 4917 vivere‘?
1227 4861 1429 4918 Horum
1485 4866 1669 4934 itaque
1708 4881 1771 4920 os
1815 4867 2155 4921 obstructum

595 4961 715 5014 est,
765 4961 1048 5022 postquam
1105 4953 1365 5008 Dominus
1411 4967 1639 5010 mortem
1686 4959 2059 5013 conculcasset
2094 4973 2157 5012 ac

595 5052 718 5112 post
758 5045 996 5099 triduum
1045 5047 1452 5104 resurrexisset.
1504 5047 1854 5117 lpsarumque
1898 5049 2155 5104 adversa-

595 5135 798 5190 riarum
844 5146 1170 5205 potestatum
1205 5154 1267 5192 os
1310 5139 1647 5194 obstructum
1685 5140 1812 5205 fuit,
1846 5143 2024 5198 ablato
2062 5160 2156 5214 per

597 5229 820 5296 gratiam
855 5240 1096 5297 peccato,
1132 5241 1189 5284 ut
1223 5232 1349 5284 alibi
1378 5233 1583 5286 dictum
1620 5242 1741 5288 est:
1770 5233 1835 5286 Et
1864 5236 2029 5288 omnis
2052 5237 2158 5288 iui-

595 5322 767 5386 quitas
797 5324 1046 5390 oppilabit
1069 5342 1124 5376 os
1155 5341 1304 5377 suum
1326 5328 1366 5380 ’.
1399 5324 1531 5379 Deus
1555 5328 1696 5379 enim
1727 5338 1801 5380 est
1823 5328 2153 5397 quijudicat,

592 5424 646 5469 rt
679 5419 792 5483 quis
821 5426 896 5470 est
924 5420 1012 5482 qui
1047 5418 1344 5470 condemnet
1364 5418 1416 5470 3?

671 5621 715 5653 η
745 5621 758 5672 ι
783 5622 912 5679 ρον,
955 5641 1024 5686 ιγ,
1052 5623 1104 5676 8,
1186 5625 1199 5653 ¹
1240 5624 1358 5678 Act.
1397 5640 1535 5687 uti,
1568 5623 1658 5675 22.
1737 5624 1757 5652 ³
1785 5621 1930 5678 Psal.
1960 5640 2068 5688 ενι,
2098 5624 2182 5678 42.

2262 4608 2384 4653 νους
2428 4590 2764 4642 ἐπαινεῖσθαι
2810 4589 3052 4653 δικαίως.
3099 4589 3383 4660 Ὀμοῦνται
3408 4590 3514 4661 γὰρ
3535 4591 3664 4644 Θεὸν
3694 4593 3818 4663 ἀληο

2263 4681 2426 4744 θινὸν,
2458 4679 2596 4732 κατά
2622 4680 2682 4733 τὸ
2716 4681 3098 4750 γεγραμμένον
3121 4697 3134 4709 θ
3164 4681 3292 4732 "Ott
3313 4679 3609 4751 ἐνεφράγη
3633 4685 3832 4751 στόμα

2261 4775 2614 4827 λαλούντων
2638 4773 2828 4825 ἄδικα.
2864 4772 2971 4823 Καὶ
2999 4772 3140 4834 τίνες
3173 4750 3325 4825 οὗτοι·
3355 4773 3387 4842 ἢ
3442 4774 3489 4824 oi
3527 4750 3815 4844 τολμήσαν-

2262 4882 2352 4927 τες
2384 4867 2577 4926 εἰπεῖν,
2606 4860 2743 4929 Αἶρε
2762 4863 2829 4915 ἐκ
2867 4861 2972 4929 τῆς
3002 4860 3112 4930 γῆς
3138 4862 3243 4915 τὸν
3271 4863 3538 4917 τοιοῦτον
3559 4881 3571 4893 ·
3613 4866 3686 4917 οὺ
3719 4865 3832 4935 γὰρ

2264 4956 2524 5022 καθῆκεν
2567 4955 2752 5007 αὐτὸν
2794 4952 2899 5021 ζῇν
2923 4969 2939 5014 ;
2967 4953 3180 5007 Τούτων
3209 4954 3272 5024 δὴ
3321 4950 3413 5008 οὖν
3466 4957 3740 5028 ἐνεφράγη
3771 4959 3832 5010 τὸ

2265 5048 2457 5118 στόμα,
2491 5049 2827 5117 πατήσαντος
2849 5046 2942 5098 τοῦ
2965 5047 3167 5117 Κυρίου
3189 5048 3280 5101 τὸν
3302 5047 3548 5111 θάνατον,
3567 5051 3660 5102 καὶ
3685 5069 3832 5122 τριη-

2267 5141 2433 5211 μέρου
2462 5139 2812 5200 ἀναστάντος.
2849 5139 2958 5191 Καὶ
2991 5139 3170 5190 αὐτῶν
3198 5139 3255 5191 δὲ
3292 5138 3399 5192 τῶν
3438 5141 3828 5210 ἀντικειμένων

2261 5229 2536 5298 δυνάμεων
2562 5227 2834 5298 ἐνεφράγη
2856 5227 2915 5280 τὸ
2941 5228 3133 5297 στόμα,
3158 5229 3503 5300 ἀνῃρημένης
3535 5230 3632 5300 τῆς
3648 5231 3830 5302 ἀμαρ-

2263 5322 2382 5384 τίας
2417 5319 2506 5374 διὰ
2539 5321 2635 5390 τῆς
2667 5320 2906 5390 χάριτος,
2935 5320 3075 5374 κατὰ
3118 5321 3178 5374 τὸ
3221 5322 3503 5392 εἰρημένον
3556 5321 3792 5392 ἀλλαχοῦ
3813 5339 3826 5352 '

2267 5415 2372 5466 Καὶ
2391 5413 2557 5466 πᾶσα
2585 5412 2798 5480 ἀνομία
2823 5411 3105 5481 ἐμφράξει
3131 5412 3196 5465 τὸ
3222 5415 3415 5482 στόμα
3441 5413 3650 5484 αὐτῆς.
3686 5414 3833 5482 Θεὸς

2265 5506 2372 5576 γὰρ
2398 5508 2429 5558 o'
2462 5504 2722 5566 δικαιῶν,
2759 5504 2855 5557 καὶ
2883 5504 2970 5570 τίς
3004 5507 3036 5558 ό
3063 5505 3463 5572 κατακρίνων;

2263 5625 2282 5654 ³
2311 5622 2468 5675 Rom.
2504 5638 2595 5674 νιιι
2621 5661 2634 5683 ,
2668 5621 2755 5674 54.

669 5742 785 5812 (25)
818 5745 867 5797 Α
891 5747 1149 5801 Corderio
1183 5749 1282 5802 alia
1329 5749 1624 5804 aﬂ'eruntur
1665 5762 1783 5817 qum
1828 5759 1951 5802 sunt
1979 5748 2269 5803 Theodori.
