4034 6438
182 415 287 474 381

333 529 436 593 Εἰς
469 523 534 578 τὸ
563 521 754 584 τέλος,
799 511 1103 570 ΨΑΛΜΟΣ
1131 505 1209 571 τῷ
1246 505 1440 559 Δαύΐδ.
1477 503 1606 556 ΞΡ.

814 607 1138 668 Ὑπόθεσις.

188 711 390 767 Τοῦτον
433 707 555 779 ᾅδει·
575 704 665 757 τὸν
717 699 928 770 ψαλμὸν
978 699 1042 749 ὲκ
1088 689 1378 763 προσώπου
1420 685 1529 739 τῶν
1579 680 1749 779 ἁγίων

256 772 592 861 ἀποστδλων,
637 789 940 862 εὐχομένων
975 783 1351 852 ἀπαλλαγῆναι
1395 775 1502 830 τῶν
1544 772 1749 844 ἐχθρῶν

257 895 350 949 τοῦ
377 885 729 958 εύαγγελικοῦ
755 882 1124 954 κηρύγματος,
1159 869 1529 944 διηγουμένων
1560 882 1617 918 τε
1654 880 1750 916 σα-

257 984 373 1053 φῶς
402 954 1006 1033 τάκατασκευασθέντα
1035 969 1217 1029 αὐτοῖς
1245 963 1396 1034 παρὰ
1425 959 1533 1013 τῶν
1556 954 1749 1028 ἀρχόν-

255 1092 365 1129 των
392 1071 482 1126 τοῦ
509 1067 636 1123 λαοῦ
663 1065 770 1119 τῶν
803 1064 1093 1126 Ἰουδαίων,
1126 1060 1161 1113 ἆ
1187 1075 1245 1111 τε
1270 1053 1750 1124 ύπομεμενήκασιν

257 1165 412 1220 αὐτοὶ
429 1203 444 1227 ,
472 1161 626 1230 δῆλον
655 1158 731 1222 δὲ,
766 1158 847 1210 ὅτι
872 1156 922 1208 οἱ
949 1150 1333 1225 προλεχθέντες
1353 1147 1630 1217 ἄρχοντες,
1655 1141 1750 1210 τῆς

259 1259 340 1318 είς
375 1251 610 1324 Χριστὸν
635 1246 892 1309 ἀσεϐείας
914 1245 1122 1297 ἕνεκεν.

259 1321 663 1403 Είσάκουσον,
705 1343 736 1394 ό
763 1339 926 1402 Θεὸς,
954 1333 1158 1403 φωνῆς
1175 1349 1292 1401 μου
1312 1329 1382 1382 ἐν
1410 1324 1489 1391 τῷ
1517 1321 1752 1378 δέεσθαί

179 1455 278 1507 με.
313 1435 472 1501 Δέξαι
498 1451 620 1505 μου,
644 1430 797 1501 φησὶ,
825 1428 1092 1490 Δέσποτα,
1115 1423 1214 1494 τὴν
1246 1419 1502 1484 ἱκετείαν,
1520 1417 1613 1468 καὶ
1646 1411 1752 1484 ῥῶ-

188 1500 282 1578 σόν
307 1542 407 1596 μου
431 1500 529 1591 τὴν
563 1500 817 1582 διάνοιαν,
845 1517 984 1570 ὥστε
1022 1514 1095 1585 μὴ
1129 1511 1356 1566 δεδιέναι
1382 1506 1478 1569 τὰς
1522 1500 1752 1596 προσϐο-

185 1593 321 1679 λὰς.
345 1613 476 1668 Ἀπὸ
510 1613 695 1680 φόϐου
728 1606 941 1678 ἐχθροῦ
980 1602 1193 1669 ἐξελοῦ
1240 1598 1354 1668 τὴν
1376 1593 1586 1666 ψυχήν
1611 1608 1748 1661 μου.

189 1707 416 1776 Ὅμοιον
445 1701 522 1773 τῷ
541 1720 553 1733 ·
587 1703 693 1756 Καὶ
718 1700 855 1763 νῦν,
887 1698 1082 1764 Κύριε,
1113 1691 1280 1747 ἔπιδε
1309 1689 1406 1743 ἐπὶ
1441 1687 1548 1752 τὰς
1592 1685 1755 1738 ἀπει-

184 1798 304 1862 λὰς
326 1793 544 1858 αὐτῶν,
578 1792 673 1845 καί
697 1790 802 1856 δὸς
845 1789 970 1853 τοῖς
999 1786 1241 1851 δούλοις
1283 1798 1398 1837 σου
1425 1776 1574 1850 μετὰ
1604 1776 1753 1842 παῤ-

176 1887 410 1956 ρηο-ιάς
435 1882 650 1938 λαλεῖν
680 1880 786 1934 τὸν
804 1881 988 1948 λόγον
1020 1890 1158 1930 σου.

264 1981 492 2041 Οἶτινες
530 1975 848 2042 ἠκόνησαν
874 1971 953 2036 ὡς
987 1966 1288 2037 ῥομφαίαν
1322 1961 1427 2026 τὰς
1472 1959 1754 2030 γλώσσας

184 2068 407 2124 αὐτῶν.
439 2065 626 2120 Ταῦτᾶ
655 2080 816 2134 φησι,
854 2063 945 2115 διά
973 2061 1034 2112 τὸ
1069 2051 1514 2128 βλασφημοῦντας
1562 2050 1755 2112 αὐτοὺς

184 2160 281 2213 σιὸν
340 2156 542 2227 Ἰησοῦν
595 2154 772 2221 λέγειν
822 2154 934 2214 τοῖς
980 2147 1330 2208 ἀποστόλοιςο
1387 2140 1756 2210 Παραγγελίᾳ

187 2246 672 2316 παρηγγείλαμεν
716 2241 859 2311 ὑμῖν
900 2238 1115 2310 μηδενὶ
1147 2236 1358 2292 λαλεῖν
1377 2233 1475 2288 ἐπὶ
1503 2232 1582 2298 τῷ
1621 2231 1754 2284 ὀνό-

180 2357 327 2410 ματι
353 2339 559 2402 τούτῳ.
591 2364 662 2376 -
710 2333 1046 2388 Ἐνέτειναν
1073 2329 1253 2394 τόξον
1291 2325 1486 2381 αὐτῶν
1521 2320 1757 2390 πρᾶγμα

185 2429 422 2497 πικρόν.
461 2427 629 2491 Τόξου
660 2425 785 2495 βολῇ
807 2426 876 2477 τὰ
910 2419 1237 2498 θανατοποιά
1269 2417 1366 2486 τῆς
1384 2413 1630 2482 γλώσσης
1658 2411 1753 2463 αύ-

186 2521 298 2574 τῶν
325 2517 659 2588 παραϐάλλει
693 2517 933 2585 ῥήματα.
974 2513 1095 2573 Πῶς
1150 2510 1257 2580 γὰρ
1316 2507 1376 2560 ού
1431 2500 1758 2557 Θανατοποιὰ

186 2613 260 2667 τὰ
289 2608 494 2663 πείθειν
516 2605 898 2678 ἐπιχειροῦντα
933 2603 1007 2674 μὴ
1031 2602 1164 2655 Θεὸν
1185 2597 1461 2653 πιστεύειν
1495 2591 1633 2648 εἷναι
1666 2593 1758 2646 τὸν

205 2700 416 2772 Ἰησοῦν
436 2717 450 2765 ;

272 2789 560 2855 Ἐξὰπινα
583 2786 1126 2849 κατατοξεύσουσιν
1148 2779 1355 2839 αὐτὸν,
1401 2778 1498 2833 καὶ
1535 2779 1606 2830 οὺ
1654 2792 1758 2844 φο-

188 2880 572 2950 ϐηθήσονται.
598 2875 895 2946 Λοχῶντες,
923 2872 1106 2941 φησὶν,
1129 2869 1389 2938 ἐξαίφνης
1417 2867 1656 2926 ἐπίασιν,
1695 2865 1756 2917 ού

186 2974 422 3033 δεδιότες
447 2971 537 3022 τὸν
560 2967 839 3038 ἐφορῶντα
869 2965 1020 3016 Θεόν.
1061 2959 1504 3028 Ἐκραταίωσαν
1524 2955 1759 3020 ἑαυτοῖς

187 3064 377 3132 λόγον
413 3061 677 3127 πονηρόν
711 3074 723 3087 ⁸
754 3057 814 3109 τὸ
843 3050 1300 3108 διαϐεϐαιοῦσθαι·
1330 3051 1443 3102 Ούκ
1490 3048 1686 3118 ἀνέστη
1731 3049 1758 3100 ὁ

1300 385 1660 447 EXPOSITIO
1691 384 1759 442 IN
1798 378 2127 439 PSALMUM
2155 375 2330 432 LXIII.

1774 501 1821 558 Α

3298 358 3409 419 289.

2017 492 2069 544 I.
2111 487 2177 542 In
2202 487 2382 556 ﬁnem;
2410 477 2749 536 PSALMUS
2781 474 2971 529 David.
3009 469 3231 527 LXIII.

2423 570 2824 639 Argumentum.

1851 670 2005 726 Hunc
2053 667 2200 724 canit
2225 664 2496 736 psalmum
2533 675 2599 715 ex
2637 672 2869 728 persona
2918 662 3234 709 sanctorum
3280 663 3408 721 apo-

1921 763 2214 826 stolorum,
2285 756 2379 826 qui
2439 761 2629 823 rogant
2683 748 2902 804 liberari
2949 763 3007 801 se
3058 747 3126 800 ab
3172 744 3408 798 inimicis

1921 847 2242 919 evangelica:
2267 841 2690 915 praedicationis,
2710 847 2765 893 et
2785 837 3017 892 dilucide
3042 842 3267 890 narrant
3288 847 3412 903 quae

1921 941 2210 996 adversum
2246 951 2307 991 se
2345 949 2377 990 a
2418 931 2756 1002 principibus
2798 928 2984 998 populi
3019 925 3228 981 Judaici
3262 932 3411 994 gesta

1919 1032 2072 1089 sint:
2111 1043 2338 1100 qumque
2386 1025 2522 1095 ipsi,
2575 1022 2825 1077 videlicet
2870 1018 3055 1089 populi
3101 1016 3408 1088 principes,

1923 1119 2212 1191 impietatis
2243 1131 2370 1187 erga
2406 1114 2684 1169 Christum
2716 1124 2882 1167 causa
2934 1109 3045 1164 sint
3077 1106 3340 1178 perpessi.

1919 1297 1974 1351 2.
2015 1293 2249 1355 Exaudi,
2285 1291 2444 1354 Deus,
2487 1289 2773 1343 orationem
2801 1301 2968 1339 meam
3006 1300 3121 1337 cum
3147 1283 3410 1351 deprecor.

1851 1388 2066 1457 Accipe,
2101 1385 2306 1455 inquit,
2345 1381 2592 1445 Domine,
2622 1376 3071 1450 supplicationem
3119 1388 3293 1429 meam
3314 1412 3331 1438 ,
3361 1380 3416 1426 et

1852 1487 2085 1533 mentem
2129 1476 2389 1530 conﬁrma
2437 1487 2647 1536 meam,
2702 1479 2762 1525 ut
2804 1483 2870 1523 ne
2915 1467 3133 1521 timeam
3187 1465 3414 1533 impetus

1853 1567 2216 1622 inimicorum.
2249 1566 2292 1618 Α
2321 1565 2507 1618 timore
2541 1562 2745 1617 inimici
2789 1562 2929 1630 eripe
2963 1559 3195 1613 animam
3225 1571 3413 1608 meam.

1857 1659 2041 1714 Simile
2081 1658 2157 1712 illi
2199 1672 2214 1709 :
2265 1653 2334 1710 Et
2384 1669 2518 1707 nunc
2544 1692 2558 1718 ,
2611 1650 2870 1717 Domine,
2911 1648 3105 1717 respice
3146 1647 3204 1700 in
3245 1645 3414 1697 minae

1855 1767 2070 1817 eorum,
2114 1759 2163 1803 et
2193 1747 2263 1801 da
2292 1746 2452 1801 seruis
2495 1747 2597 1798 tuis
2625 1759 2742 1797 cum
2785 1741 2984 1811 ﬁducia
3029 1740 3171 1810 loqui
3209 1737 3417 1792 verbum

1784 1836 1826 1895 Β
1856 1851 2005 1894 tuum
2021 1839 2042 1870 ⁸
2069 1837 2203 1906 (26).

1923 1993 1978 2047 4.
2018 1991 2158 2058 Quia
2181 1999 2499 2045 emacuerunt
2534 1997 2589 2040 ut
2616 1987 2851 2058 gladium
2876 1987 3084 2054 linguas
3115 1999 3260 2037 suas.
3293 1979 3417 2036 Haec

1856 2087 1964 2154 ait,
2013 2085 2140 2155 quia
2185 2083 2502 2151 blaspliema
2553 2079 2608 2133 in
2639 2077 2824 2133 Jesum
2861 2077 3004 2131 dicta
3048 2073 3414 2145 proferentes,

1853 2178 2102 2234 dicebant
2118 2173 2377 2244 apostolis
2411 2190 2424 2224 :
2465 2168 2821 2238 Prwcipiendo
2837 2168 3173 2235 praecepimus
3199 2165 3340 2217 vobis
3359 2179 3420 2216 ne

1855 2266 2108 2320 doceretis
2139 2265 2191 2316 in
2225 2265 2429 2316 nomine
2452 2259 2610 2314 ista”.
2642 2289 2702 2298 —
2739 2257 3078 2311 Intenderunt
3105 2272 3285 2308 arcum
3313 2270 3419 2307 rem

1855 2372 2112 2410 amaram.
2141 2354 2317 2407 Arcus
2344 2351 2538 2405 missili
2565 2349 2814 2404 letliit‘cra
2848 2349 3043 2416 lingua:
3065 2361 3251 2402 eorum
3277 2344 3420 2399 dicta

1857 2455 2153 2516 comparat.
2199 2443 2484 2509 Quomodo
2536 2442 2679 2496 enim
2725 2453 2834 2494 non
2888 2439 3134 2494 lethifera
3188 2437 3418 2499 lueriut,

1856 2553 1978 2608 qua:
2023 2538 2273 2591 nituntur
2319 2532 2649 2603 persuadere
2679 2528 2864 2585 Jesum
2899 2545 3006 2583 non
3037 2528 3184 2583 credi
3222 2527 3422 2582 debere

1857 2628 2065 2684 Deum?

1927 2781 1981 2836 6.
2024 2779 2209 2835 Subito
2233 2779 2560 2850 sagittabunt
2587 2793 2704 2830 eum
2740 2785 2788 2830 et
2834 2792 2940 2830 non
2982 2773 3253 2829 timebunt.
3281 2769 3419 2826 Insi-

1857 2882 2089 2945 diantes,
2126 2878 2337 2948 inquit,
2369 2877 2552 2932 subito
2593 2876 2853 2944 impetum
2885 2871 3146 2936 fecerunt,
3178 2883 3284 2922 non
3311 2879 3423 2920 me-

1859 2985 2071 3030 tuentes
2104 2976 2468 3043 inspectorem
2518 2970 2708 3024 Deum.
2752 2965 3124 3020 Firmauerunt
3165 2960 3264 3016 sibi
3307 2976 3418 3013 ser-

1860 3082 2062 3120 monem
2084 3081 2324 3134 nequam,
2349 3063 2494 3134 quod
2527 3061 2858 3116 adﬁrmarent
2894 3056 3181 3111 Dominum
3215 3067 3246 3107 a
3277 3065 3422 3105 mor-

189 3153 397 3222 Κύριος
418 3149 482 3203 ὲκ
504 3147 732 3219 νεκρῶν.
754 3144 1126 3214 Διηγνήσαντο
1147 3140 1252 3195 τοῦ
1277 3141 1501 3208 κρύψαι
1516 3138 1752 3207 πατίδα.

1856 3158 1965 3212 tuis
1995 3172 2103 3211 non
2141 3154 2524 3210 resurrexisse.
2569 3151 2938 3205 Narrauerunt
2967 3156 3026 3200 ut
3052 3145 3422 3200 absconderem

193 3243 344 3294 ΙΙἈνω
366 3240 459 3293 καὶ
475 3237 642 3298 κάτω,
671 3235 855 3304 φησὶν,
885 3230 1228 3284 ἐϐουλεύοντο
1251 3230 1562 3280 ἀποκτεῖναι
1583 3226 1680 3278 λάϐ
1690 3242 1755 3296 ρα

187 3331 299 3385 τῶν
316 3325 679 3397 εύαγγελικῶν
694 3322 973 3392 δογμάτων
990 3320 1113 3382 τοὺς
1135 3319 1402 3388 κήρυκας.
1427 3316 1539 3379 Τίς,
1559 3311 1752 3377 εἶπαν,

190 3423 402 3489 ὄψεται
419 3417 672 3482 adrade;
699 3413 885 3468 Ταῦτα
921 3412 1208 3481 ἔπραττον,
1246 3409 1409 3478 φησὶ,
1450 3406 1757 3477 νομίζοντες

196 3513 270 3582 μὴ
300 3511 551 3564 ἀπαιτεῖν
573 3505 769 3568 αὐτοὺς
802 3505 893 3556 τὸν
915 3502 1045 3555 Θεὸν
1082 3501 1182 3571 τῆς
1217 3500 1471 3570 τοιαύτης
1509 3498 1758 3560 ἀσεϐείας

191 3603 293 3662 τὰς
318 3601 495 3662 δίκας.

264 3691 737 3758 Προσελεὺσεται
769 3685 1076 3752 ἄνθρωπος
1107 3683 1206 3736 καὶ
1262 3681 1471 3749 καρδία
1518 3682 1753 3745 βαθεῖα.

191 3786 253 3836 Οἱ
285 3783 385 3854 μὲν
418 3782 741 3852 παράνομοι,
771 3779 954 3848 φησιν,
984 3776 1044 3829 οὐ
1077 3774 1312 3827 διέλιπον
1359 3774 1569 3845 πονηρά
1617 3776 1758 3827 κατά

190 3875 286 3928 τοῦ
338 3874 542 3946 Κυρίου
578 3870 987 3943 βουλευόμενοι·
1042 3868 1198 3921 τοῦτο
1225 3867 1332 3938 γάρ
1355 3869 1468 3920 ἐστι
1495 3867 1554 3920 τό
1573 3885 1586 3897 ·
1636 3867 1758 3931 Ἐξ-

192 3967 540 4035 ηρεύνησαν
553 3963 824 4032 ἀνομίαν·
843 3964 871 4014 ὁ
891 3961 950 4014 δὲ
965 3960 1056 4014 τοῦ
1077 3960 1210 4013 Θεοῦ
1227 3959 1323 4015 ἀνθ
1332 3977 1508 4030 ρωπος
1523 3963 1550 4013 ὁ
1566 3960 1757 4013 συνετὰ

196 4054 578 4126 βουλευόμενος
611 4051 806 4123 (τοῦτο
850 4051 958 4120 γὰρ
992 4053 1025 4120 ἡ
1075 4051 1262 4120 βαθεῖα
1295 4050 1486 4120 καρδία
1533 4051 1753 4121 δηλοῖ),

194 4148 290 4201 ἆτε
313 4144 558 4216 ἀκριϐῶς
591 4146 788 4214 νοήσας
813 4145 875 4196 τὸ
905 4144 1220 4213 μυστήριον.
1249 4144 1359 4204 τοῖς
1393 4142 1757 4212 προσήκουσιν

194 4237 383 4306 ὕμνοις
412 4234 772 4305 κεχρημένος,
807 4233 1012 4302 ὑψώσει
1047 4234 1136 4285 τὸν
1157 4233 1307 4298 Θεὸν,
1337 4235 1474 4286 κατᾶ
1516 4233 1575 4285 τὸ
1606 4235 1756 4304 εἰρη-

197 4326 355 4394 μένον
383 4323 618 4394 ἀλλαχοῦ
697 4322 934 4391 Ύψὼσω
963 4339 1056 4385 σε,
1094 4323 1268 4390 Κύριε
1305 4326 1337 4375 ό
1373 4324 1515 4388 Θεός
1544 4340 1682 4390 μου,
1724 4324 1757 4374 ό

185 4416 486 4480 ,ϐασιλεύς
504 4432 643 4483 μου.
669 4413 853 4480 Beloc
878 4415 1110 4481 νηπίων
1134 4411 1510 4481 ἐγενήθησαν
1530 4416 1588 4466 αἱ
1607 4416 1757 4479 πλη-

1854 3246 2084 3316 laqueos.
2119 3245 2348 3299 Sursum
2371 3244 2650 3304 deorsum,
2671 3240 2869 3311 inquit,
2893 3237 3181 3293 consilium
3215 3233 3422 3288 inibant

1854 3351 1963 3406 quo
1997 3344 2154 3405 pacto
2185 3334 2510 3404 evangelicae
2555 3334 2816 3388 doctrinae
2849 3341 3122 3399 prtecones
3155 3325 3290 3378 clam
3330 3336 3422 3377 oc-

1855 3427 2113 3482 ciderent.
2164 3424 2441 3488 Dixerunt,
2483 3425 2600 3492 quis
2642 3421 2836 3476 uidebit
2871 3421 2998 3474 eos?
3032 3415 3190 3480 Haec,
3215 3414 3419 3484 inquit,

1857 3519 2084 3590 agebant
2128 3518 2232 3573 rati
2279 3515 2448 3572 Deum
2492 3517 2559 3571 de
2610 3524 2757 3570 tanta
2790 3513 3066 3583 impietate
3092 3521 3282 3578 poenas
3313 3521 3421 3560 non

1856 3623 2167 3678 exposcere.

1925 3701 1980 3754 8.
2018 3699 2236 3753 Accedet
2260 3697 2410 3750 homo
2447 3706 2497 3750 et
2548 3711 2638 3749 cor
2670 3693 2862 3747 altum.
2917 3689 3094 3759 Iniqui
3148 3685 3420 3747 homines,

1857 3791 1951 3854 ait,
1981 3790 2142 3843 tinem
2175 3805 2282 3842 non
2313 3788 2562 3842 fecerunt
2595 3786 2734 3840 mala
2767 3792 2954 3838 contra
2989 3779 3273 3834 Dominum
3301 3791 3403 3830 ma-

1857 3881 2110 3935 ehinandi
2157 3898 2169 3933 :
2213 3880 2265 3934 id
2318 3880 2459 3934 enim
2525 3877 2863 3946 signiﬁcatur
2917 3888 3011 3942 per
3054 3871 3166 3924 huic
3216 3868 3416 3921 verba:

1859 3969 2097 4024 Scrutati
2130 3979 2253 4023 sunt
2286 3969 2636 4038 iniquitatem.
2682 3967 2748 4019 At
2800 3965 2965 4019 homo
2999 3960 3126 4026 Dei,
3169 3959 3262 4028 qui
3296 3973 3423 4027 pru—

1857 4061 2037 4115 dentia
2056 4059 2283 4115 consilia
2312 4060 2412 4112 init
2433 4058 2586 4127 (illud
2611 4058 2756 4112 enim
2779 4055 3067 4126 signiﬁcat,
3092 4068 3182 4105 cor
3203 4048 3421 4117 altum),

1857 4166 1981 4205 cum
2007 4159 2256 4205 accurate
2296 4150 2611 4219 mysterium
2644 4146 3016 4218 perpenderit,
3049 4141 3262 4214 hymnis
3292 4154 3424 4195 usus

1858 4243 2299 4314 congruentibus,
2349 4241 2518 4296 Deum
2564 4239 2852 4301 exaltabit,
2892 4239 3048 4307 juxta
3106 4234 3236 4289 illud
3278 4233 3422 4303 quod

1858 4333 1985 4388 alibi
2033 4333 2237 4388 dictum
2265 4342 2344 4387 est
2375 4352 2387 4386 :
2423 4331 2689 4385 Exaltabo
2725 4342 2794 4393 te,
2839 4328 3058 4382 Domine
3088 4325 3226 4379 Deus
3255 4341 3421 4386 meus,

1861 4441 1950 4478 rex
1994 4441 2135 4478 meus
2154 4424 2194 4476 ⁸.
2245 4421 2464 4491 Sagitte
2503 4421 2842 4489 parvulorum
2885 4418 3044 4486 facta:
3084 4425 3205 4471 sunt
3253 4414 3425 4485 plagis

189 4509 289 4576 γαί
316 4505 533 4560 αὐτῶν.
561 4506 740 4560 Εἰπὼν
775 4506 951 4559 αὐτῶν
971 4505 1031 4558 τὸ
1061 4504 1202 4558 κατά
1234 4503 1342 4557 τῶν
1383 4505 1552 4572 ἁγίων
1586 4505 1754 4574 κηρύ-

1856 4531 2053 4569 eorum.
2081 4514 2375 4583 Postquam
2397 4528 2588 4568 eorum
2618 4513 2880 4566 adversus
2906 4517 3122 4564 sanctos
3148 4521 3423 4576 praecones

193 4616 303 4652 κων
331 4597 574 4674 ἔπαρμα,
602 4596 938 4667 διεξέρχεται
973 4597 1065 4649 καὶ
1095 4595 1191 4666 τὴν
1216 4594 1507 4649 ἔκπτωσιν.

262 4687 650 4757 Καὶέφοϐἠθη
682 4686 799 4752 πᾶς
822 4686 1146 4753 ἅνθρωπος.
1182 4686 1276 4749 Τίς
1307 4674 1413 4757 γὰρ
1440 4688 1538 4738 οὐκ
1569 4685 1633 4739 ἂν
1663 4704 1756 4756 φο-

190 4779 408 4849 ϐηθείη,
441 4778 742 4849 ἐπισκοπὴν
800 4780 864 4831 ὲκ
912 4777 1046 4830 Θεοῦ
1086 4776 1226 4848 ὁρῶν
1277 4777 1568 4848 γινομένην
1617 4778 1757 4832 κατά

190 4871 300 4924 τῶν
324 4869 536 4922 ἀσεϐῶν
566 4887 580 4936 ;

263 4961 756 5031 Εὐφρανθήσεται
777 4959 1005 5026 δίκαιος
1025 4961 1094 5013 ἐν
1131 4960 1207 5026 τῷ
1260 4963 1454 5030 Κυρίῳ
1475 5002 1489 5026 ,
1531 4963 1627 5016 καὶ
1661 4963 1756 5016 ἐλ-

191 5055 318 5114 πιεῐ
335 5055 428 5109 ἐπ’
456 5051 632 5118 αὐτῷ.
651 5053 1019 5124 Διαφερόντως
1046 5053 1094 5105 οἱ
1125 5051 1230 5105 τῶν
1257 5052 1414 5107 θείων
1435 5056 1609 5124 νόμων
1636 5055 1754 5106 ἐπι-

194 5146 357 5218 μελού
367 5162 516 5215 μενοι
556 5144 818 5214 Θυμηδίας
850 5143 1271 5215 ἐμφορηθέντες,
1294 5143 1391 5214 τὴν
1411 5146 1488 5208 εἰς
1515 5145 1605 5198 τὸν
1623 5145 1753 5197 Θεὸν

191 5237 383 5289 ἐλπίδα
427 5233 648 5304 βεϐαίαν
685 5234 1028 5306 ἐργάσονται.
1093 5236 1201 5288 Kal
1264 5236 1753 5301 ἐπαινεθήσονται

191 5325 412 5392 πάντες
438 5327 493 5379 οἱ
527 5325 719 5390 suasa;
738 5323 812 5393 τῇ
835 5325 1063 5393 καρδίᾳ.
1092 5327 1200 5378 Καὶ
1235 5327 1332 5398 τὴν
1363 5326 1510 5396 παρά
1547 5325 1753 5397 ἀνθρὼ-

191 5434 312 5470 πων
345 5415 720 5486 καρπώσονται
749 5415 994 5470 εὔκλειαν
1031 5419 1080 5469 oi
1116 5417 1250 5488 πρὸς
1274 5419 1405 5472 Θεὸν
1447 5417 1744 5470 διευθύνον-

1861 4606 2117 4674 impetum
2150 4606 2445 4669 enarravit,
2472 4605 2582 4673 jam
2614 4617 2802 4658 eorum
2836 4601 3045 4654 ruinam
3075 4596 3350 4652 describit.

1932 4692 2017 4746 10.
2056 4690 2127 4745 Et
2177 4693 2354 4745 timuit
2407 4694 2575 4744 omnis
2621 4691 2794 4744 homo.
2844 4688 2978 4754 Quis
3021 4703 3126 4741 non
3174 4687 3420 4746 timeret,

1861 4783 2249 4854 inspectionem
2298 4792 2352 4838 et
2400 4783 2845 4853 perquisitionem
2898 4797 2927 4834 a
2997 4779 3106 4835 Deo
3161 4778 3422 4835 adversus

1861 4875 2058 4944 impios
2086 4875 2281 4931 factam
2320 4875 2586 4929 cernens?

1931 4968 2017 5022 Il.
2061 4965 2352 5020 Laetabitur
2370 4964 2548 5034 justus
2578 4965 2630 5016 in
2660 4961 2884 5015 Domino
2918 4970 2965 5013 et
2991 4959 3219 5028 sperabit
3254 4976 3309 5011 in
3338 4973 3418 5012 ro.

1860 5055 1963 5122 Qui
2007 5056 2218 5109 divinas
2253 5061 2448 5106 curant
2497 5052 2674 5123 leges,
2719 5050 2920 5122 ingenti
2952 5048 3151 5120 gaudio
3185 5048 3419 5117 perfusi,

1859 5162 2010 5216 spem
2058 5159 2182 5215 erga
2228 5144 2393 5198 Deum
2444 5143 2653 5200 ﬁrmam
2691 5141 2923 5196 ellieient
2957 5140 3092 5212 (27).
3133 5138 3200 5192 Et
3235 5138 3421 5194 lautia-

1859 5237 2051 5290 buntur
2077 5253 2250 5290 omnes
2284 5237 2409 5289 recti
2447 5237 2621 5290 corde.
2647 5233 2844 5289 Gloriae
2864 5233 3150 5302 laudisque
3181 5231 3416 5286 fructum

1858 5330 1999 5398 apud
2025 5328 2273 5382 homines
2295 5326 2486 5391 ferent,
2511 5326 2602 5396 qui
2635 5341 2662 5379 a
2695 5324 2804 5379 Deo
2828 5325 3157 5394 diriguntur,
3185 5337 3283 5376 nec
3305 5336 3419 5377 sus-

1854 5419 2024 5474 tinent
2048 5429 2198 5474 extra
2228 5420 2368 5473 viam
2401 5426 2600 5474 rectam
2636 5417 2902 5471 incedere.

191 5524 310 5571 τες,
340 5506 433 5560 καὶ
466 5507 566 5576 τῆς
587 5507 704 5562 ὀδοῦ
728 5507 828 5577 τῆς
859 5507 1069 5570 εὐθείας
1095 5508 1201 5574 ἔξω
1221 5508 1456 5578 βαδίζειν
1494 5507 1592 5560 οὐκ
1627 5505 1963 5576 ἀνεχόμενοι.

262 5624 284 5654 ⁵
313 5624 433 5677 Act.
460 5639 530 5686 tv,
560 5623 650 5679 29a
725 5624 746 5657 ⁵
777 5623 895 5679 Act.
929 5640 981 5690 ν,
1023 5626 1075 5678 8.
1152 5627 1173 5656 ⁸
1198 5623 1341 5680 Psal.
1375 5642 1522 5691 XXIX,
1549 5627 1602 5679 2.

263 5714 534 5797 (26LIIic_
563 5717 851 5797 Gordcrius
893 5719 996 5774 alia
1037 5720 1220 5774 tribuit
1280 5722 1576 5777 Athanasio
1629 5738 1746 5792 quae

192 5796 318 5840 sunt
350 5787 642 5840 Theodori.

1945 5723 2054 5797 β’ῐ)
2078 5723 2172 5780 Hie
2195 5725 2298 5781 alia
2321 5724 2472 5779 affert
2492 5721 2780 5779 Corderius
2827 5735 2947 5790 quae
2978 5727 3105 5773 sunt
3128 5714 3418 5772 Theodori.
