4034 6458
622 412 728 471 283

1454 407 1512 463 S.
1553 404 1920 462 ATHANASII
1958 404 2107 461 OPP.
2143 401 2323 458 PARS
2358 401 2447 460 Ill.
2478 434 2551 446 --
2586 401 2994 459 EXEGETICA.

3733 402 3839 465 284

624 524 676 582 ί.
714 522 780 577 In
806 523 983 592 finem,
1002 519 1237 575 PSALM
1248 518 1335 575 US
1357 519 1546 574 Dauid.
1572 520 1847 575 Canticum
1870 518 2169 572 Jeremitzet
2200 542 2213 577 Α

2285 518 2380 581 Εἰς
2411 515 2478 569 τὸ
2502 515 2691 581 τέλος,
2727 515 3032 568 ΨΑΛΜΟΣ
3056 510 3135 576 τῷ
3157 510 3355 565 Δαυΐᾶ.
3394 510 3531 581 ’ῼδὴ
3565 512 3841 583 Ἰερεμίου

690 606 979 662 Ezechielis
998 605 1188 675 populo
1215 605 1717 676 transmigrationis,
1747 620 1864 657 cum
1894 605 2177 673 inciperent

688 703 849 755 exire.
875 697 1007 753 LXI
1024 698 1087 754 γ.

1196 786 1235 841 Α
1248 796 1597 858 rgumentum.

619 904 677 959 In
712 901 815 956 hoc
847 898 1053 969 psalmo
1085 913 1371 969 personam
1402 896 1607 951 inducit
1634 895 1898 967 gentium,
1934 909 2054 964 quae
2083 908 2177 949 oc—

688 990 1050 1049 clamantibus
1085 990 1209 1044 licet
1243 988 1406 1059 hujus
1442 987 1625 1042 saeculi
1672 985 2024 1055 sapientibus,
2057 999 2177 1039 cre-

687 1083 934 1139 diderant
964 1081 1017 1135 in
1044 1078 1347 1144 Christum,
1379 1088 1433 1134 et
1472 1078 1585 1148 jam
1626 1078 1899 1147 postulant
1939 1075 2179 1146 pristinas

686 1173 978 1243 impietatis
1011 1170 1406 1225 remissionem.
1456 1170 1536 1224 Ad
1572 1170 1685 1223 hanc
1729 1183 1828 1237 pro
1862 1168 1929 1221 iis
1972 1167 2177 1221 oratio-

685 1280 810 1317 nem
839 1260 1075 1324 emittit,
1119 1260 1214 1331 qui
1252 1259 1459 1314 scilicet
1487 1257 1811 1313 infructuosi
1847 1256 1973 1311 olim
1999 1264 2175 1319 erant,

685 1353 797 1424 jam
827 1369 956 1408 vero
982 1369 1077 1423 per
1099 1351 1301 1407 Christi
1336 1351 1493 1405 ﬁdem
1527 1349 1775 1420 frugiferi
1801 1348 1925 1402 facti
1961 1356 2107 1402 sunt.

680 1443 736 1498 2.
781 1442 849 1497 Te
889 1444 1029 1496 decet
1058 1442 1302 1511 hymnus,
1341 1439 1505 1503 Deus,
1560 1441 1612 1493 in
1663 1439 1813 1494 Sion.
1854 1438 1972 1492 Non
2016 1440 2174 1503 ultra,

613 1534 811 1604 inquit,
859 1534 925 1588 iis
969 1550 1111 1603 quos
1155 1532 1285 1587 olim
1325 1531 1455 1586 deos
1499 1530 1900 1585 :cstimabamus
1948 1530 2178 1600 hymnos

611 1627 875 1692 canimus,
904 1626 1055 1695 gnari
1086 1640 1191 1679 non
1237 1639 1335 1693 par
1368 1637 1487 1679 esse
1519 1622 1640 1676 illus
1668 1622 1949 1687 celebrari,
1982 1622 2076 1691 qui
2110 1621 2177 1675 li-

611 1730 751 1787 gna,
797 1716 999 1786 lapides
1026 1726 1081 1769 et
1115 1714 1381 1769 daemonia
1407 1721 1574 1769 .sunt.
1621 1711 1725 1767 Sed
1776 1713 1870 1767 tibi
1920 1712 2021 1768 soli
2074 1711 2178 1767 boc

2345 608 2443 663 καὶ
2486 604 2751 672 ἰεζεκιὴλ
2788 605 2892 658 τοῦ
2951 604 3103 659 λαοῦ
3151 602 3263 673 τῆς
3321 606 3663 671 παροικίας,
3740 608 3831 662 ὅτε

2343 694 2603 763 ἔμελλον
2626 695 3068 764 ἐκπορεύεσθαι.
3094 692 3213 746 ΞΝ.

2902 809 3222 872 Ὺπόθεσις.

2288 900 2376 954 Ἑν
2394 900 2567 971 τούτῳ
2602 900 2679 971 τῷ
2698 898 2895 970 ψαλμῷ
2920 900 3126 967 εἰσάγει
3149 898 3207 950 τὸ
3223 896 3508 967 πρόσωπον
3536 896 3643 949 τῶν
3668 896 3843 951 ἐθνῶν

2344 988 2450 1043 τῶν
2489 989 2886 1042 πιστευσάντων
2917 989 2996 1051 εἰς
3018 987 3269 1059 Χριστὸν,
3303 985 3695 1039 καταϐοώντων
3724 985 3836 1039 τῶν

2345 1080 2523 1149 σοφῶν
2543 1078 2637 1133 τοῦ
2672 1079 2862 1143 αίῶνος
2887 1078 3074 1131 τούτου
3095 1118 3111 1142 ,
3150 1075 3439 1131 αἰτούντων
3467 1094 3527 1129 τε
3566 1076 3665 1146 τῆς
3704 1095 3845 1148 προ-

2344 1173 2505 1245 τέρας
2528 1171 2779 1235 ἀσεϐείας
2812 1172 3024 1240 ἄφεσιν.
3064 1170 3185 1221 Ἔτι
3217 1186 3277 1221 τε
3310 1168 3474 1240 εὐχὴν
3524 1169 3842 1239 ἀναπέμπει

2347 1264 2486 1334 ὑπὲρ
2511 1261 2708 1325 αὐτῶν,
2745 1262 2913 1313 ὄντων
2949 1262 3045 1330 μὲν
3072 1260 3238 1313 πάλαι
3272 1260 3534 1330 ἀκάρπων
3614 1258 3845 1329 γενομέ-

2342 1372 2448 1407 νων
2478 1354 2534 1406 δὲ
2560 1353 2804 1422 εὐφόρων
2834 1351 2920 1405 διὰ
2941 1354 3040 1420 τῆς
3062 1353 3141 1413 είς
3174 1350 3406 1421 Χριστὸν
3444 1351 3697 1412 πίστεως.

2344 1446 2447 1499 Σοί
2496 1444 2702 1511 πρέπει
2754 1443 2959 1511 ὗμνος,
3015 1444 3047 1493 ὀ
3084 1441 3248 1505 Θεὸς,
3288 1440 3356 1492 ἐν
3396 1440 3565 1494 Σιών.
3624 1441 3843 1501 Οὐκέτι,

2275 1534 2459 1605 φησὶν,
2485 1528 2565 1595 οἷς
2596 1532 2913 1603 ἐνομίζομεν
2944 1530 3085 1592 θεοῖς
3118 1532 3242 1593 τοὺς
3277 1530 3477 1601 ὕμνους
3522 1531 3845 1600 ἀναπέμψο-

2277 1638 2374 1693 μεν
2393 1661 2409 1686 ,
2436 1620 2633 1683 εἰδότες
2650 1620 2722 1682 ὡς
2753 1620 2979 1681 ἐκείνοις
3012 1619 3108 1688 μὲν
3129 1618 3189 1671 οὐ
3223 1618 3423 1689 πρέπει
3445 1620 3724 1689 ἀνυμνεῑν,
3752 1618 3847 1685 ξύ-

2272 1714 2385 1777 λοις
2419 1714 2511 1766 καὶ
2544 1711 2710 1773 λίθοις
2736 1711 2827 1763 καί
2854 1710 3147 1780 δαιμονίοις
3167 1706 3318 1763 οὖσιν
3338 1726 3353 1741 ⁸
3390 1711 3471 1763 σοί
3497 1710 3554 1764 δὲ
3592 1712 3742 1781 μόνῳ
3783 1709 3848 1764 τὸ

612 1805 845 1861 cilicium
895 1804 1470 1861 convenientissimum
1521 1810 1621 1858 est.
1675 1802 1745 1855 Et
1782 1804 1878 1856 tibi
1933 1803 2213 1871 reddetur.

2285 1802 2508 1856 τοιοῦτον
2536 1800 2805 1871 ὀφείλημα
2834 1800 3302 1871 πρεπωδέστατον.
3325 1799 3435 1853 Kal
3474 1801 3572 1853 σοί
3620 1800 3845 1853 ἀποδο-

611 1907 788 1950 votum
832 1898 888 1951 in
921 1896 1239 1951 Jerusalem.
1285 1895 1392 1949 Aut
1419 1893 1718 1949 Jerusalem
1752 1902 2021 1948 terrenam
2064 1894 2171 1958 ait,
2207 1867 2213 1919 1

2285 1894 2523 1961 θήσεται
2538 1866 2686 1960 simi)
2705 1866 2773 1945 ἓν
2794 1866 3194 1960 Ἰερουσαλήμ.
3228 1890 3295 1944 Ἣ
3318 1892 3383 1961 τῇ
3409 1892 3499 1943 ἐπὶ
3523 1890 3625 1960 γῆς
3655 1906 3844 1958 φησιν,

612 2003 732 2057 qtue
759 1996 843 2041 est
868 1986 1129 2051 Ecclesia,
1165 1997 1259 2041 aut
1289 1987 1584 2055 cwlcstem,
1615 1988 1679 2040 ad
1714 2001 1878 2055 quam
1907 2001 2029 2041 cum
2056 2001 2174 2055 per-

611 2076 922 2131 venerimus
949 2076 1136 2130 laudes
1166 2075 1476 2130 oﬂ‘ercmus.

678 2168 733 2222 3.
775 2163 989 2222 Exaudi
1022 2169 1311 2222 orationem
1337 2184 1525 2233 meam,
1566 2166 1635 2218 ad
1663 2174 1711 2218 te
1738 2166 1905 2218 onmis
1942 2182 2065 2219 caro
2096 2182 2176 2220 re-

614 2262 744 2315 niet.
779 2258 875 2315 His
920 2260 1165 2314 omnium
1209 2259 1453 2329 gentium
1503 2258 1840 2312 vocationem
1887 2259 2178 2312 annuntiat

610 2353 763 2423 juxta
786 2353 837 2406 id
866 2351 1012 2422 quod
1038 2350 1241 2405 dictum
1272 2357 1357 2404 est
1381 2348 1521 2419 apud
1562 2346 1765 2403 Joelem
1787 2351 1806 2380 "
1839 2365 1852 2401 :
1888 2349 2174 2418 Effundam

613 2445 679 2499 de
705 2444 911 2514 Spiritu
938 2458 1050 2497 meo
1071 2458 1227 2513 super
1251 2458 1453 2496 omnem
1486 2457 1717 2495 carnem.

682 2627 737 2680 4.
816 2624 984 2690 Verba
1040 2626 1341 2695 iniquorum
1392 2621 1776 2689 prazvalnerunt
1838 2638 1993 2691 super
2060 2638 2172 2675 nos.

614 2713 791 2771 Verba
818 2717 1124 2786 iniquorum
1146 2716 1277 2770 dicit
1313 2715 1628 2785 sapientiam
1662 2715 1964 2784 sapientum
1994 2714 2177 2768 szeculi

615 2805 798 2874 hujus,
824 2820 929 2875 qua
959 2805 1157 2859 infirmi
1191 2805 1429 2869 luerunt,
1465 2820 1497 2858 a
1521 2819 1646 2858 vera
1680 2804 1816 2873 lapsi
1848 2804 2173 2873 cognitione.

616 2894 686 2947 Et
718 2894 1071 2963 impietatibus
1108 2894 1303 2947 nostris
1349 2903 1404 2945 tu
1450 2893 1838 2961 propitiaberis.
1876 2890 2086 2961 Rogant
2114 2890 2179 2944 li-

615 2980 793 3036 berari
822 2982 891 3036 ab
915 2981 1189 3051 impietate
1218 2981 1271 3033 in
1306 2995 1409 3050 qua
1442 2980 1573 3034 olim
1599 2991 1928 3035 erraverant.

686 3092 738 3145 5.
779 3090 969 3145 Beatus
1008 3106 1155 3159 quem
1206 3090 1406 3161 elegisti
1446 3102 1495 3145 et
1536 3093 1890 3159 assumpsisti.
1934 3092 2038 3146 Eos
2084 3093 2176 3161 qui

614 3190 771 3234 crant
803 3180 997 3235 virtute
1026 3180 1250 3250 perfecti
1271 3224 1285 3248 ,
1318 3192 1372 3237 ct
1413 3183 1477 3237 ad
1511 3183 1756 3238 bravium
1803 3199 2049 3252 supernae
2081 3200 2176 3239 νο-
2205 3205 2248 3264 C

616 3270 847 3325 cationis
879 3282 1267 3340 pervenerant,
1302 3273 1487 3326 beatos
1527 3273 1816 3343 appellant.
1849 3273 2180 3343 Replebimur

617 3361 674 3412 in
698 3361 843 3413 bonis
876 3361 1059 3414 domus
1093 3370 1214 3415 tute.
1250 3360 1397 3417 Bona
1426 3363 1620 3418 domus
1645 3374 1799 3418 vocat
1828 3364 2035 3419 diversa
2060 3362 2180 3433 Spi-

618 3454 758 3505 ritus
783 3454 943 3507 dona.
975 3451 1115 3507 Huic
1147 3455 1314 3519 enim,
1347 3456 1582 3524 inquit",
1614 3462 1773 3508 datur
1805 3473 1896 3524 per
1926 3454 2180 3524 Spiritum

618 3560 786 3598 sermo
818 3546 1090 3614 sapientiae
1151 3546 1246 3599 alii
1292 3555 1467 3599 autent
1495 3563 1665 3600 sermo
1697 3548 1929 3601 scientia:
1959 3555 2013 3601 ct
2056 3548 2181 3600 reli-

622 3652 727 3705 qua
760 3636 922 3689 «luna.
955 3634 1210 3690 Sanctum
1242 3646 1319 3690 est
1354 3636 1603 3707 templum
1633 3648 1776 3692 tuum
1798 3680 1813 3704 ,
1844 3648 1937 3693 aut
1970 3640 2183 3695 cmleste

622 3737 717 3779 aut
764 3738 1061 3790 terrenum,
1102 3727 1255 3797 juxta
1291 3728 1494 3784 dictum
1529 3730 1661 3785 illud
1705 3748 1718 3783 :
1772 3730 2039 3802 Templum
2087 3732 2182 3787 Dei

622 3828 863 3869 sanctum
890 3825 989 3881 est,
1024 3818 1163 3889 quod
1189 3822 1314 3873 estis
1340 3821 1485 3875 vos’.

694 3988 823 4059 [Qui
851 3992 991 4059 pleni
1019 3993 1152 4047 estis
1181 3994 1609 4051 sanctiﬁcatione
1635 3998 2027 4069 (templumque
2054 3998 2185 4054 illud

622 4082 822 4151 tuum),
850 4097 944 4151 per
966 4083 1184 4155 eloquia
1214 4095 1304 4141 tua
1338 4086 1654 4143 accedentes
1685 4089 1865 4145 erudit
1898 4100 2058 4160 atque
2089 4091 2186 4145 do-

624 4182 707 4228 cet
729 4174 995 4245 justitiam
1023 4178 1221 4253 tuam.]

694 4266 747 4321 6.
790 4267 1003 4323 Exaudi
1038 4286 1167 4336 nos,
1202 4271 1378 4338 Deus,
1411 4272 1663 4327 salutaris
1693 4284 1887 4341 noster,
1927 4294 2041 4346 spes
2071 4296 2185 4332 om-

623 4358 772 4411 nium
813 4360 998 4426 ﬁnium
1033 4370 1205 4415 terra.
1233 4360 1438 4418 Exaudi
1464 4378 1564 4419 nos
1593 4366 1773 4436 itaque
1802 4376 1856 4422 et
1884 4368 1996 4423 haec
2030 4371 2186 4425 nubis

627 4448 888 4518 praebeas.
938 4448 994 4502 ιιι
1043 4458 1125 4517 te,
1162 4451 1371 4523 inquit,
1420 4452 1554 4509 llnes
1592 4462 1751 4509 terrm
1782 4456 2102 4525 sperabunt,
2134 4469 2187 4513 et

2279 1981 2397 2050 ⁴ἣτις
2418 1980 2562 2032 ἐστὶν
2585 1982 2618 2049 ἡ
2659 1979 2969 2049 Ἐκκλησία,
2992 1978 3023 2048 ἢ
3049 1980 3111 2048 τῇ
3147 1978 3468 2051 ἐπουρανίῳ,
3501 1979 3633 2031 ὅπου
3666 1996 3847 2050 παρα-

2281 2069 2558 2141 γενόμενοι
2582 2070 2678 2132 τὰς
2708 2070 2940 2132 αἰνέσεις
2966 2070 3380 2141 ἀναπέμψομεν.

2352 2160 2733 2214 Εισάκουσον
2760 2160 3106 2229 προσευχῆς
3148 2179 3282 2227 μου,
3343 2163 3492 2230 πρὸς
3546 2164 3622 2216 σὲ
3674 2162 3845 2217 πᾶσα

2281 2251 2438 2319 σὰρξ
2465 2250 2616 2317 ἣξει.
2648 2249 3068 2319 Εὖαγγελίζεται
3120 2252 3207 2304 διά
3257 2254 3461 2305 τούτων
3505 2253 3604 2323 τὴν
3650 2251 3848 2324 κλῆσιν

2282 2344 2530 2395 ἀπάντων
2558 2341 2665 2393 τῶν
2696 2340 2887 2401 ἐθνῶν,
2939 2341 3076 2392 κατά
3123 2341 3186 2392 τὺ
3234 2342 3522 2412 εἰρημένον
3560 2343 3711 2413 παρὰ
3748 2342 3848 2396 τοῦ

2295 2432 2449 2500 Ἰωήλ
2482 2448 2496 2462 ·
2543 2429 2760 2499 Ἐκχεῶ
2806 2430 2923 2485 ἀπὸ
2948 2432 3293 2500 Πνεύματός
3331 2450 3450 2501 μου
3500 2434 3600 2487 ἐπὶ
3636 2433 3850 2488 πᾶσαν

2282 2521 2501 2589 σάρκα.

2351 2614 2527 2684 Λόγοι
2575 2615 2811 2683 ἀνόμων
2842 2616 3579 2687 ὐετερεδυνάμωσανὴμᾶς.
3641 2618 3851 2685 Λόγους

2281 2705 2495 2775 ἀνόμων
2524 2706 2657 2774 φησὶ
2690 2706 2787 2775 τὴν
2824 2707 3012 2773 σοφίαν
3036 2707 3145 2759 τῶν
3178 2708 3355 2776 σοφῶν
3374 2708 3467 2759 τοῦ
3501 2707 3695 2770 αἰῶνος
3725 2710 3851 2761 τού-

2282 2811 2394 2857 του,
2424 2796 2489 2846 δι’
2513 2792 2580 2866 ἧς
2610 2798 2703 2848 καὶ
2730 2796 3114 2867 ὲξησθένησαν,
3148 2800 3247 2869 τῆς
3270 2798 3501 2867 ἀληθοῦς
3524 2800 3851 2861 ἐκπεσόντες

2281 2886 2549 2955 γνώσεως.
2585 2888 2693 2941 Καὶ
2720 2888 2849 2955 ταῖς
2873 2890 3170 2955 ἀσεϐείαις
3206 2890 3371 2959 ἡμῶν
3401 2890 3601 2958 Illic-g3.
3648 2890 3853 2960 Εὖχον-

2281 2995 2369 3032 ται
2393 2980 2490 3049 τῆς
2513 2996 2577 3031 συ
2586 2979 2799 3051 μϐάσης
2826 2982 2882 3031 ἐν
2908 2984 2972 3051 τῇ
2993 2981 3165 3053 πλάνῃ
3179 2982 3428 3045 ἀσεϐείας
3446 2982 3850 3052 ἀπαλλαγῆναι.

2354 3091 2652 3157 Μακάριος
2676 3091 2747 3143 ὃν
2765 3092 3018 3155 ἐξελέξω
3040 3093 3136 3144 καί
3166 3092 3560 3159 προσελάεου.
3593 3094 3735 3156 Τοὺς
3764 3112 3854 3146 τε·-

2282 3178 2597 3245 λειωθέντας
2628 3184 2747 3233 κατ’
2776 3181 2997 3253 ἀρετὴν,
3019 3182 3112 3233 καί
3141 3184 3218 3245 εἰς
3248 3182 3307 3234 τὸ
3340 3182 3587 3253 βραϐεῖον
3616 3186 3714 3253 τῆς
3741 3184 3855 3237 ἄνω

2282 3274 2588 3344 φθάσαντας
2642 3273 2904 3344 κλήσεως,
2945 3276 3249 3346 μακαρίους
3292 3274 3643 3328 ἀποκαλοῦσι.
3690 3279 3855 3342 Πλη-

2279 3366 2618 3433 σθησόιιεθα
2638 3365 2706 3417 ἐν
2733 3365 2854 3429 τοῖς
2876 3365 3116 3433 ἀγαθοῖς
3148 3365 3253 3417 τοῦ
3279 3367 3445 3417 οἴκου
3469 3381 3605 3419 σου.
3642 3366 3857 3434 Ἀγαθὰ

2280 3457 2371 3509 τοῦ
2388 3456 2537 3509 οἴκου
2560 3456 2628 3508 τὰ
2657 3456 2889 3526 διάφορα
2912 3455 3003 3507 τοῦ
3024 3456 3337 3525 Πνεῦματος
3355 3456 3498 3524 λέγει
3516 3458 3851 3527 χαρίσματα.

2281 3539 2355 3616 τῼ
2378 3546 2493 3615 μὲν
2519 3546 2645 3625 γὰρ,
2680 3546 2832 3616 φησί,
2857 3544 3083 3599 δίδοται
3115 3545 3211 3598 διὰ
3243 3545 3347 3599 τοῦ
3382 3548 3857 3626 Πνεύματοςβό-

2281 3658 2385 3711 τος
2410 3642 2647 3707 σοφίας,
2672 3641 2757 3693 (7.1.
2770 3643 2839 3705 ἶῳ
2857 3639 2924 3692 δὲ
2949 3642 3129 3709 λόγος
3144 3640 3437 3709 γνώσεως,
3474 3645 3567 3695 καὶ
3586 3643 3655 3695 τά
3689 3644 3857 3714 ἕτερα

2282 3731 2388 3783 τῶν
2421 3731 2791 3800 χαρισμάτων.
2830 3732 3019 3800 Ἄγιος
3060 3736 3092 3785 ὀ
3125 3733 3270 3797 ναός
3297 3749 3414 3786 σου
3440 3749 3453 3764 ·
3490 3734 3522 3803 ἢ
3553 3737 3581 3785 ὁ
3614 3735 3860 3805 ἐπουράς

2283 3822 2468 3891 νιος,ἢ
2503 3823 2530 3872 ὁ
2567 3821 2825 3888 ἐπίγειος,
2862 3822 3081 3874 κατὰτὸ
3110 3823 3419 3894 εἰρημένον⁹
3461 3824 3522 3876 Ὀ
3556 3824 3665 3893 γὰρ
3704 3824 3858 3891 ναὸς

2284 3913 2387 3966 τοῦ
2413 3911 2557 3964 Θεοῦ
2586 3912 2751 3979 ἅγιός
2788 3912 2978 3977 ἐστιν,
3008 3913 3222 3978 οἵτινές
3239 3914 3379 3966 ἐστε
3414 3914 3600 3982 ὑμεῖς.

2355 4001 2622 4073 [Πλήρεις
2649 4002 2919 4073 άγιασμοῦ
2946 4020 2959 4032 ο
2985 4004 3079 4056 καὶ
3107 4004 3203 4075 τὴν
3248 4004 3346 4074 σὴν
3378 4005 3724 4078 δικαιοσύνην
3767 4007 3860 4061 διὰ

2284 4093 2390 4146 τῶν
2414 4093 2520 4147 σῶν
2549 4094 2740 4163 λογίων
2765 4097 2888 4159 τοὺς
2919 4094 3237 4166 προσιόντας
3272 4096 3558 4169 παιδεύει.]

2368 4268 2743 4323 Ἔπάκουσον
2784 4270 2973 4338 ἡμῶν,
3007 4272 3041 4325 ὀ
3074 4273 3217 4339 Θεὸς
3259 4275 3292 4327 ὁ
3341 4274 3781 4345 Σωτὴροήμῶν,
3815 4281 3858 4347 ἠ

2285 4360 2460 4425 ἐλπὶς
2492 4359 2732 4413 πάντων
2758 4358 2874 4413 τῶν
2897 4361 3163 4430 περάτων
3190 4362 3299 4431 τῆς
3353 4365 3484 4435 γῆς.
3521 4368 3729 4422 Οὐκοῦν
3760 4372 3861 4423 ἑπ-

2289 4450 2514 4504 άκουσον
2531 4451 2706 4522 ἡμῶν,
2738 4453 3017 4506 καὶταῦτα
3043 4455 3343 4525 παράσχου.
3372 4456 3465 4519 Εἰς
3490 4458 3568 4520 σὲ,
3606 4458 3762 4529 φησί,
3790 4461 3863 4514 τὰ

626 4538 719 4609 ιιιιί
764 4540 951 4608 procul
997 4555 1029 4595 a
1075 4544 1212 4598 mari
1246 4544 1513 4601 habitant.
1567 4544 1663 4601 His
1702 4558 1883 4604 autem
1922 4549 2190 4620 signiﬁcat

2293 4544 2503 4614 πέρατα
2522 4544 2622 4613 τῆς
2647 4545 2971 4615 οἰκουμένης
2991 4546 3257 4607 ὲλπιοῢσι,
3294 4548 3385 4599 καὶ
3415 4550 3463 4601 oi
3497 4550 3716 4621 μακρὰν
3758 4551 3862 4622 τῆς

624 4635 891 4686 terminos
926 4639 1101 4687 terras.

697 4803 750 4857 7.
795 4803 1108 4874 Prceparans
1153 4819 1348 4863 montes
1386 4812 1439 4864 in
1482 4814 1673 4867 virtute
1711 4829 1827 4867 sua.
1861 4814 2069 4869 Montes
2099 4814 2186 4869 hic

628 4902 787 4948 vocat
817 4895 1160 4953 adversarias
1192 4908 1503 4969 potestates.
1553 4903 1872 4972 Pra-parans
1902 4916 2081 4959 autem
2120 4904 2189 4959 ad

630 4986 976 5056 supplicium,
1015 4992 1337 5059 praeparavit
1370 5008 1602 5063 namque
1630 4995 1736 5049 illis
1770 4996 2044 5066 abyssum.
2078 4994 2190 5052 lloc

631 5087 811 5131 autem
855 5078 1057 5144 facies,
1087 5090 1276 5149 potens
1311 5099 1433 5137 cum
1464 5086 1562 5139 sis.
1611 5084 1713 5150 Qui
1750 5089 2029 5140 conturbas
2069 5103 2191 5155 pro-

632 5167 855 5235 fundum
885 5172 1069 5224 maris.
1102 5170 1245 5226 Mare
1265 5174 1418 5239 dicit,
1450 5175 1853 5231 multitudinem
1884 5178 2192 5232 immundo-

634 5274 754 5312 rum
787 5259 1077 5329 spirituum
1099 5304 1114 5329 ,
1145 5278 1267 5332 qua:
1297 5264 1495 5320 Christi
1541 5266 1771 5321 adventu
1817 5269 2188 5323 conturbatur.

634 5348 995 5414 Quamobrem
1042 5362 1343 5410 metuentes
1373 5357 1589 5413 aiebant
1618 5376 1631 5410 :
1672 5358 1869 5414 Venisti
1900 5370 2021 5414 ante
2066 5372 2195 5414 tem-

637 5456 734 5507 pus
767 5449 1004 5512 torquere
1030 5461 1123 5497 nos
1144 5447 1206 5498 ι’.

705 5530 758 5583 9.
803 5530 1173 5587 Turbabuntur
1212 5546 1413 5606 gentes,
1458 5549 1505 5591 et
1540 5540 1793 5594 timebunt
1832 5543 1919 5599 aui
1956 5542 2195 5595 habitant

640 5621 907 5689 terminos,
935 5642 968 5677 a
994 5627 1157 5696 signis
1187 5630 1309 5682 tuis.
1342 5630 1592 5695 Quando,
1640 5632 1832 5701 inquit,
1869 5642 2054 5703 gentes
2079 5677 2092 5698 ,
2135 5636 2186 5689 id

715 5808 734 5836 '
767 5808 878 5865 Joel
914 5828 946 5867 ll
971 5851 985 5876 .
1010 5810 1099 5867 98.
1176 5818 1196 5847 ³
1231 5820 1248 5870 ι
1281 5819 1402 5869 tlur.
1440 5836 1532 5883 λιι,
1564 5820 1615 5871 3.
1694 5824 1711 5840 "
1752 5819 1766 5872 l
1802 5820 1927 5875 (lor.
1960 5836 2042 5889 ιιι,
2076 5822 2155 5877 l7.

2294 4633 2563 4705 θαλάσσης
2602 4634 2893 4698 οἰκοῦντες.
2928 4636 3188 4705 Δηλοῦται
3243 4637 3299 4690 δὲ
3334 4639 3491 4692 πάλιν
3529 4640 3617 4694 διά
3653 4641 3861 4696 τούτων

2292 4726 2391 4796 τῆς
2420 4727 2737 4799 οἰκουμένης
2769 4728 2836 4779 τὰ
2865 4728 3091 4798 πέρατα.

2371 4816 2718 4887 Ἐτοιμάζων
2749 4818 2856 4886 ὄρη
2893 4819 2963 4871 ἐν
2996 4818 3071 4887 τῇ
3122 4822 3294 4889 ἶσχύτ
3320 4821 3524 4876 αὑτοῦ.
3592 4823 3863 4879 Ἐνταῦθα.

2292 4907 2389 4972 τὰς
2411 4908 2788 4978 ἀντικειμένας
2810 4907 3065 4978 δυνάμεις
3097 4910 3280 4986 φησίν,
3323 4909 3667 4979 Ἐτοιμάζων
3699 4911 3758 4965 δὲ
3780 4915 3864 4975 εἰς

2292 4998 2592 5069 τιμωρίανο
2633 4997 2895 5067 ἡτοίμασε
2931 4997 3039 5068 γὰρ
3066 4998 3248 5061 αὐτοῖς
3266 5000 3365 5069 τὴν
3396 5000 3651 5053 ἄϐυσσον.
3689 5000 3864 5054 Τοῦτο

2290 5089 2348 5142 δὲ
2371 5089 2613 5159 ποιήσεις
2633 5087 2855 5151 δυνατὸς
2880 5086 2977 5143 ὥν.
3018 5089 3082 5141 '0
3104 5089 3549 5158 συνταράσσων
3584 5093 3649 5144 τὸ
3680 5093 3865 5158 κύτος

2292 5178 2403 5247 τῆς
2437 5177 2769 5245 θαλάσσης.
2824 5177 3109 5232 Θάλασσαν
3144 5178 3380 5233 ἐνταῦθα
3416 5179 3476 5233 τὸ
3504 5181 3711 5251 πλῆθος
3754 5182 3867 5235 τῶν

2293 5270 2615 5341 ἀκαθάρτων
2640 5268 2966 5339 πνευμάτων
2996 5270 3189 5341 φησὶν,
3224 5270 3255 5323 ὃ
3297 5273 3393 5324 κα)⁸
3437 5272 3865 5342 συνταράττεται

2293 5364 2358 5433 τῇ
2382 5362 2472 5414 τοῦ
2499 5361 2733 5432 Χριστοῦ
2759 5361 3049 5432 παρουσίᾳ.
3074 5362 3165 5414 Διὸ
3191 5363 3285 5415 καὶ
3313 5363 3632 5433 φοϐούμενοι
3656 5363 3863 5431 ελεγον

2292 5448 2506 5517 Ἦλθες
2525 5452 2871 5520 πρό.καιροῦ
2898 5453 3233 5516 βασανίσω
3258 5454 3434 5523 ἡμᾶς.

2378 5543 2855 5611 Ταραχθήσονται
2877 5544 2947 5597 τὰ
2969 5544 3133 5611 ἔθνη,
3174 5546 3295 5599 καί·
3320 5545 3770 5613 φοϐηθήσονται
3813 5550 3868 5601 ol

2309 5636 2722 5700 κατοικοῦντες
2757 5633 2825 5689 τά
2850 5633 3090 5705 πέρατα,
3138 5637 3254 5692 ἀπὸ
3288 5634 3405 5691 τῶι·
3433 5638 3701 5707 σημείων
3727 5657 3865 5695 σου.

2240 5824 2280 5855 ’⁸
2307 5821 2489 5877 Matth.
2531 5836 2647 5885 \‘lll,
2677 5820 2764 5876 29.
