4034 6458
244 377 354 436 285

1329 385 1691 444 EXPOSITIO
1731 387 1798 445 IN
1837 388 2167 446 PSALMUM
2209 390 2392 448 LXIV.

3371 396 3476 453 286

247 493 399 557 Ὅτε,
444 494 611 566 φησὶ,
645 495 713 550 τὰ
745 494 869 568 ἑθνη
921 495 1374 570 ταραχθήσονται,
1413 502 1659 554 τουτέστι
1705 502 1813 555 τῶν

1912 513 2024 572 est,
2069 505 2374 560 daemonum
2424 513 2654 561 caterva:
2703 504 3087 572 turbabuntur,
3123 515 3251 564 tunc
3281 511 3376 581 qui
3418 512 3477 569 in

241 586 512 655 δαιμόνων
539 588 608 640 τὰ
641 583 984 658 συστήματα,
1015 590 1138 642 τότε
1179 590 1244 662 δὴ
1268 591 1387 644 τότε
1419 595 1513 646 καὶ
1541 595 1589 645 οἱ
1623 595 1682 647 ἐν
1702 597 1812 658 τοῖς

243 683 447 755 πέρασι
489 685 590 756 τῆς
628 687 952 756 οἰκουμένης
980 687 1255 759 ἄνθρωποι
1299 689 1696 760 φοσηθήσονταί
1731 707 1810 758 σε,

237 774 307 826 τὰ
341 776 551 845 μεγάλα
574 779 774 842 σημεῖα
803 776 1194 848 θεωρήσαντες.
1233 780 1438 852 Σημεῖα
1465 781 1522 834 δὲ
1543 781 1613 836 τὰ
1648 783 1705 835 ὲν
1743 785 1810 854 τῇ

242 869 518 940 παρουσίᾳ
553 869 888 940 γεγενημένα
913 870 1081 938 λέγει.
1126 871 1409 939 Ἔξόδους
1454 875 1675 941 πρωίας
1712 875 1812 928 καὶ

237 959 503 1027 ἑσπέρας
540 960 794 1029 τέρψεις.
852 962 1016 1015 Ὅταν
1074 962 1183 1034 γὰρ
1237 965 1305 1018 τὰ
1349 966 1555 1035 μεγάλα
1608 969 1811 1037 σημεῖα

238 1048 612 1122 θεωρήσαντες
643 1053 694 1104 οῖ
715 1051 811 1123 τὴν
847 1052 1171 1124 οἰκουμένην
1198 1053 1471 1124 ἄνθρωποι
1500 1051 1810 1108 κατοικοῦν-

234 1158 350 1206 τες,
374 1142 649 1212 φοὸηοῶσι
677 1144 767 1196 τὸν
798 1144 1002 1212 ἀγαθὸν
1033 1143 1216 1214 φόϐον,
1234 1146 1352 1198 τότε
1386 1146 1449 1217 δὴ
1467 1147 1589 1199 τότε
1613 1148 1707 1200 καὶ
1730 1149 1808 1210 εἰς

231 1235 334 1296 τὰς
364 1236 574 1307 πρωίας
602 1237 694 1288 καὶ
718 1237 798 1299 είς
829 1237 926 1299 τὰς
968 1237 1206 1308 ἑσπέρας
1234 1237 1444 1303 ἐξόδους
1466 1280 1482 1303 ,
1529 1240 1808 1292 τουτέστιν

233 1325 293 1375 ὲν
312 1326 475 1378 παντὶ
501 1325 696 1396 καιρῷ,
732 1325 920 1398 τέρψις
957 1327 1108 1381 ἔσται
1136 1330 1339 1394 αὐτοῖς,
1383 1330 1808 1401 ἀγαλλιωμένοις

233 1416 320 1484 ἐφ’
344 1411 427 1478 οἷς
449 1416 808 1490 κατώρθωσεν
837 1421 870 1490 ή
905 1421 971 1491 σὴ
1004 1423 1296 1493 παρουσία.

321 1531 674 1601 Ἐπεσκέψω
700 1531 816 1602 τὴν
841 1533 980 1604 γῆν,
1004 1537 1101 1590 καὶ
1132 1537 1429 1606 ἐμέθυσας
1455 1540 1666 1609 αὐτήν.
1689 1539 1806 1593 Δεί-

229 1638 424 1675 κνυσιν
455 1624 548 1675 ἐπὶ
579 1623 688 1676 τίσι
715 1623 824 1678 τῶν
851 1625 1019 1679 ὲθνῶν
1048 1626 1300 1680 ἁπάντων
1340 1630 1374 1699 η
1415 1629 1625 1699 τέρψις.
1682 1630 1805 1684 Ἐπὶ

228 1713 342 1766 τίσι
369 1713 478 1785 δὲῆ
507 1715 600 1768 ἐπὶ
631 1715 709 1787 τῷ
740 1717 838 1788 τῆς
865 1718 1170 1790 ἐπισκοπῆς
1200 1719 1426 1787 ἀξιῶσαι
1452 1721 1551 1793 τὴν
1568 1722 1692 1793 γῆν,
1712 1724 1804 1777 καὶ

231 1803 468 1875 μεθῦσαι
489 1807 656 1878 αὐτὴν
679 1807 787 1860 τῶν
807 1810 934 1881 παρ’
964 1811 1129 1865 αὐτοῦ
1158 1811 1396 1882 δηλονότι
1421 1813 1798 1885 χαρισμάτων;

1914 597 2162 652 terminis
2186 605 2344 652 terra
2368 607 2659 652 versantur
2689 599 2957 665 homines,
2988 600 3373 670 turbabuntur,
3401 605 3476 660 si-

1912 704 2014 760 gna
2062 705 2256 760 magna
2301 690 2717 760 conspicientes.
2779 690 2943 762 Signa
2991 702 3170 747 autem
3215 709 3278 748 ea
3324 704 3474 760 sunt,

1912 795 2030 850 qua:
2063 781 2118 834 in
2150 779 2270 849 ejus
2297 778 2530 834 adventu
2565 789 2694 835 sunt
2725 780 2891 834 edita.
2926 779 3115 833 Exitus
3150 782 3398 834 matutini
3421 789 3473 835 et

1911 888 2112 941 uespere
2145 871 2446 926 delectabis.
2489 871 2624 927 Cum
2667 873 2812 927 enim
2855 873 3009 943 signa
3038 887 3228 942 magna
3258 873 3473 945 conspi-

1911 964 2014 1018 cati
2048 963 2294 1018 homines
2321 963 2414 1032 qui
2460 964 2646 1018 orbem
2676 972 2832 1018 terra:
2861 963 3123 1028 incolunt,
3155 964 3295 1017 bono
3324 971 3472 1017 metu

1911 1055 2206 1118 timebunt,
2255 1066 2368 1109 tum
2409 1063 2465 1109 et
2510 1056 2576 1109 ad
2620 1056 2914 1111 matutinos
2946 1064 3000 1109 et
3038 1055 3103 1109 ad
3141 1055 3472 1125 vespertino:

1907 1145 2122 1213 exitus;
2157 1145 2261 1200 hoc
2299 1154 2416 1213 est,
2450 1145 2598 1201 omni
2637 1155 2898 1214 tempore,
2927 1144 3210 1199 delectatio
3240 1145 3344 1198 erit
3369 1145 3469 1210 eis,

1908 1238 2305 1294 exsultantibus
2367 1239 2438 1293 ob
2515 1254 2602 1294 res
2659 1239 2916 1309 praeclare
2969 1252 3000 1291 a
3050 1246 3101 1292 te
3147 1237 3469 1292 adveniente

1907 1339 2105 1401 gestas.

1955 1533 2064 1588 ~10.
2113 1531 2352 1587 Visitasti
2397 1541 2590 1587 terram
2630 1546 2678 1588 et
2713 1532 2989 1587 inebriasti
3025 1548 3161 1587 eam.
3214 1529 3468 1587 Declarat

1905 1627 2105 1698 quibus
2147 1626 2213 1680 de
2262 1626 2425 1681 rebus
2469 1626 2754 1681 delectatio
2805 1625 2971 1681 fuerit
2997 1625 3248 1679 omnibus
3287 1623 3464 1694 genti-

1903 1718 2026 1774 bus.
2062 1715 2432 1784 Quibusnam,
2474 1719 2579 1773 nisi
2621 1718 2750 1789 quia
2780 1717 3086 1772 visitatione
3125 1731 3224 1772 sua
3262 1723 3464 1770 terram

1906 1818 2073 1864 totam
2106 1810 2360 1877 dignatus
2390 1817 2508 1878 est,
2539 1808 2762 1879 suisque
2795 1809 2955 1863 donis
2991 1808 3277 1862 inebriavit
3302 1806 3466 1860 eam?

242 1899 299 1949 '0
325 1899 592 1967 ποταμὸς
623 1900 730 1954 τοῦ
759 1902 906 1955 Θεοῦ
933 1881 1244 1971 ἐπληρώθη
1267 1881 1519 1959 dodrans.
1553 1881 1803 1975 ῐῖοταμὸν

1906 1902 2131 1958 Flumen
2156 1903 2254 1957 Dei
2292 1891 2550 1972 repletum
2595 1913 2671 1958 est
2700 1903 2870 1973 aquis.
2930 1901 3156 1956 Flumen
3202 1901 3290 1955 hic
3332 1898 3466 1955 dicit

229 1989 463 2042 ἐνταῦθα
495 1991 586 2043 τὸν
619 1991 970 2061 εὐαγγελικὸν
1015 1995 1171 2064 λόγον
1206 1997 1365 2067 φησί·
1415 1996 1801 2068 πεπληρῶσθαι

223 2081 284 2134 δὲ
319 2081 483 2136 αὐτὸν
526 2082 731 2137 ὑδάτων
754 2103 769 2118 ο
824 2085 986 2141 τίνων
1036 2087 1070 2159 ἢ
1104 2087 1214 2142 τῶν
1253 2088 1411 2142 θείων
1440 2088 1800 2157 ἐπαγγελιῶν,

227 2173 419 2239 φησὶν,
476 2167 552 2226 ὧν
610 2177 722 2238 τοῖς
753 2175 923 2242 ἀξίοις
953 2178 1054 2248 τῆς
1087 2178 1366 2248 βασιλείας
1409 2179 1517 2232 τῶν
1561 2179 1801 2250 οὐρανῶν

226 2263 626 2332 ἐπηγγείλατος
659 2263 781 2319 Εἶεν
806 2267 849 2320 δ’
871 2267 938 2321 ἂν
962 2270 1020 2321 αῖ
1049 2270 1370 2339 ἐπαγγελίαι
1390 2268 1451 2322 τό
1468 2285 1481 2299 ’
1515 2269 1801 2337 Μακάριοι

222 2359 282 2411 oi
297 2360 517 2426 πτωχοὶ
533 2359 613 2426 τῷ
624 2363 934 2431 πνεύματι,
960 2365 1052 2417 καὶ
1075 2367 1122 2417 οἱ
1146 2364 1273 2436 ἑξῆς
1285 2364 1391 2419 τῶν
1414 2365 1796 2436 μακαρισμῶν.

237 2451 594 2519 Ἠτοίμασας
647 2454 762 2523 τὴν
788 2457 1015 2525 τροφὴν
1057 2458 1276 2512 αὐτῶν.
1308 2459 1524 2530 Τροφὴν
1571 2458 1670 2528 μὲν
1699 2460 1799 2530 τὴν

223 2545 606 2615 πνευματικήν
645 2563 828 2616 φησιν.
899 2547 1255 2620 Ἠτοιμάσθαι
1303 2550 1360 2602 δὲ
1406 2549 1574 2619 αὐτὴν
1619 2548 1796 2618 λέγει,

219 2632 360 2687 διάτι
406 2637 512 2708 πρὸ
537 2637 842 2710 καταδολῆς
885 2640 1088 2712 κόσμου
1131 2641 1359 2712 ὥρισται
1391 2642 1451 2695 τὸ
1494 2642 1621 2712 περὶ
1663 2643 1796 2713 Χρι-

222 2724 353 2777 στοῦ
403 2730 731 2799 μυστήριον,
779 2733 838 2794 ὃς
886 2733 1059 2784 ἐστιν
1086 2732 1263 2800 ἄρτος
1290 2733 1359 2786 ἐκ
1394 2732 1499 2786 τοῦ
1537 2733 1798 2801 οὐρανοῦ

217 2819 504 2884 καταϐὰς,
531 2822 630 2873 καὶ
661 2821 816 2891 ζωὴν
842 2822 1048 2890 διδοὺς
1073 2824 1152 2889 τῷ
1178 2826 1398 2894 κόσμῳ.

302 2927 448 2993 Τοὺς
479 2930 749 2996 αὔλακας
799 2932 988 3000 αὐτῆς
1012 2931 1302 3001 μέθυσον,
1358 2935 1665 3000 miritier
1723 2935 1796 2990 τὰ

217 3019 562 3089 ⁸;ι·ι‹ι“ι·ι›οήματιι
589 3022 794 3090 αὐτῆς.
835 3024 1090 3088 Αὕλακάς
1120 3041 1254 3095 φησι
1277 3024 1346 3078 τὰ
1376 3025 1512 3096 βάθη
1537 3025 1644 3080 τῶν
1668 3043 1796 3097 καρ-

1903 1995 2275 2064 evangelicum
2319 2009 2661 2062 sermonem,
2715 2004 2769 2048 et
2807 1993 3068 2064 repletum
3100 1992 3259 2062 aquis
3295 1989 3464 2045 fuisse

1902 2085 2036 2140 dicit
2064 2103 2077 2138 :
2104 2085 2456 2155 quibusnam,
2487 2083 2592 2138 nisi
2625 2083 2825 2138 divinis
2863 2083 3183 2150 promissis,
3225 2095 3349 2150 qua:
3376 2079 3464 2135 di—

1901 2177 2025 2248 gnis
2075 2191 2240 2246 regno
2279 2178 2540 2232 caelorum
2588 2173 2858 2244 pollicitus
2889 2173 3010 2228 est?
3041 2171 3315 2227 Promissa
3360 2186 3462 2225 au-

1903 2280 2009 2322 tcm
2035 2268 2148 2323 haec
2175 2268 2418 2322 fuerint:
2456 2267 2612 2322 Beati
2651 2283 2907 2338 pauperes
2956 2267 3186 2335 spiritu,
3231 2273 3287 2320 et
3328 2263 3460 2318 teli--

1900 2375 2021 2429 quae
2047 2359 2407 2414 beatitudines
2436 2360 2499 2412 ¹¹.
2532 2358 2752 2411 Parasti
2777 2357 2951 2411 cibum
2985 2357 3218 2411 illorum.
3264 2353 3459 2410 Cibum

1900 2451 2238 2521 spiritualem
2283 2452 2436 2506 dicit.
2499 2450 2769 2518 Quoniam
2802 2460 2928 2506 ante
2964 2451 3151 2506 mundi
3195 2449 3463 2506 constitu-

1901 2545 2135 2609 tionem,
2175 2543 2452 2599 decretum
2487 2553 2570 2600 est
2609 2543 2925 2614 mysterium
2966 2541 3204 2609 Christi,
3261 2543 3355 2612 qui
3381 2549 3460 2595 est

1896 2637 2049 2706 panis
2081 2637 2171 2706 qui
2197 2636 2260 2690 de
2288 2635 2416 2690 calo
2445 2635 2712 2690 descendit
2734 2649 2783 2691 et
2813 2639 2906 2691 dat
2939 2639 3099 2693 vitam
3123 2638 3320 2693 mundo
3341 2638 3408 2692 ι’.

1967 2922 2047 2976 Η.
2089 2921 2245 2977 Rivos
2272 2924 2386 2993 ejus
2411 2923 2614 2977 inebria
2635 2964 2651 2988 ,
2702 2923 3001 2991 multiplica
3032 2922 3296 2992 genimina
3317 2921 3452 2991 ejus.

1896 3013 2056 3067 Riuos
2098 3013 2231 3069 dicit
2260 3014 2529 3085 profunda
2561 3015 2806 3071 cordium
2844 3035 2856 3070 :
2885 3015 3179 3086 genimina,
3211 3013 3330 3084 pias
3363 3027 3458 3067 co-

216 3111 382 3174 διῶν,
417 3116 731 3184 γεννήματα
763 3115 819 3169 δὲ
872 3119 996 3181 τοὺς
1047 3118 1288 3182 εὐσεϐεῖς
1335 3118 1646 3188 λογισμούς.
1692 3120 1795 3175 Ἐν

1898 3106 2206 3177 gitationes.
2250 3105 2315 3160 in
2350 3109 2645 3163 stillicidiis
2678 3108 2790 3178 ejus
2824 3108 3097 3163 letabitur
3137 3105 3455 3176 germinans.

216 3202 352 3268 ταῖς
418 3208 712 3274 σταγόσιν
776 3208 966 3277 αὐτῆς
1008 3212 1485 3277 εὐφρανθήσεται
1516 3212 1794 3265 ἀνατέλ-

1898 3199 2257 3265 Quantumvis
2281 3216 2468 3270 parva,
2502 3201 2707 3268 inquit,
2751 3200 2895 3254 dona
2937 3199 3040 3266 ipsi
3072 3199 3264 3252 collata
3287 3238 3301 3262 ,
3332 3213 3452 3251 eam

216 3299 441 3351 λουσα.
481 3297 590 3350 Καὶ
622 3298 689 3351 τὰ
719 3299 911 3372 μικρὰ,
942 3301 1095 3370 φησὶ,
1124 3301 1232 3354 τῶν
1256 3300 1412 3356 θείων
1441 3305 1793 3374 χαρισμάτων

1898 3291 2062 3345 latari
2097 3308 2160 3346 ac
2200 3293 2505 3362 germinare
2559 3293 2807 3359 faciunt,
2867 3291 3204 3362 Spiritualem
3249 3290 3456 3346 scilicet

215 3385 330 3439 τῶν
371 3387 662 3459 διδομένων
713 3393 852 3463 αὐτῇ
903 3393 1215 3464 εὐφραίνειν
1258 3394 1456 3464 αὐτὴν,
1519 3396 1611 3447 καὶ
1667 3397 1795 3448 ἀνα-

212 3477 424 3533 τέλλειν
457 3483 881 3553 παρασκευάζει,
919 3487 1009 3537 τὸν
1050 3485 1238 3557 νοητὸν
1278 3482 1517 3557 δηλονότι
1563 3489 1792 3559 καρπόν.

214 3571 455 3642 Νοήσεις
477 3573 532 3626 δὲ
563 3573 661 3638 τάς
690 3577 960 3644 σταγόνας
1002 3577 1174 3646 αὐτῆς
1214 3578 1323 3631 ἀπὸ
1359 3578 1452 3631 τοῦ
1502 3580 1793 3651 εἰρημένου

216 3666 349 3736 περὶ
375 3665 610 3736 Χριστοῦ
631 3683 646 3697 ο
673 3669 1079 3736 Καταϐήσεται
1120 3669 1201 3735 ὡς
1225 3667 1397 3735 ὑετὸς
1426 3670 1526 3722 ἐπὶ
1549 3671 1789 3733 κόκκον,

216 3757 319 3812 καὶ
351 3759 432 3825 ὡς
464 3761 502 3828 ἡ
528 3759 768 3830 σταγὼν
791 3762 830 3832 ἠ
872 3760 1176 3824 στάζουσα
1204 3761 1302 3817 ἐπὶ
1332 3763 1447 3832 τὴν
1477 3761 1613 3833 γῆν.

288 3872 665 3942 Εὐλογήσεις
713 3875 820 3928 τὸν
841 3874 1146 3944 στέφανον
1196 3875 1302 3931 τοῦ
1353 3874 1629 3930 ἐνιαυτοῦ
1679 3873 1791 3943 τῆς

214 3963 630 4030 χρηστότητος
661 3979 800 4021 σου.
843 3965 1114 4019 Ἐνιαυτόν
1144 3983 1277 4037 φησι
1316 3968 1408 4019 τὸν
1444 3967 1537 4020 τοῦ
1569 3965 1788 4038 μέλλον-

210 4067 306 4113 τος
334 4049 528 4115 αἰῶνος
555 4052 767 4124 καιρὸν,
804 4054 898 4107 καὶ
941 4055 1202 4125 στέφανον
1237 4057 1600 4128 χρηστότητος
1652 4059 1788 4110 ἁπο-

213 4141 391 4205 καλεῖ,
442 4141 530 4195 διὰ
560 4143 624 4196 τὸ
666 4145 726 4196 ὲν
758 4144 924 4215 πολλῇ
969 4146 1294 4217 χρηστότητι
1341 4147 1466 4210 τοὺς
1499 4145 1684 4214 ἁγίους
1731 4147 1787 4197 ὲν

211 4233 364 4304 αὐτῷ
384 4235 798 4305 στεφανοῦσθαι.
832 4237 940 4291 Καὶ
973 4237 1042 4291 τὰ
1063 4239 1239 4292 πεδία
1256 4253 1371 4293 σου
1401 4237 1787 4305 πλησθήσον-

210 4343 309 4380 ται
329 4328 626 4395 πιότητος.
662 4328 826 4381 Πεδία
861 4328 1020 4383 πάλιν
1051 4328 1150 4392 τὰς
1174 4328 1281 4382 τῶν
1324 4331 1402 4393 εἰς
1434 4329 1594 4382 αὐτὸν
1627 4345 1787 4381 πεπι-

213 4419 520 4472 στευκότων
569 4418 748 4489 ψυχὰς
776 4420 951 4474 καλεῖ,
1011 4419 1452 4490 Πιανθήσονται
1491 4421 1564 4475 τὰ
1604 4420 1786 4489 ὡραῖα

211 4507 326 4577 τῆς
355 4509 599 4579 ἐρήμου.
628 4512 765 4585 Ὀρη
807 4512 907 4584 μὲν
938 4515 1064 4577 τοὺς
1098 4514 1286 4581 ἁγίους
1316 4513 1642 4576 ἀποστόλους
1689 4514 1783 4565 καὶ

211 4603 608 4673 εὐαγγελιστάς
654 4622 821 4678 φησι,
877 4608 1003 4671 τοὺς
1051 4608 1339 4678 εὐτραφεῖς
1387 4607 1781 4679 γεγενημένους

209 4697 327 4758 τοῖς
372 4701 757 4769 πνευματικοῖς
806 4697 1170 4770 χαρίσμασινο
1224 4699 1426 4771 ἔρημον
1472 4699 1530 4753 δὲ
1571 4698 1668 4770 τὴν
1723 4699 1782 4762 ἐξ

1894 3382 2151 3437 fructum.
2186 3380 2467 3438 Stillicidia
2500 3400 2662 3454 porro
2695 3387 2814 3455 ejus
2839 3386 3104 3454 intelliges
3128 3399 3193 3440 ex
3216 3398 3283 3439 eo
3305 3381 3454 3453 quod

1893 3473 1960 3529 de
1998 3473 2219 3529 Christo
2266 3475 2510 3529 dicitur:
2550 3473 2834 3528 Descendet
2879 3477 3017 3527 sicut
3049 3475 3226 3543 pluvia
3251 3475 3308 3526 in
3343 3472 3454 3527 ul-

1893 3563 1998 3628 lus,
2034 3573 2085 3618 et
2111 3565 2249 3619 sicut
2284 3564 2566 3620 stillicidia
2595 3565 2861 3619 stillantia
2896 3580 3047 3634 super
3073 3575 3271 3619 terram
3295 3563 3361 3619 “.

1963 3863 2049 3928 12,
2084 3865 2169 3918 15.
2204 3863 2481 3920 Benedices
2519 3884 2725 3922 corona:
2758 3868 2885 3922 anni
2931 3867 3268 3939 benignitatis
3321 3879 3447 3926 tua.

1888 3954 2103 4010 Annum
2129 3958 2262 4012 dicit
2292 3958 2458 4013 futuri
2487 3963 2668 4016 saeculi
2697 3971 2942 4031 tempus,
2987 3972 3042 4016 et
3069 3977 3324 4016 coronant
3359 3963 3451 4018 be-

1889 4049 2166 4119 nignitatis
2196 4061 2373 4116 vocat,
2408 4053 2535 4121 quia
2559 4055 2728 4108 multa
2766 4071 2888 4108 cum
2919 4055 3247 4124 benignitate
3275 4056 3449 4111 sancti

1888 4143 1942 4197 in
1975 4141 2094 4212 ipso
2128 4152 2481 4198 coronantur.
2529 4143 2595 4197 Et
2622 4147 2794 4215 campi
2819 4148 2898 4200 tui
2927 4146 3255 4215 replebantur
3291 4147 3446 4200 uber-

1889 4242 2015 4286 tate.
2076 4232 2342 4304 Campum
2387 4234 2583 4289 iterum
2613 4238 2826 4293 animas
2859 4238 2911 4290 in
2953 4236 3128 4307 ipsum
3167 4236 3446 4292 credentes

1886 4333 2063 4379 vocat.
2123 4323 2471 4395 Pinguescant
2516 4328 2750 4396 speciosa
2787 4330 2997 4384 deserti.
3062 4329 3268 4385 Montes
3315 4330 3448 4386 dicit

1886 4427 2104 4471 sanctos
2143 4421 2417 4487 apostolos
2439 4429 2492 4472 et
2522 4421 2914 4490 evangelisms,
2949 4422 3046 4490 qui
3073 4421 3446 4490 spiritualibus

1885 4508 2046 4563 donis
2075 4511 2300 4580 pingues
2333 4510 2507 4567 eﬂ‘ecti
2545 4523 2690 4567 sunt.
2735 4511 3015 4569 Desertum
3042 4529 3171 4569 vero
3204 4516 3444 4586 gentium

1885 4600 2182 4657 Ecclesiam
2221 4612 2400 4666 vocat,
2437 4620 2558 4673 quae
2587 4605 2800 4659 deserta
2832 4605 2958 4660 olim
2988 4615 3103 4663 erat
3134 4605 3224 4661 Dei
3257 4607 3445 4677 cogni-

1884 4694 2051 4750 tione.
2088 4694 2157 4747 Et
2191 4695 2545 4750 exsultatione
2570 4695 2727 4751 colles
2756 4702 3110 4769 accingcntur.
3137 4698 3318 4754 Colles
3345 4713 3440 4754 vo-

210 4783 385 4840 ὲθνῶν
424 4786 744 4858 Ἐκκλησίαν
763 4787 1048 4853 ἀποκαλεῖ,
1073 4788 1172 4860 τὴν
1196 4788 1360 4843 πάλαι
1382 4790 1587 4860 ἔρημον
1615 4784 1779 4843 οὖσαν

1898 4795 1970 4843 :at
1997 4787 2253 4858 praesides
2283 4786 2668 4844 Ecclesiarum.

209 4879 314 4948 τῆς
371 4879 498 4950 περὶ
552 4879 686 4932 Θεοῦ
747 4878 1019 4949 γνώσεως.
1069 4883 1178 4936 Καὶ
1223 4883 1585 4951 ὰταλλίασιν
1633 4884 1688 4936 ol
1733 4879 1950 4947 βουνοί
2007 4876 2440 4948 περιζῶσονται.
2492 4880 2721 4944 Βουνοὺς
2774 4882 2899 4945 τούς
2948 4881 3055 4934 τῶν
3110 4883 3442 4952 Ἐκκλησιῶν

211 4970 512 5042 προέδρους
545 4970 729 5041 φησίν.

296 5062 687 5119 Ἑνεδύσαντο
716 5068 770 5119 οι
795 5065 948 5134 κριοὶ
969 5064 1090 5119 τῶν
1109 5067 1430 5136 προϐάτω.
1451 5067 1654 5138 Κριοὺς
1681 5065 1780 5136 μὲν

208 5157 318 5210 τῶν
336 5154 621 5227 προϐάτων
634 5157 760 5220 τοὺς
773 5159 1037 5230 ἄρχοντας
1049 5158 1156 5212 τῶν
1169 5159 1313 5214 λαῶν
1329 5158 1550 5228 φησι.Τί
1565 5158 1620 5211 δὲ
1631 5159 1779 5212 ἐνδύ-

210 5259 395 5297 σηνται
429 5243 464 5315 ἢ
483 5244 548 5297 τὸ
560 5244 660 5314 τῆς
670 5245 977 5320 ἀφθαρσίας
994 5248 1208 5318 ἱμάτιον
1247 5251 1341 5303 καὶ
1360 5249 1451 5303 τὸν
1465 5250 1563 5320 τῆς
1582 5250 1778 5321 εὐφρο-

210 5339 380 5406 σύνης
409 5335 647 5406 χιτῶνα;
679 5339 882 5410 Κριούς
908 5338 1163 5411 ὀνομάζει
1197 5341 1480 5412 προϐάτιον
1524 5341 1618 5394 καὶ
1650 5344 1776 5405 τοὺς

211 5429 399 5497 ἁγίους
424 5429 768 5495 ἀποστόλους,
794 5433 869 5496 ὡς
885 5433 1267 5503 προκύψαντας
1289 5434 1530 5498 καὶτοὺς
1553 5433 1777 5505 ἐχθροὺς

210 5520 519 5590 κερατίζειν
563 5522 882 5589 ἰσχύοντας.
917 5528 1097 5590 καθὼς
1137 5527 1168 5578 ό
1207 5524 1411 5595 Κύριος
1443 5525 1574 5596 ἔφη’
1633 5525 1776 5580 Ἰδοὺ

205 5613 326 5686 ἐγὼ
354 5611 671 5668 ἀποστελῶ
697 5614 847 5686 ὑμᾶς
865 5617 946 5682 ὡς
981 5618 1242 5686 πρόϐατα
1263 5617 1517 5687 ἐνμέσῳ
1552 5619 1772 5674 λύκων.

282 5813 324 5847 ¹¹
359 5810 549 5870 Matth.
583 5831 646 5883 ν,
677 5813 712 5870 5
740 5828 890 5887 seqq.

1956 5072 2042 5128 Η.
2075 5071 2260 5127 lnduti
2298 5084 2420 5127 sunt
2456 5075 2648 5128 arietes
2675 5073 2869 5130 ovium.
2901 5074 3111 5130 Arietes
3135 5077 3318 5132 ovium
3342 5092 3440 5133 vo-

1883 5175 1972 5219 cat
2005 5166 2274 5236 principes
2325 5166 2668 5236 populorum.
2722 5165 2843 5233 Quo
2890 5175 3067 5221 autem
3107 5169 3398 5225 induentur
3425 5211 3439 5239 ,

1883 5256 1988 5310 nisi
2023 5257 2349 5311 vestimento
2395 5257 2958 5327 incorruptibilitatis,
2995 5267 3050 5314 es
3091 5259 3273 5314 tunica
3305 5260 3440 5317 laeti-

1882 5347 2004 5401 tia?
2037 5347 2247 5402 Arietes
2274 5348 2456 5402 ovium
2477 5386 2492 5411 ,
2535 5358 2753 5403 sanctos
2797 5348 2924 5404 item
2958 5349 3231 5420 apostolos
3261 5361 3437 5420 vocat,

1884 5447 2068 5506 utpote
2108 5439 2200 5509 qui
2229 5437 2468 5493 demisso
2507 5439 2680 5510 capite
2722 5439 3058 5513 irrumpant,
3103 5453 3155 5497 et
3190 5442 3438 5500 inimicos

1882 5544 2052 5584 cornu
2082 5538 2263 5599 petere
2295 5530 2529 5594 valeant,
2557 5530 3013 5599 quemadmodum
3040 5533 3116 5588 ait
3139 5532 3434 5589 Dominus:

1886 5618 2020 5673 Ecce
2056 5636 2148 5690 ego
2174 5621 2326 5672 mitto
2357 5634 2449 5673 eos
2481 5621 2618 5672 sicut
2649 5635 2764 5675 oves
2805 5619 2858 5674 iu
2897 5619 3067 5676 medio
3100 5619 3345 5690 luporum
3365 5619 3433 5673 ⁸⁸.

971 5817 1013 5850 ¹³
1055 5815 1211 5874 Joan.
1247 5834 1330 5887 vt,
1377 5819 1464 5876 53.
1544 5818 1584 5852 ¹³
1619 5816 1761 5875 Psal.
1801 5833 1958 5883 ιλιι,
2002 5818 2054 5875 6.
2138 5817 2390 5877 "Matth.
2427 5834 2501 5890 xl,
2538 5817 2622 5873 l6.
