4034 6466
558 414 667 471 287

1395 411 1451 463 δ.
1490 405 1861 462 ATHANASII
1899 404 2048 462 OPP.
2091 404 2272 461 PARS
2310 403 2396 460 Ill.
2436 434 2507 446 —
2539 403 2950 460 EXEGETICA.

3678 399 3786 455 288

560 527 628 582 Et
657 527 818 583 valles
860 528 1204 583 abundabunt
1235 528 1517 595 frumento.
1553 525 1660 579 lllre
1685 563 1700 589 ,
1738 524 1947 594 inquit,
1990 524 2117 577 olim
2149 563 2159 587 ε

2236 522 2329 576 Kal
2357 524 2417 574 at
2451 520 2725 586 κοιλάδες
2746 516 3127 586 πληθυνοῦσι
3152 516 3342 572 σῖτον.
3370 517 3437 570 Al
3463 516 3651 581 πάλαι,
3685 534 3789 588 φη-

558 616 922 687 pauperrimee
954 632 1017 672 ac
1050 618 1265 673 steriles
1295 618 1534 688 gentium
1559 617 1775 680 animae,
1812 614 2115 685 spirituali-

559 708 665 764 bus
690 707 955 763 fructibus
989 709 1360 778 replebuntur.
1419 709 1771 774 Clamabunt,
1801 710 1993 763 etenim
2030 712 2123 778 hy-

560 814 742 853 mnum
785 800 980 854 diceut.
1032 800 1113 855 Ad
1146 802 1455 864 meliorem,
1504 801 1699 868 inquit,
1742 800 1987 856 deducta:
2012 810 2123 856 sta-

560 898 700 953 tum,
735 888 920 955 valles,
950 905 1012 945 ac
1034 892 1251 960 repleta:
1282 890 1657 960 spiritualibus
1693 889 1959 946 fructibus
1978 934 1992 959 ,
2019 891 2121 961 by.

563 993 721 1034 mnos
752 979 1014 1064 tibi.totis
1040 980 1246 1035 viribus
1281 980 1528 1035 oll‘erent.

565 1069 617 1124 1.
642 1068 707 1123 In
734 1069 891 1138 ﬁnem
921 1072 1183 1125 canticum
1205 1069 1477 1127 PSALJU
1496 1070 1927 1127 Resurrectionis.
1949 1069 2046 1124 LX
2061 1070 2120 1127 V.

1143 1163 1544 1233 Argumentum.

567 1249 912 1308 Vocationem
942 1253 1182 1322 gentium
1213 1269 1310 1323 per
1332 1256 1478 1310 hunc
1518 1256 1786 1325 psalmum
1830 1254 2121 1325 signiﬁcat,

635 1342 1032 1412 annuntiatque
1079 1342 1318 1397 futuram
1394 1344 1699 1398 animarum
1771 1343 2126 1398 resurrectio-

635 1447 781 1497 nem,
804 1434 960 1502 juxta
1003 1434 1207 1488 dictum
1245 1434 1373 1487 illud
1409 1454 1420 1488 :
1458 1433 1730 1488 Suscitans
1762 1452 1794 1487 a
1830 1444 1969 1488 terra
2012 1437 2127 1489 ino-

637 1545 752 1590 pem
798 1530 863 1584 υ.
939 1528 1237 1584 Personam
1281 1530 1411 1585 item
1465 1529 1671 1583 inducit
1721 1530 2125 1599 apostolorum,

639 1620 1011 1674 enarrantium
1041 1632 1242 1690 quanta
1270 1621 1380 1675 sint
1403 1635 1499 1690 pro
1531 1621 1840 1690 evangelica
1870 1620 2128 1691 praedica-

636 1713 785 1768 tione
810 1715 1084 1783 perpessi,
1117 1724 1171 1768 et
1201 1721 1336 1784 quot
1363 1714 1623 1769 aerumnis
1657 1714 1723 1768 ad
1758 1723 1955 1769 interna
1996 1729 2126 1783 gau-

637 1802 727 1858 dia
757 1803 971 1859 deducti
1017 1806 1145 1859 sint.
1186 1803 1519 1873 Insuperque
1566 1801 1777 1858 Iudaici
1818 1804 2000 1874 populi
2044 1820 2123 1859 re-

637 1894 889 1964 probatio
916 1895 1004 1948 hic
1027 1893 1379 1965 siguillcatur.

636 2088 753 2141 2-4.
793 2087 1032 2143 Jubilate
1060 2088 1203 2156 Deo,
1245 2092 1411 2144 omnis
1453 2100 1627 2157 terra,
1670 2092 1934 2161 psalmum
1973 2093 2132 2149 dicite

567 2180 766 2233 nomini
785 2179 919 2248 ejus.
954 2179 1215 2235 Jubilatio
1241 2193 1327 2236 est
1354 2183 1593 2236 victoriae
1623 2185 1898 2239 canticum
1922 2224 1938 2245 ,
1984 2186 2131 2255 quod

567 2270 782 2324 canitur
810 2268 1105 2339 proﬂigatis
1128 2270 1387 2326 inimicis.
1418 2270 1586 2325 Caesis
1619 2272 1803 2342 itaque
1844 2288 1938 2343 per
1967 2274 2131 2327 Chri-

568 2362 638 2416 sti
686 2362 972 2417 adventum
1009 2362 1169 2431 hujus
1229 2363 1412 2417 szcculi
1458 2364 1827 2433 principibus,
1877 2366 2134 2434 jubentur

568 2469 760 2509 omnes
828 2464 1013 2526 gentes
1066 2455 1306 2510 victoriae
1368 2457 1581 2509 cantica
1644 2456 1915 2510 modulari
1994 2456 2129 2527 (28).

570 2544 744 2600 Dicite
764 2546 899 2600 Deo:
931 2545 1100 2610 Quam
1128 2546 1384 2600 terribilia
1415 2556 1535 2598 sunt
1551 2562 1708 2614 opera
1732 2556 1843 2610 tua,
1878 2546 2133 2600 Domine!

568 2634 887 2707 Cuiusmodi
926 2653 1112 2707 opera,
1153 2637 1261 2691 nisi
1292 2638 1473 2691 divina
1504 2638 1679 2707 signa,
1709 2647 1763 2691 et
1786 2638 1930 2706 quod
1957 2638 2135 2706 impu-

570 2748 754 2787 rorum
782 2734 1086 2788 dremonum
1119 2743 1351 2788 caterva:
1384 2732 1682 2803 proﬂigata).
1710 2733 1858 2788 sint?
1902 2731 1968 2785 ln
1997 2732 2134 2784 mul-

570 2824 794 2878 titudine
818 2826 1027 2879 virtutis
1066 2836 1168 2879 tua:
1196 2828 1513 2880 mentiantur
1555 2826 1647 2878 tibi
1671 2826 1872 2876 inimici
1908 2826 2004 2876 tui.
2042 2822 2135 2877 Ju-

569 2914 814 2970 daeorum
846 2916 937 2971 hic
961 2927 1238 2987 stuporem
1267 2918 1548 2987 coarguit,
1596 2915 1691 2985 qui
1728 2930 1834 2967 non
1881 2916 2005 2968 sivit
2040 2929 2135 2968 eos

570 3006 960 3061 miraculorum
981 3006 1340 3075 magnitudini
1364 3006 1755 3072 obtemperare.
1783 3003 1966 3056 Omnis
1997 3014 2136 3057 terra

571 3098 755 3151 adoret
799 3107 846 3151 te
888 3106 938 3151 et
973 3098 1167 3167 psallat
1200 3099 1313 3153 tibi.
1355 3097 1621 3163 Quoniam
1648 3137 1663 3159 ,
1699 3096 1908 3165 inquit,
1940 3094 2134 3158 Judazi,

2226 613 2327 676 a‘tv,
2362 610 2699 681 ἀπορώτατοι
2727 610 2819 664 καὶ
2851 610 3033 678 ἄγονοι
3066 607 3174 662 τῶν
3217 607 3383 661 ἐθνῶν
3415 607 3587 679 ψυχαὶ
3627 626 3791 664 πνευ-

2226 702 2469 775 ματικῶν
2522 701 2749 773 καρπῶν
2799 700 3010 754 ἔσονται
3068 700 3312 770 πλήρεις.
3350 699 3788 767 Κεκράξονται·

2223 796 2321 849 καί
2345 796 2453 866 γὰρ
2471 794 2874 864 ὑμνήσουσιν.
2914 793 3037 846 Ἐπὶ
3057 794 3116 847 τὸ
3141 792 3344 862 βέλτιον
3367 791 3791 863 μεταϐαλοῦσαι,

2224 888 2406 959 φησιν,
2434 888 2488 942 αἱ
2516 888 2759 950 κοιλάδες
2788 886 2881 940 καὶ
2898 884 3283 956 πληθυνθεῑσαι
3305 883 3511 954 νοητῶν
3539 883 3792 955 καρπῶν,

2223 981 2456 1043 ἐκτενῶς
2488 997 2568 1033 σοι
2591 981 2717 1043 τοὺς
2746 979 2947 1050 ὕμνους
2984 976 3417 1047 ἀναπέμψουσιν.

2258 1076 2360 1140 Εὶς
2391 1075 2454 1128 τὸ
2486 1074 2657 1139 τέλος
2676 1071 2799 1141 ᾠδὴ
2844 1072 3159 1126 ΨΑΛΜΟΥ
3185 1069 3596 1137 ἀναστάσεως.
3624 1068 3756 1124 ΞΕ.

2855 1164 3178 1228 Ὑπόθεσις.

2226 1256 2336 1326 Τὴν
2366 1257 2554 1326 κλῆσιν
2587 1256 2694 1309 τῶν
2728 1254 2898 1310 ἐθνῶν
2929 1254 3017 1308 διά
3044 1253 3137 1306 τοῦ
3162 1252 3425 1323 παρόντος
3456 1250 3671 1322 ψαλμοῦ
3696 1268 3798 1306 κα-

2294 1348 2638 1418 τασημαίνει,
2688 1349 2782 1401 καὶ
2831 1348 2931 1417 τὴν
2968 1347 3265 1401 ἀνάστασιν
3296 1345 3395 1417 τὴν
3424 1347 3798 1416 γενησομένην

2296 1438 2404 1490 τῶν
2428 1438 2611 1510 ψυχῶν
2633 1438 2809 1492 αὐτῶν
2832 1437 3264 1506 εὐαγγελίζεται,
3301 1436 3443 1491 κατά
3471 1437 3533 1489 τὸ
3570 1437 3690 1507 είρη
3702 1436 3799 1506 μὲ-

2301 1545 2391 1581 νον
2410 1546 2423 1560 ο
2468 1530 2529 1583 Ὁ
2559 1528 2821 1583 ἀνιστῶν
2849 1528 2966 1583 ἀπὸ
2996 1527 3109 1598 γῆς
3141 1529 3399 1597 πτωχόν.
3432 1529 3543 1581 Καὶ
3579 1530 3685 1599 μὴν
3707 1529 3803 1581 καὶ

2298 1620 2404 1673 τῶν
2433 1622 2745 1675 ἀποστόλων
2776 1621 3017 1692 εἰσφέρει
3046 1620 3107 1672 τὸ
3145 1620 3437 1691 πρόσωπον
3457 1659 3471 1683 ,
3519 1619 3770 1673 διδασκόν

2297 1728 2404 1763 των
2432 1713 2531 1765 ὃσα
2561 1713 2700 1783 ὑπὲρ
2728 1712 2820 1766 τοῦ
2843 1713 3195 1783 κηρύγματος
3214 1711 3512 1764 πεπόνθασι
3527 1711 3621 1764 τοῦ
3642 1712 3803 1778 εὐαγ-

2301 1799 2536 1869 γελςκοῦ,
2569 1803 2663 1854 καὶ
2694 1802 2815 1854 ὅσαι
2846 1801 3050 1871 θλίψεις
3066 1803 3146 1865 είς
3186 1800 3436 1863 αἰωνίους
3467 1800 3805 1871 εὐφροσύνας

2163 1879 2203 1930 Β
2302 1892 2565 1962 ἐξήγαγον
2583 1893 2797 1956 αὐτούς.
2825 1895 2945 1945 Ἔτι
2981 1893 3085 1964 μὴν
3120 1893 3213 1945 καὶ
3238 1891 3333 1944 τοῦ
3376 1894 3645 1947 Ἰουδαίων
3668 1893 3803 1947 λαοῦ

2307 1985 2627 2055 σημαίνεται
2660 1987 2691 2055 ἡ
2720 1984 2981 2055 ἀποϐολή.

2311 2104 2668 2167 Ἀλιιλίίξατε
2693 2101 2772 2167 τῷ
2794 2100 2916 2167 Θεῷ
2944 2099 3112 2154 πᾶσα
3139 2101 3177 2170 ἡ
3214 2099 3313 2171 γῆ,
3354 2099 3589 2168 imitare
3616 2098 3694 2168 δὴ
3727 2100 3809 2166 τῷ

2232 2198 2470 2265 ὀνόματι
2503 2196 2710 2249 αὐτοῦ.
2754 2192 3093 2263 ’Λλαλαγμός
3124 2194 3271 2245 ἐστιν
3313 2192 3577 2256 ἐπινίκιος
3616 2192 3805 2262 ὕμνος,

2231 2289 2485 2358 ᾀδόμενος
2522 2286 2613 2337 ἐπὶ
2640 2285 2985 2337 πεπτωκόσιν
3016 2284 3249 2353 ἐχθροῖς,
3293 2283 3378 2346 Ὠς
3407 2280 3500 2337 οὖν
3524 2284 3809 2356 ἀνῃρημέ-

2230 2399 2335 2433 νων
2366 2378 2475 2433 τῶν
2508 2379 2780 2449 ἀρχόντων
2810 2375 2905 2430 τοῦ
2936 2376 3129 2438 αἰῶνος
3156 2375 3369 2439 τούτου,
3405 2376 3492 2431 διὰ
3530 2377 3630 2447 τῆς
3664 2393 3810 2447 παρ-

2232 2473 2419 2533 ουσίας
2446 2470 2684 2540 δηλονότι
2719 2468 2976 2536 Χριστοῦ,
3020 2468 3198 2521 πάντα
3230 2468 3299 2521 τὰ
3318 2468 3445 2539 ἔθνη
3471 2469 3599 2531 τοὺς
3636 2470 3813 2522 ἐπινι-

2235 2565 2385 2626 κίους
2416 2562 2615 2631 ὕμνους
2644 2560 2987 2631 ἀναπέμπειν
3044 2560 3529 2630 παρακελεύονται.
3583 2561 3811 2614 Εἴπατε

2234 2654 2314 2720 τῷ
2345 2653 2495 2718 Θεῷ·
2544 2654 2638 2717 Ὠς
2686 2650 2908 2720 φοϐερὰ
2934 2650 3004 2704 τὰ
3030 2651 3174 2719 ἔργα
3198 2667 3335 2705 σου.
3364 2651 3475 2704 Καὶ
3513 2654 3639 2703 ποῖα
3669 2652 3809 2721 ἔργα

2234 2746 2267 2815 ἢ
2292 2745 2389 2808 τὰς
2417 2744 2741 2814 θεοσημείας
2770 2745 2923 2813 φησὶ.
2952 2742 3047 2796 καὶ
3064 2742 3123 2795 τὸ
3151 2742 3391 2796 ἐκποδὼν
3418 2743 3670 2812 γενέσθαι
3698 2744 3809 2797 τῶν

2235 2838 2557 2908 ἀκαθάρτων
2594 2836 2860 2906 δαιμόνων
2880 2834 2948 2887 τὰ
2978 2834 3155 2906 πλήθη
3182 2853 3196 2901 ;
3235 2836 3329 2889 Ἐν
3352 2834 3431 2902 τῷ
3456 2836 3671 2903 πλήθει
3697 2835 3811 2904 τῆς

2235 2928 2541 2999 δυνάμεως
2566 2944 2680 2982 σου
2715 2928 3048 2996 ψεύσονταί
3078 2942 3153 2981 σε
3182 2930 3233 2981 ol
3273 2927 3473 2995 ἐχθροί
3521 2943 3657 2981 σου.
3696 2927 3811 2996 Τῆς

2249 3023 2512 3076 Ἰουδαίων
2536 3020 2876 3091 ἀποπληξίας
2908 3017 3141 3072 ἐνταῦθα
3184 3020 3517 3089 κατηγορεῖ²,
3557 3017 3633 3081 ὡς
3673 3018 3813 3087 μηδὲ

2235 3116 2343 3170 τῶν
2367 3115 2655 3184 Θαυμάτων
2682 3114 2777 3183 τῆς
2801 3110 3103 3181 ὑπερϐολῆς
3130 3109 3572 3182 παρενεγκούσης
3613 3109 3812 3173 αὐτοὺς

570 3188 790 3244 etiamsi
836 3189 1075 3259 ingentia
1115 3206 1211 3261 per
1257 3201 1309 3245 te
1337 3190 1481 3245 edita
1522 3189 1677 3259 signa
1718 3197 2134 3258 conspexerant,

2237 3209 2317 3271 εἰς
2348 3206 2408 3259 τὸ
2458 3204 2756 3258 πείθεσθαι.
2796 3201 2971 3257 Πᾶσα
3008 3203 3045 3270 ἡ
3087 3199 3161 3271 tm”
3205 3198 3814 3270 προσχυνησάτωσάν

571 3282 781 3337 mentiti
828 3293 1007 3339 tamen
1040 3293 1167 3338 sunt
1191 3285 1309 3339 tibi.
1360 3284 1429 3339 At
1449 3298 1638 3338 eorum
1682 3283 1802 3338 loco
1844 3290 1895 3336 te
1943 3282 2137 3336 adora-

572 3369 655 3428 tit
679 3373 921 3431 omnium
947 3376 1187 3445 gentium
1212 3376 1529 3431 multitudo.

645 3676 700 3732 5.
747 3674 926 3731 Venite
975 3685 1025 3731 et
1082 3678 1252 3732 videte
1281 3694 1441 3747 opera
1472 3677 1588 3730 Dei.
1631 3678 2019 3747 Apostolorum
2054 3679 2141 3734 hic

573 3783 860 3841 [ersonam
892 3770 1129 3837 inducit,
1177 3771 1269 3839 qui
1294 3782 1479 3842 gentes
1509 3771 1739 3837 docent,
1788 3786 1913 3826 eum
1953 3770 2046 3841 qui
2085 3771 2140 3825 in

575 3879 678 3919 suo
705 3862 1000 3918 secundum
1026 3877 1246 3917 carnem
1286 3864 1522 3919 adventu
1552 3864 1735 3918 divina
1763 3863 1920 3933 signa
1949 3863 2138 3929 edidit,

575 3953 755 4023 ipsum
796 3966 921 4007 esse
960 3953 1054 4021 qui
1094 3953 1342 4007 Rubrum
1391 3954 1520 4007 olim
1554 3970 1704 4008 mare
1733 3953 2063 4016 exsiccavit,
2090 3962 2145 4008 et

575 4043 672 4112 qui
717 4040 972 4099 Iordanis
1002 4042 1203 4099 ﬂuenta
1231 4046 1458 4113 divisit,
1494 4058 1550 4101 ut
1582 4045 1675 4100 lilii
1703 4044 1872 4101 Israel
1914 4044 2143 4115 pedibus

578 4133 1029 4190 transmitterem.

646 4335 699 4389 6.
736 4333 843 4399 Qui
870 4335 1120 4390 convertit
1148 4351 1293 4389 mare
1318 4335 1371 4387 in
1404 4335 1635 4390 aridam.
1670 4336 1908 4406 llujusce
1944 4336 2021 4392 rei
2059 4352 2143 4390 ar-

578 4436 894 4498 gumentum
928 4435 1011 4481 est
1041 4427 1188 4496 quod
1216 4426 1345 4480 olim
1372 4436 1583 4495 gestum
1619 4428 1885 4491 fuit,cum
1921 4445 2145 4484 conver-

577 4517 646 4571 tit
682 4530 830 4571 mare
873 4516 929 4570 in
963 4516 1193 4571 aridam.
1254 4515 1331 4572 Ita
1365 4517 1728 4589 Symmachus
1760 4521 1879 4575 ait:
1919 4520 2143 4575 Mutavit

2170 4562 2219 4619 D

2241 3316 2337 3355 σοι
2370 3299 2467 3353 καὶ
2495 3295 2867 3367 ψαλάτωσάν
2894 3310 3012 3349 σοι.
3062 3296 3279 3365 Ἐπειδὴ
3339 3294 3613 3360 Ἰουδαῖοι,
3652 3294 3810 3366 φησὶ,

2240 3390 2417 3445 καίτοι
2472 3377 2770 3459 ὑπερϐολὰς
2814 3385 3049 3455 ὁρῶντες
3097 3386 3478 3456 πραττομένας
3542 3386 3811 3456 σημείων,

2240 3479 2579 3550 ἐψεύσθησάν
2608 3494 2710 3529 σοι.
2751 3476 2891 3528 Ἀλλ’
2921 3469 3014 3528 οὖν
3040 3476 3153 3529 ἀντ’
3184 3475 3406 3530 ἐκείνων
3442 3477 3813 3547 προσκυνήσει

2242 3584 2320 3620 σοι
2349 3567 2496 3619 πᾶσα
2516 3564 2623 3618 τῶν
2654 3562 2821 3617 ἐθνῶν
2847 3563 2881 3634 ἡ
2918 3562 3144 3627 πληθύς.

2311 3676 2484 3731 Δεῦτε
2517 3675 2613 3729 καί
2642 3673 2796 3727 ἴδετε
2821 3676 2894 3727 τὰ
2921 3673 3064 3742 ἔργα
3093 3673 3199 3728 τοῦ
3231 3674 3401 3728 Θεοῦ.
3434 3673 3554 3726 Τῶν
3578 3675 3816 3728 ἀποστό-

2240 3769 2346 3823 λων
2371 3767 2604 3823 ἐνταῦθα
2631 3764 2911 3833 εἰσάγεται
2938 3765 2999 3817 τὸ
3021 3764 3331 3835 πρόσωπον,
3354 3764 3712 3819 διδασκόντων
3743 3766 3817 3820 τά

2241 3862 2391 3930 ἔθνη,
2417 3860 2492 3922 ὡς
2523 3859 2630 3929 ἄρα
2655 3857 2818 3921 αὐτὸς
2853 3850 3005 3918 οὗτος
3033 3857 3061 3908 ό
3093 3857 3151 3908 ἐν
3187 3858 3254 3928 τῇ
3304 3856 3443 3910 κατά
3467 3856 3644 3927 σάρκα
3669 3876 3815 3929 παρ-

2241 3953 2398 4024 ουσίᾳ
2426 3952 2524 4013 τὰς
2556 3947 2881 4020 θεοσημείας
2921 3945 3289 4018 ἐργαζόμενος
3318 3948 3481 4012 αὐτός
3508 3950 3623 4002 ἐστι
3653 3950 3747 4003 καὶ
3783 3951 3816 4003 ὁ

2243 4044 2409 4098 πάλαι
2435 4042 2534 4112 τὴν
2575 4038 2838 4110 Ἐρυθρὰν
2868 4037 3108 4110 ξηράνας
3130 4037 3422 4105 θάλασσαν,
3457 4040 3553 4095 καὶ
3583 4041 3690 4112 μὴν
3718 4044 3815 4094 καὶ

2239 4133 2334 4187 τοῦ
2378 4131 2638 4204 Ἰορδάνου
2670 4128 2917 4200 ποταμοῦ
2976 4130 3254 4199 ἀνακόψας
3311 4130 3379 4183 τά
3430 4129 3697 4201 ῥεύματα,
3736 4131 3816 4196 ὡς

2243 4226 2365 4281 ποδὶ
2397 4223 2684 4296 παρελθεῖν
2715 4222 2840 4286 τοὺς
2863 4222 3012 4286 υἱοὺς
3051 4222 3285 4292 Ἰσραήλ.

2328 4328 2380 4383 '0
2405 4331 2831 4402 μεταστρέφων
2851 4333 2965 4399 τὴν
2993 4330 3313 4387 θάλασσαν
3335 4334 3422 4397 εἱς
3456 4332 3668 4400 ξηράν.
3704 4333 3819 4387 Καὶ

2241 4423 2433 4478 τούτου
2457 4424 2730 4490 ἀπόδειξις
2762 4426 2830 4478 τὰ
2859 4424 2959 4495 ἤδη
2987 4423 3274 4493 γενόμενα,
3308 4424 3457 4488 ὅπως
3490 4424 3586 4495 τὴν
3618 4423 3819 4479 θάλασ-

2247 4498 2345 4571 σαν
2378 4518 2670 4589 μετέϐαλεν
2718 4521 2798 4581 είς
2849 4517 3039 4588 ξηράν.
3073 4516 3370 4589 Σύμμαχος
3424 4517 3596 4582 οὕτως
3628 4518 3775 4588 λέγει
3802 4538 3817 4551 ο

579 4625 725 4663 mare
755 4610 811 4663 in
858 4609 1101 4662 aridam:
1142 4610 1337 4678 ﬂumen
1374 4612 1794 4679 pertransierunt
1844 4612 1990 4681 pede.
2046 4612 2143 4668 Hic

2246 4611 2545 4666 Μετέὄαλε
2584 4612 2906 4667 θάλασσαν
2942 4614 3030 4676 εὶς
3059 4610 3281 4679 ξηράνο
3332 4611 3599 4681 ποταμὸν
3624 4610 3820 4681 διέϐη-

579 4702 747 4766 enim,
784 4702 981 4771 inquit,
1016 4699 1161 4756 Deus
1191 4710 1275 4756 est
1304 4702 1398 4771 qui
1421 4703 1652 4757 reditum
1676 4703 1834 4759 nobis
1854 4705 2139 4770 concessit,

579 4801 633 4846 et
664 4791 892 4847 salutem
933 4793 1117 4848 dedit:
1148 4792 1240 4862 qui
1275 4792 1403 4847 olim
1431 4809 1582 4849 mare
1624 4804 1677 4849 et
1704 4795 1904 4851 ﬂumen
1940 4798 2138 4863 divisit,

580 4890 634 4935 et
662 4895 892 4952 proavos
920 4892 1139 4938 nostros
1163 4884 1368 4953 absque
1394 4880 1647 4954 periculo
1667 4886 1917 4955 trajicere
1958 4888 2139 4957 jussit.

580 4969 994 5026 lbiliztabimur
1038 4972 1252 5040 inipso.
1290 4971 1448 5039 Illud,
1505 4975 1601 5039 ibi,
1652 4984 1867 5045 tempus
1915 4976 2137 5031 indicat.

576 5061 672 5118 Ait
708 5060 1060 5132 igiturzouo
1109 5071 1350 5134 tempore
1408 5065 1497 5120 ille
1530 5066 1585 5120 in
1626 5082 1827 5122 novum
1882 5069 2138 5123 saeculum

585 5152 865 5223 regnabit,
913 5172 1015 5211 nos
1044 5170 1155 5211 una
1180 5170 1305 5211 cum
1337 5157 1455 5228 ipso
1485 5159 1834 5228 regnabimus
1862 5169 1917 5214 et
1951 5160 2140 5215 ineﬂa-

581 5245 673 5300 bili
703 5244 902 5315 gaudio
928 5247 1340 5317 perfundemur.

2247 4718 2368 4758 σαν
2417 4703 2573 4757 ποδί.
2634 4697 2801 4766 Οὗτος
2856 4702 2964 4774 γάρ
3007 4705 3153 4755 ἐστιν
3182 4704 3211 4755 ὁ
3260 4700 3411 4765 Θεὸς,
3444 4702 3629 4773 φησὶν,
3663 4704 3694 4754 ὁ
3722 4706 3821 4757 καὶ

2246 4797 2377 4865 ἡμῖν
2404 4797 2499 4866 τὴν
2525 4794 2779 4847 ἐπάνοδον
2809 4796 2903 4849 καὶ
2938 4796 3069 4864 ἡμῖν
3097 4793 3368 4863 σωτηρίαν
3392 4792 3765 4864 δωρούμενος’
3789 4796 3821 4848 ό

2249 4888 2412 4941 πάλαι
2445 4888 2539 4940 καὶ
2559 4885 2827 4940 θάλατταν
2850 4888 2941 4940 καὶ
2969 4886 3208 4956 ποταμὸν
3232 4885 3545 4956 διαστήσας,
3575 4887 3669 4938 καὶ
3690 4888 3820 4951 τοὺς

2246 4977 2546 5049 ἡμετέρους
2582 4976 2879 5048 προγόνους
2916 4976 3210 5040 ἀκινδύνως
3244 4975 3494 5046 διαϐῆναι
3528 4976 3815 5041 κελεύσας.

2260 5067 2419 5119 Ἐκεῖ
2444 5066 2973 5135 εὐφρανθησόμεθα
3019 5066 3111 5119 ἐπ’
3143 5065 3322 5132 αὐτῷ.
3357 5065 3430 5118 Τὸ
3472 5065 3601 5120 ἐκεῖ
3622 5067 3819 5136 χρόνου

2247 5158 2364 5211 ἐστὶ
2399 5158 2749 5228 σημαντικόν.
2810 5159 2966 5226 Λέγει
3004 5153 3119 5222 οὖν,
3154 5160 3235 5212 δτι
3287 5158 3429 5212 κατά
3482 5158 3574 5211 τὸν
3624 5159 3821 5229 καιρὸν

2241 5250 2445 5303 ἐκεῖνον
2483 5246 2603 5302 καθ’
2626 5246 2685 5300 ὃν
2719 5246 2811 5301 τοῦ
2838 5247 2956 5301 νέου
2997 5247 3192 5313 αἰῶνος
3225 5247 3551 5319 βασιλεύσει,
3572 5250 3691 5305 ἐκεῖ
3720 5251 3822 5305 σὺν

581 5339 729 5410 αὐτῷ
774 5340 1291 5414 συμϐασιλεύσομεν,
1335 5347 1428 5398 καὶ
1452 5348 1518 5415 τῇ
1553 5348 1694 5417 χαρᾷ
1719 5350 1782 5418 τῇ
1818 5346 2165 5418 ἀνεκλαλήτῳ
2195 5342 2702 5415 εὐφρανθησὸμεθα.

652 5451 707 5505 7.
750 5452 903 5508 Oculi
928 5454 1040 5524 ejus
1078 5472 1234 5525 super
1269 5469 1442 5527 gentes
1475 5460 1759 5529 respiciunt
1782 5461 1914 5533 (29).
1964 5459 2142 5515 Inten-

588 5550 677 5599 tus
702 5554 789 5599 est
811 5547 1088 5614 omnibus,
1125 5550 1309 5605 omnia
1336 5562 1484 5622 gesta
1514 5554 1731 5624 inspicit
1762 5564 1817 5611 et
1842 5554 2136 5611 examinat.

666 5656 706 5689 ’³
741 5654 884 5709 Psal.
913 5674 1045 5725 cm,
1074 5659 1127 5714 7.

2314 5460 2379 5510 Ol
2402 5457 2693 5526 ὀφθαλμοὶ
2751 5456 2936 5510 αὐτοῦ
2982 5456 3082 5511 ἐπὶ
3108 5458 3181 5513 τὰ
3216 5460 3358 5528 ἔθνη
3397 5460 3815 5522 ἐπιϐλέπουσι.

2248 5551 2390 5605 nisi.
2427 5550 2705 5621 προσέχει,
2740 5551 2833 5604 καί
2860 5550 3039 5607 πάντα
3067 5553 3310 5619 ἐξετάζει
3330 5554 3396 5608 τά
3428 5556 3718 5627 γενόμενα.
3751 5563 3818 5613 Ol

667 5753 780 5820 (28)
816 5750 961 5821 Quae
1004 5755 1163 5809 habet
1194 5757 1485 5817 Corderius
1513 5762 1578 5818 ad
1622 5762 1767 5818 hunc
1808 5764 1987 5819 locum
2027 5767 2150 5818 sunt
2190 5762 2478 5821 Theodori.

666 5823 780 5894 (29)
809 5820 933 5879 Hoc
964 5834 1087 5879 sunt
1120 5825 1407 5883 Theodori.
