4034 6434
209 383 316 440 289

1303 381 1660 439 EXPOSITIO
1699 380 1762 436 IN
1800 380 2134 439 PSALMUM
2178 381 2336 436 LXV.

3318 385 3424 443 290

209 496 872 567 παραπικραίι·οντεςμὴ
898 495 1382 564 ὑψούσθωσανὲν
1396 495 1645 562 ἑαυτοῖς.
1667 497 1773 550 Καὶ

1879 495 1982 560 Qui
2002 506 2313 566 exasperant
2349 513 2450 551 non
2475 497 2773 553 exalteutur
2801 501 2855 552 in
2884 499 3196 569 semetipsis.
3225 499 3424 572 Ecqui-

209 593 351 652 τίνες
377 590 442 642 ἂν
473 584 581 641 εἷεν
632 589 680 640 οί
717 586 1240 657 παραπικραίνοντες
1279 586 1476 657 ἢ’περὶ
1517 579 1590 638 ὦν
1622 587 1767 657 εῖρη-

206 697 297 732 ται
324 720 339 743 ,
380 678 474 732 Υἱὲ
495 677 824 744 ἀνθρώπου,
852 677 1166 742 πορεύθητι
1184 675 1330 744 πρὸς
1354 675 1459 728 τὸν
1482 671 1649 729 οἷκον
1668 676 1769 730 τὸν

207 766 754 838 παραπικραίνοντὰ
771 783 878 836 pe;
910 767 1016 820 Καὶ
1039 765 1163 835 μὴν
1190 767 1633 834 παρεπίκραναν
1660 767 1767 820 αὑ·

210 861 312 916 τὸν
345 862 415 912 ἐν
436 858 509 926 τῇ
533 857 726 926 ἐρήμῳ
745 876 757 889 ·
793 858 885 910 καὶ
909 857 1068 910 πάλιν
1088 874 1100 885 ·
1141 859 1196 909 M
1205 856 1235 923 i1
1263 858 1642 924 σκληρύνητε
1664 857 1766 922 τὰς

205 951 456 1018 καρδίας
490 948 655 1017 ὑμῶν
680 949 759 1013 ὡς
786 949 855 1000 ἐν
874 946 953 1012 τῷ
997 947 1484 1016 παραπικρασμῷ.

281 1039 619 1108 Εὑλογεῖτε,
651 1042 816 1108 ἔθνη,
843 1039 948 1092 τὸν
978 1042 1143 1092 Θεόν.
1172 1041 1375 1103 Πάντες
1400 1039 1456 1092 δὲ
1479 1040 1618 1093 κατὰ
1649 1058 1768 1094 ταυ⁹

204 1131 296 1182 τὸν
326 1131 626 1201 γενόμενοι,
667 1128 864 1200 μᾶλλον
913 1130 1074 1183 αὑτὸν
1122 1131 1389 1183 ἐπαινεῖτε
1438 1131 1529 1183 καὶ
1558 1129 1766 1199 θαυμά-

203 1221 352 1285 ζετε.

280 1311 418 1382 [Τοῦ
451 1311 700 1379 θεμένου
727 1311 839 1379 τὴν
862 1310 1072 1380 ψυχή-ν
1086 1327 1204 1380 μου
1231 1312 1316 1375 εὶς
1339 1308 1505 1375 ζωήν.
1526 1311 1768 1381 Εὐφραν-

205 1401 445 1469 Οήσομαι
491 1401 546 1454 δὲ
578 1404 636 1454 ὲν
673 1404 786 1463 τοῖς
835 1400 1092 1462 τοιούτοις
1146 1398 1485 1468 θαυμασίοις,
1546 1400 1638 1451 καὶ
1692 1397 1768 1467 τῷ

204 1491 378 1543 ταῦτα
415 1492 755 1561 πεποιηκότι,
790 1491 868 1555 ὃς,
902 1493 994 1544 ᾰτε
1044 1491 1315 1560 Δεσπότης
1341 1490 1434 1542 καὶ
1464 1490 1639 1542 πάντα
1677 1492 1769 1557 ὲφ-

203 1581 372 1653 ορῶν,
405 1582 672 1652 διάκρισιν
703 1585 932 1634 ποιεῖται
953 1582 1059 1634 τῶν
1092 1581 1180 1632 ἐπὶ
1202 1580 1325 1650 γῆς,
1351 1581 1442 1632 καὶ
1473 1577 1763 1650 τιμωρίαις

203 1674 520 1745 περιϐάλλει
552 1675 674 1738 τοὺς
706 1673 975 1738 ἀναξίους.
1024 1672 1358 1742 Ὁφθαλμοὺς
1385 1673 1510 1736 τοὺς
1539 1671 1769 1725 ἀποστό-

203 1767 331 1830 λους
364 1764 558 1837 λέγω]

285 1858 409 1910 Ὅτι
437 1857 800 1925 ἐδοκίμασας
827 1855 1002 1926 ἡμᾶς,
1037 1857 1212 1921 Θεὸς,
1252 1857 1565 1924 ἑπύρωσας
1597 1855 1771 1924 ἡμᾶς.
1808 1854 1848 1907 Β

204 1949 318 2012 Τὰς
345 1949 551 2018 θλίψεις
583 1949 682 2012 τὰς
711 1949 1079 2018 γενησομένας
1112 1948 1201 2000 διὰ
1241 1947 1302 1999 τὸ
1353 1949 1612 2017 κήρυγμα
1659 1949 1770 2010 τοῖς

203 2040 524 2101 ἀποστόλοις
552 2041 930 2108 προαναφωνεῖ
951 2039 1012 2090 τὸ
1045 2037 1264 2106 Πνεῦμα
1298 2036 1356 2088 τὸ
1401 2037 1736 2107 προφητικὸν
1755 2055 1770 2070 ο

203 2135 270 2184 ἐκ
321 2130 612 2201 προσώπου
647 2130 824 2184 αὐτῶν
886 2129 1180 2196 καταλέγον
1239 2129 1461 2191 καὶτὰς
1517 2129 1770 2196 παγίδας,

201 2224 325 2293 ήτοι
357 2222 426 2276 τὰ
459 2223 826 2292 δεσμωτήρια,
856 2221 978 2284 τούς
1036 2237 1092 2272 τε
1147 2221 1484 2291 πειρασμοὺς
1512 2221 1638 2282 τοὺς
1687 2219 1774 2272 διὰ

204 2312 378 2383 πυρὸς
401 2312 494 2365 καὶ
526 2311 716 2375 ὓδατος
747 2311 1162 2381 κατασημαίνει.

274 2403 705 2468 Εἱσελεύσομιιι
731 2403 817 2466 είς
847 2401 950 2454 τὸν
980 2394 1149 2453 οἶκόν
1178 2415 1294 2454 σου
1333 2400 1402 2452 ἐν
1441 2398 1772 2452 ὁλοκαυτώ-

195 2505 375 2560 pact.
403 2488 504 2539 Τὸν
545 2489 861 2557 ἐπουράνιον
895 2488 1133 2558 δηλονότι
1157 2505 1171 2517 ’
1219 2486 1370 2548 ὅλους
1417 2485 1525 2557 γὰρ
1551 2486 1774 2549 ἑαυτοὺς

203 2578 477 2648 ἀνέθηκαν
519 2579 594 2648 τῷ
625 2579 742 2650 Θεῷ
771 2581 828 2632 ἐν
879 2579 1026 2644 τάξει
1060 2581 1542 2650 ὁλοκαυτωμάτων.
1594 2577 1775 2648 [Ὁλοο

205 2669 528 2742 καυτώμασι
566 2670 621 2723 δὲ
653 2673 884 2741 νοητοῖς.
924 2671 1083 2726 Ἀλλὰ
1105 2672 1174 2726 τά
1219 2671 1314 2742 μὲν
1356 2670 1457 2733 σά,
1486 2670 1639 2740 φησὶ,
1676 2669 1773 2721 Δέ-

206 2776 403 2824 σποτα,
436 2759 656 2812 τοιαῦτα
675 2776 688 2790 ·
721 2760 786 2812 τὰ
811 2761 868 2812 δὲ
896 2761 1160 2832 ἡμέτερα,
1196 2761 1258 2812 τὸ
1287 2757 1374 2812 οἷα
1403 2759 1663 2810 εἰσελθεῖν
1696 2757 1775 2819 εἰς

201 2851 298 2903 τὸν
333 2849 457 2902 ναόν
485 2849 578 2902 καὶ
603 2847 760 2900 θῦσαί
787 2865 868 2900 σοι
901 2850 1248 2919 χαριστήρια,
1287 2847 1348 2900 τὸ
1375 2847 1505 2900 αὐτὸ
1547 2847 1602 2900 δὲ
1631 2846 1775 2915 λέγει

201 2937 497 2992 διέστειλε
519 2935 611 2988 καὶ
639 2935 884 3006 ὲλάλησε.
913 2935 1079 2990 Τοῦτο
1102 2935 1158 2989 δὲ
1189 2935 1335 3004 λέγει
1359 2937 1456 2988 ὅσα
1481 2935 1776 3009 ηὐξάμην.]

217 3029 528 3084 ’Λποδώσω
559 3043 658 3082 σοι
687 3030 790 3093 τὰς
819 3025 1004 3096 εὐχάς
1026 3044 1165 3096 μου.
1205 3028 1266 3078 "A
1301 3026 1571 3098 ηὐξάμην,
1622 3029 1772 3099 φησὶ,

206 3120 524 3191 Θλιὸόμενος
557 3119 820 3174 ἀποδώσω
851 3135 952 3171 σοι.
988 3118 1249 3188 Πύξάμην
1290 3118 1365 3183 δὲ,
1400 3120 1474 3182 ώς
1522 3119 1622 3190 τῆς
1662 3121 1774 3174 Ολί-

203 3213 355 3280 ψεως
385 3213 482 3280 τῆς
514 3211 789 3282 παρούσης
815 3209 1030 3280 ῥυσοεὶς
1057 3209 1344 3271 διαπαντὸς
1364 3209 1669 3278 ἀναπέμψω
1695 3228 1775 3264 σοι

203 3301 307 3363 τάς
339 3301 591 3362 αἰνέσεις.

292 3388 779 3458 ὀλοκαυτώματα
815 3389 1248 3457 μεμυαλωμένα
1273 3388 1498 3441 ἀνοίσω
1531 3405 1650 3444 σοι.
1695 3391 1777 3444 Ὀ-

206 3481 353 3535 πόσα
383 3497 463 3532 σοι
481 3479 807 3550 προσφέρειν
836 3477 1190 3550 προσέταξας,
1216 3477 1444 3549 ἱερεύσω
1465 3478 1775 3550 προθύμως.

205 3568 655 3639 Μεμυαλωμὲνα
694 3569 750 3622 δὲ
777 3568 1012 3638 κέκληκε
1057 3567 1124 3620 τά
1158 3568 1405 3638 εὐτραφῆ
1459 3570 1552 3622 καὶ
1585 3570 1774 3624 πίονα·

205 3660 352 3715 οὕτω
388 3659 496 3731 γὰρ
523 3660 615 3713 καὶ
642 3661 670 3712 ὁ
699 3660 862 3730 νόμος
893 3660 1220 3729 προσφέρειν
1247 3658 1532 3714 ἐκέλευσεν
1574 3662 1697 3730 ᾶμω

203 3768 269 3805 τε
297 3753 398 3805 -καὶ
427 3733 608 3824 ἄρτια.
673 3751 972 3821 Ἐπαρᾶται
1002 3749 1058 3802 δὲ
1098 3749 1190 3804 καὶ
1218 3751 1245 3802 ὁ
1276 3751 1557 3821 προφήτης
1589 3750 1777 3803 Μαλα-

203 3843 331 3915 χίας
360 3847 471 3907 τοῖς
502 3848 569 3898 τὰ
601 3842 819 3896 τοιαῦτα
853 3843 949 3913 μὲν
977 3841 1212 3912 ἔχουσιν,
1241 3842 1498 3914 ἀνάπηρα
1521 3843 1576 3896 δὲ
1607 3859 1776 3914 προσ-

203 3937 484 4007 φέρουσιν.
510 3935 656 4006 Αὕτη
700 3935 756 3988 δὲ
796 3937 890 3988 καὶ
940 3934 1017 4004 τῷ
1043 3935 1180 3988 Κάῖν
1202 3935 1416 4003 ἐγένετο
1456 3935 1560 3988 τῶν
1591 3934 1776 3989 κακῶν

200 4027 432 4081 ἐκείνων
457 4028 491 4096 ή
513 4028 675 4098 ἀρχή.
693 4026 1062 4096 Διδασκόμεοα
1081 4027 1136 4079 δὲ
1164 4027 1256 4080 καὶ
1274 4029 1433 4097 ἡμεῖς
1455 4029 1567 4089 τοῖς
1582 4045 1775 4098 τιμιω-

200 4115 386 4185 τέροις
413 4107 486 4169 ὧν
529 4115 721 4186 ἔχομεν
760 4116 820 4168 τὸ
870 4116 1010 4168 οεῖον
1063 4115 1355 4187 γεραίρειν.
1410 4117 1647 4170 Ἄνοίσω
1678 4131 1775 4169 σοι

195 4205 361 4270 βόας
376 4204 526 4273 μετὰ
548 4203 826 4273 χιμάρων.
856 4205 1203 4274 Πνευματικά
1224 4205 1281 4258 δὲ
1302 4206 1495 4270 πάντα,
1521 4202 1594 4268 ὡς
1619 4204 1772 4275 ἔφην,

203 4296 304 4349 καὶ
332 4295 401 4348 τά
433 4295 856 4366 ὁλοκαυτώματα
876 4298 968 4348 καὶ
997 4297 1045 4349 οἱ
1076 4296 1197 4368 βόες
1222 4299 1315 4350 καὶ
1337 4299 1384 4350 ol
1417 4297 1660 4368 χίμαροι,
1683 4296 1775 4362 οὓς

202 4392 507 4445 ἀποδώσειν
535 4391 947 4459 ἐπαγγέλλεται.

275 4482 473 4545 Δεῦτε,
514 4481 611 4534 καὶ
642 4481 958 4545 ἀκούσατε,
994 4480 1091 4533 καὶ
1117 4479 1490 4549 διηγήσομαι.
1521 4481 1629 4533 Καὶ
1654 4481 1772 4532 τίνα

201 4574 371 4645 ἕτερα
398 4573 664 4644 διηγεῖται
689 4572 720 4642 ἢ
751 4571 786 4625 ἃ
821 4571 1032 4642 φθάσας
1057 4571 1377 4643 ἐξηγήσατο,
1400 4572 1480 4637 τὸ,
1513 4573 1594 4624 ὅτι
1630 4571 1774 4626 Ἐδο-

199 4663 471 4730 κίμασας
506 4659 682 4730 ἡμᾶς,
713 4662 808 4715 καὶ
845 4662 912 4714 τά
937 4661 1137 4728 locati;

291 4752 548 4807 Ἀδικίαν
583 4755 635 4807 ει
662 4751 952 4820 ἐθεώρουν
991 4753 1060 4806 ἐν
1108 4751 1319 4821 καρδίᾳ
1356 4771 1473 4822 μου
1498 4794 1511 4814 .
1540 4753 1626 4822 μὴ
1651 4756 1773 4808 εισ-

199 4846 527 4903 ακουσάτω
546 4864 664 4916 μου
690 4847 921 4914 Κύριος.
957 4845 1140 4915 ᾜδειν
1169 4845 1244 4910 δὲ,
1270 4845 1348 4898 ὅτι
1380 4845 1476 4898 οὐκ
1506 4845 1591 4909 ἂν,
1640 4845 1769 4918 ἐμοῦ

203 4939 342 5010 περὶ
368 4936 577 4991 ἀδικίαν
609 4937 840 5006 ἔχοντος,
868 4935 1095 4989 ἀκοῦσαί
1128 4953 1228 5006 μου
1262 4937 1360 5006 τῆς
1391 4938 1697 5009 προσευχῆς
1743 4939 1772 4991 ὁ

203 5029 343 5092 Θεὸς
369 5029 629 5099 ἀνέχοιτο.
665 5029 920 5092 Ἀκύλας·
960 5027 1277 5097 Ἅνωφελὲς
1311 5027 1449 5081 ίδὼν
1474 5028 1773 5098 ἐνκαρδίᾳ

199 5139 350 5192 μου,
379 5122 489 5176 οὐκ
522 5122 937 5176 είσακούσεται
966 5121 1199 5189 Κύριος.
1223 5119 1477 5173 Βούλεται
1501 5118 1556 5170 δὲ
1579 5122 1769 5183 εἰπεῖν,

204 5217 315 5277 ὅτι,
345 5213 442 5278 τὰς
485 5216 727 5285 αἰτήσεις
759 5214 836 5285 τῷ
865 5213 982 5283 Θεῷ
1032 5212 1343 5283 προσάγων,
1397 5211 1771 5281 ἐπεμελούμην

204 5302 305 5359 τοῦ
337 5305 657 5376 πρέποντος,
693 5304 847 5368 εἰδὼς
870 5346 886 5370 ,
912 5303 986 5367 ὡς
1023 5303 1172 5356 οὐδέν
1231 5319 1320 5372 μοι
1377 5301 1475 5370 τῆς
1510 5303 1772 5370 αἰτήσεως

203 5394 420 5464 ὃφελος,
458 5395 533 5466 μὴ
559 5394 797 5450 ποιοῦντι
824 5394 892 5447 τὰ
925 5395 1127 5447 δέοντα.
1164 5394 1274 5447 Καὶ
1305 5393 1486 5464 ἕτερόν
1535 5410 1586 5445 τι
1638 5390 1770 5446 καύ-

1877 600 2000 638 nam
2037 583 2236 639 fuerint
2277 585 2314 639 ii
2343 588 2434 654 qui
2461 598 2816 658 exasperant,
2862 590 2968 645 nisi
3009 590 3076 644 de
3103 591 3303 660 quibus
3338 593 3424 648 di-

1875 675 2049 729 citur:
2086 675 2196 730 Fili
2218 679 2474 738 hominis.
2512 679 2638 731 vade
2669 679 2737 734 ad
2783 680 2995 733 domum
3032 695 3425 751 exasperantem

1875 783 1953 821 me
1984 769 2065 822 “‘2
2107 769 2173 823 Et
2209 769 2341 824 illud
2371 788 2384 824 :
2419 769 2487 822 Et
2524 772 2960 825 exacerbacerunt
2999 790 3114 828 eum
3156 777 3210 828 in
3254 776 3425 830 deser-

1875 871 1927 913 to
1962 862 2002 892 ¹⁷
2041 879 2053 914 :
2101 873 2155 916 et
2196 878 2410 917 rursum
2456 882 2468 916 :
2531 862 2711 917 Nolite
2748 863 3008 918 obdurare
3061 868 3221 921 corda
3252 878 3423 922 vestra

1874 954 2008 1006 sicut
2046 955 2098 1006 in
2129 955 2525 1008 cxaccrbatione
2561 955 2624 1012 η.

1941 1043 1994 1098 8.
2033 1043 2348 1112 Benedicite,
2399 1056 2592 1116 gentes,
2622 1047 2784 1100 Deum
2817 1061 3070 1103 nostrum.
3120 1049 3322 1108 Omnes
3371 1052 3427 1108 in

1873 1149 2041 1190 unum
2066 1137 2236 1191 coacti
2268 1137 2442 1207 ipsum
2469 1139 2680 1193 laudate
2707 1154 2770 1194 ac
2796 1141 3078 1209 suspicite.

1947 1289 2020 1360 [9.
2043 1290 2144 1354 Qui
2164 1292 2580 1358 posuitanimam
2603 1308 2764 1344 meam
2790 1294 2857 1344 ad
2874 1295 3054 1346 vitam.
3083 1294 3336 1352 Gaudebo
3362 1296 3429 1352 de

1877 1378 2188 1448 hujusmodi
2231 1381 2592 1446 mirabilibus,
2620 1381 2793 1450 deque
2832 1396 3020 1434 eorum
3051 1383 3241 1452 opifice
3267 1401 3280 1438 :
3310 1385 3428 1455 qui,

1876 1478 2059 1540 utpote
2086 1471 2348 1526 Dominus
2397 1473 2748 1544 omniumque
2779 1473 3074 1544 inspector,
3105 1476 3171 1530 de
3202 1479 3432 1534 terrenis

1875 1565 2132 1621 discernit
2161 1575 2214 1620 et
2239 1565 2466 1634 judicat,
2498 1565 2854 1637 indignosque
2883 1568 3133 1622 homines
3155 1569 3432 1640 suppliciis

1876 1658 2248 1714 circumvenit.
2274 1657 2472 1713 Oculos
2497 1673 2654 1713 vocat
2676 1659 2998 1733 apostolos.]

1951 1813 2035 1867 10.
2071 1813 2330 1878 Quoniam
2354 1816 2589 1883 probasti
2610 1831 2725 1881 nos,
2766 1815 2928 1882 Deus,
2964 1818 3079 1888 igne
3112 1835 3205 1872 nos
3232 1819 3434 1876 exami-

1877 1907 2051 1970 nasti,
2101 1915 2204 1960 etc.
2268 1903 2562 1960 IErumnas
2598 1906 2858 1975 apostolis
2894 1907 2964 1960 ob
2997 1909 3430 1977 prmdicationcm

1874 1997 2085 2051 futuras
2113 1997 2440 2066 przenuntiat
2475 1998 2712 2067 Spiritus
2751 1999 3142 2068 propheticus:
3180 2013 3340 2072 atque
3365 2017 3432 2057 ex

1873 2103 2104 2158 persona
2143 2103 2333 2142 eorum
2384 2099 2627 2143 recenset
2673 2089 2932 2159 laqueos.
2990 2091 3105 2147 sive
3149 2109 3429 2160 carceres;

1875 2182 2306 2251 tentationesque
2346 2197 2441 2252 per
2477 2183 2654 2252 ignem
2688 2191 2741 2237 et
2773 2197 2968 2253 aquam
3002 2185 3268 2254 signiﬁcat
3296 2186 3430 2257 (30).

1945 2351 2030 2404 15.
2064 2348 2302 2403 Introibo
2335 2352 2390 2403 in
2428 2351 2642 2404 domum
2683 2362 2825 2405 tuam
2855 2355 2910 2405 in
2938 2355 3278 2410 holocaustis.
3311 2357 3432 2413 C03-

1873 2440 2060 2495 lcstem
2086 2440 2374 2494 videlicet;
2409 2457 2530 2495 nam
2560 2457 2618 2497 se
2652 2450 2797 2496 totos
2831 2441 2940 2498 Deo
2981 2459 3076 2499 ceu
3113 2444 3432 2502 holocausta

1874 2532 2205 2587 obtulerunt.
2257 2531 2621 2603 [llolocaustis
2651 2533 2858 2589 scilicet
2884 2534 3279 2603 spiritualibus.
3329 2535 3431 2592 Sed

1874 2636 1995 2690 quae
2022 2629 2112 2674 tua
2148 2631 2274 2675 sunt
2297 2661 2313 2686 ,
2349 2621 2607 2685 Domine,
2648 2623 2964 2691 hujusmodi
2997 2642 3008 2678 :
3045 2634 3230 2680 nostra
3253 2635 3432 2679 autem

1875 2712 2097 2776 isthaac,
2153 2711 2361 2780 ingredi
2415 2712 2468 2765 in
2516 2713 2774 2781 templum
2824 2713 3032 2783 tibique
3063 2715 3345 2770 immolare
3375 2716 3432 2771 iu

1875 2804 2165 2873 gratiarum
2196 2803 2492 2870 actionem,
2535 2803 2770 2874 idipsum
2810 2813 2988 2859 autem
3027 2806 3294 2876 signiﬁcat
3319 2808 3434 2861 dis-

1877 2897 2143 2950 tinxerunt
2175 2895 2340 2966 (labia
2383 2895 2519 2966 mea)
2560 2905 2723 2966 atque
2767 2896 2942 2951 locuta
2991 2906 3135 2953 sunt.
3164 2897 3307 2962 Παῖς,
3349 2899 3434 2952 in-

1875 2989 2011 3057 quit,
2039 2996 2291 3056 precatus
2323 2987 2491 3058 sum.]
2514 2987 2746 3041 Reddam
2771 2989 2864 3042 tibi
2894 2998 3011 3043 rota
3039 3005 3170 3043 mea.
3197 2988 3435 3045 Reddam

1877 3079 1993 3142 tibi,
2037 3078 2233 3147 inquit,
2273 3093 2336 3132 ea
2367 3093 2486 3146 qua:
2518 3079 2636 3132 vovi
2665 3078 2794 3132 dum
2833 3079 2887 3132 in
2919 3081 3223 3134 calamitate
3246 3096 3435 3136 versa-

1801 3188 1843 3245 ο
1876 3184 1983 3223 rer.
2017 3168 2152 3224 Vovi
2177 3180 2356 3225 autem
2384 3186 2504 3238 me,
2535 3187 2658 3227 eum
2696 3171 3049 3240 praesentibus
3087 3173 3345 3228 aerumnis
3368 3171 3434 3227 li-

1875 3261 2096 3316 beratus
2125 3277 2239 3328 ero,
2268 3263 2457 3319 laudes
2486 3279 2697 3333 semper
2722 3263 3054 3318 redditurum
3092 3263 3214 3320 tibi.

1945 3355 2034 3409 15.
2069 3353 2398 3408 Ilolocausta
2431 3356 2720 3409 medullata
2750 3357 2969 3424 offeram
3001 3358 3117 3409 tibi.
3179 3355 3312 3421 Qum
3350 3354 3436 3410 oi-

1875 3446 2002 3501 icrri
2026 3446 2124 3500 tibi
2149 3446 2360 3515 jussisti
2392 3445 2983 3501 alacriterimmclabo.
3016 3445 3314 3500 Medullata
3342 3460 3408 3500 au

1874 3549 1980 3595 tem
2007 3584 2022 3607 ,
2075 3555 2260 3595 crassa
2297 3551 2352 3595 et
2385 3541 2604 3610 pinguia
2645 3551 2835 3606 vocat;
2881 3539 2952 3593 ita
2986 3537 3130 3592 enim
3163 3538 3246 3592 lex
3271 3537 3435 3608 jussit

1703 3662 1778 3731 μά
1874 3631 2057 3687 otlerri
2090 3631 2438 3685 immaculata
2481 3639 2536 3684 et
2571 3629 2830 3700 perfecta.
2881 3628 3210 3683 Exsccratur
3250 3637 3433 3682 autem

1874 3722 2166 3777 Malachias
2210 3721 2469 3791 propheta
2497 3736 2589 3776 eos
2621 3721 2714 3790 qui
2747 3736 2870 3775 cum
2896 3719 3022 3774 talia
3050 3733 3216 3789 penes
3251 3733 3310 3774 se
3338 3717 3428 3773 ba-

1873 3813 2054 3877 beant,
2101 3812 2289 3866 mutila
2323 3810 2647 3866 oﬂ‘erunt“.
2689 3810 2804 3866 Hoc
2855 3811 3033 3881 ipsum
3086 3809 3214 3864 olim
3260 3807 3431 3863 Caine

1874 3903 1976 3960 fuit
1995 3903 2264 3958 malorum
2303 3904 2606 3959 exordium.
2671 3901 2781 3958 Nos
2826 3911 3006 3956 autem
3047 3901 3338 3956 edocemur
3366 3914 3433 3955 ea

1873 4012 1993 4067 qua:
2022 3996 2342 4066 pretiosiora
2379 4005 2507 4050 sunt
2542 3994 2753 4048 numini
2799 3993 3013 4048 oﬂ‘erre.
3068 3990 3299 4060 Oﬂ'eram
3335 3989 3432 4046 tibi

1875 4089 2022 4141 boves
2057 4103 2174 4139 cum
2218 4087 2398 4140 hircis.
2456 4083 2770 4156 Spiritualia
2795 4085 2980 4139 omnia
3015 4091 3174 4148 sunt,
3237 4089 3294 4135 ut
3317 4080 3430 4151 jam

1872 4180 2006 4244 dixi,
2037 4179 2350 4234 holocausta
2371 4221 2386 4248 ,
2424 4179 2623 4248 boves,
2656 4178 2836 4245 hirci,
2866 4191 3004 4248 quos
3032 4174 3339 4230 oblaturum
3373 4185 3435 4229 se

1873 4270 2179 4341 pollicetur.

1946 4473 2032 4530 16.
2075 4470 2273 4534 Venite,
2303 4479 2351 4523 et
2385 4467 2581 4534 audite,
2609 4473 2657 4520 et
2682 4464 2925 4519 narrabo.
2959 4463 3143 4535 Ecqua
3175 4464 3280 4521 alia
3307 4479 3434 4521 nar-

1877 4575 2096 4621 raturus
2126 4569 2231 4627 est,
2262 4561 2368 4615 nisi
2401 4576 2464 4614 ea
2487 4575 2608 4629 quae
2633 4557 2887 4626 superius
2917 4556 3227 4621 enarravit,
3267 4555 3430 4611 nimi-

1877 4672 1996 4711 rum
2027 4673 2040 4707 :
2077 4651 2323 4706 Probasti
2357 4667 2470 4714 nos,
2508 4648 2668 4711 Deus,
2697 4647 2842 4703 etcf!

1951 4745 2036 4800 18.
2074 4744 2100 4798 1
2109 4745 2411 4815 niquitatem
2435 4741 2480 4794 si
2508 4743 2688 4809 aspexi
2721 4740 2777 4792 in
2802 4739 2957 4792 corde
2985 4753 3117 4800 meo,
3142 4752 3245 4790 non
3271 4750 3426 4792 exat-

1876 4842 1988 4894 diat
2018 4854 2096 4892 me
2129 4837 2404 4891 Dominus.
2437 4833 2685 4889 Sciebam
2711 4831 2985 4900 equidem,
3019 4828 3064 4884 si
3099 4843 3198 4900 ego
3230 4828 3432 4898 iniqui-

1877 4932 1970 4988 tati
2005 4931 2236 4984 haeream
2261 4969 2279 4996 ,
2319 4941 2430 4982 non
2458 4923 2856 4983 cxaudiendam
2883 4938 2914 4978 a
2945 4921 3056 4976 Deo
3094 4920 3210 4977 fore
3239 4920 3430 4991 depre-

1874 5025 2146 5081 cationem
2187 5036 2384 5076 meam.
2446 5018 2686 5089 Aquila:
2717 5016 2918 5071 Inutile
2959 5015 3134 5069 videns
3179 5015 3234 5067 in
3277 5012 3429 5067 corde

1875 5132 2005 5179 meo,
2041 5131 2143 5168 non
2172 5113 2414 5168 exaudiet
2447 5110 2725 5168 Dominus.
2765 5106 2878 5162 Hoc
2916 5115 3095 5162 autem
3131 5105 3232 5160 sibi
3265 5103 3425 5160 vult:

1872 5205 2163 5278 petitiones
2189 5203 2300 5257 Deo
2328 5201 2562 5257 offerens
2585 5241 2600 5265 ,
2635 5207 2694 5255 ut
2715 5197 2782 5254 dc
2804 5196 2976 5268 probo
3006 5211 3069 5251 ac
3101 5195 3300 5251 decoro
3324 5209 3423 5249 cu-

1870 5313 1985 5354 rem
2022 5310 2244 5352 necesse
2290 5303 2395 5358 est,
2454 5307 2654 5363 gnarus
2704 5289 2840 5344 nihil
2880 5288 3014 5343 mihi
3059 5287 3310 5344 utilitatis
3358 5301 3428 5340 er.

1873 5387 2132 5461 petitione
2161 5387 2544 5452 obventururn,
2575 5381 2679 5438 nisi
2704 5396 2826 5453 qua:
2855 5379 3049 5436 decent
3092 5392 3267 5450 agam.
3299 5373 3428 5433 Clo-

281 5592 329 5623 ¹⁶
367 5590 566 5649 Ezecb.
597 5609 744 5660 xuv,
771 5592 823 5647 6.
904 5594 946 5624 "
973 5590 1115 5648 Psal.
1157 5607 1360 5655 unm,
1391 5591 1476 5644 40.
1551 5591 1592 5622 ³⁸
1618 5589 1762 5646 Psal.

1872 5606 1933 5658 ιν,
1970 5589 2024 5647 8.
2096 5592 2138 5624 "
2169 5588 2398 5645 Malach.
2428 5604 2466 5655 ι,
2491 5587 2544 5640 7.

283 5752 396 5826 (39)
427 5751 523 5813 ilic
555 5757 662 5812 alia
700 5750 1170 5814 habct'Corderius
1193 5771 1313 5826 quae
1335 5765 1459 5810 sunt
1478 5755 1764 5812 Theodori.
