4034 6488
605 430 706 488 291

1463 430 1519 484 S.
1559 426 1927 485 ATHANASII
1965 426 2113 484 OPP.
2153 426 2331 484 PARS
2367 427 2542 484 lll.—
2579 428 2986 486 EXEGETICA.

3725 433 3834 489 292

606 556 784 611 riatur
805 553 1208 626 quodammodo
1254 551 1395 622 apud
1425 551 1630 615 Deum,
1670 552 1814 622 quod
1855 561 2007 606 extra
2057 550 2210 617 ini-1

2259 567 2413 622 χημα
2434 551 2729 624 προσφέρει
2751 551 2827 622 τῷ
2853 550 2972 621 Θέῷ
3001 549 3063 604 τὸ
3089 549 3192 616 ἔξω
3225 551 3406 623 πάσης
3430 551 3643 617 ἀδικίας
3674 552 3833 622 γενέ-

608 645 869 714 quitatem
914 659 1129 699 omnem
1179 651 1458 707 versetur,
1518 643 1877 711 quamobrem
1922 657 1979 697 se
2008 657 2167 698 exau-

608 734 866 790 diendum
897 732 1014 789 fore
1043 733 1290 788 conlidit.

745 827 798 881 ι.
840 824 909 882 In
948 827 1126 895 linem,
1170 823 1513 880 PSALHUS
1558 827 1613 880 in
1648 825 1878 892 hymnis,
1925 826 2026 892 ipsi

1159 916 1353 970 David.
1395 915 1491 969 LX
1508 915 1604 971 VI.

1193 1008 1594 1079 Argumentum.

607 1103 846 1160 Rursum
883 1103 976 1160 hic
1019 1104 1391 1174 apostolorum
1441 1117 1730 1172 personam
1785 1102 2011 1167 inducit,
2071 1102 2165 1173 qui

673 1196 919 1251 doctrinm
949 1204 1134 1265 gentes
1190 1193 1473 1256 imbuunt,
1511 1203 1563 1247 et
1597 1203 1788 1262 rogant
1839 1189 2055 1248 liberari
2098 1194 2166 1248 ab

674 1289 746 1346 iis
775 1289 868 1360 qui
899 1287 1159 1344 doctrina:
1186 1303 1299 1343 sua:
1324 1287 1726 1341 contradicunt.
1775 1286 1897 1358 [llic
1923 1287 2165 1356 psalmus

672 1380 996 1452 praecedenti
1025 1389 1422 1435 consentaneus
1449 1390 1531 1434 est
1572 1398 1585 1433 :
1639 1380 1851 1449 proprie
1881 1378 2024 1432 enim
2056 1379 2165 1447 agit.

670 1469 737 1522 de
773 1466 1144 1523 benedictione
1171 1481 1476 1534 sacrorum,
1530 1475 1692 1537 atque
1738 1477 1845 1521 tota
1875 1483 2011 1537 pene
2041 1483 2165 1520 ora-

669 1558 746 1612 tio
774 1557 826 1611 in
851 1557 992 1612 libro
1024 1555 1276 1613 iudicum
1307 1558 1473 1628 jacet.
1515 1559 1592 1612 Ac
1618 1559 1664 1613 si
1707 1558 1869 1626 igitur
1917 1557 2159 1612 futurum

668 1653 746 1707 sit
767 1660 827 1704 ut
849 1650 954 1705 hoc
979 1649 1213 1715 eveniat,
1247 1660 1534 1720 postquam
1572 1651 1804 1704 reditum
1834 1651 2161 1705 vaticinatus

668 1753 782 1810 est,
824 1743 1080 1812 praedicat
1122 1744 1363 1798 divinam
1400 1743 1832 1799 incarnationem
1879 1753 1932 1798 et
1959 1745 2162 1797 adven-

670 1843 809 1899 tum,
837 1843 999 1903 atque
1024 1834 1260 1888 futuram
1303 1835 1542 1905 gentium
1572 1835 1825 1889 salutem.
1862 1834 2160 1904 lnscriptus

670 1934 852 1981 autem
879 1935 982 1990 est,
1015 1923 1081 1979 In
1113 1925 1340 1994 hymnis,
1377 1925 1505 1994 quia
1531 1925 1623 1980 Dei
1659 1936 1740 1981 est
1771 1926 1984 1996 hymnis
2018 1926 2156 1979 cclc—

669 2016 840 2082 brari,
880 2017 1162 2071 hominum
1197 2026 1377 2071 autem
1408 2027 1492 2072 est
1519 2017 1771 2072 laudibus
1795 2015 2029 2087 ornari.]

669 2195 724 2252 2.
763 2194 902 2249 Deus
939 2197 1243 2250 misereatur
1268 2196 1434 2248 nostri
1475 2204 1523 2249 et
1561 2193 1826 2248 benedicat
1859 2193 2026 2256 nobis,
2048 2200 2153 2246 etc.

598 2287 794 2352 Tuam,
829 2288 1028 2356 inquit,
1055 2286 1462 2341 miserationem
1494 2286 1868 2346 obsecramus,
1907 2284 2152 2346 Domine,

597 2391 963 2447 rosamusque
1003 2382 1065 2429 ut
1104 2374 1364 2430 exhibeas
1411 2375 1619 2428 vultum
1670 2383 1822 2429 tuum
1855 2374 2045 2436 nobis,
2097 2382 2155 2426 ut

595 2467 739 2521 viam
771 2465 946 2520 sancti
973 2463 1249 2533 Evangelii
1280 2464 1356 2518 tui
1390 2467 1641 2535 gentibus
1675 2464 1929 2518 omnibus
1967 2463 2156 2532 praedi-

597 2572 722 2613 care
760 2555 1054 2626 possimus.
1117 2552 1366 2607 Sulutare
1411 2556 1596 2618 enim,
1651 2553 1824 2623 ipsius
1863 2535 2151 2606 adveniunt

594 2649 798 2718 ubique
823 2646 1109 2716 signiﬁcat.

663 2739 718 2791 ό.
750 2738 1112 2806 Conﬁteantur
1145 2735 1238 2790 tibi
1264 2734 1462 2805 populi,
1501 2731 1657 2787 Deus.
1705 2730 1954 2788 Praedicit.
1995 2734 2152 2790 Chri-

591 2830 664 2884 sti
697 2828 1092 2884 confessionem
1118 2828 1185 2882 ab
1213 2827 1468 2881 omnibus
1501 2825 1753 2896 gentibus
1795 2826 2149 2880 emittendam

591 2922 730 2977 fore.
760 2921 1024 2976 Lwtentur
1055 2931 1103 2974 et
1126 2919 1385 2974 exsultent
1414 2926 1605 2987 gentes.
1642 2916 1777 2969 Cum
1803 2918 2150 2986 propheticus

594 3012 830 3084 Spiritus
855 3015 921 3068 de
947 3013 1119 3067 salute
1145 3012 1294 3066 orbis
1327 3025 1672 3079 summopere
1697 3009 2010 3077 delectetur,
2042 3013 2151 3083 ple-

591 3120 823 3174 rumque
851 3105 1036 3160 eadem
1071 3106 1183 3173 ipsa
1217 3103 1428 3173 repetit,
1453 3118 1520 3156 ex
1546 3101 1814 3171 frequenti
1834 3105 2148 3161 narratione

591 3198 790 3270 gaudio
817 3197 1062 3253 aﬂ'ectus.

662 3290 714 3345 6.
749 3289 1110 3358 Conﬁteantur
1135 3289 1228 3340 tibi
1253 3286 1452 3355 populi,
1482 3284 1642 3352 Deus,
1673 3286 2023 3355 conﬁteantur
2050 3289 2145 3342 tibi

588 3383 770 3458 populi
800 3399 975 3438 omnes
999 3382 1132 3451 (3i).
1183 3379 1301 3434 Non
1346 3380 1463 3434 sine
1493 3394 1658 3434 causa
1695 3380 1922 3449 repetit,
1970 3379 2063 3434 sed
2089 3390 2147 3434 ut

588 3476 883 3533 alacriores
925 3473 1116 3529 reddat
1164 3472 1460 3527 auditores.
1520 3470 1683 3523 Terra
1731 3471 1873 3523 dedit
1914 3471 2146 3539 fructum

2275 641 2424 696 σθαι·
2458 641 2537 694 διὸ
2561 642 2655 696 καὶ
2679 641 3056 696 είσακούεσθαι
3083 642 3297 715 θαρρεῖ.

2265 826 2372 891 Εἰς
2396 823 2464 877 τὸ
2489 822 2681 891 τέλος,
2710 823 2779 877 ἐν
2802 823 3011 893 ὕμνοις
3030 823 3351 888 ΨΑΛΜΟΣ,
3370 822 3450 890 τῷ
3473 823 3671 880 Δαυΐδ.
3690 824 3834 891 EG".

2889 955 2904 974 '
2915 955 3221 1022 Υπόθεσις.

2266 1090 2433 1146 Πάλιν
2457 1089 2731 1144 κάνταῦθα
2751 1089 2858 1144 τῶν
2883 1092 3196 1146 ἀποστόλων
3223 1091 3284 1144 τὸ
3308 1092 3600 1163 πρόσωπον
3622 1093 3837 1161 εἰσάγε-

2334 1183 2421 1235 ται
2444 1222 2457 1242 ,
2487 1181 2828 1236 διδασκαλίαν
2861 1182 3180 1254 ποιούμενον
3229 1183 3338 1236 τῶν
3383 1183 3552 1236 ἐθνῶν
3577 1223 3591 1248 ,
3628 1184 3836 1256 ρυσθῆ-

2335 1273 2425 1325 ναί
2482 1289 2542 1324 τε
2595 1273 2883 1344 εὐχόμενον
2911 1274 3018 1326 τῶν
3051 1273 3438 1341 ἀντιλεγόντων
3481 1277 3548 1344 τῇ
3581 1273 3838 1328 διδασκα-

2330 1363 2420 1436 λίᾳ
2453 1365 2648 1418 αὐτῶν.
2696 1364 2717 1436 [
2752 1365 3066 1430 ’Λκόλουθος
3091 1366 3184 1419 καὶ
3211 1361 3364 1430 οὗτος
3388 1365 3464 1435 τῷ
3495 1366 3602 1436 πρὸ
3633 1367 3799 1419 αὐτοῦ
3821 1383 3834 1395 ⁸

2334 1458 2528 1527 ἰδίωμα
2555 1457 2662 1529 γὰρ
2688 1457 2799 1528 ἔχει
2821 1458 2919 1529 τῆς
2940 1458 3046 1512 τῶν
3072 1459 3228 1529 ἱερῶν
3249 1458 3518 1527 εὐλογίας,
3541 1459 3637 1511 καὶ⁵
3659 1461 3836 1512 κεῖται

2333 1553 2389 1604 ἐν
2427 1552 2538 1614 τοῖς
2566 1552 2796 1622 Κριταῖς
2822 1551 2854 1621 ἠ
2880 1550 3012 1622 εὐχὴ
3047 1552 3193 1604 πᾶσα
3220 1551 3422 1621 σχεδόν.
3468 1552 3556 1614 Ὠς
3584 1547 3677 1604 οὖν
3710 1552 3838 1621 μέλ-

2331 1641 2511 1705 λοντος
2559 1643 2653 1696 καὶ
2705 1641 2895 1695 τούτου
2939 1641 3182 1709 γίνεσθαι
3206 1683 3221 1705 ,
3277 1642 3415 1711 μετὰ
3441 1643 3540 1712 τὴν
3574 1643 3837 1696 ἐπάνοδον

2336 1733 2711 1806 προεφητεύθη
2732 1775 2747 1798 ,
2791 1733 3049 1804 κηρύττει
3091 1733 3148 1787 δὲ
3188 1733 3283 1786 καὶ
3310 1733 3407 1804 τὴν
3435 1733 3584 1784 θείαν
3618 1732 3835 1803 ἀνθρὼ-

2329 1840 2493 1892 πησιν
2529 1825 2621 1876 καὶ
2665 1823 2999 1891 ἐπιφάνειαν,
3037 1824 3131 1877 καὶ
3173 1824 3269 1893 τὴν
3313 1824 3421 1875 τῶν
3454 1822 3623 1876 ἐθνῶν
3660 1840 3837 1891 σωτη-

2335 1918 2474 1988 ρίαν.
2521 1918 2616 1970 Ἑν
2643 1917 2851 1986 ὕμνοις
2876 1917 2932 1970 δὲ
2958 1916 3397 1988 ἐπιγέγραπται,
3448 1917 3570 1968 ἐπεὶ
3602 1915 3739 1969 Θεοῦ
3773 1917 3837 1968 τὸ

2330 2009 2647 2078 ὑμνεῖσθαι,
2689 2008 2992 2080 ἀνθρώπων
3017 2009 3075 2062 δὲ
3105 2009 3167 2062 τὸ
3193 2008 3259 2062 δι’
3285 2008 3521 2062 ἐπαίνων
3554 2009 3837 2079 ἐγκωμιά-

2188 2090 2232 2147 Β
2329 2100 2534 2164 ζεσθσι.
2556 2100 2576 2171 ξ

2343 2190 2396 2239 '0
2470 2189 2613 2254 Θεὸς
2683 2190 3042 2260 οἰκτειρήσω
3101 2191 3258 2261 ἡμᾶς
3325 2191 3424 2245 καί
3501 2192 3836 2262 εὐλογῆσαι

2259 2279 2436 2349 ἡμᾶς.
2469 2281 2588 2333 Τῶν
2623 2281 2730 2334 σῶν
2754 2283 3049 2353 οἰκτιρμῶν
3075 2282 3303 2352 δεόμεθα
3322 2323 3337 2345 ,
3368 2284 3499 2354 φησὶ
3519 2324 3533 2346 ,
3561 2283 3832 2346 Δέσποτα,

2259 2373 2350 2425 καὶ
2377 2371 2477 2443 τῆς
2508 2373 2824 2441 ἐπιφανείας
2847 2373 2938 2425 τοῦ
2977 2372 3271 2446 προσώπου
3305 2391 3419 2438 σου,
3489 2376 3624 2447 πρὸς
3649 2375 3712 2429 τὸ
3737 2377 3836 2429 δύ-

2258 2461 2450 2515 νασθαι
2495 2463 2730 2535 φανερὰν
2769 2464 2871 2534 τὴν
2906 2463 3026 2518 ὁδὸν
3053 2464 3145 2518 τοῦ
3173 2465 3327 2533 ἁγίου
3359 2483 3450 2520 σου
3497 2467 3834 2538 Εὐαγγελίου

2260 2554 2392 2605 πᾶσι
2425 2556 2534 2616 τοῖς
2580 2553 2755 2607 ἔθνεσι
2793 2555 3043 2626 κηρύξαι.
3089 2555 3387 2625 Σωτήρων
3413 2556 3523 2629 γὰρ
3549 2559 3833 2631 πανταχοῦ

2257 2645 2354 2713 τὴν
2385 2645 2683 2715 παρουσίαν
2711 2646 2874 2700 αὐτοῦ
2905 2664 3091 2718 φησιν.

2343 2737 3036 2807 Ἐξομολογησὰσθωσάν
3053 2756 3150 2794 σοι
3180 2739 3336 2804 λαοὶ,
3361 2743 3394 2795 δ
3421 2742 3580 2807 Θεός.
3601 2741 3836 2797 Πάντων

2255 2828 2362 2881 τῶν
2405 2829 2574 2882 ἐθνῶν
2623 2830 2719 2901 τὴν
2750 2832 2828 2893 είς
2873 2831 3105 2904 Χριστὸν
3136 2833 3424 2904 ὁμολογίαν
3471 2836 3832 2906 προφητεύει.

2255 2922 2775 2992 Εὐφρανθήτιικγαν
2798 2925 2894 2977 καὶ
2923 2909 3429 2993 ἁγαλλιάσθωσαν
3463 2928 3627 2998 ἔθνη.
3673 2929 3834 2984 ἰιδό-

2257 3030 2416 3085 μενον
2471 3014 2532 3067 τὸ
2592 3016 2927 3087 προφητικὸν
2995 3017 3222 3088 Πνεῦμα
3281 3022 3346 3090 τῇ
3417 3021 3659 3094 σωτηρίᾳ
3724 3023 3833 3094 τῆς

2253 3107 2608 3177 οἰκουμένης,
2661 3106 2914 3169 πολλάκις
2960 3107 3027 3160 τὰ
3066 3109 3202 3162 αὐτὰ
3235 3109 3548 3179 φθέγγεται,
3581 3115 3648 3183 τῇ
3696 3129 3832 3168 συν-

2252 3202 2365 3269 εχεῖ
2396 3201 2639 3271 διηγήσει
2671 3199 3004 3272 εὐφροσύνης
3028 3201 3316 3257 ἀπολαῦον.

2333 3289 3026 3362 Ἐξομολογησὰσθωσάν
3051 3309 3148 3346 σοι
3176 3294 3311 3347 λαοί
3339 3334 3355 3358 ,
3401 3298 3435 3349 ό
3495 3295 3639 3362 Θεὸς
3660 3337 3676 3361 ,
3719 3296 3830 3362 ἐξ·

2251 3380 2838 3451 ομολογησάσθωσάν
2874 3398 2970 3435 σοι
3014 3381 3150 3436 ,λαοί
3205 3381 3444 3448 πάντες.
3473 3383 3585 3454 Οὐχ
3635 3384 3834 3451 ἁπλῶς

2246 3472 2342 3541 τὴν
2373 3471 2720 3540 ταυτολογίαν
2747 3471 2985 3524 τέθεικεν
3004 3512 3018 3536 ,
3050 3471 3185 3525 ἀλλὰ
3219 3471 3662 3546 προθυμοτέρους
3692 3477 3831 3540 τοὺς

589 3583 768 3622 suum.
823 3563 1136 3635 Spiritualis
1181 3562 1452 3616 videlicet.
1509 3560 1740 3614 Fructus
1790 3568 1971 3614 autem
2021 3571 2149 3614 sunt

2255 3560 2542 3624 ἀκούοντας
2570 3559 2947 3632 ἐργαζόμενος.
2981 3560 3071 3629 Γῆ
3111 3561 3296 3616 ἔδωκε
3321 3561 3429 3616 τὸν
3451 3563 3683 3633 καρπόν
3709 3567 3828 3621 αὐ-

587 3660 708 3730 ejus
740 3659 794 3712 in
819 3659 1018 3727 pietate
1043 3653 1340 3725 proiectus.

2255 3652 2375 3720 τῆς.
2428 3652 2492 3704 Ἦ
2543 3651 2707 3723 νοητὴ
2730 3651 2988 3722 δηλονότι.
3054 3653 3280 3724 Καρπὸς
3314 3655 3371 3709 δέ
3400 3656 3569 3727 αὐτῆς
3598 3659 3657 3711 αἱ
3695 3657 3827 3712 κατ’

2245 3740 2526 3795 εὐσέϐειαν
2553 3743 2847 3811 προκοπαί.

656 3834 1042 3909 [Con/iteantur
1085 3835 1178 3888 tibi
1227 3834 1430 3904 pepuli,
1483 3832 1642 3887 Deus.
1676 3831 2142 3900 Quemadmodum

2306 3832 2326 3904 ι
2343 3833 3036 3904 Ἐξομολοτησάσθωσάν
3045 3850 3143 3891 σοι
3154 3840 3208 3892 οι
3217 3838 3374 3903 λαοί,
3387 3842 3421 3894 ὁ
3432 3842 3594 3908 sedc.
3604 3844 3778 3901 Ὠσπε
3787 3866 3825 3920 ρ

583 3927 668 3982 bis
689 3936 877 3997 gentes
918 3925 984 3979 ad
1034 3925 1266 3995 hymnos
1315 3923 1686 3978 concinendos
1737 3923 2028 3988 excitavit,
2068 3923 2143 3977 ita

2255 3924 2325 3988 εὶς
2344 3925 2410 3978 τὰ
2432 3924 2557 3996 ἔθνη
2586 3926 2720 4000 πρὸς
2742 3927 3012 3998 ὑμνῳδίαν
3037 3927 3327 4002 διήγειρεν,
3357 3931 3496 3987 οὕτω
3520 3934 3602 3999 δίς
3628 3937 3826 4004 αὐτοῖς

583 4019 668 4073 bis
699 4017 847 4088 ipsas
873 4015 939 4070 ad
966 4014 1398 4070 benedictionem
1428 4014 1676 4084 qmesivit
1706 4032 1719 4068 :
1754 4029 1878 4068 cum
1913 4013 1998 4068 bis
2036 4013 2143 4068 sei-

2255 4018 2340 4088 τὴν
2376 4017 2620 4087 εὐλογίαν
2665 4017 2951 4091 ἐζήτησεν·
2991 4020 3370 4078 ἀπολαύσαντα
3421 4025 3664 4097 δηλονότι
3717 4030 3824 4085 καὶ

581 4109 709 4164 licet
747 4123 866 4163 eam
910 4107 1342 4162 benedictionem
1372 4107 1692 4176 accepisset.
1743 4109 1850 4160 Aut
1884 4105 2010 4175 quia
2038 4106 2140 4160 illa:

2255 4108 2409 4178 ιύτῆς
2439 4109 2706 4178 εὐλογίας.
2739 4111 2807 4164 Ἢ
2833 4111 2916 4164 δτι
2943 4112 3065 4165 ἐπεὶ
3096 4113 3197 4167 οὐκ
3227 4115 3511 4182 ἀγνοοῦσιν
3542 4121 3591 4172 oi
3627 4119 3687 4187 ἐξ
3714 4122 3823 4176 αὐ-

577 4201 953 4258 benedictione
979 4199 1194 4270 repletae
1213 4214 1322 4253 non
1356 4199 1606 4268 ignorant
1639 4196 1807 4252 Deum
1853 4196 1945 4268 qui
1976 4212 2139 4268 super

2255 4199 2336 4271 τῆς
2376 4200 2465 4254 τὸν
2498 4203 2590 4255 ἐπὶ
2637 4203 2853 4256 πάντων
2882 4204 3039 4270 Θεὸν,
3090 4207 3226 4261 ἀλλὰ
3273 4208 3364 4263 τὸν
3413 4211 3628 4281 ἥδιστον
3659 4214 3820 4288 αὐτῷ

578 4293 766 4349 omnia
800 4301 914 4357 est,
959 4292 1052 4347 sed
1089 4291 1470 4346 dulcissimum
1516 4290 1618 4360 ipsi
1657 4289 1891 4344 oﬂ‘erunt
1923 4289 2136 4359 pietatis

2255 4292 2600 4364 προσφέρουσι
2624 4295 2722 4366 τῆς
2751 4297 3028 4362 εὐσεϐείας
3057 4300 3267 4371 καρπόν
3285 4319 3299 4333 ·
3333 4301 3393 4355 δν
3421 4306 3470 4358 εί
3503 4306 3815 4380 προσφέρο-

576 4385 816 4442 fructum
847 4405 860 4440 :
889 4401 1050 4455 quem
1103 4385 1149 4438 si
1198 4384 1292 4438 tibi
1351 4383 1640 4437 oﬂ‘eramus
1667 4423 1681 4445 ,
1735 4382 1785 4437 id
1813 4391 1897 4436 est
1923 4382 2136 4436 virtutis

2255 4385 2339 4438 ιέν
2370 4402 2485 4452 σοι,
2521 4388 2640 4458 ητοι
2664 4387 2761 4460 τὴν
2787 4390 2886 4461 τῆς
2915 4392 3113 4464 ἀρετῆς
3145 4394 3486 4468 ἐπιτήδευσιν
3506 4438 3522 4463 ,
3556 4399 3817 4470 εὐλογούο

578 4477 817 4531 studium
864 4486 1208 4540 accuratum,
1262 4489 1292 4528 a
1333 4483 1384 4529 te
1436 4475 1864 4529 benedictionem
1905 4474 2135 4543 accipie-

2255 4476 2374 4531 ιεθα
2403 4478 2552 4550 παρὰ
2581 4479 2721 4553 σοῦ]
2755 4489 2758 4492 ‘

577 4567 747 4641 mus.]

655 4661 954 4736 [Benedicat
1001 4675 1093 4713 nos
1137 4657 1293 4712 Deus.
1350 4655 1642 4713 Sciendum
1674 4657 1926 4713 homines
1960 4657 2130 4712 Deum

2303 4659 2671 4733 [Εὑλογήσαι
2707 4661 2862 4734 ἡμᾶς
2891 4667 2924 4721 ό
2950 4666 3113 4731 Bede.
3154 4667 3362 4724 Εἱδέναι
3389 4670 3488 4742 μὲν
3512 4676 3809 4749 προσήκει,

575 4752 974 4814 benedicentes,
1004 4751 1105 4821 ipsi
1133 4750 1297 4804 verba
1325 4750 1501 4803 solum
1535 4749 1774 4818 proferre
1794 4788 1809 4812 ,
1853 4749 1944 4804 sed
1969 4763 2131 4819 opere
2164 4792 2207 4846 Β

2255 4750 2328 4818 ὓς,
2342 4753 2684 4822 εὐλογοῦντες
2703 4755 2799 4810 ἄνθ
2806 4774 2974 4827 ρωποι
2999 4759 3088 4812 τὸν
3099 4758 3248 4826 Θεὸν,
3265 4759 3452 4830 λόγους
3471 4765 3620 4836 αὐτῷ
3643 4785 3810 4840 προσ-

574 4844 679 4915 ipsi
716 4842 972 4898 benetlcia
1001 4841 1312 4911 impendere
1347 4857 1453 4895 non
1493 4856 1675 4911 posse.
1714 4843 1782 4896 At
1820 4841 1963 4897 Deus
2004 4857 2128 4897 eum
2165 4841 2197 4846 ⁷

2255 4846 2456 4918 ρέρουσι
2505 4847 2696 4917 μόνους
2721 4887 2736 4911 ,
2786 4848 2931 4920 ἔργῳ
2953 4848 3009 4903 δὲ
3041 4850 3202 4905 αὐτὸν
3231 4851 3582 4923 εὐεργετῆσαι
3609 4856 3671 4910 οὐ
3706 4857 3805 4912 δύ·-

573 4934 846 4992 benedicit
867 4972 882 4999 ,
919 4933 1176 5003 operibus
1211 4931 1369 4987 verba
1400 4934 1721 4998 conlirmat,
1772 4947 1836 4987 ac
1860 4931 2125 4986 bonorum

2255 4955 2440 4992 ιανται.
2515 4939 2572 4992 '0
2599 4939 2658 4992 δέ
2685 4939 2814 5004 Θεὸς
2840 4981 2855 5004 ,
2896 4940 3131 5011 εὐλογῶν
3151 4982 3166 5006 ,
3204 4943 3412 5015 βεδαιοτ
3445 4949 3571 5011 τοὺς
3609 4948 3807 5018 λόγους

575 5029 817 5081 omnium
884 5025 1094 5095 cepiam
1150 5026 1220 5081 iis
1272 5025 1470 5095 quibus
1520 5024 1789 5080 benedicit
1840 5024 2122 5096 elargitur.

2255 5027 2308 5099 τῷ
2338 5029 2504 5100 ἔργῳ,
2532 5029 2624 5082 καὶ
2645 5031 2994 5086 παντοδαπῶν
3017 5034 3237 5102 ἀγαθῶν
3260 5038 3483 5111 παρέχει
3507 5041 3617 5106 τοῖς
3642 5039 3801 5096 εὐλο-

574 5116 776 5173 Deinde
790 5117 948 5171 docet
980 5113 1306 5187 quomodo.)

2255 5121 2512 5191 ὀυμένοις
2547 5123 2735 5195 φοράν.
2768 5118 2898 5178 Εἶτα
2921 5125 3158 5180 διδάσκει
3181 5127 3315 5192 πῶς.
3341 5127 3360 5200 ]

726 5209 777 5260 1.
849 5206 916 5261 In
964 5207 1154 5278 ﬁnem,
1205 5204 1542 5261 PSALMUS
1589 5207 1817 5270 cantici,
1869 5207 1968 5274 ipsi

1106 5296 1298 5352 David.
1354 5297 1446 5350 LX
1467 5296 1595 5352 VII.

1146 5390 1547 5460 Argumentum.

572 5482 624 5534 ln
654 5483 755 5537 hoc
781 5483 992 5553 psalmo
1029 5482 1318 5536 adventum
1351 5482 1559 5537 Domini
1598 5481 1884 5552 signiﬁcat,
1911 5496 2121 5535 necnon

2282 5262 2384 5322 Εἰς
2413 5261 2479 5310 τὸ
2503 5264 2694 5325 τέλος,
2735 5260 2841 5328 τῆς
2865 5260 3023 5331 ᾠδῆς
3053 5262 3233 5317 Δαυῒδ
3268 5266 3591 5321 ΨΑΔΜΟΣ.
3625 5267 3767 5324 ειν.

2850 5370 3166 5440 Ὑπόθεσις.

2235 5481 2321 5535 Ἐν
2355 5481 2526 5553 τούτῳ
2552 5482 2628 5553 τῷ
2655 5482 2851 5556 ψαλμῷ
2874 5483 2972 5555 τὴν
3005 5485 3303 5557 παρουσίαν
3331 5485 3424 5539 τοῦ
3451 5487 3656 5559 Κυρίου
3697 5507 3797 5562 ση-

636 5575 995 5644 spiritualium
1024 5573 1260 5629 hostium
1291 5575 1683 5644 depulsionem.
1715 5573 2120 5644 spiritualisqne

634 5667 958 5737 captivitatis
995 5667 1337 5722 solutionem.
1384 5666 1548 5722 Docet
1577 5667 1797 5736 insuper
1848 5680 1906 5721 se
1939 5666 2115 5735 ipsum

633 5833 746 5906 (3i)
783 5833 838 5889 ln
866 5831 934 5888 Β.
966 5849 1048 5897 ttt,
1086 5833 1200 5890 haec
1224 5833 1478 5889 dicuntur
1504 5831 1848 5888 Theodoreti.

2300 5574 2510 5643 μαίνει,
2557 5577 2649 5630 καὶ
2688 5578 2795 5631 τῶν
2826 5576 3029 5648 νοητῶν
3075 5576 3283 5650 ἐχθρῶν
3311 5577 3662 5651 καθαίρεσιν,
3697 5583 3796 5636 καὶ

2296 5665 2395 5736 τῆς
2417 5666 2610 5737 νοητῆς
2635 5667 3003 5739 αἰχμαλωσίας
3029 5668 3127 5741 τὴν
3145 5668 3420 5724 ἀπόλυσιν.
3449 5671 3568 5724 Ἔτι
3593 5689 3656 5740 γε
3684 5672 3794 5744 μὴν
