4034 6444
207 387 316 446 295

1315 386 1672 444 EXPOSITIO
1714 387 1780 441 IN
1819 387 2148 444 PSAIMUM
2185 389 2370 446 LXVI.

3336 396 3442 452 ΞΜ

276 510 538 575 διδάσκει,
598 509 672 571 ὡς
701 509 860 573 αὐτὸς
890 510 974 582 εἰη
1035 510 1064 562 δ
1117 523 1208 563 και
1243 511 1410 565 πάλαι
1461 513 1584 574 τοὺς
1631 511 1745 564 uio-Ta

1849 561 1853 571 ,
1949 526 2092 575 esse,
2128 511 2219 581 qui
2262 512 2392 566 olim
2425 512 2565 568 ﬁlios
2602 511 2766 568 Israel
2794 530 2859 569 cx
2895 513 3132 586 Egypto
3166 515 3436 573 eduxerit.

287 599 502 670 Ἰσραὴλ
526 598 599 664 ,ἐξ
639 599 913 666 Αἰγύπτου
953 597 1255 669 ἐξαγαγών.
1291 601 1431 670 Πρὸς
1463 601 1518 653 δὲ
1548 601 1776 666 τούτοις,

276 681 693 761 ὑποδεξαμένοις
721 692 780 744 τὸ
819 693 1098 762 κήρυγμα,
1126 691 1439 762 Πνεύματος
1462 691 1613 760 ἁγίου
1638 692 1781 745 δόσιν

275 784 689 853 ἐπαγγέλλεται.
726 785 835 837 Καὶ
857 785 961 855 μὴν
983 786 1077 837 καί
1099 787 1208 847 τοῖς
1234 784 1546 846 ἀποστόλοις
1572 784 1780 851 εἰσάγει

272 876 620 948 παράκλησιν
643 916 657 940 ,
694 879 757 929 ἐκ
792 877 971 947 πάσης
1007 876 1236 945 θλίψεως
1268 877 1486 945 ῥύεσθαι
1512 877 1780 943 ἐπαγγελ-

269 969 519 1040 λόμενος,
553 968 651 1040 τῆς
679 971 974 1041 γενομένης
1009 969 1246 1041 δηλονότι
1275 969 1363 1022 διὰ
1399 969 1459 1021 τὸ
1497 971 1776 1040 κήρυγμα.

285 1060 448 1114 Ἀλλά
479 1062 584 1133 μὴν
615 1064 708 1115 καὶ
754 1061 1105 1134 ἐπιστρέφειν
1134 1062 1196 1114 ἐκ
1242 1062 1348 1114 τῶν
1397 1077 1777 1132 παραπικραι-

260 1171 460 1208 νοντων
509 1155 842 1225 ὑπισχνεῖται
876 1155 1128 1220 πολλοὺς,
1161 1154 1254 1208 καὶ
1284 1155 1390 1225 μὴν
1423 1155 1516 1208 καὶ
1563 1155 1627 1206 ὲκ
1670 1153 1776 1208 τῶν

267 1244 684 1297 καταπεσόντων
735 1245 814 1307 εἰς
838 1244 898 1298 τὸ
925 1243 1032 1297 τῶν
1059 1243 1258 1315 ἡδονῶν
1292 1245 1543 1312 πέλαγος.
1612 1243 1775 1296 Οὐδὲν

263 1336 323 1388 δὲ
351 1329 511 1406 ἦττον
544 1336 638 1389 καὶ
666 1334 773 1388 τῶν
810 1335 1117 1390 ἀποστόλων
1144 1335 1400 1408 κηρύττει
1430 1337 1526 1407 τὴν
1561 1335 1772 1389 ἀνάδει-

262 1425 369 1494 ξιν,
393 1427 485 1480 καί
500 1427 646 1489 τίνες
665 1428 760 1480 καὶ
776 1429 938 1481 πόθεν
959 1424 1116 1500 ἦσαν.
1141 1429 1366 1481 Πάντων
1387 1445 1447 1479 τε
1475 1427 1580 1478 τῶν
1606 1427 1773 1480 ἐθνῶν

260 1518 362 1589 τὴν
385 1521 464 1581 εἰς
485 1518 576 1572 τὸν
599 1519 801 1590 Κύριον
823 1520 1002 1573 πίστιν
1025 1520 1453 1588 εὐαγγελίζεται.
1493 1519 1606 1586 Ἐφ’
1634 1519 1772 1571 ᾶπα-

259 1627 314 1662 σι
345 1610 404 1662 δὲ
436 1609 645 1674 τούτοις
664 1610 760 1681 τὴν
788 1613 868 1674 εἰς
896 1612 1160 1683 οὐρανοὺς
1197 1611 1382 1665 ἄνοδον
1431 1609 1525 1663 τοῦ
1564 1611 1768 1681 Κυρίου

255 1699 565 1754 ἐκδιδάσκει
596 1700 802 1770 σαφῶς.
865 1699 1079 1765 Ἔξεστι
1108 1701 1164 1753 δὲ
1197 1700 1368 1753 ταῦτα
1412 1699 1590 1753 πάντα
1627 1699 1769 1752 κατὰ

259 1789 428 1860 μέρος
467 1792 578 1853 τοῖς
603 1792 806 1862 στίχοις
835 1791 1159 1844 ἐπιϐαλόντα
1191 1791 1436 1863 θεωρεῖν.

1951 603 2029 656 Ad
2065 605 2179 658 haec
2209 605 2390 658 omnia
2422 605 2487 659 iis
2519 605 2612 674 qui
2647 605 3085 674 prmdicationem
3134 608 3442 678 acceperint

1952 692 2189 761 Spiritus
2211 694 2380 747 sancti
2415 695 2618 748 donum
2653 695 2956 763 pollicetur.
2984 695 3276 764 Apostolos
3311 700 3440 752 itcm

1949 786 2283 849 consolatur,
2321 785 2593 854 pollicitus
2611 801 2826 841 omnem
2852 788 3254 856 praulicationis
3274 803 3440 844 causa

1948 886 2254 945 susceptam
2287 876 2692 931 tribulationem
2725 878 3106 933 removendam
3141 879 3274 935 fore.
3309 879 3443 934 Pro-

1946 967 2218 1036 mittitque
2241 968 2535 1020 multorum
2563 983 2628 1021 ex
2662 968 2729 1022 iis
2761 969 2852 1038 qui
2892 978 3017 1023 ante
3050 969 3116 1023 ad
3152 971 3286 1024 iram
3310 987 3442 1027 con-

1947 1057 2187 1112 citabant
2231 1058 2469 1112 futuram
2518 1061 2953 1124 conversionem,
2991 1076 3202 1117 necnon
3250 1078 3440 1117 eorum

1946 1150 2038 1219 qui
2076 1150 2127 1203 in
2160 1151 2488 1219 profundum
2516 1152 2808 1220 voluptatis
2856 1154 3076 1223 pelagus
3105 1155 3336 1209 demersi
3363 1172 3443 1210 es-

1944 1254 2085 1296 sent.
2131 1241 2499 1299 Nihilominus
2534 1254 2711 1298 autem
2763 1247 3134 1310 apostolorum
3173 1247 3437 1301 delectum
3471 1277 3473 1280 ι

1943 1342 2182 1398 enarrat,
2228 1344 2280 1387 ct
2310 1336 2531 1402 quinam
2577 1335 2827 1404 undeque
2859 1335 3081 1390 fuerint.
3137 1337 3441 1392 Annuuliat

1943 1423 2071 1477 item
2128 1423 2368 1476 futuram
2411 1424 2654 1476 omnium
2687 1424 2930 1493 gentium
2970 1425 3021 1478 in
3050 1409 3338 1480 Dominum
3374 1429 3437 1481 li-

1944 1516 2088 1570 dem.
2126 1516 2204 1569 Ad
2239 1517 2352 1570 haec
2382 1517 2564 1569 omnia
2597 1515 2809 1570 Domini
2845 1519 2894 1571 in
2931 1518 3098 1572 caelos
3142 1535 3430 1574 ascensum

1945 1608 2122 1677 palam
2166 1609 2373 1661 edocet.
2409 1607 2558 1660 Licet
2597 1617 2778 1662 autem
2820 1609 2932 1664 hec
2980 1611 3161 1664 onmia
3196 1611 3435 1678 cuilibet,

1941 1701 2192 1756 versibus
2221 1701 2448 1768 singulis
2480 1701 2783 1765 insistenti,
2821 1702 3272 1758 animadvertere.

268 1848 611 1947 istim-Unica)
641 1885 673 1935 ὀ
691 1848 875 1948 "Oet-59,
911 1883 1007 1936 καί
1041 1848 1684 1950 διασκορὲτισθήτωσαν
1714 1899 1743 1934 0

1936 1879 1990 1933 2.
2044 1879 2307 1948 Exsurgat
2362 1879 2519 1945 Deus,
2566 1889 2616 1933 et
2662 1880 2988 1949 dissipentur
3043 1882 3252 1935 inimici
3296 1884 3430 1952 ejus.

177 1971 390 2040 ἐχθροὶ
419 1973 624 2027 αὑτοῦ.
678 1973 790 2044 Τὴν
812 1975 890 2036 εἰς
923 1974 984 2026 τὸ
1027 1975 1229 2044 κρίνειν
1275 1975 1398 2036 τοὺς
1427 1973 1765 2044 ἀκαθάρτους

175 2065 443 2134 δαίμονας
472 2065 761 2134 παρορμὴν
792 2063 886 2117 τοῦ
913 2064 1046 2117 Θεοῦ
1089 2067 1117 2117 ὁ
1161 2064 1316 2134 λόγος
1345 2067 1614 2137 σημαίνει.
1683 2067 1760 2138 Τῇ

177 2155 296 2224 γάρ
325 2153 490 2207 αὐτοῦ
528 2155 795 2227 παρουσίᾳ
821 2155 921 2225 τῆς
967 2156 1074 2209 τῶν
1108 2155 1408 2227 ἀνθρώπων
1448 2159 1763 2230 τυραννίδος

174 2243 421 2314 ἐξηλάθη
429 2261 543 2298 σαν.

264 2333 691 2401 Ὅδοποιήσατε
719 2335 797 2402 τῷ
823 2338 1191 2405 ἐπιϐεϐηκότι
1213 2339 1310 2394 ἐπὶ
1345 2340 1611 2410 δυσμῶν.
1656 2343 1761 2394 Εὐ-

172 2429 410 2498 πρεπεῖς
448 2428 669 2494 γένεσθε
695 2473 707 2492 ,
746 2429 940 2498 φησὶν,
978 2432 1056 2494 εἰς
1110 2431 1173 2484 τὸ
1225 2435 1343 2495 ταῖς
1383 2434 1522 2496 ὁδοῖς
1552 2433 1758 2486 ἐκείνου

170 2517 541 2587 πορεύεσθαι,
575 2518 668 2571 τοῦ
702 2519 788 2571 ἐπ’
823 2520 1050 2590 ἐσχάτου
1096 2521 1204 2574 τῶν
1253 2524 1458 2594 χρόνων
1510 2527 1761 2594 ὀφθέντος

169 2611 234 2662 ὲν
262 2610 426 2680 σαρκί
454 2612 565 2673 τοῖς
593 2610 683 2662 ἐπὶ
713 2611 841 2681 γῆς.
883 2612 952 2664 Ἦ
976 2652 990 2676 ,
1023 2610 1101 2677 τῷ
1128 2614 1495 2682 ἐπιϐεϐηκότι
1526 2616 1623 2669 ἐπὶ
1657 2618 1759 2672 δυ-

168 2701 370 2771 σμῶν,
403 2701 481 2772 τῷ
512 2702 703 2773 μέχρις
735 2701 862 2773 ᾅδου
892 2705 1243 2776 πεποιημένῳ
1275 2705 1370 2778 τὴν
1395 2708 1635 2762 κάθοδον.
1665 2714 1760 2763 Τα-

161 2793 574 2862 ραχθήτωσαν
600 2793 718 2847 ἀπὸ
745 2794 1067 2860 προσώπου
1106 2796 1312 2850 αὐτοῦ.
1380 2800 1460 2852 Τά
1489 2799 1615 2868 ἔθνη
1650 2800 1758 2851 τῶν

163 2879 441 2950 δαιμόνων
489 2880 748 2951 δηλονότι.
809 2881 916 2934 Τοῦ
945 2883 1167 2950 πατρὸς
1196 2885 1473 2953 ὀρφανῶν
1502 2889 1597 2942 καὶ
1634 2906 1752 2955 κρι-

163 2971 282 3026 τοῦ
313 2970 432 3024 τῶν
461 2971 680 3040 χηρῶν.
728 2973 1006 3045 Ὀρφανῶν
1037 2975 1135 3044 μὲν
1168 2977 1276 3029 τῶν
1308 2978 1757 3048 ἀπροστατεύτων

161 3063 340 3131 λέγει,
364 3064 550 3135 χηρῶν
577 3063 633 3116 δὲ
657 3064 763 3117 τῶν
786 3065 991 3137 ψυχῶν,
1015 3066 1123 3120 τῶν
1150 3069 1222 3139 μὴ
1248 3069 1484 3139 ἐχουσῶν
1508 3072 1597 3123 τὸν
1629 3089 1688 3124 νυ
1697 3091 1755 3144 μ-

1868 1973 1959 2028 Dei
1991 1973 2057 2027 ad
2101 1971 2428 2040 judicandos
2464 1973 2707 2039 impuros
2737 1976 3011 2026 «hcinones
3049 1982 3228 2028 motus
3262 1976 3432 2043 signi-

1864 2065 2078 2118 ﬁcatur.
2108 2059 2243 2115 Nam
2270 2061 2388 2130 ejus
2413 2061 2646 2114 adventu
2678 2078 2705 2115 a
2738 2064 3022 2133 tyrannide
3049 2081 3156 2134 qua
3185 2065 3433 2121 homines

1863 2154 2246 2226 Opprimebant
2279 2153 2490 2224 expulsi
2520 2163 2667 2208 sunt.

1933 2331 1985 2396 5,
2017 2329 2066 2384 6.
2126 2329 2237 2383 lter
2270 2332 2430 2399 facite
2475 2334 2523 2385 ei
2567 2335 2656 2401 qui
2687 2335 2924 2388 ascendit
2973 2352 3129 2404 super
3165 2353 3424 2392 occasum.

1861 2420 2055 2486 Probe,
2087 2422 2283 2491 inquit,
2318 2424 2491 2492 parati
2533 2433 2740 2488 estote,
2780 2436 2836 2478 ut
2869 2428 2922 2480 in
2961 2429 3061 2483 viis
3082 2429 3201 2496 ejus
3236 2433 3429 2482 ambu-

1862 2513 2004 2576 letis,
2038 2513 2132 2583 qui
2167 2515 2220 2567 in
2259 2515 2557 2568 novissimo
2603 2526 2906 2584 temporum
2943 2519 3009 2573 iis
3039 2521 3132 2588 qui
3176 2521 3227 2573 in
3281 2531 3424 2575 terra

1859 2605 2123 2674 degebant
2148 2606 2300 2658 visus
2343 2615 2427 2660 est
2469 2607 2520 2658 in
2557 2622 2743 2661 carne.
2801 2608 2946 2674 Aut,
2994 2610 3042 2663 ei
3073 2612 3163 2679 qui
3190 2611 3425 2663 ascendit

1859 2712 2012 2763 super
2053 2712 2291 2748 occasum
2316 2735 2330 2757 ,
2383 2697 2473 2765 qui
2506 2713 2677 2765 usque
2721 2700 2784 2751 ad
2821 2699 3093 2754 infernum
3134 2703 3428 2754 descende-

1860 2792 1962 2835 rat.
2001 2781 2298 2835 Turbmtur
2321 2801 2352 2835 a
2379 2785 2514 2851 [acie
2540 2785 2671 2853 ejus.
2733 2785 3046 2842 D;ctnonum
3076 2792 3282 2844 scilicet
3308 2802 3426 2845 tur-

1859 2875 1958 2929 bin.
1999 2875 2176 2928 Patris
2201 2878 2554 2944 orp/iauorum
2586 2888 2633 2929 et
2655 2879 2856 2945 judicis
2882 2881 3181 2933 viduarum.
3211 2880 3424 2952 Orpha-

1857 2981 2050 3019 norum
2074 3006 2088 3031 ,
2120 2966 2170 3020 id
2196 2979 2307 3033 est,
2332 2983 2520 3021 eorum
2551 2970 2750 3037 quibus
2783 2972 2990 3024 nullum
3023 2975 3420 3041 patrocinium;

1857 3057 2138 3111 viduarum
2168 3070 2346 3112 autem
2373 3103 2385 3120 ,
2422 3059 2470 3111 id
2508 3069 2593 3113 est
2647 3061 2986 3124 :mimarum,
3034 3064 3234 3132 quibus
3293 3067 3420 3119 \‘er-

163 3155 294 3225 φίον
327 3157 518 3224 Λόγον.
578 3158 894 3232 Προστάτης
935 3161 1043 3232 γάρ
1085 3163 1201 3214 ὲστι
1250 3162 1357 3214 τῶν
1385 3163 1625 3216 ἀσθενῶν
1660 3166 1746 3217 καὶ

1859 3148 1984 3201 bum
2022 3165 2256 3218 sponsus
2291 3165 2396 3201 non
2423 3160 2538 3206 est.
2574 3149 2844 3206 Patronus
2872 3155 3016 3207 enim
3061 3163 3145 3208 est
3174 3155 3419 3209 inﬁrmo-

161 3245 269 3315 τὴν
300 3245 657 3318 ἀνθρωπίνην.
677 3249 775 3301 οὐκ
806 3249 1036 3319 ἐχόντων
1078 3250 1327 3322 βοήθειαν
1348 3290 1361 3314 ,
1412 3248 1523 3304 οἷον
1571 3255 1749 3322 ἡμεῖς.

167 3334 274 3398 Τίς
299 3334 356 3387 δὲ
388 3328 544 3398 οὗτος
576 3337 670 3389 καὶ
696 3331 842 3401 οἶος;

251 3425 318 3479 '0
341 3426 483 3491 Θεὸς
511 3428 580 3479 ἐν
608 3429 766 3492 τόπῳ
791 3429 936 3497 ἁγίῳ
966 3428 1175 3483 αὐτοῦ.
1220 3430 1436 3504 Ἐπειδὴ
1471 3429 1621 3485 εἶπεν
1655 3432 1750 3485 αύ-

161 3516 261 3570 τδν
295 3516 660 3586 ὲπιδεὸηκότα
703 3520 821 3580 ταῖς
854 3518 1115 3589 δυσμαῖς,
1159 3523 1404 3576 τουτέστι
1440 3524 1601 3597 μέχρι
1643 3526 1751 3579 τῶν

161 3607 299 3678 ᾅδου
338 3607 523 3687 μυχῶν
546 3649 560 3672 ,
600 3608 838 3662 διδάσκει
872 3611 1066 3677 πάλιν,
1097 3611 1172 3677 ὡς
1216 3613 1450 3668 ἀνελθὼν
1476 3617 1556 3679 εἰς
1587 3617 1750 3688 οὐρα-

159 3697 293 3759 νοὺς
323 3697 381 3749 ὲν
409 3699 520 3760 τοῖς
551 3697 701 3762 ἰδίοις
737 3699 920 3768 γέγονε
951 3701 1134 3765 τόποις
1153 3719 1168 3735 ο
1202 3705 1247 3756 εἰ
1297 3703 1389 3757 καὶ
1420 3704 1486 3757 τά
1519 3705 1748 3776 μάλιστα

159 3784 421 3840 οὐδέποτε
467 3789 784 3860 ἀφειστήκει
816 3791 993 3845 αὐτῶν
1022 3796 1088 3864 τῇ
1119 3795 1217 3864 τῆς
1264 3794 1516 3866 θεότητος
1565 3795 1739 3866 φύσει.

169 3875 240 3928 '0
277 3876 419 3942 Θεὸς
466 3879 773 3939 κατοικίζει
800 3882 1210 3950 μονοτρόπους
1240 3883 1309 3936 ἐν
1339 3885 1498 3949 chap.
1569 3887 1744 3939 Μονο-

157 3970 399 4041 τρόπους
423 3971 556 4040 φησὶ
575 3971 698 4034 τοὺς
718 3973 866 4044 αὐτῷ
887 3975 978 4027 καὶ
1005 3974 1149 4046 μόνῳ
1171 3977 1462 4041 ἀναθέντας
1485 3977 1582 4049 τὴν
1609 3979 1743 4032 ἰδίαν

161 4064 334 4135 ζωὴν,
365 4065 459 4116 καὶ
488 4064 666 4135 πάσης
697 4066 1010 4137 διχοψυχίας
1035 4071 1128 4122 καὶ
1161 4071 1430 4142 κοσμικῆς
1452 4071 1741 4143 ἐπιθυμίας

159 4157 333 4225 αὐτὴν
352 4155 834 4226 ἀλλοτριώσαντας.
860 4159 1089 4224 Τούτους
1109 4160 1170 4233 δὴ
1197 4157 1289 4215 οὖν
1318 4163 1409 4215 καὶ
1431 4165 1488 4216 ὲν
1513 4163 1590 4234 τῷ
1610 4164 1741 4237 οἴκῳ

159 4247 330 4301 αὑτοῦ
365 4251 430 4317 τῇ
463 4250 766 4319 ἐπουρανίῳ
795 4249 944 4302 πόλει
972 4252 1298 4316 κατοικίζειν
1323 4254 1736 4322 ἐπαγγέλλεται.

171 4339 441 4406 Ἐξὰγων
481 4340 926 4410 πεπεδημένους
969 4343 1038 4396 ἐν
1081 4344 1338 4411 ἀνδρείᾳ.
1407 4347 1629 4416 Ὅμοιον
1660 4346 1737 4416 τῷ

159 4431 438 4501 εξπμένῳ
460 4449 471 4462 ο
517 4431 640 4497 Τοῖς
668 4433 736 4484 ἐν
758 4433 998 4502 δεσμοῖς
1020 4474 1033 4498 ,
1063 4434 1332 4498 ἐξέλθετε
1352 4454 1365 4467 ·
1395 4437 1490 4489 κ(ιί
1518 4437 1639 4503 τοῖς
1669 4438 1738 4490 ἐν

1857 3252 2011 3300 rum,
2052 3241 2142 3307 qui
2179 3241 2467 3292 humanum
2498 3241 2761 3294 auxilium
2802 3259 2908 3297 non
2941 3246 3177 3312 habent,
3230 3250 3419 3318 quales

1855 3347 1953 3385 nos
1986 3347 2196 3384 sumus.
2232 3332 2365 3397 Quis
2395 3343 2574 3386 autent
2600 3345 2653 3387 et
2682 3336 2858 3402 qualis
2887 3345 2970 3390 est
3010 3338 3138 3392 hic?

1924 3421 1974 3473 7.
2016 3419 2151 3474 Deus
2179 3423 2232 3475 in
2261 3424 2372 3475 loco
2396 3434 2577 3476 sancto
2605 3441 2719 3478 suo.
2744 3423 3040 3495 Postquam
3061 3428 3199 3482 dixit
3239 3429 3412 3498 ipsum

1849 3514 2139 3569 ascendere
2188 3531 2353 3583 super
2389 3531 2641 3569 occasum
2670 3555 2684 3578 ,
2738 3516 2789 3570 id
2834 3527 2918 3571 est
2952 3534 3126 3588 usque
3155 3522 3219 3575 ad
3253 3531 3414 3577 antra

1851 3602 2045 3656 inferni
2075 3618 2090 3656 :
2123 3605 2277 3657 docet
2308 3606 2523 3667 iterum,
2575 3621 2698 3659 eum
2739 3621 2863 3660 cum
2906 3610 2959 3661 in
3008 3610 3174 3665 caelos
3217 3628 3413 3667 ascen-

1847 3691 2017 3746 disset
2058 3693 2109 3744 iu
2153 3695 2391 3761 pr0priis
2433 3694 2568 3748 locis
2622 3694 2827 3759 fuisse,
2886 3698 3099 3754 etiamsi
3132 3717 3411 3771 nunquam

1847 3783 1916 3837 ab
1947 3783 2053 3837 illis
2083 3796 2323 3837 remotus
2357 3783 2457 3838 fuit
2481 3793 2674 3839 natura
2717 3787 3038 3844 divinitatis.
3082 3791 3219 3846 Deus
3258 3794 3411 3847 inha-

1847 3875 2014 3927 bitare
2041 3873 2171 3942 facit
2195 3875 2349 3926 unius
2377 3875 2538 3928 moris
2566 3875 2620 3928 in
2642 3876 2818 3930 domo.
2862 3876 3027 3931 Unius
3058 3881 3219 3934 moris
3255 3893 3411 3938 vocat

1843 3981 1937 4022 eos
1961 3968 2054 4038 qui
2088 3968 2190 4037 ipsi
2223 3967 2322 4022 soli
2351 3969 2514 4022 vitam
2547 3983 2702 4023 suam
2747 3970 3100 4036 obtulerunt,
3134 3983 3188 4027 et
3213 3991 3409 4044 qnam-

1843 4057 1974 4114 libet
2014 4059 2212 4114 mentis
2252 4060 2621 4128 duplicitatem
2664 4070 2720 4114 et
2773 4063 3101 4118 mundanam
3143 4071 3407 4138 concupi-

1841 4152 2103 4208 scentiam
2149 4151 2483 4219 abjecerunt.
2531 4151 2928 4222 Polliceturque
2974 4154 3219 4210 futurum
3264 4168 3323 4212 ut
3366 4159 3403 4213 ii

1839 4243 1893 4295 in
1923 4245 2085 4297 domo
2122 4242 2328 4311 ipsius,
2381 4242 2434 4296 id
2478 4249 2564 4297 est
2597 4241 2650 4294 in
2677 4243 2884 4296 cmlesti
2933 4245 3152 4298 civitate
3183 4246 3402 4301 inhabi-

1839 4340 1970 4388 tent.
2016 4333 2118 4399 Qui
2158 4334 2334 4387 educit
2376 4335 2572 4386 vinctos
2602 4335 2656 4387 in
2709 4335 3051 4403 fortitudine.
3107 4336 3294 4391 Simile
3317 4347 3404 4394 est

1837 4426 1964 4480 huic
1987 4425 2134 4479 dicto
2162 4443 2174 4479 :
2202 4424 2280 4478 Iis
2310 4426 2399 4495 qui
2424 4426 2584 4478 vincti
2621 4435 2776 4491 sunt,
2821 4428 2961 4480 exite
2983 4443 3002 4480 :
3031 4437 3081 4480 et
3112 4427 3192 4482 Itis
3227 4432 3318 4499 qui
3342 4435 3400 4486 in

156 4519 242 4586 τῷ
274 4520 496 4582 σκότει,
527 4521 1005 4590 ἀνακαίύφθητε.
1063 4524 1304 4593 Δεσμοὺς
1331 4523 1387 4576 δὲ
1423 4524 1514 4577 καὶ
1549 4525 1735 4587 σκότος

1849 4516 2056 4568 tenebris
2082 4554 2096 4579 ,
2141 4514 2441 4568 revelamini
2479 4514 2546 4567 '°.
2588 4512 2814 4568 Vincula
2851 4526 3030 4570 autem
3061 4527 3114 4571 et
3146 4519 3400 4575 tenebras

155 4612 258 4683 τὴν
291 4609 400 4663 τῶν
433 4609 698 4680 δαιμόνων
745 4612 998 4685 λατρείαν
1051 4615 1236 4685 φησίν.
1319 4616 1551 4684 Ὁμοίως
1599 4615 1740 4682 τοὺς

156 4702 739 4769 παραπικραίνοντας
767 4703 908 4770 τοὺς
949 4706 1375 4772 κατοικοῦντας
1403 4706 1473 4760 ἐν
1508 4705 1734 4775 τάφοις.

155 4791 334 4844 Τοῦτό
364 4809 525 4862 φησιν
545 4832 560 4856 ,
613 4793 693 4845 ὅτι
713 4833 727 4856 ,
781 4795 873 4847 καί
903 4794 962 4846 ἐν
995 4793 1120 4865 ᾇδου
1159 4796 1471 4866 πορευθεὶς,
1506 4797 1599 4850 καί
1627 4799 1738 4860 τοῖς

157 4886 277 4936 ἐκεῖ
312 4883 611 4954 πνεύμασιν
640 4885 925 4957 ἐκήρυξεν.
955 4887 1283 4959 ἀπειθήσασί
1315 4906 1460 4942 ποτε.
1501 4890 1572 4940 Τὸ
1604 4889 1732 4960 γὰρ,

159 4978 782 5044 παραπικραίνοντας,
829 4978 949 5031 ἀντὶ
1000 4978 1131 5042 τοῦ,
1189 4981 1726 5051 παραπικράναντας,

158 5072 424 5124 τέθεικεν.

243 5167 308 5217 '0
338 5164 514 5230 Οεῦς.
563 5165 632 5216 ἐν
664 5163 738 5228 τῷ
767 5165 1191 5232 ἑκπορεύεσθαί
1227 5178 1300 5217 σε
1326 5164 1576 5219 ἐνώπιον
1623 5166 1729 5220 τοῦ

157 5255 314 5309 ,λαοῦ
349 5273 485 5317 σου,
510 5256 578 5307 ἐν
603 5254 680 5320 τῷ
703 5255 1024 5310 διαϐαίνειν
1049 5270 1120 5307 σε
1150 5256 1216 5308 ὲν
1243 5255 1314 5325 τῇ
1347 5256 1560 5326 ἐρήμῳ.
1612 5257 1729 5310 Δεί-

160 5363 350 5400 κνυσιν
372 5389 386 5409 ,
436 5348 509 5410 ὡς
535 5348 626 5400 xxi.
653 5349 680 5399 ὁ
715 5347 906 5417 μέχρις
934 5348 1058 5419 ᾅδου
1087 5346 1326 5411 καταϐάς
1345 5387 1359 5408 ,
1391 5349 1552 5412 αὐτὸς
1581 5349 1726 5400 ἐστιν

159 5439 188 5490 ὁ
218 5436 316 5491 καὶ
343 5435 506 5488 πάλαι
532 5438 618 5490 διὰ
647 5437 885 5498 Μωσέως
913 5435 1196 5505 ἐξαγαγὼν
1244 5437 1300 5501 ἐξ
1331 5436 1602 5505 Αἰγύπτου
1634 5437 1725 5489 τὸν

174 5526 410 5598 Ἰσραήλ.
448 5527 603 5592 Λέγει
632 5524 742 5588 οὖν,
773 5527 874 5587 ὅτι,
905 5527 961 5578 ὲν
991 5528 1067 5599 τῷ
1094 5527 1521 5606 προπορεύεσθαί
1549 5545 1606 5581 σε
1632 5526 1724 5581 τοῦ

163 5619 538 5691 ἐξεληλυθότος
557 5635 646 5671 σου
665 5620 722 5687 ἐξ
745 5619 1015 5689 Αἰγύπτου
1042 5619 1192 5688 λαοῦ,
1213 5620 1282 5690 γῆ
1308 5620 1546 5691 ἐσείσθη,
1576 5638 1726 5674 τουτ-

238 5809 288 5844 ³⁸
319 5809 420 5864 Isa.
450 5826 594 5877 sus,
627 5809 678 5864 9.

1839 4606 2141 4662 daemonum
2176 4607 2380 4660 cultum
2409 4616 2588 4662 vocat.
2641 4607 2900 4661 Similiter
2940 4624 3025 4662 eos
3051 4611 3142 4677 qui
3181 4625 3400 4681 exaspe-

1839 4708 1993 4764 rant,
2046 4699 2135 4768 qui
2167 4698 2406 4750 habitant
2443 4699 2499 4752 in
2526 4699 2799 4767 sepulcris.
2831 4698 2944 4753 Hoc
2971 4699 3048 4754 ait
3070 4701 3199 4771 quia
3227 4702 3281 4755 in
3309 4703 3396 4757 in-

1836 4787 2048 4842 fernum
2079 4785 2370 4856 profectus,
2405 4788 2689 4857 spiritibus
2721 4787 2844 4843 istic
2882 4791 3228 4846 versantibus
3259 4807 3398 4861 prae-

1836 4883 2033 4937 dicavit
2057 4880 2150 4950 qui
2183 4881 2444 4935 increduli
2486 4880 2615 4933 olim
2645 4878 2877 4935 fuerant.
2919 4881 3050 4935 illud
3088 4883 3266 4947 enim,
3303 4883 3394 4952 qui

1835 4987 2167 5044 exasperant,
2205 4974 2438 5044 positum
2471 4981 2552 5027 est
2574 4987 2700 5042 pro,
2735 4974 2826 5043 qui
2856 4983 3337 5043 exasperaverunt.

1904 5153 1958 5217 8,
1990 5151 2042 5207 9.
2080 5151 2247 5217 Deus,
2297 5165 2415 5202 cum
2456 5147 2770 5219 egredereris
2814 5150 2868 5202 in
2910 5159 3183 5218 conspectu
3211 5150 3392 5218 populi

1833 5248 1931 5312 tui,
1966 5261 2082 5298 cum
2104 5244 2449 5310 pertransires
2480 5243 2534 5295 in
2565 5241 2788 5298 deserto.
2822 5241 3067 5297 Declarat
3091 5283 3106 5306 ,
3147 5261 3269 5298 eum
3296 5245 3391 5313 qui

1831 5338 1897 5393 ad
1938 5335 2203 5391 infernum
2231 5349 2404 5405 usque
2447 5334 2721 5390 descendit
2745 5375 2759 5394 .
2792 5337 3038 5390 eumdem
3073 5336 3243 5405 ipsum
3269 5351 3390 5392 esse

1826 5430 1917 5500 qui
1959 5428 2086 5483 olim
2133 5443 2227 5497 per
2268 5426 2469 5480 Mosem
2521 5425 2708 5480 eduxit
2755 5425 3003 5481 lsraelem
3041 5443 3107 5480 ex
3131 5425 3384 5497 Egypto.

1825 5522 1914 5576 Ait
1943 5521 2106 5593 igitur
2135 5539 2148 5576 :
2179 5520 2314 5574 Cum
2345 5518 2603 5590 populum
2646 5525 2795 5572 tuum
2835 5532 2898 5573 ex
2925 5517 3159 5588 Egypto
3198 5533 3384 5588 egres-

1828 5630 1948 5671 sum
1983 5613 2331 5678 praecederes,
2366 5621 2508 5667 terra
2552 5619 2696 5666 mota
2727 5621 2829 5676 est,
2853 5610 2906 5666 id
2933 5620 3033 5678 est,
3053 5626 3146 5682 per
3166 5626 3382 5667 omnem
