4034 6450
626 423 736 480 295

1442 416 1496 470 S.
1540 409 1906 468 ATHANASII
1944 405 2094 464 OPP.
2128 405 2304 462 PARS
2341 406 2426 462 Ill.
2467 435 2534 446 --
2571 404 2975 460 EXEGETICA.

3748 406 3856 462 296

630 549 826 592 terram
851 534 1082 605 pervasit
1111 532 1252 588 fama
1279 531 1457 586 exitus
1477 545 1688 586 eorum.
1734 527 1896 582 Terra
1920 535 2060 579 mota
2083 536 2180 590 cst,
2211 579 2213 586 ,

2294 524 2429 576 ἐστιν
2479 525 2558 586 εἰς
2608 526 2787 577 πᾶσαν
2818 523 2916 593 τὴν
2942 523 3044 593 γῆν
3067 522 3389 586 ἐξάκουστος
3417 524 3450 591 ἡ
3487 523 3663 589 ἔξοδος
3690 523 3855 576 αὑτοῦ

631 630 821 684 etenim
851 629 964 681 caeli
985 627 1397 681 distillaverunt.
1444 622 1847 677 Distillaverunt
1881 619 1999 673 (εαξΙί
2026 619 2183 684 spiri-

635 719 832 774 tualem
861 733 1038 773 escam
1064 717 1348 778 videlicet,
1393 714 1444 768 id
1473 723 1557 768 est
1587 727 1805 768 manna.
1849 711 1889 762 Α
1931 710 2064 778 faeie
2089 708 2185 761 Dei

634 809 808 865 Sinai.
838 808 893 863 ld
923 818 1045 874 est,
1095 807 1190 862 Dei
1227 807 1320 877 qui
1354 809 1406 861 in
1444 816 1628 862 monte
1659 805 1788 858 Sina
1819 803 1986 872 legem
2017 801 2180 854 dedit.

633 901 677 953 Α
706 901 839 969 facie
871 899 969 953 Dei
999 897 1193 952 Israel.
1217 896 1380 954 Israel
1407 907 1491 953 est
1525 911 1680 951 meus
1708 894 1872 948 Deum
1898 893 2108 947 videns.

699 1153 787 1208 I0.
827 1152 1071 1207 Pluviam
1117 1152 1467 1206 voluntariam
1497 1150 1818 1223 segregabis,
1862 1149 1998 1202 Deus
2023 1190 2037 1213 ,
2078 1149 2184 1200 lue—

629 1245 847 1299 reditati
874 1254 1000 1298 tute.
1063 1241 1302 1296 Pluviam
1338 1243 1491 1299 dicit.
1537 1242 1902 1311 evangelicum
1937 1241 2181 1300 verbum,

623 1338 776 1406 juxta
807 1337 970 1391 illud:
1009 1335 1294 1390 Descendet
1322 1335 1456 1387 sicut
1485 1335 1660 1402 pluvia
1695 1335 1746 1385 in
1779 1331 1940 1385 vellus
1972 1331 2037 1382 ’³.
2086 1328 2183 1381 I’o-

628 1427 919 1482 luntariam
946 1439 1124 1482 autem
1151 1467 1164 1490 ,
1204 1426 1271 1479 ad
1303 1425 1594 1478 discrimen
1640 1423 1828 1493 legalis
1858 1423 2056 1476 cultus.
2094 1419 2185 1473 Ille

629 1518 772 1572 enim
805 1533 911 1570 non
942 1518 1280 1574 voluntarius
1306 1527 1421 1570 erat
1445 1517 1597 1584 juxta
1641 1515 1742 1568 hoc
1779 1513 1979 1566 dictum
2010 1531 2020 1564 :
2055 1511 2182 1576 Quis

628 1610 765 1663 enim
793 1611 1061 1680 requisivit
1100 1611 1212 1678 ipsa
1251 1609 1313 1662 de
1342 1609 1582 1661 manibus
1620 1607 1803 1660 vestris
1823 1605 1904 1656 ”?
1933 1614 1986 1658 et
2011 1605 2138 1657 illud
2168 1622 2180 1656 :

629 1698 959 1754 llolocausta
1012 1710 1181 1752 vestra
1231 1715 1330 1751 non
1376 1707 1497 1749 sunt
1550 1707 1785 1764 accepta,
1832 1705 1878 1747 et
1918 1695 2184 1762 sacriﬁcia

627 1800 800 1846 vestra
832 1807 930 1844 non
948 1791 1259 1860 placuerunt
1285 1789 1406 1841 milii
1429 1789 1493 1842 ²³.
1527 1819 1594 1827 —
1618 1787 1681 1841 Et
1712 1788 1976 1856 inﬁrmata
2007 1796 2103 1849 est,
2127 1797 2182 1838 tu

2284 614 2588 680 γεγένηται.
2685 615 2732 664 Γ
2740 613 2773 679 ἦ
2833 612 3110 678 ἐσείσθηο
3177 612 3273 664 καί
3331 611 3442 680 γὰρ
3501 615 3553 664 οἱ
3613 613 3856 679 οὐρανοί

2283 700 2564 761 ἕσταέξαν.
2603 701 2868 765 Ἕσταξαν
2893 701 2940 752 οἱ
2970 699 3185 770 οὐρανοὶ
3207 698 3302 770 τὴν
3336 699 3707 768 πνευματικὴν
3736 716 3860 767 τρο-

2284 791 2388 860 φὴν
2421 791 2697 860 δηλονότι·
2729 791 2877 858 λέγει
2910 791 2967 841 δὲ
3002 791 3094 842 καὶ
3150 791 3210 842 τὸ
3249 789 3442 858 μάννα.
3495 790 3625 841 Ἀπὸ
3671 806 3859 857 προσ-

2282 881 2446 934 ώπου
2471 881 2575 934 τοῦ
2615 881 2760 934 Θεοῦ
2801 879 2907 933 τοῦ
2933 878 3097 932 Σινά.
3146 880 3289 932 ’Λντὶ
3335 880 3427 932 τοῦ
3451 921 3465 943 ,
3500 881 3556 931 ὲν
3585 880 3700 949 ὄρει
3730 880 3860 932 Σινὰ

2285 973 2372 1024 τὸν
2419 972 2580 1041 νόμον
2644 972 2945 1042 ὁρίσαντος.
2987 970 3130 1024 Ἀπὸ
3183 971 3506 1037 προσώπου
3556 970 3662 1023 τοῦ
3708 971 3856 1023 Θεοῦ

2297 1063 2549 1130 Ἰσραήλ.
2604 1063 2815 1134 Ἰσραὴλ
2843 1062 2966 1125 νοῦζ
2997 1063 3136 1132 ὁρῶν
3169 1063 3322 1116 Θεόν.

2352 1153 2588 1222 Βίοχὴν
2609 1154 2896 1207 ἑκουσίαν
2928 1154 3210 1224 ἀφοριεῖς,
3250 1157 3282 1208 ό
3314 1155 3456 1220 Θεὸς
3479 1195 3492 1217 ,
3525 1154 3598 1221 τῆ
3640 1157 3859 1222 κληρο-

2285 1246 2454 1312 νίμίςι
2485 1259 2620 1298 σου.
2650 1245 2864 1315 Βροχὴν’
2891 1247 2988 1316 μὲν
3017 1248 3105 1299 τὸν
3134 1246 3483 1314 εὐαγγελικὸν
3517 1246 3674 1313 λόγον
3699 1247 3856 1316 φησὶ.

2285 1336 2425 1388 κατὲι
2450 1336 2510 1387 τό
2529 1353 2540 1364 ’
2566 1336 2970 1404 Καταϐήσεται
3003 1339 3081 1404 ὡς
3107 1339 3278 1402 ὑετὸς
3297 1338 3393 1390 ἐπὶ
3417 1339 3622 1391 πόκον.
3660 1339 3859 1392 Ἐλιού-

2284 1443 2420 1481 Utor
2458 1429 2513 1480 δὲ
2547 1430 2680 1499 πρὸς
2730 1430 3132 1500 ἁντιδιαστολὴν
3177 1431 3276 1499 τῆς
3307 1430 3538 1501 νομικῆς
3581 1431 3856 1500 λατρείας.

2297 1519 2506 1571 Ἐκεῖνα
2541 1521 2646 1589 γὰρ
2679 1520 2776 1571 οὐκ
2804 1516 2871 1588 ἦν
2923 1521 3070 1591 αὐτῷ
3100 1522 3320 1575 ἑκούσια
3353 1521 3494 1574 κατὰ
3541 1522 3602 1572 τὸ
3635 1524 3862 1592 εἰρημέ-

2283 1628 2404 1664 νον·
2465 1613 2559 1676 Τίς
2610 1612 2716 1681 γὰρ
2765 1611 3120 1680 ἐξεζήτησεν
3162 1613 3312 1665 αὐτὰ
3363 1615 3430 1666 ἐκ
3477 1613 3595 1666 τῶν
3645 1612 3863 1682 χειρῶν

2284 1699 2487 1768 ὑμῶνξ
2528 1701 2620 1753 καὶ
2647 1702 2706 1753 τό
2730 1719 2742 1731 ⁸
2803 1705 2878 1755 Τὰ
2929 1703 3388 1771 ὁλοκαυτώματα
3431 1719 3544 1756 σου
3600 1707 3708 1756 οὐκ
3741 1704 3856 1756 εἶσί

2283 1789 2480 1851 dextri,
2500 1790 2594 1842 καὶ
2627 1794 2686 1843 αἱ
2717 1793 2917 1845 θυσίαι
2950 1793 3114 1861 ὑμῶν
3147 1798 3257 1863 οὐχ
3290 1794 3522 1860 ἧδιισνάν
3543 1797 3856 1863 you—Kal

627 1900 745 1937 vero
795 1884 1060 1953 perfecisti
1112 1900 1250 1937 eam.
1313 1882 1622 1944 Intirmata,
1679 1879 1873 1950 inquit,
1922 1889 2005 1933 est
2056 1879 2182 1931 olim

2294 1881 2608 1948 ἠσθένησε,
2636 1882 2717 1934 σὺ
2747 1884 2814 1934 δὲ
2839 1887 3164 1951 κατηρτίσω
3190 1887 3398 1953 αὑτήν.
3440 1887 3732 1956 ἸισΟένησε
3763 1888 3864 1956 μὲν

628 1991 751 2030 cum
797 1977 937 2030 idola
981 1977 1196 2030 coleret.
1221 1973 1498 2028 Perlecisti
1542 1989 1705 2042 porro
1727 1988 1870 2038 cam,
1897 1988 1992 2041 per
2019 1987 2187 2026 evan-

628 2065 857 2132 gelicum
891 2066 1114 2118 verbum
1155 2065 1396 2118 vocando
1421 2065 1613 2131 ipsam.

700 2157 789 2210 II.
823 2155 1090 2209 Animalia
1122 2165 1209 2211 tua
1237 2155 1544 2208 habitabant
1581 2157 1634 2206 in
1662 2170 1742 2206 ea.
1795 2151 2062 2204 Animalia
2102 2152 2191 2205 hic

628 2256 786 2301 vocat
818 2263 910 2301 eos
935 2248 1025 2316 qui
1053 2247 1320 2300 viviticam
1353 2260 1532 2299 escam
1583 2245 1957 2312 degustarunt.
2000 2241 2066 2294 In
2104 2259 2186 2304 ra,

632 2338 685 2391 in
717 2354 845 2408 qua,
882 2339 985 2394 nisi
1019 2339 1073 2391 in
1102 2337 1416 2391 hmredilate
1451 2335 1657 2402 ipsius?
1689 2335 1908 2388 Parasti
1939 2333 2189 2386 indulce-

629 2429 749 2482 dine
779 2439 867 2481 tua
897 2430 1135 2497 pauperi,
1176 2428 1333 2482 Dens.
1369 2428 1570 2496 Ecquid
1614 2425 1859 2496 paravit,
1912 2424 2012 2479 nisi
2052 2423 2187 2493 quod

631 2519 812 2570 oculus
840 2535 939 2571 non
969 2519 1118 2581 vidit,
1151 2536 1238 2572 nec
1275 2523 1418 2572 auris
1449 2517 1748 2571 audivit“?
1800 2514 1931 2580 Quis
1965 2530 2186 2582 pauper,

631 2608 736 2663 nisi
765 2609 829 2666 de
869 2625 976 2680 quo
1012 2612 1186 2665 dixit:
1222 2611 1370 2662 Beati
1407 2624 1657 2677 pauperes
1686 2606 1874 2676 spiritu
1898 2647 1911 2672 ,
1943 2607 2186 2675 quoniam

630 2705 860 2771 ipsorum
889 2713 966 2756 est
993 2719 1202 2772 regnum
1229 2701 1471 2754 calorum
1498 2701 1539 2731 ’5
1564 2701 1587 2751 ?

704 2886 790 2940 12.
836 2886 1088 2940 Dominus
1117 2887 1262 2939 dabit
1313 2886 1517 2938 verbum
1547 2882 2022 2952 et'angclizantibus
2087 2882 2188 2933 vir-

633 2987 742 3030 tute
771 2979 955 3031 multa.
988 2977 1126 3047 Ipse,
1158 2978 1352 3044 inquit,
1384 2975 1586 3027 sanctis
1621 2973 1880 3040 apostolis
1903 2972 2016 3024 suis
2045 2970 2188 3023 dabit

631 3071 864 3132 verbum,
907 3079 965 3123 ut
993 3069 1197 3136 possint
1227 3063 1578 3132 hvangelium
1630 3063 1940 3131 praedicare.
2003 3060 2190 3113 Simile.

2289 1974 2490 2036 πάλαι,
2535 1975 2622 2026 ὅτε
2671 1974 3074 2045 εἰδωλολάτρει·
3117 1977 3427 2045 κατηρτίσω
3455 1979 3508 2029 δὲ
3541 1980 3738 2048 αὐτὴν,
3774 1979 3868 2030 διὰ

2287 2060 2379 2113 τοῦ
2410 2061 2758 2129 εὐαγγελικοῦ
2794 2063 3027 2126 καλέσας
3061 2065 3432 2135 κηρύγματος.

2364 2151 2438 2205 Τὰ
2466 2151 2574 2210 ζῶιὶ
2601 2169 2715 2206 σου
2747 2155 3128 2208 κατοικοῦσιν
3153 2157 3222 2208 ἐν
3253 2156 3423 2228 αὐτῇ.
3469 2159 3590 2210 liba
3621 2160 3866 2213 ἐνταῦθά.

2289 2259 2417 2310 φησι
2451 2241 2573 2305 τοὺς
2605 2242 2706 2311 τῆς
2749 2243 3009 2306 ζωοποιοῦ
3042 2247 3243 2316 τροφῆς
3274 2248 3680 2318 μετειληφότας.
3761 2253 3868 2304 Ἑν

2286 2334 2439 2401 αὐτῇ
2465 2334 2541 2394 δὲ,
2597 2335 2761 2405 τίνιῆ
2798 2338 2863 2406 τῇ
2898 2335 3229 2408 κληρονομία
3266 2338 3462 2400 αὐτοῦς
3502 2339 3858 2408 ἰιτειξμασας

2285 2425 2356 2477 ἐν
2379 2423 2453 2491 τῇ
2480 2426 2841 2492 χρηστότητι
2874 2442 2988 2478 σου
3014 2425 3094 2489 τῷ
3126 2427 3357 2495 πτωχῷ,
3393 2432 3422 2481 ό
3455 2429 3616 2492 Θεός.
3675 2431 3785 2482 Καὶ
3811 2433 3867 2482 τί

2289 2515 2579 2583 ἡτοίμασεν
2640 2515 2672 2583 ἢ
2713 2514 2750 2566 (ἲ
2785 2516 3090 2584 ὀφθαλμὸς
3123 2520 3231 2571 οὐκ
3290 2515 3410 2572 εἶδε
3461 2520 3555 2572 καὶ
3590 2515 3700 2585 οῦς
3749 2524 3866 2574 οὐκ

2288 2603 2548 2670 ἤκουσα
2579 2605 2672 2668 Τίς
2700 2604 2756 2658 δὲ
2778 2607 2806 2657 6
2827 2605 3040 2675 πτωχὸς
3069 2607 3101 2678 ἦ
3131 2609 3259 2678 περὶ
3310 2601 3385 2662 ὧν
3411 2609 3595 2680 εἴρηκε
3617 2649 3632 2674 ,
3657 2610 3868 2664 Μακά-

2281 2713 2400 2762 ριοι
2431 2699 2485 2749 οἱ
2513 2696 2732 2764 πτωχοί
2767 2695 2846 2760 τῷ
2893 2699 3179 2767 πνεύματι
3201 2738 3216 2762 ,
3273 2700 3362 2751 ὅτι
3391 2701 3587 2754 αὐτῶν
3616 2703 3654 2768 ἠ
3683 2703 3870 2764 ,βασι-

2287 2788 2420 2840 λειά
2444 2785 2562 2838 τῶν
2589 2785 2858 2855 οὐρανῶν
2879 2803 2896 2850 ;

2360 2879 2573 2946 Κύριος
2603 2877 2781 2932 δώσει
2812 2878 2977 2947 ῥῆμα
3009 2879 3130 2945 τοῖς
3179 2883 3726 2954 εὐαγγελιζτμένοις
3759 2885 3871 2939 δυ-

2288 2967 2458 3037 νάμει
2486 2969 2703 3037 πολλῇ.
2753 2969 2922 3033 Αὐτὸς
2943 3013 2958 3037 ,
3001 2973 3132 3041 φησὶ
3158 3011 3172 3034 ,
3203 2975 3313 3036 τοῖς
3343 2975 3517 3042 ἁγίοις
3545 2977 3873 3041 ἀποστόλοις

2291 3057 2451 3110 αὐτοῦ
2474 3057 2648 3111 δώσει
2675 3058 2859 3128 ῥῆμα,
2890 3064 2967 3121 εἰς
2991 3062 3050 3114 τὸ
3075 3062 3329 3116 δύνασθαι
3355 3063 3584 3137 κηρύξαι
3606 3067 3666 3120 τὸ
3688 3069 3874 3136 Εὐαγ-

633 3171 814 3214 autcm
848 3171 933 3214 est
963 3159 1093 3213 illud
1125 3175 1139 3211 :
1176 3157 1353 3210 Nolite
1396 3157 1627 3225 cogitare
1657 3156 1913 3225 quomodo
1948 3163 2038 3205 aut
2066 3153 2187 3221 quid

2294 3148 2489 3216 γέλιον.
2524 3150 2743 3220 Ὅμοιον
2770 3152 2824 3205 δὲ
2849 3155 2939 3205 τόο
2987 3154 3081 3220 Μὴ
3110 3157 3515 3224 μεριμνήσητε
3547 3161 3604 3212 τί
3635 3161 3873 3228 εἴπητε,

635 3253 922 3320 loquamini
951 3265 968 3303 :
998 3250 1212 3304 dabitur
1239 3252 1375 3303 enim
1403 3253 1542 3303 vobis
1573 3251 1629 3301 in
1662 3247 1759 3301 illa
1789 3249 1919 3300 liora
1952 3245 2075 3316 quid
2107 3245 2189 3297 lo-

634 3342 888 3410 quamini.
922 3339 1043 3393 Non
1067 3341 1201 3394 enim
1230 3357 1316 3393 vos
1347 3339 1473 3393 estis
1502 3340 1590 3406 qui
1623 3337 1918 3406 loquimini.
1954 3338 2042 3389 sed
2075 3334 2194 3406 Spi-

636 3434 771 3487 ritus
801 3432 979 3486 Patris
1005 3432 1106 3485 mei
1139 3434 1226 3502 qui
1257 3432 1488 3501 loquitur
1528 3432 1580 3483 in
1606 3431 1746 3483 vobis
1764 3430 1828 3482 ".
1884 3430 2015 3483 Illud
2038 3469 2051 3492 τ
2089 3431 2193 3482 rir-

637 3534 744 3579 tute
772 3524 937 3576 multa
959 3567 972 3586 ,
1027 3523 1258 3578 refertur
1284 3523 1350 3576 ad
1393 3524 1505 3577 hmc
1539 3522 1697 3574 verba
1718 3561 1733 3586 ,
1766 3520 2020 3573 Dominus
2048 3523 2195 3574 dabit

635 3615 845 3669 verbum
867 3655 882 3678 ,
929 3629 1036 3667 non
1060 3622 1239 3668 autem
1268 3613 1331 3667 ad
1369 3612 1536 3677 illud,
1587 3611 2060 3680 evangelizantibus
2087 3653 2101 3676 ,
2139 3620 2198 3665 ut

635 3707 853 3776 quidam
885 3706 1238 3760 aestimarunt.
1295 3705 1574 3774 Signiﬁcat
1602 3705 1743 3760 enim
1764 3745 1779 3769 ,
1824 3705 1969 3775 quod
2003 3719 2194 3774 magna

637 3798 834 3851 virtute
864 3794 1006 3849 Deus
1031 3795 1252 3849 verbum
1297 3795 1522 3850 daturus
1569 3795 1640 3848 sit
1683 3793 2195 3864 evangelizantibus,

639 3888 692 3942 id
724 3896 837 3950 est,
888 3887 956 3942 iis
1004 3886 1096 3957 qui
1136 3886 1404 3940 voluerint
1438 3886 1580 3940 bona
1623 3893 1808 3939 nostra
1855 3885 2196 3946 annuntiare,

639 3979 756 4048 ipse
787 3991 1092 4033 sermonem
1119 3977 1319 4046 praebet
1338 4015 1354 4039 ,
1394 3977 1488 4045 qui
1521 3976 1923 4045 evangelizandi
1954 3977 2197 4029 occasio-

640 4085 764 4125 nem
793 4070 960 4124 dedit.

711 4161 796 4215 I5.
841 4159 951 4214 Rea:
975 4159 1226 4213 virtutum
1271 4156 1470 4212 dilecti.
1535 4156 1651 4226 Ipse.
1697 4157 1902 4211 scilicet
1937 4155 2200 4210 Dominus

642 4251 735 4323 qui
763 4251 910 4307 dedit
933 4251 1153 4306 verbum
1186 4251 1524 4304 initiantibus
1553 4268 1564 4302 :
1599 4250 1713 4318 ipse
1743 4263 1975 4317 namque
1996 4257 2080 4302 est
2107 4262 2198 4301 rex

643 4343 826 4399 dilecti
875 4342 1098 4412 populi:
1142 4342 1255 4410 ipse
1294 4341 1420 4393 item
1453 4349 1538 4393 cst
1584 4339 1756 4392 virtus
1797 4338 1934 4406 ejus.
2001 4336 2201 4405 Speciei

643 4434 830 4488 domus
863 4433 1092 4486 dividere
1123 4431 1311 4499 spolia.
1340 4430 1543 4484 Domus
1575 4438 1702 4484 sunt
1725 4444 1819 4499 qui
1845 4429 1896 4482 in
1920 4427 2198 4482 Christum

2295 3241 2328 3305 ἣ
2354 3241 2410 3292 τί
2440 3241 2750 3309 λαλήσητε
2771 3262 2783 3273 ·
2818 3243 3135 3310 δοθήσεται
3159 3247 3268 3314 γὰρ
3296 3250 3437 3317 ὑμῖν
3466 3253 3534 3303 ἐν
3563 3253 3765 3321 ἐκείνῃ
3793 3254 3876 3323 τῇ

2292 3330 2412 3401 ὥρᾳ
2436 3335 2490 3386 τί
2524 3334 2744 3402 εἴπητε.
2777 3337 2882 3389 Καὶ
2913 3338 3023 3405 οὐχ
3061 3337 3230 3404 ὑμεῖς
3261 3340 3400 3392 ἐστε
3427 3344 3480 3393 ot
3512 3344 3874 3410 λαλοῦντες,

2294 3426 2451 3476 ἀλλὰ
2480 3424 2546 3476 τὸ
2577 3426 2816 3493 Πνεῦμα
2864 3426 2968 3480 τοῦ
3001 3430 3229 3496 Πατρός
3256 3447 3373 3498 μου
3415 3430 3482 3484 τὸ
3519 3435 3755 3487 λαλοῦν
3801 3436 3878 3488 ἐν

2295 3512 2453 3580 ὑμῖν.
2495 3513 2599 3576 Τὸ,
2633 3513 2878 3576 δυνάμει
2907 3517 3130 3586 πολλῇ,
3156 3519 3291 3590 πρὸς
3317 3521 3398 3586 τὸ,
3432 3522 3645 3590 Κύριος
3692 3523 3879 3578 δώσει

2288 3602 2473 3671 ῥῆμα,
2508 3604 2569 3655 οὐ
2600 3605 2732 3673 πρὸς
2757 3606 2837 3670 τὸ,
2879 3609 3441 3680 εὐαγγελιζομένοις,
3475 3612 3549 3677 ὣς
3579 3631 3726 3679 τινες
3752 3618 3875 3670 ἐνόο

2299 3713 2481 3765 μισαν.
2507 3696 2761 3750 Βούλεται
2795 3697 2902 3768 γὰρ
2929 3700 3121 3763 εἰπεῖν,
3152 3701 3234 3752 ὅτι
3259 3703 3394 3771 μετὰ
3428 3704 3701 3774 πολλῆς’ὁ
3738 3707 3880 3771 Θεὸς

2297 3787 2394 3864 τῆς
2429 3789 2610 3856 ἰσχύος
2639 3787 2797 3841 δώσει
2827 3789 2974 3859 ρἧα
3003 3792 3113 3854 τοῖς
3145 3791 3675 3864 εὐαγγελιζομένοις,
3712 3813 3877 3851 τουτ-

2299 3876 2436 3940 ἐστι,
2469 3877 2562 3929 τοῦ
2593 3878 2927 3947 διαγγέλλειν
2954 3879 3020 3934 τὰ
3038 3881 3277 3953 ἡμέτερα
3299 3883 3479 3953 ἀγαθὰ
3499 3885 3876 3958 βουλομένοις,

2299 3966 2459 4029 αὐτὸς
2482 3968 2709 4039 παρέχει
2730 3969 2821 4022 τὸν
2842 3969 3016 4038 λόγον,
3035 3974 3062 4025 6
3084 3973 3177 4026 καὶ
3204 3973 3299 4045 τὴν
3321 3975 3574 4048 ἀφορμὴν
3592 3979 3687 4032 τοῦ
3711 3980 3880 4050 εὐαγ-

2299 4057 2638 4125 γελίσασοαι.

2380 4151 2442 4201 '0
2463 4150 2762 4215 βασιλεὺς
2786 4151 2902 4205 τῶν
2920 4153 3229 4221 δυνάμεων
3254 4155 3360 4208 τοῦ
3387 4158 3714 4225 ἀγαπητοῦ.
3764 4161 3878 4214 Αὐ-

2299 4242 2388 4306 τὸς
2419 4243 2623 4313 Κύριος
2650 4245 2679 4295 6
2708 4244 2881 4306 διδοὺς
2916 4245 3063 4315 ῥῆμα
3099 4249 3211 4308 τοῖς
3247 4253 3656 4316 μυσταγωγοῖς·
3708 4252 3878 4317 αὐτὸς

2301 4335 2406 4404 γάρ
2454 4336 2597 4388 ἐστιν
2625 4336 2654 4387 6
2688 4335 2937 4404 βασιλεὺς
2966 4337 3058 4390 τοῦ
3085 4339 3370 4408 ἀγαπητοῦ
3400 4340 3528 4393 λαοῦ
3550 4357 3564 4372 ·
3618 4342 3783 4406 αὐτὸς
3814 4344 3878 4398 δέ

2302 4429 2415 4479 ἐστι
2433 4426 2592 4480 πάλιν
2612 4428 2644 4497 ὴ
2671 4426 2897 4496 δύναμις
2918 4428 3101 4481 αὑτοῦ.
3139 4429 3217 4498 Τῇ
3238 4432 3541 4498 ὠραιότητι
3571 4433 3676 4486 τοῦ
3700 4435 3876 4491 οἷκου

644 4526 988 4582 crediderunt
1017 4545 1030 4578 :
1067 4524 1272 4594 species
1296 4529 1476 4575 autem
1515 4523 1709 4577 domus
1729 4559 1744 4585 ,
1777 4519 1947 4575 sancti
1972 4519 2090 4589 ejus
2117 4518 2200 4571 di-

2302 4517 2602 4572 διελέσθαι
2649 4520 2868 4574 σκῦλα.
2916 4516 3079 4583 Οἶκος
3129 4521 3226 4590 μὲν
3266 4523 3314 4574 ol
3355 4521 3741 4588 πιστεύσαντες
3794 4529 3879 4590 εἰς

646 4617 838 4686 scipuli
869 4624 923 4670 ct
951 4615 1200 4685 apostoli.
1239 4614 1328 4666 Ait
1362 4612 1543 4682 igitur,
1579 4627 1703 4667 cum
1731 4611 2079 4682 evangelistis
2104 4610 2202 4664 da-

648 4717 827 4761 turum
854 4723 975 4762 esse
1013 4705 1271 4767 verbum,
1326 4713 1386 4758 ut
1421 4703 1661 4757 dividant
1687 4703 1859 4772 spolia
1885 4741 1898 4763 ,
1952 4702 2004 4755 id
2029 4709 2115 4755 est
2146 4708 2205 4754 ut

649 4798 865 4853 trahant
889 4806 1074 4865 gentes
1102 4796 1168 4851 ad
1197 4796 1374 4858 tidem,
1415 4803 1468 4848 et
1491 4794 1787 4864 cxspolient
1812 4793 2089 4848 Satanam.

723 5067 808 5119 Η.
851 5065 909 5119 Si
934 5063 1205 5118 dormiatis
1243 5067 1376 5116 inter
1413 5066 1609 5117 medios
1640 5064 1826 5117 cleros.
1877 5064 1954 5116 Ad
1989 5073 2206 5119 sanctos

653 5158 926 5228 apostolos
951 5171 1130 5210 sermo
1157 5155 1406 5210 reicitur.
1456 5156 1547 5221 Si,
1579 5155 1786 5225 inquit,
1819 5169 1918 5208 vos
1941 5156 2208 5225 accipiant

654 5247 804 5303 cieri.
834 5245 1019 5301 Cleros
1045 5255 1222 5302 autem
1247 5255 1399 5300 vocat
1423 5262 1517 5301 eos
1559 5247 1652 5316 qui
1688 5262 1754 5299 ex
1781 5245 1994 5301 duobus
2032 5262 2206 5315 popu-

657 5341 724 5395 lis
743 5337 1016 5396 credidere
1043 5356 1054 5390 :
1087 5339 1132 5392 si
1168 5339 1218 5392 in
1258 5338 1391 5408 ipsis
1421 5338 1660 5407 requiem
1691 5337 1933 5391 habeatis
1955 5378 1968 5401 ,
1993 5338 2206 5391 dabun-

660 5440 746 5484 tur
771 5432 849 5486 eis
869 5444 1047 5498 penna:
1078 5429 1351 5494 columbaz,
1384 5428 1531 5496 cujus
1553 5428 1847 5497 posteriora
1882 5429 2026 5481 dorsi
2052 5427 2212 5480 deau-

661 5531 779 5573 rata
810 5532 981 5574 erunt.
1015 5519 1102 5573 Ait
1140 5529 1312 5574 autem
1354 5521 1615 5590 Spiritum
1659 5529 1910 5574 sanctum
1962 5529 2212 5588 acceptu-

663 5627 753 5667 ros
774 5626 891 5665 esse
916 5612 1005 5682 qui
1031 5610 1303 5681 apostolos
1329 5611 1648 5680 receperint.
1699 5609 2028 5679 Μετὰφρενα
2063 5624 2210 5675 vero,

732 5798 772 5828 ’⁸
805 5793 1114 5857 I’sal.r.xxr,
1159 5794 1210 5849 6.
1269 5797 1312 5827 "
1343 5795 1447 5848 lsa.
1490 5810 1528 5858 ι,
1559 5795 1646 5848 12.
1717 5794 1760 5824 ’³
1788 5792 1985 5850 Jerem.
2026 5810 2098 5859 vr,
2140 5794 2230 5868 20.

2301 4611 2559 4680 Χριστόν·
2605 4610 2871 4681 ὠραιότης
2905 4610 2962 4663 δὲ
2988 4610 3082 4663 τοῦ
3117 4612 3262 4666 οἴκου
3293 4616 3341 4666 oi
3375 4613 3516 4682 ἅγιοι
3551 4617 3715 4670 αὐτοῦ
3772 4635 3880 4686 μα-

2303 4701 2462 4772 θηταὶ
2488 4703 2582 4756 καὶ
2605 4703 2908 4756 ἀπόστολοι.
2938 4703 3100 4773 Λέγει
3127 4701 3240 4768 οὖν,
3260 4707 3340 4759 ὅτι
3366 4710 3429 4778 τῇ
3458 4709 3751 4780 ὼραιότητι
3778 4712 3878 4765 τοῦ

2303 4793 2453 4845 οἴκου
2476 4833 2490 4857 ,
2541 4794 2784 4846 τουτέστι
2812 4797 2922 4859 τοῖς
2955 4796 3385 4863 εὐαγγελισταίς,
3411 4799 3570 4862 αὐτὸς
3591 4799 3752 4853 δώσει
3781 4803 3880 4872 ρἧ

2312 4902 2414 4953 μα,
2452 4885 2580 4954 πρὸς
2613 4885 2671 4938 τὸ
2721 4885 2984 4940 διελέσθαι
3019 4888 3188 4941 σκύλα
3209 4929 3222 4947 .
3257 4891 3530 4944 τουτέστιν
3560 4891 3779 4947 ἑλκῦσαι
3808 4895 3879 4946 τὰ

2307 4975 2432 5045 ἔθνη
2460 4979 2525 5046 τῇ
2556 4977 2754 5042 πίστει,
2785 4979 2876 5032 καὶ
2907 4979 3194 5034 σκυλεῦσαι
3226 4983 3317 5035 τὸν
3349 4984 3611 5037 Σατανᾶν.

2390 5068 2531 5121 Ἐὰν
2562 5070 2879 5139 κοιμηθῆτε
2905 5073 3018 5126 ἀνὰ
3045 5074 3239 5141 μέσον
3267 5074 3385 5127 τῶν
3407 5074 3662 5142 κλήρων.
3735 5077 3880 5145 Πρὸς

2305 5159 2431 5222 τοὺς
2459 5161 2642 5227 ἁγίους
2664 5163 2986 5226 ἀποστόλους
3017 5166 3045 5217 ὀ
3069 5165 3243 5232 λόγος.
3273 5164 3416 5229 Ἐὰν,
3448 5167 3600 5236 φησὶ,
3621 5167 3880 5230 δέξωνται

2309 5251 2450 5320 ὑμᾶς
2481 5253 2530 5304 οἱ
2563 5253 2770 5323 κλῆροι.
2832 5255 3079 5325 κλήρους
3119 5256 3174 5307 δὲ
3203 5256 3328 5318 τοὺς
3373 5259 3436 5310 ἐκ
3473 5258 3581 5309 τῶν
3612 5257 3704 5309 δύο
3733 5257 3880 5310 λαῶν

2310 5341 2698 5406 πιστεύσαντας
2727 5342 2850 5413 ἔφη,
2889 5345 3012 5397 Ἐὰν
3045 5341 3157 5407 οὖν,
3191 5348 3372 5415 φησιν,
3406 5347 3789 5416 ἁναπαύσησθε
3824 5352 3882 5401 ἐν

2310 5433 2508 5495 αὐτοις,
2543 5432 2851 5502 δοοὴσονται
2878 5437 3056 5498 αὐτοῖς
3098 5436 3384 5506 πτέρυγες
3413 5437 3782 5506 περιστερᾶς,
3813 5441 3883 5492 τὰ

2305 5521 2636 5591 μετάφρενα
2671 5524 2931 5590 ἐχούσης
2975 5527 3550 5596 περικεγρυσωμένα.
3605 5529 3879 5604 Λέγειρὲ,

2310 5613 2382 5674 ὡς
2401 5614 2712 5684 Πνεύματος
2735 5617 2884 5684 ἁγίου
2910 5616 3294 5688 ἀξιωθήσονται
3321 5622 3367 5672 οἱ
3391 5623 3512 5684 τοὺς
3538 5624 3724 5689 ἁγίους
3750 5625 3882 5676 ἁπο-

2332 5796 2409 5848 “l
2436 5796 2558 5852 Cor.
2593 5814 2648 5858 ιι.
2681 5796 2733 5852 9.
2805 5804 2848 5832 ’³
2885 5801 3065 5857 Metili.
3103 5821 3152 5867 ν,
3183 5804 3232 5858 3.
3307 5805 3352 5836 ³⁸
3381 5805 3562 5861 Matth.
3600 5823 3654 5863 ι.
3680 5807 3764 5861 19-
3788 5809 3881 5864 9οο
