4034 6434
168 362 268 416 297

1241 359 1601 415 ΕΧΡΟΞΙἹῚΟ
1641 359 1703 412 LV
1746 357 2076 413 PSALMUM
2120 357 2322 411 LXVII.

3317 358 3422 413 ‘298

171 476 386 542 στόλους
439 476 742 548 δεξάμενοι.
801 479 1127 550 Μετάφρενα
1166 480 1221 531 δὲ
1275 481 1370 549 τῆς
1421 482 1745 550 περιστερᾶς

1849 482 1982 544 sive,
2040 481 2336 548 posteriora
2389 478 2539 532 dorsi
2595 479 2902 545 columbae,
2959 479 3216 535 deaurata
3266 481 3418 542 dicit,

169 569 561 637 κεχρυσωμένα
583 568 734 637 φησὶ,
764 567 897 619 διότι
931 569 1118 637 τιμίας
1141 570 1258 638 ἤτοι
1294 569 1460 637 σοφὰς
1489 569 1586 632 τὰς
1621 570 1749 638 φρέ-

166 676 257 721 νας
289 658 398 710 τῶν
429 657 737 730 δεξαμένων
766 663 927 713 ποιεῖ.

248 750 352 803 Ἐν
386 749 465 814 τῷ
493 750 878 804 διαστέλλειν
911 751 1018 804 τὸν
1065 752 1424 821 ἐπουράνιον
1467 754 1751 820 βασιλεῖς

164 840 254 892 ἐπ’
285 841 498 908 αὐτῆς.
559 842 806 905 Βασιλεῖς
838 842 939 912 μὲν
967 844 1092 905 τοὺς
1123 843 1394 913 ἄρξαντας
1420 845 1750 909 ἀποστόλους

163 931 260 1000 τῆς
313 931 680 1002 κληρονομίας
721 934 885 986 αὐτοῦ
939 950 1089 1003 φησι.
1142 936 1622 1003 Χιονωθήσονται
1669 937 1748 998 δὲ,

165 1021 285 1073 ἀντὶ
311 1021 425 1084 τοῦ,
443 1023 1004 1094 ἀποκαθαρθήσονται.
1047 1025 1147 1078 Ἐν
1167 1025 1411 1094 Σελμὼν
1436 1027 1512 1089 δὲ,
1541 1030 1598 1080 ὲν
1622 1029 1750 1079 ἀντ-

164 1115 437 1180 αποδόσει,
497 1117 878 1186 ἑρμηνεύεται.
931 1117 1092 1184 Λέγει
1121 1114 1234 1180 οὖν,
1271 1118 1351 1170 ὅτι
1387 1120 1435 1170 οἱ
1465 1120 1748 1190 δεξάμενοι

163 1214 287 1275 τοὺς
318 1214 508 1280 ἁγίους
554 1213 883 1276 ἀποστόλους
928 1212 1025 1274 τὰς
1079 1211 1230 1282 παρά
1279 1212 1373 1265 τοῦ
1429 1215 1748 1285 ἐπουρανίου

165 1306 427 1375 βασιλέως
453 1307 870 1369 ἀνταποδόσεις,
908 1308 1024 1377 ἦτοι
1068 1306 1303 1376 ἀμοιϐὰς
1325 1347 1339 1370 ,
1385 1305 1621 1372 δέξονται
1653 1307 1749 1376 τῆς

163 1399 452 1469 ὑποδοχῆς,
488 1398 577 1451 τὸν
610 1399 892 1470 καθαρμὸν
923 1398 1031 1452 τῶν
1058 1399 1358 1471 ἁμαρτιῶν.

235 1490 415 1556 Ὄρος
456 1488 562 1542 τοῦ
597 1491 746 1543 Θεοῦ
781 1490 920 1558 ὅρος
953 1491 1110 1544 πῖον.
1151 1493 1312 1561 Ὄρος
1349 1491 1446 1560 μὲν
1478 1491 1577 1562 τὴν
1624 1491 1747 1543 Ἐκ-

161 1581 390 1651 κλησίαν
415 1581 702 1651 ὀνομάζει,
737 1585 856 1634 πῖον
894 1584 949 1635 δὲ
971 1623 984 1643 ,
1013 1585 1092 1636 ὅτι
1136 1584 1428 1654 εὐτραφεῖς
1459 1585 1552 1636 καὶ
1579 1583 1743 1636 λιπα-

161 1673 262 1742 ράς
286 1672 396 1724 τῶν
425 1675 483 1724 ἐν
510 1674 644 1743 αὐτῇ
673 1674 770 1734 τὰς
795 1674 970 1744 ψυχὰς
1001 1674 1395 1746 ἀπεργάζεται.
1451 1678 1626 1743 Ὄρος
1653 1693 1742 1728 τε·

159 1763 530 1833 τυρωμένονς
567 1765 702 1833 ὄρος
731 1764 900 1818 πῖονο
934 1767 1033 1818 ἵνα
1071 1769 1129 1820 τί
1159 1768 1609 1836 ὑπολαμϐάνετε
1640 1769 1743 1836 ὄρη

1853 572 1980 638 quia
2013 571 2276 639 pretiosas
2315 580 2370 624 et
2415 572 2685 640 sapientes
2713 571 2912 640 φρένας
2951 585 3047 627 seu
3090 583 3299 627 mentes
3327 588 3410 624 eo-

1856 677 1976 715 rum
2007 661 2100 730 qui
2128 663 2434 730 acceperint
2477 661 2737 717 efﬁciunt.

1915 754 2002 809 15.
2042 754 2180 806 Dum
2210 756 2454 808 discernit
2481 756 2700 807 cwlestis
2737 769 2875 822 reges
2909 769 3063 822 super
3083 769 3222 807 eam.
3252 753 3423 823 Reges

1850 857 2008 901 vocat
2046 848 2322 916 apostolos
2382 849 2680 901 haereditati
2724 863 2839 902 sua:
2891 841 3236 915 imperantes.
3292 846 3424 900 Nive

1851 939 2256 1001 dealbabuntur,
2294 942 2448 1009 quasi
2483 941 2626 994 dicat
2659 940 3038 1010 purgabuntur
3067 959 3080 994 :
3115 938 3179 993 In
3210 938 3418 994 Selnwn

1853 1032 2235 1100 interpretitur
2261 1034 2315 1084 in
2351 1033 2710 1085 retributione.
2731 1031 2823 1084 Ait
2855 1031 3017 1101 igitur
3039 1046 3134 1085 eos
3169 1031 3260 1100 qui
3298 1047 3422 1086 san-

1852 1133 1968 1177 ctos
1999 1125 2275 1192 apostolos
2302 1125 2623 1193 receperint,
2666 1139 2696 1177 a
2722 1124 2928 1177 cmlesti
2964 1140 3087 1195 rege
3109 1125 3419 1178 retributio-

1854 1229 1970 1277 nes,
2001 1214 2115 1268 sive
2162 1215 2382 1282 praemia
2426 1226 2763 1284 accepturos,
2808 1216 3016 1270 scilicet
3050 1217 3418 1286 purgationem

1852 1319 2219 1374 peccatorum.

1923 1488 2008 1541 16.
2050 1489 2198 1542 Mons
2233 1489 2359 1555 Dei,
2393 1506 2538 1542 ntons
2586 1491 2820 1560 pinguis.
2856 1489 3090 1544 Montem
3136 1501 3293 1544 vocat
3321 1487 3418 1543 Ec-

1851 1580 2068 1634 clesium
2092 1599 2103 1633 :
2137 1581 2389 1651 pinguem
2411 1581 2562 1645 dicit,
2596 1582 2725 1649 quia
2749 1582 2974 1650 pingues
2994 1593 3043 1634 et
3067 1582 3278 1649 opimas
3301 1583 3420 1634 red—

1851 1671 1930 1725 dit
1966 1671 2178 1725 animas
2211 1687 2331 1741 qua:
2371 1673 2422 1724 in
2472 1673 2561 1726 illa
2602 1672 2823 1742 degunt.
2874 1672 3028 1725 Mons
3075 1675 3415 1741 coagulatus.

1853 1778 2000 1815 mons
2056 1764 2285 1832 pinguis,
2317 1765 2500 1834 utquid
2547 1766 2884 1834 suspicamini
2932 1775 3127 1818 montes
3174 1767 3414 1836 coagula-

157 1856 563 1926 τετυρωμένα;
628 1859 737 1910 Καὶ
787 1857 892 1929 μὴν
942 1859 1036 1912 καὶ
1064 1861 1474 1930 τετυρωμένον,
1500 1861 1743 1912 τουτέστι

1849 1858 1968 1907 tos?
1995 1854 2374 1924 Coagulatum,
2403 1865 2486 1909 est
2531 1856 2669 1910 lacte
2698 1858 2937 1926 plenum.
2965 1857 3298 1925 simpliciore
3339 1873 3415 1908 vi-

157 1949 429 2016 γάλακτος
480 1949 675 2018 μεστὸν
694 1989 707 2011 ,
739 1948 1107 2020 ἀπλουστέρου
1137 1950 1336 2021 δηλαδὴ
1367 1951 1522 2018 λόγου
1544 1993 1558 2015 ,
1600 1951 1742 2005 κατά

157 2040 246 2091 τό·
283 2037 454 2092 Γάλα
477 2038 633 2106 ὑμᾶς
668 2039 950 2100 ἐπότισα,
981 2041 1051 2091 οὐ
1075 2037 1306 2108 βρῶμα.
1366 2040 1624 2110 Ἐπιτιμᾷ
1652 2036 1744 2092 οὖν

155 2134 269 2192 τοῖς
300 2129 399 2191 τὰς
439 2129 548 2180 τῶν
599 2129 887 2198 αἱρετικῶν
943 2129 1238 2199 ἐκκλησίας
1273 2130 1745 2200 ὑπολαμϐάνουσιν

156 2218 298 2276 εἶναι
329 2221 734 2291 τετυρωμένας.
787 2220 950 2274 Οὐδὲν
984 2221 1092 2290 γὰρ
1118 2222 1176 2273 ὲν
1208 2223 1396 2284 αὑταῖς
1427 2223 1486 2275 τὸ
1509 2222 1743 2291 δυνάμε-

157 2327 248 2362 νον
280 2309 497 2380 τρέφειν
525 2312 603 2373 είς
625 2309 735 2374 ἕξιν
759 2312 1154 2383 πνευματικήν.
1190 2312 1306 2364 Ἵνα
1334 2313 1384 2363 τί
1409 2313 1585 2364 τοίνυν
1615 2313 1746 2363 ὑπο-

156 2399 486 2471 λαμϐάνετε,
508 2394 553 2452 ὧ
584 2394 751 2465 οὗτοι,
781 2403 944 2472 ’ἐτερα
967 2401 1064 2472 ὅρη
1097 2397 1235 2454 εἶναι
1263 2401 1366 2466 ἔξω
1389 2401 1484 2469 τῆς
1518 2399 1744 2470 Ἐκκλη-

158 2494 280 2555 σίας
301 2492 672 2562 τετυριωμένα,
699 2495 793 2545 καὶ
819 2493 892 2563 μὴ
922 2494 1119 2563 μᾶλλον
1148 2490 1303 2543 τοῦτο
1329 2492 1488 2560 μόνον
1512 2491 1572 2544 τὸ
1598 2492 1742 2562 ὅρος,

154 2586 227 2638 ἐν
275 2578 324 2650 ᾧ
375 2588 407 2638 ό
445 2583 590 2649 Θεὸς
640 2583 987 2652 ηὐδόκησεν
1022 2581 1379 2650 κατοικῆσαι
1429 2583 1499 2636 ἐν
1550 2582 1747 2648 αὐτῷ;

163 2678 282 2730 ’ὃτι
307 2676 414 2747 γὰρ
451 2679 507 2729 ὲν
535 2679 601 2748 τῇ
648 2675 946 2746 Ἐκκλησία
977 2678 1240 2739 κατοικεῖ,
1276 2674 1433 2744 δῆλον
1461 2676 1518 2741 ἐξ
1547 2668 1622 2728 ὧν
1648 2676 1746 2728 αὑ-

155 2770 250 2832 τὸς
286 2768 390 2837 ἔφη
411 2785 425 2799 ·
452 2761 591 2820 Ὧδε
620 2766 958 2832 κατοικήσει)
980 2807 994 2830 ,
1025 2766 1114 2818 ὅτι
1146 2765 1510 2834 ᾐρετισάμην
1533 2765 1744 2831 αὑτήν.

236 2861 306 2914 Τὸ
333 2860 489 2930 ᾶρμα
513 2859 619 2912 τοῦ
654 2860 801 2913 Θεοῦ
828 2858 1278 2927 μυριοπλάσιον
1302 2897 1315 2920 ,
1349 2856 1613 2924 χιλιάδες
1650 2859 1747 2909 εὑ-

158 2955 526 3021 θηνούντων.
599 2952 790 3022 ’Ἄρμα
829 2949 922 3003 τοῦ
949 2949 1084 3002 Θεοῦ
1112 2949 1209 3013 τάς
1256 2949 1606 3019 ὲπουρανίους
1652 2948 1744 2999 καὶ

157 3045 354 3116 νοητὰς
376 3044 633 3114 δυνάμεις
657 3043 843 3114 φησὶν,
875 3039 962 3104 αἷς
988 3044 1262 3113 ἐποχεῖται
1279 3043 1306 3094 6
1332 3040 1484 3103 Θεός.
1519 3041 1741 3111 Ὅμοιον

156 3139 212 3192 δὲ
235 3138 312 3209 τῷ
333 3137 637 3210 εἰρημένῳ·
668 3138 863 3190 Χίλιαι
887 3135 1152 3204 χιλιάδες
1182 3135 1604 3202 ἐλειτούργουν
1637 3135 1741 3185 αὺ-

1848 1945 2044 1999 delicet
2081 1959 2354 2008 sermone,
2380 1943 2536 2012 juxta
2581 1945 2710 1999 illud
2743 1965 2756 1999 :
2787 1944 2946 1997 Lacte
2971 1961 3057 1997 vos
3089 1945 3287 2011 potavi,
3320 1959 3420 1996 non

1846 2037 1958 2091 cibo
1981 2038 2047 2091 ’⁷.
2074 2036 2334 2106 Objurgat
2373 2037 2554 2105 itaque
2584 2051 2679 2090 eos
2715 2038 2810 2106 qui
2845 2039 3226 2091 haereticorum
3254 2037 3421 2091 eccle-

1848 2132 1958 2184 sias
1981 2129 2295 2198 coagulatas
2325 2144 2444 2183 esse
2469 2127 2841 2196 suspicantur.
2869 2126 3014 2180 Nihil
3042 2129 3240 2198 quippe
3281 2130 3424 2182 inest

1847 2223 1926 2274 eis
1965 2222 2110 2290 quod
2159 2221 2302 2275 alere
2350 2222 2522 2289 possit
2553 2221 2618 2273 ad
2667 2220 3002 2288 spiritualem
3050 2221 3237 2273 vitam.
3278 2218 3424 2272 Heus

1849 2310 2114 2379 vos,quid
2147 2311 2501 2379 suspicamini
2523 2310 2660 2364 alios
2688 2320 2841 2364 extra
2875 2309 3174 2365 Ecclesium
3208 2321 3423 2366 montes

1847 2418 1969 2456 esse
1992 2403 2329 2472 coagulatos,
2363 2413 2414 2456 et
2449 2417 2553 2455 non
2587 2402 2766 2472 potius
2790 2413 3030 2456 montem
3066 2403 3216 2458 illum
3243 2403 3417 2458 solum

1851 2493 2127 2560 suspicilis
2149 2533 2163 2558 ,
2203 2495 2256 2546 in
2294 2510 2395 2562 quo
2440 2493 2819 2561 beneplucitum
2852 2501 2928 2545 est
2967 2491 3073 2544 Deo
3103 2495 3340 2546 habitare
3369 2495 3425 2544 in

1849 2587 1946 2638 eo?
1972 2585 2123 2650 Quod
2142 2586 2286 2638 enim
2310 2587 2361 2637 in
2390 2585 2626 2638 Ecclesia
2654 2584 2877 2648 habitet,
2910 2584 3082 2652 palam
3112 2594 3275 2638 estex
3303 2582 3423 2651 ejus

1853 2676 2031 2729 verbis
2059 2693 2070 2727 :
2103 2675 2205 2728 llic
2237 2676 2485 2727 Itabi.'abo
2513 2677 2760 2744 quoniam
2793 2677 2922 2744 elegi
2952 2693 3066 2728 eam
3092 2676 3157 2729 ".

1930 2857 2014 2921 18,
2045 2858 2128 2911 19.
2156 2855 2357 2912 Currus
2388 2858 2480 2912 Dei
2506 2858 2680 2911 decem
2711 2857 2941 2911 millibus
2972 2858 3267 2926 multiplex,
3299 2859 3421 2909 mil-

1846 2949 1920 3002 lia
1965 2950 2282 3012 lmtantium,
2313 2961 2415 3006 etc.
2455 2950 2688 3004 Currum
2727 2950 2820 3004 Dei
2867 2959 3025 3004 vocat
3069 2950 3322 3003 ccelcstes
3352 2965 3415 3001 ac

1848 3043 2157 3110 spirituales
2183 3045 2429 3108 virtutes,
2465 3045 2664 3112 quilms
2693 3044 2906 3096 vehitur
2932 3040 3093 3096 Deus.
3121 3041 3309 3094 Simile
3333 3051 3416 3094 est

1849 3135 1924 3189 illi
1956 3153 1968 3188 :
2005 3134 2180 3188 Millia
2207 3135 2433 3186 millium
2467 3133 2836 3185 ministrabant
2862 3135 2929 3193 ei,
2959 3144 3006 3186 et
3040 3137 3206 3187 decies
3229 3133 3417 3186 millies

156 3228 266 3294 τῷ,
318 3231 414 3283 καὶ
457 3231 662 3300 μύριαι
689 3227 976 3298 μυριάδες
1021 3225 1530 3295 παρειστήκεισαν
1560 3223 1739 3288 αὐτῷ.

1848 3231 1981 3283 dena
2011 3231 2183 3283 millia
2236 3231 2552 3283 assistebant
2586 3231 2632 3282 ei
2661 3230 2726 3282 ”.
2768 3229 2829 3281 lli
2868 3242 2993 3284 sunt
3037 3232 3125 3299 qui
3170 3232 3421 3285 laetantur

157 3317 318 3376 Οὗτοι
347 3321 402 3374 δέ
429 3322 534 3374 εισι
568 3321 660 3373 καὶ
687 3318 1060 3390 εὐθηνοῦντες,
1091 3319 1185 3370 an
1213 3315 1617 3386 ἀπηλλαγμένοι
1645 3319 1742 3386 τῆς

156 3415 453 3485 ἁμαρτίας.
509 3414 565 3466 '0
608 3403 664 3465 ἕν
690 3412 862 3479 τούτῳ
890 3406 984 3462 οὖν
1026 3409 1104 3480 τῷ
1138 3410 1345 3480 Ξιρματι
1380 3408 1743 3479 ἐποχούμενος

157 3504 268 3556 τῶν
304 3502 581 3574 μυριάδων
618 3501 779 3563 αὑτός
823 3502 969 3552 ἐστιν
1001 3502 1029 3552 6
1072 3501 1307 3570 Κύριος,
1353 3503 1380 3552 6
1431 3501 1524 3553 καὶ
1578 3502 1636 3551 ὲν
1666 3497 1743 3567 τῷ

159 3596 292 3665 Σινᾷ
319 3594 398 3664 τῷ
423 3593 564 3662 ἁγίῳ
597 3592 711 3664 ὄρει
743 3591 834 3644 τὸν
861 3591 1024 3662 νόμον
1053 3591 1195 3655 δούς.
1248 3592 1418 3654 Αὐτὸς
1446 3592 1500 3644 δὲ
1529 3591 1688 3644 πάλιν
1716 3594 1744 3644 6

156 3689 237 3750 είς
265 3685 399 3756 ὕψος
425 3684 654 3748 ἀναϐὰς,
678 3684 824 3752 λέγει
852 3684 908 3736 δὲ
936 3683 997 3736 τὸ
1020 3683 1113 3737 τοῦ
1141 3683 1395 3753 σταυροῦ,
1426 3683 1519 3734 καὶ
1543 3685 1743 3751 αἰχμα-

156 3781 435 3842 λωτεύσας
459 3777 852 3848 αἰχμαλωσίαν,
884 3776 1128 3828 τουτέστι
1157 3776 1254 3838 τὰς
1285 3775 1734 3844 αἰχμαλωτισθεί·

156 3887 258 3933 σας
314 3867 494 3938 ψυχὰς
549 3866 701 3935 παρά
745 3865 837 3917 τοῦ
890 3864 1136 3917 διαϐόλου
1169 3863 1739 3934 ἀνταιχμαλωτεύσας.

157 3960 330 4013 Τοῦτο
351 3961 459 4029 γὰρ
479 3957 640 4020 αὐτὸς
670 3956 1036 4027 ἐπηγγέλλετο
1058 3955 1231 4022 λέγων
1258 3972 1270 3986 '
1301 3957 1415 4008 "01‘
1446 3955 1512 4008 ἂν
1543 3954 1743 4024 ὑψωθῶ

155 4054 220 4103 ὲκ
256 4051 355 4121 τῆς
383 4049 511 4120 γῆς,
543 4051 748 4110 πάντας
772 4048 984 4100 ἑλκύσω
1016 4047 1152 4117 πρὸς
1185 4047 1442 4116 ἐμαυτόν.
1496 4047 1744 4112 Ἔλαϐες

153 4142 384 4212 δόματα
405 4141 476 4194 ἐν
494 4141 844 4207 ἀνθρώποις.
882 4141 992 4192 Καὶ
1021 4137 1170 4210 παρά
1193 4139 1334 4202 τίνος
1358 4138 1516 4192 ἔλαϐε
1538 4137 1744 4208 δόματα

152 4232 461 4305 ἀνθρώπων
487 4233 520 4302 ἢ
555 4231 707 4302 παρά
728 4232 822 4284 τοῦ
852 4231 1062 4301 Πατρὺς
1095 4229 1188 4283 τοῦ
1223 4232 1502 4302 εἰρηκότος
1523 4246 1536 4258 ·
1572 4230 1744 4294 Alm-

151 4337 261 4376 σαι
286 4321 421 4390 παρ’
450 4319 598 4388 ἐμοῦ
619 4358 636 4385 ,
664 4319 760 4372 καί
787 4318 958 4372 δώσω
995 4333 1092 4372 σοι
1125 4319 1269 4388 ἔθνη
1298 4320 1412 4388 τὴν
1448 4324 1741 4389 κληρονο-

148 4418 301 4485 μίαν
333 4431 452 4468 σου
475 4429 494 4477 ;

228 4508 339 4563 Καὶ
368 4509 479 4574 γὰρ
510 4507 906 4571 ἀπειθοῦντας
953 4503 1058 4558 τοῦ
1105 4502 1588 4570 κατασκηνῶσαι.
1635 4496 1724 4555 Οὗο
1777 4537 1816 4589 D

152 4619 237 4654 τοι
255 4641 268 4664 ,
297 4598 499 4670 φησὶν,
536 4601 586 4651 οἱ
623 4597 930 4668 ἄνθρωποι,
959 4595 1052 4659 οὓς
1079 4597 1269 4660 ἔλαϐες
1293 4596 1500 4665 δόματα
1523 4634 1536 4658 ,
1574 4593 1740 4646 πάλαι

151 4691 295 4765 ἦσαν
316 4689 686 4753 ἀπειθοῦντες.
725 4689 883 4742 Ἀλλά
911 4690 1004 4742 καὶ
1031 4690 1262 4754 τούτοις,
1293 4689 1445 4758 φησι,
1476 4688 1743 4757 κατεσκή-

152 4797 356 4842 νωσας.
397 4780 552 4832 Ἐστι
586 4779 641 4832 δὲ
680 4778 746 4831 δι’
781 4777 1092 4849 ὑπερϐατοῦ
1127 4780 1160 4847 ἠ
1195 4777 1423 4831 διάνοια.
1488 4778 1741 4842 Ἔλαεες

149 4870 384 4940 δόματα
424 4871 496 4924 ἐν
523 4870 881 4943 ἀνθρώποις,
920 4870 1061 4924 ὥστε
1098 4869 1519 4940 κατασκηνῶσαι
1556 4871 1612 4921 ὲν
1643 4871 1742 4922 ab-

150 4967 288 5026 τοῖς,
317 4963 558 5032 δηλονότι
591 4967 702 5027 τοῖς
727 4963 1041 5033 διδομένοις.
1079 4963 1240 5016 Αὐτοὶ
1271 4961 1329 5014 δὲ
1351 4953 1519 5024 οὗτοι,
1554 4963 1738 5032 φησιν.

151 5055 250 5120 οὓς
281 5053 471 5117 ἔλαϐες
489 5093 504 5116 ,
542 5054 706 5108 πάλαι
742 5050 879 5124 ἦσαν
903 5053 1166 5116 ἀπειθεῖς.
1196 5052 1362 5122 Δῆλον
1387 5050 1441 5102 δὲ
1459 5090 1473 5115 ,
1500 5051 1580 5103 ὅτι
1604 5092 1618 5116 ,
1653 5052 1740 5103 ὅτε

150 5150 221 5218 τῇ
253 5145 428 5200 κτίσει
463 5144 613 5215 παρά
643 5144 734 5196 τὸν
769 5143 1030 5196 κτίσαντα
1054 5142 1364 5213 ὲλάτρευον.

227 5325 441 5392 Κύριος
469 5326 503 5377 ό
557 5321 702 5386 Θεὸς
749 5321 1079 5391 εὐλογητὸς
1104 5359 1118 5382 ,
1152 5319 1480 5389 εὐλογητὸς
1528 5319 1742 5387 Κύριος

150 5415 388 5484 ἡμέραν
424 5417 552 5468 καθ’
586 5413 838 5483 ἡμέραν.
911 5414 1034 5466 Ἐπὶ
1089 5411 1310 5481 μεγάλῳ
1357 5409 1741 5480 κατορθώματι

150 5506 330 5575 ὕμνον
361 5505 674 5573 ἀναπέμπει
719 5503 797 5574 τῷ
833 5505 950 5574 Θεῷ
973 5545 988 5566 ,
1027 5507 1057 5556 6
1088 5505 1249 5576 χορὸς
1280 5504 1338 5557 δὲ
1365 5503 1606 5573 δηλονότι
1634 5501 1742 5552 τῶν

148 5598 471 5650 ἀποστόλων
540 5594 949 5650 Κατευοδώσει
980 5595 1126 5663 ἡμῖν
1155 5598 1189 5649 ό
1229 5594 1373 5662 Θεὸς
1402 5596 1522 5646 τῶν
1549 5606 1743 5662 σωτη-

227 5717 271 5745 ”
302 5714 317 5766 Ι
348 5714 476 5769 Cor.
514 5730 594 5774 ut,
627 5711 680 5765 2.
749 5714 792 5744 ’⁸
825 5712 972 5768 Psal.
993 5728 1180 5776 cum,
1209 5712 1294 5768 Η.

155 5787 200 5818 ⁸³
232 5786 394 5839 ιιι-ιη).
432 5799 469 5848 I,
497 5784 588 5838 35.

606 5879 872 5934 Parnm.
908 5874 1026 5936 Gtt.
1061 5875 1318 5934 ΧΧνιι.

1378 5714 1419 5746 η
1452 5711 1584 5765 Dan.
1621 5728 1712 5779 vn,
1760 5712 1845 5769 10.
1924 5713 1965 5744 ³ο
1991 5710 2188 5782 Ephcs.
2225 5726 2296 5773 ιν,
2327 5710 2378 5763 8.

1844 3331 2028 3392 utpote
2060 3337 2089 3376 a
2123 3335 2344 3392 peccato
2376 3322 2613 3375 liberati.
2640 3321 2740 3386 Qui
2774 3323 2874 3375 hoc
2900 3323 3162 3375 denorum
3191 3323 3418 3375 militum

1845 3430 2010 3468 curru
2037 3415 2274 3480 vehitur,
2314 3414 2579 3468 Dominus
2607 3424 2710 3480 est,
2736 3413 2829 3483 qui
2857 3422 2910 3468 et
2939 3414 2989 3467 in
3021 3423 3202 3469 monte
3233 3425 3421 3468 sancto

1848 3509 2000 3563 Sinai
2039 3509 2207 3579 legem
2257 3509 2426 3563 dedit.
2471 3510 2523 3562 Is
2566 3508 2682 3577 ipse
2716 3508 2841 3561 item
2888 3517 2970 3561 est
3007 3508 3098 3577 qui
3136 3509 3187 3560 in
3229 3509 3417 3572 altum,

1847 3602 1962 3655 sive
1990 3601 2041 3653 in
2080 3616 2297 3654 crucem
2333 3600 2664 3662 ascendens,
2700 3600 2967 3666 captivam
3006 3598 3159 3651 duxit
3195 3600 3420 3667 captivi-

1847 3703 2012 3746 tatem
2041 3695 2108 3757 ³⁸,
2145 3692 2196 3744 id
2238 3700 2322 3745 est
2363 3694 2576 3745 animas
2629 3707 2658 3744 a
2686 3691 2902 3744 diabolo
2951 3693 3002 3744 in
3051 3693 3417 3759 captivitatem

1847 3785 2038 3840 ductas
2065 3786 2178 3853 ipse
2213 3785 2405 3838 iterum
2451 3784 2612 3853 cepit.
2640 3782 2693 3836 Id
2720 3783 3013 3852 enim-ipse
3045 3785 3315 3852 pollicitus
3339 3795 3420 3838 est

1845 3879 2064 3947 quando
2109 3875 2245 3929 dixit
2277 3895 2289 3930 ι
2326 3873 2458 3928 Cum
2501 3876 2765 3928 exaltatus
2803 3875 2952 3943 {uero
2982 3892 3013 3926 a
3046 3883 3207 3938 terra,
3236 3876 3416 3927 omnia

1848 3963 2057 4015 trahant
2083 3961 2151 4014 ad
2183 3964 2432 4031 meipsum
2459 3963 2522 4014 ³¹.
2550 3964 2811 4032 Αςεερὶδιὶ
2840 3964 2978 4016 dona
3013 3964 3067 4016 in
3101 3965 3415 4018 hominibus.

1843 4055 1888 4107 Α
1915 4069 2154 4122 quonam
2192 4055 2399 4120 accepit
2433 4055 2572 4106 dona
2610 4055 2924 4108 hominibus
2972 4055 3278 4123 prtebenda,
3309 4057 3416 4110 nisi

1844 4161 1873 4199 a
1901 4143 2059 4199 Patre
2087 4147 2178 4215 qui
2211 4145 2346 4200 dixit
2370 4145 2419 4177 "
2446 4165 2458 4199 :
2490 4145 2713 4199 Postula
2734 4164 2763 4199 a
2792 4164 2869 4198 me
2897 4158 2945 4199 et
2965 4149 3098 4200 dabo
3128 4150 3222 4203 tibi
3244 4162 3416 4204 centes

1845 4237 2202 4291 Ita'reditatem
2241 4247 2382 4290 tuam
2411 4240 2434 4291 ?

1919 4491 2010 4546 ‘20.
2044 4491 2250 4545 Etenim
2297 4509 2399 4544 non
2442 4493 2705 4545 credentes
2748 4493 3061 4550 inhabitare.
3097 4495 3183 4564 lli,
3220 4497 3416 4568 inquit,

1849 4585 2116 4648 homines,
2164 4599 2302 4652 quos
2345 4584 2602 4652 accepisti
2642 4585 2694 4638 in
2726 4584 2891 4647 dona,
2937 4589 3064 4641 olim
3103 4599 3260 4644 erant
3303 4607 3411 4645 non

1844 4677 2144 4729 credentes.
2167 4675 2270 4728 Sed
2301 4674 2354 4728 in
2381 4676 2506 4742 illis,
2529 4677 2622 4741 ait,
2643 4677 2979 4733 inhabitasti.
3007 4681 3161 4747 Quod
3195 4698 3288 4752 per
3320 4684 3418 4753 hy-

1846 4769 2124 4837 perbaton,
2145 4767 2259 4822 sive
2287 4769 2776 4838 transgressionem
2800 4771 3087 4824 verborum
3117 4772 3420 4840 intelligen-

1846 4861 1997 4914 dum.
2038 4859 2289 4927 Accepisti
2321 4860 2464 4912 dona
2506 4859 2561 4911 in
2602 4859 2922 4925 hominibus,
2952 4861 3022 4914 ita
3059 4871 3118 4914 ut
3148 4862 3418 4918 inhabiles

1847 4953 1901 5006 in
1928 4953 2029 5015 eis,
2055 4951 2302 5004 videlicet
2348 4950 2398 5001 in
2429 4949 2511 5003 eis
2542 4951 2635 5019 qui
2663 4949 2778 5005 dati
2819 4963 2964 5005 sunt.
3001 4953 3039 5006 Ii
3082 4964 3260 5008 autem
3294 4957 3417 5026 ipsi,

1848 5044 1942 5105 ait,
1974 5057 2114 5112 quos
2162 5041 2441 5111 accepisti,
2473 5042 2604 5096 olim
2642 5059 2748 5097 non
2790 5045 3072 5099 credentes
3097 5059 3293 5103 erant:
3325 5065 3420 5118 pa-

1849 5137 1954 5188 lam
1988 5143 2168 5188 autem
2199 5145 2281 5188 est
2322 5134 2374 5188 id
2412 5144 2523 5188 tum
2563 5137 2827 5200 evenisse,
2863 5137 3080 5206 quando
3111 5147 3417 5195 creaturam

1849 5227 2028 5295 potius
2055 5241 2218 5294 quam
2248 5224 2558 5279 Creatorem
2591 5227 2837 5280 colebant
2860 5228 2922 5280 ³³.

1930 5319 2180 5370 Dominus
2219 5318 2353 5370 Deus
2383 5317 2701 5383 benedictus,
2739 5319 3035 5374 benedictus
3062 5319 3309 5376 Dominus
3335 5325 3420 5378 die

1849 5411 2102 5482 quotidie.
2147 5410 2229 5464 Ob
2267 5425 2380 5463 rem
2425 5412 2683 5480 prteclare
2721 5424 2927 5481 gestam
2958 5416 3216 5484 hymnum
3265 5417 3424 5472 olli-rt

1853 5504 1961 5558 Deo
1986 5503 2207 5567 chorus,
2241 5512 2299 5554 ut
2334 5503 2508 5571 palam
2537 5512 2640 5566 est,
2669 5506 3060 5573 apostolorum.
3101 5506 3421 5576 Prosperum

1851 5596 1950 5648 iter
2004 5593 2161 5662 faciet
2206 5593 2352 5646 nobis
2410 5594 2546 5648 Deus
2581 5596 2902 5649 salutarium
2948 5609 3265 5653 nostrorum.
3317 5599 3423 5662 Tn,

2467 5711 2506 5741 "
2539 5709 2697 5765 Joan.
2728 5729 2842 5779 xm,
2872 5713 2960 5766 3‘2.
3046 5713 3088 5745 "
3117 5712 3256 5767 Psal.
3284 5728 3340 5775 ιι,
3367 5711 3419 5768 8.

3071 5877 3140 5936 10
