4034 6448
143 381 232 436 301

1162 370 1523 428 ΕΧΡΟΞΙΉΟ
1563 372 1629 426 ΙΝ
1668 372 1995 431 PSALMUM
2036 377 2238 436 LXVII.

3269 350 3374 408 302

145 517 269 568 ματι
293 497 389 551 καὶ
422 493 645 564 ἀληθείᾳ
677 492 949 562 λατρείας,
983 488 1081 558 τῆς
1110 485 1469 555 εὐαγγελικῆς
1521 481 1706 552 δηλον-

1832 509 1860 554 :t
1882 500 2108 554 veritate
2127 499 2192 560 ⁸³,
2239 499 2286 550 id
2309 507 2392 552 cst
2422 495 2806 558 evangelicam.
2835 493 2898 546 In
2930 493 3096 546 medio
3120 506 3373 562 ⁸ιιιιιειιοτιι-

140 594 236 646 ότι.
287 590 383 641 Ἐν
407 586 573 656 μέσῳ
598 584 888 638 νεανίδων
909 576 1406 650 τυμπανιστριῶν.
1447 573 1706 632 Νεὰνιδάς

143 699 270 749 φησι
291 680 389 741 τὰς
417 679 502 732 διὰ
525 678 618 731 τοῦ
642 676 794 743 ἁγίου
818 672 1129 742 Πνεύματος
1162 667 1386 740 ἰσχυρὰς
1414 665 1710 735 γενομένας

141 774 243 824 τῶν
290 769 697 823 πιστευσάντων
746 766 957 835 ψυχὰς,
1004 762 1099 824 τὰς
1146 758 1599 818 κατακτυπούσας
1633 758 1711 824 τῷ

143 861 481 931 εὖαγγελικῷ
511 858 823 930 κηρύγματι
847 856 942 925 τὴν
967 855 1056 906 ὑπ’
1081 852 1323 922 οὐρανόν.
1357 846 1456 901 ’Ὧν
1483 850 1538 900 ὲν
1564 847 1711 916 μέσῳ

143 957 429 1023 γεγόνασιν
465 955 512 1006 oi
545 953 687 1019 ἆγιοι
721 949 1042 1009 ἀπόστολοι,
1083 944 1316 1016 δηλονότι
1339 942 1436 1011 τῆς
1462 939 1713 1011 λατρείας

143 1047 481 1116 ἐξάρχοντες.

222 1136 326 1188 Ἐν
357 1131 707 1197 ἐκκλησίαις
748 1123 1050 1194 εὐλογεῖτε
1084 1122 1190 1176 τὸν
1225 1121 1373 1176 Θεὸν
1403 1121 1619 1188 Κύριον
1645 1119 1713 1171 ἐκ

145 1223 349 1293 πηγῶν
386 1219 644 1287 Ἰσραήλ.
697 1220 874 1288 Πηγαὶ
908 1217 1006 1288 μὲν
1028 1215 1122 1267 τοῦ
1165 1211 1379 1284 Ἰσραὴλ
1403 1208 1511 1265 εἷεν
1560 1207 1624 1263 ἂν
1665 1210 1712 1261 οἱ

149 1314 406 1384 μακάριοι
427 1311 717 1380 προφῆται,
736 1308 829 1361 καὶ
849 1307 953 1376 πρό
975 1323 1038 1373 γε
1061 1303 1261 1357 τούτων
1287 1306 1313 1356 ὁ
1343 1303 1522 1372 νόμος.
1554 1300 1715 1367 Λέγει

146 1403 256 1469 οὖν,
286 1405 362 1466 ὡς
390 1403 606 1456 ἄλλοθεν
627 1402 684 1454 ού
710 1398 982 1469 προσῆκεν
1007 1398 1134 1467 ἡμῖν
1163 1395 1252 1447 τὸν
1278 1393 1408 1447 Θεὸν
1440 1392 1472 1464 ἢ
1506 1394 1570 1444 ἐκ
1597 1389 1718 1443 τού-

147 1516 254 1550 των
304 1493 482 1548 αὐτῶν
535 1490 865 1563 ἁρυομένους
903 1486 1233 1556 ὑμνολογεῖν.
1295 1483 1464 1536 Τοῦτο
1495 1483 1551 1534 δέ
1587 1497 1717 1550 φησι

145 1589 234 1641 διὰ
267 1586 336 1639 τὰ
366 1581 646 1654 ὲτερόδοξα
673 1581 782 1633 τῶν
815 1577 1105 1648 αἱρετικῶν
1141 1576 1560 1644 συγγράμματα.
1626 1573 1719 1623 Ἐκ

148 1679 257 1749 γίιρ
281 1678 392 1729 τῶν
432 1672 667 1744 νομικῶν
702 1672 792 1724 καὶ
834 1667 1182 1740 προφητικῶν
1213 1667 1250 1716 Γ
1259 1664 1443 1736 ραφῶν
1468 1665 1494 1715 6
1522 1662 1718 1732 Κύριος

149 1769 450 1836 εὐλογεῖται
498 1764 630 1835 πρὸς
677 1762 782 1814 τῶν
823 1759 1132 1828 δυναμένων
1175 1756 1383 1810 ἀντλεῖν
1436 1754 1495 1818 ἐξ
1543 1753 1719 1806 αὐτῶν

1807 595 1981 644 larum
2008 591 2513 658 tympanistriarum.
2533 586 2859 640 Juvcuculas
2877 584 3007 639 dicit
3034 583 3368 637 credentium

1808 682 2039 744 animas,
2082 695 2201 749 qua:
2244 694 2338 747 per
2380 676 2640 746 Spiritum
2695 683 2942 729 sanctum
2979 675 3143 727 fortes
3175 671 3374 726 effectae

1811 781 1956 835 sunt,
1986 786 2106 841 quae
2132 785 2267 824 sono
2297 769 2619 838 evangelicae
2647 765 3046 836 praedicationis
3081 763 3265 816 orbem
3299 776 3375 812 re-

1811 865 2108 934 pleverunt.
2147 862 2202 915 ln
2239 875 2471 930 quarum
2513 860 2692 913 medio
2737 856 2887 910 fuere
2924 854 3095 908 sancti
3126 851 3371 920 apostoli,

1815 963 1999 1023 utpote
2027 951 2363 1006 adorationis
2394 949 2688 1020 principes.

1891 1132 1979 1186 ΞΠ.
2016 1129 2080 1183 1η
2103 1129 2331 1183 ecclesiis
2365 1126 2644 1180 benedicite
2671 1123 2775 1176 Deo
2807 1123 3025 1176 Domino
3055 1122 3116 1174 de
3147 1118 3376 1188 fontibus

1818 1223 2006 1278 Israel.
2031 1222 2231 1276 Fontes
2265 1220 2426 1273 Israel
2452 1217 2652 1272 fuerint
2681 1215 2821 1269 beati
2854 1217 3148 1284 prophetae,
3174 1221 3225 1263 et
3256 1219 3379 1263 ante

1816 1332 1910 1370 eos
1944 1317 2049 1368 lex.
2092 1314 2226 1366 Dicit
2257 1312 2439 1380 igitur,
2477 1321 2818 1375 nequaquam
2861 1321 2958 1374 par
2994 1320 3112 1356 esse
3151 1306 3378 1371 hymnos

1818 1405 2035 1460 aliunde
2066 1416 2226 1471 quam
2271 1416 2335 1452 ex
2372 1399 2437 1451 iis
2468 1399 2690 1450 haustos
2742 1394 2935 1447 offerre
2963 1391 3094 1444 Deo.
3137 1389 3250 1443 Hoc
3279 1403 3376 1441 au-

1820 1509 1928 1554 tem
1976 1498 2050 1549 ait
2098 1503 2314 1564 propter
2364 1490 2690 1544 heterodoxa
2741 1487 3120 1540 haereticorum
3157 1483 3377 1551 scripta.

1820 1588 1894 1641 Ex
1930 1586 2193 1656 legalibus
2230 1585 2427 1651 quippe
2472 1579 2911 1648 propiteticisque
2943 1574 3241 1641 Seripturis
3278 1571 3382 1624 Do-

1820 1681 1967 1761 mino
1993 1675 2410 1731 benediciturab
2436 1672 2501 1725 iis
2526 1670 2618 1739 qui
2644 1676 2870 1738 possunt
2896 1682 2962 1719 ex
2990 1667 3095 1718 illis
3116 1680 3235 1732 quae
3258 1671 3382 1716 sunt

1811 1744 1946 1824 'fons
1977 1767 2188 1826 salutis,
2235 1777 2427 1831 aquam
2475 1775 2597 1816 cum
2654 1758 2838 1812 laetitia
2886 1756 3124 1815 haurire,
3161 1753 3227 1806 de
3274 1766 3379 1820 qua

153 1856 419 1926 σωτηρίου
453 1852 630 1921 πηγὴν
663 1850 835 1902 οὐσῶν
866 1849 980 1918 μετ’
1011 1847 1342 1916 εὐφροσύνης
1380 1844 1520 1916 ὕδωρ
1543 1883 1556 1903 ,
1593 1844 1720 1912 περὶ

1832 1861 1952 1916 dicit
1993 1858 2239 1911 Salvator
2270 1855 2315 1885 ³⁸
2342 1872 2355 1908 :
2393 1852 2496 1917 Qui
2531 1849 2711 1903 biberit
2737 1864 2801 1901 ea:
2845 1862 2984 1914 aqua
3011 1859 3166 1912 quam
3201 1859 3292 1912 ego
3315 1842 3382 1892 do

150 1943 209 2002 οὗ
243 1948 428 2012 ἔλεγεν
465 1947 493 1996 ὁ
532 1943 717 2012 Σωτήρ
739 1957 752 1970 ·
811 1941 913 2004 Ὃς
938 1938 988 1988 δ’
1019 1937 1095 1990 ἂν
1131 1937 1192 1989 πί
1202 1954 1233 2002 ῃ
1268 1937 1334 1988 ἐκ
1370 1933 1474 1986 τοῦ
1506 1932 1721 1997 ὓδατος

151 2037 223 2094 1έῦ
255 2037 370 2106 ἐγὼ
399 2034 602 2100 δίδωμι
629 2028 806 2092 αὐτῷ,
836 2030 957 2093 ἕξει
979 2030 1047 2080 ἐν
1067 2024 1256 2088 ἐαυτῷ
1282 2022 1482 2092 πηγὴν
1505 2021 1721 2085 ὕδατος

153 2126 494 2194 ἁλλομένου
539 2123 624 2185 είς
658 2118 808 2185 ζωὴν
835 2117 1090 2170 αἰώνιον.
1161 2111 1471 2178 Ἐλεγκτέον
1513 2110 1566 2162 δὲ
1600 2110 1724 2173 τοὺς

155 2214 492 2286 διαιροῦντας
534 2211 631 2280 τὴν
675 2207 915 2260 Παλαιὰν
944 2205 1036 2258 καὶ
1081 2203 1223 2257 Νέαν
1257 2201 1477 2274 Γραφὴν
1499 2241 1513 2260 ,
1553 2199 1627 2261 ὡς
1663 2198 1724 2250 ού

156 2309 407 2359 δύνανται
435 2304 492 2353 ὲν
537 2298 847 2369 ἐκκλησίαις
875 2297 1113 2364 εὐλογεῖν
1144 2295 1232 2348 τὸν
1262 2292 1422 2356 Θεὸν,
1450 2292 1548 2345 οὐκ
1576 2290 1725 2360 ἔχον-

155 2417 246 2461 τες
279 2396 378 2458 τὰς
409 2393 502 2447 τοῦ
537 2391 751 2461 Ἰσραὴλ
779 2388 979 2458 πηγὰς,
1013 2387 1130 2440 οὐδὲ
1153 2387 1243 2439 τὸν
1278 2385 1480 2457 Κύριον
1512 2382 1720 2436 αὐτῶν·

159 2493 252 2544 ᾰτε
287 2489 381 2541 καὶ
416 2487 514 2554 τὴν
548 2483 772 2552 θεότητα
805 2482 1027 2551 διαιρεῖν
1051 2479 1374 2550 τολμῶντες.

224 2578 373 2632 Ἐκεῖ
395 2575 674 2643 Βενιαμὶν
692 2571 967 2639 νεώτερος
989 2571 1057 2623 ὲν
1079 2567 1382 2622 ἐκστάσει.
1401 2565 1577 2628 Ἐκεῖ,
1603 2563 1726 2628 ποῦ,

158 2674 191 2743 ἦ
221 2674 276 2723 ὲν
309 2669 457 2740 μέσῳ
479 2666 585 2718 τῶν
610 2664 949 2732 ψαλλόντων;
993 2661 1074 2724 Γίς
1101 2660 1157 2712 δὲ
1178 2661 1210 2711 ὁ
1235 2657 1490 2727 Βενιαμὶν
1512 2656 1544 2724 ἢ
1574 2657 1602 2706 6
1631 2669 1730 2723 μα-

162 2763 350 2833 κάριος
385 2756 676 2817 ἀπόστολος
703 2753 938 2816 Παῦλος,
965 2755 992 2803 ὁ
1022 2754 1085 2803 ἐκ
1123 2750 1292 2818 φυλῆς
1324 2747 1608 2815 Βενιαμίν;
1659 2745 1731 2796 Τὸ

161 2856 217 2906 δὲ
251 2850 563 2916 νεώτερος,
605 2846 692 2897 διὰ
733 2844 792 2895 τὸ
836 2842 1057 2911 ὕστερον
1105 2839 1252 2908 αύτῷ
1281 2837 1386 2890 τῶν
1422 2835 1729 2890 ἀποστόλων

158 2945 393 3012 ἡσθῆναι
414 2940 504 2990 τὸν
535 2936 753 3005 Κύριον.
814 2935 917 2986 Ἐν
938 2930 1220 2984 ἐκστάσει
1250 2931 1306 2982 δὲ
1333 2929 1420 2982 διὰ
1441 2929 1537 2992 τὰς
1564 2930 1729 2999 ὑπερ-

160 3035 327 3095 ϐολὰς
355 3031 460 3082 τῶν
491 3023 879 3092 ἀποκαλύψεων
928 3039 1090 3092 φησι,
1143 3021 1281 3074 κατὰ
1312 3021 1372 3073 τὸ
1411 3021 1536 3092 παρ’
1568 3017 1730 3071 αὐτοῦ

1823 1953 1892 2012 ei,
1926 1949 2129 2002 habebit
2171 1949 2226 1998 in
2260 1945 2425 2013 seipso
2468 1943 2662 2010 [autem
2708 1941 2827 1993 vita:
2867 1937 3106 1990 salientis
3143 1936 3196 1987 in
3225 1934 3383 1986 vitam

1824 2052 2093 2096 teternam.
2148 2035 2486 2104 Coarguendi
2551 2043 2730 2087 autem
2797 2038 2924 2085 sunt
2989 2028 3081 2097 qui
3139 2026 3385 2081 dividunt

1827 2143 2056 2187 veterem
2093 2130 2425 2197 Scripturam
2482 2140 2511 2178 a
2554 2138 2726 2186 nova,
2773 2120 2916 2189 quod
2955 2134 3060 2172 non
3092 2117 3302 2186 possint
3332 2117 3382 2167 in

1826 2222 2069 2280 ecclesiis
2106 2218 2423 2274 benedicere
2462 2214 2590 2278 Deo,
2633 2227 2754 2266 cum
2792 2225 2898 2263 non
2941 2208 3173 2261 habeant
3211 2205 3385 2258 fontes

1827 2315 2065 2379 Israelis,
2083 2326 2257 2383 neque
2274 2307 2563 2363 Dominum
2584 2317 2791 2368 eorum,
2816 2309 2997 2369 utpote
3023 2299 3114 2367 qui
3132 2297 3383 2352 deitate-t:

1826 2406 2066 2463 dividere
2094 2418 2200 2458 non
2230 2401 2482 2455 audeant.

1899 2585 1988 2639 28.
2023 2584 2048 2637 l
2057 2586 2106 2638 bi
2127 2582 2403 2651 Benjamin
2423 2575 2841 2631 adolescentulus
2863 2575 2918 2627 in
2948 2573 3134 2626 mentis
3155 2586 3386 2625 excessu.

1831 2674 1936 2736 Ibi,
1967 2673 2185 2727 ubinam
2213 2669 2316 2723 nisi
2348 2669 2400 2721 in
2422 2667 2596 2720 medio
2622 2661 3011 2734 psallentium?
3033 2661 3166 2726 Quis
3192 2668 3272 2714 est
3295 2675 3392 2712 au-

1829 2776 1934 2820 tem
1962 2761 2260 2830 Beniamin,
2285 2757 2388 2812 nisi
2414 2757 2604 2810 beatus
2637 2753 2837 2806 Paulus
2857 2753 2949 2820 qui
2976 2766 3041 2803 ex
3073 2751 3214 2803 tribu
3247 2748 3390 2803 Ben-

1825 2854 1996 2925 jamin
2047 2851 2201 2906 erat?
2248 2847 2380 2902 Illud
2425 2857 2626 2910 autem,
2675 2841 3113 2904 adolescentulus,
3169 2840 3386 2897 dicitur.

1831 2947 1958 3016 quia
1986 2944 2084 3014 ipsi
2108 2949 2230 3012 post
2252 2941 2388 2995 alios
2414 2937 2685 3008 apostolos
2717 2935 2868 2988 visus
2893 2939 2978 2987 est
3007 2932 3292 2986 Dominus.
3326 2927 3390 2984 In

1831 3052 2040 3090 excessu
2062 3043 2237 3086 autem
2262 3031 2478 3091 dicitur,
2498 3029 2566 3081 ob
2585 3026 2966 3080 revelationum
2994 3024 3388 3085 excellentiam,

165 3123 480 3196 εἰρημένον·
518 3119 654 3171 Εἴτε
697 3115 1026 3184 ἐξέστημεν
1055 3112 1208 3178 Θεῷ,
1238 3113 1356 3166 εἴτε
1394 3109 1730 3179 σωφρονοῦ-

1832 3129 1982 3196 juxta
2011 3124 2137 3178 illud
2165 3123 2232 3175 ab
2255 3136 2320 3175 eo
2338 3121 2539 3174 dictum
2562 3137 2575 3173 :
2604 3116 2720 3170 Sive
2753 3126 2919 3170 mente
2946 3116 3239 3168 excedimus
3261 3113 3388 3176 Deo,

161 3234 278 3288 μεν
303 3215 458 3283 ὑμῖν.
487 3212 720 3271 Εἰκότως
743 3209 798 3260 δὲ
826 3206 986 3259 αὐτοῦ
1017 3205 1227 3276 πρώτου
1249 3204 1354 3257 τῶν
1381 3202 1552 3257 ἄλλων
1573 3201 1735 3269 ἐμνη-

169 3307 425 3378 μόνευσεν
444 3345 457 3366 ,
487 3303 578 3355 ἅτε
607 3296 986 3368 περισσότερον
1013 3294 1121 3345 τῶν
1152 3293 1323 3346 ἄλλων
1355 3289 1732 3349 κοπιάσαντος.

172 3402 483 3463 Ἄρχοντες
521 3391 707 3445 Ἰούδα
728 3387 1014 3455 ἡγεμόνες
1036 3381 1253 3435 αὐτῶν.
1287 3382 1576 3449 ’Ἄρχοντες
1609 3378 1736 3430 Ἰού-

165 3488 232 3542 δα
254 3486 431 3540 αὐτῶν
456 3483 560 3535 τῶν
586 3480 895 3550 ψαλλόντων
926 3474 1208 3546 ἡγεμόνες,
1240 3472 1389 3542 φησὶ,
1419 3471 1513 3523 καὶ
1540 3470 1734 3541 ἄρχον-

167 3599 260 3643 τες
290 3572 790 3649 ἐχειροτονήθησαν.
829 3568 932 3619 Ἕκ
963 3582 1021 3617 τε
1044 3564 1141 3634 τῆς
1178 3561 1344 3615 Ἰούδα
1366 3561 1536 3629 φυλῆς
1556 3601 1571 3625 ,
1595 3559 1656 3611 ἔκ
1677 3572 1735 3610 τε

169 3675 270 3740 τῆς
294 3665 595 3726 Ζαϐουλὼν,
631 3662 693 3713 ἐκ
724 3677 782 3712 τε
806 3659 903 3728 τῆς
927 3654 1257 3725 Νεφθαλείμ.
1288 3654 1398 3706 Καὶ
1422 3655 1486 3704 ἐκ
1507 3651 1604 3720 μὲν
1636 3651 1735 3701 Ζα-

169 3761 380 3817 ϐουλὼν
407 3758 497 3811 καὶ
525 3749 838 3822 Νεφθαλείμ
872 3747 1072 3817 Πέτρος
1105 3747 1197 3798 καὶ
1231 3743 1478 3814 ’Λνδρέας
1507 3743 1597 3794 καὶ
1631 3740 1736 3792 ’Ῑά-

171 3853 348 3914 κωὸος
377 3850 469 3903 καὶ
506 3847 755 3913 Ἰωάννης
777 3882 791 3902 ,
832 3839 967 3894 καθὸ
993 3838 1055 3890 τὸ
1102 3835 1428 3903 Εὑαγγέλιον
1466 3833 1643 3902 δηλοῖ·
1674 3833 1738 3883 ἐκ

168 3947 227 4000 δὲ
261 3942 428 3996 Ἰούδα
460 3942 488 3992 6
517 3936 644 3991 Λευῒ
666 3976 681 3998 ,
734 3935 850 4004 ἦτοι
901 3927 1192 3989 Ματθαῖος,
1224 3927 1316 3978 καὶ
1346 3925 1394 3976 οῑ
1426 3923 1600 3996 ἕτεροι
1631 3923 1738 3976 τῶν

166 4033 505 4093 ἀποστόλων.

1834 3226 1940 3277 sive
1967 3223 2221 3290 sapientes
2251 3233 2430 3270 smnus
2455 3214 2592 3268 vobis
2618 3213 2684 3264 ³⁷.
2709 3209 2837 3264 Jure
2860 3222 3039 3264 autem
3064 3210 3212 3262 illum
3245 3210 3394 3276 prius

1835 3331 1996 3387 quam
2037 3314 2172 3368 alios
2220 3315 2505 3369 memorat,
2541 3304 2668 3374 quia
2708 3300 3074 3356 abundantius
3102 3314 3266 3368 quam
3302 3300 3391 3352 alii

1834 3385 2118 3460 laboravit.
2169 3398 2438 3462 Principes
2482 3393 2628 3446 Juda
2674 3393 2830 3444 duces
2877 3405 3078 3442 eorum.
3114 3385 3394 3455 Principes

1835 3495 1992 3556 Juda.
2027 3489 2368 3563 psallentium
2410 3487 2597 3544 duces,
2633 3483 2828 3550 inquit,
2859 3491 2913 3534 et
2956 3479 3225 3547 principes
3263 3492 3395 3532 con-

1839 3589 2015 3647 stituti
2048 3595 2193 3640 sunt.
2224 3582 2303 3635 Ex
2329 3579 2471 3633 tribu
2507 3575 2668 3638 Juda,
2699 3589 2764 3627 ex
2802 3573 2944 3625 tribu
2979 3570 3218 3623 Zabulon
3252 3578 3306 3622 et
3330 3585 3395 3623 ex

1842 3683 1984 3737 tribu
2029 3672 2335 3745 Nephthali.
2389 3667 2453 3723 Et
2499 3684 2564 3722 ex
2605 3666 2747 3720 tribtt
2794 3663 3009 3732 quidem
3065 3659 3304 3714 Zabulon
3344 3671 3396 3713 et

1841 3769 2085 3842 Nephtali
2110 3777 2261 3822 erant
2282 3764 2491 3826 Petrus,
2516 3759 2780 3822 Andreas,
2807 3755 3043 3809 Jacobus
3068 3763 3120 3806 et
3140 3750 3394 3808 Joannes.

1842 3841 1983 3920 sicut
2006 3857 2351 3928 Evangelium
2397 3852 2637 3907 declarat
2667 3849 2732 3901 ³⁸.
2764 3846 2836 3900 Ex
2875 3845 3017 3900 tribu
3051 3842 3212 3906 Juda,
3246 3841 3394 3904 Levi,

1843 3956 1958 4010 sive
1981 3951 2284 4007 Matthmus,
2313 3954 2367 3998 et
2394 3943 2483 3995 alii
2519 3939 2770 4009 apostoli.

249 4079 570 4180 ,Επειλξην
594 4120 626 4170 δ
653 4115 816 4180 θεὸς,
846 4111 918 4179 τῇ
949 4107 1192 4178 δυνάμει
1218 4123 1351 4161 σου.
1382 4106 1618 4177 Δύναμιν
1645 4109 1730 4163 τοῦ

1909 4107 1999 4161 29.
2027 4100 2246 4157 Munda.
2280 4096 2438 4158 Deus,
2463 4091 2644 4146 virtuti
2676 4098 2798 4142 tute.
2819 4085 3084 4139 Virtutem
3105 4081 3282 4136 Patris
3303 4079 3366 4134 Fi

173 4216 389 4286 Πατρὸς
443 4214 532 4265 τὸν
577 4210 703 4263 Υἰὸν
739 4224 905 4279 φησι,
955 4204 1093 4257 κατὰ
1139 4203 1219 4256 τό’
1279 4202 1531 4270 Χριστὸς
1588 4204 1734 4257 Θεοῦ

174 4311 428 4376 δύναμις
473 4302 569 4357 καὶ
606 4300 752 4355 Θεοῦ
805 4298 1008 4367 σοφία.
1066 4293 1381 4364 Παρακαλεί
1429 4294 1608 4345 τοίνυν
1645 4293 1737 4347 τὸν

175 4400 397 4469 Πατέρα
420 4400 446 4449 6
471 4392 823 4453 ἁποστολικὸς
856 4389 1033 4460 χορὸς,
1071 4387 1157 4440 ἵνα
1198 4384 1489 4455 δυναμώσῃ
1539 4387 1744 4448 αὐτοῖς,

174 4493 208 4544 ὃ
244 4488 601 4556 κατήρασεν
624 4482 844 4547 αὐτοῖς.
897 4480 960 4531 Τί
983 4480 1038 4531 δὲ
1068 4479 1392 4547 κατήρτισεν
1418 4478 1598 4539 αὐτοῖς
1629 4477 1662 4545 ἢ
1689 4476 1749 4529 1b

177 4582 370 4650 σῶμας
431 4575 677 4629 Αἰτοῦσιν
711 4570 800 4626 οὖν
866 4571 962 4639 τῆς
994 4568 1196 4639 φθορᾶς
1229 4567 1611 4632 ἀπαλλάξαντα
1652 4569 1749 4636 τὴν

174 4669 487 4741 ἀφθαρσίαν
515 4665 750 4724 ἐνδῦσαι,
777 4661 805 4712 ὃ
837 4661 926 4713 καὶ
950 4659 1160 4727 ποιήσει
1196 4661 1223 4711 6
1265 4658 1466 4730 Κύριος
1513 4658 1601 4709 ὅτε
1650 4672 1748 4710 κα-

173 4762 474 4830 ταϐήσεται
506 4758 562 4824 ἐξ
593 4753 842 4826 ούρανοῦ,
899 4751 990 4804 καὶ
1048 4749 1097 4800 οἱ
1139 4751 1319 4818 νεκροὶ
1366 4747 1749 4820 ἐγερθήσονται

173 4855 462 4923 ἄφθαρτοι.

262 4943 398 4997 Ἀπὸ
420 4940 523 4994 τοῦ
545 4937 694 4993 ναοῦ
722 4952 836 4990 σου
857 4933 951 4987 ἐπὶ
981 4929 1362 4999 Ἰερουσαλήμ
1388 4946 1486 4984 σοι
1508 4927 1749 4982 οἴσουσι

173 5032 461 5103 βασιλεῖς
494 5029 667 5097 δῶρα.
719 5027 864 5080 Ναὸν
923 5025 1021 5095 μὲν
1053 5020 1215 5075 αὑτοῦ
1271 5021 1368 5084 τὴν
1426 5018 1749 5088 Ἐκκλησίαν

178 5130 341 5198 φησὶ,
375 5121 627 5194 βασιλέας
680 5119 736 5172 δὲ
778 5119 903 5179 τοὺς
949 5112 1340 5174 πιστεύσαντας
1383 5114 1463 5174 εἰς
1521 5108 1750 5179 Χριστὸν

174 5221 349 5286 λέγει,
377 5213 518 5269 κατὰ
543 5211 604 5264 τὸ
631 5208 913 5280 εἰρημένον
948 5208 1130 5268 αὐτοῖς
1159 5221 1172 5233 ·
1219 5202 1415 5270 ’Υμεῖς
1470 5201 1538 5254 δὲ
1568 5198 1751 5264 βασί-

173 5305 701 5372 λειονιεράτευμα.
736 5299 899 5368 Φησὶν
924 5293 1035 5357 οὖν,
1085 5295 1158 5358 ὡς
1191 5296 1238 5346 oi
1286 5291 1606 5362 κεκλημένοι
1662 5287 1749 5340 διὰ

174 5403 281 5472 τῆς
315 5397 548 5460 πίστεως
595 5393 701 5448 ἀπὺ
748 5389 840 5442 τοῦ
886 5387 1122 5455 ἐπιγείου
1175 5383 1322 5444 ναοῦ,
1384 5381 1622 5436 τουτέστι
1654 5379 1750 5448 τῆς

187 5469 541 5561 Ἐκκλησίας,
573 5488 652 5548 εἰς
706 5483 802 5554 τὴν
856 5480 965 5534 ἄνω
1010 5474 1359 5549 Ἰερουσαλὴμ
1413 5473 1556 5544 δῶρα
1604 5469 1752 5539 αύτῷ

177 5580 628 5649 προσκομίσουσι·
664 5576 818 5644 δῆλον
841 5572 918 5635 δὲ,
941 5571 1020 5624 ὅτι
1043 5569 1223 5640 νοητά.

261 5711 306 5743 ³³
339 5711 491 5767 Joan.
524 5727 599 5771 tv,
632 5709 724 5762 ‘26.
833 5710 875 5741 ³⁸
903 5708 1030 5763 ibid.
1065 5706 1148 5772 15,
1184 5707 1263 5761 Η.

174 5784 265 5840 52.
335 5784 370 5811 δ’
401 5782 415 5832 Ι
447 5780 591 5834 Petr.
639 5795 694 5844 ιι,
731 5778 783 5832 9.

1369 5705 1407 5735 ³⁷
1441 5703 1477 5756 11
1507 5703 1630 5758 Cor.
1657 5699 1818 5764 v.15.

1843 4205 1975 4259 lium
2032 4195 2360 4264 dicit,juxta
2405 4187 2574 4243 illud:
2610 4183 2848 4240 Christus
2896 4180 2989 4232 Dei
3015 4181 3177 4232 virtus
3207 4186 3254 4230 et
3301 4175 3394 4229 De'

1841 4293 2100 4364 sapientia
2126 4290 2192 4340 ³³.
2234 4285 2406 4353 Rogat
2437 4283 2618 4348 itaque
2653 4278 2862 4329 Patrem
2898 4269 3229 4341 apostolicus
3267 4267 3398 4322 ch0-

1849 4359 1944 4439 rus
1987 4390 2047 4435 ut
2092 4376 2374 4433 confirmet
2426 4371 2478 4424 in
2532 4369 2632 4431 eis,
2663 4364 2798 4434 quod
2834 4371 3074 4431 operatus
3105 4369 3181 4413 est
3217 4361 3270 4412 in
3303 4359 3398 4412 eis.

1849 4475 1986 4542 Quid
2015 4478 2269 4540 operatus
2308 4471 2392 4518 est
2423 4462 2535 4516 sive
2562 4456 2788 4527 perfecit
2821 4454 2875 4506 in
2901 4453 3002 4514 eis,
3029 4451 3130 4504 nisi
3166 4447 3404 4518 corpus?

1850 4541 2127 4621 Postulant
2161 4561 2341 4627 itaque
2387 4561 2448 4605 ut
2474 4550 2668 4604 liberet
2723 4547 2868 4614 ipsos
2899 4559 2927 4597 a
2959 4541 3320 4609 corruptione,
3352 4552 3404 4592 et

1851 4657 2038 4710 induat
2070 4643 2549 4714 incorruptionem,
2574 4637 2718 4707 quod
2753 4636 2991 4689 facturus
3027 4630 3290 4684 Dominus
3323 4639 3404 4680 est

1852 4763 1974 4803 cum
2000 4741 2290 4799 descendet
2329 4751 2396 4790 ex
2423 4733 2560 4788 crelo
2587 4739 2641 4785 et
2669 4728 2867 4784 mortui
2898 4731 3182 4792 resurgent
3226 4723 3403 4776 incor-

1852 4838 1998 4907 rupti
2020 4837 2082 4887 ⁸ο.

1925 4929 2010 4983 30.
2043 4927 2086 4979 Α
2123 4922 2313 4991 templo
2347 4931 2435 4971 tuo
2480 4919 2534 4969 in
2572 4911 2864 4968 Jerusalem
2900 4909 2993 4962 tibi
3024 4908 3152 4976 oﬂ'er
3183 4915 3237 4958 ut
3267 4921 3404 4972 reges

1851 5037 2085 5076 munera.
2127 5014 2406 5083 Templum
2457 5022 2614 5062 suum
2670 5004 2800 5058 dicit
2856 5000 3200 5063 Ecclesiam;
3254 5011 3405 5065 reges

1852 5125 2000 5172 vero,
2043 5121 2137 5160 eos
2172 5104 2264 5169 qui
2305 5097 2654 5155 crediderunt
2701 5094 2753 5146 in
2797 5090 3113 5151 Christum;
3164 5086 3320 5155 juxta
3355 5087 3403 5136 id

1852 5200 1994 5270 quod
2027 5199 2228 5251 dictum
2259 5202 2342 5247 est
2367 5191 2472 5244 illis
2496 5189 2574 5240 δίε
2615 5185 2714 5239 Vos
2748 5193 2921 5238 autem
2956 5179 3127 5250 regale
3164 5177 3404 5230 sacerdo-

1855 5296 2005 5345 tium.
2035 5289 2123 5342 Ait
2153 5288 2316 5357 igitur
2337 5299 2431 5338 eos
2456 5281 2546 5351 qui
2573 5295 2668 5350 per
2694 5277 2852 5331 fidem
2877 5273 3050 5327 vocati
3083 5280 3206 5325 sunt
3238 5284 3266 5322 a
3298 5278 3405 5320 ter-

1854 5399 1985 5437 reno
2009 5379 2227 5448 templo,
2247 5377 2296 5431 id
2321 5384 2402 5430 est
2424 5370 2683 5432 Ecclesia,
2704 5367 2767 5420 ad
2800 5377 3086 5434 supernam
3109 5357 3404 5413 Jerusalem

1853 5473 1996 5527 dona
2029 5468 2130 5537 ipsi
2159 5466 2442 5521 oblaturos
2469 5476 2610 5516 esse.
2641 5457 2898 5511 nimirum
2934 5448 3257 5519 spiritualia.

1906 5696 1949 5728 ³⁸
1986 5692 2175 5747 Matth.
2218 5706 2290 5753 tv,
2323 5688 2408 5741 15.
2528 5683 2570 5714 ⁸⁸
2600 5679 2765 5734 lCor.
2800 5695 2836 5741 t,
2881 5673 2950 5728 ‘26
3023 5671 3069 5700 “
3113 5666 3130 5720 l
3162 5669 3287 5726 Ccr.
3319 5679 3409 5730 ιτ,
