4034 6438
164 376 264 431 505

1202 382 1563 440 EXPOSITIO
1604 382 1669 436 IN
1709 382 2041 442 PSALIUM
2079 385 2306 440 LXVIII.

3292 390 3393 443 306

176 494 412 561 Ἰσραὴλ
433 495 470 560 ἡ
491 497 966 565 μεγαλοπρέπεια
979 500 1184 564 αὐτοῦ,
1208 501 1308 554 καί
1325 503 1362 569 ἡ
1379 502 1629 572 δύναμις
1645 504 1726 555 αὐ·

1840 512 1889 554 et
1921 505 2082 556 virtus
2111 504 2223 573 ejus
2264 506 2314 557 in
2358 504 2598 559 nubibus.
2631 505 2894 559 Mirabilis
2941 504 3075 560 Deus
3113 507 3168 559 in
3201 510 3398 561 sanctis

163 584 266 640 τοῦ
302 587 373 638 ὲν
402 588 530 654 ταῖς
564 588 859 657 νεφέλαις.
894 592 1242 660 Θαυμαστὸς
1271 598 1304 647 ό
1337 595 1479 659 Θεὸς
1515 595 1585 648 ἐν
1614 593 1737 660 τοῖς

161 676 350 744 ἁγίοις
370 679 577 739 αὐτοῦ,
605 684 638 733 ό
668 681 811 744 Oeric
835 681 1068 750 Ἰσραὴλ
1091 684 1269 749 αὐτὸς
1287 685 1462 739 δώσει
1484 686 1736 754 δύναμιν

160 769 254 822 καὶ
281 772 646 838 κραταίωσιν
668 771 746 836 τῷ
774 772 898 837 ,λαῷ
921 776 1127 839 αὑτοῦ,
1166 779 1538 845 εὐλογητύςό
1562 781 1720 844 Θεός.

171 863 296 914 Ἐπε
307 862 388 932 ιδὴ
405 863 502 932 τῆς
513 865 769 934 δευτέρας
787 864 948 917 αὐτοῦ
971 868 1270 936 παρουσίας
1297 871 1514 941 μνήμην
1535 873 1561 924 ὁ
1577 871 1732 939 λόγος

157 953 472 1022 πεποίηται,
508 953 627 1007 καθ’
673 957 738 1024 ἣν
786 956 988 1019 πάντας
1016 959 1306 1029 ἀναστήσει
1331 963 1456 1022 τοὺς
1485 964 1731 1031 νεκροὺς,

155 1044 344 1096 τούτου
376 1044 532 1116 χάριν
565 1047 656 1097 καὶ
690 1047 787 1109 τὰς
829 1047 1097 1118 διαφόρως
1122 1050 1598 1120 ἀποδοθησομὲνας
1619 1055 1731 1115 τοῖς

155 1136 329 1202 ἁγίοις
393 1138 556 1206 τιμὰς
607 1140 754 1207 ἡμᾶς
799 1139 1058 1203 διδάσκει,
1117 1141 1206 1193 καὶ
1254 1140 1320 1193 τά
1371 1142 1600 1213 διάφορα
1625 1143 1731 1195 τῶν

154 1228 325 1293 ἁγίων
377 1228 653 1298 τάγματα.
709 1231 817 1282 Καὶ
866 1230 934 1282 τά
976 1231 1072 1300 μὲν
1133 1232 1388 1303 τάγματα
1420 1234 1510 1285 διά
1553 1234 1728 1285 τετοῦ

164 1321 404 1390 Ἰσραὴλ,
441 1322 527 1374 διά
550 1339 606 1373 τε
630 1321 734 1373 τῶν
764 1323 1020 1389 νεφελῶν,
1054 1323 1142 1376 διά
1181 1341 1240 1376 τε
1288 1325 1393 1377 τῶν
1422 1326 1612 1392 ἁγίων,
1641 1325 1728 1377 διά

149 1427 208 1462 τε
239 1411 335 1463 τοῦ
363 1412 492 1464 λαοῦ
525 1413 941 1481 κατασημαίνει·
1005 1415 1102 1477 τὰς
1131 1415 1187 1467 δὲ
1220 1416 1386 1485 τιμάς
1415 1415 1503 1467 διά
1543 1431 1598 1467 τε
1627 1415 1727 1483 τῆς

152 1504 647 1574 μεγαλοπρεπείας,
671 1505 759 1558 διά
791 1522 848 1556 τε
878 1505 978 1574 τῆς
1019 1507 1317 1576 δυνάμεως,
1376 1507 1464 1560 διά
1522 1523 1580 1559 τε
1631 1506 1724 1558 τοῦ

149 1595 448 1664 θαύματος,
494 1595 582 1647 διά
633 1613 691 1647 τε
741 1597 834 1649 τοῦ
883 1598 1116 1670 κράτους
1168 1598 1543 1652 διαδείκνυσιν.
1607 1597 1726 1651 Ἐπὶ

146 1689 285 1740 πᾶσι
319 1688 375 1740 δὲ
400 1688 608 1751 τούτοις
657 1689 941 1760 εὐλογητὺν
967 1691 1057 1742 τὸν
1083 1690 1213 1744 Θεόν
1240 1709 1402 1762 φησιν
1428 1687 1586 1745 εἶναι.
1618 1690 1724 1760 Δῆο

1837 593 1972 661 ejus,
2005 592 2138 647 Deus
2177 593 2348 648 Israel
2373 597 2480 664 ipse
2514 597 2658 649 dabit
2695 599 2938 650 virtutem
2965 606 3012 650 et
3039 598 3402 666 fortitudinem

1836 681 1969 750 plebi
1998 699 2128 744 sure,
2174 683 2465 736 benedictus
2519 683 2674 737 Deus.
2703 683 2974 749 Quoniam
3021 686 3240 739 secundi
3282 685 3399 753 ejus

1837 772 2098 826 adventus
2117 773 2318 825 mentio
2343 772 2482 826 facta
2515 783 2618 836 est,
2651 789 2758 844 quo
2789 783 3030 843 tempore
3050 789 3239 830 omnes
3263 790 3400 828 mor~

1833 873 1957 918 tuos
2003 865 2307 926 suscitabit,
2342 865 2462 918 ideo
2508 865 2744 920 honores
2790 866 2993 920 sanctis
3039 866 3194 919 vario
3235 865 3398 918 modo

1832 956 2204 1012 concedendos
2259 973 2357 1011 nos
2402 957 2621 1022 edocet,
2672 969 2835 1026 atque
2885 959 3125 1012 diversos
3177 967 3397 1012 sancto-

1831 1064 1951 1103 rum
1981 1051 2217 1103 ordines.
2254 1048 2364 1102 Hos
2389 1061 2570 1103 autem
2602 1050 2842 1111 ordines,
2881 1065 2976 1118 per
3007 1050 3276 1114 lsraelem,
3303 1065 3396 1117 per

1831 1141 2024 1203 nubes,
2057 1156 2152 1210 per
2180 1150 2399 1194 sanctos
2425 1149 2478 1194 et
2511 1157 2604 1210 per
2649 1142 2904 1209 populum
2958 1143 3244 1210 signiﬁcat.
3284 1139 3396 1193 IIo-

1831 1247 1991 1287 nores
2020 1242 2198 1284 autem
2229 1247 2324 1300 per
2359 1231 2836 1300 magniﬁcentiam,
2863 1248 2958 1300 per
2992 1232 3268 1296 virtutem,
3303 1247 3399 1300 per

1832 1323 2157 1377 miraculum
2185 1332 2237 1377 et
2266 1339 2359 1392 per
2393 1322 2763 1377 fortitudinem
2801 1324 3021 1378 indicat.
3053 1325 3132 1377 Ad
3160 1327 3272 1379 haec
3296 1341 3396 1378 an-

1836 1426 1941 1469 tem
1997 1415 2214 1481 omnia,
2262 1415 2603 1469 benedictum
2647 1417 2780 1470 dicit
2825 1415 3015 1470 Deum.
3048 1415 3396 1470 Manifestum

1833 1505 1976 1560 enim
2019 1514 2100 1560 est
2157 1517 2374 1561 sanctos
2413 1506 2465 1559 in
2516 1507 2829 1562 cccleslibus
2867 1508 2972 1564 illis
3017 1507 3396 1561 mansionibus

1835 1595 2182 1659 constitutos,
2223 1597 2339 1651 sine
2369 1597 2472 1652 line
2517 1597 2894 1652 benedicturos
2925 1612 3045 1652 esse
3087 1597 3275 1659 Deum,
3305 1613 3398 1649 sn-

1834 1702 2120 1756 pernorum
2147 1690 2428 1756 spirituum
2466 1691 2711 1744 ordinem
2747 1689 3004 1743 imitatos.

145 1777 238 1830 λον
305 1777 435 1849 γὰρ,
485 1779 565 1830 ὃτι
613 1781 669 1831 ἐν
721 1781 952 1843 ἐκείναις
1013 1782 1290 1851 γενόμενοι
1342 1783 1390 1834 οἱ
1453 1781 1595 1850 ἆγιοι
1645 1781 1764 1841 ταῖς
1806 1778 2022 1847 μοναῖς,
2075 1779 2193 1839 ταῖς
2241 1779 2580 1850 ἐπουρανίοις
2634 1778 2690 1831 δὲ
2745 1777 3003 1847 δηλονότι,
3043 1776 3396 1839 ἀδιαλείπτως

144 1871 499 1942 εὐλογήσουσι
522 1873 612 1924 τὸν
643 1873 794 1937 Θεὸν,
828 1875 923 1944 τὴν
948 1875 1053 1927 τῶν
1077 1876 1187 1928 άνω
1214 1877 1535 1944 πνευμάτων
1570 1874 1721 1939 τάξιν
1764 1871 2102 1942 μιμούμενοι.

145 1969 253 2033 Είς
317 1967 384 2020 τὸ
429 1967 602 2032 τέλος
648 1968 798 2036 ὑπὲρ
851 1969 966 2021 τῶν
988 1969 1584 2039 ἀλλοιωθησομένων,
1641 1966 1720 2034 τῷ

1825 1967 1872 2020 I.
1905 1969 1970 2020 In
1998 1967 2152 2035 ﬁnem
2182 1983 2276 2036 pro
2317 1968 2383 2021 iis
2417 1968 2507 2038 qui
2547 1967 3028 2033 commutabuntur,
3066 1967 3166 2035 ipsi
3205 1965 3395 2020 David.

557 2057 757 2110 Δαυΐὸ.
820 2061 1125 2112 ΨΑΛΜΟΣ
1175 2059 1306 2112 ΞΗ.

787 2148 800 2166 '
814 2150 1118 2214 Υπόθεσις.

145 2237 403 2306 Περιεχει
435 2240 463 2290 ὁ
511 2237 722 2309 eam;
769 2239 1072 2310 προσευχὴν
1120 2240 1268 2310 παρὰ
1325 2239 1418 2292 τοῦ
1475 2239 1726 2311 Σωτῆρος

217 2327 284 2377 ὲκ
316 2327 605 2395 προσώπου
641 2329 738 2396 τῆς
780 2329 1193 2400 άνθρωπότητος
1252 2331 1722 2402 προσφερομένην,

216 2418 316 2479 τάς
350 2435 408 2470 τε
438 2420 615 2482 αἰτίας
671 2420 738 2471 δι’
790 2421 856 2482 ἃς
908 2421 1056 2491 αὐτῷ
1095 2423 1186 2474 τὸν
1214 2424 1308 2476 ἐπὶ
1366 2423 1460 2475 τοῦ
1493 2423 1722 2494 σταυροῦ

219 2513 600 2580 προσήνεγκαν
645 2511 890 2565 θάνατον.
954 2513 1072 2564 Ἔτι
1126 2530 1184 2564 τε
1241 2513 1371 2565 αὐτὸ
1436 2513 1496 2565 τὸ
1556 2514 1725 2576 πάθος

214 2600 484 2671 διηγεῖται
547 2602 754 2670 σατῶς,
811 2603 905 2656 καὶ
965 2604 1063 2667 τὰς
1115 2604 1254 2675 μετά
1293 2605 1354 2656 τὸ
1413 2603 1582 2666 πάθος
1614 2610 1724 2666 τοῖς

234 2692 506 2756 Ἰουδαίοις
540 2693 953 2764 συμϐησομένας
990 2696 1291 2766 συμφοράς’
1348 2695 1484 2764 πρὸς
1517 2695 1571 2746 δὲ
1600 2692 1722 2746 τού-

220 2801 332 2846 τοις
353 2785 446 2837 καὶ
474 2785 774 2854 εἰσαγωγὴν
795 2787 894 2855 τῆς
921 2786 1281 2855 εὐαγγελικῆς
1312 2786 1604 2849 πολιτείας,
1627 2785 1724 2856 τῆς

215 2890 280 2926 τε
311 2877 369 2926 ὲν
400 2874 668 2943 πνεύματι
702 2877 794 2926 καὶ
818 2875 1042 2945 ἀληθείᾳ
1074 2876 1321 2946 λατρείας
1352 2876 1448 2945 τὴν
1482 2876 1726 2929 διδασκα-

213 2965 358 3029 λίαν,
387 2968 467 3027 εἰς
511 2969 574 3034 ἣν
603 2966 695 3017 καὶ
721 2967 1050 3036 περιγράφει
1089 2967 1178 3018 τὸν
1226 2966 1460 3036 ψαλμὸν.
1497 2968 1618 3019 Ὅτι
1665 2967 1721 3019 δὲ

215 3058 400 3110 πᾶσαν
425 3057 490 3126 ἣν
517 3057 714 3127 ηὔξατο
733 3061 759 3110 ό
783 3058 968 3130 Σωτὴρ
995 3060 1316 3130 προσευχὴν,
1343 3061 1406 3112 ὲκ
1433 3058 1722 3129 προσώπου

215 3150 316 3218 τῆς
349 3148 634 3219 ἀνθρώπου
670 3150 885 3219 φύσεως
917 3150 1138 3220 ηὔξατο,
1166 3151 1324 3203 τοῦτο
1374 3151 1722 3221 ἐπισημαίνει

216 3242 312 3293 ἐπὶ
359 3239 438 3309 τῷ
486 3241 627 3293 τέλει
668 3241 759 3293 τοῦ
802 3241 1045 3312 ψαλμοῦ,
1097 3244 1188 3296 καί
1223 3260 1402 3312 φησιν,
1439 3245 1567 3295 ’Ὁτι
1611 3244 1718 3312 ἐξή

217 3347 407 3385 κουσε
442 3330 558 3385 τῶν
585 3332 855 3398 πενήτων
875 3337 907 3386 o'
919 3336 1150 3400 Κύριος,
1173 3335 1269 3386 καὶ
1297 3333 1435 3398 τοὺς
1464 3334 1719 3403 πεπεδη-
1747 3314 1791 3372 C

207 3421 434 3490 μένους
458 3423 644 3476 αὑτοῦ
682 3427 792 3477 οὐκ
843 3425 1265 3486 ἐξουδένωσεν.

219 3513 432 3566 Σῶσόν
447 3531 540 3581 με,
586 3518 618 3566 ό
652 3515 816 3578 Θεὸς,
869 3515 954 3567 ὅτι
988 3516 1360 3583 εὶσήλθοοάν
1386 3517 1573 3570 ὕδατα
1615 3518 1724 3584 ἕως

144 3603 359 3672 ψυχῆς
403 3621 542 3672 μου.
588 3606 801 3676 Ἐπειδὴ
847 3607 941 3669 τὰς
975 3607 1247 3676 ἁμαρτίας
1290 3609 1446 3677 ἡμῶν
1473 3609 1720 3673 ἀνέλαϐε,

145 3695 278 3766 περὶ
345 3695 501 3766 ἡμῶν
559 3697 840 3750 όδυνᾶται·
910 3698 1130 3760 εἰκότως
1201 3697 1291 3749 καὶ
1363 3699 1723 3768 προσεύχεται

146 3785 414 3858 ρυσθῆναι
437 3790 500 3840 ὲκ
526 3788 633 3840 τῶν
662 3788 1003 3860 πειρασμῶν,
1023 3789 1321 3860 χειμάρρου
1347 3789 1499 3859 δίκην
1522 3791 1723 3844 κυκλω-

148 3877 361 3930 σάντων
382 3878 544 3931 αὑτοῦ
573 3879 669 3950 τὴν
703 3879 900 3950 ψυχήν.

230 3970 566 4038 Ἐνεπὰγην
585 3973 671 4035 εὶς
692 3972 848 4038 ὕλην
864 3971 1078 4035 βυθοῦ,
1108 3973 1205 4025 καὶ
1232 3975 1341 4026 οὐκ
1370 3974 1541 4027 ἐστιν
1571 3977 1720 4030 ὑπό-

143 4073 384 4123 στασις.
413 4059 595 4110 Ταῦτα
625 4059 731 4130 γάρ
761 4062 794 4130 ἡ
855 4060 1166 4130 ἀνθρωπεία
1193 4061 1352 4128 φύσις
1407 4063 1716 4127 ἐπεπόνθει,

144 4149 531 4218 κατενεχθεῖσα
569 4151 669 4203 ὑπὸ
696 4152 792 4222 τῆς
824 4152 1094 4224 ἁμαρτίας
1146 4155 1224 4217 εἰς
1249 4153 1495 4221 θάνατον,
1528 4157 1618 4208 καὶ
1642 4159 1722 4220 είς

143 4242 307 4296 αὐτὸν
340 4242 429 4294 τὸν
460 4242 554 4294 τοῦ
611 4243 736 4314 ᾅδου
761 4243 953 4315 χῶρον·
990 4245 1048 4297 ὃν
1100 4246 1190 4297 καὶ
1250 4245 1378 4316 ὓλην
1434 4247 1595 4316 βυθοῦ
1626 4249 1720 4300 καὶ

143 4335 422 4405 θαλάσσης
447 4335 608 4405 βάθος
630 4337 686 4388 ἐν
717 4339 828 4399 τοῖς
862 4336 1124 4405 παροῦσιν
1145 4336 1417 4408 ὀνομάζει.

229 4429 560 4480 Ἔκοπίασα
633 4426 878 4496 κράζων,
941 4431 1337 4498 ἑϐραγχίασεν
1392 4435 1425 4484 ὁ
1487 4430 1717 4500 λάρυγξ

136 4537 278 4590 μου.
307 4519 440 4570 τίνα
469 4515 534 4588 ἦν
566 4517 600 4571 ἆ
634 4518 851 4590 ἕκραξε,
883 4521 974 4572 καὶ
1001 4521 1092 4572 ἐπὶ
1149 4523 1312 4585 τίσιν,
1357 4525 1415 4576 ἐν
1442 4528 1554 4587 τοῖς
1588 4525 1716 4593 ἐξῆς

141 4611 332 4681 σαφῶς
358 4611 606 4675 ἐδίδαξεν,
639 4611 825 4662 εἰπών⁹
875 4612 1181 4679 Ῥυο-θείην
1214 4615 1281 4665 ἐκ
1316 4614 1434 4667 τῶν
1466 4617 1715 4684 μισούν-

140 4719 262 4756 των
288 4720 385 4771 με,
411 4702 507 4756 καὶ
535 4703 602 4754 ἐκ
623 4701 728 4755 τοῦ
754 4703 984 4768 ,βάθους
1024 4704 1139 4756 τῶν
1164 4704 1413 4770 ὑδάτων,
1449 4708 1559 4769 καὶ,
1613 4707 1709 4773 Μή

133 4809 215 4863 με
239 4792 726 4846 καταποντισάτω
772 4794 1038 4863 καταιγὶς
1082 4795 1318 4860 ὕδατος,
1351 4798 1444 4849 καὶ
1485 4799 1550 4849 τά
1587 4795 1711 4866 ἑξῆς

138 4883 521 4954 ἐπιλεγόμενα.
562 4883 770 4955 Ηῦχετο
826 4884 953 4956 γὰρ,
1007 4886 1080 4948 ὡς
1114 4886 1268 4956 ἔφην,
1310 4888 1445 4958 ὑπὲρ
1482 4890 1579 4958 τῆς
1617 4889 1711 4941 ἀν-

138 4977 360 5048 θρώπου
421 4977 651 5043 φύσεως·
718 4979 863 5040 ὅπως
920 4979 1354 5049 καταργηθῇτοῦ
1395 4980 1622 5034 θανάτου
1650 4981 1711 5034 τὸ

138 5069 361 5139 κράτος,
414 5069 486 5138 μὴ
544 5069 917 5137 συγκλείοντος
954 5073 1073 5122 κατ’
1115 5072 1285 5140 αὐτῆς
1315 5071 1374 5122 τὸ
1407 5074 1579 5142 στόμα
1616 5071 1708 5124 τοῦ

133 5161 288 5227 ᾅδου·
320 5160 400 5212 διὸ
431 5158 522 5212 καὶ
555 5159 721 5227 λέγει’
775 5160 940 5228 Μηδὲ
958 5162 1237 5229 συσχέτω
1278 5162 1369 5214 ἐπ’
1402 5163 1505 5231 ἐμὲ
1531 5162 1713 5231 φρέαρ

135 5251 200 5305 τὸ
230 5253 428 5318 στόμα
452 5253 594 5304 αὑτο
603 5250 657 5304 ὗ.

217 5344 724 5409 Ἐπληθὺνθησαν
759 5343 910 5410 ὑπὲρ
932 5345 1037 5410 τὰς
1079 5346 1284 5415 τρίχας
1311 5345 1418 5410 τῆς
1445 5345 1714 5414 κεφαλῆς

126 5436 334 5503 μου.οί
360 5433 685 5501 μισοῦντές
730 5450 806 5502 με
867 5433 1111 5500 δωρεάν.
1162 5435 1353 5489 Πολλοὶ
1397 5437 1506 5506 γὰρ
1534 5438 1581 5488 οἱ
1614 5438 1711 5505 τῆς

128 5523 482 5593 ἀνθρωπείας
547 5523 762 5589 φύσεως
820 5522 1094 5576 ἐπίϐουλοι
1142 5525 1412 5596 δαίμονες,
1447 5529 1495 5577 οί
1548 5527 1709 5596 μηδὲν

127 5614 452 5684 ἠδικημένοι
508 5614 637 5684 παρ’
685 5614 876 5684 ἡμῶν,
937 5617 1030 5668 καὶ.
1103 5617 1420 5680 σπεύδοντες
1481 5619 1704 5670 ἀνελεῖν.

2298 2057 2629 2112 PSALMUS
2676 2056 2954 2111 LXVIII.

2416 2151 2812 2220 Argumentum.

1823 2238 2077 2298 Continet
2116 2243 2361 2310 psalmus
2410 2243 2776 2313 precationem
2822 2239 3140 2303 Salvatoris,
3173 2255 3236 2293 ex
3270 2255 3394 2309 per-

1897 2349 2028 2386 sona
2083 2335 2440 2390 humanitatis
2482 2336 2742 2400 oblatam,
2775 2343 2828 2389 et
2859 2342 3041 2387 narrat
3068 2348 3187 2402 quae
3218 2347 3397 2387 causa:

1897 2423 2097 2479 fuerint
2121 2426 2265 2494 quod
2291 2427 2338 2480 ei
2366 2434 2594 2481 mortem
2620 2426 2800 2480 crucis
2825 2424 3141 2478 obtulerint.
3173 2423 3398 2494 Insuper

1897 2516 2067 2582 ipsam
2095 2518 2402 2586 passionem
2429 2519 2574 2571 clare
2596 2525 2799 2582 narrat,
2824 2531 3032 2570 necnon
3061 2515 3397 2570 calamitates

1896 2621 2036 2674 quas
2069 2615 2191 2672 post
2227 2609 2532 2676 passionem
2574 2606 2773 2662 Judazis
2809 2607 3122 2676 contingere
3152 2604 3392 2660 futurum

1893 2703 1995 2749 est.
2034 2696 2114 2749 Ad
2151 2695 2265 2750 hac
2311 2697 2476 2750 etiam
2514 2696 2969 2750 introducendum
3013 2711 3133 2750 esse
3158 2711 3394 2766 evange-

1897 2787 2060 2841 licum
2102 2788 2432 2851 institutum,
2467 2797 2628 2857 atque
2664 2788 2969 2841 doctrinam
3011 2789 3193 2842 cultus
3218 2788 3310 2857 qui
3339 2789 3392 2842 in

1896 2878 2086 2947 spiritu
2110 2886 2158 2932 et
2189 2880 2415 2932 veritate
2440 2879 2562 2940 erit,
2592 2878 2643 2932 in
2671 2879 2826 2948 cujus
2847 2879 2923 2931 rei
2953 2878 3216 2932 limitibus
3245 2880 3392 2947 μειλι-

1896 2983 2044 3021 mum
2075 2967 2490 3024 circumscribit.
2512 2969 2664 3035 Quod
2685 2980 2863 3030 autem
2889 2969 3190 3024 orationem
3220 2977 3389 3021 totam

1899 3058 2152 3113 Salvator
2197 3074 2262 3113 ex
2295 3060 2546 3113 humanae
2596 3071 2804 3114 natura:
2855 3075 3082 3132 persona
3117 3060 3389 3123 obtulerit,

1904 3149 1955 3201 id
1993 3149 2043 3201 in
2077 3150 2180 3202 line
2209 3150 2401 3217 psalmi
2431 3149 2722 3218 signiﬁcat,
2754 3151 2972 3217 aitque:
3008 3152 3268 3213 Quoniam
3298 3166 3390 3203 ex-

1897 3238 2095 3291 audivit
2121 3254 2373 3309 pauperes
2404 3239 2681 3304 Dominus,
2718 3250 2765 3291 et
2791 3241 2986 3292 vinctos
3013 3258 3134 3294 suos
3169 3258 3270 3293 non
3302 3242 3391 3293 de-

1895 3341 2083 3399 spexit.

1896 3511 1948 3564 2.
1970 3511 2187 3565 Salvum
2212 3526 2289 3562 me
2313 3509 2420 3576 fac,
2447 3508 2607 3572 Deus,
2626 3508 2872 3578 quoniam
2898 3509 3221 3559 intraverunt
3243 3522 3390 3575 aqua:

1824 3617 1984 3669 usque
2032 3601 2100 3652 ad
2139 3603 2372 3652 anFmam
2407 3615 2595 3653 meam.
2637 3598 2904 3662 Quoniam
2951 3607 3169 3666 peccata
3203 3606 3390 3652 nostra

1824 3692 2079 3760 suscepit,
2117 3705 2212 3757 pro
2241 3691 2398 3743 nobis
2423 3691 2696 3743 cruciatur
2720 3689 2800 3741 “z
2833 3704 2897 3742 ac
2922 3689 3045 3755 jure
3079 3698 3230 3757 rogat
3254 3689 3388 3756 eripi

1823 3797 1882 3842 se
1931 3799 1959 3836 a
2014 3781 2424 3846 tentationibus,
2458 3797 2578 3850 quae
2628 3780 2885 3833 torrentis
2932 3780 3106 3833 instar
3151 3781 3387 3832 animam

1823 3871 1943 3940 ejus
1977 3871 2469 3924 circumdederunt.

1892 3967 1945 4022 5.
1978 3966 2183 4034 Inﬁa‘us
2213 3981 2327 4017 sum
2356 3965 2408 4016 in
2442 3964 2567 4016 limo
2593 3963 2874 4032 profundi,
2916 3970 2966 4015 et
3014 3977 3113 4014 non
3147 3972 3223 4015 est
3269 3963 3389 4015 sub-

1823 4058 2044 4122 stantia,
2077 4065 2182 4110 etc.
2232 4054 2352 4109 lhec
2380 4057 2522 4107 enim
2561 4055 2866 4120 patiebatur
2902 4055 3136 4106 humana
3173 4062 3386 4114 natura,

1823 4151 2049 4204 deducta
2098 4166 2190 4218 per
2235 4157 2514 4218 peccatum
2557 4148 2608 4201 in
2639 4157 2888 4210 mortem,
2915 4158 2966 4201 et
2997 4149 3048 4199 in
3090 4148 3264 4215 ipsum
3305 4147 3388 4199 in-

1821 4241 1958 4295 ferni
1985 4242 2184 4303 locum,
2215 4255 2376 4310 quem
2409 4241 2596 4292 limum
2627 4237 2877 4308 profundi
2917 4247 2971 4291 et
3004 4238 3172 4291 maris
3202 4236 3385 4290 altitu-

1821 4332 2001 4386 dinem
2038 4331 2123 4385 hic
2155 4341 2332 4385 vocat.

1892 4428 1944 4481 4.
1969 4425 2230 4480 Laboravi
2252 4429 2511 4490 clamans,
2530 4442 2702 4479 rauca'
2722 4426 2878 4493 facta:
2899 4434 3018 4476 sunt
3042 4425 3217 4491 fauces
3235 4439 3381 4477 mere.

1820 4516 2076 4584 Quaenam
2114 4517 2399 4570 clamando
2437 4518 2635 4570 dixerit
2680 4528 2732 4570 et
2768 4516 2966 4585 quibus
2997 4516 3062 4568 de
3091 4515 3294 4578 causis,
3330 4515 3384 4566 in

1820 4613 2172 4683 sequentibus
2208 4620 2390 4680 aperte
2419 4615 2575 4666 docet
2604 4612 2833 4666 dicendo
2861 4629 2872 4664 :
2907 4610 3096 4663 Libera
3130 4627 3210 4662 me
3231 4609 3294 4662 ab
3317 4609 3383 4662 iis

1817 4711 1905 4780 qui
1927 4710 2144 4762 oderunt
2159 4725 2236 4762 me
2259 4719 2307 4762 et
2329 4710 2392 4763 de
2408 4711 2681 4779 profundis
2704 4708 3135 4780 aquarum“,et:
3166 4706 3283 4760 Non
3307 4725 3386 4760 me

1817 4807 2081 4872 demergat
2111 4812 2383 4871 tempestas
2413 4820 2562 4872 aqua:
2588 4804 2654 4864 ‘7,
2683 4813 2786 4855 etc.
2821 4802 3065 4872 ltogabat
3092 4801 3381 4869 siquidem,

1819 4893 1897 4946 uti
1944 4893 2056 4962 jam
2108 4893 2246 4956 dixi,
2275 4909 2372 4963 pro
2404 4892 2638 4945 hominis
2675 4902 2890 4953 natura,
2923 4901 2983 4945 ut
3017 4891 3382 4944 destrueretur

1819 4986 2010 5038 mortis
2047 4985 2359 5054 imperium,
2389 4984 2601 5037 inferno
2625 4999 2686 5036 os
2713 4999 2871 5038 suum
2905 4992 3025 5053 post
3066 4983 3240 5050 ipsum
3276 4998 3379 5036 non

1819 5076 2134 5142 claudente,
2188 5076 2540 5146 quamobrem
2569 5075 2733 5142 dicit,
2766 5090 2925 5145 neque
2962 5072 3178 5126 claudat
3230 5087 3380 5142 super

1819 5184 1897 5220 me
1920 5178 2103 5236 puteus
2132 5185 2187 5220 os
2215 5184 2365 5221 suum
2400 5167 2463 5220 ⁸⁸.

1888 5343 1940 5396 5.
1977 5341 2321 5413 Multiplicati
2352 5352 2474 5395 sunt
2502 5360 2657 5413 super
2689 5342 2908 5411 capillos
2939 5342 3127 5410 capitis
3155 5341 3256 5393 mei
3290 5344 3377 5410 qui

1820 5437 2040 5488 oderunt
2069 5452 2146 5488 me
2173 5437 2361 5505 gratis.
2394 5434 2544 5489 Multi
2570 5451 2803 5505 namque
2826 5436 3096 5489 daemones
3130 5433 3377 5487 humana:

1816 5537 2018 5581 natura:
2060 5526 2403 5590 insidiantur,
2442 5527 2534 5596 qui
2582 5527 2716 5580 nihil
2751 5542 2779 5578 a
2815 5526 2970 5579 nobis
2999 5526 3109 5580 laesi
3142 5524 3376 5588 fuerant,

1811 5628 1864 5672 et
1890 5630 2069 5673 tamen
2120 5635 2305 5675 necem
2357 5620 2657 5675 moliuntur
2699 5619 2872 5673 nobis.
2915 5617 3213 5690 Confortati
3259 5627 3374 5669 sunt

208 5755 251 5785 δ’
285 5755 384 5809 lsa.
425 5773 538 5821 LIII,
563 5757 596 5811 ιι
632 5773 743 5828 seq.
804 5759 848 5791 “
881 5723 1030 5815 i’ers.
1066 5761 1146 5814 l5.
1211 5765 1253 5793 "
1284 5762 1435 5817 Vers.
1481 5763 1558 5817 l6.
1626 5763 1671 5795 ⁸⁸
1697 5759 1830 5816 Ibid.
