4034 6456
625 422 727 479 307

1438 421 1493 475 S.
1535 421 1904 474 ATIIANASII
1946 419 2095 474 UPP.
2141 419 2320 475 PARS
2360 421 2448 476 III.
2476 450 2543 461 —
2584 419 2996 475 EXEGETICA.

3771 415 3879 470 308

623 544 712 610 qui
747 539 1007 607 persecuti
1039 548 1160 591 sunt
1209 554 1286 591 me
1322 539 1521 592 inimici
1571 542 1668 592 ntei
1703 540 1916 608 injuste.
1955 539 2198 594 Declat'at

2313 537 2823 607 Ἐκραταιώθησαν
2866 542 2920 592 ot
2968 538 3172 606 ἐχθροί
3216 555 3354 604 μευ,
3406 539 3460 590 ol
3496 533 3884 602 ἐκδιώκοντές

623 647 788 698 quam
814 629 1015 699 injuste
1043 631 1308 684 sententia
1339 643 1526 684 contra
1558 648 1683 686 eum
1706 631 1813 686 lata
1844 635 1934 688 sit.

700 785 753 838 6.
787 785 946 847 Deus,
981 796 1037 839 tu
1065 788 1166 840 sris
1205 788 1564 854 insipientiam
1607 805 1793 842 meam.
1823 789 2194 858 lusipientiam

626 878 780 942 dicit,
815 894 935 932 eam
974 895 1096 947 qua:
1129 880 1252 933 talis
1288 881 1502 936 videtur
1537 884 1868 946 hominibus,
1906 884 2192 938 stultitiam

626 970 750 1025 dico
782 971 1075 1040 passionis.
1113 970 1276 1026 Fat-ta
1313 975 1457 1028 enim
1485 985 1582 1036 est,
1611 975 1764 1042 juxta
1802 991 2017 1029 sacrum
2049 976 2194 1044 Apo-

627 1063 826 1116 stolutn
855 1063 920 1126 δ’,
950 1079 1086 1120 crux
1123 1067 1336 1120 Dmuini
1367 1065 1566 1120 Iudaeis
1603 1067 1820 1132 quidem
1852 1069 2192 1130 scandalum,

626 1155 877 1228 gentibus
907 1169 1086 1213 autem
1118 1160 1367 1212 stultitia.
1400 1159 1478 1211 'l‘u
1514 1160 1696 1228 igitur,
1723 1175 1756 1214 ο
1781 1159 1959 1225 Pater,
1991 1162 2191 1230 inquit,

627 1253 768 1306 nosti
798 1253 1162 1306 (BCOIIOmI-tm
1208 1253 1404 1307 crucis.
1442 1251 1555 1307 Hoc
1596 1263 1775 1307 autem
1811 1255 1886 1306 ait
1921 1255 2046 1322 quia
2096 1253 2197 1307 fuit

626 1345 884 1399 obediens
916 1344 1059 1399 Patri
1116 1362 1288 1416 usque
1333 1347 1398 1400 ad
1447 1358 1676 1400 mortem
1699 1389 1712 1411 ,
1750 1356 1976 1400 mortem
2013 1357 2192 1400 autent

625 1437 826 1491 crucis.
864 1436 930 1490 Et
963 1438 1153 1490 delicta
1179 1453 1291 1489 utea
1319 1455 1349 1490 a
1385 1448 1432 1490 te
1457 1455 1561 1490 non
1595 1448 1715 1491 sunt
1747 1439 2080 1493 abscondita.
2110 1439 2195 1492 Si-

625 1529 751 1583 mile
799 1538 884 1584 est
930 1530 1090 1584 huic:
1120 1528 1222 1594 Qui
1269 1548 1370 1584 non
1414 1534 1554 1584 novit
1598 1540 1891 1600 peccatum,
1923 1541 2192 1600 peccatum

625 1638 716 1691 pro
741 1624 889 1677 nobis
911 1624 1133 1691 [ecit'°.;
1168 1635 1330 1695 atque
1369 1626 1472 1680 ltoc
1503 1633 1586 1680 est
1617 1626 1764 1695 quod
1795 1625 1992 1679 dicitur
2023 1644 2036 1678 :
2071 1626 2112 1678 Α
2148 1634 2195 1677 te

624 1728 727 1764 non
752 1722 873 1765 sunt
903 1713 1232 1768 abscondita.

692 1805 743 1857 7.
769 1803 888 1858 Non
918 1807 1224 1860 erubescant
1249 1808 1301 1860 in
1323 1824 1400 1860 me
1425 1809 1515 1878 qui
1532 1817 1829 1878 exspectant
1855 1818 1921 1875 te,
1953 1806 2188 1869 Domine,

2293 648 2370 698 με
2399 631 2635 694 ἀδίκως.
2652 630 2960 693 ·Δείκνυσιν,
2987 629 3062 692 ὡς
3087 627 3285 690 ἀδίκως
3308 628 3340 696 ἡ
3371 625 3490 679 κατ’
3514 624 3678 678 ars-.05
3701 625 3884 696 ψῆφος

2297 720 2662 790 ἐξενήνεκται.

2378 810 2442 865 '0
2477 813 2638 876 Θεὸς,
2663 810 2743 864 σὺ
2771 812 2957 880 ἔγνως
2988 809 3103 877 τὴν
3133 810 3492 878 ἀφροσύνην
3510 825 3646 876 μου.
3693 808 3875 878 Ἀφρο

2299 905 2463 974 σύνην
2505 905 2637 975 φησὶ
2672 905 2768 974 τὴν
2799 904 3145 973 νομισθεῖσαν
3202 901 3351 972 παρὰ
3397 904 3512 963 τοῖς
3572 899 3881 970 ἀνθρώποις

2299 997 2527 1068 μωρίαν,
2561 996 2658 1066 τὴν
2683 996 2775 1048 τοῦ
2803 995 3008 1059 πάθους
3030 995 3192 1065 φημί.
3219 995 3412 1060 Γέγονε
3441 992 3569 1062 γὰρ,
3614 992 3756 1044 κατὰ
3789 995 3883 1045 τδν

2298 1093 2437 1163 ἱερὸν
2484 1090 2823 1153 Ἀπόστολον,
2859 1093 2887 1144 ὁ
2934 1090 3026 1142 τοῦ
3073 1089 3279 1158 Κυρίου
3313 1087 3544 1157 σταυρὸς
3604 1086 3882 1151 Ἰουδαίοις

2299 1186 2396 1254 μὲν
2427 1182 2742 1246 σκάνδαλον,
2780 1182 2956 1234 ἔθνεσι
2992 1181 3049 1233 δὲ
3085 1179 3286 1250 μωρία.
3328 1181 3400 1232 Σὺ
3425 1176 3538 1242 οὖν,
3591 1173 3635 1230 ὦ
3671 1179 3878 1248 Πάτερ,

2296 1275 2478 1344 φησιν,
2515 1272 2685 1340 ἔγνως
2717 1273 2817 1344 τὴν
2845 1273 2930 1324 διὰ
2958 1271 3052 1323 τοῦ
3080 1270 3314 1341 στανροῦ
3345 1271 3679 1340 οἰκονομίαν.
3707 1270 3883 1322 Τοῦτο

2294 1365 2348 1418 δὲ
2387 1365 2554 1434 λέγει,
2610 1365 2795 1434 ἐπειδὴ
2830 1364 3051 1432 γέγονεν
3086 1364 3323 1433 ὑπήκοος
3362 1362 3439 1432 τῷ
3492 1363 3668 1434 Ila—.91
3717 1363 3878 1432 μέχρι

2295 1459 2547 1520 θανάτου,
2578 1458 2804 1511 Θανάτου
2839 1457 2894 1509 δὲ
2926 1455 3180 1526 σταυροῦ.
3227 1457 3332 1508 Καὶ
3383 1459 3442 1508 αἱ
3475 1455 3883 1525 πλημμέλειαι

2287 1568 2407 1618 μου
2439 1548 2556 1602 ἀπὸ
2585 1547 2700 1601 σοῦ
2733 1551 2844 1601 οὐκ
2896 1549 3338 1615 ἀπεκρύϐησαν.
3380 1549 3601 1616 Ὅμοιον
3625 1547 3724 1616 τῷ·
3768 1548 3884 1599 Τόν

2286 1639 2372 1708 μὴ
2397 1641 2616 1709 γνόντα
2637 1640 2926 1709 ἁμαρτίαν
2941 1640 3228 1708 ἁμαρτίαν
3245 1637 3392 1706 ὑπὲρ
3415 1638 3582 1707 ’ἡμῶν
3601 1640 3878 1706 ἐποίησε.

2293 1734 2402 1786 Καὶ
2433 1731 2587 1784 τοῦτὸ
2621 1733 2735 1783 ἐστι
2759 1732 2838 1783 τ6’
2889 1732 3019 1784 Ἀπὸ
3049 1730 3162 1784 σοῦ
3191 1733 3300 1783 οὺχ
3323 1731 3687 1799 ἐκρύϐησαν.

2365 1831 2422 1884 Μ
2429 1829 2458 1893 it
2511 1826 2990 1893 αἰσχυνθείησαν
3023 1825 3116 1876 ἐπ’
3143 1824 3245 1893 ἐμὲ
3274 1829 3328 1878 οι
3355 1825 3759 1895 ὑπομένοντές
3779 1844 3877 1890 σε,

626 1896 843 1950 Domine
874 1899 1142 1952 virtutum.
1174 1897 1330 1963 Illud,
1363 1900 1418 1952 in
1450 1917 1547 1964 me,
1583 1901 1634 1953 id
1671 1909 1773 1963 est,
1811 1915 1905 1969 per
1940 1914 2044 1960 me,
2075 1901 2187 1953 sive

2297 1921 2485 1987 Κύριε,
2526 1921 2700 1986 Κύριε
2723 1916 2843 1970 τῶν
2878 1916 3207 1987 δυνάμεων.
3240 1917 3312 1969 Τὸ
3343 1918 3460 1986 μὲν,
3492 1918 3582 1970 ἐπ’
3614 1917 3719 1986 ἐμὲ
3779 1919 3877 1970 ἁν-

625 2004 718 2055 per
741 2006 914 2050 meant
943 2007 1038 2060 pro
1065 1990 1131 2046 iis
1160 1991 1491 2060 passionem.
1524 1989 1658 2044 Illud
1685 2005 1887 2051 autem.
1920 1990 2038 2044 Non
2062 2009 2186 2044 eru-

625 2083 854 2145 bescattt,
883 2081 1040 2150 quasi
1075 2082 1247 2144 dicas,
1278 2096 1342 2136 ue
1369 2081 1509 2135 ultra
1540 2082 1864 2135 erubescant
1892 2082 2030 2135 sicut
2057 2082 2185 2134 olint

623 2178 843 2244 quando
877 2182 947 2231 ob
977 2178 1380 2247 corruptionem
1416 2193 1576 2247 quam
1605 2178 1950 2247 patiebantur
1981 2179 2188 2246 pudore

624 2269 799 2324 allecti
828 2279 1002 2324 erant.
1038 2267 1163 2323 Haec
1186 2279 1364 2324 autent
1386 2270 1654 2324 sententia
1682 2288 1694 2323 :
1727 2268 2187 2338 Quando,inquit,

622 2377 721 2428 ego
749 2360 799 2413 id
835 2360 887 2412 in
917 2376 1002 2414 me
1038 2359 1273 2429 suscepi,
1297 2369 1354 2413 ut
1377 2377 1474 2430 pro
1511 2361 1615 2415 illis
1641 2373 1864 2415 mortem
1890 2371 2188 2430 gustarem,

622 2453 904 2508 abolentur
935 2455 1022 2508 illa
1058 2471 1153 2525 per
1193 2466 1422 2510 mortem
1453 2457 1584 2525 ipsis
1614 2457 1742 2510 olim
1773 2457 1918 2509 illata
1945 2455 2186 2510 infamia.

621 2545 755 2601 Nam
795 2564 943 2602 mors
984 2565 1109 2604 vere
1136 2547 1361 2604 infamia
1391 2558 1530 2610 erat,
1567 2549 1620 2602 in
1651 2550 1928 2603 hominem
1955 2551 2019 2603 ad
2051 2550 2186 2602 inta-

621 2641 799 2708 ginem
833 2642 922 2695 Dei
947 2649 1187 2695 creatum
1227 2657 1454 2710 regnum
1486 2642 1760 2696 obtinens.
1789 2641 2069 2707 Signiﬁcat
2097 2641 2190 2692 ita-

620 2746 725 2798 que
743 2747 840 2806 per
854 2733 971 2800 ejus
995 2733 1447 2788 resurrectionem
1473 2733 1538 2786 de
1561 2733 1736 2786 medio
1761 2733 2049 2786 tollendam
2071 2749 2191 2786 esse

621 2833 871 2882 mortem.
904 2823 1040 2881 IIuic
1074 2825 1503 2895 interpretationi
1537 2827 1850 2895 adjungitur
1880 2842 2071 2880 versus
2104 2827 2189 2880 isti

620 2920 964 2974 consimilis:
1000 2920 1123 2974 Non
1161 2919 1556 2985 confundantur
1596 2937 1752 2987 super
1787 2937 1863 2972 nte
1902 2921 1993 2989 qui
2043 2938 2188 2990 qucr-

621 3021 743 3062 runt
765 3010 1081 3065 te.Pulcltre
1108 3011 1361 3080 superius
1393 3022 1446 3088 et
1474 3011 1574 3065 ltoc
1601 3011 1726 3065 item
1767 3012 1883 3065 loco
1916 3013 2070 3076 dixit,
2102 3031 2190 3066 su-

619 3118 710 3168 per
737 3117 836 3155 me.
868 3101 1013 3168 Quia
1037 3104 1183 3157 enim
1224 3104 1336 3170 ipse
1368 3111 1486 3156 erat
1526 3103 1619 3171 qui
1653 3103 1960 3157 concitabat
1988 3122 2001 3168 ;
2035 3105 2078 3157 si
2113 3106 2188 3156 vi-

619 3205 740 3248 etus
777 3192 989 3255 fuisset.
1025 3195 1286 3265 pudorem
1311 3195 1576 3250 allaturus
1606 3204 1722 3249 erat
1746 3194 1811 3248 iis
1840 3195 1932 3263 qui
1964 3195 2065 3248 sibi
2093 3194 2189 3247 ob-

621 3293 1032 3355 temperassent,
1064 3295 1247 3356 utpote
1273 3286 1364 3356 qui
1396 3301 1492 3356 per
1521 3284 1766 3339 fraudem
1799 3295 1850 3340 et
1875 3286 2188 3341 facilitatem

619 3375 787 3429 animi
812 3376 1051 3444 pericula
1081 3376 1364 3430 adiissent.

695 3464 750 3530 8,
775 3465 827 3520 9.
849 3464 1110 3537 Quoniam
1131 3477 1344 3535 propter
1369 3475 1417 3518 te
1446 3465 1676 3518 sustinui
1700 3464 2056 3532 opprobrium.
2085 3464 2190 3518 Po-

620 3559 784 3625 stulo,
822 3559 1019 3628 inquit,
1049 3569 1107 3613 ut
1149 3575 1297 3614 mors
1325 3559 1389 3614 de
1421 3557 1601 3612 medio
1648 3558 1900 3624 tollatur,
1931 3559 2188 3628 quoniam

620 3648 878 3705 obediens
910 3649 1004 3704 tibi
1035 3647 1214 3704 factus
1243 3650 1414 3720 ipsam
1443 3649 1649 3718 accepi.
1685 3647 1985 3703 Extraneus
2018 3651 2190 3719 factus

619 3758 736 3798 sunt
762 3739 1019 3817 [ratribus
1056 3743 1203 3796 meis.
1237 3740 1350 3796 lloc
1383 3741 1458 3796 ait
1488 3741 1616 3812 quia
1650 3749 1891 3812 tempore
1921 3742 2193 3812 passionis

620 3840 689 3890 ab
713 3835 971 3891 omnibus
1003 3835 1292 3890 derelictus
1318 3843 1420 3890 est.

695 4012 778 4066 IO.
806 4011 1069 4082 Quoniam
1096 4015 1237 4068 zelus
1264 4015 1450 4069 domus
1479 4024 1583 4069 tute
1613 4015 1835 4068 comedit
1859 4033 1956 4069 me.
1991 4015 2071 4071 Me
2092 4016 2190 4069 ab—

622 4117 906 4178 negaruut,
939 4107 1140 4179 inquit,
1169 4109 1296 4178 quia
1326 4109 1687 4177 coarguebattt
1720 4125 1814 4165 eos
1855 4110 2001 4179 quod
2038 4110 2191 4181 impii

620 4201 672 4254 itt
705 4203 927 4258 domum
965 4213 1113 4258 tuam
1164 4213 1367 4257 essent.
1408 4201 1641 4257 Enarrat
1680 4213 1862 4256 autem
1903 4203 2194 4258 historiam

618 4295 819 4348 diserte
839 4291 1099 4356 Joannes,
1119 4295 1263 4363 quod
1296 4294 1506 4362 ﬂagello
1546 4295 1765 4364 ejeecrit
1802 4311 1897 4349 eos
1943 4296 2009 4349 de
2058 4304 2192 4348 tem-

621 4385 707 4454 plo
721 4387 784 4437 ".
801 4384 870 4438 Et
884 4386 1160 4454 opprobria
1176 4386 1604 4456 exprobrantium
1622 4387 1715 4439 tibi
1734 4387 2026 4439 ceciderunt
2040 4403 2194 4455 super

622 4495 721 4532 me.
759 4475 876 4532 Non
904 4477 1092 4543 modo,
1123 4479 1322 4549 inquit,
1343 4487 1635 4534 extraneas
1665 4477 1841 4533 factus
1869 4495 1987 4534 sum
2015 4488 2066 4532 et
2099 4494 2192 4547 pe-

2288 2014 2341 2064 τὶ
2362 2011 2477 2075 τοῦ,
2504 2011 2571 2064 δι’
2591 2011 2712 2080 ἐμὲ,
2731 2011 2849 2082 ἦτοι
2876 2009 2963 2063 διὰ
2981 2009 3076 2063 τοῦ
3107 2009 3239 2080 ὲ.μοῦ
3269 2010 3408 2081 ὑπὲρ
3441 2010 3617 2063 αὐτῶν
3645 2009 3877 2073 πάθον-ς’

2288 2103 2349 2155 τὸ
2380 2103 2456 2164 δὲ,
2511 2103 2607 2170 Μὴ
2658 2103 3162 2171 αἰσχυνθείησαν,
3215 2102 3334 2154 ἀντὶ
3372 2101 3489 2166 τοῦ,
3551 2103 3747 2173 μηκέτι
3789 2105 3880 2155 αἱ-

2291 2193 2667 2264 σχννοείησαν,
2720 2194 2795 2256 ὠς
2844 2194 3010 2247 πάλαι
3062 2193 3240 2246 οὔτῶν
3290 2195 3763 2264 ᾐσχυνομένωνδι’
3812 2198 3884 2263 ἢν

2291 2285 2586 2354 ὑπέμειναν
2625 2283 2849 2354 φθοράν.
2889 2285 2947 2337 Ὀ
2986 2285 3041 2338 δὲ
3084 2284 3208 2345 νοῦς
3244 2278 3417 2347 οὗτος·
3468 2285 3684 2355 Ἐπειδὴ
3741 2285 3879 2354 ἐγὼ,

2291 2379 2443 2448 φησι,
2469 2377 2836 2447 κατεδεξάμην
2874 2377 3013 2448 ὑπὲρ
3050 2377 3228 2430 αὐτῶν
3267 2376 3563 2446 γεύσασθαι
3615 2377 3878 2442 θανάτου,

2292 2467 2600 2538 ἀναιρεθείη
2653 2469 2686 2538 ἡ
2735 2468 2901 2521 πάλαι
2957 2472 3076 2521 κατ’
3111 2468 3289 2521 αὐτῶν
3342 2469 3603 2539 γενομένη
3651 2469 3739 2520 διὰ
3786 2469 3882 2522 τὶν

2292 2560 2519 2613 θάνατον
2559 2559 2810 2631 αἰσχύνη.
2859 2561 3098 2632 Αἰσχύνη
3157 2560 3266 2631 γὰρ
3296 2557 3364 2632 ἦν
3397 2562 3490 2614 τοῦ
3545 2564 3663 2616 κατ’
3691 2563 3881 2614 εἰκόνα

2291 2650 2424 2703 Θεοῦ
2449 2652 2760 2714 κτισθέντος
2789 2652 3078 2723 ἀνθρώπου
3113 2652 3411 2721 βασιλεύων
3435 2655 3462 2703 ὁ
3492 2653 3738 2715 θάνατος.
3772 2653 3880 2722 Ση-

2296 2743 2475 2811 μσιίνει
2505 2738 2620 2808 οὖν,
2642 2743 2717 2806 ὡς
2747 2743 2835 2795 διὰ
2865 2744 2962 2813 τῆς
3018 2743 3184 2795 αὖτοῦ
3234 2744 3580 2806 ἀναστάσεως
3610 2746 3674 2795 ἐκ
3708 2747 3880 2814 μέσον

2299 2837 2586 2905 γενήσεται
2633 2839 2660 2889 ὁ
2710 2835 2956 2898 θάνατος.
2996 2835 3270 2905 Συνῆπται
3316 2831 3410 2887 οὖν
3467 2836 3522 2887 ἐν
3578 2835 3753 2907 ταύτῃ
3804 2839 3877 2906 τῇ

2293 2925 2557 2996 ἑρμηνείᾳ
2588 2927 2678 2978 καὶ
2723 2929 2750 2979 ό
2793 2926 2976 2996 ἕτερος
3004 2927 3203 2996 στίχος,
3254 2926 3495 2980 ότυύτου
3553 2927 3875 2998 παρόμοιος

2294 3016 2456 3080 Μηδὲ
2502 3017 2947 3085 ἐντραπείησαν
2997 3019 3089 3069 ἐπ’
3147 3017 3252 3086 ἐμὲ
3306 3021 3361 3071 ot
3415 3017 3731 3084 ζητοῦντές
3778 3036 3877 3074 σε.

2295 3107 2488 3171 Καλῶς
2514 3109 2606 3161 καὶ
2633 3108 2744 3161 ἄνω
2772 3106 2891 3161 εἷπε
2943 3111 3022 3172 τὸ,
3051 3110 3142 3162 ἐπ’
3173 3108 3302 3178 ἐμὲ,
3358 3110 3451 3162 καὶ
3481 3103 3604 3162 ὧδε.
3653 3111 3880 3180 Ἐπειδὴ

2295 3202 2402 3274 γὰρ
2459 3202 2622 3264 αὐτὸς
2667 3198 2734 3273 ἦν
2797 3203 2824 3254 ὁ
2891 3202 3235 3274 προτρέψας,
3295 3202 3546 3273 ἡττηθεὶς
3602 3201 3876 3273 αἰσχύνην

2297 3293 2458 3364 ἔφερε
2490 3294 2600 3354 τοῖς
2657 3291 2976 3356 πεισθεῖσιν,
3027 3292 3102 3355 ὡς
3151 3294 3332 3363 ἀπάτῃ
3382 3295 3475 3344 καὶ
3512 3291 3731 3363 εὐκολίᾳ
3785 3293 3882 3345 τὸν

2297 3381 2536 3433 κίνδυνον
2565 3380 2857 3450 ἑλομένοις.

2370 3472 2497 3524 ’Ὅτι
2530 3471 2709 3525 ἕνεκά
2756 3488 2872 3524 σου
2925 3471 3236 3539 ὑπήνεγκα
3293 3471 3658 3540 όνειδισμόν.
3702 3469 3878 3532 Λῖτῶ,

2298 3563 2481 3633 φησὶν,
2526 3561 2766 3615 ἐκποδὼν
2811 3563 3063 3630 γενέσθαι
3113 3563 3202 3615 τὸν
3267 3562 3516 3616 θάνατον·
3563 3563 3751 3634 ἐπειδὴ
3781 3564 3881 3616 καί

2299 3672 2380 3708 σοι
2407 3655 2646 3724 γεγονὼς
2681 3656 2939 3727 ὑπήκοος,
2973 3656 3135 3709 aut?»
3160 3655 3558 3726 ἁναδέδειγμαι.
3586 3657 3886 3723 24.177.110-

2301 3746 2614 3816 τριωμένος
2653 3747 2950 3816 ἐγενήθην
3010 3746 3133 3811 τοῖς
3178 3745 3462 3814 ἀδελφοῖς
3511 3766 3651 3815 μου.
3705 3748 3887 3802 Τοῦτό

2299 3855 2431 3907 φησι
2461 3839 2546 3891 διὰ
2570 3839 2667 3908 τὴν
2697 3839 2993 3907 γενομένην
3024 3837 3171 3906 αὐτῷ
3220 3837 3311 3888 ἐπὶ
3341 3837 3434 3889 τοῦ
3471 3837 3676 3900 πάθους
3729 3843 3883 3911 παρὰ

2299 3929 2513 3986 πάντων
2547 3931 2711 3996 ὲγκατ
2722 3929 2810 3980 ἀλε
2819 3927 2926 3997 ισᾷιν
2936 3970 2948 3982 .

2371 4021 2498 4074 Ὅτι
2526 4023 2558 4073 ό
2586 4017 2761 4086 ζῆλος
2794 4019 2898 4071 τοῦ
2922 4020 3090 4074 οἴκου
3114 4037 3228 4074 σου
3253 4021 3544 4090 κατέμαγέ
3563 4038 3657 4090 με.
3689 4021 3888 4094 Ἦρνή-

2302 4112 2461 4164 σαντό
2493 4129 2579 4182 με,
2608 4113 2791 4183 φησὶν,
2821 4112 3006 4182 ἐπειδὴ
3037 4113 3263 4183 ἤλεγχον
3317 4116 3532 4177 ἀσεϐεῖς
3561 4115 3756 4177 αὐτοὺς
3787 4132 3885 4183 γε-

2300 4203 2556 4273 νομένους
2600 4204 2728 4274 περὶ
2773 4202 2863 4254 τὸν
2908 4198 3054 4254 οἷκον
3087 4205 3176 4256 τὸν
3227 4206 3333 4256 σόν.
3371 4206 3645 4273 Διηγείται
3695 4204 3752 4256 δὲ
3780 4204 3882 4274 τὴν

2301 4293 2539 4365 ἱστορίαν
2574 4292 2760 4363 σαφῶς
2793 4295 2820 4345 ὀ
2857 4295 3126 4364 Ἰωάννης·
3157 4295 3244 4346 ὅτε
3293 4295 3512 4360 ἐξέϐαλε
3545 4295 3682 4365 μετὰ
3711 4312 3886 4365 φραγ-

2299 4386 2478 4454 γελίου
2516 4387 2578 4437 ὲκ
2601 4385 2692 4438 τοῦ
2719 4385 2884 4455 ἱεροῦ.
2914 4387 3020 4439 Καὶ
3075 4389 3128 4439 ot
3170 4386 3497 4454 ὀνειδισμοὶ
3566 4387 3686 4438 τῶν
3724 4389 3881 4440 ὀνει-

2297 4478 2576 4538 διζόντων
2617 4495 2690 4532 σε
2732 4479 3035 4533 ἐπέπεσον
3079 4478 3170 4530 ἐπ’
3204 4479 3324 4546 ἐμέ.
3383 4479 3456 4532 Οὐ
3505 4478 3663 4550 μόνον
3728 4478 3882 4544 ξένος

619 4569 891 4639 rcgrinus,
917 4570 1009 4624 sed
1040 4569 1206 4625 etiam
1233 4569 1520 4640 opprobria
1550 4569 1886 4626 sustinebam
1913 4569 1981 4624 ab
2009 4570 2074 4624 iis
2098 4571 2191 4639 qui

2299 4570 2582 4640 ἐγενήθην,
2636 4572 2791 4641 φησὶ,
2848 4573 2941 4624 καὶ
2997 4571 3529 4642 ἀπηλλοτριωμένος,
3585 4569 3724 4623 ἀλλὰ
3786 4573 3880 4622 xz!

615 4678 714 4732 per
743 4663 884 4716 mala
911 4679 1071 4733 opera
1109 4664 1512 4733 exprobrabant
1543 4664 1664 4718 tibi.
1690 4661 1846 4716 Nulla
1878 4674 2060 4717 autem
2086 4663 2188 4716 alia

616 4758 682 4812 de
719 4771 886 4813 causa
937 4756 990 4810 id
1046 4757 1312 4827 patiebar,
1365 4757 1468 4811 nisi
1501 4766 1722 4827 prepter
1769 4757 1945 4811 zelum
1995 4756 2191 4812 domus

618 4859 744 4901 H.112.

695 4941 881 4996 Il-l5.
916 4939 984 4995 Et
1015 4941 1198 5010 operui
1229 4943 1284 4994 in
1327 4940 1534 5011 jejunio
1586 4943 1818 4995 anintam
1862 4957 2051 5003 nteant,
2083 4950 2186 4994 etc.

619 5030 842 5096 Dolens,
864 5032 1063 5102 inquit,
1092 5039 1158 5086 de
1186 5030 1366 5085 futura
1387 5031 1689 5086 animarum
1711 5046 1896 5085 eorum
1936 5031 2193 5101 pernicie,

619 5125 722 5174 huc
751 5130 916 5191 atque
960 5122 1093 5176 illud
1140 5123 1386 5192 agebam.
1415 5121 1494 5175 Illi
1525 5138 1650 5176 vero
1679 5137 1774 5191 pro
1815 5122 2016 5190 quibus
2045 5121 2193 5189 ejus-

619 5214 763 5267 modi
817 5229 904 5268 res
951 5211 1273 5275 efﬁciebant,
1304 5213 1451 5265 omni
1498 5221 1739 5281 tempore
1779 5221 1830 5263 et
1870 5211 1990 5265 loco
2025 5225 2110 5263 me
2136 5211 2190 5263 itt

618 5319 714 5358 ore
745 5303 1057 5368 versabant,
1090 5302 1483 5372 exprobrantes
1532 5303 1665 5356 mihi
1701 5302 2092 5356 macerationes
2128 5302 2190 5354 it-

620 5397 700 5449 las
728 5411 865 5465 quas
889 5410 1078 5448 eorunt
1108 5409 1272 5450 caUsa
1298 5394 1659 5448 sustinebant.

699 5485 782 5538 H.
837 5483 945 5555 Ego
993 5501 1108 5539 vero
1161 5486 1453 5538 orationem
1508 5501 1676 5537 meum
1723 5483 1790 5536 ad
1841 5494 1906 5551 te,
1948 5484 2188 5540 Domine.

625 5577 871 5643 Etiamsi,
905 5577 1098 5646 inquit,
1137 5577 1504 5635 retribuerunt
1554 5577 1682 5630 ntilti
1709 5577 1845 5628 mala
1887 5591 1984 5645 pro
2012 5576 2189 5640 bonis,

622 5681 672 5719 at
701 5682 800 5736 ego
830 5683 938 5722 non
981 5669 1143 5722 linem
1168 5668 1308 5722 facio
1335 5682 1523 5737 preces
1558 5681 1655 5735 pro
1704 5665 1768 5720 iis
1799 5665 2080 5718 ollercndi.
2128 5663 2192 5716 Et

615 5846 771 5917 ίίηι
808 5846 931 5902 (ῘΟΓ-
971 5861 1008 5908 ἰν
1038 5845 1122 5898 93.
1210 5847 1252 5874 ⁸⁸
1284 5844 1301 5898 I
1331 5847 1454 5900 Cor.
1492 5862 1536 5910 ν,
1578 5845 1661 5897 3i.
1726 5846 1766 5874 "l
1803 5840 1956 5896 .Iuatt.
1999 5857 2052 5906 tl,
2086 5842 2167 5897 15.

2297 4661 2651 4733 ὠνειδιζόμην
2680 4663 2735 4728 ἐξ
2769 4663 2994 4717 ἐκείνων
3056 4661 3152 4715 τῶν
3206 4664 3312 4715 ἀπὸ
3343 4661 3592 4734 πονηρῶν
3624 4659 3880 4730 πράξεων

2297 4753 2657 4818 ὀνειδιζόντων
2723 4771 2801 4807 σε.
2853 4754 3110 4808 Διόὑδὲν
3167 4753 3223 4806 δὲ
3277 4754 3461 4824 ἕτερον
3532 4751 3597 4803 τὰ
3652 4751 3880 4803 τοιαῦτα

2299 4846 2533 4916 ἔπασχον
2554 4845 2585 4916 ἦ
2610 4845 2698 4897 διὰ
2735 4845 2823 4897 τὸν
2850 4845 3010 4916 ζῆλον
3056 4846 3150 4898 τοῦ
3180 4846 3328 4897 οἷκον
3358 4860 3471 4896 σου.

2371 4938 2480 4990 Kal
2509 4938 2907 5006 συνεκάλυψιι
2940 4939 3008 4990 ἐν
3049 4938 3296 5004 νηστείᾳ
3323 4935 3434 5002 τὴν
3484 4935 3697 5003 ψυχήν
3735 4951 3876 5000 μοι’.

2310 5030 2531 5097 Ἀλγῶν,
2591 5031 2743 5101 φησὶ,
2802 5029 2887 5082 διὰ
2924 5033 3021 5100 τὴν
3056 5030 3317 5097 ἐσομένην
3363 5027 3543 5079 αὐτῶν
3601 5024 3878 5077 ἀπώλειαν

2293 5117 2400 5170 τῶν
2421 5119 2630 5190 ψυχῶν,
2659 5121 2717 5172 τὸ
2775 5120 2869 5172 καὶ
2902 5120 2962 5170 τὸ
3003 5119 3239 5171 ἐποίουν.
3291 5119 3352 5171 Οἱ
3403 5117 3459 5169 δὲ
3503 5117 3642 5186 ὑπὲρ
3685 5108 3760 5167 ὧν
3812 5118 3881 5168 τὰ,

2293 5210 2519 5262 τοιαῦτα
2554 5210 2815 5282 ἕόρων,ὲν
2845 5210 3006 5262 παντὶ
3041 5207 3216 5279 καιρῷ
3252 5210 3345 5261 καὶ
3375 5208 3521 5275 τόπῳ
3550 5206 3641 5257 ἐπὶ
3676 5205 3875 5275 στόμαο

2293 5319 2382 5363 τος
2415 5302 2514 5370 ἐμὲ
2550 5303 2762 5372 ἔφερον,
2794 5302 2858 5364 ἃς
2902 5301 3039 5374 ὑπὲρ
3073 5301 3251 5354 αὐτῶν
3301 5299 3596 5366 ἐποιούμην
3632 5314 3880 5350 κακοπα-

2299 5393 2447 5455 θείας
2479 5394 2825 5458 ὀνειδίζοντές
2862 5413 2948 5464 με.

2384 5486 2530 5555 Ἐγὼ
2552 5487 2617 5537 δὲ
2657 5485 2724 5552 τῇ
2754 5487 3064 5556 προσευχῇ
3119 5503 3237 5556 μου
3267 5485 3415 5552 πρὸς
3460 5483 3554 5544 σὲ,
3590 5482 3787 5548 Κύριε.
3819 5478 3876 5530 ΕΞ

2303 5577 2391 5629 καὶ
2424 5578 2651 5648 πονηρὰ,
2684 5578 2867 5646 φησιν,
2897 5577 3313 5630 ἀνταπεδίδοσάν
3349 5593 3436 5645 μοι
3473 5574 3593 5626 ἀντὶ
3635 5572 3874 5639 ἀγαθῶν,

2302 5670 2413 5722 ἀλλ’
2442 5666 2531 5723 οὗν
2557 5670 2653 5732 τὰς
2685 5671 2823 5740 ὑπὲρ
2857 5671 3034 5724 αὐτῶν
3077 5670 3186 5738 ἐγὼ
3234 5671 3293 5723 οὺ
3332 5671 3576 5736 παύομαι
3619 5664 3872 5734 ποιοῦμεν
