4034 6444
179 360 288 415 309

1251 372 1612 432 EXPOSITIO
1651 375 1712 429 IN
1755 375 2084 434 PSALMUM
2124 375 2352 434 LXVIII.

3317 376 3424 432 310

177 473 640 561 νοςπροσευχάς.
689 477 796 530 Καὶ
827 475 982 532 τοῦτο
1037 479 1192 546 δῆλον
1244 481 1302 548 ἐξ
1337 477 1411 537 ὧν
1449 484 1752 556 παρέθηκεν

1864 489 1967 542 hoc
2017 489 2362 544 manifestum
2407 497 2518 551 est,
2548 489 2693 560 quod
2745 489 3074 561 evangelista
3098 503 3222 543 eum
3265 488 3424 543 nobis

171 559 346 612 αὐτὸν
378 563 407 615 6
434 564 843 638 εὐαγγελιστὴς,
894 571 985 622 καὶ
1029 571 1178 640 παρά
1244 573 1320 642 τῷ
1371 575 1586 646 σταυρῷ
1615 578 1753 647 ὑπὲρ

173 650 284 702 τῶν
310 659 688 726 σταυροῦντων
715 659 1021 731 εὐχόμενον.
1057 663 1268 731 Καιρύς
1311 667 1605 733 εὐδοκίας.
1627 669 1755 722 Ὅτε

169 736 328 808 ἦλθε
361 744 429 796 τὸ
461 745 752 816 πλήρωμα
806 752 912 805 τοῦ
966 755 1212 821 χρόνου,
1249 756 1677 820 ἐξαπέστειλεν
1722 763 1754 812 ό

173 834 328 899 Θεὸς
346 837 456 889 τὸν
492 839 628 891 Υιὸν
655 841 841 894 αὑτοῦ
886 845 1210 912 γενόμενον
1233 847 1301 899 ἐκ
1326 852 1631 915 γυναικὸς,
1662 869 1754 921 γε·

170 925 440 991 νόμενον
465 930 582 982 ὑπὸ
616 932 823 999 νόμον,
855 934 954 986 ἵνα
1009 936 1152 1002 τοὺς
1181 939 1296 991 ὑπὸ
1335 941 1524 1008 νόμον
1550 942 1755 1012 ἐξαγο-

169 1013 358 1082 ράσῃ.
403 1017 461 1069 '0
494 1021 573 1082 εἰς
598 1019 756 1073 τοῦτο
812 1020 980 1076 ἐλθών
1027 1041 1180 1095 φησι’
1213 1028 1427 1096 Καιρὸς
1454 1030 1750 1097 εὐδοκίας,

171 1106 204 1156 ό
237 1106 408 1170 Θεός.

243 1195 463 1250 Σῶσόν
479 1217 556 1268 με
581 1201 696 1254 ἀπὸ
752 1205 970 1271 πηλοῦ,
1003 1207 1102 1258 ἵνα
1133 1207 1220 1276 μὴ
1267 1208 1527 1280 ἐμπαγῶ.
1568 1215 1754 1269 Ταῦτα

169 1281 238 1356 ἦν
269 1287 305 1340 ἃ
367 1292 458 1343 καὶ
503 1296 932 1366 προσευχόμενος
988 1299 1125 1371 ὑπὲρ
1173 1302 1274 1371 τῆς
1338 1304 1752 1377 ἀνθριιγπότητος

175 1377 437 1447 ἔκραζεν,
478 1384 553 1447 ὡς
602 1387 696 1438 κοιλ¹
741 1388 917 1456 λέγειν
979 1391 1171 1445 αὐτόν’
1238 1395 1666 1466 Ἐὄραγχίασεν
1720 1404 1753 1454 ὀ

169 1470 413 1540 λάρυγξ
460 1493 600 1543 μου.
636 1479 707 1531 Τὸ
755 1480 834 1544 δὲ,
879 1482 1257 1554 ἑϐραγκίαονε,
1279 1488 1340 1541 τὸ
1391 1490 1606 1556 ἐκτενὲς
1653 1494 1752 1565 τῆς

172 1567 487 1636 προσευχῆς
525 1585 732 1640 καταση
743 1573 938 1643 μαίνει.

245 1655 345 1724 Μή
370 1675 450 1726 με
478 1667 965 1719 καταποντισάτω
1015 1671 1282 1739 καταιγὶς
1307 1672 1544 1741 ὕδατος,
1598 1677 1753 1745 μηδὲ

1858 581 1912 634 in
1957 596 2118 636 cruce
2158 597 2256 652 pro
2299 581 2740 651 cruciﬁgentibus
2783 593 3026 637 orantem
3055 589 3420 650 repraesentet.

1860 673 2080 744 Tempus
2117 674 2442 743 beneplacili,
2471 675 2628 729 Deus.
2672 673 2768 727 Ubi
2807 677 2939 728 venit
2981 673 3252 743 plenitudo
3293 682 3424 724 tent-

1854 767 2020 834 poris,
2051 768 2192 819 misit
2232 767 2366 820 Deus
2422 766 2620 820 Filium
2666 783 2820 818 suum
2864 768 3064 836 factum
3091 780 3155 818 ex
3183 761 3418 824 muliere,

1855 859 2058 927 factum
2109 859 2202 911 sub
2249 859 2390 928 lege,
2441 868 2496 911 ut
2539 875 2624 912 eos
2669 859 2760 926 qui
2810 857 2903 911 sub
2943 857 3051 927 lege
3086 864 3236 909 erant
3283 852 3423 906 redi-

1855 957 2012 999 meret
2041 947 2106 999 ⁸³.
2144 948 2244 1012 Qui
2280 948 2345 1002 ad
2375 949 2476 1002 hoc
2506 949 2650 1002 venit
2679 948 2753 1002 ait
2788 966 2802 1001 :
2836 947 3056 1014 Tempus
3087 944 3420 1014 beneplaciti,

1853 1033 2014 1089 Deus.

1923 1207 2008 1261 ‘15.
2041 1206 2198 1268 Eripe
2230 1225 2309 1262 me
2331 1210 2394 1263 de
2418 1210 2529 1263 luto
2573 1219 2629 1263 ut
2663 1227 2766 1263 non
2805 1211 3015 1280 inﬁgar.
3063 1206 3189 1262 Ητεο
3213 1207 3419 1261 clama-

1852 1296 1944 1351 bat
1972 1315 2094 1353 cum
2129 1315 2226 1368 pro
2256 1302 2490 1355 humana
2519 1311 2710 1356 natura
2741 1310 3078 1371 precaretur,
3117 1301 3188 1353 ita
3234 1308 3294 1352 ut
3333 1299 3418 1352 di-

1852 1402 1996 1446 ceret
2037 1410 2050 1445 :
2084 1391 2276 1445 Rauca:
2321 1394 2475 1463 facile
2503 1405 2624 1447 sunt
2666 1395 2842 1464 fauces
2868 1410 3012 1447 more.
3048 1393 3179 1445 Illud
3213 1400 3416 1452 autem,

1851 1480 2045 1540 Ranae
2091 1485 2247 1554 facta
2291 1495 2434 1553 sunt,
2498 1487 2891 1541 vehementiam
2943 1484 3206 1539 orationis
3252 1483 3418 1553 signi-

1849 1566 1992 1627 Iicat.

1923 1664 2006 1730 16,
2041 1664 2125 1718 I7.
2167 1663 2288 1719 Non
2318 1683 2397 1720 me
2437 1667 2701 1736 demergat
2744 1676 3022 1736 tempestas
3065 1681 3234 1737 aqua,
3259 1680 3421 1736 nequc

118 1757 126 1764 °
169 1748 508 1803 καταπιέτω
540 1770 618 1821 με
658 1755 870 1823 βυθός.
902 1758 1068 1831 Ὄρου
1105 1763 1201 1814 καὶ
1242 1766 1486 1835 κατάρας
1519 1769 1748 1839 φρικτῆς

1852 1753 2123 1808 absorbent
2149 1772 2230 1809 me
2247 1756 2590 1826 profundum.
2619 1757 2753 1811 Cum
2794 1758 3069 1813 decretum
3101 1765 3156 1811 et
3195 1756 3422 1810 maledi-

169 1841 568 1912 προκειμένης,
601 1844 686 1898 ἵνα
719 1846 820 1900 κᾶν
853 1828 1081 1916 ἄγγελος
1107 1828 1631 1926 εὐαγγελίιῆταιϊῆ
1667 1828 1746 1911 δἰῇ

1852 1844 1958 1898 ctio
1988 1846 2263 1914 pr0posita
2296 1846 2424 1911 sint,
2449 1855 2508 1900 ut
2533 1846 2580 1901 si
2605 1847 2688 1902 vel
2719 1847 2945 1917 angelus
2969 1845 3303 1917 evangelizet
3325 1855 3421 1899 aut

169 1929 311 2026 (:qu
329 1934 480 2026 ημᾶς
505 1939 633 2008 παρ’
665 1939 693 1991 ὃ
726 1942 754 1993 6
782 1941 989 2008 Παῦλος
1021 1945 1274 2011 ἐδίδαξεν,
1310 1947 1557 2018 ἀνάθεμα
1587 1949 1745 2004 ἔστω.

171 2021 271 2084 Τίς
298 2021 447 2077 ἐστιν
488 2027 516 2077 6
551 2028 994 2102 ὑπερκεφαλῆσαι
1029 2033 1258 2099 Παῦλον,
1308 2037 1506 2107 μᾶλλον
1555 2039 1612 2093 δὲ
1657 2042 1748 2095 τὸν

172 2117 233 2166 ὲν
258 2115 409 2186 αὐτῷ
431 2116 694 2174 λαλοῦντα
749 2124 980 2194 Χριστὸν
1041 2126 1361 2198 δυνάμενος;
1423 2132 1629 2184 Οὐκοῦν
1658 2134 1751 2187 καὶ

171 2207 256 2269 εἰς
299 2209 490 2262 ἑαυτὸν
522 2213 621 2282 τὴν
640 2215 895 2287 τοιαύτην
954 2218 1116 2288 εὐχὴν
1169 2220 1446 2290 ἀναφέρει,
1475 2225 1569 2275 καὶ
1609 2241 1751 2294 μαρ-

169 2297 332 2383 τυρεῖ
361 2296 622 2366 λέγων.ὲν
673 2305 737 2373 τῇ
783 2305 922 2375 πρὸς
978 2306 1257 2378 Ἐϐραίους
1313 2311 1619 2383 Ἐπιστολῇ,
1669 2315 1749 2366 ὅτι

169 2382 244 2436 ἐν
269 2386 401 2451 ταῖς
436 2390 679 2458 ἡμέραις
703 2394 811 2462 τῆς
843 2397 1067 2465 σαρκὸς
1099 2399 1306 2462 αὑτοῦ,
1358 2382 1632 2456 τουτέστιν
1658 2405 1750 2458 ἐπὶ

170 2474 268 2527 τὸν
303 2479 532 2547 σταυρὸν
567 2483 876 2552 ἐρχόμενος,
929 2488 1168 2556 δεήσεις
1207 2507 1269 2544 τε
1319 2493 1416 2546 καὶ
1455 2497 1750 2564 ἱκετηρίας

172 2565 313 2635 πρὸς
343 2569 435 2621 τὸν
465 2570 757 2644 δυνάμενον
779 2575 969 2642 σώζειν
993 2581 1154 2635 αὐτὸν
1214 2585 1278 2636 ἐκ
1325 2584 1574 2651 Θανάτου,
1600 2605 1752 2640 τουτ-

173 2655 292 2709 έστι
324 2661 460 2730 πρὸς
503 2663 594 2716 τὸν
627 2667 864 2738 Πατέρα,
890 2671 1038 2738 μετὰ
1072 2674 1336 2742 κραυγῆς
1371 2675 1625 2743 ἰσχυρᾶς
1651 2677 1749 2731 καί

171 2748 449 2820 δακρύων
481 2760 838 2830 προσήνεγκε,
879 2765 976 2819 καὶ
1033 2769 1447 2834 εἰσακουσθεὶς
1493 2769 1610 2822 ἀπὸ
1642 2769 1756 2839 τῆς

173 2846 518 2913 εὐλαϐείαςο
555 2851 756 2922 καίπερ
795 2853 870 2906 ὢν
931 2855 1076 2920 Υἱὸς,
1124 2857 1322 2928 ἔμαθεν
1358 2860 1449 2927 ἀφ’
1480 2853 1554 2914 ὧν
1580 2861 1746 2917 ἔπαθε

177 2936 570 3026 Ῡπακοήν.
604 2941 868 2997 Ἐνταῦθα
898 2946 1127 3011 Παῦλος,
1156 2949 1353 3018 μᾶλλον
1386 2951 1442 3004 δὲ
1465 2953 1493 3004 6
1515 2954 1573 3006 ὲν
1603 2954 1749 3026 αὐτῷ

175 3020 356 3075 λαλῶν
391 3025 644 3095 Χριστὸς,
669 3031 763 3083 καὶ
791 3032 862 3085 τά
892 3051 1077 3106 σεσιγη
1087 3039 1221 3108 μένα
1247 3041 1339 3092 καὶ
1362 3041 1613 3097 λείποντα
1636 3020 1748 3108 τοῖς

1849 1939 2043 1990 doceat
2071 1951 2170 1990 nos
2209 1945 2401 2005 praeter
2428 1952 2491 1991 ea
2513 1952 2630 2008 qua:
2650 1937 2854 1993 Paulus
2886 1937 3092 2002 docuit,
3129 1937 3418 1990 anathema

1851 2026 1941 2091 sit,
1975 2027 2100 2097 quis
2123 2036 2209 2083 est
2237 2029 2327 2097 qui
2350 2027 2520 2084 Paulo
2554 2029 2668 2084 sive
2692 2030 2875 2098 potius
2898 2029 3118 2085 Christo
3151 2030 3204 2083 in
3233 2045 3300 2085 eo
3336 2029 3417 2083 lo-

1850 2120 2036 2188 quenti
2073 2120 2321 2190 superior
2367 2135 2487 2174 esse
2532 2117 2843 2189 possit?Ad
2885 2136 3006 2175 sese
3040 2121 3204 2191 igitur
3233 2119 3417 2186 (Chri-

1851 2210 1989 2281 stus)
2019 2211 2154 2263 hanc
2204 2209 2570 2279 precationem
2602 2208 2788 2274 refert,
2822 2219 2881 2264 ut
2923 2211 3240 2264 testiﬁcatur
3274 2212 3418 2278 Apo~

1851 2302 2023 2356 stolus
2051 2303 2105 2354 in
2137 2300 2378 2370 Epistola
2409 2301 2476 2354 ad
2515 2299 2791 2366 Hebraeos,
2823 2303 2969 2373 quod
3002 2303 3054 2355 in
3080 2304 3262 2357 diebus
3302 2319 3419 2356 car-

1851 2397 1932 2448 nis
1959 2410 2090 2456 sine,
2125 2394 2229 2448 hoc
2260 2401 2342 2448 est
2371 2409 2495 2447 cum
2526 2393 2605 2449 ad.
2623 2408 2839 2448 crucem
2873 2396 3110 2451 venisset
3130 2437 3146 2459 ,
3181 2399 3419 2450 obsecra-

1854 2488 2017 2541 tiones
2047 2495 2096 2541 et
2121 2485 2526 2556 supplicationes
2551 2502 2668 2539 cum
2691 2485 2866 2539 valido
2909 2487 3136 2540 clamore
3164 2499 3316 2557 atque
3338 2487 3420 2541 la-

1851 2578 2041 2645 crymis
2091 2577 2342 2644 offerebat
2387 2577 2437 2630 ei
2487 2577 2583 2645 qui
2641 2585 2852 2645 poterat
2895 2577 3072 2646 ipsum
3124 2578 3354 2630 liberare
3389 2594 3417 2631 a

1850 2678 2043 2728 morte.
2079 2667 2129 2720 id
2180 2676 2264 2722 est
2293 2666 2459 2733 Patri,
2487 2677 2541 2722 et
2578 2669 2864 2722 exauditus
2901 2681 2979 2722 est
3005 2686 3099 2740 pro
3139 2687 3235 2723 sua
3283 2685 3420 2723 reve-

1850 2762 2020 2815 rentia
2041 2761 2117 2814 "z
2148 2760 2271 2814 licet
2297 2759 2468 2814 Filius
2497 2770 2658 2824 esset,
2692 2759 2914 2814 edidicit
2941 2778 3005 2816 ex
3031 2763 3292 2832 passione
3321 2778 3418 2817 sua

1850 2853 2236 2908 obedientiam.
2273 2850 2371 2905 Hic
2411 2849 2640 2914 Paulus,
2678 2850 2787 2905 imo
2832 2853 3014 2922 potius
3065 2853 3156 2921 qui
3211 2853 3264 2906 in
3301 2853 3419 2922 ipso

1852 2945 2170 3016 loquebatur
2193 2944 2462 3008 Christus,
2488 2960 2609 3014 quae
2636 2944 2689 2998 in
2713 2945 3016 3016 Erangeliis
3048 2945 3263 2999 silentio
3284 2959 3421 3014 prae-

1850 3037 2102 3092 termissa
2131 3046 2280 3105 sunt,
2319 3052 2419 3091 nos
2452 3038 2687 3100 edocuit,
2722 3039 2945 3108 quando
2972 3038 3132 3105 dixit,
3165 3055 3283 3092 cum
3311 3037 3422 3092 cla-

176 3112 586 3210 εὑαγγελισταῖς
611 3121 756 3189 ἡμᾶς
786 3124 1011 3192 ἐδίδαξε,
1031 3129 1180 3196 μετὰ
1203 3131 1468 3201 κραυγῆς
1497 3134 1747 3203 ἰσχυρᾶς

1854 3146 1994 3184 more
2034 3129 2207 3184 valido
2240 3141 2289 3184 et
2319 3131 2568 3200 lacrymis
2613 3132 2872 3186 emissam
2919 3132 3090 3188 fuisse
3117 3134 3420 3187 orationem

315 3202 589 3275 δακρύων
633 3211 804 3282 λέγων
833 3219 1082 3284 γενέσθαι
1112 3220 1210 3290 τὴν
1265 3201 1594 3295 προσευχὴν,
1630 3201 1746 3289 τοῦ,

176 3293 388 3366 Πάτερ,
428 3303 766 3369 παρελθέτω
823 3308 919 3362 ἀπ’
956 3310 1100 3378 ἐμοῦ
1126 3311 1191 3365 τὸ
1215 3293 1498 3383 ποτήριον
1529 3293 1746 3385 τοῦτο,

175 3387 277 3441 ούκ
298 3392 358 3442 ὲν
386 3393 692 3465 ὑποκρίσει,
716 3399 814 3451 οὐκ
845 3401 936 3452 ἐπὶ
967 3402 1029 3455 τὸ
1058 3402 1306 3459 δελεάσαι
1346 3407 1436 3462 τὸν
1482 3410 1746 3476 Σατανᾶν,

175 3479 238 3530 οὐ
272 3478 333 3532 τὸ
365 3482 457 3535 τοῦ
475 3483 678 3556 κόσμου
707 3489 1069 3562 οἰκειούμενος
1090 3493 1317 3570 θέλημα·
1335 3498 1446 3552 ἀλλ’
1465 3500 1522 3567 ἐξ
1549 3504 1748 3558 οἰκείου

177 3571 468 3638 προσώπου
526 3578 554 3628 6
585 3577 816 3648 Χριστὸς
840 3584 1193 3655 οἰκονομικῶς
1225 3589 1484 3654 ἑκουσίως
1513 3597 1747 3664 προσεύ-

177 3677 330 3756 χεται
361 3666 500 3734 μετά
530 3671 793 3742 κραυγῆς,
829 3675 966 3745 μετά
1013 3676 1282 3748 δακρύων,
1341 3682 1481 3752 μετά
1509 3684 1746 3756 ἱδρώτων

178 3755 272 3808 καὶ
297 3755 534 3829 θρόμϐου
567 3763 817 3834 αἵματος,
847 3767 986 3837 μετὰ
1007 3769 1239 3838 ἀγγέλου
1264 3773 1618 3844 ὲνισχύοντος,
1652 3780 1747 3833 καὶ

175 3852 340 3906 οἱονεὶ
369 3857 808 3926 παρακαλοῦντος
835 3862 927 3914 καὶ
961 3865 1396 3939 παρηγοροῦντος
1419 3870 1599 3935 αὐτὸν,
1623 3873 1747 3927 καί·

177 3959 286 4014 περ
336 3944 464 4009 Υἱὸς
517 3947 652 4002 Θεοῦ
718 3951 931 4022 ἀληθῶς
997 3957 1284 4030 ὑπάρχων.
1327 3962 1487 4017 Ἀλλά
1535 3968 1629 4020 καὶ
1677 3969 1749 4022 ἐν

177 4035 401 4128 ἀγωνίᾳ
434 4039 754 4110 γενόμενος
785 4047 1145 4119 προσηύχετο,
1196 4049 1272 4114 ῶς
1323 4059 1536 4125 φησινό
1589 4060 1748 4128 εὐαγ-

175 4125 452 4199 γελιστὴς,
487 4129 621 4185 ἀλλά
645 4135 738 4187 καὶ
758 4135 1193 4208 ἐκτενέστερον,
1219 4143 1353 4197 ἀλλά
1381 4148 1472 4198 καὶ
1505 4148 1605 4211 δὶς,
1653 4125 1748 4203 καὶ

175 4216 295 4286 τρὶς
318 4219 416 4289 τὴν
447 4221 610 4293 εὐχὴν
642 4223 720 4294 τῷ
749 4226 921 4299 lla-:91
950 4232 1236 4300 προσάγει.
1267 4235 1372 4288 Τοῦ
1395 4233 1485 4290 οὖν
1511 4239 1745 4307 Παύλου,

179 4307 380 4377 μᾶλλον
413 4311 468 4364 δὲ
493 4313 655 4369 πάλιν
675 4315 816 4385 λέγω
837 4318 931 4372 τοῦ
953 4321 1208 4392 Χριστοῦ,
1245 4325 1338 4378 τοῦ
1389 4331 1446 4381 ὲν
1501 4330 1646 4401 αὺτῷ
1677 4332 1755 4402 τῷ

1851 3225 1996 3279 illam
2027 3243 2039 3278 :
2075 3221 2256 3285 Pater,
2285 3232 2517 3278 transeat
2544 3241 2576 3278 a
2608 3241 2688 3278 me
2726 3224 2869 3277 calix
2893 3225 2990 3278 iste
3011 3224 3078 3290 “,
3107 3239 3215 3279 non
3243 3225 3297 3278 in
3327 3223 3424 3294 hy-

1852 3315 2074 3387 pocrisi,
2101 3330 2209 3370 non
2240 3324 2297 3369 ut
2327 3314 2585 3370 Satanam
2610 3317 2880 3374 inescaret
2911 3329 2966 3372 et
2991 3316 3282 3386 deciperet,
3315 3330 3423 3370 non

1849 3409 1994 3477 quod
2031 3408 2219 3462 mundi
2264 3409 2599 3462 voluntatem
2647 3416 2706 3462 ut
2757 3409 3032 3479 propriam
3062 3407 3296 3474 etlerret,
3328 3408 3423 3463 sed

1850 3515 1918 3555 ex
1961 3499 2179 3570 propria
2227 3513 2460 3568 persona
2505 3497 2780 3562 Christus,
2813 3515 2908 3568 per
2939 3497 3422 3568 dispensationem,

1855 3600 2046 3660 sponte
2070 3600 2338 3660 precatur,
2373 3605 2498 3645 cum
2535 3589 2794 3654 clamore,
2837 3604 2960 3644 cum
2991 3588 3269 3660 lacrymis,
3295 3603 3420 3642 cum

1854 3683 2053 3738 sudore
2095 3690 2149 3737 et
2193 3691 2344 3752 gutta
2399 3681 2703 3752 sanguinis,
2733 3679 3076 3735 coniortante
3123 3679 3335 3751 angelo,
3363 3687 3424 3751 et

1853 3777 2010 3848 quasi
2035 3775 2353 3830 consolante
2401 3775 2575 3841 illum,
2606 3775 2818 3829 etiarnsi
2855 3789 2981 3828 vere
3010 3772 3179 3828 Filius
3214 3772 3306 3826 Dei
3333 3786 3424 3826 es-

1853 3875 1954 3923 set.
1985 3864 2090 3921 Sed
2130 3865 2292 3922 etiam
2342 3866 2514 3933 factus
2550 3865 2602 3918 in
2634 3866 2822 3934 agonia
2860 3864 3214 3933 precabatur,
3249 3871 3309 3916 ut
3348 3863 3426 3916 ait

1851 3957 2180 4027 evangelista
2205 3957 2274 4020 ³⁸,
2303 3955 2414 4009 imo
2436 3970 2564 4010 vero
2598 3955 2880 4024 prolixius,
2911 3964 2966 4009 et
3002 3969 3175 4024 usque
3201 3954 3284 4008 bis
3313 3963 3422 4008 ter-

1854 4067 1960 4123 que
1990 4050 2296 4106 oratiouem
2333 4048 2480 4104 Patri
2513 4048 2692 4104 oll‘ert.
2728 4047 2894 4102 Paulo
2939 4048 3142 4118 itaque,
3176 4046 3287 4100 imo
3322 4060 3421 4116 po-

1855 4147 1964 4200 tius
1992 4146 2111 4215 ipso
2137 4143 2356 4199 Christo
2386 4143 2478 4210 qui
2507 4142 2560 4194 in
2594 4139 2767 4194 Paulo.
2789 4140 3132 4210 loquebatur,
3153 4153 3272 4192 eam
3296 4151 3423 4191 ora-

1857 4237 2060 4291 tionem
2099 4233 2167 4288 ad
2206 4247 2262 4287 se
2299 4231 2568 4287 referente
2596 4251 2608 4286 :
2641 4232 2764 4301 quis
2789 4241 2871 4285 est
2905 4229 2999 4300 qui
3025 4245 3087 4284 ea
3119 4230 3423 4283 adulterare

1858 4327 2033 4398 possit
2053 4341 2174 4396 quae
2209 4324 2323 4393 ipse
2342 4322 2592 4380 Christus
2610 4322 2677 4377 de
2699 4336 2758 4376 se
2781 4320 3104 4375 testiﬁcatus
3130 4323 3250 4374 est?

176 4401 376 4472 Παύλῳ
420 4401 725 4472 λαλοῦντος,
758 4410 838 4472 εἰς
889 4413 1078 4469 ἑαυτὸν
1120 4415 1481 4489 ἀναφέροντος
1530 4422 1628 4493 τὴν
1678 4401 1934 4490 τοιαύτην
1979 4417 2284 4491 προσευχήν
2317 4431 2330 4445 ⁹
2403 4415 2486 4478 τίς
2552 4417 2697 4467 ἔστιν
2737 4415 2765 4466 ὃ
2819 4412 3199 4485 παραχαράξαι
3263 4410 3423 4464 δυνάο

180 4508 368 4594 μενος,
405 4493 462 4594 ’ἀι
511 4496 672 4561 αὐτὸς
713 4501 742 4551 6
781 4501 1015 4572 Χριστὸς
1077 4505 1206 4576 περὶ
1246 4509 1438 4562 ἑαυτοῦ
1499 4512 1906 4584 ἐμαρτύρησεν,

238 4587 336 4654 Μὴ
385 4587 776 4660 ἀποστρέψῃς
821 4595 887 4647 τὸ
945 4597 1267 4666 πρόσωπόν
1315 4617 1431 4656 σου
1480 4605 1597 4658 ἀπὸ
1643 4605 1749 4660 τοῦ

1929 4602 2015 4658 18.
2041 4599 2121 4654 Ne
2147 4608 2352 4653 avertas
2375 4597 2563 4666 faciem
2584 4606 2725 4650 tuam
2747 4612 2777 4648 a
2794 4611 2952 4665 puero
2984 4606 3093 4649 tuo.
3118 4595 3256 4663 Quia
3278 4595 3421 4654 Deus

173 4677 388 4745 παιδός
418 4695 553 4735 σου.
601 4682 816 4756 Ἐπειδὴ
869 4687 1239 4759 ἀποστραφεὶς
1299 4689 1366 4764 ἦν
1405 4696 1432 4747 6
1469 4695 1600 4760 Θεὸς
1656 4701 1752 4753 καὶ

174 4770 367 4842 Πατὴρ
393 4771 479 4826 διὰ
504 4774 605 4844 τὴν
641 4775 699 4828 ὲν
758 4777 928 4848 Ἀδὰμ
976 4782 1283 4852 παράϐασιν
1333 4785 1431 4856 τὴν
1465 4787 1752 4860 ἀνθρώπου

175 4860 359 4930 φύσιν,
412 4863 601 4918 τούτου
651 4866 807 4938 χάριν
838 4869 998 4922 πάλιν
1041 4873 1197 4926 αὑτὸν
1261 4876 1584 4948 ἐπιστρέψαι
1617 4879 1752 4949 πρὸς

174 4951 345 5021 αὐτὴν
370 4952 432 5004 τὸ
469 4954 756 5024 πρόσωπον
781 4960 1108 5029 παρακαλεῖ.

247 5045 518 5114 Πρόσχες
572 5047 648 5115 τῇ
692 5049 864 5119 ψυχῇ
882 5069 1022 5120 μου,
1064 5054 1162 5108 καὶ
1192 5058 1489 5126 λύτρωσαι
1535 5061 1750 5130 αὐτήν·

172 5139 238 5190 ὲκ
261 5136 357 5190 τοῦ
383 5141 765 5210 κατασχόντος,
817 5144 1059 5215 δηλονότι
1122 5148 1216 5202 τοῦ
1258 5150 1505 5206 Θανάτου.
1533 5154 1754 5208 Ἕνεκα

172 5229 293 5282 τῶν
319 5230 550 5300 ἐχθρῶν
592 5252 712 5303 μου
756 5236 947 5303 ῥῦσαί
1005 5257 1102 5308 με.
1166 5241 1256 5306 Ἐξ
1297 5239 1363 5315 ἦς
1407 5245 1751 5316 πεπόνθαμεν

171 5321 386 5386 ἀδικίας
413 5325 563 5395 παρά
597 5325 707 5380 τῶν
737 5328 944 5399 νοητῶν
994 5331 1223 5403 ἐχθρῶν,
1268 5335 1375 5388 ἀπὸ
1416 5336 1615 5408 ταύτης
1657 5338 1751 5390 ὲπ).

169 5415 262 5469 τὸν
290 5415 437 5468 ἔλεον
463 5418 554 5471 τὸν
577 5419 844 5491 ἡμέτερον
871 5421 1120 5494 διεγείρει
1147 5425 1237 5476 τὸν
1263 5427 1503 5498 Πατέρα.

243 5507 327 5560 Σὺ
361 5506 468 5575 γὰρ
501 5508 811 5579 γινώσκεις
848 5512 955 5564 τὸν
987 5514 1326 5583 ὀνειδισμόν
1360 5535 1499 5585 μου.
1527 5518 1748 5589 Ὅμοιον

171 5597 249 5667 τῷ
297 5597 592 5668 εἰρημένῳ·
639 5601 758 5654 Ὅτι
813 5601 1022 5656 ἕνεκέν
1057 5618 1173 5658 σου
1223 5605 1532 5674 ὑπήνεγκα
1594 5612 1746 5662 ὀνει-

251 5755 296 5787 ⁸²
330 5755 506 5811 Galat.
540 5773 611 5822 Iv,
645 5757 697 5815 5.
772 5761 816 5792 ⁵³
845 5759 1007 5816 Iiehr.
1038 5779 1086 5826 v,
1155 5761 1205 5816 7'.
1279 5765 1322 5796 5‘
1348 5763 1534 5820 Matth.
1575 5781 1721 5832 mn,
1751 5764 1838 5820 55.

1848 4707 1901 4750 et
1926 4695 2104 4757 Pater,
2141 4700 2361 4762 propter
2385 4689 2514 4743 Adae
2557 4688 3083 4759 transgressionem,
3121 4690 3419 4745 humanam

1849 4799 2100 4843 naturam
2127 4783 2502 4849 aversabatur,
2526 4781 2647 4836 ideo
2673 4791 2826 4852 rogat
2848 4790 2905 4836 ut
2922 4790 3204 4838 convertat
3227 4782 3420 4839 faciem

1851 4895 2006 4936 suam
2035 4879 2102 4933 ad
2132 4893 2274 4932 eam.

1922 5058 2008 5112 l9.
2042 5055 2261 5112 Intende
2293 5057 2484 5109 anima:
2509 5071 2636 5109 mea!
2657 5065 2705 5109 et
2731 5053 2899 5108 libera
2929 5071 3065 5121 eam,
3093 5070 3121 5108 a
3150 5064 3323 5111 morte
3345 5057 3405 5111 vi-

1853 5149 2048 5203 delicet
2074 5157 2393 5217 occupante.
2440 5149 2661 5215 Propter
2702 5147 2942 5201 inimicos
2983 5162 3120 5200 meos
3151 5148 3291 5216 eripe
3321 5164 3411 5204 me.

1857 5242 1929 5295 Ex
1963 5240 2164 5309 injuria
2209 5241 2364 5294 nobis
2393 5255 2486 5309 per
2510 5239 2768 5295 inimicos
2802 5238 3114 5308 spirituales
3153 5239 3323 5301 illata,
3355 5238 3424 5295 ad

1855 5330 2287 5385 misericordiam
2317 5330 2487 5384 nostri
2522 5329 2734 5384 Patrem
2767 5329 2987 5384 excitat.

1926 5512 2121 5566 ﬁll-2‘2.
2187 5510 2263 5563 Tu
2306 5512 2411 5564 scis
2458 5511 2826 5576 improperimn
2871 5524 3061 5563 meum.
3115 5507 3303 5562 Simile
3342 5516 3425 5562 cst

1852 5603 1996 5657 dicto
2020 5601 2096 5656 illi
2119 5620 2131 5654 :
2159 5599 2426 5666 Quoniam
2449 5607 2659 5667 propter
2683 5607 2730 5652 te
2746 5598 2977 5652 sustinui
3000 5595 3337 5667 opprobrium
3354 5598 3423 5652 ".

1928 5766 1970 5798 "
2004 5763 2135 5821 Luc.
2160 5779 2296 5828 xxii,
2326 5762 2408 5818 43.
2492 5763 2537 5794 ³⁸
2572 5758 2723 5815 Vers.
2767 5759 2819 5814 8.
