4034 6440
638 382 729 436 311

1462 381 1518 433 S.
1552 377 1920 431 ATHANASII
1958 376 2107 433 OPP.
2149 375 2329 430 PARS
2369 378 2452 430 111.
2489 409 2553 418 -
2593 375 2998 434 ΕΧΕΟΕΤΙΕΑ.

3779 380 3882 435 312

641 498 1020 565 lmproperium
1046 495 1356 563 exspectavit
1388 510 1478 546 cor
1507 509 1678 546 meum
1700 506 1748 546 et
1766 494 2051 547 miseriam.
2079 491 2212 546 Hinc

2315 492 2550 562 διο-μέν.
2599 493 2962 561 Ὀνειδισμὸν
2983 494 3436 562 προσεδόκησεν
3470 496 3508 561 ἡ
3541 496 3710 564 ψυχή
3735 513 3880 565 μου.

643 587 798 640 nobis
821 589 1128 656 passionem
1157 602 1310 640 suam
1338 595 1582 640 recenset
1606 605 1620 640 :
1645 600 1811 654 quam
1835 595 2016 654 aperte
2043 601 2207 639 evan-

641 679 845 749 gelista:
873 683 1252 733 uarra‘verunt.

703 767 794 832 23,
819 768 908 822 ει.
932 768 1054 821 Fiat
1080 785 1256 822 mensa
1283 785 1464 822 eorum
1490 786 1668 821 coram
1700 770 1826 837 ipsis
1857 771 1910 822 in
1940 770 2202 839 laqueum.

641 856 734 913 llis
773 844 1038 928 signiﬁcat
1081 874 1143 913 ea
1186 875 1308 927 quae
1352 858 1553 914 ludatis
1590 871 1711 929 post
1759 861 2063 929 passionem
2111 860 2208 913 ob-

643 961 865 1004 ventura
913 962 1089 1005 erant.
1143 950 1371 1007 Perinde
1423 964 1604 1007 autem
1657 963 1739 1008 est
1783 969 1845 1008 ac
1895 954 1938 1006 si
1967 954 2203 1007 diceret:

643 1037 849 1092 Similia
877 1040 1182 1094 sustineant
1219 1042 1281 1095 iis
1304 1058 1423 1111 quae
1455 1057 1541 1096 me
1571 1043 1803 1111 experiri
1828 1042 2208 1097 curarunt.\'aa

637 1131 780 1183 enim
812 1131 1079 1199 improbo,
1112 1133 1238 1200 quia
1269 1134 1410 1185 mala
1439 1133 1538 1203 ipsi
1575 1132 1871 1187 secundum
1904 1147 2068 1201 opera
2093 1149 2207 1186 ma-

638 1237 806 1276 nuum
832 1223 951 1291 ejus
984 1225 1251 1278 evenient.
1287 1224 1645 1279 Obscurentur
1673 1225 1811 1280 oculi
1842 1243 2021 1278 eorum
2045 1243 2106 1278 ne
2128 1228 2202 1278 ri-

642 1313 824 1368 deant.
855 1312 1144 1380 Quomodo
1172 1316 1318 1369 enim
1358 1332 1462 1369 non
1509 1317 1745 1370 tenebris
1786 1316 1944 1370 oﬂ‘usi
1985 1315 2204 1380 fuerint,

641 1421 766 1459 cum
791 1406 1020 1476 justitize
1047 1408 1218 1461 solem
1263 1423 1370 1461 non
1402 1406 1833 1477 acceperint?Et
1866 1408 2080 1459 dorsum
2121 1423 2206 1460 eo-

641 1513 756 1550 rum
798 1514 997 1567 semper
1027 1501 1264 1553 incurva.
1299 1495 1415 1552 Non
1447 1502 1591 1553 enim
1628 1501 1950 1569 temporaria
1994 1515 2208 1570 eorum,

637 1591 1093 1657 quemadmodum
1121 1590 1468 1661 Babylonica,
1491 1593 1776 1663 captivitas
1807 1592 1956 1657 fuit.:

701 1766 793 1822 26.
828 1767 956 1822 Fiat
983 1769 1244 1825 habitatio
1273 1787 1453 1824 eorum
1485 1771 1712 1825 deserta.
1741 1772 1856 1827 Hoc
1887 1775 1960 1828 ait
1990 1783 2208 1844 propter

2324 584 2597 636 Ἐντεῦθεν
2624 587 2756 652 ἡμῖν
2779 586 2837 636 τὸ
2875 585 3043 648 πάθος
3074 585 3361 657 διηγεῖταιο
3412 587 3441 640 ὃ
3495 588 3678 654 σασῶς
3711 590 3807 642 καὶ
3833 591 3881 642 oi

2308 673 2688 740 εὐαγγελισταὶ
2716 673 3062 743 διηγήσαντο.

2381 763 2698 833 Γενηθήτω
2744 766 2782 830 ἠ
2835 762 3086 830 τράπεζα
3147 763 3345 818 αὐτῶν
3393 766 3648 820 ἐνώπιον
3685 768 3885 822 αὐτῶν

2307 857 2393 919 εἰς
2421 856 2658 924 παγίδα.
2708 858 2984 910 Ἐντεῦθεν
3036 859 3104 912 τὰ
3151 859 3541 930 συμϐησόμενα
3587 863 3700 923 τοῖς
3751 862 3882 912 Ἰου-

2307 946 2472 1009 δαίοις
2511 947 2644 1016 μετὰ
2673 947 2734 999 τὸ
2768 949 2936 1012 πάθος
2963 950 3380 1018 κατασημαίνει.
3418 949 3640 1019 Ὅμοιον
3664 950 3721 1002 δὲ
3752 950 3886 1002 ὦσε).

2311 1036 2477 1106 λέγον
2511 1041 2588 1091 Τά
2645 1040 2996 1111 παραπλήσια
3025 1043 3365 1111 ὑπομείνοιεν
3401 1035 3476 1095 ὧν
3527 1046 3720 1113 πεῖραν
3749 1060 3887 1114 παρ-

2308 1127 2605 1180 εσκεύασαν
2662 1147 2727 1199 με
2778 1129 2978 1182 λαϐεῖν.
3031 1131 3166 1184 Οὒαὶ
3212 1132 3318 1199 γὰρ
3367 1131 3606 1202 πονηρῷ,
3648 1133 3731 1184 ὅτι
3791 1149 3886 1184 πο-

2306 1219 2443 1289 νηρὰ
2480 1220 2620 1271 κατὰ
2659 1221 2726 1272 τὰ
2763 1220 2897 1290 ἔργα
2941 1220 3047 1273 τῶν
3095 1223 3292 1293 χειρῶν
3336 1223 3499 1275 αὑτοῦ
3546 1224 3884 1293 συμϐήσεται

2306 1311 2470 1380 αὐτῷ.
2501 1314 2997 1380 Σκοτισθιξτωσαν
3021 1319 3073 1367 οἱ
3109 1315 3400 1383 ὀφθαλμοὶ
3437 1315 3637 1369 αὐτῶν
3666 1317 3772 1370 τοῦ
3795 1316 3883 1385 μὴ

2301 1403 2576 1465 βλέπειν.
2608 1403 2730 1466 Πῶς
2764 1404 2871 1476 γὰρ
2904 1405 3002 1457 οὐκ
3037 1406 3448 1476 ἐσκοτίσθησαν,
3493 1408 3566 1476 μὴ
3602 1386 3884 1477 δεξάμενοι

2313 1495 2402 1547 τὸν
2431 1494 2529 1564 τῆς
2555 1495 2897 1564 δικαιοσύνης
2931 1496 3113 1565 ἧλιον;
3139 1497 3244 1550 Kal
3298 1497 3406 1551 τὸν
3458 1497 3648 1551 νῶτον
3687 1498 3888 1552 αὐτῶν

2307 1585 2630 1652 διαπαντές
2655 1590 3038 1656 σύγκαμψον.
3072 1591 3145 1642 Οὺ
3175 1590 3285 1660 γὰρ
3316 1591 3648 1662 πρόσκαιρος
3675 1592 3882 1653 αὐτοῖς,

2306 1677 2452 1730 ὥσπε
2461 1696 2491 1748 ρ
2514 1680 2605 1731 ἐπὶ
2655 1679 3025 1743 Βαϐυλωνίων,
3055 1682 3273 1748 γέγονεν
3301 1684 3333 1752 ἡ
3375 1683 3736 1752 αἰχμαλωσία.

2380 1767 2692 1834 Γενηθήτω
2727 1770 2763 1834 ἡ
2790 1770 3044 1835 ἔπαυλις
3070 1769 3266 1825 αὐτῶν
3300 1772 3674 1840 ήρημωμένη.
3712 1771 3887 1826 Τοῦτό

637 1859 992 1913 vastationem
1015 1876 1137 1930 quae
1169 1861 1552 1932 Hierosolyma:
1585 1863 1828 1932 contigit.
1859 1861 1924 1915 Et
1947 1864 1998 1915 in
2029 1865 2201 1918 taber-

2306 1875 2434 1928 φησι
2473 1859 2560 1912 διὰ
2582 1859 2678 1929 τὴν
2709 1859 2966 1930 πόρθησιν
3005 1860 3102 1931 τὴν
3163 1862 3452 1931 συμϐᾶσαν
3498 1865 3564 1933 τῇ
3608 1863 3882 1934 Ἰερουσα-

635 1952 838 2004 naculis
866 1968 1043 2007 eorum
1077 1970 1174 2005 non
1207 1955 1275 2006 sit
1310 1956 1400 2024 qui
1442 1955 1712 2009 inhabitet.
1757 1955 1831 2008 Ex
1865 1957 1996 2024 ipsis
2025 1958 2207 2011 videli-

633 2054 718 2097 cet
746 2043 977 2110 Juilzeis;
1003 2061 1162 2099 nemo
1191 2046 1332 2100 enim
1367 2063 1556 2102 eorum
1582 2048 1691 2118 jam
1713 2049 2099 2121 Hierosolyma}
2123 2057 2205 2104 ta-

636 2136 925 2189 bernacula
955 2137 1236 2190 inhabitat.

707 2223 794 2274 27.
829 2225 1090 2287 Quoniam
1129 2242 1280 2294 quem
1324 2235 1378 2278 tu
1416 2227 1718 2291 percussisti
1757 2230 2013 2296 persecuti
2058 2239 2202 2284 sunt.

634 2314 868 2368 Causam
911 2315 1064 2369 aﬂ‘ert
1099 2333 1196 2368 cur
1227 2317 1353 2370 talia
1401 2319 1617 2385 passuri
1648 2319 1775 2372 sint.
1814 2319 2003 2373 Simile
2024 2330 2199 2373 autem

633 2415 715 2460 cst
742 2407 898 2462 huic:
920 2407 1223 2464 Percutiam
1245 2421 1531 2478 pastorem,
1553 2420 1601 2464 et
1618 2411 1981 2480 dispergentur
2002 2428 2117 2465 oves
2132 2412 2199 2468 ³⁷.

639 2495 791 2552 llunc
823 2498 1006 2567 igitur,
1038 2501 1133 2565 ait,
1160 2502 1253 2570 qui
1293 2502 1448 2570 juxta
1486 2503 1742 2570 placitum
1781 2512 1931 2555 tuum
1974 2502 2026 2557 in
2074 2517 2200 2571 pas-

634 2593 789 2648 sione
823 2608 1114 2662 percussus
1149 2602 1254 2658 est,
1281 2593 1384 2662 ipsi
1419 2609 1524 2647 non
1556 2593 1878 2661 recipientes
1899 2603 2049 2648 extra
2085 2609 2204 2663 pro-

635 2687 807 2754 priam
839 2685 1066 2740 salutem
1118 2701 1238 2741 sese
1270 2687 1614 2755 expulerunt.
1651 2684 1719 2738 Et
1770 2701 1923 2754 super
1968 2687 2202 2740 dolorem

636 2776 906 2830 vulnerum
948 2793 1181 2831 meorum
1224 2779 1564 2832 addiderunt.
1613 2778 1726 2832 Hoc
1773 2779 1868 2843 ait,
1914 2779 2042 2848 quia
2087 2781 2202 2849 ipse

635 2870 852 2937 quidem
890 2870 1194 2925 humiliavit
1227 2872 1600 2940 semetipsum,
1637 2870 1713 2923 illi
1745 2883 1875 2923 vero
1905 2869 2066 2922 morti
2093 2878 2203 2922 tra-

633 2961 906 3016 diderunt.

706 3052 799 3108 28.
841 3055 1051 3123 Appone
1079 3055 1406 3124 iniquitatem
1454 3071 1607 3125 super
1643 3054 1970 3124 iniquitatem
1999 3071 2198 3108 eorum.

638 3144 751 3199 Hoc
801 3148 897 3209 ait,
948 3149 1205 3216 quoniam
1256 3157 1380 3216 post
1407 3163 1623 3201 erucem
1654 3156 1707 3200 et
1747 3148 2197 3200 resurrectionem

636 3239 813 3306 ipsum
835 3238 1123 3292 calumniis
1159 3238 1502 3307 impetierunt
1534 3238 1668 3306 (δὲ).
1699 3236 1763 3288 Et
1789 3253 1888 3288 non
1926 3238 2116 3288 intrent
2146 3237 2196 3287 in

630 3328 895 3399 justitiam
919 3341 1085 3383 tuam.
1111 3328 1306 3384 Procul
1333 3341 1493 3384 erunt
1521 3331 1711 3384 remoti
1737 3344 1765 3382 a
1799 3329 2072 3397 voluptate
2093 3343 2198 3396 qua

632 3423 764 3492 justi
800 3422 1166 3475 donabuntur.

666 3573 670 3576 η
702 3513 794 3568 29.
821 3513 1108 3567 Deleantur
1128 3514 1190 3566 de
1217 3513 1349 3566 libro
1375 3514 1673 3567 virentium.
1708 3514 1822 3568 Etsi
1845 3513 1988 3566 enim
2014 3513 2202 3567 inscri-

639 3607 716 3676 pti
747 3605 968 3670 fuerint,
997 3607 1092 3668 ait,
1125 3607 1251 3675 quia
1280 3605 1342 3657 ad
1369 3605 1513 3674 ipsos
1542 3606 1934 3675 promissiones
1964 3605 2200 3674 pertine-

639 3699 803 3766 bant;
846 3699 940 3755 sed
981 3700 1239 3768 quoniam
1289 3699 1402 3753 haec
1451 3705 1614 3768 atque
1652 3699 1741 3753 illa
1798 3707 2200 3769 perpetrarunt,

637 3792 831 3847 merito
864 3792 1205 3847 delebuntur.

705 3885 890 3938 50-32.
919 3883 1030 3953 Ego
1059 3900 1174 3934 sum
1203 3899 1402 3951 pauper
1419 3892 1467 3936 et
1491 3881 1696 3946 dolens,
1723 3883 1868 3937 salus
1899 3893 2010 3947 tua,
2041 3885 2200 3943 Deus,

637 3977 861 4044 suscepit
879 3993 976 4044 me,
999 3986 1101 4032 etc.
1127 3975 1286 4032 Hisce
1303 3977 1668 4048 evangelicum
1690 3978 1993 4031 institutum
2020 3976 2206 4045 praedi-

641 4080 815 4134 catur,
841 4071 926 4125 cui
951 4071 1233 4138 imperavit
1258 4071 1345 4125 ille
1371 4071 1462 4140 qui
1487 4069 1783 4124 secundum
1810 4069 1975 4123 Deum
2003 4086 2205 4140 pauper

643 4175 744 4229 est,
762 4164 849 4219 cui
867 4165 1071 4219 dictum
1102 4163 1242 4218 est“
1287 4182 1298 4216 :
1347 4162 1501 4216 Beati
1525 4177 1774 4230 pauperes
1797 4163 2005 4231 spiritu.
2031 4165 2207 4232 Ingre-

637 4258 782 4312 ditur
800 4265 978 4311 autem
998 4258 1085 4310 ille
1112 4270 1314 4324 pauper
1329 4254 1529 4310 chorus
1546 4255 1746 4323 gratias
1770 4270 1934 4323 agens
1952 4254 2016 4308 de
2034 4256 2206 4307 salute

634 4348 740 4402 sibi
764 4358 916 4418 parta
944 4347 1012 4400 ab
1040 4345 1348 4417 Unigenito.
1383 4344 1503 4414 Ipse
1547 4359 1780 4413 namque
1808 4355 1889 4398 est
1916 4345 2080 4400 facies
2097 4343 2203 4398 Pa-

634 4439 752 4494 tris.
783 4437 1056 4492 Promittit
1081 4453 1244 4507 porro
1273 4451 1330 4491 se
1360 4451 1467 4489 non
1499 4434 1728 4489 ulterius
1749 4445 1972 4489 cruenta
1997 4435 2200 4489 sacriﬁ-

2305 1952 2434 2020 λήμ.
2463 1952 2572 2004 Kal
2602 1953 2671 2004 ἐν
2714 1952 2837 2018 τοῖς
2870 1953 3263 2022 σκηνώμασιν
3294 1953 3492 2007 αὐτῶν
3511 1954 3594 2022 μὴ
3637 1957 3793 2008 ἔστω
3852 1959 3885 2010 ό

2303 2039 2608 2095 κατοικῶν.
2652 2043 2739 2108 Ἐξ
2772 2043 2950 2095 αὐτῶν
2977 2045 3239 2113 δηλονότι·
3276 2045 3335 2097 οὐ
3359 2046 3464 2115 γάρ
3491 2062 3574 2109 τις
3605 2045 3711 2096 τῶν
3751 2047 3886 2099 Ὶουο

2301 2131 2464 2182 δαίων
2489 2133 2568 2184 ἔτι
2595 2133 2693 2195 τὰς
2721 2137 2777 2186 ὲν
2809 2134 3160 2206 Ἰερουσαλὴμ
3189 2139 3430 2189 κατοικεῖ
3464 2137 3686 2207 σκηνάς.

2375 2225 2501 2276 Ὅτι
2534 2225 2605 2277 ὃν
2627 2226 2708 2278 σὺ
2737 2226 3041 2294 ἐπάταξας
3067 2229 3234 2282 αὐτοὶ
3266 2228 3646 2293 κατεδίωξαν.
3681 2229 3875 2292 Aleia;

2302 2313 2603 2384 παράθεσις
2622 2315 2689 2367 δι’
2711 2315 2777 2385 ἢν
2801 2316 2866 2369 τὰ
2890 2315 3114 2370 τοιαῦτα
3143 2318 3438 2370 πείσονται.
3461 2319 3680 2388 Ὅμοιον
3702 2318 3758 2370 δὲ
3778 2319 3879 2389 τῷο

2303 2404 2551 2469 Πατάξω
2579 2407 2685 2459 τὸν
2745 2408 3016 2477 ποιμένα,
3067 2410 3163 2461 καὶ
3221 2409 3884 2477 διασκορπισθήσονται

2301 2496 2371 2549 τὰ
2397 2499 2676 2563 πρόϐατα.
2696 2498 2894 2551 Τοῦτον
2917 2496 3028 2563 οὖν,
3059 2501 3211 2568 φησὶ,
3233 2500 3324 2553 τὸν
3346 2502 3484 2555 κατὰ
3509 2502 3606 2573 σὴν
3631 2502 3885 2558 εὐδοκίαν

2303 2589 2360 2639 ἐν
2396 2588 2670 2658 παταγμῷ
2702 2588 2788 2640 διὰ
2819 2589 2878 2640 τὸ
2909 2590 3079 2652 πάθος
3108 2593 3393 2660 γενόμενον
3431 2592 3583 2644 αὐτοὶ
3614 2593 3674 2644 οὺ
3703 2611 3885 2662 παρα-

2300 2679 2601 2750 δεξάμενοι,
2651 2679 2755 2744 ἔξω
2781 2697 2882 2733 που
2907 2681 3002 2751 τῆς
3028 2681 3236 2735 ἑαυτῶν
3273 2683 3544 2752 σωτηρίας
3566 2684 3879 2753 ἀπήλασαν.

2302 2777 2407 2830 Kal
2438 2774 2535 2827 ἐπὶ
2556 2774 2622 2827 τὸ
2649 2776 2835 2843 ἄλγος
2859 2773 2976 2827 τῶν
2997 2775 3341 2844 τραυμάτων
3364 2794 3481 2846 μου
3509 2776 3882 2845 παρέθηκαν.

2302 2865 2469 2917 Τοῦτό
2493 2883 2677 2936 φησιν,
2709 2868 2894 2938 ἐπειδὴ
2918 2869 3077 2930 αὐτὸς
3127 2868 3226 2938 μὲν
3281 2868 3639 2922 ἐταπείνωσεν
3661 2869 3881 2933 ἑαυτὸν,

2301 2959 2347 3008 οἱ
2378 2958 2432 3008 δὲ
2456 2959 2546 3010 καὶ
2573 2959 2785 3028 θανάτῳ
2821 2960 3159 3030 περιέϐαλον.

2373 3048 2636 3113 Πρόσθες
2687 3048 2944 3116 ἀνομίαν
3004 3048 3101 3100 ἐπὶ
3173 3047 3286 3115 τὴν
3349 3050 3604 3117 ἀνομίαν
3656 3049 3878 3103 αὐτῶν.

2303 3139 2412 3190 Καὶ
2435 3139 2590 3190 τοῦτο
2618 3139 2783 3208 λέγει,
2827 3140 3014 3210 ἐπειδὴ
3066 3141 3202 3210 μετὰ
3233 3141 3323 3193 τὸν
3388 3141 3615 3212 σταυρὸν
3645 3143 3740 3195 καὶ
3781 3141 3883 3213 τὴν

2301 3231 2590 3283 ἀνάστασιν
2648 3232 2808 3285 αὑτὸν
2861 3233 3326 3302 ὲσυκοφάντησαν.
3381 3234 3489 3286 Kal
3535 3233 3622 3302 μὴ
3677 3237 3881 3287 είσελο

2301 3322 2566 3376 θέτωσαν
2615 3325 2684 3376 ἐν
2741 3323 3094 3391 δικαιοσύνῃ
3128 3342 3263 3380 σου.
3307 3326 3505 3398 Πόρρω
3537 3328 3882 3399 γενήσονται,

2302 3417 2453 3484 φησὶ,
2491 3419 2588 3486 τῆς
2615 3419 2723 3478 τοῖς
2753 3415 2976 3479 δικαίοις
3010 3417 3481 3487 άποδοθησομένης
3503 3417 3735 3488 τρυφῆς,

2387 3505 2938 3574 Ἐξαλειρθήτωσαν
2993 3506 3061 3558 ἐκ
3094 3507 3315 3570 ,ϐίϐλου
3371 3506 3617 3567 ζώντων.
3676 3510 3740 3563 El
3785 3508 3884 3561 καὶ

2302 3599 2696 3670 ἐνεγράφησαν,
2730 3601 2880 3670 φησὶ,
2935 3600 3075 3653 κατά
3103 3599 3162 3652 τὸ
3195 3600 3369 3653 αὐτῶν
3402 3596 3539 3655 εἶναι
3569 3602 3668 3666 τὰς
3699 3605 3879 3675 ἐπάγ-

2301 3692 2504 3760 γελίας,
2551 3691 2662 3745 ἀλλ’
2695 3692 2884 3764 ἐπειδὴ
2940 3691 3009 3744 τὰ
3046 3693 3138 3744 καὶ
3193 3692 3262 3744 τὰ
3306 3693 3587 3762 ἐποίησαν,
3653 3698 3885 3763 εἰκότως

2303 3784 2797 3854 ὲξαλειφθήσονται.

2373 3875 2614 3943 Πτωχὸς
2642 3875 2739 3927 καὶ
2767 3872 2968 3942 ἀλγῶν
2997 3875 3111 3942 ειμι
3145 3873 3280 3943 ἐγὼ,
3311 3877 3350 3944 ἡ
3384 3879 3648 3945 σωτηριά
3675 3895 3815 3942 σου,
3849 3887 3883 3933 o'

2307 3965 2470 4031 Θεὸς,
2492 3963 2848 4019 ἀντελάϐετό
2854 3981 2994 4032 μου,
3014 3966 3179 4018 κ.τ.)..
3197 3965 3524 4038 Ἐντεῦθενὴ
3545 3969 3882 4041 εὐαγγελικὴ

2305 4058 2544 4112 πολιτεία
2575 4054 3002 4130 κηρύττεται,ἦς
3032 4053 3196 4128 ἧρξεν
3228 4061 3256 4110 ὀ
3293 4060 3432 4113 κατὰ
3474 4061 3606 4112 Θεὸν
3642 4061 3882 4130 πτωχόςο

2303 4143 2347 4216 ᾧ
2375 4152 2465 4202 καὶ
2497 4151 2730 4220 εἴρηται·
2752 4147 3040 4217 Μακάριοι
3069 4152 3120 4202 ol
3171 4149 3392 4218 πτωχοί
3427 4149 3507 4214 τῷ
3559 4153 3880 4220 πνεύματι,

2307 4240 2619 4308 Είσέρχεται
2671 4238 2726 4290 δὲ
2752 4232 2904 4301 οὗτος
2929 4240 2957 4291 ὁ
2986 4237 3201 4308 πτωχὸς
3225 4238 3384 4309 χορὸς
3413 4239 3750 4310 εὐχαριστῶν
3783 4241 3882 4291 ἐπὶ

2304 4335 2370 4401 τῇ
2399 4331 2662 4402 γενομένῃ
2699 4330 2847 4400 αὐτῷ
2878 4329 3122 4401 σωτηρία
3161 4330 3313 4400 παρὰ
3368 4329 3462 4382 τοῦ
3515 4329 3878 4397 Μονογενοῦς.

2306 4423 2476 4486 Αὐτὸς
2510 4424 2616 4492 γάρ
2661 4423 2775 4474 ἐστι
2829 4423 2888 4473 τὸ
2945 4421 3231 4492 πρόσωπον
3255 4420 3350 4474 τοῦ
3399 4422 3628 4491 Πατρός.
3679 4422 3883 4490 Ἐπαγ-

632 4532 715 4586 cia
750 4531 1080 4592 oblaturum,
1113 4529 1202 4583 sed
1237 4529 1415 4600 potius
1460 4528 1785 4582 sacriticium
1813 4527 1986 4581 laudis
2024 4526 2204 4594 etspi-

2309 4515 2555 4583 γέλλεται
2584 4514 2638 4566 δὲ
2677 4513 2870 4583 μηκέτι
2906 4512 3005 4575 τὰς
3034 4511 3099 4565 δι’
3126 4512 3372 4583 αἱμάτων
3420 4513 3748 4584 προσφέρειν
3777 4512 3877 4566 θυ-

630 4624 844 4678 ritualis
875 4623 1092 4681 cantici.

697 4793 786 4846 55.
843 4789 1068 4842 Videant
1098 4804 1351 4857 pauperes
1379 4797 1428 4840 et
1465 4787 1729 4850 testentur,
1765 4794 1870 4840 etc.
1918 4785 2040 4841 llwc
2071 4801 2194 4840 cum

632 4886 810 4940 norint
867 4884 902 4938 ii
954 4884 1046 4952 qui
1104 4894 1229 4937 sunt
1279 4897 1543 4951 pauperes
1577 4881 1794 4948 spiritu,
1827 4879 2193 4933 exsultabant.

631 4977 755 5031 Haec
787 4986 966 5031 autem
997 4975 1184 5030 dicunt
1215 4975 1442 5042 apostoli
1469 4981 1688 5042 propter
1709 4989 1804 5027 eos
1829 4972 1921 5041 qui
1953 4972 2192 5040 ipsorum

630 5084 795 5139 opera
827 5069 880 5121 in
907 5069 1185 5122 Christum
1229 5067 1598 5119 crediderunt.

699 5160 787 5213 54.
838 5159 1096 5222 Quoniam
1145 5157 1415 5210 exaudiri!
1461 5171 1714 5224 pauperes
1761 5153 2038 5207 Dominus.
2097 5152 2196 5207 Ec-

630 5265 794 5320 quam
827 5250 1130 5304 orationem
1175 5248 1451 5302 exaudivit
1483 5247 1586 5300 nisi
1637 5261 1756 5301 eam
1783 5261 1944 5315 quam
1986 5261 2084 5314 pro
2131 5245 2196 5299 iis

629 5344 888 5399 oﬂerebat
925 5339 1296 5409 Unigenitus?
1334 5339 1472 5407 Quid
1516 5337 1827 5407 postulabat
1867 5348 2047 5390 autem
2088 5337 2190 5389 nisi

630 5447 688 5489 ut
714 5437 813 5503 ipsi
842 5437 1202 5490 liberarentur
1220 5449 1284 5484 ex
1319 5431 1552 5485 vinculis
1582 5432 1805 5485 mortis"
1828 5429 2190 5498 Quamobrem

708 5618 744 5645 "
768 5615 935 5669 Zach.
964 5631 1079 5678 xm,
1113 5613 1172 5680 7;
1206 5611 1392 5667 Matth.
1417 5614 1670 5679 xxvt,5l.
1705 5615 1750 5644 ³³
1779 5611 2042 5675 Matth.v,
2069 5612 2121 5666 5.

705 5769 814 5852 (δι)
836 5771 932 5828 Hic
952 5773 1195 5847 quaedam
1219 5774 1373 5828 habet
1389 5770 1681 5828 Corderius
1705 5788 1822 5841 qua
1844 5780 1971 5826 sunt
1996 5769 2287 5825 Theodori.

2307 4607 2446 4668 σίας·
2492 4605 2588 4666 τὰς
2625 4605 2690 4658 δι’
2728 4605 2984 4667 αἰνέσεως
3021 4605 3078 4658 δὲ
3117 4603 3314 4675 μᾶλλον
3364 4605 3458 4659 καὶ
3500 4607 3878 4677 πνευματικῆς

2301 4700 2462 4770 ᾠδῆς.

2385 4789 2687 4843 Ἰδέτωσαν
2713 4789 2955 4857 πτωχοὶ,
2991 4788 3087 4842 xal
3135 4786 3641 4856 εὐφρανθήτωσαν
3660 4805 3716 4842 κ.
3739 4803 3790 4841 τ.
3821 4788 3872 4841 λ.

2299 4884 2482 4937 Ταῦτα
2501 4885 2735 4951 γνόντες,
2761 4885 2944 4954 φησὶν,
2972 4887 3020 4936 οἱ
3059 4884 3134 4954 τῷ
3157 4884 3424 4954 πνεύματι
3459 4885 3680 4953 πτωχοὶ,
3705 4886 3876 4952 ἀγαλ-

2296 4978 2486 5045 λιασθή
2532 4994 2732 5029 σονται.
2771 4976 3005 5044 Λέγουσι
3047 4976 3104 5028 δὲ
3138 4974 3311 5029 ταῦτα
3353 4977 3404 5028 οι
3449 4976 3736 5029 ἀπόστολοι
3785 4977 3875 5030 διὰ

2296 5072 2421 5131 τοὺς
2449 5069 2512 5121 δι’
2544 5069 2720 5122 αὐτῶν
2747 5069 3139 5134 πιστεύσαντας
3165 5072 3244 5130 είς
3271 5068 3520 5139 Χριστόν.

2377 5161 2502 5213 Ὀτι
2557 5160 2880 5226 εἰσήκουσε
2915 5159 3035 5214 τῶν
3085 5159 3356 5224 πενήτων
3401 5162 3434 5213 ὁ
3478 5161 3711 5227 Κύριος.
3762 5162 3873 5214 Ka‘.

2301 5253 2457 5315 ποίας
2483 5253 2667 5321 εὐχῆς,
2692 5252 2724 5322 ἢ
2756 5247 2822 5322 ἧς
2857 5252 2995 5322 ὑπὲρ
3021 5252 3198 5304 αὐτῶν
3252 5251 3446 5320 ηὔχετο
3468 5253 3496 5303 ὁ
3521 5253 3834 5319 Μονογενής
3857 5270 3868 5309 ;

2303 5345 2434 5413 Περὶ
2462 5343 2603 5405 τίνος
2630 5342 2684 5394 δὲ
2714 5343 2933 5412 ηὔχετο,
2959 5343 2990 5412 ἢ
3023 5342 3282 5414 ρυσθῆναι
3315 5344 3510 5406 αὐτοὺς
3538 5345 3600 5396 ὲκ
3627 5345 3738 5397 τῶν
3777 5346 3869 5397 τοῦ

2301 5433 2528 5486 θανάτου
2562 5433 2808 5502 δισμῶνς
2835 5433 2923 5485 Διό
2950 5451 3100 5504 φησι·
3125 5435 3230 5489 Kal
3254 5435 3394 5501 τοὺς
3421 5433 3870 5506 πεπεδημένους
