4034 6450
201 400 304 455 313

1247 395 1610 452 EXPOSITIO
1643 393 1709 449 IN
1749 394 2074 453 PSALMUM
2117 399 2300 454 LXIX.

3307 423 3412 478 314

198 515 387 569 αὑτοῦ
433 517 544 569 οὐκ
572 514 958 579 ἐξουδένωσε.
1002 514 1260 587 Διέρρηξε
1299 515 1407 586 γὰρ
1447 514 1662 568 πάντων
1694 511 1762 566 τὰ

1868 515 1976 569 ait:
2012 515 2078 569 Et
2127 520 2323 574 vinctos
2375 537 2496 576 suos
2547 540 2650 578 non
2696 527 2952 596 despexit.
2996 530 3225 602 Diripuit
3267 539 3409 592 enim

198 605 397 676 δεσμὰ,
427 605 664 677 εἰρηκὼς
702 607 816 673 τοῖς
867 607 937 660 ἐν
976 605 1239 676 δεσμοῖς,
1301 606 1616 671 Ἐξέλθετε·
1667 607 1762 658 καὶ

201 697 324 763 τοῖς
365 697 437 750 ἐν
489 698 568 761 τῷ
609 700 844 762 σκότει,
896 699 1396 766 Ἀνακαλύφθητε.
1456 699 1566 752 Καὶ
1625 698 1766 763 τοὺς

200 787 651 857 πεπεδημένους
697 789 881 844 αὑτοῦ
929 793 1041 843 οὐκ
1094 789 1481 854 ἐξουόἐνωσε.
1544 789 1654 843 Kal.
1703 789 1764 841 οὐ

198 879 485 934 διέπτυσεν
517 883 658 952 ἡμᾶς
689 882 746 934 ὲν
775 886 1077 953 συμφοραῖς
1126 883 1301 946 ὄντας,
1356 882 1536 946 καλῶς
1579 881 1634 934 δὲ
1667 882 1764 935 αὐ-

197 974 325 1034 τοὺς
349 973 755 1043 πεπεδημένους
791 970 910 1026 εἶπε
945 974 1009 1027 δι’
1031 969 1105 1026 ὧν
1157 973 1390 1044 ἔπασχον
1414 973 1603 1027 ταῦτα.

270 1063 696 1116 Δίνεσάτωσαν
724 1064 910 1118 αὑτὸν
937 1067 990 1117 οἱ
1018 1066 1262 1132 οὐρανοὶ
1315 1065 1410 1117 καὶ
1464 1065 1502 1132 ἡ
1565 1064 1660 1132 γῆ.
1704 1065 1767 1117 Ei

201 1153 345 1225 χαρά
395 1155 603 1220 γίνεται
648 1156 706 1206 ὲν
757 1154 969 1226 οὐρανῷ
1025 1156 1116 1209 ἐπὶ
1165 1157 1247 1210 ἐνὶ
1279 1155 1580 1227 ἁμαρτωλῷ
1611 1173 1768 1225 μετα-

200 1242 433 1304 νοοῦντι,
475 1242 652 1313 πολλῷ
681 1243 838 1297 πλέον
869 1246 1196 1315 χαρήσονται
1221 1247 1512 1316 συμπάσης
1561 1245 1769 1298 ἐλευθε-

204 1333 472 1405 ρωθείσης
499 1335 597 1404 τῆς
625 1336 746 1405 γῆς.
808 1337 871 1388 Εἰ
921 1337 976 1389 δὲ
1021 1338 1244 1406 οὐρανὸς
1291 1338 1382 1389 ἐπὶ
1436 1339 1502 1406 τῇ
1544 1335 1650 1388 τῶν
1678 1338 1768 1388 ἁν-

202 1423 438 1494 Θρώπων
469 1427 647 1496 χαίρει
702 1428 978 1498 σωτηρία,
1024 1429 1117 1480 καὶ
1147 1429 1285 1481 αἰνεῖ
1322 1429 1412 1479 ἐπὶ
1449 1426 1620 1496 τούτῳ
1679 1426 1767 1478 τὸν

199 1517 358 1570 Θεόνο
393 1518 570 1588 πολλῴ
607 1519 804 1589 μᾶλλον
838 1521 931 1572 καὶ
971 1521 1123 1573 αὐτοὶ
1148 1521 1195 1572 οἱ
1246 1519 1504 1580 σωθέντες
1531 1519 1622 1570 ἐπὶ
1670 1518 1768 1586 τῆς

199 1609 304 1678 γῆς
327 1610 597 1662 αἰνέσουσι
619 1611 710 1663 τὸν
741 1611 1006 1664 σώσοντα·
1030 1611 1108 1663 διὸ
1136 1608 1460 1681 προσέθηκε’
1481 1609 1768 1662 Θάλασσα

202 1700 299 1754 καὶ
323 1700 521 1753 πάντα
568 1701 641 1754 τὰ
675 1701 933 1769 ἕρπον-τα
981 1703 1051 1754 ἐν
1095 1701 1315 1766 αὐτοῖς.
1370 1699 1539 1753 Τοῦτό
1585 1717 1765 1771 φησιν,

199 1793 386 1863 ἐπειδὴ
414 1793 508 1845 καὶ
543 1794 599 1845 ὲν
637 1796 756 1856 ταῖς
795 1794 976 1862 νήσοις
1007 1792 1228 1862 ἔμελλον
1255 1792 1318 1846 τὸ
1359 1794 1618 1864 σωτήριον
1674 1791 1766 1843 τοῦ

200 1884 339 1936 Θεοῦ
369 1884 788 1954 παραδέχεσθαι.
821 1886 893 1937 Τὸ
920 1884 1000 1949 δὲ,
1030 1885 1100 1937 ἐν
1123 1884 1346 1950 αὐτοῖς,
1381 1886 1474 1936 καὶ
1523 1885 1579 1934 ὲν
1604 1884 1671 1953 τῇ
1697 1885 1767 1952 γῇ

200 1973 295 2024 καὶ
325 1974 383 2024 ὲν
409 1975 474 2042 τῇ
509 1972 771 2042 θαλάσσῃ.

272 2060 403 2113 Ὀτι
447 2063 480 2113 ὁ
533 2059 675 2125 Θεὸς
722 2059 906 2113 σώσει
936 2060 1049 2126 τὴν
1090 2060 1260 2122 Σιὼν,
1304 2060 1401 2112 καὶ
1459 2057 1769 2127 οῖκοδομηυ

198 2152 491 2221 θήσονται
537 2156 596 2205 αἱ
662 2155 868 2218 πόλεις
932 2151 1040 2217 τῆς
1082 2152 1383 2216 Ἰουδαίας.
1432 2151 1564 2203 Τίνα
1609 2152 1771 2221 φησὶν

199 2242 339 2297 ε’ναι
365 2243 462 2314 τὴν
513 2241 711 2312 Σιὼνῆ
752 2243 849 2312 τὴν
875 2241 1035 2309 ἁγίαν
1075 2242 1416 2310 Ἐκκλησίαν,
1456 2235 1523 2308 ἧς
1569 2241 1663 2292 καὶ
1716 2240 1771 2291 αι

201 2335 384 2399 πόλεις
415 2333 860 2405 ᾠκοδομήθησαν,
891 2335 945 2386 αἱ
972 2331 1385 2403 διεγηγερμέναι
1409 2329 1644 2399 δηλονότι
1665 2328 1770 2381 τῶν

200 2422 504 2492 ἀνθρώπων
540 2421 745 2490 ψυχαί;
789 2419 1054 2472 Πεσοῦσαι
1097 2421 1203 2490 γὰρ
1261 2415 1400 2490 ἦσαν
1432 2419 1518 2471 ὅτε
1546 2417 1772 2487 ἠγνόουν

197 2513 293 2566 τὸν
317 2513 470 2565 Θεόν.
514 2505 678 2564 Abeat.
707 2511 764 2563 δέ
809 2513 944 2563 εἰσιν
983 2512 1037 2562 αἱ
1066 2509 1153 2562 διὰ
1194 2510 1292 2580 τῆς
1337 2508 1773 2577 ὲξομολογήσεως

199 2599 597 2672 ἁνεγερθείσαι.
681 2598 908 2651 Ἰουδαία
975 2598 1081 2670 γάρ
1153 2596 1534 2668 ἐξομολόγησις
1601 2597 1772 2666 ἑρμη-

199 2692 434 2745 νεύεται.

275 2785 382 2838 Καὶ
420 2781 895 2849 κατοικήσουσιν
921 2780 1063 2844 ἐκεῖ,
1087 2779 1182 2832 καὶ
1212 2775 1774 2847 κληρονομήσουσιν

199 2872 412 2937 αὑτήν.
467 2873 529 2922 Ol
584 2870 698 2932 νῦν,
733 2871 912 2940 φησὶν,
972 2868 1326 2938 αἰχμάλωτοι,
1361 2868 1454 2936 τῆς
1516 2866 1771 2918 ἐπανόδου

198 2963 475 3030 τυχόντες,
515 2961 608 3012 καὶ
639 2958 736 3020 τὰς
760 2957 963 3018 οἰκείας
1000 2955 1409 3026 οἰκοδομήσουσι
1443 2955 1644 3018 πόλεις,
1679 2955 1773 3008 καὶ

201 3056 620 3124 κατοικήσουσιν
650 3051 838 3114 αὑτάς.
868 3051 983 3101 υὺκ
1010 3048 1163 3101 αὐτοὶ
1215 3047 1272 3100 δὲ
1304 3046 1473 3118 μόνοι,
1502 3045 1638 3099 ἀλλὰ
1678 3045 1772 3098 καὶ

1863 609 2105 664 omnium
2151 611 2366 668 vincula
2418 631 2542 670 cum
2592 618 2728 674 dixit
2773 621 2840 676 iis
2889 626 2978 690 qui
3035 628 3194 681 vincti
3267 647 3410 689 sunt.

1867 699 2019 755 Exite
2113 713 2161 757 et
2211 706 2276 758 iis
2333 709 2424 775 qui
2469 709 2525 762 in
2569 711 2829 776 tenebris,
2885 715 3205 774 Reuelamini
3243 722 3309 774 ".
3343 722 3409 776 Et

1863 795 2060 847 vinctos
2107 812 2230 850 suos
2268 813 2370 851 non
2405 799 2661 870 despexit.
2714 805 2781 858 Et
2822 822 2927 862 non
2975 814 3180 878 respuit
3228 831 3326 870 nos
3359 817 3412 870 in

1865 887 2258 945 calamitatibus
2299 894 2802 966 constitutos;jure
2847 910 3024 956 autem
3068 920 3162 959 eos
3206 907 3413 962 vinctos

1866 979 2100 1046 appellat
2127 983 2269 1049 quod
2300 985 2426 1038 talia
2454 995 2789 1055 paterentur.

1935 1069 2023 1124 35.
2071 1070 2308 1126 Laudent
2349 1074 2498 1128 illum
2532 1078 2645 1131 coeli
2673 1087 2719 1131 et
2754 1089 2912 1132 terra.
2947 1078 3002 1133 Si
3039 1082 3290 1151 gaudium
3333 1094 3417 1138 est

1867 1162 1921 1216 in
1952 1163 2090 1217 ccelo
2126 1180 2286 1235 super
2317 1182 2426 1221 uno
2471 1179 2757 1238 peccatore
2798 1173 3167 1239 paenitentiam
3202 1186 3412 1246 agente,

1867 1255 2038 1309 multo
2074 1257 2245 1326 magis
2289 1259 2601 1329 gaudebunt
2635 1261 2708 1315 illi
2744 1279 2866 1316 cum
2897 1274 3039 1317 totus
3067 1267 3215 1321 orbis
3246 1279 3416 1322 terra-

1867 1362 1985 1401 rum
2040 1347 2299 1406 liberatus
2350 1350 2533 1408 fuerit.
2584 1353 2739 1420 Quod
2787 1357 2831 1410 si
2876 1359 3073 1411 cmlum
3124 1360 3320 1428 gaudet
3349 1362 3415 1414 de

1868 1442 2147 1497 hominum
2182 1445 2376 1508 salute,
2408 1447 2546 1503 etde
2581 1449 2681 1504 hac
2715 1466 2773 1504 re
2799 1452 2980 1505 laudat
3013 1451 3221 1521 Deum;
3247 1454 3416 1508 multo

1868 1536 2039 1603 magis
2077 1536 2112 1589 ii
2158 1538 2256 1607 ipsi
2297 1538 2388 1608 qui
2423 1540 2651 1594 salutem
2696 1553 3100 1612 consequuntur
3148 1546 3200 1600 in
3251 1557 3415 1610 terra,

1865 1625 2161 1683 laudabunt
2203 1645 2328 1684 cum
2399 1633 2491 1702 qui
2547 1635 2773 1688 salutem
2840 1635 3041 1690 dedit:
3090 1646 3419 1709 quapropter

1867 1720 2015 1774 addit
2047 1739 2060 1774 :
2093 1720 2238 1776 Mare
2280 1737 2330 1777 et
2361 1727 2536 1778 omnia
2564 1727 2768 1795 reptilia
2800 1729 2853 1781 in
2894 1731 2988 1782 eis.
3033 1727 3146 1785 Hoc
3187 1731 3262 1784 ait
3291 1731 3419 1800 quia

1869 1807 2109 1862 futurum
2145 1822 2261 1866 erat
2296 1822 2354 1865 ut
2386 1815 2546 1868 etiam
2588 1815 2640 1868 in
2679 1816 2870 1871 insulis
2915 1819 3246 1887 reciperetur
3273 1820 3419 1873 salu-

1870 1910 1983 1954 tare
2016 1900 2131 1957 Dei.
2165 1902 2299 1960 Illud
2332 1915 2534 1971 autem,
2573 1909 2627 1962 in
2660 1910 2755 1971 eis,
2785 1909 2834 1963 id
2874 1919 2959 1964 est
2988 1910 3042 1964 in
3083 1918 3227 1965 terra
3268 1920 3323 1965 et
3364 1912 3416 1964 in

1872 1993 2027 2046 mari.

1938 2086 2025 2140 '56.
2074 2085 2334 2151 Quoniam
2374 2088 2513 2143 Deus
2552 2091 2752 2143 salvam
2786 2091 2942 2159 faciet
2983 2090 3137 2154 Sion,
3171 2103 3217 2147 et
3246 2095 3418 2162 (edifi-

1870 2177 2126 2228 cabuntur
2166 2177 2400 2230 civitates
2431 2177 2596 2230 Juda.
2631 2175 2804 2244 Quam
2839 2194 2959 2235 esse
3001 2181 3076 2234 ait
3117 2180 3270 2246 Sion,
3315 2184 3420 2238 nisi

1869 2275 2111 2319 sanctam
2146 2265 2462 2328 Ecclcsiam,
2495 2268 2652 2337 cujus
2685 2269 2930 2324 civitates
2961 2271 3237 2325 adiﬁcatas
3270 2278 3419 2333 sunt,

1868 2357 2114 2409 excitata:
2168 2356 2374 2411 scilicet
2442 2358 2722 2413 hominum
2793 2361 3045 2415 animae?
3105 2361 3420 2417 Ceciderunt

1870 2446 2012 2498 enim
2058 2446 2277 2513 quando
2334 2447 2654 2517 ignorabant
2710 2447 3024 2506 Dominum.
3078 2454 3210 2523 lpsaa
3255 2469 3421 2525 porro

1870 2551 1966 2605 per
2004 2536 2401 2591 confessionem
2450 2539 2695 2595 cxcitatze
2745 2550 2890 2597 sunt.
2947 2541 3129 2598 Judwa
3187 2562 3421 2616 namque

1870 2625 2127 2694 confessio
2155 2627 2558 2698 interpretatur.

1940 2799 2029 2854 57.
2088 2799 2154 2853 Et
2201 2800 2567 2856 inhabitabant
2600 2805 2693 2870 ibi,
2733 2815 2781 2859 et
2817 2805 3120 2862 hwreditate
3152 2811 3420 2880 nequirent

1869 2907 2005 2945 eam.
2043 2891 2276 2961 Captivi,
2317 2892 2513 2963 inquit,
2557 2897 2651 2966 qui
2697 2912 2841 2952 nunc
2898 2899 3129 2953 reditum
3173 2901 3421 2955 obtinue-

1871 2989 2015 3045 runt,
2048 2981 2294 3051 proprias
2351 2984 2514 3039 urbes
2558 2986 2899 3041 aediﬁcabunt
2944 2997 2999 3042 et
3041 2989 3419 3044 inbabitabunt

1871 3085 1985 3126 eas.
2013 3069 2121 3126 Nec
2147 3072 2248 3141 ipsi
2279 3073 2400 3140 soli,
2436 3075 2528 3129 sed
2554 3084 2609 3130 et
2638 3090 2828 3132 eorum
2865 3078 2960 3132 ﬁlii
2990 3088 3043 3134 ct
3071 3089 3290 3150 nepotes
3323 3099 3340 3150 ;
3368 3082 3419 3136 id

197 3150 249 3198 οἰ
277 3145 481 3198 τούτων
533 3145 720 3205 παῖδες
758 3141 852 3195 καὶ
909 3140 959 3193 οἱ
1025 3139 1254 3208 ἔκγονον
1310 3139 1467 3193 τοῦτο
1512 3139 1622 3209 γὰρ
1673 3139 1768 3189 ὲπ-

1874 3163 2017 3217 enim
2043 3139 2341 3234 subiungit.

199 3239 481 3380 ήγῗίῗὶντὸ
508 3325 744 3395 σπέρμα
768 3321 884 3377 τῶν
907 3322 1142 3376 δούλων
1189 3319 1372 3373 αὐτοῦ
1417 3319 1775 3383 καθέξουσιν

199 3417 418 3484 αὐτὴν,
451 3417 547 3469 καὶ
591 3419 644 3470 οὶ
703 3413 1045 3485 ἀγαπῶντες
1096 3412 1161 3465 τὸ
1201 3409 1386 3479 ῑιοομά
1432 3426 1548 3462 rw
1597 3426 1774 3463 κατα-

199 3506 632 3574 σκηνώσουσιν
679 3507 748 3560 ἐν
779 3505 951 3573 αὐτῇ.
988 3505 1172 3557 Δοῦλοι
1214 3503 1310 3574 μὲν
1341 3502 1504 3555 αὑτοῦ
1550 3504 1597 3554 οἱ
1631 3501 1773 3570 ἆγιοι

200 3599 508 3658 ἀπόστολοι,
571 3597 646 3659 ὡς
719 3596 964 3658 Παῦλος,
1027 3594 1211 3656 δοῦλος
1286 3593 1456 3661 Ἰησοῦ
1519 3592 1769 3664 Χριστοῦ·

202 3689 427 3758 σπέρμα
457 3688 513 3740 δὲ
549 3686 724 3739 αὐτῶν
751 3687 800 3739 οἱ
821 3686 888 3740 δι’
942 3683 1120 3739 αὐτῶν
1167 3684 1245 3745 εἰς
1272 3682 1501 3753 Χριστὸν
1551 3681 1769 3735 πιστεύ-

201 3797 415 3844 σαντες.

408 3873 510 3937 Εὶς
541 3869 732 3935 τέλος.
771 3870 1078 3922 ΨΑΛΜΟΣ
1101 3864 1180 3932 τῷ
1208 3864 1407 3927 Δαυῒδ,
1438 3863 1565 3921 ΞΘν.

337 3961 441 4023 Εἰς
483 3959 826 4028 ἀνάμνησιν
849 3960 937 4023 εις
962 3956 1028 4010 τὸ
1064 3955 1261 4010 σῶσαί
1293 3971 1370 4024 με
1399 3955 1634 4022 Κύριον.

825 4138 1143 4202 Ὑπόθεσις.

201 4229 405 4283 Τοῦτον
437 4228 548 4299 ᾅδει
572 4229 660 4280 τὸν
677 4226 886 4295 ψαλμὸν
910 4229 972 4279 ἐκ
1002 4225 1289 4296 προσώπου
1309 4223 1406 4294 τῆς
1421 4221 1517 4275 ἀνθ
1525 4220 1770 4292 ρωπότη-

271 4335 387 4381 τος,
415 4316 670 4387 ἀξιούσης
703 4318 781 4379 είς
807 4315 868 4368 τὸ
903 4315 1115 4386 βοηθεῖν
1158 4316 1292 4385 αὐτῇ
1317 4313 1662 4382 διαναστῆναι
1682 4310 1771 4362 τὸν

271 4412 427 4465 Θεόν.
463 4409 618 4462 Οὕτω
646 4411 755 4480 γάρ
776 4408 1086 4462 συνέϐαινεν
1118 4406 1449 4477 ὲντραπῆναι
1512 4404 1609 4474 μὲν
1648 4403 1772 4464 τοὺς

1943 3334 2011 3389 Et
2033 3352 2203 3391 semen
2231 3353 2496 3393 servorum
2517 3340 2631 3410 ejus
2653 3343 2932 3412 possidebit
2956 3360 3093 3413 eam,
3116 3357 3163 3401 ct
3183 3350 3273 3418 qui
3295 3349 3419 3403 dili-

1872 3437 1997 3498 gunt
2019 3444 2203 3482 nomen
2237 3429 2349 3496 ejus
2387 3429 2696 3486 habitabant
2726 3434 2782 3486 in
2827 3450 2909 3490 ea.
2956 3434 3104 3491 Servi
3143 3439 3260 3507 ejus
3297 3451 3414 3493 sunt

1873 3519 2044 3575 sancti
2090 3520 2341 3589 apostoli,
2374 3529 2435 3574 ut
2479 3519 2701 3587 Paulus,
2753 3538 2943 3581 servus
2997 3524 3123 3581 .lesu
3175 3529 3418 3586 Christi:

1872 3625 2051 3664 semen
2079 3619 2259 3665 autem
2281 3625 2471 3666 eorum
2500 3621 2628 3668 sunt
2653 3613 2691 3668 ii
2718 3615 2811 3685 qui
2842 3629 2937 3686 per
2965 3616 3113 3686 ipsos
3169 3618 3224 3673 in
3257 3623 3420 3677 Chri-

1872 3710 2015 3754 stum
2042 3702 2404 3758 crediderunt.

2067 3863 2133 3916 In
2176 3863 2350 3933 finem,
2406 3863 2739 3923 PSALMUS
2787 3867 2979 3935 Dauid,
3023 3869 3228 3925 LXIX.

1979 3960 2029 4013 1.
2074 3960 2136 4014 1η
2177 3964 2655 4018 rememorationem
2699 3966 2839 4036 quod
2880 3969 3080 4022 salvum
3129 3971 3305 4040 fecerit

2452 4070 2532 4107 nte
2559 4054 2836 4112 Dominus.

2445 4147 2844 4217 Argumentum.

1874 4229 2029 4286 Hunc
2056 4233 2205 4286 canit
2229 4234 2496 4303 psalmum
2531 4253 2598 4291 ex
2629 4253 2860 4309 persona
2903 4240 3152 4296 humana:
3193 4251 3420 4307 natura,

1941 4323 2180 4390 rogantis
2218 4322 2382 4378 Deum
2418 4335 2477 4380 ut
2506 4337 2757 4398 exsurgal
2788 4328 2854 4383 ad
2888 4331 3148 4386 auxilium
3191 4332 3314 4402 ipsi.
3348 4333 3424 4388 Ita

1941 4413 2086 4467 enim
2149 4415 2372 4485 contigit
2433 4416 2638 4486 pudore
2702 4419 2840 4474 aﬂici
2895 4421 3236 4480 adversarios
3305 4426 3422 4497 ejus

270 4504 676 4572 ἀντικειμένους
713 4501 849 4570 αὐτῇ
892 4499 1180 4568 πολεμίους
1217 4498 1492 4568 δαίμονας,
1541 4495 1768 4565 εὐφραν-

1940 4504 2213 4562 ἀειηοηος
2256 4509 2324 4562 ad
2363 4509 2558 4565 bellum
2621 4511 2913 4569 instructos
2951 4533 2967 4581 ;
3022 4515 3189 4571 laetari
3239 4495 3421 4574 autem

273 4595 432 4666 θῆναι
450 4595 506 4647 δὲ
525 4596 648 4656 τοὺς
676 4594 788 4646 ὅσοι
820 4592 1097 4663 χαίρουσιν
1121 4591 1211 4643 ἐπὶ
1234 4594 1299 4661 τῇ
1323 4589 1563 4659 σωτηρίᾳ
1584 4588 1770 4657 αὐτῆς.

283 4689 349 4740 Ὀ
371 4686 535 4751 Θεὸς,
557 4689 642 4750 είς
670 4683 784 4751 τὴν
803 4681 1096 4749 ,βοήθειάν
1120 4701 1239 4751 μου
1266 4683 1550 4750 πρόσχες,
1570 4698 1624 4734 κ.
1647 4697 1697 4734 τ.
1719 4679 1766 4731 λ.

273 4775 787 4847 Δισχυνθήτωσαν
842 4773 939 4828 καὶ
991 4773 1470 4841 ἐντραπήτωσαν.
1531 4771 1772 4842 Διαμαρ-

196 4886 368 4934 τοιεν,
404 4870 584 4937 φησιν,
609 4868 659 4920 οἱ
688 4867 786 4936 τῆς
828 4866 966 4935 ἐμῆς
993 4865 1207 4934 σφαγῆς
1233 4864 1527 4934 ἐφιέμενοι,
1552 4865 1644 4916 καὶ
1672 4861 1769 4932 τὴν

197 4959 450 5013 ἐντεῦθεν
480 4958 737 5028 αἰσχύνην
773 4955 1172 5026 καρπώσαιντο.

283 5047 859 5117 Ἀποστραφήτωσαν
869 5050 1032 5113 εις-τὰ
1053 5047 1265 5108 ὀπίσω,
1280 5061 1391 5099 κ.τ.
1408 5045 1459 5099 λ.
1475 5046 1585 5098 Kal.
1607 5044 1763 5097 πάλιν

198 5142 478 5197 κάνταῦθα
507 5144 563 5194 ἐν
597 5144 707 5203 τοῖς
730 5141 961 5212 παροῦσι
1001 5141 1200 5210 στίχοις
1226 5140 1497 5211 ἐπαρᾶται
1532 5138 1628 5208 μὲν
1655 5141 1764 5200 τοῖς

196 5235 364 5288 αὐτὸν
397 5233 824 5296 ἐπιϐουλεύουσι,
860 5234 953 5286 καὶ
992 5231 1230 5286 Θέλουσιν
1261 5232 1418 5284 αὐτὸν
1446 5230 1632 5292 κακῶς
1663 5247 1765 5282 πα-

197 5329 333 5378 Θεῖν·
369 5325 464 5377 καὶ
507 5324 653 5391 λέγει
683 5324 816 5394 πρὸς
849 5325 1059 5388 αὐτούς·
1093 5327 1156 5377 Οί
1204 5327 1313 5387 τοῖς
1370 5326 1522 5394 ἐμοῖς
1578 5325 1764 5384 κακοῖς

195 5418 521 5489 ἑφηὸὁμενοι
545 5416 836 5487 τράποιντο
877 5419 957 5480 εἰς
987 5417 1163 5487 φυγὴν
1195 5415 1332 5486 μετὰ
1361 5415 1638 5485 αἰσχύνης,
1669 5415 1764 5484 τὴν

197 5513 343 5580 ἐμὴν
376 5509 606 5579 ὁρῶντες
633 5509 952 5580 μεταϐολήν.
1001 5506 1572 5575 Ἀποστραρήτωσαν
1620 5521 1767 5574 παρ-

195 5601 416 5654 αυτίκα
467 5601 907 5668 αἰσχυνόμενοι.
939 5601 1001 5652 Ol
1028 5599 1118 5652 ἐπὶ
1138 5597 1214 5667 τῷ
1232 5596 1506 5667 γενομένῳ
1535 5614 1623 5666 μοι
1658 5596 1759 5649 πά-

1937 4609 2033 4651 eos
2060 4597 2152 4665 qui
2176 4599 2410 4668 gaudent
2429 4601 2496 4655 de
2517 4601 2691 4656 salute
2715 4604 2907 4672 ipsius.

1939 4685 1994 4739 2.
2031 4685 2194 4754 Deus,
2217 4689 2273 4742 in
2300 4689 2626 4758 adjutorium
2657 4710 2828 4748 meum
2851 4698 3074 4760 intende,
3105 4709 3206 4754 etc.

1939 4777 1992 4831 3.
2026 4777 2434 4848 Confundantur
2455 4793 2502 4836 et
2520 4795 2872 4841 revereantur.
2898 4786 3002 4853 Qui
3031 4804 3207 4844 meam
3237 4807 3422 4847 necem

1867 4877 2122 4938 exoptant
2167 4875 2444 4942 proposito
2475 4875 2757 4943 labantur,
2800 4886 2961 4948 atque
3008 4879 3134 4934 hinc
3164 4883 3425 4950 pudorem

1869 4970 2294 5027 consequantur.

1936 5048 2350 5120 4.:Avertantur
2379 5065 2666 5110 retrorsum
2704 5067 2753 5110 et
2795 5058 3122 5126 erubescant,
3147 5071 3250 5116 etc.
3281 5063 3424 5116 Rur-

1869 5155 1990 5194 sum
2029 5140 2085 5195 in
2128 5147 2488 5212 praesentibus
2524 5146 2810 5203 versiculis
2840 5160 3155 5205 exsecratur
3198 5167 3292 5206 eos
3332 5152 3421 5220 qui

1871 5229 2094 5286 insidias
2134 5234 2234 5303 ipsi
2281 5244 2496 5304 parant,
2534 5245 2591 5291 et
2630 5239 2818 5292 volunt
2859 5255 2984 5294 eum
3042 5241 3202 5296 malis
3248 5241 3380 5297 allici
3407 5283 3420 5304 ,

1868 5331 1922 5376 et
1953 5322 2028 5376 ait
2057 5323 2196 5378 illis:
2225 5322 2327 5391 Qui
2353 5327 2418 5381 de
2443 5327 2601 5383 malis
2629 5329 2764 5384 meis
2790 5331 3026 5400 gaudent
3054 5340 3334 5386 vertantur
3368 5335 3422 5388 in

1870 5414 2050 5484 fugam
2082 5433 2204 5472 cum
2224 5421 2449 5490 pudore,
2467 5430 2748 5477 cernentes
2776 5421 3203 5477 immutationem
3223 5437 3417 5476 meam.

1873 5509 2191 5564 Acertantur
2225 5515 2402 5565 statim
2451 5517 2824 5568 erubescentes.
2870 5512 2972 5582 Qui
3019 5514 3086 5568 de
3127 5528 3246 5571 mea
3294 5515 3418 5567 olim

1868 5600 2109 5669 pernicie
2127 5613 2180 5659 et
2209 5604 2274 5660 de
2303 5605 2591 5662 maledicto
2621 5607 2809 5664 mortis
2837 5606 3158 5682 gaudebant.

195 5699 289 5756 λαι
324 5695 573 5765 πτώματι
625 5696 710 5749 διὰ
762 5700 857 5770 τὴν
887 5698 977 5751 τοῦ
1013 5698 1237 5750 θανάτου
1283 5694 1524 5765 κατάραν
1572 5695 1922 5764 ἐπιχαρέντες

272 5791 319 5823 ⁵⁸
360 5791 466 5846 lsa.
500 5806 646 5856 xux,
678 5792 729 5844 9.
