4034 6470
578 431 688 489 315

582 636 725 689 dicat
756 631 1006 687 :Justitia
1033 647 1219 686 eorum
1250 633 1341 700 qui
1379 632 1529 701 prius
1557 635 1838 686 memorati
1867 643 1994 688 sunt
2027 633 2138 701 pri-

584 737 740 778 vatus
765 740 906 784 sum,
957 738 1018 777 ac
1043 724 1095 776 in
1122 731 1433 793 paupertate
1465 723 1674 791 vivens,
1705 723 2013 777 divitiarum
2041 725 2136 793 ju-

586 816 747 870 stitiae
769 830 961 884 expers
990 829 1108 869 sum
1140 833 1152 868 :
1189 823 1512 884 quapropter
1532 823 1682 868 tuum
1723 816 1953 884 imploro
1979 816 2136 870 auxi-

587 909 741 961 lium.
773 907 1000 974 Adjutor
1031 923 1169 960 meus
1197 919 1244 960 et
1276 907 1527 962 liberator
1549 925 1688 962 meus
1718 925 1770 962 es
1795 921 1872 974 tu,
1899 908 2138 974 Domine,

586 1013 649 1050 ne
684 997 918 1048 moreris.
958 993 1128 1048 Tuam
1173 997 1316 1049 enim
1370 998 1764 1066 providentiam
1816 1007 2141 1052 consecutus

588 1104 729 1143 sum.
767 1086 968 1140 Exaudi
1004 1103 1164 1155 quam
1199 1088 1484 1154 citissime,
1519 1097 1664 1143 etne
1697 1087 1915 1143 diﬂeras
1951 1098 2142 1158 postu-

592 1181 756 1232 latum
791 1180 1106 1232 concedere.

597 1271 644 1324 Ι.
691 1268 925 1324 I‘SAI.M
939 1267 1023 1322 US
1048 1268 1253 1334 Davidi,
1280 1269 1332 1321 in
1353 1270 1529 1338 ﬁnem,
1563 1270 1797 1339 ﬁliorum
1821 1268 2065 1324 Ionadab
2095 1280 2144 1325 et

659 1362 892 1430 priorum
919 1362 1263 1427 captivorum.
1296 1360 1452 1416 Caret
1486 1363 1827 1432 inscriptione
1863 1363 2003 1434 apud
2034 1362 2144 1418 He-

665 1451 851 1505 braeos.
883 1450 1055 1504 LXX.

1176 1542 1566 1613 Argumentum.

593 1628 717 1684 Filii
743 1627 989 1685 Jonadab
1025 1631 1123 1684 viri
1149 1630 1298 1686 fuere
1333 1633 1404 1701 pii
1427 1643 1480 1686 et
1503 1631 1653 1701 justi,
1689 1632 1780 1700 qui
1816 1633 1986 1701 patris
2010 1647 2147 1701 prm-

665 1729 818 1790 cepta
865 1734 1112 1775 accurate
1153 1723 1462 1787 servabant,
1512 1732 1673 1791 atque
1712 1723 1786 1776 ita
1825 1723 2062 1793 religiosi
2096 1731 2150 1777 et

669 1812 912 1865 moribus
943 1813 1231 1876 mansueti,
1265 1821 1324 1866 ut
1361 1828 1548 1867 eorum
1588 1813 1801 1868 virtutis
1845 1814 1998 1868 testis
2036 1812 2150 1883 ipse

667 1899 828 1965 Deus,
861 1903 1174 1971 prophetam
1210 1900 1498 1956 Jeretniam
1532 1903 1836 1971 alloquens,
1883 1878 2145 1957 fuerit"°.
2181 1878 2222 1932 Β

673 1991 870 2046 Eorum
921 2001 1161 2060 tempore
1199 1994 1348 2061 prior
1391 1992 1676 2061 captivitas
1709 1990 2009 2047 Jerusalem
2049 1992 2152 2047 sub

670 2083 939 2138 Chaldaeis
967 2081 1086 2136 fuit.
1118 2081 1182 2135 lli
1214 2082 1448 2138 fortasse
1474 2099 1758 2152 personam
1801 2093 1989 2153 gerant
2021 2098 2153 2152 apo-

678 2176 941 2230 stolorutn
978 2176 1154 2241 chori,
1182 2176 1273 2244 qui
1317 2160 1522 2229 naviter
1551 2175 1786 2229 cmlestis
1815 2174 1990 2229 Patris
2019 2191 2156 2244 prae-

672 2278 823 2337 cepta
870 2267 1137 2329 servavit,
1179 2275 1233 2320 et
1278 2265 1529 2320 laudibus
1575 2265 1880 2320 celebratus
1933 2278 2018 2320 est
2060 2282 2156 2336 per

674 2358 1033 2412 lieatitudincs
1065 2373 1199 2427 quas
1233 2356 1541 2410 audierunt.
1579 2356 1840 2412 Similiter
1861 2365 1915 2412 et
1944 2367 2158 2427 aposto-

670 2453 845 2505 lorum
871 2462 1108 2520 tempore
1138 2450 1283 2518 prior
1321 2448 1705 2520 Hierosolyma:
1744 2451 2026 2518 captivitas
2055 2450 2158 2504 sub

675 2541 934 2596 Romanis
961 2541 1175 2596 accidit.
1209 2540 1629 2594 lntrodueuntur
1664 2541 1846 2609 itaque
1885 2541 1987 2610 ipsi
2033 2542 2160 2596 reli-

666 2635 805 2705 giosi
839 2634 962 2696 viri,
988 2633 1196 2686 scilicet
1235 2630 1604 2700 apostolorum
1667 2631 1889 2695 chorus,
1929 2633 2020 2702 qui
2063 2648 2159 2702 per

680 2734 994 2793 praesentem
1014 2724 1277 2794 psalmum
1299 2724 1594 2780 orationem
1614 2734 1664 2779 et
1680 2726 1973 2792 gratiarum
1991 2726 2160 2779 actio-

677 2831 798 2870 nem
831 2829 928 2886 pro
949 2815 1138 2884 seipsis
1158 2814 1263 2869 Deo
1295 2814 1549 2879 oﬂerunt,
1575 2815 1720 2883 quod
1757 2829 1816 2867 se
1845 2827 2158 2883 oppressos,

678 2924 855 2963 cuma
890 2908 1326 2978 persecutoribus
1371 2907 1442 2960 ob
1487 2905 1851 2974 evangelicam
1901 2903 2162 2973 pradica-

681 3001 900 3064 tionem,
933 3007 1043 3052 tum
1076 3014 1105 3050 a
1129 2996 1502 3067 spiritualibus
1525 2993 1932 3048 insidiatoribus
1958 2993 2161 3047 dienio-

680 3091 863 3153 nibus,
898 3088 1160 3142 liberarii.
1191 3086 1520 3156 lnsuperque
1550 3086 1871 3154 promittunt
1905 3100 1963 3138 se
1996 3086 2164 3138 sacri-

1408 427 1464 483 S.
1507 427 1877 482 ATHANASII
1915 424 2065 483 OPP.
2098 423 2279 480 PARS
2317 425 2402 479 lll.
2433 457 2501 468 —
2531 425 2933 482 EXECETICA.

650 547 704 602 6.
747 545 855 615 Ego
897 554 1069 598 autem
1119 543 1382 598 mendicus
1433 560 1550 598 sum
1599 554 1647 598 et
1703 560 1915 613 pauper.
1967 542 2132 609 Quasi
2161 545 2207 603 Α

3691 431 3798 485 516

2319 541 2457 610 Ἐγὼ
2478 539 2544 594 δὲ
2573 542 2804 608 πτωχός
2824 543 2939 608 ειμι
2975 540 3071 592 καὶ
3112 536 3318 605 πένης.
3369 541 3511 593 Ἀντὶ
3535 539 3648 602 τοῦ,
3685 543 3804 612 Τῆς

2236 635 2342 687 τῶν
2368 633 2777 704 προειρημένων
2817 630 3161 701 δικαιοσύνης
3191 632 3508 702 ἐστέρημαι,
3545 633 3634 684 καὶ
3664 648 3807 685 πτω-

2239 722 2329 794 χίᾳ
2363 723 2555 787 συζῶν,
2603 723 2702 792 τῆς
2749 721 3092 793 δικαιοσύνης
3122 723 3222 775 οὐκ
3275 722 3381 791 ἔχω
3432 723 3521 775 τὸν
3553 723 3802 776 πλοῦτονο

2238 814 2317 867 διδ
2337 815 2434 883 τῆς
2465 815 2562 884 σῆς
2592 814 2908 884 ἐπιχωρίας
2941 814 3164 867 ἱκετεύω
3201 819 3401 884 τυχεῖν.
3433 817 3659 881 Βοηθός
3684 833 3807 884 μου

2240 905 2336 957 καί
2353 907 2586 972 ρύστης
2604 923 2721 974 μου
2747 902 2806 958 εἴ
2853 907 2954 968 σὺ,
2987 908 3180 974 Κύριε,
3218 907 3302 974 μὴ
3351 909 3660 974 χρονίσῃς.
3694 907 3808 975 Τῆς

2243 999 2341 1068 σῆς
2367 998 2476 1068 γὰρ
2506 998 2844 1068 προμηθείας
2877 999 3167 1071 τετύχηκα.
3222 1001 3553 1054 Ἐπάκουσον
3600 1001 3683 1053 ὃτι
3712 1001 3811 1054 τά·-

2242 1107 2418 1160 χιστα,
2454 1091 2544 1144 καὶ
2582 1091 2655 1161 μὴ
2687 1090 2926 1164 ἁναϐἀλῃ
2946 1091 3042 1162 τὴν
3093 1091 3325 1161 αἴτησιν.

2249 1261 2332 1326 Τῷ
2358 1262 2538 1315 Διιυι’δ
2571 1265 2896 1326 ΨΑΛΜΟΣ,
2917 1264 3004 1327 είς
3047 1261 3111 1314 τὸ
3141 1260 3332 1326 τέλος,
3369 1261 3488 1314 τῶν
3524 1261 3668 1315 υἱῶν
3701 1264 3813 1315 Ἰω-

2316 1351 2525 1414 ναδίιό,
2590 1352 2687 1404 καὶ
2743 1351 2861 1404 τῶν
2911 1353 3152 1418 πρώτων
3201 1353 3813 1420 αἰχμαλωτισθέντων.

2329 1443 2751 1513 Ἀνεπίγιοαφος
2797 1442 2932 1509 παρ’
2979 1442 3278 1509 Ἑϐραίοις.
3316 1445 3393 1494 0'.

2885 1533 3208 1598 Ὑπόθεσις.

2247 1628 2309 1679 Oi
2336 1627 2442 1680 υίοὶ
2472 1627 2564 1679 τού
2611 1626 2863 1680 Ἰωναδέιϐ
2894 1626 3180 1694 γεγόνασιν
3225 1627 3414 1697 ἄνδρες
3459 1627 3706 1690 εὐλαϐεῖς
3756 1644 3820 1679 τε

2318 1721 2412 1772 καὶ
2435 1719 2650 1783 δίκαιοι,
2679 1719 2773 1771 καὶ
2802 1718 2910 1770 τῶν
2941 1717 3035 1771 τοῦ
3083 1719 3286 1789 πατρὸς
3333 1719 3558 1771 ἐντολῶν
3584 1719 3822 1787 φύλακες

2326 1811 2590 1883 ἀκριϐεῖς,
2617 1813 2711 1864 κα)⁵
2740 1809 2880 1863 οὕτω
2905 1809 3174 1873 θεοσεϐεῖς
3216 1811 3308 1863 καλ.
3337 1810 3397 1863 τὸ
3421 1807 3549 1882 ἦθος
3571 1812 3824 1881 χρηστοὶ,

2319 1904 2394 1966 ὼς
2415 1903 2509 1956 καὶ
2538 1903 2786 1973 μάρτυρα
2806 1903 2903 1973 τῆς
2945 1901 3123 1954 αὐτῶν
3161 1902 3361 1974 ἀρετῆς
3407 1903 3655 1970 γενέσθαι
3688 1901 3826 1954 Θεὸν

2319 1995 2396 2065 τῷ
2417 1995 2670 2066 προφήτῃ
2703 1994 3080 2063 διαλεγόμενον
3131 1993 3385 2064 Ἱερεμίᾳ.
3453 1993 3572 2046 Ἐπὶ
3620 1993 3828 2048 τούτων

2320 2088 2377 2140 δὲ
2405 2089 2498 2140 καὶ
2529 2086 2780 2157 ἡπρώτη
2833 2087 2930 2156 τῆς
2992 2085 3342 2155 Ἰερουσαλὴμ
3396 2085 3501 2138 ὑπὸ
3543 2083 3830 2137 Χαλδαίων

2322 2178 2667 2249 αἱχμαλωσία
2698 2177 3008 2247 γεγένηται.
3046 2179 3228 2247 Σχοῖεν
3283 2177 3326 2228 δ’
3373 2176 3437 2229 ἂν
3475 2172 3618 2231 οὗτοι
3659 2176 3829 2248 πρόσο

2321 2287 2470 2324 ωπον
2494 2267 2586 2322 τοῦ
2639 2267 2995 2321 ἀποστολικοῦ
3022 2267 3205 2339 χοροῦ,
3234 2266 3325 2321 τοῦ
3353 2267 3447 2321 καὶ
3487 2268 3688 2338 σφόδρα
3727 2268 3832 2331 τὰς

2263 2358 2268 2363 ’
2323 2359 2417 2414 τοῦ
2451 2359 2770 2429 ἐπουρανίου
2812 2357 3023 2428 Πατρός
3063 2358 3394 2426 φυλάξαντος
3443 2359 3679 2422 ἐντολὰς,
3734 2361 3833 2411 καὶ

2322 2451 2449 2513 τοὺς
2478 2450 2730 2512 ἐπαίνους
2763 2449 3045 2520 εἰληφότος
3070 2449 3156 2501 διὰ
3211 2449 3316 2502 τῶν
3347 2451 3482 2521 πρὸς
3523 2453 3718 2514 αὐτοὺς
3749 2453 3833 2504 εξ-

2329 2543 2578 2614 ρημόνων
2609 2541 2989 2612 μκαρισμῶν.
3051 2540 3280 2611 Ὁμοίως
3308 2542 3436 2609 γοῦν
3462 2542 3554 2594 καὶ
3588 2544 3680 2594 ἐπὶ
3709 2542 3833 2595 τού-

2324 2653 2434 2689 των
2466 2633 2573 2687 τῶν
2598 2633 2928 2696 ἀποστόλων,
2972 2633 3133 2702 φημὶ,
3186 2634 3218 2702 ὴ
3277 2632 3464 2702 πρώτη
3495 2635 3592 2703 τῆς
3631 2635 3835 2704 Ἰερου-

2330 2727 2511 2797 σαλὴμ
2546 2724 2889 2794 αίχμαλωσία
2944 2723 3048 2775 ὑπὸ
3097 2724 3380 2793 Ῥωμαίων
3421 2725 3653 2792 ἐγένετο.
3707 2725 3836 2778 Εἰσ-

2329 2819 2549 2886 άγονται
2580 2811 2670 2868 οὖν
2697 2810 2837 2868 οὗτοι
2861 2816 2908 2866 οἱ
2938 2813 3219 2882 Θεοφιλεῖς,
3241 2814 3514 2867 τουτέστιν
3541 2817 3568 2868 ό
3599 2816 3835 2868 ἀποστο-

2329 2907 2476 2971 λικὸς
2507 2906 2684 2977 χορὸς,
2749 2906 2836 2960 διὰ
2868 2905 2961 2958 τοῦ
2998 2905 3358 2976 προκειμένου
3419 2905 3635 2975 ψαλμοῦ
3666 2907 3838 2977 εὐχήν

2329 3018 2389 3054 τε
2426 3000 2518 3053 καὶ
2549 2999 2894 3069 εὐχαριστίαν
2929 2997 3067 3067 ὑπὲρ
3115 2997 3319 3052 ἑαυτῶν
3346 2998 3707 3070 ἀναφέροντες
3743 2997 3840 3069 ’τῷ

2326 3089 2465 3160 Θεῷ,
2515 3091 2596 3157 ἐφ’
2630 3083 2709 3150 οἷς
2736 3088 3083 3157 θλιϐομένους
3110 3088 3303 3150 αὐτοὺς
3352 3088 3459 3141 ἀπό
3484 3105 3543 3139 τε
3576 3089 3685 3140 τῶν
3718 3089 3827 3142 διω

677 3183 794 3235 licia
823 3181 998 3237 laudis
1024 3181 1198 3236 solum
1224 3180 1522 3244 oblaturos,
1559 3178 1715 3248 legali
1747 3176 1993 3232 videlicet
2014 3178 2160 3233 cultu
2190 3219 2193 3244 ,

2338 3182 2542 3234 κόντων
2582 3178 2669 3233 διὰ
2707 3179 2799 3232 τοῦ
2820 3178 3168 3246 εύαγγελικοῦ
3211 3178 3581 3249 κηρύγματος,
3617 3179 3724 3232 ἀπό
3774 3197 3841 3232 τε

682 3274 953 3328 liberatos.

2336 3273 2442 3326 τῶν
2470 3272 2674 3342 νοητῶν
2705 3270 3003 3324 ἐπιϐούλων
3030 3271 3130 3339 τῆς
3155 3271 3332 3323 αὐτῶν
3369 3271 3545 3341 ψυχῆς
3567 3271 3842 3343 δαιμόνων

675 3366 948 3420 διέσωσεν·
997 3365 1078 3418 ἐτι
1114 3381 1174 3418 τε
1203 3362 1613 3433 ὑπισχνούμενοι
1655 3363 1819 3433 μόνας
1855 3362 1954 3425 τὰς
1978 3363 2044 3416 δι’
2083 3367 2338 3429 αἰνέσεως
2370 3365 2712 3434 ἀναπέμπειν
2752 3363 2972 3426 Θυσίας,
3022 3361 3425 3432 ἀπηλλαγμένοι
3464 3363 3703 3432 δηλονότι
3736 3365 3842 3434 τῆς

680 3455 821 3509 κατά
848 3455 1010 3526 νόμον
1040 3454 1311 3524 λατρείας.

678 3549 734 3607 Ξ.
771 3548 838 3604 In
860 3559 927 3615 te,
961 3549 1200 3614 Domine,
1219 3549 1441 3616 sperari,
1467 3563 1569 3600 non
1598 3546 1894 3616 confundor
1927 3549 1979 3599 in
2006 3558 2164 3602 teter-

613 3659 758 3696 num.
794 3640 1063 3710 Ingentem
1115 3639 1364 3694 ﬁduciam
1413 3639 1648 3701 exhibet,
1686 3654 1876 3708 nempe
1908 3654 2056 3708 spem
2110 3640 2164 3693 in

616 3736 804 3788 Deum.
834 3731 900 3786 In
922 3731 1138 3802 jnstitia
1169 3742 1260 3786 tua
1294 3730 1458 3783 libera
1493 3747 1592 3784 me.
1621 3728 1837 3784 Justitia
1872 3728 2051 3784 Patris
2085 3739 2167 3785 est

613 3823 804 3891 Filius,
833 3839 926 3893 per
961 3839 1120 3892 quem
1155 3823 1367 3877 liberati
1400 3837 1590 3878 sumus
1619 3836 1649 3875 a
1688 3830 1929 3890 peccato,
1971 3836 2079 3890 quo
2112 3821 2164 3874 iu

614 3918 959 3988 corruptione
981 3913 1378 3972 detinebantur.

683 4094 737 4150 ὅ.
787 4091 913 4147 Esto
937 4092 1064 4146 mihi
1108 4091 1162 4144 in
1200 4089 1361 4144 Deum
1402 4097 1760 4159 protectorem.
1795 4087 2005 4144 Gnarus
2043 4103 2170 4158 apo-

604 4185 841 4242 stolicus
867 4185 1066 4239 chorus
1094 4182 1392 4252 pollicitum
1425 4197 1545 4236 esse
1571 4179 1760 4242 Deum,
1792 4180 1933 4248 quod
1962 4180 2077 4249 ipse
2116 4180 2169 4233 in

617 4291 832 4330 murum
866 4273 1006 4346 ignis
1035 4273 1087 4326 in
1113 4273 1342 4326 circuitu
1376 4269 1588 4324 futurus
1617 4269 1689 4323 sit
1719 4268 1786 4323 iis
1819 4268 1910 4337 qui
1935 4269 2174 4322 credide-

619 4367 796 4421 rintin
828 4367 1027 4434 ipsum,
1055 4371 1211 4432 rogat
1246 4376 1365 4416 eam
1393 4361 1812 4430 promissionem
1865 4373 1922 4412 re
1961 4358 2074 4427 jam
2116 4358 2170 4412 in

618 4471 678 4511 se
706 4455 983 4524 compleri.
1019 4453 1279 4518 Quoniam
1311 4452 1700 4520 ﬁrmamentum
1742 4465 1912 4503 meum
1951 4458 1998 4501 et
2027 4447 2170 4517 refu-

618 4546 759 4616 gium
785 4560 949 4598 meum
979 4559 1031 4598 es
1059 4554 1133 4597 tu.
1165 4541 1282 4612 Ipse
1310 4555 1542 4610 namque
1559 4548 1640 4593 est
1667 4548 1812 4607 petra
1831 4553 1992 4608 supra
2009 4553 2170 4607 quam

619 4635 867 4692 adiurati
897 4636 1305 4690 [ntidamentum
1343 4633 1604 4688 habemus
1628 4649 1642 4697 ;
1671 4639 1724 4685 et
1745 4631 1858 4701 ipse
1887 4644 2075 4684 murus
2091 4636 2173 4684 est

619 4729 714 4799 qui
749 4728 988 4782 continet
1017 4741 1136 4786 nos.
1179 4734 1238 4779 ut
1269 4725 1488 4778 nihilex
1519 4723 1739 4777 incursu
1787 4721 2050 4775 malorum
2078 4721 2171 4772 lte-

2349 3545 2474 3599 Ἐπί
2515 3543 2634 3607 σοὶ,
2671 3544 2865 3612 Κύριε,
2906 3541 3159 3610 ἤλπισα,
3199 3541 3284 3612 μὴ
3330 3546 3844 3612 καταισχυνθείην

2265 3644 2350 3706 εις
2381 3641 2486 3696 τὸν
2510 3635 2712 3690 αἰῶνα.
2756 3637 2913 3704 Μέγα
2937 3636 3137 3706 Θάρσος
3160 3637 3258 3706 τῆς
3283 3637 3654 3706 πεποιθήσ;ως
3689 3638 3845 3708 αὐτῷ

2268 3729 2648 3801 προϐάλλεται.
2677 3727 2774 3798 τὴν
2797 3728 2889 3778 ἐπὶ
2931 3726 3008 3796 τῷ
3047 3725 3164 3795 Θεῴ
3218 3727 3425 3780 ἐλπίδα.
3479 3729 3580 3780 Ἐν
3623 3728 3694 3796 τῇ
3755 3729 3839 3788 δι-

2268 3821 2561 3887 καιοσύνῃ
2588 3835 2703 3873 σου
2728 3818 2917 3885 ῥῦσαί
2935 3835 3029 3887 με.
3089 3817 3404 3889 Δικαιοσύνη
3434 3819 3527 3872 τοῦ
3573 3820 3786 3889 Πατρὸς
3817 3824 3847 3874 ὑ

2271 3915 2415 3978 Υἱὸς,
2447 3913 2512 3966 δι’
2550 3905 2610 3966 οὗ
2637 3911 2977 3984 ἐρῤύσθημεν
3007 3911 3102 3981 τῆς
3129 3910 3464 3982 κατεχούσης
3485 3911 3633 3981 ἡμᾶς
3662 3912 3848 3983 ἀμαρ-

2268 4006 2386 4068 τίας
2442 4007 2522 4067 είς
2565 4004 2787 4076 φθοράν.

2341 4095 2529 4148 Γενοῦ
2586 4110 2686 4162 μοι
2739 4095 2825 4157 είς
2868 4091 3014 4145 θεὸν
3069 4088 3548 4159 ὑπερασπιστήν.
3594 4090 3766 4155 Εἰδὼς
3819 4095 3850 4146 ό

2273 4184 2626 4247 ἀποπολικδς
2652 4183 2831 4253 χορὸς,
2877 4182 2952 4245 ὼς
2991 4181 3151 4244 αὐτὸς
3216 4181 3548 4251 ἐπήγγελται
3601 4185 3714 4246 τοῖς
3767 4187 3850 4248 εἰς

2274 4279 2433 4334 αὑτὸν
2463 4274 2809 4329 πιστεύουσιν
2856 4273 3072 4326 ἔσεσθαι
3121 4276 3298 4342 τεῖχος
3355 4274 3526 4344 πυρὸς
3559 4274 3849 4340 κυκλόθεν,

2272 4370 2368 4440 τὴν
2399 4367 2647 4430 τοιαύτην
2675 4366 2964 4435 ὑπόσχεσιν
2998 4364 3142 4436 ἔργῳ
3176 4366 3254 4428 είς
3285 4364 3472 4417 ἐαυτὸν
3503 4363 3850 4434 πληροῦσθαι

2276 4458 2600 4530 παρακαλεῖ.
2665 4453 3120 4523 Ὀτιστερέωμά
3191 4472 3309 4522 μου
3375 4454 3473 4507 καὶ
3532 4456 3851 4525 καταφυγή

2270 4568 2387 4620 μου
2424 4545 2482 4602 εἴ
2510 4548 2609 4601 σύ.
2660 4546 2829 4609 Αὐτὸς
2858 4545 2964 4615 γάρ
2999 4547 3143 4597 ἐστιν
3172 4548 3204 4616 ἠ
3245 4545 3436 4616 πέτρα,
3481 4545 3564 4613 ἐφ’
3591 4545 3658 4616 ἥν
3687 4547 3742 4600 ol
3768 4548 3853 4598 οξ-

2277 4640 2663 4711 κοδομηθέντες
2692 4639 2781 4691 τὸν
2804 4636 3050 4707 θεμέλιον
3082 4636 3295 4708 ἔχομεν·
3335 4637 3429 4690 καὶ
3462 4637 3623 4700 αὐτὸς
3646 4636 3707 4689 τὸ
3737 4641 3853 4690 τεῖ-

2277 4751 2368 4805 χος
2395 4735 2454 4786 τὸ
2486 4731 2701 4800 συνέχον
2735 4731 2900 4800 ἡμᾶς,
2934 4729 3068 4798 πρὸς
3114 4728 3174 4780 τὸ
3207 4727 3371 4799 μηδὲν
3402 4726 3589 4780 παθεῖν
3643 4725 3702 4792 ἐξ
3734 4730 3853 4780 ἐπι-

620 4823 836 4877 damur.
885 4819 1075 4873 Libera
1123 4833 1227 4881 me,
1276 4817 1472 4884 inquit,
1519 4814 1585 4868 ab
1615 4814 1680 4868 iis
1725 4811 2038 4866 hominibus
2079 4811 2171 4880 qui

2275 4827 2481 4897 δρομῆς
2533 4823 2737 4878 κακῶν.
2789 4819 3117 4884 Ἀπὰλλαξόν
3175 4837 3263 4890 με,
3326 4819 3480 4890 φησὶ,
3503 4819 3708 4872 τούτων
3741 4822 3854 4874 τῶν

622 4914 908 4984 imperium
948 4910 1213 4971 obtinent.
1250 4919 1303 4964 et
1348 4923 1446 4963 ceu
1494 4921 1656 4959 manu
1702 4902 1938 4974 quadarn
1973 4916 2074 4956 nos
2119 4901 2173 4955 in

625 5007 938 5062 servitutem
979 5011 1162 5072 agunt,
1189 5002 1322 5057 viris
1359 4999 1564 5056 scilicet
1600 5005 1947 5067 peccatorum
1975 4993 2173 5063 plenis,

625 5098 848 5167 iniquis.
875 5094 1113 5162 iniustis.

694 5187 747 5242 4.
795 5186 932 5240 Deus
966 5200 1129 5248 meus,
1159 5182 1298 5250 eripe
1326 5195 1402 5232 me
1428 5179 1491 5232 de
1520 5194 1676 5231 manu
1701 5177 2009 5247 peccatoris,
2040 5181 2089 5228 et
2114 5173 2177 5226 de

627 5296 785 5334 manu
819 5288 1000 5331 contra
1035 5275 1197 5329 leaem
1226 5273 1425 5342 agentis
1448 5281 1496 5324 ct
1526 5271 1712 5340 iniqui.
1745 5267 2052 5324 Peccatoris
2085 5281 2178 5318 no-

628 5371 773 5424 mine
811 5367 1028 5422 Judzeos
1060 5364 1322 5432 tntelligit,
1369 5363 1469 5431 ipsi
1522 5362 1662 5414 enim
1709 5365 1857 5412 erant
1901 5365 1954 5411 et
1987 5363 2176 5410 contra

630 5460 798 5529 legem
847 5467 1061 5529 agentes
1111 5467 1165 5512 et
1218 5456 1421 5524 iniqui:
1466 5468 1653 5508 contra
1708 5454 1876 5523 legem
1937 5459 2175 5522 agentes,

629 5552 756 5619 quia
785 5550 1031 5604 innoxios
1061 5548 1390 5603 damnabaut
1423 5565 1436 5606 ;
1472 5545 1644 5614 iniqui
1675 5552 1879 5606 autem,
1911 5543 2039 5610 quia
2068 5538 2182 5591 nul-

634 5646 738 5697 lam
777 5642 1037 5695 haberent
1074 5640 1334 5693 adversus
1380 5637 1502 5694 illos
1543 5635 1734 5691 rationi
1770 5640 2180 5689 ccnsentaneam

633 5734 992 5791 occasionem.

707 5849 750 5878 “
782 5846 890 5901 Jer.
920 5859 1078 5908 xxxv,
1109 5843 1266 5898 5-19’

2279 4917 2638 4990 κρατούντων,
2667 4915 2761 4968 καὶ
2807 4914 2911 4967 ὑπὸ
2961 4913 3058 4983 τὴν
3080 4912 3319 4965 δουλείαν
3348 4911 3533 4982 ὥσπερ
3575 4914 3718 4984 χειρί
3747 4931 3853 4967 τινι

2280 5010 2518 5078 ἀγόντων
2571 5006 2796 5078 ἀνδρῶν,
2823 5005 3095 5075 ἁμαρτίας
3136 5002 3604 5072 πεπληρωμένων,
3632 5003 3854 5075 ἀνόμων

2279 5117 2338 5152 τε
2372 5101 2461 5152 καὶ
2480 5098 2696 5150 ἀδίκων.

2364 5190 2422 5241 '0
2459 5190 2598 5253 Θεός
2636 5204 2773 5255 μου,
2803 5185 2990 5254 ῥῦσαί
3017 5201 3094 5253 με
3122 5183 3189 5237 ἐκ
3223 5182 3413 5251 χειρὸς
3478 5183 3852 5250 ἀμαρτωλοῦ,

2282 5282 2377 5336 καὶ
2433 5282 2500 5334 ἐκ
2552 5279 2744 5349 χειρὸς
2799 5276 3281 5346 παρανομοῦντος
3331 5275 3427 5328 καὶ
3481 5275 3850 5339 ἀδικοῦντος.

2283 5373 2385 5426 Τοῦ
2425 5371 2770 5442 ἁμαρτωλοῦ,
2831 5369 2938 5422 τῶν
2981 5368 3246 5421 Ἰουδαίων
3293 5381 3476 5435 φησιν’
3536 5365 3700 5427 αὐτὸς
3743 5369 3854 5435 γὰρ

2281 5462 2347 5536 ἦν
2367 5468 2394 5517 ὁ
2417 5466 2508 5517 καὶ
2536 5463 2849 5535 παράνομος
2879 5461 2971 5514 καὶ
3015 5461 3215 5521 ἄδικος
3267 5457 3578 5527 παράνομος
3622 5456 3741 5525 μὲν,
3770 5457 3853 5508 ὅτι

2281 5558 2408 5618 τοὺς
2432 5555 2638 5616 ἀθώους
2674 5553 3009 5621 κατέκρινεν·
3038 5549 3218 5609 ἄδικος
3249 5546 3325 5612 δὲ,
3366 5545 3447 5599 ὃτι
3486 5543 3742 5616 οὐδεμίαν
3774 5546 3854 5608 εἰς

2290 5647 2482 5708 αὐτοὺς
2511 5641 2650 5715 εἶχεν
2676 5643 2892 5710 εΰλογον
2925 5640 3213 5712 πρόφασιν.
