4034 6432
217 387 321 442 517

216 599 317 663 πίς
346 615 466 666 μου
513 598 583 651 ἐκ
636 599 916 666 νεότητός
976 618 1115 668 μου.
1159 599 1343 653 Ῥῦσαί
1389 619 1476 670 με,
1520 601 1701 669 φησιν,
1733 599 1791 664 ἐξ

216 686 382 739 αὑτοῦ
417 686 512 739 τοῦ
545 689 856 758 παρανόμου
890 687 1041 750 λαοῦ,
1077 690 1207 742 διότι
1253 691 1345 742 καὶ
1377 690 1462 742 διὰ
1488 692 1546 742 σὲ
1578 692 1648 740 τι
1679 706 1790 741 τοι-

217 779 357 832 εῦτα
383 780 638 848 ὑπομένω
661 781 753 832 καὶ
773 779 860 832 διὰ
885 779 981 850 τὴν
1009 783 1088 842 είς
1118 781 1176 833 σὲ
1206 781 1414 838 ἐλπίδα.
1435 782 1502 850 ἣν
1527 781 1793 850 ἐδεξάμην

215 870 280 922 ἑκ
307 871 408 940 τῆς
433 870 653 942 πρώτης
683 872 776 924 καὶ
810 871 866 936 ἐξ
890 871 1061 941 ἀρχῆς
1093 889 1193 939 μου
1231 871 1316 925 διὰ
1341 872 1435 924 σοῦ
1471 875 1789 940 γεννήσεως,

217 963 359 1014 κατὰ
415 963 476 1014 τὸ
525 962 830 1034 εἰρημένον·
869 962 1043 1014 ’Ὅσοι
1076 963 1296 1015 ἔλαϐον
1337 963 1541 1025 αὑτὸν,
1573 962 1795 1015 ἔδωκεν

215 1051 422 1117 αὐτοῖς
454 1051 744 1115 ἐξουσίαν
774 1052 955 1105 τέκνα
1003 1052 1150 1106 Θεοῦ
1181 1052 1473 1122 γενέσθαι.

301 1143 432 1195 Ἑπί
471 1141 546 1194 σὲ
594 1142 1037 1209 ἑπεστηρίχθην
1087 1142 1203 1195 ἀπὸ
1252 1143 1527 1208 γαστρός.
1578 1143 1788 1196 Δείκνυ-

218 1251 324 1295 σιν,
353 1235 428 1296 ὡς
462 1235 490 1285 ό
514 1233 746 1302 Χριστὸς
771 1233 834 1284 δι’
867 1233 924 1285 ὃν
953 1233 1018 1286 τὰ
1058 1233 1282 1286 τοιαῦτα
1316 1235 1602 1304 ὑπέμενον,
1635 1237 1793 1298 αὑτός

217 1323 368 1374 ἐστιν
398 1320 426 1370 ὁ
461 1319 554 1370 καὶ
598 1318 678 1371 ἔτι
721 1319 1016 1388 κυομὲνους
1047 1321 1243 1384 αὑτοὺς
1277 1324 1334 1373 ἐν
1363 1325 1560 1393 γαστρὶ
1584 1328 1645 1394 τῇ
1699 1324 1792 1394 δη-

220 1413 515 1484 μιουργικῇ
566 1409 756 1462 ἑαυτοῦ
798 1410 1020 1481 προνοίᾳ.
1058 1410 1336 1480 ἐξαγαγὼν
1389 1416 1468 1476 εἰς
1511 1413 1644 1483 φῶς.
1699 1417 1793 1468 Ἐκ

217 1503 452 1567 κοιλίας
478 1505 701 1570 μητρός
727 1519 845 1568 μου
876 1503 955 1555 σύ
978 1519 1097 1571 μου
1119 1500 1176 1557 εἷ
1200 1505 1572 1573 σκεπαστής.
1618 1507 1795 1558 Ἐπει-

214 1594 304 1665 δὴ,
333 1595 484 1664 φησι,
543 1594 607 1646 σὺ
656 1593 816 1656 αὑτὸς
869 1597 898 1648 ό
926 1594 1146 1665 Κύριος,
1183 1597 1275 1648 καὶ
1304 1597 1362 1648 ὲν
1393 1601 1458 1667 τῇ
1497 1597 1670 1668 κοιλία
1695 1598 1794 1667 τῆς

220 1686 428 1756 μητρός
457 1703 557 1756 μου
584 1685 664 1739 ἔτι
721 1688 849 1739 ὄντα
885 1687 1115 1750 ἐσκεπες
1156 1691 1220 1759 τῇ
1269 1689 1388 1760 θεία
1421 1707 1512 1742 σου
1549 1691 1791 1761 δυνάμει,

215 1780 312 1833 καὶ
345 1779 562 1850 speset.)
588 1783 650 1834 ὲκ
671 1781 766 1833 τοῦ
799 1780 1239 1852 παρανομοῦντος
1295 1781 1442 1834 λαοῦ·
1481 1783 1668 1834 τούτου
1699 1784 1795 1852 χά-

1303 391 1665 446 EXPOSITIO
1697 389 1760 443 ΙΝ
1795 386 2132 447 PSALMUM
2173 393 2333 449 LXX.

292 507 422 560 Ὀτι
443 507 526 561 σὺ
551 504 608 561 εἷ
630 509 668 574 ἠ
697 508 967 578 ὑπομονὴ
987 527 1127 579 μου,
1172 511 1364 577 Κύριε,
1395 512 1589 578 Κύριε,
1620 511 1656 576 ἡ
1688 511 1786 562 ἐλ·
1825 512 1866 567 Α

3357 389 3462 444 318

1969 511 2015 562 5.
2053 509 2314 575 Quoniam
2335 521 2388 564 tu
2415 529 2466 566 es
2492 511 2749 577 patientia
2779 527 2914 574 mea,
2949 508 3184 571 Domine,
3223 505 3459 559 Domine.

1899 617 2011 667 spes
2043 618 2154 654 mea
2180 618 2211 654 a
2243 603 2512 669 juventute
2545 619 2676 655 mea.
2709 600 2899 654 Libera
2943 615 3046 662 Ille,
3084 598 3279 665 inquit,
3311 614 3338 650 a
3363 612 3462 666 po-

1898 693 2024 760 pulo
2072 692 2176 744 isto
2231 692 2362 761 legis
2405 702 2830 759 transgressore,
2874 689 2998 756 quia
3053 698 3267 755 propter
3291 695 3362 749 te,
3411 693 3464 736 et

1899 790 2116 849 propter
2142 796 2290 849 spem
2329 797 2490 850 quam
2533 782 2584 834 in
2629 789 2680 832 te
2717 779 2876 832 habui
2905 779 2973 830 ab
3003 777 3178 838 initio,
3207 785 3259 828 et
3291 790 3318 826 a
3345 791 3460 825 mea

1903 887 1994 939 per
2028 883 2076 924 to
2100 871 2462 939 generatione,
2495 871 2582 922 illa
2617 869 2882 929 sustineo,
2907 868 3056 935 juxta
3096 867 3222 917 illud
3250 884 3260 917 :
3295 864 3460 928 Quot-

1899 972 2022 1034 quot
2056 971 2350 1030 receperunt
2392 977 2506 1014 eum
2547 961 2688 1012 dedit
2732 961 2804 1012 eis
2847 968 3154 1027 potestatem
3197 955 3336 1025 ﬁlios
3370 953 3462 1008 Dei

1901 1055 2013 1120 ﬁeri
2046 1054 2109 1104 “.

1971 1144 2024 1194 6.
2079 1139 2144 1193 In
2172 1149 2218 1192 te
2244 1140 2588 1208 conﬁrmatus
2613 1155 2724 1191 sum
2757 1154 2823 1192 ea:
2845 1147 3008 1190 utero.
3037 1135 3279 1189 Deciarat
3309 1133 3466 1187 Chri—

1901 1250 2042 1291 etum
2077 1245 2296 1304 propter
2318 1249 2478 1302 quem
2512 1234 2601 1285 illa
2627 1233 2989 1292 sustinebant,
3021 1231 3194 1298 ipsum
3221 1243 3341 1281 esse
3373 1227 3464 1295 qui

1901 1330 2076 1383 adhuc
2114 1342 2208 1380 eos
2234 1325 2284 1378 in
2319 1334 2474 1378 utero
2501 1333 2737 1391 gestatus
2766 1323 2962 1375 virtute
2993 1337 3088 1374 sna
3122 1320 3383 1373 erratrice
3412 1318 3465 1369 in

1902 1421 2074 1473 lucem
2107 1418 2310 1471 eduxit.
2341 1415 2413 1468 De
2442 1428 2617 1468 ventre
2646 1417 2832 1467 matris
2868 1430 2992 1466 mea:
3027 1422 3080 1464 tu
3112 1429 3164 1464 es
3208 1420 3468 1478 protector

1903 1528 2062 1564 meus.
2113 1507 2582 1578 Quandoquidem,
2639 1508 2735 1572 ait,
2785 1517 2840 1559 tu
2899 1507 3013 1575 ipse
3063 1503 3324 1556 Dominus
3359 1517 3465 1564 me,

1901 1605 2029 1657 dum
2057 1604 2233 1655 adhuc
2272 1603 2323 1653 in
2354 1608 2538 1652 ventre
2577 1600 2766 1652 matris
2795 1613 2996 1658 essem.
3025 1594 3345 1666 protegebas
3380 1591 3466 1644 di~

1902 1696 2024 1748 vina
2063 1704 2152 1747 tua
2172 1693 2392 1758 virtute,
2439 1703 2492 1746 et
2534 1690 2777 1745 liberasti
2824 1704 2910 1742 me
2940 1705 3003 1741 ex
3042 1686 3242 1757 populo
3279 1692 3468 1739 contra

1905 1789 2074 1856 legem
2101 1797 2329 1856 agente;
2359 1787 2478 1840 ideo
2502 1801 2625 1855 ego,
2667 1791 2850 1851 utpote
2884 1781 2974 1850 qui
3009 1791 3116 1833 tam
3163 1777 3471 1856 frequenter

220 1888 306 1942 ριν
333 1871 428 1923 καὶ
459 1872 620 1935 αὑτὸς
647 1871 777 1941 ἐγὼ,
797 1873 891 1926 ἅτε
916 1873 1015 1943 τῆς
1049 1871 1191 1926 οὑτω
1217 1873 1474 1942 συνεχοῦς
1500 1875 1798 1945 ᾐσθημένος

1905 1887 1992 1932 tua
2053 1879 2316 1931 senserim
2367 1878 2646 1942 benetieia,
2720 1890 2997 1945 nunquam
3045 1887 3198 1928 cesso
3238 1871 3469 1941 hymnos

215 1963 556 2034 εὐεργεσίας,
576 1966 638 2017 οὑ
683 1964 930 2036 παύομαι
966 1966 1092 2028 τοὺς
1126 1966 1207 2027 εἰς
1238 1965 1295 2017 σὲ
1322 1964 1523 2035 ὕμνους
1549 1968 1798 2038 ἀναπέμ-

216 2073 336 2109 πων
366 2055 647 2127 διηνεκῶς.

302 2147 406 2200 ‘Er
454 2148 551 2200 σοί
587 2150 624 2216 ὴ
671 2147 934 2217 ὕμνησίς
972 2165 1085 2213 μου
1135 2147 1475 2215 διαπαντός.
1521 2150 1585 2202 Σὲ
1617 2151 1802 2221 ὑμνῶν

216 2239 314 2292 καὶ
356 2237 596 2303 δοξάζων
627 2239 875 2303 διατελῶ,
904 2242 998 2293 καὶ
1027 2240 1114 2293 διὰ
1140 2241 1239 2312 τῆς
1271 2242 1371 2311 σῆς
1401 2243 1653 2312 προνοίας
1682 2245 1804 2310 ἐγε-

216 2333 393 2403 νόμην
422 2333 801 2400 περίϐλεπτος.
820 2334 972 2386 Ὡσεί
1005 2333 1178 2400 τέρας
1205 2335 1498 2403 ἐγενήθην
1519 2335 1640 2400 τοῖς
1659 2337 1803 2387 πολ-

214 2424 371 2490 λοῖς.
409 2425 584 2496 Τέρας
620 2426 717 2494 μὲν
744 2425 806 2478 τὸ
839 2425 1138 2496 παράδοξον
1170 2427 1263 2478 καὶ
1299 2427 1441 2496 μέγα
1469 2443 1521 2478 τι
1551 2426 1742 2496 φησιν·
1774 2425 1802 2478 ὃ

215 2519 278 2570 δὲ
312 2518 461 2585 λέγει
512 2517 752 2571 τοιοῦτόν
804 2521 981 2572 ἐστιν·
1015 2520 1077 2572 Εί
1107 2521 1200 2572 καὶ
1243 2519 1416 2591 ἠρθην
1459 2519 1615 2588 ὑψοῦ,
1647 2519 1799 2589 φησι,

219 2607 317 2659 καὶ
354 2606 527 2676 μέγας
548 2623 630 2669 τις
656 2608 748 2659 καὶ
771 2606 1048 2680 ἐξαίρετος
1072 2609 1128 2661 ὲν
1155 2611 1268 2672 τοῖς
1301 2608 1514 2673 πολλοῖς
1538 2608 1804 2680 τεθάρση-

222 2716 324 2768 μαι
383 2697 626 2750 ἑθνεςινο
678 2697 920 2752 άλλόὑκ
969 2701 1144 2772 οἰκεία
1186 2699 1408 2771 δυνάμει
1461 2700 1520 2753 τὺ
1565 2700 1801 2753 τοιοῦτον

217 2792 381 2860 ἔσχον
414 2790 636 2857 ἀγαθόν.
674 2790 744 2841 Σὺ
775 2789 884 2861 γὰρ
912 2787 979 2861 ἧς
1006 2791 1168 2854 αὑτὸς
1205 2793 1232 2844 ό
1265 2791 1552 2863 κράτιστόν
1598 2809 1664 2862 με
1708 2793 1802 2844 καὶ

217 2883 469 2949 γενναῖον
498 2879 585 2932 διὰ
613 2879 711 2950 τῆς
741 2879 938 2934 σαυτοῦ
971 2879 1225 2952 βοηθείας
1256 2881 1446 2935 ποιῶν.

290 3054 664 3123 Πληρωοήτω
725 3055 790 3108 τὸ
850 3056 1045 3126 στόμα
1093 3073 1212 3125 μου
1268 3057 1586 3121 αἰνέσεως,
1641 3055 1801 3122 ὅπως

218 3148 477 3220 ὑμνήσω
534 3149 650 3216 τὴν
715 3149 905 3213 δόξαν
953 3167 1093 3204 σου.
1134 3149 1349 3222 Ἐπειδὴ
1393 3150 1500 3202 τῶν
1545 3150 1800 3203 τοιούτων

219 3240 609 3313 ὑπαρχθεισῶν
641 3257 729 3311 μοι
751 3240 1100 3311 εὑερείεσιῶν,
1132 3241 1415 3309 ἄνθρωπος
1436 3239 1533 3304 ὢν,
1554 3243 1613 3292 οὑ
1641 3241 1799 3293 δύνα-

223 3353 326 3403 μαι
376 3333 478 3396 τὰς
520 3333 677 3399 ἀξίας
708 3331 996 3384 ἀποδοῦναι
1030 3331 1262 3402 άμοιὸάς
1282 3348 1294 3360 °
1327 3331 1515 3384 τούτου
1551 3332 1706 3402 χάριν
1738 3335 1800 3384 ἐκ

217 3425 324 3494 τῆς
359 3424 459 3490 σῆς
494 3423 685 3492 σοφίας
726 3421 983 3483 αἰνέσεως
1025 3438 1126 3491 μου
1156 3421 1218 3473 τὸ
1252 3423 1425 3492 στόμα
1453 3423 1802 3494 πληρωθῆναι

219 3515 388 3582 ἀξιῶ·
424 3515 568 3568 οῦτω
599 3515 708 3585 γὰρ
749 3514 844 3567 καὶ
881 3513 1032 3584 μόλις
1077 3514 1175 3586 τὴν
1223 3515 1320 3586 σὴν
1363 3514 1520 3581 δόξαν
1564 3515 1803 3585 ὑμνῆσαι

217 3607 732 3678 δυνήσομαι.⁸’ολην
754 3604 870 3671 τὴν
897 3603 1128 3672 ἡμέραν
1154 3603 1271 3672 τὴν
1285 3604 1804 3674 μεγαλοπρέπειαν

218 3715 360 3754 σου.
380 3696 649 3760 Ἐπειδὰν,
688 3696 1066 3767 πληρωθέντος
1109 3714 1210 3767 μου
1244 3696 1336 3749 τοῦ
1367 3696 1630 3767 στόματος
1663 3698 1805 3750 αἰνέ-

221 3807 384 3854 σεως,
418 3789 572 3859 φησὶ,
609 3789 708 3859 τὴν
737 3790 834 3859 σὴν
868 3787 1025 3852 δόξαν
1070 3788 1318 3860 ἄρξωμαι
1339 3788 1547 3858 ὑμνεῖν,
1581 3790 1804 3859 ὑμνήσω

222 3881 319 3934 καὶ
342 3880 432 3934 διὰ
463 3879 644 3948 πάσης
675 3878 890 3949 ἡμέρας
912 3878 1010 3948 τὴν
1040 3876 1518 3948 μεγαλοπρέπειάν
1554 3893 1666 3928 σου.
1710 3877 1806 3929 Δό-

224 3971 324 4034 ξαν
354 3970 410 4022 δὲ
443 3969 511 4039 ἣν
544 3969 637 4021 ἐπὶ
669 3969 771 4037 γῆς
803 3970 1096 4038 ἐποιήσατο
1119 3967 1430 4038 οἰκονομίαν
1461 3967 1614 4038 φησί,
1647 3967 1712 4020 δι’
1738 3963 1806 4040 ἧς

221 4061 514 4131 ἐπλήρωσε
542 4060 640 4127 τὴν
669 4059 773 4128 γῆν
796 4061 894 4130 τῆς
917 4059 1074 4128 δόξης
1100 4058 1288 4111 αὑτοῦ.
1313 4058 1805 4130 Μεγαλοπρέπειαν

220 4156 281 4208 δὲ
315 4153 416 4224 τὴν
449 4152 678 4223 θεότητα
709 4151 879 4221 λέγει,
913 4153 976 4205 δι’
1007 4147 1074 4222 ἧς
1107 4151 1281 4205 πάντα
1309 4153 1492 4204 ἐκεῖνα
1523 4152 1806 4221 άνομαλῶς

223 4248 545 4329 εἰργάσατο.

297 4338 695 4413 [Πληρωθήτω
727 4338 792 4391 τὸ
835 4339 1030 4407 στόμα
1066 4355 1186 4407 μου
1231 4338 1533 4404 αἰνέσεως.
1575 4335 1807 4390 Δυνατδν

228 4436 332 4505 μὲν
371 4431 661 4494 διαπαντὸς
687 4433 856 4484 αἰνεῖν
878 4431 968 4482 τὸν
1003 4430 1157 4493 Θεὸν,
1199 4433 1293 4484 καὶ
1335 4431 1627 4493 διαπαντὸς
1659 4429 1809 4481 εὐλο-

1904 1971 1997 2024 tibi
2032 1968 2249 2023 olIerre.

1977 2150 2028 2202 7.
2071 2147 2136 2201 In
2165 2157 2212 2200 te
2242 2144 2479 2198 cantatio
2511 2157 2625 2194 mea
2653 2155 2869 2208 semper.
2911 2136 2966 2191 In
3011 2139 3229 2208 hymnis
3255 2147 3308 2190 et
3350 2137 3470 2190 lau-

1904 2242 2066 2296 dibus
2091 2240 2197 2293 tuis
2233 2236 2577 2308 proferendis
2624 2244 2928 2302 persevero,
2963 2239 3016 2283 et
3052 2244 3147 2298 per
3186 2229 3471 2296 providen-

1903 2337 2031 2389 tiam
2073 2343 2220 2387 tuam
2265 2330 2563 2400 praeclarus
2625 2325 2798 2379 evasi.
2858 2321 3132 2390 Tanquam
3173 2319 3470 2388 prodigium

1904 2429 2076 2495 factus
2117 2440 2232 2477 sum
2271 2421 2478 2474 multis.
2519 2416 2858 2486 Prodigium.
2892 2411 3388 2481 obstupeseendum
3417 2423 3472 2464 et

1904 2532 2159 2587 magnum
2215 2513 2417 2583 aliquid
2470 2509 2762 2581 significat.
2811 2503 3135 2573 liujusmodi
3182 2513 3362 2555 autem
3389 2512 3471 2556 est

1902 2611 2044 2680 quod
2080 2609 2156 2661 ait
2185 2626 2198 2661 :
2232 2605 2455 2660 Etiamsi
2490 2605 2542 2658 in
2568 2601 2800 2657 sublime
2831 2598 3071 2652 elevatus
3098 2610 3242 2657 sum,
3275 2594 3470 2663 inquit,

1901 2711 1954 2755 et
1987 2714 2215 2769 magnus
2243 2697 2667 2767 praeclarasque,
2696 2691 2838 2760 apud
2875 2689 3076 2742 multas
3113 2695 3300 2758 gentes
3334 2686 3473 2740 (idu-

1901 2795 1985 2850 cia
2017 2795 2210 2866 plenus
2237 2808 2358 2848 sum
2388 2811 2399 2845 ε
2431 2792 2524 2845 sed
2563 2805 2669 2843 non
2717 2788 2934 2857 propria
2976 2801 3094 2840 mea
3129 2789 3327 2839 virtute
3353 2793 3472 2836 tan-

1903 2897 2016 2942 tum
2058 2886 2185 2940 boni
2231 2886 2457 2953 adeptus
2491 2898 2635 2936 sum.
2671 2880 2750 2934 Tu
2793 2881 2936 2932 enim
2968 2895 3092 2932 eras
3139 2878 3230 2946 qui
3267 2885 3473 2929 metuo

1902 2979 2104 3034 auxilio
2134 2988 2188 3032 et
2218 2976 2577 3031 fortissimum
2601 2983 2654 3028 et
2683 2987 3004 3044 generosum
3040 2968 3307 3023 t-lliciebas

1974 3069 2027 3124 8.
2082 3068 2362 3138 Replealur
2409 3085 2465 3120 os
2514 3083 2687 3120 meum
2730 3065 2886 3117 laude
2925 3074 2981 3117 ut
3013 3074 3216 3116 cantem
3249 3061 3473 3130 gloriam

1905 3171 2068 3212 luam.
2122 3157 2389 3223 Quoniam
2440 3155 2608 3210 tantis
2653 3153 2929 3207 beneficiis
2989 3152 3257 3214 allectus,
3306 3151 3470 3202 homo

1903 3266 2026 3305 eum
2051 3250 2176 3315 sim,
2217 3263 2324 3302 non
2368 3262 2588 3317 possum
2624 3246 2820 3316 dignas
2850 3243 3239 3298 retributiones
3279 3257 3474 3309 repen-

1901 3341 2027 3395 dere
2061 3357 2076 3406 ;
2123 3340 2242 3393 ideo
2266 3354 2332 3393 ex
2370 3347 2457 3391 tua
2495 3336 2763 3406 sapientia
2805 3349 2937 3404 rogo
2988 3347 3050 3387 os
3090 3347 3269 3385 meum
3316 3330 3473 3382 laude

1903 3431 2121 3500 repleri,
2144 3441 2302 3500 atque
2323 3431 2396 3482 ita
2421 3428 2508 3481 vix
2534 3437 2720 3496 potero
2744 3425 2969 3495 gloriam
2997 3422 3270 3477 celebrare
3301 3430 3469 3474 tuam.

1907 3525 2038 3582 Tota
2070 3527 2152 3578 die
2177 3523 2621 3592 magniﬁcentiam
2668 3532 2833 3574 tuam.
2865 3518 3183 3588 Postquam,
3217 3531 3312 3571 ore
3347 3530 3470 3569 meo

1905 3617 2063 3670 laude
2108 3617 2331 3685 repleto,
2381 3625 2530 3669 tuam
2585 3613 2860 3667 celebrare
2902 3612 3129 3682 gloriam
3178 3611 3468 3678 incoepero,

1906 3719 2013 3762 tota
2043 3708 2130 3762 die
2171 3705 2629 3776 magniﬁcentiam
2673 3717 2891 3772 quoque
2925 3711 3072 3755 tuam
3123 3701 3424 3755 decantaho
3458 3717 3468 3727 ·

1904 3802 2130 3874 gloriam
2157 3809 2336 3854 autem
2366 3809 2542 3868 vocat,
2573 3796 2930 3852 meonomiam
2960 3811 3124 3865 quam
3152 3794 3397 3848 exhibuit
3419 3793 3471 3846 in

1907 3901 2070 3954 terra,
2116 3907 2221 3961 qua
2276 3900 2473 3944 terram
2521 3889 2690 3957 gloria
2719 3903 2815 3941 sua
2854 3885 3094 3956 replevit.
3133 3883 3472 3961 Magniﬁcen-

1907 3985 2036 4038 tiam
2079 3995 2260 4038 autem
2300 3993 2456 4037 vocat
2499 3983 2775 4045 deitatem,
2812 3996 2908 4050 per
2949 3994 3112 4048 quam
3157 3960 3340 4032 omnia
3382 3977 3472 4030 illa

1906 4077 2072 4130 Variis
2102 4075 2279 4130 modis
2310 4074 2504 4128 ellecit.

1981 4332 2301 4408 [Replcatur
2351 4347 2408 4384 ω
2461 4346 2632 4384 meum
2682 4327 2854 4382 laude.
2911 4326 3210 4382 Possumus
3256 4326 3472 4397 quidem

1910 4429 2132 4483 laudare
2165 4439 2378 4494 semper
2415 4422 2605 4483 Deum,
2644 4434 2858 4488 semper
2888 4419 3228 4484 benedicere,
3265 4433 3476 4486 semper

224 4526 366 4592 γεῖν,
399 4522 494 4574 καὶ
520 4521 811 4584 διαπαντὸς
843 4523 1137 4591 σωφρονεῖν
1157 4537 1170 4550 ·
1211 4521 1327 4584 πῶς
1358 4522 1414 4574 δὲ
1445 4521 1666 4574 δυνατὸν
1692 4520 1801 4572 δια-

1915 4527 2276 4588 temperantcr
2310 4529 2407 4570 nos
2455 4531 2640 4585 gerere
2680 4532 2692 4567 :
2721 4523 2777 4566 at
2807 4509 2900 4581 qui
2932 4511 3186 4581 possibile
3217 4522 3298 4564 est
3335 4525 3476 4564 sem-

227 4611 433 4674 παντὸς
477 4609 753 4672 ὲλπίζεινς
801 4608 858 4662 '0
900 4609 1007 4680 γὰρ
1055 4608 1290 4674 ἐλπίζων
1313 4609 1625 4672 διαπαντὸς,
1652 4608 1803 4661 οὐδέ-

225 4720 362 4756 ποτε
406 4701 666 4772 τυγχάνει
711 4697 803 4752 τοῦ
847 4700 1168 4771 πράγματος
1211 4701 1442 4763 ἐκείνου,
1487 4696 1547 4755 οὑ
1599 4701 1804 4764 ἐλπίζει

223 4798 434 4866 τυχεῖν.
463 4797 571 4848 Καὶ
616 4796 644 4848 ό
694 4794 791 4864 μὲν
819 4797 933 4864 ἐρεῖ
955 4793 1037 4858 τὸ,
1069 4793 1412 4860 διαπαντὸς,
1444 4796 1504 4848 οὑ
1536 4795 1673 4847 κατὰ
1709 4793 1802 4846 τοῦ

227 4887 468 4948 πλάτους
499 4885 608 4939 τῶν
640 4884 849 4939 αἰώνων
880 4883 1170 4945 τεθεῖσθαι,
1195 4885 1330 4938 ἀλλὰ
1362 4885 1503 4940 κατὰ
1531 4886 1630 4956 τῆς
1659 4885 1804 4955 ζωῆς

223 4979 328 5048 τῆς
357 4976 622 5046 αἰσθητῆς
647 4993 660 5006 ·
693 4976 877 5044 ἕτερος
908 4974 965 5026 δὲ
999 4975 1090 5028 καὶ
1118 4974 1258 5027 κατὰ
1297 4975 1390 5028 τοῦ
1437 4975 1669 5037 πλάτους
1697 4975 1804 5028 τῶν

225 5070 442 5126 αἰώνων
471 5070 534 5122 τὸ
569 5068 860 5130 διαπαντὸς
885 5067 1197 5138 ἑκλήψεται,
1226 5068 1311 5121 ἵνα
1404 5071 1464 5121 τὸ
1494 5070 1664 5140 πέρας
1708 5068 1808 5138 τῆς

226 5161 445 5224 ἐλπίδος
475 5161 508 5229 ἡ
533 5159 733 5227 γνῶσις
757 5160 857 5230 τῆς
882 5159 1043 5228 ἁγίας
1072 5159 1352 5231 Τριάδος.]

299 5255 398 5323 Μὴ
426 5255 769 5322 άπορῤίψης
803 5272 880 5322 με
919 5257 1007 5319 εἰς
1040 5252 1246 5320 καιρὸν
1268 5253 1475 5322 γήρως.
1509 5253 1689 5323 Γῆρας
1723 5253 1808 5304 ὲν-

226 5346 406 5400 ταῦθα.
426 5348 524 5417 τὴν
551 5345 832 5400 ἀσθένειάν
854 5363 1006 5416 φησι.
1039 5345 1198 5414 Λέγει
1222 5341 1334 5409 οὖν,
1356 5346 1435 5398 ὅτι
1573 5346 1802 5413 γένοιτο,

227 5435 275 5491 ὦ
303 5437 565 5500 Δέσποτα,
599 5437 788 5506 καιρὸς
810 5437 929 5490 καθ’
960 5437 1019 5489 δν
1047 5436 1276 5508 ἀσθενὴς
1309 5436 1383 5490 ὢν
1411 5437 1766 5508 ὲπιδειχθείην
1790 5439 1801 5488 !

231 5528 469 5598 Εὔχεται
494 5523 587 5580 οῦν
622 5527 887 5598 μηδέποτε
915 5526 1014 5595 τῆς
1047 5528 1126 5589 εἰς
1155 5526 1386 5597 Χριστὸν
1408 5527 1615 5588 ἐλπίδος
1643 5527 1805 5577 ἐκπε-

232 5625 369 5675 σεῖν.
397 5619 566 5682 Αὑτὸς
604 5619 711 5689 γάρ
748 5621 894 5673 ἐστιν
929 5621 963 5690 ὴ
1000 5619 1149 5689 ίσχὺς
1183 5618 1470 5688 ἡμῶν.“Εν
1512 5617 1589 5682 τῷ
1618 5621 1807 5672 ἐκλεί-

309 5804 346 5833 ⁶¹
382 5800 537 5857 Joan.
568 5803 710 5870 ι,12.

1913 4629 2006 4682 per
2047 4609 2308 4679 sperare?
2359 4605 2493 4661 Nam
2543 4607 2636 4675 qui
2690 4619 2906 4673 semper
2950 4613 3150 4673 sperat,
3198 4617 3473 4672 numquam

1913 4716 2026 4756 rem
2062 4713 2225 4768 quam
2273 4707 2455 4767 sperat
2503 4697 2876 4764 consequitur.
2925 4694 3078 4748 Alius
3129 4693 3346 4762 quidem
3378 4695 3472 4756 ait,

1913 4795 2040 4850 illud
2073 4809 2292 4862 semper,
2325 4807 2432 4844 non
2467 4791 2786 4845 sazeulorum
2819 4789 3050 4857 spatium
3078 4796 3341 4855 spectare,
3382 4789 3473 4840 sed

1912 4890 2075 4942 vitam
2102 4887 2277 4941 solum
2307 4887 2463 4937 istam
2509 4882 2817 4937 sensibilem
2849 4896 2862 4932 :
2901 4878 3035 4932 alter
3063 4879 3296 4947 spatium
3340 4893 3476 4946 quo-

1909 4994 2016 5048 que
2063 4975 2385 5029 smeulorum
2427 4972 2556 5025 illud
2593 4985 2791 5037 semper
2835 4978 3076 5039 spectare
3121 4968 3233 5030 ait,
3265 4975 3323 5020 ut
3363 4966 3475 5035 spei

1909 5067 2174 5122 terminus
2198 5063 2268 5119 sit
2294 5063 2532 5132 cognitio
2554 5070 2753 5115 sanctor
2788 5053 3118 5127 Trinitatis.]

1984 5245 2038 5298 9.
2093 5243 2176 5298 Ne
2222 5241 2472 5311 projicias
2517 5255 2596 5291 me
2632 5239 2686 5291 in
2721 5246 2947 5302 tempore
2975 5232 3270 5286 “tractatis.
3309 5229 3478 5284 Sene-

1912 5347 2114 5392 ctutem
2155 5335 2240 5388 hic
2276 5341 2433 5386 \ocat
2473 5331 2864 5384 inﬁrmitatem.
2919 5328 3008 5378 Ait
3056 5326 3258 5394 igitur:
3299 5323 3473 5387 Absit,

1913 5430 2162 5493 Domine,
2187 5437 2396 5494 tempus
2419 5425 2548 5479 illud
2580 5439 2687 5492 quo
2726 5421 2973 5475 inﬁrmus
3002 5433 3288 5487 appaream
3318 5417 3331 5468 ί
3366 5416 3476 5468 llo-

1913 5530 2004 5593 gat
2031 5522 2194 5592 igitur
2213 5528 2270 5572 ut
2298 5533 2575 5588 nunquam
2605 5530 2700 5569 sua
2733 5515 2786 5568 in
2817 5511 3094 5566 Christum
3125 5523 3220 5577 spe
3243 5507 3472 5561 labatur.

1915 5615 2033 5686 Ipse
2068 5628 2300 5683 namque
2331 5619 2414 5667 cst
2441 5611 2611 5666 virtus
2644 5619 2846 5663 nostra.
2880 5605 3012 5661 Cum
3041 5602 3287 5668 defecerit
3312 5601 3475 5655 rirtus
