4034 6460
597 394 702 450 519

1403 393 1458 450 S.
1506 394 1871 450 ATHANASH
1910 396 2060 452 OPP.
2100 397 2279 451 PARS
2316 395 2403 451 Ill.
2445 426 2512 442 -
2553 395 2964 451 EXEGETICA.

3718 392 3823 446 320

600 526 714 563 mea
736 526 797 563 ns
831 508 1159 576 derelinquas
1199 523 1296 560 me.
1337 503 1560 562 Etiamsi
1589 507 1876 579 contigerit
1913 509 2043 563 mihi
2072 518 2150 572 ut,

2259 522 2386 561 πειν
2429 507 2539 575 τὴν
2575 510 2759 576 ἰσχύν
2793 526 2912 577 μου
2952 506 3038 576 μὴ
3083 506 3488 575 brumalia/1c
3506 523 3601 573 με.
3637 505 3700 558 Εἰ
3732 504 3826 560 κα]-

601 603 762 654 homo
789 615 910 654 cum
935 599 1060 660 sim,
1093 599 1144 652 in
1184 608 1462 668 peceatum
1491 601 1700 664 cadam,
1732 614 1797 652 ne
1823 614 1907 652 me
1937 610 2157 668 propter

599 700 876 759 peccatum
917 690 1157 752 deseras,
1194 687 1437 754 Domine,
1473 689 1567 744 sed
1591 705 1676 744 me
1707 690 1902 744 iterum
1939 704 2155 755 revoca,

598 781 836 834 clemens
867 795 987 834 cum
1021 779 1112 833 sis.

669 873 756 926 10.
782 872 916 937 Quia
946 871 1193 924 dixerunt
1231 869 1434 921 inimici
1467 869 1567 922 mei
1599 868 1747 921 mihi.
1788 867 1924 922 Illud
1960 887 1970 920 :
2017 868 2158 934 Quia

599 965 867 1027 dixerunt,
925 964 1162 1033 positum
1211 977 1308 1030 pro
1355 982 1366 1015 :
1415 960 1489 1014 Ne
1538 961 1676 1016 forte
1727 962 1911 1016 dicant
1953 961 2158 1015 inimici

602 1058 703 1109 mei
737 1075 748 1107 :
776 1054 1145 1123 irrumpamus
1169 1055 1220 1104 in
1243 1069 1390 1116 eum,
1414 1053 1516 1106 erit
1537 1054 1733 1123 quippe
1767 1053 1924 1115 nobis
1949 1053 2000 1105 in
2028 1066 2158 1121 pra:-

597 1146 743 1209 dam,
773 1145 877 1198 Deo
909 1160 1014 1196 non
1039 1145 1360 1211 opitulante.

668 1235 754 1290 12.
801 1233 935 1286 Deus
959 1248 1120 1295 meus,
1164 1249 1224 1284 ne
1263 1230 1519 1298 elongeris
1560 1247 1591 1280 a
1626 1246 1723 1282 me.
1757 1230 2024 1295 Quoniam
2059 1231 2158 1300 igi-

597 1332 684 1377 tur
713 1323 762 1376 id
788 1322 862 1375 illi
889 1322 1095 1380 dicunt,
1133 1337 1199 1374 ne
1226 1319 1431 1373 diutius
1462 1317 1678 1374 dill‘eras
1704 1321 1985 1374 auxilium.
2021 1319 2157 1374 Deus

597 1434 764 1480 meus,
797 1419 851 1468 in
877 1415 1133 1467 auxilium
1166 1429 1334 1466 meum
1363 1412 1573 1481 respice.

670 1588 752 1641 15.
804 1586 1207 1655 Confuudantur
1245 1596 1292 1638 et
1326 1587 1570 1654 deﬁciant
1602 1587 1929 1642 detrahentes
1968 1589 2161 1642 animt!

597 1691 744 1727 mete.
790 1673 1238 1743 Quandoquidem
1282 1675 1407 1744 ipsi,
1447 1675 1644 1744 inquit,
1683 1675 1942 1744 impetum
1991 1677 2043 1730 in
2075 1692 2161 1730 me

598 1765 859 1831 fecerunt,
896 1766 997 1820 rati
1041 1782 1124 1820 me
1171 1782 1201 1820 a
1235 1776 1286 1820 te
1319 1767 1633 1820 derelictum
1671 1785 1685 1834 ;
1726 1772 1769 1822 si
1809 1769 2068 1823 auxilium
2088 1769 2163 1823 af-

598 1856 760 1922 feras,
787 1873 894 1926 prae
931 1858 1135 1926 pudore
1193 1857 1295 1926 ipsi
1343 1857 1641 1924 discedent,
1692 1875 1817 1914 cum
1869 1876 2035 1914 vanas
2058 1861 2153 1914 de-
2188 1852 2227 1911 Β

598 1948 982 2016 prehenderint
1020 1950 1325 2002 calumnias
1347 1948 1399 2002 in
1430 1951 1664 2004 animam
1698 1967 1871 2006 meam
1898 1961 2155 2008 structas.

595 2039 726 2105 Quae
748 2053 924 2094 autem
955 2041 1058 2095 illa:
1092 2041 1380 2096 calumniae
1428 2054 1573 2106 sunt,
1611 2045 1716 2098 nisi
1749 2060 1871 2113 qua:
1907 2043 2160 2097 dicebant

597 2133 672 2185 illi
699 2151 710 2186 :
741 2131 879 2185 Deus
899 2134 1172 2202 dereliquit
1204 2151 1320 2186 eum
1352 2137 1377 2188 Ρ

678 2224 766 2278 14.
811 2223 919 2293 Ego
942 2235 1116 2277 autem
1143 2241 1342 2293 semper
1385 2223 1602 2292 sperabo
1621 2225 1675 2276 in
1707 2234 1771 2276 te.
1800 2223 1915 2278 Non
1945 2234 2160 2279 cessant

595 2317 738 2370 enim
781 2332 874 2386 per
920 2317 1118 2385 scripta
1164 2333 1259 2370 sua
1302 2333 1450 2386 spem
1513 2333 1638 2388 erga
1682 2316 1959 2370 Christum
2001 2332 2154 2369 suam

595 2407 860 2460 conﬁteri.
903 2405 969 2459 Et
1009 2407 1256 2476 adjiciam
1304 2424 1459 2477 super
1500 2423 1704 2460 omnem
1742 2406 1952 2458 laudent
1987 2415 2153 2458 tuam.

597 2499 697 2553 Per
738 2499 966 2570 hymnos
1015 2514 1204 2554 eorum
1264 2501 1356 2570 qui
1409 2503 1652 2569 ipsorum
1712 2512 1874 2565 opera
1929 2497 2155 2548 salutem

595 2591 874 2646 consecuti
909 2600 1057 2644 sunt.

667 2678 755 2732 15.
805 2677 876 2732 0s
934 2695 1102 2731 meum
1148 2676 1486 2730 annuntiabit
1527 2675 1799 2744 justitiam
1832 2685 1998 2728 tuum.
2039 2673 2154 2728 Non

595 2783 770 2834 cesso,
822 2768 1019 2838 inquit,
1074 2769 1316 2830 Domine,
1351 2783 1564 2837 semper
1619 2767 1888 2836 justitiam
1921 2778 2067 2820 tuam
2102 2769 2154 2821 in

594 2876 689 2915 ore
723 2877 960 2915 versare.
1006 2860 1214 2914 Etenim
1251 2861 1465 2929 justitia
1502 2858 1679 2913 Patris
1714 2868 1797 2912 est
1835 2858 2156 2926 Unigenitus

594 2950 732 3020 ejus.
764 2951 894 3004 Nam
917 2953 1095 3022 genita
1130 2951 1286 3004 nobis
1315 2960 1396 3003 est
1423 2949 1633 3017 justitia
1671 2964 1699 3001 a
1742 2948 1848 3002 Deo
1884 2948 2039 3017 juxta
2072 2964 2158 3002 sa-

594 3058 745 3095 crum
785 3043 1102 3111 Apostolnm
1135 3043 1200 3094 “.
1243 3041 1373 3094 Tota
1412 3042 1496 3093 die
1526 3041 1760 3093 salutare
1796 3050 1966 3093 tuum.
2000 3038 2155 3093 Sem-

597 3148 708 3201 per,
741 3133 935 3202 inquit,
963 3149 1170 3188 memor
1203 3149 1298 3187 ero
1340 3132 1657 3187 meonomiae
1685 3147 1790 3200 qua
1819 3131 1975 3184 nobis
2011 3131 2155 3184 salu-

595 3234 700 3278 tem
738 3225 995 3295 clargitus
1033 3241 1112 3280 es.
1160 3227 1422 3292 Quoniam
1479 3242 1580 3278 non
1630 3225 1843 3294 cognovi
1886 3225 2153 3277 litteratu-

594 3332 728 3369 ram.
759 3315 858 3370 Per
881 3318 1240 3372 litteraturam
1292 3328 1386 3372 aut
1415 3333 1581 3371 vanas
1613 3328 1668 3372 et
1703 3317 2008 3385 implicatas
2033 3315 2156 3368 vita:

593 3407 973 3462 distractiones
1020 3408 1292 3478 intelligit,
1336 3417 1431 3461 aut
1475 3409 1624 3461 varia
1673 3422 1793 3475 qua:
1850 3407 1934 3460 lex
1961 3404 2156 3459 oﬂ‘erre

589 3497 815 3566 jubebat
846 3497 1138 3552 sacriticia.
1164 3499 1414 3575 Quando,
1455 3498 1649 3566 inquit,
1678 3513 1771 3551 eas
1798 3512 1988 3564 omnes
2009 3496 2158 3565 aliie-

594 3589 666 3655 ci,
712 3588 766 3641 in
811 3603 1073 3658 supernas
1115 3590 1352 3643 introibo
1384 3589 1716 3652 mansiones,
1785 3588 2015 3642 Domino
2055 3587 2158 3639 vir-

594 3687 765 3733 tutem
811 3680 943 3733 mihi
985 3681 1051 3734 ad
1089 3696 1208 3734 eam
1252 3697 1364 3734 rem
1405 3682 1693 3751 prazbente.
1745 3680 1931 3734 Simile
1973 3688 2154 3734 autem

593 3782 676 3826 est
698 3772 843 3827 dicto
882 3772 1010 3828 huic
1049 3793 1060 3828 :
1102 3773 1236 3828 Ecce
1284 3792 1373 3827 nos
1409 3777 1712 3845 reliquimus
1758 3775 1953 3838 omnia,
1988 3782 2036 3825 et
2077 3788 2156 3826 se-

595 3867 706 3918 cuti
749 3882 932 3919 sumus
979 3877 1045 3930 te,
1074 3869 1199 3935 quid
1224 3883 1341 3935 ergo
1359 3867 1456 3920 erit
1487 3868 1634 3919 nobis
1655 3865 1893 3919 “?Cum
1926 3865 2156 3932 hujusce

595 3957 671 4011 rei
701 3970 865 4009 causa
894 3957 1308 4025 promissionem
1336 3957 1483 4026 regni
1510 3956 1771 4010 cwlorum
1807 3963 2151 4023 acceperunt.

663 4237 749 4292 16.
793 4233 1028 4291 lntroibo
1060 4235 1114 4286 in
1148 4235 1410 4302 potentias
1457 4231 1688 4288 Domini.
1737 4233 1851 4288 Tua
1879 4235 2072 4290 virtute
2103 4245 2163 4291 et

593 4329 795 4382 auxilio
818 4330 1120 4404 ingressum
1142 4328 1414 4382 inveniam
1443 4326 1508 4378 ad
1533 4334 1728 4378 terram
1754 4328 2152 4394 promissionis.

595 4418 838 4482 Domine,
867 4419 1195 4472 memorabor
1223 4416 1452 4485 justitia!
1495 4425 1599 4468 tua:
1646 4416 1832 4468 solius.
1880 4414 2156 4470 Praedictis

2261 599 2455 670 συνέϐη
2488 599 2770 670 ἄνθρωπον
2800 600 2948 661 ὅντα,
2986 597 3137 666 φησὶ,
3165 597 3293 650 ποτὲ
3325 598 3608 667 ἁμαρτεῖν,
3645 595 3718 666 μὴ
3738 595 3828 649 διὰ

2256 689 2354 760 τὴν
2384 691 2656 760 ἁμαρτίαν
2695 689 3066 761 ἐγκαταλίπῃς
3101 707 3187 760 με,
3212 689 3386 759 Κύριε
3407 705 3421 718 °
3455 687 3590 741 ἀλλὰ
3617 690 3826 742 ἀνακά-

2258 781 2410 833 λεσαι
2439 781 2599 834 πάλιν
2625 782 2700 844 ὡς
2725 781 3120 852 φιλάνθρωπος.

2331 875 2447 926 ’Ότι
2481 869 2654 925 εἶπον
2684 876 2738 926 οἰ
2768 874 2967 941 ἐχθροί
3005 891 3123 941 μου
3179 873 3328 942 ἐμοί.
3363 873 3592 935 Ἰ’ὸ,“’οτι
3631 867 3825 933 εἶπον,

2257 964 2378 1017 ἀντί
2400 962 2493 1015 τοῦ
2514 981 2526 992 ’
2555 964 2780 1032 Μήποτε
2814 963 3017 1016 εἴποιεν
3047 965 3095 1016 οἰ
3126 963 3307 1034 ἐχθροί
3344 961 3828 1032 μου,Ἐπιθὼμεθα

2258 1057 2407 1126 αύτῷ
2429 1075 2440 1086 ·
2469 1057 2618 1110 ἔσται
2649 1056 2756 1127 γὰρ
2780 1059 2908 1127 ἡμῖν
2934 1057 3013 1119 εἰς
3044 1057 3340 1127 προνομὴν,
3374 1054 3448 1124 μὴ
3473 1053 3828 1124 ἐπικουροῦν-

2257 1166 2347 1211 τος
2371 1149 2526 1201 Θεοῦ.

2337 1240 2402 1292 ’0
2441 1239 2583 1304 Θεός
2628 1257 2769 1307 μου,
2813 1239 2898 1307 μὴ
2942 1239 3254 1306 μακρύνῃς
3295 1237 3395 1290 ἀπ’
3429 1235 3572 1305 ἐμοῦ
3613 1233 3828 1304 Ἐπειδὴ

2257 1329 2433 1383 τοίνυν
2470 1333 2666 1383 ἐκεῖνοι
2688 1329 2860 1382 ταῦτά
2886 1346 3038 1398 φασι,
3083 1329 3155 1398 μὴ
3199 1329 3553 1397 ἐπιμήκιστον
3585 1324 3829 1395 ύπερθῇς

2257 1419 2353 1490 τὴν
2388 1419 2730 1489 βοήθειαν.’0
2775 1419 2917 1484 θεός
2957 1436 3096 1486 μου,
3136 1420 3223 1481 εἰς
3251 1417 3361 1482 τὴν
3386 1414 3675 1483 ,ϐοήθειάν
3707 1432 3828 1482 μου

2258 1513 2538 1578 πρόσχες.

2329 1601 2841 1669 Αἰσχυνθήτωσαν
2866 1598 2960 1650 καί
2989 1595 3428 1650 ἐωειπέτωαν
3447 1599 3499 1649 οί
3519 1595 3830 1649 ἐνδιαϐάλ-

2257 1696 2469 1758 λοντες
2498 1690 2611 1758 τὴν
2640 1689 2851 1758 ψυχήν
2878 1706 3018 1756 μου.
3036 1687 3304 1748 Ἐπειδὰν,
3339 1688 3559 1740 ἐκείνων
3591 1688 3830 1740 ἐπιτιθε-

2263 1783 2461 1853 μένων,
2495 1782 2648 1852 φησὶ,
2675 1779 2762 1832 διὰ
2785 1779 2846 1832 τὸ
2869 1779 3016 1844 δόξαι
3053 1795 3117 1848 με
3156 1777 3644 1847 ἐγκαταλειφθῆναι
3678 1779 3830 1848 παρὰ

2261 1872 2377 1934 σοῦ,
2411 1875 2460 1924 εί
2483 1872 2756 1943 βοηθήσῃς
2782 1869 2963 1931 αύτδς,
2984 1869 3136 1922 αὐτοὶ
3160 1870 3239 1931 εἰς
3270 1867 3528 1938 αἰσχύνην
3555 1869 3826 1939 ἀποστραο

2260 1967 2543 2033 φήσονται,
2572 1962 2667 2015 ἆτε
2705 1961 2938 2032 ματαίας
2968 1961 3241 2031 εὑρόντες,
3268 1959 3333 2023 ἃς
3366 1960 3507 2013 κατὰ
3529 1961 3625 2030 τῆς
3649 1959 3830 2029 ψυχῆς

2263 2071 2363 2123 μου
2407 2055 2729 2122 ἐποιήσαντο
2759 2051 3026 2115 διαϐολάς.
3059 2051 3216 2113 Τίνες
3246 2051 3304 2102 δὲ
3347 2053 3401 2103 αί
3445 2049 3684 2102 διαϐολαὶ
3709 2049 3742 2120 ἢ
3771 2052 3830 2102 αἱ

2259 2143 2543 2212 λέγουσαι·
2590 2143 2642 2193 '0
2675 2141 2816 2207 Θεὸς
2840 2141 3228 2210 ἐγκατέλιπεν
3253 2142 3473 2202 αὐτόν;

2342 2233 2481 2301 Ἐγὼ
2528 2231 2594 2284 δὲ
2639 2229 2965 2294 διαπαντὸς
2988 2229 3174 2283 ἐλπιῶ
3205 2229 3304 2282 ἐπὶ
3330 2229 3423 2282 σέ.
3455 2229 3529 2281 Ού
3563 2227 3828 2282 παύονται

2257 2324 2365 2395 γὰρ
2389 2323 2477 2376 διὰ
2515 2322 2620 2375 τῶν
2669 2321 2812 2374 ἰδίων
2848 2319 3294 2391 συγγραμμάτων
3317 2317 3702 2388 ὁμολογοῦντες
3730 2317 3831 2386 τὴν

2259 2416 2445 2468 ἐλπίδα
2470 2415 2566 2484 τὴν
2596 2416 2674 2477 εἰς
2705 2413 2960 2484 Χριστόν.
2999 2413 3109 2466 Kal
3137 2410 3460 2479 προσθήσω
3492 2411 3591 2462 ἐπὶ
3623 2408 3832 2464 πᾶσαν

2258 2507 2372 2574 τὴν
2394 2506 2632 2558 αἵνεσίν
2658 2520 2794 2558 σου.
2826 2505 2924 2558 Διὰ
2953 2506 3050 2577 τῆς
3077 2503 3398 2574 ὑμνολογίας
3427 2503 3532 2556 τῶν
3558 2502 3624 2555 δι’
3650 2502 3832 2555 αὐτῶν

2260 2597 2598 2667 σωζομένων.

2336 2690 2401 2742 Τὸ
2432 2690 2624 2755 στόμα
2641 2705 2760 2756 μου
2790 2683 3112 2754 ἀναγγελεῖ
3137 2684 3249 2750 τὴν
3275 2683 3668 2750 δικαιοσύνην
3691 2699 3828 2740 σου.

2271 2779 2390 2831 Ἐπὶ
2434 2779 2694 2848 στόματος
2723 2777 2830 2838 ἀεὶ,
2864 2775 3049 2845 φησὶν,
3080 2769 3124 2827 ὦ
3148 2774 3414 2835 Δέσποτα,
3447 2774 3546 2844 τὴν
3595 2773 3692 2843 σὴν
3735 2774 3833 2843 ea.

2259 2887 2371 2941 ρειν
2404 2869 2750 2940 δικαιοσύνην
2803 2868 2863 2920 ού
2915 2868 3178 2938 παύομαι.
3213 2866 3536 2936 Δικαιοσύνη
3585 2867 3692 2936 γὰρ
3737 2863 3829 2920 τοί

2259 2959 2468 3031 Πατρὺς
2493 2962 2520 3012 ό
2546 2958 2856 3029 Μονογενὴς
2905 2958 3090 3010 αὑτοῦ.
3109 2955 3400 3026 Ἐγεννήθη
3432 2957 3538 3027 γάρ
3578 2957 3708 3025 ἡμῖν
3752 2954 3832 3008 δι-

2258 3050 2515 3119 καιοσύνη
2545 3051 2653 3103 ἀπὸ
2682 3050 2815 3103 Θεοῦ
2843 3049 2984 3102 κατὰ
3008 3050 3098 3101 τὸν
3132 3048 3274 3120 ἱερὸν
3303 3049 3834 3115 Ἀπόστολον.”0.ιην

2257 3140 2371 3206 τὴν
2403 3140 2630 3209 ἡμέραν
2678 3139 2792 3206 τὴν
2823 3141 3128 3207 σωτηρίαν
3177 3155 3311 3193 σου.
3364 3141 3662 3202 Διαπαντὸς
3694 3157 3830 3211 μνη·

2259 3227 2548 3298 σθήσομαι,
2580 3225 2733 3296 φησι,
2769 3225 2867 3295 τῆς
2900 3225 3211 3295 οἰκονομίας
3243 3224 3310 3277 δι’
3339 3217 3405 3294 ἦς
3430 3225 3557 3294 ήμίν
3588 3223 3687 3294 τὴν
3731 3241 3834 3277 σω-

2255 3317 2448 3388 τηρίαν
2514 3317 2774 3387 ἐχαρίσω.
2803 3317 2921 3367 Ότι
2983 3316 3094 3367 οὐκ
3158 3314 3352 3384 ἔγνων
3414 3315 3829 3384 γραμματείας.

2255 3409 2642 3479 Γραμματείας
2673 3408 2706 3478 ἢ
2737 3409 2863 3471 τοὺς
2900 3406 3160 3477 ματαίους
3193 3408 3284 3459 καί
3330 3406 3701 3468 πολυπλόκους
3740 3405 3832 3457 τοῦ

2257 3500 2375 3570 βίου
2419 3498 2838 3569 περισπασμούς
2883 3515 3068 3567 φησιν,
3099 3499 3132 3568 ἢ
3165 3498 3262 3560 τὰς
3289 3497 3376 3550 διὰ
3407 3495 3501 3550 τοῦ
3536 3496 3703 3567 νόμου
3743 3514 3835 3549 κε-

2256 3593 2617 3662 κελευσμένας
2639 3591 3010 3662 πολυτρόπους
3037 3588 3401 3661 προσάγεσθαι
3426 3588 3636 3652 θυσίας.
3654 3590 3835 3644 Ἐπει-

2253 3685 2317 3756 δὴ
2361 3685 2561 3748 ταύτας
2616 3685 2928 3753 συμπάσας,
2961 3683 3146 3752 φησὶν,
3189 3681 3552 3751 ἐπεϐαλόμην,
3605 3683 3684 3744 εἰς
3735 3683 3834 3743 τὰς

2254 3776 2366 3829 ἄνω
2409 3775 2785 3846 εἰσελεύσομαι
2839 3777 3026 3846 μονὰς,
3061 3776 3138 3837 εἰς
3165 3773 3322 3825 τοῦτο
3346 3771 3571 3842 δύναμίν
3611 3788 3701 3842 μοι
3740 3773 3833 3826 τοό

2256 3866 2461 3937 Κυρίου
2509 3867 3092 3937 παρέχοντος.”υμοιον
3130 3863 3185 3916 δὲ
3228 3863 3306 3934 τῷ
3344 3862 3651 3935 εἰρημένῳο
3690 3860 3837 3916 Ἰδοὺ

2255 3958 2426 4026 ἡμεῖς
2451 3957 2765 4025 ἀφήκαμεν
2794 3954 3010 4017 πάντα,
3044 3957 3143 4008 καὶ
3173 3953 3677 4022 ἠκολουθήσαμέν
3698 3967 3831 4008 σο.⁶

2255 4051 2310 4101 τί
2336 4048 2479 4117 ἡμῖν
2505 4048 2706 4112 ἕσται;
2734 4049 2861 4100 Ὅτε
2894 4047 2986 4100 καὶ
3019 4048 3117 4116 τῆς
3144 4048 3250 4099 τῶν
3283 4045 3526 4117 οὐρανῶν
3554 4044 3837 4115 βασιλείας

2255 4139 2354 4209 τὴν
2383 4139 2677 4206 ὑπόσχεσιν
2704 4134 2794 4189 διὰ
2817 4136 2989 4188 ταῦτα
3028 4135 3308 4206 ιέδιιὲχοντο.¹

2325 4229 2758 4296 Εἰσελεύσομαι
2796 4227 2866 4279 ἐν
2891 4225 3217 4293 δυναστείᾳ
3251 4227 3490 4293 Κυρίου.
3520 4225 3598 4294 Τῇ
3630 4227 3698 4295 σῇ
3737 4224 3834 4278 δυ-

2253 4323 2416 4393 νάμει
2453 4323 2548 4374 καὶ
2580 4319 2802 4391 βοηθείᾳ.
2832 4319 3090 4389 τεύξομαι
3119 4319 3218 4388 τῆς
3253 4318 3462 4372 εἰσόδου
3499 4318 3598 4388 τῆς
3631 4320 3710 4382 εἰς
3737 4305 3835 4390 τὴν

2255 4414 2358 4484 γῆν
2383 4413 2482 4482 τῆς
2511 4411 2859 4479 ἐπαγγελίας.
2895 4412 3088 4478 Κύριε,
3107 4408 3534 4479 μνησθήσομαι
3582 4408 3694 4477 τῆς
3736 4408 3837 4462 δι-

592 4511 846 4564 omnibus
872 4510 1139 4574 dimissis,
1171 4509 1367 4579 inquit,
1387 4507 1794 4576 soliusjustitia:
1818 4515 1921 4560 tua:
1948 4522 2154 4560 memor

2259 4507 2585 4572 καιοσύνης
2619 4520 2734 4557 σου
2760 4504 2975 4572 μόνου.
3017 4502 3200 4556 Πάντα
3244 4501 3311 4554 τὰ
3352 4500 3615 4573 εἰρημένα
3653 4501 3835 4569 ἀφεὶς,

591 4617 707 4668 ero,
739 4617 844 4671 qua
877 4617 975 4656 nos
1010 4617 1038 4654 a
1067 4613 1286 4670 peccato
1310 4598 1570 4653 liberasti.

663 4780 750 4833 17.
787 4777 926 4833 Deus
957 4796 1122 4844 meus,
1155 4797 1271 4850 qua:
1299 4779 1526 4832 docuisti
1558 4796 1636 4832 me
1665 4796 1697 4831 a
1717 4779 1988 4848 juventute
2019 4796 2153 4834 mea.

591 4872 636 4927 Α
664 4872 857 4942 prima,
897 4881 953 4926 ut
993 4873 1064 4927 ita
1094 4872 1292 4937 dicam,
1324 4871 1411 4924 die
1447 4885 1551 4940 qua
1597 4872 1744 4940 ipsos
1786 4871 1968 4938 elegit,
2007 4873 2155 4925 dedit

594 4965 701 5017 illis
732 4978 794 5016 ea
829 4978 950 5032 quae
985 4978 1209 5033 regnum
1255 4963 1517 5016 caelorum
1570 4970 1830 5031 spectant.
1882 4961 1950 5015 Et
1995 4979 2156 5032 usque

594 5071 729 5110 nunc
748 5054 1098 5122 pronuntiabo
1127 5054 1394 5107 mirabilia
1433 5066 1546 5107 tua.
1588 5053 1702 5108 Non
1737 5056 2042 5114 immemor,
2076 5056 2158 5107 in-

593 5144 733 5211 quit,
765 5142 940 5198 factus
975 5159 1093 5198 sum
1123 5158 1312 5197 eorum
1351 5158 1470 5210 quae
1494 5142 1688 5196 doctus
1714 5141 1790 5194 fui
1823 5159 1836 5194 :
1873 5141 1964 5196 sed
1994 5139 2158 5194 etiam

593 5252 657 5291 ea
688 5251 809 5306 qua
837 5235 1025 5301 didici,
1054 5235 1177 5290 aliis
1203 5234 1544 5288 annuntiavi.

669 5411 756 5478 l8,
777 5412 861 5468 19.
893 5413 962 5467 Et
993 5431 1152 5484 usque
1185 5416 1241 5468 in
1265 5423 1527 5469 senectam
1559 5422 1607 5466 et
1639 5413 1862 5468 senium.
1888 5412 2157 5477 Quoniam

600 5503 713 5572 ipse
743 5504 995 5561 Christus
1030 5517 1317 5577 postquam
1348 5505 1646 5560 resurrexit
1692 5522 1721 5558 a
1769 5506 1998 5560 mortuis
2031 5521 2158 5575 pro-

600 5595 749 5655 misit
773 5597 855 5650 eis
877 5598 1064 5654 dicens
1095 5598 1160 5652 “.
1196 5598 1325 5652 Ecce
1349 5599 1610 5651 vobiscum
1649 5613 1764 5648 sum
1791 5597 2027 5651 omnibus
2048 5597 2159 5650 die-

2267 4597 2418 4668 φησὶ,
2439 4596 2606 4667 μόνης
2629 4593 2987 4665 μνημονεύσω
3011 4592 3110 4663 τῆς
3131 4592 3496 4661 δικαιοσύνης,
3518 4591 3581 4645 δι’
3602 4586 3670 4663 ἧς
3688 4593 3837 4662 ημᾶς

2264 4688 2359 4755 τῆς
2385 4686 2658 4756 ἁμαρτίας
2684 4685 3076 4756 ὴλευθέρωσας.

2347 4778 2398 4828 '0
2435 4778 2576 4841 Θεός
2600 4794 2739 4845 μου,
2773 4775 2809 4830 ei
2849 4773 3130 4838 ἐδίδαξάς
3162 4791 3262 4844 μοι
3292 4773 3359 4825 ἐκ
3389 4773 3672 4838 νεότητός
3694 4790 3834 4842 μου.

2275 4869 2406 4921 Ἀπὸ
2435 4870 2542 4940 γὰρ
2572 4868 2815 4940 πρώτης,
2844 4869 2918 4931 ὡς
2943 4869 3138 4931 εἰπεῖν,
3166 4867 3399 4937 ἡμέρας,
3424 4861 3490 4936 ἧς
3519 4865 3718 4928 αὐτοὺς
3760 4865 3840 4929 ἐξ·

2263 4960 2825 5031 ελέξατο,παρέδωκεν
2852 4961 3031 5022 αὐτοῖς
3061 4958 3128 5011 τὰ
3159 4959 3286 5028 περὶ
3313 4957 3412 5026 τῆς
3435 4956 3710 5026 βασιλείας
3731 4958 3838 5008 τῶν

2262 5051 2524 5124 οὐρανῶν.
2559 5053 2668 5106 Καὶ
2698 5052 2874 5122 μέχρι
2909 5051 3012 5105 τοῦ
3039 5050 3154 5103 νῦν
3185 5047 3497 5118 ἀπαγγελῶ
3527 5049 3599 5101 τὰ
3624 5047 3840 5115 θαυμά-

2263 5142 2368 5196 σιά
2398 5159 2534 5197 σου.
2573 5144 2686 5196 Ούκ
2717 5144 3006 5213 ἀμνήμων,
3048 5141 3231 5210 φησὶν,
3266 5134 3340 5193 ὧν
3374 5139 3653 5208 ἐδιδάχθην
3681 5136 3838 5204 γεγέ-

2263 5252 2462 5303 νημαιο
2514 5235 2628 5287 ἀλλ’
2661 5234 2802 5304 ἆπερ
2832 5233 2992 5296 αύτὸς
3027 5232 3248 5304 ἔμαθον,
3278 5232 3451 5285 ταῦτα
3484 5233 3575 5284 καὶ
3603 5233 3716 5294 τοῖς
3745 5231 3839 5283 ἄλ-

2263 5323 2375 5388 λοις
2401 5325 2730 5395 ἀπήγγειλα.

2337 5418 2444 5470 Καὶ
2477 5418 2586 5482 ἕως
2627 5416 2818 5485 γήρως
2858 5417 2955 5470 καί
3005 5415 3342 5484 πρεσϐείου.
3363 5411 3576 5482 Ἐπειδὴ
3619 5411 3783 5474 αὐτὸς
3807 5411 3837 5464 5

2270 5509 2504 5579 Χριστὸς
2533 5509 2668 5577 μετὰ
2699 5509 2794 5579 τὴν
2817 5511 2880 5561 ὲκ
2904 5508 3112 5580 νεκρῶν
3145 5507 3436 5562 ἀναϐίωσιν
3465 5505 3730 5572 ὑπέσχετο
3759 5502 3839 5555 λέ-

2268 5617 2379 5667 γων
2413 5601 2626 5663 αὐτοῖς·
2666 5600 2818 5654 Ἰδοὺ
2840 5602 2966 5668 μεθ’
2989 5599 3154 5668 ὑμῶν
3175 5602 3289 5668 εἰμι
3326 5596 3525 5662 πάσας
3555 5595 3657 5660 τὰς
3697 5593 3836 5662 ἠμέ-

671 5760 762 5812 "l
798 5759 1090 5817 Cor.I,30.
1169 5759 1210 5789 “
1268 5757 1453 5812 Matth.
1516 5775 1624 5822 xix,
1649 5759 1733 5811 ‘27.
1815 5758 1858 5788 “
1916 5757 2102 5811 Matth.
2137 5774 2322 5816 ιιι-ιιι.
2351 5761 2436 5815 20.
