4034 6430
211 373 308 429 521

1237 372 1604 430 EXPOSITIO
1645 372 1710 426 IN
1751 369 2081 426 PSALMUM
2123 370 2282 424 LXX.

3341 363 3448 419 δίη

201 502 317 554 ρας
342 483 449 547 ἕως
479 480 583 550 τῆς
604 487 957 552 συντελείας
987 486 1092 540 τοῦ
1120 486 1332 554 αἰῶνος
1350 506 1363 518 ·
1393 489 1580 541 τούτου
1619 489 1776 560 χάριν

1885 489 1971 542 bus
2001 503 2158 557 usque
2199 489 2266 540 ad
2313 487 2814 541 consummationem
2858 485 3080 550 seculi,
3123 484 3244 539 ideo
3292 495 3449 553 rogat

208 579 353 629 αίτεῐ
401 577 604 648 ταύτην
665 576 814 647 αὑτῷ
856 578 1208 650 πληρωθῆναι
1259 579 1356 651 τὴν
1396 581 1775 650 ὐπόσχεσιν.⁹0

211 670 357 734 Θεός
381 687 522 738 μου,
551 667 633 737 μὴ
664 669 1103 738 ἐγκαταλείπῃς
1128 687 1224 739 με,
1255 671 1364 736 ἕως
1389 670 1464 724 ἂν
1500 673 1782 739 ἀπαγγεί-

205 764 293 814 λω
342 760 449 814 τὸν
490 761 787 830 ,βραχίονά
833 763 1110 817 σου.Ἐὰν
1145 764 1219 834 μὴ
1252 764 1647 836 ἐγκαταλείπῃς
1688 781 1776 834 με,

207 854 364 922 φησὶ,
395 854 532 906 κατὰ
562 855 659 922 τὴν
687 853 784 924 σὴν
807 855 1118 924 ὑπόσχεσιν,
1164 850 1208 907 ὦ
1238 857 1503 919 Δέσποτα,
1529 858 1649 910 τότε
1689 874 1781 924 γε-

203 945 430 1011 νήσεται
471 944 693 996 δυνατὸν
722 944 811 996 τὸν
844 946 933 997 σὸν
974 947 1304 1014 ἀπαγγεῖλαι
1338 947 1596 1018 βραχίονα
1625 951 1689 1018 τῇ
1722 947 1781 1014 ἐξ

203 1033 376 1086 ἐθνῶν
407 1035 640 1107 ἐσομένη
683 1039 847 1106 πιστῇ
881 1039 1062 1107 γενεᾷ.
1089 1039 1185 1100 Τίς
1218 1038 1274 1090 δὲ
1316 1039 1344 1090 ὁ
1385 1038 1623 1109 βραχίων
1660 1041 1782 1091 ἐπι-

205 1125 364 1196 φέρει
389 1127 558 1194 λέγων
580 1145 592 1156 θ
632 1127 749 1194 Τὴν
778 1128 1141 1183 δυναστείαν
1167 1145 1282 1183 σου
1311 1132 1405 1183 καὶ
1435 1131 1548 1198 τὴν
1572 1131 1784 1184 δικαιο-

205 1220 409 1284 σύνην
436 1233 571 1271 σου.
602 1218 712 1271 Καὶ
755 1218 1068 1272 δυναστείαν
1111 1221 1228 1289 μὲν,
1275 1220 1362 1274 διὰ
1395 1221 1456 1273 τὸ
1485 1221 1643 1290 δῆσαι
1690 1221 1782 1273 τὸν

210 1309 432 1378 ἰσχυρόν
458 1326 611 1378 φησι,
641 1311 734 1361 καὶ
756 1310 1050 1380 διαρπάσαι
1075 1310 1143 1365 τὰ
1170 1311 1338 1382 σκεύη
1361 1311 1524 1365 αὑτοῦ
1546 1312 1784 1365 ὀδικαιο-

207 1404 374 1472 συνην
397 1402 475 1464 δὲ,
506 1403 587 1454 ὅτι
619 1402 816 1464 ἀδίκως
842 1404 988 1472 ἡμᾶς
1016 1403 1360 1476 αἰχμαλωσίᾳ
1390 1405 1782 1474 κατεχομένους

205 1493 559 1566 λελύτρωται.
578 1495 628 1544 Ὀ
666 1493 810 1560 Θεὸς
844 1495 954 1560 ἕως
986 1495 1104 1548 τῶν
1126 1497 1418 1564 ὑψίστων.
1438 1498 1780 1566 Ἀπαγγελῶ,

207 1586 396 1656 φησὶν,
431 1587 512 1639 ὅτι
548 1588 606 1638 οὺ
638 1587 795 1657 μόνον
828 1588 895 1641 τά
927 1589 1019 1640 ἐπὶ
1059 1588 1182 1657 γῆς,
1215 1587 1352 1641 ἀλλὰ
1384 1589 1476 1642 καὶ
1507 1591 1574 1642 τὰ
1599 1592 1656 1642 ὲν
1691 1593 1782 1644 οὗ-

209 1679 391 1746 ρανοῖς
443 1676 529 1729 διὰ
575 1677 668 1730 τοῦ
721 1678 848 1731 ἰδίου
889 1678 1175 1750 ὲλυτρὼσω
1221 1681 1699 1752 αῖματος.“υμοιον
1727 1683 1783 1736 δὲ

1879 595 1997 633 eam
2025 579 2441 648 promissionem
2472 593 2600 646 erga
2644 594 2702 633 se
2732 577 2964 647 impleri.
3015 576 3150 630 Dens
3193 592 3357 640 meus,
3385 591 3448 628 ne

1880 669 2211 738 derelinquas
2245 686 2343 730 me.
2372 671 2533 722 donec
2557 670 2861 722 annuntiem
2891 667 3162 722 brachium
3192 678 3361 720 tuum.
3388 668 3445 720 Si

1880 778 1987 829 me,
2017 764 2210 832 inquit,
2236 761 2389 832 juxta
2417 763 2833 831 promissionem
2876 771 3024 814 tuam
3066 776 3172 813 non
3205 759 3445 813 derelin-

1881 870 2038 924 quas,
2064 853 2310 919 Domine,
2345 865 2474 909 tunc
2504 853 2745 908 futurum
2782 863 2863 908 est
2908 863 2965 907 ut
2998 852 3315 906 annuntiem
3352 865 3446 903 -ο-

1882 947 2099 1000 bustum
2133 946 2415 1001 brachium
2451 957 2600 1000 tuum
2646 946 2786 1000 fideli
2820 945 3151 1016 generationi
3183 960 3246 999 es
3270 943 3445 1012 genti-

1883 1038 1985 1093 bus
2009 1038 2220 1092 futurze.
2256 1037 2396 1105 Quid
2426 1047 2605 1092 autem
2641 1038 2711 1092 sit
2743 1038 3025 1092 brachium
3059 1036 3330 1092 subinfert
3360 1036 3446 1090 his

1883 1131 2064 1184 verbis
2089 1151 2100 1185 :
2129 1129 2429 1184 Potentiam
2479 1139 2620 1183 tuam
2658 1140 2706 1183 et
2744 1131 3011 1199 justitiam
3045 1139 3210 1184 tuam.
3247 1128 3448 1183 Poten-

1882 1224 2013 1278 tiam
2036 1225 2188 1288 dicit,
2213 1224 2340 1293 quia
2375 1223 2559 1292 ligavit
2582 1222 2774 1278 fortem
2801 1223 2951 1276 illum
2984 1231 3038 1276 et
3066 1222 3293 1290 diripuit
3319 1237 3443 1275 vasa

1882 1317 2001 1385 ejus
2034 1317 2343 1386 ;justitiam
2383 1331 2532 1382 vero,
2582 1317 2708 1386 quia
2755 1332 2854 1370 nos
2887 1315 3198 1384 captivitate
3244 1314 3446 1384 injuste

1881 1409 2128 1464 detentos
2163 1409 2408 1464 redemit.
2443 1409 2579 1464 Deus
2615 1426 2776 1480 usque
2811 1410 2864 1462 in
2909 1409 3194 1461 altissima.
3221 1409 3448 1462 Annuu-

1883 1501 2052 1562 tiabo,
2098 1501 2296 1570 inquit,
2338 1501 2479 1570 quod
2522 1516 2628 1554 non
2663 1500 2826 1556 modo
2875 1509 3108 1564 terrena,
3143 1501 3237 1554 sed
3281 1501 3444 1553 etiam

1885 1594 2124 1649 caelestia
2143 1609 2236 1662 per
2258 1594 2536 1663 pr0prium
2565 1593 2883 1663 sanguinem
2918 1592 3237 1647 redemeris.
3263 1592 3448 1645 Simile

1884 1697 2064 1741 autem
2097 1697 2178 1740 est
2209 1687 2284 1740 illi
2314 1705 2326 1740 ε
2362 1686 2624 1751 Quoniam
2646 1696 2692 1740 et
2717 1687 2832 1755 ipsa
2863 1695 3106 1739 creatura
3140 1683 3449 1738 liberabitur

203 1764 316 1834 eq»
354 1767 471 1818 ’Ὁτι
503 1767 595 1820 καί
629 1767 781 1835 αὐτὴ
821 1771 858 1836 ὴ
889 1770 1082 1835 κτίσις
1107 1771 1636 1839 ἐλευθερωθήσεται
1665 1772 1782 1826 ἀπὸ

1887 1796 1920 1830 a
1961 1780 2206 1832 servitute
2246 1779 2591 1846 corruptionis
2630 1779 2694 1833 ⁸⁸.
2745 1771 2882 1832 Heus
2924 1780 3040 1849 quis
3077 1779 3268 1832 similis
3305 1778 3449 1834 tibi.’

205 1857 319 1924 τῆς
339 1855 620 1924 δουλείας
650 1858 757 1926 τῆς
783 1860 1024 1927 φθορᾶς.
1045 1862 1106 1914 '0
1129 1864 1291 1928 Θεὸς,
1321 1864 1410 1928 τίς
1437 1864 1636 1933 ὅμοιός
1665 1882 1782 1928 σοι;

1887 1869 2101 1924 Gratias
2117 1870 2247 1940 agit,
2267 1869 2434 1940 quod,
2451 1869 2662 1924 etiamsi
2686 1869 2814 1923 olim
2843 1870 3036 1924 merito
3056 1869 3260 1939 peccati
3282 1886 3446 1924 causa

205 1951 539 2020 Εὐχάριστεί
577 1951 661 2018 ἐφ’
691 1946 792 2015 οἷς,
829 1953 1004 2005 καίτοι
1032 1953 1199 2008 πάλαι
1242 1954 1328 2008 διὰ
1376 1955 1471 2028 τὴν
1516 1958 1782 2028 ἁμαρτίαν

1887 1971 2062 2015 morte
2096 1961 2389 2017 damnatus
2423 1964 2514 2029 sit,
2537 1978 2643 2016 non
2673 1963 2725 2015 in
2753 1966 2924 2016 morte
2954 1962 3277 2016 remanserit
3308 1978 3322 2025 ;
3355 1966 3447 2017 sed

205 2044 434 2108 δικαίως
478 2045 1003 2116 καταδεδικασμένος
1041 2048 1273 2119 θανάτῳ,
1303 2051 1402 2104 οὐκ
1431 2051 1786 2122 ὲναπέμεινεν

205 2135 286 2206 τῷ
321 2135 564 2205 θανάτων
591 2136 726 2189 αλλὰ
756 2140 820 2208 τῇ
845 2136 938 2190 τοῦ
964 2138 1100 2191 Θεοῦ
1132 2139 1508 2213 φιλανθρωπίᾳ
1529 2142 1786 2196 ἀπολέλυ-

207 2244 298 2280 ται
324 2227 411 2280 διὰ
434 2229 668 2298 Χριστοῦ
697 2229 796 2300 τῆς
819 2229 1046 2300 φθορᾶς.

313 2325 475 2386 Οσιις
514 2321 750 2386 ἕδειξάς
780 2341 882 2391 μοι
930 2325 1167 2392 θλίψεις
1209 2324 1480 2391 stolide;
1509 2327 1648 2380 Οἴων
1677 2328 1784 2399 γάρ

209 2429 277 2483 με
331 2413 426 2465 καὶ
473 2414 613 2465 ὅσων
663 2417 855 2483 πεῖραν
905 2414 1088 2468 λαϐεῖν
1131 2416 1389 2487 ἐποίησας
1421 2418 1640 2483 κακῶνς
1674 2421 1782 2473 Kal

204 2503 577 2572 ἐπιστρέψας
603 2503 1002 2572 ἐζωοαοίησάς
1020 2523 1117 2575 με.
1154 2508 1250 2561 καί
1270 2509 1338 2561 ἐκ
1358 2508 1473 2561 τῶν
1500 2511 1785 2565 ἀϐύσσων

205 2591 322 2659 τῆς
360 2591 474 2660 γῆς
515 2592 812 2662 άνήγαγές
855 2595 1374 2662 με.Ὲπλεόνασας
1403 2595 1493 2647 ἐπ’
1523 2595 1626 2665 ἐμὲ
1671 2597 1786 2665 τὴν

201 2685 635 2753 μεταλοσύνην
668 2701 802 2747 σου,
840 2687 938 2739 καί
969 2685 1337 2754 ἐπιστρέψας
1371 2687 1784 2755 παρεκάλεσάς

199 2793 299 2845 με.
321 2777 377 2827 '0
400 2775 794 2846 διπλασιασμὸς
825 2777 967 2829 ἔοικε
997 2778 1279 2846 σημαίνειν
1308 2779 1403 2848 τὴν
1434 2780 1525 2832 ἐπὶ
1551 2783 1662 2844 τοῖς
1691 2798 1774 2850 με·

205 2867 278 2921 τά
310 2869 371 2920 τὸ
402 2867 683 2938 βάπτισμα
715 2869 1145 2940 πλημμελήμασι
1179 2871 1468 2942 γινομένην
1498 2873 1785 2941 μετάνοιαν

205 2958 404 3029 δεκτὴν
447 2961 711 3029 ὑπάρχειν
765 2960 860 3030 τῷ,
903 2961 976 3024 ὡς
1024 2961 1261 3034 εἴρηται,
1298 2963 1647 3016 πλεονάσαντι
1698 2967 1782 3033 ἐφ’

208 3054 360 3123 ἡμᾶς
399 3053 496 3124 τὴν
531 3054 694 3106 αὑτοῦ
723 3054 1032 3125 ἀγαθότητά
1071 3073 1128 3107 τε
1169 3057 1262 3108 καὶ
1300 3056 1660 3128 δικαιοσύνην.
1695 3057 1784 3110 Διὸ

1885 2052 1980 2108 Dei
2010 2055 2293 2110 clementia
2325 2071 2419 2125 per
2450 2054 2728 2109 Christum
2764 2054 3026 2109 liberatus
3067 2053 3138 2110 sit
3187 2069 3218 2108 a
3259 2069 3452 2109 corru-

1884 2146 2088 2214 plione.

1954 2319 2043 2384 20,
2068 2321 2155 2376 2|.
2199 2320 2435 2386 Quantas
2457 2322 2732 2373 ostendisti
2760 2322 2887 2373 mihi
2919 2321 3284 2374 tribulationes
3307 2320 3447 2376 ntul-

1886 2423 1968 2468 tas
1995 2417 2019 2468 Ρ
2044 2415 2298 2481 Qualium
2337 2430 2422 2469 me
2460 2424 2902 2484 quantorumque
2925 2415 3196 2469 malorum
3227 2417 3446 2485 experi-

1886 2515 2125 2560 mentum
2185 2522 2398 2560 sumere
2448 2504 2677 2561 fecisti?
2720 2505 2788 2559 Et
2847 2523 3122 2561 conversus
3169 2507 3448 2575 viviﬁcasti

1887 2613 1987 2660 nte,
2015 2605 2066 2650 et
2097 2597 2159 2650 de
2196 2597 2395 2665 abyssis
2428 2607 2581 2650 terra:
2616 2597 2807 2650 iterum
2834 2595 3090 2650 reduxisti
3128 2613 3226 2651 me.
3263 2595 3449 2649 Multi-

1886 2689 2095 2758 plicasti
2125 2689 2569 2757 magniﬁcentiam
2604 2699 2773 2752 tuam,
2804 2699 2853 2743 et
2889 2706 3164 2745 conversus
3204 2689 3445 2744 consola-

1887 2791 1970 2834 tus
1996 2798 2048 2834 es
2076 2797 2174 2835 me.
2207 2779 2472 2850 Repetitio
2492 2781 2704 2835 videtur
2725 2781 3046 2851 signiﬁcare,
3075 2783 3449 2852 pmnitentiam

1883 2873 1949 2925 de
1979 2875 2213 2942 peccatis
2245 2881 2368 2941 post
2410 2873 2736 2942 baptismum
2783 2873 3037 2928 admissis
3088 2885 3363 2945 acceptam
3398 2876 3447 2928 ei

1883 2979 2024 3026 csse,
2064 2966 2179 3033 qui,
2228 2974 2288 3018 ut
2325 2966 2528 3019 dictum
2555 2975 2658 3026 est.
2711 2967 3091 3034 multiplicavit
3135 2983 3297 3037 super
3346 2981 3448 3022 nos

1884 3057 2176 3110 bonitatem
2228 3067 2280 3110 et
2328 3056 2593 3125 justitiam
2641 3073 2815 3112 suam.
2877 3056 3217 3127 Quapropter
3271 3059 3445 3128 prius,

210 3145 480 3216 πρότερον
513 3147 611 3214 μὲν
640 3145 720 3208 τὸ,
748 3144 1151 3213 ἐζωοποίησὰς
1178 3164 1274 3214 με,
1319 3147 1394 3211 ὡς
1432 3149 1522 3200 ἐπὶ
1554 3148 1781 3215 ἀναγενο

1887 3150 2163 3217 riviﬁcasti
2198 3165 2297 3208 me.
2335 3150 2490 3219 quasi
2525 3150 2592 3203 de
2634 3150 3043 3220 regeneratioue
3087 3150 3292 3204 dictum
3319 3161 3401 3206 est
3431 3169 3444 3204 :

207 3239 421 3308 νήσεως
467 3239 677 3309 εἴρηται
703 3254 715 3266 ·
752 3237 1003 3306 δεύτερον
1039 3238 1095 3290 δὲ.
1138 3243 1220 3296 τὸ.
1247 3239 1683 3305 παρεκάλεσας,
1710 3239 1785 3301 ὡς

209 3331 304 3380 ἐπὶ
351 3329 825 3398 καταπονουμένου
877 3331 941 3399 τῇ
973 3327 1082 3382 τῶν
1116 3329 1523 3400 ἁμαρτημάτων
1557 3328 1781 3397 ἀθυμίᾳ.

213 3421 370 3473 Ἔστι
401 3419 581 3489 μέντοι
605 3421 698 3472 καὶ
726 3421 817 3473 ἐπὶ
844 3421 940 3491 τῆς
961 3421 1021 3484 ἐξ
1045 3421 1315 3487 Αἰγύπτου
1345 3420 1441 3490 μὲν
1467 3417 1784 3490 λυτρώσεως

206 3513 276 3565 τὰ
309 3513 548 3581 πρότερα
593 3512 689 3580 μὲν
726 3512 1062 3577 ἐκδέξασθαι,
1091 3514 1183 3565 ἐπὶ
1221 3515 1316 3584 τῆς
1349 3513 1441 3565 τοῦ
1486 3512 1688 3584 Κυρίου
1729 3511 1786 3564 δὲ

208 3603 517 3673 παρουσίας
559 3604 627 3655 τὰ
672 3603 898 3674 δεύτερα
939 3604 1148 3672 νοῆσαι,
1182 3606 1268 3656 ὅτε
1309 3605 1402 3657 καὶ
1443 3607 1475 3674 ἡ
1519 3604 1784 3674 παντελὴς

209 3699 343 3765 ἡμῖν
376 3695 562 3762 γέγονε
600 3697 962 3768 παράκλησις.
990 3698 1052 3749 Ol
1081 3695 1188 3768 γὰρ
1215 3695 1274 3758 ἐξ
1301 3697 1572 3764 Αἰγύπτου
1602 3695 1783 3765 ἐξελη-

208 3789 454 3852 λυθότες,
485 3791 531 3842 εί
566 3791 660 3842 καὶ
686 3789 1030 3862 ὲρρὐθησαν
1050 3789 1143 3843 τοῦ
1172 3789 1504 3860 προσκαίρου
1531 3787 1781 3849 θανάτου,

208 3883 325 3936 ἀλλ’
355 3882 659 3936 ὑπέπιπτον
693 3882 772 3953 τῷ
805 3883 1026 3954 αἰωνίῳ,
1057 3882 1132 3946 ὡς
1168 3882 1390 3953 μηδέπω
1430 3881 1526 3951 τῆς
1552 3881 1786 3935 ἀναστά-

210 3993 351 4038 σεως
383 3975 588 4046 δεδωρη
597 3976 786 4045 μένης.

280 4066 391 4118 Kal
426 4064 536 4132 γὰρ
569 4064 684 4134 ἐγὼ
721 4064 1237 4134 ἐξομολογήσομαί
1287 4081 1384 4119 σοι
1425 4065 1493 4117 ἐν
1537 4067 1786 4119 σκεύεσι

207 4155 458 4226 ψαλμοῦ
487 4156 602 4224 τὴν
631 4158 921 4223 ἀλήθειάν
963 4175 1100 4220 σου,
1139 4161 1170 4212 ὀ
1199 4159 1362 4224 Θεός.
1393 4157 1567 4221 Οὖτω,
1599 4159 1783 4226 φησιν,

207 4251 446 4320 ἐμαυτὸν
494 4252 898 4321 παρασκευάσω
927 4250 1017 4304 διὰ
1058 4253 1155 4322 τῆς
1193 4251 1626 4322 ὲξομολογήσεως
1667 4252 1786 4302 ἐπι-

206 4343 418 4412 τήδειον
441 4344 732 4414 γενηθῆναι
763 4345 898 4414 πρὸς
927 4343 989 4395 τὸ
1022 4343 1212 4406 σκεῦος
1237 4341 1554 4412 ὑμνολογίας
1584 4340 1784 4410 κληθῆ-

206 4453 318 4489 ναι.
355 4437 414 4488 lii
441 4436 496 4488 δὲ
531 4437 721 4501 σκεῦος
754 4436 1016 4507 κληθῆναι
1047 4435 1276 4505 ἐκλογῆς
1304 4434 1570 4496 λέλεκται,
1596 4434 1780 4504 δηλον-

1887 3242 2128 3296 secundo
2156 3250 2358 3307 autem,
2398 3242 2696 3295 consolatus
2740 3259 2791 3296 es
2831 3259 2928 3306 me,
2967 3245 3125 3312 quasi
3153 3243 3219 3298 de
3263 3259 3329 3298 eo
3365 3243 3448 3298 di-

1888 3343 2035 3386 ctum
2067 3345 2150 3388 est
2178 3335 2270 3402 qui
2307 3335 2529 3388 admissi
2567 3335 2771 3403 peccati
2803 3335 3019 3389 tristitia
3045 3335 3275 3389 laborat.
3311 3334 3447 3390 Pos-

1892 3434 2021 3480 sunt
2045 3426 2208 3478 etiam
2233 3424 2413 3494 priora
2437 3425 2504 3478 de
2533 3424 2855 3480 liberatione
2877 3441 2942 3480 es
2981 3424 3214 3496 Egypto
3245 3427 3446 3481 intelli-

1887 3517 1960 3588 gi,
1993 3518 2302 3572 etsecunda
2327 3518 2390 3571 de
2424 3515 2634 3570 Domini
2665 3517 2896 3571 adventu
2919 3518 3198 3586 explicari,
3228 3519 3447 3588 quando

1886 3609 2044 3662 nobis
2068 3609 2223 3678 plena
2263 3608 2565 3662 consolatio
2605 3607 2728 3660 fuit.
2759 3607 2863 3672 Qui
2907 3610 3054 3664 enim
3099 3624 3168 3664 ex
3211 3609 3448 3681 Egypto

1884 3701 2088 3770 egressi
2138 3707 2298 3761 sunt,
2359 3701 2458 3752 etsi
2515 3699 2726 3752 liberati
2766 3699 2985 3754 fuerunt
3027 3717 3057 3754 a
3101 3711 3446 3770 temporauea

1885 3804 2080 3857 morte,
2111 3803 2166 3847 at
2189 3793 2498 3847 inciderunt
2529 3793 2581 3846 in
2612 3804 2894 3860 atternam,
2927 3810 3052 3849 cum
3086 3795 3329 3850 nondum
3363 3811 3444 3849 re-

1886 3889 2238 3944 Surrectiouis
2264 3889 2432 3958 gratia
2461 3888 2581 3942 data
2605 3897 2749 3943 esset

1953 4067 2043 4120 22.
2090 4063 2230 4117 Nam
2281 4073 2329 4117 et
2375 4079 2466 4132 ego
2512 4061 2795 4130 conﬁtebor
2847 4060 2943 4114 tibi
2982 4063 3036 4115 in
3077 4062 3216 4115 vasis
3253 4063 3447 4130 psalmi

1885 4163 2153 4213 ceritatem
2187 4167 2354 4220 tuam,
2386 4155 2547 4210 Deus.
2577 4154 2679 4219 Me,
2705 4154 2901 4224 inquit,
2927 4169 3021 4224 per
3047 4152 3446 4209 confessionem

1885 4253 1957 4307 ita
2002 4251 2300 4316 adornabo,
2344 4259 2403 4303 ut
2455 4261 2613 4318 aptus
2653 4248 2755 4303 siin
2804 4248 2895 4318 qui
2936 4263 3032 4303 vas
3091 4247 3449 4319 liymnologite

1885 4346 2139 4416 appeller.
2187 4343 2340 4410 Quod
2386 4343 2431 4397 si
2463 4343 2640 4396 dictus
2676 4349 2758 4395 est
2794 4357 2888 4398 vas
2918 4342 3218 4407 electionis,
3269 4342 3448 4398 dictus

1885 4447 1968 4492 est
1999 4437 2163 4491 ctiam
2196 4452 2290 4490 vas
2315 4435 2696 4506 hymnologize.
2732 4433 2970 4487 Psallam
3003 4435 3099 4486 tibi
3136 4435 3188 4486 in
3215 4434 3443 4490 cithara.

204 4531 292 4584 ότι
319 4529 413 4581 καὶ
446 4529 635 4592 σκεῦος
667 4529 1006 4600 ὑμνολογίας.
1033 4527 1212 4583 Ψαλῶ
1241 4545 1337 4582 σοι
1365 4527 1435 4579 ἐν
1460 4525 1781 4596 κιθάρᾳ.Τῇ

1885 4530 2113 4589 Animae,
2148 4526 2348 4596 inquit,
2373 4535 2660 4580 concentu.
2704 4523 2842 4578 Cum
2877 4524 3018 4580 enim
3053 4523 3140 4576 illa
3177 4524 3310 4577 nihil
3342 4524 3447 4576 sibi

206 4623 310 4693 τῆς
354 4621 531 4692 ψυχῆς
581 4623 812 4693 ἁρμονίᾳ
859 4622 1052 4693 φησίν
1095 4622 1262 4674 Ὅταν
1294 4621 1401 4692 γὰρ
1433 4621 1598 4690 μηδὲν
1632 4622 1783 4673 ὲναν-

204 4716 320 4769 τίον
349 4717 512 4785 ἑαυτῇ
546 4715 682 4784 μήτε
711 4714 852 4768 κατὰ
883 4715 974 4768 τὸν
997 4714 1106 4785 βίον
1135 4715 1270 4784 μήτε
1297 4715 1426 4784 περὶ
1450 4714 1519 4765 τὰ
1541 4713 1782 4783 δόγματα

206 4806 338 4873 ποιῇ
388 4805 634 4877 ἢπάσχῃ
665 4806 698 4875 ή
733 4803 899 4876 ψυχὴ,
935 4805 1054 4858 τότε
1100 4807 1165 4876 δὴ
1209 4807 1329 4859 τότε
1377 4805 1540 4874 νοητὴ
1580 4802 1782 4874 κιθάρα

205 4895 434 4966 κληθείη
463 4896 705 4961 δικαίως.

291 4987 780 5058 Ἀγαλλιάσονται
812 4989 883 5043 τὰ
907 4991 1080 5058 χείλη
1103 5009 1241 5060 μου.
1283 4989 1428 5042 ὅταν
1462 4988 1637 5058 ψαλῶ
1660 5007 1778 5044 σοι.

205 5080 380 5133 τοῦτο
423 5081 558 5150 πρὸς
591 5081 994 5153 ἀντιδιαστολὴν
1026 5081 1120 5134 τοῦ
1169 5083 1334 5153 νόμου
1377 5081 1654 5134 λέλεκταιο
1701 5083 1785 5134 ὅτι

205 5175 393 5227 ικείνα
418 5173 515 5244 μὲν
539 5174 608 5227 τά
635 5175 983 5245 ἐπιτάγματα
1011 5171 1079 5246 ἦν
1109 5175 1360 5246 φορτικὰ,
1395 5174 1469 5237 ὡς
1498 5175 1786 5245 δυσκατόρ-

207 5267 376 5327 θωτα.
407 5266 576 5320 ταῦτα
601 5266 657 5320 δὲ
691 5268 904 5339 χρηστά
935 5285 993 5321 τε
1036 5268 1128 5321 καὶ
1169 5267 1397 5339 ἐλαφρὰ,
1430 5266 1503 5329 ὡς
1549 5267 1642 5321 καὶ
1666 5266 1784 5337 ἡδο-

207 5361 306 5429 νῆς
354 5359 776 5430 ἀποπληροῦντα
819 5361 946 5423 τοὺς
983 5359 1310 5428 ἀξιωθέντας
1358 5358 1555 5413 αὐτῶν.
1609 5358 1717 5413 Kal
1744 5359 1782 5426 ἠ

209 5451 381 5520 Ψυχή
414 5468 533 5518 μου
586 5449 668 5518 ἦν
715 5450 1062 5518 ἑλυτρὼσω,
1089 5453 1190 5522 τῆς
1227 5452 1496 5523 ἁμαρτίας
1531 5451 1630 5519 τῆς
1659 5449 1786 5519 φθο,

209 5545 336 5616 ρᾶς,
367 5545 464 5614 τῆς
492 5544 734 5608 δουλείας
760 5545 851 5598 τοῦ
888 5547 1122 5612 Σατανᾶ,
1152 5544 1245 5600 τοῦ
1271 5544 1500 5599 θανάτου
1525 5542 1709 5597 αὑτοῦ.

279 5816 326 5850 ⁸³
376 5817 529 5873 Rom.
567 5830 754 5879 sum,
782 5814 870 5871 2i.

1886 4622 2244 4685 contrarium,
2290 4619 2402 4674 sive
2435 4618 2731 4674 secundum
2774 4619 2961 4680 vitam,
2999 4618 3113 4672 sive
3147 4617 3446 4673 secundum

1886 4714 2187 4769 doctrinam
2211 4710 2402 4765 fecerit
2429 4719 2522 4765 aut
2553 4726 2712 4781 passa
2745 4709 2930 4774 fuerit,
2967 4718 3097 4766 tunc
3127 4726 3261 4766 sane
3287 4711 3449 4780 spiri-

1888 4805 2050 4859 tualis
2078 4804 2282 4858 cithara
2311 4803 2432 4873 jure
2459 4802 2779 4872 appelletur.

1957 4984 2048 5038 23.
2095 4982 2448 5038 Euultabunt
2498 4982 2642 5036 labia
2681 4999 2796 5037 mea
2838 4998 2956 5037 cum
3008 4991 3286 5037 cantavero
3333 4986 3446 5040 tibi.

1891 5075 2002 5130 lloc
2027 5077 2104 5130 ait
2127 5075 2195 5129 ad
2225 5075 2517 5130 discrimen
2549 5073 2704 5145 legis,
2740 5073 2868 5143 quia
2900 5072 3022 5142 ejus
3061 5073 3279 5141 quidem
3312 5088 3444 5143 pra»

1889 5179 2042 5239 cepta
2090 5183 2319 5223 onerosa
2367 5178 2522 5221 erant
2565 5175 2619 5221 et
2667 5167 2959 5222 observatu
3011 5163 3265 5221 difﬁcilia.
3327 5164 3448 5223 ΙΙαιδ

1891 5271 2071 5317 autem
2105 5267 2389 5314 mansueta
2417 5275 2482 5313 ac
2519 5259 2656 5314 levia
2679 5268 2826 5324 sunt,
2866 5260 2939 5314 ita
2979 5269 3039 5313 ut
3083 5273 3177 5313 eos
3207 5259 3298 5328 qui
3342 5259 3448 5312 illis

1891 5354 2094 5425 dignati
2129 5363 2257 5410 sunt
2277 5356 2547 5422 voluptate
2579 5353 2837 5423 repleant.
2863 5353 2928 5408 Et
2951 5353 3129 5406 anima
3151 5368 3262 5406 mea
3291 5367 3447 5420 quam

1891 5447 2177 5514 redemisti,
2207 5462 2236 5500 a
2268 5455 2487 5517 peccato
2519 5445 2905 5518 corruptionis,
2934 5459 2964 5500 a
2997 5445 3255 5501 servitute
3295 5443 3445 5499 Satao

1891 5556 1996 5600 nae.
2023 5540 2091 5595 ab
2117 5540 2231 5612 ipsa
2264 5548 2450 5596 morte.
