4070 6434
198 383 304 437 5‘25

1239 373 1603 431 EXPOSITIO
1643 374 1707 428 IN
1749 369 2080 428 PSALMUM
2122 367 2307 425 LXXI.

3331 363 3438 420 326

207 498 484 570 τερμάτων
532 497 632 566 τῆς
682 494 1262 566 οἱκουμένης.Ἐπειδὴ
1295 495 1404 565 γὰρ
1456 495 1628 565 πέραν
1675 492 1771 560 τῆς

1886 489 2019 542 ultra
2068 488 2201 542 fines
2253 495 2412 540 terra:
2445 500 2641 556 magna
2669 495 2723 539 et
2769 484 3036 538 im‘mensa
3093 482 3263 536 maria
3293 491 3440 547 sunt,

209 591 302 659 τῆς
351 590 419 642 τὰ
472 588 680 659 μεγάλα
732 587 825 640 καὶ
883 587 1089 640 ἀπλετα
1137 586 1370 656 πελάγη,
1429 586 1585 640 ἆτινά
1636 601 1778 647 τινες

209 678 530 731 Ἀτλαντικά
579 677 1141 740 καλοῦσιν,Ὠκεανὺν,
1186 677 1438 746 ἑσπέριον
1469 678 1562 728 καὶ
1609 675 1774 746 ἑῷον·

203 771 422 833 εἰκότως
457 770 555 840 τῆς
589 769 912 840 οἰκουμένης
958 769 1018 822 τὸ
1061 770 1262 840 κράτος
1304 773 1423 833 ταῖς
1458 769 1652 836 ἔξωθεν
1680 787 1778 821 κυ-

201 863 454 926 κλούσαις
485 863 784 925 Θαλάσσαις
827 863 1057 933 ἐδήλωσε
1079 880 1091 891 ο
1129 864 1223 915 καὶ
1258 861 1416 914 τοῦτο
1449 862 1778 932 σαφέστερον

199 955 224 1006 ὁ
257 955 396 1023 μετα
426 955 628 1008 τούτων
657 956 876 1024 εποίησε
908 955 1106 1024 στίχος.

267 1043 384 1096 Kal
414 1049 468 1098 οί
494 1045 693 1113 ἐχθροὶ
717 1043 900 1097 αὐτοῦ
922 1045 1076 1113 χοῦν
1100 1044 1396 1108 λείξουσι.
1425 1045 1632 1116 Σφόδρα
1656 1045 1781 1096 ὑπο-

197 1141 529 1207 ταγήσονται
567 1138 616 1188 οἱ
659 1137 920 1207 πολέμιοι,
956 1137 1031 1199 ὡς
1065 1137 1139 1208 μὴ
1174 1137 1398 1208 ὁρᾶσθαι
1433 1139 1609 1209 μάχην
1642 1139 1780 1209 πρὸς

197 1230 381 1292 αὑτὸν,
409 1232 472 1282 ἐκ
501 1232 809 1299 μεταφορὶς
838 1230 946 1282 τῶν
969 1231 1062 1282 ἐπὶ
1093 1230 1197 1301 γῆς
1223 1232 1528 1283 πιπτόντων
1559 1232 1653 1284 καὶ
1681 1232 1778 1302 τὴν

199 1323 482 1392 ὑποταγὴν
513 1323 903 1392 σημαινόντων.

276 1415 411 1468 ⁶οτι
441 1415 730 1482 ἑρῤὐσατο
756 1412 990 1481 πτωχὸν
1009 1413 1077 1466 ἐκ
1095 1412 1419 1469 δυνάστου.
1440 1415 1558 1468 ’Λπ’
1573 1415 1776 1486 ἄκρων,

200 1505 360 1574 φησὶ,
397 1508 644 1576 περάτων
685 1505 784 1575 τῆς
819 1507 1140 1577 οἰκουμένης
1168 1507 1268 1570 ἓως
1309 1506 1493 1577 ἄκρων
1538 1524 1779 1578 προσκυ-

199 1596 456 1663 νήσουσιν
501 1594 647 1664 αὐτῷ
698 1595 766 1648 τά
815 1611 874 1647 τε
915 1595 1039 1666 ἔθνη
1072 1597 1165 1648 καὶ
1198 1597 1246 1647 οι
1272 1596 1526 1664 βασιλεῖς,
1563 1599 1782 1667 εὐχαρι-

205 1685 458 1748 στοῦντες
491 1688 574 1754 ἐφ’
607 1681 689 1748 οἷς
713 1687 810 1756 τῆς
839 1687 1296 1749 καταδυναστείας
1325 1689 1520 1751 αὐτοὺς
1549 1685 1782 1760 ἐλυτρώ-

204 1793 332 1830 σατς
361 1779 450 1831 τοῦ
479 1780 707 1831 Σατανᾶ.
729 1780 829 1833 Ἐκ
861 1781 1042 1832 τόκου
1073 1779 1168 1830 καὶ
1197 1779 1262 1842 ἐξ
1285 1779 1520 1846 ἀδικίας
1562 1779 1782 1846 λυτρώ-

205 1886 269 1923 σε
284 1886 371 1922 ται
401 1869 508 1935 τὰς
548 1871 752 1938 ψυχὰς
779 1869 995 1924 αὐτῶν.
1016 1868 1339 1938 Ἐξαλείιρων
1368 1871 1430 1923 τὸ
1459 1872 1579 1923 κατ’
1604 1871 1782 1924 αὐτῶν

207 1963 568 2034 γειρόγραφον
599 1966 692 2016 καὶ
719 1963 1075 2034 χαριζόμενος
1115 1965 1207 2017 καὶ
1249 1964 1326 2035 τῷ
1353 1965 1420 2016 τὰ
1455 1965 1784 2018 πεντακόσια

207 2057 292 2108 καὶ
347 2055 418 2126 τῷ
459 2055 527 2108 τά
569 2057 906 2127 πεντήκοντα
949 2057 1232 2126 ὀφείλοντι.
1281 2057 1386 2111 Kal
1438 2057 1678 2126 ἔντιμον
1717 2057 1782 2110 τὸ

206 2147 396 2215 ὄνομα
453 2147 659 2201 αὐτοῦ.
697 2149 1018 2220 Σεϐάσμιος,
1061 2151 1245 2221 φησιν,
1281 2150 1430 2203 ἔσται
1465 2149 1614 2222 παρά
1648 2151 1784 2204 πᾶσι

205 2240 302 2292 καὶ
329 2239 554 2304 ἔνδοξος.

276 2330 390 2384 Καὶ
419 2331 674 2397 ζήσεται,
716 2335 810 2388 καὶ
843 2334 1156 2400 δοθήσεται
1185 2335 1344 2401 αὐτῷ
1383 2337 1451 2390 ἐκ
1497 2337 1601 2390 τοῦ
1646 2355 1787 2406 χρυ-

205 2426 348 2478 σίου
371 2425 482 2493 τῆς
517 2427 994 2494 Ἀραϐίας-,Ταῦτά
1017 2447 1147 2501 φησι
1169 2431 1256 2483 διὰ
1287 2431 1376 2482 τὸν
1397 2429 1787 2484 ἀποστείλαντα

217 2517 713 2588 Ἦρὼδηνάνελεῖν
740 2521 808 2572 τά
845 2520 1039 2591 βρέφη.
1094 2523 1252 2590 Λέγει
1286 2519 1398 2585 οὖν,
1431 2523 1506 2585 ὡς
1547 2524 1608 2574 οὐ
1651 2541 1788 2592 συμ-

206 2608 674 2679 περιληφθήσεται
724 2615 833 2674 τοῖς
881 2614 1294 2684 ἀναιρουμένοις
1324 2615 1575 2678 παιδίοις.
1611 2615 1681 2667 Τὸ
1707 2615 1786 2678 δὲ,

209 2701 325 2755 Καὶ
352 2702 671 2768 δοθήσεται
691 2702 848 2768 αὐτῷ
869 2706 1126 2772 χρυσίον
1161 2706 1481 2772 Ἄραϐικιῖν,
1512 2706 1660 2776 δηλοῖ
1692 2724 1787 2760 σα-

206 2795 327 2862 φῶς
358 2796 393 2849 ἀ
425 2797 804 2866 προσήνεγκαν
849 2798 898 2849 οἱ
950 2797 1114 2867 μάγοι
1157 2797 1323 2868 δῶρα.
1367 2797 1477 2850 Kal
1529 2802 1786 2867 προσεύ-

207 2888 415 2952 ξονται
467 2890 597 2956 περὶ
644 2889 824 2942 αὑτοῦ
859 2889 1202 2954 διαπαντός.
1239 2889 1408 2942 Αὐτὸν
1434 2892 1788 2958 ὀνομάζοντες

204 2981 266 3031 ὲν
307 2983 655 3049 προσευχαῖς,
688 2982 780 3033 καὶ
807 2982 872 3034 δι’
908 2981 1071 3035 αὐτοῦ
1101 2981 1281 3036 δοῦναι
1323 2983 1412 3036 τὸν
1440 2983 1659 3056 Πατέρα
1691 2986 1788 3038 αὑ-

205 3075 320 3134 τοῖς
349 3070 622 3134 ἀξιοῦντες
650 3074 757 3125 τῶν
784 3073 1002 3140 ἀγαθῶν
1031 3074 1128 3145 τὴν
1159 3075 1328 3130 δόσιν.

288 3164 501 3216 Ἔσται
531 3163 825 3233 στήριγμα
846 3165 914 3217 ἐν
946 3165 1018 3232 τῇ
1044 3165 1136 3236 γῇ.
1163 3169 1273 3239 Τῆς
1314 3169 1659 3239 Ἐκκλησίας,
1688 3187 1790 3240 φη-

210 3256 287 3317 σὶ,
325 3257 417 3307 καὶ
446 3255 543 3324 τῆς
572 3257 911 3326 οἰκουμένης.
932 3259 1054 3311 Ἐπ’
1079 3259 1274 3326 ἄκρων
1308 3259 1424 3311 τῶν
1452 3260 1651 3327 ὀρέων,
1684 3262 1789 3314 τῶν

207 3345 522 3398 ἀποστόλων
550 3347 642 3400 καὶ
672 3348 982 3420 προφητῶν.
1003 3349 1491 3419 Ὑπεραρθήσεται
1521 3351 1670 3420 ὑπὲρ
1693 3353 1796 3406 τὸν

211 3440 476 3492 Λίϐανον
514 3440 802 3507 δ’καρπὸς
829 3442 1033 3496 αὑτοῦ.
1061 3442 1292 3506 Λίϐανος
1324 3443 1421 3514 μὲν
1449 3445 1479 3514 ή
1525 3445 1793 3518 Ἰερουσα-

208 3529 355 3599 Mys
392 3531 602 3599 καρπός
653 3531 708 3583 δὲ
756 3533 920 3585 αὑτοῦ
963 3535 991 3585 ό
1037 3535 1392 3604 εὐαγγελικὸς
1424 3537 1596 3605 λόγος.
1631 3537 1793 3606 Λέγει

209 3618 329 3683 οὖν,
353 3620 428 3683 ὡς
457 3621 597 3692 ὑπὲρ
627 3621 721 3692 τὴν
753 3623 894 3676 κατά
926 3624 1090 3692 νόμον
1122 3625 1377 3694 λατρείαν
1407 3628 1558 3680 ἔσται
1597 3627 1656 3680 τὸ
1696 3629 1795 3698 κή-

216 3728 404 3782 ρυγμα
447 3712 507 3764 τὸ
555 3713 925 3780 εὐαγγελικόν.
960 3713 1071 3768 Kal
1110 3715 1560 3782 ἐξανθήσουσιν
1586 3719 1654 3771 ἐκ
1691 3721 1794 3771 πό-

209 3808 367 3870 λεως
409 3804 550 3858 ὡσεὶ
598 3806 808 3873 χόρτος
836 3804 946 3874 τῆς
976 3805 1107 3874 γῆς.
1141 3808 1300 3861 Πόλιν
1331 3809 1428 3880 τὴν
1468 3811 1792 3881 Ἐκκλησίαν

214 3895 490 3965 σημαίνει,
527 3898 654 3966 περὶ
679 3891 744 3967 ἧς
767 3896 1076 3966 γέγραπται
1093 3915 1104 3925 °
1137 3897 1554 3970 Δεδοξασμένα
1575 3901 1794 3969 ἐλαλή-

213 3990 288 4052 θη
322 3987 451 4053 περὶ
481 3987 618 4049 σοῦ,
643 3989 680 4055 ἡ
714 3990 887 4054 πόλις
913 3987 1018 4041 τοῦ
1050 3990 1218 4044 Θεοῦ.

288 4078 408 4146 Πρὸ
434 4077 536 4131 τοῦ
562 4080 737 4146 ἡλίου
767 4078 1024 4148 διαμένει
1054 4081 1118 4134 τὸ
1144 4082 1329 4152 ὄνομα
1355 4083 1558 4138 αὐτοῦ.
1582 4087 1793 4140 Δείκνυ-

216 4186 325 4229 σιν,
359 4171 434 4233 ὡς
467 4166 620 4234 οὗτος
654 4172 680 4224 ὁ
729 4169 800 4241 μὴ
836 4171 1193 4237 ἀποκτανθεὶς
1235 4175 1372 4244 μετὰ
1421 4176 1527 4229 τῶν
1578 4177 1791 4250 βρεφῶν

213 4263 364 4314 ἐστιν
407 4262 434 4314 ὁ
483 4262 588 4334 πρὸ
635 4262 938 4334 καταϐολῆς
989 4264 1194 4334 κόσμου
1227 4267 1484 4338 ὑπάρχων
1521 4270 1657 4340 μετά
1697 4269 1790 4322 τοῦ

216 4353 454 4424 Πατρός.

289 4444 633 4513 Εὐλογητὸς
675 4449 707 4498 ό
744 4443 961 4512 Κύριος
993 4445 1020 4497 ὁ
1061 4445 1203 4510 Θεὸς
1237 4447 1495 4514 Ἰσραὴλ,
1531 4451 1564 4501 ό
1605 4447 1791 4502 ποιῶν

214 4535 518 4605 θαυμάσια
539 4537 742 4604 μόνος.
776 4535 1068 4601 Διεξελοὼν
1109 4539 1285 4591 πάντα
1309 4537 1343 4592 ἀ
1371 4539 1703 4610 κατορθώσει
1731 4542 1787 4592 ἐν

212 4633 280 4701 τῇ
307 4629 587 4699 οἰκονομίᾳ
607 4630 716 4691 τοῖς
743 4631 833 4682 ἐπὶ
855 4631 951 4700 τῆς
974 4629 1095 4698 γῆς,
1122 4628 1286 4698 ὕμνον
1306 4632 1618 4701 ἀναπέμπει
1643 4633 1788 4703 αὑτῷ

213 4724 409 4789 λέγων,
435 4721 508 4784 ὡς
547 4721 710 4782 αὐτὸς
757 4721 840 4790 εἴη
879 4723 906 4772 ὀ
939 4721 1070 4783 Θεὸς
1113 4721 1344 4790 Ἰσραὴλ,
1386 4725 1414 4775 ό
1445 4723 1601 4792 μόνος
1632 4724 1790 4794 δυνη-

215 4815 329 4876 θεὶς
355 4814 524 4867 ταῦτα
565 4813 786 4882 ποιῆσαι
818 4812 882 4865 τὰ
913 4812 1210 4883 θαυμάσια.
1251 4815 1384 4866 Ποῖα
1410 4817 1464 4868 δὲ
1491 4816 1785 4887 Θαυμάσια,

212 4905 245 4975 ἢ
294 4903 356 4954 τὸ
398 4903 735 4972 καταργῆσαι
783 4900 879 4972 τὴν
927 4903 1242 4956 δυναστείαν
1293 4903 1384 4956 τοῦ
1429 4907 1659 4967 Σατανᾶ,
1697 4907 1790 4959 καὶ

212 4993 494 5060 ἐξελέσθαι
519 4995 641 5057 τοὺς
672 4993 1185 5064 ἐπιϐουλευομένους
1229 4996 1330 5066 τῆς
1373 4995 1478 5049 τῶν
1524 4997 1792 5068 δαιμόνων

211 5079 554 5152 τυραννίδοςς
580 5081 775 5134 Σκόπει
795 5083 871 5147 δὲ,
902 5081 976 5144 ὡς
1002 5085 1098 5153 οὐχ
1128 5086 1456 5156 ἁρμόσειτῷ
1485 5087 1790 5158 Σολομῶντι

213 5174 291 5244 τῷ
329 5177 392 5226 ἐκ
422 5174 521 5243 τῆς
567 5172 659 5226 τοῦ
693 5176 890 5246 Οὐρίου
921 5176 1072 5229 οὐδὲν
1105 5177 1210 5231 τῶν
1256 5181 1559 5250 εἰρημένων
1603 5184 1660 5234 ἐν
1711 5182 1787 5252 τῷ

216 5266 412 5336 ψαλμῷ
435 5283 448 5296 ο
478 5265 600 5317 οὕτε
628 5266 688 5318 τό
711 5284 722 5295 ·
762 5269 881 5334 Πρὸ
905 5270 1008 5323 τοῦ
1042 5270 1216 5336 ἡλίου
1243 5272 1306 5324 τὸ
1343 5273 1529 5340 ὄνομα
1568 5273 1750 5325 αὑτοῦ
1771 5289 1784 5302 °

212 5359 339 5413 οὔτε
362 5360 422 5411 τό
441 5375 453 5388 ·
491 5358 691 5413 Πάντα
721 5360 790 5412 τὰ
820 5361 964 5428 ἔθνη
987 5363 1432 5416 δουλεύσουσιν
1457 5363 1641 5428 αὐτῷ·
1671 5365 1790 5418 οὐδὲ

210 5453 274 5506 τό
296 5468 309 5481 ·
347 5452 464 5518 Πρὸ
506 5451 615 5519 τῆς
660 5451 924 5519 σελήνης
959 5457 1166 5522 γενεὰς
1194 5456 1430 5525 γενεῶν,
1450 5459 1542 5510 Ἐκ
1576 5459 1789 5510 πάντων

209 5537 310 5600 οὖν
329 5543 534 5597 τούτων
571 5545 745 5615 δῆλον,
778 5543 858 5595 ὅτι
897 5547 976 5608 εἰς
1015 5548 1102 5599 τὸν
1141 5549 1345 5619 Κύριον
1387 5548 1542 5620 ἡμῶν
1585 5548 1788 5618 Ἰησοῦν

213 5639 257 5690 Χ
267 5634 449 5708 ριστὸν
475 5637 737 5692 λέλεκται.

303 5819 352 5854 ³³
374 5816 564 5872 Matth.
597 5834 654 5879 Il.
693 5821 771 5875 Η.
865 5822 908 5851 ⁷³
936 5821 1074 5876 Psal.
1113 5838 1330 5887 LXXIV],
1362 5822 1413 5875 3.

1877 597 1998 650 qua:
2027 580 2293 634 Atlantica
2324 578 2546 650 quidam
2575 588 2796 644 vocant,
2830 576 3130 642 Oceanum,
3179 576 3436 631 occiden-

1879 673 1984 725 tale
2020 681 2073 725 et
2117 669 2414 734 orientale;
2457 669 2580 738 jure
2625 668 2777 723 orbis
2835 669 3122 736 imperium
3170 667 3447 720 ambit-nte

1877 765 2067 834 pelago
2114 762 2556 818 circumscribit:
2607 762 2753 831 quod
2803 762 3047 830 apertius
3091 751 3446 829 subsequenti

1877 855 2148 909 versiculo
2164 855 2463 909 explicatur
2475 885 2498 901 ι

1949 1012 2001 1066 9.
2045 1009 2111 1064 Ει
2143 1012 2341 1064 inimici
2364 1012 2476 1080 ejus
2528 1021 2723 1065 terram
2751 1011 2971 1081 tingent.
3024 1007 3268 1078 Subjecti
3297 1006 3447 1075 peni-

1881 1113 1967 1156 tus
2001 1103 2052 1157 ci
2084 1111 2244 1156 erunt
2272 1104 2501 1171 inimici,
2528 1113 2589 1158 ut
2619 1105 2754 1157 nihil
2797 1119 2990 1174 purgate
3030 1103 3291 1156 adversus
3320 1115 3444 1154 eum

1880 1196 2146 1258 videatur.
2175 1213 2242 1249 ex
2272 1197 2582 1266 metaphora
2611 1211 2799 1250 eorum
2848 1195 2942 1265 qui
2982 1193 3035 1248 in
3089 1204 3288 1247 terram
3320 1206 3448 1261 pro-

1881 1289 2070 1342 cidunt
2099 1288 2151 1340 in
2180 1289 2550 1356 obsequentize
2580 1288 2817 1359 signum.

1951 1380 2139 1434 12-14.
2177 1380 2316 1446 Quia
2373 1381 2616 1434 liberabit
2665 1397 2942 1449 pauperem
2975 1389 3035 1432 'a
3093 1387 3319 1448 potente.
3365 1376 3449 1430 Ab

1878 1474 2138 1528 extremis
2161 1474 2228 1527 ad
2270 1482 2542 1528 extremos
2584 1490 2758 1542 usque
2787 1475 2919 1526 lines
2958 1482 3115 1525 terrm
3145 1469 3450 1523 adorabunt

1879 1578 2002 1616 eum
2045 1555 2230 1632 géntes
2261 1573 2422 1632 atque
2463 1578 2633 1632 reges,
2663 1565 2865 1632 gratias
2898 1572 3141 1632 agentes,
3175 1559 3318 1628 quod
3351 1571 3448 1611 eos

1881 1669 1909 1706 a
1941 1656 2221 1725 tyrannide
2255 1654 2466 1709 Satanae
2489 1655 2818 1710 liberaverit.
2865 1654 2947 1707 Ea:
2977 1655 3149 1707 usuris
3171 1662 3219 1705 et
3252 1649 3449 1720 iniqui-

1883 1756 1990 1801 tate
2031 1751 2246 1802 redimet
2303 1749 2510 1802 animas
2537 1765 2736 1800 eorum.
2773 1747 2971 1801 Delens
3024 1745 3448 1815 chirographum

1818 1850 1856 1906 Β
1884 1840 2146 1894 adversus
2174 1855 2269 1894 eos
2330 1842 2618 1910 scriptum,
2673 1850 2727 1895 et
2759 1841 2928 1909 gratis
2962 1839 3204 1892 debitum
3258 1836 3449 1890 leniit--

1888 1942 2008 1986 tens
2042 1934 2091 1987 ei
2139 1933 2232 2001 qui
2283 1935 2578 2004 quingenta
2616 1945 2777 2004 atque
2825 1933 2874 1986 ei
2924 1932 3016 2002 qui
3052 1931 3449 2000 quinquaginta

1885 2024 2134 2079 debebat.
2185 2023 2254 2078 Et
2286 2027 2591 2080 ltonorubile
2621 2043 2808 2080 nomen
2875 2042 3057 2079 eorum
3102 2040 3282 2076 eorum
3335 2022 3450 2075 illo.

1886 2113 2264 2181 Venerandus,
2317 2117 2513 2188 inquit,
2549 2125 2604 2170 et
2635 2117 2910 2187 gloriosus
2947 2115 3091 2186 apud
3121 2114 3452 2168 omnesetit.

1963 2293 2053 2348 15.
2083 2291 2152 2345 Et
2179 2295 2310 2348 vivet
2343 2305 2390 2348 et
2442 2293 2656 2348 dabitur
2692 2296 2740 2347 ei
2790 2295 2854 2348 de
2888 2311 3017 2348 auro
3068 2296 3296 2348 Arabian
3332 2291 3457 2348 Haec

1887 2385 1964 2438 ait
1986 2396 2207 2456 propter
2235 2385 2502 2441 Herodem
2561 2386 2654 2456 qui
2709 2387 2860 2440 misit
2906 2386 3151 2440 occisum
3195 2385 3452 2441 infantes.

1887 2476 1975 2529 Ait
2017 2478 2182 2547 igitur
2241 2493 2364 2532 eum
2425 2494 2533 2533 non
2582 2493 2690 2532 una
2747 2494 2870 2532 cum
2913 2479 3098 2548 pueris
3152 2479 3448 2533 enecandis

1888 2571 2457 2638 comprehendendum
2487 2569 2624 2626 fore.
2659 2570 2792 2624 Illud
2832 2581 3012 2625 autem
3042 2589 3055 2624 :
3114 2569 3181 2623 Et
3247 2571 3458 2623 dabitur

1888 2659 1936 2711 ei
1965 2675 2156 2711 aurum
2185 2661 2494 2724 Arabicum,
2521 2663 2760 2716 declarat
2808 2661 3098 2717 manifeste
3147 2678 3269 2732 qua:
3317 2661 3454 2731 Magi

1888 2747 2030 2802 dona
2068 2749 2377 2803 obtulerunt
2408 2752 2471 2803 τ’.
2517 2749 2586 2802 Et
2635 2752 2930 2804 adorabunt
2977 2754 3039 2805 de
3095 2754 3208 2822 ipso
3235 2769 3450 2823 semper.

1890 2839 2071 2908 Ipsum
2106 2842 2495 2908 compellantes
2528 2843 2582 2896 in
2631 2844 2994 2906 orationibus,
3023 2853 3077 2898 et
3125 2861 3220 2913 per
3269 2861 3395 2899 eum
3427 2860 3456 2898 a

1890 2930 2050 2987 Patre
2075 2931 2194 2986 dari
2227 2934 2331 2988 sibi
2365 2934 2634 2990 bonorum
2665 2951 2895 2990 munera
2928 2947 3204 3007 rogantes.

1964 3156 2176 3212 £6.Erit
2201 3159 2592 3227 ﬁrmamentum
2620 3163 2674 3214 in
2714 3171 2872 3216 terra.
2903 3162 3160 3220 Ecclesiae
3191 3174 3245 3220 et
3274 3164 3456 3219 orbis:

1897 3249 1949 3301 in
1971 3252 2186 3304 summis
2227 3253 2516 3318 montium,
2550 3255 2923 3322 apostolorum
2953 3264 3007 3309 et
3045 3257 3455 3326 prophetarum.

1896 3340 2346 3410 Superextolletur
2370 3362 2526 3415 super
2547 3345 2802 3400 Libanum
2825 3348 3028 3416 fructus
3063 3349 3198 3418 ejus.
3220 3347 3459 3404 Libanus

1894 3439 1976 3484 est
1997 3429 2338 3496 Jerusalem;
2391 3434 2600 3490 fructus
2633 3448 2813 3491 autem
2847 3439 2966 3508 ejus
2992 3441 3457 3510 estevangelieum

1893 3524 2142 3579 verbum.
2181 3527 2272 3579 Ait
2303 3527 2467 3596 igitur
2497 3530 2941 3598 praedicationem
2970 3536 3337 3604 evangelicam
3368 3553 3456 3591 suc

1893 3615 2159 3683 periorem
2197 3617 2312 3671 fore
2341 3618 2496 3686 legali
2525 3619 2692 3672 cultu.
2737 3619 2800 3671 Et
2829 3623 3094 3689 ﬂorebunt
3136 3626 3200 3679 de
3241 3627 3454 3682 civitate

1893 3707 2028 3758 sicut
2065 3707 2242 3776 fenum
2305 3717 2478 3763 terra.
2519 3709 2621 3765 Per
2677 3712 2952 3767 civitatem
3005 3718 3252 3786 designat
3276 3718 3456 3774 Eccle-

1893 3799 2051 3861 siam,
2082 3800 2150 3855 de
2181 3817 2286 3869 qua
2319 3803 2584 3872 scriptum
2614 3815 2730 3860 est:
2762 3806 3006 3861 Gloriosa
3062 3808 3206 3862 dicta
3244 3821 3368 3865 sunt
3395 3813 3458 3864 de

1894 3901 1962 3961 te,
1995 3895 2180 3948 civitas
2215 3893 2308 3948 Dei
2341 3896 2388 3926 ⁷³

1965 4070 2053 4125 l7.
2078 4072 2214 4125 Ante
2266 4087 2426 4127 sarem
2480 4085 2749 4143 permanet
2797 4092 2985 4132 nomen
3043 4078 3178 4147 ejus.
3209 4077 3454 4141 Declarat

1891 4177 2015 4216 eum
2043 4163 2136 4231 qui
2173 4178 2280 4217 non
2319 4179 2425 4218 una
2461 4181 2584 4219 cum
2649 4167 2948 4222 infantibus
3003 4169 3322 4225 interfectus
3353 4183 3456 4236 est,

1891 4256 2145 4309 eumdem
2180 4272 2302 4311 esse
2328 4257 2422 4326 qui
2453 4269 2578 4314 ante
2610 4261 2797 4314 mundi
2846 4263 3297 4317 constitutionem
3330 4280 3452 4319 cur)

1890 4343 2048 4399 Patre
2083 4345 2314 4398 exsistit.

1960 4437 2046 4491 18.
2083 4437 2396 4491 Benedictus
2453 4438 2706 4493 Dominus
2754 4440 2892 4495 Deus
2942 4439 3130 4507 Israel,
3187 4446 3276 4509 qui
3326 4445 3455 4516 fari!

1891 4530 2162 4583 mirabilia
2220 4533 2383 4586 solus.
2435 4531 2728 4602 Postquam
2786 4537 3062 4589 recensuit
3121 4539 3304 4591 omnia
3335 4555 3456 4607 qua:

1893 4634 2132 4692 tempore
2175 4626 2497 4680 meonomire
2529 4627 2784 4682 beneﬁcia
2855 4630 3144 4697 terrigenis
3189 4633 3453 4697 conferet,

1893 4715 2153 4784 hymnum
2188 4717 2344 4770 offert
2374 4717 2506 4780 Deo,
2568 4720 2718 4773 aiens
2750 4737 2871 4772 eum
2903 4737 3024 4775 esse
3065 4713 3237 4776 Deum
3270 4725 3452 4788 Israel,

1891 4808 1982 4874 qui
2010 4808 2159 4860 solus
2190 4811 2362 4876 potuit
2395 4812 2506 4864 hare
2532 4812 2801 4864 mirabilia
2827 4811 3024 4866 facere.
3094 4813 3225 4880 Quae
3283 4818 3451 4870 mira-

1893 4900 2042 4964 bilia,
2079 4900 2180 4953 nisi
2213 4901 2492 4956 destruere
2535 4904 2821 4972 imperium
2860 4905 3093 4967 Saluum.
3141 4918 3192 4963 et
3224 4910 3456 4964 liberare

1889 5007 1984 5047 eos
2016 4994 2108 5064 qui
2145 4994 2359 5049 insidiis
2387 5006 2714 5065 appetuntur
2744 5014 2771 5051 a
2803 4998 3109 5053 dmmonum
3135 5005 3455 5073 tyrannide!

1887 5083 2270 5138 Animadverte
2301 5102 2461 5154 porro
2497 5087 2626 5138 nihil
2661 5103 2849 5141 eorum
2883 5105 3002 5156 quze
3045 5091 3098 5142 in
3133 5093 3342 5159 psalmo
3371 5095 3453 5147 di-

1894 5187 2093 5230 cuntur
2130 5174 2404 5231 Salomoni
2439 5179 2624 5231 uxoris
2673 5178 2814 5234 Uria:
2865 5181 2976 5234 filio
3009 5185 3332 5238 eorirenire:
3366 5203 3454 5241 nc-

1895 5282 1999 5336 que
2024 5267 2151 5320 illud
2180 5284 2195 5321 :
2230 5269 2363 5321 Ante
2390 5267 2548 5321 solem
2579 5279 2847 5336 permanet
2887 5288 3068 5323 nomen
3100 5273 3249 5341 ejus;
3283 5292 3456 5342 neque

1894 5359 2060 5412 illud:
2093 5356 2280 5410 Omnes
2313 5369 2484 5429 gentes
2534 5363 2755 5413 servient
2809 5363 2893 5424 ei;
2958 5379 3170 5432 neque:
3208 5368 3340 5418 Ante
3376 5368 3454 5418 Iu-

1895 5467 2018 5504 nam
2058 5451 2109 5502 in
2135 5451 2518 5519 generationem
2551 5463 2598 5506 et
2622 5457 3028 5523 generationem.
3061 5455 3134 5510 Ex
3167 5460 3250 5511 nis
3277 5458 3452 5523 itaque

1896 5543 2151 5594 omnibus
2179 5543 2352 5611 palam
2379 5552 2463 5595 est
2494 5544 2559 5595 de
2595 5543 2824 5599 Domino
2847 5555 3036 5601 nostro
3073 5546 3205 5602 Jesu
3234 5545 3452 5604 Christo

1898 5635 2096 5689 dictum
2132 5633 2301 5689 fuisse
2325 5636 2590 5704 psalmum
