4070 6472
615 380 722 436 527

606 768 846 823 Baltttare
869 771 986 838 ejus
1021 787 1218 824 nomen
1267 772 1442 826 edocti
1469 789 1680 828 sumus.

818 861 868 916 1.
894 861 1208 929 Defeceruut
1243 862 1422 915 laudes
1452 863 1624 917 David
1646 864 1746 930 ﬁlii
1771 862 1958 918 Iesse.

966 950 1307 1006 PSALJIUS
1331 954 1529 1022 Asaplt.
1561 952 1806 1009 LXXII.

1192 1046 1592 1116 Argumentum.

602 1129 658 1186 ln
702 1132 807 1188 hoc
848 1134 1059 1204 psalmo
1095 1147 1279 1191 narrat
1312 1153 1478 1207 quam
1507 1139 1616 1193 sint
1644 1138 1878 1207 impares
1925 1137 2173 1193 homines

669 1227 737 1281 ad
760 1229 1018 1296 capienda
1037 1228 1129 1283 Dei
1151 1230 1380 1300 judicia.
1409 1231 1525 1300 Ipsa
1546 1232 1692 1286 enim
1723 1230 1992 1300 profunda
2017 1240 2146 1287 sunt

674 1319 1050 1375 inscrutabilia
1104 1337 1168 1376 ac
1214 1338 1443 1392 prorsus
1497 1324 2148 1393 incomprehensibilia“

673 1411 774 1478 Qui
819 1428 982 1482 porro
1028 1414 1282 1484 ignorant
1330 1416 1599 1486 cujusque
1634 1418 1957 1472 meonomia:
2005 1419 2173 1471 ratio-

670 1519 788 1569 nes,
819 1505 871 1557 in
916 1505 1184 1560 absurdas
1235 1508 1594 1577 cogitationes
1644 1508 1910 1563 incidunt.
1971 1509 2171 1575 Quam-

664 1596 848 1651 obrem
875 1599 1169 1667 propositis
1205 1599 1382 1668 primo
1433 1600 2170 1671 ejusmodicogitationibus.

663 1703 786 1756 qua:
818 1703 1042 1758 propter
1073 1691 1447 1759 improborum
1509 1691 1793 1746 hominum
1854 1691 2167 1748 felicitatem

663 1778 1004 1845 acciderant;
1049 1796 1196 1844 nam,
1230 1779 1363 1834 Ecce
1403 1781 1504 1849 ipsi
1548 1793 1844 1848 peccatores
1898 1793 1948 1836 et
2001 1784 2168 1836 abun-

659 1870 878 1932 dantes;
909 1870 1068 1923 docet
1105 1880 1310 1939 postea,
1358 1871 1536 1941 qualis
1587 1872 1830 1942 ipsorum
1876 1873 2164 1942 impiorum
2202 1887 2241 1940 Β

656 1960 781 2013 ﬁnis
812 1960 1030 2014 futurus
1055 1962 1157 2026 sit;
1186 1969 1243 2014 ut
1269 1977 1331 2016 ea
1353 1964 1638 2033 perspicue
1678 1965 1878 2030 edocti,
1915 1980 2023 2019 non
2052 1981 2167 2017 mo-

664 2053 797 2106 leste
839 2052 1100 2116 feramus,
1140 2069 1317 2122 neque
1346 2055 1495 2108 anxii
1520 2056 1694 2111 simus
1714 2058 1785 2112 ob
1831 2057 2168 2127 inaequalita-

664 2151 769 2196 tem
797 2158 978 2196 rerum
1002 2142 1165 2212 hujus
1206 2144 1353 2198 vitae.

659 2319 711 2371 2.
744 2320 916 2384 Quam
970 2319 1132 2374 bonus
1174 2320 1349 2376 Israei
1391 2323 1529 2377 Deus
1588 2325 1668 2379 his
1727 2326 1818 2392 qui
1859 2335 1999 2377 recto
2042 2333 2166 2376 sunt

589 2411 784 2464 corde!
810 2409 1144 2466 Narraturus
1169 2414 1587 2482 prosperitatem
1637 2415 1922 2468 hominum
1970 2415 2024 2468 in
2063 2415 2165 2467 im-

589 2503 796 2572 pietate
824 2502 1160 2570 degentium,
1193 2513 1248 2556 et
1277 2505 1534 2557 acerbum
1572 2505 1704 2573 ipsis
1764 2516 1952 2574 postea
1995 2521 2158 2574 para—

589 2605 703 2649 tum
733 2595 1058 2664 supplicium
1085 2613 1097 2660 ;
1133 2597 1411 2664 praemittit
1437 2598 1760 2662 illud,rectis
1777 2600 1941 2654 corde
1959 2601 2159 2655 bonum

591 2702 715 2743 esse
758 2687 948 2749 Deum,
987 2697 1041 2740 ut
1073 2698 1409 2757 cognoscant
1442 2690 1534 2759 qui
1576 2690 1793 2759 pietatis
1828 2692 1931 2746 sibi
1981 2703 2161 2760 partes

586 2789 900 2845 assumunt,
934 2781 1067 2835 solis
1101 2782 1267 2836 rectis
1299 2782 1460 2836 corde
1529 2782 1698 2836 Deum
1757 2783 2006 2838 futurum
2041 2801 2161 2840 esse

586 2871 814 2938 bonum,
845 2871 938 2927 sed
994 2886 1102 2925 non
1134 2871 1201 2927 iis
1245 2873 1340 2940 qui
1389 2873 1632 2940 improbe
1686 2883 1932 2942 peccant.
1979 2875 2162 2943 itaque

587 2963 802 3017 etiamsi
857 2962 1142 3015 videantur
1185 2977 1442 3032 prospere
1498 2979 1696 3033 agere,
1749 2965 1946 3035 inquit,
1998 2981 2159 3019 nemo

586 3053 1044 3116 turbetur,secum
1067 3062 1323 3123 reputans
1347 3065 1610 3125 quantum
1632 3056 1754 3112 illos
1777 3059 1941 3127 paulo
1969 3067 2157 3128 postea

587 3143 913 3212 supplicium
948 3152 1248 3212 exspectet.

661 3327 789 3401 [Mei
813 3339 991 3383 autem
1028 3346 1154 3399 pene
1195 3331 1324 3383 moti
1356 3339 1478 3384 sunt
1507 3331 1684 3399 pedes.
1733 3330 1932 3387 Narrat
1968 3335 2163 3405 hujus-

586 3421 734 3475 modi
762 3430 990 3475 mortem
1042 3421 1148 3490 piis
1199 3421 1330 3476 viris
1358 3421 1696 3492 contingere,
1752 3433 1811 3478 ut
1847 3424 1894 3478 si
1923 3427 2044 3495 quis
2071 3443 2158 3481 ro-

585 3523 746 3583 getur
769 3529 838 3567 an
868 3514 992 3567 velit
1014 3514 1173 3566 talem
1233 3524 1465 3569 mortem
1493 3515 1671 3581 obire,
1720 3517 2040 3588 neutiquam
2066 3518 2161 3572 ab-

586 3615 739 3659 nuat.
765 3606 783 3677 j

656 3698 764 3752 3-5.
795 3697 931 3763 Quia
957 3697 1121 3751 zelavi
1149 3714 1307 3766 super
1330 3698 1558 3769 iniquos,
1598 3715 1781 3768 pacem
1821 3713 2157 3771 peccatorum

583 3789 784 3856 videns,
814 3798 919 3844 etc.
950 3789 1185 3843 Enarrat
1218 3804 1282 3844 ea
1326 3805 1449 3859 qua:
1485 3789 1587 3860 ipsi
1640 3792 1839 3845 mentis
1869 3795 2155 3860 perturba-

584 3882 787 3934 tionem
821 3881 1084 3934 excitant.
1125 3879 1247 3934 Haec
1275 3891 1454 3934 autem
1503 3892 1666 3940 sunt.
1698 3883 1956 3951 primum,
2011 3887 2158 3954 quod

592 3970 648 4023 in
681 3972 788 4024 alta
819 3986 951 4040 pace
983 3972 1133 4040 impii
1159 3972 1390 4041 degant;
1455 3972 1714 4037 secundo,
1757 3975 1902 4042 quod
1953 3990 2047 4043 per
2076 3987 2158 4030 to-

585 4069 696 4114 tam
729 4061 894 4116 vitam
923 4076 1183 4131 prospere
1206 4069 1407 4132 agant;
1437 4061 1510 4116 ita
1545 4071 1604 4116 ut
1643 4064 1708 4116 ad
1729 4075 1958 4119 mortem
1979 4082 2153 4136 usque

589 4153 828 4210 felicitas
894 4155 1242 4218 extendatur,
1301 4161 1358 4209 et
1417 4154 1523 4207 tale
1550 4169 1721 4223 genus
1761 4157 1951 4212 mortis
2005 4158 2156 4229 impii

584 4247 837 4310 subeant,
873 4246 1032 4314 quale
1056 4260 1218 4299 nemo
1246 4244 1431 4299 subire
1452 4245 1657 4298 abnuat
1678 4246 1723 4298 si
1759 4247 1883 4315 quis
1917 4263 2040 4302 eum
2069 4265 2157 4302 ro-

584 4346 692 4406 get,
727 4353 796 4390 an
818 4337 947 4390 velit
1015 4337 1327 4406 hujusmodi
1388 4346 1619 4392 mortem
1674 4338 1845 4391 obire.
1892 4339 1969 4392 Ad
2013 4341 2154 4406 haec,

585 4427 730 4494 quod
763 4427 808 4482 si
839 4443 948 4497 qua
973 4427 1107 4496 ipsis
1132 4437 1348 4496 propter
1376 4438 1657 4498 peccatum
1696 4427 1910 4497 punitio
1946 4428 2156 4498 inﬂiga-

587 4531 696 4588 tur,
719 4537 826 4592 qua
867 4523 933 4574 ad
964 4521 1379 4575 conversionem
1420 4529 1767 4586 revocentur,
1828 4535 1892 4574 ea
1941 4537 2050 4575 non
2085 4523 2156 4576 sit

585 4610 785 4675 gravis,
807 4611 900 4664 sed
936 4610 1070 4663 levis
1094 4619 1148 4664 et
1176 4609 1496 4663 tolerabilis.
1528 4610 1704 4678 Super
1755 4609 1840 4664 his
1870 4611 2151 4673 omnibus,

585 4707 726 4774 quod
753 4703 1149 4756 uonhumanos
1173 4702 1385 4756 labores
1415 4702 1790 4772 experiantur,
1823 4718 1922 4756 nve
1951 4703 2153 4756 diurno

585 4804 797 4867 quaestu
822 4805 1012 4865 egeant
1060 4810 1159 4864 pro
1207 4795 1467 4864 parandis
1525 4794 1818 4848 alimentis.
1866 4793 1963 4848 Hic
2005 4795 2149 4848 enim

584 4890 741 4943 labor
771 4902 1052 4950 manuum,
1089 4886 1282 4956 ﬂagelli
1311 4897 1366 4941 et
1409 4887 1709 4957 punitionis
1746 4885 1866 4940 loco
1912 4887 2152 4940 homini-

586 4979 690 5037 bus
718 4979 1036 5048 imponitur.

654 5147 708 5201 6.
747 5145 872 5200 Ideo
906 5147 1070 5200 tenuit
1101 5163 1187 5200 eos
1216 5146 1484 5215 superbia,
1519 5154 1573 5199 et
1603 5154 1819 5200 caetera.
1854 5144 1994 5211 Quia
2027 5160 2149 5200 om-

586 5241 747 5293 nibus
774 5237 1029 5292 fruuntur
1052 5238 1230 5305 bouis,
1256 5238 1405 5291 nullo
1433 5237 1609 5292 allecti
1655 5236 1820 5302 malo,
1854 5239 1977 5293 Ideo
2010 5238 2151 5290 into-

584 5329 951 5383 lerantissime
975 5329 1318 5398 superbiunt,
1347 5337 1513 5396 atque
1561 5329 1636 5382 ita
1691 5327 1866 5396 iniqui
1917 5340 1967 5381 et
1995 5327 2148 5396 impii

585 5421 839 5482 evadunt,
871 5427 930 5472 ut
959 5419 1209 5488 impietas
1238 5434 1427 5472 eorum
1447 5434 1544 5472 ceu
1571 5418 1789 5488 pinguis
1805 5419 2036 5473 etobesa
2056 5420 2145 5474 sit.

1467 384 1524 438 S.
1566 385 1936 440 ATHANASH
1987 383 2136 439 ΟΡΡ.
2179 383 2358 437 PARS
2394 383 2480 438 lli.
2524 384 3008 440 —-EXEGETICA.

692 492 758 546 Et
791 494 1115 550 benedictum
1147 499 1340 550 nomen
1363 496 1942 567 gluriw.Quamobrem
1980 512 2078 566 par
2094 507 2173 550 rst
2207 511 2249 564 Α

605 597 730 636 eum
751 599 916 654 super
941 587 1120 640 omnia
1153 586 1370 658 hymnis
1417 589 1712 643 celebrare.
1754 588 1984 642 Etiamsi
2027 589 2173 641 enim

605 675 723 744 ejus
746 687 1016 740 naturam,
1052 689 1236 748 utpote
1265 681 1720 749 inaccessibilem,
1743 682 2079 752 ignoramus,
2125 689 2180 734 at

3757 389 3860 444 328

2351 493 2458 548 Καὶ
2482 495 2893 564 εὐλογημένοι·
2911 497 2977 548 τὸ
3007 497 3191 565 ὄνομα
3221 497 3323 565 τῆς
3347 498 3553 564 δόξης.
3577 499 3668 553 Διὸ
3697 519 3863 573 προσ-

2282 590 2399 659 ήκει
2435 589 2582 657 παρά
2617 590 2831 642 πάντων
2864 588 3025 641 αὐτὸν
3072 590 3379 659 ὑμνεῖσθαι.
3412 592 3475 644 El
3501 592 3609 664 γάρ
3636 595 3730 648 καὶ
3761 597 3862 669 τὴν

2282 677 2441 746 φύσιν
2466 677 2629 730 αὑτοῦ
2666 677 2740 740 ὡς
2771 678 3058 746 ἀνέφικτον
3088 679 3408 750 ἀγνοοῦμεν,
3436 682 3570 736 ἀλλά
3594 685 3656 738 τὸ
3685 690 3864 757 σωτή-

2282 785 2394 839 ριον
2427 769 2591 820 αὐτοῦ
2623 768 2978 839 ἐδιδάχθημεν
3012 771 3200 841 ὄνομα.

2379 860 2692 924 Ἑξέλιπον
2712 864 2764 913 οι
2791 862 2963 930 ὕμνοι
2995 863 3177 916 Δαυῒὸ
3209 864 3313 918 τοῦ
3339 867 3471 920 υΙοῦ
3512 867 3761 925 Ἰεσσαί.

2650 956 2798 1010 ΨΑΛ
2821 960 2958 1009 ιᾼΟΣ
2991 955 3070 1020 τῷ
3107 957 3310 1026 Ἀσάφ.
3349 963 3475 1012 ΟΒ¹.

2908 1049 3232 1114 Ὑπόθεσις.

2289 1133 2374 1187 Ἐν
2398 1135 2568 1206 τούτῳ
2597 1139 2671 1208 τῷ
2694 1138 2893 1211 ψαλμῷ
2918 1140 3017 1213 τὴν
3045 1143 3361 1213 ἀνωμαλίαν
3403 1142 3511 1196 τῶν
3551 1145 3854 1214 ἀνθρώπων

2346 1230 2410 1298 ῆν
2438 1228 2621 1298 ἔχουσι
2645 1233 2772 1302 περὶ
2794 1233 2860 1285 τὰ
2881 1232 2976 1286 τοῦ
3007 1232 3143 1286 Θεοῦ
3170 1234 3413 1305 κρίματα
3435 1235 3728 1306 ἐξηγεῖται.
3749 1240 3857 1292 Αὐ-

2345 1321 2414 1374 τὰ
2459 1321 2557 1392 μὲν
2598 1324 2706 1394 γάρ
2746 1325 2861 1376 ἐστι
2895 1325 3062 1395 βαθέα
3099 1343 3156 1379 τε
3191 1327 3284 1380 καὶ
3311 1327 3726 1400 ἀνεξερεύνητα,
3763 1333 3859 1385 καὶ

2344 1413 2721 1485 ἀκαταληψίας
2759 1416 2998 1486 γέμοντα
3047 1418 3276 1489 πολλῆς·
3310 1421 3358 1472 οἱ
3400 1419 3458 1472 δὲ
3490 1421 3616 1483 τοὺς
3664 1422 3858 1489 λόγους

2342 1506 2437 1576 τῆς
2471 1507 2528 1558 ὲν
2557 1508 2772 1578 ἑκάστῳ
2820 1509 3148 1578 γιγνομένης
3189 1511 3500 1580 οἰκονομίας
3536 1511 3647 1582 (54)
3690 1512 3858 1579 ἀγνο-

2342 1594 2527 1656 οῦντες
2569 1597 2647 1658 είς
2691 1597 3007 1666 ἀμηχάνους
3045 1598 3370 1650 ἐκπίπτουσι
3411 1597 3724 1667 λογισμούς.
3764 1598 3860 1652 Διῒ)

2339 1688 2423 1759 δὴ,
2451 1689 2712 1759 πρότερον
2739 1689 2936 1752 αὐτοὺς
2972 1690 3193 1759 προθεὶς
3227 1691 3358 1761 ἡμῖν
3387 1690 3513 1754 τοὺς
3538 1689 3852 1761 λογισμοὺς,

2342 1771 2486 1830 οὗτοι
2533 1777 2590 1830 δέ
2632 1772 2771 1848 ¹ἦσαν
2806 1778 2850 1828 οἱ
2896 1776 2985 1829 διά
3022 1776 3119 1847 τὴν
3146 1776 3452 1848 εὐπραγίαν
3491 1776 3600 1829 τῶν
3641 1776 3856 1830 ἀσεϐῶν

2341 1867 2640 1940 ἀνθρώπων
2691 1867 3206 1936 ἐπισυμϐαίνοντες·
3249 1867 3395 1922 Ἰδοὺ
3436 1866 3544 1939 γὰρ
3589 1870 3858 1935 ἀμαρτω-

2342 1962 2462 2023 λοὶ,
2499 1961 2652 2032 φησι,
2685 1960 2785 2013 καὶ
2817 1959 3236 2027 εὐθηνοῦντες,
3259 1959 3500 2013 διδάσκει
3529 1959 3664 2029 μετά
3694 1960 3856 2012 τοῦτο

2343 2054 2436 2106 καὶ
2472 2056 2620 2106 ποῖον
2653 2051 2830 2105 αὐτῶν
2850 2051 2956 2105 τῶν
2989 2051 3200 2103 ἀσεϐῶν
3221 2051 3372 2103 ἔσται
3395 2050 3456 2104 τὸ
3485 2051 3637 2114 τέλος
3658 2067 3670 2080 ·
3703 2052 3856 2114 ὅπως

2340 2142 2425 2206 ἂν,
2453 2143 2519 2196 τά
2551 2141 2774 2197 τοιαῦτα
2808 2143 3028 2212 γνόντες
3077 2140 3285 2210 σαφῶς,
3323 2141 3399 2212 μὴ
3445 2141 3740 2213 ἀπορῶμεν
3795 2143 3856 2195 ἐν

2339 2236 2455 2296 ταῖς
2492 2235 2827 2304 ἀνωμαλίαις
2850 2233 2956 2287 τῶν
2986 2237 3042 2287 ἐν
3068 2232 3203 2303 τῷδε
3233 2232 3310 2302 τῷ
3339 2232 3439 2303 βίῳ
3482 2234 3850 2304 πραγμάτων.

2349 2323 2442 2389 Ὠς
2479 2324 2698 2392 ἀγαθὸς
2739 2327 2770 2376 ὀ
2810 2323 2955 2388 Θεὸς
2991 2321 3070 2388 τῷ
3109 2321 3355 2388 Ἰσραὴλ
3396 2319 3519 2386 τοῖς
3549 2319 3751 2375 εὐθέσι
3776 2319 3852 2388 τῇ

2268 2415 2498 2484 καρδίᾳ.
2533 2415 2756 2468 Μέλλων
2794 2414 3094 2486 διηγεῖσθαι
3119 2415 3216 2485 τὴν
3263 2414 3370 2468 τῶν
3421 2415 3479 2465 ἐν
3521 2413 3746 2483 ἀσεϐείᾳ
3772 2413 3853 2466 δι-

2266 2507 2503 2576 αγόντων
2518 2505 2613 2560 ἀνθ
2623 2505 2817 2576 ρώπων
2833 2507 3119 2576 γινομένην
3136 2506 3452 2576 εὐημερίαν,
3477 2506 3570 2558 καὶ
3590 2505 3687 2576 τὴν
3711 2506 3853 2575 μετὰ

2263 2599 2436 2652 ταῦτα
2482 2599 2665 2660 αὐτοῖς
2708 2597 3078 2668 ἀποκειμένην
3109 2596 3330 2648 κόλασιν
3365 2595 3586 2666 πικρὰν,
3616 2597 3854 2663 προτάτ-

2263 2707 2343 2744 τει
2383 2690 2443 2742 τὸ
2471 2693 2582 2753 τοῖς
2610 2689 2824 2742 εὐθέσιν
2853 2687 3058 2756 ἀγαθὸν
3087 2685 3222 2742 εἶναι
3276 2687 3365 2739 τὸν
3409 2686 3569 2739 Θεόν·
3599 2687 3748 2749 ὅπως
3785 2688 3852 2738 ἂν

2263 2785 2438 2850 γνοῖεν
2485 2784 2534 2835 οἱ
2577 2783 2678 2852 τὴν
2722 2781 2920 2852 εὐσεϐῆ
2964 2780 3279 2850 αἱρούμενοι
3313 2780 3522 2852 μερίδα,
3548 2778 3622 2842 ὼς
3663 2780 3853 2848 μόνοις

2261 2876 2368 2938 τοῖς
2408 2873 2590 2926 εὐθέσι
2631 2877 2698 2945 τῇ
2755 2874 2953 2944 καρδίᾳ
2984 2873 3135 2925 ἔσται
3168 2871 3371 2940 ἀγαθὸς
3398 2873 3426 2924 ό
3459 2872 3619 2934 Θεός·
3645 2872 3707 2923 οὐ
3742 2872 3854 2942 μὴν

2263 2961 2341 3013 ἔτι
2373 2964 2605 3025 καὶτοῖς
2637 2962 2946 3032 φαυλότατα
2993 2962 3612 3032 ἀμαρτάνουσιν.”Ωστε,
3659 2963 3708 3013 εί
3753 2962 3854 3012 καὶ

2261 3052 2510 3105 δοκοῦσιν
2559 3055 2868 3123 εὐημερεῖν,
2920 3055 3075 3123 φησι,
3120 3052 3472 3123 ταραττέσθω
3523 3053 3732 3123 μηδεὶς,
3789 3052 3854 3105 τὸ

2265 3143 2458 3214 μικρὸν
2490 3143 2715 3214 ὓστερον
2742 3144 2937 3205 αὐτοὺς
2967 3141 3314 3212 ἐκδεξάμενον
3361 3142 3717 3213 κολαστήριον
3759 3144 3852 3194 ἐν-

2188 3222 2229 3278 C
2265 3235 2419 3288 νοῶν.

2336 3321 2548 3394 [Ἐμοῦ
2571 3323 2638 3376 δὲ
2661 3323 2821 3390 παρὰ
2839 3319 3056 3391 μικρὸν
3090 3321 3516 3389 ἐσαλεύθησαν
3554 3325 3608 3373 ol
3641 3321 3848 3388 πόδες.

2264 3415 2544 3483 Διηγείται
2567 3414 2807 3466 τοιοῦτον
2835 3414 2960 3475 τοὺς
2985 3411 3228 3475 εὐσεϐεῖς
3252 3413 3542 3482 ὑπομένειν
3568 3412 3658 3464 τὸν
3682 3413 3849 3465 θάναη

2261 3521 2373 3570 τον,
2405 3506 2480 3569 ὡς
2514 3508 2586 3577 μή
2622 3522 2744 3559 τινα
2775 3503 3058 3558 ἀνανεύειν
3082 3505 3217 3569 εἴτις
3243 3505 3402 3557 αὐτὸν
3428 3504 3624 3576 ἔροιτο,
3649 3505 3699 3557 εί
3727 3505 3851 3575 βοί-

2262 3599 2402 3651 λοιτο
2435 3599 2676 3652 τοιούτου
2713 3598 2941 3651 θανάτου
2979 3597 3208 3670 τυχεῖν.]

2336 3692 2461 3744 Ὀτι
2493 3689 2761 3756 ἐζήλωσα
2789 3691 2888 3742 ἐπὶ
2923 3690 3046 3755 τοῖς
3081 3690 3346 3758 ἀνέμοις,
3371 3687 3622 3756 εἰρήνην
3663 3689 3850 3757 ἀμαρ-

2260 3784 2464 3838 τωλῶν
2487 3784 2660 3852 ὀρῶν,
2696 3800 2750 3840 κ.
2784 3803 2832 3837 τ.
2862 3783 2910 3838 λ.
2931 3785 3010 3838 Τά
3036 3783 3126 3835 τὸν
3149 3783 3333 3835 κλόνον
3364 3780 3514 3850 αὐτῷ
3543 3781 3848 3850 ποιήσαντα

2259 3876 2358 3946 τῆς
2383 3875 2558 3947 ψυχῆς
2576 3877 2888 3945 ἀφηγεῖται.
2910 3874 3092 3926 Ταῦτα
3114 3874 3169 3926 δέ
3187 3875 3323 3938 ἐστι,
3345 3873 3405 3925 τὸ
3427 3870 3643 3943 πρῶτον
3665 3872 3762 3942 μὲν
3790 3878 3851 3926 ἐν

2258 3969 2446 4038 εἰρήνῃ
2486 3968 2680 4029 αὐτοὺς
2723 3965 2912 4037 βαθείᾳ
2958 3965 3253 4018 διατελεῖν
3307 3964 3498 4017 ἔπειτα
3549 3964 3849 4030 διαπαντὸς

2257 4059 2548 4128 εὐημερεῖν
2573 4057 2664 4110 τοῦ
2701 4058 2838 4127 βίου,
2871 4057 2945 4119 ὡς
2992 4057 3085 4108 καὶ
3145 4056 3306 4127 μέχρι
3345 4055 3574 4109 θανάτου
3622 4057 3724 4126 τὴν
3755 4057 3849 4109 εὐ·

2257 4149 2492 4220 ημερίαν
2540 4147 2993 4208 συνεκτείνεσθαι,
3039 4147 3132 4199 καὶ
3172 4146 3409 4199 τοιοῦτον
3457 4148 3583 4210 τοὺς
3625 4145 3844 4210 ἀσεϐεῖς

2257 4243 2545 4313 ὑπομένειν
2581 4241 2764 4304 αὐτὸν,
2792 4238 2866 4302 ὡς
2899 4239 2971 4310 μή
3012 4255 3132 4292 τινα
3178 4237 3460 4292 ἀνανεύειν
3492 4237 3652 4301 εἴτις
3678 4240 3845 4292 αὐτ³.ν

2256 4333 2451 4405 ἔροιτο,
2475 4336 2522 4385 εί
2552 4331 2795 4403 βούλοιτο
2815 4331 2907 4384 τοῦ
2933 4330 3174 4384 τοιούτου
3197 4331 3427 4383 θανάτου
3455 4333 3636 4400 τυχεῖν
3657 4345 3674 4362 ·
3703 4330 3845 4402 πρὸς

2253 4427 2311 4480 δὲ
2343 4428 2500 4479 τοῦτο
2545 4427 2638 4479 καὶ
2689 4425 2738 4477 εί
2788 4423 2897 4494 ἀρα
2927 4422 3125 4492 συνέϐη
3160 4422 3252 4474 ἐπὶ
3281 4425 3347 4494 τῇ
3381 4421 3626 4493 ἁμαρτίᾳ
3659 4421 3844 4475 αὐτῶν

2261 4517 2455 4590 μάστιξ
2485 4514 2896 4588 ἐπιστρεπτικὴ,
2919 4513 3126 4584 ταύτην
3152 4514 3226 4585 μὴ
3253 4510 3390 4568 εἶναι
3416 4515 3682 4586 χαλεπὴν,
3725 4513 3843 4567 ἀλλ’

2257 4611 2495 4681 ἐλαφράν
2527 4627 2585 4662 τε
2615 4611 2708 4663 καὶ
2744 4607 3249 4678 εὐπαρακόμιστον·
3283 4609 3369 4677 ἐφ’
3399 4610 3569 4662 ἅπασι
3616 4608 3674 4662 δέ
3715 4609 3846 4662 τού-

2255 4719 2366 4764 τοις
2415 4701 2474 4753 co
2522 4701 2596 4772 μὴ
2640 4700 2748 4752 τῶν
2787 4701 3144 4770 ἀνθρωπίνων
3200 4700 3595 4753 συναπολαύειν
3633 4699 3841 4761 κόπων¹

2259 4793 2392 4864 μηδὲ
2419 4792 2634 4845 δέεσθαι
2677 4791 2775 4861 τῆς
2811 4790 2936 4844 καθ’
2965 4791 3179 4862 ἡμέραν
3214 4791 3476 4860 ἐργασίας
3507 4791 3587 4852 εἰς
3621 4789 3843 4861 διατροο

2256 4883 2358 4954 φὴν
2387 4882 2697 4951 ἀναγκαίων
2721 4882 2957 4952 τροφῶν.
2991 4878 3157 4945 Οὗτος
3199 4883 3307 4952 γὰρ
3347 4881 3527 4935 αὐτῶν
3557 4884 3585 4934 ό
3607 4881 3696 4934 διὰ
3725 4899 3842 4951 χει-

2256 4971 2366 5043 ρῶν
2391 4971 2556 5034 κόπος
2586 4967 2696 5024 οἷον
2737 4972 2857 5025 ἀντὶ
2898 4972 3178 5042 μαστίγων
3212 4974 3324 5032 τοῖς
3355 4969 3662 5043 ἀνθρώποις
3691 4971 3841 5022 δέδο-

2263 5081 2370 5117 ται.

2331 5149 2430 5202 Διά
2456 5149 2631 5202 τοῦτο
2659 5150 2992 5219 ἐκράτησεν
3015 5151 3239 5217 αὐτοὺς
3272 5152 3309 5219 ή
3335 5153 3735 5221 ὑπερηφανία,
3763 5153 3841 5213 εἰς

2261 5241 2433 5304 τέλος.
2466 5240 2681 5314 Ἐπειδὴ
2714 5245 2930 5297 πάντων
2963 5245 3060 5314 μὲν
3091 5243 3423 5298 ἀπολαύουσι
3454 5245 3561 5297 τῶν
3591 5243 3837 5312 ἀγαθῶν,

2259 5334 2426 5387 κακοῦ
2454 5335 2510 5387 δὲ
2535 5335 2768 5400 οὐδενὸς,
2804 5336 2995 5389 τούτου
3041 5337 3198 5408 χάριν
3238 5335 3511 5408 περισσῶς
3545 5337 3838 5407 ἐπετήδευ-

2258 5440 2354 5476 σαν
2382 5425 2480 5496 τὴν
2513 5425 2894 5496 ὑπερηφανίαν
2913 5443 2925 5454 ·
2964 5426 3086 5495 ἥτις
3125 5427 3219 5480 καὶ
3255 5427 3472 5490 ἀδίκους
3503 5427 3597 5479 καὶ
3622 5427 3837 5490 ἀσεϐεῖς

583 5514 777 5577 αὐτοὺς
823 5511 1133 5577 ἀπετέλεσε,
1164 5510 1256 5565 καὶ
1298 5511 1389 5562 ἐπὶ
1440 5510 1712 5576 τοσοῦτον,
1762 5510 1836 5575 ὡς
1894 5510 1988 5563 καὶ
2047 5510 2144 5575 τὰς
2178 5513 2431 5580 ἀσεϐείας
2456 5517 2634 5570 αὐτῶν
2669 5519 2857 5588 παχεῖς
2881 5513 3015 5571 εἶναι
3049 5520 3142 5572 καὶ
3163 5518 3324 5572 οἱονεὶ
3348 5518 3658 5590 εὐτραφεῖς.

683 5603 729 5633 ⁷⁸
763 5602 922 5657 Rom.
954 5617 1028 5665 xl,
1069 5601 1157 5657 35.

658 5719 936 5796 (alyn;
957 5719 1229 5788 οἰκονομία
1280 5734 1420 5792 saepe
1469 5733 1565 5787 pro
1609 5718 1982 5772 im-arn:-.n-.-i.e
2030 5735 2127 5771 usu
2168 5722 2327 5777 venit.
2367 5723 2648 5794 V'ulgatius
2673 5731 2852 5779 autem
2887 5724 3156 5796 signiﬁcat
3184 5733 3350 5780 totam
3406 5720 3604 5777 seriem
3665 5720 3835 5776 actio-

587 5807 715 5847 num
739 5790 961 5846 Christi.
