4070 6454
631 397 727 450 551

1465 385 1518 436 S.
1562 379 1931 435 ATHANASII
1974 377 2123 430 OPP.
2169 373 2346 429 PARS
2389 372 2477 425 111.
2518 400 2582 410 --
2623 363 3034 420 EXEGETICA.

3765 360 3868 411 532

632 521 754 559 cum
797 517 859 557 ea
893 502 999 557 sint
1051 496 1319 568 profunda
1370 505 1423 549 et
1487 491 1878 545 inscrulabilia.
1922 490 2242 544 Caeterum!

2328 482 2499 534 αθέων
2545 480 2710 531 ὄντων
2753 477 2843 528 καὶ
2878 474 3334 543 ἁνεξερευνήτων.
3373 472 3514 541 ιίλὴν
3552 471 3644 524 τὸν
3682 470 3871 524 δέοντα

632 605 993 664 opportunum
1027 594 1159 646 mihi
1201 591 1264 644 ad
1291 604 1406 642 eam
1466 584 1828 655 cognitionem
1855 594 2064 648 tempus
2102 595 2187 632 as—

634 686 870 757 signari:
900 693 980 739 est
1001 697 1179 738 autem
1234 680 1382 744 illud,
1414 688 1626 746 tempus
1673 673 1839 728 divini
1877 671 2188 731 tribunalis,

634 778 849 846 quando
874 776 1062 830 reddes
1117 774 1406 840 unicuique
1459 767 1756 822 secundum
1805 779 1965 829 opera
2002 763 2188 816 sua”.

706 870 794 932 18,
828 867 1297 924 19.Verumtamen
1320 871 1528 932 prapter
1549 860 1694 912 dolos
1733 857 1953 925 posuisti
1981 855 2054 907 eis
2084 869 2194 904 mu—

636 965 708 1024 ta,
731 971 832 1016 etc.
860 959 990 1029 Ego,
1016 958 1209 1026 inquit,
1227 962 1592 1025 Opportunum
1617 949 1751 1003 mihi
1785 947 1851 1000 ad
1884 955 2192 998 accuratam

638 1067 821 1106 carum
859 1066 1039 1104 rerum
1097 1048 1462 1117 cognitionem
1520 1040 1789 1110 assignavi
1836 1037 2076 1090 futurum
2116 1036 2192 1086 vi-

637 1145 831 1198 delicet
879 1154 1122 1212 tempus;
1160 1156 1222 1193 ac
1255 1136 1568 1207 prophetico
1605 1132 1799 1203 spiritu
1855 1130 2032 1183 futura
2062 1143 2197 1196 prae-

639 1252 872 1291 noscens
956 1235 1078 1288 dico
1155 1231 1373 1284 dolosos
1477 1240 1656 1280 mores
1753 1221 2196 1293 gravissimorum

642 1331 774 1400 ipsis
809 1325 1196 1395 suppliciorum
1226 1323 1278 1375 in
1330 1335 1491 1374 causa
1525 1317 1753 1371 futuros.
1799 1313 1913 1365 Erit
1965 1324 2200 1378 namque

643 1423 748 1475 illis
769 1417 1026 1474 exaltalio
1088 1418 1140 1468 in
1194 1414 1425 1466 ruinam.
1478 1410 1652 1479 Atque
1704 1405 1867 1474 hujus
1902 1404 2025 1456 vitae
2059 1401 2200 1454 divi-

643 1515 729 1567 tia:
761 1510 981 1583 perinde
1035 1508 1143 1562 illis
1168 1505 1576 1576 iudicabuntur,
1607 1512 1769 1568 atque
1805 1495 2201 1550 somniantium

641 1607 790 1668 visa,
834 1601 1016 1657 inania
1067 1609 1120 1654 et
1171 1598 1361 1652 umbra
1407 1598 1524 1666 ipsa
1566 1593 1886 1647 inlirmiora.

707 1695 796 1749 ‘20.
839 1694 901 1746 Et
919 1694 972 1745 in
1011 1692 1216 1744 civitate
1275 1699 1364 1742 tua
1416 1688 1696 1756 imaginem
1740 1681 1972 1751 ipsorum
2029 1677 2096 1730 ad
2125 1677 2206 1728 ni-

645 1788 810 1841 hilum
839 1785 1058 1853 rediges.
1087 1780 1292 1836 Civitas
1320 1777 1528 1832 Domini
1566 1791 1800 1845 superna
1857 1782 1941 1826 est
1994 1768 2208 1822 Jerusa-

639 1881 774 1943 lem,
813 1876 1092 1944 imaginem
1139 1872 1392 1940 ipsorum,
1444 1869 1496 1922 id
1548 1877 1651 1931 est,
1709 1863 1930 1919 terreni.
1973 1858 2097 1914 Haec
2128 1869 2210 1913 est
2243 1841 2280 1893 Β

646 1986 826 2030 autem
856 1970 1145 2029 sententia.
1201 1961 1673 2032 Quandoquidem,
1707 1960 1804 2020 ait,
1839 1955 2038 2008 terreni
2071 1953 2208 2004 ima-

649 2071 826 2138 ginem
855 2072 1157 2136 gestarant,
1190 2067 1242 2113 et
1270 2072 1374 2110 non
1400 2053 1636 2108 cmlestis
1655 2049 1860 2113 ",ideo
1884 2045 1947 2098 ad
1980 2043 2210 2097 nihilum

652 2161 979 2229 redigentur,
999 2154 1220 2209 audient
1239 2151 1384 2205 enim
1408 2162 1473 2200 eo
1491 2156 1733 2212 tempore
1757 2157 1771 2194 :
1798 2137 1990 2192 Nescio
2019 2153 2105 2189 vos
2130 2133 2210 2197 '7;

653 2259 839 2321 utpote
871 2248 963 2317 qui
1014 2261 1122 2299 non
1148 2251 1338 2312 gerant
1371 2236 1605 2293 caelestis
1641 2232 1949 2303 imaginem.

737 2420 914 2475 21-24.
972 2416 1109 2483 Quia
1138 2416 1526 2482 inﬂammatum
1555 2420 1630 2460 est
1677 2421 1765 2457 cor
1797 2419 1964 2455 nicum
1988 2410 2035 2452 et
2072 2415 2215 2451 renes

658 2513 754 2563 mei
779 2507 1082 2563 commutati
1103 2513 1242 2565 sunt,
1269 2513 1316 2552 ct
1347 2516 1436 2567 ego
1457 2499 1522 2549 ad
1556 2496 1778 2549 nihilum
1812 2491 2051 2543 redactus
2079 2505 2216 2550 sum,

659 2614 701 2652 rt
729 2600 942 2661 nescivi,
969 2606 1076 2650 ctc.
1132 2593 1401 2657 Quoniam
1443 2588 1552 2641 zelo
1592 2586 1792 2637 aetatu:
1828 2599 1943 2634 sum
1980 2597 2071 2649 pro
2107 2579 2217 2631 Do-

657 2693 801 2745 mino
835 2690 903 2754 ⁷⁸,
932 2689 1003 2742 ita
1033 2697 1089 2739 ut
1123 2699 1280 2740 renes
1323 2682 1424 2736 mei
1487 2681 1841 2748 implerentur
1883 2675 1998 2727 zelo
2054 2670 2214 2740 ignis,

659 2784 778 2836 ideo
802 2782 993 2851 dignus
1040 2777 1254 2830 habitus
1306 2786 1426 2828 sum
1489 2771 1580 2839 qui
1613 2767 1973 2826 illuminarer,
2021 2770 2072 2813 et
2125 2774 2219 2811 co-

661 2888 973 2946 gnoscerem
1002 2886 1120 2939 qua:
1156 2869 1209 2921 in
1268 2866 1484 2919 civitate
1543 2871 1631 2913 tua
1686 2866 1973 2926 geruntur,
2016 2860 2068 2904 et
2104 2864 2223 2919 qua:

660 2940 949 3030 imaginem
1001 2958 1290 3025 impiorum
1346 2960 1613 3018 spectant.
1670 2945 1773 3000 Sed
1813 2955 1971 2998 antea
2037 2953 2091 2995 ut
2134 2940 2222 3009 ju-

666 3062 904 3106 mentum
936 3048 1196 3116 insipiens
1227 3045 1334 3097 vixi
1372 3044 1438 3104 ⁷³,
1479 3056 1600 3094 cum
1634 3055 1739 3092 non
1781 3050 1996 3106 possem
2028 3033 2226 3087 divina).

668 3142 1019 3216 providentia:
1046 3139 1284 3193 rationes
1341 3137 1624 3204 attingere.
1661 3133 1908 3183 Attamen
1947 3141 2052 3179 non
2106 3140 2135 3176 τι
2177 3131 2226 3175 te
2254 3171 2294 3224 ϐ

663 3237 807 3291 Deus
842 3249 1012 3297 meus,
1045 3231 1340 3286 derelictus
1365 3243 1484 3282 sum
1507 3268 1519 3291 ,
1554 3239 1729 3292 neque
1766 3219 1944 3275 excidi
1978 3232 2071 3285 spe
2099 3229 2226 3282 erga

669 3338 720 3383 te
751 3342 893 3389 mea,
917 3326 1008 3379 sed
1033 3339 1232 3391 semper
1259 3331 1424 3374 tecum
1456 3334 1627 3371 eram.
1657 3318 1820 3384 ldqne
1854 3329 1959 3367 non
1983 3327 2097 3364 mea
2127 3311 2229 3362 vir-

671 3430 802 3482 tute,
839 3417 931 3470 sed
963 3431 1028 3469 ex
1063 3424 1152 3467 tua
1186 3411 1354 3481 gratia
1392 3409 1564 3463 eﬂeci.
1593 3408 1674 3461 Tu
1705 3407 1848 3460 enim
1887 3406 2001 3472 ipse
2032 3420 2094 3456 ex
2123 3402 2231 3455 cle-

673 3502 870 3556 mentia
901 3511 991 3554 tua
1025 3512 1196 3552 meam
1243 3497 1520 3549 dexteram
1572 3492 2007 3562 apprehendens,
2055 3490 2230 3542 tenui-

671 3594 738 3648 sti
798 3608 863 3647 ne
896 3597 1217 3646 moveantur
1251 3588 1472 3654 vestigia
1508 3599 1649 3648 mea,
1700 3599 1876 3651 neque
1922 3579 2086 3649 pedes
2127 3579 2230 3632 mei

672 3692 880 3746 nutent,
927 3696 1028 3736 nec
1069 3678 1303 3748 amplius
1342 3687 1521 3730 tecum
1566 3673 1867 3728 consistere
1893 3671 2121 3740 possint.

750 3834 841 3898 25,
881 3832 973 3886 26.
1003 3829 1142 3895 Quid
1169 3830 1308 3881 enim
1354 3826 1482 3877 mihi
1503 3833 1578 3876 est
1609 3824 1663 3875 in
1691 3822 1838 3886 caelo,
1888 3829 1936 3874 et
1960 3837 1991 3872 a
2022 3830 2068 3873 te
2111 3821 2233 3889 quia

674 3923 815 3978 uolui
862 3936 1018 3988 super
1075 3919 1454 3972 terram?etc.
1513 3913 1805 3980 Quoniam,
1862 3912 2058 3980 inquit,
2103 3912 2236 3964 nihil

677 4013 807 4068 mihi
834 4015 887 4066 in
923 4012 1063 4066 ctelo
1093 4020 1175 4065 est
1205 4018 1399 4079 praeter
1420 4017 1470 4061 te
1501 4006 1701 4068 solum,
1733 4005 1859 4058 hinc
1888 4018 2233 4072 consequen-

677 4114 759 4159 ter
783 4104 930 4158 nolui
957 4101 1231 4171 quidpiam
1261 4108 1594 4152 terrenorum
1636 4096 2240 4165 accipere,utpotequae

682 4194 1051 4264 corruptibilia
1074 4192 1255 4246 omnia
1273 4191 1382 4244 sint
1409 4199 1462 4242 et
1487 4200 1852 4255 temporanea.
1876 4184 2052 4239 Unum
2067 4186 2240 4239 solum

685 4281 938 4350 consequi
971 4289 1116 4348 opto,
1137 4279 1294 4346 cujus
1312 4277 1580 4331 desiderio
1599 4275 1974 4344 memetipsum
2009 4290 2244 4328 macera-

686 4376 808 4428 bam
838 4373 891 4425 in
946 4382 1123 4424 terra:
1154 4370 1285 4423 illud
1311 4377 1488 4422 autem
1519 4374 1623 4430 est,
1661 4375 1720 4420 ut
1763 4374 1820 4420 tu
1879 4366 2029 4421 solus
2063 4368 2238 4435 portio

687 4479 804 4517 mea
833 4478 926 4517 SIS.

763 4551 854 4605 28.
889 4551 1027 4616 Quia
1051 4565 1163 4602 ecce
1191 4549 1279 4619 qui
1299 4546 1542 4615 elongant
1587 4559 1641 4598 se
1687 4552 1791 4596 ate
1829 4544 2093 4611 peribunt,
2134 4553 2238 4595 etc.

686 4644 806 4698 Tibi
849 4642 1067 4696 assidue
1107 4640 1510 4708 conjungimur,
1557 4652 1590 4690 ο
1650 4636 1897 4700 Domine,
1951 4637 2112 4705 idque
2151 4636 2242 4704 ju-

687 4750 744 4790 re
791 4749 855 4788 ac
933 4732 1148 4795 merito,
1202 4729 1355 4799 gnari
1400 4729 1606 4782 scilicet
1671 4743 1770 4782 eos
1828 4727 1918 4794 qui
1976 4737 2129 4780 extra
2191 4736 2243 4779 te

685 4824 991 4879 consistunt
1025 4822 1078 4874 in
1115 4820 1407 4889 perniciem
1444 4820 1615 4872 ituros
1647 4818 1700 4871 in
1752 4817 1879 4871 ﬁne.
1912 4816 2015 4882 Qui
2064 4826 2242 4870 autem

688 4927 863 4970 tecum
891 4921 1019 4968 sunt
1049 4913 1245 4966 bonam
1283 4913 1586 4980 portionem
1639 4921 2061 4976 consequentur.
2099 4907 2245 4962 Con-

689 5007 857 5075 tinget
909 5005 1052 5057 enim
1103 5002 1208 5054 illis
1259 5000 1312 5053 in
1356 4998 1560 5055 cmlesti
1605 4997 1902 5054 Jerusalem
1949 5001 2231 5068 pulchram

683 5102 988 5171 portionem
1025 5097 1289 5150 obtinere.
1323 5093 1449 5148 Haec
1481 5102 1662 5148 autem
1717 5103 1823 5156 est,
1883 5102 1945 5147 ut
1986 5096 2096 5149 tuis
2157 5110 2249 5149 ca-

691 5191 881 5245 nendis
931 5188 1147 5258 hymnis
1175 5201 1389 5254 semper
1434 5186 1791 5239 delectentur.

1003 5277 1056 5329 1.
1097 5275 1399 5328 Intellectus
1423 5275 1617 5344 Asaph.
1658 5273 1933 5330 LXXIII.

1274 5368 1670 5437 Argumentum.

693 5459 1151 5530 Supplicationem
1191 5457 1340 5511 hisce
1374 5457 1520 5509 canit
1544 5454 1831 5525 Propheta,
1863 5472 2087 5512 cernens
2125 5473 2252 5527 pos-

773 5551 1223 5607 tremamlsraelis
1238 5551 1602 5620 captivitatem
1625 5569 1636 5603 :
1663 5564 1730 5602 ne
1753 5565 1979 5618 prorsus
1995 5565 2086 5605 eos
2105 5568 2132 5604 a
2153 5567 2251 5606 sua

766 5643 1097 5711 protectione
1120 5641 1352 5710 rcjiciat,
1376 5641 1467 5694 sed
1506 5639 1780 5708 relinquat
1823 5640 1957 5708 ipsis
2011 5641 2250 5712 aliquam

777 5775 831 5812 ³³⁸
872 5775 1024 5830 Rom.
1066 5792 1128 5840 ιι,
1161 5775 1214 5832 6.
1281 5775 1323 5806 ⁷⁸
1353 5774 1370 5828 l
1403 5775 1523 5830 Cor.
1558 5791 1644 5842 xv,
1686 5774 1774 5829 49.

1851 5777 1892 5807 ⁷⁷
1934 5775 2121 5832 Matth.
2166 5796 2288 5848 xxv,

2290 577 2368 637 εἰς
2401 574 2498 641 τὴν
2528 570 2728 622 τούτων
2757 568 2956 634 γνῶσιν
3008 565 3342 634 πεπόρισμαι
3377 561 3594 632 ἐμαυτῷ
3635 561 3827 632 καιρόν
3850 577 3867 592 ο

2290 662 2439 726 οὗτος
2467 663 2521 714 δέ
2553 658 2617 731 ἦν
2645 662 2672 711 ὁ
2700 659 2793 710 τοῦ
2823 657 2963 710 θείου
2993 654 3344 724 δικαστηρίου
3378 653 3588 725 καιρὸς,
3613 653 3704 704 ὅτε
3737 654 3875 705 ἀπο-

2291 756 2478 816 δώσεις
2509 752 2719 818 ἑκάστῳ
2740 748 2878 801 κατὰ
2901 747 2968 800 τὰ
2989 746 3123 816 ἔργα
3157 743 3342 797 αὑτοῦ.

2363 844 2535 911 Πλὴν
2575 843 2671 895 διὰ
2713 840 2818 904 τὰς
2861 838 3208 904 δολιότητας
3251 833 3447 887 αὐτῶν
3486 833 3624 886 ἕθου
3669 830 3874 895 αὐτοῖς

2294 937 2472 1002 κακά,
2493 955 2546 990 κ.
2560 954 2608 988 τ.
2625 936 2674 990 λ,
2693 932 2831 1001 Ἐγὼ
2848 931 2964 1001 μὲν,
2980 929 3162 998 φησὶν,
3182 925 3482 994 ἐπιτήδειον
3498 924 3596 994 τῆς
3611 921 3874 994 ἀκριϐοῦς

2297 1029 2652 1099 περὶτούτων
2697 1025 2945 1094 γνώσεως
2982 1021 3181 1090 ἐθέμην
3225 1016 3446 1088 ἐμαυτῷ
3488 1017 3576 1068 τὸν
3613 1015 3876 1084 μέλλοντα

2298 1123 2506 1193 καιρόν·
2539 1123 2706 1182 ὅπως,
2740 1117 2815 1187 τῷ
2846 1113 3165 1188 προφητικῷ
3190 1111 3458 1180 πνεύματι
3477 1109 3635 1175 γνοὺς
3666 1106 3730 1156 τὰ
3764 1104 3880 1155 ἐσό-

2303 1236 2454 1288 μενα,
2487 1215 2648 1284 φημὶ,
2675 1214 2748 1274 ὼς
2777 1210 2923 1262 αἰτία
2959 1206 3166 1277 πικρῶν
3202 1205 3472 1257 κολάσεων
3505 1201 3684 1260 αὐτοῖς
3711 1198 3746 1266 ἡ
3775 1195 3876 1247 τοῦ

2299 1310 2498 1380 τρόπου
2545 1304 2786 1372 δολιότης
2837 1301 3144 1370 γενήσεται.
3193 1297 3386 1348 Ἔσται
3431 1292 3538 1361 γὰρ
3585 1289 3763 1343 αὐτῶν
3795 1290 3877 1350 είς

2302 1397 2505 1452 πτῶσιν
2533 1395 2595 1448 τὸ
2623 1394 2843 1462 ὕψωμα.
2866 1381 3143 1449 Καὶοῦτος
3174 1388 3202 1438 ὁ
3233 1381 3420 1454 παρὼν
3447 1383 3628 1443 αὐτοῖς
3663 1377 3883 1449 κριθείη

2305 1489 2533 1551 πλοῦτος
2562 1487 2745 1557 ὥσπερ
2787 1485 2850 1538 ἂν
2889 1482 2982 1536 καὶ
3028 1481 3134 1533 τῶν
3169 1475 3595 1547 όνειρωττόντων
3637 1473 3704 1523 τὰ
3741 1471 3885 1538 φάσ-

2307 1602 2451 1656 ματα
2483 1581 2827 1635 ἀνυπόστατα
2858 1579 2950 1630 καὶ
2983 1574 3160 1642 πάσης
3192 1571 3348 1632 σκιᾶς
3375 1567 3757 1634 ἀσθενέστερα.

2375 1673 2486 1728 Καὶ
2518 1673 2585 1724 ἐν
2614 1669 2686 1736 τῇ
2726 1671 2897 1722 πόλει
2930 1681 3043 1717 σου
3077 1662 3187 1728 τὴν
3234 1659 3438 1712 εἰκόνα
3483 1656 3679 1709 αὐτῶν
3708 1653 3886 1717 ἐξου-

2307 1767 2607 1830 δενώσεις.
2634 1760 2792 1823 Πόλις
2824 1760 2919 1829 μὲν
2948 1753 3040 1809 τοῦ
3067 1753 3272 1824 Κυρίου
3303 1753 3335 1820 ἡ
3370 1750 3479 1802 ἄνω
3508 1745 3885 1818 Ἰερουσαλὴμ,

2311 1857 2484 1912 eludit"
2521 1855 2577 1906 δὲ
2623 1850 2819 1905 αὐτῶν
2851 1850 2883 1917 ἡ
2917 1847 3009 1898 τοῦ
3043 1842 3248 1914 χοϊκοῦ.
3291 1843 3354 1889 "U
3384 1839 3438 1890 δέ
3468 1837 3613 1904 λέγει
3646 1834 3890 1887 τοιοῦτόν

2313 1951 2456 2000 ἐστιν
2476 1962 2490 1976 ο
2534 1941 2751 2009 Ἐπειδὴ
2783 1937 2878 2008 τὴν
2906 1936 2997 1988 τοῦ
3029 1931 3213 2004 χοϊκοῦ
3236 1973 3249 1996 ,
3294 1931 3426 1999 φησι
3451 1970 3464 1994 ,
3507 1928 3889 1997 πεφορήκασιν

2313 2037 2530 2098 εἰκόνα,
2564 2033 2656 2085 καὶ
2695 2032 2756 2082 οὐ
2789 2028 2885 2098 τὴν
2929 2024 3022 2076 τοῦ
3066 2022 3405 2093 ἐπουρανίου,
3453 2019 3626 2089 ταύτῃ
3664 2033 3746 2068 τοι
3797 2014 3894 2066 καὶ

2313 2125 2852 2194 ἐξουδενωθήσονται·
2891 2117 3209 2171 ἀκούσονται
3256 2112 3364 2182 γὰρ
3411 2111 3528 2162 κατ’
3568 2112 3743 2161 ἐκεῖνο
3769 2123 3894 2159 και-

2317 2219 2410 2290 ροῦ
2439 2236 2450 2247 ·
2487 2218 2604 2269 Οὐκ
2649 2210 2780 2267 οἶδα
2816 2209 2970 2279 ὑμᾶς
2996 2226 3006 2237 ·
3038 2209 3130 2262 ἅτε
3163 2204 3237 2276 μὴ
3265 2202 3555 2273 φοροῦντες
3587 2201 3684 2270 τὴν
3725 2197 3893 2252 αὑτοῦ

2314 2311 2406 2364 τοῦ
2438 2305 2759 2376 ἐπουρανίου
2791 2303 2993 2354 εἰκόνα.

2389 2402 2505 2451 Ὅτι
2529 2395 2818 2461 ἐξεκαύθη
2858 2393 2895 2457 ή
2933 2389 3142 2457 καρδία
3158 2404 3295 2455 μου,
3325 2385 3422 2438 καὶ
3452 2387 3504 2438 οἱ
3535 2382 3741 2451 νεφροί
3772 2399 3897 2450 μου

2317 2485 2757 2553 ἠλλοιώθησαν,
2791 2481 2948 2548 κάγὼ
2988 2473 3464 2544 ἐξουδενωμένος
3488 2513 3501 2536 ,
3549 2471 3645 2524 καὶ
3672 2474 3782 2524 οὐκ
3800 2471 3899 2538 ἕτ-

2317 2595 2454 2640 νων,
2477 2594 2526 2630 κ.
2542 2593 2591 2628 τ.
2605 2574 2653 2628 λ.
2672 2571 2884 2640 Ἐπειδὴ
2898 2567 3088 2636 ζηλῶν
3106 2568 3368 2636 ἐζήλωκα
3387 2565 3465 2631 τῷ
3478 2566 3687 2632 Κυρίῳ,
3705 2564 3781 2627 ὡς
3806 2563 3902 2616 καὶ

2318 2668 2415 2738 τὴν
2448 2666 2670 2736 καρδίαν
2699 2665 2792 2716 καὶ
2823 2662 2946 2723 τοὺς
2978 2661 3208 2730 νεφροὺς
3239 2658 3588 2728 πληρωθῆναι
3624 2657 3770 2725 ζήλῳ
3804 2672 3901 2706 πυ-

2325 2758 2436 2828 ρὸς,
2470 2756 2656 2808 τούτου
2705 2754 2861 2823 χάριν
2890 2749 3125 2820 ἠξιώθην
3167 2749 3499 2818 φωτισθῆναι
3550 2749 3643 2800 καὶ
3694 2744 3900 2813 γνῶναι

2324 2849 2389 2902 τὰ
2415 2850 2542 2919 περὶ
2564 2848 2661 2916 τῆς
2690 2847 2786 2916 σῆς
2818 2844 3022 2904 πόλεως
3051 2842 3411 2910 πεποιημένα,
3435 2841 3526 2890 καὶ
3553 2839 3620 2891 τὰ
3644 2855 3710 2891 πε
3720 2839 3774 2908 ρ“ι
3803 2838 3902 2903 τῆς

2326 2940 2528 2999 εἰκόνος
2569 2938 2676 2990 τῶν
2727 2934 2959 2988 ἀσεϐῶν.
3006 2932 3164 2985 Ἀλλὰ
3211 2932 3369 3001 δίκην
3425 2931 3652 2998 κτήνους
3703 2928 3903 2993 ἀλόγου

2326 3031 2597 3082 διετέλεσα
2628 3027 2910 3096 πρότερον,
2947 3024 3019 3094 μὴ
3043 3023 3336 3092 δυνάμενος
3364 3020 3640 3073 ἐπιϐαλεῖν
3664 3021 3775 3082 τοῖς
3805 3018 3904 3087 τῆς

2330 3119 2588 3189 Προνοίας
2637 3117 2834 3182 λόγοις.
2890 3116 3078 3183 Ὅμως
3123 3115 3222 3165 οὐκ
3265 3112 3609 3181 ἁπελιπόμην
3666 3111 3760 3163 σοῦ
3807 3110 3902 3167 τοῦ

2329 3209 2483 3271 Θεοῦ,
2513 3209 2631 3260 οὐδὲ
2681 3205 2967 3270 ἐξέπιπτον
3017 3208 3114 3276 τῆς
3157 3204 3249 3256 ἐπὶ
3284 3204 3342 3257 σέ
3375 3204 3582 3265 ἐλπίδος
3656 3206 3907 3273 συνήμην

2328 3305 2383 3356 δέ
2416 3321 2512 3356 σοι
2542 3301 2887 3364 διαπαντός.
2918 3300 3028 3352 Καὶ
3057 3299 3214 3351 τοῦτο
3239 3297 3504 3366 ἔπραττον
3537 3296 3635 3346 οὐκ
3676 3295 3734 3360 ἐξ
3765 3297 3908 3364 ἐμῆς

2330 3395 2606 3461 δυνάμεως
2632 3434 2646 3456 ,
2682 3391 2794 3444 ἀλλ’
2825 3394 2886 3443 ἐκ
2916 3391 3014 3454 τῆς
3050 3390 3147 3456 σῆς
3193 3390 3431 3459 χάριτος.
3468 3387 3538 3438 Σὺ
3583 3386 3689 3455 γὰρ
3721 3386 3906 3448 αὐτὸς,

2331 3487 2395 3553 τῇ
2431 3482 2623 3534 σαυτοῦ
2660 3480 3034 3551 φιλανθρωπίᾳ
3073 3481 3172 3549 τῆς
3203 3481 3340 3550 ἐμῆς
3380 3477 3559 3544 δεξιᾶς
3586 3476 3912 3546 ἐπιλαϐόμε-

2334 3589 2441 3634 νος,
2474 3573 2712 3640 συνεῖχες
2746 3571 2839 3622 καὶ
2871 3571 3217 3641 συνεκράτεις
3242 3570 3374 3640 πρὸς
3405 3569 3465 3620 τὸ
3504 3567 3575 3638 μὴ
3607 3567 3912 3636 διασεισθῆ-

2335 3664 2418 3715 ναί
2462 3680 2561 3732 μου
2594 3663 2658 3714 τὰ
2689 3661 3017 3732 διαδήματα,
3052 3662 3183 3732 μηδέ
3214 3663 3338 3724 τοὺς
3370 3661 3535 3722 πόδας
3561 3677 3660 3729 μου
3686 3660 3912 3712 σαλεύε-

2339 3755 2460 3806 σθαι
2485 3755 2582 3822 τῆς
2611 3754 2759 3822 παρὰ
2788 3754 2870 3804 σοὶ
2900 3754 3161 3815 στάσεως.

2412 3845 2473 3897 Τί
2503 3843 2610 3912 γάρ
2627 3862 2724 3913 μοι
2744 3843 2990 3911 ὑπάρχει
3006 3846 3073 3896 ἐν
3097 3844 3175 3909 τῷ
3193 3844 3444 3914 οὐρανῷ.
3477 3847 3571 3898 καὶ
3601 3847 3762 3915 παρὰ
3793 3847 3910 3899 (τοῦ

2339 3936 2394 3987 τί
2409 3935 2678 4001 ἠθέλησα
2693 3935 2786 3987 ἐπὶ
2821 3933 2945 4003 γῆς,
2966 3936 3148 3990 κ.τ.λ.
3183 3937 3380 4007 Επειδὴ
3405 3937 3552 3989 οὐδέν
3585 3955 3694 4008 μοι,
3725 3939 3911 4007 φησιν,

2341 4028 2572 4097 ὑπάρχει
2607 4029 2661 4080 ἐν
2701 4027 2777 4096 τῷ
2808 4027 3037 4098 οὐρανῷ,
3070 4027 3207 4097 πλὴν
3238 4029 3331 4081 σοῦ
3376 4029 3556 4098 μόνου,
3597 4030 3916 4095 ἀναγκαίως

2341 4119 2459 4172 οὐδέ
2489 4137 2541 4172 τι
2568 4118 2674 4171 τῶν
2707 4120 2798 4171 ἐπὶ
2832 4119 2936 4187 γῆς
2975 4118 3214 4189 ἠθέλησα
3238 4119 3489 4184 δέξασθαι
3521 4119 3613 4172 ἆτε
3655 4120 3914 4190 φθαρτῶν

2343 4211 2508 4263 ὅντων
2551 4210 2801 4262 ἁπάντων
2831 4212 2922 4263 καὶ
2950 4211 3314 4282 προσκαίρων.
3360 4212 3504 4273 Ἐνὸς
3533 4212 3587 4264 δὲ
3627 4213 3791 4280 μόνου
3825 4212 3918 4282 ηὐ-

2345 4301 2514 4370 χόμην
2549 4304 2747 4370 τυχεῖν,
2776 4302 2869 4354 καὶ
2893 4302 2969 4370 τῷ
2994 4301 3180 4353 τούτου
3216 4300 3363 4369 πόθῳ
3393 4301 3723 4370 κατέτρυχον
3749 4303 3917 4370 ἐμαυ-

2344 4392 2434 4444 τὸν
2466 4391 2556 4442 ἐπὶ
2589 4391 2687 4458 τῆς
2713 4389 2843 4458 γῆς·
2880 4390 3034 4442 τοῦτο
3061 4390 3114 4442 δέ
3150 4391 3263 4442 ἐστι
3296 4390 3354 4442 τὸ
3380 4391 3436 4441 σὲ
3473 4389 3664 4460 μερίδα
3701 4407 3790 4458 μοι
3824 4391 3916 4442 καὶ

2278 4500 2319 4554 D
2353 4480 2515 4550 μόνην
2546 4478 2816 4546 γενέσθαι.

2431 4570 2572 4622 Ἰδοὺ
2599 4569 2687 4620 ὅτι
2713 4572 2764 4621 οὶ
2790 4570 3197 4637 μακρύνοιυτες
3221 4569 3470 4634 ἑαυτοὺς
3496 4567 3613 4622 ἀπὸ
3652 4567 3768 4620 σοῦ
3816 4568 3920 4619 ὰπ-

2349 4661 2646 4724 ολοῦνται,
2662 4677 2712 4712 κ.
2734 4678 2778 4711 ν.
2799 4659 2845 4715 λ.
2863 4661 2970 4728 Τῆς
2986 4659 3080 4728 σῆς
3096 4661 3412 4729 ἀντεχόμην,
3425 4654 3468 4711 ὦ
3482 4660 3740 4719 Δέσποτα,
3760 4675 3920 4711 συνα-

2353 4754 2528 4822 φείας,
2569 4752 2717 4821 φησί·
2749 4753 2838 4805 καὶ
2865 4751 3019 4804 τοῦτο
3046 4751 3210 4813 καλῶ,
3245 4751 3416 4814 εἰδὼς,
3448 4752 3522 4814 ὡς
3547 4749 3652 4803 τῶν
3685 4749 3789 4813 ἔξω
3825 4750 3918 4802 σοῦ

2352 4844 2720 4910 τυγχανόντων
2756 4841 2971 4912 ὄλεθρος
3001 4843 3149 4895 ἔσται
3186 4842 3244 4893 τὸ
3269 4843 3542 4913 πέρας.οἱ
3578 4841 3632 4892 δὲ
3669 4842 3919 4902 συνόντες

2355 4931 2562 4997 ἀγαθὴν
2607 4929 2782 4994 ἕξουσι
2839 4931 3049 5000 μερίδα.
3089 4932 3432 5001 Συμὸήσεται
3465 4931 3571 5001 γὰρ
3609 4931 3793 4993 αὐτοῖς
3818 4971 3832 4989 ,
3863 4932 3918 4981 ἐν

2357 5021 2419 5086 τῇ
2475 5018 2774 5088 ἐπουρανίῳ
2819 5021 3124 5089 γενομένοις
3168 5022 3551 5091 Ἰερουσαλὴμ,
3605 5021 3700 5090 τὴν
3751 5022 3918 5092 καλὴν

2362 5108 2551 5177 μερίδα
2582 5109 2952 5180 κληρονομεῖν.
2981 5112 3124 5182 Αὕτη
3151 5113 3207 5169 δέ
3233 5114 3348 5164 ἐστι
3373 5114 3433 5166 τὸ
3456 5117 3565 5175 τοῖς
3595 5117 3705 5176 σοῖς
3733 5113 3919 5182 ὕμνοις

2360 5202 2625 5271 ἐντρυφᾷν
2658 5202 2764 5254 ἀεί.

2720 5290 3028 5358 Συνέσεως
3063 5294 3142 5357 τῷ
3184 5295 3388 5362 Ἀσάφ.
3435 5293 3561 5347 Ol".

2977 5384 3298 5448 Ὑπόθεσις.

2370 5473 2666 5542 Ἱκετηρίαν
2708 5474 2764 5527 ἐν
2799 5473 3007 5537 τούτοις
3029 5476 3056 5526 ὁ
3090 5482 3371 5546 προφήτης
3399 5475 3533 5538 ἄδει,
3571 5475 3666 5546 τὴν
3702 5475 3924 5544 ἔσχατον

2429 5563 2569 5633 ὀρῶν
2593 5564 2963 5635 αίχμαλωσίαν
2986 5565 3078 5621 τοῦ
3121 5568 3362 5638 Ἰσραήλ⁹
3392 5567 3538 5630 ὅπως
3562 5567 3627 5620 ἂν
3661 5568 3736 5636 μὴ
3767 5571 3847 5630 εἰς
3869 5569 3924 5616 τὸ

2434 5652 2688 5715 παντελὲς
2709 5655 2902 5716 αὐτοὺς
2925 5655 3079 5727 ἐξέλῃ
3106 5658 3203 5727 τῆς
3231 5657 3366 5726 πρὸς
3395 5657 3554 5709 αὑτὸν
3578 5659 3922 5719 οίκειώσεως,

2339 5781 2423 5836 10.
2500 5785 2543 5815 ⁷⁸
2574 5784 2638 5840 111
2678 5787 2807 5855 Reg.
2842 5788 3051 5850 xax,l0.
3131 5790 3174 5822 τ’
3210 5788 3515 5843 Psal.Lxxn
3568 5788 3657 5843 25.
