4070 6440
148 368 248 423 333

215 477 519 548 καταλείπῃ
548 474 604 527 δέ
646 490 766 526 τινα
811 473 993 531 αὐτοῖς
1031 473 1109 534 εἰς
1141 472 1409 542 σωττιρίαν
1438 473 1707 541 ἀφορμήν.
1744 481 1788 532 Α

212 568 513 639 Δια-τράφεν.
546 566 601 617 δὲ
631 564 722 616 καὶ
758 564 856 634 τὴν
893 563 1091 616 ἅλωσιν
1125 563 1221 631 τὴν
1264 562 1545 633 συμϐᾶσαν
1577 562 1710 630 αὐτῇ

214 673 274 709 τε
306 660 372 726 τῇ
409 655 554 707 πόλει
585 655 675 705 καὶ
698 652 777 722 τῷ
808 652 937 722 θείῳ
971 652 1101 723 ναῷ.

216 750 341 801 "Ira
370 752 444 812 τί,
475 750 506 799 d
550 745 710 809 Θεὸς,
744 743 964 797 ἀπώσω
994 747 1081 805 εἰς
1114 743 1285 809 τέλος
1302 760 1320 807 ;
1350 744 1572 814 ’Ὅμοιον
1602 744 1678 813 τῷ
1698 761 1710 773 ·

151 838 428 907 Ἔφθασεν
472 837 555 889 ἐπ’
593 835 787 898 αὐτοὺς
816 837 848 905 ὴ
875 835 1009 905 ὀργὴ
1040 835 1139 904 ἤδη
1180 837 1257 898 εἰς
1291 835 1459 897 τέλος.
1505 835 1577 887 Οὐ
1612 836 1718 906 γὰρ

146 930 224 981 ἔτι
253 927 570 981 ἀνάπαυλαν
605 925 812 989 ἕξονται
841 925 948 977 τῶν
983 924 1188 978 κακῶν.

215 1020 528 1085 Μνήσθητι
559 1016 671 1086 τῆς
708 1015 1067 1085 συναγωγῆς
1108 1034 1206 1070 σοι
1238 1011 1312 1085 ἧς
1343 1015 1575 1080 ἐκτήσω
1617 1016 1717 1068 ἀπ’

147 1111 361 1180 ἀρχῆς.
414 1110 511 1162 Διὰ
548 1110 655 1162 τῶν
708 1107 957 1179 Ἀϐραὰμ
1004 1110 1095 1161 καὶ
1130 1107 1311 1162 Ἰσαὰκ
1358 1107 1449 1160 καὶ
1504 1106 1714 1159 Ἰακώϐ.

159 1201 508 1271 Ἑλυτρὼσω
551 1198 750 1268 ῥάϐδῳ
799 1199 912 1266 τὴν
957 1200 1358 1267 κληρονομίαν
1400 1215 1536 1251 σου.
1588 1198 1718 1250 Ἀπὸ

148 1294 328 1348 κοινοῦ
356 1294 437 1346 τό·
482 1291 763 1362 Μνήσθητι
798 1286 865 1362 ἦς
912 1289 1200 1361 ὲλυτρώσω
1250 1289 1427 1359 ῥάϐδῳ
1473 1290 1720 1360 κληρονο-

149 1385 279 1454 μίας
312 1400 404 1435 σου
428 1400 441 1413 ·
477 1381 721 1433 τουτέστι
750 1379 1113 1449 κληρονομίας
1138 1380 1214 1440 είς
1238 1377 1502 1446 βασίλειον
1528 1379 1720 1448 ηὐτρε-

146 1476 437 1545 πισμένης,
473 1472 591 1526 καθ’
614 1471 643 1523 ὃ
687 1472 819 1542 πρὸς
850 1472 1043 1533 αὐτοὺς
1075 1471 1305 1541 εἴρηται·
1364 1468 1589 1522 Ἐσεσθέ
1631 1485 1719 1538 μοι

148 1567 206 1630 ὲξ
247 1566 505 1619 ἁπάντων
554 1564 658 1617 τῶν
709 1563 878 1615 ἐθνῶν
922 1563 1077 1631 γένος
1117 1561 1401 1623 ἐκλεκτὸν,
1456 1560 1719 1630 βασίλειον

149 1654 470 1725 ἱεράτευμα.
527 1654 695 1718 Ὄρος
748 1649 901 1704 Σιὼν
951 1650 1126 1704 τοῦτο
1181 1650 1211 1703 ὃ
1258 1648 1720 1715 κατεσκήνωσας

147 1744 214 1795 ἐν
240 1741 422 1807 αὐτῷ.
456 1742 553 1795 Διὰ
591 1745 652 1794 τὸ
697 1740 1073 1810 ἐπιφαίνεσθαι
1111 1743 1168 1793 ὲν
1204 1741 1280 1811 τῷ
1325 1740 1452 1810 θείῳ
1484 1741 1594 1811 ναῷ
1633 1742 1719 1793 τὸν

146 1834 303 1887 θεόν.

224 1928 487 1994 Ἔπιιρον
515 1925 620 1990 τὰς
652 1924 852 1993 χεῖράς
882 1939 997 1978 σου
1035 1923 1132 1977 ἐπὶ
1168 1924 1274 1989 τὰς
1306 1924 1713 1991 ὑπερηφανίας

144 2015 347 2071 αὐτῶν
372 2019 457 2081 εἰς
498 2016 688 2081 τέλος.
732 2014 851 2068 Τῶν
900 2014 1529 2085 καταστρατευσαμένων
1576 2012 1714 2065 κατὰ

142 2106 242 2160 τοῦ
274 2105 419 2158 θείου
446 2103 598 2158 ναοῦ.

230 2200 346 2250 Καὶ
376 2194 867 2263 ἐνεκαυχήσαντο
915 2198 966 2248 οἱ
1018 2192 1341 2263 μισοῦντές
1365 2208 1439 2245 σε
1465 2192 1716 2260 ἐνμέσῳ

145 2288 258 2355 τῆς
279 2287 495 2353 ἑορτῆς
534 2303 671 2340 σου.
699 2286 915 2355 Ἐπειδὴ
946 2287 1003 2337 ἐν
1032 2284 1109 2354 τῷ
1138 2284 1331 2352 Πάσχα
1350 2286 1414 2354 τῇ
1447 2286 1604 2353 ἐορτῇ
1625 2284 1714 2335 τὸν

144 2380 290 2431 κατὰ
324 2378 421 2431 τοῦ
466 2377 670 2448 Κυρίου
703 2377 904 2447 ἤραντο
947 2376 1201 2446 πόλεμον,
1236 2374 1424 2428 τουτου
1470 2374 1626 2444 χάριν
1659 2375 1715 2425 ὲν

146 2470 300 2539 αὐτῷ
344 2468 423 2539 τῷ
475 2468 649 2538 καιρῷ
692 2471 803 2530 τοῖς
862 2468 1142 2537 πολεμίοις
1196 2468 1581 2537 παρεδόθησαν.
1628 2466 1716 2535 Τῷ

146 2562 259 2631 γὰρ
296 2560 490 2628 Πάσχα
535 2558 882 2629 συνηγμένων
932 2557 1072 2610 κατὰ
1121 2557 1212 2609 τὸν
1253 2558 1414 2626 νόμον
1446 2556 1557 2608 τῶν
1589 2558 1716 2609 Ἰου-

144 2652 314 2705 δαίων
349 2652 625 2713 ἁπάντων,
663 2651 696 2716 ἡ
743 2650 1025 2721 πολιορκία
1066 2648 1354 2719 γεγένηται
1394 2648 1613 2710 δικαίως
1661 2650 1716 2699 ἐν

143 2737 191 2810 ᾧ
226 2741 406 2811 καιρῷ
443 2742 532 2793 καὶ
563 2741 642 2810 τῷ
672 2740 888 2811 σταυρῷ
912 2741 1001 2792 τὸν
1031 2741 1256 2809 Σωτῆρα
1289 2739 1663 2810 προσήλωσαν.

228 2834 468 2887 Ἕθεντο
503 2831 574 2883 τὰ
608 2830 823 2898 σημεῖα
853 2829 1051 2882 αὐτῶν
1083 2830 1317 2897 σημεῖα.
1354 2830 1434 2881 Τὰ
1481 2828 1719 2899 σύμϐολά

147 2942 285 2994 φησι
316 2922 408 2976 τοῦ
446 2922 708 2990 πολέμων
740 2920 887 2989 λέγει
925 2921 981 2973 δε
1005 2921 1072 2974 τὰ
1096 2920 1402 2991 καλούμενα
1435 2921 1583 2985 παρὰ
1608 2923 1718 2983 τοῖς

151 3012 528 3085 στρατεύμασι
564 3011 741 3079 σίγνα,
773 3012 854 3064 ὅτι
895 3010 1076 3063 ἔθεντο
1108 3013 1185 3073 εἰς
1217 3010 1314 3079 τὴν
1348 3008 1461 3062 ὁδὸν
1497 3009 1595 3077 τῆς
1625 3008 1718 3060 πό-

148 3107 307 3169 λεως.
356 3106 463 3158 Καὶ
514 3106 573 3157 οὑ
635 3105 797 3173 μέχρι
853 3104 1058 3155 τούτων
1110 3103 1382 3173 ἔστησαν·
1442 3102 1577 3154 ἀλλὰ
1626 3101 1719 3153 καὶ

154 3195 515 3265 ὁπερήλαντο,
557 3194 709 3262 φησὶ,
738 3192 983 3245 τουτέστι
1016 3193 1109 3243 καὶ
1154 3194 1233 3253 εἰς
1265 3193 1423 3243 αὑτὸν
1464 3193 1555 3243 τὸν
1584 3193 1720 3244 θεῖον
1750 3174 1791 3230 C

147 3287 279 3339 ναδν
323 3285 702 3354 εἰσεπήδησαν,
740 3284 799 3336 οὐ
836 3282 1229 3351 γινώσκοντες,
1274 3283 1353 3335 ὅτι
1405 3282 1534 3344 Θεὸς
1580 3278 1646 3351 ἦν
1695 3284 1724 3333 ὁ

151 3377 484 3449 παραδιδοὺς
513 3377 609 3447 τὴν
639 3375 791 3429 πόλιν
824 3376 1006 3438 αὐτοῖς
1038 3373 1125 3427 διὰ
1161 3373 1260 3444 τὴν
1305 3372 1413 3426 τῶν
1455 3372 1721 3426 ἐνοικούν-

150 3487 263 3522 των
291 3468 561 3521 ἀσέϐειαν.
605 3468 737 3519 "Are
774 3468 836 3537 δὴ
871 3466 1026 3519 τοῦτο
1057 3468 1420 3537 ἀγνοήσαντες
1448 3506 1461 3529 ,
1500 3466 1596 3536 τὴν
1629 3466 1723 3537 μὲν

150 3560 362 3613 οἰκείαν
390 3559 784 3628 ἀπεθαύμασαν
811 3558 1058 3628 δύναμιν,
1088 3558 1368 3610 ἀσθένειαν
1397 3558 1453 3610 δὲ
1484 3557 1723 3627 κατεψη-

153 3652 375 3722 φίςοντο
424 3651 515 3703 τοῦ
553 3653 611 3703 ὲν
642 3651 719 3721 τῷ
761 3651 889 3721 θείῳ
916 3649 1027 3719 ναῷ
1056 3649 1527 3721 προσκυνουμένου
1566 3648 1720 3700 Θεοῦ.

153 3744 249 3798 Διὸ
298 3742 503 3815 προϊών
544 3760 707 3813 φησιν
735 3758 748 3770 ·
786 3743 934 3808 Ἕως
983 3742 1153 3805 πότε,
1190 3742 1388 3808 Κύριε,
1426 3741 1664 3794 ὀνειδιεῖ
1691 3744 1723 3794 ό

155 3838 407 3907 ἐχθρός-ζ
452 3837 525 3888 Τὸ
563 3837 619 3889 δὲ
656 3833 1106 3888 ἀναδιπλασιάσαι
1142 3834 1199 3884 ὲν
1231 3832 1307 3903 τῷ
1338 3833 1726 3902 κατονομάζειν

153 3928 228 3980 τὰ
255 3930 458 3996 σημεῖα
490 3925 965 3994 ἁποθαυμάζοντος
991 3923 1075 3995 εἴη
1102 3924 1218 3987 πῶς
1240 3926 1268 3977 ὁ
1295 3925 1434 3987 θεῖος
1458 3924 1581 3987 ναὸς
1608 3926 1726 3986 ταῖς

153 4016 267 4069 τῶν
299 4014 572 4085 πολεμίων
596 4012 863 4083 παρεδόθη
894 4012 1099 4083 χερσίν.

239 4108 335 4173 Ὠς
369 4107 437 4159 ἐν
480 4103 679 4174 δρυμῷ
729 4102 929 4168 ξύλων
982 4103 1215 4168 ἀξίναις
1266 4100 1566 4170 ἐξέκοψαν
1621 4100 1726 4165 τὰς

158 4202 347 4270 θύρας
378 4197 588 4266 αὐτῆς,
608 4216 658 4251 κ.
679 4216 730 4251 τ.
749 4195 799 4250 λ.
832 4198 1130 4266 Διαγράφει
1156 4197 1215 4248 ὲν
1229 4194 1724 4265 τοῖςπροκειμένοις

154 4291 259 4361 τῆς
296 4307 357 4342 τε
400 4289 604 4351 πόλεως
630 4288 723 4340 τοῦ
754 4303 815 4340 τε
856 4284 999 4338 θείου
1033 4284 1160 4337 ναοῦ
1192 4285 1287 4355 τὴν
1322 4284 1721 4354 καταστροφήν.

167 4384 543 4456 ’Υλοτομικοῖς
593 4382 688 4434 καὶ
739 4383 1068 4443 τεκτονικοῖς
1126 4379 1374 4449 ὀργάνοις
1417 4374 1720 4446 χρώμενοι,

1193 358 1555 414 EXPOSITIO
1596 356 1660 410 IN
1700 356 2027 410 PSALMUM
2066 355 2295 409 LXXIII.

3273 347 3375 403 554

1886 470 2076 523 salutis
2106 469 2270 521 viam.
2304 466 2566 522 Describit
2592 464 2755 534 pbrro
2798 463 3068 519 excidium
3112 460 3264 514 urbis
3304 474 3367 511 ac

1888 561 2055 615 divini
2086 560 2289 629 templi.

1888 734 1955 788 Ut
2005 736 2147 804 quid,
2200 734 2359 800 Deus,
2415 734 2650 803 repulisti
2694 735 2749 785 in
2803 733 3001 800 finem?
3054 729 3240 783 Simile
3290 736 3371 782 est

1818 825 1937 878 illi:
1996 823 2247 878 Pervenit
2295 824 2360 876 ad
2417 838 2512 877 eos
2554 824 2632 876 ira
2683 822 2794 892 jam
2852 836 3022 889 usque
3081 822 3131 873 in
3178 819 3361 873 ﬁnem.

1818 914 1933 968 Non
1985 915 2126 967 enim
2171 912 2405 981 amplius
2451 913 2692 981 requiem
2736 910 3059 964 liabcbuuta
3088 911 3263 964 malis.

1886 1008 1940 1061 2.
1981 1006 2179 1059 Memor
2204 1017 2312 1058 esto
2347 1007 2764 1075 congregationis
2800 1014 2902 1057 tua:
2924 1019 3078 1072 quam
3134 1002 3370 1071 possedi-

1818 1101 1885 1153 sti
1923 1099 1984 1152 ab
2017 1100 2186 1151 initio.
2222 1098 2322 1151 Per
2342 1098 2636 1159 Abraham,
2668 1098 2816 1152 Isaac
2862 1107 2914 1151 et
2964 1094 3154 1150 Jacob.
3204 1093 3368 1147 Rede-

1820 1192 1959 1243 misti
1990 1191 2131 1259 virga
2173 1184 2530 1243 hccredi'talem
2582 1201 2746 1243 tuam.
2790 1189 2845 1241 lu
2874 1203 3161 1242 commune
3218 1188 3371 1256 poni-

1821 1290 1905 1335 tur
1926 1282 2087 1335 illud:
2122 1280 2325 1334 Memor
2355 1290 2472 1335 esto
2501 1281 2825 1335 hazreditatis
2875 1290 2998 1341 tuae,
3033 1295 3196 1349 quam
3226 1280 3370 1346 virga

1820 1372 2128 1438 redemisti;
2157 1372 2205 1424 id
2243 1380 2346 1434 est,
2369 1372 2701 1426 hmrcditatis
2723 1373 2789 1425 ad
2818 1388 3040 1442 regnum
3077 1373 3371 1431 adornata,

1820 1473 1878 1517 ut
1893 1465 2091 1517 dictum
2119 1474 2202 1517 est
2225 1465 2329 1517 illis
2349 1465 2391 1495 ⁸ο
2413 1481 2425 1516 :
2446 1463 2606 1519 Erilis
2627 1464 2755 1517 mihi
2775 1479 2837 1517 ex
2854 1465 3107 1517 omnibus
3126 1463 3374 1533 gentibus

1821 1572 1987 1626 genus
2003 1556 2254 1619 electum,
2276 1556 2451 1624 regale
2468 1556 2853 1611 sacerdotium.
2882 1554 3031 1609 Mons
3052 1553 3180 1608 Sion
3198 1554 3248 1605 in
3268 1570 3368 1624 quo

1820 1644 2071 1698 habitasti
2126 1647 2177 1697 in
2227 1663 2303 1698 eo.
2360 1644 2497 1710 Quia
2538 1644 2677 1699 Deus
2716 1645 2770 1698 in
2822 1646 3004 1699 divino
3045 1647 3240 1712 templo
3281 1660 3367 1713 ap-

1824 1737 2023 1806 paruit.

1890 1940 1943 1994 '5.
1971 1937 2106 1991 Leva
2138 1954 2320 1991 manus
2357 1950 2474 1991 tuas
2505 1942 2555 1989 in
2591 1939 2856 2005 superbius
2883 1954 3061 1990 eorum
3115 1939 3166 1991 in
3195 1938 3370 2007 ﬁnem.

1823 2025 2017 2081 Eorum
2053 2027 2146 2094 qui
2180 2036 2363 2079 contra
2400 2026 2643 2079 divinum
2694 2027 2950 2096 templum
3005 2027 3205 2081 bellum
3243 2043 3363 2095 ges-

1822 2128 2028 2173 SCI‘UDL

1889 2211 1941 2263 4.
1964 2210 2027 2262 Ει
2052 2210 2266 2277 gloriati
2295 2222 2412 2264 sunt
2438 2212 2524 2279 qui
2554 2210 2771 2262 oderunt
2800 2211 2915 2262 tein
2950 2208 3375 2262 mediosolemni—

1822 2300 1945 2352 tatis
1977 2310 2097 2354 tute.
2117 2299 2252 2365 Quia
2275 2301 2325 2353 in
2364 2300 2701 2353 solemnitate
2726 2299 2945 2353 Pascha:
2968 2299 3163 2352 bellum
3190 2309 3377 2353 contra

1822 2390 2111 2444 Dominum
2150 2392 2479 2453 excitarunt,
2514 2390 2632 2442 ideo
2665 2404 2729 2443 co
2756 2390 2873 2458 ipso
2910 2398 3149 2457 tempore
3199 2390 3378 2442 inimi-

1823 2483 1901 2536 cis
1931 2484 2043 2537 suis
2066 2485 2245 2537 traditi
2280 2491 2425 2538 sunt.
2450 2481 2585 2536 Nam
2634 2484 2687 2537 in
2726 2481 2986 2537 Paschate
3040 2481 3378 2553 congregatis

1824 2576 2119 2628 secundum
2177 2575 2346 2644 legem
2403 2576 2603 2629 Judazis
2649 2576 2923 2639 omnibus,
2960 2575 3170 2629 obsidio
3203 2578 3376 2645 posita

1822 2673 1925 2728 est,
1955 2665 2144 2734 etjurc
2170 2664 2407 2733 quidem,
2439 2678 2503 2717 eo
2537 2664 2653 2732 ipso
2712 2672 2955 2731 tempore
2984 2678 3092 2731 quo
3137 2662 3380 2717 Salvato-

1823 2770 1935 2808 rem
1972 2755 2116 2809 cruci
2147 2754 2447 2808 alliserunt.

1983 2846 2277 2900 Posuerunt
2305 2847 2454 2914 signa
2483 2862 2577 2899 sua
2612 2862 2779 2915 signa.
2810 2846 2939 2899 Belli
2963 2861 3202 2917 symnoia
3227 2848 3377 2912 dicit,

1824 2954 1943 3007 quae
1976 2939 2029 2991 in
2060 2940 2385 2993 exercitibus
2409 2940 2561 3008 signa
2607 2949 2891 3002 vocantur,
2934 2955 3053 3008 qua:
3084 2954 3317 3009 posueru
3344 2950 3382 2993 ιι

1828 3026 1881 3079 in
1906 3026 1992 3079 via
2024 3025 2275 3080 civitatis.
2336 3024 2519 3094 Neque
2565 3026 2653 3080 hic
2684 3028 3068 3091 constiterunt,
3101 3026 3197 3081 sed
3250 3029 3382 3082 iuui-

1828 3118 2042 3181 lierunt,
2081 3119 2132 3173 id
2160 3128 2242 3173 est
2270 3118 2323 3171 in
2356 3119 2531 3187 ipsum
2581 3120 2823 3173 divinum
2879 3122 3132 3188 templum
3170 3122 3380 3193 irrupe-

1824 3219 1969 3276 runt,
1998 3212 2167 3279 ignari
2205 3210 2370 3265 Deum
2405 3227 2526 3267 esse
2557 3212 2651 3281 qui
2694 3212 2926 3266 traderet
2957 3213 3063 3267 illis
3095 3214 3283 3268 urbem
3313 3214 3382 3268 ob

1825 3302 2151 3371 impietatem
2216 3304 2435 3356 civium.
2505 3305 2698 3372 Utpote
2748 3307 2861 3359 haec
2916 3305 3226 3375 ignorantes
3256 3324 3382 3376 pro-

1824 3394 1993 3463 priam
2022 3394 2272 3447 virtutem
2319 3395 2675 3458 mirabantur,
2735 3407 2787 3449 et
2824 3397 3153 3453 inﬁrmitatis
3191 3415 3379 3469 argue-

1824 3486 1955 3539 bant
1984 3485 2150 3541 Deum
2180 3487 2273 3555 qui
2306 3487 2358 3540 iu
2390 3487 2574 3541 divino
2607 3490 2803 3557 templo
2826 3489 3172 3546 adorabatur.
3201 3490 3380 3557 Quare

1827 3577 1963 3629 ultra
1988 3592 2324 3644 progressus,
2353 3578 2426 3630 ait
2453 3596 2466 3629 :
2523 3576 2816 3646 Usquequo,
2848 3579 3085 3645 Domine,
3120 3583 3379 3653 imprope-

1826 3668 1963 3720 rabit
1992 3668 2273 3720 inimicus?
2316 3666 2468 3732 Quod
2515 3678 2693 3721 autem
2730 3680 2933 3737 repetat
2970 3686 3177 3736 vocem,
3204 3676 3378 3743 signa,

1827 3758 2073 3812 mirantis
2102 3773 2224 3812 esse
2251 3760 2484 3823 videtur,
2529 3760 2672 3829 quod
2726 3760 2966 3814 divinum
2997 3763 3249 3833 templum
3276 3766 3380 3819 ini-

1828 3850 2090 3905 micorum
2132 3852 2383 3905 manibus
2417 3852 2670 3905 traditum
2710 3852 2891 3907 fuerit.

1895 4130 1948 4185 6.
1972 4130 2139 4195 Quasi
2187 4132 2242 4183 in
2292 4129 2424 4183 silva
2468 4129 2731 4199 lignorum
2761 4129 3028 4183 securibus
3074 4132 3380 4186 exciderunt

1825 4224 2013 4289 ianuas
2041 4223 2174 4292 ejus,
2199 4232 2301 4277 etc.
2335 4223 2602 4277 Describit
2630 4224 2683 4275 in
2732 4224 3088 4292 praesentibus
3115 4224 3266 4278 urbis
3316 4240 3380 4279 ac

1826 4316 2007 4385 templi
2072 4315 2363 4369 excidium.
2422 4312 2727 4367 Fabrilibus
2771 4314 3151 4369 instrumentis
3192 4314 3296 4379 usi,
3325 4324 3378 4369 et

1824 4416 1976 4474 septa
2007 4406 2310 4467 diruerunt,
2378 4414 2431 4458 et
2475 4405 2668 4459 aedium
2723 4405 2920 4473 januas
2976 4406 3377 4477 confregerunt,

156 4479 256 4532 καὶ
289 4476 416 4537 τοὺς
446 4471 762 4544 περιϐόλους
808 4471 1100 4534 κατέλυον,
1129 4468 1222 4521 καὶ
1270 4468 1376 4520 τῶν
1410 4466 1595 4518 οἰκιῶν
1621 4463 1719 4527 τὰς

1824 4513 1944 4567 qua:
1973 4498 2195 4566 pulchre
2228 4506 2283 4551 et
2307 4496 2507 4550 aﬂ‘abre
2556 4497 2828 4551 elaborata
2863 4508 3038 4563 erant,
3094 4463 3251 4567 quasi
3288 4499 3380 4553 sil-

157 4569 334 4640 θύρας
385 4563 732 4627 συνέκοπτον,
759 4561 828 4613 τὰ
874 4558 933 4615 εὖ
976 4560 1070 4614 καὶ
1108 4558 1285 4621 καλῶς
1329 4557 1612 4627 ἠσκημένα
1642 4554 1716 4617 ὡς

156 4654 365 4729 δρυμὸν
390 4650 811 4720 διαφθείροντες.

243 4742 635 4810 Ἐνεπύρισαν
648 4737 717 4789 ἐν
734 4736 873 4806 πιῬὶ
898 4734 961 4789 τὸ
979 4733 1360 4802 ἁγιαστήριόν
1374 4748 1507 4794 σου,
1524 4749 1577 4783 κ.
1597 4748 1645 4783 τ.
1663 4730 1713 4784 λ.

161 4835 319 4891 Μετὰ
350 4833 550 4903 πολλῆς
589 4830 901 4892 ἐπελθόντες
942 4831 1071 4898 ἡμῖν
1107 4828 1204 4898 τῆς
1246 4827 1521 4896 συμφορᾶς
1549 4865 1562 4884 ,
1624 4824 1718 4875 ἕνα

161 4928 366 4984 σκοπὸν
394 4921 557 4996 εἶχον,
578 4924 668 4977 τὸν
686 4922 790 4977 ὑπὸ
811 4920 902 4974 σοῦ
922 4920 1197 4989 δεδομένον
1220 4916 1517 4971 καταλῦσαι
1533 4915 1715 4985 νόμον.

156 5020 260 5074 Διὰ
275 5018 384 5089 γὰρ
398 5015 519 5069 τῶν
527 5012 747 5083 ἑορτῶν
760 5014 857 5083 τὴν
871 5012 1009 5067 κατὰ
1025 5012 1184 5081 νόμον
1195 5008 1445 5078 λατρείαν
1462 5006 1715 5077 ἐδήλωσε.

159 5111 347 5167 Ταῦτα
372 5109 448 5169 δὲ,
482 5108 666 5178 φησὶν,
693 5106 952 5176 ἐτόλμων,
985 5105 1119 5175 μήτε
1146 5100 1243 5163 τὰς
1272 5097 1489 5153 ἐπὶτῶν
1524 5096 1721 5168 προγό-

159 5219 268 5257 νων
303 5199 458 5272 ἡμῶν
498 5197 732 5267 ὁρῶντες
773 5196 1225 5267 θαυματουργίας,
1258 5195 1391 5263 μήτε
1434 5190 1538 5242 ὑπὸ
1584 5204 1718 5258 προ-

160 5291 403 5365 φητικῆς
440 5289 781 5359 ἐλεγχόμενοι
820 5288 1057 5358 χάριτος.
1091 5286 1304 5338 Τούτων
1336 5282 1443 5352 γὰρ
1470 5280 1720 5333 ἁπάντων

159 5383 418 5451 ἐξαίφνης
447 5382 786 5451 κατέστησαν
831 5379 1045 5450 ἔρημοι.
1079 5377 1253 5431 Πάλαι
1295 5374 1403 5445 γὰρ
1448 5372 1541 5425 καὶ
1584 5370 1721 5442 μετὰ

156 5478 261 5545 τὴν
292 5472 545 5527 ἐπάνοδον
574 5471 730 5543 ἔσχον
754 5472 1055 5543 προφήτας,
1084 5469 1175 5522 τδν
1211 5468 1478 5535 Ἀγγαῖον,
1505 5465 1594 5517 τὸν
1619 5465 1721 5516 Ζα-

158 5566 357 5637 χαρίαν
377 5606 392 5629 ,
418 5563 510 5617 τὸν
540 5564 844 5634 Μαλαχίαν.
875 5562 981 5618 Καί
1010 5579 1058 5615 οι
1090 5561 1289 5615 τούτων
1328 5558 1383 5611 δὲ
1424 5555 1721 5628 πρεσϐύτε-

229 5774 277 5805 ⁶⁹
302 5771 321 5825 I
347 5770 489 5826 Petr.
521 5786 579 5835 lt,
614 5770 667 5823 9.

1820 4604 1941 4643 vam
1963 4590 2289 4644 excidentes.

1891 4764 1943 4828 7,
2006 4765 2056 4819 8.
2111 4764 2454 4818 Incenderqu
2506 4782 2610 4835 igni
2644 4774 3003 4817 sanctuartum
3039 4775 3206 4829 tuum,
3270 4775 3374 4820 etc.

1820 4856 1955 4910 Cum
1988 4873 2178 4926 riaagna
2207 4859 2510 4912 calamitate
2560 4866 2743 4911 nostra
2786 4859 3164 4926 irrumpcntes,
3207 4873 3372 4912 unum

1822 4963 2045 5017 sc0pum
2085 4950 2374 5012 habebant,
2401 4950 2570 5019 legem
2606 4948 2815 5003 scilicet
2844 4964 2875 5002 a
2916 4958 2966 5001 te
3009 4949 3187 5002 datam
3212 4951 3373 5003 abro-

1822 5055 1966 5108 gare.
1993 5037 2126 5093 Nam
2152 5054 2245 5108 per
2277 5041 2386 5093 dies
2413 5040 2570 5109 festos
2595 5040 2799 5094 cultum
2854 5039 3075 5109 legalem
3101 5040 3375 5109 signiﬁca-

1820 5132 1916 5184 vit.
1938 5130 2060 5185 Haéc
2085 5143 2263 5186 autem
2290 5142 2621 5201 perpetrare,
2650 5133 2744 5198 ait,
2780 5131 2897 5186 ausi
2928 5143 3076 5196 sunt,
3111 5132 3238 5201 quia
3276 5148 3376 5185 nec

1821 5223 2090 5277 mirabilia
2120 5233 2359 5292 tempore
2418 5233 2631 5292 patrum
2694 5233 3002 5277 nostrorum
3060 5222 3199 5277 edita
3229 5223 3377 5277 vide-

1822 5322 1965 5379 rant,
2002 5329 2175 5383 neque
2206 5314 2519 5384 prophetica
2545 5315 2716 5384 gratia
2779 5312 3045 5381 redarguti
3075 5324 3221 5368 sunt.
3268 5311 3374 5368 Ho-

1820 5422 1940 5461 rum
2020 5422 2255 5475 namque
2328 5408 2571 5461 omnium
2635 5406 2814 5461 subito
2889 5414 3136 5474 expertes
3205 5405 3372 5459 fuere.

1824 5496 2098 5568 Siquidem
2159 5500 2288 5554 olim
2357 5500 2521 5554 etiam
2580 5508 2702 5570 post
2769 5496 3000 5553 reditum
3076 5513 3141 5552 ex
3206 5498 3379 5566 capti--

1820 5589 2006 5658 vitate,
2034 5591 2328 5661 prophetas
2380 5591 2653 5659 habuere,
2710 5591 2988 5663 Aggteum,
3036 5587 3376 5653 Zachariam,
