4070 6452
170 393 268 447 537

167 602 356 670 ἐρήμῳ
383 601 563 668 φησιν,
590 602 676 652 ὅτε
713 601 927 653 ἐπότισε
969 600 1060 652 τὸν
1093 599 1217 651 λαὸν
1273 601 1335 651 ἐκ
1393 601 1615 666 πέτρας.
1651 599 1731 650 Σὺ

162 693 460 760 ἑξήρανας
510 693 812 760 ποταμοὺς
876 691 1069 761 Ἡθὰμ.
1128 691 1306 762 Ἠθὰμ
1373 690 1732 762 ἑρμηνεύεται

164 784 353 847 νότοςο
398 784 478 845 εἰς
506 783 654 836 νότον
716 783 823 854 γὰρ
875 784 974 854 τῆς
1017 784 1280 837 Ἰουδαίων
1303 783 1483 854 χώρας
1538 785 1566 834 ό
1607 783 1734 851 Ἰορ-

161 873 321 941 δάνης
347 877 543 928 κεῖται.

230 968 274 1017 Σ
281 964 313 1030 ἡ
344 966 514 1017 ἐστιν
546 966 582 1032 ἡ
613 964 802 1033 ἡμέρα
826 966 922 1021 καὶ
944 965 1026 1033 σὴ
1053 967 1088 1032 ἡ
1118 964 1253 1029 νύξ.
1274 967 1344 1018 Οὐ
1382 963 1558 1033 μόνον,
1579 979 1730 1032 φησι,

160 1054 264 1107 τῶν
294 1057 352 1106 ὲν
405 1055 638 1126 Ἐρυθρᾷ
665 1055 910 1112 θαλάσση
934 1057 1029 1110 καὶ
1062 1055 1168 1107 τῶν
1217 1057 1273 1106 ἐν
1298 1057 1363 1123 τῇ
1403 1054 1595 1123 ἐρήμῳ
1637 1051 1702 1120 γέ

158 1162 320 1210 γονας
372 1146 527 1215 ἡμῶν
576 1147 823 1216 χορηγόςο
853 1146 988 1199 αλλὰ
1035 1147 1127 1199 καὶ
1184 1144 1456 1214 σύμπαντι
1505 1143 1610 1195 τῶν
1640 1145 1732 1194 ἁν-

159 1234 393 1306 θρώπων
420 1237 562 1304 γένει
598 1235 815 1304 ἀγαθῶν
839 1237 1130 1307 γεγένησαι
1149 1232 1424 1306 πρόξενος·
1447 1233 1602 1286 τοῦτο
1636 1235 1731 1301 μὲν

157 1330 371 1398 ἡμέραν
401 1329 494 1381 καὶ
527 1328 697 1382 νύκτα
724 1329 1156 1399 δημιουργήσας,
1193 1327 1347 1381 τοῦτο
1369 1328 1426 1380 δὲ
1456 1327 1606 1397 ἥλιον
1639 1327 1731 1378 καὶ⁸

155 1424 409 1492 σελήνην,
443 1423 598 1475 τοῦτο
621 1423 678 1476 δὲ
710 1423 863 1493 Θέρος
883 1424 976 1476 καὶ¹
999 1422 1121 1493 ἔαρ,
1150 1421 1308 1475 τοῦτο
1333 1422 1388 1474 δὲ
1410 1421 1587 1491 πήξας
1609 1420 1731 1488 ὅρια

152 1517 206 1565 ὲν
236 1516 303 1584 τῇ
339 1517 430 1584 γῇ.
463 1514 645 1567 Ταῦτα
669 1515 725 1568 δὲ
748 1515 840 1568 νῦν
876 1532 1004 1585 φησι
1036 1516 1130 1567 καὶ
1160 1516 1239 1577 είς
1276 1513 1375 1584 τὴν
1398 1512 1492 1566 νῦν
1520 1516 1731 1565 ἐπικου-

152 1609 276 1676 ρίαν
307 1608 468 1661 αὑτὸν
498 1607 944 1678 ἐπικαλούμενος.
982 1609 1071 1660 Διό
1101 1625 1251 1679 φησι·
1285 1608 1566 1678 Μνήσθητι
1597 1607 1730 1659 ταύ-

145 1716 250 1768 της
283 1701 382 1769 τῆς
406 1697 633 1761 κτίσεώς
673 1716 786 1752 σου.
814 1700 875 1751 Εί
907 1699 990 1751 διὰ
1021 1699 1146 1762 τοὺς
1199 1698 1537 1770 ἀνθρώπους,
1573 1700 1726 1770 φησι,

145 1789 246 1858 τὴν
276 1788 451 1841 κτίσιν
472 1789 756 1859 ἐποίησας,
816 1789 1098 1860 παράσχου
1162 1789 1258 1860 τὴν
1297 1791 1610 1861 ἐπικουρίαν
1661 1791 1726 1843 δι’

143 1880 238 1943 οὖς
273 1883 305 1950 ή
335 1879 509 1943 κτίσις
531 1880 764 1948 ἐγένετο.

214 1971 533 2039 ills-120011“
561 1973 800 2039 ταύτης,
835 1975 867 2025 ό
913 1971 1126 2040 ἐχθρὸς
1172 1971 1446 2026 ὠνείδισέ
1475 1989 1567 2038 σε,
1613 1974 1726 2026 Κύ-

139 2082 253 2129 ριε.
291 2064 790 2134 Ἐπικαλεσαμένου
830 2063 916 2116 διὰ
951 2065 1048 2133 τῆς
1073 2064 1300 2128 κτίσεως
1327 2067 1404 2126 είς
1430 2060 1607 2118 οἶκτον
1631 2065 1725 2117 τοῦ

139 2154 274 2207 λαοῦ
313 2156 406 2207 τὸν
431 2154 584 2208 Θεόψ
616 2156 777 2209 πάλιν
807 2155 979 2227 έτέρῳ
1005 2155 1192 2226 τρόπῳ
1229 2156 1390 2208 αὑτὸν
1423 2157 1503 2218 εἰς
1548 2151 1726 2208 οἶκτον

139 2245 508 2299 ἐπικαλεῖται.
550 2241 718 2310 υῦτος
761 2246 818 2299 δέ
849 2249 995 2298 ἐστιν
1047 2247 1075 2298 ό
1102 2246 1302 2318 τρόπος
1333 2246 1393 2298 τὸ
1433 2248 1571 2317 μέγα
1602 2264 1726 2318 rspo-

137 2338 253 2387 νεῖν
309 2335 402 2388 τὸν
457 2335 668 2406 ἐχθρόν.
724 2335 834 2390 Καὶ
869 2334 1019 2400 λαὸς
1071 2335 1274 2404 ἄφρων
1318 2335 1630 2403 παρώξυνε
1659 2336 1725 2389 τὸ

137 2427 332 2496 ὄνομά
362 2443 501 2482 σου.
531 2429 669 2498 Ὅρα
727 2427 886 2480 πάλιν
930 2429 1114 2497 ἕτερον
1169 2429 1452 2499 οἰκτιρμοῦ
1502 2430 1722 2500 τρόπον,

133 2517 226 2570 δὲ
261 2519 321 2571 τὸ
351 2519 475 2581 τοὺς
498 2517 721 2588 ἐχθροὺς
756 2515 1050 2589 παροξῦναι
1099 2518 1160 2570 τὸ
1180 2517 1346 2588 ὄνομα
1371 2518 1555 2571 αὑτοῦ.

209 2697 310 2768 Mf;
345 2695 622 2765 παραδῷς
647 2697 770 2762 τοῖς
813 2695 1036 2764 θηρίοις
1074 2694 1285 2764 Ψυχὴν
1330 2695 1723 2766 ἐξομαιογου-

135 2789 332 2857 μένην
359 2805 478 2842 σοι.
514 2789 856 2841 Ἐπανέτεινε
895 2789 984 2841 τὸν
1011 2787 1210 2858 τρόπον
1253 2787 1362 2841 τῶν
1399 2790 1717 2859 οἰκτιρμῶν,

134 2879 308 2950 θηρία
337 2879 463 2941 τοὺς
496 2877 722 2948 ἐχθροὺς
751 2878 1113 2940 ἀποκαλέσας·
1155 2879 1230 2942 ώς
1275 2879 1496 2950 ἔχοντάς
1517 2900 1568 2934 τι
1597 2883 1721 2946 τοὺς

134 2971 533 3042 ἡμαρτηκότας
588 2970 912 3041 συγγνώμης
966 2972 1052 3025 διὰ
1114 2972 1214 3042 τῆς
1264 2972 1716 3045 ἐξομολογήσεως.

131 3061 311 3113 Τοῦτο
373 3060 430 3112 δὲ
500 3058 714 3129 εὔχεται
783 3061 855 3131 μὴ
920 3061 1234 3132 ὁμοτρόπως
1287 3062 1580 3116 ἀπολέσθαι
1629 3063 1719 3117 τὸν

146 3148 393 3221 Ἰσραὴλ,
419 3147 448 3200 ὂ
489 3148 699 3215 γέγονε.
751 3149 948 3200 Πολλαὶ
977 3153 1084 3220 γὰρ
1110 3152 1202 3202 καὶ
1237 3151 1345 3204 τῶν
1374 3154 1718 3222 στικυρωσάν⁸

127 3259 245 3296 των
276 3239 534 3310 μυριάδες
560 3239 903 3302 ἐπίστευσαν,
936 3241 1027 3292 καὶ
1062 3241 1361 3309 ἐσώθησαν.

221 3333 590 3400 Ἐπίόλεψον
616 3333 702 3396 εὶς
726 3331 841 3400 τὴν
863 3330 1156 3400 διαθήκην
1185 3348 1322 3386 σου.
1363 3334 1589 3404 Ἕτερος
1624 3333 1719 3386 πά-

130 3425 220 3476 λιν
245 3423 533 3494 οἰκτιρμοῦ
591 3423 810 3494 τρόποςο
841 3423 931 3491 ἀφ’
959 3416 1033 3475 ὧν
1078 3423 1185 3494 γὰρ
1226 3425 1425 3491 ἀγαθὸς
1472 3426 1600 3495 περὶ
1625 3427 1720 3478 αὐ-

129 3519 264 3579 τοὺς
301 3515 521 3583 ἐγένετο
564 3514 877 3584 διαθέμενος
914 3514 1179 3585 διαθήκην
1209 3516 1411 3579 αὐτοῖς,
1444 3517 1553 3570 ἀπὸ
1599 3517 1719 3570 τού-

129 3623 244 3660 των
278 3603 621 3657 ἐπισπῶνται
667 3605 756 3656 τὸν
813 3603 979 3656 ἔλεον.
1037 3606 1164 3658 ’Ὁτι
1196 3605 1633 3673 ἐπληρώθησαν
1664 3611 1717 3661 oi

129 3695 556 3764 ἐσκοτισμένοι
611 3695 720 3762 τῆς
769 3695 881 3765 τῆς
928 3695 1107 3749 obcan-
1134 3695 1417 3766 ἀνομιῶν.
1458 3699 1524 3750 Ὀ
1567 3697 1716 3766 λέγει

130 3786 378 3841 τοιοῦτόν
433 3789 598 3841 ἐστιν·
645 3788 708 3841 Et
761 3789 854 3842 καὶ
884 3787 1108 3859 πλήρεις
1163 3789 1384 3853 σκότους
1433 3790 1716 3857 γεγόνασιν

131 3875 275 3933 οἶκοι
309 3879 492 3932 πολλοὶ
513 3878 602 3931 διὰ
623 3880 722 3942 τὰς
749 3881 827 3941 είς
861 3879 938 3942 σὲ,
968 3879 1159 3950 Κύριε,
1196 3882 1564 3952 γεγενημένας
1587 3881 1716 3952 παρ’

131 3970 318 4024 αὐτῶν
351 3969 603 4039 ἀνομίας·
642 3968 777 4021 ἀλλὰ
819 3969 892 4039 μὴ
943 3971 1049 4032 πᾶς
1109 3972 1137 4022 ὁ
1196 3970 1321 4033 λαὸς
1370 3973 1714 4044 ἀποστραφῇ,

137 4064 275 4135 μηδὲ
305 4062 539 4135 αἰσχύνῃ
565 4061 864 4133 παραδοθῇ.
897 4058 1053 4132 Εἶχον
1090 4063 1197 4134 γάρ
1225 4080 1368 4127 τινες
1410 4068 1467 4117 ὲν
1506 4068 1716 4130 ἑαυτοῖς

135 4155 416 4226 σωτηρίας
439 4153 649 4217 ἐλπίδα,
704 4155 753 4207 οἳ
795 4155 887 4206 καὶ
926 4154 1012 4207 διὰ
1040 4155 1148 4208 τῶν
1176 4157 1485 4210 ἀποστόλων
1509 4157 1716 4228 ἐσώθη-

136 4264 257 4308 σαν,
293 4246 388 4298 καὶ
409 4244 640 4314 μάλιστα
670 4244 756 4297 διὰ
773 4246 976 4316 Πέτρου
999 4248 1057 4298 ὲν
1086 4249 1203 4310 ταῖς
1227 4247 1715 4320 πρώταιςδημηγο-

137 4338 306 4406 ρίαις,
335 4336 410 4398 ώς
441 4335 579 4388 κατὰ
611 4335 944 4406 τρισχιλίους
991 4336 1086 4389 καὶ
1119 4338 1586 4409 πεντακισχιλίους
1623 4341 1714 4393 καὶ

135 4427 403 4498 μυριάδας
431 4428 626 4490 αὐτοὺς
649 4427 921 4494 γενέσθαι.

208 4602 489 4674 [Πτωχὸς
537 4603 634 4655 καὶ
679 4602 868 4671 πένης
903 4603 1214 4658 αἰνέσουσι
1245 4608 1310 4659 τὸ
1339 4607 1529 4677 ὄνομά
1571 4627 1709 4667 σου.

133 4692 447 4755 Σωθέντων,
513 4694 667 4763 φησὶ,
714 4693 822 4747 τῶν
865 4695 1134 4765 σωτηρίας
1191 4697 1376 4759 ἀξίων,
1425 4702 1453 4751 ό
1504 4703 1714 4772 πτωχὸς

134 4781 432 4851 πνεύματι,
454 4782 730 4835 τουτέστιν
761 4783 788 4834 ὁ
821 4781 926 4834 τῶν
978 4781 1289 4835 ἀποστόλων
1351 4786 1530 4856 χορὸς,
1572 4789 1711 4842 κατὰ

130 4876 214 4936 τὸ,
245 4874 533 4944 Μακάριοι
563 4878 616 4928 οἱ
645 4874 866 4942 πτωχοί
903 4873 999 4940 τῷ·
1013 4877 1322 4945 πνεύματι,
1345 4880 1441 4941 τάς
1466 4896 1545 4932 σοι
1582 4899 1713 4950 πρε-

135 4968 343 5031 πούσας
373 4967 752 5037 ἀντιπέμπουσι
775 4966 1124 5039 δοξολογίας.]

217 5059 490 5121 Ἀνάστα,
531 5063 562 5113 ὁ
589 5059 754 5125 Θεὸς,
787 5060 1041 5114 δίκασον
1072 5061 1187 5129 τὴν
1238 5062 1416 5131 δίκην
1452 5081 1586 5119 σου.
1619 5066 1712 5129 Et;

130 5156 234 5224 τὴν
267 5152 375 5206 τῶν
402 5152 798 5223 ἀπατησάντων
827 5153 918 5205 τὸν
965 5153 1091 5206 λαὸν
1133 5155 1401 5225 τιμωρίαν
1458 5158 1710 5210 ἱκετεύων

131 5240 434 5310 διανίστησι
463 5240 552 5294 τὸν
569 5239 720 5293 Θεὸν.
738 5240 1047 5309 Μνήσθητι
1071 5244 1178 5297 τοῦ
1205 5244 1545 5313 ὀνειδισμοῦ
1571 5264 1703 5302 σου.

137 5331 306 5386 Πάλιν
337 5329 425 5383 διὰ
461 5329 555 5383 τοῦ
591 5331 754 5384 αὐτὸν
787 5332 1135 5396 ὀνειδίζεσθαι
1178 5336 1257 5398 είς
1306 5331 1482 5390 οἶκτον
1515 5343 1707 5391 ἐπικα-

133 5423 306 5474 λεῖται
329 5421 420 5474 τὸν
459 5421 614 5475 Θεόν.

134 5511 242 5577 Εἰς
305 5509 372 5564 τὸ
442 5511 651 5577 τέλος,
722 5514 808 5581 μὴ
879 5513 1259 5584 διαφθείρῃς,

665 5606 990 5661 ΨΑΛΜΟΣ.
1046 5611 1164 5660 04'.

755 5695 1075 5762 Ὑπόθεσις.

165 5785 233 5838 Εν
268 5784 438 5844 τούτω
478 5787 536 5839 τὸ
562 5788 846 5860 πρόσωπον
895 5788 999 5841 τῶν
1034 5790 1341 5845 ἀποστόλων
1374 5794 1704 5865 εἰσφέρεται,

1344 5517 1419 5582 τῷ
1504 5520 1704 5589 Ἀσάφ.

1199 392 1562 448 EXPOSITIO
1603 389 1666 444 IN
1707 386 2034 443 PSALMUM
2076 387 2305 441 LXXIV.

234 508 316 561 Σὺ
344 506 661 576 διέρῤιιξας
680 508 871 576 πηγὰς
916 507 1012 561 καὶ
1069 507 1440 576 χειμάῤῥους.
1471 508 1550 559 Τὰ
1583 508 1639 559 ὲν
1666 509 1729 576 τῇ
1765 514 1804 567 Α

3291 382 3393 437 338

1907 507 1992 560 15.
2023 505 2100 559 Τιι
2133 504 2383 571 dirupisti
2408 503 2574 570 fontes
2605 511 2651 554 et
2690 509 2962 555 torrentes.
3021 499 3286 568 Loquitur
3317 502 3383 553 de

1834 598 1999 668 gestis
2036 599 2088 649 in
2132 595 2365 656 deserto,
2398 592 2614 661 quando
2666 593 2921 661 p0pnlum
2964 608 3026 644 cx
3059 599 3208 658 petra
3239 600 3390 659 pota-

1834 690 1930 742 vit.
1960 685 2035 739 Tu
2060 686 2272 739 siccasti
2302 683 2488 751 ﬂuvios
2519 682 2730 735 Etltam.
2784 682 2974 735 Etham
3013 682 3394 749 interpretatur

1835 794 2047 844 auster;
2075 797 2200 835 nam
2226 780 2290 834 ad
2315 791 2559 833 austrum
2594 776 2903 832 Iudaeorum
2933 775 3169 845 regionis
3209 773 3392 828 Jorda-

1834 877 1917 931 nis
1939 877 2074 930 situs
2111 885 2211 937 est.

1905 966 1991 1027 16,
2023 965 2107 1018 17.
2143 963 2282 1017 Tuus
2317 972 2390 1015 est
2415 961 2524 1015 dies
2563 969 2612 1014 et
2647 970 2736 1012 tua
2779 967 2854 1013 est
2901 973 3024 1012 nox.
3073 954 3186 1009 Non
3214 957 3386 1010 solum

1835 1057 2030 1126 inquit,
2067 1057 2119 1110 in
2155 1056 2290 1109 mari
2317 1054 2503 1108 Rubro
2532 1061 2585 1107 et
2640 1052 2692 1104 in
2741 1052 2956 1105 deserto
2997 1050 3132 1103 bona
3169 1047 3388 1116 largitus

1835 1169 1893 1208 es
1933 1153 2124 1216 nobis;
2173 1151 2264 1205 sed
2312 1151 2472 1204 etiam
2525 1147 2621 1202 toti
2673 1145 2948 1199 hominum
3007 1143 3186 1212 generi
3250 1141 3388 1194 bona

1833 1244 2025 1297 tribuis
2053 1261 2066 1296 :
2108 1243 2220 1296 sive
2243 1241 2383 1295 diem
2415 1250 2578 1308 atque
2613 1245 2849 1299 noctem,
2898 1236 3011 1289 sive
3034 1233 3202 1287 solem
3240 1241 3293 1284 et
3317 1231 3390 1283 iu-

1833 1350 1956 1388 nam
1981 1334 2254 1400 condens;
2315 1332 2428 1388 sive
2477 1341 2738 1390 aestatem,
2775 1338 2828 1383 et
2865 1340 3088 1379 vernum
3140 1333 3386 1391 tempus,

1832 1425 1944 1479 sive
1970 1425 2231 1478 terminos
2262 1423 2314 1477 in
2352 1434 2493 1476 terra
2515 1421 2871 1477 constituens.
2901 1416 3013 1470 lloc
3038 1425 3216 1468 autem
3248 1428 3389 1466 nunc

1832 1521 1905 1573 ait
1927 1518 1992 1572 ad
2027 1531 2262 1587 praesens
2287 1515 2547 1568 auxilium
2610 1527 2862 1567 evocans.
2895 1509 3073 1576 Quare
3103 1508 3178 1562 ait
3213 1527 3224 1560 :
3283 1505 3391 1558 Mo-

1830 1628 1949 1666 mor
1969 1619 2088 1666 esto
2135 1607 2361 1678 hujusce
2403 1615 2664 1660 creatura:
2691 1611 2814 1658 tuae.
2867 1602 2922 1656 Si
2955 1611 3173 1671 prapter
3214 1597 3388 1652 honu-

1831 1717 1946 1767 nes,
1973 1699 2170 1770 inquit,
2226 1705 2505 1753 creaturas
2543 1691 2855 1754 condidisti,
2905 1689 3081 1761 ιιι-αξιιο
3124 1688 3386 1742 auxilium

1830 1795 1895 1850 iis
1926 1808 2156 1864 quorum
2193 1807 2358 1846 causa
2390 1797 2651 1845 creaturae
2677 1785 2904 1842 condine
2935 1792 3080 1840 sunt.

1899 1973 1985 2028 18.
2023 1973 2222 2028 Mentor
2248 1981 2355 2025 esto
2377 1971 2554 2039 hujus,
2581 1971 2826 2021 inimicus
2866 1967 3232 2036 improperarit
3271 1965 3383 2028 tibi,

1825 2068 2067 2121 Domine.
2101 2062 2393 2132 Postquam
2455 2076 2551 2130 per
2581 2069 2842 2115 creaturae
2876 2066 3076 2111 statqu
3133 2058 3197 2109 ad
3227 2057 3388 2110 mise-

1825 2158 2087 2213 rationem
2113 2155 2292 2224 populi
2332 2153 2496 2206 Deum
2527 2151 2791 2214 evocavit,
2823 2149 2930 2203 alio
2961 2164 3177 2203 rursum
3224 2148 3387 2200 modo

1824 2249 1890 2302 ad
1947 2245 2377 2301 misericordiam
2440 2250 2619 2297 vocat.
2662 2241 2760 2296 Hic
2824 2251 3004 2296 autem
3063 2242 3257 2295 modus
3306 2253 3388 2294 est

1824 2340 1967 2410 quod
1996 2338 2247 2391 inimicus
2304 2335 2588 2407 magniﬁce
2639 2334 2854 2390 sentiat.
2893 2332 2958 2385 Et
3009 2333 3229 2401 populus
3255 2333 3386 2384 insi-

1821 2434 1968 2502 piens
1999 2430 2233 2485 incitavit
2289 2445 2473 2482 nomen
2536 2437 2704 2481 tuum.
2764 2423 2898 2478 Vide
2953 2440 3169 2478 rursum
3223 2423 3382 2476 aliam

1823 2519 2316 2574 commiserationis
2343 2519 2630 2580 rationem,
2669 2516 2798 2586 quia
2832 2515 3037 2571 scilicet
3065 2513 3268 2567 inimici
3299 2513 3384 2566 in-

1821 2610 2057 2663 citarunt
2083 2623 2277 2661 nomen
2311 2607 2450 2675 ejus.

1895 2699 1980 2753 i9.
2016 2697 2097 2752 Ne
2153 2697 2336 2749 tradas
2391 2696 2568 2750 bestiis
2614 2697 2848 2748 animam
2891 2694 3215 2762 conﬁtentem
3267 2692 3380 2744 tibi.

1821 2789 2078 2844 Extendit
2133 2788 2629 2843 commiserationis
2686 2802 2932 2852 causam,
2985 2786 3234 2839 inimicos
3284 2801 3381 2837 νο-

1820 2897 1950 2936 cans
1973 2881 2195 2936 bestias.
2231 2879 2367 2945 Quia
2408 2879 2501 2949 qui
2535 2889 2828 2948 peccarunt
2861 2894 2955 2948 per
2982 2875 3380 2932 confessionem

1820 2975 2030 3029 veniam
2055 2981 2479 3042 consequuntur.
2506 2970 2680 3040 Rogat
2702 2979 2880 3023 autem
2910 2981 2967 3025 ut
2992 2977 3058 3024 hc
3081 2969 3195 3038 pari
3224 2969 3383 3021 modo

1819 3067 1996 3121 omnis
2032 3063 2194 3120 Israel
2220 3074 2421 3134 pereat,
2451 3063 2595 3132 quod
2625 3063 2788 3116 etiam
2816 3060 3016 3116 factum
3045 3070 3150 3115 est.
3205 3059 3383 3114 Multa:

1823 3174 2054 3228 namque
2102 3156 2369 3228 myriades
2415 3169 2603 3208 eorum
2635 3154 2727 3222 qui
2783 3152 3059 3207 Christum
3096 3147 3382 3206 crucil‘t'xe-

1821 3256 1967 3310 runt,
1989 3257 2171 3317 postea
2202 3246 2548 3301 crediderunt
2568 3252 2620 3298 et
2644 3245 2870 3297 salutem
2902 3252 3207 3298 consecutae
3233 3255 3378 3298 sunt.

1885 3340 1976 3393 20.
2010 3338 2223 3407 Respice
2273 3338 2327 3389 in
2366 3346 2729 3389 testamentum
2774 3348 2940 3389 tuum.
2979 3336 3129 3391 Alius
3184 3337 3378 3391 iterum

1818 3426 2308 3483 commiscrationis
2355 3424 2552 3479 modus
2582 3424 2824 3488 aﬂertur,
2859 3424 3006 3495 quod
3035 3426 3180 3480 enim
3240 3424 3380 3480 Deus

1819 3535 1946 3588 erga
1973 3518 2094 3573 illos
2148 3518 2328 3572 bonus
2369 3525 2420 3571 et
2476 3517 2715 3572 clemens
2765 3516 2946 3582 fuerit,
3001 3524 3376 3572 testamentum

1818 3609 1954 3661 dans
1977 3608 2107 3670 illis,
2142 3608 2269 3660 hinc
2291 3595 2715 3661 misericordiam
2743 3607 2843 3660 sibi
2891 3609 3162 3663 attrahere
3183 3624 3381 3664 conan-

1818 3707 1925 3752 tur.
1961 3696 2101 3762 Quia
2127 3697 2311 3766 repleti
2366 3705 2488 3750 sunt
2515 3698 2606 3766 qui
2633 3691 2907 3750 'obscurati
2935 3708 3056 3750 sunt
3106 3707 3259 3753 terra:
3286 3701 3380 3754 do-

1819 3791 1984 3845 mibus
2014 3791 2374 3860 iniqttitatum.
2410 3788 2563 3856 Quod
2605 3789 2678 3844 ait
2702 3789 2969 3860 ejusmodi
3000 3798 3119 3845 est:
3155 3789 3378 3847 Etiamsi

1818 3883 2001 3938 multa:
2049 3881 2246 3938 domus
2271 3882 2341 3936 ob
2369 3882 2708 3952 iniquitatem
2743 3897 2870 3952 erga
2895 3889 2947 3936 te
2990 3882 3250 3951 ipsarum,
3302 3891 3382 3938 te-

1817 3975 2000 4030 nebris
2027 3975 2198 4044 plenas
2229 3973 2472 4028 fuerunt:
2533 3983 2587 4027 at
2622 3988 2807 4042 quaeso
2850 3987 2916 4027 ne
2944 3974 3122 4028 omnis
3148 3975 3380 4044 populus

1817 4067 2122 4136 abjiciatur,
2175 4073 2231 4120 et
2278 4064 2514 4119 infamiae
2562 4065 2829 4118 tradatur.
2868 4062 3189 4119 Habuerunt
3231 4067 3375 4120 enim

1815 4156 2035 4225 quidam
2063 4155 2118 4209 in
2142 4156 2336 4224 seipsis
2362 4171 2513 4224 spem
2549 4154 2764 4218 salutis,
2800 4154 2895 4223 qui
2948 4154 3112 4208 etiam
3162 4166 3379 4224 aposto-

1817 4245 1993 4299 lorum
2023 4259 2188 4315 opera
2241 4246 2471 4299 salutem
2521 4243 2667 4298 nacti
2712 4251 2841 4297 sunt
2897 4261 2908 4294 :
2973 4243 3212 4298 maxime
3253 4260 3378 4298 vero

1815 4337 2091 4406 prioribus
2141 4334 2286 4389 Petri
2340 4335 2718 4400 concionihus,
2751 4334 2842 4387 ubi
2876 4334 3037 4388 modo
3080 4345 3162 4390 ter
3211 4336 3376 4400 mille,

1815 4428 1978 4482 modo
2011 4427 2304 4497 quinquies
2333 4426 2496 4492 mille,
2521 4427 2683 4480 modo
2711 4425 2874 4479 etiam
2899 4425 3168 4496 myriades
3198 4442 3378 4482 acces-

1743 4531 1788 4585 D
1813 4532 1933 4572 sere
1954 4518 2020 4572 ad
2059 4517 2238 4571 ﬁdem.

1886 4609 2009 4680 [21.
2066 4607 2276 4676 Pauper
2316 4617 2366 4662 et
2414 4610 2559 4676 inops
2613 4610 2906 4665 [laudabunt
2956 4628 3143 4666 nomen
3205 4620 3375 4666 tuum.

1813 4701 2131 4771 Postquam,
2192 4702 2387 4771 inquit,
2449 4703 2677 4756 salutem
2708 4704 2986 4759 consecuti
3032 4714 3160 4760 sunt
3183 4703 3276 4773 qui
3309 4719 3371 4757 ea

1810 4791 1958 4861 digni
1995 4800 2144 4857 sunt,
2205 4806 2408 4861 pauper
2464 4793 2688 4861 spiritu,
2736 4795 2946 4850 scilicet
3000 4796 3372 4866 apostolorum

1811 4884 2046 4948 chorus,
2087 4883 2386 4937 secundum
2412 4882 2566 4950 illttd,
2618 4885 2774 4939 Beati
2818 4903 3070 4958 pauperes
3091 4889 3281 4954 spiritu
3304 4889 3372 4954 θ’,

1809 4982 2168 5042 congruentes
2198 4975 2292 5029 tibi
2321 4974 2509 5030 laudes
2530 4974 2775 5047 emittit.]

1878 5063 1966 5116 22.
2015 5062 2273 5135 Exsurge,
2331 5064 2494 5132 Deus,
2551 5067 2742 5136 judica
2794 5085 3010 5123 causam
3052 5080 3216 5124 tuam.
3260 5069 3374 5127 Ilac

1809 5155 2203 5224 supplicatione
2256 5157 2425 5211 Deum
2466 5157 2668 5213 excitat
2715 5160 2780 5215 ad
2835 5161 3160 5231 supplicium
3205 5163 3272 5217 de
3303 5163 3370 5217 iis

1809 5245 2129 5299 sumendum
2159 5247 2251 5316 qui
2318 5250 2575 5318 populum
2625 5250 2974 5321 deceperunt.
3031 5252 3232 5307 Memor
3261 5269 3369 5309 esto

1809 5338 2110 5406 improperii
2163 5339 2260 5392 tui.
2325 5337 2562 5394 Rursum
2615 5342 2742 5410 quia
2822 5343 2936 5413 ipse
2977 5346 3370 5415 improperatus

1810 5427 1911 5482 fuit
1939 5429 2004 5483 ad
2039 5430 2464 5486 miscricordiam
2502 5430 2668 5486 Deum
2699 5443 2876 5488 vocat.

1813 5520 1859 5572 l.
1896 5518 1961 5572 In
2014 5521 2192 5588 ﬁnem,
2246 5539 2308 5576 ne
2379 5540 2704 5591 corrumpas.
2777 5525 3113 5583 PS'ALMUS
3169 5529 3366 5598 Asaplz.

2454 5615 2640 5669 LXXI
2660 5616 2717 5672 V.

2378 5708 2773 5777 Argumentum.

1808 5796 1864 5851 lu
1925 5797 2026 5852 hoc
2069 5799 2280 5866 psalmo
2330 5815 2559 5869 persona
2630 5803 2999 5870 apostolorum
3057 5803 3361 5870 inducitur,
