4070 6464
688 400 792 455 359

758 619 819 657 ac
852 614 1245 673 reprznsentans
1281 606 1411 659 iusis
1463 607 1787 662 horrendum
1847 611 1976 664 illud
2008 626 2071 665 ac
2099 613 2238 666 diri-

753 711 882 749 num
913 697 1164 749 tribunal.

753 785 807 847 2,
844 787 895 840 5.
924 784 1297 853 Conﬁtebimur
1322 788 1438 854 tibi,
1475 786 1610 840 Deus
1636 827 1650 842 .
1687 830 1700 843 .
1739 830 1750 842 .
1791 789 2036 846 Narrabo
2068 796 2241 848 omnia

683 878 949 930 mirabilia
981 889 1091 932 tua.
1125 881 1219 933 Dei
1271 879 1538 933 mirabilia
1569 892 1948 935 enarialurum
1995 901 2052 937 se
2089 886 2244 954 polli-

683 979 834 1021 cetur
861 972 1190 1038 apostolicus
1215 972 1410 1025 chorus
1435 987 1463 1024 a
1494 976 1939 1040 persequentibus
1963 977 2239 1031 liberatus.

685 1057 794 1127 Ego
818 1061 1059 1126 justitias
1081 1063 1350 1130 judicabo.
1387 1062 1510 1118 Hrec
1536 1065 1610 1118 ait
1638 1065 1883 1121 Salvator
1912 1072 2242 1139 respondens

680 1162 865 1201 eorum
890 1151 1255 1218 promissioni.

751 1334 801 1386 4.
835 1333 1139 1403 Liquefacta
1184 1350 1256 1391 cst
1295 1350 1434 1392 terra
1475 1351 1522 1393 et
1571 1359 1743 1394 omnes
1779 1346 1866 1411 qui
1907 1344 2141 1398 habitant
2189 1348 2238 1399 in

679 1443 760 1478 ea.
794 1427 1090 1496 Cumjusta
1114 1431 1406 1497 iudicares,
1441 1433 1633 1501 inquit,
1666 1435 1985 1503 liquefec'sti
2019 1448 2238 1503 terram,

681 1518 924 1572 videlicet
954 1519 1342 1593 Jerosolymam
1363 1565 1376 1586 ,
1413 1535 1458 1577 et
1495 1542 1668 1579 omnes
1693 1529 1780 1595 qui
1805 1529 2042 1580 habitant
2073 1530 2124 1580 in
2156 1547 2236 1584 ea.

680 1607 864 1662 Potest
889 1620 1065 1663 autem
1103 1612 1227 1665 illud
1278 1612 1476 1681 duplici
1510 1616 1670 1668 modo
1714 1617 1957 1685 intelligi,
1993 1628 2151 1687 atque
2188 1621 2238 1671 in

683 1700 880 1753 bonam
929 1711 1158 1768 partem,
1193 1703 1398 1757 scilicet
1445 1705 1727 1772 liquefacta
1762 1717 1858 1770 est,
1905 1708 1954 1760 id
1990 1718 2092 1770 est,
2126 1726 2242 1762 ma-

682 1793 809 1848 lilia:
836 1795 1189 1860 cendonavit;
1225 1804 1279 1848 et
1324 1796 1376 1848 in
1411 1799 1629 1864 malam,
1662 1808 1720 1851 ut
1765 1801 1998 1854 declaret
2038 1803 2240 1870 suppli~

1529 400 1585 455 S.
1631 402 1996 457 ATHANASII
2037 405 2187 460 OPP.
2230 407 2407 460 PARS
2445 407 2533 461 Ill.
2576 437 2645 445 ——-
2684 404 3097 460 EXEGETICA.

757 515 1050 568 cohortaris
1070 513 1316 567 homines
1367 523 1424 566 ut
1470 516 1762 585 impietatis
1795 521 1952 573 linem
2012 520 2232 583 faciant,
2265 528 2309 582 Α

3805 403 3913 458 340

2411 523 2707 592 παραινοῦν
2727 524 2852 584 τοὺς
2873 519 3189 591 ἀνθρώπους
3212 521 3307 590 τῆς
3331 519 3583 580 ἀσεϐειας
3616 518 3913 572 παύεσθαι,

2413 611 2795 680 ὑποτιθέμενον
2828 612 3009 672 αὑτοῖς
3042 610 3101 661 τὸ
3142 608 3368 679 φοϐερὸν
3422 610 3596 660 ἐκεῖνο
3628 606 3721 658 καὶ
3773 606 3916 659 θεῖον

2410 705 2770 775 δικαστήριον.

2421 791 3003 863 Ἐξομολογ-ησόμεθά
3027 807 3146 856 σοι,
3189 795 3220 844 ὀ
3276 792 3439 855 Θεός.
3471 831 3484 844 .
3525 830 3538 842 .
3574 830 3588 844 .
3619 790 3920 869 Διητιήσο-

2336 904 2438 954 μοι
2475 886 2668 938 πάντα
2706 886 2774 938 τὰ
2815 883 3114 953 θαυμάσια
3150 900 3284 936 σου.
3319 880 3628 950 Διηγεῖσθαι
3658 881 3750 932 τοῦ
3777 881 3914 933 Θεοῦ

2343 978 2409 1029 τὰ
2455 977 2728 1046 θαυμάσια
2762 977 3103 1044 ὑπισχνεῖται
3136 975 3163 1024 6
3197 973 3546 1034 ἀποστολικὸς
3597 975 3770 1044 χορὸς,
3805 972 3916 1024 τῶν

3110 1065 3256 1132 Ἐ
3319 1065 3533 1128 εὑθὺτη
3542 1082 3644 1129 τας
3711 1062 3911 1131 κρινῶ.

2343 1157 2523 1209 Ταῦτα
2573 1160 2600 1209 6
2653 1157 2840 1230 Σωτήρ
2884 1175 3046 1228 φησιν
3099 1155 3387 1209 ὑπακούων
3437 1156 3616 1210 αὑτῶν
3671 1160 3736 1226 τῇ
3781 1159 3914 1209 ὑπο-

2341 1067 2641 1119 διωκόντων
2690 1066 3039 1134 ἀπαλλαγείς.

2344 1252 2542 1320 σχέσει.

2425 1341 2628 1408 Ἐτάκη
2665 1343 2701 1408 ἡ
2734 1340 2806 1408 γῆ
2844 1341 2938 1393 καὶ
2968 1340 3187 1406 πάντες
3216 1343 3268 1393 οἱ
3299 1340 3604 1405 οἰκοῦντες
3631 1341 3702 1393 ἐν
3733 1337 3915 1408 αὐτῇ.

2341 1433 2552 1492 Δίκαια,
2592 1433 2740 1502 φησὶ,
2785 1433 2983 1502 κρίνων
3041 1431 3340 1501 κατέτηξας
3379 1431 3474 1501 τὴν
3528 1433 3650 1501 γῆν,
3711 1432 3918 1502 δηλαδὴ

2340 1524 2436 1592 τὴν
2481 1522 2850 1594 Ἰερουσαλὴμ,
2885 1523 2980 1574 καὶ
3013 1523 3244 1586 πάντας
3285 1522 3424 1586 τοὺς
3462 1522 3532 1574 ἐν
3577 1521 3733 1589 αὐτῇ
3776 1539 3920 1575 κατ-

2341 1613 2676 1677 οικοῦντας.
2726 1613 2955 1664 Δύναται
3023 1611 3079 1664 δὲ
3117 1612 3274 1664 τοῦτο
3296 1611 3487 1674 διττῶς
3541 1613 3779 1664 νοεῖσθαι
3818 1610 3920 1664 καὶ

2340 1704 2432 1755 ἐπὶ
2459 1702 2683 1769 ἀγαθοῦ,
2738 1703 2818 1763 τὸ,
2879 1701 3079 1767 ἐτάκη,
3123 1703 3242 1755 ἀντὶ
3299 1701 3414 1763 τοῦ,
3463 1703 3798 1755 ὑπενδέδωκε
3848 1705 3917 1771 τῇ

2342 1794 2592 1863 πονηρία·
2624 1795 2714 1846 καὶ
2763 1795 2854 1845 ἐπὶ
2888 1794 3087 1856 κακοῦ,
3141 1796 3226 1846 ἶνα
3259 1795 3472 1865 δηλώσῃ
3504 1795 3604 1864 τὴν
3643 1794 3920 1864 τιμωρίαν

681 1883 822 1935 cium
871 1883 937 1936 de
994 1884 1058 1937 iis
1108 1893 1401 1952 sumptum.
1457 1884 1566 1956 Ego
1615 1891 1916 1957 conﬁrmavi
1969 1893 2236 1944 columnas

2341 1885 2433 1954 τὴν
2461 1884 2756 1954 γενομένην
2784 1885 2902 1936 κατ’
2949 1885 3145 1937 αὐτῶν.
3200 1885 3346 1954 Ἐγὼ
3395 1886 3732 1953 ἑστερέωσα
3774 1887 3922 1951 τοὺς

680 1972 812 2038 ejus.
865 1971 1145 2027 Columna:
1197 1974 1493 2030 Jerusalem
1547 1988 1674 2032 sunt
1738 1981 1908 2033 sancti
1970 1983 2233 2050 apostoli,

678 2061 830 2129 juxta
867 2061 917 2115 id
955 2065 1094 2132 quod
1136 2065 1336 2119 dictum
1378 2076 1459 2120 est
1492 2084 1503 2117 :
1534 2067 1789 2121 Columna
1841 2079 1889 2122 et
1932 2070 2236 2137 firmamen-

680 2169 787 2210 tum
817 2161 1051 2223 veritatis
1071 2160 1136 2212 ⁸³.
1159 2161 1605 2241 [AitApostolusz
1643 2162 1710 2216 Et
1741 2181 1857 2216 cum
1887 2166 2236 2233 cognovissent

680 2254 906 2319 gratiam
955 2271 1070 2321 qua:
1117 2255 1241 2307 data
1291 2266 1364 2308 est
1419 2258 1544 2308 mihi
1587 2257 1815 2309 Iacobus
1847 2269 1890 2310 et
1939 2257 2138 2326 Cepltas
2188 2269 2236 2310 et

678 2341 928 2405 Joannes,
961 2343 1048 2407 qui
1080 2344 1382 2396 videbantur
1411 2346 1664 2400 columna:
1693 2364 1801 2399 esse
1829 2345 1924 2417 ⁸².]

750 2434 801 2488 5.
833 2434 960 2486 Οἱ.τὶ
998 2436 1189 2503 iniquis
1223 2451 1238 2487 :
1274 2435 1451 2489 Nolite
1484 2438 1656 2497 inique
1689 2454 1838 2505 agere
1899 2437 1994 2490 llic
2024 2447 2239 2506 aposto-

680 2529 854 2580 lorum
901 2544 1130 2595 persona
1172 2528 1418 2590 eﬂ‘ertur,
1449 2545 1568 2596 quze
1611 2529 1857 2583 homines
1905 2531 2153 2583 hortatur
2184 2541 2241 2584 ut

680 2620 961 2687 quiescant
987 2620 1054 2671 ab
1087 2621 1376 2688 impietate.
1423 2619 1703 2690 [llumiliat
1737 2631 1912 2674 autem
1951 2621 2235 2675 Judaicum

683 2709 937 2777 populant
974 2711 1041 2764 ob
1067 2710 1183 2778 ejus
1211 2711 1515 2779 superbiam
1550 2729 1561 2762 :
1597 2713 1796 2765 exaltat
1821 2727 1949 2766 vero
1981 2714 2236 2781 pupulum

680 2818 742 2856 ex
771 2801 1018 2869 gentibus
1045 2803 1114 2855 ob
1145 2802 1500 2854 humilitatem
1529 2801 1692 2872 ejus]

751 2892 800 2946 6.
833 2891 1010 2946 Nolite
1036 2893 1282 2945 extollere
1325 2894 1377 2944 in
1415 2893 1580 2944 altum
1627 2909 1787 2945 cornu
1819 2906 2064 2946 rastrum.
2105 2892 2239 2947 Nam

679 2993 907 3039 czrnula
946 2982 1199 3035 animalia
1249 2983 1472 3035 multum
1505 2981 1570 3035 dc
1619 2983 1875 3038 cornibus
1917 2985 2236 3053 gloriantur.

680 3071 908 3126 Jubetur
953 3083 1132 3126 autem
1186 3073 1404 3142 iniquis,
1439 3085 1495 3126 ut
1529 3090 1594 3127 ne
1640 3076 1947 3143 arrogantia
1986 3075 2240 3144 iniquita-

682 3177 786 3220 tem
836 3177 1100 3236 augeant,
1147 3182 1320 3236 neque
1381 3177 1631 3220 moveant
1681 3167 1915 3236 linguam
1980 3168 2238 3221 adversus

681 3257 870 3311 Deum.

752 3351 804 3402 7.
840 3348 977 3414 Quia
1019 3367 1178 3418 neque
1227 3352 1290 3405 ali
1341 3353 1588 3417 exitibus,
1635 3371 1793 3424 neque
1840 3355 1904 3406 ab
1957 3353 2240 3417 occidente,

685 3458 844 3509 neque
872 3460 902 3495 a
929 3443 1144 3497 desertis
1177 3445 1452 3499 montibus.
1495 3444 1653 3500 lliscc
1694 3457 1862 3500 totum
1907 3447 2092 3500 orbem
2136 3455 2243 3499 ter-

684 3550 866 3591 rarum
917 3534 1203 3604 signiﬁcat.
1253 3535 1444 3590 Exitus
1497 3547 1674 3590 autem
1720 3536 1850 3591 dicit
1893 3538 2176 3599 orientem,
2212 3551 2240 3588 a

684 3648 793 3700 quo
830 3631 911 3686 sol
949 3633 1093 3697 exit;
1138 3632 1470 3686 occidentem
1508 3644 1684 3686 autem
1718 3633 1990 3699 vesperias
2029 3641 2238 3701 partes;

683 3731 923 3776 oesertos
964 3732 1195 3783 montes,
1237 3723 1655 3791 septentrionem
1685 3733 1737 3776 et
1777 3722 2092 3786 meridiem;
2122 3737 2242 3790 quze

683 3823 861 3883 partes
907 3813 976 3866 ob
1021 3815 1413 3867 vehementiam
1462 3813 1677 3882 frigoris
1711 3822 1762 3866 et
1803 3824 1967 3867 aestus
2011 3811 2237 3866 habitari

685 3912 978 3973 nequeunt.
1011 3902 1122 3964 Ne,
1158 3905 1347 3972 inquit.
1382 3905 1564 3972 inique
1605 3906 1796 3974 agatis,
1835 3906 1960 3973 quia
1992 3920 2150 3959 nemo
2187 3906 2238 3958 in

685 4004 795 4049 toto
820 3995 948 4048 orbe
981 3994 1147 4046 Deum
1174 3995 1406 4056 latuerit,
1443 3996 1486 4047 si
1515 3996 1736 4063 impium
1767 3996 1892 4064 quid
1922 3995 2156 4064 proferat
2187 3995 2238 4047 in

683 4102 828 4139 eum.
864 4084 1017 4139 Hunc
1047 4086 1373 4148 Itumiliat,et
1405 4087 1538 4137 hunc
1564 4086 1784 4138 exultat.
1809 4087 1938 4139 Cum
1971 4085 2038 4140 sit
2067 4086 2241 4140 bonus

679 4177 861 4246 judex,
896 4175 988 4240 ait,
1017 4176 1210 4244 impios
1253 4175 1521 4240 hnmiliat,
1553 4177 1753 4232 exaltat
1793 4186 1970 4229 autem
2008 4177 2240 4242 humiles

682 4271 861 4322 corde.
898 4267 1020 4323 Haec
1071 4283 1234 4336 porro
1279 4269 1588 4337 accipienda
1629 4278 1755 4322 sunt
1797 4269 1861 4321 de
1898 4268 2109 4322 duobus
2144 4285 2240 4338 po-

682 4361 842 4428 pulis.
891 4358 1198 4413 Judreorum
1231 4359 1438 4414 scilicet
1475 4369 1528 4413 et
1569 4360 1831 4429 gentium.
1878 4357 1969 4412 llle
2009 4375 2240 4429 namque

683 4450 995 4505 humiliatus
1031 4449 1130 4503 fuit
1176 4462 1393 4518 propter
1432 4452 1824 4520 arrogantiam,
1858 4451 1945 4504 hic
1971 4452 2239 4508 exaltatns

682 4552 896 4611 propter
928 4541 1304 4594 humilitatem.
1340 4540 1456 4610 Ipse
1483 4557 1717 4610 namque
1744 4543 2027 4597 constituit
2062 4560 2234 4614 reges,
2270 4537 2314 4588 Ι)

679 4645 730 4686 et
762 4635 1033 4700 deturbat,
1057 4635 1283 4688 suscitat
1307 4635 1372 4688 de
1403 4643 1542 4687 terra
1571 4635 1808 4702 inopem,
1830 4645 1883 4689 et
1909 4637 1975 4689 de
2006 4645 2244 4690 stercore

679 4728 833 4794 erigit
875 4742 1183 4798 pauperem.
1234 4724 1347 4779 lino
1395 4727 1556 4779 etiam
1598 4736 1886 4796 postquam
1938 4727 2245 4784 humiliarit

678 4833 771 4872 eos
799 4822 888 4887 qui
927 4835 990 4871 ex
1024 4818 1438 4872 circumcisione
1461 4829 1606 4881 sunt,
1638 4827 1822 4890 gentes
1857 4820 2134 4873 exaltaril.

747 4997 795 5051 9.
834 4996 970 5060 Quia
1007 4997 1150 5050 calix
1196 4999 1251 5049 in
1295 5014 1453 5050 manu
1496 4997 1704 5050 Domini
1749 4998 1852 5050 vini
1898 4997 2026 5049 meri
2055 4996 2238 5063 plenus

679 5093 856 5146 misto.
894 5093 1066 5158 Calix,
1100 5093 1294 5160 inquit,
1324 5102 1406 5146 est
1437 5094 1488 5145 in
1528 5109 1688 5147 manu
1717 5091 1956 5154 Domini,
1991 5094 2042 5145 in
2079 5107 2236 5159 quem

679 5183 882 5239 fruetus
907 5185 1142 5238 hominis
1170 5185 1282 5237 sive
1318 5184 1486 5236 honos
1519 5184 1632 5237 sive
1660 5183 1832 5236 malos
1866 5183 2020 5252 quasi
2055 5180 2236 5248 expri-

678 5291 830 5329 mens
859 5285 910 5331 et
939 5275 1076 5328 bona
1107 5276 1262 5328 malis
1293 5275 1673 5338 commiscens,
1701 5275 1883 5342 ipsum
1915 5273 2131 5341 plenum
2162 5269 2240 5323 ef.

678 5369 807 5420 licit.
849 5364 1052 5419 Exinde
1086 5381 1208 5417 vero
1256 5382 1380 5434 quoi
1399 5380 1486 5416 um
1535 5365 1633 5419 faex
1685 5381 1791 5418 non
1831 5363 2145 5427 ell'unditur,
2184 5361 2232 5414 id

674 5469 777 5520 est,
811 5457 842 5508 ii
883 5456 931 5508 in
977 5457 1175 5527 quibus
1205 5467 1421 5524 peccata
1474 5465 1770 5518 remanent,
1801 5456 1976 5522 ipsum
2022 5455 2233 5515 bibunt,

681 5551 727 5602 id
771 5557 872 5610 est,
918 5547 1148 5615 propriis
1199 5547 1612 5600 inebriabuntur
1655 5547 1842 5608 malis,
1876 5547 2016 5600 sicut
2049 5554 2235 5598 contra

680 5641 849 5695 sancti
883 5639 1066 5692 bibent
1093 5639 1311 5692 calicem
1353 5638 1474 5692 vita:
1521 5639 1574 5691 in
1619 5653 1784 5707 regno
1816 5639 2076 5692 cmlorum
2113 5653 2236 5692 cum

748 5816 835 5868 “l
874 5816 1009 5871 Tim.
1045 5833 1117 5880 lit.
1150 5817 1227 5869 l5.
1310 5816 1352 5846 θ’
1385 5814 1556 5870 Galat.
1595 5830 1654 5878 ll,
1691 5815 1743 5867 9.

2337 1976 2604 2040 στύλους
2648 1975 2856 2042 αὐτῆς.
2911 1974 3096 2027 Στῦλοι
3132 1976 3230 2044 τῆς
3287 1975 3644 2046 Ἰερουσαλὴμ
3691 1977 3738 2027 οἱ
3771 1977 3920 2046 ἆγιοι

2337 2067 2640 2126 ἀπόστολοι,
2663 2065 2803 2119 κατὰ
2829 2066 2886 2118 τὸ
2911 2069 3029 2136 είρη
3041 2066 3218 2134 μένον·
3251 2065 3481 2130 Στῦλος
3506 2067 3603 2117 καὶ
3620 2044 3919 2134 ἐδραίωιία

2337 2156 2445 2222 τῆς
2471 2159 2770 2222 ἀληθείας.
2793 2156 2978 2227 [Φησὶν
2999 2159 3026 2208 6
3050 2156 3386 2219 Ἀπόστολος’
3402 2157 3509 2210 Καὶ
3531 2157 3768 2224 γνόντες
3801 2157 3919 2224 τὴν

2336 2243 2723 2312 ὃοθεῖσάνμοι
2752 2245 3021 2310 Ἰάκωϐος
3037 2246 3133 2298 καὶ
3153 2243 3360 2313 Κηφᾶς
3385 2245 3482 2297 καὶ
3521 2244 3828 2312 Ἰωάννης,
3865 2249 3921 2299 οἱ

2337 2333 2657 2398 δοκοῦντες
2680 2334 2891 2386 στῦλοι
2909 2334 3108 2406 εῖναι.]

2411 2422 2562 2477 Eius
2595 2426 2713 2491 τοῖς
2748 2427 3180 2495 παρανομοῦσιο
3204 2428 3299 2494 Μὴ
3341 2430 3753 2496 παρανομεῖτε.
3806 2431 3922 2482 Ἐν-

2339 2518 2521 2570 τεῦθεν
2548 2519 2651 2570 τῶν
2687 2520 2995 2571 ἀποστόλων
3029 2519 3087 2572 τὸ
3123 2520 3410 2589 πρόσωπον
3481 2521 3786 2589 παραινοῦν
3821 2524 3921 2590 τῆς

2339 2609 2589 2672 ἀσεϐείας
2643 2615 2753 2672 τοῖς
2802 2611 3107 2682 ἀνθρώποις
3141 2614 3468 2667 παύσασθαι.
3522 2615 3809 2684 [Ταπεινοῖ
3863 2614 3919 2664 δὲ

2351 2703 2634 2755 Ἰουδαϊκὸν
2677 2703 2801 2755 λαὸν
2832 2704 2916 2756 διὰ
2940 2706 3034 2775 τὴν
3083 2707 3457 2776 ὑπερηφανίαν
3485 2706 3667 2760 αὑτοῦ·
3706 2707 3831 2774 ὑῴοῖ
3863 2707 3918 2759 δὲ

2337 2795 2427 2847 τὸν
2459 2793 2514 2857 ἐξ
2548 2792 2714 2844 ἐθνῶν
2746 2793 2832 2844 διὰ
2863 2795 2959 2863 τὴν
2993 2795 3487 2866 ταπεινοφροσύνην
3523 2795 3736 2865 αὑτοῦ.]

2410 2883 2503 2949 Μὴ
2543 2883 2812 2948 ἑπαιζρετε
2847 2885 2933 2948 εὶς
2967 2884 3122 2950 ’ὕψος
3157 2883 3422 2951 τὰκέρας
3445 2883 3626 2952 ὑμῶν.
3663 2886 3776 2936 Καὶ
3809 2885 3919 2954 γάρ

2339 2973 2406 3025 τὰ
2437 2973 2751 3044 κερασφόρα
2777 2972 2888 3033 ζῶα
2929 2973 3132 3042 σσόδρα
3163 2973 3254 3023 ἐπὶ
3310 2977 3420 3036 τοῖς
3456 2974 3648 3045 κέρασι
3691 2976 3914 3044 γαυριᾷ.

2340 3064 2634 3132 Παρεγγυᾷ
2673 3062 2728 3113 δὲ
2767 3063 2947 3123 αὑτοῖς
2974 3064 3002 3113 6
3036 3063 3191 3129 λόγος
3226 3065 3297 3132 μὴ
3320 3064 3501 3129 αὑξειν
3529 3067 3592 3133 τῇ
3623 3063 3918 3135 ἀλαζονείᾳ

2340 3152 2437 3222 τὴν
2479 3151 2724 3220 ἀνομίαν,
2753 3151 2884 3220 μηδὲ
2917 3151 3054 3205 κατά
3083 3153 3175 3204 τοῦ
3204 3153 3336 3205 Θεοῦ
3367 3153 3612 3221 γλῶτταν
3648 3159 3844 3209 κινεῖν.

2413 3355 2695 3407 ”Οτιοῦτε
2719 3355 2786 3418 ἐξ
2824 3355 3080 3417 ἐξόδων,
3139 3358 3277 3408 οὔτε
3326 3356 3443 3409 ἀπὸ
3469 3354 3739 3423 δυσμῶν,
3783 3357 3921 3409 οὔτε

2342 3445 2458 3498 ἀπὸ
2501 3445 2736 3513 ἐρήμων
2769 3446 2968 3512 ὀρέων.
3025 3446 3122 3498 Διά
3157 3447 3360 3498 τούτων
3391 3448 3480 3499 τὸν
3513 3447 3690 3498 πάντα
3717 3447 3922 3513 κόσμον

2342 3538 2439 3607 τῆς
2471 3538 2789 3608 οἰκουμένης
2816 3538 2982 3608 δηλοῖ·
3021 3538 3196 3604 ἔξοδον
3232 3538 3329 3607 μὲν
3355 3536 3451 3608 τὴν
3497 3536 3784 3606 ἀνατολὴν,
3827 3538 3920 3604 ἀφ’

2339 3627 2406 3700 ἦς
2449 3632 2476 3682 6
2511 3629 2659 3698 ἥλιος
2709 3627 2892 3693 ἔξεισι,
2948 3630 3156 3699 δυσμὰς
3186 3630 3243 3682 δὲ
3269 3630 3365 3698 τὴν
3419 3630 3678 3698 ἑσπέρανο
3717 3629 3820 3698 ὅρη
3864 3629 3922 3680 δὲ

2342 3720 2521 3790 ἔρημα
2568 3721 2635 3773 τά
2671 3738 2729 3772 τε
2775 3721 2998 3792 ἀρκτῷα
3038 3722 3130 3772 καὶ
3162 3721 3230 3772 τά
3267 3721 3434 3772 νότιαυ
3490 3720 3660 3791 ταῦτα
3703 3722 3816 3792 γὰρ
3847 3722 3916 3773 δι’

2343 3813 2607 3882 ἀμετρίαν
2657 3811 2856 3882 κρύους
2885 3829 2940 3863 τε
2971 3813 3062 3864 καὶ
3092 3813 3369 3873 καύσωνος
3399 3811 3629 3880 ἀοίκητά
3657 3813 3797 3865 ἐστι.
3825 3813 3919 3882 Μὴ

2345 3906 2706 3972 παρανομεῖτε
2761 3903 2958 3964 τοίνυν,
3019 3904 3200 3971 φησὶν,
3236 3903 3317 3955 ὅτι
3373 3903 3546 3966 οὐδεὶς
3580 3907 3636 3956 ἐν
3664 3905 3814 3975 πάσῃ
3852 3909 3920 3975 τῇ

2341 3994 2633 4064 οἰκουμένῃ
2663 3993 2813 4046 λάθοι
2845 3993 2936 4046 τὸν
2973 3993 3102 4046 Θεὸν
3144 3993 3459 4063 βλάσφημόν
3511 4012 3562 4046 τι
3592 3995 3768 4062 λέγων
3795 3997 3919 4049 κατ’

2340 4086 2524 4139 αὑτοῦ.
2557 4086 2773 4140 Τοῦτον
2806 4086 3088 4149 ταπεινοῖ,
3120 4086 3216 4138 καὶ
3252 4086 3468 4139 τοῦτον
3497 4086 3661 4153 ὺψοῖ.
3682 4087 3918 4156 Κριτής,

2341 4179 2525 4247 φησὶν,
2561 4177 2821 4247 ὑπάρχων
2849 4176 3071 4243 ἀγαθὸς,
3111 4179 3357 4228 ταπεινοῖ
3384 4176 3482 4245 μὲν
3507 4179 3631 4239 τοὺς
3677 4177 3918 4240 ἀσεϐεῖς,

2340 4270 2464 4338 ὑψοῖ
2488 4270 2544 4322 δὲ
2591 4271 2718 4331 τοὺς
2759 4270 3043 4331 ταπεινοὺς
3069 4269 3166 4339 τὴν
3193 4269 3440 4340 καρδίαν.
3482 4270 3812 4340 Ἐκληπτέον
3860 4271 3918 4322 δὲ

2339 4359 2510 4413 ταῦτα
2539 4359 2633 4412 καὶ
2683 4361 2775 4411 ἐπὶ
2823 4361 2948 4421 τοὺς
2993 4359 3085 4411 δύο
3137 4359 3318 4421 λαοὺς,
3373 4357 3481 4410 τῶν
3551 4359 3820 4412 Ἰουδαίων
3857 4358 3916 4410 τέ

2341 4469 2480 4521 φημι
2513 4452 2605 4504 καὶ
2635 4450 2725 4502 τὸν
2755 4449 2814 4513 ἐξ
2845 4450 3030 4502 ὲθνῶν·
3078 4453 3105 4503 6
3147 4449 3245 4519 μὲν
3269 4448 3376 4520 γὰρ
3415 4449 3804 4501 τεταπείνωται
3829 4449 3918 4501 διά

2339 4543 2437 4613 τὴν
2470 4542 2806 4596 ἀλαζονείαν·
2840 4544 2867 4593 6
2894 4541 2948 4592 δὲ
2986 4541 3208 4610 ὑψοῦται
3236 4541 3322 4594 διὰ
3361 4541 3458 4612 τὴν
3491 4540 3916 4610 ταπεινοφροσύ-

2345 4616 2460 4703 νην.
2502 4634 2850 4702 (Corderius.)
2894 4633 3062 4694 Αὐτὸς
3099 4633 3207 4702 γὰρ
3255 4633 3487 4701 καθιστᾷ
3516 4630 3774 4700 βασιλεῖς,
3826 4632 3916 4683 καὶ

2345 4726 2589 4795 μεθιστᾷ,
2627 4725 2829 4794 ἐγείρει
2863 4723 2970 4776 ἀπὸ
3004 4725 3104 4793 γῆς
3135 4725 3365 4793 πτωχὸν,
3403 4723 3495 4774 καὶ
3535 4722 3642 4774 ἀπὸ
3684 4722 3916 4792 κοπρίας

2341 4817 2588 4886 ἀνίστησι
2618 4815 2844 4884 πένητα.
2898 4814 3056 4866 Ἀλλά
3080 4815 3173 4866 καὶ
3206 4814 3544 4877 ταπεινώσας
3575 4813 3703 4877 τοὺς
3726 4815 3793 4867 ὲκ
3820 4831 3915 4865 πε-

2347 4910 2591 4988 ριτομῆς,
2633 4911 2756 4970 τοὺς
2796 4908 2904 4962 ἀπὸ
2942 4908 3047 4959 τῶν
3082 4907 3250 4959 ἐθνῶν
3279 4907 3510 4975 ὕψωσεν.

2416 5001 2533 5052 Ὅτι
2563 4998 2847 5065 ποτήριον
2875 4997 2943 5048 ἐν
2973 4997 3118 5064 χειρὶ
3168 4996 3386 5062 Κιιοίου
3441 4996 3608 5049 οἴνου
3653 4996 3913 5063 ἀκράτου

2342 5090 2570 5159 πλῆρες
2603 5088 2990 5157 κερὰσματος.
3042 5088 3326 5157 Ποτήριον,
3361 5088 3544 5156 φησὶν,
3581 5087 3730 5138 ἐστὶν
3775 5090 3832 5140 ὲν
3847 5091 3910 5158 τῇ

2339 5180 2432 5232 τοῦ
2495 5178 2698 5247 Κυρίου
2734 5177 2908 5249 χειρὶ,
2967 5178 3045 5238 εἰς
3093 5176 3122 5227 ὃ
3175 5176 3405 5228 ἑκάστου
3456 5174 3742 5246 ἀνθρώπου
3788 5178 3910 5239 τοὺς

2342 5273 2584 5340 καρποὺς
2611 5271 2700 5321 καὶ
2739 5271 2862 5330 τοὺς
2895 5267 3131 5335 ἀγαθοὺς
3166 5267 3256 5321 καὶ⁵
3289 5267 3412 5328 τοὺς
3447 5283 3716 5335 πονηρους
3749 5268 3910 5318 οἱονεὶ

2343 5361 2627 5424 ἐκπιέζων,
2672 5361 2763 5411 καὶ
2795 5359 2861 5411 τὰ
2911 5357 3087 5426 ἀγαθά
3144 5361 3254 5420 τοῖς
3289 5360 3540 5426 πονηροῖς
3583 5357 3907 5425 ἀνακιρνῶν,

2345 5455 2546 5524 πλῆοες
2573 5454 2702 5505 αὐτὸ
2735 5451 3005 5504 ἀποτελεῖ.
3040 5447 3170 5502 Εἶτα
3209 5444 3282 5501 ὧν
3303 5451 3402 5501 οὑκ
3443 5449 3681 5518 ἐκχεῖται
3717 5451 3746 5500 ὁ
3789 5465 3911 5518 τρυο

2343 5547 2487 5612 γίας,
2514 5545 2785 5598 τουτέστιν
2818 5536 2891 5597 ὧν
2924 5542 3344 5611 ἐναπομένουσιν
3377 5541 3431 5591 αἱ
3453 5541 3740 5609 ἁμαρτίαι,
3768 5533 3906 5591 οὑτοι

2345 5637 2474 5689 αὐτὸ
2503 5636 2798 5689 ἑκπίονται·
2831 5633 3076 5691 τουτέστι
3132 5633 3239 5693 τοῖς
3293 5628 3440 5692 ἰδίοις
3483 5627 3907 5698 μεθυσθήσονται
