4070 6436
162 387 263 445 541

1241 376 1610 433 EXPOSITIO
1651 377 1716 430 IN
1749 376 2085 433 PSALMUM
2128 377 2333 433 LXXV.

3302 372 3407 428 542

163 504 376 564 κακοῖς
411 501 598 571 ὥσπερ
627 499 816 571 ἀμέλει
851 499 942 551 καὶ
976 498 1024 551 οἱ
1066 496 1207 565 ἅγιοι
1244 497 1459 552 πίονται
1484 495 1543 548 τὸ
1577 495 1741 563 ποτή-

1865 494 2076 549 )omino
2129 494 2290 556 Jesu,
2338 494 2634 548 secundum
2690 494 2861 563 ipsius
2911 491 3123 546 Domini
3168 504 3356 544 vocem

166 609 281 661 ριον
303 592 404 661 τῆς
432 590 575 661 ζωῆς
598 594 653 643 ὲν
680 593 745 660 τῇ
776 589 1018 659 βασιλείᾳ
1054 587 1161 639 τῶν
1195 587 1436 657 οὐρανῶν
1470 585 1605 654 μετά
1637 584 1731 636 τοῦ

1843 583 2019 637 Donec
2052 585 2225 637 bibam
2256 584 2405 636 illum
2438 584 2699 636 vobiscum
2730 584 2784 635 in
2818 599 2969 651 regno
2999 580 3245 635 calorum
3271 580 3336 630 ⁸³.

166 683 373 752 Κυρίου
420 682 591 752 Ἰησοῦ
630 681 768 734 κατά
800 681 897 751 τὴν
938 680 1030 732 τοῦ
1072 679 1274 749 Κυρίου
1309 674 1475 729 αὑτοῦ
1522 676 1723 744 φωνήν·
1769 674 1924 740 ’Ἕως
1950 672 2019 731 οὗ
2043 676 2156 729 πίω
2193 677 2337 729 αὐτὸ
2381 675 2449 727 ἐν
2478 674 2551 743 τῇ
2578 676 2865 742 ,βασιλείᾳ
2894 673 3011 727 τῶν
3070 672 3342 741 οὐρανῶν

158 774 289 843 μεθ’
316 772 505 841 ὑμῶν.

252 869 396 939 Ἐγὼ
432 869 499 922 δὲ
518 866 956 937 ἀγαλλιὰσομαι
975 867 1060 929 εἰς
1094 864 1199 917 τὸν
1226 861 1432 922 αἰῶνα.
1459 858 1636 928 ψαλῶ
1661 858 1741 921 τῷ

169 961 293 1027 Θεῷ
344 958 564 1014 Ἰακώϐ.
636 957 851 1028 Ἐπειδὴ
892 956 957 1009 ἂν
980 996 995 1018 ,
1024 957 1177 1024 φησὶ,
1206 954 1299 1006 τοῦ
1351 951 1609 1021 ποτηρίου
1644 966 1741 1018 με-

169 1053 389 1107 ταλάΰω
447 1050 546 1119 τῆς
605 1048 789 1117 ζωῆς,
849 1046 1154 1117 εὐφροσύνη
1211 1062 1296 1115 μοι
1334 1044 1621 1113 γενήσεται
1684 1037 1745 1102 ἐξ

167 1145 360 1199 αὑτοῦ.

246 1228 355 1282 Καὶ
418 1224 611 1279 πάντα
676 1225 747 1277 τὰ
784 1221 1013 1290 κέρατα
1043 1219 1160 1272 τῶν
1206 1213 1566 1286 ἁμαρτωλῶν
1593 1228 1744 1265 συν-

172 1319 399 1374 θλάσω.
427 1319 508 1381 Εἰ,
529 1314 965 1383 ταπεινουμένων
997 1312 1104 1364 τῶν
1130 1306 1468 1380 ἁμαρτωλῶν
1503 1307 1581 1367 εἰς
1614 1303 1746 1372 ὕψος

171 1410 388 1481 αἴρεται
419 1408 477 1461 τὸ
515 1407 703 1478 κέρας,
764 1404 1005 1474 δηλονότι
1053 1402 1147 1455 καὶ
1197 1399 1515 1469 ὑψουμένων
1556 1395 1745 1463 ἁγίων,

176 1500 625 1571 σιυντριόήσονται
649 1497 757 1550 τῶν
782 1494 1121 1568 ἁμαρτωλῶν
1147 1493 1216 1546 τὰ
1246 1492 1470 1562 κέρατα.
1507 1489 1665 1548 Τίνες
1689 1486 1745 1538 δὲ

175 1594 243 1647 ἂν
267 1590 376 1645 εἷεν
405 1594 451 1643 oi
482 1589 794 1660 ἁμαρτωλοὶ
822 1589 855 1658 ἢ
885 1591 933 1641 οἱ
967 1585 1328 1655 ἀντικείμενοι
1355 1584 1465 1644 τοῖς
1496 1578 1588 1633 τοῦ
1610 1576 1743 1631 Θεοῦ

172 1683 484 1754 ἀνθρώποις
516 1680 740 1751 πονηροὶ
790 1680 1072 1749 δαίμονες;
1124 1676 1230 1729 Καὶ
1267 1670 1649 1742 ὑψωθήσεται
1678 1665 1744 1719 τὸ

173 1773 358 1842 κέρας
387 1773 492 1826 τοῦ
522 1771 772 1824 δικαίου.
799 1770 977 1839 Κέρας
1007 1768 1106 1837 μὲν
1128 1766 1223 1836 τὴν
1253 1761 1524 1834 βασιλείαν
1559 1758 1743 1828 φησὶν,

174 1869 296 1934 ἦτοι
325 1866 423 1934 τὴν
479 1862 813 1916 δυναστείαν.
872 1858 1086 1929 Ἐπειδὴ
1141 1858 1207 1910 ἂν
1244 1852 1358 1916 οῦν,
1426 1850 1591 1921 φησι,
1648 1847 1745 1918 τὴν

178 1956 335 2027 ἰσχὺν
388 1955 621 2008 λάϐωσιν
655 1954 704 2006 οἱ
755 1951 970 2012 δίκαιοι,
1017 1948 1372 2021 ἀνῃρημένων
1407 1942 1606 2013 δηλαδὴ
1638 1939 1746 1993 τῶν

1916 857 2007 910 10.
2060 853 2169 924 Ego
2215 864 2389 907 autem
2434 854 2707 908 exsultabo
2749 855 2803 907 in
2852 854 3138 914 stt-culum,
3187 852 3415 906 cantabo

1849 947 1957 999 Deo
2003 945 2189 999 Iacob.
2248 946 2383 999 Cum
2441 946 2596 999 calici
2653 946 2772 999 vitae
2821 945 3233 1014 participavero,
3286 951 3413 995 tunc

1851 1039 1983 1093 mihi
2009 1038 2191 1092 laetitia
2224 1037 2349 1093 hinc
2380 1039 2608 1093 eveniet.

1926 1214 2009 1267 II.
2042 1212 2110 1265 Et
2151 1214 2329 1264 omnia
2365 1229 2562 1266 cornua
2608 1222 2936 1281 peccatorum
2977 1211 3323 1281 confringant.
3356 1210 3412 1264 Si

1853 1303 2153 1359 humiliatis
2199 1303 2439 1367 sanctis,
2493 1312 2839 1372 peccatorum
2896 1317 3068 1356 cornu
3134 1301 3185 1354 in
3246 1301 3412 1355 altum

1852 1394 2151 1456 extollitur,
2188 1407 2320 1447 sane
2342 1393 2591 1448 exaltatis
2620 1394 2823 1448 sanctis
2855 1391 3264 1462 confringentur
3294 1406 3415 1446 cor-

1854 1500 1961 1538 nua
2008 1492 2373 1552 peccatorum.
2414 1479 2646 1549 Quinam
2704 1482 2899 1535 itteriut
2945 1491 3277 1550 peccatores,
3312 1480 3414 1535 nisi

1855 1574 2073 1643 maligni
2123 1573 2439 1635 daemones,
2494 1572 2803 1626 hominibus
2864 1571 2954 1625 Dei
3012 1571 3283 1640 oppositi?
3344 1570 3413 1625 Et

1851 1663 2175 1718 exultabitur
2220 1679 2381 1716 cornu
2426 1662 2576 1727 iusti.
2622 1662 2804 1716 Cornu
2855 1663 2986 1717 dicit
3026 1678 3274 1732 regnum,
3306 1661 3420 1715 sive

1853 1754 2172 1824 potentiam.
2198 1752 2491 1822 Postquam
2532 1752 2712 1823 igitur,
2746 1752 2850 1817 ait,
2877 1752 3009 1821 justi
3047 1752 3416 1806 fortitudinem

1854 1845 2180 1913 acceperint,
2214 1843 2441 1898 sublatis
2474 1842 2725 1897 videlicet
2752 1842 2999 1912 malignis
3024 1841 3382 1912 potestatibus
3403 1879 3416 1901 ,

1854 1945 1982 1990 tuuc
2017 1934 2110 1989 Dei
2140 1935 2405 1988 mirabilia
2433 1935 2807 1989 ostendentur.
2836 1933 3013 2000 Quare
3048 1934 3200 1987 initio
3226 1933 3420 2002 psalmi

176 2048 435 2119 πονηρῶν
486 2048 786 2116 δυνάμεων,
818 2046 938 2097 τότε
969 2044 1034 2112 δὴ
1062 2043 1183 2095 τότε
1213 2041 1305 2095 καὶ
1337 2040 1430 2093 τοῦ
1476 2037 1608 2091 Θεοῦ
1648 2035 1752 2087 δει-

1865 2027 2021 2081 dixit:
2055 2024 2299 2078 Narrabo
2331 2025 2601 2077 mirabilia
2634 2036 2745 2087 tua,
2777 2041 2895 2077 cum
2927 2042 3167 2094 accepero
3200 2034 3418 2091 tempus.

175 2116 471 2213 χοήσονται
516 2139 586 2192 τὰ
627 2138 921 2208 Θαυμάσια,
965 2136 1054 2189 Διὸ
1105 2135 1196 2189 καὶ
1232 2135 1531 2206 ἀρχόμενος
1574 2130 1666 2185 τοῦ
1710 2121 1924 2198 ψαλμοῦ
1964 2120 2164 2188 ἔλεγεν·
2208 2116 2570 2187 Διηγήσομαι
2613 2116 2685 2170 τὰ
2721 2116 3023 2171 θιιυαάσιὰ
3056 2134 3193 2180 σου,
3236 2117 3319 2169 ὅτ’
3347 2116 3424 2168 ἂν

174 2234 343 2288 ,λάϐω
376 2233 601 2298 καιρόν.

173 2345 280 2409 Βις
315 2343 380 2396 τὸ
412 2341 604 2406 τέλος,
644 2340 713 2393 ἐν
746 2340 984 2409 ὕμνοις,
1041 2342 1345 2396 ΨΑΛΜΟΣ
1395 2338 1475 2404 τῷ
1538 2337 1750 2404 Ἀσάφ,

496 2433 618 2501 ᾠδὴ
648 2434 795 2501 πρὸς
820 2434 926 2486 τὸν
957 2433 1298 2500 Ἀσσύριον.
1338 2436 1462 2487 OE'.

814 2547 827 2566 '
841 2549 1148 2614 Υπόθεσις.

181 2648 295 2703 Καὶ
321 2641 475 2710 οὗτος
510 2648 538 2701 ὁ
568 2646 779 2718 ψαλμὸς
803 2648 899 2717 τῆς
931 2649 1096 2719 αὐτῆς
1129 2648 1310 2718 ἔχεται
1345 2645 1654 2707 ὑποθέσεως
1681 2642 1759 2714 τῷ

253 2739 451 2791 ὀπίσω
482 2739 575 2792 καὶ
599 2738 759 2801 αὐτὸς
806 2739 910 2809 γὰρ
938 2739 1007 2792 τὰ
1034 2740 1163 2810 περὶ
1188 2737 1278 2791 τοῦ
1305 2737 1449 2790 οείου
1503 2736 1758 2804 δικαστη-

257 2831 376 2901 ρίου
404 2829 690 2899 διηγεῖται.

255 2916 539 2982 Γνωστὸς
566 2918 635 2970 ἐν
656 2916 727 2984 τῇ
757 2917 1015 2985 Ἰουδαίᾳ
1040 2920 1072 2970 ό
1094 2916 1257 2983 Θεὸς,
1282 2917 1381 2969 καὶ
1408 2918 1476 2971 ἐν
1517 2916 1763 2985 Ἰσραὴλ

175 3009 335 3080 μέγα
355 3008 421 3063 τὸ
464 3008 648 3078 ὄνομα
697 3010 901 3064 αὑτοῦ.
958 3011 1214 3065 Ἰουδαίαν
1260 3010 1490 3065 ἐνταῦθα
1518 3013 1610 3065 καὶ
1661 3012 1759 3063 Ἰσ-

187 3099 327 3169 ραὴλ
356 3098 455 3169 τὴν
505 3101 803 3168 ὲγνωκυίαν
862 3101 952 3154 τὸν
991 3103 1123 3155 Θεὸν
1169 3103 1344 3174 ψυχήν
1395 3120 1575 3173 φησιν·
1617 3102 1754 3172 αῦτη

185 3191 297 3259 γάρ
331 3190 476 3242 ἐστιν
511 3192 544 3260 ἡ
583 3190 785 3261 ἀληθὴς
828 3192 1053 3245 Ἰουδαία
1085 3196 1177 3247 καὶ
1214 3198 1242 3247 ὁ
1276 3195 1481 3265 ἀληθὴς
1518 3194 1751 3264 Ἰσραήλ.

272 3281 559 3349 Ἐγενήθη
608 3282 677 3333 ἐν
701 3280 910 3349 εἰρήνῃ
953 3284 984 3334 ὁ
1046 3287 1227 3350 τόπος
1271 3284 1480 3338 αὑτοῦ.
1542 3286 1604 3337 El
1654 3284 1830 3354 γὰρϐ

187 3371 320 3442 περὶ
366 3370 468 3440 τῆς
515 3370 625 3424 ἄνω
684 3372 941 3436 Ἰουδαίας
990 3374 1320 3445 γέγραπται,
1370 3376 1498 3430 ἔνθα
1553 3375 1766 3445 ἀπέδρα

188 3461 374 3531 ὀδύνη,
403 3462 544 3532 λύπη
584 3462 676 3515 καὶ
712 3465 1035 3534 στεναγμὸς,
1091 3466 1333 3537 δηλονότι
1367 3469 1588 3539 εἰρήνης
1618 3468 1766 3523 ἔσται

188 3556 375 3617 τόπος.
413 3552 520 3607 Kal
566 3552 632 3607 τὸ
664 3555 1120 3624 κατοικητήριον
1153 3558 1340 3611 αὐτοῦ
1366 3559 1435 3611 ἐν
1479 3559 1649 3613 Σιών.
1687 3560 1764 3631 Τῇ

191 3646 357 3713 νοητῇ
392 3660 575 3714 φησιν,
602 3646 720 3715 ἦτοι
748 3649 814 3716 τῇ
836 3646 966 3710 ἀνω,
1003 3649 1035 3718 ἢ
1068 3651 1134 3718 τῇ
1170 3649 1277 3701 τῶν
1316 3650 1486 3717 ἁγίων
1521 3651 1688 3723 ψυχῇ.

264 3734 585 3807 [Ἐγεννήθη
603 3737 672 3789 ἐν
694 3736 901 3805 εὶρήνῃ
921 3742 952 3791 o'
972 3739 1153 3804 τόπος
1170 3740 1458 3811 αὐτοῡ.Τῇ
1476 3742 1583 3793 τῶν
1602 3743 1769 3809 ἁγίων

189 3824 361 3895 ψυχῇ.
389 3824 462 3877 Τὸ
488 3826 779 3897 Ἐϐραῖκδν
802 3827 1011 3897 Σαλὴμ
1035 3828 1169 3898 ἔχει,
1195 3830 1288 3881 καὶ
1317 3832 1365 3883 oi
1398 3830 1570 3884 λοιποὶ
1598 3832 1769 3896 οὓτως

192 3920 565 3990 ήρμήνευσαν·
580 3919 607 3971 ὅ
635 3922 779 3972 ἐστιν
801 3919 1030 3989 εἰρήνη.
1059 3922 1146 3974 Ἐν
1166 3922 1336 3993 ταύτῃ
1353 3919 1445 3977 οὖν
1466 3924 1497 3994 ἦ
1522 3927 1584 3994 τῇ
1601 3924 1767 3999 ψυχῇ,

198 4011 229 4081 ἦ
273 4014 339 4081 τῇ
386 4011 676 4081 Ἐκκλησία
696 4012 762 4064 τὰ
791 4014 1161 4084 πεπυρωμένα
1201 4014 1347 4084 βέλη,
1384 4015 1420 4069 ἃ
1464 4018 1492 4069 ὁ
1540 4016 1771 4088 πονηρὸς

196 4102 428 4173 πέμπει,
454 4104 842 4174 συντρίϐονται,
875 4104 993 4177 ἥτῇ
1012 4106 1122 4159 ἄνω
1157 4106 1560 4179 Ἰερουσαλήμ]

283 4251 440 4306 Ἐκεῖ
462 4252 784 4323 συνέτριψε
810 4253 881 4307 τὰ
911 4254 1094 4323 κράτη
1119 4255 1236 4308 τῶν
1265 4256 1474 4321 τόξων.
1511 4258 1582 4329 Ση
1592 4258 1771 4327 μαίνει

195 4343 284 4397 διὰ
315 4342 520 4398 τούτων
567 4345 667 4408 τὰς
703 4346 1083 4413 ἀντικειμένας
1132 4346 1408 4417 δυνάμειςο
1454 4350 1508 4402 αἳ
1552 4350 1770 4420 συντρί-

198 4438 405 4498 ϐονται,
453 4438 638 4510 ἐπειδὴ
670 4438 735 4491 ἂν
775 4440 822 4492 οἱ
865 4439 1008 4507 ἆγιοι
1040 4438 1139 4503 τὰς
1176 4442 1292 4493 ἐκεῖ
1334 4440 1541 4513 λάχωσι
1588 4460 1770 4496 κατοι-

199 4532 320 4581 κεῖν
353 4530 540 4599 μονάς.

1856 2322 1905 2375 I.
1944 2318 2007 2375 In
2040 2320 2195 2388 ﬁnem
2217 2357 2233 2382 ,
2266 2319 2321 2371 in
2362 2317 2644 2384 laudibus,
2674 2317 3017 2373 PSALMUS
3061 2318 3259 2386 Asaplt,
3294 2333 3422 2369 can-

2218 2408 2377 2462 ticum
2409 2408 2477 2460 ad
2503 2408 2797 2476 Assyrium.
2833 2405 2983 2460 LXX
3002 2406 3056 2459 V.

2438 2516 2840 2587 Argumentum.

1860 2629 1958 2685 llic
1987 2645 2205 2700 quoque
2243 2630 2486 2699 psalmus
2525 2629 2576 2681 in
2609 2628 2797 2683 eodem
2830 2636 3075 2682 versatur
3109 2636 3427 2694 argumento

1929 2735 2037 2790 quo
2077 2719 2351 2788 superior;
2395 2732 2518 2771 nam
2567 2734 2688 2787 qua:
2733 2719 2974 2772 divinum
3030 2718 3264 2773 tribunal
3307 2733 3427 2787 spe-

1931 2821 2076 2867 ctant
2104 2820 2338 2865 enarrat.

1929 2909 1983 2961 2.
2021 2906 2192 2960 Notus
2235 2908 2286 2959 in
2331 2904 2525 2959 Judwa
2561 2904 2721 2967 Deus,
2754 2904 2805 2956 in
2853 2900 3022 2957 Israel
3055 2917 3301 2971 magnum
3332 2918 3425 2956 no-

1864 3016 1978 3052 men
2006 2998 2138 3067 cjus.
2164 2996 2403 3051 Iudaeam
2450 2998 2539 3052 hic
2578 3006 2631 3050 et
2658 2994 2819 3051 Israel
2857 3004 3011 3049 vocat
3040 2995 3275 3047 animam
3307 3010 3428 3061 qua

1864 3089 2031 3143 Deum
2074 3088 2222 3141 novit
2257 3106 2269 3141 :
2301 3088 2416 3158 ipsa
2451 3102 2683 3156 namque
2716 3096 2798 3140 est
2830 3101 2951 3140 vera
2978 3083 3161 3139 Judaea
3185 3094 3237 3138 et
3267 3100 3426 3138 verus

1862 3181 2046 3235 Israel.

1936 3273 1988 3329 '5.
2022 3271 2221 3327 Factus
2261 3280 2334 3325 est
2378 3270 2432 3323 in
2460 3284 2583 3338 pace
2630 3268 2772 3323 locus
2800 3265 2932 3337 ejus.
2961 3264 3019 3319 Si
3064 3265 3208 3318 enim
3237 3263 3303 3318 de
3334 3278 3425 3318 su—

1865 3383 2029 3438 perna
2063 3365 2247 3421 Judtea
2283 3365 2487 3419 dictum
2526 3371 2609 3419 est
2641 3381 2654 3416 :
2684 3362 2810 3416 hinc
2834 3359 3015 3429 eﬂ'ugit
3049 3359 3223 3421 dolor,
3256 3356 3426 3411 tristi—

1868 3461 1940 3513 tia
1969 3467 2020 3515 et
2054 3458 2320 3530 gemitus;
2350 3471 2481 3511 sane
2524 3456 2673 3523 pacis
2720 3454 2871 3507 locus
2910 3452 3033 3506 erit.
3068 3448 3132 3502 Et
3166 3448 3422 3500 habitatio

1864 3555 1976 3624 ejus
2010 3556 2064 3607 in
2092 3552 2237 3607 Sion.
2280 3550 2336 3603 In
2387 3549 2653 3621 spirituali
2698 3548 2975 3613 videlicet,
3025 3546 3139 3601 sive
3169 3560 3421 3614 superna,

1867 3652 1960 3697 aut
1996 3644 2048 3696 in
2080 3652 2391 3697 sanctorum
2423 3641 2623 3694 anima.

1940 3734 2162 3806 [Factus
2195 3744 2270 3787 est
2313 3734 2367 3787 in
2412 3750 2532 3803 pace
2565 3733 2708 3787 locus
2746 3733 2878 3800 ejus.
2909 3730 2965 3784 In
3004 3732 3179 3784 anima
3214 3739 3426 3784 sancto-

1869 3843 2006 3881 rum.
2051 3825 2346 3881 lichraieus
2381 3835 2559 3880 textus
2595 3824 2754 3878 habet
2798 3822 2997 3887 Solent,
3026 3837 3091 3876 ac
3124 3821 3315 3890 reliqui
3350 3821 3428 3874 sic

1870 3917 2206 3987 interpretati
2246 3926 2374 3971 sunt
2404 3932 2418 3967 :
2454 3914 2599 3985 quod
2634 3921 2719 3968 est
2743 3928 2867 3983 pax.
2896 3911 2953 3966 In
2983 3913 3084 3967 ista
3116 3911 3280 3981 igitur
3304 3910 3427 3965 ani—

1870 4023 1978 4072 ma,
2011 4016 2105 4063 aut
2136 4008 2190 4061 in
2238 4006 2496 4069 Ecclesia,
2538 4003 2641 4060 tela
2676 4004 2852 4074 ignea,
2886 4019 3007 4075 quae
3039 4003 3307 4072 ntalignus
3340 4001 3427 4055 ille

1869 4098 2096 4163 emittit,
2153 4105 2538 4161 conteruntur;
2588 4095 2673 4149 vel
2718 4094 3032 4164 intelligitur
3087 4095 3142 4146 in
3192 4107 3427 4161 superna

1870 4186 2214 4257 Jerusalem]

1940 4280 1993 4334 ι.
2030 4277 2114 4332 Ibi
2162 4277 2416 4348 confregit
2457 4277 2716 4346 potentias
2759 4291 3002 4330 arcuum.
3042 4273 3137 4330 llis
3163 4273 3431 4343 signiﬁcat

1873 4369 2207 4426 adversarios
2227 4379 2542 4439 potestates,
2568 4384 2689 4439 qua:
2709 4368 3124 4439 conlringuntur
3147 4378 3430 4438 postquam

1874 4462 2045 4517 sancti
2096 4460 2150 4517 id
2194 4463 2469 4519 consecuti
2525 4470 2671 4529 sunt,
2722 4470 2782 4515 ut
2826 4461 2877 4515 iu
2922 4461 3029 4516 illis
3058 4461 3433 4516 mansionibus

1877 4554 2138 4607 habitent.

272 4618 541 4686 Φωτίζεις
585 4621 665 4675 σὺ
709 4622 1062 4692 θαυμαστῶς
1112 4625 1229 4678 ἀπὸ
1279 4624 1463 4693 ὀρέων
1498 4625 1759 4679 αἰωνίων.

1945 4645 1999 4698 5.
2046 4642 2333 4698 Illuminas
2383 4650 2437 4698 tu
2476 4643 2788 4697 mirabiliter
2822 4661 2855 4696 a
2903 4645 3166 4698 montibus
3200 4644 3432 4697 wternis.

203 4714 348 4782 Ὅρη
397 4711 589 4765 αἰώνια
618 4713 742 4775 τοὺς
788 4714 1048 4785 οὐρανούς
1092 4732 1243 4784 φησι.
1272 4715 1494 4779 Φωτίζει
1538 4716 1594 4769 δὲ
1626 4718 1771 4787 ἡμᾶς

199 4801 411 4857 ἄνωθεν
437 4805 465 4857 ὁ
494 4804 645 4868 Θεὸς,
661 4804 720 4857 τὸ
744 4805 966 4876 Πνεῦμα
993 4808 1121 4877 ἡμῖν
1142 4806 1504 4877 καταπέμψας
1530 4808 1588 4872 ἐξ
1620 4810 1774 4881 οὐρα-

199 4894 330 4949 νῶν.
371 4897 676 4966 Φωτισμὸς
708 4898 790 4950 σὺ
825 4898 1229 4969 ὑπερμεγέθης
1264 4900 1381 4953 ἀπὸ
1418 4901 1601 4968 (τρέων
1624 4899 1773 4953 ἁλώ-

200 5002 377 5052 σεως.
406 4988 671 5053 Φωτίζεις
702 4989 783 5042 σὺ
821 4988 1173 5060 θαυμαστῶς
1212 4992 1328 5045 ἀπὸ
1363 4990 1546 5058 ὀρέων
1566 4992 1771 5059 θήρας.

200 5079 456 5147 Φοόερὸς
484 5076 543 5134 εἴ
568 5082 920 5151 θαυμαστῶς
948 5084 1065 5136 ἀπὸ
1109 5083 1293 5152 ὀρέων
1325 5085 1653 5153 καρπίμων.

276 5168 566 5241 [emtam
612 5172 693 5226 σὺ
736 5172 1087 5243 θαυμαστῶς
1130 5174 1248 5227 ἀπὸ
1280 5173 1462 5241 ὀρέων
1504 5177 1771 5230 αἰωνίων.

211 5260 454 5316 Ἐκεῖθεν
482 5264 825 5333 καταπέμπει
842 5265 902 5317 τὸ
918 5263 1139 5335 Πνεῦμα
1165 5266 1226 5318 τὸ
1267 5266 1419 5333 ἅγιον
1474 5266 1580 5319 ἀπὸ
1611 5269 1775 5337 ὀρέων

202 5354 458 5407 αἰωνίων·
478 5357 575 5426 τὴν
588 5355 725 5409 Σιὼν
740 5356 908 5426 λέγει,
926 5358 1017 5425 ἀφ’
1032 5354 1100 5429 ἦς
1130 5357 1296 5427 ᾤοντο
1321 5360 1413 5411 τὸν
1439 5359 1570 5411 θεὸν
1598 5358 1775 5429 ὁρμώ-

208 5461 371 5514 μενον
416 5445 589 5498 ταῦτα
618 5448 815 5499 ποιεῖν·
837 5442 897 5502 οὗ
920 5448 1013 5501 καὶ
1039 5448 1163 5513 ναὸς
1194 5448 1340 5518 αὐτῷ
1364 5448 1718 5521 ᾠκοδόμητο.’1

243 5727 292 5760 ⁸³
315 5726 519 5784 Matth.
558 5745 703 5793 xxvu,
733 5730 823 5786 29.

1878 4736 2082 4793 Montes
2134 4745 2363 4793 aeternos
2405 4737 2535 4792 dicit
2576 4737 2763 4793 caelos.
2800 4735 3074 4791 Illuminat
3116 4744 3295 4789 autem
3340 4748 3438 4787 nos

1881 4828 2164 4893 Dominus,
2188 4828 2409 4897 quando
2439 4826 2604 4880 mittit
2630 4826 2888 4897 Spiritqu
2924 4824 2992 4879 de
3021 4824 3193 4879 caelis.
3224 4822 3439 4876 lllumi-

1880 4924 2021 4973 natio
2058 4929 2113 4972 tu
2139 4935 2190 4972 es
2223 4934 2471 4989 perquam
2500 4919 2753 4981 maxima,
2782 4935 2813 4970 a
2836 4918 3097 4971 montibus
3128 4915 3436 4970 venationis.

1883 5011 2163 5064 llluminas
2199 5020 2253 5063 tu
2286 5009 2601 5063 mirabiliter
2627 5028 2658 5062 a
2688 5009 2948 5062 montibus
2978 5009 3285 5063 venationis.
3315 5009 3438 5063 Ter-

1884 5100 2052 5155 ribilis
2078 5116 2129 5154 es
2156 5099 2470 5154 mirabiliter
2494 5117 2524 5152 a
2554 5101 2813 5153 montibus
2842 5100 3149 5168 fructuosis.

1953 5190 2259 5262 [Illuminas
2315 5200 2383 5245 tu,
2422 5191 2737 5248 mirabiliter
2785 5209 2817 5244 a
2882 5190 3143 5245 montibus
3207 5191 3438 5246 wternis.

1883 5282 2009 5336 Inde
2035 5283 2233 5337 emittit
2270 5279 2529 5351 Spiritum
2558 5293 2826 5343 sanctum,
2860 5282 3067 5336 scilicet
3090 5298 3118 5335 a
3163 5282 3441 5336 montibus

1882 5374 2098 5428 aeternis
2130 5392 2142 5428 :
2176 5373 2307 5428 Sion
2350 5374 2501 5441 dicit,
2529 5390 2590 5429 ex
2628 5389 2733 5443 qua
2767 5375 3031 5443 putabant
3058 5372 3225 5428 Deum
3257 5371 3436 5442 proie-

1882 5471 2027 5517 ctum
2074 5464 2197 5517 talia
2245 5473 2495 5532 patrare:
2534 5464 2621 5518 ubi
2668 5464 2829 5519 etiam
2882 5464 3134 5532 templum
3178 5462 3279 5532 ipsi
3308 5477 3440 5516 con-

1881 5563 2144 5611 structum
2170 5555 2365 5613 fuerat.
