4070 6474
635 429 738 486 543

707 548 760 602 6.
797 543 1018 600 Turbati
1041 549 1164 597 sunt
1194 555 1368 593 omnes
1410 537 1711 607 insipientes
1738 534 1912 588 corde.
1947 531 2048 598 Qui
2082 545 2188 584 non
2219 534 2265 590 Α

636 646 955 710 receperunt
982 634 1426 690 illuminationem
1453 646 1572 700 quae
1600 644 1695 700 per
1721 628 1981 698 Spiritum
2011 627 2190 686 datur,

637 733 690 786 in
740 727 1141 802 perturbatione
1192 734 1245 780 et
1289 724 1584 794 agitatione
1639 721 2020 783 versabuntur,
2068 732 2191 770 cum

638 823 884 876 divinum
934 817 1165 873 tribunal
1225 815 1522 885 apparebit.
1569 812 1906 866 Dormierunt
1954 822 2193 863 somnum

637 930 813 978 suum,
850 919 898 965 et
947 909 1079 963 nihil
1119 908 1440 961 invenerunt.
1477 903 1822 974 Negligentle
1866 909 1921 954 et
1951 895 2191 968 segnitiei

637 1003 802 1058 dediti
848 1002 902 1056 in
943 1001 1072 1057 vita.
1107 1008 1348 1069 tempore
1383 996 1547 1051 divini
1583 994 1770 1064 judicii
1801 992 1932 1046 nihil
1978 991 2194 1043 invene-

640 1101 768 1146 runt
803 1091 1052 1145 manibus
1099 1089 1215 1144 suis
1245 1088 1556 1150 retinentes,
1594 1084 1685 1153 qui
1720 1083 1846 1136 olim
1892 1096 1946 1134 ιιι
1979 1079 2192 1133 mortali

639 1184 748 1236 vita
779 1181 973 1236 divites
1006 1188 1160 1234 erant
1194 1198 1210 1233 :
1243 1176 1512 1246 quomodo
1546 1175 1688 1227 enim
1714 1173 1950 1225 invenire
1977 1175 2195 1238 possent

639 1288 759 1342 quae
793 1286 899 1326 non
946 1268 1151 1340 operati
1201 1266 1362 1321 sunt?
1417 1264 1603 1319 Omnes
1648 1263 1746 1316 viri
1793 1261 2096 1314 divitiarum
2141 1256 2194 1308 in

642 1361 882 1414 manibus
918 1361 1046 1413 suis.
1094 1356 1454 1428 Symmachus
1491 1355 1570 1408 sic
1619 1353 1776 1406 habet
1814 1369 1827 1404 :
1863 1349 2050 1404 Omnes
2097 1347 2195 1399 viri

642 1454 799 1522 fortes
831 1451 1069 1504 manibus
1099 1451 1228 1503 suis.
1251 1447 1417 1509 Nihil,
1456 1447 1650 1514 inquit,
1697 1443 1897 1511 profuit
1941 1441 2045 1495 illis
2097 1438 2198 1493 for-

641 1544 814 1598 titudo
846 1557 1130 1602 manuum,
1176 1540 1374 1610 quibus
1418 1553 1475 1592 se
1511 1550 1754 1591 ommum
1798 1533 2013 1588 divitias
2055 1531 2198 1584 dire-

642 1643 828 1702 pturos
856 1630 1165 1702 sperabant.
1195 1630 1260 1684 Et
1282 1630 1482 1683 docens
1509 1642 1631 1696 quae
1672 1639 1836 1680 causa
1867 1622 2030 1676 fuerit
2054 1619 2197 1691 quod

642 1727 776 1780 nihil
804 1725 939 1780 lucri
969 1723 1274 1788 habuerint,
1301 1721 1604 1790 subjungit:

715 1905 766 1958 7.
796 1905 872 1959 Ab
908 1903 1257 1972 increpatione
1308 1910 1428 1962 tua,
1476 1898 1616 1951 Deus
1662 1893 1850 1957 Jacab,
1890 1891 2202 1944 dormitave-
2232 1885 2274 1938 Β

645 2009 761 2050 runt
791 1997 880 2066 qui
919 1994 1260 2048 ascenderunt
1290 2007 1464 2060 equos.
1507 1988 1661 2050 Lato,
1707 1985 1901 2055 inquit,
1937 1985 2199 2037 adversus

643 2104 736 2142 eos
780 2088 928 2156 justo
954 2085 1190 2156 judicio,
1237 2083 1393 2152 quasi
1428 2095 1622 2136 Somno
1663 2088 1716 2133 et
1760 2089 1980 2133 veterno
2015 2072 2199 2127 traditi

643 2187 790 2242 sunt,
817 2179 868 2234 id
894 2186 977 2232 est
998 2177 1234 2231 excitare
1267 2191 1324 2230 se
1349 2190 1454 2228 non
1490 2179 1800 2242 potuerunt.
1836 2169 2066 2234 Quinam
2101 2183 2200 2220 au-

644 2281 748 2322 tem
786 2268 859 2321 illi
901 2277 1046 2332 sunt,
1097 2267 1198 2318 nisi
1240 2265 1332 2333 qui
1378 2261 1735 2316 ascenderunt
1780 2256 1990 2328 equos?
2020 2256 2202 2326 Equos

641 2368 822 2412 autem
849 2357 1030 2411 divina
1067 2354 1343 2424 Scriptura
1369 2369 1466 2424 pro
1501 2368 1651 2406 more
1689 2363 1847 2406 vocat
1872 2367 1967 2405 eos
1996 2350 2090 2420 qui
2121 2349 2202 2404 ef-

646 2451 852 2504 frenate
890 2452 957 2502 ad
992 2448 1292 2517 voluptates
1324 2447 1632 2510 declinant;
1680 2445 1828 2513 juxta
1870 2443 2034 2496 illud:
2066 2441 2202 2509 Equi

645 2541 930 2608 eﬂ'eminati
980 2540 1108 2607 facti
1151 2547 1292 2594 sunt.
1330 2536 1695 2605 Unusquisque
1727 2534 1795 2586 ad
1831 2548 2044 2585 uxorem
2081 2546 2204 2599 pro-

643 2631 774 2684 :t'imi
809 2629 890 2681 sui
921 2626 1186 2679 [tinniebat
1221 2625 1285 2676 ⁸⁸.

715 2721 766 2774 8.
808 2718 883 2772 Tu
932 2717 1181 2772 terribilis
1211 2734 1284 2780 es,
1315 2725 1364 2769 et
1394 2715 1511 2784 quis
1543 2713 1746 2767 resistet
1788 2712 1920 2764 tibi?
1947 2710 2002 2764 Si
2035 2711 2202 2771 enim,

646 2812 839 2880 inquit,
887 2810 1141 2864 clauserit
1171 2817 1357 2862 contra
1390 2806 1661 2860 hominem
1682 2845 1698 2870 ,
1732 2805 1855 2874 quis
1898 2800 2206 2872 aperiet"?

639 2903 793 2972 juxta
828 2901 978 2956 Isaiae
1003 2916 1209 2955 vocem.

713 2997 767 3049 9.
805 2994 878 3048 De
909 2992 1036 3048 caelo
1079 2993 1318 3046 auditum
1363 2990 1533 3057 fecisti
1557 2987 1841 3055 judicium.
1874 2985 2086 3052 Nullus,
2119 2985 2205 3040 in-

647 3088 780 3156 quit,
829 3086 932 3139 erit
983 3083 1061 3137 eis
1108 3081 1440 3135 defensionis
1486 3080 1636 3133 locus
1677 3095 1799 3133 cum
1849 3079 2142 3148 punientur
2189 3095 2203 3131 :

649 3175 1025 3246 praanuntiavit
1071 3175 1214 3228 enim
1250 3173 1354 3227 illis
1393 3188 1513 3241 quas
1545 3171 1787 3224 divinum
1817 3168 2048 3224 tribunal
2083 3183 2206 3236 spe-

648 3275 817 3321 ctant.
868 3264 1028 3320 Terra
1060 3266 1292 3330 tremuit,
1338 3273 1387 3317 ct
1428 3262 1639 3332 quievit.
1667 3247 1886 3313 Terram
1935 3259 2025 3312 hic
2049 3266 2207 3312 vocat

649 3369 816 3413 lotam
851 3358 1131 3412 hominum
1179 3365 1453 3416 naturam,
1489 3368 1609 3421 quae
1648 3360 1774 3406 tunc
1813 3347 2202 3404 reformidabit.

648 3447 818 3503 Nemo
849 3447 994 3502 enim
1023 3454 1152 3499 tunc
1177 3445 1280 3498 erit
1307 3442 1436 3512 quin
1465 3441 1830 3510 pertimescat,
1858 3438 1947 3491 illa
1972 3438 2208 3491 instante

647 3540 752 3593 die.

721 3626 878 3698 [Cum
925 3626 1101 3686 enim,
1143 3624 1347 3692 inquit,
1380 3621 1523 3676 Deus
1553 3621 1628 3676 sis
1659 3620 1917 3682 caelestis,
1953 3617 2206 3688 judicssti

648 3729 700 3773 et
727 3718 990 3788 judicium
1026 3715 1199 3772 fecisti
1242 3714 1588 3770 manifestum
1609 3751 1623 3778 ,
1661 3711 1807 3765 ultus
1840 3710 2090 3766 inimicos
2116 3708 2208 3766 Je-

650 3804 976 3880 rosolymm.)

723 3895 805 3951 l0.
836 3896 964 3951 Cum
1006 3903 1304 3964 exsurgeret
1338 3892 1393 3946 in
1429 3891 1695 3962 judicium
1729 3891 1899 3958 Deus,
1947 3900 2006 3945 ut
2038 3891 2208 3947 salvos

651 3990 840 4056 faceret
885 4003 1057 4040 omnes
1103 3995 1401 4039 mansuetos
1451 3994 1623 4039 terrae.
1663 3982 1952 4046 Divinum,
2003 3983 2208 4050 inquit,

651 4074 884 4137 tribunal
913 4075 1207 4128 mansuetis
1236 4073 1462 4128 salutem
1493 4074 1727 4127 tribuet:
1755 4071 2211 4141 quemadmodum

652 4181 835 4220 revera
866 4166 1126 4236 supplicia
1154 4165 1301 4220 dabit
1327 4164 1720 4234 peccatoribus.

724 4323 808 4375 11.
863 4321 1125 4385 Quoniam
1158 4319 1407 4388 cogitatio
1453 4319 1676 4373 hominis
1711 4320 2046 4388 conﬁtebitur
2093 4319 2208 4372 tibi.

653 4412 924 4471 Sistemur
954 4422 1079 4466 ante
1105 4411 1432 4465 horrendum
1463 4411 1591 4464 illud
1626 4411 1879 4474 tribunal,
1905 4426 2010 4464 non
2035 4411 2212 4465 solum

651 4506 718 4560 de
752 4507 818 4560 iis
845 4521 966 4574 qua:
997 4504 1242 4568 fecimus,
1273 4504 1365 4557 sed
1405 4503 1567 4556 etiam
1602 4503 1668 4557 de
1700 4504 1765 4557 iis
1797 4519 1916 4571 qua:
1955 4503 2214 4574 cogitavi-

655 4612 794 4657 mus.
833 4596 1096 4650 rationem
1128 4594 1326 4648 daturi.
1359 4593 1424 4646 Et
1454 4592 1689 4662 reliquid:
1718 4595 2046 4662 cogitationis
2075 4595 2214 4647 diem

652 4687 841 4754 festum
871 4695 1022 4753 agent
1058 4686 1175 4739 tibi.
1209 4683 1470 4752 Reliquiae
1503 4684 1849 4754 cogitationis
1875 4694 2002 4738 sunt
2028 4685 2214 4755 puriﬁ-

651 4789 770 4833 cata
815 4778 1088 4848 cogitatio,
1121 4778 1172 4830 in
1215 4793 1280 4832 eo
1327 4778 1470 4845 quod
1519 4777 1794 4832 residuum
1840 4776 1943 4830 erit
1987 4792 2080 4845 per
2113 4777 2216 4831 ele-

652 4871 884 4923 ctionem
925 4866 1129 4936 gratiae.
1162 4863 1218 4918 Si
1257 4865 1418 4936 igitur
1468 4864 1558 4919 illo
1590 4875 1827 4931 tempore
1865 4878 1997 4931 pura
2033 4862 2217 4929 depre-

655 4959 921 5011 hendatur
950 4958 1207 5026 cogitatio
1247 4971 1387 5019 esse,
1418 4964 1546 5010 tunc
1583 4953 1887 5009 festivitatis
1913 4963 2018 5007 tua:
2047 4953 2215 5022 parti-

655 5064 779 5118 ceps
808 5049 930 5104 erit.

726 5139 1012 5212 [Quoniam
1044 5140 1294 5208 cogitatio
1317 5137 1542 5190 hominis
1570 5136 1900 5204 conﬁtebitur
1931 5137 2044 5189 tibi.
2069 5135 2215 5201 Quo-

655 5234 800 5287 niam
833 5233 1013 5287 omnis
1046 5232 1250 5300 lingua,
1276 5228 1455 5283 omnis
1493 5227 1770 5299 cogitatio,
1803 5243 1963 5281 omne
1995 5226 2216 5280 ratioci-

655 5326 805 5378 nium
873 5322 1215 5378 confitebitur
1275 5318 1504 5376 Domino
1570 5321 1625 5373 in
1689 5328 1931 5387 tempore
1987 5317 2211 5387 judicii,

654 5415 873 5484 quando
902 5415 1063 5468 etiam
1097 5413 1306 5467 occulta
1343 5412 1395 5465 in
1427 5411 1702 5480 publicum
1733 5408 2120 5479 proferentur.)

725 5505 813 5559 12.
854 5505 1040 5558 Vovete
1077 5517 1127 5558 et
1173 5504 1373 5557 reddite
1408 5503 1630 5556 Domino
1663 5501 1768 5554 Deo
1798 5511 1981 5554 vestro.
2014 5502 2090 5555 Ad
2125 5518 2218 5556 co-

655 5595 1011 5651 hortationem
1066 5609 1245 5650 sermo
1294 5593 1643 5648 convertitur.
1691 5591 1988 5657 Quoniam,
2021 5591 2214 5660 inquit,

728 5771 773 5802 "
796 5770 989 5826 Jerem.
1020 5785 1069 5831 v,
1103 5768 1153 5822 8.
1234 5768 1277 5799 ⁸⁸
1317 5765 1420 5821 Isa.
1461 5783 1594 5830 mi,
1619 5764 1706 5818 22.

1457 417 1516 472 S.
1556 410 1933 471 ATHANASII
1967 408 2117 465 OPP.
2161 405 2344 461 PARS
2375 403 2463 460 111.
2501 433 2569 442 -
2609 397 3003 457 EXEGETICA

3757 385 3866 439 σα

2373 525 2825 594 Ἔταρὰχθησαν
2868 519 3088 582 πάντες
3133 517 3187 568 οἱ
3209 515 3491 569 ἀσύνετοί
3522 508 3596 576 τῇ
3621 505 3865 575 καρδίᾳ.

2291 620 2354 672 Οἱ
2392 619 2465 689 μὴ
2499 617 2778 686 δεξάμενοι
2809 613 2902 666 τὸν
2932 607 3207 680 φωτισμὸν
3239 607 3329 660 τὸν
3361 605 3449 658 διά
3476 602 3571 656 τοῦ
3607 599 3869 667 Πνεύμα-

2292 726 2406 772 τος,
2434 711 2490 760 ἐν
2513 707 2735 777 ταράχῳ
2769 704 2862 756 καὶ
2895 701 3039 770 σάλῳ
3071 699 3410 768 γενήσονται.
3451 692 3543 746 τοῦ
3568 691 3715 744 θείου
3743 692 3870 742 ἑπι-

2293 800 2549 868 φανέντος
2580 795 2950 865 δικαστηρίου.
3003 793 3338 843 ’Υπνωσαν
3383 786 3582 838 ὕπνον
3642 777 3867 839 αὐτῶν,

2293 889 2391 944 καὶ
2420 891 2532 956 οὐχ
2562 883 2738 954 εὗρον
2761 883 2958 939 οὐδέν.
2998 879 3275 951 Ἀμελείᾳ,
3312 877 3467 947 φησι,
3503 874 3597 928 καὶ
3625 869 3870 944 ῥᾳθυμίᾳ.

2294 979 2730 1050 παραδεδωκότες
2781 977 2872 1028 τὸν
2912 975 3026 1044 βίον
3057 971 3198 1026 κατὰ
3227 971 3318 1023 τὸν
3351 967 3538 1039 καιρὸν
3582 965 3684 1035 τῆς
3717 962 3872 1024 Θείας

2296 1073 2549 1142 κρίσεως,
2575 1070 2650 1133 ὠς
2667 1068 2817 1122 οὐδὲν
2847 1062 3003 1137 εὗρον
3032 1064 3256 1124 ἑαυτοὺς
3284 1062 3364 1123 εἰς
3390 1059 3490 1120 τὰς
3517 1059 3706 1128 χεῖρας
3730 1071 3870 1108 κατ-

2295 1163 2532 1230 έχοντας,
2591 1161 2642 1211 οἱ
2685 1158 2849 1210 πάλαι
2880 1160 2938 1209 ὲν
2970 1155 3048 1225 τῷ
3089 1151 3268 1222 θνητῷ
3295 1150 3394 1220 βίῳ
3427 1147 3690 1201 πλούσιοι.
3739 1145 3872 1207 Πῶς

2293 1253 2399 1324 γὰρ
2428 1252 2521 1306 καὶ
2555 1249 2696 1320 εἶχον
2725 1251 2904 1320 εὑρεῖν
2933 1248 2968 1301 ἃ.
3009 1247 3109 1299 οὐκ
3155 1246 3507 1316 είργάσαντο;
3560 1238 3787 1302 Πάντες
3814 1239 3872 1290 οι

2295 1343 2508 1411 ἄνδρες
2536 1344 2640 1395 τοῦ
2668 1341 2935 1394 πλούτου
2957 1338 3171 1408 χερσὶν
3197 1334 3415 1389 αὐτῶν.
3461 1333 3519 1386 Ὀ
3552 1331 3608 1384 δὲ
3641 1330 3875 1400 Σύμμα-

2296 1446 2391 1498 χος
2417 1427 2608 1490 οὕτως’
2647 1427 2874 1491 Πάντες
2907 1429 2962 1479 οἱ
2990 1423 3204 1492 ἄνδρες
3254 1425 3307 1476 οἱ
3348 1420 3584 1490 ισχιιροὶ
3611 1419 3716 1484 τὰς
3747 1416 3873 1486 χεῖ-

2289 1537 2404 1589 ρας
2421 1518 2640 1572 αὐτῶν.
2660 1518 2825 1571 Οὐδὲν
2849 1517 3065 1580 αὐτοὺς,
3100 1516 3286 1585 φησὶν,
3318 1513 3496 1584 ὢνησε
3528 1511 3638 1564 τῶν
3667 1509 3874 1581 χειρῶν

2297 1613 2329 1680 ἠ
2356 1609 2534 1681 ῥώμη,
2563 1609 2627 1662 δι’
2651 1604 2718 1680 ἦς
2739 1607 2848 1661 τῶν
2875 1607 3128 1662 ἁπάντων
3157 1605 3427 1676 ἁρπάσειν
3458 1602 3873 1673 προσεδόκησαν

2299 1700 2546 1756 πλοῦτον.
2603 1701 2712 1753 Καὶ
2776 1699 3038 1753 διδάσκων
3091 1698 3144 1751 τί
3177 1698 3379 1769 δήποτε
3429 1694 3579 1748 οὐδὲν
3619 1690 3875 1746 ἐντεῦθεν

2301 1790 2604 1853 άπώναντο,
2640 1791 2936 1860 ἐπήγαγεν·

2383 1883 2524 1936 Ἀπύ
2559 1880 2952 1950 ἐπιτιμήσεώς
2979 1895 3117 1943 σου,
3147 1882 3179 1932 ό
3203 1878 3346 1943 Θεὸς
3379 1876 3600 1940 Ἰακὼϐ,
3618 1875 3881 1929 ἐνύστα-

2300 1973 2416 2038 ξαν
2454 1977 2506 2027 οἱ
2543 1973 2958 2040 ἐπιϐεϐηκότες
2989 1972 3114 2038 τοῖς
3143 1972 3370 2034 ἵπποις.
3441 1965 3879 2036 Ἐξενεχθείσης,

2299 2066 2450 2134 φησὶ,
2500 2065 2600 2135 τῆς
2625 2066 2741 2117 κατ’
2774 2064 2951 2116 αὐτῶν
3006 2053 3220 2125 δικαίας
3248 2060 3448 2130 ψήφου,
3510 2059 3674 2111 οἱονεὶ
3723 2057 3881 2126 ὕπνῳ

2301 2158 2393 2209 καὶ
2446 2157 2600 2227 κάρῳ
2657 2156 3064 2227 παραδέδονται·
3120 2154 3398 2207 τουτέστιν
3455 2150 3732 2205 ἀνανεύειν
3777 2150 3882 2202 οὐκ

2305 2247 2548 2317 ἴσχυσαν.
2569 2248 2723 2311 Τίνες
2741 2247 2795 2300 δὲ
2812 2240 2956 2300 οὗτοι
2977 2247 3008 2317 ἢ
3037 2247 3085 2298 οἱ
3103 2241 3489 2314 ἐπιϐεϐηκότες
3510 2244 3624 2303 τοῖς
3650 2241 3842 2302 ἵπποις
3864 2257 3880 2302 ς

2303 2338 2536 2400 Ἵππους
2589 2338 2644 2389 δὲ
2671 2339 2704 2405 ἡ
2737 2335 2858 2388 θεία
2891 2334 3079 2405 Γραφὴ
3099 2331 3157 2397 ἐξ
3189 2331 3342 2393 ἔθους
3367 2331 3521 2383 καλεῖ
3548 2328 3676 2389 τοὺς
3709 2327 3878 2395 ἀσχέ-

2301 2443 2407 2488 τως
2437 2425 2818 2486 ἐκκεκλικότας
2848 2424 2980 2493 πρὸς
3008 2421 3220 2492 ἡδονάς·
3259 2418 3400 2473 κατὰ
3432 2419 3511 2482 τὸ,
3541 2418 3748 2471 Ἴπποι
3775 2418 3878 2482 θη-

2303 2514 2588 2583 λυμανεῖς
2613 2512 2989 2583 ἐγενήθησαν
3011 2529 3024 2541 ο
3055 2511 3316 2575 ἕκαστος
3353 2508 3450 2561 ἐπὶ
3480 2505 3592 2574 τὴν
3618 2505 3876 2576 τηεναῖκα

2304 2606 2411 2660 τοῦ
2441 2607 2710 2673 πλησίον
2752 2605 2936 2658 αὐτοῦ
2960 2600 3349 2672 ἐχρεμέτιζεν.

2375 2697 2457 2750 Σὺ
2489 2695 2739 2764 φοϐερὸς
2765 2691 2837 2758 εἷ,
2868 2694 2964 2746 καί
2999 2695 3088 2759 τίς
3116 2689 3544 2756 ἁντιστήσεταί
3569 2703 3668 2740 σοι
3693 2702 3712 2748 ;
3751 2685 3882 2739 Ἐὰν

2307 2788 2413 2856 γάρ
2462 2787 2649 2860 κλείσῃ
2698 2785 2836 2838 κατὰ
2866 2784 3174 2858 ἀνθρώπου,
3228 2782 3311 2846 τίς
3339 2779 3542 2844 ἀνοίξει
3567 2795 3581 2842 ;
3612 2777 3753 2830 κατὰ
3780 2777 3884 2848 τὴν

2319 2878 2536 2931 Ἡσαΐου
2576 2878 2777 2946 φωνήν.

2387 2970 2489 3022 Ἐκ
2521 2968 2628 3023 τοῦ
2661 2967 2919 3037 οὐρανοῦ
2952 2967 3278 3034 ἠκούτισας
3305 2965 3526 3032 κρίσιν.
3584 2963 3881 3033 Οὑδεμίαν,

2307 3060 2490 3130 φησιν,
2529 3059 2825 3126 ἀπολογίαν
2877 3057 3056 3123 ἕξουσι
3103 3057 3475 3125 κολαζόμενοι·
3534 3053 3884 3126 προεκήρυξε

2308 3148 2412 3219 γὰρ
2452 3149 2632 3211 αὐτοῖς
2657 3147 2725 3200 τὰ
2760 3146 2886 3218 περὶ
2921 3144 3014 3198 τοῦ
3051 3144 3193 3196 θείου
3222 3143 3590 3213 δικαστηρίου.
3623 3141 3716 3211 Γῆ
3742 3143 3888 3213 ἐγρο-

2234 3227 2276 3282 (Ῑ
2309 3236 2478 3304 ϐήθη,
2515 3237 2611 3290 καὶ
2642 3237 2942 3303 ἡσύχασε.
2990 3233 3097 3304 Γῆν
3159 3230 3393 3285 ἐνταῦθα
3425 3232 3604 3283 πᾶσαν
3636 3229 3745 3282 τῶν
3784 3230 3885 3282 ἀν-

2306 3327 2537 3401 θρώπων
2563 3328 2660 3398 τὴν
2686 3326 2848 3396 φύσιν
2863 3325 3046 3396 φησὶν,
3073 3324 3106 3393 ἢ
3137 3323 3229 3376 καὶ
3257 3321 3510 3375 δειλιάσει
3531 3320 3672 3374 τότε.
3694 3319 3887 3384 Οὐδεὶς

2305 3420 2412 3491 γὰρ
2450 3419 2598 3472 ἔσται
2630 3418 2750 3470 τότε
2786 3416 2842 3480 ὃς
2878 3417 2938 3469 οὗ
2974 3413 3258 3485 φοϐηθείη,
3309 3412 3524 3481 ἐκείνης
3581 3412 3888 3481 ἐπιστάσης

2306 3511 2404 3580 τῆς
2433 3509 2662 3580 ἡμέραςο

2380 3601 2661 3672 [Οὐράνιος
2688 3599 2816 3670 γάρ,
2861 3598 3014 3669 φησὶ,
3052 3595 3183 3659 Θεὸς
3217 3593 3314 3658 ὢν,
3345 3593 3590 3665 ἔκρινας,
3640 3592 3736 3644 καὶ
3783 3593 3890 3664 τὴν

2310 3693 2488 3763 κρίσιν
2528 3691 2788 3761 ἐποίησας
2826 3688 3062 3760 ἔνδηλον,
3094 3687 3412 3758 τιμωρήσας
3444 3684 3566 3746 τοὺς
3594 3683 3888 3754 πολεμίους

2309 3787 2409 3856 τῆς
2447 3781 2853 3854 Ἰερουσαλήμ]

2373 3875 2478 3940 Εἰς
2528 3874 2594 3927 τὸ
2640 3872 2972 3936 ἀναστῆναι
3007 3872 3094 3933 εις
3147 3868 3349 3936 κρίσιν
3402 3869 3508 3922 τὸν
3551 3867 3722 3928 Θεὸν,
3775 3864 3890 3918 τοῦ

2311 3962 2504 4017 σῶσαι
2559 3961 2790 4025 πάντας
2837 3959 2977 4024 τοὺς
3018 3957 3220 4026 πραεῖς
3263 3957 3373 4024 τῆς
3428 3956 3560 4027 τῆς.
3607 3955 3682 4008 Τὸ
3718 3955 3889 4018 θεῖον,

2312 4055 2464 4124 φησι,
2498 4052 2844 4123 δικαστήριον
2864 4054 2976 4114 τοῖς
3002 4051 3230 4121 πραέσιν
3276 4048 3541 4102 ἀποδώσει
3571 4048 3671 4118 τὴν
3709 4063 3888 4117 ιτωτη·⁵

2317 4145 2455 4216 ρίαν·
2489 4143 2677 4213 ὥσπερ
2703 4141 2895 4212 ἀμέλει
2935 4140 3028 4193 καὶ⁵
3085 4141 3196 4203 τοῖς
3221 4139 3560 4210 ἁμαρτωλοῖς
3595 4137 3692 4201 τὰς
3723 4135 3889 4189 κολά-

2315 4251 2427 4297 σεις
2459 4234 2800 4287 ἀποδίδωσιν.
3560 4294 3563 4296 _

2385 4328 2511 4380 Ὅτι
2541 4324 2824 4394 ἐνθύμιον
2861 4323 3172 4392 ἀνθρώπων
3210 4320 3719 4390 ἐξομολογήσεταί
3762 4336 3888 4375 σοι.

2319 4415 2782 4490 Παραστησόμεθα
2835 4418 2892 4468 ἐν
2943 4416 3134 4485 ἐκείνῳ
3173 4413 3251 4484 τῷ
3303 4411 3519 4482 φοϐερῷ
3565 4410 3790 4480 βήματι,
3823 4411 3889 4464 οὐ

2247 4557 2288 4609 D
2320 4509 2477 4580 μόνον
2532 4501 2606 4561 ὧν
2641 4506 2981 4578 ἐπράξαμεν,
3018 4504 3156 4558 ἀλλὰ
3219 4505 3312 4557 καὶ
3368 4497 3443 4557 ὧν
3487 4501 3892 4576 βεϐουλεύμεθα

2317 4596 2542 4660 εὐθύνας
2570 4595 2978 4664 ἀπαιτούμενοι.
3006 4594 3110 4646 Καὶ
3136 4591 3572 4664 ἐγκατάλειμμα
3599 4593 3891 4661 ὲνθυμίου

2317 4687 2586 4755 ἑορτάσει
2614 4700 2732 4740 σοι.
2784 4683 3229 4755 Ἐγκατάλειμμα
3261 4683 3516 4755 ὲνθυμίου
3554 4684 3583 4735 ὁ
3614 4685 3891 4756 κεκαθαρ-

2322 4778 2479 4848 μένος
2505 4776 2620 4829 ὲστ⁶ι
2652 4775 2930 4846 λογισμὸς,
2970 4775 3106 4828 κατὰ
3155 4775 3217 4828 τὸ
3242 4775 3450 4845 λεῖμμα
3497 4774 3614 4828 κατ’
3653 4775 3890 4848 ἐκλογὴν

2319 4868 2558 4939 χάριτος.
2616 4866 2832 4937 Ἐπειδὴ
2861 4866 2925 4918 διν
2951 4862 3063 4931 οὖν,
3099 4866 3283 4937 φησὶν,
3313 4867 3370 4920 ἐν
3395 4864 3588 4935 ἐκείνῳ
3608 4865 3686 4938 τῷ
3710 4869 3892 4941 καιρῷ

2319 4957 2555 5028 καθαρὸς
2591 4956 2786 5026 εὑρέθη
2817 4957 3095 5028 λογισμὸς,
3125 4959 3243 5012 τότε
3280 4957 3343 5028 δὴ
3370 4957 3492 5009 τότε
3539 4957 3633 5009 καί
3656 4958 3758 5028 τῆς
3786 4962 3890 5031 βῆς

2318 5050 2607 5120 μεταλάϐοι
2634 5049 2848 5120 ἑορτῆς.

2384 5142 2528 5213 [Ὅτι
2557 5141 2808 5211 ἐνθύμιον
2832 5139 3115 5212 ἀνθρώπου
3157 5137 3610 5212 ἑξομολογήσεταί
3633 5159 3734 5194 σοι.
3768 5144 3889 5196 Ὀτι

2315 5234 2462 5285 πᾶσα
2486 5231 2705 5300 γλῶσσα
2729 5271 2743 5295 ,
2785 5233 2876 5286 καὶ⁸
2910 5233 3016 5294 πᾶς
3047 5231 3303 5302 λογισμὸς
3336 5233 3430 5286 καὶ⁹
3455 5232 3749 5304 ἑνθύμημα
3805 5233 3890 5298 ἑξ-

2315 5323 2703 5394 ομολογήσεται
2734 5321 2810 5391 τῷ
2835 5322 3018 5395 Κυρίῳ
3047 5323 3192 5394 ἐντῷ
3210 5324 3308 5394 τῆς
3326 5324 3558 5396 κρίσεως
3576 5324 3774 5396 καιρῷ,
3801 5328 3888 5380 ὅτε

2322 5414 2414 5467 καὶ
2441 5413 2510 5466 τὰ
2537 5413 2754 5485 κρυπτά
2780 5412 3247 5486 θριαμϐεύονται.]

2389 5503 2683 5568 Εὔξασθε,
2743 5505 2840 5558 καὶ
2885 5504 3140 5558 ἀπόδοτε
3170 5507 3366 5572 Κιιρίῳ
3413 5503 3491 5569 τῷ
3534 5506 3657 5572 Θεῷ
3702 5507 3886 5574 ὑμῶν.

2336 5595 2455 5648 Ἐπὶ
2485 5597 2798 5666 παραίνεσιν
2821 5600 2848 5650 ὁ
2882 5597 3037 5666 λόγος
3070 5596 3348 5668 τρέπεται.
3409 5597 3622 5670 Ἐπειδὴ
3653 5600 3720 5652 τὰ
3742 5602 3889 5672 εἰρη-
