4070 6446
196 397 304 452 545

1263 386 1627 448 EXPOSlTlO
1662 387 1727 442 IN
1762 387 2096 444 PSALMUH
2135 384 2371 442 LXXVI.

3347 375 3452 431 546

200 513 362 583 μένα,
395 511 579 582 φησὶν,
633 509 785 565 ἔσται
819 512 877 564 ἐν
903 510 978 582 τῷ
1033 509 1161 580 Θείῳ
1195 509 1549 581 δικαστηρίῳ,
1586 508 1775 561 τούτου

1882 523 1944 561 ea
1990 525 2110 578 quae
2147 523 2315 578 supra
2348 505 2588 560 diximus
2637 501 2690 555 in
2725 499 2912 555 divino
2946 497 3200 553 tribunali
3240 497 3452 552 contin-

197 605 360 674 χάριν
382 603 488 666 ἐως
515 603 638 657 ἐστὲ
669 606 726 656 ἐν
757 602 836 673 τῷ
871 604 1096 674 παρόντι
1149 602 1269 672 βίῳ,
1301 601 1528 667 εὖξασθε
1556 601 1634 672 τῷ
1664 602 1778 654 Κυ-

201 695 301 766 ρίῳ
324 694 546 763 ἀγαθῶν
578 695 755 766 ἔργων
780 691 919 749 εἶναι
940 694 1289 766 ἐπιμεληταὶ,
1331 694 1427 746 καὶ
1467 693 1668 746 τούτων
1703 691 1778 762 μὴ

199 783 501 856 βραδύνητε
532 786 860 854 ποιήσασθαι
889 785 987 856 τὴν
1020 786 1294 839 ἀπόδοσιν.
1326 786 1593 856 Κομιοῦσι
1631 784 1686 836 δὲ
1711 783 1780 835 τὰ

195 877 370 948 δῶρα,
408 877 512 930 ὑπὸ
563 876 672 931 τῶν
697 877 1078 949 γεγενημένων
1127 877 1618 949 ἐκδειματωθὲντες
1645 874 1778 928 θαν-

201 972 411 1040 μάτων.

274 1059 362 1126 Τῷ
385 1060 614 1136 φοϐερῷ
648 1060 745 1115 καὶ
782 1059 1194 1130 ἀφαιρουμένῳ
1220 1061 1526 1130 πνεύματα
1556 1058 1776 1127 ἀρχόνο

196 1173 336 1209 των.
417 1155 865 1223 Ἐπαγγείλασθε,
914 1156 1098 1226 φησὶν,
1141 1153 1515 1223 ἀγαθοεργεῖν,
1555 1151 1776 1215 εἰδότες,

194 1248 273 1312 ὡς
305 1250 387 1302 δεῖ
420 1250 566 1320 ὑμᾶς
595 1251 651 1302 ἐν
684 1246 876 1317 ἐκείνῳ
907 1246 1231 1316 γενομένους
1274 1243 1352 1314 τῷ
1397 1245 1568 1313 τόπῳ,
1617 1243 1778 1296 οἱονεὶ

194 1342 347 1413 δῶρα
398 1340 496 1404 τὰς
542 1339 781 1393 ἐαυτῶγ
802 1338 1031 1410 πράξεις
1081 1338 1450 1409 προσαγαγεῖν
1500 1333 1578 1404 τῷ
1635 1332 1772 1402 Θεῷ.

195 1434 387 1498 Οὕτως
436 1433 492 1485 δὲ
523 1433 552 1484 ό
585 1431 717 1495 Θεὸς
747 1430 973 1501 φοϐερός
994 1431 1159 1495 ἐστιν,
1190 1428 1265 1490 ὡς
1291 1427 1384 1480 καὶ
1414 1426 1520 1479 ἀπὸ
1549 1424 1655 1477 τῶν
1679 1423 1777 1476 πά-

195 1528 286 1579 λαι
335 1523 610 1596 ἀρξάντων
661 1524 754 1576 καὶ
793 1521 1100 1592 γενομένων
1158 1519 1409 1590 πονηρῶν
1460 1517 1520 1570 τὸ
1562 1513 1777 1584 πνεῦμα

195 1617 646 1690 ἀφαιρεθήσεται.
697 1615 785 1667 Ἐν
814 1614 923 1685 γὰρ
962 1612 1155 1684 ἐκείνῳ
1179 1611 1257 1682 τῷ
1286 1611 1412 1680 θείῳ
1441 1609 1535 1662 καὶ
1562 1607 1776 1680 φοδερῷ

197 1713 406 1784 βήματι
452 1710 510 1776 ἐξ
537 1711 766 1763 ἑκάστου
792 1706 902 1759 τῶν
932 1705 1330 1778 ἡμαρτηκότων
1374 1704 1686 1776 ἀφαιρεῖται
1715 1701 1776 1755 τὸ

192 1805 347 1859 δοθὲν
379 1803 469 1857 διὰ
496 1802 590 1856 τοῦ
625 1801 1015 1873 βαπτίσματος.
1059 1799 1166 1852 Καὶ
1187 1798 1344 1852 τοῦτό
1374 1799 1521 1851 ἐστιν
1543 1797 1571 1851 ὅ
1604 1800 1632 1852 ό
1660 1797 1773 1852 Κύ-

1885 611 2030 670 gent,
2059 602 2199 665 ideo,
2228 599 2358 653 dum
2392 597 2448 652 in
2489 593 2742 665 presenti
2778 591 2884 646 vita
2927 591 3080 655 estis,
3121 597 3308 642 vorete
3345 586 3452 639 Do-

1886 696 2051 760 mino,
2080 710 2176 748 vos
2202 695 2266 747 de
2292 691 2447 746 bouis
2475 689 2730 759 operibus
2759 685 3016 753 deinceps
3038 681 3262 737 edendis
3293 695 3453 735 cura-

1885 797 2058 851 turos,
2090 794 2144 840 et
2188 800 2253 838 ne
2286 782 2508 838 tardetis
2541 796 2604 835 ea
2643 789 2769 833 vota
2800 777 3044 846 implere.
3083 774 3320 828 All'erent
3353 785 3450 826 au-

1885 889 1988 934 tem
2027 891 2273 941 munera,
2312 870 2581 944 perterriti
2611 870 2677 924 de
2707 866 3048 922 mirabilibus
3081 863 3263 919 editis.

1953 1055 2038 1109 I3.
2072 1051 2313 1107 Terribili
2345 1060 2394 1105 et
2419 1050 2465 1104 ei
2503 1048 2590 1120 qui
2623 1047 2796 1116 aufert
2837 1044 3080 1114 spiritum
3128 1041 3445 1110 principum.

1883 1146 2208 1208 Prontittite,
2247 1144 2442 1213 inquit,
2475 1156 2572 1195 vos
2618 1140 2756 1193 bona
2790 1152 2953 1206 opera
2986 1135 3252 1195 edituros,
3297 1128 3450 1200 gnari

1883 1247 2133 1307 oportere
2167 1249 2264 1288 vos
2307 1233 2361 1286 in
2399 1232 2489 1285 illo
2533 1230 2653 1284 loco
2703 1228 3065 1287 constitutos,
3102 1219 3257 1291 quasi
3307 1221 3450 1272 dona

1882 1343 2046 1398 opera
2078 1332 2254 1380 vestra
2284 1321 2480 1377 oﬂ‘erre
2502 1318 2632 1374 Deo.
2673 1316 2771 1371 Hic
2806 1326 2984 1370 autem
3017 1312 3162 1368 Deus
3193 1308 3452 1364 terribilis

1881 1430 1982 1476 est.
2016 1418 2200 1488 Itaque
2227 1417 2297 1470 ab
2333 1415 2400 1469 iis
2434 1413 2527 1483 qui
2572 1411 2700 1466 olim
2742 1410 3082 1478 imperarunt
3123 1413 3176 1458 et
3219 1399 3450 1471 improbi

1883 1514 2102 1567 fuerunt
2143 1507 2364 1576 spiritus
2413 1502 2712 1559 auferetur.
2769 1500 2825 1553 In
2874 1497 3058 1553 divino
3104 1509 3339 1564 namque
3387 1506 3451 1544 ae

1884 1602 2104 1659 terribili
2150 1600 2244 1654 illo
2282 1596 2538 1652 tribunali
2578 1609 2608 1648 a
2662 1590 2892 1661 singulis
2936 1586 3316 1659 peccatoribus
3353 1599 3451 1636 au-

1882 1695 2083 1750 feretur
2108 1690 2333 1761 spiritus
2373 1701 2467 1756 per
2508 1685 2836 1754 baptismum
2876 1680 3053 1734 datus.
3097 1676 3163 1731 Et
3207 1674 3337 1729 illud
3367 1679 3453 1727 est

1881 1787 2023 1859 quod
2051 1785 2311 1839 Dominus
2337 1781 2546 1835 dicebat
2573 1797 2586 1832 :
2620 1773 2899 1829 Exsciudet
2924 1785 3126 1824 serrum
3157 1765 3451 1836 improbum

196 1914 311 1969 ριος
343 1896 518 1963 ἔλεγε·
554 1856 946 1964 Διχοτομγέσει
976 1856 1087 1944 τὸν
1130 1889 1358 1944 δοῦλον
1381 1890 1488 1942 τὸν
1512 1889 1775 1956 πονηρὸν

1882 1856 2120 1935 dominus
2149 1877 2263 1944 ejus
2306 1872 2516 1942 quando
2547 1868 2767 1930 venerit,
2794 1874 2843 1918 et
2874 1861 3163 1932 portionem
3193 1856 3306 1926 ejus
3333 1861 3448 1924 post

189 1985 392 2042 ἐλθὼν
431 1989 464 2040 d
502 1985 704 2053 κύριος
726 1982 937 2048 αὐτοῦ,
979 1981 1078 2034 καὶ
1106 1981 1171 2034 τὸ
1213 1981 1396 2050 μέρος
1419 1979 1608 2035 αὑτοῦ
1634 1977 1779 2047 μετὰ

195 2081 306 2134 τὸν
330 2080 592 2133 ἄπιστον
621 2074 816 2142 θήσει.

263 2171 368 2236 Εἰς
393 2169 456 2223 τὸ
502 2167 697 2232 τέλος,
754 2163 908 2233 ὑπὲρ
949 2163 1224 2233 Ἰδιοοὺμ,
1287 2162 1594 2216 ΨΑΛΜΟΣ
1630 2159 1710 2226 τῷ

791 2264 1006 2333 Ἀσάφ.
1057 2266 1183 2318 OL".

827 2355 842 2377 '
854 2358 1161 2423 Υπόοεσις.

202 2443 472 2510 Ἀκούσας
508 2445 740 2518 Ἰδιθοῦμ
767 2446 834 2500 τὰ
875 2449 1148 2519 λεγόμενα
1202 2445 1331 2517 περὶ
1360 2445 1454 2499 τοῦ
1490 2443 1619 2497 λαοῦ
1672 2443 1779 2496 τῶν

273 2537 561 2609 Ἐϐραίων
591 2538 762 2592 ταῦτα
790 2540 844 2592 δὲ
862 2536 927 2610 ἦν
944 2540 1088 2592 τάδε·
1107 2541 1241 2592 Ἵνα
1261 2540 1317 2591 τί
1339 2541 1372 2592 ὀ
1395 2537 1537 2602 Θεὸς
1563 2534 1781 2589 ἀπώσω

263 2631 355 2695 εις
386 2629 601 2694 τέ.ἰος;
653 2630 953 2701 ὑπερήλγει
989 2631 1081 2682 καὶ
1130 2629 1476 2700 ἐταράττετο,
1510 2627 1607 2698 τὴν
1645 2643 1779 2678 παν-

263 2721 393 2792 τελῆ
429 2722 610 2775 αὐτῶν
643 2721 910 2792 ἀποϐολὴν
963 2721 1196 2793 θρηνῶν.
1269 2716 1404 2775 Εἶτα
1475 2719 1780 2787 συντίθησιν

260 2813 414 2885 αὑτῷ
447 2817 475 2868 ό
520 2814 691 2884 Ἀσὰφ
716 2815 950 2884 ψαλμὸν,
984 2815 1251 2868 διδάσκων
1278 2814 1462 2876 αὑτὸν,
1488 2814 1562 2876 ὡς
1592 2816 1648 2866 ἐν
1669 2815 1780 2875 τοῖς

264 2903 624 2974 περὶτούτων
654 2904 938 2974 πράγμασι
963 2904 1096 2973 πρὸς
1137 2903 1298 2972 μόνον
1328 2903 1417 2954 τὸν
1445 2902 1579 2954 Θεὸν
1609 2919 1778 2954 κατα-

265 2995 492 3064 φεύγειν
519 2994 617 3057 δεῖ,
642 2993 894 3047 κάκεῖθεν
918 2995 1014 3065 τὴν
1037 2993 1388 3065 παραμυθίαν
1411 2993 1625 3064 εὑρίσκε
1637 2992 1776 3046 σθαιο

260 3087 345 3140 διὸ
370 3087 466 3140 καὶ
496 3085 795 3157 ἀρχόμενός
834 3103 984 3157 φησι·

266 3177 443 3246 Φωνῇ
469 3196 586 3247 μου
635 3177 786 3247 πρὸς
817 3181 1037 3248 Κύριον
1084 3177 1413 3246 ἐκέκραξα,
1455 3175 1624 3245 φωνῇ
1659 3195 1778 3245 μου

187 3273 345 3344 πρὸς
376 3272 483 3326 τὸν
517 3271 690 3338 Θεὸν,
724 3273 820 3326 καὶ
854 3271 1160 3340 προσέσχε
1184 3290 1303 3339 μοι.
1337 3271 1588 3323 Διδάσκει
1618 3271 1777 3341 ἀρχό-

192 3382 360 3436 μενος
386 3363 480 3417 τοῦ
510 3363 726 3436 ψαλμοῦ
759 3362 836 3431 τῷ
875 3361 1126 3432 Ίδιθοὺμ,
1156 3362 1229 3423 ὡς
1250 3361 1416 3429 ἐγγὺς
1439 3363 1641 3432 Κνριος
1667 3364 1776 3423 τοῖς

188 3456 645 3518 ἐπικαλουμένοις
679 3454 861 3508 αὐτόν.

280 3552 384 3603 Ἐν
412 3548 603 3618 ἡμέρᾳ
658 3545 919 3616 θλίψεὼς
965 3565 1084 3617 μου
1138 3546 1245 3599 τὸν
1280 3545 1428 3599 Θεὸν
1454 3543 1780 3614 ἑξεζήτησα

190 3642 324 3708 ταῖς
346 3638 524 3710 χερσί
577 3656 697 3708 μου
729 3638 947 3704 νυκτὸς
983 3639 1262 3691 ἐναντίον
1299 3638 1510 3698 αὑτοῦ,
1541 3637 1640 3689 καὶ
1669 3637 1779 3690 οὐκ

186 3733 532 3800 ήπατήθην.
586 3731 857 3802 Τοσαύτη,
914 3732 1067 3801 φησὶ,
1101 3730 1426 3800 περιέκλυσε
1457 3728 1633 3798 θλίψις
1680 3728 1781 3801 τὴν

186 3824 373 3893 ψυχήν
403 3839 525 3893 μου,
547 3823 623 3885 ὡς
653 3823 712 3875 οὐ
770 3822 928 3892 μόνον
983 3819 1103 3890 μεθ’
1135 3820 1348 3892 ἡμέραν
1388 3818 1488 3882 τὰς
1543 3819 1780 3883 ἱκετείας

191 3913 491 3976 ποιεῖσθαι,
541 3914 678 3967 ἀλλά
715 3913 824 3983 γὰρ
852 3913 946 3966 καὶ
977 3913 1139 3965 αὑτὸν
1169 3913 1258 3965 τὸν
1283 3913 1470 3984 καιρὸν
1502 3911 1609 3964 τῶν
1648 3927 1778 3963 νυκ-

187 4007 302 4062 τῶν
335 4006 751 4061 καταναλίσκειν
771 4009 849 4069 εἰς
881 4007 1206 4078 προσευχάς.
1225 4006 1387 4059 Ἀλλά
1406 4006 1576 4059 ταῦτα
1605 4004 1778 4075 πράτ-

189 4117 322 4161 των,
347 4101 448 4154 οὐκ
469 4101 548 4163 εἰς
582 4097 738 4152 κενὸν
769 4099 1024 4172 ἔδραμον,
1053 4100 1152 4152 οὐκ
1187 4101 1268 4162 είς
1306 4096 1459 4150 κενὸν
1493 4095 1756 4150 ἐκοπίασα

190 4193 286 4245 καὶ
311 4191 471 4244 τοῦτό
501 4194 617 4245 ἐστι
641 4193 720 4252 τὸ,
748 4196 870 4247 Οὐκ
900 4193 1236 4260 ὴπατήθην.

275 4281 646 4352 Ἀπηνήνατο
671 4273 1128 4352 παρακληθῆναι
1162 4285 1199 4351 ἡ
1227 4281 1397 4352 ψυχή
1421 4299 1563 4351 μου,
1598 4278 1778 4350 ἐμνή-

190 4381 354 4444 σθην
378 4375 482 4428 τοῦ
501 4375 670 4441 Θεοῦ,
701 4376 799 4429 καὶ
826 4373 1188 4444 εὐφράνθην.
1209 4373 1531 4446 ’Λνθρὼπων
1559 4374 1656 4444 μὲν
1681 4389 1781 4425 πα-

193 4467 490 4541 ραμυθίας,
548 4467 730 4537 φησὶν,
760 4467 878 4520 οὐδὲ
908 4468 1038 4538 μιᾶς
1068 4467 1394 4538 ⁴ίινεσχόμην·
1433 4465 1567 4536 μόνη
1602 4464 1659 4517 δέ
1691 4479 1778 4533 μοι

1881 1970 2143 2036 infidelem
2170 1974 2324 2036 ponet
2349 1965 2418 2016 ”.

2078 2153 2132 2208 1.
2176 2150 2241 2204 lu
2272 2151 2449 2220 ﬁnem,
2485 2161 2579 2215 pro
2617 2142 2876 2203 Iditlumt,
2914 2130 3250 2191 PSALMUS

2427 2239 2631 2308 Asaph.
2669 2232 2818 2289 LXX
2835 2230 2932 2287 VI.

2462 2330 2864 2399 Argumentum.

1880 2431 2014 2485 (Zum
2052 2426 2293 2482 audisset
2338 2422 2571 2477 ldithnm
2621 2432 2742 2490 quze
2787 2414 3109 2470 dicebantur
3141 2411 3207 2465 de
3252 2405 3450 2478 populo

1951 2523 2328 2578 Hebraeorum.
2351 2530 2472 2585 quae
2503 2514 2692 2569 istluec
2712 2517 2868 2564 erant
2899 2525 2913 2560 :
2945 2501 3140 2574 thuid
3180 2501 3322 2555 Deus
3367 2515 3450 2554 re-

1948 2613 2133 2682 pulisti
2163 2613 2218 2664 in
2247 2609 2404 2677 ﬁttem
2429 2607 2455 2660 .9
2484 2615 2829 2672 summopere
2865 2597 3083 2654 dolebat
3110 2603 3164 2649 et
3192 2592 3452 2646 turbaba-

1951 2680 2058 2766 tur,
2087 2702 2276 2770 lugens
2299 2696 2443 2766 quod
2480 2695 2704 2748 omnino
2735 2690 2934 2759 abjecti
2976 2687 3262 2757 fugissent.
3307 2680 3449 2735 Tum

1953 2795 2007 2848 in
2035 2793 2154 2863 ejus
2179 2790 2410 2860 gratiam
2444 2783 2628 2854 Asaph
2675 2781 2944 2852 psalmum
2976 2779 3109 2841 edit,
3145 2777 3350 2831 docens
3381 2772 3449 2826 il-

1951 2862 2087 2950 lum,
2116 2883 2172 2936 in
2197 2878 2467 2952 ejusmodi
2495 2874 2728 2946 negotiis
2772 2873 2839 2928 ad
2871 2871 3042 2925 Deum
3086 2881 3208 2922 esse
3253 2862 3450 2920 coniu-

1949 2976 2205 3048 giendum
2241 3013 2256 3037 ,
2319 2982 2480 3040 atque
2544 2967 2668 3021 inde
2731 2961 3159 3019 consolationem
3210 2954 3449 3011 mutuari

1949 3076 2202 3138 oportere
2235 3083 2246 3118 :
2286 3077 2458 3132 quare
2483 3061 2561 3114 sic
2585 3058 2798 3113 orditur
2832 3075 2845 3110 :

1950 3137 2003 3211 ’2.
2047 3154 2180 3208 Voce
2215 3169 2328 3206 mea
2360 3151 2428 3203 ad
2459 3149 2742 3202 Dominum
2771 3145 3019 3209 clamavi,
3065 3156 3185 3196 voce
3231 3155 3349 3192 mea
3379 3137 3449 3190 ad

1887 3249 2068 3314 Deum,
2093 3257 2140 3301 et
2172 3242 2397 3299 intendit
2435 3241 2583 3295 mihi.
2621 3237 2900 3293 Psalmum
2916 3234 3136 3289 ordiens
3162 3231 3318 3285 docet
3344 3230 3448 3283 Idi-

1882 3341 2057 3406 thum,
2090 3337 2237 3409 quod
2271 3352 2453 3407 prope.
2486 3334 2558 3389 sit
2579 3330 2845 3386 Dominus
2878 3323 3267 3382 invocantibus
3299 3334 3447 3374 eum.

1955 3543 2010 3597 ’5.
2046 3540 2112 3594 1η
2141 3539 2226 3593 die
2261 3534 2622 3590 tribulationis
2659 3546 2784 3585 mete
2829 3527 2999 3581 Deum
3049 3521 3310 3593 exquisivi
3338 3536 3451 3571 ma-

1881 3635 2032 3687 nibus
2070 3632 2196 3683 meis
2235 3638 2381 3682 nocte
2410 3636 2596 3678 contra
2633 3637 2773 3683 eum,
2809 3629 2858 3672 et
2881 3632 2983 3670 non
3022 3631 3140 3669 sum
3179 3613 3447 3678 deceptus.

1883 3723 2080 3786 Tanta,
2118 3719 2317 3788 inquit,
2359 3716 2636 3772 tribulatio
2669 3713 2927 3767 demersit
2957 3711 3195 3763 animam
3251 3720 3427 3760 meam

1883 3825 2080 3868 utnon
2113 3812 2290 3865 solum
2330 3810 2418 3863 die
2455 3805 2882 3875 supplicationes
2919 3802 3194 3866 oﬂ‘errem,
3245 3799 3339 3853 sed
3393 3814 3448 3852 e.

1885 3910 2063 3980 ipsum
2091 3905 2332 3960 noctium
2366 3911 2580 3970 tempus
2613 3900 2666 3953 in
2697 3899 2949 3968 precibus
2975 3897 3323 3950 insumerem.
3344 3889 3450 3946 Ve-

1881 4015 2002 4055 rum
2052 4000 2164 4052 haec
2221 4011 2390 4066 agens
2431 4009 2539 4046 non
2575 3992 2794 4044 cucurri
2833 3990 2887 4043 in
2927 4003 3152 4048 vanum,
3184 4000 3294 4041 non
3331 3985 3448 4037 l'ru-

1881 4102 1991 4149 stra
2043 4091 2325 4145 laboravi:
2359 4098 2520 4156 atque
2554 4085 2604 4139 id
2664 4083 2768 4138 sibi
2817 4082 2930 4136 vult
2966 4081 3133 4135 illud:
3171 4078 3295 4132 Non
3333 4094 3451 4131 eum

1880 4183 2143 4250 deceptus.

1949 4270 2004 4326 4.
2034 4269 2223 4324 Reuuit
2254 4264 2516 4320 consolari
2545 4265 2726 4317 anima
2754 4278 2891 4326 mea,
2931 4275 3127 4314 memor
3149 4258 3230 4328 fui
3259 4257 3374 4321 Dei,
3398 4266 3450 4310 et

1881 4365 2172 4418 delectatus
2206 4376 2344 4415 sum.
2393 4357 2604 4420 Nullas,
2639 4357 2840 4425 inquit,
2873 4355 3157 4409 hominum
3200 4351 3451 4405 consola-

1884 4455 2060 4510 tiones
2086 4450 2470 4507 admittebam:
2529 4447 2621 4504 sed
2674 4448 2788 4501 sola
2835 4444 2929 4499 Dei
2967 4444 3230 4499 memoria
3264 4442 3450 4496 latitia

188 4533 223 4632 ἦ
255 4533 351 4614 τοῦ
378 4558 512 4611 Θεοῦ
545 4533 732 4629 μνήμη
761 4533 1068 4628 εὐφροσύνη
1092 4533 1587 4629 καρδίαςὲγένετο.
1618 4553 1775 4608 Ἡδο-

1883 4545 2066 4602 cerdis
2089 4551 2205 4598 erat
2241 4541 2399 4596 mihi.
2431 4540 2768 4594 Eure-italus
2798 4553 2936 4601 sum,
2969 4545 3017 4590 et
3051 4533 3240 4603 defecit
3290 4533 3452 4602 spiri-

188 4653 495 4720 λέσχησα,
535 4649 635 4703 καὶ
663 4649 1088 4718 ὼλιγοψύχησε
1109 4650 1173 4702 τὸ
1199 4649 1434 4716 πνεῦμά
1461 4665 1600 4716 μου.
1626 4645 1774 4710 Ὅτε,

189 4745 350 4814 φησὶ,
391 4743 668 4813 λογισμοῖς
706 4740 1068 4813 ἀνθρωπίνοις
1120 4739 1409 4812 ἐχρώμην·
1452 4737 1613 4790 τοῦτο
1667 4736 1775 4806 γάρ

189 4840 310 4888 ἐστι
338 4834 420 4900 τὸ,
463 4833 909 4902 Ἦδολέσχησα,
938 4834 1062 4887 τότε
1109 4833 1172 4903 δὴ
1191 4832 1311 4885 τότε
1339 4831 1434 4884 καὶ
1463 4833 1543 4893 είς
1579 4828 1772 4897 όλιγω-

193 4931 318 5001 ρίαν
349 4927 752 4998 κατεφερόμην.

264 5017 790 5087 Προκατελάϐοντο
832 5016 1112 5086 φυλακὰς
1165 5019 1218 5069 ol
1280 5013 1578 5085 ὀφθαλμοί
1627 5031 1771 5084 μου,

188 5105 530 5176 εταράχθην
577 5106 677 5159 καὶ
714 5108 826 5160 οὐκ
858 5105 1155 5172 ἐλάλησα.
1197 5105 1367 5158 Τοῦτο
1422 5105 1562 5174 γὰρ,
1620 5105 1772 5175 φησὶ,

188 5197 558 5270 ταράττεσθαι
578 5201 723 5251 ποιεῖ
743 5196 849 5251 τῶν
882 5195 1092 5268 ἐχθρῶν
1122 5195 1641 5269 προκαταλαὸόντων
1666 5196 1775 5249 τῶν

190 5289 480 5360 ἡμετέρων
518 5288 773 5359 φυλακῶν
828 5289 954 5352 τοὺς
987 5287 1204 5351 τόπουςο
1231 5287 1475 5340 τουτέστι
1502 5285 1612 5339 τῶν
1665 5304 1769 5340 τει-

190 5383 306 5453 χῶν
333 5382 432 5445 τὰς
461 5381 735 5449 ἐπάλξεις.
1132 5369 1133 5374 “

263 5472 701 5543 Διελοτισὰμην
748 5472 972 5542 ἡμέρας
1004 5474 1277 5542 ἀρχαίας.
1320 5471 1551 5534 Ἐκεῖνα,
1588 5471 1772 5541 φησιν,

191 5565 439 5618 ἐνενόουν
467 5565 585 5618 κατ’
616 5563 873 5633 ἐμαυτὸν,
929 5562 1024 5616 καὶ
1049 5562 1426 5635 ἐταραττόμην
1463 5560 1581 5625 πῶς
1609 5562 1774 5616 πάλαι

196 5655 504 5726 μένόΘεὺς
546 5653 761 5725 ἐϐοήθει
788 5655 866 5726 τῷ
890 5654 1025 5725 λαῷ,
1070 5656 1187 5708 νυνὶ
1237 5655 1291 5708 δὲ
1333 5654 1607 5710 ἀπώσατο.
1661 5657 1768 5711 Καὶ

271 5814 318 5844 ⁸⁸
346 5811 477 5866 Luc.
513 5828 609 5880 xu,
648 5812 735 5866 46.

1881 4652 1964 4693 tua
1993 4654 2155 4691 meus.
2185 4635 2322 4690 Cum
2357 4632 2634 4694 humanis,
2665 4631 2862 4699 inquit,
2893 4628 3085 4684 utebar
3107 4626 3447 4689 ratiociniis;

1879 4730 1933 4783 id
1966 4731 2110 4784 enim
2146 4727 2416 4796 signiﬁcat
2458 4723 2587 4777 illud
2619 4740 2632 4776 :
2671 4722 3013 4777 Exercitum:
3047 4735 3183 4783 sum,
3231 4727 3361 4773 tunc
3393 4719 3450 4772 in

1877 4821 2233 4877 defectionem
2259 4819 2428 4874 animi
2462 4817 2705 4888 dejectus
2738 4830 2882 4871 sum.

1953 5022 2005 5076 5.
2041 5020 2473 5089 Auticiparerunt
2504 5017 2714 5087 vigilias
2747 5017 2886 5070 oculi
2917 5017 3036 5077 mei,
3065 5017 3306 5068 turbatus
3334 5030 3450 5066 sunt

1879 5126 1928 5166 et
1964 5131 2067 5167 non
2097 5129 2215 5167 sum
2250 5113 2476 5166 locutus.
2511 5109 2623 5165 Hoc
2656 5124 2776 5171 nos,
2808 5108 3003 5179 inquit,
3056 5109 3112 5162 in
3168 5107 3454 5177 perturba-

1883 5209 2082 5261 tionem
2107 5206 2351 5276 conjicit,
2387 5204 2532 5273 quod
2564 5203 2768 5257 inimici
2803 5201 3176 5256 custodiarum
3235 5209 3454 5254 nostra-

1881 5315 2000 5353 rum
2033 5299 2149 5353 loca
2186 5306 2474 5366 occupent,
2498 5296 2548 5350 id
2581 5305 2684 5363 est,
2711 5308 2991 5350 murorum
3017 5291 3451 5364 propugnacula.

1951 5470 2004 5526 6.
2044 5471 2289 5542 Cogitavi
2335 5473 2445 5526 dies
2482 5477 2748 5542 antiquos.
2802 5469 2918 5534 Illa,
2981 5467 3178 5537 inquit,
3230 5479 3448 5520 mecum

1881 5566 2210 5636 cogitabam,
2244 5577 2299 5620 et
2332 5565 2590 5619 turbabar
2610 5561 2947 5634 perpendens
2978 5575 3087 5629 quo
3114 5566 3275 5628 pacto
3305 5555 3450 5607 Deus

1877 5659 2006 5714 olim
2041 5659 2241 5729 populo
2275 5657 2666 5720 auxiliaretur,
2724 5671 2868 5711 nunc
2925 5663 3109 5708 autem
3164 5649 3446 5720 repulerit.
