4070 6450
580 440 686 497 54³1

1423 421 1482 476 S.
1528 411 1898 473 ATHANAS“
1937 408 2066 470 OPP
2126 405 2307 464 PARS
2342 404 2428 459 lil.
2470 435 2540 444 —
2578 392 2989 455 EXEGETICA.

3697 374 3806 429 548

587 554 650 607 Et
676 558 777 607 hoc
808 561 893 602 me
919 544 972 598 in
999 546 1323 597 anxietatem
1354 532 1519 587 annni
1543 529 1899 598 conjiciehat:
1935 540 2003 578 ne
2033 522 2145 576 for-
2174 527 2207 577 Α

2287 520 2395 571 >υτό
2429 532 2518 587 μοι
2546 512 2642 583 τὴν
2693 504 2927 576 ἀθυμίαν
2966 498 3149 555 ἐκίνει,
3182 494 3243 547 τιὸ
3278 493 3351 563 μὴ
3384 492 3488 561 ἄρα
3523 488 3603 552 είς
3641 486 3700 538 τὺ
3727 487 3809 538 δι-

585 648 642 699 te
673 644 727 696 in
766 645 1081 708 perpetuum
1114 628 1311 685 deserti
1354 626 1553 680 forent.
1594 619 1999 675 Reminiscehar
2030 615 2149 669 illo-

588 748 709 790 rum
745 731 955 785 dierum
987 724 1361 791 antiquorum.

662 826 747 878 11.
791 821 917 875 Hac
970 817 1195 871 mutatio
1250 813 1477 865 dextera:
1510 804 1738 860 Excelsi.
1769 802 1909 855 Dum
1939 814 2149 854 mecum

594 924 893 973 versarem,
920 904 1119 975 inquit,
1150 901 1507 971 cogitationes
1541 896 1661 950 illas
1694 894 1759 948 de
1785 892 1967 962 pepuli
2002 890 2154 958 abje-

593 1004 795 1066 ctione,
832 1014 954 1054 sero
977 996 1193 1050 tandem
1235 990 1494 1055 intellexi,
1544 987 1899 1041 mutationem
1939 982 2083 1035 illam
2124 995 2153 1033 a

596 1092 754 1147 bonis
792 1089 857 1144 ad
891 1088 1056 1150 mala,
1096 1100 1215 1154 qua:
1237 1082 1436 1153 populo
1459 1078 1708 1148 contigit,
1738 1076 1808 1129 oh
1831 1072 1967 1128 nihil
2006 1070 2153 1125 aliud

597 1183 866 1244 evenisse,
903 1180 1007 1234 nisi
1065 1185 1284 1247 propter
1339 1169 1603 1225 Altissimi
1656 1169 1953 1222 dexteram.
1989 1162 2156 1228 Quasi

601 1275 843 1345 apertius
878 1272 1113 1325 diceret:
1158 1267 1386 1335 Propter
1416 1277 1481 1316 ea
1514 1275 1636 1330 qua:
1674 1268 1861 1314 contra
1908 1255 2156 1309 Salvato-

602 1382 715 1423 rcm
750 1364 1052 1426 Christum,
1085 1360 1178 1431 qui
1213 1369 1297 1412 est
1334 1358 1555 1411 dextera
1587 1351 1785 1414 Patris,
1812 1348 1952 1404 facta
1979 1354 2125 1403 sunt.

676 1544 763 1598 12.
801 1542 939 1609 Quia
963 1556 1157 1594 memor
1190 1553 1277 1591 ero
1307 1535 1371 1588 ab
1404 1534 1555 1587 initio
1582 1529 1901 1585 mirabilium
1931 1535 2158 1580 tuorum.

605 1633 871 1705 Cogitavi,
928 1631 1122 1700 inquit,
1174 1634 1378 1697 quanta
1420 1624 1554 1693 ipsis
1591 1623 1731 1675 bona
1790 1618 2062 1683 tribuerit,
2111 1624 2165 1669 et

607 1725 787 1796 qualia
825 1721 1065 1776 vicissim
1118 1716 1398 1772 intulerint
1440 1714 1487 1768 ei
1529 1713 1691 1766 mala.

679 1818 765 1871 i3.
803 1814 872 1868 Et
922 1812 1212 1866 meditabor
1254 1810 1310 1863 in
1353 1806 1590 1861 omnibus
1616 1803 1857 1872 operibus
1898 1800 2022 1853 tuis.
2050 1797 2162 1852 Etsi

610 1906 754 1961 enim
782 1905 953 1958 illiita
984 1918 1042 1957 se
1068 1899 1354 1970 gesserint,
1411 1906 1465 1949 at
1493 1909 1593 1964 ego
1639 1908 1701 1947 ea
1755 1906 1874 1960 quze
1918 1889 1985 1943 ab
2012 1887 2167 1941 initio

614 1995 770 2049 nobis
795 1993 1073 2049 contulisti
1102 1988 1362 2044 beneﬁcia
1384 1986 1449 2040 ad
1470 1985 1628 2037 tinem
1654 1997 1826 2051 usque
1852 1979 2165 2034 recensebo:

2250 578 2444 682 ηνεκὲς
2473 578 2650 659 αὑτων
2676 604 2708 671 ἡ
2738 592 3054 664 ἀποστροφὴ
3079 589 3323 658 γένηται.
3365 578 3811 651 ’Υπεμιμνησκὸ-

2255 715 2360 770 μην
2389 695 2610 749 ἐκείνων
2637 690 2745 743 τῶν
2787 683 3026 739 παλαιῶν
3052 677 3292 751 ἡμερῶν,

2321 765 2480 855 Ᾰῧτη
2527 787 2565 853 ἠ
2617 780 2943 843 ἀλλοίωσις
2975 773 3085 842 τῆς
3110 768 3311 836 δεξιᾶς
3355 767 3461 821 τοῦ
3497 765 3814 833 ’Υψίστοω

2253 881 2453 942 Κινῶν,
2486 876 2640 946 φησι,
2669 873 2794 934 τοὺς
2813 869 2939 940 περὶ
2963 868 3061 935 τῆς
3102 862 3372 931 ἀποϐολῆς
3398 858 3491 912 τοῦ
3520 858 3699 920 ἔθνους
3731 856 3821 907 λο-

2254 972 2503 1042 γισμοὺς,
2539 966 2636 1035 aee
2681 979 2809 1016 ποτε
2851 960 3076 1029 συνῆκα,
3104 957 3178 1019 ὡς
3208 957 3241 1025 ἡ
3292 950 3559 1024 μεταϐολὴ
3604 949 3741 1018 αὕτη
3784 949 3819 1016 ἡ

2257 1040 2315 1129 ἐξ
2343 1040 2558 1131 ἁγαθῶν
2588 1061 2666 1122 εἰς
2703 1054 2849 1109 κακὰ
2901 1050 3239 1120 γεγενημένη
3279 1045 3356 1115 τῷ
3390 1045 3529 1097 ἔθνει
3554 1042 3619 1095 δι’
3666 1040 3821 1094 οὐδὲν

2256 1158 2440 1226 ἓτερον
2468 1152 2754 1221 γεγένηται
2786 1145 2819 1216 ἧ
2844 1144 2932 1197 διὰ
2956 1140 3050 1211 τὴν
3079 1139 3171 1193 τοῦ
3211 1137 3464 1206 Ὑψίστου
3493 1134 3691 1197 δεξιάν.
3733 1133 3825 1194 Ὠς

2259 1252 2308 1302 εί
2339 1225 2665 1315 σαφέστερον
2696 1239 2899 1305 έλεγεψ
2927 1234 3021 1286 Διὰ
3044 1231 3111 1284 τὰ
3137 1230 3278 1283 κατὰ
3297 1228 3388 1281 τοῦ
3419 1226 3667 1294 Σωτῆρος
3690 1225 3827 1293 Χρι-

2264 1340 2387 1395 στοῦ
2425 1332 2808 1407 πεπραγμένα,
2851 1330 2910 1391 ὃς
2950 1328 3064 1379 ἐστι
3094 1322 3244 1386 δεξιὰ
3279 1320 3371 1373 τοῦ
3395 1318 3629 1389 Πατρός.

2334 1518 2461 1569 Ὅτι
2488 1515 2914 1583 μνησθησομαι
2959 1503 3077 1559 ἀπὸ
3107 1499 3213 1569 τῆς
3242 1498 3437 1569 ἀρχῆς
3464 1496 3583 1550 τῶν
3606 1498 3832 1562 θαυμα-

2263 1609 2413 1662 σίων
2443 1620 2578 1658 σου.
2632 1601 2935 1668 Ἐνενόησα,
2972 1596 3155 1665 φησὶν,
3213 1593 3313 1645 ὅσα
3341 1588 3501 1650 αὐτὸς
3528 1587 3705 1647 αὐτοῖς
3747 1588 3834 1637 ὲν-

2265 1696 2499 1763 εδείξατο
2523 1693 2721 1764 ἀγαθὰ,
2746 1688 2831 1745 οἷα
2860 1691 2917 1743 δὲ
2938 1686 3085 1757 αὑτῷ
3107 1682 3491 1739 ἁνταπέδωκαν
3520 1678 3685 1730 κακά.

2335 1789 2443 1845 Καὶ
2460 1784 2772 1857 μελετήσω
2824 1782 2892 1834 ἐν
2919 1778 3069 1834 πᾶσι
3096 1776 3218 1842 τοῖς
3248 1774 3441 1842 ἔργοις
3479 1786 3616 1824 σου.
3649 1769 3711 1820 Εἰ
3739 1766 3838 1857 καὶ

2198 1857 2239 1911 Β
2267 1849 2678 1948 οὖτωςίφησὶνξ
2721 1875 2937 1935 ἐκεῖνοι,
2989 1868 3101 1922 ἁλλ’
3145 1865 3253 1935 ἐγὼ
3301 1863 3407 1917 ἀπὸ
3430 1861 3528 1931 τῆς
3555 1857 3731 1930 ἀρχῆς
3760 1849 3838 1908 ὧν

2270 1975 2347 2037 είς
2379 1974 2522 2042 ἡμᾶς
2548 1968 2694 2041 ἦρξω
2716 1961 3064 2035 εὐεργεσιῶν,
3094 1959 3255 2030 μέχρι
3279 1956 3464 2016 τέλους
3492 1951 3837 2019 διεξέλθοιμιο

615 2086 669 2141 id
696 2094 800 2144 est,
849 2084 1059 2139 nullum
1115 2096 1179 2135 ex
1234 2079 1389 2133 nobis
1447 2075 1659 2131 collatis
1691 2073 1854 2129 bonis
1911 2068 2170 2124 oblivioni

2287 2064 2560 2123 τουτέστιν,
2582 2059 2730 2113 οὐδὲν
2753 2056 2859 2110 τῶν
2884 2056 2940 2107 ἐν
2955 2056 3088 2124 ἡμῖν
3110 2049 3492 2121 γεγενημένων
3511 2043 3690 2099 καλῶν
3700 2042 3841 2113 λήθῃ

620 2175 846 2229 ttadam.

691 2266 775 2319 M.
823 2265 980 2326 Deus,
1013 2264 1067 2315 in
1114 2270 1296 2316 sancto
1332 2260 1416 2312 via
1453 2269 1565 2312 tua.
1600 2256 1859 2311 Sanctum
1892 2261 2047 2308 vocat
2081 2264 2176 2306 aut

619 2356 1014 2412 sanctiﬁcatum
1064 2354 1431 2422 apostolorum
1486 2351 1738 2412 chorum,
1791 2348 2009 2418 quicum
2061 2355 2176 2397 stu-

622 2448 794 2519 penda
822 2448 907 2500 illa
944 2454 998 2500 et
1026 2445 1206 2499 divina
1240 2443 1394 2512 signa
1426 2442 1649 2505 edebat;
1710 2448 1803 2492 aut
1842 2437 1969 2506 quia
2019 2451 2177 2490 nemo

621 2549 799 2610 potest
827 2538 1009 2592 venire
1035 2538 1099 2590 ad
1134 2536 1343 2589 l’atrem
1370 2534 1472 2587 nisi
1512 2547 1606 2600 per
1641 2531 1939 2593 Christum,
1972 2528 2063 2597 qui
2096 2543 2173 2581 re-

621 2648 744 2687 vera
780 2641 1006 2685 sanctus
1036 2638 1141 2694 est,
1166 2635 1350 2695 utpote
1390 2623 1551 2678 Dens.
1596 2623 1725 2689 Quis
1778 2620 1916 2675 Deus
1959 2636 2178 2689 magnus

622 2724 759 2776 sicut
792 2720 924 2773 Deus
949 2730 1123 2771 noster
1148 2720 1173 2771 ?
1210 2715 1475 2770 Omnibus
1504 2713 1805 2777 antecellis,
1840 2726 1873 2765 0
1907 2710 2135 2765 Domine
2164 2728 2176 2763 :

626 2815 774 2868 solus
808 2812 951 2866 enim
981 2827 1100 2879 quae
1133 2810 1215 2864 vis
1245 2809 1512 2861 mirabilia
1542 2804 1808 2874 operaris.

697 2902 784 2956 i6.
825 2901 1111 2955 Redemiati
1162 2902 1214 2953 in
1252 2899 1463 2951 brachio
1497 2907 1584 2949 tuo
1627 2894 1874 2964 populum
1925 2901 2092 2955 tuum,
2120 2891 2186 2959 ﬁ-

652 2996 725 3046 ios
758 2992 921 3044 Jacob
960 3003 1009 3044 et
1034 2990 1247 3057 Joseph.
1282 2989 1420 3057 Ipsis
1457 2988 1600 3041 enim
1652 2985 1841 3055 primis
1873 2982 2187 3053 prazdicavit

626 3084 979 3152 Evangelium
1024 3082 1177 3151 regni
1212 3081 1495 3135 caelorum.
1533 3076 1822 3132 Brachium
1861 3075 2094 3143 Domini,
2132 3076 2185 3130 id

628 3186 711 3233 est
731 3174 1005 3227 Christus.

716 3268 799 3320 ΓΙ.
842 3265 1091 3319 Viderunt
1146 3274 1193 3318 te
1239 3281 1409 3334 aqum,
1457 3263 1619 3325 Deus,
1674 3270 1739 3316 et-
1777 3263 2080 3317 timuerunt.
2124 3258 2192 3314 Et

632 3359 977 3429 quandonatn
1011 3373 1166 3428 aqua:
1198 3356 1441 3409 videntes
1471 3355 1793 3417 timuerunt,
1834 3353 1937 3407 nisi
1972 3352 2191 3422 quando

631 3468 783 3507 mare
808 3451 1103 3521 increpavit
1131 3458 1183 3503 et
1216 3448 1529 3502 obmutuit?

705 3542 792 3597 i8.
836 3542 1021 3596 Vocem
1063 3541 1315 3594 dederunt
1346 3539 1521 3591 nubes.
1576 3537 1784 3590 Etenim
1836 3536 2042 3604 sagitta:
2089 3546 2193 3588 tua:

637 3643 930 3687 transeunt.
967 3630 1149 3685 Nubes
1172 3631 1259 3684 hic
1306 3636 1460 3683 vocat
1491 3636 1713 3681 sanctos
1765 3626 2059 3696 apostolos,
2101 3625 2194 3694 qui

637 3731 914 3784 caelestem
951 3735 1005 3781 et
1033 3724 1404 3795 evangelicum
1444 3736 1749 3777 sermonem
1790 3719 2191 3774 administrant.

641 3822 878 3893 Sagittas
911 3829 1090 3874 autem
1128 3826 1285 3873 vocat
1338 3816 1683 3885 operationes
1718 3812 1891 3867 sancti
1936 3809 2193 3881 Spiritus.

638 3914 869 3969 Perinde
899 3913 1065 3980 igitur
1084 3920 1168 3965 est
1198 3926 1261 3964 ac
1280 3909 1332 3979 _si
1361 3908 1564 3963 diceret
1598 3925 1611 3960 :
1645 3905 1999 3975 Operationcs
2028 3904 2079 3956 in
2109 3902 2197 3956 di-

642 4004 866 4073 scipulis
895 4004 1003 4057 tuis
1041 4001 1218 4065 editae,
1257 4016 1351 4069 per
1380 4008 1551 4052 totum
1593 3998 1780 4052 orbem
1816 3996 2014 4049 audita:
2052 4002 2197 4047 sunt.

644 4096 937 4152 Sciendum
970 4102 1148 4150 autem
1184 4094 1361 4163 ipsum
1383 4090 1661 4145 Christum
1690 4088 1938 4155 sagittam
1972 4086 2198 4141 electam

642 4189 785 4257 apud
846 4185 1041 4241 Isaiam
1102 4184 1421 4254 prophetam
1472 4190 1842 4249 nuncupatum
1906 4177 2075 4232 fuisse
2124 4175 2195 4228 ⁸⁷.

653 4278 765 4333 Vox
798 4278 1021 4331 tonitrui
1054 4277 1131 4328 tui
1183 4276 1237 4328 in
1284 4285 1422 4327 rota.
1480 4272 1706 4326 Tonitru
1751 4271 1884 4325 dicit
1927 4269 2199 4340 evangeli-

644 4387 768 4425 cum
800 4383 1128 4431 sermonem,
1155 4367 1245 4436 qni
1293 4381 1386 4435 per
1425 4373 1596 4418 totum
1632 4365 1817 4416 orbem
1859 4362 2205 4416 vehementer

647 4460 908 4515 insonuit.
945 4458 1314 4524 Quamobrem
1338 4454 1745 4525 evangelistam,
1774 4452 1945 4506 ﬁlium
1980 4450 2204 4504 tonitrui

646 4552 938 4623 appellavit
969 4551 1035 4605 ⁸⁸.
1088 4549 1283 4603 Rotam
1324 4558 1504 4602 autem
1541 4548 1670 4601 dicit
1699 4546 1982 4600 hominum
2017 4545 2203 4609 vitam,

648 4654 707 4699 ut
734 4660 800 4699 ex
828 4642 1106 4696 Ezechiele
1157 4641 1399 4695 ediscere
1436 4648 1520 4693 est
1559 4639 1626 4691 ".
1662 4636 1889 4692 Perinde
1920 4636 2101 4704 itaque
2124 4644 2207 4689 est

649 4750 713 4792 ac
750 4734 794 4790 si
831 4734 1074 4788 diceret:
1114 4731 1305 4786 Sermo
1343 4740 1469 4784 tuus
1521 4729 1863 4798 evangelicus
1898 4730 1993 4781 toti
2026 4728 2203 4783 homi-

653 4843 783 4882 num
813 4827 998 4897 generi
1026 4825 1258 4880 traditus
1281 4833 1383 4880 est.
1419 4823 1714 4877 “luxerunt
1739 4821 1953 4891 fulgura
1976 4831 2067 4874 tua
2092 4823 2204 4873 οι·οι

652 4933 827 4973 terrm.
860 4916 1184 4987 Ecquaanam
1220 4916 1433 4985 fulgura
1464 4914 1683 4977 fuerint,
1710 4915 1816 4968 nisi
1842 4929 1903 4967 ea
1934 4928 2055 4982 quae
2097 4912 2201 4979 spi-

652 5010 835 5065 rituali
872 5025 971 5064 nos
1019 5008 1225 5061 lumine
1274 5008 1572 5071 illustrant,
1612 5004 1785 5060 sancti
1836 5003 2042 5058 scilicet
2090 5017 2207 5068 apo-

653 5104 777 5159 stoli
814 5115 867 5157 et
915 5100 1301 5172 evangelista?
1358 5098 1559 5169 quibus
1614 5097 1862 5151 Salvator
1894 5096 2065 5149 dixit:
2111 5093 2209 5146 Vos

654 5202 781 5256 estis
820 5198 914 5252 tua:
958 5197 1138 5251 mundi
1167 5196 1233 5248 ’°.
1265 5194 1539 5249 Commota
1571 5204 1645 5246 est
1682 5202 1731 5245 et
1776 5191 2090 5245 contremuit
2118 5202 2194 5242 ter

658 5309 740 5345 ra.
773 5289 939 5356 Quasi
970 5290 1133 5354 dicat,
1165 5288 1363 5342 Audita
1396 5296 1479 5342 est
1499 5286 1566 5340 ab
1595 5284 1848 5339 omnibus
1898 5282 2082 5337 orbem
2124 5282 2207 5335 in-

658 5383 964 5440 colentibus
1002 5382 1258 5436 salutaris
1300 5377 1612 5449 praedicatio
1644 5415 1659 5440 ,
1698 5390 1794 5444 per
1828 5389 1989 5443 quam
2030 5381 2215 5427 castus

662 5478 829 5531 timor
867 5489 1058 5529 omnes
1095 5472 1401 5542 occupavit,
1451 5469 1602 5540 juxta
1654 5468 1829 5523 illud:
1864 5466 2063 5521 Servite
2108 5464 2214 5517 Do-

664 5570 804 5623 mino
830 5569 882 5622 in
906 5569 1107 5631 timore,
1136 5575 1185 5620 et
1208 5564 1466 5619 exsultate
1487 5562 1533 5616 ei
1565 5578 1681 5615 cum
1714 5569 1933 5613 tremore
1972 5559 2037 5610 ".

744 5815 785 5846 ⁸⁷
819 5812 921 5870 isa.
958 5828 1098 5877 χιιι,
1129 5810 1179 5865 2.

2274 2170 2522 2227 παραοω.

2353 2247 2406 2297 Ὀ
2433 2243 2594 2308 Θεὸς,
2634 2242 2702 2295 ἐν
2728 2240 2805 2303 τῷ
2848 2238 2993 2306 ἁγιῳ
3017 2237 3055 2302 ἡ
3106 2233 3246 2298 ὁδός
3274 2246 3411 2285 σου.
3450 2228 3638 2296 ’Ἃγιόν
3677 2241 3843 2293 φησιν

2276 2336 2308 2406 ἢ
2338 2336 2428 2388 τὸν
2476 2331 2805 2402 ἡγιασμένον
2835 2329 2940 2381 τῶν
2970 2323 3278 2379 ἀποστόλων
3319 2319 3498 2391 χορὸν,
3552 2317 3667 2388 μεθ’
3692 2316 3749 2368 ὃν
3776 2310 3845 2384 ἦν

2279 2426 2538 2481 ἐπιτελῶν
2590 2424 2686 2486 τὰς
2737 2419 3066 2491 παραδόξους
3109 2412 3451 2483 θεοσημείας·
3484 2410 3517 2479 ἣ
3547 2411 3628 2461 ὅτι
3669 2406 3847 2468 οὐδεὶς

2277 2522 2494 2573 δύναται
2519 2516 2688 2570 ἐλθεῖν
2726 2514 2859 2583 πρὸς
2889 2511 2979 2563 τὸν
3002 2507 3216 2577 Πατέρα
3244 2507 3291 2557 εἱ
3346 2503 3420 2574 μὴ
3463 2501 3550 2554 διὰ
3577 2495 3844 2570 Χριστοῦ,

2278 2615 2336 2676 ὃς
2374 2614 2487 2665 ἐστι
2515 2608 2654 2663 κατὰ
2682 2606 2935 2676 ἀλήθειαν
2968 2602 3119 2669 ἆγιος
3140 2600 3213 2661 ὡς
3241 2597 3391 2659 Θεός.
3448 2593 3547 2658 Τίς
3582 2591 3726 2655 Θεὸς
3745 2588 3844 2659 μέν

2281 2719 2390 2773 γίις
2417 2703 2495 2765 ὡς
2521 2703 2551 2753 ό
2587 2698 2728 2761 Θεὸς
2754 2693 2954 2763 furtim;
2986 2691 3209 2743 Πάντων
3238 2685 3545 2755 ὑπερέχεις,
3578 2681 3823 2734 Δέσποτα

2287 2795 2442 2866 μόνος
2474 2791 2580 2862 γὰρ
2609 2791 2750 2858 ἆπερ
2779 2786 2947 2848 θέλεις
2982 2776 3459 2849 θαυματουργεῐς.

2370 2881 2713 2953 Ἐλυτρώσω
2734 2881 2800 2933 ἐν
2835 2876 2913 2942 τῷ
2947 2873 3229 2945 βραχίονί
3258 2887 3371 2925 σου
3403 2869 3504 2921 τὸν
3530 2866 3682 2953 λαόν
3711 2877 3855 2953 σου,

2286 2975 2425 3041 τοὺς
2468 2946 2633 3036 υἱοὺς
2685 2967 2892 3023 Ἰακὼϐ
2922 2964 3017 3017 καὶ
3064 2957 3305 3027 Ἰωσήφ.
3344 2955 3534 3015 Αὑτοῖς
3563 2951 3673 3021 γὰρ
3704 2946 3857 3019 πρὼ-

2286 3038 2656 3132 τοις-ὲκήρυξε
2682 3058 2741 3111 τὸ
2768 3052 3095 3122 Εὑαγγέλιον
3120 3050 3218 3117 τῆς
3255 3044 3527 3115 βασιλείας
3549 3040 3658 3094 τῶν
3684 3038 3856 3109 οὐρα-

2214 3182 2258 3238 C
2290 3159 2416 3212 νῶν.
2481 3156 2538 3207 Ὀ
2572 3149 2807 3222 βραχίων
2837 3144 3060 3216 Κυρίου,
3090 3139 3362 3193 τουτέστιν
3394 3138 3422 3187 ὁ
3452 3132 3705 3205 Χριστός.

2359 3221 2621 3301 Εῐδοσάν
2665 3257 2737 3293 σε
2788 3236 2995 3296 ὕδατα,
3035 3236 3067 3285 ό
3098 3228 3260 3293 Θεὸς,
3311 3224 3407 3279 καὶ
3448 3221 3857 3290 ἐφοϐήθησαν.

2291 3338 2400 3391 Καὶ
2435 3335 2564 3388 πότε
2593 3330 2752 3385 αὑτὸν
2784 3328 2962 3380 ἰδόντα
2998 3320 3236 3391 ἐφοϐήθη
3267 3318 3332 3370 τὰ
3363 3315 3548 3376 ὕδατα,
3586 3311 3619 3382 ἢ
3644 3312 3735 3363 ὅτε
3763 3311 3862 3362 ἐπη-

2292 3427 2517 3495 ετίμησε
2549 3424 2613 3491 τῇ
2650 3419 2889 3484 θαλάσσῃ
2914 3414 3006 3465 καὶ
3030 3411 3344 3479 πεφίμωτο;

2364 3490 2575 3581 φωνὴν
2606 3490 2858 3563 ἔδωκαν
2887 3507 2943 3557 αἱ
2984 3501 3247 3570 νεφέλαι.
3304 3496 3414 3549 Καὶ
3463 3494 3573 3564 γὰρ
3597 3491 3667 3545 τὰ
3700 3490 3861 3555 ,ϐέλη

2295 3625 2409 3662 σου
2437 3600 2904 3671 διαπορεύηται.
2926 3591 3169 3663 Νεφέλας
3197 3591 3252 3643 ἐν
3286 3587 3493 3649 τούτοις
3524 3585 3647 3647 τοὺς
3676 3581 3865 3650 ἁγίους

2295 3697 2618 3757 ἀποστόλους
2674 3690 2807 3762 φησὶ
2834 3688 2959 3748 τοὺς
3000 3686 3088 3736 τὸν
3116 3683 3363 3752 οὐράνιον
3394 3678 3486 3730 καὶ
3514 3674 3869 3743 εὐαγγελικὸν

2297 3787 2669 3847 διακονοῦντας
2700 3783 2874 3849 λόγον·
2902 3776 3027 3847 βέλη
3057 3775 3112 3827 δὲ
3140 3773 3238 3835 τὰς
3270 3769 3545 3841 ἐνεργείας
3579 3766 3675 3818 τοῦ
3710 3766 3867 3833 ἁγίου

2298 3880 2629 3949 Πνεύματος.
2659 3876 2880 3943 Ὅμοιον
2900 3865 2990 3922 οὖν
3016 3866 3147 3919 ὡσεὶ
3175 3864 3400 3932 λέγοιεν·
3426 3863 3488 3913 Ai
3515 3860 3785 3929 ἐνέργειαι
3810 3858 3870 3910 αἱ

2300 3974 2377 4035 είς
2426 3972 2550 4032 τοὺς
2591 3966 2777 4034 ἁγίους
2826 3978 2918 4014 σου
2956 3957 3200 4031 μαθητὰς
3250 3956 3557 4022 ἐξάκουστοι
3608 3951 3757 4020 πάσῃ
3801 3951 3869 4019 τῇ

2300 4061 2589 4133 οἰκουμένῃ
2618 4057 2922 4127 γεγόνασιν.
2966 4050 3159 4104 ’ἰστέον
3204 4047 3282 4109 δὲ,
3314 4046 3387 4108 ὡς
3408 4046 3501 4097 καὶ
3528 4042 3689 4105 αὐτὸς
3720 4040 3873 4110 βέλος

2303 4128 2731 4217 ἔκλεπτον-παρὰ
2749 4142 2826 4212 τῷ
2855 4139 3107 4211 προφήτῃ
3132 4134 3327 4206 Ἡσαΐᾳ
3347 4133 3671 4201 ὠνόμασται.
3698 4128 3872 4195 Φωνὴ

2302 4243 2412 4311 τῆς
2443 4236 2708 4308 ,ϐροντῆς
2740 4251 2857 4287 σου
2880 4232 2949 4284 ἐν
2982 4227 3059 4293 τῷ
3085 4224 3292 4295 τροχῷ.
3325 4224 3559 4294 Βροντὴν
3592 4221 3683 4273 τὸν
3711 4222 3878 4287 εὐαγ-

2302 4332 2513 4404 γελικὸν
2544 4330 2699 4396 λόγον
2743 4325 2906 4395 φησὶ,
2962 4320 3052 4373 τὸν
3091 4320 3587 4385 κατακτυπήσαντα
3640 4311 3743 4382 τὴν
3781 4312 3875 4364 ὑπ’

2304 4424 2547 4497 οὐρανόν.
2591 4421 2679 4473 Διὸ
2726 4418 2820 4471 καὶ
2860 4416 2951 4467 τὸν
2994 4408 3378 4478 εὐαγγελιστὴν
3418 4406 3530 4459 υἱὸν
3567 4405 3877 4459 ἀπεκάλεσε

2238 4511 2280 4563 D
2314 4495 2558 4589 βροντῆς.
2602 4509 2807 4583 Τροχὸν
2841 4507 2895 4559 δὲ
2927 4504 3032 4557 τῶν
3078 4500 3377 4570 ἀνθρώπων
3410 4497 3499 4551 τὸν
3544 4496 3655 4566 βίον
3686 4495 3874 4567 φησίν·

2311 4613 2385 4674 ὼς
2427 4609 2518 4662 καί
2551 4608 2615 4658 ὲκ
2661 4603 2752 4656 τοῦ
2794 4597 3051 4667 Ἰεζεκιὴλ
3085 4596 3198 4648 ἔστι
3249 4594 3456 4664 μαθεῖν.
3510 4593 3731 4661 Ὅμοιον
3783 4585 3881 4641 οὖν

2311 4705 2441 4756 ὡσεὶ
2474 4699 2638 4768 λέγοι·
2676 4697 2733 4749 '0
2769 4694 2924 4761 λόγος
2959 4707 3052 4742 σου
3085 4690 3113 4741 ό
3141 4684 3491 4755 εὑαγγελικὸς
3514 4683 3677 4736 παντὶ
3706 4682 3881 4735 διαδέ-

2310 4796 2456 4849 δοται
2480 4788 2798 4863 ἀνθρωπίνῳ
2826 4784 2988 4853 γένει.
3033 4783 3304 4848 Ἐφαναν
3333 4781 3389 4833 αι
3436 4778 3732 4842 ἀστραπαί
3762 4791 3880 4828 σου

2310 4886 2385 4955 τῇ
2409 4881 2741 4951 οἰκουμένῃ.
2778 4879 2887 4931 Καὶ
2925 4878 3066 4938 τίνες
3111 4873 3176 4927 ἂν
3204 4867 3311 4923 εἷεν
3347 4871 3402 4921 at
3430 4866 3705 4937 ἀστραπαὶ
3756 4866 3789 4934 ἢ
3823 4866 3881 4917 αἱ

2309 4980 2369 5032 τὸ
2417 4976 2602 5045 νοητὸν
2638 4974 2769 5043 ἡμῖν
2796 4967 3200 5039 ἀστράπτουσαι
3231 4962 3364 5031 φῶς,
3398 4961 3447 5012 οἱ
3470 4959 3611 5027 ἅγιοι
3643 4958 3881 5010 ἀπόστο-

2312 5070 2393 5122 λοι
2446 5067 2540 5119 καὶ
2569 5057 2951 5130 εὐαγγελισταί
2980 5072 2994 5120 ;
3041 5049 3122 5116 οἷς
3156 5052 3338 5119 ἔλεγεν
3364 5051 3391 5101 ὁ
3428 5049 3639 5118 Σωτήρ·
3695 5045 3881 5114 Ὑμεῖς

2313 5160 2454 5212 ἐστε
2486 5154 2552 5207 τό
2587 5151 2709 5222 φῶς
2742 5148 2849 5203 τοῦ
2897 5147 3144 5214 κόσμου.
3200 5141 3524 5205 Ἐσαλεύθη
3556 5138 3650 5191 καὶ
3681 5136 3883 5204 ἐντρο-

2317 5268 2423 5321 μος
2449 5244 2699 5317 ἐγενήθη
2726 5243 2763 5308 ή
2795 5238 3054 5311 γῆ.Ἀντὶ
3090 5234 3205 5297 τοῦ,
3255 5232 3605 5297 Ἐξάκουστον
3637 5230 3750 5291 τοῖς
3778 5226 3883 5280 ἀνὰ

2320 5314 2499 5395 πᾶσαν
2518 5338 2617 5409 τὴν
2646 5340 2748 5406 γῆν
2779 5334 2969 5401 γέγονε
3042 5328 3101 5381 τὺ
3127 5327 3385 5397 σωτήριον
3422 5326 3700 5394 κήρυγμα,
3733 5322 3799 5375 δι’
3819 5314 3882 5373 οὗ

2317 5433 2411 5485 καὶ
2434 5429 2594 5499 φόὸος
2623 5425 2781 5495 ἁγνὸς
2803 5422 3007 5483 πάντας
3036 5418 3214 5482 ἔλαϐε,
3242 5417 3380 5470 κατὰ
3399 5417 3479 5468 τό·
3507 5419 3886 5469 Δουλευσατε

2322 5519 2399 5586 τῷ
2452 5519 2642 5586 Κυρίῳ
2698 5516 2766 5569 ἐν
2800 5513 2997 5583 φόϐῳ,
3055 5509 3151 5561 καὶ
3197 5504 3567 5575 ἀγαλλιᾶσθε
3608 5503 3771 5569 αὐτῷ
3818 5504 3887 5557 ἐν

2330 5614 2537 5682 τρόμῳ.

1276 5808 1321 5843 ⁸⁸
1348 5805 1511 5863 Marc.
1538 5820 1621 5871 ιιι,
1652 5804 1733 5859 17.
1814 5804 1853 5835 αθ
1885 5800 2079 5857 Ezech.
2116 5794 2261 5862 1,20.
2337 5793 2380 5825 ’°
2417 5789 2607 5846 Matth.
2642 5804 2692 5854 v,
2730 5786 2811 5842 Η.
2852 5786 2892 5818 "
2921 5782 3064 5839 Psal.
3104 5797 3160 5841 ιι,
3205 5777 3283 5832 ll.
