4070 6440
252 404 358 458 349

1293 391 1655 450 EXPOSITIO
1697 392 1759 447 IN
1797 391 2127 448 PSALMUM
2168 393 2421 448 LXXVII.

3373 397 3476 450 350

336 515 440 570 Ἐν
469 514 541 583 τῇ
571 513 851 580 θαλάσσῃ
880 511 1016 577 ὁδός
1032 524 1166 575 σου,
1191 509 1287 563 καὶ
1319 511 1377 562 al
1408 510 1587 576 τρίϐοι
1616 524 1731 561 σου
1753 509 1817 560 ἐν

1995 507 2082 561 20.
2116 505 2180 560 In
2206 510 2339 560 mari
2379 510 2462 559 via
2517 517 2606 559 tua
2645 515 2694 558 et
2723 509 2922 560 semita-
2947 516 3050 560 tute
3072 507 3124 559 in
3154 507 3302 575 aquis
3337 508 3476 559 mul-

250 606 436 660 ὖδασι
474 603 746 669 πολλοῖς.
792 602 1076 654 Θάλασσαν
1107 599 1203 669 μὲν
1247 599 1338 651 τὸν
1395 599 1616 667 κόσμον,
1657 598 1822 650 ὕδατα

249 702 305 753 δὲ
345 699 511 752 πολλὰ
543 696 611 750 τά
640 699 695 749 ἐν
723 693 872 763 αὐτῷ
922 694 1153 760 διάφορα
1185 690 1290 742 τῶν
1319 687 1617 759 ἀνθρώπων
1668 689 1817 757 γένη-

261 789 482 858 Ἐπειδὴ
511 788 566 839 δέ
594 789 621 838 6
651 784 880 854 Χριστὸς
931 781 1229 834 ἐνετείλατο
1259 780 1430 845 λέγων
1454 782 1562 841 τοῖς
1595 779 1822 830 ἀποστό-

247 879 381 943 λοις·
418 874 828 943 Πορευθέντες,
862 872 1274 941 μαθητεύσατε
1325 869 1518 922 πάντα
1547 870 1617 921 τὰ
1650 869 1817 935 ἔθνη.

248 971 365 1031 καὶ,
434 967 587 1022 Ἰδοὺ
615 967 742 1034 μεθ’
791 965 956 1033 ὑμῶν
1012 965 1128 1030 ειμι
1170 961 1371 1028 πάσας
1419 962 1524 1026 τὰς
1577 960 1816 1028 ἡμέρας·

247 1060 533 1129 διέδραμον
558 1057 612 1109 δὲ
640 1057 737 1125 τὴν
764 1055 852 1106 ὑπ’
876 1053 1121 1123 οὐρανὸν,
1137 1053 1227 1104 καὶ
1250 1050 1515 1121 ἐκήρυξαν
1539 1052 1616 1112 εἰς
1647 1050 1820 1102 πάντα

248 1149 314 1200 τά
343 1147 491 1216 ἔθνη,
540 1146 786 1205 συνόντος
816 1143 995 1204 αὐτοῖς
1029 1141 1272 1219 ἀεράτως
1305 1139 1544 1210 δηλονότι
1573 1139 1663 1191 τοῦ
1712 1141 1819 1191 Κυ-

251 1235 391 1304 ρίου,
428 1232 569 1286 κατὰ
627 1232 726 1293 τὰς
771 1231 1017 1299 ἀψευδεῖς
1056 1228 1216 1281 αὑτοῦ
1253 1227 1600 1296 ἐπαγγελίας·
1631 1227 1817 1279 τούτου

247 1325 408 1396 χάριν
431 1325 689 1393 ἐπήγαγε·
710 1321 818 1375 Καὶ
844 1322 914 1373 τὰ
949 1321 1086 1388 ἴχνη
1111 1335 1224 1372 σου
1254 1321 1324 1372 οὺ
1346 1318 1815 1387 γνωσθήσονται,

246 1417 336 1469 διά
366 1417 428 1469 τὸ
457 1417 684 1486 ἀόρατον
717 1417 814 1484 τῆς
851 1413 965 1482 μετ’
1013 1412 1191 1465 αὐτῶν
1218 1412 1437 1482 πορείας
1462 1411 1554 1462 τοῦ
1593 1411 1814 1480 Κυρίου.

245 1509 396 1577 Πλὴν
424 1507 517 1560 καὶ
572 1508 728 1576 μόνος
776 1505 936 1567 αὐτὸς
972 1505 1047 1568 ὼς
1079 1504 1209 1567 Θεὸς
1260 1505 1549 1574 ἐποιήσατο
1598 1505 1689 1555 ἐπὶ
1721 1505 1818 1573 τῆς

245 1600 508 1669 αἰσθητῆς
561 1598 831 1667 θαλάσσης
861 1596 958 1667 τὴν
997 1595 1238 1665 πορείαν,
1286 1594 1360 1658 ῶς
1397 1612 1556 1665 φησιν
1597 1596 1625 1647 6
1653 1595 1816 1662 εὐαγ-

242 1691 521 1761 γελιστὴς.

329 1783 666 1851 Ὠδήγησας
692 1783 770 1847 ὡς
804 1781 1064 1849 πρόϐατα
1096 1777 1202 1832 τὸν
1224 1780 1376 1833 λαόν
1400 1790 1535 1832 σου.
1572 1777 1682 1830 Καὶ
1711 1777 1817 1829 ὣσ-

243 1893 352 1946 περ
394 1875 641 1944 πρόϐατα
687 1874 786 1926 οὐκ
821 1872 1000 1924 εἰδότα
1040 1872 1160 1924 ὅποι
1197 1887 1255 1923 τε
1313 1871 1496 1924 ἄπεισι
1546 1873 1638 1923 καὶ
1685 1871 1814 1922 ’ὅποι

243 1966 570 2038 πορεύεται,
633 1966 803 2025 οὓτως
854 1965 1000 2033 ἡμᾶς
1047 1963 1204 2026 αὐτὸς
1250 1963 1455 2031 διῆγες,
1520 1964 1816 2034 ὑπηρέταις

241 2059 382 2128 πρὸς
410 2057 566 2110 τοῦτο
589 2061 701 2120 τοῖς
722 2055 846 2126 περὶ
861 2055 950 2106 τὸν
984 2054 1218 2107 Μωῦσέα
1253 2055 1346 2107 καὶ
1375 2055 1581 2124 Ἀαρὼν
1621 2071 1817 2124 κεχρη-

245 2150 426 2220 μὲεης.
460 2148 644 2200 Πάντα
699 2147 878 2217 μέντοι
917 2145 1023 2198 άπὸ
1052 2145 1166 2197 τοῦ·
1209 2146 1543 2214 Ἑμνήσθην
1577 2146 1693 2199 τῶν
1727 2148 1818 2215 ἕρ-

240 2255 366 2308 νινν
422 2237 663 2305 Κυρίου,
730 2236 976 2288 ἀπέδωκε
1018 2235 1151 2306 πρὸς
1198 2236 1280 2287 τό·
1339 2235 1681 2304 Ἐμνήσθην
1712 2236 1816 2290 τοῦ

244 2326 416 2392 Θεοῦ,
435 2329 533 2381 καὶ
558 2327 1139 2396 εὐφράνθηνπούτων
1155 2326 1282 2397 γὰρ,
1308 2331 1490 2398 φησὶν,
1519 2329 1684 2397 ὐπομι
1693 2345 1820 2398 μνη-

245 2422 534 2491 σκόμενος,
576 2419 997 2489 παρεκαλούμην
1017 2419 1113 2489 τὴν
1142 2419 1376 2472 διάνοιαν
1405 2421 1497 2471 καὶ
1531 2420 1815 2489 εὐφραινό-

244 2527 373 2580 μην.
414 2509 636 2561 Ἐννοῶν
690 2509 795 2579 γὰρ
836 2508 936 2560 ὅσα
976 2524 1035 2558 τε
1076 2509 1168 2560 καὶ
1201 2502 1288 2560 οἷα
1329 2511 1460 2578 ἡμῖν
1495 2508 1703 2579 ὑπῆρξε
1748 2511 1814 2578 τῇ

242 2602 314 2671 σῇ
351 2599 590 2670 βοηθείᾳ,
623 2599 938 2668 ἐπειθόμην,
968 2598 1042 2660 ὡς
1067 2598 1165 2650 οὐκ
1188 2599 1251 2651 ἄν
1283 2609 1410 2652 ποτε
1440 2601 1675 2652 τοσαῦτα
1717 2617 1816 2650 πε-

241 2690 487 2761 ποιηκὼς
536 2691 628 2741 ἐπὶ
654 2692 716 2759 τῇ
749 2689 989 2758 ἡμετέρᾳ
1020 2688 1261 2758 σωτηρίᾳ
1298 2691 1391 2741 καὶ
1428 2692 1493 2760 τῇ
1524 2689 1629 2741 τῶν
1688 2707 1817 2742 κατ-

240 2783 473 2851 εχόντων
500 2781 618 2832 τότε
645 2779 1328 2850 ἀπα).λαγῇ,νῦν”άνάσχοιο
1354 2782 1527 2849 πάντη
1551 2781 1818 2851 ὑπερμδεῖν

239 2878 390 2945 ἡμᾶς
420 2877 477 2927 ἐν
523 2873 736 2942 δουλείᾳ
768 2890 824 2924 τε
850 2874 1008 2934 ὄντας
1039 2874 1130 2925 καὶ
1175 2875 1520 2944 αἰχμαλωσίᾳ
1564 2877 1656 2926 καί¹
1685 2892 1818 2944 συμυ

240 2968 405 3037 φορᾷ.
447 2967 548 3018 Ἐν
589 2965 738 3033 χειρί
762 2963 985 3031 Μωῢσῇ
1015 2965 1109 3016 καί
1148 2964 1386 3031 Ἀαρών.
1419 2966 1489 3016 ΣΞ)
1520 2966 1699 3029 αὐτὸς,
1725 2984 1819 3036 φη-

243 3059 348 3116 σὶν,
375 3050 420 3108 ῶ
449 3058 710 3116 Δέσποτα,
734 3058 760 3108 6
790 3056 925 3126 μετὰ
956 3056 1061 3109 τῶν
1091 3056 1257 3124 ἁγίων
1287 3057 1594 3109 ἀποστόλων
1623 3057 1813 3119 συνὼν,

1923 601 2013 653 tis.
2048 599 2194 654 Mare
2221 611 2379 654 vocat
2409 602 2692 664 mundum,
2733 615 2903 670 aquas
2930 609 3106 654 autem
3141 600 3357 660 multas,
3396 601 3450 653 di

1921 707 2072 744 versa
2131 693 2182 743 in
2232 707 2296 745 eo
2349 693 2626 746 hominum
2681 709 2900 762 genera.
2964 690 3230 756 Quoniam
3298 702 3474 743 autem

1919 780 2172 836 Christus
2202 783 2453 852 prtecepit
2487 784 2746 851 apostolis
2791 782 2980 836 dicens
3007 783 3088 835 a':
3141 780 3336 834 Euntcs
3381 781 3478 833 do-

1920 881 2025 923 cete
2058 889 2233 926 omnes
2261 884 2467 942 gentes;
2493 884 2565 940 et,
2602 873 2738 927 Ecce
2776 874 3039 927 vobiscum
3083 889 3196 924 sum
3240 872 3476 924 omnibus

1920 963 2132 1028 diebus;
2168 965 2268 1033 ipsi
2316 980 2442 1019 vero
2490 974 2659 1018 totum
2718 965 2906 1018 orbem
2963 972 3374 1032 percurrerunt,
3423 971 3478 1014 et

1919 1054 2346 1122 przedicaverunt
2394 1055 2644 1109 omnibus
2681 1055 2932 1124 gentibus
2955 1095 2970 1118 ,
3019 1052 3250 1106 Domino
3281 1052 3473 1105 invisi-

1918 1145 2120 1209 biliter,
2160 1147 2456 1200 secundum
2481 1162 2702 1200 veraces
2738 1161 2864 1199 suas
2894 1145 3304 1213 promissioncs,
3341 1144 3475 1212 ipsis

1919 1236 2241 1298 assistente;
2272 1235 2393 1288 ideo
2425 1235 2641 1288 intulit:
2677 1233 2744 1285 Et
2777 1233 2991 1301 vestigia
3030 1241 3117 1284 tua
3149 1248 3247 1283 non
3280 1247 3471 1299 cogno-

1918 1333 2146 1389 scentur,
2200 1325 2269 1378 ob
2324 1326 2648 1380 invisibilem
2708 1323 2921 1376 Domini
2961 1337 3304 1390 progressum
3347 1336 3471 1374 cum

1917 1418 2014 1469 eis.
2039 1414 2301 1468 Caeterum
2341 1416 2456 1484 ipse
2507 1416 2679 1481 solus,
2730 1423 2917 1483 utpote
2951 1411 3113 1476 Deus,
3166 1413 3310 1466 viam
3345 1410 3473 1467 fecit

1917 1508 1970 1561 in
2003 1508 2140 1561 mari
2168 1507 2435 1573 sensibili,
2471 1507 2627 1560 utait
2664 1505 3015 1574 evangelista.

1987 1784 2076 1837 21.
2113 1782 2391 1836 Deduxisti
2420 1783 2555 1834 sicut
2588 1799 2701 1835 oves
2723 1781 2972 1850 populum
3007 1790 3174 1834 tuum.
3205 1780 3474 1846 Quemad-

1919 1876 2135 1930 modum
2161 1890 2288 1928 oves
2319 1889 2438 1943 qua:
2469 1874 2717 1928 nesciunt
2748 1888 2856 1941 quo
2910 1872 3180 1927 vadantet
3215 1872 3303 1926 ubi
3329 1872 3473 1924 ince—

1917 1966 2064 2028 dant,
2106 1965 2185 2018 sic
2246 1979 2345 2016 nos
2395 1965 2509 2032 ipse
2544 1964 2839 2026 deduxisti,
2878 1964 3211 2018 administris
3247 1965 3313 2017 ad
3359 1965 3473 2017 hinc

1920 2071 2054 2109 usus
2079 2053 2258 2124 Moyse
2283 2064 2336 2107 et
2363 2056 2594 2108 Aarone.
2625 2054 2816 2108 Omnia
2847 2057 3026 2123 itaque
3054 2055 3120 2107 ab
3145 2055 3227 2107 his
3260 2054 3470 2108 verbis:

1919 2147 2120 2200 Memor
2145 2147 2222 2212 fui
2249 2162 2461 2214 operum
2494 2145 2724 2209 Domini,
2770 2144 2933 2198 refert
2967 2145 3032 2198 ad
3065 2145 3228 2198 illud:
3271 2144 3476 2197 Memor

1918 2235 1993 2302 fui
2022 2233 2135 2294 Dei,
2165 2244 2212 2286 et
2249 2234 2535 2286 delectatus
2563 2250 2699 2285 sum.
2735 2231 2958 2295 Horum,
3001 2234 3195 2302 inquit,
3224 2236 3476 2287 recorda-

1919 2335 2024 2388 tus,
2060 2325 2360 2378 consolatin
2401 2325 2532 2376 mihi
2561 2333 2615 2376 et
2653 2325 2838 2378 laetitia
2872 2323 2991 2377 fuit.
3018 2323 3153 2377 Cum
3185 2327 3329 2378 enim
3361 2340 3472 2379 me-

1917 2431 2038 2469 cum
2071 2423 2377 2484 reputarem
2425 2422 2627 2480 quanta
2688 2424 2740 2466 et
2794 2415 2974 2482 qualia
3013 2417 3170 2469 nobis
3196 2431 3291 2484 per
3322 2416 3471 2468 auxi-

1917 2508 2050 2560 lium
2108 2518 2259 2560 tuum
2308 2505 2644 2570 obvenerint,
2688 2505 3024 2559 conlidebam
3063 2522 3340 2574 nunquam
3390 2506 3471 2560 [ιι-

1918 2608 2096 2651 turum
2135 2613 2276 2662 esse,
2304 2605 2365 2650 ut
2413 2607 2698 2666 postquam
2744 2611 2841 2666 pro
2871 2606 3055 2651 nostra
3087 2598 3261 2651 salute
3289 2607 3342 2651 et
3376 2613 3473 2667 pro

1917 2688 2232 2743 liberatione
2267 2702 2452 2741 eorum
2489 2689 2581 2756 qui
2613 2689 2740 2740 olim
2791 2688 3171 2742 detinebantur
3216 2698 3362 2742 tanta
3392 2687 3470 2741 ef-

1919 2779 2111 2842 fecisti,
2159 2794 2303 2832 nunc
2357 2778 2499 2832 feras
2529 2788 2583 2832 ut
2634 2778 2903 2846 despicias
2956 2795 3056 2832 nos
3103 2781 3153 2833 in
3193 2781 3472 2844 servitute,

1918 2872 2228 2938 captivitate
2282 2879 2336 2924 et
2391 2870 2697 2924 calamitate
2758 2872 3141 2925 consistentes.
3198 2871 3261 2923 lu
3314 2888 3473 2922 manu

1920 2962 2091 3031 Moysi
2117 2972 2164 3015 et
2193 2964 2393 3016 Aaron.
2435 2961 2514 3015 Tu
2547 2963 2678 3032 ipse,
2712 2961 2908 3031 inquit,
2947 2961 3193 3026 Domine,
3231 2963 3320 3031 qui
3368 2978 3474 3015 una

1919 3071 2040 3108 cum
2071 3054 2274 3109 sanctis
2299 3056 2557 3123 apostolis
2588 3071 2666 3118 es,
2703 3055 2831 3108 olim
2871 3070 2964 3122 per
2992 3053 3208 3124 Moysen
3240 3055 3475 3110 eduxisti

241 3149 340 3202 καὶ
375 3148 537 3200 πάλαι
571 3148 698 3200 ποτέ
727 3148 812 3200 διὰ
851 3150 1123 3210 Μωῦσέως
1165 3147 1428 3217 ἐξήγαγες
1460 3149 1517 3214 ἐξ
1547 3150 1814 3213 Αἰγύπτου

1920 3146 2172 3216 populum
2203 3153 2354 3200 tuum
2390 3160 2456 3198 ex
2489 3145 2745 3215 Egypto,
2773 3145 3005 3199 ducibus
3060 3144 3237 3214 Moyse
3265 3155 3320 3199 et
3364 3147 3474 3200 Aa-

237 3240 332 3293 τδν
353 3239 476 3292 λαόν
513 3256 625 3301 σου,
660 3237 1084 3310 στρατηγοῦντος
1112 3239 1385 3300 Μωῦσέως
1408 3241 1499 3290 καὶ
1545 3239 1772 3310 Ἀαρών.

455 3327 764 3393 Συνέσεως
795 3327 874 3392 τῷ
899 3325 1110 3394 Ἀσάφ.
1151 3328 1456 3379 ιΙἈΛΜΟΣ.
1481 3329 1604 3377 OZ'.

890 3420 903 3437 '
917 3421 1223 3483 Υπόθεσις.

239 3512 446 3566 Τοῦτον
471 3512 584 3582 ᾄδει
608 3512 698 3563 τὸν
719 3509 928 3580 ψαλμὸν
965 3510 1156 3578 Ἀσάφ,
1177 3509 1254 3579 τῷ
1277 3508 1376 3575 νέῳ
1401 3507 1514 3578 λαῷ
1543 3507 1818 3579 παραινῶν

318 3605 396 3674 τῷ
426 3603 575 3674 νόμῳ
605 3601 892 3672 προσέχειν
917 3600 993 3672 τῷ
1010 3599 1366 3669 εὖαγγελικῷ,
1394 3600 1484 3652 τοῦ
1512 3617 1570 3651 τε
1591 3599 1817 3653 παλαιοῦ

322 3695 530 3748 ἐκείνου
577 3694 683 3745 τῶν
741 3691 1008 3745 Ἰουδαίων
1041 3691 1213 3761 δήμου
1253 3690 1608 3762 κατηγορῶν,
1647 3693 1714 3744 δι’
1759 3686 1819 3746 οὗ

317 3787 486 3839 πολλὰ
507 3785 940 3855 εὐεργετημένοι,
974 3783 1185 3846 οὐδενὸς
1227 3783 1651 3852 ἐμνημόνευσαν,
1697 3783 1823 3853 μᾶλ-

317 3877 407 3929 λον
447 3877 627 3930 δὲκαὶ
683 3879 760 3939 εἰς
799 3876 1102 3929 τούναντίον
1153 3874 1385 3946 ἔτρεψαν
1454 3875 1551 3938 τὰς
1603 3876 1822 3947 εὐχαρι-

319 3969 492 4030 στίας,
524 3968 813 4038 ἀχαριστίᾳ
840 3968 930 4020 τὸν
961 3967 1252 4036 εὐεργέτην
1275 3967 1642 4037 ἀμειϐόμενοι.

317 4060 672 4128 Προσέχετε,
706 4061 855 4125 λαός
876 4078 1018 4128 μου,
1043 4062 1149 4111 τὸν
1177 4059 1361 4127 νόμον
1381 4077 1519 4127 μου.
1556 4059 1663 4111 Καὶ
1687 4059 1822 4129 ποίῳ

241 4153 361 4222 λαῷ
400 4152 533 4225 ἢτῷ
565 4152 624 4216 ἐξ
659 4151 826 4205 ἐθνῶν
867 4155 1150 4224 παραινεῖ;
1181 4152 1289 4204 Καὶ
1318 4151 1452 4220 ποίῳ
1478 4151 1626 4221 νόμῳ
1658 4167 1824 4221 προσ-

242 4245 393 4316 έχειν
422 4243 848 4314 παρακελεύεται
883 4244 914 4313 ἦ
956 4244 1033 4314 τῷ
1067 4242 1436 4312 εὑαγγελικῷς
1468 4241 1669 4295 ’Ότιδέ
1699 4243 1823 4305 λαὸς

244 4336 412 4390 αὑτοῦ
438 4337 506 4388 τὰ
531 4336 679 4406 ἔθνη,
708 4339 736 4389 6
762 4337 1044 4407 προφήτης
1083 4334 1357 4405 Ζαχαρίας
1398 4334 1554 4403 φησί·
1584 4334 1691 4387 Καὶ
1721 4350 1824 4385 κα-

244 4426 643 4494 ταρεύξονται
687 4425 829 4492 ἔθνη
876 4424 1074 4477 πολλὰ
1125 4425 1221 4476 ἐπὶ
1275 4424 1381 4476 τὸν
1429 4425 1683 4490 Κύριον,
1725 4421 1821 4475 καί

1919 3255 2068 3293 ΝΜ.
2098 3329 2400 3383 Intellectus
2427 3327 2623 3397 Asnplt.
2657 3324 3012 3381 PSALMUS.
3044 3324 3192 3378 LXX
3210 3324 3335 3379 VH.

2489 3419 2887 3487 Argumentum.

1919 3511 2071 3567 Hunc
2097 3512 2244 3566 canit
2277 3512 2544 3581 psalmum
2589 3511 2791 3580 Asaph,
2830 3524 3027 3562 novum
3081 3510 3338 3578 populum
3384 3511 3476 3562 ad-

1989 3620 2238 3669 monens,
2281 3612 2339 3657 ut
2380 3602 2702 3672 evangelica:
2747 3602 2847 3670 legi
2887 3601 3158 3666 attendat;
3200 3602 3481 3670 populum-

1993 3711 2100 3764 que
2150 3695 2301 3747 illum
2362 3695 2646 3761 antiquunm
2702 3692 2987 3746 Judaicum
3042 3702 3282 3752 accusat,
3334 3693 3479 3759 quod

1990 3786 2177 3842 multis
2209 3785 2444 3853 acceptis
2491 3784 2789 3844 beneﬁciis,
2831 3783 3034 3836 nullius
3068 3798 3334 3836 memores
3363 3783 3480 3836 fue-

1999 3878 2132 3940 rint,
2173 3878 2263 3931 sed
2289 3885 2477 3930 contra
2521 3881 2641 3930 loco
2671 3875 2964 3944 gratiarum
3012 3872 3264 3937 actionis,
3297 3872 3481 3942 ingra-

1998 3969 2228 4023 titudine
2252 3966 2550 4020 beneﬁcum
2583 3967 3003 4019 remunerarint.

1994 4063 2044 4116 1.
2083 4060 2365 4118 Attendite.
2397 4057 2582 4128 popule
2611 4072 2775 4119 meus,
2822 4059 2982 4125 legem
3021 4072 3211 4108 meam.
3244 4054 3482 4125 Ecquem

1925 4152 2176 4222 populum
2211 4152 2546 4214 cohortatur,
2582 4147 2684 4202 nisi
2730 4147 2821 4215 qui
2848 4163 2914 4201 ex
2946 4147 3196 4215 gentibus
3225 4146 3487 4200 est7-Ec-

1924 4246 2010 4299 cui
2037 4244 2136 4314 legi
2171 4243 2445 4297 attendere
2469 4241 2623 4310 jubet
2671 4241 2774 4294 nisi
2815 4239 3169 4309 evangelica?
3196 4238 3349 4304 Quod
3383 4254 3488 4292 au-

1927 4345 2031 4390 tem
2067 4344 2252 4402 gentes
2283 4334 2392 4387 sint
2423 4332 2654 4402 populus
2692 4332 2830 4400 ejus,
2881 4331 2930 4383 id
2966 4331 3040 4386 ait
3090 4331 3350 4399 propheta
3383 4327 3488 4386 Za-

1926 4427 2172 4482 charias:
2211 4423 2280 4478 Et
2309 4423 2605 4493 confugient
2636 4435 2807 4491 gentes
2845 4422 3024 4476 multa:
3053 4423 3121 4473 ad
3161 4420 3440 4477 Dominum
3469 4464 3484 4478 .

244 4521 495 4574 ἔσονται
522 4515 704 4582 αὐτῷ
747 4520 835 4582 εις
884 4518 1055 4571 λαόν.
1108 4518 1362 4570 Allia-ars
1406 4515 1472 4568 τὸ
1516 4511 1623 4581 οὖς
1660 4514 1817 4584 ὑμῶν

1924 4529 1971 4574 et
2000 4530 2146 4573 erunt
2176 4519 2275 4584 ipsi
2309 4517 2364 4569 in
2391 4515 2642 4586 populum
2673 4514 2739 4565 ⁵³.
2773 4511 3032 4566 Inclinate
3060 4528 3243 4566 aurem
3261 4526 3485 4569 uestram

247 4609 400 4677 πρὸς
451 4607 522 4660 τὰ
569 4607 809 4676 ῥήματα
863 4607 968 4660 τοῦ
1018 4609 1315 4674 στόματός
1348 4623 1486 4675 μου.
1526 4604 1825 4676 Προθύμως

245 4702 380 4772 γὰρ.
413 4701 565 4770 φησὶ,
592 4700 699 4751 τῶν
731 4699 860 4770 παρ’
895 4698 1028 4769 ἐμοῦ
1058 4698 1362 4768 λεγομένων
1393 4697 1679 4750 ἀκούσατε.

321 4790 556 4853 Ἀνοίξω
594 4790 666 4843 ἐν
709 4788 1074 4856 παραϐολαῖς
1117 4788 1179 4840 τὸ
1220 4789 1413 4856 στόμα
1446 4805 1585 4856 μου.
1632 4787 1823 4857 Σαφῶς

244 4879 408 4934 τοῦτο
433 4881 462 4933 6
504 4877 892 4948 εὐαγγελιστὴς
930 4879 1239 4948 ἡρμήνευσε
1274 4877 1578 4949 πληρωθὲν,
1610 4879 1697 4931 ὅτε
1724 4878 1825 4938 τὰς

247 4971 450 5035 πολλὰς
492 4969 806 5043 παραϐολὰς
837 4965 986 5023 εἷπεν
1024 4973 1052 5023 6
1093 4969 1294 5041 Κύριος
1339 4971 1395 5023 ἐν
1436 4972 1546 5033 τοῖς
1579 4971 1820 5038 Εὐαγγέ-

247 5064 407 5125 λίοις.

324 5148 431 5202 Καὶ
475 5150 529 5201 al
576 5149 825 5218 πατέρες
876 5148 1044 5218 ἡμῶν
1085 5149 1450 5219 διηγήσαντο
1492 5151 1654 5218 ἡμῖν.
1685 5150 1823 5203 Ὅσα

247 5239 400 5309 παρὰ
445 5237 552 5290 τῶν
588 5240 860 5311 πατέριον,
913 5240 1065 5310 φησὶ,
1098 5239 1450 5311 δεδιδάγμεθα
1476 5240 1822 5304 ἀκούσαντες,

249 5330 429 5382 πάντα
455 5328 625 5383 ταῦτα
658 5329 745 5384 διὰ
784 5330 894 5383 τῶν
931 5333 1105 5404 ἔργων
1150 5333 1241 5386 καὶ
1280 5331 1380 5401 τῆς
1414 5332 1576 5385 αὑτοῦ
1625 5349 1827 5404 παρου-

250 5421 373 5484 σίας
402 5420 614 5489 ἐγνώκα
621 5437 740 5491 μεν.

327 5517 447 5568 Οὐκ
483 5514 699 5581 ἐκρύϐη
733 5513 849 5568 ἀπὸ
883 5513 1000 5568 τῶν
1029 5516 1254 5570 τέκνων
1280 5515 1475 5571 αὐτῶν
1501 5519 1581 5581 εὶς
1616 5515 1827 5585 γενεὰν

247 5604 479 5674 ἑτέραν.
513 5608 623 5676 Οὐχ
671 5607 853 5679 ἑτέρᾳ,
892 5608 1044 5678 φησὶ,
1088 5609 1267 5678 γενεᾷ,
1300 5607 1433 5661 ἀλλά
1469 5611 1576 5671 τοῖς
1619 5607 1826 5670 τέκνοις

1925 4613 1977 4665 in
2010 4610 2164 4664 verba
2218 4610 2327 4662 oris
2379 4609 2497 4660 mei.
2545 4606 2840 4672 Alacriter,
2887 4604 3095 4674 inquit,
3155 4608 3316 4660 verba
3367 4623 3485 4663 mea

2036 4719 2124 4757 ne.

2036 4719 2047 4753 Ι
2112 4743 2124 4757 .

1925 4704 2339 4861 augleAperiam
2385 4790 2439 4842 in
2496 4785 2766 4856 parabolis
2811 4801 2866 4837 os
2905 4801 3096 4842 meum.
3143 4787 3257 4844 Hoc
3306 4797 3489 4858 aperte

1923 4886 2248 4954 evangelista
2276 4881 2563 4951 explicavit
2589 4889 2644 4933 ut
2689 4878 2967 4950 impletum
2995 4881 3063 4945 ",
3099 4883 3318 4950 quando
3350 4881 3488 4935 mul-

1925 4988 2007 5033 tas
2031 4976 2317 5047 parabolas
2346 4974 2481 5027 dixit
2505 4970 2767 5028 Dominus
2798 4975 2848 5026 in
2880 4972 3207 5043 Evangeliis.

1999 5159 2052 5212 5.
2088 5153 2158 5208 Et
2185 5165 2358 5224 patres
2388 5158 2555 5208 nostri
2583 5162 2932 5209 narraverunt
2967 5151 3137 5207 nobis.
3185 5149 3488 5219 Quotquot,

1933 5247 2132 5318 inquit,
2165 5263 2194 5300 a
2225 5247 2469 5317 patribus
2497 5245 2841 5307 edidicimus,
2876 5244 2988 5296 haec
3015 5241 3198 5296 omnia
3237 5255 3330 5309 per
3356 5255 3485 5309 ope-

1929 5355 1988 5392 ra
2023 5350 2076 5394 et
2111 5354 2205 5408 per
2238 5339 2356 5407 ejus
2389 5337 2676 5391 adventura
2709 5335 2979 5389 novimus.

1996 5516 2049 5568 4.
2091 5514 2212 5567 Non
2241 5525 2362 5567 sunt
2393 5513 2657 5567 occultata
2712 5527 2742 5564 a
2794 5510 2922 5578 filiis
2952 5523 3130 5562 eorum
3170 5508 3226 5560 in
3269 5496 3487 5576 general

1933 5609 2069 5660 tione
2101 5608 2290 5660 altera.
2345 5604 2463 5661 Non
2500 5621 2596 5678 pro
2627 5607 2816 5669 altera,
2871 5600 3064 5672 inquit,
3114 5598 3463 5670 generatione

321 5805 366 5835 ⁹²
396 5803 588 5859 Matth.
623 5821 813 5872 xxvtn,
854 5805 936 5871 i9,
970 5806 1059 5862 20.
1119 5809 1165 5840 ”
1196 5806 1357 5863 Zacli.
1396 5823 1452 5869 ιι,
1493 5806 1577 5862 l2.
1653 5806 1696 5836 "‘
1727 5805 1916 5860 Matth.
1945 5821 2063 5870 xui,
2091 5805 2176 5859 56.
