4070 6470
559 405 657 461 351

1396 403 1451 457 S.
1494 404 1864 460 ATHANASH
1905 407 2052 464 OPP.
2094 408 2277 465 PARS
2314 411 2400 466 lll.
2443 443 2511 452 --
2548 413 2956 472 EXEGETICA.

3675 424 3782 479 352

560 517 653 570 sed
707 530 803 584 pro
857 515 982 570 ﬁliis
1015 531 1199 569 eorum
1243 516 1423 569 omnia
1483 515 1785 574 Salvatoris
1842 521 2158 578 mirabiliat

2238 525 2388 577 ιῦτῶν
2433 530 2608 581 πάντα
2647 531 2955 600 πέπρακται
2989 532 3053 583 τὰ
3098 540 3246 603 παρα
3276 532 3368 585 τοῦ
3411 534 3657 604 Σωτῆρος
3690 552 3784 603 με-

561 622 724 676 opera
758 616 964 676 patrata
996 617 1152 662 sunt:
1184 623 1352 676 quare
1385 624 1492 661 non
1528 621 1814 665 cessarunt
1838 613 1970 682 ipsis
1997 631 2120 666 nar-

563 709 737 752 rantes
766 699 946 753 laudes
978 698 1188 752 Domini
1219 710 1267 753 et
1295 704 1510 754 virtutes
1530 701 1664 768 ejus.

632 881 686 934 5.
714 878 782 932 Et
816 881 978 949 legem
1009 880 1180 947 posuit
1233 880 1287 931 in
1324 877 1515 934 Israel.
1553 878 1769 948 Legem,
1803 881 1998 950 inquit,
2029 882 2123 938 de-

561 970 637 1025 dit
692 971 934 1038 patribus
975 985 1164 1022 eorum
1194 1011 1208 1031 ,
1244 978 1299 1022 et
1336 969 1744 1024 tabernaculum
1802 972 2120 1036 testimonii,

564 1062 854 1114 instituens
885 1075 978 1114 eos
1008 1070 1064 1113 ut
1095 1075 1190 1129 per
1230 1061 1402 1129 legem
1433 1069 1823 1129 cognoscerent
1874 1051 2122 1116 Salvato-

564 1168 698 1217 rem,
733 1154 826 1223 qui
856 1154 909 1206 in
939 1164 1181 1223 tempore
1206 1153 1272 1206 ad
1304 1168 1474 1222 genus
1504 1154 1786 1207 hominum
1812 1153 2046 1207 advenit.

634 1324 680 1378 6.
725 1324 853 1379 Filii
876 1328 966 1396 qui
995 1337 1296 1380 nascentur.
1339 1326 1432 1381 llis
1461 1327 1727 1396 signiﬁcat
1752 1337 1971 1382 sanctos
2001 1327 2123 1380 Sal-

566 1417 770 1470 "atoris
797 1418 1114 1486 discipulos,
1139 1419 1232 1487 qui
1267 1418 1531 1472 mirabilia
1557 1433 1649 1486 per
1672 1416 1948 1472 Christum
1977 1418 2122 1472 edita

568 1509 692 1562 ullis
721 1510 832 1563 suis
864 1512 1220 1577 annuntiant;
1255 1511 1303 1563 id
1326 1523 1429 1576 est,
1458 1509 1523 1564 iis
1559 1511 1660 1579 qui
1685 1511 1926 1580 ipsorum
1958 1525 2124 1580 opera

564 1602 629 1654 ad
657 1602 811 1655 ﬁdem
847 1602 1128 1655 accedunt.

636 1693 686 1746 7.
723 1691 790 1744 Et
842 1709 944 1745 non
983 1693 1360 1746 obliviscantur
1406 1711 1620 1762 operum
1664 1693 1778 1746 Dei.
1816 1692 1940 1748 Haec
1991 1693 2126 1762 ipsis

569 1785 919 1855 enarrabunt,
970 1801 1037 1839 ex
1081 1786 1276 1855 quibus
1326 1787 1459 1840 solis
1494 1794 1747 1854 poterunt
1795 1784 1965 1839 Deum
2021 1785 2124 1841 sibi

569 1892 718 1946 Spem
747 1876 1040 1931 ascribere.

637 1967 689 2020 8.
731 1965 812 2020 Ne
835 1967 966 2035 ﬁant
997 1968 1132 2019 sicut
1163 1977 1339 2034 patres
1363 1983 1562 2020 eorum.
1583 1965 2016 2025 Annuntiabunt.
2043 1965 2124 2018 in-

566 2060 704 2128 quit,
735 2058 965 2126 apostoli
993 2057 1180 2110 laudes
1207 2058 1296 2111 Dei
1331 2058 1398 2112 iis
1433 2058 1525 2124 qui
1559 2073 1654 2127 per
1679 2057 1854 2126 ipsum
1891 2057 2126 2110 instituti

568 2159 728 2203 sunt:
766 2157 824 2201 ιιι
845 2150 1133 2217 exquirant
1154 2147 1245 2202 Dei
1277 2149 1550 2212 mandata,
1574 2160 1627 2204 et
1658 2165 1723 2204 ne
1753 2157 1965 2218 patrum
1999 2164 2130 2200 suo-

569 2256 687 2294 rum
724 2238 1093 2296 infelicitatem
1127 2241 1428 2296 imitentur.
1460 2240 1552 2295 llla
1585 2256 1817 2310 namque
1849 2239 2128 2309 generatio

567 2351 667 2389 cor
710 2346 913 2390 rectum
954 2351 1061 2390 non
1116 2336 1306 2390 habuit
1342 2351 1468 2405 erga
1505 2335 1696 2398 Deum,
1744 2350 1919 2405 neque
1964 2332 2126 2386 ﬁdem

571 2427 759 2481 habuit
794 2443 915 2482 cum
946 2426 1053 2482 Deo
1107 2429 1331 2496 spiritus
1371 2428 1509 2498 ejus.
1546 2426 1825 2481 Generatio
1870 2445 1988 2498 qua:
2028 2445 2131 2482 non

569 2520 763 2573 direxit
794 2536 882 2572 cor
909 2536 1082 2574 suum.
1120 2517 1198 2573 llli
1234 2534 1469 2588 namque
1505 2534 1654 2587 spem
1688 2519 1741 2571 in
1777 2518 1884 2573 Deo
1917 2520 2130 2573 ﬁrmam

572 2625 681 2664 non
740 2610 1086 2674 habuerunt,
1142 2608 1272 2677 quia
1323 2609 1616 2661 noluerunt
1667 2617 1868 2662 rectam
1927 2607 2131 2679 ingredi

574 2701 750 2762 viam;
799 2700 892 2753 sed
953 2698 1274 2754 sententiam
1325 2699 1560 2755 habuere
1601 2699 1800 2754 divinis
1836 2699 2131 2755 adversan-

575 2801 678 2844 tem
713 2790 938 2860 legibus.

644 2969 696 3027 9.
732 2968 862 3022 Filii
894 2968 1144 3038 Ephraim
1171 2968 1490 3020 iuteudentes
1520 2973 1568 3018 et
1601 2966 1862 3018 mittentes
1886 2965 2129 3018 arcubus.

575 3060 676 3112 Per
703 3059 872 3113 solam
907 3059 1106 3111 tribum
1160 3055 1414 3124 Ephraim
1467 3064 1636 3108 totum
1675 3053 1929 3122 populum
1967 3053 2134 3108 Israel

575 3167 604 3204 a
630 3149 766 3204 Juda
799 3158 1133 3219 segregatum
1161 3157 1213 3202 et
1237 3147 1468 3200 divisum
1495 3146 1833 3216 signiﬁcavit.
1867 3145 1968 3212 Ipsi
1990 3145 2131 3197 enim

576 3249 629 3295 et
658 3241 854 3295 vitulos
883 3247 1188 3303 erexerunt,
1227 3247 1280 3290 et
1325 3253 1353 3290 a
1396 3236 1555 3306 legali
1584 3236 1729 3290 cultu
1761 3235 2130 3288 desciverunt.

575 3332 870 3401 Postquam
905 3340 1030 3384 ante
1062 3331 1310 3398 tetigerat
1341 3338 1556 3398 patrum
1591 3325 2136 3395 malignitatem,jam

577 3441 767 3479 eorum
822 3424 1222 3493 improbitatem
1265 3440 1330 3476 ex
1371 3425 1582 3492 integro
1639 3429 1920 3482 recenset,
1977 3427 2139 3487 atque

580 3520 844 3573 bonorum
869 3517 1082 3586 c0piam
1112 3531 1142 3568 a
1182 3514 1291 3568 Deo
1322 3514 1430 3568 illis
1461 3527 1810 3575 concessam;
1839 3525 2030 3564 eorum
2061 3525 2141 3561 er-

580 3626 644 3677 ga
673 3608 840 3663 Deum
870 3607 1266 3669 inﬁdelitatem,
1297 3605 1529 3673 denique
1570 3602 1862 3672 perniciem
1904 3616 2024 3670 qua:
2056 3599 2141 3652 his

579 3701 646 3754 de
668 3699 852 3752 causis
877 3697 998 3750 illos
1029 3696 1256 3764 excepit.
1307 3693 1377 3749 Ut
1425 3696 1493 3750 iis
1537 3694 1794 3758 instituti,
1823 3692 2026 3746 malum
2057 3704 2142 3744 ze—

581 3791 689 3843 lum
719 3788 1033 3858 eﬂitgeretit.
1065 3787 1202 3842 Dicit
1231 3799 1409 3841 autem
1464 3788 1601 3840 lilios
1653 3785 1932 3851 Epltraim,
1965 3783 2018 3837 id
2049 3792 2134 3836 est

585 3891 753 3936 totum
788 3882 1039 3936 Israelem
1067 3919 1080 3943 ,
1110 3880 1200 3948 qui
1235 3877 1544 3932 didicerunt
1590 3892 1713 3931 cum
1763 3875 2013 3944 malignis
2041 3875 2143 3927 «ιω-

585 3975 834 4028 monibus
863 3986 1120 4040 pugnare,
1146 3978 1308 4038 atque
1338 3968 1402 4021 ad
1433 3983 1552 4022 eam
1581 3984 1692 4020 rem
1724 3967 1779 4020 in
1808 3967 2026 4021 modum
2055 3980 2144 4016 ar-

587 4085 682 4124 cus
706 4068 951 4123 adornati
988 4075 1162 4130 erant,
1216 4065 1334 4133 ipso
1379 4079 1570 4132 pugn-te
1631 4073 1875 4131 tempore
1907 4069 2144 4115 mutasse

587 4162 946 4225 sententiam,
1005 4170 1168 4229 atque
1224 4157 1510 4210 Dominum
1561 4166 1614 4211 et
1657 4155 1823 4210 Deum
1893 4168 2140 4224 negasse,

590 4254 931 4308 utvoluntatc
957 4252 1021 4306 ad
1051 4249 1374 4315 Barabbam,
1402 4250 1452 4304 id
1479 4258 1562 4304 est
1586 4249 1652 4303 ad
1676 4248 1955 4312 Satanam,
1983 4244 2147 4300 decli-

589 4354 800 4399 narem.

659 4437 743 4491 l0.
796 4436 919 4490 Non
959 4436 1320 4490 custodierunt
1364 4443 1732 4488 testamentum
1782 4431 1900 4486 Dei.
1938 4430 2144 4485 Novam

2222 618 2493 688 γαλουργή
2504 637 2643 688 ματα
2661 637 2674 650 ο
2705 621 2782 672 διὸ
2803 620 2902 672 οὐκ
2927 620 3227 673 ἐπαύσαντο
3255 623 3434 684 αὐτοῖς
3466 624 3790 692 προαγγέλ-

2222 711 2430 772 λοντες
2474 709 2577 773 τὰς
2625 711 2882 776 αἱνέσεις
2927 711 3030 764 τοῦ
3068 712 3283 779 Κυρίου
3327 712 3424 765 καὶ
3467 715 3571 776 τὰς
3599 713 3786 766 δυνα-

2223 799 2427 864 στείας
2456 800 2661 852 αὐτοῦ.

2292 890 2399 942 Καὶ
2447 892 2632 958 νόμον
2681 892 2842 944 ἔθετο
2894 891 2963 944 ἐν
3025 891 3277 959 Ἰσραήλ.
3325 892 3537 962 Νόμον,
3590 893 3786 962 φησιν,

2225 980 2388 1033 ἔδωκε
2440 984 2548 1045 τοῖς
2600 983 2864 1052 πατράσιν
2911 983 3110 1048 αὐτῶν,
3159 984 3249 1035 καὶ
3290 1000 3387 1052 την
3438 985 3640 1054 σκηνὴν
3692 983 3788 1035 τοῦ

2228 1073 2542 1142 μαρτυρίου,
2585 1073 2940 1141 παιδαγωγῶν
2985 1076 3177 1137 αὐτοὺς
3208 1077 3288 1137 εἰς
3339 1074 3400 1126 τὸ
3445 1075 3646 1142 γνῶναι
3700 1075 3792 1126 διὰ

2223 1160 2317 1212 τοῦ
2352 1161 2513 1231 νόμου
2559 1163 2648 1214 τὸν
2679 1162 2817 1215 κατὰ
2864 1164 3087 1234 καιροὺς
3121 1165 3526 1235 ἐπιδημήσαντα
3559 1165 3792 1234 Σωτῆρα

2225 1251 2301 1321 τῷ
2332 1251 2475 1319 γένει
2503 1252 2608 1304 τῶν
2634 1253 2948 1322 ἀνθρώπων.

2306 1341 2420 1392 Υἱοὶ
2457 1343 2893 1409 τεχθησόμενοι.
2930 1343 3187 1411 Σημαίνει
3219 1343 3274 1395 δὲ
3314 1342 3400 1395 διὰ
3434 1343 3634 1396 τούτων
3662 1345 3789 1406 τοὺς

2226 1430 2412 1497 ἁγίους
2437 1430 2526 1482 τοῦ
2558 1431 2809 1500 Σωτῆρος
2842 1432 3104 1501 μαθητάς,
3131 1433 3323 1495 οἵτινες
3351 1433 3416 1485 τὰ
3443 1433 3719 1502 θαυμάσια
3757 1436 3790 1486 ἃ.

2227 1522 2583 1594 κατώρθωσεν
2611 1525 2639 1574 ό
2671 1520 2920 1594 Χριστὸς,
2967 1528 3074 1587 τοῖς
3118 1525 3248 1587 υἱοῖς
3289 1525 3464 1578 αὐτῶν
3513 1526 3792 1592 ἀπαγγέλ-

2227 1614 2394 1665 λουσι·
2426 1613 2663 1666 τουτέστι
2688 1617 2797 1676 τοῖς
2825 1615 3176 1684 προσελθοῦσι
3201 1615 3265 1668 δι’
3293 1616 3469 1667 αὐτῶν
3488 1619 3552 1686 τῇ
3584 1617 3789 1668 πίστει.

2297 1704 2404 1756 Καὶ
2427 1703 2510 1772 μὴ
2536 1705 2923 1760 ἐπιλάθωνται
2946 1706 3062 1758 τῶν
3082 1707 3268 1774 ἔργων
3292 1706 3397 1758 τοῦ
3419 1707 3583 1760 Θεοῦ.
3604 1707 3793 1760 Ταῦτα

2227 1795 2572 1865 διηγήσονται
2618 1797 2820 1860 αὐτοῖς,
2850 1797 2917 1848 δι’
2955 1791 3028 1850 ῶν
3061 1798 3376 1869 δυνήσονται
3415 1799 3572 1868 μόνον
3601 1799 3794 1852 ἐλπίδα

2159 1868 2199 1922 Β
2227 1885 2316 1937 τὸν
2345 1885 2476 1936 Θεὸν
2503 1886 2928 1956 ἐπιγράψασθαι.

2297 1974 2420 2027 Ἵνα
2441 1976 2526 2042 μὴ
2552 1975 2830 2043 γένωνται
2862 1977 2941 2041 ὼς
2975 1979 3027 2029 οἱ
3059 1977 3307 2046 πατέρες
3337 1977 3551 2031 αὐτῶν.
3591 1979 3794 2045 Ἀπαγ-

2224 2062 2460 2130 γελοῦσι,
2497 2065 2647 2134 φησι,
2681 2065 2778 2127 τὰς
2820 2066 3051 2128 αἰνέσεις
3092 2066 3183 2118 τοῦ
3216 2066 3349 2120 Θεοῦ
3381 2070 3492 2131 τοῖς
3520 2067 3585 2119 δι’
3625 2067 3795 2119 αὐτοῦ

2227 2153 2758 2223 παιδαγωγουμένοις
2787 2158 2835 2208 οἱ
2867 2156 3172 2210 ἀπόστολον
3207 2159 3292 2211 ἵνα
3323 2160 3416 2212 καὶ
3450 2159 3796 2229 ἐκζητήσωσι

2228 2241 2325 2305 τὰς
2353 2242 2445 2293 τοῦ
2473 2242 2606 2294 Θεοῦ
2639 2244 2876 2308 ἐντολὰς,
2908 2247 3001 2299 καὶ
3033 2246 3106 2316 μὴ
3139 2247 3233 2316 τὴν
3261 2246 3368 2300 τῶν
3407 2248 3656 2318 πατέρων
3697 2265 3798 2300 κα-

2229 2332 2572 2402 κοδαιμονίαν
2625 2339 2986 2405 μιμήσωνται.
3052 2338 3262 2407 Ἑκείνη
3311 2339 3451 2409 γὰρ,
3508 2340 3703 2418 φησιν,
3761 2341 3795 2408 ή

2229 2422 2391 2490 γενεά
2431 2423 2530 2475 οὐκ
2572 2423 2725 2492 ἔσχεν
2772 2425 2900 2496 εὺθῆ
2932 2426 3029 2496 τὴν
3065 2427 3290 2498 καρδίαν
3322 2429 3458 2500 πρὸς
3489 2429 3642 2494 Θεὸν,
3676 2429 3798 2482 οὐδὲ

2231 2511 2409 2564 πίστιν
2443 2510 2568 2581 ἔσχε
2594 2513 2654 2564 τὸ
2683 2513 2898 2584 πνεῦμα
2928 2516 3096 2587 αὐτῆς
3138 2517 3272 2586 μετὰ
3299 2517 3393 2571 τοῦ
3421 2519 3574 2574 Θεοῦ.
3605 2521 3656 2572 Γ
3657 2521 3800 2573 ενεὰ

2232 2602 2360 2670 ἣτις
2406 2605 2477 2656 οὺ
2522 2606 2844 2658 κατεύθυνε
2886 2605 3000 2674 τὴν
3027 2608 3277 2675 καρδίαν
3315 2611 3524 2679 αὐτῆς.
3570 2612 3798 2666 Ἐκεῖνοι

2230 2692 2338 2763 γὰρ
2373 2691 2591 2762 βεϐαίαν
2618 2695 2717 2764 τὴν
2749 2696 2825 2758 εἰς
2864 2696 2953 2748 τὸν
2982 2697 3111 2748 Θεὸν
3140 2699 3238 2750 οὐκ
3272 2701 3565 2770 ἐκτήσαντο
3592 2703 3798 2764 πίστιν,

2232 2786 2326 2855 τὴν
2356 2786 2564 2838 εὐθεῖαν
2609 2788 2707 2838 οὐκ
2741 2787 3088 2858 ἐθελήσαντες
3130 2791 3350 2862 πορείαν
3384 2793 3618 2857 ὁδεῦσαι,
3665 2795 3806 2848 ἀλλά

2233 2876 2453 2946 γνώμην
2479 2878 2766 2948 ἐσχηκότες
2793 2882 2902 2941 τοῖς
2931 2879 3093 2944 θείοις
3117 2882 3525 2955 ἐναντιουμένην
3559 2885 3801 2957 θεσμοῖς.

2314 2969 2428 3020 Υἱοὶ
2465 2969 2701 3038 Ἐφριιῒμ
2724 2970 3087 3037 ἐντείνοντες
3108 2974 3203 3025 καὶ
3231 2974 3562 3042 βάλλοντες
3583 2977 3801 3042 τόξοις.

2248 3059 2376 3110 Ἀπὸ
2419 3059 2581 3128 μόνης
2622 3061 2717 3129 τῆς
2763 3060 2934 3131 φυλῆς
2981 3063 3072 3114 τοῦ
3117 3064 3352 3134 Ἐιιςραῒμ
3395 3066 3513 3118 ελον
3542 3066 3632 3120 τὸν
3679 3067 3807 3121 λαὸν

2236 3147 2326 3200 τοῦ
2373 3148 2583 3217 Ἰσραὴλ
2609 3149 2698 3200 τὸν
2737 3150 3130 3219 ἀποσχισθέντα
3174 3152 3267 3205 τοῦ
3306 3154 3472 3207 Ἰούδα
3514 3155 3805 3225 ἐδήλωσεν,

2238 3234 2394 3291 Οὗτοι
2427 3240 2534 3310 γὰρ
2562 3242 2655 3292 καὶ
2688 3241 2782 3304 τὰς
2810 3241 3068 3311 δαμάλεις
3103 3242 3354 3314 ἔστησαν,
3402 3247 3494 3297 καὶ
3531 3245 3633 3314 τῆς
3666 3249 3808 3302 κατὰ

2238 3331 2396 3400 νόμον
2423 3331 2674 3401 λατρείας
2723 3333 3058 3402 ἀπέστησαν.
3100 3334 3398 3404 Ἀψάμενος
3428 3339 3526 3406 τῆς
3565 3337 3672 3389 τῶν
3704 3355 3807 3390 πα-

2236 3423 2406 3492 τέρων
2438 3423 2715 3492 πονηρίας,
2750 3423 2944 3492 ἐφεξῆς
2969 3423 3251 3491 καταλέγει
3284 3427 3456 3479 πᾶσαν
3485 3428 3582 3497 τὴν
3613 3429 3810 3481 κακίαν

2239 3514 2437 3576 αὐτῶν,
2485 3522 2583 3585 τήν
2628 3533 2686 3566 τε
2736 3516 2884 3585 παρὰ
2924 3513 3017 3567 τοῦ
3064 3516 3199 3569 Θεοῦ
3239 3519 3317 3579 είς
3360 3519 3556 3582 αὐτοὺς
3589 3519 3811 3586 ἀγαθῶν

2239 3605 2536 3673 δαψίλειαν,
2586 3605 2682 3675 τήν
2721 3622 2780 3658 τε
2828 3606 2962 3677 πρὸς
3010 3606 3102 3659 τὸν
3143 3606 3276 3659 Θεὸν
3309 3607 3486 3660 αὐτῶν
3519 3610 3810 3670 ἀπιστίαν,

2241 3699 2330 3752 τόν
2359 3716 2416 3751 τε
2460 3698 2837 3769 διαδεξάμενον
2869 3700 3064 3761 αὐτοὺς
3093 3699 3180 3752 διὰ
3219 3699 3390 3752 ταῦτα
3432 3699 3682 3770 ὀλεθρον
3727 3702 3810 3753 ἴνσ

2240 3790 2328 3843 διὰ
2361 3789 2562 3843 τούτων
2606 3789 3138 3858 παιδαγωγηθέντες,
3188 3789 3278 3841 τὸν
3328 3790 3560 3860 πονηρὸν
3599 3791 3814 3858 φύγωσι

2243 3881 2420 3951 ζῆλον.
2453 3881 2613 3948 Λέγει
2649 3879 2706 3930 δὲ
2726 3920 2739 3944 ,
2771 3879 2846 3942 ὡς
2878 3881 2926 3931 οἱ
2972 3879 3065 3932 τοῦ
3107 3879 3343 3952 Ἐφραῒμ
3370 3881 3503 3942 υἱοὶ,
3535 3883 3814 3934 τουτέστιν

2245 3972 2386 4034 ἅπας
2415 3971 2648 4042 Ἰσραὴλ,
2674 3974 2722 4023 οἱ
2747 3971 3110 4042 δεδιδαγμένοι
3135 3975 3243 4034 τοῖς
3272 3974 3522 4043 πονηροῖς
3547 3971 3813 4043 μάχεσθαι

2243 4064 2480 4132 δαίμοσι,
2506 4064 2596 4115 καὶ
2631 4065 2709 4128 εἰς
2742 4063 2898 4116 τοῦτο
2938 4064 3124 4134 ὥσπερ
3165 4063 3316 4127 τόξον
3349 4065 3792 4117 κατασκευασθέν

2243 4172 2355 4219 τες,
2391 4158 2519 4226 παρ’
2546 4157 2707 4208 αὑτὸν
2737 4155 2826 4207 τὸν
2869 4153 2960 4207 τοῦ
2993 4154 3224 4224 πολέμου
3258 4155 3444 4226 καιρὸν
3483 4155 3812 4225 μετεϐλήθη-

2247 4262 2365 4308 σαν,
2397 4247 2486 4299 τὸν
2525 4247 2619 4316 μὲν
2647 4246 2919 4314 Δεσπότην
2948 4246 3040 4298 καὶ
3066 4245 3197 4298 Θεὸν
3227 4245 3610 4316 ἀρνησάμενοι,
3646 4262 3811 4315 προσο

2248 4338 2522 4400 κλίναντες
2550 4337 2770 4400 ἐαυτοῦς
2793 4337 2870 4408 τῷ
2901 4337 3180 4408 Βαραὸὗᾷ,
3211 4338 3452 4390 τουτέστι
3475 4337 3552 4406 τῷ
3575 4338 3815 4408 Σατανᾷ.

2326 4431 2447 4482 Οὐκ
2489 4429 2799 4496 ἐφύλαξαν
2832 4427 2956 4495 ’τὴν
3000 4426 3292 4494 διαθήκην
3339 4429 3445 4482 τοῦ
3492 4427 3660 4481 Θεοῦ.
3704 4429 3815 4500 Τὴν

590 4527 864 4598 Evangelii
891 4528 1238 4581 traditionem
1269 4528 1422 4588 dicit,
1453 4538 1616 4595 atque
1661 4524 1822 4578 illud:
1863 4523 1994 4578 Ecce
2031 4524 2142 4577 dies

2248 4521 2438 4590 καινὴν
2464 4521 2555 4573 τοῦ
2582 4519 2906 4589 Εὑαγγελίου
2933 4519 3224 4590 παράδοσίν
3248 4537 3400 4590 φησι,
3427 4519 3518 4572 καὶ
3548 4520 3628 4571 τό·
3670 4520 3817 4573 Ἰδοὺ

588 4620 743 4683 venit,
783 4627 832 4672 et
863 4619 1140 4686 disponant
1185 4633 1302 4669 cum
1339 4618 1413 4670 eis
1447 4623 1818 4670 testamentum
1857 4630 2048 4668 novum
2077 4615 2144 4669 ⁸⁸.

591 4709 766 4762 Causa
819 4719 997 4761 autem
1046 4708 1133 4762 bic
1163 4707 1422 4772 redditur,
1469 4707 1597 4776 quia
1644 4704 1776 4759 illud
1810 4721 1919 4760 non
1966 4715 2150 4760 custo-

590 4800 820 4859 dientes,
871 4800 1015 4867 quod
1071 4811 1153 4852 est
1197 4814 1332 4851 nova
1379 4800 1460 4852 lex
1515 4798 1633 4863 Dei,
1670 4797 1900 4851 conversi
1937 4809 2057 4850 sunt
2096 4799 2150 4850 iu

591 4890 674 4941 die
697 4887 839 4942 belli.
873 4886 989 4941 Non
1014 4889 1157 4940 enim
1201 4886 1497 4941 credebant
1545 4887 1594 4941 ei
1636 4886 1882 4941 dicenti:
1931 4885 2043 4956 Ego
2085 4901 2150 4939 ex

593 4985 753 5035 Putre
774 4980 909 5034 exivi
941 4989 991 5033 et
1031 4979 1175 5033 venio
1210 4981 1276 5034 “.
1312 4978 1446 5032 Cum
1494 4979 1638 5032 enim
1677 4994 1774 5048 par
1810 4978 2007 5032 fuisset
2055 4979 2150 5031 ad-

595 5089 781 5127 versus
819 5089 912 5126 eos
947 5087 1184 5142 pugnare
1209 5072 1300 5139 qui
1341 5081 1529 5126 contra
1564 5070 1732 5125 Deum
1770 5071 1966 5124 bellutn
1995 5085 2149 5139 gere-

595 5175 713 5219 rent
732 5163 848 5230 ,‘illi
877 5163 1132 5218 adversus
1159 5161 1324 5216 Deum
1349 5161 1547 5215 bellum
1573 5172 1878 5216 moverunt.

666 5256 751 5309 ll.
783 5254 848 5309 Et
879 5255 1028 5308 obliti
1070 5265 1190 5309 sunt
1223 5253 1612 5321 benefactorum
1645 5253 1778 5321 ejus.
1822 5252 1974 5307 Licet
2001 5255 2145 5308 enim

595 5338 762 5401 multa
788 5346 1046 5400 beneﬁcia
1088 5345 1421 5414 acceperint,
1461 5344 1639 5398 omnia
1673 5359 1702 5397 a
1741 5344 2000 5398 memoria
2050 5359 2147 5398 sua

597 5439 928 5507 abjeccrunt.
979 5436 1044 5491 Et
1095 5437 1277 5505 ejusce
1315 5437 1393 5490 rei
1436 5444 1812 5504 argumentum
1862 5435 1991 5488 illud
2045 5443 2151 5500 est,

596 5530 740 5599 quod
764 5543 887 5582 cum
919 5527 1236 5581 tradiderint
1272 5527 1462 5580 Pilato.
1501 5525 1666 5578 Obliti
1711 5534 1837 5580 sunt
1880 5523 2151 5594 quomodo

671 5797 713 5828 ”
735 5794 948 5851 Baruch
984 5809 1043 5860 ιι,
1067 5793 1154 5850 55.
1231 5795 1275 5826 ’⁸
1303 5791 1460 5849 Joau.
1499 5807 1607 5857 xvi,
1639 5792 1726 5848 ‘27.

2252 4613 2438 4681 ἡμέρα
2469 4612 2728 4680 ἔρχεται,
2772 4610 2868 4663 καὶ
2901 4610 3250 4680 διαθήσομαι
3293 4611 3495 4676 αὐτοῖς
3526 4611 3814 4679 διαθήκην

2251 4703 2486 4769 καινήν.
2517 4705 2700 4767 Αἰτίας
2727 4703 2785 4756 δέ
2831 4705 2975 4756 ἐστιν
3020 4705 3300 4767 ἀπόδοσις,
3345 4705 3460 4769 ὃτι,
3503 4705 3707 4774 ταύτην
3745 4703 3816 4775 μὶτ

2254 4793 2620 4864 φυλάξαντες,
2671 4795 2792 4864 ἥτις
2861 4796 2976 4847 ἐστὶ
3047 4796 3231 4859 καινὸς
3278 4797 3438 4865 νόμος
3492 4795 3583 4847 τοῦ
3640 4795 3815 4859 Θεοῦ,

2252 4885 2643 4954 ἐστράφησαν
2672 4887 2741 4938 ἐν
2765 4885 2953 4955 ἡμέρῃ
2983 4887 3268 4955 πολέμου.
3299 4887 3372 4943 Οὐ
3399 4887 3506 4956 γὰρ
3535 4887 3817 4940 ἐπίστευον

2254 4977 2401 5047 αὐτῷ
2444 4977 2675 5043 λέγοντι*
2719 4977 2864 5044 Ἐγὼ
2907 4977 2975 5030 ἐκ
3019 4978 3124 5031 τοῦ
3158 4977 3384 5044 Πατρὸς
3413 4977 3676 5044 ἐξῆλθον
3717 4979 3815 5032 καὶ

2253 5068 2397 5134 ἥκω.
2429 5069 2556 5119 Δέον
2599 5067 2730 5137 γὰρτ
2756 5068 2964 5137 βάλλειν
3007 5071 3098 5120 καὶ
3131 5069 3382 5138 πολεμεῖν
3413 5071 3538 5131 τοὺς
3575 5067 3694 5138 Θεῷ
3723 5087 3816 5121 πο-

2249 5159 2567 5229 λεμοῦντας·
2607 5162 2655 5211 οἱ
2681 5160 2737 5211 δὲ
2763 5160 2899 5214 κατά
2931 5161 3062 5213 Θεοῦ
3092 5163 3290 5231 ἤραντο
3315 5161 3567 5231 πόλεμον.

2320 5251 2429 5305 Καὶ
2453 5251 2813 5305 ἐπελάϐοντο
2842 5251 2960 5304 τῶν
2985 5253 3338 5321 εὐεργεσιῶν
3368 5254 3573 5307 αὑτοῦ.
3601 5251 3816 5316 Καί-τοι,

2257 5343 2408 5411 φησὶ,
2439 5341 2606 5394 πολλὰ
2636 5343 3070 5413 εὐεργετημένοι,
3107 5344 3280 5396 πάντα
3320 5344 3424 5396 ἀπὸ
3453 5344 3552 5412 τῆς
3599 5345 3818 5414 μνήμης

2259 5432 2634 5502 ἀνερῤίπισαν.
2680 5433 2790 5484 Καὶ
2829 5430 3015 5484 τούτου
3065 5433 3332 5497 ἀπόδειξις
3379 5434 3439 5486 τὸ
3488 5433 3819 5504 παραδοῦναι

2261 5524 2492 5593 Πιλάτῳ.
2535 5523 2884 5578 Ἐπελάθοντο
2918 5524 2976 5576 τὸ
3010 5524 3122 5588 πῶς
3148 5525 3359 5595 διῆλθεν
3387 5525 3687 5594 εὐεργετῶν
3723 5526 3820 5577 αὑ-
