4070 6442
215 370 324 422 353

1197 355 1560 416 EXPOSITIO
1599 352 1659 407 IN
1700 351 2031 408 PSALMUM
2071 355 2323 409 LXXVII.

3337 357 3441 412 εει

217 483 343 544 τοὺς
378 480 604 542 πάντας,
634 479 724 531 καὶ
752 478 973 547 ἰώμενος
1005 475 1129 537 τοὺς
1156 469 1776 539 καταδυναστευομένους

1892 467 2248 522 Jertransierit
2270 465 2544 521 beneﬁciis
2568 480 2660 519 cos
2683 465 2994 526 cumnlans.
3024 475 3078 520 et
3110 480 3311 522 sanans
3345 484 3440 526 eos

219 574 326 624 ὑπὸ
359 571 451 624 τοῦ
477 570 740 623 διαϐόλου.

292 662 606 717 Ἐναντίων
630 659 748 713 τῶν
777 658 1043 726 πατέρων
1068 655 1265 711 αὐτῶν
1294 655 1328 708 ἅ
1362 656 1610 721 ἐποίησε
1641 657 1784 706 θαυ-

214 753 426 824 μάσια.
476 753 650 816 Οὕτω,
701 753 858 823 φησὶ,
895 752 1002 804 τῶν
1034 749 1357 821 εὐεργεσιῶν
1389 749 1483 800 καὶ
1522 746 1627 800 τῶν
1659 746 1784 798 θαυ-

223 847 435 915 μασίων
485 844 806 897 ἐπελάθοντο
847 841 938 894 τοῦ
968 841 1221 911 Χριστοῦ,
1252 837 1440 910 ὥσπερ
1466 839 1654 910 ἀμέλει
1693 839 1785 890 καὶ

217 939 266 988 οί
300 935 535 1004 πατέρες
561 933 737 986 αὐτῶν
765 922 870 986 τῶν
898 935 954 985 ἐν
987 932 1242 1001 Αἰγύπτῳ
1274 930 1670 1001 γεγενημένων,
1698 930 1784 982 ὅτε

218 1025 419 1085 αὐτοὺς
470 1022 758 1092 ἠλευθέρου
801 1024 828 1074 ό
860 1022 1010 1083 Θεός.
1059 1020 1308 1074 Τοιοῦτον
1351 1021 1457 1091 γάρ
1509 1038 1558 1071 τι
1614 1019 1785 1071 ἔοικεν

221 1116 614 1186 ὑποσημαίνειν
652 1114 743 1177 τὸ,
787 1114 1091 1166 Ἐναντίων
1124 1111 1239 1165 τῶν
1281 1112 1545 1178 πατέρων
1569 1111 1782 1165 αὐτῶν·

219 1207 353 1259 ὡσεὶ
388 1206 718 1276 σαφέστερον
751 1190 953 1271 ἔλεγεν·
999 1204 1368 1275 Ὀμοιότροποι
1399 1204 1476 1274 τῷ
1509 1202 1653 1273 ζήλῳ
1678 1202 1786 1256 τῶν

221 1297 478 1366 πατέριον
523 1294 699 1347 αὐτῶν
739 1295 990 1362 γεγόνασι
1035 1292 1114 1363 τῷ
1165 1292 1414 1363 πονηρῷ·
1463 1293 1557 1344 καὶ⁸
1599 1292 1785 1362 ὥσπερ

221 1392 420 1442 ἐκεῖνοι
453 1385 770 1439 ἐπελάθοντο
797 1385 888 1438 τοῦ
918 1384 1074 1446 Θεοῦ,
1099 1383 1237 1436 οὕτω
1260 1384 1352 1437 καὶ
1384 1377 1547 1436 οῦτοι.

297 1479 571 1547 Διέρῤηξε
603 1477 942 1539 θάλασσαν,
968 1477 1066 1528 καὶ
1101 1475 1380 1544 διήγαγεν
1406 1475 1644 1540 αὐτούς.
1679 1474 1787 1526 Καὶ

221 1575 284 1625 οὐ
332 1571 489 1625 τοῦτο
529 1571 691 1641 μόνον
737 1568 919 1637 φησιν,
965 1567 1100 1620 ἀλλὰ
1151 1567 1244 1620 καὶ
1287 1565 1558 1620 Θάλασσαν
1603 1565 1786 1618 διελὼν

223 1664 469 1723 ἅπαντας
517 1658 835 1712 διεϐίϐασεν.
876 1656 1150 1711 Ἐντεῦθεν
1194 1658 1417 1727 ἄρχεται
1457 1656 1528 1709 τὰ
1572 1658 1662 1709 ἐπὶ
1690 1659 1788 1726 τῆς

225 1754 497 1825 προτέρας
539 1749 854 1821 λυτρώσεως
898 1749 1199 1821 διηγεῖσθαι
1233 1751 1523 1818 θαυμάσια.
1555 1749 1790 1802 Καταδι-

221 1843 535 1915 αιρεθείσης
578 1842 684 1912 γὰρ
726 1843 804 1903 εἰς
835 1841 1124 1911 διαιρέσεις
1154 1838 1347 1902 πολλάς
1384 1840 1480 1908 τῆς
1525 1839 1787 1909 Ἐρυθρᾶς

225 1935 522 2004 θαλάσσης,
552 1934 771 1986 καὶτῶν
806 1932 1008 1986 ὑδάτων
1037 1929 1412 2002 διοριζομένων
1439 1932 1533 1984 καὶ
1565 1929 1623 1996 ἐξ
1657 1930 1786 1984 ἑκά-

223 2043 355 2079 στου
413 2024 609 2096 μέρους
666 2022 1178 2094 μετεωριζομένων,
1226 2021 1319 2073 καὶ
1366 2021 1662 2092 αἰρομένων
1709 2023 1788 2082 εἰς

224 2118 360 2179 ὕψος
379 2156 394 2178 ν
442 2114 642 2182 ὥσπερ
681 2114 750 2167 ἐν
781 2113 948 2178 ἀσκῷ
978 2130 1083 2166 τινι
1130 2111 1468 2165 συνέκλεισεν
1501 2111 1639 2164 αὐτὰ
1671 2109 1791 2181 θείᾳ.

221 2207 332 2260 τινὶ
396 2206 654 2276 δυνάμει,
699 2205 846 2268 ὅπως
911 2204 984 2275 μὴ
1046 2203 1363 2274 διαχεόμενα
1410 2201 1675 2275 ἐπικλύσῃ
1731 2201 1790 2254 τὸ

223 2295 448 2364 πλῆθος.

296 2388 401 2440 Διὰ
429 2385 604 2439 τοῦτο
640 2384 869 2454 ἤκουσε
899 2385 1110 2453 Κύριος
1141 2383 1235 2437 καὶ
1267 2381 1604 2437 ἀνεϐάλετο.
1648 2382 1790 2434 Ἀντὶ

221 2478 340 2532 τοῦ·
383 2477 710 2549 ’Υπερέθετο
750 2476 972 2546 μικρὸν,
1002 2477 1092 2529 καὶ
1125 2475 1287 2528 οἱονεὶ
1314 2474 1543 2544 άνέκοψε
1569 2475 1666 2545 τὴν
1705 2475 1791 2528 εὑ-

222 2588 247 2622 ε
256 2569 515 2641 ργετικὴν
544 2572 718 2640 χεῖρα.

295 2660 405 2714 Καὶ
449 2659 630 2727 ἄρτον
683 2656 939 2725 οὐρανοῦ
985 2656 1205 2709 ἔδωκεν
1249 2654 1473 2721 αὺτοῖς.
1500 2654 1573 2706 Οὐ
1611 2653 1786 2724 μόνον,

225 2749 383 2820 φησὶ,
412 2749 489 2820 τῷ
539 2749 711 2820 μάννα
755 2747 821 2800 τά
856 2745 1082 2816 σώματα
1113 2747 1353 2816 ἔτρεφεν,
1397 2744 1530 2798 ἀλλὰ
1560 2744 1668 2815 γὰρ
1698 2743 1791 2796 καὶ

224 2840 418 2911 λογικῇ
465 2857 570 2892 τινι
617 2839 710 2892 καὶ
750 2840 983 2910 οὐρανίῳ
1024 2837 1246 2904 δυνάμει
1291 2836 1568 2906 διέτρεφεν
1615 2834 1790 2887 αὐτῶν

224 2932 328 2994 τὰς
358 2930 553 3000 ψυχάς·
588 2929 775 3001 ὥσπερ
811 2928 998 3000 ἀμέλει
1030 2926 1307 2997 διατρέφει
1350 2927 1444 2979 καὶ
1472 2925 1597 2988 τοὺς
1626 2924 1788 2993 ἀγγέ-

224 3021 371 3084 λους.
405 3021 514 3074 Καὶ
543 3020 698 3073 τοῦτό
725 3022 838 3072 ἐστι
874 3020 972 3090 μὲν
999 3019 1089 3071 καὶ
1114 3020 1175 3071 ὲκ
1200 3017 1292 3070 τοῦ
1324 3017 1614 3087 συνδέσμου
1644 3017 1788 3081 ἰδεῖν,

223 3112 307 3183 τῷ
328 3111 515 3182 ὥσπερ
540 3114 596 3164 ὲν
618 3113 876 3182 ἐπαγωγῇ
903 3111 1072 3162 εἰπεῖν
1097 3109 1176 3162 τό·
1191 3106 1312 3207 μαὶ
1333 3106 1515 3174 ἄρτον
1534 3105 1790 3174 οὐρανοῦ
1817 3150 1859 3207 c

226 3201 454 3254 ἔδωκεν
497 3199 718 3264 αὐτοῖς.
748 3201 900 3252 Ἔστι
929 3199 985 3251 δὲ
1009 3197 1156 3250 οὐδὲν
1186 3193 1346 3268 ἦττον
1380 3197 1472 3249 καὶ
1497 3195 1590 3248 τοῦ
1633 3196 1790 3247 Ἀπο⁹

227 3294 418 3346 στόλου
451 3290 661 3361 μαθεῖν,
691 3292 816 3360 περὶ
847 3289 1023 3344 αὐτῶν
1052 3289 1350 3359 εἰρηκότος,
1382 3289 1458 3351 ὡς
1490 3304 1786 3358 πνευματι-

226 3384 324 3437 κδν
355 3383 555 3452 ἔφαγον
584 3381 796 3453 βρῶμα.
820 3379 989 3434 Τοῦτο
1021 3380 1075 3433 δὲ
1104 3375 1171 3451 ἦν
1194 3381 1221 3432 ὁ
1250 3378 1342 3432 νῦν
1364 3379 1525 3442 ἄρτος
1547 3379 1789 3449 ἀγγέλων

224 3475 641 3546 ὀνομαζόμενος.

300 3566 409 3619 Kal
457 3547 599 3617 ὼσεῖ
631 3565 826 3633 ἅμμον
869 3562 1196 3618 θαλασσῶν
1225 3561 1464 3616 πετεινὰ
1507 3562 1787 3631 πτερωτά.

226 3656 342 3726 Τὴν
374 3655 789 3730 ὀρτυγομήτραν
815 3653 976 3723 φησὶν
998 3652 1248 3708 ἐνταῦθα.

290 3749 436 3815 ,Ἔτι
450 3746 559 3816 τῆς
577 3745 860 3816 βρώσεως
883 3747 1073 3813 οὔσης
1099 3745 1167 3798 ἐν
1191 3743 1270 3810 τῷ
1297 3746 1542 3814 στόματι
1573 3741 1786 3798 αὐτῶν.

225 3839 424 3908 Γέγονε
471 3837 581 3910 γὰρ
625 3839 807 3900 αὐτοῖς
853 3838 932 3900 είς
979 3836 1202 3907 χολέραν
1250 3836 1361 3901 ἕξιν
1399 3838 1431 3906 ἡ
1467 3835 1660 3909 τροφὴ,
1695 3833 1790 3888 ἆτε

225 3931 349 3985 ὅλον
398 3931 568 3984 διόλου
617 3929 1008 3984 ἑκνενευκότων
1049 3931 1129 3992 είς
1156 3929 1254 3998 τὴν
1288 3929 1395 3982 τῶν
1443 3927 1618 4000 κρεῶν
1658 3927 1793 3998 πλη-

227 4025 456 4096 σμονήν.

300 4115 412 4170 Kal
442 4113 710 4186 ἐμνήσθη
729 4152 745 4178 ,
772 4113 860 4166 ὅτι
886 4112 1041 4183 σάρξ
1069 4114 1245 4174 είσιν,
1280 4110 1513 4181 πνεῦμα
1545 4110 1790 4176 πορευό-

221 4225 414 4278 μενον
451 4205 549 4261 καί
582 4207 692 4260 οὐκ
728 4204 1108 4272 ἐπιστρέφον.
1155 4203 1328 4257 Ἦλέει
1374 4203 1591 4267 αὐτοὺς,
1635 4199 1788 4272 φησὶ,

225 4299 408 4354 καίτοι
436 4297 578 4368 όρῶν
605 4296 797 4362 αὐτοὺς
827 4295 1130 4366 ὁλοτρόπως
1162 4293 1540 4358 ὲκκεκλικότας
1565 4294 1645 4357 είς
1672 4292 1793 4364 σάρ-

226 4408 352 4454 κας,
379 4389 497 4441 ἀντὶ
520 4387 613 4441 τοῦ
651 4388 731 4449 είς
762 4386 822 4439 τὸ
848 4385 919 4439 τὰ
961 4385 1158 4458 σαρκὸς
1191 4385 1547 4454 φρονεῖν,’καὶ
1577 4383 1792 4454 πνεῦμα

1880 559 1971 628 qui
2006 559 2108 612 sub
2136 567 2400 628 potestate
2435 559 2631 612 diaboli
2657 567 2854 612 essent.

1955 649 2041 704 12.
2074 648 2266 704 Coram
2292 650 2527 717 patribus
2556 665 2734 703 eorum
2773 650 2892 710 fecit
2924 648 3211 704 mirabilia.
3240 649 3316 703 Ita
3348 649 3442 704 be-

1882 742 2197 796 neﬁciorum
2230 751 2283 796 et
2329 742 2657 796 mirabilium
2688 741 2889 796 Christi
2913 741 3064 794 obliti
3096 749 3245 803 sunt,
3299 743 3443 798 sicut

1881 843 2064 902 patres
2091 848 2277 887 corum
2315 834 2406 903 qni
2454 834 2506 887 in
2562 833 2793 904 Egypto
2832 832 2981 887 [uere
3013 834 3231 902 quando
3253 834 3445 887 libera-

1884 924 1960 975 vit
1980 940 2074 978 eos
2114 923 2392 977 Dominus.
2421 923 2611 978 Simile
2631 925 2774 978 enim
2804 924 3084 993 quidpiam
3123 923 3334 979 videtur
3373 924 3446 978 si-

1883 1012 2140 1081 gniﬁcare
2165 1013 2326 1066 illm]:
2355 1012 2548 1065 Coram
2587 1013 2824 1079 patribus
2860 1029 3077 1077 eorum;
3107 1029 3170 1066 ac
3204 1013 3249 1068 si
3290 1028 3443 1080 aper-

1884 1113 1993 1156 tius
2024 1103 2225 1157 diceret
2255 1121 2267 1156 :
2294 1103 2514 1157 Similes
2546 1102 2790 1172 patribus
2837 1104 2952 1157 suis
2985 1103 3036 1157 in
3061 1103 3220 1156 malis
3247 1103 3442 1157 studiis

1883 1192 2062 1259 fuere;
2095 1205 2148 1248 et
2175 1195 2313 1249 sicut
2345 1194 2419 1248 illi
2440 1195 2592 1249 obliti
2615 1205 2741 1249 sunt
2766 1194 2954 1260 Deum,
2982 1195 3052 1248 ita
3078 1204 3130 1248 et
3154 1195 3263 1248 isti.

1958 1464 2130 1517 15-15.
2170 1463 2455 1532 Interrupit
2504 1481 2646 1517 mare
2687 1474 2736 1518 et
2782 1467 3028 1532 perduxit
3061 1482 3168 1519 eos.
3200 1465 3315 1521 Non
3351 1483 3441 1523 so-

1887 1553 1996 1606 lum
2029 1553 2148 1616 hoc,
2188 1553 2383 1622 inquit,
2421 1554 2512 1607 sed
2542 1555 2706 1607 etiam
2757 1571 2905 1610 mare
2941 1556 3209 1620 dividens,
3252 1572 3444 1613 omnes

1887 1647 2219 1715 pertransire
2266 1644 2412 1699 fecit.
2457 1644 2592 1700 Hinc
2618 1647 2803 1716 incipit
2847 1662 2907 1700 ea
2949 1664 3070 1716 qua:
3101 1648 3151 1700 in
3180 1649 3345 1717 priori
3375 1648 3444 1703 li-

1891 1737 2172 1793 beratione
2214 1738 2354 1793 edita
2406 1747 2535 1793 sunt
2580 1739 2840 1794 miracula
2896 1755 3200 1795 recensere.
3259 1740 3444 1797 Divisi)

1888 1829 2030 1883 enim
2065 1830 2117 1883 in
2141 1831 2337 1884 multas
2360 1831 2654 1886 divisiones
2684 1831 2868 1886 Rubro
2895 1833 3053 1897 mari,
3080 1848 3144 1887 ac
3177 1835 3444 1903 separatis

1889 1920 2043 1988 aquis
2071 1929 2124 1973 et
2146 1937 2210 1975 ex
2239 1931 2468 1992 utraque
2516 1931 2669 1992 parte
2707 1922 2760 1976 in
2797 1923 3029 1978 sublime
3059 1924 3237 1992 elatis,
3290 1926 3445 1993 quasi

1888 2013 1942 2064 in
1972 2022 2085 2066 utre
2118 2013 2352 2081 quodam
2388 2014 2571 2067 divina
2619 2014 2814 2068 virtute
2866 2016 3135 2070 conclusit
3187 2031 3318 2082 eas,
3374 2032 3443 2072 ne

1889 2101 2073 2156 ell‘usa:
2099 2103 2499 2158 multitudinem
2530 2102 2925 2174 demergerent.

1958 2354 2046 2408 Ἣ.
2085 2354 2211 2408 Ideo
2258 2356 2458 2410 audivit
2496 2357 2752 2411 Dominus
2790 2367 2841 2411 et
2872 2358 3104 2415 distulit.
3161 2361 3328 2428 Quasi
3361 2365 3449 2420 di-

1889 2456 2053 2508 ceret,
2095 2446 2408 2516 Superscdit
2462 2465 2674 2520 parum,
2709 2461 2762 2506 ct
2816 2455 3171 2521 cperatricem
3225 2473 3447 2515 manum

1889 2537 2044 2605 quasi
2072 2538 2319 2591 cohibuit

1956 2627 2045 2681 24.
2073 2626 2140 2680 Et
2164 2643 2350 2696 panem
2391 2633 2506 2682 caeli
2537 2633 2680 2685 dedit
2715 2635 2809 2687 eis.
2846 2633 2965 2690 Non
3016 2638 3216 2705 solum,
3251 2639 3446 2711 inquit,

1890 2734 2086 2773 manna
2115 2736 2342 2790 corpora
2374 2722 2669 2786 nutriebat,
2726 2725 2821 2779 sed
2865 2735 2921 2779 et
2967 2728 3272 2785 rationabili
3308 2749 3445 2802 qua-

1891 2810 2014 2866 dam
2043 2821 2097 2866 et
2126 2813 2330 2868 ccelesti
2361 2816 2557 2870 virtute
2587 2817 2763 2870 alebat
2810 2802 2997 2872 eorum
3035 2821 3268 2890 animas,
3305 2824 3448 2881 sicut

1891 2919 2075 2958 revera
2104 2907 2266 2958 etiam
2317 2907 2414 2960 alit
2457 2909 2697 2979 angelos.
2757 2910 2935 2979 Atque
2981 2912 3112 2966 illud
3152 2923 3330 2983 potest
3376 2931 3447 2971 ex

1891 2995 2278 3066 conjunctione
2321 2999 2699 3066 animadverti,
2747 3018 2869 3072 qua:
2904 3005 3060 3072 quasi
3108 3005 3161 3060 in
3211 3008 3444 3078 quadam

1891 3087 2329 3159 additionejacet
2374 3105 2495 3146 cum
2542 3093 2778 3146 dicitur:
2819 3094 2888 3147 Et
2917 3112 3104 3164 panem
3145 3099 3260 3152 caeli
3304 3100 3450 3156 dedit

1893 3180 1986 3232 cis.
2022 3177 2388 3233 Nihilominus
2421 3167 2599 3234 autem
2646 3196 2938 3250 possumus
2991 3184 3042 3238 id
3091 3200 3156 3239 ex
3189 3189 3449 3257 Apostolo

1893 3269 2155 3334 ediscere,
2188 3269 2282 3339 qui
2307 3271 2374 3324 de
2406 3271 2514 3325 illis
2554 3272 2688 3327 dicit
2719 3275 2864 3343 quod
2898 3275 3233 3347 spiritualem
3263 3281 3446 3337 cibum

1894 3362 2257 3417 comederent.
2299 3361 2430 3419 Illud
2456 3374 2633 3418 autem
2657 3376 2772 3420 erat
2805 3369 2950 3436 quod
2977 3369 3065 3424 hic
3095 3372 3252 3440 panis
3281 3388 3448 3444 ange-

1897 3452 2072 3508 lorum
2104 3463 2348 3508 vocatur.

1963 3539 2050 3593 27.
2087 3539 2154 3592 Et
2179 3541 2315 3593 sicut
2344 3557 2560 3596 arenam
2602 3547 2765 3600 maris
2802 3548 3042 3604 ralatilia
3075 3561 3324 3620 pennata.
3371 3553 3449 3611 De

1895 3629 2174 3683 coturnice
2202 3629 2291 3683 hic
2327 3631 2588 3700 loquitur.

1965 3721 2056 3775 50.
2098 3721 2280 3776 Adhuc
2302 3738 2432 3778 esca:
2452 3740 2631 3778 eorum
2656 3735 2804 3781 erant
2837 3727 2894 3781 in
2922 3746 3010 3784 ore
3031 3731 3286 3801 ipsorum.
3314 3734 3452 3791 Ver-

1896 3828 1992 3867 sus
2018 3822 2102 3869 est
2125 3813 2232 3868 illis
2262 3813 2416 3869 cibus
2448 3815 2503 3869 in
2538 3815 2901 3883 iracundiam,
2943 3832 3125 3893 utpote
3147 3826 3239 3896 qui
3273 3828 3452 3884 omni-

1896 3920 1966 3960 no
1994 3908 2059 3960 ad
2082 3905 2424 3961 saturitatem
2457 3909 2705 3964 carnium
2735 3911 3082 3972 declinarint.

1965 4107 2052 4163 59.
2081 4106 2148 4162 Et
2174 4109 2480 4162 recordatus
2512 4118 2610 4173 est,
2635 4111 2758 4180 quia
2781 4127 2904 4166 caro
2944 4122 3085 4179 sunt,
3111 4116 3326 4184 ερὶνωη
3356 4134 3452 4172 va-

1895 4200 2020 4253 dens
2049 4210 2098 4254 et
2131 4216 2234 4253 non
2261 4200 2485 4254 rediens.
2516 4199 2893 4270 Miserabatur,
2938 4187 3134 4274 inquit,
3173 4207 3318 4269 illos.
3348 4209 3452 4263 etsi

1895 4293 2102 4347 videret
2135 4308 2229 4347 eos
2257 4293 2480 4346 omnino
2505 4292 2809 4349 declinasse
2843 4295 2908 4348 ad
2930 4310 3144 4363 carnes,
3171 4299 3223 4354 id
3255 4311 3358 4365 est,
3393 4312 3454 4357 ut

1895 4400 1958 4440 ea
1985 4400 2108 4455 qua:
2135 4384 2316 4439 carnis
2343 4393 2469 4439 sunt
2492 4393 2766 4454 saperent,
2797 4399 2859 4439 ac
2886 4387 3136 4455 spiritum
3162 4390 3359 4446 habere
3383 4392 3452 4447 ad

226 4483 472 4551 ἔχοντας,
502 4482 583 4544 είς
608 4477 897 4548 ἐπιθυμίαν
935 4478 1132 4549 σαρκὸς
1162 4477 1248 4531 ἀεὶ
1289 4477 1670 4548 πορευόμενον,
1699 4475 1791 4529 καὶ

1896 4476 2386 4545 concupiscentiam
2412 4476 2594 4531 carnis
2624 4491 2836 4547 semper
2867 4479 3172 4543 vadentem,
3195 4498 3296 4537 nec
3317 4499 3451 4538 con-

225 4565 339 4626 οὑκ
375 4572 698 4642 ἐπιστρέφον
743 4573 824 4635 είς
870 4569 930 4623 τὸ
972 4571 1282 4640 μετανοεῖν,
1313 4568 1405 4620 καὶ
1442 4566 1688 4638 ἐκζητεῖν
1731 4565 1790 4632 ἐξ

227 4666 361 4735 ὅλης
391 4664 569 4736 ψυχῆς
595 4663 683 4716 τὸν
715 4663 866 4716 Θεόν.
907 4663 983 4715 Δι’
1010 4661 1159 4715 οὐδὲν
1191 4656 1284 4714 οῦν
1314 4661 1497 4730 ἕτερον
1525 4659 1670 4730 ἠλέει
1700 4661 1792 4712 καὶ

227 4757 456 4821 ἔσωσεν,
485 4755 519 4825 ἢ
553 4754 641 4807 διὰ
681 4754 779 4825 τὴν
811 4753 1014 4806 οἰκείαν
1056 4752 1214 4822 μόνον
1245 4750 1667 4821 φιλανθρωπίαν.
1703 4749 1794 4802 Διὸ

228 4851 327 4904 καὶ
365 4846 652 4920 προλαϐὼν
691 4841 862 4899 εἶπενο
902 4844 1094 4910 Αὐτὸς
1134 4842 1244 4914 γάρ
1278 4842 1448 4897 ἐστιν
1490 4843 1796 4911 οἰκτίρμων

227 4941 329 4996 καὶ
367 4938 654 5006 ἐλεήμων.

307 5032 428 5084 Οὐκ
468 5027 860 5099 ἐμνήσθησαν
897 5024 1006 5094 τῆς
1031 5025 1225 5094 χειρὸς
1252 5024 1436 5079 αὑτοῦ
1467 5022 1685 5092 ἡμέρας
1719 5017 1794 5092 ἧς

228 5116 607 5186 ἑλυτρώσατο
636 5115 854 5182 αὐτοὺς
875 5115 944 5168 ἐκ
971 5113 1165 5184 χειρὸς
1191 5114 1516 5180 θλίϐοντος.
1553 5112 1795 5167 Καταλέ-

231 5213 329 5278 ξας
361 5212 429 5264 τὰ
456 5211 515 5262 ἐν
545 5212 610 5280 τῇ
647 5209 883 5280 θαλάσση
918 5208 1008 5260 καὶ
1032 5208 1089 5259 ὲν
1118 5208 1307 5278 ἐρήμῳ
1333 5205 1513 5269 αὐτοῖς
1538 5204 1793 5276 δεδομένα

229 5303 432 5374 ἀγαθὰ,
470 5301 653 5372 ἕτερον
690 5300 1000 5372 εὐεργεσίας
1033 5297 1318 5365 καταλέγει
1347 5297 1565 5368 τρόπον.
1612 5295 1795 5349 Ταῦτα

227 5394 288 5446 δέ
317 5395 432 5446 ἐστι
461 5392 530 5444 τὰ
579 5390 907 5462 περιστάντα
942 5389 1088 5442 δεινά
1135 5389 1259 5450 τοὺς
1287 5385 1530 5457 ἐχθρούςο
1555 5385 1590 5456 ἦ
1621 5401 1682 5438 τε
1716 5388 1795 5448 είς

231 5479 373 5553 αἷμα
410 5478 680 5553 μεταϐολὴ
715 5477 809 5531 τοῦ
849 5475 1117 5547 ποταμοῦ,
1150 5475 1243 5529 καὶ
1271 5475 1305 5544 ὴ
1327 5473 1612 5542 κυνόμυια,
1645 5472 1738 5525 καὶ
1766 5471 1796 5524 ό

232 5571 523 5640 βάτραχος,
552 5569 644 5620 καὶ
669 5569 701 5637 ὴ
726 5566 975 5638 ἐρυσίϐη,
997 5565 1090 5620 καὶ
1114 5566 1146 5636 ὴ
1178 5565 1359 5635 ἀκρὶς,
1392 5563 1538 5633 καὶὴ
1564 5561 1791 5630 χάλαζα,

231 5662 324 5713 καὶ
365 5662 398 5730 ἡ
426 5661 626 5730 πάχνη,
663 5661 753 5712 καὶ
779 5659 839 5712 τὸ
866 5658 996 5729 πῦρ,
1029 5658 1122 5711 καὶ
1149 5658 1182 5727 ἡ
1206 5656 1313 5709 τῶν
1351 5657 1598 5726 πονηρῶν
1627 5655 1792 5722 amt-

230 5754 337 5805 λων
369 5752 659 5823 ἀποστολὴ·
697 5752 788 5806 καὶ
815 5752 880 5806 τὰ
912 5751 1070 5805 λοιπὰ
1113 5750 1269 5822 μέχρι
1307 5751 1402 5822 τῆς
1441 5750 1546 5804 τῶν
1593 5765 1795 5822 πρωτοσ-

210 5845 405 5900 ⁶τόκων
430 5843 721 5907 ἀπωλείας.

1893 4575 2186 4622 vertentem
2225 4582 2283 4621 se
2319 4566 2385 4620 ad
2411 4566 2785 4635 paenitentiam
2811 4610 2827 4634 ,
2875 4579 2935 4624 ut
2975 4582 3244 4640 quaereret
3275 4572 3443 4629 Deum

1891 4676 1957 4715 ex
1996 4669 2106 4716 tota
2146 4660 2349 4714 anima.
2382 4659 2536 4714 Nulla
2585 4661 2746 4732 igitur
2795 4661 2898 4716 alia
2929 4661 2998 4718 de
3028 4678 3192 4720 causa
3227 4667 3452 4721 misera-

1897 4762 1983 4806 tus
2008 4760 2167 4806 estet
2199 4751 2408 4806 salvum
2455 4751 2584 4807 fecit
2646 4753 2823 4816 illum,
2876 4755 2978 4809 nisi
3042 4767 3260 4824 pr0pter
3291 4773 3448 4812 suam

1897 4840 2072 4895 solum
2102 4839 2462 4894 clementiam.
2513 4840 2692 4907 Quare
2731 4844 2883 4913 prius
2929 4844 3109 4898 dixit:
3161 4845 3281 4916 Ipse
3311 4849 3452 4902 enim

1899 4931 2175 4983 miserator
2195 4939 2245 4982 et
2277 4930 2595 4984 misericors.

1967 5022 2056 5088 42,
2084 5021 2174 5076 49.
2212 5020 2335 5075 Non
2363 5034 2482 5077 sunt
2521 5023 2783 5078 recordati
2825 5041 3013 5079 manus
3053 5024 3187 5094 ejus,
3233 5027 3318 5079 die
3343 5044 3446 5097 qua

1899 5115 2115 5168 redemit
2146 5130 2231 5170 eos
2259 5114 2322 5169 de
2347 5131 2505 5169 manu
2546 5117 2873 5172 tribulantis.
2902 5115 3194 5186 Postquam
3227 5136 3452 5174 eumne-

1899 5208 2039 5260 ravit
2091 5205 2234 5260 bona
2291 5206 2346 5261 in
2400 5207 2537 5262 mari
2585 5216 2639 5262 et
2682 5209 2736 5262 in
2772 5210 2988 5264 deserto
3045 5210 3178 5280 ipsis
3229 5212 3452 5278 collata,

1899 5299 2067 5352 alium
2110 5306 2354 5352 recenset
2383 5297 2769 5353 beneﬁciorum
2816 5299 3060 5355 modum.
3104 5299 3227 5355 Haec
3273 5311 3449 5356 autem

1900 5397 2028 5444 sunt
2060 5388 2200 5443 mala
2234 5389 2472 5444 inimicis
2513 5389 2680 5454 illata,
2718 5390 2926 5445 scilicet
2953 5391 3182 5445 mutatio
3209 5391 3452 5447 ﬂuminis

1899 5481 1955 5535 in
2019 5480 2358 5550 sanguinem,
2389 5481 2694 5551 cynomyia,
2731 5495 2898 5546 ranae,
2945 5496 3146 5551 atrugo,
3199 5482 3406 5536 locusta
3435 5523 3450 5544 ,

1899 5572 2125 5640 grando,
2149 5572 2364 5641 pruina,
2401 5572 2562 5642 ignis,
2612 5571 2878 5626 immissio
2911 5569 3224 5638 angelorum
3276 5573 3450 5624 maln-

1901 5679 2056 5726 rum,
2118 5672 2171 5719 et
2220 5663 2428 5733 reliqua
2463 5677 2634 5731 usque
2684 5662 2750 5717 ad
2795 5661 3280 5732 primogenitorum
3331 5661 3452 5716 exi-

1900 5756 2055 5810 tium.
