4070 6462
588 391 695 449 555

591 593 789 664 inquit,
823 591 1141 662 mysterium
1178 587 1324 658 agni.
1354 588 1558 640 exitum
1600 583 1748 635 dedit
1789 583 1901 644 ira:,
1942 588 2000 631 ut
2046 592 2140 645 po-

594 688 774 754 pulum
806 697 964 737 suum
1000 677 1530 749 praetergrederetur,
1565 684 1614 727 et
1641 688 1706 725 ne
1739 671 2022 739 attingeret
2048 682 2142 721 eos

591 776 680 844 qui
705 776 820 841 ejus
852 771 1163 842 mysterium
1201 769 1553 821 celebrarent.
1607 763 1710 817 Sed
1759 777 1882 816 cum
1914 759 2145 814 custodi-

593 875 674 920 ret
698 881 792 920 eos
826 863 1006 917 dando
1034 861 1278 914 semitam
1313 859 1406 911 irae
1438 871 1582 920 suae,
1626 854 1913 908 animabus
1932 866 2138 911 eorum,

594 956 800 1011 scilicet
832 951 1229 1020 Egyptiorum,
1271 965 1370 999 non
1399 947 1622 1015 pepercit
1665 962 1697 997 a
1732 953 1930 1004 marte;
1979 941 2143 995 tradi--

593 1047 673 1102 dit
702 1047 846 1100 enim
875 1041 1303 1097 exterminatori.

665 1139 752 1194 54.
782 1137 844 1189 Et
874 1136 1080 1189 induxit
1110 1149 1194 1185 eos
1221 1135 1269 1183 in
1296 1140 1519 1183 montem
1550 1128 1988 1196 sanctiﬁcationis
2019 1141 2146 1178 sum.

596 1230 889 1285 Jerusalem
923 1229 997 1280 ait
1020 1236 1073 1280 et
1109 1225 1366 1294 templum
1406 1234 1589 1292 postea
1623 1224 1674 1274 in
1712 1222 1798 1274 illa
1832 1220 2146 1273 excitatum.

600 1322 824 1374 Montem
877 1320 1013 1370 hunc
1058 1333 1208 1386 quem
1263 1317 1537 1384 acquisivit
1585 1314 1798 1365 dextera
1850 1311 1983 1378 ejus.
2035 1308 2151 1376 Ipse

599 1429 835 1482 namque
864 1411 1112 1464 Christus
1138 1417 1237 1472 est,
1273 1408 1491 1460 dextera
1525 1404 1720 1467 Patris,
1749 1403 1840 1471 qni
1871 1401 1998 1454 olim
2030 1409 2153 1452 ante

599 1507 854 1574 p0pnlum
884 1503 1184 1563 incedebat,
1215 1509 1267 1553 et
1297 1508 1444 1554 sorte
1485 1498 1631 1551 dedit
1684 1497 1764 1550 eis
1801 1507 1997 1550 terram
2034 1508 2156 1563 pro-

600 1596 898 1650 missionis.
937 1593 1005 1646 Et
1043 1594 1192 1661 ejecit
1245 1609 1276 1644 a
1320 1592 1453 1658 facie
1506 1605 1687 1642 eorum
1740 1597 1935 1656 gentes.
1966 1586 2158 1639 Amor-

603 1691 829 1744 rlizeum.
880 1687 1178 1740 Chettaeum
1211 1726 1225 1748 ,
1272 1693 1325 1737 et
1365 1683 1456 1751 qui
1506 1686 1902 1749 consequenter
1935 1689 2159 1731 enume-

603 1790 813 1834 rantur.
853 1778 922 1831 Et
955 1787 1092 1831 sorte
1122 1777 1299 1828 divisit
1334 1776 1406 1826 eis
1438 1785 1631 1826 terram
1673 1773 1724 1824 in
1771 1768 2004 1838 funiculo
2043 1768 2156 1818 dis-

1433 379 1489 432 S.
1532 372 1897 431 ATliANASiI
1938 370 2085 424 OPP.
2126 366 2304 420 PARS
2345 370 2430 424 Ill.
2475 401 2541 409 —-
2580 369 2988 424 EXEGETICA.

661 503 748 556 50.
785 499 932 554 Viam
971 499 1089 567 fecit
1131 496 1329 549 semitae
1369 495 1462 546 inc
1495 507 1622 544 suat.
1659 490 1795 543 Cum
1849 488 2083 542 dedisset
2116 522 2130 545 ,
2163 487 2212 541 Α

3692 370 3798 428 556

2318 484 2659 551 Ὠδοποιήσε
2702 487 2898 549 τρίϐον
2950 484 3022 550 τῇ
3070 484 3216 552 ὀργῇ
3258 488 3459 538 αυτοῦ.
3509 485 3804 548 Δεδωκὼς.

2244 577 2393 644 φησὶ,
2443 577 2533 628 τοῦ
2567 577 2736 645 ἀμνοῦ
2777 577 2838 627 τὸ
2890 578 3214 645 μυστήριον,
3258 576 3483 640 διέξοδον
3514 577 3712 628 δέδωκε
3739 580 3806 645 τῇ

2243 666 2396 734 ὀργῇ,
2434 669 2578 728 ὅπως
2604 667 2692 718 τὸν
2723 666 2885 718 αὑτοῦ
2920 666 3156 735 παρέλθῃ
3186 666 3310 718 λαὸν
3330 707 3343 727 ,
3377 667 3468 717 καὶ
3507 668 3578 736 μὴ
3605 668 3810 736 ἅψηται

2245 758 2350 809 τῶν
2396 758 2556 810 αὑτοῦ
2602 757 2892 809 τελούντων
2925 759 2983 809 τὸ
3021 759 3333 827 μυστήριον.
3376 757 3533 810 Ἀλλὰ
3571 759 3812 825 φυλάξας

2244 847 2460 910 τούτους
2499 848 2586 900 διὰ
2625 848 2716 900 τοῦ
2761 849 2935 911 ἔξοδον
2975 847 3154 900 δοῦναι
3204 851 3266 917 τῇ
3303 849 3468 918 ὀργῇ,
3499 850 3674 901 αὐτῶν
3705 851 3814 901 τῶν

2246 939 2451 1008 ψυχῶν,
2485 939 2683 1009 δηλαδὴ
2726 940 2831 991 τῶν
2873 940 3213 1006 Αἰγυπτίων,
3248 941 3358 992 οὐκ
3388 940 3668 1007 ἐφείσατο
3696 940 3814 994 ἀπὸ

2248 1027 2524 1081 θανάτου·
2550 1027 2828 1097 παρέδωκε
2857 1028 2962 1097 γὰρ
2996 1029 3072 1097 τῷ
3105 1026 3472 1096 ἐξολοθρευτῇ.

2318 1118 2423 1169 Kal
2460 1117 2775 1185 εἰσήγαγεν
2799 1117 3017 1182 αὐτοὺς
3038 1121 3122 1182 εὶς
3150 1117 3285 1185 ὅρος
3319 1117 3683 1186 ἀγιάσματος
3714 1120 3819 1170 αὐ-

2249 1208 2373 1261 τοῦ.
2413 1209 2760 1279 Ἰερουσαλήμ
2786 1227 2916 1278 φησι
2943 1210 3036 1261 καὶ
3061 1210 3146 1259 τὸν
3183 1209 3317 1276 μετὰ
3345 1209 3516 1262 ταῦτα
3538 1209 3822 1279 οίκώμη-

2252 1297 2408 1349 θέντα
2453 1300 2508 1349 ἐν
2551 1299 2684 1367 αὐτῇ
2735 1299 2878 1351 ναόν.
2929 1300 3094 1365 Ὄρος
3140 1298 3313 1350 τοῦτο
3358 1298 3387 1350 ὃ
3431 1298 3729 1362 ἐκτήσατο
3780 1299 3819 1364 ή

2252 1390 2418 1451 δεξιὰ
2462 1389 2663 1442 αὑτοῦ.
2707 1389 2875 1452 Αὐτὸς
2905 1391 3024 1461 γάρ¹
3057 1390 3203 1441 ἐστιν
3245 1391 3270 1441 ὁ
3312 1390 3541 1460 Χριστὸς
3592 1391 3623 1459 ἡ
3671 1388 3823 1452 δεξιὰ

2253 1481 2345 1533 τοῦ
2396 1482 2625 1552 Πατρὸς,
2663 1484 2690 1533 ὁ
2719 1482 2810 1534 καὶ
2847 1481 3009 1533 πάλαι
3038 1481 3505 1550 προπορευόμενος
3543 1480 3633 1533 τοῦ
3667 1479 3822 1545 λαοῦ,

2257 1574 2346 1624 καὶ
2375 1572 2845 1642 κατακληροδοτῶν
2873 1573 3050 1632 αὐτοῖς
3078 1572 3174 1640 τῆς
3211 1570 3540 1638 ἐπαγγελίας
3565 1572 3662 1639 τὴν
3695 1571 3822 1639 γῆν.

2259 1665 2364 1717 Καὶ
2414 1665 2698 1727 ἐξέϐαλεν
2739 1664 2854 1718 ἀπὸ
2907 1663 3223 1730 προσώπου
3271 1662 3465 1717 αὐτῶν
3506 1665 3667 1729 ἔθνη.
3721 1665 3826 1716 Τὸν

2273 1756 2590 1826 Ἀμορῤαῖον
2620 1756 2713 1807 καὶ
2746 1756 2834 1806 τὸν
2866 1757 3121 1807 Χετταῖον
3142 1795 3155 1817 ,
3202 1756 3290 1806 καὶ
3326 1756 3449 1817 τοὺς
3486 1755 3618 1823 ἑξῆς
3639 1755 3801 1825 δηλου

605 1872 925 1924 tributionis.
977 1868 1226 1936 Expulsis
1275 1881 1337 1919 ac
1392 1864 1584 1917 deletis
1624 1837 1826 1930 septem
1888 1859 2154 1929 gentibus.
2194 1838 2197 1888 1

2274 1850 2471 1916 αένους.
2521 1848 2627 1902 Καὶ
2673 1847 3152 1914 ἑκληροδότησεν
3195 1848 3412 1911 αὐτοὺς
3457 1848 3526 1899 ἐν
3577 1849 3829 1915 σχοινίῳ

605 1962 737 2018 Nam
760 1964 1041 2032 pulsorum
1072 1960 1232 2014 urbes
1264 1960 1564 2026 domosque
1598 1954 1976 2025 possederunt.

677 2221 764 2276 56.
805 2219 869 2273 Et
913 2226 1233 2272 tentaverunt
1280 2224 1325 2267 et
1377 2211 1816 2266 exacerbarerttnt
1861 2211 2027 2264 Deum
2069 2227 2152 2264 c.17-

611 2311 820 2365 celsum.
868 2307 1249 2368 ldololatriam,
1276 2321 1396 2373 qua:
1433 2303 1679 2372 judicum
1718 2311 1770 2354 et
1801 2317 1985 2371 regum
2032 2311 2165 2355 tcm-

611 2415 736 2469 pore
787 2398 1001 2451 inducta
1036 2395 1154 2453 fuit.
1201 2404 1435 2447 enarrat.
1481 2392 1548 2444 Et
1577 2393 1874 2443 testimonia
1911 2390 2021 2458 ejus
2066 2408 2167 2445 non

612 2485 988 2540 custodierunt.

683 2576 772 2630 57.
827 2575 890 2626 Et
925 2578 1220 2625 averterunt
1270 2586 1355 2634 se,
1403 2584 1505 2620 non
1545 2577 1873 2622 servaverunt
1918 2579 2166 2636 pactum,

610 2666 1046 2738 quemadmodum
1078 2675 1251 2732 patres
1286 2677 1532 2714 eorum...
1579 2659 2042 2725 Quemadmodum
2079 2676 2172 2728 pa-

613 2767 724 2810 tres
760 2771 977 2818 eorum,
1010 2755 1111 2814 ait,
1143 2755 1194 2804 in
1233 2752 1476 2811 deserto,
1519 2750 1853 2816 redemptore
1887 2749 2168 2816 abnegato,

615 2849 840 2905 vitulum
875 2847 1155 2901 fecerunt:
1193 2840 1262 2897 ita
1311 2853 1362 2897 et
1400 2843 1487 2896 isti
1522 2842 1717 2895 erectis
1755 2840 1936 2894 vitulis
1964 2840 2172 2894 sacrili-

616 2943 831 3002 cabant,
865 2939 972 2993 Deo
1003 2937 1279 2992 derelicto.

685 3029 772 3082 58.
820 3027 882 3078 In
907 3028 1040 3077 iram
1078 3025 1466 3076 concitaverunt
1489 3038 1604 3074 eum
1632 3022 1684 3073 in
1716 3021 1936 3074 collibus
1961 3024 2090 3076 suis.
2117 3021 2174 3075 In

2259 1939 2678 2006 κληροδοσίας.
2723 1938 2906 1991 Αὐτῶν
2951 1939 3057 1990 τῶν
3089 1939 3446 2002 ἐξελαθέντων
3493 1939 3584 1990 καὶ
3626 1941 3831 2007 ἀνῃρη-

2268 2030 2438 2098 μένων
2465 2030 2601 2081 έπτὰ
2629 2029 2813 2082 ἐθνῶν.
2846 2030 2954 2091 Τὰς
2980 2031 3087 2098 γὰρ
3117 2030 3298 2092 πόλεις
3327 2031 3504 2082 αὐτῶν
3533 2029 3641 2082 τῶν
3670 2028 3829 2080 ἐκϐε-

2264 2121 2540 2189 ϐλημένων
2569 2122 2658 2172 καὶ
2690 2122 2814 2183 τοὺς
2848 2120 3026 2183 οἴκους
3058 2120 3514 2191 ἐκληρονόμησαν.

2332 2213 2437 2265 Kal
2460 2213 2783 2279 ἐπείρασαν
2811 2213 2908 2265 καὶ
2937 2215 3385 2280 παρεπίκραναν
3411 2213 3516 2265 τὸν
3546 2211 3698 2265 Θεὸν
3725 2211 3836 2263 τὸν

2266 2303 2543 2370 ὕψιστον.
2581 2303 2689 2372 Τὴν
2731 2303 2819 2354 ἐπὶ
2850 2302 2956 2354 τῶν
3001 2301 3200 2371 κριτῶν
3230 2302 3524 2371 γενομένην
3554 2301 3838 2353 εἰδωλολα-

2266 2389 2446 2460 τρείαν
2497 2391 2783 2459 σημαίνει,
2833 2391 2928 2442 καὶ
2970 2391 3067 2461 τὴν
3104 2392 3195 2442 ἐπὶ
3241 2391 3347 2442 τῶν
3397 2390 3696 2459 βασιλειῶν.
3723 2390 3834 2444 Kal

2269 2482 2337 2534 τὰ
2364 2484 2652 2549 μαρτύρια
2683 2482 2866 2534 αὑτοῦ
2906 2484 3016 2534 οὐκ
3045 2482 3442 2550 ἐφυλάξαντο.

2340 2574 2447 2627 Καὶ
2480 2573 2888 2642 ἀπέστρεψαν,
2926 2570 3021 2626 καὶ
3068 2574 3390 2641 ἠθέτησαν,
3424 2574 3618 2639 καθὼς
3653 2573 3750 2626 καὶ
3782 2575 3838 2626 οι

2271 2664 2516 2731 πατέρες
2558 2665 2773 2717 αὐτῶν.
2812 2666 3018 2734 ’Ὠσπερ
3049 2667 3097 2717 ol
3144 2667 3375 2737 πατέρες
3413 2666 3611 2725 αὐτῶν,
3651 2665 3836 2735 φησιν,

2273 2757 2328 2806 ὲν
2356 2758 2419 2824 τῇ
2453 2756 2642 2826 ἐρήμῳ
2687 2756 2777 2807 τὸν
2825 2758 3022 2826 μόσχον
3064 2758 3410 2824 πεποιήκασι,
3445 2757 3534 2807 τὸν
3561 2757 3841 2827 λυτρωτὴν

2275 2845 2667 2915 ἀρνησάμενοιο
2715 2845 2857 2898 οὕτω
2903 2847 2996 2900 καὶ
3040 2839 3180 2899 οὗτοι
3235 2848 3394 2900 πάλιν
3439 2848 3539 2910 τὰς
3580 2847 3843 2918 δαμάλεις

2275 2936 2556 2998 ἀναθέντες
2587 2936 2760 2999 έθυον,
2794 2937 3246 3004 ἐγκαταλιπόντες
3267 2938 3416 2991 Θεόν.

2347 3030 2453 3082 Kal
2489 3026 2866 3096 παρώργισαν
2893 3029 3076 3081 αὐτὸν
3102 3031 3171 3081 ἐν
3202 3031 3322 3094 τοῖς
3348 3031 3601 3096 βουνοῖς
3621 3029 3839 3084 αὐτῶν.

619 3122 871 3174 omnibus
911 3119 1053 3172 enim
1097 3117 1360 3170 montium
1408 3115 1781 3169 cacuminibus
1829 3115 2176 3167 immolabant

2291 3119 2414 3171 Ἐπὶ
2465 3119 2643 3170 πᾶσαν
2701 3120 2808 3189 γὰρ
2870 3121 3110 3190 κορυφὴν
3153 3121 3310 3190 ὅρους
3358 3125 3466 3184 τοῖς
3515 3122 3848 3192 ἀκαθάρτοις

618 3211 977 3273 daemonibus,
1015 3217 1074 3261 ut
1100 3208 1173 3260 ait
1202 3205 1371 3260 Oseas
1403 3205 1665 3274 propheta
1688 3204 1755 3257 ³⁷.

689 3304 777 3357 59.
805 3303 1018 3354 Audiuit
1050 3299 1188 3351 Deus
1219 3308 1266 3350 et
1298 3298 1510 3364 sprevit,
1551 3306 1599 3348 et
1632 3297 1699 3348 ad
1729 3296 1948 3349 nihilum
1983 3297 2176 3366 redegit

621 3396 770 3449 valde
802 3393 990 3447 Israel.
1012 3391 1218 3446 Traditi
1245 3391 1388 3442 enim
1416 3395 1542 3442 sunt.
1565 3389 1729 3442 variis
1758 3388 2176 3441 captivitatibus.

692 3574 780 3628 60.
803 3573 866 3626 Et
899 3571 1086 3639 repulit
1123 3569 1511 3622 tabernaculum
1542 3566 1728 3622 Silom.
1761 3565 1816 3619 In
1846 3564 2012 3618 Silom
2037 3564 2180 3618 enim

624 3675 742 3719 erat
775 3667 924 3734 prius
955 3662 1386 3722 tabernaculum,
1421 3675 1528 3728 quo
1555 3671 1795 3726 tempore
1823 3657 2179 3712 sacerdotium

627 3758 946 3812 exercebant
975 3753 1089 3807 Heli
1133 3763 1186 3806 et
1215 3751 1452 3804 Samuel.
1488 3747 1898 3802 Tabernaculum
1925 3747 2012 3798 ubi
2043 3747 2184 3798 habi-

628 3848 755 3901 tavit
785 3849 835 3899 in
863 3843 1181 3897 hominibus.
1207 3839 1635 3894 Tabernaculum
1671 3839 1800 3892 dicit
1827 3852 2029 3902 arcam,
2065 3851 2185 3905 quae

630 3936 940 3990 hominibus
973 3933 1078 3986 illis
1107 3939 1287 4001 erepta
1321 3938 1422 3994 est,
1452 3945 1480 3983 a
1516 3929 1756 3998 quinque
1791 3927 2040 3997 satrapiis
2066 3940 2185 3996 quae

627 4029 967 4085 abstulerunt
1005 4025 1171 4078 illam.

699 4121 787 4173 61.
830 4117 897 4170 Et
939 4115 1156 4169 tradidit
1195 4115 1248 4166 in
1285 4113 1642 4181 captivitatem
1694 4111 1940 4164 virtutem
1986 4124 2186 4172 eorum,

631 4222 679 4268 et
712 4206 1155 4279 pulchritudinem
1191 4220 1392 4257 eorum.
1425 4201 1608 4256 Virtus
1639 4210 1690 4255 et
1715 4199 2059 4270 pulchritudo
2098 4214 2187 4252 eo-

635 4319 755 4358 rum
776 4310 890 4357 erat
912 4314 1056 4363 arca,
1080 4313 1199 4367 quae
1221 4295 1415 4350 tradita
1443 4302 1525 4349 est
1548 4294 1600 4347 in
1626 4308 1820 4346 manus
1849 4291 2188 4344 Azotiorum.

2279 3211 2429 3265 ἔθυον
2457 3214 2722 3284 δαίμοσιν,
2750 3213 2824 3275 ὡς
2857 3213 2883 3264 ὁ
2916 3214 3194 3282 προφήτης
3236 3213 3390 3282 Ὠσηέ
3421 3231 3602 3282 φησιν.

2351 3305 2641 3357 Ἤκουσεν
2668 3307 2698 3356 ὀ
2729 3302 2870 3368 Θεὸς
2904 3303 3000 3355 καὶ
3032 3301 3319 3369 ὑπερεῖδε,
3351 3304 3444 3356 καὶ
3475 3304 3850 3367 ἐξουδένωσε

2278 3393 2510 3460 σφόδρα
2564 3392 2818 3459 Ἰσραήλ.
2864 3391 3243 3462 Παρεδόθησαν
3282 3392 3388 3462 γὰρ
3437 3395 3514 3455 εἰς
3561 3394 3854 3466 διαφόρους

2280 3484 2666 3553 αἰχμαλωσίας.

2349 3575 2456 3626 Kal
2489 3573 2769 3627 ἀπώσατο
2817 3572 2929 3641 τὴν
2974 3574 3216 3643 σκηνὴν
3256 3575 3487 3645 Σηλώμ.
3530 3576 3618 3630 Ἑν
3646 3576 3848 3648 Σηλὼμ

2282 3664 2387 3734 γὰρ
2429 3659 2495 3733 ἦν
2558 3663 2618 3715 τὸ
2672 3664 2931 3734 πρότερον
2981 3666 3012 3733 ἠ
3066 3665 3274 3735 σκηνὴ,
3324 3666 3485 3735 ἡνίκα
3533 3666 3856 3735 ίεράτευσαν

2294 3754 2439 3806 Ἠλεὶ
2467 3755 2558 3806 καὶ
2588 3754 2853 3823 Σαμουὴλ.
2890 3753 3179 3821 Σκήνωμα
3217 3755 3246 3806 ὃ
3290 3755 3754 3823 κατεσκήνωσεν
3786 3759 3858 3810 ἐν

2284 3844 2627 3913 ἀνθρώποις.
2661 3846 2930 3914 Σκήνωμα
2955 3845 3053 3913 τὴν
3091 3845 3318 3898 κιϐωτόν
3352 3863 3546 3918 φησιν,
3577 3847 3722 3918 ἥπερ
3749 3849 3858 3901 ἀπὸ

2286 3935 2391 3987 τῶν
2420 3933 2717 4004 ἀνθρώπων
2755 3934 2976 3987 ἐκείνων
3009 3936 3289 4007 ἀφῄρηται
3323 3937 3427 3990 τῶν
3462 3938 3622 3991 πέντε
3651 3955 3856 4010 σατρα-

2289 4025 2452 4077 πειῶν
2483 4025 2587 4077 τῶν
2616 4024 2888 4077 λαόουσῶν
2915 4026 3102 4095 αὑτήν.

2359 4117 2467 4171 Kal
2519 4117 2858 4185 παρέδωκεν
2907 4120 2992 4183 είς
3042 4120 3455 4186 αἰχμαλωσίαν
3510 4119 3624 4188 τὴν
3673 4124 3862 4191 ἰσχὺν

2291 4209 2518 4273 αὐτῶν,
2567 4210 2664 4262 καὶ
2708 4210 3021 4277 καλλονὴν
3073 4210 3290 4264 αὐτῶν.
3334 4213 3506 4281 Ἰσχὺς
3547 4214 3725 4267 αὐτῶν
3764 4217 3861 4268 καὶ

2297 4303 2400 4372 μὴν
2429 4302 2521 4354 καὶ
2550 4300 2779 4372 καλλονή
2804 4303 2836 4372 ἡ
2872 4300 3100 4363 κιϐωτὸς
3121 4297 3189 4372 ἦν
3221 4303 3255 4373 ἢ
3290 4304 3643 4374 παραδέδοται
3685 4305 3862 4368 Ἀζω-

2295 4394 2422 4445 τίων
2451 4393 2528 4454 είς
2556 4395 2758 4462 χεῖρας.

706 4500 795 4553 62.
834 4498 897 4551 Et
930 4496 1180 4551 conclusit
1230 4496 1282 4548 in
1329 4493 1505 4564 gladio
1543 4491 1790 4560 populum
1833 4505 2004 4542 suum.
2054 4487 2190 4542 Cum

2361 4484 2470 4538 Kal
2492 4484 2884 4538 συνέκλεισεν
2911 4486 2995 4549 εἰς
3017 4486 3321 4553 ,ῥομφαίαν
3341 4487 3445 4540 τὸν
3468 4487 3622 4540 λαὸν
3646 4489 3859 4544 αὑτοῦ.

639 4592 961 4644 ducerentur
994 4589 1137 4642 enim
1178 4587 1232 4639 in
1263 4585 1627 4653 captivitatem
1675 4581 2062 4642 moriebantur,
2103 4593 2196 4631 ne—

640 4681 785 4734 mine
832 4679 1160 4741 auxiliante,
1207 4677 1333 4744 quia
1367 4672 1665 4727 familiares
1696 4686 1884 4726 eorum
1938 4671 2058 4740 igne
2102 4668 2196 4721 ab-

641 4771 840 4837 sumpti
879 4767 1112 4821 fuerant.

712 4859 801 4912 64.
844 4857 1149 4912 Sacerdotes
1185 4869 1363 4908 eorum
1392 4855 1444 4905 in
1471 4852 1646 4922 gladio
1674 4851 1988 4904 ceciderunt.
2035 4848 2200 4904 Filios

646 4951 760 5006 Heli
805 4947 1100 5004 sacerdotis
1134 4947 1263 5000 dicit
1299 4943 1402 4999 :Et
1444 4946 1612 4998 vidua:
1654 4959 1833 4997 eorum
1875 4957 1979 4994 non
2019 4941 2200 5010 plora-

649 5046 858 5096 buntur.
904 5039 1184 5092 Perierunt
1218 5038 1362 5091 enim
1404 5036 1589 5089 eodem
1637 5035 1804 5089 exitio
1827 5073 1841 5094 ,
1877 5041 2038 5101 atque
2069 5032 2200 5085 viris

651 5134 705 5187 in
737 5139 907 5184 morte
940 5127 1241 5194 conjunctae
1273 5133 1431 5187 sunt,
1476 5139 1648 5192 neque
1687 5121 1938 5191 lacrymis
1973 5131 2030 5174 ut
2068 5121 2206 5176 solet

653 5228 708 5281 in
737 5223 964 5279 mortuis
996 5225 1106 5273 lien
1138 5218 1424 5287 deplorata:
1453 5225 1599 5271 sunt.

725 5314 813 5368 66.
858 5311 924 5364 Et
952 5308 1203 5380 percussit
1242 5307 1478 5360 inimicos
1509 5322 1628 5358 suos
1659 5306 1714 5357 in
1739 5305 2051 5373 posteriora.
2094 5303 2208 5359 Hoc

656 5407 731 5462 ait
765 5405 893 5476 quia
932 5401 1150 5455 Azotios
1184 5407 1236 5451 et
1268 5397 1606 5452 Ascalonitas
1658 5397 1711 5449 in
1755 5395 2037 5464 podicibus
2082 5411 2204 5464 per-

656 5499 844 5561 cussit,
870 5496 1042 5548 donec
1067 5489 1401 5545 remitterent
1428 5503 1631 5542 arcam.

729 5587 817 5642 67.
861 5585 924 5640 Et
954 5584 1139 5652 repulit
1167 5580 1558 5636 tabernaculum
1588 5578 1800 5649 Ioseph.
1844 5576 1956 5636 Hoc
1981 5579 2054 5634 ait
2083 5578 2209 5649 quia

767 5789 807 5818 "
848 5786 970 5843 Ose.
1013 5804 1085 5852 κι,
1129 5786 1213 5844 ιε.

2309 4577 2584 4647 Ἀγόμενοι
2611 4577 2720 4648 γὰρ
2753 4576 3100 4647 αἰχμάλωτοι,
3125 4578 3483 4647 ἀπέθνησκον,
3517 4580 3726 4642 οὐδενὸς
3761 4583 3860 4634 αὑ-

2297 4671 2407 4730 τοῖς
2454 4667 2900 4738 ἐπικουροῦντος,
2943 4666 3029 4720 διὰ
3073 4668 3134 4720 τὸ
3173 4670 3672 4740 πρώεδαπανῆσθαι
3727 4675 3865 4744 πυρὶ

2299 4760 2422 4821 τοὺς
2455 4758 2786 4829 ἐπιτηδείους
2814 4759 3010 4813 αὐτῶν.

2373 4855 2436 4903 Ol
2469 4850 2641 4918 ἱερεῖς
2672 4849 2868 4904 αὐτῶν
2897 4852 2966 4904 ἐν
2981 4853 3243 4920 ῥομφαίᾳ
3274 4853 3515 4907 ἔπεσον.
3545 4854 3683 4916 Τοὺς
3715 4855 3868 4916 υἱοὺς

2316 4941 2462 4994 Ἠλεὶ
2504 4940 2598 4993 τοῦ
2646 4941 2833 5011 ἱερέως
2879 4942 3046 5010 λέγει.
3079 4942 3187 4995 Kal
3233 4945 3290 4995 al
3340 4941 3518 5010 χῆραι
3551 4941 3749 4996 αὐτῶν
3789 4947 3865 4997 οὐ

2304 5031 2759 5095 κλαυθήσονται.
2788 5031 3164 5084 Συνδιολώλασι
3185 5032 3292 5104 γὰρ
3315 5035 3378 5102 τῇ
3407 5033 3581 5085 αὐτῶν
3599 5033 3865 5104 ἀπωλείᾳ,

2305 5123 2500 5192 καὶτῷ
2538 5122 2644 5175 τῶν
2688 5122 2892 5194 ἀνδρῶν
2932 5122 3142 5193 θανάτῳ
3176 5123 3547 5195 συνήφθησαν,
3593 5125 3725 5195 μηδὲ
3757 5124 3866 5177 τῶν

2307 5216 2398 5266 ἐπὶ
2424 5218 2632 5286 νεκροῖς
2657 5216 2966 5281 ἀξιωθεῖσαι
2989 5217 3254 5287 δακρύων.

2377 5305 2484 5359 Kal
2511 5305 2771 5370 ἐπάταξε
2798 5306 2938 5373 τοὺς
2971 5306 3220 5375 ἐχθροὺς
3245 5306 3427 5360 αὑτοῦ
3452 5309 3537 5370 εις
3561 5305 3630 5359 τὰ
3653 5306 3866 5358 ὀπίσω.

2309 5395 2477 5448 Τοῦτό
2525 5412 2654 5465 φησι
2691 5397 2776 5449 διὰ
2819 5397 2878 5450 τὸ
2920 5398 3202 5462 Ἀζωτίους
3237 5398 3329 5450 κα).
3365 5396 3759 5457 Ἀσκαλωνίτας
3792 5397 3872 5458 εἰς

2308 5487 2406 5551 τὰς
2427 5489 2585 5559 ἕδρας
2610 5489 2864 5555 πατάξαι,
2890 5489 3046 5561 ἄχρις
3073 5484 3132 5543 οὗ
3151 5489 3248 5558 τὴν
3274 5487 3501 5542 κιόωτὸν
3524 5487 3870 5540 ἀπέστειλαν.

2389 5578 2493 5633 Kal
2539 5577 2814 5635 ἀπώσατο
2859 5581 2923 5633 τὸ
2952 5580 3235 5649 σκήνωμα
3278 5577 3506 5648 Ἰωσήφ.
3543 5577 3712 5631 Τοῦτό
3741 5593 3869 5646 φησι
