4070 6438
191 371 299 423 557

1227 360 1590 416 EXPOSITIO
1623 359 1685 414 IN
1722 361 2054 416 PSALSIU.“
2099 361 2377 414 LXXVIII.

3331 361 3432 416 558

190 491 277 542 διὰ
322 488 380 538 τὸ
419 486 515 556 τὴν
555 483 751 554 Σηλὼμ
801 484 857 535 ἐν
902 484 968 552 τῇ
1008 481 1181 552 μερίδι
1228 477 1363 533 εἶναι
1405 481 1497 533 τοῦ
1548 481 1762 549 Ἰωσήφ·

1873 480 2039 532 Silom
2070 490 2186 533 erat
2223 481 2274 533 in
2313 480 2557 548 portione
2585 478 2816 549 Josepb;
2853 479 3104 549 Ephraim
3154 490 3332 534 autem
3371 482 3433 535 ti-

203 577 443 646 Ἐφραῒμ
469 576 524 627 δὲ
558 575 671 636 υἱὸς
711 573 924 640 Ἰωσήφ.

261 668 373 721 Καὶ
415 665 733 730 ἐξελέξατο
789 665 902 730 τὴν
949 663 1152 731 φυλὴν
1207 663 1418 718 Ἰούδα.
1479 662 1610 715 Ἀπὸ
1657 661 1765 732 γὰρ

189 760 394 830 ταύτης
437 759 564 820 τοὺς
616 757 867 827 βασιλέας
915 757 1186 827 ἐποίησεν,
1219 750 1293 809 ὧν
1327 756 1538 826 πρῶτος
1582 755 1762 807 Δαυΐδ.

203 852 404 903 Ἱστέον
449 850 539 914 δὲ,
589 850 663 910 ὡς
710 849 881 918 φυλὴν
925 849 1044 900 ἀντὶ
1094 848 1262 917 φυλῆς
1314 847 1624 912 ἐξελέξατο,
1669 847 1766 916 τὴν

203 942 376 994 Ἰούδα
422 941 542 992 ἀντὶ
586 940 686 1009 τῆς
729 941 943 1008 Ἰωσήφ·
982 939 1074 991 καὶ
1117 940 1279 991 τόπον
1314 940 1433 992 ἀντὶ
1480 940 1675 1002 τόπου,
1707 939 1766 992 τὸ

188 1031 315 1101 ὅρος
347 1029 483 1081 Σιὼν
512 1029 632 1081 ἀντὶ
665 1029 761 1098 τῆς
791 1028 1005 1099 Σηλώμ.

263 1121 376 1178 Καὶ
411 1120 795 1189 ᾠκοδόμησεν
840 1121 920 1185 ὡς
959 1121 1365 1190 μονοκέρωτος
1408 1123 1473 1176 τὸ
1506 1123 1766 1190 ἁγιάσμα

187 1214 402 1267 αὑτοῦ.
458 1213 728 1282 Ἀγίασμα
798 1214 893 1283 μὲν
956 1214 1045 1266 τὸν
1101 1214 1240 1267 θεῖον
1305 1218 1360 1267 ὲν
1419 1217 1766 1286 Ἰερουσαλὴμ

191 1304 608 1375 ᾠκοδομηθέντα
632 1304 775 1372 λέγει
806 1304 946 1356 ναόν·
975 1305 1291 1375 Μονόκερως
1320 1305 1374 1357 δὲ
1409 1304 1590 1375 θηρίον
1623 1306 1768 1356 ἐστὶν

190 1398 636 1468 ἀκαταμάχητον,
660 1397 746 1449 διὰ
772 1397 830 1448 τὸ
856 1397 946 1462 ὀξὺ
975 1397 1140 1468 κέρας
1167 1399 1256 1449 ἐπὶ
1281 1397 1530 1467 μετώπου
1559 1398 1763 1466 φέρειν,

192 1493 288 1543 καὶ
325 1491 500 1542 πάντα
526 1490 698 1558 τούτῳ
731 1491 970 1559 ἀναιρεῖν
1001 1490 1067 1541 τὰ
1098 1488 1278 1560 θηρία.
1305 1489 1465 1556 Λέγει
1496 1485 1606 1550 οὖν,
1639 1491 1766 1541 Ὅτε

188 1579 366 1643 οὕτως
410 1582 437 1632 ὁ
477 1581 616 1643 θεῖος
669 1581 986 1652 ᾠκοδομήθη
1038 1581 1184 1643 ναὸς,
1227 1580 1300 1642 ὡς
1348 1581 1522 1632 πάντα
1550 1581 1616 1632 τὰ
1644 1580 1764 1651 ἔθνη

188 1675 292 1743 τῆς
319 1673 544 1742 ὲνούσης
572 1676 629 1725 ὲν
663 1673 811 1743 αύτῷ
847 1674 1026 1742 ἰσχύος
1052 1673 1274 1740 δεύτερα
1311 1673 1606 1740 φαίνεσθαι.

273 1762 622 1825 Ἐξόπισθεν
667 1761 783 1814 τῶν
830 1763 1248 1831 λοχευομένων
1299 1763 1513 1816 ἔλαϐεν
1561 1764 1760 1816 αὐτόν.

187 1854 537 1924 Τικτομένων
565 1856 657 1906 καὶ
685 1856 1053 1925 γεννωμένων.
1103 1857 1233 1908 Ἀπὸ
1263 1858 1358 1927 τῆς
1383 1859 1760 1927 ποιμαντικῆς,

188 1946 389 2014 φησὶν,
444 1948 772 2016 ἐπιστήμης,
817 1948 908 1999 καὶ
957 1948 1049 2000 τοῦ
1098 1948 1295 2001 εἰδέναι
1329 1949 1398 2001 τά
1439 1949 1764 2020 λοχευόμενα

184 2036 296 2089 τῶν
353 2037 634 2109 προϐάτων
681 2039 1092 2107 διαφυλάττειν,
1139 2040 1314 2103 καλῶς
1359 2041 1639 2095 ἀναλαϐὼν
1673 2043 1764 2095 καὶ

184 2128 296 2180 τῶν
328 2129 561 2196 λογικῶν
591 2129 920 2200 θρεμμάτων
950 2132 1184 2198 ποιμένα
1217 2133 1501 2203 πεποίηκε.
1529 2135 1766 2202 [Impati-

185 2236 319 2273 νειν
367 2220 568 2274 Ἰακὼϐ
590 2222 695 2274 τὸν
720 2221 943 2276 δοῦλον
976 2223 1179 2276 αὑτοῦ.
1214 2224 1487 2285 Τουτέστι,
1513 2225 1763 2278 διδάσκα-

186 2314 276 2378 λος
323 2315 503 2377 αὐτοῖς
538 2315 754 2384 ἀγαθῶν
799 2318 1013 2387 τρόπων
1054 2318 1287 2385 ἐγένετο,
1335 2318 1399 2371 δι’
1443 2312 1516 2369 ὧν
1563 2317 1764 2369 ἐπεδεί-

187 2423 354 2457 κνυτο
382 2406 672 2469 παιδεύσας
698 2407 909 2470 αύτούς.

263 2494 375 2548 Καὶ
405 2496 475 2547 ἐν
513 2495 640 2560 ταῖς
682 2497 972 2550 συνέσεσι
1009 2496 1125 2550 τῶν
1153 2496 1364 2564 χειρῶν
1397 2498 1580 2552 αὑτοῦ
1611 2498 1763 2566 ὡδή-

186 2601 382 2652 γησεν
421 2587 662 2651 αὐτούς.
706 2586 925 2639 Σύνεσιν
974 2588 1169 2658 χειρῶν
1217 2591 1394 2641 πᾶσαν
1437 2589 1533 2660 τὴν
1580 2592 1637 2642 ἐν
1689 2589 1764 2660 τῷ

187 2677 524 2747 προσήκοντι
549 2677 744 2746 πρᾶξιν
769 2679 1054 2748 γινομένην
1082 2681 1262 2749 φησίν.

569 2771 876 2823 ΨΑΑΜοΣ
906 2768 984 2833 τῷ
1026 2771 1226 2839 Ἀσάφ.
1267 2775 1395 2825 011'.

841 2863 1159 2927 Ὑπόθεσις.

189 2952 393 3006 Τοῦτον
429 2953 541 3023 ᾄδει
572 2952 663 3005 τὸν
703 2953 910 3022 ψαλμὸν
945 2955 1084 3025 ὑπὲρ
1126 2955 1233 3007 τῶν
1261 2956 1648 3027 ἀναιρεθέντων
1680 2975 1765 3010 πι-

265 3043 414 3114 κρῶς
456 3043 596 3096 κατὰ
626 3046 750 3107 τοὺς
792 3046 1016 3116 καιροὺς
1047 3047 1139 3099 τοῦ
1188 3048 1479 3117 Ἀντιόχου·
1512 3049 1675 3102 αἰτῶν
1706 3067 1763 3101 τε

261 3134 352 3187 διὰ
396 3134 496 3204 τῆς
546 3136 778 3199 ἱκετείας
824 3138 1099 3207 ἐκδίκησιν
1154 3139 1405 3206 γενέσθαι
1455 3140 1554 3208 τῆς
1603 3143 1680 3202 είς
1707 3143 1766 3192 τὸ

260 3227 411 3290 ἔθνος
453 3228 742 3300 γινομένης
791 3229 1116 3298 μιαιφονίας,
1163 3230 1640 3300 μεταστραφεισῶν
1679 3231 1769 3302 δη-

261 3321 434 3373 λονότι
464 3320 572 3373 τῶν
612 3321 904 3392 συμφορῶν
951 3323 1027 3382 είς
1066 3321 1259 3383 αὐτοὺς
1307 3322 1432 3384 τοὺς
1471 3323 1770 3388 ἐπάγοντας

265 3413 456 3476 αὑτάς.

277 3506 331 3558 '0
379 3505 542 3570 Θεὸς,
580 3505 856 3573 ἤλθοσαν
900 3505 1044 3572 ἔθνη
1095 3509 1182 3571 εἰς
1229 3504 1341 3573 τὴν
1371 3507 1772 3575 κληρονομίαν

189 3615 330 3653 σου.
369 3597 600 3661 Πολλοὺς
634 3598 740 3669 γὰρ
778 3599 1090 3668 εἰσαγαγὼν
1140 3602 1167 3652 ὁ
1206 3601 1494 3669 Ἀντίοχος,
1527 3599 1770 3668 εἰσῆλθεν

191 3694 271 3754 είς
315 3691 660 3761 Ἰεροσόλυμα
684 3693 778 3744 καὶ
813 3692 1081 3764 ἐνέπρησε
1106 3692 1196 3743 τὸν
1228 3692 1367 3744 θεῖον
1394 3692 1538 3744 ναόν.
1578 3693 1772 3760 Ἐμία-

189 3799 311 3834 ναν
337 3781 446 3834 τὸν
469 3781 617 3835 ναὸν
645 3783 750 3836 τὸν
775 3783 945 3852 ἅγιόν
977 3799 1113 3836 σου.
1162 3784 1312 3844 Ἰδοὺ,
1345 3783 1498 3852 φησι,
1523 3782 1628 3834 τῶν
1663 3783 1769 3835 σῶν

189 3872 506 3942 ἐκράτησαν
553 3871 719 3933 ἄλλοι,
767 3873 858 3924 καὶ
901 3873 967 3925 τά
1016 3872 1084 3925 σὰ
1135 3873 1239 3925 ὑπὸ
1281 3871 1587 3940 ἀλλοφύλων
1639 3888 1768 3924 κατ-

191 3962 402 4032 έχεται.
439 3964 674 4015 Ἐθεντο
708 3964 1104 4034 Ἰερουσαλὴμ
1137 3967 1225 4030 εἰς
1257 3963 1765 4031 ὀπωρορυλάκιον.

191 4053 504 4120 Λιθολόγιος
530 4054 691 4118 τόπος
720 4055 851 4108 ὅπου
883 4055 982 4127 τὴν
1011 4057 1214 4127 σκηνὴν
1247 4055 1355 4126 ἔχει
1378 4058 1405 4108 ὁ
1434 4056 1528 4118 τάς
1550 4053 1768 4125 ὀπώρας

194 4143 507 4213 φυλάσσων.

271 4235 514 4288 Ἕθεντο
555 4234 626 4288 τὰ
671 4237 988 4305 θνησιμαῖα
1036 4236 1154 4289 τῶν
1194 4238 1429 4293 δούλων
1460 4257 1576 4293 σου
1613 4240 1766 4307 βρώ-

189 4338 352 4390 ματα
383 4322 506 4387 τοῖς
543 4325 833 4391 πετεινοῖς
876 4325 981 4378 τοῦ
1021 4328 1299 4394 οίιρανοῦ.
1336 4328 1432 4380 Διὰ
1466 4329 1576 4399 γὰρ
1603 4331 1767 4400 ὑπερ-

195 4413 362 4483 δολὴν
404 4413 797 4484 ἀπανθρωπίας
831 4417 950 4470 οὐδὲ
1000 4416 1224 4470 θάπτειν
1282 4421 1394 4482 τοῖς
1424 4420 1642 4482 οἰκείοις
1669 4422 1765 4472 ὲπ-

1868 570 1973 623 lius
2000 579 2116 623 erat
2140 569 2362 638 Joseph.

1935 659 2020 712 68.
2065 658 2164 712 Sed
2212 661 2363 729 elegit
2411 660 2603 712 tribum
2650 657 2813 712 Iuda.
2859 657 2937 712 Ex
2986 674 3046 712 ea
3092 660 3235 714 enim
3283 677 3437 731 reges

1867 752 2184 815 constituit,
2227 768 2456 820 quorum
2490 755 2696 821 primus
2732 753 2828 806 fuit
2887 752 3076 807 David.
3135 752 3431 807 Sciendum

1867 852 2044 895 autem
2075 843 2273 895 tribum
2306 859 2402 912 pro
2435 844 2574 896 tribu
2597 845 2824 912 elegisse
2851 843 3040 903 Deum.
3065 845 3260 897 tribum
3293 843 3430 897 Juda

1868 948 1966 1002 pro
1995 935 2132 986 tribu
2163 933 2417 1003 Josephi;
2450 945 2501 988 et
2532 936 2707 989 locum
2744 951 2842 1004 pro
2867 936 3003 999 loco,
3032 947 3268 990 montem
3300 936 3430 991 Sion

1868 1041 1964 1093 pro
1993 1023 2185 1077 Silont.

1936 1115 2024 1168 69.
2072 1115 2138 1168 Et
2185 1117 2465 1184 tediﬁcarit
2513 1118 2646 1169 sicut
2696 1118 3028 1170 unicornium
3083 1118 3433 1186 sancti/icium

1868 1224 2041 1262 suum.
2069 1207 2437 1262 Sanctiﬁcium
2468 1210 2617 1270 dicit,
2644 1210 2886 1263 divinum
2919 1211 2972 1263 in
3005 1208 3305 1264 Jerusalem
3338 1227 3433 1264 ex-

1869 1297 2086 1348 citatum
2125 1298 2403 1364 templum.
2440 1296 2726 1352 Unicornis
2760 1284 2938 1353 autem
2962 1340 2976 1364 ,
3020 1299 3129 1354 fera
3163 1309 3245 1353 est
3283 1301 3434 1353 inex-

1867 1387 2190 1457 pugnabilis,
2220 1390 2347 1456 quia
2380 1400 2596 1442 acutum
2631 1390 2685 1442 in
2720 1389 2896 1443 fronte
2929 1407 3098 1444 cornu
3137 1392 3319 1453 habet,
3355 1402 3435 1444 at-

1867 1495 1971 1548 que
2017 1480 2107 1533 illo
2148 1482 2352 1535 belluas
2399 1497 2589 1536 omnes
2625 1483 2894 1538 interlicil.
2941 1484 3027 1537 Ait
3062 1483 3245 1553 igitur,
3288 1483 3425 1536 Cum

1867 1581 2201 1626 exstructum
2241 1574 2342 1628 fuit
2379 1575 2633 1643 templum
2682 1575 2833 1641 illud,
2872 1593 3062 1632 omnes
3092 1588 3278 1647 gentes
3321 1578 3434 1629 vir-

1867 1673 1978 1718 tute
2007 1666 2057 1718 in
2090 1667 2178 1719 illo
2206 1676 2456 1721 contenta
2489 1666 2773 1723 inferiores
2809 1668 2978 1724 fuisse
3009 1672 3175 1725 visas.

1944 1753 2030 1818 70,
2053 1755 2141 1810 71.
2165 1754 2236 1809 De
2255 1767 2369 1826 post
2387 1759 2605 1826 fetautes
2631 1761 2828 1827 accepit
2853 1760 3282 1816 illum.Fetantes
3305 1761 3435 1814 dicit

1867 1854 2022 1898 natas
2055 1855 2106 1898 et
2129 1863 2317 1906 recens
2339 1849 2587 1902 emissas.
2610 1849 2885 1912 Davidem,
2912 1853 3056 1920 quod
3080 1864 3223 1908 esset
3251 1867 3434 1924 pasto-

1866 1937 2001 1988 ritiae
2034 1937 2168 1991 artis
2201 1939 2429 2006 peritus,
2477 1947 2529 1992 et
2562 1942 2690 2008 quia
2722 1942 2886 1996 sciret
2917 1942 3052 1998 fetas
3087 1961 3216 2002 oves
3250 1959 3434 2003 custo-

1865 2026 2016 2090 dire,
2062 2028 2254 2082 merito
2305 2033 2629 2100 assumpsit,
2678 2043 2732 2087 et
2787 2036 3194 2092 rationabilium
3248 2043 3430 2096 ovium

1867 2128 2133 2186 pastorem
2165 2123 2465 2175 constituit.
2498 2123 2715 2177 Pascere
2744 2125 2906 2179 Jacob
2938 2143 3143 2181 servum
3171 2147 3348 2187 suum.
3377 2133 3433 2186 Id

1867 2220 1966 2271 est,
1992 2210 2181 2264 doctor
2217 2212 2347 2280 ipsis
2377 2217 2674 2282 proborum
2707 2235 2920 2274 morum
2949 2222 3071 2289 fuit,
3098 2239 3192 2291 per
3217 2239 3278 2279 ea
3311 2241 3434 2294 qua:

1865 2298 1997 2353 fecit
2021 2302 2273 2357 erudiens
2297 2319 2408 2359 cos.

1938 2479 2022 2534 72.
2066 2479 2134 2533 Et
2163 2483 2505 2538 intellectibus
2537 2503 2786 2539 manuum
2824 2504 3038 2540 suarum
3075 2488 3295 2541 deduxit
3323 2506 3432 2542 eos.

1867 2569 2194 2625 Intellectum
2261 2591 2563 2640 manuum,
2620 2594 2807 2632 omnes
2873 2590 3029 2634 actus
3087 2582 3431 2636 conrenienti

1867 2672 2106 2731 tempore
2136 2665 2309 2717 editos
2339 2665 2488 2721 dicit.

2143 2756 2191 2807 i.
2236 2754 2575 2812 PSALMUS
2609 2759 2808 2828 Asaplt.
2850 2759 3181 2817 LXXVIII.

2439 2850 2837 2918 Argumentum.

1867 2953 2021 3010 Hunc
2046 2959 2193 3012 canit
2223 2961 2490 3027 psalmum
2524 2978 2620 3030 pro
2654 2963 2720 3016 iis
2750 2966 2842 3032 qui
2889 2965 2940 3016 in
2978 2974 3216 3034 tempore
3245 2965 3433 3020 Antio-

1937 3049 2024 3102 chi
2053 3050 2168 3102 dire
2195 3053 2319 3104 caesi
2353 3063 2498 3107 sunt.
2535 3052 2752 3124 Rogatus
2785 3058 3183 3125 supplicatione
3219 3074 3314 3113 sua
3348 3060 3434 3114 ul-

1943 3141 2140 3194 tionem
2171 3143 2334 3196 credis
2378 3145 2428 3196 in
2475 3147 2671 3214 populo
2705 3147 2889 3214 factae,
2921 3151 3200 3205 conversis
3229 3151 3434 3207 scilicet

1940 3232 2338 3289 calamitatibus
2374 3236 2426 3288 in
2455 3252 2547 3292 eos
2576 3239 2669 3308 qui
2699 3239 2846 3308 ipsas
2871 3241 3204 3297 intulissent.

1942 3499 2104 3564 Deus,
2144 3504 2386 3551 venerunt
2423 3507 2594 3565 gentes
2626 3513 2678 3548 tn
2712 3498 3066 3550 haereditate)"
3104 3509 3270 3553 tuam.
3301 3500 3436 3554 Mul-

1871 3603 1952 3646 tas
1986 3593 2126 3644 enim
2155 3591 2428 3642 adducens
2459 3600 2644 3655 gentes
2691 3589 3012 3655 Antiochus,
3050 3590 3324 3660 ingressus
3354 3601 3439 3648 est

1868 3683 2280 3751 Jerosolymam,
2309 3690 2361 3735 ct
2395 3680 2636 3733 divinum
2661 3682 2915 3749 templum
2942 3682 3201 3736 incendit.
3225 3682 3437 3738 Polluc-

1869 3784 1989 3828 runt
2022 3773 2272 3840 templum
2303 3782 2538 3825 sanctum
2580 3781 2743 3825 tuum.
2779 3772 2946 3836 Ecce,
2981 3774 3187 3843 inquit,
3222 3784 3308 3830 tua
3343 3776 3436 3830 alii

1868 3876 2228 3935 occuparunt,
2274 3876 2327 3920 et
2371 3881 2490 3936 quae
2525 3873 2615 3919 tua
2662 3876 2788 3920 sunt
2827 3866 2894 3919 ab
2937 3867 3252 3936 alienigenis
3291 3869 3435 3923 deti-

1868 3969 2085 4014 nentur.
2115 3959 2403 4012 Posuerunt
2424 3956 2717 4011 Jerusalem
2745 3960 2798 4011 in
2817 3976 3092 4026 pomorum
3115 3962 3431 4016 custodiam.

1867 4047 2163 4115 Lapidibus
2210 4048 2398 4101 electis
2427 4057 2773 4101 constructus
2800 4058 2883 4102 est
2915 4047 3099 4115 locus’,
3131 4051 3220 4104 ubi
3259 4051 3435 4105 taber-

1867 4140 2119 4194 naculum
2157 4139 2317 4192 habet
2353 4139 2444 4207 qui
2476 4154 2633 4208 poma
2671 4141 2927 4194 custodit.

1932 4229 1987 4291 2,
2017 4231 2068 4283 5,
2112 4226 2406 4284 Pysucrunt
2434 4229 2714 4282 morticina
2745 4246 3010 4284 servorum
3041 4241 3250 4286 tuorum
3288 4251 3434 4290 escas

1866 4323 2167 4377 volatilibus
2202 4321 2337 4375 caeli.
2368 4321 2449 4376 Ob
2478 4323 2894 4379 inbumanitatis
2923 4325 3342 4391 vehementiam,
3366 4345 3436 4384 ne

1867 4415 2236 4470 concedebant
2256 4416 2472 4485 quidem
2498 4417 2743 4484 cognatis
2764 4425 2824 4470 ut
2852 4427 3094 4474 mortuos
3123 4421 3432 4476 liumarent.

194 4505 424 4576 έτρεπον
445 4504 494 4556 οἱ
529 4503 775 4574 πολέμιοι
800 4507 924 4570 τοὺς
949 4504 1191 4578 νεκρούς.
1237 4509 1347 4576 Τὰς
1379 4510 1609 4577 σάρκας
1652 4509 1765 4564 τῶν

1871 4507 2064 4561 Carnes
2108 4516 2408 4560 sanctorum
2457 4519 2664 4558 tuorum
2711 4505 2889 4560 bestiis
2934 4518 3104 4562 terrae.
3148 4509 3436 4575 Quomodo

195 4594 386 4645 ὁσίων
431 4608 546 4646 σου
597 4594 720 4658 τοῖς
769 4598 994 4663 θηρίοις
1035 4595 1142 4663 τῆς
1193 4598 1326 4665 γῆς.
1359 4599 1482 4662 Πῶς
1522 4600 1625 4669 γὰρ
1670 4602 1767 4673 οὐχ

192 4685 332 4736 ὅσιοι
361 4685 410 4737 οἱ
440 4686 500 4737 τὸ
523 4680 661 4756 αἷμα
691 4687 1010 4755 ἐκχυθέντες
1047 4689 1187 4758 ὑπὲρ
1220 4690 1318 4758 τῆς
1341 4690 1434 4744 τοῦ
1470 4691 1632 4761 νόμου
1666 4710 1766 4760 φυ-

194 4777 388 4847 λακῆς,
421 4772 496 4830 ὧν
525 4774 664 4848 ἦσαν
695 4779 744 4830 οἱ
776 4778 1114 4848 Μαχαὸαἶοι;

281 4869 749 4937 Ἔλικαυθήσεται
776 4871 853 4934 ὡς
891 4869 1008 4938 πῦρ
1040 4873 1071 4923 ό
1109 4869 1287 4938 ζῆλος
1326 4885 1463 4925 σου.
1497 4874 1764 4944 Ζήλωσον,

196 4959 352 5029 φησι,
402 4958 491 5012 διὰ
536 4959 597 5012 τὸ
644 4961 734 5012 σὺν
781 4960 951 5030 ὄνομα
991 4961 1053 5012 τὸ
1101 4961 1584 5033 βλασφημούμενον
1616 4967 1767 5035 παρὰ

193 5045 304 5097 τῶν
334 5046 426 5115 ὲχθ
435 5047 562 5116 ρῶν.

266 5137 363 5205 Μὴ
403 5138 684 5207 μνησθῇς
726 5140 892 5208 ἡμῶν
927 5141 1187 5211 ἀνομιῶν
1232 5143 1512 5212 ἀρχαίων.
1556 5140 1667 5207 Τὰς
1710 5147 1766 5199 ὲν

196 5229 457 5300 Αἰγύπτῳ
483 5229 628 5298 λέγει
664 5231 934 5301 ἁμαρτίας
964 5232 1213 5303 ἀρχαίας.

269 5406 512 5474 Μήποτε
541 5408 752 5460 εἴπωσι
790 5411 861 5460 τὰ
887 5408 1050 5475 ἕθινηο
1083 5410 1204 5463 Ποῦ
1237 5411 1407 5464 ἔστιν
1430 5415 1463 5465 ό
1494 5411 1635 5478 Θεὸς
1663 5415 1766 5465 αὑ-

199 5495 353 5558 τῶγ;
381 5497 445 5548 Εἰ
473 5497 566 5548 καὶ
610 5497 909 5567 ἐμποδίζει,
953 5499 1104 5568 φησι,
1145 5501 1209 5570 τῇ
1245 5501 1488 5572 ἡμετέρᾳ
1524 5502 1766 5573 σωτηρία

198 5589 492 5661 τδ·πλῆθος
517 5590 623 5642 τῶν
653 5591 934 5661 ἡμετέρων
967 5591 1263 5662 ἁμαρτιῶνο
1301 5592 1436 5645 ἀλλὰ
1471 5593 1556 5646 διὰ
1587 5595 1645 5646 τὸ
1676 5594 1765 5647 σὺν

199 5684 367 5754 ὄνομα
402 5683 624 5755 ποίησον
639 5684 777 5752 -ὴμῖν
804 5683 890 5737 διά
921 5684 1009 5736 τὸν
1033 5684 1330 5738 ὀνειδισαὸν
1363 5684 1419 5736 ὃν
1449 5686 1764 5756 ἐπιφέρουσι

1868 4599 2012 4653 enim
2065 4599 2236 4653 sancti
2281 4612 2389 4650 non
2440 4595 2640 4651 fuerint
2692 4614 2927 4668 quorum
2972 4601 3194 4670 sanguis
3225 4602 3433 4658 eﬂ'usus

1867 4700 1948 4745 est
1975 4706 2073 4759 pro
2103 4691 2235 4759 legis
2265 4689 2630 4758 observantia,
2661 4705 2726 4744 ex
2755 4707 2988 4761 quorum
3020 4707 3178 4748 erant
3211 4711 3436 4750 numero

1868 4783 2175 4836 Machabtei.

1938 4873 1991 4936 5,
2027 4873 2079 4927 6.
2122 4872 2438 4926 Exardescet
2481 4875 2616 4926 sicut
2652 4873 2787 4942 ignis
2818 4873 2960 4926 zelus
2999 4883 3140 4926 tuus.
3189 4874 3314 4929 Zeto
3345 4893 3435 4932 ac-

1867 4963 2112 5030 cendere,
2168 4965 2361 5033 inquit,
2407 4974 2628 5035 propter
2675 4979 2872 5018 nomen
2902 4975 3054 5019 tuum
3087 4967 3155 5020 ab
3199 4967 3437 5026 inimicis

1867 5053 2319 5123 blasphematum.

1939 5143 1994 5198 8.
2037 5143 2119 5198 Ne
2151 5145 2447 5199 memineris
2474 5145 2814 5215 iniquitatum
2843 5155 3144 5200 nostrarum
3189 5149 3436 5218 antiqua-

1869 5253 2005 5289 rum.
2029 5235 2254 5290 Peccata
2281 5237 2412 5292 dicit
2438 5238 2658 5307 antiqua
2694 5254 2814 5308 qua
2845 5239 2899 5292 in
2928 5237 3160 5309 Egypto
3193 5241 3433 5295 admissa

1868 5337 2012 5383 sunt.

1942 5415 2029 5468 10.
2075 5416 2155 5469 Ne
2186 5416 2319 5485 forte
2341 5419 2520 5472 dicunt
2554 5422 2608 5473 in
2635 5421 2871 5491 gentibus
2898 5437 2916 5474 :
2950 5419 3048 5476 Ubi
3077 5433 3155 5476 est
3185 5422 3323 5478 Deus
3347 5444 3437 5480 eo-

1871 5510 2031 5560 rum?
2069 5508 2330 5576 Etiamsi,
2378 5511 2590 5579 inquit,
2636 5512 2926 5566 multitudo
2956 5524 3301 5582 peccatorum
3338 5533 3438 5570 no-

1870 5611 2108 5655 strorum
2153 5601 2596 5670 impedimentum
2657 5613 2738 5658 est
2784 5614 2983 5659 nostra:
3043 5605 3234 5661 salutis
3278 5622 3290 5658 :
3339 5610 3435 5662 sed

1871 5703 2088 5764 propter
2128 5709 2324 5750 nomen
2367 5705 2518 5751 tuum
2570 5696 2761 5766 adjuva
2810 5712 2932 5763 nos,
2982 5708 3201 5767 propter
3248 5701 3436 5755 eonvi-
