4070 6480
621 402 730 456 359

1470 400 1529 454 s.
1571 365 1946 453 ATHANASII
1991 398 2146 454 ore.
2192 398 2368 452 PARS
2406 398 2493 451 Ill.
2528 429 2596 438 —
2633 398 3058 480 EXEGETICA,

3748 401 3855 456 360

622 519 766 575 cium
798 515 942 586 quod
972 517 1246 586 proferunt
1275 517 1326 570 in
1356 525 1426 582 te,
1467 527 1682 587 propter
1713 519 2027 588 sanguinein
2062 533 2178 571 ser—

2283 518 2382 579 σοὶ,
2421 518 2508 571 διὰ
2554 518 2615 571 τὸ
2660 514 2796 587 αἷμα
2838 518 2897 570 τὸ
2939 519 3294 587 ἐκχυνὸμινον
3331 516 3440 570 τῶν
3482 516 3588 570 σῶν
3628 515 3854 583 δούλων,

624 625 813 663 verum
864 618 1079 663 tuorum
1122 609 1214 679 qui
1256 609 1461 663 emisus
1511 619 1622 673 est,
1671 618 1887 680 propter
1924 610 2185 682 gemitum

623 700 1081 768 compedilorum.-

695 791 781 844 Η.
821 790 1116 844 Secundum
1161 789 1570 859 magnitudinem
1616 788 1813 840 brachii
1855 787 1932 840 tui
1980 787 2186 856 posside

623 880 764 948 ﬁlios
801 883 1256 946 morti/iratorum.
1285 880 1494 934 Virtute
1528 879 1734 934 brachii
1763 879 1862 942 tui,
1888 879 1984 942 ait,
2007 879 2184 933 salvos

626 971 710 1026 fac
732 986 825 1025 eos
855 973 944 1041 qui
977 989 1005 1024 a
1033 971 1176 1026 cede
1208 973 1406 1026 residui
1438 983 1584 1025 sunt.

626 1147 676 1200 1.
705 1145 767 1199 In
787 1147 964 1215 ﬁnem,
991 1165 1084 1216 pro
1106 1147 1170 1199 iis
1201 1149 1292 1216 qui
1318 1148 1799 1207 cnnnnutabuntur,
1824 1146 2180 1200 testimonium

786 1237 978 1306 Asaplt,
1015 1236 1347 1291 PSALML'S
1369 1254 1462 1306 pro
1490 1238 1743 1307 Assyriis.
1775 1236 2030 1291 LXXIX.

1193 1371 1591 1440 Argumentum.

624 1458 698 1513 Ex
738 1461 910 1529 prima
942 1465 1229 1516 verborum
1270 1465 1532 1517 sententia
1569 1474 1721 1534 rogat
1753 1465 2178 1521 misericordiam

697 1556 911 1622 assequi
945 1571 1036 1607 eos
1070 1555 1162 1622 qui
1197 1556 1264 1608 ab
1295 1556 1516 1624 Assyrio
1551 1557 1602 1609 in
1635 1559 1947 1612 servitutem
1981 1561 2180 1614 redacti

686 1652 858 1696 erant.
912 1642 1014 1696 Sed
1066 1645 1379 1698 sublimiore
1426 1645 1729 1711 sententia,
1777 1656 1930 1714 rogat
1975 1661 2072 1716 pro
2115 1648 2180 1702 iis

690 1734 780 1803 qui
835 1736 1166 1804 spiritualem
1208 1737 1569 1804 captivitatem
1622 1737 1769 1806 passi
1817 1746 1980 1803 sunt,
2033 1749 2182 1808 post-

689 1842 851 1894 quam
886 1827 935 1878 iu
971 1843 1185 1881 crucem
1217 1837 1368 1882 actus
1403 1837 1486 1881 est
1512 1826 1774 1883 Dominus
1823 1845 1852 1882 a
1883 1829 2179 1900 spirituali-
2212 1861 2252 1917 Β

687 1915 787 1970 bus
840 1919 1097 1986 Assyriis,
1150 1929 1201 1970 et
1255 1918 1323 1970 ab
1372 1933 1559 1972 eorum
1619 1920 1880 1988 principe,
1934 1921 2181 1975 videlicet

689 2004 908 2061 Satana.
938 2007 1397 2076 Supplicationem
1430 2025 1558 2078 ergo
1586 2010 1833 2073 ell‘undit,
1862 2027 2059 2082 rogans
2086 2012 2181 2064 ad-

690 2108 907 2152 ventum
953 2099 1250 2154 Salvatoris
1290 2101 1460 2155 nostri
1504 2109 1558 2155 et
1605 2102 1976 2156 liberationem
2015 2102 2180 2157 totius

692 2191 903 2260 generis
938 2189 1236 2246 lsraelitici.

687 2281 741 2334 2.
780 2280 884 2344 Qui
914 2283 1046 2349 regis
1078 2281 1268 2344 Israel,
1296 2283 1522 2336 intende.
1546 2281 1641 2344 Te,
1681 2282 1922 2346 Domine,
1954 2284 2043 2352 qui
2081 2301 2178 2354 pa-

619 2374 782 2428 storis
825 2375 1015 2439 instar,
1047 2375 1225 2442 populi
1264 2376 1677 2430 sollicitudinem
1710 2377 1851 2444 geris
1873 2415 1887 2437 ,
1926 2392 2054 2444 rogo
2088 2378 2180 2428 ad-

619 2467 799 2519 mittas
829 2465 1257 2536 deprecationem
1292 2483 1488 2520 meum.

686 2554 740 2608 5.
778 2554 879 2619 Qui
930 2556 1074 2608 sedes
1105 2570 1257 2620 super
1287 2555 1550 2607 cherubim
1573 2595 1587 2619 ,
1628 2555 1961 2622 manifestare
2002 2572 2179 2609 coram

620 2645 894 2713 Epliraim,
940 2646 1219 2713 Benjamin
1251 2656 1297 2698 et
1335 2645 1599 2698 Manasse.
1622 2645 1762 2698 Dum
1800 2645 2068 2700 incederet
2099 2655 2179 2700 ta-

620 2741 1001 2803 bernaculum,
1039 2757 1144 2793 una
1181 2740 1567 2810 gradiebantur
1614 2749 1723 2794 tres
1765 2740 1967 2800 tribus,
2013 2739 2179 2792 Judas

618 2845 829 2899 nempe,
875 2829 1119 2886 lssachar
1166 2841 1218 2885 et
1267 2831 1530 2885 Zabulon.
1586 2829 2064 2899 Subsequebantur
2113 2831 2178 2885 ad

619 2923 898 2976 meridiem
950 2933 1057 2977 tres
1107 2924 1246 2987 alia,
1298 2921 1586 2990 prraim,
1640 2920 1918 2990 Beniamin
1968 2930 2021 2974 et
2068 2920 2178 2974 Ma-

619 3029 796 3069 nasse.
827 3013 956 3068 Erat
989 3024 1166 3067 autem
1197 3015 1248 3067 in
1278 3015 1554 3068 cherubim
1587 3015 1766 3068 aureis
1797 3029 1959 3082 supra
1992 3030 2175 3068 arcam

620 3103 808 3172 positis
842 3103 1007 3173 gloria
1057 3103 1170 3164 Dei,
1212 3105 1302 3173 qui
1338 3103 1484 3173 ipsos
1514 3102 1848 3172 praecedebat
1877 3118 1998 3155 cum
2032 3103 2177 3155 ince-

2288 607 2374 660 διὰ
2403 608 2492 660 τὸν
2525 608 2820 678 στεναγμὸν
2844 608 2950 659 τῶν
2984 607 3390 677 πεπεδημένων.

2356 776 2514 830 Κατὰ
2559 777 2672 844 τὴν
2720 780 3161 847 μεταλωσύνην
3208 780 3313 833 τοῦ
3355 780 3686 849 ,ϐραχίονός
3735 797 3856 835 σου

2285 869 2663 936 περιποίησαι
2695 869 2836 934 τοὺς
2868 869 3036 935 υἱοὺς
3073 870 3190 924 τῶν
3233 870 3743 940 τεθανατωμένων.
3772 873 3850 941 Τῇ

2283 958 2531 1029 δυνάμει,
2569 961 2719 1029 φησι,
2753 959 2847 1013 τοῦ
2897 961 3175 1031 βραχίονός
3211 979 3304 1014 σου
3337 961 3506 1013 σῶσον
3531 964 3656 1025 τοὺς
3686 979 3825 1015 κατα

2283 1048 2595 1117 λειφθέντας
2626 1052 2688 1103 ἐκ
2717 1052 2824 1102 τῶν
2851 1052 3222 1122 ἀνῃρημένων.

2282 1142 2385 1206 Εἰς
2429 1139 2602 1206 τέλος
2645 1142 2796 1208 ὑπὲρ
2830 1141 2946 1194 τῶν
2986 1144 3578 1212 ἀλλοιωοησομένων.
3623 1146 3854 1214 μαρτύ-

2340 1242 2476 1291 ριον
2509 1224 2616 1277 τοῦ
2668 1225 2870 1293 Ἁσὰφ,
2917 1229 3222 1279 ΨΑΛΜΟΣ
3272 1228 3422 1295 ὑπὲρ
3470 1227 3590 1280 τῶν
3641 1229 3855 1281 Ἀσσυ-

2343 1304 2512 1370 [Ιων.
2542 1308 2664 1358 ΟΘ’.

2911 1373 3229 1439 Ὑπόθεσις.

2281 1461 2436 1513 Κατά
2471 1463 2567 1532 μὲν
2604 1463 2664 1514 τὸ
2709 1464 2994 1534 πρόχειρον
3037 1463 3134 1533 τῆς
3166 1463 3362 1529 λέξεως
3392 1463 3676 1533 ἐλεηθῆναι
3711 1463 3854 1528 ἀξιοῖ

2351 1552 2476 1614 τοὺς
2521 1553 2624 1604 ὑπὸ
2671 1554 2766 1606 τοῦ
2811 1553 3093 1622 Ἀσσυρίου
3137 1551 3662 1616 καταδουλωθέντας·
3709 1552 3850 1604 κατὰ

2350 1641 2405 1692 δὲ
2433 1642 2526 1709 τὴν
2555 1642 2891 1713 ὑψηλοτέραν
2928 1644 3182 1709 διάνοιαν,
3211 1644 3349 1714 ὑπὲρ
3389 1643 3494 1696 τῶν
3523 1644 3852 1712 ὑπομεινάν-

2349 1752 2454 1786 των
2484 1734 2579 1806 τὴν
2619 1736 2993 1806 αἰχμαλωσίαν
3039 1739 3136 1807 τὴν
3179 1737 3393 1806 νοητὴν,
3432 1736 3566 1805 μετά
3592 1737 3682 1787 τὸν
3711 1736 3851 1789 κατὰ

2349 1823 2441 1875 τοῦ
2477 1825 2679 1895 Κυρίου
2729 1827 2958 1896 σταυρὸν
3001 1826 3103 1878 ὑπὸ
3147 1826 3252 1878 τῶν
3284 1826 3486 1890 νοητῶν
3527 1825 3847 1896 Ἀσσυρίων,

2352 1916 2446 1968 καὶ
2474 1916 2634 1968 αὑτοῦ
2680 1916 2770 1968 τοῦ
2821 1917 3073 1987 ἄρχοντος
3105 1916 3300 1979 αὐτῶν,
3336 1916 3478 1986 φημὶ
3509 1916 3570 1986 δὴ
3612 1916 3704 1968 τοῦ
3744 1917 3851 1969 Σα-

2352 2007 2507 2056 τανᾶ.
2544 2005 2794 2058 Ίκετείαν
2816 1999 2906 2059 οὖν
2937 2007 3314 2077 προϐάλλεται,
3340 2006 3503 2071 ἀξιῶν
3529 2007 3850 2075 ἐπιφάνειαν

2351 2095 2600 2163 γενέσθαι
2629 2097 2720 2151 τοῦ
2746 2098 2993 2171 Σωτῆρος
3023 2099 3176 2169 ἡμῶν
3194 2138 3208 2162 ,
3238 2099 3330 2150 καὶ
3358 2097 3712 2166 ἐλευθέρωσιν
3752 2097 3847 2151 τοῦ

2345 2189 2543 2253 παντὸς
2578 2190 2766 2257 γένους
2802 2190 2894 2244 τοῦ
2945 2191 3174 2262 Ἰσραήλ.

2359 2280 2414 2330 Ὀ
2449 2283 2774 2348 ποιμαίνων
2815 2281 2921 2334 τὸν
2966 2283 3239 2350 Ἰσραὴλ,
3281 2284 3563 2349 ποόσχες.
3609 2282 3708 2343 Σὲ,
3746 2281 3850 2341 Λέ-

2283 2385 2471 2430 σποτα,
2506 2371 2595 2421 τὸν
2631 2370 2878 2440 ποιμένος
2908 2371 3061 2441 δίκην
3087 2371 3179 2423 τοῦ
3212 2370 3340 2422 λαοῦ
3367 2369 3847 2439 προμηθούμενον.

2279 2459 2528 2526 δέξασθαί
2564 2478 2662 2530 μου
2691 2461 2788 2532 τὴν
2818 2462 3047 2513 ἱκετειαν
3071 2460 3351 2514 ἀντιϐολῶ.

2359 2551 2410 2602 Ὀ
2475 2551 2805 2619 καθήμενος
2864 2551 2960 2604 ἐπὶ
3010 2551 3128 2604 τῶν
3185 2551 3498 2620 χερουόὶμ,
3548 2548 3849 2619 ἐμφὰνηθι

2277 2643 2551 2694 ἐναντίον
2589 2643 2855 2709 Ἐφραῒμ,
2892 2642 2986 2694 καὶ
3024 2642 3322 2709 Βενιαμὶν,
3370 2641 3467 2692 καὶ
3513 2638 3845 2704 Μανασσῆ.

2292 2733 2377 2783 Ἐν
2419 2735 2481 2802 τῇ
2532 2733 2722 2802 πορείᾳ
2769 2733 2867 2802 τῆς
2925 2735 3127 2802 σκηνῆς
3181 2729 3422 2795 ἐϐάδιζον
3466 2735 3612 2802 τρεῖς
3658 2731 3845 2799 φυλαὶ.

2292 2821 2474 2883 Ἰούδα,
2523 2823 2612 2873 καὶ
2655 2821 2888 2892 Ἰσαχαρ,
2935 2823 3025 2874 καὶ
3057 2821 3357 2877 Ζαϐουλὼν.
3395 2822 3750 2875 Ἦκολούθουν
3790 2822 3848 2873 δὲ

2279 2914 2416 2965 κατά
2447 2914 2593 2966 νότον
2619 2917 2763 2984 τρεῖς
2788 2914 2990 2984 ἕτεραι·
3019 2916 3050 2984 ή
3085 2915 3175 2966 τοῦ
3222 2913 3458 2986 Ἐφραῒμ
3477 2955 3489 2977 ,
3525 2916 3558 2984 ἡ
3587 2914 3682 2968 τοῦ
3716 2915 3848 2966 Βεν-

2282 3006 2429 3074 ιαμὶν
2480 3006 2572 3057 καὶ
2622 3005 2715 3058 τοῦ
2765 3006 3048 3075 Μανασσῆ.
3087 3002 3195 3058 Ἱιν
3239 3007 3296 3058 δὲ
3337 3007 3425 3057 ἐπὶ
3467 3005 3575 3058 τῶν
3625 3006 3850 3076 χρυσῶν

2278 3095 2539 3166 χερουῦὶμ
2579 3095 2686 3147 τῶν
2727 3096 2910 3148 ἐπάνω
2942 3096 3040 3164 τῆς
3084 3095 3315 3148 κιϐωτοῦ
3363 3096 3486 3162 δόξα
3518 3096 3675 3148 Geo-3°
3713 3114 3848 3166 προ·

617 3195 826 3250 dercnt.
869 3197 946 3248 Tu
1003 3195 1183 3263 itaque
1227 3195 1316 3264 qui
1362 3195 1516 3250 sedes
1561 3209 1725 3262 super
1768 3192 2086 3257 cherubim,
2124 3198 2209 3245 ει(

2279 3186 2485 3239 εϐἀδισε
2518 3186 2623 3260 γὰρ
2655 3187 2829 3240 αὐτῶν
2855 3189 2994 3241 κατά
3023 3189 3121 3259 τὴν
3154 3189 3396 3260 πορείαν.
3425 3189 3495 3240 Συ
3531 3183 3624 3241 οὖν
3650 3188 3679 3239 ὁ
3713 3187 3850 3241 καθ-

618 3288 877 3357 praacedis
904 3303 1109 3349 arcam,
1142 3289 1212 3340 ita
1246 3299 1304 3340 ut
1331 3288 1406 3340 sis
1435 3295 1559 3340 ante
1587 3284 1866 3354 Ephraim,
1900 3282 2178 3353 Benjamin

619 3387 673 3432 et
704 3378 949 3434 Manasse
970 3378 1112 3449 (nam
1140 3395 1316 3431 coram
1341 3377 1608 3447 signiﬁcat
1639 3377 1692 3430 in
1723 3378 2059 3445 conspectu),
2085 3391 2179 3445 per

621 3478 767 3523 tuam
793 3470 1089 3539 potentiam
1121 3469 1348 3523 salutem
1381 3469 1528 3522 dato.

690 3726 743 3780 9.
795 3723 1009 3778 Vineam
1035 3725 1099 3779 de
1120 3723 1351 3794 digypto
1378 3725 1717 3778 transtulisti.
1747 3724 1999 3780 lsraelem
2026 3725 2176 3781 dicit.

621 3813 840 3883 Ejecisti
872 3825 1042 3885 gentes
1065 3857 1080 3880 ,
1114 3826 1164 3869 et
1196 3818 1448 3885 plantasti
1490 3833 1623 3869 eam.
1653 3815 1786 3870 Nam
1815 3832 1936 3871 cum
1977 3833 2180 3888 praece—

619 3905 776 3961 deres
794 3921 909 3968 eos,
939 3907 1145 3975 ejCCiSll
1177 3922 1206 3959 a
1229 3905 1368 3959 facie
1399 3921 1588 3960 eorum
1620 3917 1830 3976 gentes.

693 4083 777 4137 li.
821 4082 1035 4152 Operuit
1068 4092 1263 4136 montes
1293 4083 1477 4136 umbra
1511 4082 1646 4151 ejus.
1677 4081 1874 4137 Umbra
1898 4082 2070 4137 vinea:
2096 4090 2182 4138 est

620 4175 805 4246 legalis
837 4177 1048 4240 cultus,
1094 4175 1219 4244 quia
1255 4175 1336 4228 lex
1372 4176 1620 4229 umbram
1652 4174 1960 4230 futurorum
2009 4176 2181 4229 bono-

620 4283 740 4321 rum
785 4269 1042 4321 continet.
1092 4267 1297 4321 Montes
1348 4267 1479 4320 dicit
1523 4265 1692 4319 Silom
1727 4276 1781 4320 et
1825 4266 1975 4319 Sion.
2023 4267 2077 4319 In
2110 4267 2179 4321 iis

621 4375 854 4430 namque
903 4360 1115 4414 duobus
1167 4359 1302 4414 locis
1358 4359 1767 4412 tabernaculum
1826 4359 2176 4412 constitutum

621 4454 741 4507 fuit.
773 4453 917 4508 Nihil
961 4469 1089 4524 ergo
1134 4453 1278 4507 aliud
1307 4452 1592 4522 signiﬁcat,
1641 4451 1744 4503 nisi
1789 4451 1929 4518 quod
1963 4450 2174 4520 legalia,

620 4563 741 4616 qua:
773 4545 1080 4600 futurorum
1123 4545 1390 4599 bonorum
1424 4545 1612 4596 umbra
1659 4550 1844 4606 erant,
1881 4541 1934 4594 in
1964 4542 2176 4596 duobus

622 4640 770 4693 hisce
817 4637 1091 4691 montibus
1131 4636 1395 4690 celebrata
1445 4632 1665 4687 fuerint.
1712 4631 1777 4684 Et
1819 4636 2032 4685 arbusta
2065 4632 2177 4701 ejus

620 4732 800 4784 cedros
849 4729 960 4782 Dei.
999 4727 1158 4782 Cedri
1202 4735 1328 4781 sunt
1371 4726 1618 4781 cmlestes
1657 4725 1917 4788 virtutes;
1957 4724 2177 4778 arbusta

620 4833 798 4877 autem
828 4822 996 4875 vinea:
1019 4861 1033 4883 ,
1065 4820 1338 4890 prophetae
1370 4819 1422 4873 in
1476 4818 1672 4888 populo
1705 4817 1797 4886 qui
1842 4817 1895 4869 iu
1945 4816 2177 4871 sublime

620 4913 998 4975 clIerebantur,
1028 4920 1081 4964 et
1108 4909 1458 4979 quiescebant
1486 4911 1539 4963 in
1580 4909 1830 4979 supernis
1853 4919 1907 4963 et
1941 4908 2178 4962 rationa-

623 5008 762 5060 libus
789 5005 1165 5074 potestatibus.

692 5097 779 5150 12.
818 5095 1064 5148 Extendit
1100 5093 1342 5163 palmites
1390 5108 1510 5146 suos
1555 5107 1715 5161 usque
1744 5090 1812 5143 ad
1861 5106 2022 5144 mare.
2053 5088 2176 5142 Pal-

622 5187 782 5241 mites
837 5194 892 5239 et
935 5185 1256 5253 propagines
1304 5183 1476 5235 vineae
1538 5181 1665 5235 dicit
1711 5195 1926 5233 omnem
1991 5177 2174 5248 populi

622 5275 1045 5337 multitudinem,
1077 5289 1195 5344 quae
1222 5272 1557 5342 pertingebat
1582 5285 1610 5324 a
1653 5269 1874 5324 ﬂumine
1903 5268 2177 5338 Euphrate

623 5373 688 5426 ad
719 5384 892 5440 usque
923 5382 1072 5421 mare
1098 5367 1359 5420 Indicum.

693 5463 805 5526 15,
831 5461 916 5514 Η.
962 5458 1158 5528 thuid
1199 5456 1512 5511 destruxisti
1543 5455 1824 5508 maceriam
1855 5453 1968 5522 ejus
1993 5453 2019 5506 2’
2058 5451 2174 5505 Ma-

623 5555 766 5608 ceria
792 5553 912 5623 ejus
953 5561 1068 5605 erat
1101 5550 1418 5619 angelorum
1463 5547 1728 5609 custodia,
1779 5559 1943 5614 quam
1977 5543 2178 5596 amovit

623 5648 692 5699 ab
721 5645 800 5700 eis
834 5644 993 5698 Deus.
1025 5641 1094 5695 Et
1136 5640 1454 5696 vindemiant
1486 5654 1601 5692 eam
1649 5653 1822 5691 omnes
1845 5635 1933 5706 qui
1961 5644 2176 5704 prater—

624 5738 927 5807 grcdiumur
949 5736 1104 5790 viam.
1140 5735 1270 5789 Data
1299 5733 1498 5803 quippe
1547 5730 1650 5786 fuit
1700 5730 1753 5784 in
1789 5726 2044 5798 pabulum
2075 5726 2174 5780 im-

2281 3282 2476 3347 ήμενος
2510 3280 2598 3331 ἐπὶ
2630 3280 2738 3332 τῶν
2771 3279 3052 3349 χερουϐὶμ,
3090 3280 3182 3332 καὶ
3227 3281 3703 3349 προπορευόμενος
3747 3280 3848 3348 τῆς

2280 3370 2542 3434 κιϐωτοῦ,
2586 3371 2660 3433 ὡς
2693 3367 2830 3423 εἶναι
2865 3370 3168 3440 ἔμπροσθεν
3207 3370 3301 3422 τοῦ
3342 3369 3608 3440 Ἐφραῖμ,
3655 3370 3850 3423 Βενια-

2282 3457 2372 3525 μὶν
2423 3458 2514 3509 καὶ
2561 3459 2823 3526 Μανασσῆ
2889 3458 2967 3527 (τὸ
3010 3458 3117 3529 γὰρ
3158 3458 3432 3511 ἐναντίον
3481 3457 3736 3528 σημαίνει
3783 3459 3848 3511 τὸ

2278 3547 2625 3619 ἔμπροσθεν),
2653 3549 2740 3602 διὰ
2761 3551 2856 3621 τῆς
2880 3550 3074 3603 σαυτοῦ
3102 3551 3415 3614 δυναστείας
3440 3550 3538 3621 τὴν
3570 3553 3849 3622 σωτηρίαν

2278 3639 2538 3693 ἐπιδίδου.

2349 3732 2640 3799 Ἅμτελον
2682 3731 2750 3795 ἐξ
2796 3734 3092 3800 Αἰγύπτου
3136 3730 3417 3799 patriaac.
3467 3732 3570 3783 Τὸν
3626 3734 3848 3802 Ἰσραήλ

2279 3838 2460 3890 φησιν.
2508 3822 2813 3886 Ἐξέσαλες
2838 3824 3002 3888 ἔθνη,
3034 3823 3130 3875 καὶ
3158 3824 3603 3892 κατεφύτευσας
3626 3823 3844 3888 αὐτὴν.

2280 3912 2750 3984 Προπορευόμενος
2778 3911 2904 3983 γὰρ,
2933 3912 3182 3978 ἐξέϐαλες
3212 3915 3318 3968 ἀπὸ
3339 3912 3630 3984 προσώπου
3663 3915 3848 3968 αὐτῶν

2279 4001 2345 4054 τά
2371 4002 2516 4074 ἔθνη.

2361 4093 2692 4161 Ἐκώιυψεν
2715 4095 2820 4163 ὄρη
2849 4095 2885 4160 ἠ
2915 4096 3059 4148 σκιὰ
3084 4093 3287 4164 αὐτῆς.
3315 4096 3449 4150 Σκιά
3484 4095 3583 4167 μὲν
3613 4097 3711 4166 τῆς
3737 4098 3850 4167 ἀμ-

2279 4184 2438 4237 πέλου
2473 4187 2504 4255 ἡ
2543 4189 2682 4240 κατὰ
2721 4188 2878 4256 νόμον
2912 4186 3152 4258 λατρεία,
3183 4188 3271 4241 διὰ
3308 4190 3366 4241 τὸ
3394 4189 3551 4241 σκιὰν
3578 4188 3722 4258 ἔχειν
3753 4190 3849 4241 τὸν

2277 4274 2438 4344 νόμον
2456 4275 2562 4327 τῶν
2594 4276 2888 4346 μελλόντων
2914 4278 3149 4345 ἀγαθῶν·
3180 4279 3279 4349 ὅρη
3305 4279 3360 4332 δέ
3392 4279 3451 4332 τό
3472 4298 3529 4332 τε
3557 4281 3614 4332 ἐν
3642 4279 3847 4352 Σηλὼμ

2279 4365 2453 4418 καὶτὸ
2477 4367 2532 4418 ὲν
2565 4367 2700 4420 Σιών
2726 4386 2906 4438 φησιν.
2951 4369 3036 4420 Ἐν
3061 4367 3268 4433 τούτοις
3296 4370 3404 4440 γὰρ
3444 4374 3555 4434 τοῖς
3596 4371 3717 4424 δυσὶ
3756 4373 3848 4424 τό-

2279 4473 2400 4519 ποις
2434 4456 2664 4527 ῖδρυτοή
2711 4460 2901 4529 σκηνή.
2930 4460 3092 4512 Οὐδὲν
3136 4455 3228 4512 οὖν
3272 4461 3455 4531 ἕτερον
3497 4462 3770 4530 σημαίνει,
3809 4462 3844 4531 ἢ

2278 4546 2360 4597 ὅτι
2385 4546 2452 4598 τά
2489 4549 2546 4600 ἐν
2585 4548 2752 4618 νόμῳ,
2783 4547 2938 4601 ἅτινα
2964 4545 3030 4619 ἦν
3071 4549 3198 4602 σκιά
3240 4550 3345 4602 τῶν
3381 4550 3679 4620 μελλόντων
3707 4554 3849 4618 ἁγα-

2277 4637 2404 4699 οῶν,
2440 4638 2497 4689 ἐν
2525 4641 2636 4700 τοῖς
2671 4639 2790 4692 δυσὶ
2833 4640 3040 4702 τούτοις
3066 4641 3296 4693 ἐτελεῖτο
3335 4640 3506 4712 ὄρεσι.
3541 4643 3650 4696 Καὶ
3691 4644 3846 4696 dra-

2277 4728 2594 4797 δενδρὰδες
2631 4731 2820 4797 αὐτῆς
2866 4731 2973 4798 τὰς
3014 4732 3255 4799 κέδρου(
3294 4734 3399 4786 τοῦ
3442 4735 3608 4788 Θεοῦ.
3644 4735 3845 4806 Κέδροι

2282 4820 2377 4889 μὲν
2420 4821 2475 4871 αἱ
2514 4821 2760 4891 οὐράνιαι
2793 4822 3065 4892 δυνάμεις·
3107 4822 3486 4893 ἀναδενδράδες
3518 4823 3573 4874 δέ
3601 4823 3701 4893 τῆς
3732 4827 3845 4894 ἁμ-

2279 4911 2441 4964 πέλου
2489 4913 2538 4964 οἱ
2581 4914 2645 4965 ἐκ
2686 4914 2779 4965 τοῦ
2826 4913 2955 4966 λαοῦ
2997 4914 3268 4984 προφῆται
3313 4915 3391 4976 εἰς
3431 4913 3562 4982 ὕψος
3589 4915 3841 4986 ἠρμένοι,

2281 5004 2372 5054 καὶ
2396 5003 2859 5073 ἐπαναπαυόμενοι
2882 5004 3001 5066 ταῖς
3022 5004 3132 5057 ἀνω
3156 5005 3250 5056 καὶ
3269 5003 3508 5071 λογικαῖς
3527 5004 3839 5062 δυνάμεσιν.

2364 5094 2649 5158 Ἐξέτεινε
2691 5095 2762 5148 τὰ
2793 5095 3066 5164 κλήματα
3115 5095 3302 5164 αὐτῆς
3341 5096 3450 5160 ἕως
3499 5095 3840 5167 θαλάσσης.

2330 5185 2541 5257 λήματα
2569 5188 2662 5239 καὶ
2689 5187 3037 5257 παραφυάδες
3063 5187 3160 5255 τῆς
3184 5185 3428 5256 ἀμπέλου
3457 5186 3516 5239 τὸ
3548 5188 3654 5240 πᾶν
3699 5187 3839 5255 πλῆ-

2279 5274 2367 5338 θος
2388 5275 2479 5327 τοῦ
2512 5276 2638 5328 λαοῦ
2670 5293 2830 5346 φησιν
2850 5313 2865 5338 ,
2923 5275 2952 5328 ὃ
2994 5276 3256 5345 κατέσχεν
3301 5275 3409 5328 ἀπὸ
3459 5275 3706 5345 ποταμοῦ
3738 5277 3843 5329 Εὑ-

2277 5367 2482 5437 φράτου
2510 5368 2667 5437 μέχρι
2699 5367 2970 5436 Θαλάσσης
2992 5367 3092 5435 τῆς
3134 5366 3380 5435 Ἰνδικῆς.

2346 5460 2468 5512 Ἵνα
2495 5461 2551 5511 τί
2580 5460 2846 5525 καθεῖλες
2864 5460 2970 5512 τὸν
3011 5459 3281 5528 φραγμὸν
3318 5455 3542 5524 αὑτῆς;
3579 5458 3841 5529 Φραγμὺς

2273 5545 2341 5619 ἦν
2365 5551 2498 5619 αὐτῇ
2526 5553 2559 5620 ἡ
2592 5550 2699 5602 τῶν
2731 5550 2976 5617 ἀγγέλων
3009 5549 3243 5619 φυλακὴ,
3296 5549 3362 5619 ἢν
3399 5549 3708 5618 ἀπέστησεν
3742 5550 3838 5602 ἀπ’

2274 5642 2452 5695 αὐτῶν
2480 5645 2508 5695 ὁ
2535 5642 2686 5706 Θεός.
2717 5644 2826 5696 Καὶ
2856 5642 3150 5712 τρυγῶσιν
3172 5641 3366 5707 αὐτὴν
3389 5640 3602 5706 πάντες
3635 5643 3690 5693 οι
3727 5657 3840 5694 πα-

2271 5735 2729 5805 ραπορευόμενοι
2760 5733 2875 5804 τὴν
2906 5732 3068 5789 ὀδόν.
3103 5732 3315 5785 Δέδοται
3343 5732 3449 5802 γὰρ
3474 5733 3553 5794 εις
3586 5730 3838 5800 βόσκημα
