4070 6440
181 390 278 444 εει

1280 380 1644 438 EXPOSITIO
1687 380 1753 436 IN
1794 380 2123 436 PSALMUM
2167 380 2375 437 LXXX.

3324 384 3425 439 362

181 506 290 566 τοῖς
322 500 651 573 ἀκαθάρτοις
693 500 963 571 δαίμοσιν,
988 498 1183 563 οἵτινες
1229 499 1325 553 καὶ
1366 498 1620 569 νέμονται
1660 498 1755 551 αὑ-

1871 499 2009 566 puris
2032 499 2390 563 daemonibus,
2425 501 2517 569 qui
2550 500 2711 554 etiam
2759 502 3058 571 depascunt
3084 516 3274 557 eorum
3305 512 3427 559 ant-

180 594 288 647 τῶν
311 594 410 656 τὰς
426 592 624 663 ψυχὰς,
643 593 739 662 τῆς
754 590 954 663 νοητῆς
966 591 1270 662 εὐκαρπίας
1292 589 1755 661 ἁπογυμνοῦντες.

260 687 319 739 ’0
382 685 524 751 Θεὸς
558 683 887 752 δυνάμεων,
938 684 1327 753 ἐπίστρεψον.
1403 684 1649 738 Ἱκετεύω
1699 702 1757 737 σε

178 777 360 830 τοίνυν
389 778 481 830 τὸν
518 777 739 830 δυνατὸν
772 778 1051 847 Δεσπότην
1076 776 1203 829 ίὸεἰν
1225 777 1429 831 ἄνωθεν
1457 777 1557 847 τῆς
1582 777 1762 848 ἀμπέ-

178 868 273 921 λου
306 868 408 939 τὴν
427 866 626 937 λώϐην,
661 870 753 921 καὶ
780 868 1074 939 θεραπείας
1103 869 1333 935 ἀξιῶσαι
1361 870 1421 922 τὸ
1449 868 1639 931 πάθος.
1696 870 1759 921 Ἡ

181 959 250 1031 σὴ
288 961 399 1032 γὰρ
426 959 566 1032 αῦτη
596 962 823 1032 πρόνοια
867 959 967 1031 τὴν
1012 961 1281 1032 προτέραν
1316 961 1515 1014 ἔδωκεν
1562 960 1760 1030 εὐκλη-

184 1054 329 1125 ρίαν.

252 1145 363 1199 Kal
391 1145 737 1214 κατάρτισαι
768 1144 963 1214 αὐτὴν
1009 1142 1091 1212 ἢν
1131 1144 1468 1214 ἐφύτευσεν
1506 1145 1545 1213 ἡ
1595 1142 1762 1207 δεξιά

179 1251 321 1293 σου.
364 1237 582 1308 Ἐπειδὴ
616 1238 680 1291 σὺ
714 1238 907 1308 αὐτὴν,
949 1238 1103 1307 φησὶ,
1156 1236 1593 1305 κατεφύτευσας,
1643 1230 1761 1288 εἶτα

179 1328 409 1397 γέγονεν
456 1328 946 1398 ἑμπεπυρισμένη
993 1328 1090 1382 καὶ
1144 1327 1601 1397 κατεσκαμμένη
1667 1329 1762 1381 καὶ

181 1418 455 1483 ἀπόλωλε,
482 1418 573 1471 σοῦ
604 1419 772 1490 αὐτὴν
805 1420 1243 1490 ἐπιτιμήσαντος,
1298 1419 1623 1490 κατάρτισαι
1664 1419 1761 1471 αύ-

181 1511 283 1581 τὴν
314 1511 406 1564 καὶ
433 1511 655 1582 ἑτοίμην
680 1513 759 1573 εἰς
790 1511 1063 1581 σωτηρίαν
1095 1510 1511 1581 παρασκεύασον
1534 1527 1545 1540 ·
1588 1526 1765 1581 παρα-

186 1602 455 1656 σκεύασον
482 1602 539 1655 δὲ
560 1603 649 1655 διὰ
670 1600 763 1654 τοῦ
795 1602 911 1655 υἱοῦ
938 1602 1030 1655 τοῦ
1060 1602 1368 1674 ἀνθρώπου.
1403 1602 1476 1656 Τὸ
1504 1603 1635 1675 γὰρ,
1662 1602 1761 1655 ἐπὶ

182 1695 322 1750 υιόν
376 1694 711 1763 ἀνθρώπου,
744 1695 832 1748 διὰ
858 1694 953 1747 τοῦ
994 1696 1110 1748 υἱοῦ
1152 1694 1441 1768 ἀνθρώπου
1488 1696 1759 1768 σημαίνει.

185 1788 284 1851 Τίς
322 1787 377 1840 δέ
412 1790 559 1840 ἐστιν
590 1789 618 1840 ὁ
652 1788 769 1851 υίὸς
798 1787 891 1840 τοῦ
921 1788 1205 1858 ἀνθρώπου
1241 1788 1272 1858 ἦ
1299 1788 1459 1851 αὐτὸς
1492 1790 1520 1841 ὁ
1560 1786 1766 1858 Κύριος

1859 605 1999 651 mas,
2028 598 2083 643 et
2114 590 2381 658 spirituali
2414 588 2687 644 fructuum
2716 592 2871 660 copia
2900 592 3224 660 exspoliant.

1931 679 2019 733 I5.
2050 679 2191 733 Deus
2220 680 2493 742 virtutum,
2531 690 2843 733 convertere.
2883 680 3153 751 Deprecor
3183 693 3235 737 te
3265 684 3428 753 igitur

1859 780 2133 841 potentem
2183 770 2494 833 Dominum,
2554 781 2614 826 ut
2667 773 2929 841 respicias
2963 773 3028 827 de
3083 774 3220 828 coelo
3258 777 3429 830 vineae

1860 864 2178 934 perniciem,
2202 873 2256 919 et
2277 864 2574 920 remedium
2606 865 2815 918 vulneri
2844 866 3103 933 applices.
3136 865 3250 919 Tua
3280 869 3425 920 enim

1862 956 1979 1025 ipsa
2009 955 2347 1025 providentia
2380 957 2616 1027 priorem
2652 956 2800 1010 illam
2849 957 3108 1027 optimam
3161 958 3429 1013 conditio-

1861 1063 1983 1101 nem
2010 1048 2247 1102 dederat.

1934 1138 2022 1203 16,
2054 1138 2139 1192 I7.
2169 1136 2240 1190 Et
2258 1140 2447 1208 perﬁce
2468 1155 2583 1192 eam
2610 1155 2769 1209 quam
2791 1139 3047 1209 plantavit
3071 1140 3287 1193 dextera
3315 1152 3425 1194 tua.

1862 1226 2130 1293 Quoniam
2166 1238 2245 1292 tu,
2285 1229 2483 1299 inquit,
2508 1228 2764 1298 plantasti
2801 1229 2973 1293 illam,
3005 1244 3069 1283 ac
3095 1230 3289 1283 deinde
3330 1230 3434 1284 fuit

1862 1321 2074 1376 incensa
2107 1322 2214 1391 igni
2246 1331 2294 1375 et
2321 1322 2553 1389 suffossa
2588 1327 2751 1390 atque
2782 1322 2964 1392 periit,
2993 1333 3046 1377 te
3077 1323 3222 1376 illam
3257 1325 3431 1376 corri-

1863 1412 2065 1483 piente,
2097 1412 2287 1481 perﬁce
2312 1427 2428 1464 eam
2459 1419 2515 1464 et
2545 1422 2787 1480 paratam
2835 1413 2998 1465 redde
3038 1413 3103 1465 ad
3160 1412 3387 1466 salutem
3416 1430 3431 1477 ;

1864 1518 2107 1573 prwpara
2160 1513 2339 1557 autem
2392 1502 2541 1555 illam
2590 1517 2688 1571 per
2738 1501 2910 1556 lilium
2965 1503 3243 1557 hominis:
3302 1504 3433 1557 illud

1864 1596 2031 1659 enim,
2067 1612 2223 1664 super
2253 1595 2428 1664 ﬁlium
2467 1593 2715 1655 hominis,
2752 1609 2845 1661 per
2876 1593 3048 1647 lilium
3093 1594 3328 1648 hominis
3362 1597 3434 1647 si-

1866 1687 2108 1754 gniﬁcat.
2157 1685 2292 1752 Quis
2342 1695 2524 1740 autem
2559 1694 2642 1739 est
2691 1684 2838 1738 tilius
2890 1684 3133 1739 hominis
3161 1684 3266 1738 nisi
3323 1685 3436 1753 ipse

1867 1784 2133 1837 Dominus
2186 1790 2412 1846 noster,
2478 1789 2537 1833 ut
2604 1780 2718 1849 ipse
2773 1777 2841 1832 de
2903 1793 2963 1832 se
3009 1778 3063 1831 in
3128 1777 3436 1849 Evangeliis

186 1876 368 1950 ἡμῶν,
382 1877 457 1941 ὼς
473 1876 633 1941 αὐτὸς
652 1878 779 1949 περὶ
797 1878 988 1931 ἑαυτοῦ
1009 1881 1067 1930 ὲν
1083 1881 1193 1941 τοῖς
1212 1877 1567 1945 Εύαγγελίοις
1591 1877 1724 1947 φησί
1749 1894 1762 1943 ;
1796 1859 1839 1913 Β
1867 1875 1999 1931 dicit
2018 1875 2041 1929 τ

259 1967 580 2037 Γενηθήτω
629 1970 667 2036 ή
706 1969 836 2036 χείρ
875 1984 992 2022 σου
1031 1969 1124 2021 ἐπ’
1152 1968 1341 2035 ἄνδρα
1381 1966 1583 2033 δεξιᾶς
1628 1982 1763 2023 σου.

187 2064 361 2136 Αὕτη,
410 2064 655 2134 φησ“ιν,ὴ
694 2063 891 2134 πρᾶξις
923 2065 957 2135 ή
1000 2064 1097 2135 τῆς
1145 2063 1421 2133 σωτηρίας
1469 2061 1562 2116 τοῦ
1600 2061 1764 2127 λαοῦ,

186 2159 313 2229 ἥτις
334 2158 426 2210 καὶ
453 2157 540 2209 διὰ
567 2155 665 2225 τῆς
708 2156 888 2227 χειρὸς
928 2154 1275 2225 σημαίνεται,
1318 2155 1411 2207 ἐπ’
1453 2152 1643 2221 ἄνδρα
1672 2152 1767 2206 δε-

189 2248 325 2315 ξιᾶς
356 2263 472 2303 σου
523 2247 844 2318 γενηθήτω,
893 2247 1136 2300 τουτέστι
1186 2246 1275 2299 διὰ
1320 2245 1414 2298 τοῦ
1456 2245 1647 2315 ἀνδρὸς
1674 2244 1768 2297 τοῦ

186 2342 341 2404 ὄντος
370 2338 548 2404 δεξιᾶς
573 2357 686 2393 σου.
720 2340 830 2392 Καὶ
860 2339 947 2403 τίς
967 2322 1119 2402 οὗτος
1143 2339 1175 2409 ἢ
1206 2341 1234 2390 ὁ
1275 2339 1403 2401 Υἱὸς
1439 2337 1529 2391 τοῦ
1556 2335 1766 2407 ἀνθρὼ-

187 2449 318 2496 που,
348 2432 405 2495 ὃς
437 2432 555 2483 ἐστι
586 2430 735 2496 δεξιὰ
766 2429 860 2482 τοῦ
908 2429 1140 2499 Πατρὸς,
1180 2430 1228 2481 εί
1272 2429 1365 2482 καὶ
1413 2429 1636 2497 γέγονεν
1674 2430 1768 2484 ἄν-

186 2524 445 2598 ορωπος;
483 2522 728 2574 Ἐπειδὰν
761 2520 819 2573 δὲ
845 2520 1004 2572 τοῦτο
1029 2521 1272 2591 γένηται,
1308 2520 1402 2573 καὶ
1431 2518 1580 2593 σώσῃ
1598 2522 1766 2592 ἡμᾶς,

186 2615 377 2684 φησιν,
406 2614 440 2684 ἡ
466 2611 614 2677 δεξιά
641 2628 753 2675 σου,
787 2611 815 2662 ὁ
838 2610 1183 2682 χρηματίσας
1206 2613 1344 2682 ἀνὴρ
1378 2613 1472 2665 καὶ
1514 2613 1641 2675 Υἱὸς
1678 2613 1769 2664 ἀν-

187 2706 433 2779 θρώπου,
473 2706 574 2759 οὐκ
622 2704 687 2758 ἄν
723 2721 851 2757 ποτε
886 2704 1212 2775 ἁποστῶμεν
1246 2704 1354 2757 ἀπὸ
1389 2703 1504 2769 σοῦ,
1538 2704 1634 2757 ἆτε
1671 2704 1769 2774 τῆς

190 2800 293 2871 σῆς
326 2798 470 2868 ζωῆς
508 2795 900 2867 μεταλαϐόντες
926 2839 940 2864 ,
987 2796 1083 2850 καὶ
1131 2795 1210 2867 τῷ
1258 2796 1335 2867 σῷ
1383 2794 1769 2866 ἐπικληθέντες

188 2890 436 2961 ὀνόματι,
468 2886 715 2940 τουτέστι
741 2885 1077 2956 Χριστιανοί.

262 2982 443 3049 Κύριε
472 2983 505 3034 ό
538 2977 682 3045 Θεὸς
701 2976 819 3031 τῶν
843 2974 1175 3044 δυνάμεων,
1200 2975 1571 3043 ἐπίστρεψον
1589 2971 1766 3042 ἡμᾶς.

191 3073 442 3145 Συπχῶς
475 3072 573 3143 τὴν
600 3069 810 3123 ἱκεσίαν
840 3068 1234 3141 προϐάλλεται,
1286 3067 1627 3120 ἐπισπεύδων
1671 3067 1771 3137 τὴν

1939 1964 2025 2027 I8,
2063 1962 2150 2018 I9.
2188 1962 2315 2017 Fiat
2345 1979 2530 2017 manus
2557 1972 2647 2014 tua
2670 1977 2826 2031 super
2849 1961 3019 2014 virum
3050 1960 3280 2015 dextera:
3309 1969 3433 2013 tuaz.

1868 2056 2016 2121 llaec,
2051 2054 2249 2125 inquit,
2292 2065 2376 2109 est
2419 2054 2664 2123 Operatio
2698 2053 2891 2107 salutis
2929 2053 3137 2122 populi,
3191 2067 3311 2122 quae
3344 2067 3439 2121 per

1869 2164 2090 2204 manum
2135 2148 2424 2211 indicatur,
2457 2161 2611 2214 super
2636 2146 2802 2198 virum
2822 2143 3053 2197 dextera:
3096 2153 3200 2198 tua:
3237 2145 3355 2212 ﬁat,
3386 2143 3437 2196 id

1868 2251 1951 2297 est
1983 2256 2078 2309 per
2113 2239 2288 2293 virum
2317 2238 2412 2308 qui
2445 2247 2528 2293 est
2561 2237 2784 2291 dextera
2837 2245 2948 2288 tua.
2986 2233 3190 2304 Ecquis
3224 2235 3312 2289 ille
3353 2244 3437 2288 est

1871 2335 1975 2388 nisi
2000 2332 2171 2387 Filius
2200 2333 2461 2396 hominis,
2494 2332 2588 2400 qui
2616 2340 2700 2387 est
2734 2331 2956 2385 dextera
2987 2328 3188 2396 Patris,
3222 2331 3436 2385 etiamsi

1872 2423 2051 2479 lactus
2086 2424 2157 2478 sit
2196 2422 2403 2475 homo?
2429 2420 2565 2475 Cum
2603 2430 2784 2475 autem
2822 2422 2925 2474 hoc
2959 2419 3162 2474 factum
3192 2420 3355 2475 fuerit
3387 2431 3442 2475 ct

1872 2516 2057 2571 salvos
2103 2529 2206 2569 nos
2248 2513 2438 2568 fecerit
2476 2512 2695 2566 dextera
2729 2520 2841 2578 tua,
2873 2510 2967 2580 qui
3013 2512 3228 2566 vocaris
3261 2513 3343 2566 vir
3388 2524 3443 2567 et

1873 2609 2046 2663 Filius
2082 2606 2197 2673 Dei,
2231 2621 2511 2675 nunquam
2554 2604 2898 2659 discedemus
2929 2618 2959 2658 a
2991 2611 3062 2668 te,
3116 2612 3300 2674 utpote
3347 2606 3440 2673 qui

1873 2701 1997 2754 vita:
2025 2710 2130 2754 tua:
2161 2698 2453 2768 participes
2485 2698 2678 2762 simus,
2717 2706 2769 2751 et
2804 2706 2897 2749 tuo
2940 2696 3163 2751 nomine
3209 2698 3442 2767 appelle-

1873 2807 2016 2858 mur,
2049 2792 2102 2844 id
2128 2796 2211 2846 est
2238 2788 2558 2844 Christiani.

1940 2984 2032 3043 20.
2067 2985 2285 3039 Domine
2308 2984 2450 3039 Deus
2485 2986 2760 3053 virtutum,
2793 2994 3029 3040 converte
3063 3003 3177 3040 nos.
3212 2986 3443 3042 Assidue

1874 3077 2329 3147 supplicationem
2355 3078 2557 3130 emittit
2589 3078 2849 3147 gestiens,
2887 3086 2949 3132 ut
2997 3076 3319 3148 Unigenitus
3353 3096 3444 3150 ap-

192 3166 517 3234 ἐπιφάνειαν
542 3160 793 3230 γενέσθαι
819 3159 913 3213 τοῦ
945 3158 1304 3226 Μονογενοῦς,
1341 3160 1409 3211 δι’
1439 3155 1499 3213 οῦ
1531 3160 1626 3212 καὶ
1664 3174 1768 3210 σω-

1874 3180 2081 3239 pareat,
2115 3185 2209 3224 uer
2234 3185 2395 3224 ouem
2422 3170 2651 3224 salutem
2689 3169 2789 3239 ipsi
2826 3182 3252 3240 consequentur.

192 3259 471 3313 θήσονται.

268 3278 471 3311 σονται.

228 3278 261 3330 η
368 3350 474 3413 Εἰς
506 3346 681 3411 τέλος
720 3344 871 3412 ὑπὲρ
899 3342 1017 3398 τῶν
1052 3342 1258 3410 ληνῶν
1290 3344 1598 3397 ΨΑΛΜΟΣ

563 3436 645 3503 τῷ
686 3436 887 3505 Ἀσάφ,
918 3434 1277 3501 exanguem.
1315 3436 1398 3485 η’.

825 3526 1148 3589 Ὑπόθεσις.

198 3620 340 3690 Ἤδη
392 3618 484 3671 τὸν
519 3617 702 3684 ὃγδοον
757 3602 1150 3686 ἑρμηνεύοντες
1182 3611 1606 3687 ἀποδεδώκαμεν
1634 3610 1772 3669 εἶναι

266 3708 461 3779 ληνοὺς
497 3708 595 3771 τὰς
651 3705 995 3777 Ἑκκλησίας.
1032 3706 1217 3759 Ἔστιν
1249 3703 1449 3760 οὖνκαὶ
1485 3709 1547 3760 ἐκ
1585 3707 1772 3760 τούτου

268 3801 362 3855 τοῦ
387 3799 604 3872 ψαλμοῦ
634 3800 779 3861 ἰδεῖν,
820 3799 895 3862 ὡς
918 3798 1073 3852 καλεῖ
1090 3798 1160 3851 τὰ
1193 3798 1318 3870 ἔθνη
1357 3799 1496 3868 πρὸς
1536 3800 1633 3871 τὴν
1680 3800 1773 3853 πί-

269 3910 388 3947 στιν
417 3893 514 3965 τὴν
547 3894 626 3956 εἰς
648 3892 738 3944 τὸν
760 3891 961 3962 Κύριον
980 3906 993 3919 ⁸
1012 3893 1194 3954 αὐτοῖς
1218 3890 1565 3945 διδασκαλίαν
1594 3894 1774 3945 ποιού-

267 4003 428 4059 μενος
465 3983 559 4038 τοῦ
597 3985 805 4055 μήποτε
838 3982 1141 4052 ἀποστῆναι
1170 3982 1355 4048 αὐτοῦ,
1391 3984 1490 4054 τὴν
1530 3981 1621 4036 τοῦ
1649 4002 1775 4055 προ-

268 4078 430 4142 τέρου
460 4073 592 4129 λαοῦ
622 4073 709 4128 διὰ
735 4072 833 4144 τὴν
866 4072 1063 4127 κακίαν
1090 4073 1360 4145 ἀποϐολὴν
1395 4073 1589 4143 λέγων.

282 4166 668 4241 Ἅτηλλιᾶσθε
706 4166 785 4232 τῷ
808 4165 929 4232 Θεῷ
952 4164 1033 4231 τῷ
1057 4164 1263 4234 ,ϐοηθῷ
1298 4166 1469 4234 ἡμῶν
1488 4207 1503 4232 ,
1542 4166 1774 4220 ἀλαλά-

196 4265 343 4327 εατε
373 4260 455 4327 τῷ
492 4258 612 4324 Θεῷ
665 4257 873 4312 Ἰακώϐ.
934 4258 1270 4328 ’Ᾱλαλαγμός
1314 4260 1461 4311 ἐστιν
1513 4259 1775 4322 ὲπινίκιος

198 4356 390 4424 ῦμνος.
420 4350 857 4423 Παρακελεύεται
886 4343 977 4403 οῦν
999 4352 1111 4412 τοῖς
1137 4348 1311 4403 ἔθνεσι
1343 4348 1420 4420 τῷ
1450 4348 1774 4421 βοηθήσαντι

196 4443 353 4517 Θεῷ,
404 4443 497 4494 καὶ
524 4445 586 4493 ἐκ
620 4445 720 4512 τῆς
751 4441 857 4493 τῶν
910 4439 1180 4511 δαιμόνων
1235 4441 1431 4504 αὐτοὺς
1487 4443 1775 4513 ῥυσαμένῳ

200 4535 679 4597 κσταδυναστείας,
709 4534 807 4596 τὰς
841 4532 1135 4596 ἐπινικίους
1164 4532 1311 4604 ᾄδειν
1344 4532 1504 4603 ᾠδάς.

275 4628 497 4684 Addere
519 4626 794 4694 ψαλμὸν,
842 4625 937 4679 καὶ
991 4625 1128 4679 δότε
1165 4628 1493 4695 τύμπανον.
1548 4624 1777 4696 Ψαλμδν

2035 3350 2085 3405 I.
2118 3348 2184 3403 In
2211 3350 2391 3419 ﬁnem,
2420 3366 2513 3418 pro
2538 3350 2889 3404 torcularibus
2929 3349 3267 3406 PSALMUS

2364 3442 2465 3509 ipsi
2495 3443 2696 3508 Asaph.
2726 3430 2948 3497 LXXX.

2460 3535 2862 3604 Argumentum.

1874 3623 1992 3681 Jam
2031 3642 2153 3681 cum
2190 3636 2442 3681 octavum
2481 3627 2964 3695 interpretaremur
2996 3626 3232 3683 diximus
3265 3638 3417 3684 lorcu

1947 3719 2083 3772 Iaria
2115 3716 2385 3771 Ecclesias
2442 3733 2585 3774 esse.
2638 3716 2837 3773 Videre
2886 3718 3050 3788 igitur
3097 3728 3182 3773 est
3232 3735 3297 3772 ex
3347 3720 3448 3774 hoc

1946 3824 2163 3878 quoque
2189 3809 2400 3878 psalmo
2430 3810 2608 3878 ipsum
2645 3824 2842 3863 vocare
2887 3820 3072 3877 gentes
3101 3808 3167 3862 ad
3201 3810 3358 3864 [idem
3392 3812 3444 3863 in

1946 3897 2258 3951 Domimnn.
2290 3896 2421 3950 Eam
2454 3898 2758 3951 doctrinam
2804 3898 3051 3967 praebens
3078 3898 3182 3952 illis
3218 3906 3278 3953 ut
3308 3916 3449 3953 nun-

1946 4005 2108 4060 quam
2140 3986 2425 4042 discedant
2463 3988 2532 4042 ab
2564 3987 2703 4057 ipso,
2737 3988 2937 4058 prioris
2971 3988 3156 4058 populi
3193 3988 3445 4057 impieta-

1950 4082 2017 4136 tis
2046 4096 2209 4134 causa
2240 4080 2594 4149 abjeclionem
2633 4080 2973 4147 signiﬁcans.

1945 4172 2000 4225 2.
2041 4170 2321 4225 Exsultate
2370 4171 2476 4223 Deo
2527 4171 2764 4241 adjutori
2803 4180 3024 4235 nostra,
3066 4168 3293 4237 jubilate
3342 4169 3447 4223 Deo

1875 4261 2347 4317 Jacob.Juhilatio
2392 4271 2474 4315 est
2527 4263 2769 4315 victoriae
2820 4277 3063 4315 carmen.
3115 4260 3444 4314 Cohorlatur

1880 4357 2059 4425 itaque
2087 4362 2273 4424 gentes
2308 4362 2367 4406 ut
2402 4350 2511 4406 Deo
2565 4354 2872 4417 auxilianti,
2928 4354 3021 4422 qui
3056 4369 3099 4423 a_
3135 4352 3443 4406 dazmonum

1882 4454 2150 4515 potestate
2218 4443 2365 4513 ipsos
2450 4443 2827 4508 liberaverat,
2906 4442 3138 4513 hymnos
3210 4441 3450 4495 victoria:

1811 4538 1850 4592 D
1880 4548 2098 4592 canant.

1954 4631 1987 4684 5
2034 4628 2238 4685 Sumite
2262 4630 2543 4697 psalmum.
2579 4635 2628 4678 et
2658 4626 2781 4677 date
2823 4633 3148 4693 tympanum.
3173 4621 3449 4678 Psalmum

200 4726 263 4775 ὲν
291 4719 501 4782 τούτοις
523 4718 620 4787 τὴν
645 4716 795 4770 θείαν
821 4716 1172 4769 διδασκαλίαν
1212 4717 1366 4786 φησι,
1400 4715 1691 4785 Τύμπανον
1722 4715 1768 4769 δὲ

1882 4720 1969 4775 hic
2001 4728 2180 4785 vocat,
2226 4718 2465 4772 divinam
2503 4716 2853 4781 doctrinam;
2906 4723 3220 4785 tympanum
3271 4722 3450 4767 autem

200 4811 437 4884 ὗργανύν
464 4812 579 4863 ἐστι
606 4809 672 4861 ὲκ
702 4796 986 4879 δερμάτων
1021 4806 1409 4876 πεποιημένον.
1446 4806 1612 4874 Λέγει
1659 4800 1775 4858 οῦν·

215 4905 475 4974 Ἕπήκοοι
525 4904 639 4966 τοῖς
686 4900 850 4964 θείοις
906 4900 1107 4969 λογίοις
1138 4899 1440 4970 γενόμενοι,
1471 4897 1779 4967 παραστή-

203 5012 357 5051 σατε
380 4994 450 5047 τὰ
481 4994 723 5063 σώματα
748 4990 914 5063 ὑμῶν
950 4993 1169 5048 θυσίαν
1193 4991 1387 5053 ζῶσαν
1407 5031 1422 5056 ,
1456 4990 1783 5059 εὐπρόσδε-

205 5104 360 5143 κτον
390 5083 471 5150 τῷ
494 5085 635 5150 Θεῷ.
681 5083 1026 5153 Ψαλτήριον
1054 5083 1311 5155 τερπνὸν
1333 5085 1484 5153 μετὰ
1516 5082 1779 5150 κιθάρας.

1881 4824 1967 4869 est
1992 4815 2415 4868 instrumentum
2471 4810 2704 4880 pellibus
2756 4806 3086 4861 confectum.
3122 4805 3212 4858 Ait
3245 4805 3406 4875 igitur
3437 4825 3449 4859 :

1884 4903 2260 4975 Obsequentcs
2304 4902 2504 4956 divinis
2538 4902 2797 4971 eloquiis,
2845 4900 3079 4953 exhibete
3123 4915 3340 4967 corpora
3372 4914 3455 4950 ve-

1885 5009 1996 5052 stra
2028 4999 2256 5051 hostiam
2286 4997 2558 5061 viventem,
2589 4994 2697 5048 Deo
2726 4994 3094 5063 placentem".
3130 4990 3452 5044 Psalterium

1876 5091 2171 5160 jucundum
2191 5105 2308 5143 cum
2326 5087 2549 5141 cithara.
2570 5085 2894 5141 Psalterium
2917 5098 3133 5138 rursum
3154 5096 3354 5149 corpus
3374 5080 3455 5134 di-

203 5176 522 5247 Ὓαλτήριον
554 5174 717 5226 πάλιν
754 5175 814 5227 τὸ
846 5173 1005 5243 σῶμά
1039 5191 1192 5243 φησι,
1228 5174 1314 5226 διὰ
1354 5173 1452 5244 τὴν
1490 5173 1768 5243 γινομένηη

1886 5184 1978 5245 cit,
1998 5182 2065 5235 ob
2087 5193 2411 5234 consensum
2435 5186 2489 5231 et
2518 5176 2918 5246 coaptationem
2947 5173 3145 5227 anima:
3169 5186 3291 5225 cum
3326 5169 3417 5221 illo
3440 5213 3454 5232 ,

211 5269 533 5339 συμφωνίαν
564 5268 658 5319 καὶ
687 5268 1050 5339 συναρμονίαν
1082 5268 1217 5339 πρὸς
1251 5267 1384 5321 αὐτὸ
1435 5267 1531 5338 τῆς
1562 5266 1741 5336 ψυχῆς
1761 5282 1777 5298 ο

208 5363 277 5414 ἶν’
312 5361 491 5431 ἄρτιοι
520 5362 780 5430 γένωνται
808 5361 857 5413 oi
889 5360 981 5415 τοῦ
1010 5358 1145 5413 Θεοῦ
1194 5358 1469 5429 ἂνθρωποι
1492 5400 1506 5423 ,
1556 5358 1649 5410 καὶ
1686 5357 1780 5421 τὰς

208 5452 388 5525 ψυχὰς
416 5452 759 5516 ἀνατιθέντες
790 5451 867 5523 τῷ
890 5451 1029 5522 Θεῷ,
1061 5452 1153 5505 καὶ
1183 5450 1242 5503 τὸ
1279 5450 1458 5521 σῶμα,
1492 5451 1549 5502 οὐ
1589 5448 1667 5519 τῷ
1695 5448 1786 5502 κὸ-

213 5559 358 5612 σμῳ,
384 5540 519 5597 ἀλλὰ
540 5543 747 5613 Κυρίῳ.

287 5631 630 5687 Σαλπίσατε
650 5633 717 5684 ἐν
741 5633 1022 5700 νεομ-ηνίᾳ
1054 5633 1361 5703 σάλπιγγι.
1389 5632 1595 5701 ’Ὠσπερ
1618 5630 1780 5684 πάλαι

299 5802 343 5834 ’⁵
378 5800 533 5853 Rom.
583 5814 676 5856 xu.
710 5796 756 5848 I.

545 5892 809 5950 ΡΑτιιοι.
844 5887 959 5946 Gn.
997 5886 1252 5949 XXVII.

1888 5286 1948 5330 ut
1982 5274 2073 5329 Dei
2105 5272 2358 5326 homines
2391 5268 2615 5341 perfecti
2644 5268 2774 5334 sint,
2806 5276 2858 5322 et
2894 5265 3104 5319 animas
3135 5262 3244 5316 Deo
3270 5262 3456 5317 dican-

1890 5376 1972 5420 tes
2002 5374 2052 5419 et
2080 5379 2302 5434 corpus,
2361 5377 2466 5417 non
2499 5359 2724 5422 mundo,
2758 5358 2849 5413 sed
2871 5355 3125 5412 Domino.

1969 5626 2022 5689 4,
2058 5625 2107 5679 5.
2143 5622 2432 5677 Burcinate
2454 5622 2506 5674 in
2544 5623 2811 5676 neomeuia
2849 5619 2995 5673 tuba.
3034 5619 3185 5672 Sicut
3217 5616 3349 5670 olim
3381 5610 3459 5668 Iti-

3149 5874 3218 5933 12
