4070 6454
616 404 722 461 365

1415 407 1470 461 5.
1514 407 1879 464 ATHANASII
1917 406 2066 462 OPP.
2102 403 2284 460 PARS
2324 403 2413 459 lli.
2456 429 2524 441 -—
2562 399 2971 455 EXEGETICA.

3753 398 3869 455 364

618 518 730 573 rael
782 517 1069 573 sensibites
1109 533 1331 572 sumens
1358 519 1515 573 tubas
1560 521 1615 574 in
1666 520 1953 575 neomenia
2001 519 2186 574 bucci-

2293 517 2417 568 ποτὲ
2438 516 2466 567 6
2503 513 2716 586 Ἰσραὴλ
2741 512 3005 584 αἰσθητάς
3033 512 3326 582 λαμϐάνων
3371 512 3679 581 σάλπιγγας
3714 514 3773 566 ἐν
3802 517 3871 585 τῇ

616 608 801 674 nabat,
830 609 959 677 quia
993 608 1096 662 hoc
1124 617 1451 677 praeceptum
1487 610 1711 664 dederat
1762 610 1909 665 Deus
1940 611 1992 664 in
2030 612 2184 665 testi-

614 700 858 753 monium
886 700 1031 770 quod
1066 700 1276 754 liberati
1308 700 1539 755 fuissent
1561 716 1627 755 es
1663 702 1981 773 [Egyptiaca
2011 702 2184 757 servi-

614 800 769 857 tute;
810 793 882 845 ita
913 801 967 846 et
998 807 1170 847 novus
1216 793 1449 862 populus
1499 794 1811 865 evangelica
1854 810 1986 850 usus
2034 794 2183 858 tuba,

615 883 775 953 cujus
825 899 996 939 sonus
1050 885 1101 938 in
1147 898 1364 937 omnem
1416 892 1615 938 terram
1676 886 1891 949 exivit,
1929 885 2081 955 jubet
2129 885 2183 939 in

615 974 919 1029 neomeniis
954 975 1080 1028 tuba
1110 988 1326 1037 canere,
1364 974 1417 1027 id
1450 984 1535 1029 est
1566 975 1619 1028 in
1656 975 2009 1029 renovatione
2032 990 2183 1027 men-

617 1065 689 1120 tis
715 1066 854 1135 ejus,
885 1066 1151 1120 conﬁtens
1183 1066 1297 1134 ipse
1330 1075 1493 1134 atque
1522 1065 1822 1122 testiﬁcans
1852 1067 1997 1137 quod
2030 1067 2182 1120 illum

615 1171 682 1211 ex
716 1158 985 1227 spirituali
1014 1156 1249 1229 Egypto
1278 1158 1544 1225 liberarit,
1590 1159 1643 1212 id
1694 1169 1779 1214 est
1822 1175 1887 1213 ex
1921 1167 2185 1229 potestate

614 1248 985 1301 tenebrarum.

683 1423 736 1477 6.
766 1422 1026 1494 Linguam
1054 1439 1208 1491 quam
1242 1438 1344 1475 non
1396 1432 1604 1476 noverat
1651 1422 1872 1475 audivit.
1919 1419 2181 1489 Populus,

614 1512 813 1583 inquit,
844 1528 1097 1581 egressus
1124 1528 1189 1566 ex
1225 1512 1483 1581 Egypto,
1514 1510 1720 1564 audivit
1753 1510 1991 1578 linguam
2018 1522 2183 1577 quam

614 1606 745 1660 olim
798 1619 907 1659 non
954 1612 1132 1658 norat.
1171 1602 1355 1672 Ecqua
1384 1602 1472 1655 illa
1523 1600 1627 1656 fuit
1666 1600 1771 1654 nisi
1822 1614 1925 1653 vox
1982 1597 2077 1653 Dei
2130 1600 2183 1651 in

613 1706 798 1752 monte
827 1698 894 1751 ad
923 1697 1185 1766 populum
1228 1695 1430 1750 emissa
1457 1695 1480 1746 ἲ

686 1790 737 1843 7.
770 1788 996 1843 Divertit
1020 1788 1083 1841 ab
1117 1786 1357 1840 oneribus
1391 1786 1607 1838 dorsum
1635 1784 1769 1853 ejus.
1814 1782 1981 1848 Quasi
2018 1782 2181 1846 dicat,

2291 606 2549 677 νεομηνία
2575 605 2853 667 ἐσάλπιζε,
2879 603 3037 657 τοῦτο
3063 604 3387 675 πρόσταγμα
3432 603 3728 668 δεδωκότος
3774 606 3872 660 τοῦ

2290 696 2447 761 Θεοῦ,
2480 697 2573 748 καὶ
2606 695 2903 766 μαρτύριον
2926 693 3019 747 τοῦ
3064 694 3492 766 ἐλευθερωθῆναι
3532 694 3730 758 αὐτοὺς
3772 695 3872 765 τῆς

2292 787 2351 851 ἐξ
2376 786 2651 854 Αἰγύπτου
2672 785 2914 847 δουλείας
2931 800 2944 814 ⁶
2972 783 3113 837 οὕτω
3130 784 3223 837 καὶ
3248 784 3410 846 ὁνὲος
3428 783 3575 848 λαὸς,
3605 787 3673 854 τῇ
3707 784 3875 852 εύαγυ

2290 880 2477 950 γελικῇ
2512 878 2794 949 χρώμενος
2836 877 3118 945 σάλπιγγι,
3159 871 3227 948 ἦς
3257 879 3285 930 6
3321 877 3553 946 φθόγγος
3578 879 3656 940 είς
3692 879 3873 930 πᾶσαν

2291 971 2389 1040 τὴν
2425 972 2527 1038 γῆν
2556 968 2799 1039 ἐξῆλθεν,
2824 968 3103 1021 κελεύεται
3127 971 3183 1022 ἐν
3207 971 3326 1031 ταῖς
3357 969 3670 1040 νεομηνίαις
3688 968 3875 1021 σαλπί-

2292 1060 2434 1126 ζειν,
2484 1062 2760 1114 τουτέστιν
2815 1061 2871 1112 ἐν
2906 1064 2973 1130 τῇ
3004 1061 3341 1114 άνακαινίσει
3374 1058 3469 1112 τοῦ
3516 1060 3635 1122 νοὸς
3670 1057 3871 1111 αύτοῦο

2289 1152 2565 1224 ὁμολογῶν
2595 1153 2689 1205 καὶ
2718 1153 2880 1215 αὐτὸς
2914 1153 3008 1205 καὶ
3035 1151 3357 1224 μαρτυρῶν,
3407 1153 3489 1204 ὅτι
3522 1151 3587 1221 δὴ
3615 1151 3779 1204 αὑτὸν
3809 1152 3872 1202 ἐκ

2290 1246 2387 1315 τῆς
2410 1245 2605 1315 νοητῆς
2634 1242 3006 1316 ἠλευθέρωσεν
3037 1244 3335 1313 Αἰγύπτου,
3367 1243 3644 1297 τουτέστιν
3674 1244 3740 1295 ἐκ
3770 1242 3873 1313 τῆς

2291 1336 2546 1401 ἐξουσίας
2582 1335 2675 1389 τοῦ
2704 1334 2948 1399 σκότους.

2358 1428 2663 1482 Γλῶσσαν
2690 1426 2769 1495 ἢν
2795 1430 2905 1481 οὐκ
2933 1427 3087 1498 ἔγνω
3119 1425 3410 1495 ἤκουσεν.
3439 1426 3495 1479 '0
3512 1426 3662 1490 λαὸς,
3684 1422 3871 1493 φησὶν.

2292 1518 2525 1585 ἐξελθὼν
2559 1522 2623 1572 ἐκ
2648 1519 2745 1584 τῆς
2774 1518 3072 1587 Αἰγύπτου,
3103 1518 3301 1588 ἢκουσε
3326 1516 3576 1585 γλῶσσαν
3604 1517 3675 1586 ἢν
3698 1514 3870 1570 πάλαι

2288 1610 2389 1662 οὐκ
2423 1609 2584 1678 ἔγνω.
2621 1610 2733 1663 Καὶ
2793 1609 2921 1662 ποία
2951 1607 3090 1680 αὕτη
3137 1608 3169 1677 ἦ
3222 1610 3255 1678 ἠ
3291 1608 3385 1661 τοῦ
3418 1606 3553 1661 Θεοῦ
3592 1606 3731 1679 πρὸς
3778 1606 3875 1661 τὸν

2291 1698 2417 1753 λαὸν
2445 1699 2700 1770 γινομένη
2725 1701 2783 1752 ἐν
2813 1700 2890 1771 τῷ
2915 1700 3028 1771 ὄρει
3060 1701 3241 1771 φωνή;

2379 1790 2743 1859 Ἀπέστησεν
2763 1792 2883 1847 ἀπὸ
2909 1790 3143 1861 ἇρσεων
3161 1791 3269 1844 τὸν
3285 1792 3477 1844 νῶτον
3498 1790 3706 1845 αὐτοῦ.
3725 1790 3875 1844 ’Δντὶ

614 1895 675 1933 ex
708 1878 989 1933 oneribus.
1016 1876 1155 1931 Dicit
1179 1890 1341 1945 porro
1368 1874 1512 1944 quod
1533 1873 1654 1927 illos
1683 1888 1711 1927 a
1735 1872 1968 1927 sarcinis
1991 1870 2187 1924 libera-

2293 1883 2410 1947 τοῦ,
2446 1884 2507 1948 ἐξ
2532 1884 2764 1956 ἄρσεων.
2798 1884 2957 1952 Λέγει
2985 1884 3063 1947 δὲ,
3094 1882 3308 1936 ὅτιτῶν
3344 1882 3743 1953 βασταγμάτων
3770 1883 3874 1937 ab—

613 1970 773 2034 verit,
810 1984 947 2037 quas
971 1968 1286 2023 deferebant
1315 1980 1439 2021 cum
1468 1970 1815 2019 exstrucrent
1843 1962 2005 2016 urbes
2034 1958 2179 2014 Pha-

615 2060 823 2115 raonis.
860 2058 1051 2113 Manus
1082 2058 1195 2125 eius
1222 2059 1276 2111 in
1322 2055 1542 2124 cophino
1591 2054 1897 2107 servierunt.
1950 2049 2063 2105 Hoc
2107 2052 2183 2104 ait

616 2154 747 2222 quia
780 2152 953 2206 lutum
981 2160 1035 2205 et
1074 2151 1258 2220 paleas
1306 2149 1362 2203 in
1394 2147 1646 2218 cophinis
1685 2146 1751 2201 ad
1800 2160 1937 2215 opus
1969 2142 2182 2197 delere-

616 2249 768 2302 bant.

690 2339 745 2393 8.
779 2337 846 2391 ]n
880 2336 1220 2390 tribulatione
1252 2333 1509 2388 invocasti
1539 2347 1641 2395 me,
1674 2339 1723 2385 et
1759 2328 1973 2382 liberavi
2000 2335 2065 2380 te.
2100 2323 2187 2377 Si-

622 2432 746 2485 mile
768 2438 851 2484 est
882 2429 957 2481 illi
998 2445 1010 2482 :
1048 2428 1188 2492 Quia
1220 2426 1397 2480 audivi
1446 2425 1665 2496 gemitus
1700 2436 1879 2475 eorum
1922 2428 1971 2472 et
2012 2431 2185 2471 vocem

617 2538 797 2575 eorum
819 2520 1018 2585 audivi,
1047 2527 1095 2571 et
1125 2518 1369 2571 descendi
1400 2516 1468 2568 ad
1498 2512 1829 2567 liberandum
1854 2525 1939 2563 eos
1967 2509 2005 2563 ¹.

684 2610 944 2663 Exaudivi
970 2617 1016 2661 te
1042 2608 1094 2660 in
1117 2606 1427 2659 abscondito
1452 2601 1798 2671 tempestatis.
1826 2598 1995 2664 Quasi
2018 2595 2184 2659 dicat,

618 2719 682 2756 ex
716 2716 911 2772 magna
942 2709 998 2754 et
1028 2696 1508 2753 vehementissima
1545 2704 1595 2749 te
1639 2692 1890 2763 angustia
1934 2687 2182 2745 liberavi.

622 2790 849 2843 Probavi
878 2798 926 2841 te
953 2786 1093 2855 apud
1121 2802 1313 2856 aquam
1360 2782 1815 2839 contradictionis.
1857 2778 2087 2846 Quando
2114 2778 2188 2834 si-

623 2880 879 2935 tibundus
909 2880 1142 2949 populus
1173 2879 1239 2933 ad
1269 2877 1491 2948 Moysen
1517 2876 1725 2931 diceret
1757 2892 1770 2926 :
1805 2872 1889 2925 Da
1933 2871 2078 2923 nobis
2130 2885 2189 2921 a-

619 2992 775 3047 quam
794 2986 850 3029 ut
876 2975 1136 3037 bibamus,
1189 2970 1503 3040 respondit:
1526 2968 1666 3033 Quid
1698 2983 1776 3020 me
1801 2964 2042 3019 conviciis
2064 2978 2185 3016 one-

619 3067 754 3119 ratis
786 3074 834 3118 et
872 3063 1082 3116 tentatis
1116 3062 1395 3114 Dominum
1422 3060 1485 3112 '?

691 3157 842 3212 9-H.
873 3156 1031 3219 Audi,
1091 3153 1313 3223 populus
1350 3169 1513 3209 meus.
1548 3151 1813 3220 Populum
1848 3148 2187 3212 cohortatur,

2286 1975 2412 2038 τοὺς
2437 1975 2834 2047 ἠλευθέρωσεν,
2865 1968 2940 2028 ὧν
2982 1976 3310 2046 ἐπεφέροντο
3336 1974 3743 2045 οἰκοδομοῦντες
3770 1974 3875 2037 τὰς

2289 2066 2471 2128 πόλεις
2495 2065 2572 2135 τῷ
2599 2065 2815 2136 Φαραώ.
2848 2069 2917 2120 Al
2950 2065 3147 2135 χεῖρες
3192 2064 3378 2120 αὐτοῦ
3424 2066 3493 2118 ἐν
3524 2063 3603 2130 τῷ
3641 2065 3871 2133 κοφίνφ

2288 2156 2685 2210 ἐδούλευσαν.
2731 2156 2901 2210 Τοῦτό
2949 2175 3081 2229 φησι
3108 2158 3241 2211 διότι
3295 2156 3386 2210 τὸν
3446 2156 3614 2227 πηλὸν
3663 2156 3759 2209 καὶ
3803 2156 3876 2208 τά

2290 2249 2469 2320 ἄχυρα
2489 2251 2546 2301 ὲν
2570 2250 2810 2318 κοφίνοις
2837 2250 2927 2301 ἐπὶ
2960 2250 3018 2302 τὸ
3053 2250 3212 2321 ἔργον
3235 2248 3584 2321 ἐπεφέροντο.

2371 2341 2473 2395 Ἐν
2500 2341 2701 2408 θλίψει
2723 2342 3072 2394 ἐπεκαλέσω
3109 2358 3207 2409 με,
3240 2341 3340 2394 καί
3379 2338 3731 2409 ἐρρυσάμην
3773 2353 3875 2396 σε.

2294 2430 2515 2500 Ὅμοιον
2538 2429 2637 2500 τῷ,
2672 2431 2801 2483 "Ott
2833 2429 3072 2498 ἤκουσα
3108 2427 3226 2482 τῶν
3261 2427 3614 2497 στεναγμῶν
3647 2425 3873 2489 αὐτῶν.

2292 2521 2391 2573 καὶ
2422 2518 2531 2587 τῆς
2569 2520 2772 2589 φωνῆς
2816 2520 3014 2575 αὐτῶν
3057 2520 3319 2589 ἥκουσα,
3351 2520 3449 2575 καί
3476 2520 3733 2587 κατέϐην
3764 2519 3877 2573 τοῦ

2291 2608 2605 2673 ἐξελέσθαι
2638 2612 2878 2676 αὐτούς.
2914 2610 3252 2675 Ἐπήκουσά
3288 2626 3403 2665 σου
3430 2610 3498 2663 ἐν
3546 2608 3879 2677 ἀποκρύφῳ

2290 2701 2401 2770 τῆς
2431 2702 2788 2770 καταιγίδος.
2831 2702 2975 2755 Ἀντὶ
3005 2700 3119 2764 τοῦ,
3160 2702 3255 2754 Ἐκ
3287 2700 3529 2771 μεγάλης
3580 2700 3676 2753 καὶ
3704 2700 3877 2771 ὑπερ-

2294 2791 2594 2862 δαλλούσης
2623 2793 2942 2863 ἐρρυσάμην
2984 2807 3041 2843 σε
3084 2789 3336 2859 θλίψεως.
3386 2787 3753 2857 Ἐδοκίμασά
3798 2806 3876 2843 σε

2294 2883 2393 2936 ἐπὶ
2424 2882 2641 2948 ὕδατος
2663 2882 3028 2950 ἀντιλογίας.
3068 2882 3199 2934 Ὅτε
3236 2880 3465 2951 διψήσας
3507 2881 3535 2932 6
3565 2878 3694 2942 λαὸς
3719 2878 3878 2947 ἐλεγε

2294 2974 2429 3045 πρὸς
2481 2973 2717 3044 Μωσῆν·
2745 2973 2856 3040 Δὸς
2880 2973 3025 3043 ἡμῖν
3054 2971 3211 3039 ὕδωρ
3260 2972 3359 3024 ἵνα
3386 2971 3645 3039 πίωμεν,
3681 2970 3837 3039 ἔλεγε
3857 2986 3875 3001 ο

2299 3065 2361 3118 Tt
2390 3062 2761 3130 λοιδορεῖσθέ
2780 3080 2857 3131 με
2884 3062 2985 3115 καί
3018 3058 3314 3127 πειράζετε
3342 3061 3446 3113 τὸν
3480 3061 3733 3128 Κύριον;

2370 3155 2684 3219 Ἄκουσον,
2723 3153 2873 3220 λαός
2899 3170 3037 3222 μου.
3070 3152 3160 3222 Τῷ
3194 3150 3309 3220 λαῷ
3335 3149 3651 3220 παραίνεσιν
3693 3149 3879 3219 είσφὲυ

639 3259 683 3303 tt
711 3258 862 3303 curet
887 3263 1010 3303 esse
1038 3248 1348 3316 obsequens
1404 3245 1502 3298 illi.
1555 3242 1691 3297 Nam
1744 3241 1791 3296 si
1839 3241 1943 3293 hoc
2004 3237 2188 3298 faciat,

2298 3263 2378 3318 ρει
2426 3245 2595 3315 λέγων
2627 3245 3067 3318 παρεσκευάσθαι
3106 3245 3343 3314 ἐπήκοον
3395 3242 3647 3311 γενέσθαι
3699 3241 3875 3313 αύτῷ.

622 3354 965 3410 nequaquam
998 3338 1198 3392 serviet
1225 3336 1317 3389 alii
1354 3333 1501 3387 Deo:
1539 3347 1716 3401 neque
1745 3330 1848 3385 crit
1873 3328 1975 3400 ipsi
2009 3328 2192 3382 Domi-

622 3448 726 3486 nus
754 3432 806 3483 in
836 3428 1004 3483 Deum
1034 3435 1329 3481 recentem.
1373 3425 1493 3495 Ipse
1526 3439 1763 3493 namque
1809 3432 1893 3477 est
1916 3422 2009 3491 qui
2062 3421 2190 3476 olim

622 3536 717 3573 cos
744 3534 809 3571 ex
846 3516 1080 3588 Egypto
1110 3515 1358 3571 redemit.
1394 3514 1575 3569 Dilata
1602 3530 1657 3567 os
1692 3524 1861 3578 tuum,
1892 3524 1937 3565 et
1970 3511 2191 3581 implebo

622 3608 780 3663 illud.
811 3607 1089 3662 Promittit
1116 3605 1547 3675 obsequentibus
1573 3603 1821 3657 carnales
1854 3610 1909 3654 et
1941 3600 2193 3669 spiritua-

623 3702 701 3756 les
741 3702 911 3755 cibos.

699 3880 891 3935 12-15.
925 3877 994 3931 Et
1025 3892 1127 3930 non
1152 3874 1352 3929 audivit
1382 3872 1604 3943 populus
1628 3889 1769 3926 meus
1805 3888 1975 3925 vocem
1998 3886 2187 3933 meam,

627 3984 734 4027 etc.
769 3970 906 4037 Quia
942 3985 1025 4023 me
1057 3969 1162 4024 hoc
1204 3967 1509 4038 pollicente,
1573 3965 1678 4035 ipsi
1722 3964 1875 4019 surdi
1933 3962 2188 4027 fuerunt;

626 4063 747 4117 ideo
777 4061 1055 4131 repudiavi
1084 4075 1199 4122 eos.
1224 4059 1527 4127 dignasque
1550 4056 1617 4110 de
1644 4054 1979 4109 facinoribus
2002 4068 2190 4107 eorum

624 4168 815 4223 poenas
846 4152 1077 4221 sumpsi.

699 4242 783 4297 16.
816 4240 1031 4295 Inimici
1068 4239 1280 4293 Domini
1313 4237 1520 4293 mentiti
1546 4246 1668 4290 sunt
1705 4237 1774 4302 ei,
1796 4244 1845 4288 et
1867 4235 1964 4288 erit
1993 4243 2191 4301 tempus

624 4350 804 4388 eorum
826 4333 879 4385 in
902 4330 1118 4385 saecula.
1151 4328 1317 4395 Quasi
1351 4328 1592 4399 apertius
1626 4326 1834 4381 diceret
1864 4343 1878 4379 :
1927 4322 2063 4390 Quia
2092 4337 2192 4390 po-

626 4428 787 4497 pulus
826 4426 1082 4479 mentitus
1113 4432 1195 4477 est
1231 4421 1485 4487 Domino,
1514 4422 1619 4474 erit
1647 4419 1694 4473 ei
1721 4426 1935 4486 tempus
1982 4412 2183 4483 suppli-

627 4516 718 4581 cii,
750 4516 801 4568 ἱιΙ
837 4524 918 4569 est
946 4522 1157 4583 tempus
1185 4510 1355 4565 futuri
1387 4508 1594 4564 saeculi.

700 4694 789 4748 17.
822 4692 889 4745 Et
922 4692 1112 4745 cibavit
1149 4707 1234 4745 eos
1274 4706 1337 4743 ea:
1358 4690 1512 4758 adipe
1540 4686 1811 4757 frumenti.
1861 4684 1960 4746 Illi,
1994 4684 2190 4753 inquit,

628 4784 837 4839 mentiti
869 4789 999 4837 sunt
1029 4782 1078 4836 ei
1109 4798 1122 4847 ;
1164 4782 1277 4851 ipse
1313 4794 1463 4843 vero,
1507 4786 1694 4849 utpote
1738 4778 1935 4839 bonus,
1968 4774 2194 4845 replevit

631 4890 724 4929 eos
750 4872 1019 4943 spirituali
1050 4872 1209 4926 cibo:
1258 4871 1348 4939 qui
1400 4878 1483 4923 est
1536 4870 1650 4938 ipse
1694 4865 1981 4931 Dominus,
2038 4864 2191 4934 panis

632 4969 773 5021 vivus
798 4965 887 5033 qui
912 4964 973 5017 de
1000 4965 1127 5017 caelo
1171 4962 1457 5023 descendit,
1509 4970 1559 5014 et
1588 4961 1682 5013 dat
1728 4960 1889 5013 vitam
1929 4958 2124 5009 mundo
2150 4956 2189 5009 ³.

634 5055 701 5109 Et
726 5056 787 5109 de
819 5064 969 5123 petra
998 5053 1147 5106 melle
1193 5053 1449 5106 saturavit
1477 5067 1585 5104 eos.
1618 5049 1776 5104 Petra
1804 5058 1888 5103 est
1918 5049 2033 5118 ipse
2085 5045 2191 5099 Do-

632 5144 812 5197 minus
882 5159 897 5207 ;
931 5142 1194 5209 me|,ejus
1225 5140 1405 5193 divina
1432 5139 1670 5209 eloquia.
1703 5140 1791 5193 Ait
1820 5139 2004 5209 igitur,
2043 5138 2191 5207 quod

627 5250 723 5287 ens
759 5234 963 5287 sanctis
993 5232 1223 5301 eloquiis
1252 5231 1366 5285 suis
1402 5230 1704 5300 repleverit.

985 5418 1317 5474 PSALMUS
1348 5420 1545 5487 Asaplt.
1580 5418 1779 5473 LXXX

1229 5512 1627 5581 Argumentum.

630 5598 927 5672 Postquam
951 5620 1003 5657 ιιι
1022 5604 1343 5661 ni-aeccdcnti
1368 5604 1577 5674 psalmo
1598 5603 1665 5658 de
1688 5605 1870 5673 populi
1893 5605 2195 5674 abjcctinne

701 5802 722 5837 ¹
750 5801 922 5858 Exod.
952 5821 1010 5869 ιι,
1041 5805 1129 5859 ει.
1208 5807 1226 5837 ί
1253 5803 1424 5860 Exod.
1456 5822 1587 5869 XVll,
1619 5808 1670 5858 2.
1754 5808 1943 5860 'Joan.
1988 5824 2061 5873 νι,
2104 5809 2189 5861 56.

2293 3336 2403 3389 Καὶ
2434 3334 2563 3405 γὰρ,
2591 3337 2639 3388 εί
2687 3336 2845 3389 τοῦτο
2890 3336 3127 3406 ποιήσει,
3173 3334 3277 3387 ούκ
3314 3333 3379 3387 ἂν
3426 3333 3597 3396 ἑτέρω
3644 3332 3878 3406 δουλεύῃ

2292 3426 2431 3497 Θεῷ,
2467 3427 2589 3481 ούδέ
2618 3428 2907 3497 γενήσεται
2932 3426 3078 3496 αὐτῷ
3104 3425 3265 3488 αὐτὸς
3308 3428 3337 3477 6
3371 3424 3574 3497 Κύριος
3610 3426 3691 3489 είς
3740 3426 3879 3479 Θεὸν

2294 3517 2624 3588 πρόσφατον.
2661 3518 2830 3580 Αὐτὸς
2863 3516 2970 3589 γάρ
3022 3518 3169 3569 ἐστιν
3214 3516 3243 3567 6
3275 3514 3368 3567 καὶ
3398 3515 3564 3568 πάλαι
3590 3515 3790 3579 αὐτοὺς
3815 3515 3878 3581 ἐξ

2291 3609 2565 3677 Αἰγύπτου
2588 3608 3022 3681 λυτρωσάμενος.
3055 3609 3374 3663 Πλάτυνον
3397 3607 3463 3661 τὸ
3500 3608 3697 3676 στόμα
3726 3621 3875 3670 σου,

2292 3699 2390 3754 καί
2418 3699 2713 3769 πληρὼσω
2739 3702 2906 3756 αὐτό.
2947 3702 3320 3771 ’Υπισχνεϊται
3342 3702 3453 3763 τοῖς
3483 3696 3879 3770 πειθαρχοῦσιν

2292 3790 2443 3861 αὐτῷ
2470 3792 2565 3845 καὶ
2598 3790 2871 3862 σαρκικὰς
2900 3791 3105 3862 τροφὰς
3128 3793 3222 3845 καὶ
3255 3790 3652 3861 πνευματικὰς.

2360 3880 2469 3935 Kal
2490 3883 2602 3935 οὐκ
2638 3880 2905 3950 ἤκουσεν
2930 3884 2963 3935 ό
2995 3883 3144 3948 λαός
3176 3900 3295 3951 μου
3331 3880 3438 3949 τῆς
3480 3879 3689 3951 φωνῆς
3725 3898 3872 3949 μου.

2305 3972 2523 4043 Ἐπειδὴ
2551 3972 2724 4026 ταῦτα
2754 3974 2851 4044 μὲν
2873 3974 3189 4044 ὑπεσχόμην
3226 3973 3366 4042 ἐγὼ,
3392 3974 3545 4027 αὐτοὶ
3572 3972 3628 4026 δέ
3657 3972 3727 4025 τὰ
3759 3967 3877 4026 ὦτα

2292 4064 2608 4131 ἐκώφευσαν
2624 4079 2637 4093 ·
2663 4063 2850 4117 τούτου
2885 4066 3043 4134 χάριν
3068 4064 3418 4135 άπεσαλόμην
3460 4064 3679 4129 αὐτοὺς,
3705 4063 3869 4129 ἀξίαν

2292 4153 2401 4206 τῶν
2428 4153 2877 4225 ἐπιτηδευμάτων
2910 4155 3091 4217 αὐτοῖς
3119 4152 3217 4225 τὴν
3241 4155 3512 4225 τιμωρίαν
3538 4154 3735 4218 διδούς.

2360 4247 2425 4299 οι
2448 4244 2648 4313 ἐχθροὶ
2674 4244 2896 4311 Κυρίου
2928 4244 3270 4311 ἐψεύσαντο
3307 4242 3466 4308 αὐτῷ
3485 4284 3499 4308 ,
3541 4244 3639 4298 καί
3699 4244 3877 4298 ἔσται

2292 4336 2327 4389 ό
2374 4334 2578 4401 καιρὸς
2598 4332 2796 4387 αὐτῶν
2827 4336 2914 4399 εις
2941 4333 3047 4386 τὸν
3092 4332 3295 4387 αἰῶνα.
3335 4332 3478 4385 Ὠσεὶ
3538 4332 3877 4404 σαφέστερον

2292 4425 2508 4493 ἔλεγεν·
2554 4424 2701 4477 Ἀντὶ
2750 4424 2839 4477 τοῦ
2868 4424 3170 4494 ψεύσασθαι
3226 4425 3303 4495 τῷ
3351 4424 3542 4495 Κυρίῳ
3593 4425 3686 4478 τδν
3718 4425 3874 4488 λαὸν,

2294 4517 2447 4570 ἐσται
2504 4517 2689 4589 καιρὸς
2742 4516 2893 4587 αύτῷ
2933 4519 3231 4590 τιμωρίας·
3271 4512 3424 4583 οὗτος
3460 4518 3517 4572 δέ
3548 4519 3696 4572 ἐστιν
3723 4520 3753 4571 6
3779 4518 3876 4572 τοῦ

2300 4608 2583 4679 μέλλοντος
2618 4607 2833 4671 αἰῶνος.

2367 4701 2477 4754 Καὶ
2504 4699 2808 4769 ἐψώμισεν
2831 4699 3054 4766 αὐτοὺς
3074 4700 3143 4753 ἐκ
3170 4701 3421 4768 στέατος
3464 4700 3679 4770 πυροῦ.
3708 4698 3877 4753 Αὐτοὶ

2303 4791 2419 4861 μὲν,
2451 4792 2634 4861 φησιν,
2676 4791 2970 4860 ἐψεύσαντο
3022 4790 3199 4862 αὐτῷ’
3231 4792 3391 4855 αὐτὸς
3420 4792 3476 4845 δέ
3496 4832 3511 4857 ,
3538 4790 3632 4845 άτε
3672 4788 3877 4859 ἀγαθὸς

2301 4884 2583 4953 ὑπάρχων,
2618 4882 2911 4954 ἐνέπλησεν
2934 4886 3131 4948 αὐτοὺς
3162 4884 3355 4955 νοητῆς
3377 4882 3581 4954 τροφῆς
3602 4898 3617 4913 ⁶
3648 4881 3788 4951 αὕτη
3812 4880 3875 4934 δέ

2302 4974 2449 5026 ἐστιν
2478 4972 2638 5036 αὐτὸς
2663 4974 2691 5025 6
2718 4974 2942 5044 Κύριος,
2966 4980 2997 5029 ὀ
3024 4976 3201 5044 ἄρτος
3239 4977 3271 5029 ὁ
3304 4973 3433 5037 ζῶν,
3461 4976 3492 5028 ὁ
3520 4974 3589 5038 ἐξ
3610 4972 3875 5041 οὐρανοῦ

2301 5063 2579 5129 καταϐὰς,
2613 5063 2711 5116 καί
2745 5063 2896 5132 ζωὴν
2925 5065 3128 5133 διδοὺς
3154 5065 3234 5132 τῷ
3259 5068 3482 5136 κόσμῳ.
3537 5068 3646 5121 Καὶ
3674 5068 3743 5121 ἐκ
3770 5066 3878 5121 πέ-

2299 5172 2440 5223 τρας
2468 5153 2607 5223 μέλι
2644 5156 2973 5225 ἐχόρτασεν
3009 5160 3247 5224 αὐτούς.
3288 5160 3470 5231 Πέτρα
3508 5160 3669 5222 αὐτὸς
3692 5162 3720 5213 6
3756 5159 3874 5211 Κύ-

2303 5264 2438 5318 ριος,
2480 5246 2602 5317 μέλι
2647 5246 2702 5299 δέ
2742 5246 2812 5299 τὰ
2852 5247 2970 5301 θεῖα
3005 5249 3168 5303 αὑτοῦ
3192 5249 3367 5317 λόγια.
3402 5249 3561 5317 Λέγει
3604 5248 3758 5317 γοῦν,
3790 5251 3874 5303 δτι

2301 5338 2409 5390 τῶν
2437 5338 2596 5391 ὁσίων
2622 5337 2782 5391 αὑτοῦ
2807 5338 3002 5408 λογίων
3032 5341 3324 5411 ἐνέπλησεν
3355 5340 3568 5403 αύτούς.

2680 5430 2983 5483 mmor
3013 5429 3091 5495 τῷ
3130 5430 3332 5500 Ἀσάφ.
3361 5434 3483 5486 ιον.

2926 5520 3248 5591 Ὺπόθεσις.

2304 5611 2412 5679 Τὴν
2439 5610 2707 5681 ἀποϐολὴν
2740 5610 2834 5664 τοῦ
2860 5610 2987 5663 λαοῦ
3011 5614 3067 5664 ἐν
3092 5612 3167 5681 τῷ
3202 5614 3307 5684 πρὸ
3331 5611 3495 5666 αὐτοῦ
3534 5610 3753 5681 ψαλμῶ,
3782 5608 3872 5666 ἐν·

2274 5810 2333 5864 ⁸1
2368 5808 2493 5864 Cor.
2528 5826 2580 5876 ι,
2615 5811 2660 5864 l.
