4070 6436
191 373 301 432 365

1260 367 1623 428 EXPOSITIO
1653 368 1717 424 IN
1752 369 2084 429 PSALMUM
2125 373 2381 430 LXXXII.

3326 374 3430 431 366

263 491 439 547 ταῦθα
474 489 569 544 καὶ
609 489 705 552 τὰς
734 487 912 552 αἰτίας
948 487 1282 558 σαφέστερον
1318 487 1584 552 ἐκδίδωσι,
1609 486 1674 539 δι’
1705 485 1766 548 ἀς

1945 488 2159 544 locutus
2186 501 2290 554 est,
2329 488 2415 542 hic
2443 502 2558 557 quae
2592 501 2772 542 causas
2803 488 2910 542 slnt
2935 485 3077 556 quod
3107 502 3135 540 a
3189 485 3299 544 Deo
3341 491 3433 543 ab-

262 580 462 642 αὑτοὺς
493 580 520 632 ὁ
542 576 673 640 Θεὸς
697 575 1019 631 ἀπεϐάλετο.

272 669 340 725 ὀ
382 668 525 734 Θεὸς
554 668 702 734 ἔστη
751 667 820 720 ἐν
860 666 1183 738 συναγωγῇ
1229 667 1398 724 θεῶν.
1452 667 1616 731 Θεοὶις
1645 667 1770 729 τοὺς

189 763 460 833 ἄρχοντας
485 760 592 814 τῶν
629 759 898 812 Ἰουδαίων
928 759 1176 824 ἐκάλεσε,
1210 763 1337 824 τοὺς
1361 761 1510 824 υἱοὺς
1539 757 1768 830 κληθέν-

187 868 288 913 τας
307 848 465 902 Θεοῦ.
508 849 674 918 Ἔστη
699 844 790 901 οὖν
823 849 879 902 ὲν
905 848 1054 920 μέσῳ
1084 850 1262 902 αὐτῶν
1297 853 1326 904 ὁ
1372 850 1522 914 Θεὸς,
1553 851 1641 903 ὅτε
1671 849 1769 920 τὴν

191 942 462 1012 σωτήριον
492 941 794 1012 παρουσίαν
827 939 1142 1010 πεποίηται,
1189 942 1339 1005 ὅπως
1384 941 1632 1012 διακρίνῃ
1681 942 1772 995 αὑ-

188 1034 339 1096 τοὺς,
368 1031 586 1102 ἔλεγχον
611 1031 720 1085 τῶν
743 1031 923 1095 αὐτοῖς
944 1032 1352 1103 πεπραγμένων
1385 1033 1576 1085 ποιῶν.

261 1125 421 1192 Ἕως
453 1124 596 1177 πότε
625 1124 856 1191 κρίνετε
885 1123 1160 1188 ἀδικίαν;
1185 1124 1297 1193 Τὴν
1324 1123 1537 1176 ἀδικίαν
1561 1123 1661 1194 τὴν
1684 1139 1769 1191 γι-

189 1215 427 1286 νοιιένην
457 1218 537 1278 εἰς
558 1214 647 1267 τὸν
674 1214 798 1267 λαὸν
832 1215 960 1285 παρ’
985 1214 1164 1269 αὐτῶν
1192 1216 1270 1277 είς
1303 1214 1467 1284 μέσον
1490 1215 1634 1282 ἄγει.

257 1381 743 1448 Σαλευθήτωσαν
776 1381 971 1434 πάντα
1003 1382 1075 1436 τὰ
1109 1379 1350 1451 θεμέλια
1371 1380 1482 1452 τῆς
1514 1381 1644 1452 γῆς.
1670 1382 1768 1436 Θε-

190 1470 356 1541 μέλια
393 1471 494 1540 τῆς
517 1472 616 1542 γῆς
641 1473 767 1535 τοὺς
789 1472 1054 1542 ἄρχοντας
1087 1472 1180 1526 τοῦ
1218 1472 1412 1535 αἰῶνος
1443 1471 1630 1525 τούτου
1666 1489 1768 1543 φη-

188 1563 272 1615 σίν
297 1579 313 1594 ο
349 1564 543 1627 οἵτινες
571 1563 664 1616 καὶ
696 1563 804 1633 πρό
826 1580 888 1631 γε
920 1564 1014 1616 τοῦ
1037 1563 1163 1616 λαοῦ
1198 1563 1305 1616 τῶν
1343 1563 1608 1617 Ἰουδαίων
1637 1563 1766 1617 ἑδω-

187 1672 288 1706 καν
314 1653 491 1726 δίκην,
520 1653 873 1725 ἐκϐληθέντες
891 1655 990 1724 τῆς
1013 1655 1131 1709 καθ’
1161 1655 1316 1727 ἡμῶν
1346 1655 1655 1726 τυραννίδος
1679 1654 1766 1709 διὰ

184 1745 280 1798 τοῦ
302 1746 588 1817 λεχθέντος
611 1748 746 1819 πρὸς
774 1749 920 1819 ἡμᾶς
946 1747 1125 1815 λογίου
1153 1765 1166 1778 ο
1202 1747 1334 1803 Νῦν
1361 1751 1394 1801 o'
1423 1746 1621 1817 ἄρχων
1654 1746 1759 1801 τοῦ

185 1840 422 1907 κόσμου
450 1841 663 1894 τούτου
687 1840 1129 1908 ἐκϐληθήσεται
1169 1840 1304 1905 ἐξω.
1370 1840 1765 1912 Ἐσαλεύθησαν
1799 1827 1838 1878 Β

185 1929 297 2000 γὰρ
329 1925 397 2001 ἧς
428 1931 594 1985 πάλαι
633 1931 764 1984 ποτὲ
789 1926 934 2002 εἶχον
961 1933 1223 1995 στάσεως.
1258 1933 1387 1985 "Are
1425 1931 1487 2002 δὴ
1518 1933 1593 1996 ὡς
1619 1931 1768 2003 πρώ-

185 2039 296 2074 των
323 2021 506 2074 αὑτῶν
535 2024 991 2095 καταργηθέντων
1032 2024 1118 2077 διὰ
1155 2023 1249 2077 τοῦ
1303 2022 1535 2095 σταυροῦ
1564 2023 1728 2077 αὑτοῦ
1748 2064 1762 2089 ,

186 2109 307 2168 εἶτα
335 2115 435 2186 τῆς
462 2114 691 2184 ἐκϐολῆς
729 2115 1025 2186 γενομένης
1048 2115 1142 2168 τοῦ
1181 2115 1398 2186 Ἰσραὴλ
1426 2113 1564 2186 μετά
1587 2115 1648 2168 τὸ
1676 2132 1769 2186 κη-

187 2207 454 2279 ρυχθῆναι
483 2208 562 2270 είς
591 2206 770 2262 πάντα
803 2208 872 2261 τὰ
905 2208 1031 2279 ἔθνη
1070 2208 1130 2260 τὸ
1157 2206 1507 2276 Εὑαγγέλιον,
1563 2206 1769 2276 ἐπήγα-

184 2311 282 2363 γεν
309 2313 323 2327 ο
363 2296 512 2365 Ἐγὼ
541 2293 679 2352 εἶπα
700 2314 713 2327 ·
746 2298 878 2352 Θεοί
905 2298 1065 2352 ἐστε.
1110 2296 1298 2364 Ὑμεῖς
1332 2296 1401 2349 δὲ
1432 2296 1512 2361 ὡς
1547 2295 1767 2362 ἅνθρω-

184 2398 287 2439 ποι
313 2385 731 2456 ἀποθνήσκετε
749 2404 761 2417 ·
791 2389 1035 2441 πίπτετε
1078 2386 1146 2440 δὲ
1187 2388 1284 2441 καὶ
1307 2387 1386 2453 ὡς
1414 2383 1502 2451 εἷς
1523 2385 1642 2439 τῶν
1668 2385 1768 2453 ἀρε

183 2481 441 2546 χόντων.
482 2481 591 2534 Καὶ
615 2481 783 2534 ποίων
807 2481 1103 2550 ἀρχόντων,
1135 2481 1166 2551 ἢ
1197 2474 1270 2534 ὧν
1331 2479 1514 2552 μικρῷ
1575 2479 1769 2552 πρότε-

185 2587 281 2641 ρον
315 2570 549 2642 ἐδήλωσε
570 2572 656 2624 διὰ
681 2572 789 2625 τῶν
807 2572 1183 2642 σαλευομένων
1212 2572 1476 2643 θεμελίων
1497 2572 1599 2642 τῆς
1625 2570 1727 2640 γῆς
1750 2587 1766 2634 ;

492 2662 630 2732 ’ῼδὴ
678 2666 994 2719 ΨΑΛΜΟΥ
1018 2664 1098 2730 τῷ
1121 2663 1324 2734 Ἀσάφ.
1347 2663 1486 2719 IIB'.

822 2757 1148 2823 Ὺπόθεσις.

184 2846 364 2917 Εὐχὴν
397 2847 631 2900 ἐνταῦθα
660 2848 926 2901 ἀνατείνει
957 2848 1094 2918 πρὸς
1125 2847 1279 2912 Θεὸν,
1313 2848 1414 2919 τῆς
1446 2841 1768 2912 ἀλαζονείας

254 2938 422 3002 ἀξιῶν
455 2938 524 2991 τὰ
555 2938 681 3010 ἔθνη
716 2939 1136 3010 τιμωρήσασθαι
1189 2939 1260 2992 τὰ
1301 2940 1410 2992 τῶν
1470 2940 1767 3010 Ἀσσυρίων

261 3030 342 3091 εἰς
364 3029 454 3080 τὸν
485 3028 626 3082 κατά
655 3029 754 3099 τῆς
789 3030 1148 3102 Ἰερουσαλὴμ
1179 3030 1578 3102 συμπράξαντα
1604 3029 1764 3083 πόλε-

303 3138 380 3174 ον.
411 3113 570 3174 Οὗτοι
597 3120 654 3174 δὲ
678 3117 818 3192 ἦσαν
843 3124 890 3175 oi
921 3121 1050 3192 ἑξῆς
1078 3125 1135 3175 ἐν
1163 3121 1241 3194 τῷ
1268 3121 1470 3193 ψαλμῷ
1499 3121 1763 3193 δηλούμε-
1791 3153 1836 3216 C

288 3230 360 3268 οι.

288 3308 330 3357 0
367 3303 532 3370 Θεὸς,
569 3303 662 3369 τίς
706 3303 1136 3372 ὁμοιωθήσεται
1177 3317 1317 3364 σοι;
1355 3301 1442 3371 μὴ
1500 3301 1765 3372 σιγήσῃς

174 3395 337 3467 μηδὲ
370 3397 816 3465 καταπραῢνῃς,
849 3400 882 3450 ό
912 3398 1076 3462 Θεός.
1103 3397 1193 3448 Σοὶ
1225 3395 1344 3467 μὲν,
1373 3395 1556 3466 φησὶν,
1591 3395 1764 3458 οὐδεὶς

180 3489 336 3543 ἔσται
386 3489 606 3559 ὅμοιος,
674 3488 1051 3560 ἀμνησίκακος
1104 3488 1198 3541 καὶ
1252 3487 1620 3559 μακροθυμῶν
1674 3489 1766 3540 ἐπὶ

180 3586 304 3646 ταῖς
331 3583 570 3647 ἀδικίαις
591 3599 606 3612 ·
637 3581 748 3652 ἐγὼ
775 3583 832 3636 δὲ
862 3581 1091 3653 εὔχομαι
1135 3581 1210 3654 μὴ
1259 3582 1482 3652 σιγῆσαι
1511 3582 1603 3634 ἐπὶ
1645 3583 1766 3643 ταῖς

183 3675 306 3728 καθ’
341 3675 498 3746 ἡμῶν
549 3675 700 3746 παρά
750 3674 856 3729 τῶν
921 3673 1129 3745 ἐχθρῶν
1181 3674 1504 3742 γενομέναις
1556 3672 1764 3734 ἀδίκοις

181 3765 415 3836 εφόδοις.

255 3859 387 3912 Ὀτι
418 3857 548 3912 ἰδοὺ
576 3861 628 3913 oi
661 3858 862 3927 ἐχθροί
894 3870 1010 3911 σου
1053 3855 1321 3925 ἤχησαν.
1378 3853 1759 3921 Ἐξὰκουστος,

180 3952 369 4023 φησὶν,
408 3953 441 4023 ἡ
465 3951 587 4005 καθ’
615 3951 773 4022 ἡμῶν
806 3951 934 4022 παρ’
956 3948 1135 4002 αὐτῶν
1165 3949 1350 4002 ἀδικία
1376 3948 1688 4019 γεγένηται.

272 4047 685 4116 Ἐγενήθησαν
729 4048 811 4111 εις
847 4045 1182 4111 ἀντίληψιν
1230 4042 1355 4108 τοῖς
1403 4041 1556 4106 υὶοῒς
1611 4040 1758 4094 Λώτ.

193 4135 600 4200 Ἀντελάϐοντο,
625 4135 778 4205 φησὶ,
805 4135 897 4188 καὶ
931 4135 1378 4205 συνεμαχήσαντο
1408 4135 1486 4194 είς
1516 4132 1607 4184 τὸν
1638 4130 1760 4184 καθ’

180 4229 342 4302 ἡμῶν
365 4229 596 4301 πόλεμον
615 4230 662 4281 οἱ
690 4227 1127 4299 προδηλωθέντες
1154 4228 1267 4289 τοῖς
1297 4227 1432 4287 υἱοῖς
1462 4223 1605 4276 Λώτ.
1643 4223 1762 4275 Υἱοὶ

178 4323 239 4378 δὲ
267 4322 389 4376 Λὼτ
421 4322 707 4376 Μωαϐῖται
736 4319 829 4373 καὶ
863 4321 1212 4389 Ἀμμανῖται.
1275 4315 1553 4369 Ἐντεῦθεν
1580 4314 1636 4367 δὲ
1673 4331 1761 4382 γι-

179 4417 486 4485 νώσκομεν,
521 4415 603 4467 ὅτι
641 4410 1070 4482 προσκαλοῦνται
1101 4407 1364 4478 ἀλλήλους
1411 4408 1460 4459 οἱ
1507 4405 1760 4474 δαίμονες

1942 581 2120 646 jectus
2150 581 2314 634 fuerit
2337 579 2538 636 clarius
2579 588 2836 633 recenset.
2922 579 2928 586 ’

1938 671 1989 725 1.
2028 671 2167 725 Deus
2200 672 2344 725 stetit
2402 672 2454 724 in
2495 686 2760 741 synagoga
2812 669 3047 722 deorum.
3105 669 3244 724 Deos
3277 683 3434 726 vocat

1871 761 2140 830 principes
2167 760 2500 824 Iudaeorum,
2531 761 2622 830 qui
2648 761 2742 814 lilii
2766 759 2860 814 Dei
2884 760 3237 814 vocabantur.
3271 761 3433 817 Stetit

1871 851 2033 922 igitur
2063 853 2116 906 in
2145 852 2321 906 medio
2351 867 2539 906 eorum
2592 851 2756 910 Deus.
2807 850 2860 904 in
2916 851 3141 905 salutari
3195 868 3296 907 suo
3332 854 3431 906 ad-

1869 952 2053 1004 ventu,
2089 951 2148 996 ut
2175 942 2448 1011 judicaret
2495 956 2611 1006 eos,
2664 938 2969 994 facinorum
3006 955 3194 995 eorum
3245 943 3433 996 convi-

1869 1035 2102 1089 ctionem
2133 1033 2382 1089 aﬂerens.

1932 1125 1988 1190 2,
2021 1125 2073 1178 5.
2128 1123 2399 1194 Usquequo
2425 1123 2695 1193 ‘judicatis
2742 1124 3123 1193 iniquitatem?
3175 1133 3280 1178 etc.
3322 1122 3429 1178 lni-

1868 1217 2151 1286 quitatem.
2187 1232 2293 1286 qua
2324 1231 2450 1288 erga
2482 1217 2741 1286 populum
2795 1218 2880 1270 usi
2926 1226 3072 1283 sunt,
3109 1221 3159 1273 in
3197 1222 3433 1275 medium

1870 1309 2108 1363 adducit.

1941 1401 2065 1467 5:7.
2103 1398 2415 1453 Moneantur
2439 1401 2618 1454 omnia
2651 1400 2992 1469 fundamenta
3021 1411 3189 1455 term.
3224 1401 3437 1456 Funda-

1869 1501 2049 1547 menta
2087 1501 2242 1546 terra:
2269 1491 2400 1545 dicit
2430 1492 2703 1562 principes
2737 1493 2918 1547 seculi
2949 1492 3108 1562 hujus
3135 1531 3150 1557 ,
3182 1494 3273 1563 qui
3308 1503 3435 1548 ante

1867 1581 2179 1637 Judteorum
2214 1583 2471 1653 populum
2505 1598 2696 1653 pinnas
2741 1584 3032 1645 dederunt,
3073 1600 3102 1638 a
3156 1586 3436 1654 tyrannide

1869 1691 1978 1745 qua
2013 1691 2113 1729 nos
2162 1676 2540 1744 opprimebant
2587 1677 2823 1746 expulsi,
2872 1692 2968 1746 per
3017 1677 3148 1730 illud
3183 1677 3432 1731 dictum:

1886 1767 2042 1821 Nunc
2063 1769 2300 1836 princeps
2327 1766 2481 1836 hujus
2522 1756 2702 1822 mundi
2734 1768 2974 1834 ejicietur
3005 1767 3150 1836 foras
3173 1768 3213 1822 ⁸.
3250 1765 3436 1823 Exacti

1868 1870 1997 1915 sunt
2031 1876 2060 1914 a
2103 1861 2224 1916 loco
2263 1876 2426 1931 quem
2453 1860 2602 1930 prius
2656 1863 3014 1932 occupabant.
3069 1865 3204 1918 Cum
3253 1864 3433 1935 itaque

1867 1955 2021 2024 prius
2051 1954 2127 2008 illi
2161 1954 2463 2023 compressi
2499 1951 2734 2008 fuissent
2774 1969 2870 2023 per
2902 1969 3116 2009 crucem
3168 1955 3287 2025 ejus
3311 1995 3328 2020 ,
3368 1972 3434 2012 ac

1867 2043 2063 2098 deinde
2113 2043 2360 2112 abjectus
2411 2044 2482 2096 sit
2535 2041 2700 2097 Israel
2747 2052 3037 2113 postquam
3077 2045 3427 2115 Evangelium

1867 2149 1964 2204 per
1990 2143 2159 2189 totam
2187 2144 2386 2190 terram
2426 2135 2777 2203 praedicatum
2811 2133 2934 2201 fuit,
2973 2135 3289 2206 subiunxit:
3320 2136 3431 2204 Ego

1867 2225 2017 2278 dixi:
2057 2225 2145 2278 Dii
2173 2227 2316 2280 estis.
2347 2223 2446 2279 Vos
2471 2237 2646 2278 autem
2679 2227 2817 2278 sicut
2845 2225 3079 2279 homines
3112 2229 3431 2291 moriemini,

1867 2326 1916 2370 et
1951 2319 2087 2371 sicut
2119 2335 2254 2372 unus
2281 2320 2344 2372 de
2367 2319 2691 2389 principibus
2716 2318 2937 2374 cadetis.
2968 2319 3032 2374 Et
3056 2321 3256 2390 quibus
3285 2320 3434 2390 prin-

1869 2410 2100 2480 cipibus,
2145 2411 2250 2465 nisi
2301 2411 2369 2464 iis
2403 2427 2542 2480 quos
2592 2412 2754 2481 paulo
2797 2423 2923 2467 ante
2981 2411 3305 2482 signiﬁcavit
3336 2424 3433 2484 per

1868 2512 2142 2558 commota
2171 2503 2521 2558 fundamenta
2556 2516 2712 2559 terrae

2037 2657 2088 2708 i.
2127 2653 2405 2710 Canticum
2439 2655 2718 2711 PSALMI
2747 2659 2944 2726 Asaplt.
2974 2655 3268 2712 LXXXII.

2449 2751 2849 2819 Argumentum.

1867 2838 2244 2895 Precationem
2274 2839 2364 2894 hic
2413 2840 2642 2895 cﬂ'undit
2678 2841 2745 2896 ad
2793 2841 2985 2907 Deum,
3036 2859 3234 2913 rogans
3264 2850 3324 2898 ut
3367 2843 3434 2898 de

1943 2933 2258 3004 arrogantia
2300 2933 2564 3003 gentium,
2617 2948 2741 3003 qua:
2785 2949 2910 2988 cum
2960 2935 3200 3004 Assyriis
3230 2934 3432 2988 bellum

1939 3034 2219 3094 gesserant
2274 3025 2537 3079 adversus
2591 3022 2929 3092 Jerusalem,
2982 3036 3163 3080 sumat
3218 3040 3430 3095 pmnas.

1941 3116 2032 3171 liae
2061 3125 2244 3170 autem
2281 3123 2468 3186 gentes
2509 3114 2739 3171 inferius
2769 3117 2821 3170 in
2857 3116 3068 3186 psalmo
3101 3115 3430 3171 indicantur.

1934 3294 1987 3347 2.
2021 3294 2181 3358 Deus,
2217 3295 2333 3364 quis
2362 3293 2553 3347 similis
2584 3296 2686 3347 erit
2735 3294 2870 3347 tibi?
2927 3310 2990 3348 ne
3047 3305 3220 3348 taceas
3273 3311 3435 3364 neque

1865 3387 2236 3454 compescaris,
2265 3386 2424 3440 Deus.
2458 3383 2650 3451 Nemo,
2686 3386 2882 3457 inquit,
2917 3383 3016 3440 tibi
3067 3385 3262 3440 similis
3307 3385 3430 3446 erit,

1868 3477 2154 3532 immemor
2179 3477 2431 3532 videlicet
2466 3477 2814 3545 iniuriarum,
2843 3486 2897 3530 et
2940 3477 3314 3546 aequanimiter
3350 3486 3434 3530 to-

1867 3567 2048 3624 lerans
2068 3567 2407 3639 iniquitates.
2433 3567 2546 3638 Ego
2572 3577 2755 3622 autem
2783 3581 2978 3637 precor
3011 3579 3072 3622 ut
3114 3582 3221 3622 non
3252 3576 3432 3622 taceas

1865 3674 2029 3727 super
2092 3659 2298 3728 iniquis
2350 3658 2762 3714 incursionibus
2816 3658 3185 3725 inimicorum,
3233 3659 3433 3729 quibus

1866 3762 1966 3801 nos
1996 3747 2340 3802 adoriuntur.

1937 3839 1989 3892 5.
2027 3838 2289 3903 Quoniam
2319 3855 2434 3894 ecce
2456 3839 2659 3893 inimici
2686 3841 2762 3893 tui
2785 3849 3091 3894 sonuerunt.
3126 3840 3427 3906 Publicata,

1865 3930 2063 4000 inquit,
2098 3928 2202 3984 fuit
2228 3946 2418 3985 eorum
2447 3932 2738 3986 adversum
2771 3945 2871 3985 nos
2901 3931 3180 4001 iniquitas.

1937 4025 1989 4079 9.
2023 4023 2181 4077 Facti
2210 4034 2330 4077 sunt
2363 4023 2419 4075 in
2447 4023 2775 4091 adjutorium
2802 4024 2930 4091 filiis
2964 4022 3083 4076 Lot.
3133 4023 3236 4090 Qui
3272 4041 3432 4094 supe-

1864 4116 1981 4169 rius
2017 4115 2301 4169 memorati
2343 4123 2468 4168 sunt
2513 4114 2777 4168 auxilium
2818 4122 2872 4168 et
2922 4129 3079 4183 opem
3131 4116 3429 4170 attulerunt

1865 4209 1992 4263 liliis
2024 4207 2144 4262 Lot.
2187 4208 2309 4262 Filii
2333 4217 2512 4263 autem
2550 4206 2650 4261 Lot
2683 4215 2809 4262 sunt
2837 4205 3083 4262 Moabitze
3125 4219 3176 4262 et
3205 4210 3432 4264 Ammo-

1864 4302 2010 4355 niue.
2067 4299 2204 4354 Hinc
2266 4309 2447 4353 autem
2498 4299 2924 4370 cognoscimus,
2981 4300 3256 4356 dtemones
3310 4317 3431 4356 sese

1865 4402 2058 4446 mutuo
2087 4405 2386 4460 provocare
2410 4390 2476 4444 ad
2513 4390 2808 4457 perniciem
2839 4390 3055 4456 animae,
3087 4401 3146 4444 ut
3179 4406 3278 4445 nos
3304 4392 3428 4446 fun-

181 4509 271 4563 ἐπ’
305 4479 551 4576 ἀέωλεία
577 4479 774 4575 ψυχῆς,
811 4501 1184 4575 πανωλεθρίαν
1211 4503 1343 4571 ἡμῖν
1373 4499 1601 4566 ἐπάγειν
1623 4539 1637 4561 ,
1665 4497 1758 4550 καὶ

1865 4486 2012 4541 ditus
2037 4483 2282 4552 perdant,
2318 4490 2374 4536 et
2407 4480 2676 4536 famosum
2710 4482 2862 4536 illum
2907 4479 3162 4537 Israelem
3209 4483 3262 4536 in
3293 4484 3431 4537 obli-

179 4598 320 4672 λήθῃ
353 4595 685 4670 παραδοῦναι
714 4595 804 4648 τὸν
847 4592 1279 4665 πολυθρύλλητον
1337 4588 1573 4660 Ἰσραήλ.
1622 4585 1754 4642 Εἶτα

179 4690 471 4760 καταλέγει
495 4687 746 4758 ὁμόρους,
773 4688 861 4756 ὑφ’
894 4680 968 4739 ὧν
995 4683 1388 4754 συγκληθέντες
1412 4684 1504 4736 καὶ
1532 4683 1580 4734 οἱ
1605 4680 1752 4735 ἄλλοι

181 4782 465 4853 συνῆλθον.

253 4876 520 4940 Ποίησον
549 4871 754 4937 αὐτοῖς
792 4872 872 4936 ὡς
911 4867 985 4936 τῇ
1011 4868 1242 4936 Μαδιὰμ
1263 4867 1359 4919 καὶ
1396 4863 1474 4930 τῷ
1502 4863 1748 4931 Σισὰρα.

181 4965 394 5035 Ὠσπερ
435 4963 561 5018 ποτὲ
589 4961 815 5032 Μαδιάμ
837 4961 931 5014 καὶ
961 4962 990 5013 ὁ
1011 4959 1236 5029 Σισάρα,
1266 4957 1346 5009 ἔτι
1378 4972 1435 5008 τε
1467 4955 1560 5008 καὶ
1585 4957 1612 5007 ὁ
1649 4956 1754 5007 Ἰα-

179 5057 296 5109 6εὶν
318 5055 709 5120 ἐξαναστάντες
730 5053 873 5106 κατά
896 5049 990 5102 τοῦ
1018 5047 1231 5119 Ἰσραὴλ
1261 5045 1752 5116 ὲξωλοθρεύθησαν,

178 5152 229 5202 ot
260 5149 358 5219 μὲν
381 5149 440 5200 έν
467 5145 545 5217 τῷ
591 5145 877 5216 χιιμάρῤῳ
917 5139 1156 5203 Κισσὼν,
1192 5141 1241 5193 οί
1289 5140 1347 5192 δὲ
1384 5140 1441 5190 ὲν
1480 5135 1714 5206 Ἀενδὼρ
1740 5150 1753 5164 ⁶

178 5243 272 5293 τὸν
307 5239 468 5293 αὑτὸν
506 5239 704 5309 τρόπον
736 5239 831 5292 καὶ
865 5239 913 5290 οί
964 5235 1275 5306 ἐπιθέμενοι
1313 5235 1444 5303 ἡμῖν
1491 5229 1629 5301 μετά
1661 5227 1755 5281 τοῦ

195 5333 447 5404 Ἀσσοὺρ,
473 5331 569 5400 τῆς
599 5329 789 5399 ὁμοίας
817 5328 1084 5400 τιμωρίας
1132 5325 1366 5395 τύχοιεν.
1400 5322 1604 5391 Σισάρα
1658 5320 1756 5389 μὲν

180 5424 367 5493 ἄρχων
392 5420 494 5490 τῆς
545 5418 845 5488 δυνάμεως,
888 5416 1080 5470 Ἰασεὶν
1121 5415 1176 5468 δὲ
1231 5413 1482 5484 βασιλεὺς
1510 5410 1748 5464 Χαναάν.

183 5510 522 5583 Τροποῦνται
557 5512 612 5562 ὲν
646 5508 724 5579 τῷ
754 5509 1040 5580 χειμάρῤῳ
1071 5505 1286 5559 Κισσὼν
1316 5507 1371 5558 ἐν
1394 5505 1504 5566 τοῖς
1522 5502 1750 5572 Κριταίς

184 5605 242 5655 έν
271 5603 417 5672 χειρὶ
446 5600 672 5671 Βαραάκ
697 5600 791 5653 καὶ
821 5599 1061 5667 Δεὸόρρα
1093 5595 1348 5665 γυναικὸς
1399 5592 1636 5666 Ἰσραήλ.

225 5789 426 5845 'Joan.
465 5804 562 5854 xu,
598 5787 686 5842 ει.
767 5781 986 5838 ‘Judic.
1030 5797 1099 5847 iv,
1132 5778 1217 5832 lt.

1862 4578 2080 4631 vionem
2111 4575 2334 4630 ducant.
2371 4569 2578 4627 Deinde
2609 4572 2867 4628 ﬁnitimos
2897 4584 3199 4639 enumerat,
3248 4590 3276 4628 a
3307 4576 3428 4644 qui-

1861 4668 1964 4723 bus
1994 4666 2201 4722 evocati
2230 4665 2321 4719 alii
2349 4672 2738 4720 convenerunt.

1937 4845 2024 4901 10.
2058 4845 2168 4900 Fac
2196 4846 2305 4899 illis
2339 4846 2474 4901 sicut
2514 4843 2738 4898 Madian
2760 4854 2808 4898 et
2843 4841 3063 4908 Sisara,
3111 4853 3215 4898 etc.
3271 4843 3421 4899 Sicut

1858 4943 1988 4997 olim
2021 4940 2255 5001 Madian,
2287 4937 2470 4992 Sisara
2501 4947 2554 4992 et
2571 4935 2729 4991 Jabin
2760 4937 3100 5005 insurgentes
3127 4947 3313 4990 contra
3343 4936 3423 4994 ls-

1857 5036 2056 5090 raelem
2103 5033 2491 5103 disperierunt,
2545 5030 2637 5084 alii
2691 5031 2745 5082 in
2799 5038 3039 5084 torrente
3074 5028 3292 5092 Cisson,
3330 5027 3423 5082 alii

1861 5127 1914 5180 in
1945 5124 2165 5190 Endor;
2198 5124 2388 5178 eodem
2426 5123 2588 5176 modo
2635 5122 2728 5190 qui
2793 5136 2918 5176 cum
2961 5121 3133 5174 Assur
3179 5135 3280 5174 nos
3322 5119 3421 5172 ad-

1859 5217 2110 5272 oriuntur
2140 5215 2356 5270 easdem
2385 5229 2575 5283 pmnas
2609 5213 2780 5267 luant.
2822 5209 3002 5266 Sisara
3021 5210 3130 5264 dux
3151 5211 3423 5264 exercitus

1859 5322 1976 5363 erat
2004 5326 2018 5373 ;
2047 5306 2205 5362 Jabin
2235 5317 2417 5363 autem
2450 5322 2543 5360 rex
2565 5305 2848 5359 Chanaan.
2879 5302 2982 5369 Qui
3013 5303 3066 5356 in
3101 5303 3278 5372 fugam
3309 5317 3426 5356 ver-

1861 5411 2050 5456 tuntur
2111 5401 2167 5456 in
2222 5407 2462 5454 torrente
2504 5397 2724 5460 Cisson,
2775 5396 2843 5452 de
2901 5410 3008 5466 qua
3066 5409 3124 5449 re
3175 5394 3227 5447 in
3286 5393 3421 5449 libro

1855 5493 2129 5560 Judicum,
2183 5508 2347 5549 manu
2398 5491 2569 5548 Barac
2597 5497 2651 5546 et
2701 5486 2923 5544 Deborte
2976 5486 3219 5543 mulieris
3248 5483 3429 5544 Israc-

1859 5591 1965 5646 litc
1987 5589 2018 5642 ‘.
