4070 6482
621 403 723 457 367

680 518 778 572 M.
808 514 1166 585 Disperierunl
1197 516 1250 568 in
1277 515 1476 570 Endor.
1511 515 1568 570 lu
1603 516 1874 571 indecenti
1905 517 2042 572 loco.
2075 517 2173 570 En-
2211 522 2255 577 Α

619 610 718 663 dor
768 609 914 663 enim
977 609 1323 662 indecentiam
1400 608 1692 680 signilicat.
1741 608 1898 662 Facti
1941 619 2064 662 sunt
2122 619 2180 661 ut

618 711 818 752 stercus
848 709 1018 752 term.
1041 697 1301 768 lnsepulti
1323 700 1466 754 enim
1490 701 1730 769 jacentes
1756 701 2003 756 dissoluti
2028 709 2178 766 sunt,

618 797 672 842 et
697 790 852 857 quasi
885 798 1117 853 stercus,
1153 797 1312 844 terra:
1346 791 1588 845 admisti.

690 881 775 934 12.
815 880 956 934 Ροηε
985 883 1242 949 principes
1267 897 1449 935 eorum
1478 884 1616 935 sicut
1645 880 1803 936 Oreb.
1849 880 2008 935 Paria
2048 882 2177 935 ldu-

621 975 792 1040 mzeis,
821 973 1124 1038 lsmaelitis,
1155 973 1426 1038 Moabitis,
1471 977 1734 1044 Agarenis
1775 988 1827 1030 et
1861 977 2176 1030 memoratis

616 1080 807 1120 eorum
835 1067 995 1120 sociis
1023 1067 1252 1121 immitte
1285 1071 1424 1120 mala
1461 1068 1513 1120 in
1563 1068 1705 1122 Oreb
1735 1077 1788 1122 et
1827 1069 1881 1121 iu
1915 1068 2173 1137 reliquos.

617 1157 724 1227 Ipsi
745 1159 888 1214 enim
917 1161 1044 1214 mali
1077 1160 1215 1214 male
1249 1161 1543 1229 perierunt.

690 1337 868 1392 H-l6.
904 1338 1041 1391 Deus
1068 1353 1231 1404 meus,
1260 1352 1390 1405 pone
1415 1337 1532 1390 illos
1567 1347 1623 1390 ut
1654 1346 1848 1392 rotam.
1882 1335 1938 1391 Id
1977 1346 2080 1400 est,
2109 1352 2176 1391 ne

613 1444 870 1485 maneant
908 1431 961 1484 in
994 1431 1184 1485 eodem
1217 1440 1386 1493 statu,
1425 1430 1519 1484 sed
1548 1432 1601 1483 in
1631 1429 1964 1484 contrarium
1996 1430 2175 1483 revol-

611 1530 826 1575 vantur.
867 1520 1014 1575 Sicut
1066 1521 1318 1590 stipulam
1366 1531 1488 1574 atate
1537 1521 1726 1590 faciem
1779 1523 1940 1588 venti,
1993 1521 2044 1574 id
2093 1529 2176 1575 est

608 1617 892 1671 versatiles
921 1616 1068 1678 ﬁent,
1109 1624 1170 1668 ut
1211 1623 1295 1669 est
1331 1630 1512 1669 revera
1557 1616 1756 1684 stipula
1793 1615 1978 1684 spicae.
2024 1613 2175 1668 Sicut

597 1710 744 1779 ignis
792 1709 883 1779 qui
932 1709 1188 1763 comburit
1236 1708 1442 1762 silvam.
1489 1707 1786 1773 Fruantur,
1826 1708 2023 1778 inquit,
2052 1708 2174 1777 igne

607 1816 770 1870 quem
802 1801 904 1870 ipsi
933 1801 1318 1865 accenderunt,
1365 1810 1528 1870 atque
1557 1801 1674 1870 ipse
1727 1801 1868 1871 ignis
1895 1815 1991 1856 eos
2040 1815 2170 1854 con-

608 1900 809 1955 sumat,
839 1892 982 1946 sicut
1019 1902 1073 1946 et
1121 1891 1394 1946 sensibilis
1443 1892 1585 1961 ignis
1634 1892 1905 1946 comburit
1957 1891 2170 1947 silvam.

608 1986 797 2041 Simile
825 1994 910 2042 est
935 1995 1116 2040 autem
1147 1987 1276 2040 huic
1306 1987 1489 2041 dicto:
1520 1986 1652 2041 Ecce
1684 2004 1769 2040 vos
1793 2004 1970 2042 omnes
2002 1989 2174 2057 ignem

607 2080 914 2143 accenditis,
959 2081 1091 2133 eatis
1148 2079 1215 2132 ad
1260 2079 1433 2134 lumen
1465 2080 1600 2150 ignis
1642 2082 1823 2143 vestri,
1855 2086 1905 2134 et
1941 2081 2173 2148 ﬂamma:

606 2188 763 2240 quam
787 2173 1099 2225 accendistis
1121 2173 1162 2225 ⁷.
1191 2169 1339 2226 Sicut
1374 2173 1592 2241 flamma
1616 2173 1920 2226 comburens
1949 2182 2169 2226 montes.

606 2265 956 2320 Parabolicus
1005 2273 1088 2320 est
1136 2280 1339 2319 sermo.
1396 2263 1902 2330 Quemadmodum,
1949 2263 2126 2333 inquit
2155 2307 2170 2329 ,

607 2356 749 2425 ignis
783 2356 1038 2412 decidens
1071 2355 1346 2410 comburit
1375 2367 1587 2411 montes
1611 2398 1625 2422 ,
1659 2357 1734 2411 ita
1779 2357 2172 2412 comburentur

605 2450 681 2502 illi
719 2465 814 2519 per
839 2450 1163 2518 supplicium
1200 2464 1228 2502 a
1281 2457 1330 2502 te
1361 2449 1647 2510 inllictum,
1695 2449 1842 2519 quod
1885 2449 1957 2504 ob
2007 2450 2173 2505 velte-

606 2543 866 2597 mentiam
891 2551 944 2596 et
977 2542 1298 2613 gravitatem
1331 2541 1639 2610 tempestati
1663 2541 2018 2610 comparavit.

679 2696 762 2751 17.
801 2694 970 2765 Imple
1028 2695 1188 2763 facies
1244 2710 1424 2748 eorum
1460 2693 1771 2763 ignominia.
1819 2693 1980 2762 Lapsi
2023 2694 2167 2748 enim

605 2787 808 2856 optatis
835 2790 972 2852 suis,
1000 2795 1053 2839 et
1079 2785 1286 2855 pudore
1313 2785 1523 2854 repleti,
1555 2794 1854 2854 agnoscent
1896 2795 2042 2840 tuam
2072 2801 2170 2855 po-

605 2888 874 2934 testatem.
909 2877 977 2931 Et
1007 2885 1239 2948 qurereut
1273 2893 1457 2930 nomen
1499 2887 1668 2941 tuum,
1711 2875 1954 2930 Domine.
1986 2877 2038 2931 Id
2070 2876 2166 2939 ait,

602 2972 730 3041 quia
755 2986 821 3026 ex
849 2969 990 3024 datis
1030 2968 1205 3039 pinnis
1242 2968 1532 3021 utilitatem
1574 2967 1881 3035 percepturi
1924 2975 2070 3022 sunt.
2102 2965 2167 3020 ll-

602 3063 715 3129 lud,
747 3071 1006 3133 quarent,
1037 3061 1275 3130 positum
1305 3067 1388 3113 est
1417 3073 1535 3127 pro,
1569 3066 1918 3129 cognoscent.

783 3237 826 3291 ι.
866 3236 930 3290 In
965 3236 1139 3305 ﬁnem,
1168 3251 1261 3304 pro
1290 3233 1666 3299 torcularibus,
1690 3235 1818 3302 [iliis
1843 3234 1995 3302 Core,

1047 3325 1383 3383 PSALMUS
1411 3325 1744 3380 LXXXIII.

1175 3420 1569 3488 Argumentum.

603 3511 836 3566 Rursum
870 3525 969 3581 pro
1002 3507 1256 3564 Ecclesiis
1288 3509 1341 3562 in
1373 3508 1477 3563 hoc
1523 3507 1737 3578 psalmo
1789 3509 1952 3562 verba
2003 3507 2161 3569 facit,

669 3614 724 3656 et
773 3601 950 3671 palam
981 3607 1160 3653 estex
1209 3613 1275 3651 eo
1323 3597 1472 3665 quod
1517 3611 1618 3666 pro
1665 3595 2028 3651 torcularibus
2079 3596 2162 3649 iu-

673 3696 964 3750 scribatur.

671 3788 724 3854 2,
758 3789 810 3842 5.
846 3787 1018 3852 Quam
1051 3785 1244 3837 dilecta
1275 3782 1616 3836 tabernacula
1657 3792 1769 3844 tua,
1799 3779 2018 3834 Domine
2059 3783 2164 3834 vir-

600 3885 790 3934 tutum.
836 3875 1210 3932 Tabernacula
1255 3875 1390 3929 dicit
1449 3882 1669 3929 sanctas
1717 3874 1978 3928 ecclesias
2033 3872 2162 3934 Dci,

603 3987 696 4041 per
720 3971 933 4024 diversa
962 3969 1080 4022 loca
1108 3975 1471 4029 constructas,
1501 3981 1627 4035 erga
1662 3981 1800 4035 quas
1850 3966 2029 4020 studio
2059 3963 2164 4019 ler-

599 4075 688 4118 tur
716 4061 964 4132 religiosa
996 4061 1196 4114 anima.
1228 4059 1332 4115 Cor
1359 4076 1528 4113 meum
1551 4069 1598 4113 et
1627 4076 1750 4112 caro
1786 4076 1898 4112 mea
1923 4057 2161 4112 exsulta-

599 4165 779 4210 verunt
802 4156 855 4208 iu
890 4154 1057 4208 Deum
1088 4154 1279 4207 vivum.
1314 4152 1546 4207 Perinde
1594 4160 1677 4206 est
1727 4167 1793 4205 ac
1837 4151 1881 4205 si
1919 4152 2158 4206 diceret:

598 4248 663 4302 Et
695 4261 921 4316 corpore
949 4253 1002 4299 ct
1029 4245 1210 4298 anima
1246 4259 1332 4297 me
1360 4244 1532 4297 obtuli
1573 4243 1638 4296 ad
1669 4242 2012 4296 serviendum
2054 4241 2163 4297 Deo

595 4340 796 4394 viventi
839 4349 890 4393 et
920 4352 1047 4393 vero
1072 4336 1112 4391 ⁸.
1144 4336 1274 4390 Illud
1301 4345 1505 4401 autem,
1533 4334 1641 4390 Deo
1677 4334 1901 4398 viventi,
1943 4334 2008 4388 ad
2049 4333 2161 4389 dis-

595 4432 802 4485 crimen
833 4431 1101 4485 idolorum
1134 4429 1338 4482 dictum
1368 4437 1491 4492 est,
1539 4442 1663 4495 qua:
1697 4435 1914 4479 mortua
1952 4434 2082 4479 sunt
2109 4437 2161 4479 et

594 4539 658 4576 ex
693 4523 917 4575 materia
952 4527 1366 4574 scnsu'carente
1405 4516 1720 4572 fabrefacta.

664 4699 719 4752 4.
770 4697 976 4751 Etenim
1014 4712 1193 4765 passer
1230 4696 1426 4748 invenit
1473 4695 1572 4748 sibi
1623 4693 1864 4756 domum,
1893 4703 1942 4746 et
1985 4703 2161 4745 turtur

589 4792 776 4845 nidum
805 4790 906 4842 sibi
937 4788 1026 4842 ubi
1058 4797 1217 4858 ponat
1261 4787 1431 4854 pullos
1476 4803 1619 4840 suos.
1663 4787 1879 4840 Altaria
1912 4795 2027 4849 tua,
2055 4785 2162 4837 Do-

594 4887 751 4939 mine.
787 4882 981 4937 Passer
1018 4881 1300 4936 hominum
1336 4881 1573 4934 animam
1606 4880 1915 4946 adumbrat,
1950 4880 2038 4933 cui
2068 4894 2159 4932 ve-

595 4977 775 5030 nando
810 4974 1097 5029 insidiatur
1124 4973 1423 5042 spiritualis
1455 4985 1698 5036 venator,
1728 4971 1885 5041 juxta
1918 4970 1972 5024 id
2011 4969 2157 5039 quod

591 5069 792 5123 dictum
817 5077 934 5122 est:
975 5067 1166 5119 Anima
1197 5076 1377 5119 nostra
1411 5066 1544 5119 sicut
1575 5080 1758 5133 passer
1787 5073 1965 5131 erepta
1988 5071 2066 5115 est
2095 5063 2158 5114 de

592 5161 775 5227 laqueo
800 5158 1095 5210 venantium
1116 5157 1158 5208 ’.
1193 5154 1484 5208 Turturem
1521 5166 1700 5208 autem
1730 5165 1886 5207 vocat
1916 5153 2152 5207 animam

592 5268 713 5320 quae
740 5253 794 5304 in
825 5250 1072 5305 castitate
1093 5260 1145 5303 et
1172 5249 1529 5317 temperantia
1559 5255 1828 5301 versatur.
1859 5247 1947 5299 Ait
1992 5245 2157 5313 igitur

592 5356 807 5397 omnem
857 5339 1090 5392 animam
1140 5339 1246 5391 hoc
1293 5338 1636 5391 inventuram
1688 5333 2020 5406 perfugium,
2073 5334 2155 5388 iu-

593 5447 832 5503 gressum
869 5431 1077 5486 scilicet
1104 5430 1158 5483 in
1191 5429 1406 5484 altaria.

660 5805 683 5840 ⁷
710 5805 815 5859 lsa.
854 5807 1010 5871 1.,l1.
1087 5807 1107 5838 '
1131 5805 1291 5862 Hebr.
1318 5824 1391 5871 ιχ,
1431 5807 1512 5861 l4.
1545 5807 1728 5863 'Psal.
1758 5823 1951 5876 cxxm,
1983 5809 2034 5862 7.

1428 401 1483 456 S.
1521 401 1889 458 ATHANASll
1930 404 2080 458 OPP.
2122 402 2304 458 PARS
2340 402 2425 456 lll.
2469 433 2533 443 —
2572 403 2980 459 EXEGETICA.

3751 415 3854 468 368

2365 514 2926 584 Ἐξωλοθρεύθησαν
2940 517 3010 570 ἐν
3026 516 3288 586 Ἀενὸἶὼμ
3324 520 3409 573 Ἑν
3430 521 3566 592 ἀσχή
3576 540 3660 593 μῳ
3681 525 3850 594 τόπῳ.

2295 607 2520 681 Ἀενδὼρ
2575 609 2684 680 γὰρ
2757 611 3029 681 ἁπρέπεια
3087 611 3360 682 δηλοῦται.
3442 616 3849 686 Ἐγενήθησαγ

2279 698 2422 752 ὡσεὶ
2449 701 2672 767 κόπρος
2699 698 2773 768 τῇ
2801 699 2897 770 γῆ.
2939 703 3169 770 Ἀταφοι
3216 703 3324 774 γὰρ
3381 704 3632 774 μένοντες
3679 707 3847 759 διελύ-

2280 788 2468 858 θησαν,
2493 791 2589 844 καὶ
2614 786 2726 845 οἷόν
2751 810 2836 855 τις
2870 795 3076 863 κόπρος
3102 795 3167 865 τῇ
3190 799 3258 866 γῇ
3289 797 3674 867 συνεμίγησαν.

2348 883 2464 936 Θοῦ
2497 883 2639 950 τοὺς
2695 884 2992 952 ἄρχοντας
3022 885 3220 940 αὐτῶν
3257 888 3337 952 ὡς
3371 889 3476 941 τὸν
3507 889 3699 957 Ὠρή6.
3732 887 3853 943 Τῶν

2292 974 2601 1045 Ἰδουμαίων
2619 978 2714 1030 καὶ
2743 979 3099 1049 Ἰσμαηλιτῶν
3126 980 3221 1034 καὶ
3251 982 3554 1036 Μωαϐιτῶν
3581 984 3675 1036 καὶ
3693 986 3855 1052 Ἀγα-

2279 1066 2454 1137 ρηνῶν
2488 1067 2716 1122 καὶτῶν
2759 1068 3107 1140 δηλωθέντων
3148 1072 3379 1142 ἑταίρων
3430 1074 3498 1127 τὰ
3535 1073 3623 1126 ἶσα
3663 1074 3856 1127 παθεῖν

2277 1158 2697 1228 παρασκεύασον
2716 1159 2795 1229 τῷ
2833 1160 2987 1231 Ὠρέὁ
3031 1163 3263 1225 καὶτοῖς
3317 1163 3542 1234 ἑτέροις.
3599 1158 3764 1218 υῦτοι
3798 1166 3856 1219 δέ

2276 1249 2370 1302 καὶ
2400 1251 2559 1304 κακοὶ
2588 1251 2777 1314 κακῶς
2805 1252 3166 1307 ἀπολώλασιν.

2353 1338 2407 1390 '0
2434 1341 2577 1406 Θεός
2602 1359 2738 1406 μου,
2775 1342 2881 1395 θοῦ
2914 1342 3136 1408 αὐτοὺς
3166 1343 3246 1407 ὡς
3279 1345 3514 1413 τροχόν.
3564 1345 3854 1410 Τουτέστι,

2275 1429 2364 1499 Μὴ
2394 1430 2628 1499 μείνοιεν
2674 1432 2732 1482 ἐν
2765 1434 2829 1502 τῇ
2862 1431 2998 1502 αὐτῇ
3050 1432 3276 1495 στάσει,
3308 1433 3444 1486 ἀλλὰ
3477 1435 3856 1488 κυλιέσθωσαν

2275 1520 2353 1582 είς
2385 1520 2710 1590 τοῦμπαλιν.
2759 1522 2850 1588 Ὡς
2878 1522 3154 1592 καλάμην
3174 1525 3322 1577 κατὰ
3361 1528 3685 1595 πρόσωπον
3720 1529 3857 1581 ἀνέ-

2267 1629 2406 1680 μου.
2437 1613 2724 1667 Τουτέστιν
2769 1615 3070 1686 εύρίπιστοι
3104 1619 3423 1688 γενήσονται
3449 1658 3464 1682 ,
3493 1616 3683 1690 ὥσπερ
3718 1620 3855 1688 ἁμέ-

2272 1706 2352 1759 λει
2376 1707 2468 1759 καὶ
2495 1708 2528 1776 ἡ
2556 1707 2774 1778 καλάμη
2812 1708 2903 1761 τοῦ
2934 1710 3184 1779 στάχυος.
3228 1709 3384 1763 Ὠσεὶ
3407 1710 3575 1778 πῦρὸ
3603 1710 3854 1781 διαφλέ-

2273 1796 2363 1862 ξει
2383 1797 2628 1866 δρυμόν.
2669 1798 3136 1866 Ἀπολαυέτωσαν,
3162 1801 3316 1872 φησὶ,
3341 1801 3435 1853 τοῦ
3467 1800 3638 1871 πυρὸς
3676 1801 3707 1853 ὃ
3754 1804 3845 1855 αύ-

2273 1890 2355 1942 τοὶ
2378 1889 2698 1953 ἐξέκαυσαν,
2725 1891 2816 1943 καὶ
2845 1891 2975 1944 αὐτὸ
3007 1891 3066 1944 τὸ
3093 1891 3201 1963 πῦρ
3225 1893 3420 1956 αὐτοὺς
3449 1893 3852 1963 καταφάγεται,

2273 1979 2582 2050 ὡσπερανεὶ
2615 1981 2710 2033 καὶ
2763 1979 3017 2052 αἰσθητὸν
3076 1981 3187 2052 πῦρ
3245 1983 3559 2051 καταφάγει
3621 1982 3856 2054 δρυμόν.

2274 2072 2496 2142 Ὅμοιον
2543 2072 2599 2125 δέ
2624 2071 2734 2142 τῷ·
2773 2072 2922 2126 Ἰδοὺ
2977 2072 3206 2140 πάντες
3248 2073 3420 2144 ὑμεῖς
3469 2074 3587 2142 πῦρ
3632 2074 3851 2135 ualere,

2273 2164 2598 2229 πορεύεσθε
2623 2162 2704 2228 τῷ
2723 2164 2867 2231 φωτὶ
2892 2163 2996 2217 τοῦ
3014 2165 3204 2232 πυρὸς
3225 2164 3414 2235 ὑμῶν,
3441 2165 3538 2218 καὶ
3575 2163 3652 2233 τῇ
3672 2167 3857 2234 φλογὶ

2269 2247 2311 2324 ᾖ
2330 2255 2712 2318 ὲξεκαύσατε.
2753 2255 2908 2307 Ὠσεὶ
2932 2254 3090 2323 φλὸξ
3113 2257 3489 2312 κατακαῦσαι
3509 2257 3636 2325 ὅρη.
3663 2259 3857 2328 Παρα-

2272 2343 2483 2407 ϐολικὸς
2515 2345 2544 2396 ὁ
2586 2343 2761 2413 λόγος.
2808 2346 3021 2417 Ὠσπερ
3061 2346 3173 2417 πῦρ
3202 2350 3463 2417 ἐμπεσὸν,
3510 2351 3664 2420 φησὶ,
3701 2350 3850 2402 καίει

2268 2435 2392 2507 ὅρη,
2420 2435 2563 2488 οὕτω
2616 2436 3119 2508 κατακαυθήσονται
3161 2437 3266 2491 ὑπὸ
3294 2440 3394 2509 τῆς
3425 2439 3576 2512 παρὰ
3623 2438 3720 2492 σοῦ
3754 2443 3852 2492 ἐπ-

2271 2525 2712 2597 ενεχθησομένης
2736 2527 2918 2590 αὐτοῖς
2935 2528 3223 2600 τιμωρίας,
3243 2531 3431 2601 ἥντινα
3456 2531 3550 2584 καὶ
3578 2533 3851 2603 καταιγίδι

2270 2618 2542 2688 παρέϐαλε
2565 2619 2652 2672 διὰ
2680 2620 2739 2672 τὸ
2772 2620 2999 2691 σφοδρὸν
3033 2623 3123 2674 καὶ
3150 2623 3558 2694 ἐπιτεταμένον.

2334 2708 2668 2776 Πλήρωσον
2699 2711 2769 2764 τὰ
2793 2714 3084 2779 πρόσωπα
3101 2712 3300 2766 αὐτῶν
3319 2715 3574 2783 ἀτιμίας.
3599 2717 3843 2787 Διαμαρ-

2267 2800 2452 2864 τόντες
2486 2800 2595 2871 γὰρ
2625 2794 2698 2854 ὧν
2722 2801 3036 2871 βούλονται,
3084 2803 3176 2856 καὶ
3209 2804 3470 2875 αἰσχύνης
3501 2805 3842 2876 ἐμπλησθέν-

2266 2909 2376 2955 τες,
2401 2892 2793 2960 ἐπιγνώσονταί
2824 2910 2917 2946 σου
2945 2893 3042 2966 τὴν
3082 2893 3328 2965 δύναμιν,
3373 2897 3481 2950 Kal
3513 2895 3846 2966 ζητήσουσι

2266 2983 2330 3036 τὸ
2359 2982 2543 3053 ὄνομά
2565 2999 2704 3048 σου,
2729 2985 2925 3052 Κύριε.
2964 2985 3133 3039 Τοῦτο
3157 2987 3324 3056 λέγει,
3357 2987 3430 3050 ὡς
3474 2987 3628 3041 ἔσται
3660 2991 3846 3052 αὐτοῖς

2270 3078 2335 3129 ἐκ
2361 3078 2470 3130 τῶν
2492 3080 2770 3150 τιμωριῶν
2794 3079 3044 3148 ὠφέλεια.
3059 3080 3152 3144 Τὸ,
3179 3079 3566 3150 ζητήσουσιν,
3584 3081 3706 3135 ἀντὶ
3724 3083 3842 3146 τοῦ,

2266 3165 2585 3232 γνώσονται.

2299 3257 2404 3322 Είς
2434 3257 2500 3311 τὸ
2527 3258 2700 3325 τέλος
2728 3258 2879 3332 ὑπὲρ
2908 3257 3026 3312 τῶν
3047 3258 3252 3326 ληνῶν
3289 3260 3414 3327 τοῖς
3451 3261 3604 3328 υἱοῖς
3633 3261 3805 3332 Κορὲ,

2813 3331 3120 3384 ΨΑΛΜΟΣ
3157 3333 3294 3384 III".

2881 3419 3202 3486 ’Υπόθεσις.

2266 3502 2432 3556 Πάλιν
2453 3505 2591 3576 ὑπὲρ
2622 3504 2730 3557 τῶν
2774 3506 3104 3576 Ἐκκλησιῶν
3129 3509 3222 3563 κάι
3262 3511 3317 3562 ὲν
3350 3511 3520 3582 τούτῳ
3535 3513 3614 3584 τῷ
3644 3512 3847 3586 ψαλμῷ

2336 3599 2567 3648 ποιεῖται
2589 3597 2679 3649 τὸν
2705 3597 2882 3666 λόγον,
2918 3599 3010 3652 καὶ
3037 3600 3194 3671 δῆλον
3228 3604 3292 3655 ἐκ
3321 3603 3413 3655 τοῦ
3438 3605 3579 3676 ὑπὲρ
3610 3605 3720 3659 τῶν
3745 3606 3844 3675 λη-

2337 3685 2442 3737 νῶν
2468 3687 2628 3740 αὑτὸν
2656 3689 3086 3758 ἐπιγεγράφθαι.

2346 3781 2438 3847 Ὠς
2465 3783 2737 3852 ἀγαπητὰ
2762 3784 2833 3837 τὰ
2852 3784 3218 3854 σκηνώματά
3242 3801 3380 3850 σου,
3400 3788 3573 3853 Κύριε
3599 3785 3718 3840 τῶν
3744 3788 3846 3843 δυο

2264 3875 2532 3940 νάμεων]
2557 3876 2896 3946 Σκηνώματά
2923 3893 3055 3946 φησι
3080 3878 3176 3940 τὰς
3211 3878 3352 3930 κατὰ
3377 3879 3542 3930 τόπον
3573 3879 3842 3949 ἱδρυνθεί-

2266 3983 2363 4030 σας
2385 3967 2545 4035 ἁγίας
2578 3967 2868 4031 ἐκκλησίας
2890 3967 2982 4020 τοῦ
3016 3967 3175 4035 Θεοῦ,
3215 3971 3296 4032 εἰς
3325 3969 3392 4031 ἃς
3422 3970 3515 4023 καὶ
3539 3972 3688 4023 πᾶσα
3722 3971 3847 4026 θεο-

2265 4060 2422 4131 φιλὴς
2469 4060 2852 4125 ὲπισπουδάζει
2901 4059 3066 4132 ψυχή.
3130 4060 3192 4116 Ἡ
3237 4060 3448 4129 καρδία
3497 4080 3616 4131 μου
3649 4065 3748 4116 καὶ
3797 4066 3835 4131 ἠ

2264 4153 2418 4222 σάρξ
2443 4153 3028 4223 μουήγαλλιάσαντο
3055 4155 3143 4220 εἰς
3175 4154 3324 4207 Θεὸν
3361 4151 3564 4214 ζῶντα.
3611 4157 3840 4226 Ὅμοιον

2262 4245 2393 4297 ὡσεὶ
2440 4244 2622 4314 λέγοι⁶
2673 4247 2781 4299 Καὶ
2824 4246 2902 4312 τῷ
2942 4243 3154 4314 σώματι
3187 4247 3281 4298 καὶ
3319 4245 3462 4316 ψυχῇ
3513 4247 3842 4318 παρέστησα

2263 4334 2497 4403 ἐμαυτὸν
2525 4336 2604 4397 εἰς
2636 4334 2697 4386 τὸ
2713 4333 2986 4387 δουλεύειν
3019 4334 3136 4406 Θεῷ
3164 4334 3326 4397 ζῶντι
3355 4336 3448 4388 καὶ
3468 4335 3727 4407 ἀληθινῷ.
3763 4340 3840 4392 Τὸ

2262 4427 2338 4491 δὲ,
2372 4426 2490 4498 Θεῷ
2520 4426 2701 4491 ζῶντι,
2733 4427 2868 4496 πρὸς
2899 4426 3306 4499 ἀντιδιαστολὴν
3352 4429 3461 4481 τῶν
3490 4428 3724 4483 εἰδώλων
3758 4433 3837 4482 εῖ-

2188 4540 2238 4599 D
2266 4535 2425 4590 ρηται
2451 4537 2461 4548 ·
2496 4519 2590 4572 ἆτε
2621 4517 2829 4588 νεκρῶν
2853 4518 3020 4572 ὄντων
3049 4519 3292 4584 ἐκείνων,
3321 4521 3416 4573 καὶ
3441 4519 3502 4586 ἐξ
3535 4520 3668 4592 ὕλης
3699 4523 3841 4591 ἀψύ-

2267 4626 2362 4677 χου
2390 4609 2783 4677 τυγχανόντων.

2335 4699 2441 4752 Kal
2462 4702 2570 4768 γὰρ
2594 4701 2912 4767 στρουθίον
2938 4697 3114 4770 εὗρεν
3140 4701 3330 4768 ἑαυτῷ
3345 4702 3558 4768 οὶκίαν,
3586 4704 3684 4757 καὶ
3704 4721 3840 4773 τρυ-

2266 4789 2385 4858 γὼν
2412 4789 2674 4843 νοσσιὰν
2710 4788 2917 4858 ἑαυτῇ,
2945 4787 3016 4846 οὗ
3049 4790 3222 4860 θήσει
3252 4793 3322 4846 τὰ
3350 4793 3574 4856 νοσσία
3591 4793 3835 4862 ἑαυτῆς,

2266 4882 2337 4935 τὰ
2381 4881 2780 4951 θυσιαστήριά
2836 4896 2952 4935 σου
2978 4923 2992 4946 ,
3034 4885 3230 4951 Κύριε.
3268 4885 3554 4956 Στρουθίον
3591 4886 3690 4956 μὲν
3735 4888 3838 4960 τὴν

2259 4973 2368 5026 τῶν
2400 4973 2699 5044 ἀνθρώπων
2724 4974 3013 5028 αἰνίττεται
3031 4975 3232 5046 ψυχὴν,
3260 4976 3357 5048 τὴν
3392 4978 3496 5030 ὑπὸ
3517 4978 3610 5032 τοῦ
3639 4980 3836 5050 νοητοῦ

2263 5064 2524 5136 θηρευτοῦ
2553 5065 2948 5136 ἀγρευομένην,
2971 5067 3112 5120 κατὰ
3133 5067 3194 5120 τὸ
3212 5069 3501 5140 εἰρημένον
3520 5087 3532 5098 ·
3579 5072 3639 5124 Ἡ
3661 5072 3834 5142 ψυχή

2260 5153 2429 5224 ἡμῶν
2452 5155 2532 5220 ὡς
2559 5155 2879 5222 στρουθίον
2904 5157 3163 5225 ἐρῤύσθη
3195 5159 3264 5211 ἐκ
3295 5158 3406 5226 τῆς
3433 5160 3685 5229 παγίδος
3716 5163 3837 5215 τῶν

2261 5246 2632 5314 θηρευόντων
2651 5262 2663 5274 ·
2687 5247 2924 5316 τρυγόνα
2950 5246 3007 5300 δὲ
3031 5249 3129 5319 τὴν
3164 5252 3221 5302 ἐν
3250 5251 3440 5322 ἁγνείᾳ
3481 5253 3575 5306 καὶ
3621 5269 3834 5323 σωφρο-

2264 5337 2395 5408 σύνῃ
2449 5337 2697 5403 συζῶσαν
2749 5338 2947 5410 ψυχήν.
3003 5341 3166 5408 Λέγει
3221 5339 3333 5409 οὖν,
3373 5345 3455 5396 ὅτι
3511 5347 3658 5397 πᾶσα
3687 5345 3834 5418 ψυχὴ

2261 5429 2462 5499 ταύτην
2493 5431 2713 5501 εὑρήσει
2749 5432 3088 5503 καταφυγὴν,
3125 5434 3223 5505 τὴν
3247 5437 3326 5500 εἰς
3365 5436 3432 5490 τὰ
3473 5437 3834 5506 θυσιαστήρια

2262 5540 2285 5575 ε
2295 5522 2460 5576 ἴσοδον
2468 5563 2481 5576 .
