4070 6442
163 417 268 471 369

169 626 188 672 ὲ
198 638 298 673 που
307 621 476 692 ρανίῳ
506 619 746 690 δηλονότι
754 659 767 673 .

239 711 540 781 Μακάριος
590 715 623 766 ὀ
665 711 821 779 ἀνὴρ
872 706 942 766 οὗ
993 710 1165 764 ἐστιν
1225 713 1549 780 ἀντίληψις
1592 708 1753 776 αὐτῷ

167 810 328 878 παρὰ
381 808 516 862 σοι·
555 807 878 872 ἀναϐάσεις
923 807 995 860 ἐν
1037 804 1113 875 τῇ
1157 807 1371 876 καρδίᾳ
1421 807 1610 861 αὑτοῦ
1665 807 1753 859 δι-

171 902 366 956 έθετο.
428 901 514 964 Ὧς
564 901 952 971 ἀντιλήπτορα,
995 899 1200 969 φησιν,
1250 897 1752 969 ἐπιγεγραμμένος,

168 992 410 1060 ἀγαθοὺς
437 991 732 1060 λογισμοὺς
783 988 961 1060 ἑαυτῷ
1011 988 1132 1041 καθ’
1181 989 1418 1056 ἑκάστην
1458 987 1750 1055 οἰκοδομεῖ,

165 1085 425 1146 οὕστινας
459 1084 553 1136 καὶ
573 1082 865 1146 ἀναϐάσεις
890 1082 1024 1151 πρὸς
1055 1079 1116 1132 τὸ
1139 1079 1310 1150 παρὸν
1344 1080 1555 1150 εἴρηκε,
1586 1079 1672 1132 διὰ
1696 1079 1756 1132 τὸ

167 1181 225 1229 ὲν
272 1178 457 1239 αὐτοῖς
489 1177 650 1228 οἱονεὶ
681 1176 790 1228 ἀπὸ
817 1175 924 1229 τῶν
973 1174 1177 1242 γηΐνων
1208 1172 1470 1225 ἀνάϐασιν
1504 1168 1643 1225 εῖναι
1677 1175 1756 1236 είς

168 1269 490 1340 ἐπουράνια.
541 1269 647 1332 Εἰς
703 1267 818 1333 τὴν
873 1263 1126 1318 κοιλάδα
1185 1264 1290 1318 τοῦ
1339 1264 1750 1333 κλαυθμῶνος.

169 1361 407 1415 Κοιλάδα
427 1358 521 1412 τοῦ
555 1358 907 1429 κλαυθμῶνος
937 1356 1028 1410 τόν
1061 1356 1253 1427 θνητὸν
1280 1356 1391 1426 βίον
1417 1357 1569 1427 φησί.
1595 1358 1755 1425 Λέγει

167 1451 299 1506 οὖν·
347 1454 435 1507 Ἐν
471 1452 550 1522 τῷ
594 1450 772 1521 θνητῷ
818 1449 916 1520 βίῳ
951 1449 1179 1519 πλήσεις
1235 1448 1452 1516 ἀγαθῶν
1482 1448 1756 1518 λογισμῶν

168 1545 370 1607 αὐτοὺς
397 1543 740 1612 καθεκάστην
761 1540 1079 1610 οἰκοδομῶν.
1100 1539 1360 1610 Αἴσθησις
1385 1540 1568 1603 αὐτοῖς
1596 1540 1756 1607 γέγο-

169 1655 260 1690 νεν
291 1638 356 1689 ὲκ
395 1636 494 1705 τῆς
527 1635 626 1706 σῆς
651 1633 1011 1704 ἀντιλήψεως.

243 1729 355 1782 Kal
392 1728 502 1796 γὰρ
523 1727 804 1796 εὐλογίας
826 1724 1004 1779 δώσει
1033 1727 1066 1778 d
1118 1724 1452 1793 νομοθιι-τῶι⁴
1476 1741 1488 1754 ·
1548 1725 1757 1792 πορεύ-

168 1841 387 1879 σονται
419 1824 488 1876 ἐκ
517 1821 827 1893 δυνάμεως
854 1823 939 1886 είς
965 1819 1241 1889 δύναμιν.
1284 1819 1562 1889 Ἀμοιϐὰς,
1599 1818 1752 1887 φησι,

165 1917 282 1968 τῶν
315 1913 496 1968 καλῶν
519 1913 795 1983 λογισμῶν
818 1912 979 1965 δώσει
997 1912 1179 1974 αὐτοῖς
1199 1913 1226 1963 ὁ
1251 1909 1577 1978 νομοθετῶν,
1610 1925 1758 1962 τουτ-

170 2007 323 2059 έστιν
355 2009 382 2059 ό
411 2007 500 2058 τὸν
525 2005 686 2073 νόμον
707 2004 892 2065 αὐτοῖς
917 2003 1019 2073 τῆς
1050 2001 1261 2070 Καινῆς
1290 1999 1542 2063 δεδωκὼς
1572 1999 1761 2070 Διαθή-

171 2116 296 2168 κης.
332 2099 492 2159 Τίνες
515 2097 558 2149 δ’
600 2095 666 2150 ἂν
695 2091 804 2148 εἷεν
836 2096 890 2148 αἱ
925 2093 1182 2162 εὐλογίαι,
1221 2093 1254 2164 ἢ
1288 2093 1348 2146 τὸ
1384 2094 1445 2145 ὲκ
1478 2093 1761 2161 δυνάμεως

170 2192 253 2252 εἰς
290 2189 520 2258 δύναμιν
553 2187 922 2258 πορε·.›θῆναι;
954 2186 1114 2255 Λέγει
1146 2185 1201 2238 δὲ
1230 2185 1337 2238 ἀπὸ
1384 2186 1484 2255 τῆς
1529 2184 1760 2236 ἐνταῦθα

168 2280 452 2341 πολιτείας
485 2278 585 2347 τῆς
623 2277 762 2330 κατά
791 2276 924 2329 Θεὸν
967 2279 1047 2342 είς
1084 2277 1182 2348 τὴν
1231 2277 1343 2330 ἀνω
1382 2277 1757 2347 Ἰερουσαλὴμ,

167 2371 302 2423 ἔνθα
337 2371 431 2423 καὶ
461 2368 786 2430 ἀπελθόντες
819 2368 1043 2438 ὄψονται
1078 2368 1168 2421 τὸν
1208 2368 1340 2421 Θεὸν
1377 2367 1558 2430 καθώς
1589 2370 1756 2419 ἐστιν.

243 2462 612 2528 Ἐπίϐλεψον
650 2462 736 2523 εἰς
777 2462 1104 2526 πρόσωπον
1146 2460 1254 2512 τοῦ
1302 2459 1561 2526 Χριστοῦ
1617 2474 1755 2512 σου.

167 2553 408 2624 Χριστὸν
436 2551 670 2606 ἐνταῦθα
699 2551 790 2603 τὸν
825 2551 1163 2621 κεκλημένον
1205 2550 1332 2604 λαὸν
1377 2552 1458 2613 είς
1492 2549 1761 2619 βασίλειον

172 2644 478 2717 ἱερατευμά
512 2661 667 2714 φησι.

247 2740 369 2790 Ὅτι
399 2737 704 2803 κρείσσων
744 2733 936 2804 ἡμέρα
959 2734 1067 2802 μία
1105 2734 1174 2786 ἐν
1225 2733 1355 2798 ταῖς
1399 2733 1614 2798 αὐλαῖς
1644 2747 1760 2786 σου

169 2829 326 2896 ὑπὲρ
356 2826 654 2896 χιλιάδας.
691 2826 937 2896 ’Πμέραν
971 2824 1098 2892 μίαν
1128 2824 1236 2874 τῶν
1268 2823 1446 2875 αὐλῶν
1479 2821 1572 2874 τοῦ
1602 2821 1758 2885 Θεοῦ,

167 2922 420 2975 τουτέστι
465 2915 574 2968 τῶν
615 2914 954 2984 ἐκκλησιῶν,
1003 2914 1100 2983 τὴν
1141 2914 1510 2982 ἀναστάσιμον
1549 2913 1760 2985 ἡμέραν

169 3012 266 3066 τοῦ
300 3011 552 3079 Σωτῆρος
597 3007 867 3077 ὑποδηλοῖ.
916 3006 1172 3070 Χιλιάδας
1220 3006 1276 3058 δὲ
1303 3046 1316 3071 ,
1353 3006 1471 3077 ἢτοι
1525 3007 1758 3076 χιλιάδα,

169 3104 317 3156 οὕτω
348 3101 455 3171 γὰρ
491 3100 720 3171 εὓρηται
754 3100 812 3152 ἐν
843 3101 908 3170 τῇ
951 3097 1216 3170 Ἐϐραίων
1245 3100 1429 3171 Γραφῇ
1453 3141 1466 3163 ,
1492 3100 1591 3170 τὴν
1625 3100 1762 3152 κατά

1171 411 1540 468 EXPOSITIO
1579 409 1647 465 ΙΝ
1686 410 2022 470 PSALMUM
2064 411 2350 471 LXXXIV.

238 531 527 597 Μακάριοι
555 532 606 583 οι
642 529 1060 594 κατοικοῦντες
1088 529 1157 582 ἐν
1196 528 1276 594 τῷ
1322 530 1464 593 οικῳ
1493 544 1641 584 σου·
1677 529 1754 600 τῷ
1785 537 1830 592 Α

1709 1884 1831 1938 -B

3321 413 3425 466 370

1929 531 1981 584 3.
2015 531 2168 585 Beati
2210 533 2298 602 qui
2343 531 2584 585 habitant
2629 532 2683 584 in
2715 529 2870 584 domo
2901 540 3011 586 tua.
3044 530 3313 587 soirituali
3347 531 3428 583 vi-

1856 624 2069 678 tlclicel.

1927 713 1980 776 6,
2013 715 2063 767 7.
2104 713 2295 768 Beatus
2329 716 2408 768 vir
2431 715 2581 782 cujus
2613 724 2689 768 est
2713 715 2978 768 auxilium
3005 714 3094 769 abs
3124 724 3205 768 te:
3245 729 3427 765 ascen-

1857 809 2030 861 sione:
2064 807 2120 859 in
2157 807 2312 861 corde
2339 824 2432 860 suo
2467 807 2745 876 disposuit.
2782 806 2884 873 Qui
2920 807 3046 869 sibi,
3084 806 3278 876 inquit,
3329 807 3424 858 ad-

1852 899 2090 968 jutorem
2120 901 2391 970 ascripsit,
2437 900 2610 954 bonas
2645 900 2747 954 sibi
2786 899 3146 963 cogitationes
3188 897 3428 966 quotidie

1859 993 2120 1056 instituit,
2145 1008 2283 1062 quas
2311 1008 2454 1047 nunc
2485 994 2836 1047 ascensiones
2864 993 3021 1055 dixit,
3054 992 3182 1060 quia
3215 990 3266 1043 in
3299 990 3429 1058 ipsis

1857 1094 1941 1139 est
1971 1085 2130 1154 quasi
2157 1100 2422 1140 ascensus
2452 1100 2481 1138 a
2530 1085 2760 1139 terrenis
2805 1084 2872 1139 ad
2903 1084 3164 1139 coelestia.
3198 1082 3261 1136 In
3298 1081 3430 1135 calle

1860 1178 2242 1247 lacrgmarum.
2284 1175 2492 1231 Vallem
2523 1176 2890 1246 lacrymarum
2932 1175 3217 1229 mortalem
3263 1174 3428 1226 vitam

1858 1269 2012 1324 dicit.
2052 1269 2140 1322 Ait
2171 1268 2354 1336 igitur,
2385 1270 2439 1322 in
2485 1269 2701 1323 mortali
2736 1268 2844 1320 vita
2881 1266 3116 1335 replebis
3147 1281 3242 1319 eos
3276 1264 3432 1317 bouis

1859 1360 2303 1430 cogitationibus,
2350 1360 2594 1430 quotidie
2643 1359 2931 1413 instituens
2981 1357 3124 1410 illos.
3164 1355 3273 1426 (35)
3302 1351 3435 1420 ρυω

1861 1454 1965 1508 sibi
1997 1469 2061 1508 ex
2095 1463 2188 1507 tuo
2221 1452 2524 1521 patrocinio
2553 1450 2837 1506 advenisse
2876 1450 3016 1504 bona
3043 1454 3333 1504 senserunt

1932 1716 1985 1769 8.
2015 1716 2223 1768 Etenim
2250 1713 2658 1768 benedictionem
2683 1712 2830 1763 dabit
2856 1709 3128 1780 legislator
3151 1725 3168 1771 ,'
3200 1707 3343 1761 ibunt
3371 1708 3434 1760 de

1861 1806 2052 1860 virtute
2081 1806 2134 1856 in
2167 1805 2432 1857 virtutem.
2467 1802 2892 1864 Retributiones,
2923 1800 3118 1869 inquit,
3168 1799 3432 1852 bonarum

1861 1897 2252 1966 cogitationum
2273 1896 2424 1949 dabit
2456 1895 2560 1948 illis
2591 1895 2868 1964 lcgislator
2888 1933 2902 1956 ,
2933 1891 2987 1946 id
3019 1902 3103 1947 est
3141 1891 3232 1961 qui
3264 1891 3432 1960 legem

1861 1987 1995 2042 Novi
2024 1986 2357 2042 Testamenti
2381 1987 2529 2040 dedit
2561 1985 2685 2039 illis.
2720 1984 2852 2050 Quae
2891 1994 3068 2038 autem
3101 1982 3302 2035 fuerint
3331 1980 3433 2034 illa:

1862 2080 2289 2146 benedictioncs,
2336 2079 2440 2132 nisi
2499 2076 2646 2148 quod
2699 2077 2765 2130 de
2811 2076 3013 2130 virtute
3071 2075 3124 2127 in
3179 2072 3432 2126 virtutem

1861 2173 2031 2225 eant?
2058 2169 2113 2224 Id
2149 2182 2228 2224 est
2270 2171 2338 2224 ab
2367 2171 2470 2224 hoc
2501 2170 2628 2222 vitae
2659 2167 2906 2222 instituto
2934 2165 3232 2220 secundum
3265 2162 3432 2218 Deum

1862 2272 2006 2327 acto,
2034 2261 2100 2315 ad
2136 2275 2426 2329 supernam
2458 2258 2786 2323 Jerusalem,
2839 2273 2950 2328 quo
2998 2271 3121 2312 cum
3168 2269 3430 2324 pervene-

1862 2353 1995 2417 rint,
2027 2353 2287 2407 videbunt
2306 2351 2476 2406 Deum
2498 2352 2656 2405 sicuti
2685 2364 2789 2406 est.

1928 2445 2015 2498 ιο.
2050 2443 2263 2508 Respice
2303 2444 2359 2496 in
2401 2443 2591 2512 faciem
2633 2440 2831 2494 Christi
2880 2439 2977 2491 tui.
3032 2435 3309 2490 Christum
3349 2431 3437 2485 hic

1864 2536 2096 2606 appellat
2151 2535 2410 2604 populum
2477 2543 2729 2588 vocatum
2793 2531 2858 2584 ad
2941 2529 3116 2600 regale
3184 2525 3438 2582 sacerdo-

1864 2631 2022 2685 tium.

1937 2724 2024 2777 il.
2061 2720 2201 2786 Quia
2233 2718 2416 2772 melior
2441 2728 2517 2771 est
2554 2718 2664 2770 dies
2711 2734 2816 2768 una
2853 2717 2908 2768 in
2951 2713 3104 2766 atriis
3147 2715 3252 2766 tuis
3285 2727 3438 2780 super

1866 2815 2063 2869 millia.
2099 2812 2225 2867 Dies
2255 2826 2362 2865 una
2402 2809 2455 2863 in
2486 2809 2640 2863 atriis
2674 2806 2910 2869 Domini,
2955 2805 3007 2858 id
3055 2814 3137 2858 est
3170 2804 3224 2856 in
3261 2803 3437 2856 eccle-

1868 2909 1988 2975 siis,
2017 2907 2160 2962 diem
2189 2902 2603 2959 resurrectionis
2627 2898 2924 2954 Salvatoris
2955 2895 3244 2966 signiﬁcat.
3264 2891 3430 2946 Millia

1865 3015 2015 3066 vero,
2060 2999 2174 3053 sive
2222 2996 2391 3061 mille,
2445 2994 2518 3047 ita
2569 2992 2713 3045 enim
2765 2990 2964 3060 legitur
3004 2989 3056 3042 in
3089 2985 3438 3041 Hebrmorum

1869 3090 2196 3158 Scriptura,
2238 3085 2465 3153 legalem
2520 3081 2726 3136 cultum
2770 3087 2944 3144 vocat,
3000 3077 3092 3146 qui
3144 3091 3239 3144 per
3294 3074 3440 3127 mille

172 3199 340 3266 νόμον
360 3165 630 3264 λατρείαν
661 3192 848 3262 φησὶν,
884 3165 1005 3261 ἣτις
1049 3165 1134 3252 ἐίς
1157 3165 1379 3260 χιλιάδαή
1402 3165 1763 3260 ἔτῶνάεκρά-

1866 3193 2038 3231 annos
2068 3174 2429 3244 perseveravit
2456 3187 2616 3226 orsus
2652 3186 2682 3224 a
2727 3168 3058 3237 temporibus
3103 3165 3439 3231 Salomonis,

2087 3265 2106 3278 ρ
2202 3266 2213 3278 ι
2258 3275 2266 3278 .
2486 3271 2496 3278 .
2563 3263 2594 3278 1·
2639 3262 2648 3271 ⁸
2700 3275 2781 3278 κομί
2835 3258 3091 3278 ._____I___._
3148 3272 3317 3278 __..__--
3374 3257 3435 3278 ,Δ

170 3305 363 3359 τηκεν,
393 3285 676 3358 ἀρξαμένη
708 3284 816 3336 ἀπὸ
858 3283 967 3336 τῶν
1017 3283 1108 3334 τοῦ
1151 3281 1492 3351 Σολομῶντος
1533 3281 1760 3351 χρόνων,

173 3381 268 3447 ἀφ’
298 3371 359 3431 οὗ
393 3377 788 3446 τεθεμελίωται
815 3374 998 3436 όθεῖος
1015 3373 1166 3438 ναὸς,
1200 3373 1361 3443 μέχρι
1391 3371 1490 3442 τῆς
1527 3370 1619 3423 τοῦ
1655 3372 1765 3423 Σω-

171 3475 340 3541 τῆρος
364 3467 686 3539 παρουσίας.
703 3465 985 3518 Δείκνυσιν
997 3461 1110 3526 οὖν,
1129 3463 1203 3526 ὡς
1220 3464 1352 3516 πολὺ
1372 3463 1430 3515 τὸ
1451 3461 1636 3534 μεῖζον
1653 3461 1763 3531 (56)

173 3564 274 3633 τῆς
295 3558 656 3628 εὑαγγελικῆς
683 3557 819 3627 πρὸς
841 3557 938 3626 τὴν
953 3555 1181 3625 νομικὴν
1207 3553 1482 3626 λατρείαν.
1540 3553 1768 3617 Ἐξελε-

174 3655 377 3723 ξάμην
398 3648 894 3718 παραριπτεῖσθαι
927 3649 995 3701 ἐν
1025 3646 1104 3712 τῷ
1129 3645 1272 3711 οἴκῳ
1314 3646 1417 3699 τοῦ
1452 3646 1599 3699 Θεοῦ
1623 3663 1762 3713 μου.

175 3742 302 3798 Οἷον
337 3744 412 3806 ὡς
447 3745 495 3795 εἰ
517 3742 663 3810 λέγοι
689 3759 702 3771 ·
739 3741 949 3812 Μικρός
987 3757 1069 3802 τις
1095 3737 1432 3808 καὶεὺτελὴς
1471 3733 1609 3789 εἶναι
1635 3735 1767 3806 μᾶλο

175 3818 270 3893 λον
304 3837 370 3890 ἂν
401 3835 692 3906 βουλοίμην
719 3833 826 3885 τῶν
860 3835 914 3885 ἐν
949 3835 1013 3900 τῇ
1061 3828 1354 3900 Ἐκκλησία
1384 3830 1416 3898 ἢ
1465 3829 1634 3898 μέγας
1658 3826 1766 3880 τῶν

176 3933 236 3982 ὲν
265 3929 344 3998 τῷ
376 3926 688 3997 ἁμαρτωλῷ
709 3923 842 3993 λαῷ.
874 3922 1058 3974 Ταῦτα
1083 3924 1194 3983 τοῖς
1219 3923 1275 3972 ἐν
1307 3918 1583 3972 Βαϐυλῶνι
1610 3919 1769 3988 πρόσο

177 4038 344 4092 (popa,
371 4018 467 4071 καὶ
493 4018 623 4087 ἡμῖν
643 4014 940 4084 ἐπιτήδεια.
962 4012 1072 4064 Καὶ
1099 4011 1206 4081 γὰρ
1230 4010 1469 4072 ἐκείνους
1491 4009 1767 4062 ἐδίδασκεν

177 4115 210 4181 ἡ
247 4112 410 4182 χάρις
459 4108 554 4161 τοῦ
591 4106 907 4176 Πνεύματος
946 4102 1020 4174 μὴ
1070 4100 1445 4172 παραϐλέπειν
1495 4099 1588 4151 τοῦ
1620 4098 1765 4152 θείου

177 4206 331 4260 οἴκου
357 4203 457 4273 τὴν
485 4201 740 4272 ἐρημίαν,
787 4199 881 4250 καὶ
929 4198 1092 4265 ἡμεῖς
1121 4193 1488 4263 παιδευόμεθα
1531 4193 1656 4253 τοὺς
1689 4191 1768 4260 τῷ

178 4294 302 4364 Θεῷ
334 4291 750 4361 ἀφιερωμένους
785 4287 985 4356 σηκοὺς
1016 4286 1100 4336 ἀεὶ
1134 4283 1317 4336 ποθεῖν
1345 4285 1438 4336 καὶ
1463 4283 1699 4353 ἀγαπᾷν.

253 4385 470 4450 Κύριος
508 4383 579 4433 οὺ
610 4379 895 4444 στερήσει
934 4377 1004 4428 τὰ
1043 4374 1233 4444 ἀγαθὰ
1279 4373 1401 4438 τοῖς
1451 4372 1771 4441 πορευομέ-

183 4494 314 4540 νοις
337 4474 406 4526 ἐν
430 4471 666 4537 ἀκακία.
693 4472 755 4522 Οἱ
786 4469 895 4539 γὰρ
923 4467 1124 4536 ταύτην
1153 4467 1363 4536 ἔχοντες
1392 4466 1488 4534 τὴν
1509 4466 1766 4530 διάθεσιν,

1865 3284 1894 3323 a
1935 3283 2042 3338 quo
2085 3265 2369 3320 fundatum
2421 3271 2504 3315 est
2544 3262 2786 3314 divinum
2835 3258 3095 3327 templum
3148 3272 3321 3326 usque
3372 3257 3438 3309 ad

1865 3363 2154 3415 adventum
2205 3356 2526 3411 Salvatoris.
2580 3353 2829 3408 Declarat
2882 3353 3046 3422 igitur
3093 3352 3251 3420 longe
3305 3366 3413 3417 pra:

1867 3453 2182 3508 stantiorem
2211 3464 2332 3503 esse
2356 3448 2724 3516 evangelicum
2753 3459 2917 3515 quant
2946 3443 3170 3513 legalem
3207 3442 3436 3496 cultum.

1873 3543 2020 3612 Elegi
2046 3541 2278 3608 abjectus
2309 3556 2417 3592 esse
2446 3539 2499 3589 in
2531 3539 2685 3589 domo
2715 3536 2807 3589 Dei
2835 3537 2954 3598 mei,
2985 3543 3088 3589 etc.
3122 3536 3198 3588 Ac
3225 3533 3271 3588 si
3304 3532 3423 3586 dice

1868 3646 1985 3688 ret:
2024 3632 2166 3685 Malo
2191 3631 2422 3700 pusillus
2459 3638 2512 3682 et
2560 3629 2683 3682 vilis
2733 3643 2855 3681 esse
2889 3628 2942 3680 in
2980 3626 3242 3690 Ecclesia,
3277 3641 3439 3694 quam

1868 3733 2173 3793 przepotens
2197 3722 2248 3774 in
2286 3721 2486 3790 populo
2533 3727 2835 3789 peccatore.
2867 3716 2990 3771 Haec
3023 3717 3088 3771 iis
3133 3718 3226 3785 qui
3254 3715 3307 3768 in
3340 3713 3443 3767 Ba-

1870 3815 2066 3886 bylone
2106 3821 2261 3866 erant
2313 3811 2505 3872 utilia,
2560 3820 2615 3863 et
2675 3809 2830 3862 nobis
2885 3807 3237 3877 c0ngruentia
3291 3815 3439 3859 sunt.

1869 3907 2004 3960 Nam
2047 3913 2101 3960 et
2154 3904 2276 3960 illos
2321 3903 2584 3958 edocebat
2617 3904 2788 3972 gratia
2842 3901 3100 3971 Spir-itus,
3151 3910 3210 3954 ut
3245 3899 3441 3954 divinae

1868 3999 2065 4052 domus
2100 3996 2408 4049 vastitatem
2437 4008 2502 4046 ne
2532 3993 2872 4062 despicerent
2901 4011 2912 4045 :
2945 4001 2998 4045 et
3033 4007 3134 4045 nos
3160 3991 3441 4045 erudimur

1869 4097 1929 4142 ut
1969 4087 2081 4140 Deo
2120 4101 2275 4140 sacra
2329 4085 2527 4153 templa
2573 4098 2784 4152 semper
2833 4092 3172 4152 exoptemus,
3217 4091 3270 4137 et
3317 4080 3442 4136 dili-

1867 4196 2079 4251 gamus.

1947 4376 2034 4441 12,
2067 4376 2155 4431 15.
2195 4374 2453 4428 Dominus
2504 4391 2603 4427 non
2637 4374 2864 4443 privabit
2902 4375 3048 4426 battis
3077 4389 3162 4426 eos
3195 4375 3283 4444 qui
3321 4388 3437 4428 am-

1872 4468 2054 4520 bulant
2082 4471 2133 4520 in
2171 4469 2489 4520 innocentia.
2529 4465 2664 4520 Nam
2714 4465 2805 4535 qui
2842 4465 3155 4534 hujusmodi
3187 4465 3438 4520 aﬂectunr

183 4568 395 4622 τούτων
421 4564 677 4618 ἀπάντων
695 4563 1028 4616 ἀπολαύουσι
1053 4559 1161 4612 τῶν
1191 4558 1431 4627 ἀγαθῶν.
1452 4557 1640 4622 Ἔλεος
1662 4558 1763 4627 γὰρ

1876 4561 2094 4624 habent,
2145 4560 2230 4613 his
2278 4561 2532 4614 omnibus
2565 4558 2724 4612 bonis
2762 4557 3034 4612 fruuntur.
3073 4557 3440 4614 Misericordia

185 4667 251 4715 ἐκ
274 4661 384 4713 τῶν
404 4657 564 4711 θείων
592 4656 984 4710 ἀναϐλαστάνει
1011 4653 1214 4723 σηκῶν,
1242 4655 1336 4706 καὶ
1365 4652 1531 4722 πολλὴ
1559 4653 1766 4705 ἐκεῖθεν

179 4750 416 4826 ἀφθονος
448 4749 546 4817 τῆς
573 4746 830 4816 ἀληθείας
859 4749 890 4814 ὴ
922 4744 1175 4815 χορηγία.
1235 4744 1476 4795 Ἐκεῖθεν
1519 4742 1628 4813 γὰρ
1658 4742 1765 4795 τῶν

182 4841 408 4910 ἀγαθῶν
436 4839 719 4910 δογμάτων
741 4838 838 4909 τὴν
859 4837 1206 4891 διδασκαλίαν
1226 4836 1510 4907 δεχόμεθα,
1547 4837 1639 4888 καὶ
1669 4836 1765 4906 χά-

189 4954 272 5004 ριν
303 4935 360 4986 δὲ
395 4933 546 4985 θείαν
576 4935 640 4984 ὲκ
661 4932 769 4984 τῶν
800 4930 894 4982 τοῦ
939 4930 1208 4998 παναγίου
1243 4931 1558 5000 Πνεύματος
1607 4948 1770 5002 κρου-

184 5029 292 5080 νῶν
326 5024 634 5095 ἀρυόμιθα·
680 5025 774 5077 καὶ
819 5023 1001 5092 μέντοι
1061 5024 1152 5075 καὶ
1200 5023 1549 5091 περίϐλεπτοι
1592 5022 1772 5074 ἐντεῦ-

187 5121 277 5173 θεν
304 5116 585 5188 γινόμεθα,
641 5118 733 5169 καὶ
779 5115 898 5167 λίαν
935 5118 1273 5185 περιφανεῖς,
1322 5117 1416 5167 καὶ
1472 5115 1771 5186 συλλήϐδην

187 5213 385 5271 εἰπεῖν,
413 5211 593 5262 πᾶσαν
615 5209 720 5261 τῶν
753 5206 974 5275 ἀγαθῶν
1004 5205 1274 5276 δεχόμεθα
1319 5205 1418 5276 τὴν
1452 5206 1767 5265 ἀπόλαυσιν,

188 5303 389 5363 κακίας
428 5301 524 5370 μὲν
557 5300 649 5351 καὶ
674 5299 937 5367 πονηρίας
973 5297 1423 5366 ἀπαλλαττόμεθα
1447 5342 1460 5364 ,
1507 5297 1770 5367 ἁπλότητι

190 5397 247 5450 δὲ
277 5395 370 5446 καὶ
401 5393 628 5462 ἀληθείᾳ
658 5391 824 5460 συζῇν
853 5391 1294 5460 προαιρούμενοι.

302 5485 403 5547 Εἰς
421 5479 615 5545 τέλος,
643 5481 765 5546 τοῖς
793 5478 941 5544 ὐἱοῖς
983 5481 1152 5547 Κορὲ.
1200 5482 1504 5533 ΨΑᾹΗΟΣ
1538 5483 1662 5532 ΠΔ’.

818 5572 830 5589 '
845 5571 1150 5635 Υπόθεσις.

191 5665 290 5720 Διὰ
313 5663 506 5718 τούτου
535 5661 629 5716 τοῦ
651 5662 866 5734 ψαλμοῦ
898 5663 996 5733 τὴν
1032 5660 1220 5732 κλῆσιν
1259 5661 1363 5713 τῶν
1398 5660 1564 5713 ἐθνῶν
1597 5660 1764 5728 δηλοῖ,

261 5841 376 5914 (35)
417 5840 597 5898 Locus
621 5839 866 5896 vitiosus.

1874 4655 2018 4708 enim
2051 4669 2114 4707 ex
2145 4653 2342 4707 divinis
2374 4654 2585 4723 templis
2634 4654 2830 4718 oritur,
2881 4662 3045 4721 atque
3092 4653 3312 4723 largiter
3349 4669 3433 4707 ex-

1877 4747 2003 4800 hinc
2029 4746 2231 4801 veritas
2263 4747 2655 4815 suppeditatur.
2687 4745 2852 4800 istinc
2878 4746 3022 4799 enim
3053 4759 3309 4800 sanorum
3342 4747 3432 4799 do-

1876 4850 2115 4906 guratum
2147 4835 2449 4891 doctrinam
2483 4837 2802 4906 accipimus,
2835 4846 2888 4889 et
2938 4836 3176 4889 divinam
3214 4835 3441 4905 gratiam

1877 4948 1942 4984 ex
1999 4929 2332 4983 sanctissimi
2383 4928 2618 4998 Spiritus
2670 4929 2913 4984 fontibus
2974 4929 3276 4982 haurimus.
3327 4927 3440 4982 luto

1873 5021 2070 5075 exinde
2110 5020 2352 5089 praeclari
2394 5022 2694 5088 evadimus,
2730 5031 2784 5076 et
2808 5022 2960 5075 valde
2994 5022 3253 5088 illustres,
3283 5030 3360 5086 et,
3383 5034 3442 5076 ut

1878 5131 1988 5168 uno
2019 5114 2182 5167 verbo
2212 5114 2409 5176 dicam,
2441 5116 2586 5167 omni
2620 5113 2888 5168 bonorum
2925 5115 3079 5183 copia
3108 5114 3361 5178 fruimur,
3389 5125 3443 5169 ct

1874 5222 1902 5258 a
1934 5206 2139 5259 malitia
2189 5205 2641 5275 ituprobitateque
2677 5206 2992 5270 liberamur,
3034 5207 3194 5259 vitam
3240 5207 3436 5275 eligen~

1877 5308 1955 5355 tes
1985 5301 2034 5354 in
2066 5301 2408 5369 simplicitate
2441 5308 2495 5352 et
2526 5300 2746 5351 veritate
2776 5315 2954 5369 agere.

1947 5480 1991 5533 l.
2039 5477 2099 5529 In
2128 5479 2304 5546 ﬁnem,
2339 5477 2463 5548 (iliis
2492 5477 2642 5532 Core.
2675 5477 3016 5532 PSALMUS
3054 5477 3367 5532 LXXXIV.

2452 5571 2851 5641 Argumentum.

1868 5661 1971 5717 Per
2011 5663 2153 5716 hunc
2186 5663 2453 5731 psalmum
2490 5666 2825 5719 vocationem
2877 5667 3116 5736 gentium
3147 5663 3418 5735 signiﬁcat.

1945 5831 2053 5906 (36)
2096 5836 2251 5894 Forte
2283 5838 2465 5907 μέσον.
