  <div class='ocr_page' id='page_1' title='image "/cluster/home/n/w/nwhite01/storage/ocr_20150623/27/ien.35556001660521/197.png"; bbox 0 0 4070 6460; ppageno 0'>
   <div class='ocr_carea' id='block_1_1' title="bbox 586 445 685 501">
    <p class='ocr_par' dir='ltr' id='par_1_1' title="bbox 586 445 685 501">
     <span class='ocr_line' id='line_1_1' title="bbox 586 445 685 501; baseline -0.03 0"><span class='ocrx_word' id='word_1_1' title='bbox 586 445 685 501; x_wconf 77' lang='grc'><strong>371</strong></span> 
     </span>
    </p>
   </div>
   <div class='ocr_carea' id='block_1_2' title="bbox 1402 420 2968 490">
    <p class='ocr_par' dir='ltr' id='par_1_2' title="bbox 1402 420 2968 490">
     <span class='ocr_line' id='line_1_2' title="bbox 1402 420 2968 490; baseline -0.01 -2"><span class='ocrx_word' id='word_1_2' title='bbox 1402 434 1458 490; x_wconf 92' lang='lat' dir='ltr'><strong>S.</strong></span> <span class='ocrx_word' id='word_1_3' title='bbox 1491 433 1861 489; x_wconf 79' lang='lat' dir='ltr'><strong>ATHANASII</strong></span> <span class='ocrx_word' id='word_1_4' title='bbox 1898 432 2050 489; x_wconf 70' lang='lat' dir='ltr'><strong>Ol’P.</strong></span> <span class='ocrx_word' id='word_1_5' title='bbox 2094 430 2277 486; x_wconf 77' lang='lat' dir='ltr'><strong>PARS</strong></span> <span class='ocrx_word' id='word_1_6' title='bbox 2316 429 2398 486; x_wconf 91' lang='lat' dir='ltr'><strong>lll.</strong></span> <span class='ocrx_word' id='word_1_7' title='bbox 2445 420 2968 481; x_wconf 77' lang='lat' dir='ltr'><strong>—&#39;EXEGETICA.</strong></span> 
     </span>
    </p>
   </div>
   <div class='ocr_carea' id='block_1_3' title="bbox 3736 414 3844 469">
    <p class='ocr_par' dir='ltr' id='par_1_3' title="bbox 3736 414 3844 469">
     <span class='ocr_line' id='line_1_3' title="bbox 3736 414 3844 469; baseline -0.019 -1"><span class='ocrx_word' id='word_1_8' title='bbox 3736 414 3844 469; x_wconf 75' lang='lat'><strong>372</strong></span> 
     </span>
    </p>
   </div>
   <div class='ocr_carea' id='block_1_4' title="bbox 659 533 2217 622">
    <p class='ocr_par' dir='ltr' id='par_1_4' title="bbox 659 555 2217 622">
     <span class='ocr_line' id='line_1_4' title="bbox 659 555 2217 622; baseline -0.008 -3"><span class='ocrx_word' id='word_1_9' title='bbox 659 574 713 622; x_wconf 88' lang='lat' dir='ltr'><strong>et</strong></span> <span class='ocrx_word' id='word_1_10' title='bbox 741 577 1112 618; x_wconf 82' lang='lat' dir='ltr'><strong>remissmncm</strong></span> <span class='ocrx_word' id='word_1_11' title='bbox 1146 559 1215 614; x_wconf 90' lang='lat' dir='ltr'><strong>ob</strong></span> <span class='ocrx_word' id='word_1_12' title='bbox 1245 572 1399 613; x_wconf 83' lang='lat' dir='ltr'><strong>suam</strong></span> <span class='ocrx_word' id='word_1_13' title='bbox 1429 558 1493 612; x_wconf 90' lang='lat' dir='ltr'><strong>ad</strong></span> <span class='ocrx_word' id='word_1_14' title='bbox 1526 557 1691 612; x_wconf 89' lang='lat' dir='ltr'><strong>Deum</strong></span> <span class='ocrx_word' id='word_1_15' title='bbox 1741 555 2151 612; x_wconf 84' lang='lat' dir='ltr'><strong>conversionem</strong></span> <span class='ocrx_word' id='word_1_16' title='bbox 2189 556 2217 607; x_wconf 73' lang='grc' dir='ltr'>Α</span> 
     </span>
    </p>
   </div>
   <div class='ocr_carea' id='block_1_5' title="bbox 2295 533 3846 622">
    <p class='ocr_par' dir='ltr' id='par_1_5' title="bbox 2327 533 3846 621">
     <span class='ocr_line' id='line_1_5' title="bbox 2327 533 3846 621; baseline -0.014 -16"><span class='ocrx_word' id='word_1_17' title='bbox 2327 551 2422 604; x_wconf 78' lang='grc' dir='ltr'>καὶ</span> <span class='ocrx_word' id='word_1_18' title='bbox 2441 550 2539 621; x_wconf 85' lang='grc' dir='ltr'><strong>τὴν</strong></span> <span class='ocrx_word' id='word_1_19' title='bbox 2572 543 2871 615; x_wconf 77' lang='grc' dir='ltr'><strong>γενομένην</strong></span> <span class='ocrx_word' id='word_1_20' title='bbox 2915 539 3098 601; x_wconf 73' lang='grc' dir='ltr'>αὐτοῖς</span> <span class='ocrx_word' id='word_1_21' title='bbox 3153 536 3241 591; x_wconf 79' lang='grc' dir='ltr'><strong>διὰ</strong></span> <span class='ocrx_word' id='word_1_22' title='bbox 3275 536 3373 607; x_wconf 76' lang='grc' dir='ltr'>τῆς</span> <span class='ocrx_word' id='word_1_23' title='bbox 3407 535 3542 607; x_wconf 82' lang='grc' dir='ltr'>πρὸς</span> <span class='ocrx_word' id='word_1_24' title='bbox 3585 534 3676 587; x_wconf 81' lang='grc' dir='ltr'><strong>τδν</strong></span> <span class='ocrx_word' id='word_1_25' title='bbox 3706 533 3846 586; x_wconf 81' lang='grc' dir='ltr'>Θεὸν</span> 
     </span>
    </p>
   </div>
   <div class='ocr_carea' id='block_1_6' title="bbox 660 645 2155 723">
    <p class='ocr_par' dir='ltr' id='par_1_6' title="bbox 660 645 2155 723">
     <span class='ocr_line' id='line_1_6' title="bbox 660 645 2155 723; baseline -0.006 -16"><span class='ocrx_word' id='word_1_26' title='bbox 660 655 790 723; x_wconf 83' lang='lat' dir='ltr'><strong>ipsis</strong></span> <span class='ocrx_word' id='word_1_27' title='bbox 819 665 1155 707; x_wconf 86' lang='lat' dir='ltr'><strong>concessam.</strong></span> <span class='ocrx_word' id='word_1_28' title='bbox 1187 647 1266 701; x_wconf 81' lang='lat' dir='ltr'><strong>Ad</strong></span> <span class='ocrx_word' id='word_1_29' title='bbox 1295 647 1408 703; x_wconf 66' lang='lat' dir='ltr'><strong>haec</strong></span> <span class='ocrx_word' id='word_1_30' title='bbox 1431 647 1638 703; x_wconf 77' lang='lat' dir='ltr'><strong>inducit</strong></span> <span class='ocrx_word' id='word_1_31' title='bbox 1665 645 1950 702; x_wconf 86' lang='lat' dir='ltr'><strong>Judaicum</strong></span> <span class='ocrx_word' id='word_1_32' title='bbox 1985 659 2155 714; x_wconf 87' lang='lat' dir='ltr'><strong>popu-</strong></span> 
     </span>
    </p>
   </div>
   <div class='ocr_carea' id='block_1_7' title="bbox 661 739 2156 814">
    <p class='ocr_par' dir='ltr' id='par_1_7' title="bbox 661 739 2156 814">
     <span class='ocr_line' id='line_1_7' title="bbox 661 739 2156 814; baseline -0.006 -16"><span class='ocrx_word' id='word_1_33' title='bbox 661 746 803 806; x_wconf 88' lang='lat' dir='ltr'><strong>lum,</strong></span> <span class='ocrx_word' id='word_1_34' title='bbox 828 745 920 814; x_wconf 89' lang='lat' dir='ltr'><strong>qui</strong></span> <span class='ocrx_word' id='word_1_35' title='bbox 973 751 1095 812; x_wconf 92' lang='lat' dir='ltr'><strong>post</strong></span> <span class='ocrx_word' id='word_1_36' title='bbox 1134 740 1469 796; x_wconf 86' lang='lat' dir='ltr'><strong>vocationem</strong></span> <span class='ocrx_word' id='word_1_37' title='bbox 1504 739 1742 808; x_wconf 78' lang='lat' dir='ltr'><strong>gentium</strong></span> <span class='ocrx_word' id='word_1_38' title='bbox 1787 745 2006 807; x_wconf 89' lang='lat' dir='ltr'><strong>peccata</strong></span> <span class='ocrx_word' id='word_1_39' title='bbox 2057 751 2156 790; x_wconf 89' lang='lat' dir='ltr'><strong>sua</strong></span> 
     </span>
    </p>
   </div>
   <div class='ocr_carea' id='block_1_8' title="bbox 660 829 2157 904">
    <p class='ocr_par' dir='ltr' id='par_1_8' title="bbox 660 829 2157 904">
     <span class='ocr_line' id='line_1_8' title="bbox 660 829 2157 904; baseline -0.007 -12"><span class='ocrx_word' id='word_1_40' title='bbox 660 837 964 901; x_wconf 87' lang='lat' dir='ltr'><strong>conﬁtetur,</strong></span> <span class='ocrx_word' id='word_1_41' title='bbox 997 843 1052 890; x_wconf 92' lang='lat' dir='ltr'><strong>et</strong></span> <span class='ocrx_word' id='word_1_42' title='bbox 1085 843 1238 904; x_wconf 80' lang='lat' dir='ltr'><strong>rogat</strong></span> <span class='ocrx_word' id='word_1_43' title='bbox 1275 833 1388 901; x_wconf 92' lang='lat' dir='ltr'><strong>ipse</strong></span> <span class='ocrx_word' id='word_1_44' title='bbox 1411 846 1630 902; x_wconf 84' lang='lat' dir='ltr'><strong>quoque</strong></span> <span class='ocrx_word' id='word_1_45' title='bbox 1655 836 1716 884; x_wconf 89' lang='lat' dir='ltr'><strong>ut</strong></span> <span class='ocrx_word' id='word_1_46' title='bbox 1749 845 1845 901; x_wconf 86' lang='lat' dir='ltr'><strong>per</strong></span> <span class='ocrx_word' id='word_1_47' title='bbox 1878 829 2157 884; x_wconf 88' lang='lat' dir='ltr'><strong>Christum</strong></span> 
     </span>
    </p>
   </div>
   <div class='ocr_carea' id='block_1_9' title="bbox 661 928 1514 993">
    <p class='ocr_par' dir='ltr' id='par_1_9' title="bbox 661 928 1514 993">
     <span class='ocr_line' id='line_1_9' title="bbox 661 928 1514 993; baseline -0.008 -9"><span class='ocrx_word' id='word_1_48' title='bbox 661 928 1088 984; x_wconf 89' lang='lat' dir='ltr'><strong>misericordiam</strong></span> <span class='ocrx_word' id='word_1_49' title='bbox 1125 933 1514 993; x_wconf 86' lang='lat' dir='ltr'><strong>consequatur.</strong></span> 
     </span>
    </p>
   </div>
   <div class='ocr_carea' id='block_1_10' title="bbox 662 1013 2162 1086">
    <p class='ocr_par' dir='ltr' id='par_1_10' title="bbox 662 1013 2162 1086">
     <span class='ocr_line' id='line_1_10' title="bbox 662 1013 2162 1086; baseline -0.007 -11"><span class='ocrx_word' id='word_1_50' title='bbox 662 1022 716 1079; x_wconf 72' lang='grc'><strong>2.</strong></span> <span class='ocrx_word' id='word_1_51' title='bbox 759 1020 1107 1086; x_wconf 74' lang='lat' dir='ltr'><strong>Benedixisti,</strong></span> <span class='ocrx_word' id='word_1_52' title='bbox 1143 1017 1384 1082; x_wconf 81' lang='lat' dir='ltr'><strong>Domine,</strong></span> <span class='ocrx_word' id='word_1_53' title='bbox 1412 1024 1606 1070; x_wconf 84' lang='lat' dir='ltr'><strong>terram</strong></span> <span class='ocrx_word' id='word_1_54' title='bbox 1650 1024 1814 1068; x_wconf 89' lang='lat' dir='ltr'><strong>tuam.</strong></span> <span class='ocrx_word' id='word_1_55' title='bbox 1868 1013 1932 1066; x_wconf 89' lang='lat' dir='ltr'><strong>Et</strong></span> <span class='ocrx_word' id='word_1_56' title='bbox 1974 1025 2162 1067; x_wconf 77' lang='lat' dir='ltr'><strong>revera</strong></span> 
     </span>
    </p>
   </div>
   <div class='ocr_carea' id='block_1_11' title="bbox 593 1103 2164 1178">
    <p class='ocr_par' dir='ltr' id='par_1_11' title="bbox 593 1103 2164 1178">
     <span class='ocr_line' id='line_1_11' title="bbox 593 1103 2164 1178; baseline -0.008 -9"><span class='ocrx_word' id='word_1_57' title='bbox 593 1115 738 1171; x_wconf 88' lang='lat' dir='ltr'><strong>Deus</strong></span> <span class='ocrx_word' id='word_1_58' title='bbox 762 1124 814 1170; x_wconf 87' lang='lat' dir='ltr'><strong>et</strong></span> <span class='ocrx_word' id='word_1_59' title='bbox 847 1112 1004 1167; x_wconf 88' lang='lat' dir='ltr'><strong>Pater</strong></span> <span class='ocrx_word' id='word_1_60' title='bbox 1036 1109 1333 1173; x_wconf 83' lang='lat' dir='ltr'><strong>benedixit,</strong></span> <span class='ocrx_word' id='word_1_61' title='bbox 1369 1107 1482 1164; x_wconf 84' lang='lat' dir='ltr'><strong>sive</strong></span> <span class='ocrx_word' id='word_1_62' title='bbox 1512 1107 1715 1178; x_wconf 83' lang='lat' dir='ltr'><strong>placuit</strong></span> <span class='ocrx_word' id='word_1_63' title='bbox 1749 1104 1852 1175; x_wconf 89' lang='lat' dir='ltr'><strong>ipsi</strong></span> <span class='ocrx_word' id='word_1_64' title='bbox 1882 1103 2064 1160; x_wconf 80' lang='lat' dir='ltr'><strong>omnia</strong></span> <span class='ocrx_word' id='word_1_65' title='bbox 2107 1104 2164 1157; x_wconf 91' lang='lat' dir='ltr'><strong>in</strong></span> 
     </span>
    </p>
   </div>
   <div class='ocr_carea' id='block_1_12' title="bbox 593 1195 2162 1270">
    <p class='ocr_par' dir='ltr' id='par_1_12' title="bbox 593 1195 2162 1270">
     <span class='ocr_line' id='line_1_12' title="bbox 593 1195 2162 1270; baseline -0.01 -7"><span class='ocrx_word' id='word_1_66' title='bbox 593 1209 813 1263; x_wconf 85' lang='lat' dir='ltr'><strong>Christo</strong></span> <span class='ocrx_word' id='word_1_67' title='bbox 869 1207 1191 1260; x_wconf 85' lang='lat' dir='ltr'><strong>instaurare.</strong></span> <span class='ocrx_word' id='word_1_68' title='bbox 1249 1203 1500 1257; x_wconf 81' lang='lat' dir='ltr'><strong>Avertisti</strong></span> <span class='ocrx_word' id='word_1_69' title='bbox 1563 1200 1922 1270; x_wconf 80' lang='lat' dir='ltr'><strong>captivitatem</strong></span> <span class='ocrx_word' id='word_1_70' title='bbox 1975 1195 2162 1250; x_wconf 75' lang='lat' dir='ltr'><strong>Iacob.</strong></span> 
     </span>
    </p>
   </div>
   <div class='ocr_carea' id='block_1_13' title="bbox 593 1290 2168 1369">
    <p class='ocr_par' dir='ltr' id='par_1_13' title="bbox 593 1290 2168 1369">
     <span class='ocr_line' id='line_1_13' title="bbox 593 1290 2168 1369; baseline -0.009 -14"><span class='ocrx_word' id='word_1_71' title='bbox 593 1301 730 1355; x_wconf 86' lang='lat' dir='ltr'><strong>Nam</strong></span> <span class='ocrx_word' id='word_1_72' title='bbox 759 1315 880 1354; x_wconf 93' lang='lat' dir='ltr'><strong>cnm</strong></span> <span class='ocrx_word' id='word_1_73' title='bbox 908 1297 1110 1352; x_wconf 65' lang='lat' dir='ltr'><strong>Iudaeis</strong></span> <span class='ocrx_word' id='word_1_74' title='bbox 1142 1296 1376 1365; x_wconf 85' lang='lat' dir='ltr'><strong>primum</strong></span> <span class='ocrx_word' id='word_1_75' title='bbox 1407 1292 1803 1369; x_wconf 70' lang='lat' dir='ltr'><strong>praedicaverit,</strong></span> <span class='ocrx_word' id='word_1_76' title='bbox 1839 1290 2038 1344; x_wconf 89' lang='lat' dir='ltr'><strong>multos</strong></span> <span class='ocrx_word' id='word_1_77' title='bbox 2078 1304 2168 1342; x_wconf 89' lang='lat' dir='ltr'><strong>re-</strong></span> 
     </span>
    </p>
   </div>
   <div class='ocr_carea' id='block_1_14' title="bbox 597 1379 2168 1461">
    <p class='ocr_par' dir='ltr' id='par_1_14' title="bbox 597 1379 2168 1461">
     <span class='ocr_line' id='line_1_14' title="bbox 597 1379 2168 1461; baseline -0.011 -12"><span class='ocrx_word' id='word_1_78' title='bbox 597 1395 767 1449; x_wconf 88' lang='lat' dir='ltr'><strong>demit</strong></span> <span class='ocrx_word' id='word_1_79' title='bbox 800 1409 829 1446; x_wconf 92' lang='lat' dir='ltr'><strong>a</strong></span> <span class='ocrx_word' id='word_1_80' title='bbox 865 1390 1130 1461; x_wconf 87' lang='lat' dir='ltr'><strong>spirituali</strong></span> <span class='ocrx_word' id='word_1_81' title='bbox 1172 1388 1487 1458; x_wconf 81' lang='lat' dir='ltr'><strong>captivitate</strong></span> <span class='ocrx_word' id='word_1_82' title='bbox 1518 1387 1571 1440; x_wconf 90' lang='lat' dir='ltr'><strong>in</strong></span> <span class='ocrx_word' id='word_1_83' title='bbox 1603 1398 1767 1455; x_wconf 91' lang='lat' dir='ltr'><strong>quam</strong></span> <span class='ocrx_word' id='word_1_84' title='bbox 1794 1381 2014 1436; x_wconf 88' lang='lat' dir='ltr'><strong>abducti</strong></span> <span class='ocrx_word' id='word_1_85' title='bbox 2047 1379 2168 1433; x_wconf 79' lang='lat' dir='ltr'><strong>lue-</strong></span> 
     </span>
    </p>
   </div>
   <div class='ocr_carea' id='block_1_15' title="bbox 598 1473 2172 1554">
    <p class='ocr_par' dir='ltr' id='par_1_15' title="bbox 598 1473 2172 1554">
     <span class='ocr_line' id='line_1_15' title="bbox 598 1473 2172 1554; baseline -0.011 -12"><span class='ocrx_word' id='word_1_86' title='bbox 598 1495 743 1542; x_wconf 89' lang='lat' dir='ltr'><strong>rant.</strong></span> <span class='ocrx_word' id='word_1_87' title='bbox 792 1483 918 1539; x_wconf 66' lang='lat' dir='ltr'><strong>Hac</strong></span> <span class='ocrx_word' id='word_1_88' title='bbox 947 1484 1059 1554; x_wconf 77' lang='lat'><strong>(37)</strong></span> <span class='ocrx_word' id='word_1_89' title='bbox 1096 1480 1420 1550; x_wconf 72' lang='lat' dir='ltr'><strong>signiﬁcavit</strong></span> <span class='ocrx_word' id='word_1_90' title='bbox 1450 1478 1718 1532; x_wconf 88' lang='lat' dir='ltr'><strong>Dominus</strong></span> <span class='ocrx_word' id='word_1_91' title='bbox 1767 1484 1892 1545; x_wconf 89' lang='lat' dir='ltr'><strong>post</strong></span> <span class='ocrx_word' id='word_1_92' title='bbox 1939 1473 2172 1543; x_wconf 82' lang='lat' dir='ltr'><strong>prophe-</strong></span> 
     </span>
    </p>
   </div>
   <div class='ocr_carea' id='block_1_16' title="bbox 599 1567 2173 1646">
    <p class='ocr_par' dir='ltr' id='par_1_16' title="bbox 599 1567 2173 1646">
     <span class='ocr_line' id='line_1_16' title="bbox 599 1567 2173 1646; baseline -0.01 -13"><span class='ocrx_word' id='word_1_93' title='bbox 599 1581 731 1634; x_wconf 85' lang='lat' dir='ltr'><strong>tiam</strong></span> <span class='ocrx_word' id='word_1_94' title='bbox 774 1578 946 1642; x_wconf 70' lang='lat' dir='ltr'><strong>Isaiae,</strong></span> <span class='ocrx_word' id='word_1_95' title='bbox 980 1592 1100 1646; x_wconf 71' lang='lat' dir='ltr'><strong>quae</strong></span> <span class='ocrx_word' id='word_1_96' title='bbox 1134 1576 1214 1630; x_wconf 89' lang='lat' dir='ltr'><strong>sic</strong></span> <span class='ocrx_word' id='word_1_97' title='bbox 1250 1574 1413 1628; x_wconf 80' lang='lat' dir='ltr'><strong>habet</strong></span> <span class='ocrx_word' id='word_1_98' title='bbox 1446 1589 1459 1628; x_wconf 91' lang='lat'><strong>:</strong></span> <span class='ocrx_word' id='word_1_99' title='bbox 1498 1570 1733 1640; x_wconf 79' lang='lat' dir='ltr'><strong>Spiritus</strong></span> <span class='ocrx_word' id='word_1_100' title='bbox 1769 1567 1983 1620; x_wconf 84' lang='lat' dir='ltr'><strong>Domini</strong></span> <span class='ocrx_word' id='word_1_101' title='bbox 2018 1580 2173 1633; x_wconf 88' lang='lat' dir='ltr'><strong>super</strong></span> 
     </span>
    </p>
   </div>
   <div class='ocr_carea' id='block_1_17' title="bbox 603 1656 2172 1740">
    <p class='ocr_par' dir='ltr' id='par_1_17' title="bbox 603 1656 2172 1740">
     <span class='ocr_line' id='line_1_17' title="bbox 603 1656 2172 1740; baseline -0.01 -14"><span class='ocrx_word' id='word_1_102' title='bbox 603 1689 702 1737; x_wconf 87' lang='lat' dir='ltr'><strong>me,</strong></span> <span class='ocrx_word' id='word_1_103' title='bbox 743 1687 802 1725; x_wconf 85' lang='lat' dir='ltr'><strong>eo</strong></span> <span class='ocrx_word' id='word_1_104' title='bbox 855 1669 991 1740; x_wconf 85' lang='lat' dir='ltr'><strong>quod</strong></span> <span class='ocrx_word' id='word_1_105' title='bbox 1035 1670 1245 1721; x_wconf 72' lang='lat' dir='ltr'><strong>unxerit</strong></span> <span class='ocrx_word' id='word_1_106' title='bbox 1293 1681 1403 1728; x_wconf 86' lang='lat' dir='ltr'><strong>me,</strong></span> <span class='ocrx_word' id='word_1_107' title='bbox 1458 1661 1818 1732; x_wconf 81' lang='lat' dir='ltr'><strong>euangelizare</strong></span> <span class='ocrx_word' id='word_1_108' title='bbox 1860 1656 2172 1727; x_wconf 77' lang='lat' dir='ltr'><strong>pauperibus</strong></span> 
     </span>
    </p>
   </div>
   <div class='ocr_carea' id='block_1_18' title="bbox 602 1746 2173 1829">
    <p class='ocr_par' dir='ltr' id='par_1_18' title="bbox 602 1746 2173 1829">
     <span class='ocr_line' id='line_1_18' title="bbox 602 1746 2173 1829; baseline -0.01 -16"><span class='ocrx_word' id='word_1_109' title='bbox 602 1761 745 1814; x_wconf 87' lang='lat' dir='ltr'><strong>misit</strong></span> <span class='ocrx_word' id='word_1_110' title='bbox 793 1777 893 1822; x_wconf 87' lang='lat' dir='ltr'><strong>me,</strong></span> <span class='ocrx_word' id='word_1_111' title='bbox 923 1757 1212 1829; x_wconf 69' lang='lat' dir='ltr'><strong>pradi‘care</strong></span> <span class='ocrx_word' id='word_1_112' title='bbox 1260 1754 1476 1824; x_wconf 86' lang='lat' dir='ltr'><strong>captivis</strong></span> <span class='ocrx_word' id='word_1_113' title='bbox 1523 1751 1882 1804; x_wconf 78' lang='lat' dir='ltr'><strong>remissionem</strong></span> <span class='ocrx_word' id='word_1_114' title='bbox 1924 1757 1972 1799; x_wconf 91' lang='lat' dir='ltr'><strong>et</strong></span> <span class='ocrx_word' id='word_1_115' title='bbox 2020 1746 2173 1799; x_wconf 74' lang='lat' dir='ltr'><strong>cazcis</strong></span> 
     </span>
    </p>
   </div>
   <div class='ocr_carea' id='block_1_19' title="bbox 604 1839 2175 1914">
    <p class='ocr_par' dir='ltr' id='par_1_19' title="bbox 604 1839 2175 1914">
     <span class='ocr_line' id='line_1_19' title="bbox 604 1839 2175 1914; baseline -0.012 -6"><span class='ocrx_word' id='word_1_116' title='bbox 604 1853 982 1908; x_wconf 78' lang='lat' dir='ltr'><strong>restitutionem</strong></span> <span class='ocrx_word' id='word_1_117' title='bbox 1009 1850 1146 1903; x_wconf 81' lang='lat' dir='ltr'><strong>visus</strong></span> <span class='ocrx_word' id='word_1_118' title='bbox 1164 1849 1205 1879; x_wconf 81' lang='lat'><strong>“’</strong></span> <span class='ocrx_word' id='word_1_119' title='bbox 1227 1891 1241 1914; x_wconf 88' lang='lat'><strong>,</strong></span> <span class='ocrx_word' id='word_1_120' title='bbox 1273 1847 1460 1901; x_wconf 88' lang='lat' dir='ltr'><strong>dicens</strong></span> <span class='ocrx_word' id='word_1_121' title='bbox 1487 1863 1500 1897; x_wconf 89' lang='lat'><strong>:</strong></span> <span class='ocrx_word' id='word_1_122' title='bbox 1529 1841 1697 1896; x_wconf 82' lang='lat' dir='ltr'><strong>Hodie</strong></span> <span class='ocrx_word' id='word_1_123' title='bbox 1718 1839 1932 1910; x_wconf 86' lang='lat' dir='ltr'><strong>impleta</strong></span> <span class='ocrx_word' id='word_1_124' title='bbox 1957 1847 2033 1892; x_wconf 88' lang='lat' dir='ltr'><strong>est</strong></span> <span class='ocrx_word' id='word_1_125' title='bbox 2053 1853 2175 1907; x_wconf 86' lang='lat' dir='ltr'><strong>pro-</strong></span> 
     </span>
    </p>
   </div>
   <div class='ocr_carea' id='block_1_20' title="bbox 2326 625 3849 713">
    <p class='ocr_par' dir='ltr' id='par_1_20' title="bbox 2326 625 3849 713">
     <span class='ocr_line' id='line_1_20' title="bbox 2326 625 3849 713; baseline -0.013 -16"><span class='ocrx_word' id='word_1_126' title='bbox 2326 640 2660 713; x_wconf 74' lang='grc' dir='ltr'><strong>ἐπιστροφῆς</strong></span> <span class='ocrx_word' id='word_1_127' title='bbox 2683 637 2894 705; x_wconf 80' lang='grc' dir='ltr'>ἄφεσιν.</span> <span class='ocrx_word' id='word_1_128' title='bbox 2935 632 3056 684; x_wconf 84' lang='grc' dir='ltr'>Ἔτι</span> <span class='ocrx_word' id='word_1_129' title='bbox 3103 646 3162 682; x_wconf 91' lang='grc' dir='ltr'>τε</span> <span class='ocrx_word' id='word_1_130' title='bbox 3193 629 3405 697; x_wconf 75' lang='grc' dir='ltr'><strong>εἰσάγει</strong></span> <span class='ocrx_word' id='word_1_131' title='bbox 3436 628 3529 680; x_wconf 83' lang='grc' dir='ltr'>τὸν</span> <span class='ocrx_word' id='word_1_132' title='bbox 3575 625 3849 678; x_wconf 84' lang='grc' dir='ltr'><strong>Ἰουδαίων</strong></span> 
     </span>
    </p>
   </div>
   <div class='ocr_carea' id='block_1_21' title="bbox 2331 715 3852 803">
    <p class='ocr_par' dir='ltr' id='par_1_21' title="bbox 2331 715 3852 803">
     <span class='ocr_line' id='line_1_21' title="bbox 2331 715 3852 803; baseline -0.014 -16"><span class='ocrx_word' id='word_1_133' title='bbox 2331 733 2458 789; x_wconf 82' lang='grc' dir='ltr'>λαὸν</span> <span class='ocrx_word' id='word_1_134' title='bbox 2491 731 2629 803; x_wconf 84' lang='grc' dir='ltr'>μετὰ</span> <span class='ocrx_word' id='word_1_135' title='bbox 2659 728 2756 798; x_wconf 80' lang='grc' dir='ltr'>τὴν</span> <span class='ocrx_word' id='word_1_136' title='bbox 2782 724 2893 778; x_wconf 91' lang='grc' dir='ltr'><strong>τῶν</strong></span> <span class='ocrx_word' id='word_1_137' title='bbox 2923 720 3094 776; x_wconf 85' lang='grc' dir='ltr'>ἐθνῶν</span> <span class='ocrx_word' id='word_1_138' title='bbox 3117 720 3307 789; x_wconf 82' lang='grc' dir='ltr'>κλῆσιν</span> <span class='ocrx_word' id='word_1_139' title='bbox 3354 715 3852 788; x_wconf 81' lang='grc' dir='ltr'>ἐξομολογούμενον</span> 
     </span>
    </p>
   </div>
   <div class='ocr_carea' id='block_1_22' title="bbox 2331 801 3852 893">
    <p class='ocr_par' dir='ltr' id='par_1_22' title="bbox 2331 801 3852 893">
     <span class='ocr_line' id='line_1_22' title="bbox 2331 801 3852 893; baseline -0.014 -16"><span class='ocrx_word' id='word_1_140' title='bbox 2331 825 2415 893; x_wconf 81' lang='grc' dir='ltr'><strong>ἐφ’</strong></span> <span class='ocrx_word' id='word_1_141' title='bbox 2464 801 2546 885; x_wconf 75' lang='grc' dir='ltr'><strong>οἱς</strong></span> <span class='ocrx_word' id='word_1_142' title='bbox 2573 821 2840 891; x_wconf 77' lang='grc' dir='ltr'>ἥμαρτεν,</span> <span class='ocrx_word' id='word_1_143' title='bbox 2874 811 3129 877; x_wconf 81' lang='grc' dir='ltr'>ἀξιοῦντα</span> <span class='ocrx_word' id='word_1_144' title='bbox 3180 810 3275 863; x_wconf 76' lang='grc' dir='ltr'>καὶ</span> <span class='ocrx_word' id='word_1_145' title='bbox 3306 809 3470 862; x_wconf 79' lang='grc' dir='ltr'>αὑτὸν</span> <span class='ocrx_word' id='word_1_146' title='bbox 3497 805 3591 860; x_wconf 89' lang='grc' dir='ltr'><strong>τοῦ</strong></span> <span class='ocrx_word' id='word_1_147' title='bbox 3616 805 3706 858; x_wconf 81' lang='grc' dir='ltr'>διὰ</span> <span class='ocrx_word' id='word_1_148' title='bbox 3756 801 3852 858; x_wconf 86' lang='grc' dir='ltr'><strong>τοῦ</strong></span> 
     </span>
    </p>
   </div>
   <div class='ocr_carea' id='block_1_23' title="bbox 2334 908 3016 985">
    <p class='ocr_par' dir='ltr' id='par_1_23' title="bbox 2334 908 3016 985">
     <span class='ocr_line' id='line_1_23' title="bbox 2334 908 3016 985; baseline -0.016 -16"><span class='ocrx_word' id='word_1_149' title='bbox 2334 911 2569 985; x_wconf 76' lang='grc' dir='ltr'>Χριστοῦ</span> <span class='ocrx_word' id='word_1_150' title='bbox 2601 910 2783 973; x_wconf 78' lang='grc' dir='ltr'>ἐλέους</span> <span class='ocrx_word' id='word_1_151' title='bbox 2812 908 3016 978; x_wconf 84' lang='grc' dir='ltr'>τυχεῖν.</span> 
     </span>
    </p>
   </div>
   <div class='ocr_carea' id='block_1_24' title="bbox 2334 989 3854 1072">
    <p class='ocr_par' dir='ltr' id='par_1_24' title="bbox 2334 989 3854 1072">
     <span class='ocr_line' id='line_1_24' title="bbox 2334 989 3854 1072; baseline -0.013 -11"><span class='ocrx_word' id='word_1_152' title='bbox 2334 1007 2710 1072; x_wconf 80' lang='grc' dir='ltr'>Εὑδόκησας,</span> <span class='ocrx_word' id='word_1_153' title='bbox 2745 1003 2940 1068; x_wconf 82' lang='grc' dir='ltr'>Κύριε,</span> <span class='ocrx_word' id='word_1_154' title='bbox 2989 997 3106 1066; x_wconf 80' lang='grc' dir='ltr'>τὴν</span> <span class='ocrx_word' id='word_1_155' title='bbox 3145 994 3262 1066; x_wconf 69' lang='grc' dir='ltr'>γῆν</span> <span class='ocrx_word' id='word_1_156' title='bbox 3280 1010 3418 1048; x_wconf 91' lang='grc' dir='ltr'>σου.</span> <span class='ocrx_word' id='word_1_157' title='bbox 3446 992 3558 1045; x_wconf 72' lang='grc' dir='ltr'>Καὶ</span> <span class='ocrx_word' id='word_1_158' title='bbox 3575 991 3686 1062; x_wconf 85' lang='grc' dir='ltr'><strong>γὰρ</strong></span> <span class='ocrx_word' id='word_1_159' title='bbox 3715 989 3854 1061; x_wconf 84' lang='grc' dir='ltr'>ἀλη-</span> 
     </span>
    </p>
   </div>
   <div class='ocr_carea' id='block_1_25' title="bbox 2267 1081 3857 1167">
    <p class='ocr_par' dir='ltr' id='par_1_25' title="bbox 2267 1081 3857 1167">
     <span class='ocr_line' id='line_1_25' title="bbox 2267 1081 3857 1167; baseline -0.013 -14"><span class='ocrx_word' id='word_1_160' title='bbox 2267 1099 2374 1164; x_wconf 84' lang='grc' dir='ltr'>θῶς</span> <span class='ocrx_word' id='word_1_161' title='bbox 2403 1097 2694 1167; x_wconf 84' lang='grc' dir='ltr'><strong>εὐδόκησεν</strong></span> <span class='ocrx_word' id='word_1_162' title='bbox 2739 1095 2768 1146; x_wconf 85' lang='grc' dir='ltr'>ὁ</span> <span class='ocrx_word' id='word_1_163' title='bbox 2809 1091 2942 1154; x_wconf 83' lang='grc' dir='ltr'><strong>Θεὸς</strong></span> <span class='ocrx_word' id='word_1_164' title='bbox 2974 1089 3070 1144; x_wconf 77' lang='grc' dir='ltr'>καὶ</span> <span class='ocrx_word' id='word_1_165' title='bbox 3122 1087 3313 1158; x_wconf 76' lang='grc' dir='ltr'>Πατὴρ</span> <span class='ocrx_word' id='word_1_166' title='bbox 3364 1081 3857 1152; x_wconf 81' lang='grc' dir='ltr'>ἀνακεφαλαιώσα-</span> 
     </span>
    </p>
   </div>
   <div class='ocr_carea' id='block_1_26' title="bbox 2269 1169 3860 1250">
    <p class='ocr_par' dir='ltr' id='par_1_26' title="bbox 2269 1169 3860 1250">
     <span class='ocr_line' id='line_1_26' title="bbox 2269 1169 3860 1250; baseline -0.012 -9"><span class='ocrx_word' id='word_1_167' title='bbox 2269 1187 2391 1242; x_wconf 84' lang='grc' dir='ltr'>σθαι</span> <span class='ocrx_word' id='word_1_168' title='bbox 2425 1185 2494 1239; x_wconf 78' lang='grc' dir='ltr'><strong>τὰ</strong></span> <span class='ocrx_word' id='word_1_169' title='bbox 2516 1185 2692 1237; x_wconf 82' lang='grc' dir='ltr'>πάντα</span> <span class='ocrx_word' id='word_1_170' title='bbox 2741 1183 2799 1233; x_wconf 92' lang='grc' dir='ltr'><strong>ἐν</strong></span> <span class='ocrx_word' id='word_1_171' title='bbox 2863 1179 2942 1250; x_wconf 83' lang='grc' dir='ltr'>τῷ</span> <span class='ocrx_word' id='word_1_172' title='bbox 2983 1176 3225 1249; x_wconf 81' lang='grc' dir='ltr'><strong>Χριστῷ.</strong></span> <span class='ocrx_word' id='word_1_173' title='bbox 3291 1174 3696 1241; x_wconf 70' lang='grc' dir='ltr'>Ἀπέστρεψας</span> <span class='ocrx_word' id='word_1_174' title='bbox 3739 1169 3860 1238; x_wconf 79' lang='grc' dir='ltr'>τὴν</span> 
     </span>
    </p>
   </div>
   <div class='ocr_carea' id='block_1_27' title="bbox 2269 1261 3863 1347">
    <p class='ocr_par' dir='ltr' id='par_1_27' title="bbox 2269 1261 3863 1347">
     <span class='ocr_line' id='line_1_27' title="bbox 2269 1261 3863 1347; baseline -0.011 -16"><span class='ocrx_word' id='word_1_175' title='bbox 2269 1276 2687 1347; x_wconf 77' lang='grc' dir='ltr'>αἱχμαλωσίαν</span> <span class='ocrx_word' id='word_1_176' title='bbox 2722 1272 2936 1327; x_wconf 81' lang='grc' dir='ltr'>Ἰακώϐ.</span> <span class='ocrx_word' id='word_1_177' title='bbox 2963 1272 3154 1332; x_wconf 81' lang='grc' dir='ltr'>Αὑτοίς</span> <span class='ocrx_word' id='word_1_178' title='bbox 3201 1266 3310 1338; x_wconf 88' lang='grc' dir='ltr'>γὰρ</span> <span class='ocrx_word' id='word_1_179' title='bbox 3369 1265 3585 1336; x_wconf 89' lang='grc' dir='ltr'>πρῶτον</span> <span class='ocrx_word' id='word_1_180' title='bbox 3613 1261 3863 1333; x_wconf 80' lang='grc' dir='ltr'>κηρύξας</span> 
     </span>
    </p>
   </div>
   <div class='ocr_carea' id='block_1_28' title="bbox 2270 1350 3862 1432">
    <p class='ocr_par' dir='ltr' id='par_1_28' title="bbox 2270 1350 3862 1432">
     <span class='ocr_line' id='line_1_28' title="bbox 2270 1350 3862 1432; baseline -0.011 -12"><span class='ocrx_word' id='word_1_181' title='bbox 2270 1369 2382 1430; x_wconf 90' lang='grc' dir='ltr'>τοῖς</span> <span class='ocrx_word' id='word_1_182' title='bbox 2421 1363 2714 1426; x_wconf 73' lang='grc' dir='ltr'>Ἰουδαίοις,</span> <span class='ocrx_word' id='word_1_183' title='bbox 2741 1361 3074 1432; x_wconf 86' lang='grc' dir='ltr'>λελύτρωται</span> <span class='ocrx_word' id='word_1_184' title='bbox 3105 1357 3333 1420; x_wconf 80' lang='grc' dir='ltr'>πολλοὺς</span> <span class='ocrx_word' id='word_1_185' title='bbox 3368 1355 3468 1424; x_wconf 80' lang='grc' dir='ltr'>τῆς</span> <span class='ocrx_word' id='word_1_186' title='bbox 3514 1350 3862 1406; x_wconf 72' lang='grc' dir='ltr'>καταλαϐού-</span> 
     </span>
    </p>
   </div>
   <div class='ocr_carea' id='block_1_29' title="bbox 2273 1445 3864 1529">
    <p class='ocr_par' dir='ltr' id='par_1_29' title="bbox 2273 1445 3864 1529">
     <span class='ocr_line' id='line_1_29' title="bbox 2273 1445 3864 1529; baseline -0.01 -17"><span class='ocrx_word' id='word_1_187' title='bbox 2273 1476 2371 1529; x_wconf 86' lang='grc' dir='ltr'><strong>σης</strong></span> <span class='ocrx_word' id='word_1_188' title='bbox 2418 1458 2616 1520; x_wconf 80' lang='grc' dir='ltr'>αὐτοὺς</span> <span class='ocrx_word' id='word_1_189' title='bbox 2649 1454 2847 1525; x_wconf 77' lang='grc' dir='ltr'>νοητῆς</span> <span class='ocrx_word' id='word_1_190' title='bbox 2897 1450 3292 1523; x_wconf 77' lang='grc' dir='ltr'><strong>αἰχμαλωσίας.</strong></span> <span class='ocrx_word' id='word_1_191' title='bbox 3344 1447 3643 1519; x_wconf 85' lang='grc' dir='ltr'>Ἐδήλωσεν</span> <span class='ocrx_word' id='word_1_192' title='bbox 3690 1445 3864 1498; x_wconf 85' lang='grc' dir='ltr'><strong>ὁΣω-</strong></span> 
     </span>
    </p>
   </div>
   <div class='ocr_carea' id='block_1_30' title="bbox 2270 1539 3862 1622">
    <p class='ocr_par' dir='ltr' id='par_1_30' title="bbox 2270 1539 3862 1622">
     <span class='ocr_line' id='line_1_30' title="bbox 2270 1539 3862 1622; baseline -0.01 -18"><span class='ocrx_word' id='word_1_193' title='bbox 2270 1552 2374 1622; x_wconf 83' lang='grc' dir='ltr'>τὴρ</span> <span class='ocrx_word' id='word_1_194' title='bbox 2417 1549 2557 1620; x_wconf 82' lang='grc' dir='ltr'>μετὰ</span> <span class='ocrx_word' id='word_1_195' title='bbox 2592 1549 2690 1620; x_wconf 82' lang='grc' dir='ltr'>τὴν</span> <span class='ocrx_word' id='word_1_196' title='bbox 2737 1545 2956 1599; x_wconf 73' lang='grc' dir='ltr'>Ἡσαΐου</span> <span class='ocrx_word' id='word_1_197' title='bbox 3005 1542 3374 1617; x_wconf 81' lang='grc' dir='ltr'><strong>προφητείαν,</strong></span> <span class='ocrx_word' id='word_1_198' title='bbox 3434 1541 3532 1610; x_wconf 78' lang='grc' dir='ltr'><strong>τὴν</strong></span> <span class='ocrx_word' id='word_1_199' title='bbox 3585 1539 3862 1607; x_wconf 84' lang='grc' dir='ltr'>φήσασαν·</span> 
     </span>
    </p>
   </div>
   <div class='ocr_carea' id='block_1_31' title="bbox 2271 1628 3866 1712">
    <p class='ocr_par' dir='ltr' id='par_1_31' title="bbox 2271 1628 3866 1712">
     <span class='ocr_line' id='line_1_31' title="bbox 2271 1628 3866 1712; baseline -0.011 -16"><span class='ocrx_word' id='word_1_200' title='bbox 2271 1641 2513 1712; x_wconf 83' lang='grc' dir='ltr'><strong>Πνεῦμα</strong></span> <span class='ocrx_word' id='word_1_201' title='bbox 2543 1639 2765 1706; x_wconf 83' lang='grc' dir='ltr'><strong>Κυρίου</strong></span> <span class='ocrx_word' id='word_1_202' title='bbox 2820 1634 3054 1704; x_wconf 77' lang='grc' dir='ltr'>ἐπ’ἐμὲ,</span> <span class='ocrx_word' id='word_1_203' title='bbox 3106 1628 3177 1688; x_wconf 86' lang='grc' dir='ltr'>οὗ</span> <span class='ocrx_word' id='word_1_204' title='bbox 3215 1633 3448 1686; x_wconf 85' lang='grc' dir='ltr'>εἵνεκεν</span> <span class='ocrx_word' id='word_1_205' title='bbox 3496 1628 3708 1699; x_wconf 71' lang='grc' dir='ltr'>ἐχρισέ</span> <span class='ocrx_word' id='word_1_206' title='bbox 3767 1643 3866 1694; x_wconf 84' lang='grc' dir='ltr'><strong>με,</strong></span> 
     </span>
    </p>
   </div>
   <div class='ocr_carea' id='block_1_32' title="bbox 2271 1720 3871 1802">
    <p class='ocr_par' dir='ltr' id='par_1_32' title="bbox 2271 1720 3871 1802">
     <span class='ocr_line' id='line_1_32' title="bbox 2271 1720 3871 1802; baseline -0.01 -13"><span class='ocrx_word' id='word_1_207' title='bbox 2271 1733 2779 1802; x_wconf 74' lang='grc' dir='ltr'>εὐαγγελίσασθαι</span> <span class='ocrx_word' id='word_1_208' title='bbox 2810 1727 3066 1796; x_wconf 80' lang='grc' dir='ltr'><strong>πτωχοῖς</strong></span> <span class='ocrx_word' id='word_1_209' title='bbox 3101 1721 3452 1781; x_wconf 72' lang='grc' dir='ltr'>ἀπέσταλκε</span> <span class='ocrx_word' id='word_1_210' title='bbox 3478 1738 3572 1790; x_wconf 84' lang='grc' dir='ltr'><strong>με,</strong></span> <span class='ocrx_word' id='word_1_211' title='bbox 3608 1720 3871 1789; x_wconf 77' lang='grc' dir='ltr'>κηρῦξαι</span> 
     </span>
    </p>
   </div>
   <div class='ocr_carea' id='block_1_33' title="bbox 2274 1810 3870 1893">
    <p class='ocr_par' dir='ltr' id='par_1_33' title="bbox 2274 1810 3870 1893">
     <span class='ocr_line' id='line_1_33' title="bbox 2274 1810 3870 1893; baseline -0.01 -16"><span class='ocrx_word' id='word_1_212' title='bbox 2274 1820 2669 1893; x_wconf 73' lang='grc' dir='ltr'><strong>αἰχμαλώτοις</strong></span> <span class='ocrx_word' id='word_1_213' title='bbox 2719 1818 2969 1888; x_wconf 75' lang='grc' dir='ltr'>ἄφεσιν,</span> <span class='ocrx_word' id='word_1_214' title='bbox 3038 1815 3135 1869; x_wconf 74' lang='grc' dir='ltr'>καὶ</span> <span class='ocrx_word' id='word_1_215' title='bbox 3184 1811 3437 1883; x_wconf 64' lang='grc' dir='ltr'>τυφλοῖς</span> <span class='ocrx_word' id='word_1_216' title='bbox 3507 1810 3870 1879; x_wconf 66' lang='grc' dir='ltr'>ἀνάϐλεψιν,</span> 
     </span>
    </p>
   </div>
   <div class='ocr_carea' id='block_1_34' title="bbox 604 1899 2217 2019">
    <p class='ocr_par' dir='ltr' id='par_1_34' title="bbox 604 1899 2217 2019">
     <span class='ocr_line' id='line_1_34' title="bbox 604 1899 2217 2019; baseline -0.008 -22"><span class='ocrx_word' id='word_1_217' title='bbox 604 1946 779 2019; x_wconf 80' lang='lat' dir='ltr'><strong>phetia</strong></span> <span class='ocrx_word' id='word_1_218' title='bbox 810 1944 918 1998; x_wconf 70' lang='lat' dir='ltr'><strong>hac</strong></span> <span class='ocrx_word' id='word_1_219' title='bbox 949 1943 1004 1996; x_wconf 89' lang='lat' dir='ltr'><strong>in</strong></span> <span class='ocrx_word' id='word_1_220' title='bbox 1031 1941 1246 1995; x_wconf 75' lang='lat' dir='ltr'><strong>auribus</strong></span> <span class='ocrx_word' id='word_1_221' title='bbox 1277 1940 1460 1992; x_wconf 82' lang='lat' dir='ltr'><strong>vestris</strong></span> <span class='ocrx_word' id='word_1_222' title='bbox 1481 1936 1542 1989; x_wconf 92' lang='grc'><strong>¹¹.</strong></span> <span class='ocrx_word' id='word_1_223' title='bbox 1579 1934 1698 2005; x_wconf 89' lang='lat' dir='ltr'><strong>lpse</strong></span> <span class='ocrx_word' id='word_1_224' title='bbox 1750 1899 1894 1988; x_wconf 79' lang='lat' dir='ltr'><strong>enim</strong></span> <span class='ocrx_word' id='word_1_225' title='bbox 1944 1939 2049 1994; x_wconf 86' lang='lat' dir='ltr'><strong>est,</strong></span> <span class='ocrx_word' id='word_1_226' title='bbox 2077 1930 2171 2000; x_wconf 93' lang='lat' dir='ltr'><strong>qui</strong></span> <span class='ocrx_word' id='word_1_227' title='bbox 2207 1920 2217 1974; x_wconf 88' lang='grc' dir='ltr'><strong>Ι</strong></span> 
     </span>
    </p>
   </div>
   <div class='ocr_carea' id='block_1_35' title="bbox 2295 1899 3872 2019">
    <p class='ocr_par' dir='ltr' id='par_1_35' title="bbox 2295 1899 3872 2019">
     <span class='ocr_line' id='line_1_35' title="bbox 2295 1899 3872 1981; baseline -0.008 -17"><span class='ocrx_word' id='word_1_228' title='bbox 2295 1913 2461 1968; x_wconf 68' lang='grc' dir='ltr'>μὶπώψ</span> <span class='ocrx_word' id='word_1_229' title='bbox 2495 1910 2765 1981; x_wconf 76' lang='grc' dir='ltr'><strong>Σήμερον</strong></span> <span class='ocrx_word' id='word_1_230' title='bbox 2807 1906 3195 1974; x_wconf 67' lang='grc' dir='ltr'>πεπλήρωται</span> <span class='ocrx_word' id='word_1_231' title='bbox 3254 1905 3292 1970; x_wconf 75' lang='grc' dir='ltr'><strong>ἡ</strong></span> <span class='ocrx_word' id='word_1_232' title='bbox 3358 1901 3690 1971; x_wconf 66' lang='grc' dir='ltr'>προφητεία</span> <span class='ocrx_word' id='word_1_233' title='bbox 3715 1899 3872 1965; x_wconf 81' lang='grc' dir='ltr'>αὕτη</span> 
     </span>
     <span class='ocr_line' id='line_1_36' title="bbox 2295 1991 3846 2019; baseline 0 0"><span class='ocrx_word' id='word_1_234' title='bbox 2295 2009 2303 2019; x_wconf 90' lang='grc'>.</span> <span class='ocrx_word' id='word_1_235' title='bbox 2448 2005 2474 2016; x_wconf 75' lang='grc' dir='ltr'><strong>ι-</strong></span> <span class='ocrx_word' id='word_1_236' title='bbox 2557 2003 2568 2019; x_wconf 73' lang='lat' dir='ltr'><strong>s</strong></span> <span class='ocrx_word' id='word_1_237' title='bbox 2621 2003 2645 2019; x_wconf 64' lang='lat' dir='ltr'><strong>,s</strong></span> <span class='ocrx_word' id='word_1_238' title='bbox 2729 2005 2741 2019; x_wconf 78' lang='grc' dir='ltr'><strong>ο</strong></span> <span class='ocrx_word' id='word_1_239' title='bbox 2808 2001 2876 2019; x_wconf 59' lang='lat'><strong>~,,</strong></span> <span class='ocrx_word' id='word_1_240' title='bbox 2947 1998 3068 2019; x_wconf 66' lang='lat' dir='ltr'><strong>AJ,_\</strong></span> <span class='ocrx_word' id='word_1_241' title='bbox 3090 2015 3108 2019; x_wconf 82' lang='lat'>_</span> <span class='ocrx_word' id='word_1_242' title='bbox 3138 1997 3242 2019; x_wconf 60' lang='grc' dir='ltr'><strong>μὶ.-</strong></span> <span class='ocrx_word' id='word_1_243' title='bbox 3277 1998 3295 2019; x_wconf 74' lang='lat' dir='ltr'><strong>x</strong></span> <span class='ocrx_word' id='word_1_244' title='bbox 3327 1994 3541 2019; x_wconf 56' lang='grc' dir='ltr'><strong>---ε-κ-</strong></span> <span class='ocrx_word' id='word_1_245' title='bbox 3595 1991 3846 2019; x_wconf 60' lang='grc' dir='ltr'><strong>ἓ-..Ἷ-.ῑ-..</strong></span> 
     </span>
    </p>
   </div>
   <div class='ocr_carea' id='block_1_36' title="bbox 605 2023 2176 2092">
    <p class='ocr_par' dir='ltr' id='par_1_36' title="bbox 605 2023 2176 2092">
     <span class='ocr_line' id='line_1_37' title="bbox 605 2023 2176 2092; baseline -0.011 0"><span class='ocrx_word' id='word_1_246' title='bbox 605 2053 708 2092; x_wconf 89' lang='lat' dir='ltr'><strong>nos</strong></span> <span class='ocrx_word' id='word_1_247' title='bbox 742 2051 773 2090; x_wconf 89' lang='lat' dir='ltr'><strong>a</strong></span> <span class='ocrx_word' id='word_1_248' title='bbox 805 2036 1099 2090; x_wconf 89' lang='lat' dir='ltr'><strong>multorum</strong></span> <span class='ocrx_word' id='word_1_249' title='bbox 1131 2033 1355 2086; x_wconf 89' lang='lat' dir='ltr'><strong>deorum</strong></span> <span class='ocrx_word' id='word_1_250' title='bbox 1382 2043 1613 2084; x_wconf 89' lang='lat' dir='ltr'><strong>erroneo</strong></span> <span class='ocrx_word' id='word_1_251' title='bbox 1645 2027 1794 2082; x_wconf 90' lang='lat' dir='ltr'><strong>cultu</strong></span> <span class='ocrx_word' id='word_1_252' title='bbox 1830 2036 1882 2080; x_wconf 91' lang='lat' dir='ltr'><strong>et</strong></span> <span class='ocrx_word' id='word_1_253' title='bbox 1911 2041 1941 2078; x_wconf 90' lang='lat' dir='ltr'><strong>a</strong></span> <span class='ocrx_word' id='word_1_254' title='bbox 1971 2023 2176 2077; x_wconf 73' lang='lat' dir='ltr'><strong>daemo-</strong></span> 
     </span>
    </p>
   </div>
   <div class='ocr_carea' id='block_1_37' title="bbox 609 2112 2176 2186">
    <p class='ocr_par' dir='ltr' id='par_1_37' title="bbox 609 2112 2176 2186">
     <span class='ocr_line' id='line_1_38' title="bbox 609 2112 2176 2186; baseline -0.01 -6"><span class='ocrx_word' id='word_1_255' title='bbox 609 2142 735 2181; x_wconf 89' lang='lat' dir='ltr'><strong>num</strong></span> <span class='ocrx_word' id='word_1_256' title='bbox 768 2126 1026 2180; x_wconf 80' lang='lat' dir='ltr'><strong>servitute</strong></span> <span class='ocrx_word' id='word_1_257' title='bbox 1057 2121 1324 2183; x_wconf 86' lang='lat' dir='ltr'><strong>liberavit,</strong></span> <span class='ocrx_word' id='word_1_258' title='bbox 1354 2128 1408 2174; x_wconf 91' lang='lat' dir='ltr'><strong>et</strong></span> <span class='ocrx_word' id='word_1_259' title='bbox 1434 2127 1656 2172; x_wconf 86' lang='lat' dir='ltr'><strong>catenas</strong></span> <span class='ocrx_word' id='word_1_260' title='bbox 1687 2124 2032 2186; x_wconf 85' lang='lat' dir='ltr'><strong>peccatorum</strong></span> <span class='ocrx_word' id='word_1_261' title='bbox 2065 2112 2176 2166; x_wconf 89' lang='lat' dir='ltr'><strong>sol-</strong></span> 
     </span>
    </p>
   </div>
   <div class='ocr_carea' id='block_1_38' title="bbox 609 2218 704 2271">
    <p class='ocr_par' dir='ltr' id='par_1_38' title="bbox 609 2218 704 2271">
     <span class='ocr_line' id='line_1_39' title="bbox 609 2218 704 2271; baseline -0.011 -1"><span class='ocrx_word' id='word_1_262' title='bbox 609 2218 704 2271; x_wconf 87' lang='lat' dir='ltr'><strong>vit.</strong></span> 
     </span>
    </p>
   </div>
   <div class='ocr_carea' id='block_1_39' title="bbox 681 2297 2180 2374">
    <p class='ocr_par' dir='ltr' id='par_1_39' title="bbox 681 2297 2180 2374">
     <span class='ocr_line' id='line_1_40' title="bbox 681 2297 2180 2374; baseline -0.005 -15"><span class='ocrx_word' id='word_1_263' title='bbox 681 2303 985 2374; x_wconf 85' lang='lat' dir='ltr'><strong>Utrumque</strong></span> <span class='ocrx_word' id='word_1_264' title='bbox 1025 2303 1115 2357; x_wconf 90' lang='lat' dir='ltr'><strong>hic</strong></span> <span class='ocrx_word' id='word_1_265' title='bbox 1147 2301 1409 2372; x_wconf 84' lang='lat' dir='ltr'><strong>prOpheta</strong></span> <span class='ocrx_word' id='word_1_266' title='bbox 1453 2298 1718 2372; x_wconf 64' lang='lat' dir='ltr'><strong>prtedicit,</strong></span> <span class='ocrx_word' id='word_1_267' title='bbox 1748 2297 1985 2353; x_wconf 87' lang='lat' dir='ltr'><strong>ﬁliorum</strong></span> <span class='ocrx_word' id='word_1_268' title='bbox 2013 2297 2180 2354; x_wconf 86' lang='lat' dir='ltr'><strong>Israel</strong></span> 
     </span>
    </p>
   </div>
   <div class='ocr_carea' id='block_1_40' title="bbox 610 2388 2182 2468">
    <p class='ocr_par' dir='ltr' id='par_1_40' title="bbox 610 2388 2182 2468">
     <span class='ocr_line' id='line_1_41' title="bbox 610 2388 2182 2468; baseline -0.007 -16"><span class='ocrx_word' id='word_1_269' title='bbox 610 2414 674 2452; x_wconf 82' lang='lat' dir='ltr'><strong>ex</strong></span> <span class='ocrx_word' id='word_1_270' title='bbox 708 2395 980 2468; x_wconf 84' lang='lat' dir='ltr'><strong>Babylone</strong></span> <span class='ocrx_word' id='word_1_271' title='bbox 1003 2395 1260 2460; x_wconf 86' lang='lat' dir='ltr'><strong>reditum,</strong></span> <span class='ocrx_word' id='word_1_272' title='bbox 1297 2404 1347 2448; x_wconf 91' lang='lat' dir='ltr'><strong>et</strong></span> <span class='ocrx_word' id='word_1_273' title='bbox 1384 2393 1616 2448; x_wconf 88' lang='lat' dir='ltr'><strong>salutem</strong></span> <span class='ocrx_word' id='word_1_274' title='bbox 1643 2391 1828 2447; x_wconf 89' lang='lat' dir='ltr'><strong>mundi</strong></span> <span class='ocrx_word' id='word_1_275' title='bbox 1862 2409 1874 2443; x_wconf 89' lang='lat'>:</span> <span class='ocrx_word' id='word_1_276' title='bbox 1910 2406 1973 2444; x_wconf 91' lang='lat' dir='ltr'><strong>ac</strong></span> <span class='ocrx_word' id='word_1_277' title='bbox 2002 2388 2182 2459; x_wconf 91' lang='lat' dir='ltr'><strong>dupli-</strong></span> 
     </span>
    </p>
   </div>
   <div class='ocr_carea' id='block_1_41' title="bbox 611 2480 2184 2543">
    <p class='ocr_par' dir='ltr' id='par_1_41' title="bbox 611 2480 2184 2543">
     <span class='ocr_line' id='line_1_42' title="bbox 611 2480 2184 2543; baseline -0.005 -1"><span class='ocrx_word' id='word_1_278' title='bbox 611 2491 659 2543; x_wconf 85' lang='lat' dir='ltr'><strong>ci</strong></span> <span class='ocrx_word' id='word_1_279' title='bbox 689 2488 849 2543; x_wconf 91' lang='lat' dir='ltr'><strong>modo</strong></span> <span class='ocrx_word' id='word_1_280' title='bbox 883 2495 1054 2542; x_wconf 89' lang='lat' dir='ltr'><strong>totum</strong></span> <span class='ocrx_word' id='word_1_281' title='bbox 1082 2493 1321 2541; x_wconf 88' lang='lat' dir='ltr'><strong>enarrat.</strong></span> <span class='ocrx_word' id='word_1_282' title='bbox 1350 2484 1558 2539; x_wconf 87' lang='lat' dir='ltr'><strong>Sensus</strong></span> <span class='ocrx_word' id='word_1_283' title='bbox 1587 2492 1766 2538; x_wconf 88' lang='lat' dir='ltr'><strong>autem</strong></span> <span class='ocrx_word' id='word_1_284' title='bbox 1790 2490 1874 2537; x_wconf 92' lang='lat' dir='ltr'><strong>est</strong></span> <span class='ocrx_word' id='word_1_285' title='bbox 1904 2499 1917 2532; x_wconf 85' lang='lat'><strong>:</strong></span> <span class='ocrx_word' id='word_1_286' title='bbox 1952 2480 2062 2535; x_wconf 87' lang='lat' dir='ltr'><strong>Deo</strong></span> <span class='ocrx_word' id='word_1_287' title='bbox 2093 2495 2184 2537; x_wconf 88' lang='lat' dir='ltr'><strong>ac-</strong></span> 
     </span>
    </p>
   </div>
   <div class='ocr_carea' id='block_1_42' title="bbox 611 2571 2182 2651">
    <p class='ocr_par' dir='ltr' id='par_1_42' title="bbox 611 2571 2182 2651">
     <span class='ocr_line' id='line_1_43' title="bbox 611 2571 2182 2651; baseline -0.007 -16"><span class='ocrx_word' id='word_1_288' title='bbox 611 2591 827 2651; x_wconf 90' lang='lat' dir='ltr'><strong>ceptum</strong></span> <span class='ocrx_word' id='word_1_289' title='bbox 877 2589 959 2634; x_wconf 91' lang='lat' dir='ltr'><strong>est</strong></span> <span class='ocrx_word' id='word_1_290' title='bbox 1004 2592 1100 2632; x_wconf 89' lang='lat' dir='ltr'><strong>cor</strong></span> <span class='ocrx_word' id='word_1_291' title='bbox 1129 2578 1330 2631; x_wconf 90' lang='lat' dir='ltr'><strong>bonum</strong></span> <span class='ocrx_word' id='word_1_292' title='bbox 1367 2590 1431 2629; x_wconf 92' lang='lat' dir='ltr'><strong>ac</strong></span> <span class='ocrx_word' id='word_1_293' title='bbox 1467 2574 1796 2640; x_wconf 89' lang='lat' dir='ltr'><strong>studiosum,</strong></span> <span class='ocrx_word' id='word_1_294' title='bbox 1822 2573 1967 2643; x_wconf 90' lang='lat' dir='ltr'><strong>quod</strong></span> <span class='ocrx_word' id='word_1_295' title='bbox 2013 2571 2182 2641; x_wconf 88' lang='lat' dir='ltr'><strong>ipsius</strong></span> 
     </span>
    </p>
   </div>
   <div class='ocr_carea' id='block_1_43' title="bbox 616 2663 2181 2744">
    <p class='ocr_par' dir='ltr' id='par_1_43' title="bbox 616 2663 2181 2744">
     <span class='ocr_line' id='line_1_44' title="bbox 616 2663 2181 2744; baseline -0.006 -17"><span class='ocrx_word' id='word_1_296' title='bbox 616 2683 756 2727; x_wconf 87' lang='lat' dir='ltr'><strong>terra</strong></span> <span class='ocrx_word' id='word_1_297' title='bbox 783 2679 887 2734; x_wconf 92' lang='lat' dir='ltr'><strong>est,</strong></span> <span class='ocrx_word' id='word_1_298' title='bbox 911 2671 1036 2744; x_wconf 83' lang='lat' dir='ltr'><strong>quia</strong></span> <span class='ocrx_word' id='word_1_299' title='bbox 1059 2669 1253 2739; x_wconf 89' lang='lat' dir='ltr'><strong>recipit</strong></span> <span class='ocrx_word' id='word_1_300' title='bbox 1277 2669 1396 2739; x_wconf 87' lang='lat' dir='ltr'><strong>ejus</strong></span> <span class='ocrx_word' id='word_1_301' title='bbox 1425 2683 1634 2735; x_wconf 87' lang='lat' dir='ltr'><strong>semen,</strong></span> <span class='ocrx_word' id='word_1_302' title='bbox 1657 2682 1721 2723; x_wconf 85' lang='lat' dir='ltr'><strong>ac</strong></span> <span class='ocrx_word' id='word_1_303' title='bbox 1746 2663 1924 2722; x_wconf 86' lang='lat' dir='ltr'><strong>reddit</strong></span> <span class='ocrx_word' id='word_1_304' title='bbox 1945 2663 2181 2719; x_wconf 80' lang='lat' dir='ltr'><strong>fructum</strong></span> 
     </span>
    </p>
   </div>
   <div class='ocr_carea' id='block_1_44' title="bbox 615 2760 944 2831">
    <p class='ocr_par' dir='ltr' id='par_1_44' title="bbox 615 2760 944 2831">
     <span class='ocr_line' id='line_1_45' title="bbox 615 2760 944 2831; baseline -0.015 -13"><span class='ocrx_word' id='word_1_305' title='bbox 615 2760 944 2831; x_wconf 87' lang='lat' dir='ltr'><strong>centuplum.</strong></span> 
     </span>
    </p>
   </div>
   <div class='ocr_carea' id='block_1_45' title="bbox 687 2932 2184 3008">
    <p class='ocr_par' dir='ltr' id='par_1_45' title="bbox 687 2932 2184 3008">
     <span class='ocr_line' id='line_1_46' title="bbox 687 2932 2184 3008; baseline -0.009 -9"><span class='ocrx_word' id='word_1_306' title='bbox 687 2944 744 3000; x_wconf 82' lang='lat'><strong>&#39;5.</strong></span> <span class='ocrx_word' id='word_1_307' title='bbox 783 2941 1051 2996; x_wconf 80' lang='lat' dir='ltr'><strong>Remisisti</strong></span> <span class='ocrx_word' id='word_1_308' title='bbox 1089 2939 1420 3008; x_wconf 79' lang='lat' dir='ltr'><strong>iniquitatem</strong></span> <span class='ocrx_word' id='word_1_309' title='bbox 1462 2934 1623 3005; x_wconf 83' lang='lat' dir='ltr'><strong>plebis</strong></span> <span class='ocrx_word' id='word_1_310' title='bbox 1661 2943 1783 2988; x_wconf 72' lang='lat' dir='ltr'><strong>tuae.</strong></span> <span class='ocrx_word' id='word_1_311' title='bbox 1821 2932 1951 2998; x_wconf 64' lang='lat' dir='ltr'><strong>Qum</strong></span> <span class='ocrx_word' id='word_1_312' title='bbox 1986 2948 2080 3002; x_wconf 88' lang='lat' dir='ltr'><strong>per</strong></span> <span class='ocrx_word' id='word_1_313' title='bbox 2119 2932 2184 2986; x_wconf 89' lang='lat' dir='ltr'><strong>ﬁ-</strong></span> 
     </span>
    </p>
   </div>
   <div class='ocr_carea' id='block_1_46' title="bbox 621 3025 2190 3103">
    <p class='ocr_par' dir='ltr' id='par_1_46' title="bbox 621 3025 2190 3103">
     <span class='ocr_line' id='line_1_47' title="bbox 621 3025 2190 3103; baseline -0.01 -12"><span class='ocrx_word' id='word_1_314' title='bbox 621 3039 744 3091; x_wconf 88' lang='lat' dir='ltr'><strong>dem</strong></span> <span class='ocrx_word' id='word_1_315' title='bbox 777 3035 844 3089; x_wconf 89' lang='lat' dir='ltr'><strong>ad</strong></span> <span class='ocrx_word' id='word_1_316' title='bbox 875 3034 1048 3103; x_wconf 91' lang='lat' dir='ltr'><strong>ipsum</strong></span> <span class='ocrx_word' id='word_1_317' title='bbox 1077 3031 1327 3092; x_wconf 89' lang='lat' dir='ltr'><strong>accessit,</strong></span> <span class='ocrx_word' id='word_1_318' title='bbox 1364 3029 1438 3082; x_wconf 87' lang='lat' dir='ltr'><strong>ait</strong></span> <span class='ocrx_word' id='word_1_319' title='bbox 1465 3035 1646 3082; x_wconf 89' lang='lat' dir='ltr'><strong>autem</strong></span> <span class='ocrx_word' id='word_1_320' title='bbox 1681 3025 1937 3095; x_wconf 84' lang='lat' dir='ltr'><strong>populum</strong></span> <span class='ocrx_word' id='word_1_321' title='bbox 1974 3040 2040 3078; x_wconf 80' lang='lat' dir='ltr'><strong>ex</strong></span> <span class='ocrx_word' id='word_1_322' title='bbox 2064 3040 2190 3095; x_wconf 76' lang='lat' dir='ltr'><strong>gen-</strong></span> 
     </span>
    </p>
   </div>
   <div class='ocr_carea' id='block_1_47' title="bbox 621 3116 2188 3194">
    <p class='ocr_par' dir='ltr' id='par_1_47' title="bbox 621 3116 2188 3194">
     <span class='ocr_line' id='line_1_48' title="bbox 621 3116 2188 3194; baseline -0.01 -10"><span class='ocrx_word' id='word_1_323' title='bbox 621 3128 767 3185; x_wconf 87' lang='lat' dir='ltr'><strong>tibus</strong></span> <span class='ocrx_word' id='word_1_324' title='bbox 795 3137 1063 3189; x_wconf 88' lang='lat' dir='ltr'><strong>coactum,</strong></span> <span class='ocrx_word' id='word_1_325' title='bbox 1097 3124 1251 3194; x_wconf 82' lang='lat' dir='ltr'><strong>juxta</strong></span> <span class='ocrx_word' id='word_1_326' title='bbox 1287 3120 1415 3175; x_wconf 88' lang='lat' dir='ltr'><strong>illud</strong></span> <span class='ocrx_word' id='word_1_327' title='bbox 1453 3136 1482 3174; x_wconf 93' lang='lat' dir='ltr'><strong>a</strong></span> <span class='ocrx_word' id='word_1_328' title='bbox 1514 3119 1776 3174; x_wconf 88' lang='lat' dir='ltr'><strong>Zacharia</strong></span> <span class='ocrx_word' id='word_1_329' title='bbox 1805 3118 2063 3187; x_wconf 87' lang='lat' dir='ltr'><strong>propheta</strong></span> <span class='ocrx_word' id='word_1_330' title='bbox 2091 3116 2188 3170; x_wconf 85' lang='lat' dir='ltr'><strong>di-</strong></span> 
     </span>
    </p>
   </div>
   <div class='ocr_carea' id='block_1_48' title="bbox 2278 1991 3876 2071">
    <p class='ocr_par' dir='ltr' id='par_1_48' title="bbox 2278 1991 3876 2071">
     <span class='ocr_line' id='line_1_49' title="bbox 2278 1991 3876 2071; baseline -0.011 -12"><span class='ocrx_word' id='word_1_331' title='bbox 2278 2009 2348 2060; x_wconf 86' lang='grc' dir='ltr'><strong>ἐν</strong></span> <span class='ocrx_word' id='word_1_332' title='bbox 2379 2005 2503 2070; x_wconf 83' lang='grc' dir='ltr'>τοῖς</span> <span class='ocrx_word' id='word_1_333' title='bbox 2538 2003 2691 2055; x_wconf 78' lang='grc' dir='ltr'>ὠσὶν</span> <span class='ocrx_word' id='word_1_334' title='bbox 2712 2001 2899 2071; x_wconf 82' lang='grc' dir='ltr'>ὑμῶν.</span> <span class='ocrx_word' id='word_1_335' title='bbox 2935 1998 3108 2061; x_wconf 81' lang='grc' dir='ltr'>Αὐτὸς</span> <span class='ocrx_word' id='word_1_336' title='bbox 3138 1997 3246 2067; x_wconf 75' lang='grc' dir='ltr'>γὰρ</span> <span class='ocrx_word' id='word_1_337' title='bbox 3273 1998 3300 2048; x_wconf 87' lang='grc' dir='ltr'><strong>ό</strong></span> <span class='ocrx_word' id='word_1_338' title='bbox 3325 1994 3541 2058; x_wconf 89' lang='grc' dir='ltr'>παύσας</span> <span class='ocrx_word' id='word_1_339' title='bbox 3592 1991 3876 2046; x_wconf 87' lang='grc' dir='ltr'>δουλεύον-</span> 
     </span>
    </p>
   </div>
   <div class='ocr_carea' id='block_1_49' title="bbox 2280 2083 3876 2168">
    <p class='ocr_par' dir='ltr' id='par_1_49' title="bbox 2280 2083 3876 2168">
     <span class='ocr_line' id='line_1_50' title="bbox 2280 2083 3876 2168; baseline -0.01 -16"><span class='ocrx_word' id='word_1_340' title='bbox 2280 2096 2546 2168; x_wconf 79' lang='grc' dir='ltr'>ταςήμᾶς</span> <span class='ocrx_word' id='word_1_341' title='bbox 2575 2093 2824 2163; x_wconf 86' lang='grc' dir='ltr'>πολυθέῳ</span> <span class='ocrx_word' id='word_1_342' title='bbox 2860 2091 3035 2161; x_wconf 79' lang='grc' dir='ltr'>πλάνῃ</span> <span class='ocrx_word' id='word_1_343' title='bbox 3094 2090 3189 2142; x_wconf 79' lang='grc' dir='ltr'>καὶ</span> <span class='ocrx_word' id='word_1_344' title='bbox 3240 2087 3480 2159; x_wconf 80' lang='grc' dir='ltr'>δαίμοσι,</span> <span class='ocrx_word' id='word_1_345' title='bbox 3529 2086 3627 2150; x_wconf 78' lang='grc' dir='ltr'>τὰς</span> <span class='ocrx_word' id='word_1_346' title='bbox 3666 2102 3728 2139; x_wconf 89' lang='grc' dir='ltr'><strong>τε</strong></span> <span class='ocrx_word' id='word_1_347' title='bbox 3764 2083 3876 2136; x_wconf 91' lang='grc' dir='ltr'><strong>τῶν</strong></span> 
     </span>
    </p>
   </div>
   <div class='ocr_carea' id='block_1_50' title="bbox 2281 2181 3128 2261">
    <p class='ocr_par' dir='ltr' id='par_1_50' title="bbox 2281 2181 3128 2261">
     <span class='ocr_line' id='line_1_51' title="bbox 2281 2181 3128 2261; baseline -0.012 -18"><span class='ocrx_word' id='word_1_348' title='bbox 2281 2185 2690 2261; x_wconf 81' lang='grc' dir='ltr'>ἁμαρτημάτων</span> <span class='ocrx_word' id='word_1_349' title='bbox 2727 2184 2894 2246; x_wconf 86' lang='grc' dir='ltr'>λύσας</span> <span class='ocrx_word' id='word_1_350' title='bbox 2925 2181 3128 2254; x_wconf 79' lang='grc' dir='ltr'>σειράς.</span> 
     </span>
    </p>
   </div>
   <div class='ocr_carea' id='block_1_51' title="bbox 2363 2270 3873 2349">
    <p class='ocr_par' dir='ltr' id='par_1_51' title="bbox 2363 2270 3873 2349">
     <span class='ocr_line' id='line_1_52' title="bbox 2363 2270 3873 2349; baseline -0.007 -16"><span class='ocrx_word' id='word_1_351' title='bbox 2363 2278 2672 2349; x_wconf 85' lang='grc' dir='ltr'>Ἀμφότερα</span> <span class='ocrx_word' id='word_1_352' title='bbox 2711 2274 2946 2331; x_wconf 85' lang='grc' dir='ltr'>ἐνταῦθα</span> <span class='ocrx_word' id='word_1_353' title='bbox 2995 2270 3397 2343; x_wconf 86' lang='grc' dir='ltr'>προφητεύεται</span> <span class='ocrx_word' id='word_1_354' title='bbox 3446 2270 3481 2340; x_wconf 79' lang='grc' dir='ltr'>ἢ</span> <span class='ocrx_word' id='word_1_355' title='bbox 3509 2286 3570 2323; x_wconf 82' lang='grc' dir='ltr'>τε</span> <span class='ocrx_word' id='word_1_356' title='bbox 3621 2270 3731 2323; x_wconf 81' lang='grc' dir='ltr'><strong>ἀπὸ</strong></span> <span class='ocrx_word' id='word_1_357' title='bbox 3763 2272 3873 2324; x_wconf 87' lang='grc' dir='ltr'><strong>Βα-</strong></span> 
     </span>
    </p>
   </div>
   <div class='ocr_carea' id='block_1_52' title="bbox 2282 2358 3883 2432">
    <p class='ocr_par' dir='ltr' id='par_1_52' title="bbox 2282 2358 3883 2432">
     <span class='ocr_line' id='line_1_53' title="bbox 2282 2358 3883 2432; baseline -0.006 -10"><span class='ocrx_word' id='word_1_358' title='bbox 2282 2367 2518 2430; x_wconf 77' lang='grc' dir='ltr'>ϐυλῶνος</span> <span class='ocrx_word' id='word_1_359' title='bbox 2549 2364 2656 2419; x_wconf 92' lang='grc' dir='ltr'><strong>τῶν</strong></span> <span class='ocrx_word' id='word_1_360' title='bbox 2696 2363 2830 2417; x_wconf 86' lang='grc' dir='ltr'>υίῶν</span> <span class='ocrx_word' id='word_1_361' title='bbox 2871 2360 3090 2432; x_wconf 82' lang='grc' dir='ltr'>Ἰσραὴλ</span> <span class='ocrx_word' id='word_1_362' title='bbox 3139 2358 3397 2421; x_wconf 77' lang='grc' dir='ltr'>ἐπάνοδος</span> <span class='ocrx_word' id='word_1_363' title='bbox 3428 2359 3523 2412; x_wconf 74' lang='grc' dir='ltr'>καὶ</span> <span class='ocrx_word' id='word_1_364' title='bbox 3561 2360 3663 2430; x_wconf 77' lang='grc' dir='ltr'>τῆς</span> <span class='ocrx_word' id='word_1_365' title='bbox 3695 2362 3883 2414; x_wconf 82' lang='grc' dir='ltr'>οἰκου-</span> 
     </span>
    </p>
   </div>
   <div class='ocr_carea' id='block_1_53' title="bbox 2287 2450 3883 2533">
    <p class='ocr_par' dir='ltr' id='par_1_53' title="bbox 2287 2450 3883 2533">
     <span class='ocr_line' id='line_1_54' title="bbox 2287 2450 3883 2533; baseline -0.006 -19"><span class='ocrx_word' id='word_1_366' title='bbox 2287 2461 2456 2533; x_wconf 80' lang='grc' dir='ltr'>μένης</span> <span class='ocrx_word' id='word_1_367' title='bbox 2485 2455 2748 2528; x_wconf 81' lang='grc' dir='ltr'>σωτηρίαο</span> <span class='ocrx_word' id='word_1_368' title='bbox 2780 2456 2875 2508; x_wconf 77' lang='grc' dir='ltr'>καὶ</span> <span class='ocrx_word' id='word_1_369' title='bbox 2906 2452 3098 2515; x_wconf 85' lang='grc' dir='ltr'>διττῶς</span> <span class='ocrx_word' id='word_1_370' title='bbox 3141 2450 3261 2504; x_wconf 78' lang='grc' dir='ltr'>ὅλον</span> <span class='ocrx_word' id='word_1_371' title='bbox 3299 2450 3597 2521; x_wconf 77' lang='grc' dir='ltr'>ἐξηγεῖται.</span> <span class='ocrx_word' id='word_1_372' title='bbox 3645 2451 3794 2522; x_wconf 86' lang='grc' dir='ltr'><strong>Πρὸς</strong></span> <span class='ocrx_word' id='word_1_373' title='bbox 3822 2452 3883 2505; x_wconf 80' lang='grc' dir='ltr'>δὲ</span> 
     </span>
    </p>
   </div>
   <div class='ocr_carea' id='block_1_54' title="bbox 2282 2541 3884 2616">
    <p class='ocr_par' dir='ltr' id='par_1_54' title="bbox 2282 2541 3884 2616">
     <span class='ocr_line' id='line_1_55' title="bbox 2282 2541 3884 2616; baseline -0.006 -10"><span class='ocrx_word' id='word_1_374' title='bbox 2282 2553 2537 2606; x_wconf 82' lang='grc' dir='ltr'>διάνοιαν·</span> <span class='ocrx_word' id='word_1_375' title='bbox 2575 2548 2800 2601; x_wconf 83' lang='grc' dir='ltr'>Εὑδοκεῖ</span> <span class='ocrx_word' id='word_1_376' title='bbox 2833 2544 3035 2616; x_wconf 83' lang='grc' dir='ltr'>Κύριος</span> <span class='ocrx_word' id='word_1_377' title='bbox 3067 2544 3166 2614; x_wconf 86' lang='grc' dir='ltr'>τὴν</span> <span class='ocrx_word' id='word_1_378' title='bbox 3201 2541 3414 2613; x_wconf 78' lang='grc' dir='ltr'>ἀγαθὴν</span> <span class='ocrx_word' id='word_1_379' title='bbox 3443 2542 3537 2595; x_wconf 77' lang='grc' dir='ltr'>καὶ</span> <span class='ocrx_word' id='word_1_380' title='bbox 3584 2543 3884 2597; x_wconf 82' lang='grc' dir='ltr'>σπουδαίαν</span> 
     </span>
    </p>
   </div>
   <div class='ocr_carea' id='block_1_55' title="bbox 2283 2631 3886 2712">
    <p class='ocr_par' dir='ltr' id='par_1_55' title="bbox 2283 2631 3886 2712">
     <span class='ocr_line' id='line_1_56' title="bbox 2283 2631 3886 2712; baseline -0.003 -18"><span class='ocrx_word' id='word_1_381' title='bbox 2283 2641 2533 2712; x_wconf 81' lang='grc' dir='ltr'>καρδίαν,</span> <span class='ocrx_word' id='word_1_382' title='bbox 2562 2639 2664 2709; x_wconf 82' lang='grc' dir='ltr'>γῆν</span> <span class='ocrx_word' id='word_1_383' title='bbox 2722 2635 2886 2689; x_wconf 82' lang='grc' dir='ltr'>αὐτοῦ</span> <span class='ocrx_word' id='word_1_384' title='bbox 2941 2635 3337 2703; x_wconf 80' lang='grc' dir='ltr'>τυγχάνουσαν,</span> <span class='ocrx_word' id='word_1_385' title='bbox 3397 2632 3486 2685; x_wconf 77' lang='grc' dir='ltr'>διὰ</span> <span class='ocrx_word' id='word_1_386' title='bbox 3526 2631 3589 2684; x_wconf 80' lang='grc' dir='ltr'>τὸ</span> <span class='ocrx_word' id='word_1_387' title='bbox 3626 2632 3886 2702; x_wconf 81' lang='grc' dir='ltr'>δέχεσθαι</span> 
     </span>
    </p>
   </div>
   <div class='ocr_carea' id='block_1_56' title="bbox 2282 2725 3888 2801">
    <p class='ocr_par' dir='ltr' id='par_1_56' title="bbox 2282 2725 3888 2801">
     <span class='ocr_line' id='line_1_57' title="bbox 2282 2725 3888 2801; baseline -0.004 -15"><span class='ocrx_word' id='word_1_388' title='bbox 2282 2732 2374 2786; x_wconf 84' lang='grc' dir='ltr'><strong>τδν</strong></span> <span class='ocrx_word' id='word_1_389' title='bbox 2423 2731 2620 2801; x_wconf 85' lang='grc' dir='ltr'>σπόρον</span> <span class='ocrx_word' id='word_1_390' title='bbox 2673 2728 2764 2780; x_wconf 84' lang='grc' dir='ltr'>τὸν</span> <span class='ocrx_word' id='word_1_391' title='bbox 2806 2727 2935 2796; x_wconf 87' lang='grc' dir='ltr'>παρ’</span> <span class='ocrx_word' id='word_1_392' title='bbox 2990 2725 3175 2788; x_wconf 82' lang='grc' dir='ltr'>αὑτοῦ,</span> <span class='ocrx_word' id='word_1_393' title='bbox 3209 2725 3305 2778; x_wconf 79' lang='grc' dir='ltr'>καὶ</span> <span class='ocrx_word' id='word_1_394' title='bbox 3347 2725 3888 2780; x_wconf 78' lang='grc' dir='ltr'>ἑκατονταπλασίονα</span> 
     </span>
    </p>
   </div>
   <div class='ocr_carea' id='block_1_57' title="bbox 2284 2825 2674 2897">
    <p class='ocr_par' dir='ltr' id='par_1_57' title="bbox 2284 2825 2674 2897">
     <span class='ocr_line' id='line_1_58' title="bbox 2284 2825 2674 2897; baseline -0.005 -19"><span class='ocrx_word' id='word_1_395' title='bbox 2284 2825 2674 2897; x_wconf 73' lang='grc' dir='ltr'>καρποφορεῖν.</span> 
     </span>
    </p>
   </div>
   <div class='ocr_carea' id='block_1_58' title="bbox 2367 2909 3882 2989">
    <p class='ocr_par' dir='ltr' id='par_1_58' title="bbox 2367 2909 3882 2989">
     <span class='ocr_line' id='line_1_59' title="bbox 2367 2909 3882 2989; baseline -0.007 -15"><span class='ocrx_word' id='word_1_396' title='bbox 2367 2917 2618 2989; x_wconf 72' lang='grc' dir='ltr'>Ἀφῆκας</span> <span class='ocrx_word' id='word_1_397' title='bbox 2685 2915 2791 2980; x_wconf 87' lang='grc' dir='ltr'>τὰς</span> <span class='ocrx_word' id='word_1_398' title='bbox 2828 2915 3080 2983; x_wconf 81' lang='grc' dir='ltr'>ἀνομίας</span> <span class='ocrx_word' id='word_1_399' title='bbox 3129 2911 3208 2976; x_wconf 86' lang='grc' dir='ltr'><strong>τῷ</strong></span> <span class='ocrx_word' id='word_1_400' title='bbox 3261 2909 3389 2975; x_wconf 75' lang='grc' dir='ltr'><strong>λαῷ</strong></span> <span class='ocrx_word' id='word_1_401' title='bbox 3434 2925 3571 2964; x_wconf 81' lang='grc' dir='ltr'>σου.</span> <span class='ocrx_word' id='word_1_402' title='bbox 3634 2911 3740 2962; x_wconf 86' lang='grc' dir='ltr'>Τοῦ</span> <span class='ocrx_word' id='word_1_403' title='bbox 3787 2911 3882 2964; x_wconf 76' lang='grc' dir='ltr'><strong>διὰ</strong></span> 
     </span>
    </p>
   </div>
   <div class='ocr_carea' id='block_1_59' title="bbox 2285 3001 3881 3081">
    <p class='ocr_par' dir='ltr' id='par_1_59' title="bbox 2285 3001 3881 3081">
     <span class='ocr_line' id='line_1_60' title="bbox 2285 3001 3881 3081; baseline -0.006 -18"><span class='ocrx_word' id='word_1_404' title='bbox 2285 3011 2386 3081; x_wconf 77' lang='grc' dir='ltr'>τῆς</span> <span class='ocrx_word' id='word_1_405' title='bbox 2433 3009 2668 3071; x_wconf 88' lang='grc' dir='ltr'>πίστεως</span> <span class='ocrx_word' id='word_1_406' title='bbox 2699 3005 2993 3075; x_wconf 84' lang='grc' dir='ltr'>γενομένου</span> <span class='ocrx_word' id='word_1_407' title='bbox 3050 3003 3214 3059; x_wconf 84' lang='grc' dir='ltr'>αὑτοῦ</span> <span class='ocrx_word' id='word_1_408' title='bbox 3248 3002 3399 3056; x_wconf 85' lang='grc' dir='ltr'>λαοῦ·</span> <span class='ocrx_word' id='word_1_409' title='bbox 3443 3001 3594 3071; x_wconf 84' lang='grc' dir='ltr'>λέγει</span> <span class='ocrx_word' id='word_1_410' title='bbox 3647 3002 3792 3054; x_wconf 84' lang='grc' dir='ltr'>δὲτὸ</span> <span class='ocrx_word' id='word_1_411' title='bbox 3816 3001 3881 3068; x_wconf 80' lang='grc' dir='ltr'>ἐξ</span> 
     </span>
    </p>
   </div>
   <div class='ocr_carea' id='block_1_60' title="bbox 2287 3092 3886 3169">
    <p class='ocr_par' dir='ltr' id='par_1_60' title="bbox 2287 3092 3886 3169">
     <span class='ocr_line' id='line_1_61' title="bbox 2287 3092 3886 3169; baseline -0.005 -15"><span class='ocrx_word' id='word_1_412' title='bbox 2287 3100 2478 3164; x_wconf 82' lang='grc' dir='ltr'>ἐθνῶν,</span> <span class='ocrx_word' id='word_1_413' title='bbox 2537 3100 2677 3153; x_wconf 77' lang='grc' dir='ltr'>κατὰ</span> <span class='ocrx_word' id='word_1_414' title='bbox 2704 3099 2765 3151; x_wconf 84' lang='grc' dir='ltr'>τὸ</span> <span class='ocrx_word' id='word_1_415' title='bbox 2793 3099 3082 3169; x_wconf 78' lang='grc' dir='ltr'>εἰρημένον</span> <span class='ocrx_word' id='word_1_416' title='bbox 3143 3096 3248 3148; x_wconf 85' lang='grc' dir='ltr'><strong>ὑπὸ</strong></span> <span class='ocrx_word' id='word_1_417' title='bbox 3308 3092 3579 3166; x_wconf 82' lang='grc' dir='ltr'>Ζαχαρίου</span> <span class='ocrx_word' id='word_1_418' title='bbox 3609 3093 3704 3147; x_wconf 86' lang='grc' dir='ltr'><strong>τοῦ</strong></span> <span class='ocrx_word' id='word_1_419' title='bbox 3743 3110 3886 3165; x_wconf 88' lang='grc' dir='ltr'>προ-</span> 
     </span>
    </p>
   </div>
   <div class='ocr_carea' id='block_1_61' title="bbox 624 3184 2217 3280">
    <p class='ocr_par' dir='ltr' id='par_1_61' title="bbox 624 3184 2185 3280">
     <span class='ocr_line' id='line_1_62' title="bbox 624 3184 2185 3280; baseline -0.011 -4"><span class='ocrx_word' id='word_1_420' title='bbox 624 3184 769 3277; x_wconf 89' lang='lat' dir='ltr'><strong>ctum</strong></span> <span class='ocrx_word' id='word_1_421' title='bbox 801 3236 816 3272; x_wconf 90' lang='lat'><strong>:</strong></span> <span class='ocrx_word' id='word_1_422' title='bbox 852 3216 917 3271; x_wconf 89' lang='lat' dir='ltr'><strong>In</strong></span> <span class='ocrx_word' id='word_1_423' title='bbox 965 3184 1061 3269; x_wconf 81' lang='lat' dir='ltr'><strong>illa</strong></span> <span class='ocrx_word' id='word_1_424' title='bbox 1097 3184 1194 3268; x_wconf 39' lang='lat' dir='ltr'><strong>vdie</strong></span> <span class='ocrx_word' id='word_1_425' title='bbox 1248 3213 1547 3280; x_wconf 78' lang='lat' dir='ltr'><strong>confugient</strong></span> <span class='ocrx_word' id='word_1_426' title='bbox 1582 3210 1650 3263; x_wconf 89' lang='lat' dir='ltr'><strong>ad</strong></span> <span class='ocrx_word' id='word_1_427' title='bbox 1699 3184 1985 3264; x_wconf 79' lang='lat' dir='ltr'><strong>Dominum</strong></span> <span class='ocrx_word' id='word_1_428' title='bbox 2012 3215 2185 3279; x_wconf 82' lang='lat' dir='ltr'><strong>gentes</strong></span> 
     </span>
    </p>
   </div>
   <div class='ocr_carea' id='block_1_62' title="bbox 2295 3184 3888 3280">
    <p class='ocr_par' dir='ltr' id='par_1_62' title="bbox 2295 3184 3888 3265">
     <span class='ocr_line' id='line_1_63' title="bbox 2295 3184 3888 3265; baseline -0.008 -17"><span class='ocrx_word' id='word_1_429' title='bbox 2295 3195 2481 3265; x_wconf 88' lang='grc' dir='ltr'>φὴτου·</span> <span class='ocrx_word' id='word_1_430' title='bbox 2551 3193 2653 3246; x_wconf 86' lang='grc' dir='ltr'>Ἐν</span> <span class='ocrx_word' id='word_1_431' title='bbox 2691 3191 2892 3259; x_wconf 83' lang='grc' dir='ltr'>ἐκείνῃ</span> <span class='ocrx_word' id='word_1_432' title='bbox 2923 3188 2995 3257; x_wconf 83' lang='grc' dir='ltr'><strong>τῇ</strong></span> <span class='ocrx_word' id='word_1_433' title='bbox 3028 3185 3217 3256; x_wconf 76' lang='grc' dir='ltr'>ἡμέρᾳ</span> <span class='ocrx_word' id='word_1_434' title='bbox 3259 3185 3739 3254; x_wconf 70' lang='grc' dir='ltr'>καταφεύξονται</span> <span class='ocrx_word' id='word_1_435' title='bbox 3781 3184 3888 3238; x_wconf 75' lang='grc' dir='ltr'>ἐπὶ</span> 
     </span>
    </p>
   </div>
   <div class='ocr_carea' id='block_1_63' title="bbox 625 3302 1652 3378">
    <p class='ocr_par' dir='ltr' id='par_1_63' title="bbox 625 3302 1652 3378">
     <span class='ocr_line' id='line_1_64' title="bbox 625 3302 1652 3378; baseline -0.013 -12"><span class='ocrx_word' id='word_1_436' title='bbox 625 3311 824 3378; x_wconf 64' lang='lat' dir='ltr'><strong>multas,</strong></span> <span class='ocrx_word' id='word_1_437' title='bbox 850 3324 898 3363; x_wconf 87' lang='lat' dir='ltr'><strong>et</strong></span> <span class='ocrx_word' id='word_1_438' title='bbox 923 3315 1077 3362; x_wconf 80' lang='lat' dir='ltr'><strong>erunt</strong></span> <span class='ocrx_word' id='word_1_439' title='bbox 1110 3306 1212 3375; x_wconf 85' lang='lat' dir='ltr'><strong>ipsi</strong></span> <span class='ocrx_word' id='word_1_440' title='bbox 1237 3306 1292 3357; x_wconf 85' lang='lat' dir='ltr'><strong>in</strong></span> <span class='ocrx_word' id='word_1_441' title='bbox 1318 3302 1566 3373; x_wconf 79' lang='lat' dir='ltr'><strong>populum</strong></span> <span class='ocrx_word' id='word_1_442' title='bbox 1589 3302 1652 3354; x_wconf 82' lang='grc'><strong>¹¹.</strong></span> 
     </span>
    </p>
   </div>
   <div class='ocr_carea' id='block_1_64' title="bbox 697 3453 2199 3525">
    <p class='ocr_par' dir='ltr' id='par_1_64' title="bbox 697 3453 2199 3525">
     <span class='ocr_line' id='line_1_65' title="bbox 697 3453 2199 3525; baseline -0.009 -4"><span class='ocrx_word' id='word_1_443' title='bbox 697 3467 750 3522; x_wconf 79' lang='grc'><strong>5.</strong></span> <span class='ocrx_word' id='word_1_444' title='bbox 792 3463 1041 3520; x_wconf 86' lang='lat' dir='ltr'><strong>Converte</strong></span> <span class='ocrx_word' id='word_1_445' title='bbox 1075 3477 1186 3525; x_wconf 87' lang='lat' dir='ltr'><strong>nos,</strong></span> <span class='ocrx_word' id='word_1_446' title='bbox 1227 3459 1362 3513; x_wconf 86' lang='lat' dir='ltr'><strong>Deus</strong></span> <span class='ocrx_word' id='word_1_447' title='bbox 1406 3457 1657 3512; x_wconf 84' lang='lat' dir='ltr'><strong>salutaris</strong></span> <span class='ocrx_word' id='word_1_448' title='bbox 1698 3465 1896 3510; x_wconf 89' lang='lat' dir='ltr'><strong>noster.</strong></span> <span class='ocrx_word' id='word_1_449' title='bbox 1931 3453 2199 3523; x_wconf 87' lang='lat' dir='ltr'><strong>Depreca-</strong></span> 
     </span>
    </p>
   </div>
   <div class='ocr_carea' id='block_1_65' title="bbox 629 3548 2193 3624">
    <p class='ocr_par' dir='ltr' id='par_1_65' title="bbox 629 3548 2193 3624">
     <span class='ocr_line' id='line_1_66' title="bbox 629 3548 2193 3624; baseline -0.009 -11"><span class='ocrx_word' id='word_1_450' title='bbox 629 3562 833 3614; x_wconf 83' lang='lat' dir='ltr'><strong>tionem</strong></span> <span class='ocrx_word' id='word_1_451' title='bbox 869 3557 1025 3611; x_wconf 81' lang='lat' dir='ltr'><strong>oll‘ert</strong></span> <span class='ocrx_word' id='word_1_452' title='bbox 1053 3571 1116 3609; x_wconf 79' lang='lat' dir='ltr'><strong>cx</strong></span> <span class='ocrx_word' id='word_1_453' title='bbox 1152 3568 1382 3624; x_wconf 89' lang='lat' dir='ltr'><strong>persona</strong></span> <span class='ocrx_word' id='word_1_454' title='bbox 1411 3551 1590 3620; x_wconf 89' lang='lat' dir='ltr'><strong>populi</strong></span> <span class='ocrx_word' id='word_1_455' title='bbox 1626 3548 1959 3614; x_wconf 71' lang='lat' dir='ltr'><strong>Jndteorum,</strong></span> <span class='ocrx_word' id='word_1_456' title='bbox 1998 3561 2193 3616; x_wconf 83' lang='lat' dir='ltr'><strong>rogan-</strong></span> 
     </span>
    </p>
   </div>
   <div class='ocr_carea' id='block_1_66' title="bbox 631 3647 1787 3717">
    <p class='ocr_par' dir='ltr' id='par_1_66' title="bbox 631 3647 1787 3717">
     <span class='ocr_line' id='line_1_67' title="bbox 631 3647 1787 3717; baseline -0.01 -13"><span class='ocrx_word' id='word_1_457' title='bbox 631 3652 767 3704; x_wconf 90' lang='lat' dir='ltr'><strong>tium</strong></span> <span class='ocrx_word' id='word_1_458' title='bbox 794 3657 854 3702; x_wconf 90' lang='lat' dir='ltr'><strong>ut</strong></span> <span class='ocrx_word' id='word_1_459' title='bbox 881 3656 935 3702; x_wconf 90' lang='lat' dir='ltr'><strong>et</strong></span> <span class='ocrx_word' id='word_1_460' title='bbox 965 3647 1064 3717; x_wconf 91' lang='lat' dir='ltr'><strong>ipsi</strong></span> <span class='ocrx_word' id='word_1_461' title='bbox 1095 3647 1322 3716; x_wconf 80' lang='lat' dir='ltr'><strong>gratiam</strong></span> <span class='ocrx_word' id='word_1_462' title='bbox 1358 3649 1787 3711; x_wconf 86' lang='lat' dir='ltr'><strong>consequantur.</strong></span> 
     </span>
    </p>
   </div>
   <div class='ocr_carea' id='block_1_67' title="bbox 703 3816 2199 3886">
    <p class='ocr_par' dir='ltr' id='par_1_67' title="bbox 703 3816 2199 3886">
     <span class='ocr_line' id='line_1_68' title="bbox 703 3816 2199 3886; baseline -0.01 -4"><span class='ocrx_word' id='word_1_463' title='bbox 703 3827 813 3882; x_wconf 76' lang='lat'><strong>8-9.</strong></span> <span class='ocrx_word' id='word_1_464' title='bbox 861 3823 1088 3880; x_wconf 85' lang='lat' dir='ltr'><strong>Ostende</strong></span> <span class='ocrx_word' id='word_1_465' title='bbox 1112 3822 1283 3886; x_wconf 88' lang='lat' dir='ltr'><strong>nobis,</strong></span> <span class='ocrx_word' id='word_1_466' title='bbox 1323 3818 1562 3885; x_wconf 87' lang='lat' dir='ltr'><strong>Domine,</strong></span> <span class='ocrx_word' id='word_1_467' title='bbox 1592 3816 2008 3872; x_wconf 87' lang='lat' dir='ltr'><strong>misericordiam</strong></span> <span class='ocrx_word' id='word_1_468' title='bbox 2032 3827 2199 3868; x_wconf 88' lang='lat' dir='ltr'><strong>tuam.</strong></span> 
     </span>
    </p>
   </div>
   <div class='ocr_carea' id='block_1_68' title="bbox 634 3907 2204 3986">
    <p class='ocr_par' dir='ltr' id='par_1_68' title="bbox 634 3907 2204 3986">
     <span class='ocr_line' id='line_1_69' title="bbox 634 3907 2204 3986; baseline -0.008 -14"><span class='ocrx_word' id='word_1_469' title='bbox 634 3919 772 3972; x_wconf 80' lang='lat' dir='ltr'><strong>Cum</strong></span> <span class='ocrx_word' id='word_1_470' title='bbox 803 3916 977 3986; x_wconf 84' lang='lat' dir='ltr'><strong>Cyrus</strong></span> <span class='ocrx_word' id='word_1_471' title='bbox 1011 3913 1307 3968; x_wconf 87' lang='lat' dir='ltr'><strong>Persarum</strong></span> <span class='ocrx_word' id='word_1_472' title='bbox 1337 3928 1453 3978; x_wconf 83' lang='lat' dir='ltr'><strong>rex,</strong></span> <span class='ocrx_word' id='word_1_473' title='bbox 1482 3911 1641 3982; x_wconf 81' lang='lat' dir='ltr'><strong>juxta</strong></span> <span class='ocrx_word' id='word_1_474' title='bbox 1667 3909 1818 3965; x_wconf 68' lang='lat' dir='ltr'><strong>Isaiae</strong></span> <span class='ocrx_word' id='word_1_475' title='bbox 1845 3907 2204 3978; x_wconf 87' lang='lat' dir='ltr'><strong>pr0phetiam,</strong></span> 
     </span>
    </p>
   </div>
   <div class='ocr_carea' id='block_1_69' title="bbox 635 4002 2209 4077">
    <p class='ocr_par' dir='ltr' id='par_1_69' title="bbox 635 4002 2209 4077">
     <span class='ocr_line' id='line_1_70' title="bbox 635 4002 2209 4077; baseline -0.008 -13"><span class='ocrx_word' id='word_1_476' title='bbox 635 4009 896 4066; x_wconf 82' lang='lat' dir='ltr'><strong>redeundi</strong></span> <span class='ocrx_word' id='word_1_477' title='bbox 937 4014 1258 4077; x_wconf 86' lang='lat' dir='ltr'><strong>potestatem</strong></span> <span class='ocrx_word' id='word_1_478' title='bbox 1289 4005 1548 4068; x_wconf 85' lang='lat' dir='ltr'><strong>dedisset,</strong></span> <span class='ocrx_word' id='word_1_479' title='bbox 1579 4002 1837 4057; x_wconf 82' lang='lat' dir='ltr'><strong>festinant</strong></span> <span class='ocrx_word' id='word_1_480' title='bbox 1866 4002 2093 4070; x_wconf 91' lang='lat' dir='ltr'><strong>patriam</strong></span> <span class='ocrx_word' id='word_1_481' title='bbox 2129 4014 2209 4052; x_wconf 81' lang='lat' dir='ltr'><strong>re-</strong></span> 
     </span>
    </p>
   </div>
   <div class='ocr_carea' id='block_1_70' title="bbox 639 4093 2210 4174">
    <p class='ocr_par' dir='ltr' id='par_1_70' title="bbox 639 4093 2210 4174">
     <span class='ocr_line' id='line_1_71' title="bbox 639 4093 2210 4174; baseline -0.009 -17"><span class='ocrx_word' id='word_1_482' title='bbox 639 4111 822 4174; x_wconf 87' lang='lat' dir='ltr'><strong>petere</strong></span> <span class='ocrx_word' id='word_1_483' title='bbox 868 4114 1063 4164; x_wconf 85' lang='lat' dir='ltr'><strong>suam,</strong></span> <span class='ocrx_word' id='word_1_484' title='bbox 1111 4103 1166 4152; x_wconf 81' lang='lat' dir='ltr'><strong>et</strong></span> <span class='ocrx_word' id='word_1_485' title='bbox 1209 4105 1492 4166; x_wconf 86' lang='lat' dir='ltr'><strong>prepterea</strong></span> <span class='ocrx_word' id='word_1_486' title='bbox 1542 4093 1710 4149; x_wconf 90' lang='lat' dir='ltr'><strong>Deum</strong></span> <span class='ocrx_word' id='word_1_487' title='bbox 1782 4101 2107 4162; x_wconf 85' lang='lat' dir='ltr'><strong>precantur,</strong></span> <span class='ocrx_word' id='word_1_488' title='bbox 2152 4099 2210 4143; x_wconf 94' lang='lat' dir='ltr'><strong>ut</strong></span> 
     </span>
    </p>
   </div>
   <div class='ocr_carea' id='block_1_71' title="bbox 640 4181 2210 4268">
    <p class='ocr_par' dir='ltr' id='par_1_71' title="bbox 640 4181 2210 4268">
     <span class='ocr_line' id='line_1_72' title="bbox 640 4181 2210 4268; baseline -0.011 -17"><span class='ocrx_word' id='word_1_489' title='bbox 640 4205 945 4268; x_wconf 88' lang='lat' dir='ltr'><strong>promptam</strong></span> <span class='ocrx_word' id='word_1_490' title='bbox 998 4191 1131 4262; x_wconf 88' lang='lat' dir='ltr'><strong>ipsis</strong></span> <span class='ocrx_word' id='word_1_491' title='bbox 1164 4205 1260 4259; x_wconf 90' lang='lat' dir='ltr'><strong>pro</strong></span> <span class='ocrx_word' id='word_1_492' title='bbox 1288 4187 1576 4243; x_wconf 88' lang='lat' dir='ltr'><strong>clementia</strong></span> <span class='ocrx_word' id='word_1_493' title='bbox 1610 4200 1708 4240; x_wconf 91' lang='lat' dir='ltr'><strong>sna</strong></span> <span class='ocrx_word' id='word_1_494' title='bbox 1761 4185 1989 4240; x_wconf 84' lang='lat' dir='ltr'><strong>salutem</strong></span> <span class='ocrx_word' id='word_1_495' title='bbox 2027 4181 2210 4236; x_wconf 78' lang='lat' dir='ltr'><strong>conle-</strong></span> 
     </span>
    </p>
   </div>
   <div class='ocr_carea' id='block_1_72' title="bbox 643 4271 2210 4350">
    <p class='ocr_par' dir='ltr' id='par_1_72' title="bbox 643 4271 2210 4350">
     <span class='ocr_line' id='line_1_73' title="bbox 643 4271 2210 4350; baseline -0.011 -10"><span class='ocrx_word' id='word_1_496' title='bbox 643 4295 746 4340; x_wconf 84' lang='lat' dir='ltr'><strong>rat.</strong></span> <span class='ocrx_word' id='word_1_497' title='bbox 779 4283 1074 4347; x_wconf 87' lang='lat' dir='ltr'><strong>Citissime,</strong></span> <span class='ocrx_word' id='word_1_498' title='bbox 1113 4280 1305 4350; x_wconf 85' lang='lat' dir='ltr'><strong>inquit,</strong></span> <span class='ocrx_word' id='word_1_499' title='bbox 1331 4295 1362 4333; x_wconf 93' lang='grc' dir='ltr'><strong>ο</strong></span> <span class='ocrx_word' id='word_1_500' title='bbox 1389 4277 1636 4343; x_wconf 91' lang='lat' dir='ltr'><strong>Domine,</strong></span> <span class='ocrx_word' id='word_1_501' title='bbox 1672 4286 1819 4330; x_wconf 89' lang='lat' dir='ltr'><strong>tuam</strong></span> <span class='ocrx_word' id='word_1_502' title='bbox 1872 4273 2026 4327; x_wconf 89' lang='lat' dir='ltr'><strong>nobis</strong></span> <span class='ocrx_word' id='word_1_503' title='bbox 2053 4271 2210 4326; x_wconf 91' lang='lat' dir='ltr'><strong>boni-</strong></span> 
     </span>
    </p>
   </div>
   <div class='ocr_carea' id='block_1_73' title="bbox 644 4369 2214 4436">
    <p class='ocr_par' dir='ltr' id='par_1_73' title="bbox 644 4369 2214 4436">
     <span class='ocr_line' id='line_1_74' title="bbox 644 4369 2214 4436; baseline -0.009 -7"><span class='ocrx_word' id='word_1_504' title='bbox 644 4385 807 4429; x_wconf 83' lang='lat' dir='ltr'><strong>tatem</strong></span> <span class='ocrx_word' id='word_1_505' title='bbox 839 4372 1085 4436; x_wconf 88' lang='lat' dir='ltr'><strong>ostende,</strong></span> <span class='ocrx_word' id='word_1_506' title='bbox 1121 4380 1180 4424; x_wconf 93' lang='lat' dir='ltr'><strong>ut</strong></span> <span class='ocrx_word' id='word_1_507' title='bbox 1233 4379 1379 4424; x_wconf 83' lang='lat' dir='ltr'><strong>tuam</strong></span> <span class='ocrx_word' id='word_1_508' title='bbox 1430 4369 1662 4423; x_wconf 88' lang='lat' dir='ltr'><strong>salutem</strong></span> <span class='ocrx_word' id='word_1_509' title='bbox 1709 4377 2131 4435; x_wconf 86' lang='lat' dir='ltr'><strong>consequamur,</strong></span> <span class='ocrx_word' id='word_1_510' title='bbox 2161 4370 2214 4415; x_wconf 84' lang='lat' dir='ltr'><strong>et</strong></span> 
     </span>
    </p>
   </div>
   <div class='ocr_carea' id='block_1_74' title="bbox 645 4454 2215 4531">
    <p class='ocr_par' dir='ltr' id='par_1_74' title="bbox 645 4454 2215 4531">
     <span class='ocr_line' id='line_1_75' title="bbox 645 4454 2215 4531; baseline -0.008 -12"><span class='ocrx_word' id='word_1_511' title='bbox 645 4483 710 4520; x_wconf 77' lang='lat' dir='ltr'><strong>ex</strong></span> <span class='ocrx_word' id='word_1_512' title='bbox 749 4465 834 4520; x_wconf 92' lang='lat' dir='ltr'><strong>his</strong></span> <span class='ocrx_word' id='word_1_513' title='bbox 883 4464 1019 4519; x_wconf 93' lang='lat' dir='ltr'><strong>locis</strong></span> <span class='ocrx_word' id='word_1_514' title='bbox 1069 4462 1430 4531; x_wconf 79' lang='lat' dir='ltr'><strong>commigrare</strong></span> <span class='ocrx_word' id='word_1_515' title='bbox 1477 4459 1774 4529; x_wconf 86' lang='lat' dir='ltr'><strong>possimus.</strong></span> <span class='ocrx_word' id='word_1_516' title='bbox 1803 4457 1939 4510; x_wconf 88' lang='lat' dir='ltr'><strong>Cum</strong></span> <span class='ocrx_word' id='word_1_517' title='bbox 1981 4454 2059 4508; x_wconf 90' lang='lat' dir='ltr'><strong>sic</strong></span> <span class='ocrx_word' id='word_1_518' title='bbox 2089 4469 2215 4523; x_wconf 88' lang='lat' dir='ltr'><strong>pro-</strong></span> 
     </span>
    </p>
   </div>
   <div class='ocr_carea' id='block_1_75' title="bbox 649 4544 2216 4627">
    <p class='ocr_par' dir='ltr' id='par_1_75' title="bbox 649 4544 2216 4627">
     <span class='ocr_line' id='line_1_76' title="bbox 649 4544 2216 4627; baseline -0.009 -17"><span class='ocrx_word' id='word_1_519' title='bbox 649 4559 809 4627; x_wconf 88' lang='lat' dir='ltr'><strong>pheta</strong></span> <span class='ocrx_word' id='word_1_520' title='bbox 841 4556 1290 4624; x_wconf 84' lang='lat' dir='ltr'><strong>supplicationem</strong></span> <span class='ocrx_word' id='word_1_521' title='bbox 1337 4553 1495 4622; x_wconf 89' lang='lat' dir='ltr'><strong>quasl</strong></span> <span class='ocrx_word' id='word_1_522' title='bbox 1529 4565 1596 4604; x_wconf 79' lang='lat' dir='ltr'><strong>ex</strong></span> <span class='ocrx_word' id='word_1_523' title='bbox 1626 4550 1842 4604; x_wconf 87' lang='lat' dir='ltr'><strong>illorum</strong></span> <span class='ocrx_word' id='word_1_524' title='bbox 1877 4562 2106 4618; x_wconf 89' lang='lat' dir='ltr'><strong>persona</strong></span> <span class='ocrx_word' id='word_1_525' title='bbox 2139 4544 2216 4597; x_wconf 78' lang='lat' dir='ltr'><strong>ot-</strong></span> 
     </span>
    </p>
   </div>
   <div class='ocr_carea' id='block_1_76' title="bbox 651 4635 2215 4713">
    <p class='ocr_par' dir='ltr' id='par_1_76' title="bbox 651 4635 2215 4713">
     <span class='ocr_line' id='line_1_77' title="bbox 651 4635 2215 4713; baseline -0.007 -14"><span class='ocrx_word' id='word_1_526' title='bbox 651 4647 806 4711; x_wconf 83' lang='lat' dir='ltr'><strong>terat,</strong></span> <span class='ocrx_word' id='word_1_527' title='bbox 847 4645 941 4699; x_wconf 90' lang='lat' dir='ltr'><strong>Dei</strong></span> <span class='ocrx_word' id='word_1_528' title='bbox 991 4658 1311 4713; x_wconf 89' lang='lat' dir='ltr'><strong>responsum</strong></span> <span class='ocrx_word' id='word_1_529' title='bbox 1363 4641 1559 4710; x_wconf 87' lang='lat' dir='ltr'><strong>accipit</strong></span> <span class='ocrx_word' id='word_1_530' title='bbox 1597 4649 1651 4694; x_wconf 89' lang='lat' dir='ltr'><strong>et</strong></span> <span class='ocrx_word' id='word_1_531' title='bbox 1682 4639 1759 4692; x_wconf 89' lang='lat' dir='ltr'><strong>ait</strong></span> <span class='ocrx_word' id='word_1_532' title='bbox 1793 4658 1805 4692; x_wconf 89' lang='lat'><strong>:</strong></span> <span class='ocrx_word' id='word_1_533' title='bbox 1838 4638 2064 4692; x_wconf 81' lang='lat' dir='ltr'><strong>Audiam</strong></span> <span class='ocrx_word' id='word_1_534' title='bbox 2091 4635 2215 4706; x_wconf 89' lang='lat' dir='ltr'><strong>quid</strong></span> 
     </span>
    </p>
   </div>
   <div class='ocr_carea' id='block_1_77' title="bbox 649 4718 2217 4808">
    <p class='ocr_par' dir='ltr' id='par_1_77' title="bbox 649 4718 2217 4808">
     <span class='ocr_line' id='line_1_78' title="bbox 649 4718 2217 4808; baseline -0.006 -18"><span class='ocrx_word' id='word_1_535' title='bbox 649 4739 896 4808; x_wconf 85' lang='lat' dir='ltr'><strong>loquatur</strong></span> <span class='ocrx_word' id='word_1_536' title='bbox 925 4741 978 4792; x_wconf 84' lang='lat' dir='ltr'><strong>in</strong></span> <span class='ocrx_word' id='word_1_537' title='bbox 1026 4753 1105 4789; x_wconf 80' lang='lat' dir='ltr'><strong>me</strong></span> <span class='ocrx_word' id='word_1_538' title='bbox 1154 4734 1411 4788; x_wconf 87' lang='lat' dir='ltr'><strong>Dominus</strong></span> <span class='ocrx_word' id='word_1_539' title='bbox 1457 4718 1618 4785; x_wconf 64' lang='lat' dir='ltr'><strong>Deui.</strong></span> <span class='ocrx_word' id='word_1_540' title='bbox 1653 4729 1792 4784; x_wconf 84' lang='lat' dir='ltr'><strong>Cum</strong></span> <span class='ocrx_word' id='word_1_541' title='bbox 1824 4728 1981 4782; x_wconf 87' lang='lat' dir='ltr'><strong>ﬁnem</strong></span> <span class='ocrx_word' id='word_1_542' title='bbox 2008 4727 2217 4797; x_wconf 88' lang='lat' dir='ltr'><strong>suppli-</strong></span> 
     </span>
    </p>
   </div>
   <div class='ocr_carea' id='block_1_78' title="bbox 648 4820 2219 4897">
    <p class='ocr_par' dir='ltr' id='par_1_78' title="bbox 648 4820 2219 4897">
     <span class='ocr_line' id='line_1_79' title="bbox 648 4820 2219 4897; baseline -0.008 -11"><span class='ocrx_word' id='word_1_543' title='bbox 648 4830 808 4886; x_wconf 89' lang='lat' dir='ltr'><strong>candi</strong></span> <span class='ocrx_word' id='word_1_544' title='bbox 859 4828 1075 4883; x_wconf 83' lang='lat' dir='ltr'><strong>fecisset</strong></span> <span class='ocrx_word' id='word_1_545' title='bbox 1116 4827 1401 4897; x_wconf 86' lang='lat' dir='ltr'><strong>propheta,</strong></span> <span class='ocrx_word' id='word_1_546' title='bbox 1436 4837 1761 4893; x_wconf 86' lang='lat' dir='ltr'><strong>responsum</strong></span> <span class='ocrx_word' id='word_1_547' title='bbox 1787 4836 1817 4876; x_wconf 88' lang='lat' dir='ltr'><strong>a</strong></span> <span class='ocrx_word' id='word_1_548' title='bbox 1856 4820 2058 4891; x_wconf 83' lang='lat' dir='ltr'><strong>Spiritu</strong></span> <span class='ocrx_word' id='word_1_549' title='bbox 2095 4835 2219 4874; x_wconf 91' lang='lat' dir='ltr'><strong>cum</strong></span> 
     </span>
    </p>
   </div>
   <div class='ocr_carea' id='block_1_79' title="bbox 652 4919 1118 4990">
    <p class='ocr_par' dir='ltr' id='par_1_79' title="bbox 652 4919 1118 4990">
     <span class='ocr_line' id='line_1_80' title="bbox 652 4919 1118 4990; baseline -0.006 -14"><span class='ocrx_word' id='word_1_550' title='bbox 652 4921 868 4976; x_wconf 85' lang='lat' dir='ltr'><strong>silentio</strong></span> <span class='ocrx_word' id='word_1_551' title='bbox 898 4919 1118 4990; x_wconf 82' lang='lat' dir='ltr'><strong>excipit.</strong></span> 
     </span>
    </p>
   </div>
   <div class='ocr_carea' id='block_1_80' title="bbox 725 5001 2223 5078">
    <p class='ocr_par' dir='ltr' id='par_1_80' title="bbox 725 5001 2223 5078">
     <span class='ocr_line' id='line_1_81' title="bbox 725 5001 2223 5078; baseline -0.008 -14"><span class='ocrx_word' id='word_1_552' title='bbox 725 5012 811 5065; x_wconf 72' lang='lat'><strong>10.</strong></span> <span class='ocrx_word' id='word_1_553' title='bbox 866 5009 1234 5063; x_wconf 81' lang='lat' dir='ltr'><strong>Verumtamen</strong></span> <span class='ocrx_word' id='word_1_554' title='bbox 1289 5024 1444 5078; x_wconf 73' lang='lat' dir='ltr'><strong>prope</strong></span> <span class='ocrx_word' id='word_1_555' title='bbox 1500 5007 1738 5060; x_wconf 87' lang='lat' dir='ltr'><strong>timentes</strong></span> <span class='ocrx_word' id='word_1_556' title='bbox 1812 5018 1931 5058; x_wconf 84' lang='lat' dir='ltr'><strong>eum</strong></span> <span class='ocrx_word' id='word_1_557' title='bbox 1988 5001 2223 5056; x_wconf 82' lang='lat' dir='ltr'><strong>salutare</strong></span> 
     </span>
    </p>
   </div>
   <div class='ocr_carea' id='block_1_81' title="bbox 654 5093 2225 5170">
    <p class='ocr_par' dir='ltr' id='par_1_81' title="bbox 654 5093 2225 5170">
     <span class='ocr_line' id='line_1_82' title="bbox 654 5093 2225 5170; baseline -0.006 -15"><span class='ocrx_word' id='word_1_558' title='bbox 654 5104 839 5163; x_wconf 83' lang='lat' dir='ltr'><strong>ipsius.</strong></span> <span class='ocrx_word' id='word_1_559' title='bbox 873 5100 1163 5170; x_wconf 81' lang='lat' dir='ltr'><strong>Excipiens</strong></span> <span class='ocrx_word' id='word_1_560' title='bbox 1213 5100 1475 5170; x_wconf 86' lang='lat' dir='ltr'><strong>propheta</strong></span> <span class='ocrx_word' id='word_1_561' title='bbox 1526 5111 1851 5167; x_wconf 83' lang='lat' dir='ltr'><strong>responsum</strong></span> <span class='ocrx_word' id='word_1_562' title='bbox 1885 5094 2028 5164; x_wconf 91' lang='lat' dir='ltr'><strong>quod</strong></span> <span class='ocrx_word' id='word_1_563' title='bbox 2071 5093 2225 5147; x_wconf 86' lang='lat' dir='ltr'><strong>audi-</strong></span> 
     </span>
    </p>
   </div>
   <div class='ocr_carea' id='block_1_82' title="bbox 657 5181 2225 5259">
    <p class='ocr_par' dir='ltr' id='par_1_82' title="bbox 657 5181 2225 5259">
     <span class='ocr_line' id='line_1_83' title="bbox 657 5181 2225 5259; baseline -0.008 -13"><span class='ocrx_word' id='word_1_564' title='bbox 657 5206 812 5248; x_wconf 86' lang='lat' dir='ltr'><strong>turus</strong></span> <span class='ocrx_word' id='word_1_565' title='bbox 845 5200 958 5245; x_wconf 88' lang='lat' dir='ltr'><strong>erat</strong></span> <span class='ocrx_word' id='word_1_566' title='bbox 990 5206 1020 5244; x_wconf 88' lang='lat' dir='ltr'><strong>a</strong></span> <span class='ocrx_word' id='word_1_567' title='bbox 1054 5189 1164 5244; x_wconf 89' lang='lat' dir='ltr'><strong>Dco</strong></span> <span class='ocrx_word' id='word_1_568' title='bbox 1193 5191 1257 5243; x_wconf 86' lang='lat' dir='ltr'><strong>de</strong></span> <span class='ocrx_word' id='word_1_569' title='bbox 1289 5204 1484 5259; x_wconf 76' lang='lat' dir='ltr'><strong>genere</strong></span> <span class='ocrx_word' id='word_1_570' title='bbox 1531 5202 1632 5243; x_wconf 90' lang='lat' dir='ltr'><strong>suo</strong></span> <span class='ocrx_word' id='word_1_571' title='bbox 1653 5225 1669 5250; x_wconf 88' lang='lat'><strong>,</strong></span> <span class='ocrx_word' id='word_1_572' title='bbox 1717 5185 1846 5240; x_wconf 88' lang='lat' dir='ltr'><strong>illud</strong></span> <span class='ocrx_word' id='word_1_573' title='bbox 1878 5192 2049 5243; x_wconf 85' lang='lat' dir='ltr'><strong>notat.</strong></span> <span class='ocrx_word' id='word_1_574' title='bbox 2081 5181 2225 5251; x_wconf 88' lang='lat' dir='ltr'><strong>quod</strong></span> 
     </span>
    </p>
   </div>
   <div class='ocr_carea' id='block_1_83' title="bbox 657 5276 2226 5353">
    <p class='ocr_par' dir='ltr' id='par_1_83' title="bbox 657 5276 2226 5353">
     <span class='ocr_line' id='line_1_84' title="bbox 657 5276 2226 5353; baseline -0.008 -15"><span class='ocrx_word' id='word_1_575' title='bbox 657 5295 882 5353; x_wconf 86' lang='lat' dir='ltr'><strong>paratus</strong></span> <span class='ocrx_word' id='word_1_576' title='bbox 915 5283 986 5337; x_wconf 88' lang='lat' dir='ltr'><strong>sit</strong></span> <span class='ocrx_word' id='word_1_577' title='bbox 1014 5281 1270 5336; x_wconf 88' lang='lat' dir='ltr'><strong>omnibus</strong></span> <span class='ocrx_word' id='word_1_578' title='bbox 1302 5294 1469 5351; x_wconf 88' lang='lat' dir='ltr'><strong>prope</strong></span> <span class='ocrx_word' id='word_1_579' title='bbox 1499 5280 1714 5341; x_wconf 84' lang='lat' dir='ltr'><strong>adesse,</strong></span> <span class='ocrx_word' id='word_1_580' title='bbox 1749 5278 1796 5333; x_wconf 89' lang='lat' dir='ltr'><strong>si</strong></span> <span class='ocrx_word' id='word_1_581' title='bbox 1833 5276 1951 5346; x_wconf 83' lang='lat' dir='ltr'><strong>ejus</strong></span> <span class='ocrx_word' id='word_1_582' title='bbox 1981 5276 2226 5330; x_wconf 83' lang='lat' dir='ltr'><strong>timorem</strong></span> 
     </span>
    </p>
   </div>
   <div class='ocr_carea' id='block_1_84' title="bbox 661 5366 2226 5444">
    <p class='ocr_par' dir='ltr' id='par_1_84' title="bbox 661 5366 2226 5444">
     <span class='ocr_line' id='line_1_85' title="bbox 661 5366 2226 5444; baseline -0.008 -13"><span class='ocrx_word' id='word_1_583' title='bbox 661 5375 893 5444; x_wconf 75' lang='lat' dir='ltr'><strong>amplexi</strong></span> <span class='ocrx_word' id='word_1_584' title='bbox 932 5373 1130 5428; x_wconf 81' lang='lat' dir='ltr'><strong>fuerint</strong></span> <span class='ocrx_word' id='word_1_585' title='bbox 1171 5391 1186 5426; x_wconf 89' lang='lat'><strong>:</strong></span> <span class='ocrx_word' id='word_1_586' title='bbox 1219 5373 1495 5442; x_wconf 79' lang='lat' dir='ltr'><strong>continget</strong></span> <span class='ocrx_word' id='word_1_587' title='bbox 1525 5379 1703 5425; x_wconf 89' lang='lat' dir='ltr'><strong>autem</strong></span> <span class='ocrx_word' id='word_1_588' title='bbox 1736 5370 1802 5423; x_wconf 88' lang='lat' dir='ltr'><strong>iis</strong></span> <span class='ocrx_word' id='word_1_589' title='bbox 1827 5368 1920 5438; x_wconf 90' lang='lat' dir='ltr'><strong>qui</strong></span> <span class='ocrx_word' id='word_1_590' title='bbox 1950 5366 2038 5420; x_wconf 88' lang='lat' dir='ltr'><strong>Dei</strong></span> <span class='ocrx_word' id='word_1_591' title='bbox 2067 5367 2226 5420; x_wconf 88' lang='lat' dir='ltr'><strong>timo-</strong></span> 
     </span>
    </p>
   </div>
   <div class='ocr_carea' id='block_1_85' title="bbox 665 5457 2229 5538">
    <p class='ocr_par' dir='ltr' id='par_1_85' title="bbox 665 5457 2229 5538">
     <span class='ocr_line' id='line_1_86' title="bbox 665 5457 2229 5538; baseline -0.01 -13"><span class='ocrx_word' id='word_1_592' title='bbox 665 5486 774 5525; x_wconf 88' lang='lat' dir='ltr'><strong>rem</strong></span> <span class='ocrx_word' id='word_1_593' title='bbox 806 5468 1037 5538; x_wconf 83' lang='lat' dir='ltr'><strong>amplexi</strong></span> <span class='ocrx_word' id='word_1_594' title='bbox 1071 5466 1294 5529; x_wconf 78' lang='lat' dir='ltr'><strong>fuerint,</strong></span> <span class='ocrx_word' id='word_1_595' title='bbox 1326 5464 1475 5535; x_wconf 83' lang='lat' dir='ltr'><strong>quod</strong></span> <span class='ocrx_word' id='word_1_596' title='bbox 1513 5464 1565 5518; x_wconf 90' lang='lat' dir='ltr'><strong>in</strong></span> <span class='ocrx_word' id='word_1_597' title='bbox 1597 5463 1770 5530; x_wconf 76' lang='lat' dir='ltr'><strong>gloria</strong></span> <span class='ocrx_word' id='word_1_598' title='bbox 1805 5459 2126 5516; x_wconf 88' lang='lat' dir='ltr'><strong>inhabitent.</strong></span> <span class='ocrx_word' id='word_1_599' title='bbox 2164 5457 2229 5510; x_wconf 87' lang='lat' dir='ltr'><strong>Ut</strong></span> 
     </span>
    </p>
   </div>
   <div class='ocr_carea' id='block_1_86' title="bbox 2219 3270 3896 3351">
    <p class='ocr_par' dir='ltr' id='par_1_86' title="bbox 2219 3270 3896 3351">
     <span class='ocr_line' id='line_1_87' title="bbox 2219 3270 3896 3351; baseline -0.007 -13"><span class='ocrx_word' id='word_1_600' title='bbox 2219 3270 2260 3327; x_wconf 68' lang='grc' dir='ltr'>Ο</span> <span class='ocrx_word' id='word_1_601' title='bbox 2295 3285 2404 3338; x_wconf 80' lang='grc' dir='ltr'>τὸν</span> <span class='ocrx_word' id='word_1_602' title='bbox 2431 3284 2654 3351; x_wconf 81' lang='grc' dir='ltr'>Κύριον</span> <span class='ocrx_word' id='word_1_603' title='bbox 2684 3281 2832 3348; x_wconf 79' lang='grc' dir='ltr'>ἔθνη</span> <span class='ocrx_word' id='word_1_604' title='bbox 2885 3278 3105 3342; x_wconf 74' lang='grc' dir='ltr'>πολλὰ,</span> <span class='ocrx_word' id='word_1_605' title='bbox 3149 3276 3250 3330; x_wconf 76' lang='grc' dir='ltr'>καὶ</span> <span class='ocrx_word' id='word_1_606' title='bbox 3309 3275 3556 3329; x_wconf 77' lang='grc' dir='ltr'>ἔσονται</span> <span class='ocrx_word' id='word_1_607' title='bbox 3599 3274 3763 3340; x_wconf 81' lang='grc' dir='ltr'>αὐτῷ</span> <span class='ocrx_word' id='word_1_608' title='bbox 3798 3277 3896 3340; x_wconf 83' lang='grc' dir='ltr'><strong>εἱς</strong></span> 
     </span>
    </p>
   </div>
   <div class='ocr_carea' id='block_1_87' title="bbox 2299 3376 2473 3431">
    <p class='ocr_par' dir='ltr' id='par_1_87' title="bbox 2299 3376 2473 3431">
     <span class='ocr_line' id='line_1_88' title="bbox 2299 3376 2473 3431; baseline -0.017 0"><span class='ocrx_word' id='word_1_609' title='bbox 2299 3376 2473 3431; x_wconf 75' lang='grc' dir='ltr'>λαόν.</span> 
     </span>
    </p>
   </div>
   <div class='ocr_carea' id='block_1_88' title="bbox 2384 3454 3895 3532">
    <p class='ocr_par' dir='ltr' id='par_1_88' title="bbox 2384 3454 3895 3532">
     <span class='ocr_line' id='line_1_89' title="bbox 2384 3454 3895 3532; baseline -0.007 -13"><span class='ocrx_word' id='word_1_610' title='bbox 2384 3465 2788 3532; x_wconf 70' lang='grc' dir='ltr'>Ἐπίστρεψον</span> <span class='ocrx_word' id='word_1_611' title='bbox 2807 3457 2986 3530; x_wconf 74' lang='grc' dir='ltr'>ἡμᾶς,</span> <span class='ocrx_word' id='word_1_612' title='bbox 3005 3462 3038 3513; x_wconf 83' lang='grc' dir='ltr'><strong>ό</strong></span> <span class='ocrx_word' id='word_1_613' title='bbox 3060 3458 3204 3525; x_wconf 76' lang='grc' dir='ltr'>Θεὸς</span> <span class='ocrx_word' id='word_1_614' title='bbox 3228 3459 3349 3513; x_wconf 83' lang='grc' dir='ltr'><strong>τῶν</strong></span> <span class='ocrx_word' id='word_1_615' title='bbox 3366 3457 3674 3524; x_wconf 73' lang='grc' dir='ltr'>σωτηρίων</span> <span class='ocrx_word' id='word_1_616' title='bbox 3699 3454 3895 3522; x_wconf 70' lang='grc' dir='ltr'>ἡμῶν.</span> 
     </span>
    </p>
   </div>
   <div class='ocr_carea' id='block_1_89' title="bbox 2319 3543 3897 3620">
    <p class='ocr_par' dir='ltr' id='par_1_89' title="bbox 2319 3543 3897 3620">
     <span class='ocr_line' id='line_1_90' title="bbox 2319 3543 3897 3620; baseline -0.009 -11"><span class='ocrx_word' id='word_1_617' title='bbox 2319 3554 2598 3609; x_wconf 79' lang='grc' dir='ltr'><strong>Ἐντεῦθεν</strong></span> <span class='ocrx_word' id='word_1_618' title='bbox 2657 3551 2892 3606; x_wconf 80' lang='grc' dir='ltr'>ἱκετείαν</span> <span class='ocrx_word' id='word_1_619' title='bbox 2947 3549 3256 3620; x_wconf 85' lang='grc' dir='ltr'>ἀναπέμπει</span> <span class='ocrx_word' id='word_1_620' title='bbox 3327 3550 3393 3601; x_wconf 85' lang='grc' dir='ltr'><strong>ἐκ</strong></span> <span class='ocrx_word' id='word_1_621' title='bbox 3448 3543 3742 3617; x_wconf 86' lang='grc' dir='ltr'>προσώπου</span> <span class='ocrx_word' id='word_1_622' title='bbox 3794 3544 3897 3596; x_wconf 84' lang='grc' dir='ltr'><strong>τοῦ</strong></span> 
     </span>
    </p>
   </div>
   <div class='ocr_carea' id='block_1_90' title="bbox 2310 3636 3899 3710">
    <p class='ocr_par' dir='ltr' id='par_1_90' title="bbox 2310 3636 3899 3710">
     <span class='ocr_line' id='line_1_91' title="bbox 2310 3636 3899 3710; baseline -0.008 -9"><span class='ocrx_word' id='word_1_623' title='bbox 2310 3647 2436 3701; x_wconf 79' lang='grc' dir='ltr'>λαοῦ</span> <span class='ocrx_word' id='word_1_624' title='bbox 2488 3646 2596 3699; x_wconf 92' lang='grc' dir='ltr'><strong>τῶν</strong></span> <span class='ocrx_word' id='word_1_625' title='bbox 2660 3643 2950 3710; x_wconf 87' lang='grc' dir='ltr'>Ἰουδαίων,</span> <span class='ocrx_word' id='word_1_626' title='bbox 3009 3639 3304 3707; x_wconf 80' lang='grc' dir='ltr'>ἀξιούντων</span> <span class='ocrx_word' id='word_1_627' title='bbox 3337 3638 3430 3691; x_wconf 73' lang='grc' dir='ltr'>καὶ</span> <span class='ocrx_word' id='word_1_628' title='bbox 3480 3636 3676 3698; x_wconf 79' lang='grc' dir='ltr'>αὐτοὺς</span> <span class='ocrx_word' id='word_1_629' title='bbox 3708 3638 3899 3705; x_wconf 82' lang='grc' dir='ltr'>τυχεῖν</span> 
     </span>
    </p>
   </div>
   <div class='ocr_carea' id='block_1_91' title="bbox 2311 3738 2686 3810">
    <p class='ocr_par' dir='ltr' id='par_1_91' title="bbox 2311 3738 2686 3810">
     <span class='ocr_line' id='line_1_92' title="bbox 2311 3738 2686 3810; baseline -0.013 -18"><span class='ocrx_word' id='word_1_630' title='bbox 2311 3742 2409 3810; x_wconf 82' lang='grc' dir='ltr'>τῆς</span> <span class='ocrx_word' id='word_1_631' title='bbox 2445 3738 2686 3808; x_wconf 86' lang='grc' dir='ltr'>χάριτος.</span> 
     </span>
    </p>
   </div>
   <div class='ocr_carea' id='block_1_92' title="bbox 2378 3820 3899 3898">
    <p class='ocr_par' dir='ltr' id='par_1_92' title="bbox 2378 3820 3899 3898">
     <span class='ocr_line' id='line_1_93' title="bbox 2378 3820 3899 3898; baseline -0.009 -14"><span class='ocrx_word' id='word_1_632' title='bbox 2378 3830 2586 3895; x_wconf 79' lang='grc' dir='ltr'>Δεῖξον</span> <span class='ocrx_word' id='word_1_633' title='bbox 2612 3827 2778 3898; x_wconf 76' lang='grc' dir='ltr'>ἡμῖν,</span> <span class='ocrx_word' id='word_1_634' title='bbox 2804 3825 3002 3893; x_wconf 84' lang='grc' dir='ltr'>Κύριε,</span> <span class='ocrx_word' id='word_1_635' title='bbox 3042 3823 3112 3878; x_wconf 72' lang='grc' dir='ltr'>τὸ</span> <span class='ocrx_word' id='word_1_636' title='bbox 3169 3823 3344 3889; x_wconf 74' lang='grc' dir='ltr'>ἔλεός</span> <span class='ocrx_word' id='word_1_637' title='bbox 3391 3839 3533 3876; x_wconf 88' lang='grc' dir='ltr'>σου.</span> <span class='ocrx_word' id='word_1_638' title='bbox 3561 3821 3751 3893; x_wconf 85' lang='grc' dir='ltr'>Κύρου</span> <span class='ocrx_word' id='word_1_639' title='bbox 3800 3820 3899 3872; x_wconf 77' lang='grc' dir='ltr'><strong>τοῦ</strong></span> 
     </span>
    </p>
   </div>
   <div class='ocr_carea' id='block_1_93' title="bbox 2309 3913 3902 3996">
    <p class='ocr_par' dir='ltr' id='par_1_93' title="bbox 2309 3913 3902 3996">
     <span class='ocr_line' id='line_1_94' title="bbox 2309 3913 3902 3996; baseline -0.009 -18"><span class='ocrx_word' id='word_1_640' title='bbox 2309 3922 2532 3996; x_wconf 87' lang='grc' dir='ltr'>Περσῶν</span> <span class='ocrx_word' id='word_1_641' title='bbox 2593 3918 3026 3992; x_wconf 84' lang='grc' dir='ltr'>βασιλεύσαντος,</span> <span class='ocrx_word' id='word_1_642' title='bbox 3063 3916 3205 3969; x_wconf 78' lang='grc' dir='ltr'>κατὰ</span> <span class='ocrx_word' id='word_1_643' title='bbox 3231 3914 3327 3985; x_wconf 83' lang='grc' dir='ltr'><strong>τὴν</strong></span> <span class='ocrx_word' id='word_1_644' title='bbox 3365 3913 3457 3966; x_wconf 89' lang='grc' dir='ltr'><strong>τοῦ</strong></span> <span class='ocrx_word' id='word_1_645' title='bbox 3501 3914 3724 3967; x_wconf 73' lang='grc' dir='ltr'>Ἡσαΐου</span> <span class='ocrx_word' id='word_1_646' title='bbox 3757 3928 3902 3983; x_wconf 84' lang='grc' dir='ltr'>προ-</span> 
     </span>
    </p>
   </div>
   <div class='ocr_carea' id='block_1_94' title="bbox 2309 4003 3900 4086">
    <p class='ocr_par' dir='ltr' id='par_1_94' title="bbox 2309 4003 3900 4086">
     <span class='ocr_line' id='line_1_95' title="bbox 2309 4003 3900 4086; baseline -0.006 -19"><span class='ocrx_word' id='word_1_647' title='bbox 2309 4014 2566 4086; x_wconf 85' lang='grc' dir='ltr'>φητείαν,</span> <span class='ocrx_word' id='word_1_648' title='bbox 2631 4010 2925 4072; x_wconf 80' lang='grc' dir='ltr'>δεδωκότος</span> <span class='ocrx_word' id='word_1_649' title='bbox 2988 4008 3088 4078; x_wconf 82' lang='grc' dir='ltr'>τῆς</span> <span class='ocrx_word' id='word_1_650' title='bbox 3143 4005 3404 4060; x_wconf 88' lang='grc' dir='ltr'>ἐπανόδου</span> <span class='ocrx_word' id='word_1_651' title='bbox 3460 4005 3558 4075; x_wconf 81' lang='grc' dir='ltr'>τὴν</span> <span class='ocrx_word' id='word_1_652' title='bbox 3623 4003 3900 4068; x_wconf 81' lang='grc' dir='ltr'>ἐξουσίαν,</span> 
     </span>
    </p>
   </div>
   <div class='ocr_carea' id='block_1_95' title="bbox 2313 4093 3905 4174">
    <p class='ocr_par' dir='ltr' id='par_1_95' title="bbox 2313 4093 3905 4174">
     <span class='ocr_line' id='line_1_96' title="bbox 2313 4093 3905 4174; baseline -0.007 -14"><span class='ocrx_word' id='word_1_653' title='bbox 2313 4106 2618 4174; x_wconf 85' lang='grc' dir='ltr'>ἐπείγονται</span> <span class='ocrx_word' id='word_1_654' title='bbox 2641 4102 2740 4173; x_wconf 81' lang='grc' dir='ltr'>τὴν</span> <span class='ocrx_word' id='word_1_655' title='bbox 2768 4098 3095 4168; x_wconf 86' lang='grc' dir='ltr'>ἐνεγκοῦσαν</span> <span class='ocrx_word' id='word_1_656' title='bbox 3130 4095 3480 4158; x_wconf 76' lang='grc' dir='ltr'>καταλαϐεῖν.</span> <span class='ocrx_word' id='word_1_657' title='bbox 3514 4093 3614 4147; x_wconf 80' lang='grc' dir='ltr'>Διὰ</span> <span class='ocrx_word' id='word_1_658' title='bbox 3651 4095 3716 4165; x_wconf 83' lang='grc' dir='ltr'>δὴ</span> <span class='ocrx_word' id='word_1_659' title='bbox 3739 4094 3905 4149; x_wconf 78' lang='grc' dir='ltr'>τοῦτο</span> 
     </span>
    </p>
   </div>
   <div class='ocr_carea' id='block_1_96' title="bbox 2311 4187 3905 4262">
    <p class='ocr_par' dir='ltr' id='par_1_96' title="bbox 2311 4187 3905 4262">
     <span class='ocr_line' id='line_1_97' title="bbox 2311 4187 3905 4262; baseline -0.009 -11"><span class='ocrx_word' id='word_1_660' title='bbox 2311 4198 2400 4251; x_wconf 82' lang='grc' dir='ltr'><strong>τὸν</strong></span> <span class='ocrx_word' id='word_1_661' title='bbox 2431 4196 2565 4250; x_wconf 82' lang='grc' dir='ltr'>Θεὸν</span> <span class='ocrx_word' id='word_1_662' title='bbox 2614 4193 2935 4258; x_wconf 88' lang='grc' dir='ltr'>ἱκετεύουσι,</span> <span class='ocrx_word' id='word_1_663' title='bbox 2972 4195 3196 4262; x_wconf 80' lang='grc' dir='ltr'>ταχεῖαν</span> <span class='ocrx_word' id='word_1_664' title='bbox 3243 4191 3428 4252; x_wconf 84' lang='grc' dir='ltr'>αὐτοῖς</span> <span class='ocrx_word' id='word_1_665' title='bbox 3473 4188 3560 4242; x_wconf 75' lang='grc' dir='ltr'>διὰ</span> <span class='ocrx_word' id='word_1_666' title='bbox 3595 4187 3905 4258; x_wconf 82' lang='grc' dir='ltr'>φιλανθρω-</span> 
     </span>
    </p>
   </div>
   <div class='ocr_carea' id='block_1_97' title="bbox 2315 4272 3901 4360">
    <p class='ocr_par' dir='ltr' id='par_1_97' title="bbox 2315 4272 3901 4360">
     <span class='ocr_line' id='line_1_98' title="bbox 2315 4272 3901 4360; baseline -0.007 -18"><span class='ocrx_word' id='word_1_667' title='bbox 2315 4291 2442 4354; x_wconf 79' lang='grc' dir='ltr'>πίας</span> <span class='ocrx_word' id='word_1_668' title='bbox 2476 4290 2778 4360; x_wconf 86' lang='grc' dir='ltr'>παρασχεῖν</span> <span class='ocrx_word' id='word_1_669' title='bbox 2817 4285 3111 4356; x_wconf 84' lang='grc' dir='ltr'>σωτηρίαν.</span> <span class='ocrx_word' id='word_1_670' title='bbox 3165 4284 3427 4354; x_wconf 86' lang='grc' dir='ltr'>Τάχιστα,</span> <span class='ocrx_word' id='word_1_671' title='bbox 3489 4281 3673 4352; x_wconf 79' lang='grc' dir='ltr'>φησὶν,</span> <span class='ocrx_word' id='word_1_672' title='bbox 3723 4272 3770 4332; x_wconf 83' lang='grc' dir='ltr'><strong>ὧ</strong></span> <span class='ocrx_word' id='word_1_673' title='bbox 3797 4280 3901 4332; x_wconf 88' lang='grc' dir='ltr'><strong>Δέ-</strong></span> 
     </span>
    </p>
   </div>
   <div class='ocr_carea' id='block_1_98' title="bbox 2317 4371 3904 4452">
    <p class='ocr_par' dir='ltr' id='par_1_98' title="bbox 2317 4371 3904 4452">
     <span class='ocr_line' id='line_1_99' title="bbox 2317 4371 3904 4452; baseline -0.009 -15"><span class='ocrx_word' id='word_1_674' title='bbox 2317 4400 2510 4446; x_wconf 82' lang='grc' dir='ltr'>σποτα,</span> <span class='ocrx_word' id='word_1_675' title='bbox 2539 4380 2637 4452; x_wconf 84' lang='grc' dir='ltr'>τὴν</span> <span class='ocrx_word' id='word_1_676' title='bbox 2669 4381 2767 4450; x_wconf 84' lang='grc' dir='ltr'>σὴν</span> <span class='ocrx_word' id='word_1_677' title='bbox 2794 4379 2926 4450; x_wconf 82' lang='grc' dir='ltr'>ἡμῖν</span> <span class='ocrx_word' id='word_1_678' title='bbox 2953 4376 3263 4446; x_wconf 80' lang='grc' dir='ltr'>ἀγαθότητα</span> <span class='ocrx_word' id='word_1_679' title='bbox 3308 4375 3501 4441; x_wconf 81' lang='grc' dir='ltr'>δεῖξον,</span> <span class='ocrx_word' id='word_1_680' title='bbox 3533 4374 3620 4427; x_wconf 83' lang='grc' dir='ltr'>ἵνα</span> <span class='ocrx_word' id='word_1_681' title='bbox 3648 4371 3904 4442; x_wconf 88' lang='grc' dir='ltr'>τύχωμεν</span> 
     </span>
    </p>
   </div>
   <div class='ocr_carea' id='block_1_99' title="bbox 2316 4463 3903 4546">
    <p class='ocr_par' dir='ltr' id='par_1_99' title="bbox 2316 4463 3903 4546">
     <span class='ocr_line' id='line_1_100' title="bbox 2316 4463 3903 4546; baseline -0.011 -14"><span class='ocrx_word' id='word_1_682' title='bbox 2316 4476 2414 4546; x_wconf 84' lang='grc' dir='ltr'>τῆς</span> <span class='ocrx_word' id='word_1_683' title='bbox 2444 4475 2545 4546; x_wconf 85' lang='grc' dir='ltr'>σῆς</span> <span class='ocrx_word' id='word_1_684' title='bbox 2575 4471 2848 4544; x_wconf 91' lang='grc' dir='ltr'>σωτηρίας</span> <span class='ocrx_word' id='word_1_685' title='bbox 2869 4469 3086 4539; x_wconf 74' lang='grc' dir='ltr'>καὶτῆς</span> <span class='ocrx_word' id='word_1_686' title='bbox 3107 4467 3356 4521; x_wconf 86' lang='grc' dir='ltr'>ἐντεῦθεν</span> <span class='ocrx_word' id='word_1_687' title='bbox 3385 4465 3726 4536; x_wconf 79' lang='grc' dir='ltr'>ἀπαλλαγῆς.</span> <span class='ocrx_word' id='word_1_688' title='bbox 3744 4463 3903 4518; x_wconf 78' lang='grc' dir='ltr'>Οῦτω</span> 
     </span>
    </p>
   </div>
   <div class='ocr_carea' id='block_1_100' title="bbox 2318 4554 3902 4636">
    <p class='ocr_par' dir='ltr' id='par_1_100' title="bbox 2318 4554 3902 4636">
     <span class='ocr_line' id='line_1_101' title="bbox 2318 4554 3902 4636; baseline -0.006 -18"><span class='ocrx_word' id='word_1_689' title='bbox 2318 4566 2415 4636; x_wconf 78' lang='grc' dir='ltr'>τὴν</span> <span class='ocrx_word' id='word_1_690' title='bbox 2447 4563 2677 4623; x_wconf 87' lang='grc' dir='ltr'>ἱκετείαν</span> <span class='ocrx_word' id='word_1_691' title='bbox 2699 4560 2775 4624; x_wconf 85' lang='grc' dir='ltr'>ὼς</span> <span class='ocrx_word' id='word_1_692' title='bbox 2796 4559 2857 4625; x_wconf 79' lang='grc' dir='ltr'>ἐξ</span> <span class='ocrx_word' id='word_1_693' title='bbox 2881 4559 3103 4614; x_wconf 87' lang='grc' dir='ltr'>ἐκείνων</span> <span class='ocrx_word' id='word_1_694' title='bbox 3130 4560 3159 4611; x_wconf 87' lang='grc' dir='ltr'><strong>ό</strong></span> <span class='ocrx_word' id='word_1_695' title='bbox 3182 4557 3464 4628; x_wconf 73' lang='grc' dir='ltr'>προφήτης</span> <span class='ocrx_word' id='word_1_696' title='bbox 3495 4554 3902 4625; x_wconf 82' lang='grc' dir='ltr'>προσενεγκὼν,</span> 
     </span>
    </p>
   </div>
   <div class='ocr_carea' id='block_1_101' title="bbox 2319 4645 3905 4728">
    <p class='ocr_par' dir='ltr' id='par_1_101' title="bbox 2319 4645 3905 4728">
     <span class='ocr_line' id='line_1_102' title="bbox 2319 4645 3905 4728; baseline -0.008 -17"><span class='ocrx_word' id='word_1_697' title='bbox 2319 4657 2530 4728; x_wconf 87' lang='grc' dir='ltr'>δέχεται</span> <span class='ocrx_word' id='word_1_698' title='bbox 2563 4653 2655 4708; x_wconf 91' lang='grc' dir='ltr'><strong>τοῦ</strong></span> <span class='ocrx_word' id='word_1_699' title='bbox 2688 4651 2824 4706; x_wconf 83' lang='grc' dir='ltr'>Θεοῦ</span> <span class='ocrx_word' id='word_1_700' title='bbox 2854 4652 2952 4722; x_wconf 82' lang='grc' dir='ltr'>τὴν</span> <span class='ocrx_word' id='word_1_701' title='bbox 2973 4649 3263 4721; x_wconf 83' lang='grc' dir='ltr'>ἀπόκρισιν</span> <span class='ocrx_word' id='word_1_702' title='bbox 3285 4647 3378 4702; x_wconf 89' lang='grc' dir='ltr'><strong>καί</strong></span> <span class='ocrx_word' id='word_1_703' title='bbox 3402 4661 3585 4716; x_wconf 86' lang='grc' dir='ltr'>φησιν·</span> <span class='ocrx_word' id='word_1_704' title='bbox 3624 4645 3905 4699; x_wconf 83' lang='grc' dir='ltr'>Ἀκούσο-</span> 
     </span>
    </p>
   </div>
   <div class='ocr_carea' id='block_1_102' title="bbox 2315 4736 3904 4818">
    <p class='ocr_par' dir='ltr' id='par_1_102' title="bbox 2315 4736 3904 4818">
     <span class='ocr_line' id='line_1_103' title="bbox 2315 4736 3904 4818; baseline -0.009 -16"><span class='ocrx_word' id='word_1_705' title='bbox 2315 4765 2420 4818; x_wconf 79' lang='grc' dir='ltr'>μαι</span> <span class='ocrx_word' id='word_1_706' title='bbox 2447 4748 2502 4800; x_wconf 86' lang='grc' dir='ltr'>τι</span> <span class='ocrx_word' id='word_1_707' title='bbox 2524 4744 2783 4812; x_wconf 69' lang='grc' dir='ltr'>λαλήσει</span> <span class='ocrx_word' id='word_1_708' title='bbox 2835 4744 2905 4796; x_wconf 87' lang='grc' dir='ltr'><strong>ἐν</strong></span> <span class='ocrx_word' id='word_1_709' title='bbox 2928 4741 3055 4811; x_wconf 75' lang='grc' dir='ltr'>ἐμοὶ</span> <span class='ocrx_word' id='word_1_710' title='bbox 3101 4741 3316 4808; x_wconf 84' lang='grc' dir='ltr'>Κύριος</span> <span class='ocrx_word' id='word_1_711' title='bbox 3347 4742 3380 4793; x_wconf 84' lang='grc' dir='ltr'><em>ὀ</em></span> <span class='ocrx_word' id='word_1_712' title='bbox 3406 4738 3568 4803; x_wconf 87' lang='grc' dir='ltr'>Θεός.</span> <span class='ocrx_word' id='word_1_713' title='bbox 3606 4736 3904 4807; x_wconf 76' lang='grc' dir='ltr'>Παυσάμε-</span> 
     </span>
    </p>
   </div>
   <div class='ocr_carea' id='block_1_103' title="bbox 2320 4825 3907 4908">
    <p class='ocr_par' dir='ltr' id='par_1_103' title="bbox 2320 4825 3907 4908">
     <span class='ocr_line' id='line_1_104' title="bbox 2320 4825 3907 4908; baseline -0.007 -18"><span class='ocrx_word' id='word_1_714' title='bbox 2320 4855 2409 4900; x_wconf 88' lang='grc' dir='ltr'><strong>νος</strong></span> <span class='ocrx_word' id='word_1_715' title='bbox 2441 4839 2469 4890; x_wconf 86' lang='grc' dir='ltr'>ὁ</span> <span class='ocrx_word' id='word_1_716' title='bbox 2512 4836 2795 4908; x_wconf 85' lang='grc' dir='ltr'>προφήτης</span> <span class='ocrx_word' id='word_1_717' title='bbox 2845 4834 3073 4896; x_wconf 82' lang='grc' dir='ltr'>ἱκεσίας,</span> <span class='ocrx_word' id='word_1_718' title='bbox 3105 4833 3202 4903; x_wconf 83' lang='grc' dir='ltr'>τὴν</span> <span class='ocrx_word' id='word_1_719' title='bbox 3249 4830 3400 4902; x_wconf 82' lang='grc' dir='ltr'>παρὰ</span> <span class='ocrx_word' id='word_1_720' title='bbox 3461 4827 3555 4882; x_wconf 87' lang='grc' dir='ltr'><strong>τοῦ</strong></span> <span class='ocrx_word' id='word_1_721' title='bbox 3583 4825 3907 4897; x_wconf 88' lang='grc' dir='ltr'>Πνεύματος</span> 
     </span>
    </p>
   </div>
   <div class='ocr_carea' id='block_1_104' title="bbox 2322 4926 3179 5001">
    <p class='ocr_par' dir='ltr' id='par_1_104' title="bbox 2322 4926 3179 5001">
     <span class='ocr_line' id='line_1_105' title="bbox 2322 4926 3179 5001; baseline -0.005 -17"><span class='ocrx_word' id='word_1_722' title='bbox 2322 4931 2609 5001; x_wconf 79' lang='grc' dir='ltr'>ἀπόκρισιν</span> <span class='ocrx_word' id='word_1_723' title='bbox 2640 4929 2916 4999; x_wconf 86' lang='grc' dir='ltr'>ἐκδέχεται</span> <span class='ocrx_word' id='word_1_724' title='bbox 2941 4926 3179 4983; x_wconf 88' lang='grc' dir='ltr'>σιωπῶν.</span> 
     </span>
    </p>
   </div>
   <div class='ocr_carea' id='block_1_105' title="bbox 2395 5010 3906 5089">
    <p class='ocr_par' dir='ltr' id='par_1_105' title="bbox 2395 5010 3906 5089">
     <span class='ocr_line' id='line_1_106' title="bbox 2395 5010 3906 5089; baseline -0.007 -15"><span class='ocrx_word' id='word_1_725' title='bbox 2395 5019 2569 5088; x_wconf 69' lang='grc' dir='ltr'><strong>Πλὴν</strong></span> <span class='ocrx_word' id='word_1_726' title='bbox 2594 5019 2773 5089; x_wconf 77' lang='grc' dir='ltr'>ἐγγὺς</span> <span class='ocrx_word' id='word_1_727' title='bbox 2805 5017 2922 5072; x_wconf 88' lang='grc' dir='ltr'><strong>τῶν</strong></span> <span class='ocrx_word' id='word_1_728' title='bbox 2972 5015 3354 5087; x_wconf 75' lang='grc' dir='ltr'>φοϐουμένων</span> <span class='ocrx_word' id='word_1_729' title='bbox 3384 5014 3572 5068; x_wconf 80' lang='grc' dir='ltr'>αὐτὸν</span> <span class='ocrx_word' id='word_1_730' title='bbox 3616 5011 3684 5066; x_wconf 83' lang='grc' dir='ltr'>τὸ</span> <span class='ocrx_word' id='word_1_731' title='bbox 3715 5010 3906 5078; x_wconf 77' lang='grc' dir='ltr'>σωτή-</span> 
     </span>
    </p>
   </div>
   <div class='ocr_carea' id='block_1_106' title="bbox 2317 5104 3906 5182">
    <p class='ocr_par' dir='ltr' id='par_1_106' title="bbox 2317 5104 3906 5182">
     <span class='ocr_line' id='line_1_107' title="bbox 2317 5104 3906 5182; baseline -0.008 -14"><span class='ocrx_word' id='word_1_732' title='bbox 2317 5131 2455 5182; x_wconf 91' lang='grc' dir='ltr'>ριον</span> <span class='ocrx_word' id='word_1_733' title='bbox 2507 5112 2716 5166; x_wconf 86' lang='grc' dir='ltr'>αὑτοῦ.</span> <span class='ocrx_word' id='word_1_734' title='bbox 2760 5109 3145 5182; x_wconf 85' lang='grc' dir='ltr'>Ἐκδεχόμενος</span> <span class='ocrx_word' id='word_1_735' title='bbox 3172 5109 3200 5161; x_wconf 88' lang='grc' dir='ltr'><strong>ό</strong></span> <span class='ocrx_word' id='word_1_736' title='bbox 3231 5106 3518 5178; x_wconf 80' lang='grc' dir='ltr'>προφήτης</span> <span class='ocrx_word' id='word_1_737' title='bbox 3543 5104 3640 5176; x_wconf 83' lang='grc' dir='ltr'>τὴν</span> <span class='ocrx_word' id='word_1_738' title='bbox 3675 5105 3906 5176; x_wconf 80' lang='grc' dir='ltr'>ἀπόκρι-</span> 
     </span>
    </p>
   </div>
   <div class='ocr_carea' id='block_1_107' title="bbox 2330 5195 3905 5276">
    <p class='ocr_par' dir='ltr' id='par_1_107' title="bbox 2330 5195 3905 5276">
     <span class='ocr_line' id='line_1_108' title="bbox 2330 5195 3905 5276; baseline -0.007 -18"><span class='ocrx_word' id='word_1_739' title='bbox 2330 5223 2433 5271; x_wconf 89' lang='grc' dir='ltr'>σιν,</span> <span class='ocrx_word' id='word_1_740' title='bbox 2468 5207 2533 5276; x_wconf 82' lang='grc' dir='ltr'><strong>ἣν</strong></span> <span class='ocrx_word' id='word_1_741' title='bbox 2559 5203 2863 5274; x_wconf 83' lang='grc' dir='ltr'>ἀκούσομαι</span> <span class='ocrx_word' id='word_1_742' title='bbox 2890 5202 3016 5273; x_wconf 81' lang='grc' dir='ltr'>περὶ</span> <span class='ocrx_word' id='word_1_743' title='bbox 3063 5198 3157 5252; x_wconf 89' lang='grc' dir='ltr'><strong>τοῦ</strong></span> <span class='ocrx_word' id='word_1_744' title='bbox 3207 5197 3398 5267; x_wconf 85' lang='grc' dir='ltr'>γένους</span> <span class='ocrx_word' id='word_1_745' title='bbox 3452 5214 3554 5267; x_wconf 87' lang='grc' dir='ltr'><strong>μου</strong></span> <span class='ocrx_word' id='word_1_746' title='bbox 3603 5195 3757 5266; x_wconf 68' lang='grc' dir='ltr'>παρὰ</span> <span class='ocrx_word' id='word_1_747' title='bbox 3813 5195 3905 5248; x_wconf 85' lang='grc' dir='ltr'><strong>τοῦ</strong></span> 
     </span>
    </p>
   </div>
   <div class='ocr_carea' id='block_1_108' title="bbox 2328 5285 3907 5362">
    <p class='ocr_par' dir='ltr' id='par_1_108' title="bbox 2328 5285 3907 5362">
     <span class='ocr_line' id='line_1_109' title="bbox 2328 5285 3907 5362; baseline -0.007 -12"><span class='ocrx_word' id='word_1_748' title='bbox 2328 5295 2486 5362; x_wconf 86' lang='grc' dir='ltr'>Θεοῦ,</span> <span class='ocrx_word' id='word_1_749' title='bbox 2529 5297 2704 5349; x_wconf 86' lang='grc' dir='ltr'>ἐκεῖνο</span> <span class='ocrx_word' id='word_1_750' title='bbox 2747 5293 2908 5362; x_wconf 81' lang='grc' dir='ltr'>ἔγνω,</span> <span class='ocrx_word' id='word_1_751' title='bbox 2954 5292 3030 5355; x_wconf 83' lang='grc' dir='ltr'>ὡς</span> <span class='ocrx_word' id='word_1_752' title='bbox 3073 5292 3237 5344; x_wconf 82' lang='grc' dir='ltr'>πᾶσιν</span> <span class='ocrx_word' id='word_1_753' title='bbox 3280 5288 3500 5358; x_wconf 70' lang='grc' dir='ltr'>ἕτοιμος</span> <span class='ocrx_word' id='word_1_754' title='bbox 3531 5287 3615 5357; x_wconf 72' lang='grc' dir='ltr'>εἴη</span> <span class='ocrx_word' id='word_1_755' title='bbox 3655 5285 3907 5354; x_wconf 81' lang='grc' dir='ltr'>γενέσθαι</span> 
     </span>
    </p>
   </div>
   <div class='ocr_carea' id='block_1_109' title="bbox 2331 5377 3907 5458">
    <p class='ocr_par' dir='ltr' id='par_1_109' title="bbox 2331 5377 3907 5458">
     <span class='ocr_line' id='line_1_110' title="bbox 2331 5377 3907 5458; baseline -0.01 -14"><span class='ocrx_word' id='word_1_756' title='bbox 2331 5392 2516 5458; x_wconf 81' lang='grc' dir='ltr'>ἐγγὺς,</span> <span class='ocrx_word' id='word_1_757' title='bbox 2547 5388 2600 5442; x_wconf 73' lang='grc' dir='ltr'>εἴ</span> <span class='ocrx_word' id='word_1_758' title='bbox 2649 5406 2711 5457; x_wconf 90' lang='grc' dir='ltr'><strong>γε</strong></span> <span class='ocrx_word' id='word_1_759' title='bbox 2740 5388 2832 5442; x_wconf 81' lang='grc' dir='ltr'>τὸν</span> <span class='ocrx_word' id='word_1_760' title='bbox 2869 5385 3036 5440; x_wconf 82' lang='grc' dir='ltr'>αὐτοῦ</span> <span class='ocrx_word' id='word_1_761' title='bbox 3090 5383 3253 5454; x_wconf 73' lang='grc' dir='ltr'>φόϐον</span> <span class='ocrx_word' id='word_1_762' title='bbox 3306 5380 3653 5445; x_wconf 78' lang='grc' dir='ltr'>ἁσπάζοιντο’</span> <span class='ocrx_word' id='word_1_763' title='bbox 3694 5377 3907 5449; x_wconf 72' lang='grc' dir='ltr'>συμϐή-</span> 
     </span>
    </p>
   </div>
   <div class='ocr_carea' id='block_1_110' title="bbox 2335 5467 3906 5547">
    <p class='ocr_par' dir='ltr' id='par_1_110' title="bbox 2335 5467 3906 5547">
     <span class='ocr_line' id='line_1_111' title="bbox 2335 5467 3906 5547; baseline -0.007 -15"><span class='ocrx_word' id='word_1_764' title='bbox 2335 5497 2483 5532; x_wconf 87' lang='grc' dir='ltr'>σεται</span> <span class='ocrx_word' id='word_1_765' title='bbox 2528 5480 2584 5532; x_wconf 85' lang='grc' dir='ltr'>δὲ</span> <span class='ocrx_word' id='word_1_766' title='bbox 2613 5482 2724 5542; x_wconf 85' lang='grc' dir='ltr'>τοῖς</span> <span class='ocrx_word' id='word_1_767' title='bbox 2756 5476 3152 5547; x_wconf 77' lang='grc' dir='ltr'>ἀσπαζομένοις</span> <span class='ocrx_word' id='word_1_768' title='bbox 3178 5473 3238 5527; x_wconf 76' lang='grc' dir='ltr'><strong>τὸ</strong></span> <span class='ocrx_word' id='word_1_769' title='bbox 3283 5475 3341 5527; x_wconf 86' lang='grc' dir='ltr'><strong>ἐν</strong></span> <span class='ocrx_word' id='word_1_770' title='bbox 3390 5472 3516 5545; x_wconf 79' lang='grc' dir='ltr'>δόξῃ</span> <span class='ocrx_word' id='word_1_771' title='bbox 3543 5467 3906 5540; x_wconf 79' lang='grc' dir='ltr'>κακασκηνῶ-</span> 
     </span>
    </p>
   </div>
   <div class='ocr_carea' id='block_1_111' title="bbox 666 5555 2217 5640">
    <p class='ocr_par' dir='ltr' id='par_1_111' title="bbox 666 5555 2217 5631">
     <span class='ocr_line' id='line_1_112' title="bbox 666 5555 2217 5631; baseline -0.008 -12"><span class='ocrx_word' id='word_1_772' title='bbox 666 5564 918 5619; x_wconf 83' lang='lat' dir='ltr'><strong>inhabitet</strong></span> <span class='ocrx_word' id='word_1_773' title='bbox 954 5562 1122 5631; x_wconf 90' lang='lat' dir='ltr'><strong>gloria</strong></span> <span class='ocrx_word' id='word_1_774' title='bbox 1161 5561 1216 5613; x_wconf 91' lang='lat' dir='ltr'><strong>in</strong></span> <span class='ocrx_word' id='word_1_775' title='bbox 1258 5571 1396 5613; x_wconf 90' lang='lat' dir='ltr'><strong>terra</strong></span> <span class='ocrx_word' id='word_1_776' title='bbox 1429 5569 1632 5612; x_wconf 88' lang='lat' dir='ltr'><strong>nostra.</strong></span> <span class='ocrx_word' id='word_1_777' title='bbox 1665 5555 1760 5612; x_wconf 88' lang='lat' dir='ltr'><strong>His</strong></span> <span class='ocrx_word' id='word_1_778' title='bbox 1790 5555 2057 5627; x_wconf 77' lang='lat' dir='ltr'><strong>signiﬁcat</strong></span> <span class='ocrx_word' id='word_1_779' title='bbox 2089 5568 2217 5609; x_wconf 68' lang='lat' dir='ltr'><strong>(nco</strong></span> 
     </span>
    </p>
   </div>
   <div class='ocr_carea' id='block_1_112' title="bbox 2295 5555 3906 5640">
    <p class='ocr_par' dir='ltr' id='par_1_112' title="bbox 2337 5561 3906 5640">
     <span class='ocr_line' id='line_1_113' title="bbox 2337 5561 3906 5640; baseline -0.006 -15"><span class='ocrx_word' id='word_1_780' title='bbox 2337 5591 2445 5626; x_wconf 89' lang='grc' dir='ltr'>σαι.</span> <span class='ocrx_word' id='word_1_781' title='bbox 2483 5571 2590 5626; x_wconf 85' lang='grc' dir='ltr'>Τοῦ</span> <span class='ocrx_word' id='word_1_782' title='bbox 2640 5570 3100 5640; x_wconf 70' lang='grc' dir='ltr'>κατασκηνῶοναι</span> <span class='ocrx_word' id='word_1_783' title='bbox 3147 5567 3335 5634; x_wconf 79' lang='grc' dir='ltr'>δόξαν</span> <span class='ocrx_word' id='word_1_784' title='bbox 3365 5567 3434 5620; x_wconf 81' lang='grc' dir='ltr'><strong>ἐν</strong></span> <span class='ocrx_word' id='word_1_785' title='bbox 3481 5563 3556 5633; x_wconf 78' lang='grc' dir='ltr'>τῇ</span> <span class='ocrx_word' id='word_1_786' title='bbox 3591 5561 3669 5634; x_wconf 69' lang='grc' dir='ltr'><strong>τῇ</strong></span> <span class='ocrx_word' id='word_1_787' title='bbox 3718 5561 3906 5632; x_wconf 74' lang='grc' dir='ltr'>ἡμῶν.</span> 
     </span>
    </p>
   </div>
   <div class='ocr_carea' id='block_1_113' title="bbox 741 5729 2196 5802">
    <p class='ocr_par' dir='ltr' id='par_1_113' title="bbox 741 5729 2196 5802">
     <span class='ocr_line' id='line_1_114' title="bbox 741 5729 2196 5802; baseline -0.006 -11"><span class='ocrx_word' id='word_1_788' title='bbox 741 5739 784 5770; x_wconf 83' lang='grc' dir='ltr'><strong>¹ο</strong></span> <span class='ocrx_word' id='word_1_789' title='bbox 825 5741 922 5794; x_wconf 89' lang='lat' dir='ltr'><strong>lsa.</strong></span> <span class='ocrx_word' id='word_1_790' title='bbox 957 5753 1068 5802; x_wconf 76' lang='lat' dir='ltr'><strong>ut,</strong></span> <span class='ocrx_word' id='word_1_791' title='bbox 1098 5737 1147 5790; x_wconf 85' lang='lat' dir='ltr'><strong>l.</strong></span> <span class='ocrx_word' id='word_1_792' title='bbox 1227 5738 1265 5767; x_wconf 84' lang='grc'><strong>¹¹</strong></span> <span class='ocrx_word' id='word_1_793' title='bbox 1306 5735 1440 5791; x_wconf 88' lang='lat' dir='ltr'><strong>Luc.</strong></span> <span class='ocrx_word' id='word_1_794' title='bbox 1474 5753 1546 5802; x_wconf 81' lang='lat' dir='ltr'><strong>iv,</strong></span> <span class='ocrx_word' id='word_1_795' title='bbox 1574 5737 1661 5792; x_wconf 73' lang='lat' dir='ltr'><strong>2i.</strong></span> <span class='ocrx_word' id='word_1_796' title='bbox 1745 5737 1784 5769; x_wconf 86' lang='grc'>¹¹</span> <span class='ocrx_word' id='word_1_797' title='bbox 1829 5732 1993 5788; x_wconf 88' lang='lat' dir='ltr'><strong>Zach.</strong></span> <span class='ocrx_word' id='word_1_798' title='bbox 2030 5729 2196 5798; x_wconf 69' lang='lat'><strong>11,11.</strong></span> 
     </span>
    </p>
   </div>
   <div class='ocr_carea' id='block_1_114' title="bbox 741 5851 1392 5928">
    <p class='ocr_par' dir='ltr' id='par_1_114' title="bbox 741 5851 1392 5928">
     <span class='ocr_line' id='line_1_115' title="bbox 741 5851 1392 5928; baseline -0.006 -20"><span class='ocrx_word' id='word_1_799' title='bbox 741 5851 854 5928; x_wconf 72' lang='lat'><strong>(57)</strong></span> <span class='ocrx_word' id='word_1_800' title='bbox 894 5852 1018 5909; x_wconf 68' lang='lat' dir='ltr'><strong>llaec</strong></span> <span class='ocrx_word' id='word_1_801' title='bbox 1049 5851 1215 5908; x_wconf 86' lang='lat' dir='ltr'><strong>dubia</strong></span> <span class='ocrx_word' id='word_1_802' title='bbox 1245 5861 1392 5912; x_wconf 81' lang='lat' dir='ltr'><strong>sunt.</strong></span> 
     </span>
    </p>
   </div>
  </div>
