4070 6448
250 361 357 416 373

1270 358 1636 418 EXPOSlTlO
1673 359 1738 414 IN
1787 359 2117 418 PSALMUM
2158 361 2419 418 LXXXV.

3389 357 3492 411 374

250 472 365 543 Τὴν
403 471 541 542 μετά
592 472 789 545 σαρκὸς
840 473 1148 545 οἰκονομιαν
1195 474 1289 528 τοῦ
1351 473 1688 544 Μονογενοῦς
1735 473 1816 527 διὰ

1926 479 2164 530 nomiam
2206 474 2474 546 Unigeniti
2530 490 2652 530 cum
2695 488 2879 529 carne.
2912 473 3072 528 Facta
3110 473 3306 543 quippe
3338 475 3492 532 nobis

248 562 457 617 τούτοιν
489 564 760 634 σημαίνει.
810 562 999 633 [έγονε
1031 564 1139 636 γὰρ
1187 567 1320 635 ⁴ἡμῖν
1355 564 1506 636 παρὰ
1549 563 1643 618 τοῦ
1688 562 1824 617 Θεοῦ

250 657 347 711 καὶ
398 657 611 732 Πατρὸς
654 657 968 728 δικαιοσύνη
1037 659 1132 710 καὶ
1163 660 1354 731 είρήνη
1413 658 1505 711 καὶ
1563 657 1709 721 ἔλεος
1733 656 1825 710 καὶ

248 748 499 820 ἀλήθεια.
554 749 808 821 Ἐλεήσας
842 751 898 804 δὲ
943 753 1091 822 ἡμᾶς
1148 751 1354 815 ἐδίδαξε
1401 751 1499 822 τὴν
1543 749 1821 821 ἀλήθειαν·

245 842 344 894 καὶ
375 839 483 913 μὴν
507 842 600 896 καὶ
626 841 866 905 δικαίους
920 842 1218 914 ἀπέφηνεν,
1262 842 1725 910 εἰρηνοποιήσας
1754 841 1826 895 τὰ

242 929 448 985 πάντα
474 931 545 985 ἐν
569 930 730 998 αὐτῷ
774 931 849 986 τά
871 950 936 987 τε
963 934 1033 988 ἐν
1081 930 1161 999 τῷ
1194 931 1426 1002 οὐρανῷ
1467 932 1563 987 καί
1599 933 1670 988 τὰ
1724 931 1823 986 ἐπὶ

243 1018 358 1089 τῆς
389 1017 521 1088 τῆς-

321 1113 536 1177 ”Ε.1.εος
590 1110 688 1165 καὶ
717 1112 969 1179 ἀλήθεια
1023 1111 1439 1179 συνήντησαν.
1496 1113 1690 1183 Σαφῶς
1722 1113 1824 1184 τὴν

241 1202 333 1255 διὰ
360 1203 457 1274 τῆς
482 1202 743 1257 Θεοτόκου
773 1204 865 1257 καὶ
906 1201 1286 1274 Ἀειπαρθένου
1340 1203 1695 1257 ἀνατείλασαν
1744 1204 1824 1275 τῷ

240 1294 438 1366 κόσμῳ
465 1295 725 1367 κηρύττει
771 1296 1049 1368 ἀλήθειαν.
1080 1296 1251 1360 Αὐτὸς
1292 1296 1401 1367 γάρ
1447 1299 1594 1350 ἐστιν
1623 1298 1655 1367 ἡ
1686 1296 1821 1367 ἀλή-

240 1386 386 1452 θεια,
429 1390 476 1441 εί
514 1389 608 1443 κα)⁸
670 1389 957 1460 γεγένηται
1017 1389 1082 1442 ἐκ
1137 1390 1417 1457 γυναικός.
1461 1390 1820 1456 Δικαιοσύνη

240 1479 353 1552 γὰρ
374 1480 473 1533 καί
505 1480 754 1549 ἀλήθεια
817 1482 1231 1551 κατεφίλησαν
1287 1479 1475 1549 σαφῶς
1503 1481 1593 1533 διὰ.
1625 1480 1723 1551 τὴν
1756 1481 1820 1533 ὲκ

238 1572 343 1642 τῆς
384 1572 763 1645 Ἀειπαρθένου
795 1574 1056 1627 Θεοτόκου
1100 1571 1455 1628 ἀνατείλασαν
1505 1573 1582 1643 τῷ
1632 1574 1821 1645 κόσμῳ

239 1662 520 1735 ἀλήθειαν.

308 1756 421 1810 Καὶ
477 1755 830 1825 δικαιοσύνη
886 1756 955 1811 ἐκ
1036 1757 1144 1812 τοῦ
1204 1754 1467 1825 οὐρανοῦ
1509 1753 1816 1823 διέκυψεν.

1927 577 2009 621 εει
2033 582 2062 619 a
2099 564 2209 620 Deo
2244 576 2297 620 et
2325 565 2482 621 Patre
2500 565 2711 635 justitia
2740 572 2793 618 et
2816 579 2922 633 pax
2950 573 3003 617 et
3036 563 3407 619 misericordia
3441 576 3495 620 et

1928 657 2147 711 veritas.
2175 654 2398 724 Nosque
2426 656 2712 710 miseratus
2737 655 2921 709 docuit
2953 654 3270 723 veritatem;
3300 656 3409 710 imo
3443 668 3495 711 et

1921 749 2098 817 justos
2122 746 2353 801 reddidit
2384 761 2505 812 nos,
2531 746 2814 816 paciﬁcum
2852 746 3031 799 omnia
3070 745 3123 797 in
3171 746 3337 816 seipso
3374 762 3492 819 quc

1924 841 1979 893 in
2019 840 2146 894 coelo
2174 849 2224 894 et
2245 855 2363 909 qua:
2394 840 2449 893 in
2484 848 2621 893 terra
2642 838 2695 896 ".

2002 1102 2090 1158 ll.
2132 1101 2497 1156 Misericordia
2531 1112 2577 1156 et
2625 1098 2817 1155 veritas
2856 1101 3185 1155 obviaverunt
3234 1102 3356 1154 sibi.
3384 1099 3492 1157 Ve-

1924 1195 2138 1249 ritatem
2200 1210 2321 1265 quae
2375 1211 2471 1262 per
2527 1194 2810 1264 Deiparam
2872 1202 2925 1247 et
2970 1209 3181 1263 semper
3222 1193 3492 1262 Virginem

1924 1287 2128 1341 mundo
2158 1294 2348 1341 exorta
2378 1295 2461 1343 est
2489 1296 2673 1356 aperte
2698 1285 2973 1355 praedicat.
3000 1283 3119 1355 Ipse
3151 1299 3384 1355 namque
3411 1292 3496 1339 est

1923 1379 2143 1444 veritas,
2173 1379 2387 1433 etiamsi
2417 1393 2479 1433 ex
2510 1378 2737 1433 muliere
2770 1385 2933 1432 natus
2971 1377 3060 1431 sit.
3087 1373 3309 1429 Iustitia
3348 1375 3492 1430 enim

1921 1482 1969 1526 et
2004 1488 2110 1540 pax
2138 1486 2263 1527 vere
2310 1471 2563 1526 osculata:
2605 1479 2751 1539 sunt,
2785 1485 2881 1541 per
2901 1470 3180 1524 veritatem
3234 1469 3382 1522 illam
3428 1484 3493 1523 ex

1923 1579 2136 1634 semper
2170 1562 2387 1633 Virgine
2412 1561 2640 1633 Deipara
2672 1562 2873 1617 mundo
2904 1562 3187 1616 orientem.

1994 1746 2082 1801 12.
2126 1744 2192 1799 Et
2238 1746 2455 1815 justitia
2500 1746 2567 1799 de
2621 1744 2749 1798 creto
2787 1744 3072 1813 prospexit.
3110 1741 3299 1797 Simile
3328 1751 3413 1798 est
3442 1742 3492 1796 id

240 1845 466 1917 Ὅμοιον
489 1847 553 1901 τὸ
585 1819 873 1919 εἰρημένον
935 1848 1073 1920 πρὸς
1108 1848 1208 1920 τὴν
1245 1819 1544 1919 Ιίαρθὲνονθ
1582 1819 1816 1916 Πνεῦμα

1922 1838 2065 1908 quod
2098 1838 2163 1892 ad
2191 1836 2468 1910 Virginem
2497 1837 2701 1892 dictum
2730 1836 2831 1889 fuit
2858 1854 2871 1890 :
2897 1834 3127 1907 Spiritus
3157 1844 3371 1888 sanctus
3397 1850 3489 1889 sn-

236 1936 413 2005 ἇτιον
457 1938 847 1992 ἐπελεύσεται
872 1938 970 1992 ἐπὶ
1004 1937 1099 2003 σὲ,
1126 1938 1221 1991 καὶ
1251 1939 1318 1991 τὰ
1363 1938 1510 2007 ἑξῆς.

314 2024 423 2080 Καὶ
463 2026 573 2095 γὰρ
613 2028 646 2080 ό
696 2027 911 2095 Κύριος
948 2026 1126 2081 δώσει
1178 2026 1573 2096 χρηστότητα.
1628 2026 1817 2089 Ὅταν,

236 2116 396 2185 φησὶ,
432 2116 555 2169 καθ’
600 2117 903 2189 ὑπερϐολὴν
961 2118 1327 2190 χρηστότητος
1375 2116 1657 2187 ἐπιλάμψῃ
1705 2120 1819 2180 τοῖς

235 2206 333 2261 ἰπὶ
364 2207 462 2278 τῆς
486 2208 589 2279 γῆς
620 2209 650 2260 ό
682 2208 905 2279 Κύριος,
936 2210 1057 2263 τότε
1102 2210 1196 2265 καὶ
1222 2212 1405 2281 ἡμεῖς,
1436 2210 1600 2282 νοητὴ
1640 2210 1818 2282 ὑπάρ-

236 2314 425 2366 χοντες
451 2297 544 2368 γῆ,
584 2299 712 2363 τοὺς
738 2302 1138 2371 πνευματικοὺς
1192 2302 1437 2372 καρποὺς
1466 2299 1815 2374 ἀποδώσομεν

232 2388 335 2459 τῆς
366 2388 727 2461 δικαιοσύνης.

309 2483 662 2550 Δικαιοσύνη
731 2482 989 2537 ἐνώπιον
1057 2484 1245 2539 αὑτοῦ
1321 2488 1814 2555 προπορεύσεται.

231 2571 441 2636 Εἰπὼν,
471 2572 788 2644 ὠςδώσειὴ
819 2573 985 2644 νοητὴ
1029 2573 1103 2644 γῆ
1158 2574 1250 2627 τὸν
1294 2576 1526 2646 καρπὸν,
1575 2575 1816 2631 διδάσκει

230 2666 353 2730 πιῖις
375 2665 555 2720 δώσει.
583 2667 708 2729 Πῶς
735 2666 791 2719 δὲ
830 2665 1012 2730 δώσει,
1065 2667 1097 2737 ἢ
1129 2668 1255 2720 ὅταν
1299 2668 1463 2721 αὑτοῦ
1501 2668 1596 2723 τοῦ
1648 2672 1815 2742 ὲργα-

229 2755 465 2827 ζομένου
514 2756 573 2809 τὸ
619 2755 822 2824 ἀγαθὸν
851 2756 884 2825 ή
913 2756 1247 2825 δικαιοσύνη,
1305 2758 1681 2829 προδαδίσασα
1735 2762 1816 2823 εἰς

229 2850 332 2919 τὴν
354 2848 466 2904 ἄνω
492 2848 728 2917 ἄγουσαν
749 2847 885 2913 ὁδὸν,
904 2848 1203 2924 κατευθύνῃ
1228 2850 1322 2904 τοῦ
1345 2851 1512 2923 αὐτὴν
1529 2853 1816 2925 πορευομέ-

228 2958 327 2997 νου
357 2939 427 2995 τὰ
448 2940 604 3012 διαὸή
614 2957 787 3012 una;

410 3032 724 3102 Προσευχὴ
773 3032 852 3099 τῷ
904 3033 1103 3087 Δαυΐδ.
1145 3034 1451 3087 ΨΑΛΜΟΣ
1500 3037 1637 3091 HE'.

856 3128 1191 3191 'deﬂsatc.

1919 1931 2175 1999 perveniet
2211 1931 2265 1983 in
2295 1931 2418 1997 te“,
2453 1940 2558 1985 etc.

1998 2026 2084 2080 15.
2127 2023 2332 2078 Etenim
2359 2023 2615 2077 Dominus
2641 2022 2787 2075 dabit
2811 2020 3204 2091 benignitatem.
3228 2017 3386 2079 Cum,
3409 2017 3493 2070 in-

1919 2119 2057 2189 quit,
2107 2118 2177 2172 ob
2225 2132 2494 2173 summam
2528 2114 2940 2185 benignitatem,
2971 2128 3067 2168 eos
3098 2111 3192 2182 qui
3242 2110 3295 2163 in
3346 2119 3491 2164 terra

1919 2219 2046 2265 sunt
2084 2209 2475 2264 illuminaverit
2522 2206 2784 2262 Dominus
2810 2247 2825 2273 ,
2859 2215 2990 2261 tunc
3022 2212 3075 2261 et
3098 2220 3198 2258 nos
3222 2203 3316 2273 qui
3348 2211 3493 2256 terra

1918 2317 2112 2359 sumus
2140 2300 2463 2373 spiritualis,
2491 2300 2804 2370 spirituales
2838 2297 3068 2368 iustitiae
3092 2295 3306 2351 fructus
3333 2295 3491 2350 dabi-

1977 2412 2063 2450 US.

1977 2412 2009 2449 u
2048 2436 2063 2450 .

1918 2411 2076 2543 mli.
2111 2486 2337 2541 Iustitia
2386 2494 2507 2540 ante
2569 2501 2687 2539 eum
2738 2482 3051 2538 ambulabit.
3096 2481 3232 2536 Cum
3266 2479 3492 2533 dixisset

1916 2579 2252 2651 spiritualem
2310 2588 2508 2633 terram
2563 2578 2814 2633 daturam
2866 2591 2987 2631 esse
3016 2574 3253 2629 fructum
3306 2585 3489 2648 suum,

1911 2674 2022 2743 jam
2059 2669 2217 2724 docet
2262 2684 2373 2741 quo
2424 2677 2583 2739 pacto
2633 2668 2829 2723 datura
2866 2668 2957 2723 sit.
2996 2665 3281 2733 Quomodo
3318 2665 3487 2723 dabit.

1916 2766 2019 2820 nisi
2075 2780 2197 2819 cum
2252 2762 2465 2833 justitia
2513 2760 2936 2832 pratambulans,
2967 2776 3189 2832 gressus
3240 2760 3361 2830 ejus
3396 2760 3492 2830 qui

1916 2866 2175 2927 operatur
2215 2856 2416 2911 bonum
2445 2863 2500 2909 et
2532 2854 2735 2909 incedit
2765 2853 2819 2907 in
2847 2853 2929 2907 via
2960 2867 3082 2923 qua:
3118 2867 3337 2907 sursum
3373 2860 3492 2905 ten-

1916 2951 2014 3018 dit,
2050 2951 2103 3003 in
2134 2950 2251 3019 ipsa
2282 2948 2370 3003 via
2403 2946 2702 3001 direxerit?

2079 3042 2265 3099 Oratio
2293 3042 2395 3111 ipsi
2433 3040 2626 3094 David.
2666 3035 3010 3093 PSALMUS
3047 3033 3328 3089 LXXXV.

2502 3135 2905 3202 Argumentum.

227 3214 525 3279 Φωτισθεὶς
558 3214 645 3269 διὰ
666 3216 761 3269 τοῦ
802 3217 1116 3285 Πνεύματος
1237 3217 1364 3286 περὶ
1392 3216 1492 3286 τῆς
1514 3218 1816 3289 παρουσίας

1917 3224 2053 3278 Cum
2088 3238 2182 3293 per
2216 3222 2478 3293 Spiritum
2515 3188 2854 3276 illuminatus
2878 3228 3064 3275 nosset
3101 3219 3295 3272 beatus
3322 3214 3491 3271 David

303 3306 397 3363 τοῦ
446 3307 784 3377 Μονογενοῦς
829 3310 857 3361 ὁ
885 3307 1151 3379 μακάριος
1191 3308 1373 3372 Δαυῒδ,
1431 3310 1525 3364 καὶ
1574 3309 1672 3381 τὴν
1700 3311 1817 3363 έσο-

302 3398 471 3469 μένην
526 3401 689 3453 παντὶ
750 3399 828 3470 τῷ
882 3399 1277 3469 καταφεύγοντι
1329 3400 1467 3472 πρὸς
1522 3402 1682 3455 αὑτὸν
1711 3401 1817 3455 τῶν

299 3490 711 3560 ἁμαρτημάτων
749 3491 964 3559 ἄφεσιν,
1021 3493 1244 3557 εἰκότως
1291 3493 1606 3564 ἀναπέμπει
1651 3512 1818 3566 προσ-

300 3582 493 3653 ευχὴν,
548 3582 643 3635 ἕνα
686 3583 781 3635 καὶ
824 3581 987 3635 αὑτὸν
1026 3583 1193 3647 ἀξιῶν
1238 3584 1527 3655 εὑρεθῆναι
1570 3586 1680 3639 τῶν
1715 3603 1818 3639 σω-

303 3674 547 3747 ζομένων
575 3675 664 3729 διὰ
694 3675 793 3746 τῆς
830 3675 1073 3747 χάριτος.

303 3767 551 3829 [mir-or,
600 3768 797 3836 Κύριε,
843 3768 911 3821 τὸ
963 3762 1074 3833 οὖς
1137 3784 1253 3822 σου
1316 3767 1416 3822 καί
1469 3768 1817 3824 ἐπάκουσον

222 3876 370 3931 μου.
405 3859 567 3927 Μέγα
608 3861 718 3929 γὰρ
749 3862 824 3922 ὼς
852 3859 1067 3929 άληθῶς
1101 3860 1310 3928 ἑφόδιον
1334 3859 1470 3931 πρὸς
1497 3861 1557 3914 τὸ
1591 3861 1817 3933 εὐχόμε-

231 3967 326 4004 νον
359 3949 726 4004 ὲπακούεσθαι
772 3951 807 4021 ἡ
860 3950 1349 4023 ταπεινοφροσύνη.
1397 3952 1524 4005 Ὅτι
1583 3953 1817 4022 ,πτωχὸς

229 4043 335 4097 καὶ
360 4042 550 4112 πένης
584 4042 701 4112 εἰμὶ
729 4040 862 4112 ἐγώ.
894 4043 1479 4115 Ταπεινοφρονήματος
1510 4043 1609 4114 τῆς
1645 4062 1816 4115 προσ-

228 4134 401 4205 ευχῆς
453 4135 515 4188 τὸ
576 4136 879 4207 προοίμιον.
940 4135 1052 4206 Τῆς
1097 4136 1207 4206 γὰρ
1270 4136 1613 4207 δικαιοσύνης
1652 4138 1815 4208 ἄμφω

228 4226 564 4297 κεκτημένοι
592 4226 683 4280 τὸν
714 4224 963 4291 πλοῦτον,
1004 4228 1111 4280 ὅτε
1162 4226 1326 4280 Δαυῒδ
1367 4228 1461 4282 καὶ
1494 4230 1522 4282 ὁ
1569 4228 1815 4293 Ἐζεκίας

229 4315 372 4386 πρὸς
398 4315 586 4370 τοῦτον
622 4316 722 4387 μὲν
748 4318 849 4388 οὐχ
871 4315 1080 4388 ἐώρων,
1131 4320 1210 4382 είς
1254 4318 1311 4371 δὲ
1342 4320 1439 4390 τὴν
1465 4320 1563 4391 τῆς
1601 4318 1813 4389 φύσεως

232 4406 427 4462 πενίαν
450 4407 778 4473 ἀπέϐλεπον,
797 4409 1002 4462 καὶτὸν
1018 4408 1149 4462 Θεὸν
1179 4410 1534 4483 ὴντιὸόλησαν
1554 4412 1815 4482 οἰκτεῖραι

1988 3332 2109 3385 qua:
2152 3316 2443 3371 adventum
2475 3312 2748 3384 Unigeniti
2782 3313 3119 3383 spectabant,
3152 3321 3311 3381 atque
3342 3309 3491 3365 futu-

1988 3423 2105 3462 ram
2154 3406 2410 3461 omnibus
2460 3403 2553 3475 qui
2606 3404 2672 3459 ad
2705 3419 2829 3459 eum
2864 3402 3220 3472 confugerent
3251 3412 3495 3469 peccato-

1991 3514 2111 3551 rum
2150 3497 2554 3562 remissionem,
2579 3498 2702 3566 jure
2732 3495 3034 3550 orationem
3085 3494 3261 3559 oﬂ'ert,
3291 3506 3492 3564 regans

1987 3599 2046 3643 ut
2084 3589 2199 3659 ipse
2228 3603 2372 3643 unus
2407 3603 2528 3644 esse
2554 3588 2992 3657 deprehendatur
3037 3602 3227 3643 eorum
3272 3588 3364 3657 qui
3398 3601 3494 3656 per

1987 3682 2218 3752 gratiam
2252 3681 2483 3735 salutem
2516 3689 2943 3749 consequuntur.

1988 3774 2038 3827 1.
2087 3772 2313 3837 Inclina,
2360 3772 2605 3838 Domine,
2648 3788 2829 3826 aurem
2868 3780 3034 3836 tuam,
3063 3780 3112 3823 et
3157 3767 3351 3823 exaudi
3390 3784 3488 3822 me.

1916 3864 2232 3937 Opportuna
2258 3880 2391 3920 sane
2421 3866 2504 3919 via
2536 3874 2595 3919 ut
2629 3864 2756 3934 quis
2784 3863 3130 3927 exaudiatur,
3159 3870 3243 3918 est
3271 3860 3493 3916 humili-

1917 3968 2018 4016 tas.
2048 3957 2315 4022 Quoniam
2351 3957 2499 4023 inops
2528 3962 2579 4008 et
2614 3969 2813 4023 pauper
2851 3970 2967 4006 sum
2992 3968 3105 4022 ego.
3162 3951 3275 4021 (58)
3305 3949 3494 4004 Humi-

1916 4052 2085 4106 litatis
2118 4059 2201 4105 est
2226 4049 2552 4120 prommium
2582 4048 2637 4101 in
2665 4042 2925 4101 oratione.
2958 4042 3093 4097 Nam
3123 4042 3349 4113 iustitia:
3375 4058 3494 4097 am-

1914 4144 1985 4199 bo
2035 4142 2254 4197 divitias
2299 4141 2642 4213 possidentes
2698 4138 2864 4194 David
2908 4148 3069 4208 atque
3108 4135 3391 4201 Ezechias,
3423 4137 3493 4191 ad

1915 4252 2009 4292 eas
2055 4252 2166 4291 non
2207 4235 2593 4305 respiciebant,
2635 4234 2731 4289 sed
2779 4242 2986 4288 natura
3013 4231 3252 4301 inopiam
3280 4240 3492 4301 specta-

1916 4329 2065 4393 bant,
2102 4338 2155 4384 et
2190 4326 2301 4382 Deo
2328 4327 2707 4397 supplicabant
2737 4334 2797 4379 ut
2828 4341 2947 4380 eam
2996 4332 3314 4395 paupertate
3358 4324 3492 4379 aﬂ‘e—

1915 4432 2060 4477 etam
2104 4420 2480 4476 miseraretur.
2524 4418 2657 4473 Illud
2693 4426 2872 4471 autem
2912 4413 3191 4485 :Inclina,
3241 4415 3487 4481 Domine,

228 4498 437 4571 ταύτην
486 4500 726 4572 πτωχείᾳ
779 4501 1231 4572 συνεζευγμένην.
1298 4504 1371 4556 Τὸ
1434 4504 1492 4557 δὲ
1516 4545 1532 4569 ,
1568 4504 1809 4570 Κλῖνον,

1917 4532 2098 4568 aurem
2138 4525 2306 4579 tuam,
2335 4530 2403 4569 ex
2439 4511 2755 4582 metaphora
2789 4512 3023 4580 positum
3072 4517 3177 4575 est,
3225 4510 3383 4580 quasi
3422 4527 3489 4565 ex

228 4592 429 4660 Κύριε,
462 4593 530 4644 τὸ
556 4586 664 4657 οὖς
692 4605 830 4654 σου,
887 4592 953 4644 ὲκ
996 4594 1306 4665 μεταφορᾶς
1352 4594 1595 4649 τέθεικεν
1627 4594 1810 4666 ἀρρώ-

1917 4604 2228 4661 inllrmitate
2274 4621 2381 4660 non
2435 4604 2609 4674 possit
2650 4602 2816 4658 altius
2849 4602 3106 4669 clamare,
3136 4611 3191 4659 et
3216 4602 3490 4659 medicum

229 4701 362 4738 στου
391 4684 537 4747 τινὸς
570 4683 675 4736 ὑπὸ
699 4682 981 4748 ἀσθενείας
1009 4686 1378 4757 γεγωνότερον
1407 4688 1469 4739 οὐ
1510 4686 1808 4757 δυναμένου

227 4775 434 4840 λαλεῖν,
467 4776 561 4828 καὶ
607 4774 698 4827 τὸν
727 4775 911 4848 ίατρὸν
945 4775 1289 4847 προσκλίνειν
1348 4776 1427 4847 τῷ
1454 4777 1683 4848 στόματι
1709 4778 1810 4848 τὴν

228 4866 402 4937 ἀκοὴν
431 4864 851 4934 ἀναγκάζοντος.

299 4958 584 5021 “latior
642 4956 757 5025 τὴν
802 4958 1014 5027 ψυχήν
1070 4977 1219 5028 μου,
1277 4958 1368 5011 ὅτι
1437 4957 1607 5025 ὅσιός
1670 4962 1806 5030 ειμι.

240 5049 360 5116 ’Λφ’
390 5039 465 5100 ὧν
494 5046 854 5119 κατώρθωσεν
881 5047 1102 5116 ἀγαθῶν
1145 5049 1550 5121 ἐπακουσθῆναι
1585 5050 1803 5117 ἐξαιτεῖ.

227 5136 443 5191 Σὼσον
481 5136 588 5189 τὸν
612 5136 838 5191 δοῦλόν
867 5152 1005 5201 σου,
1050 5138 1081 5190 ό
1122 5139 1265 5203 Θεός
1315 5156 1465 5206 μου,
1506 5139 1611 5193 τὸν
1641 5140 1811 5195 ἐλπί-

226 5226 403 5289 ζοντα
446 5226 546 5280 ἐπὶ
586 5227 708 5281 σοί.
754 5226 971 5299 Ἐπειδὴ
1011 5227 1155 5281 ὅσιον
1199 5228 1389 5281 ἑαυτὸν
1422 5229 1805 5302 ἀνηγόρευσεν,

224 5319 321 5373 ἐπὶ
354 5319 416 5371 τὸ
438 5319 690 5373 ταπεινὸν
732 5319 895 5373 πάλιν
943 5318 1238 5391 καταφέρει
1272 5320 1365 5373 τὸν
1411 5318 1586 5389 λόγον,
1626 5322 1807 5376 δοῦλον

226 5408 420 5463 ἑαυτὸν
453 5410 904 5481 ἀπογραφόμενος
932 5409 1024 5464 τοῦ
1056 5409 1211 5474 Θεοῦ,
1238 5412 1333 5464 καὶ
1371 5411 1457 5463 ἐπ’
1485 5412 1633 5482 αὐτῷ
1664 5414 1808 5483 μόνῳ

226 5500 327 5570 τὴν
358 5500 548 5555 ἐλπίδα
575 5502 676 5572 τῆς
700 5502 974 5573 σωτηρίας
1007 5502 1149 5574 ἔχειν
1177 5503 1661 5575 ἐπαγγειλάμενος.

266 5653 311 5689 ³⁸
350 5652 561 5711 Coloss.
594 5672 631 5721 ι,
665 5654 755 5709 20.
832 5654 874 5686 "
912 5654 1045 5712 Luc.
1078 5674 1115 5724 ι,
1148 5658 1238 5713 54.

1916 4704 2073 4766 cogat
2103 4704 2163 4750 ut
2192 4712 2354 4752 aures
2377 4697 2459 4751 ori
2489 4696 2794 4751 admoveat.

1982 4956 2031 5009 2.
2079 4956 2299 5011 Custodi
2330 4959 2565 5010 animam
2605 4973 2793 5024 meam,
2826 4960 3075 5027 quoniam
3105 4970 3316 5013 sanctus
3346 4974 3485 5015 sum.

1911 5047 1992 5103 Ob
2022 5048 2163 5102 bona
2191 5063 2355 5117 opera
2382 5064 2505 5119 quae
2532 5049 2701 5103 edidit
2727 5050 2968 5119 postulat
2992 5051 3237 5106 exaudiri
3267 5050 3488 5106 se.Sal-

1912 5155 2031 5193 vum
2062 5139 2149 5206 fac
2180 5155 2383 5195 servum
2429 5150 2597 5205 tuum,
2626 5139 2767 5195 Deus
2802 5156 2968 5205 meus,
3009 5150 3305 5210 sperantem
3334 5141 3390 5195 in
3419 5152 3485 5195 te.

1914 5227 2206 5298 Postquam
2256 5245 2314 5285 se
2352 5241 2600 5286 sanctum
2652 5246 2773 5287 esse
2818 5231 2975 5297 dixit,
3005 5232 3073 5287 ad
3126 5232 3486 5288 humilitatem

1916 5337 2133 5375 rursum
2174 5336 2483 5377 sermonem
2514 5323 2799 5390 convertit,
2836 5339 3053 5378 servum
3093 5338 3214 5379 sese
3258 5322 3490 5378 Domino

1915 5413 2215 5477 ascribens,
2248 5424 2412 5483 atque
2445 5430 2595 5486 spem
2629 5414 2821 5472 salutis
2857 5416 2913 5471 in
2958 5416 3108 5471 illum
3140 5424 3351 5471 tantum
3390 5416 3485 5470 ha-

1914 5507 2043 5561 bere
2067 5522 2127 5562 se
2154 5507 2473 5565 testiﬁcatus

300 5770 414 5842 (38)
456 5768 635 5827 Locus
680 5782 984 5842 suspectus,
1017 5782 1097 5829 est
1144 5775 1195 5829 in
1243 5789 1349 5828 uno
1378 5779 1586 5830 tantum
1618 5778 1800 5836 codice
1839 5778 2059 5835 nomine
2082 5778 2388 5834 Athanasii.
