4070 6462
605 382 709 435 375

607 584 872 640 Doccmur
899 588 1066 649 hisce,
1099 603 1221 640 eum
1244 587 1388 656 quia
1419 585 1528 641 Deo
1555 587 1832 657 quidpiam
1864 587 1990 641 boni
2031 589 2174 642 acci-

608 694 734 747 pere
764 680 1016 742 voluerit,
1051 680 1247 732 debere
1293 679 1631 734 incessanter
1665 680 1718 734 in
1763 680 2016 750 precibus
2049 695 2174 733 ver-

607 772 738 824 sari.

676 861 728 914 5.
774 860 1034 925 Quoniam
1067 872 1145 928 tu,
1173 862 1413 926 Domine,
1433 864 1608 917 suavis
1634 873 1682 916 et
1710 866 1875 917 mitis.
1895 862 2059 917 Docet
2079 879 2174 918 eos

607 955 698 1022 qui
732 955 796 1007 ad
827 953 992 1007 Deum
1017 955 1302 1018 accedunt,
1325 964 1470 1008 utne
1497 956 1645 1009 anxii
1679 957 1807 1013 sint.
1827 957 1870 1009 si
1900 956 2042 1009 dona
2064 966 2176 1008 tan-

609 1044 773 1111 tisper
794 1044 1023 1097 differat.
1053 1045 1167 1098 Erit
1195 1047 1392 1114 quippe
1423 1046 1530 1100 illis
1565 1047 1853 1115 propitius,
1875 1055 2060 1115 utpote
2080 1046 2171 1116 qui

607 1145 920 1190 mansuetus
956 1135 1024 1189 sit
1056 1145 1110 1189 et
1140 1135 1290 1189 dives
1323 1136 1374 1188 in
1409 1137 1802 1190 misericordia.

675 1309 726 1362 8.
771 1308 894 1364 Non
923 1321 998 1364 est
1026 1314 1216 1366 similis
1264 1314 1341 1365 tui
1382 1314 1435 1365 in
1464 1314 1588 1379 diis,
1626 1314 1865 1367 Domine.
1908 1312 2046 1368 Deos
2075 1328 2172 1366 vo-

605 1411 690 1454 cat
743 1413 960 1457 sanctos
996 1405 1288 1472 prOphetas
1335 1405 1401 1458 ad
1451 1421 1591 1474 quos
1639 1421 1818 1460 sermo
1849 1405 2062 1459 Domini
2094 1406 2173 1460 la-

601 1505 742 1549 ctus.
771 1496 860 1549 Ait
888 1506 1063 1550 autem
1098 1497 1366 1551 neminem
1396 1499 1779 1567 prophetarum
1820 1501 2062 1566 potuisse
2104 1498 2170 1551 li-

601 1585 792 1641 berare
839 1587 1086 1641 homines
1121 1603 1148 1640 a
1179 1597 1422 1657 peccato,
1470 1591 1573 1644 nisi
1632 1591 1806 1643 solum
1859 1589 2170 1652 Dominum,

597 1676 752 1743 juxta
797 1677 848 1730 id
889 1678 1033 1746 quod
1079 1679 1206 1732 alibi
1251 1679 1457 1732 dictum
1488 1689 1612 1733 est:
1654 1678 1775 1732 Non
1819 1680 2040 1749 legatus,
2069 1697 2171 1734 non

603 1767 838 1836 angelus,
873 1768 962 1821 sed
995 1769 1099 1836 ipse
1134 1769 1389 1823 Dominus
1419 1771 1640 1824 solvavit
1675 1772 1852 1824 nos”.

675 1944 758 1998 Η.
802 1943 1030 1998 Lwletnr
1055 1961 1146 1997 cor
1177 1962 1346 1999 meum
1375 1956 1429 2000 ut
1454 1948 1634 2001 timeat
1669 1967 1854 2003 nomen
1881 1961 2047 2004 tuum.
2066 1950 2169 2016 Qui

601 2037 795 2104 pietate
846 2052 972 2108 erga
1024 2038 1192 2093 Deum
1247 2041 1548 2094 instructus
1581 2051 1684 2105 est,
1722 2043 2017 2111 legitimum
2050 2046 2172 2097 vitae

600 2131 907 2185 inStitutum
950 2135 1311 2201 amplectitur.
1343 2133 1666 2198 Huiusmodi
1695 2142 1874 2187 autem
1920 2136 2028 2188 vita
2058 2149 2171 2187 ma-

600 2231 683 2274 ter
728 2232 811 2276 est
862 2223 1077 2278 laetitia.
1107 2225 1296 2279 Merito
1349 2227 1531 2296 itaque
1571 2225 1838 2295 Propheta
1888 2226 2072 2280 divino
2112 2224 2174 2280 ti-

602 2328 754 2366 more
799 2329 895 2367 cor
949 2329 1107 2368 suum
1155 2316 1415 2372 laetificari
1468 2331 1624 2385 posse
1656 2317 1878 2384 putavit.
1916 2315 1991 2369 Ita
2025 2316 2168 2370 enim

601 2402 727 2455 alibi
767 2419 983 2473 quoque
1010 2406 1084 2458 ait
1106 2406 1147 2435 ”
1178 2426 1190 2460 :
1229 2406 1464 2460 Laetetur
1493 2423 1582 2458 cor
1615 2408 1960 2474 qucerentium
1991 2406 2172 2460 Domi-

600 2510 743 2559 num,
768 2505 821 2550 et
849 2497 1098 2551 iterum"
1127 2513 1140 2550 :
1172 2497 1372 2550 .llemor
1394 2497 1474 2565 [iii
1507 2497 1623 2561 Dei,
1643 2509 1690 2551 et
1723 2497 2008 2550 delectatus
2033 2514 2168 2551 sum.

672 2671 1068 2740 liﬁonﬁtebor
1091 2672 1206 2737 tibi,
1231 2671 1448 2724 Domine
1474 2671 1612 2725 Deus
1631 2686 1796 2734 meus,
1824 2672 1875 2722 in
1896 2679 1999 2722 tale
2020 2670 2174 2722 corde

601 2781 734 2819 meo.
795 2763 996 2820 Mutata
1027 2775 1248 2835 repente
1273 2769 1518 2819 oratione
1551 2765 1604 2817 in
1635 2763 2039 2820 confessionem
2061 2803 2075 2828 ,
2109 2778 2173 2816 eo

601 2857 742 2926 quod
779 2857 1045 2911 liberatus
1076 2855 1241 2910 fuerit
1270 2857 1339 2910 ab
1365 2855 1579 2909 inferno
1601 2895 1618 2920 ,
1669 2870 1893 2909 causam
1929 2855 2176 2908 enuntiat

600 2965 699 3001 cur
730 2949 1058 3018 peccaverit,
1093 2949 1324 3002 insidias
1355 2947 1650 3000 multorum
1684 2955 1848 3015 atque
1873 2947 2172 3016 potentium

603 3054 1040 3094 commemorans
1066 3080 1079 3101 ,
1120 3039 1296 3107 iisque
1327 3037 1659 3091 adumbrans
1691 3037 1991 3092 invisibiles
2020 3046 2174 3108 pote-

603 3143 793 3199 states,
821 3147 941 3201 quze
971 3130 1142 3185 Deum
1175 3139 1298 3184 ante
1333 3131 1524 3185 oculos
1556 3144 1665 3184 non
1699 3130 2060 3183 constituunt.
2095 3129 2170 3183 Tu

603 3237 807 3289 autem,
842 3221 1094 3288 Domine,
1130 3223 1224 3287 ait,
1258 3222 1583 3276 concessisti
1614 3236 1677 3275 ea
1704 3238 1822 3290 qua:
1853 3222 2076 3275 minime
2099 3221 2170 3275 illi

602 3314 1008 3386 exspectabant,
1032 3323 1124 3367 tua
1154 3313 1439 3367 clementia
1467 3313 1704 3366 liberans
1734 3313 1970 3365 animam
1999 3329 2173 3366 meam

605 3423 668 3460 ex
720 3405 935 3460 inferno
994 3405 1266 3461 infcriori.
1333 3403 1457 3460 llaec
1517 3414 1700 3459 autem
1749 3404 1879 3458 dicit
1923 3403 2175 3458 Christus

605 3500 912 3555 astantibus
943 3500 1165 3570 regibus
1215 3508 1371 3552 terra:
1403 3508 1457 3552 et
1489 3498 1827 3568 principibus
1868 3499 2073 3554 coactis
2121 3500 2175 3552 in

606 3609 774 3647 unum
807 3605 996 3647 contra
1036 3593 1238 3662 ipsum.

676 3686 762 3738 15.
835 3684 972 3749 Quia
1030 3687 1395 3741 misericordia
1428 3697 1521 3741 tua
1553 3703 1743 3757 magna
1773 3698 1849 3740 est
1887 3704 2041 3755 super
2076 3704 2172 3742 me.

606 3777 772 3844 Quasi
829 3780 942 3848 jam
977 3789 1309 3835 consecutus
1357 3781 1501 3848 quod
1559 3781 1810 3848 precibus
1863 3781 2174 3849 postulavit,

608 3887 864 3941 magnam
901 3871 993 3924 Dei
1029 3872 1462 3926 misericordiam
1499 3887 1558 3925 se
1593 3872 1646 3926 in
1699 3875 1893 3929 sazcula
1926 3875 2176 3928 laudatu-

608 3980 728 4016 rum
759 3965 855 4029 ait,
912 3965 1040 4034 quia
1075 3980 1265 4018 eorum
1301 3965 1513 4020 animas
1546 3966 1612 4020 de
1641 3981 1807 4022 manu
1844 3964 2000 4019 inferi
2042 3966 2177 4019 libe-

606 4055 764 4108 ravit.

682 4146 767 4200 ﬂ.
809 4146 990 4212 Deus,
1049 4147 1218 4217 iniqui
1273 4149 1672 4204 insurrexerunt
1722 4167 1877 4218 super
1925 4168 2022 4206 me.
2085 4150 2179 4206 llis

607 4239 849 4294 ostendit
906 4257 966 4295 se
1025 4241 1078 4294 in
1142 4251 1422 4310 peccatum
1477 4242 1608 4296 illud
1661 4243 1938 4312 delapsum
1989 4244 2176 4299 fuisse.

609 4330 898 4395 Quomodo
928 4341 1106 4385 autem
1130 4375 1142 4393 .
1169 4334 1270 4388 nisi
1304 4335 1432 4404 quia
1469 4349 1742 4404 synagoga
1785 4335 2033 4404 quadam
2067 4352 2182 4391 ma-

611 4422 879 4490 lignorum
906 4424 1193 4491 spirituum
1226 4427 1546 4490 insurrexit,
1577 4435 1632 4480 et
1662 4428 2025 4496 supplantavit
2056 4444 2180 4484 eum

612 4530 679 4566 ne
712 4513 929 4570 virtutis
963 4531 1182 4569 cursum
1226 4520 1471 4574 teneret?

685 4605 772 4669 15,
807 4606 893 4659 16.
933 4605 998 4658 Et
1027 4617 1082 4659 tu
1104 4647 1117 4671 ,
1150 4607 1370 4662 Domine
1405 4611 1545 4665 Deus
1582 4629 1746 4675 meus,
1793 4615 2106 4680 miserator,
2139 4625 2186 4669 et

614 4697 912 4750 misericors
937 4740 951 4763 ,
987 4710 1092 4777 etc.
1132 4699 1395 4768 Etiamsi,
1437 4704 1649 4774 inquit,
1688 4707 2096 4777 insurgentibus
2132 4709 2184 4762 in

613 4804 699 4840 inc
731 4772 1324 4860 malignis'spiritibus,
1358 4795 1409 4847 in
1444 4806 1726 4864 peccatum
1761 4799 2002 4866 dejectus
2041 4816 2186 4862 sum,

613 4894 676 4932 ac
711 4895 805 4948 per
838 4880 972 4935 illud
1010 4884 1061 4935 in
1100 4885 1369 4940 infernum
1407 4890 1557 4941 illum
1606 4889 1943 4953 inferiorem,
2009 4894 2102 4946 sed
2130 4902 2188 4944 tu

614 4969 730 5038 ipse
751 5013 766 5034 ,
796 4972 1032 5028 Domine
1055 5018 1068 5040 ,
1103 4986 1222 5030 tuas
1253 4979 1372 5032 illas
1406 4981 1782 5035 miserationes
1815 4981 1866 5034 in
1901 4999 1984 5036 me
2015 4983 2186 5036 eﬂun-

615 5061 750 5115 dens
782 5063 1024 5121 liberasti
1053 5069 1290 5122 animam
1329 5087 1540 5134 meam;
1577 5090 1745 5141 quare
1777 5090 1996 5128 rursum
2032 5077 2187 5128 mise-

617 5156 910 5210 ricordiam
939 5161 1171 5227 postulo.
1209 5161 1398 5217 Veniet
1418 5174 1596 5220 autem
1631 5168 1764 5220 mihi
1789 5167 2184 5231 misericordia,

615 5261 739 5298 eum
769 5265 854 5301 me
885 5265 1161 5316 reSpicws.

693 5339 776 5390 17.
815 5339 927 5394 Fac
964 5359 1162 5394 mecum
1193 5346 1402 5414 signum
1437 5349 1490 5400 in
1523 5349 1733 5402 bonum.
1790 5349 1943 5404 Sicut
1970 5352 2098 5405 olim
2138 5353 2190 5405 in

619 5428 856 5501 1Egypto
894 5435 1016 5488 liliis
1053 5434 1218 5489 Israel
1256 5437 1468 5506 signum
1494 5440 1640 5494 dedit
1675 5441 1957 5506 Dominus,
1994 5452 2052 5496 ut
2084 5458 2191 5495 non

624 5521 940 5576 laederentur
991 5526 1058 5580 ab
1101 5530 1551 5594 exterminatore;
1607 5531 1676 5584 ita
1723 5541 1774 5585 et
1822 5532 1924 5586 sibi
1975 5533 2189 5599 signum

1407 379 1463 433 S.
1503 378 1876 434 ATHANASII
1917 379 2068 435 OPP.
2109 379 2288 433 PARS
2330 379 2416 434 lll.
2461 411 2528 420 -—
2566 379 2978 436 EXEGETICA.

676 499 728 550 3.
772 496 1015 549 Miserere
1044 497 1164 560 mei,
1195 495 1434 563 Domine,
1462 498 1711 566 quoniam
1745 498 1811 549 ad
1840 506 1888 550 te
1911 497 2171 550 clamabo.
2203 503 2247 557 Α

3741 379 3846 434 376

2359 496 2651 563 Ἐλέησόν
2698 513 2794 566 με,
2827 498 3024 562 Κύριε,
3051 495 3138 547 ὅτι
3186 493 3334 564 πρὸς
3359 493 3432 546 σὲ
3464 492 3843 562 κεκράξομαι·

2275 589 2522 641 Διδάσκει
2553 591 2698 659 ἡμᾶς
2731 590 2759 640 ὁ
2795 588 2972 655 λόγος,
3015 586 3089 649 ὡς
3145 586 3248 641 τὸν.
3272 584 3594 656 βουλόμενόν
3622 601 3674 635 τι
3697 585 3848 654 παρὰ

2275 678 2366 730 τοῦ
2393 678 2525 730 Θεοῦ
2542 679 2724 731 λαϐεῖν
2747 678 2971 746 ἀγαθὸν,
2993 676 3333 733 ἀδιάλειπτον
3353 677 3433 729 δεῖ
3446 670 3585 728 εἶναι
3597 676 3654 728 ὲν
3680 691 3850 745 προσ-

2276 771 2480 836 ευχαίς.

2349 861 2472 912 Ὀτι
2495 859 2596 923 σὺ,
2629 861 2822 926 Κύριε,
2847 860 3112 927 χρηστὸς
3140 857 3236 910 καὶ
3275 854 3560 921 ἐπιεικής.
3595 855 3849 908 Διδάσκει

2273 947 2398 1009 τοὺς
2420 949 2886 1019 προσερχομένους
2919 947 3036 1016 Θεῷ
3087 947 3160 1017 μὴ
3213 947 3458 1017 ἁκηδιᾷν,
3484 948 3532 997 εί
3571 947 3664 998 καὶ
3712 947 3849 1015 πρὸς

2273 1038 2451 1106 ὀλίγον
2504 1041 2601 1109 τὴν
2651 1041 2793 1094 δόσιν
2846 1039 3223 1092 ἀναϐάλλεται,
3257 1038 3580 1108 ’Ἑσταιγὰρ
3625 1038 3849 1100 πάντως

2274 1132 2455 1193 αὐτοῖς
2489 1131 2740 1200 ἐπήκοος,
2793 1131 2886 1183 ἅτε
2935 1129 3170 1200 χρηστὸς
3210 1129 3284 1182 ὢν
3332 1131 3426 1182 καὶ
3457 1129 3591 1182 πολὺ
3620 1128 3739 1180 λίαν
3769 1131 3848 1190 είς

2274 1222 2420 1283 ἕλεος
2453 1221 2721 1282 πλούσιος.

2346 1315 2466 1365 Οὺκ
2492 1312 2661 1365 ἔστιν
2683 1313 2882 1380 ὅμοιός
2911 1329 3008 1366 σοι
3036 1314 3107 1365 ἐν
3135 1311 3310 1376 θεοῖς,
3341 1313 3536 1378 Κύριε.
3557 1311 3726 1373 Θεοὺς
3749 1310 3848 1380 μὲν

2273 1406 2379 1477 γὰρ
2409 1408 2534 1470 τοὺς
2567 1406 2751 1474 ἁγίους
2781 1409 3062 1477 προφήτας
3119 1406 3272 1476 φησὶ,
3316 1406 3450 1476 πρὸς
3497 1403 3590 1467 οὓς
3618 1406 3646 1457 ὁ
3691 1404 3848 1472 λόγος

2271 1498 2363 1551 τοῦ
2383 1497 2516 1550 Θεοῦ
2550 1499 2782 1565 ἐγένετο.
2811 1498 2971 1566 Λέγει
2996 1497 3074 1564 δὲ,
3110 1499 3190 1551 ὅτι
3222 1498 3394 1560 οὐδεὶς
3413 1496 3521 1549 τῶν
3551 1495 3850 1566 προφητῶν

2274 1588 2545 1652 ἐξελέσθαι
2575 1591 2700 1652 τοὺς
2754 1589 3070 1660 ἀνθρώπους
3108 1590 3205 1660 τῆς
3260 1589 3530 1660 ἁμαρτίας
3561 1588 3781 1658 ἴσχυσεν
3815 1586 3848 1657 ἢ

2275 1680 2433 1749 μόνος
2461 1679 2620 1743 αὐτὸς
2649 1681 2677 1731 ό
2705 1679 2927 1751 Κύριος,
2960 1680 3102 1734 κατὰ
3153 1681 3214 1733 τὸ
3265 1679 3553 1750 εἰρημένον
3582 1675 3847 1748 ἀλλαχοῦι

2276 1776 2356 1826 Οὐ
2389 1773 2674 1840 πρέσϐυς,
2713 1776 2822 1828 οὐκ
2874 1773 3146 1842 ἅγγελος,
3188 1773 3325 1827 ἀλλ’
3369 1771 3550 1836 αὐτὸς
3581 1773 3612 1824 ό
3635 1771 3854 1839 Κύριος

2201 1845 2242 1898 Β
2269 1864 2503 1918 ἔσωσεν
2527 1863 2704 1934 ἡμᾶς.

2342 1957 2746 2026 Εὐφρανθήτω
2785 1957 2823 2022 ἡ
2863 1955 3075 2024 καρδία
3115 1973 3254 2024 μου,
3309 1955 3415 2008 τοῦ
3447 1955 3758 2024 φοϐεῖσθαι
3786 1953 3852 2006 τὸ

2272 2048 2456 2118 ὄνομά
2487 2065 2623 2102 σου.
2662 2049 2720 2100 '0
2753 2047 2851 2116 τὴν
2879 2048 3008 2118 περὶ
3035 2048 3166 2100 Θεὸν
3193 2047 3476 2100 εὐλάϐειαν
3513 2045 3853 2116 κεκτημένος

2270 2142 2370 2209 τὴν
2398 2139 2618 2210 ἔννομον
2649 2139 2956 2203 ἀσπάζεται
3002 2139 3294 2193 πολιτείαν.
3326 2139 3525 2208 Μήτηρ
3560 2138 3617 2190 δὲ
3655 2139 3856 2206 εὐφρο-

2273 2231 2496 2303 σύνηςή
2525 2231 2744 2302 τοιαύτη
2782 2230 2912 2301 ζωή.
2960 2231 3200 2294 Εἰκότως
3257 2229 3435 2283 τοίνυν
3486 2231 3514 2282 ὁ
3569 2232 3856 2301 προφήτης

2269 2323 2348 2394 τῷ
2378 2324 2528 2394 φόϐῳ
2551 2324 2646 2394 τὴν
2679 2323 2883 2376 οίκείαν
2914 2322 3280 2392 εὐφρανθῆναι
3303 2321 3529 2393 καρδίαν
3564 2319 3856 2372 ὑπώπτευ-

2274 2433 2385 2468 σεν.
2420 2415 2577 2468 Οὕτω
2625 2414 2734 2485 γὰρ
2789 2414 2884 2467 καὶ
2930 2412 3164 2483 ἀλλαχοῦ
3219 2429 3402 2484 φησιν·
3447 2410 3856 2481 Εὑφρανθήτω

2271 2506 2483 2574 καρδία
2505 2507 2832 2574 ζητούντων
2879 2507 2987 2559 τὸν
3022 2507 3258 2574 Κύριον’
3291 2509 3386 2560 καὶ
3423 2506 3604 2560 πάλιν·
3645 2504 3856 2574 Ἐμνή-

2271 2603 2431 2666 σθην
2459 2599 2565 2653 τοῦ
2603 2600 2770 2663 Θεοῦ,
2801 2598 2897 2652 καί
2929 2598 3290 2667 εὐφράνθην.

2357 2691 2907 2760 Ἑξομολοτήσομαι
2960 2706 3081 2754 σοι,
3130 2692 3308 2758 Κύριε
3337 2693 3372 2743 ὁ
3422 2692 3566 2756 Θεός
3589 2707 3731 2758 μου,
3786 2689 3858 2743 ἐν

2272 2784 2384 2852 ὅλῃ
2414 2783 2622 2852 καρδίᾳ
2641 2801 2778 2852 μου.
2832 2782 3170 2837 Μεταὸαλὼν
3201 2784 3300 2854 τὴν
3359 2783 3668 2853 προσευχὴν
3697 2781 3858 2847 εὐθὺς

2272 2879 2352 2940 είς
2378 2877 2783 2948 ἐξομολόγησιν,
2815 2877 2900 2946 ἐφ’
2951 2871 3033 2938 οἷς
3082 2875 3323 2948 ὲρῤύσθη
3349 2874 3442 2928 τοῦ
3471 2875 3620 2946 ᾅδου,
3647 2874 3748 2946 τὴν
3774 2875 3858 2929 αι-

2273 2970 2394 3023 τίαν
2424 2969 2818 3040 ὲξαγορεύειδι⁴
2843 2971 2909 3040 ἢν
2940 2971 3178 3039 ἥμαρτε,
3209 2970 3382 3036 λέγων
3412 2968 3704 3038 ἐπιϐουλὴν
3734 2969 3860 3021 πολ-

2274 3063 2378 3116 λῶν
2399 3081 2457 3116 τε
2483 3064 2578 3116 καὶ
2612 3062 2905 3132 κραταιῶν,
2938 3062 3303 3131 αἰνιττόμενος
3333 3059 3432 3122 τὰς
3473 3061 3739 3132 ἀοράτους
3771 3060 3860 3112 δυ-

2202 3180 2243 3236 C
2275 3157 2485 3228 νάμεις,
2526 3155 2599 3227 μὴ
2631 3155 2864 3226 θεμένας
2910 3154 3015 3224 πρὸ
3069 3152 3176 3205 τῶν
3208 3151 3502 3222 ὀφθαλμῶν
3558 3151 3647 3204 τὸν
3704 3151 3860 3206 Θεόν.

2281 3251 2350 3302 Σὺ
2379 3251 2455 3313 δὲ,
2487 3249 2680 3319 Κύριε,
2713 3248 2898 3316 φησὶν,
2931 3247 3073 3315 ἆπερ
3107 3247 3305 3297 ἐκεῖνοι
3348 3245 3421 3314 μὴ
3451 3244 3864 3314 προσεδόκησαν

2284 3341 2680 3414 συνεχώρησας,
2735 3340 3038 3412 ῥυσάμενος
3083 3338 3184 3407 τὴν
3245 3336 3424 3405 ψυχήν
3487 3352 3586 3404 μου
3637 3335 3697 3400 ἐξ
3735 3335 3866 3404 ᾅδου

2281 3434 2591 3486 κατωτὰτου
2619 3429 3000 3502 φιλανθρωπία
3027 3432 3093 3499 τῇ
3135 3431 3223 3498 σῇ.
3257 3427 3419 3495 Λέγει
3444 3428 3500 3480 δὲ
3537 3425 3710 3480 ταῦτα
3731 3427 3868 3498 Χριο

2284 3526 2426 3590 στὸς,
2458 3523 2851 3595 παραστάντων
2875 3522 2982 3574 τῶν
3019 3519 3283 3590 βασιλέων
3334 3520 3432 3588 τῆς
3461 3519 3584 3588 γῆς,
3614 3519 3707 3571 καὶ
3756 3518 3868 3572 τῶν

2281 3616 2553 3686 ἀρχόντων
2583 3612 2954 3683 συναχθέντων
2993 3613 3085 3665 ἐπὶ
3112 3613 3173 3664 τὸ
3206 3611 3338 3664 αὐτὸ
3367 3613 3486 3662 κατ’
3509 3610 3696 3664 αὑτοῦ.

2356 3707 2481 3758 Ὅτι
2518 3703 2582 3757 τὸ
2618 3705 2791 3768 ἔλεός
2835 3718 2950 3755 σου
2995 3701 3148 3770 μέγα
3194 3702 3287 3753 ἐπ’
3337 3699 3459 3767 ἐμέ.
3506 3700 3592 3761 Ὠς
3651 3699 3752 3769 ῆδη
3789 3700 3869 3762 είς

2285 3797 2455 3866 πέρας
2505 3795 2682 3846 αὐτῶν
2733 3793 2995 3862 ἀχθείσης
3048 3791 3148 3859 τῆς
3202 3789 3534 3860 προσευχῆς,
3596 3788 3656 3841 τὸ
3721 3790 3868 3859 μέγα

2283 3886 2428 3948 ἕλεος
2451 3885 2542 3937 τοῦ
2570 3884 2702 3937 Θεοῦ
2729 3887 2808 3948 είς
2831 3885 2956 3947 τοὺς
2982 3882 3184 3945 αἰῶνας
3207 3883 3440 3936 αἰνέσειν
3475 3881 3656 3952 φησίνο
3693 3882 3776 3933 ὅτι
3803 3881 3868 3953 δὴ

2285 3979 2380 4032 καὶ
2405 3978 2584 4032 αὐτῶν
2615 3979 2678 4032 ὲκ
2714 3978 2895 4049 χειρὸς
2927 3976 3055 4048 ᾅδου
3083 3976 3182 4039 τὰς
3208 3977 3384 4046 ψυχὰς
3414 3972 3808 4044 ἠλευθέρωσεν.

2332 4156 2393 4208 '0
2411 4153 2574 4218 Θεὸς,
2594 4151 2918 4221 παράνομοι
2938 4151 3368 4215 ἐπανέστησαν
3385 4148 3476 4201 ἐπ’
3488 4146 3606 4217 ἐμέ.
3622 4146 3871 4201 Δείκνυσι

2286 4246 2374 4299 διὰ
2398 4245 2622 4307 τούτων,
2640 4244 2715 4307 ὡς
2753 4245 2830 4307 είς
2862 4243 2958 4313 τὴν
2991 4241 3266 4311 ἁμαρτίαν
3299 4241 3513 4310 ἐκείνην
3544 4240 3868 4293 κατέπεσεν.

2271 4329 2413 4402 IIIth
2445 4338 2522 4400 δὲ,
2557 4337 2590 4408 ἦ
2619 4340 2682 4390 ἐκ
2701 4334 2794 4388 τοῦ
2823 4334 3145 4403 συναγωγήν
3186 4349 3308 4385 τινα
3349 4330 3599 4401 πονηρῶν
3627 4331 3868 4400 πνευμά-

2290 4449 2398 4485 των
2425 4431 2799 4500 ὲπαναστῆναι
2863 4427 2956 4480 καὶ
3005 4425 3361 4480 ὑποσκελίσαι
3395 4424 3560 4479 αὑτὸν
3603 4423 3698 4477 τοῦ
3749 4427 3870 4479 κατ’

2217 4521 2259 4574 Ι)
2289 4523 2486 4594 ἀρετὴν
2521 4523 2717 4593 δρόμου
2733 4538 2748 4586 ;

2361 4617 2469 4669 Καὶ
2529 4614 2630 4680 σὺ,
2683 4614 2856 4686 Κύριε
2906 4616 2938 4666 ό
3001 4613 3144 4677 Θεος
3186 4629 3326 4680 μου,
3399 4611 3713 4678 οἰκτίρμων
3773 4613 3867 4664 καί

2289 4705 2576 4776 ἐλεήμων.
2609 4707 2670 4757 El
2723 4705 2836 4768 καὶ,
2889 4703 3306 4756 ἐπαναστάντων
3341 4719 3428 4771 μοι
3461 4701 3568 4753 τῶν
3620 4702 3874 4771 πονηρῶν

2293 4798 2640 4868 πνευμάτων,
2673 4798 2825 4866 φησὶ,
2853 4795 3192 4865 κατηνέχθην
3230 4797 3309 4857 είς
3342 4795 3636 4864 ἁμαρτίαν,
3663 4796 3756 4848 καὶ
3804 4795 3871 4848 δι’

2293 4893 2460 4962 αὐτῆς
2507 4893 2584 4954 εἰς
2627 4892 2715 4943 τὸν
2777 4889 3132 4960 προκείμενον
3186 4887 3496 4940 κατώτατον
3546 4887 3700 4957 ᾇδηνο
3738 4888 3874 4942 ἀλλὰ

2296 4985 2382 5045 σὺ,
2412 4983 2604 5053 Κύριε,
2636 4983 2814 5044 αὐτὸς,
2849 4984 2975 5044 τοὺς
3019 4982 3251 5043 οἰκείους
3291 4980 3605 5049 οίκτιρμοὺς
3640 4981 3735 5032 καὶ
3785 4980 3872 5032 ἐπ’

2295 5079 2319 5128 ὲ
2330 5076 2416 5144 μοὶ
2444 5074 2786 5142 ὲφαπλώσας,
2818 5076 3034 5146 ὲρῤύσω
3067 5075 3164 5144 τὴν
3189 5074 3363 5143 ψυχήν
3399 5089 3516 5142 μου
3545 5071 3624 5122 διὸ
3648 5071 3740 5123 καὶ
3769 5070 3872 5124 πά-

2295 5167 2376 5220 λιν
2411 5167 2673 5220 ἐλεεῖσθαι
2708 5167 2923 5232 ἑξαιτῶ.
2977 5167 3168 5219 Ἔσται
3219 5165 3276 5218 δέ
3314 5181 3403 5234 μοι
3429 5165 3456 5215 ὁ
3483 5163 3629 5223 ἕλεος
3661 5162 3749 5214 διὰ
3779 5160 3869 5215 τοῦ

2297 5252 2583 5327 ἐπιϐλέψαι
2620 5275 2674 5310 σε
2702 5261 2779 5321 εἰς
2800 5259 2915 5327 ἐμέ.

2367 5353 2630 5417 Ποίησον
2667 5353 2787 5410 μετ’
2811 5350 2957 5420 ἐμοῦ
2986 5349 3238 5418 σημεῖον
3273 5351 3357 5412 εἰς
3379 5346 3620 5414 ἀγαθόν.
3659 5346 3869 5416 Ὥσπερ

2297 5441 2462 5494 πάλαι
2511 5442 2567 5492 ὲν
2616 5443 2877 5511 Αίγυπτῳ
2935 5443 3046 5501 τοῖς
3090 5440 3225 5500 υἱοῖς
3279 5435 3490 5506 Ἰσραὴλ
3532 5437 3756 5504 σημεῖον
3787 5435 3869 5489 δέ·

2295 5534 2463 5587 δωκεν
2495 5536 2523 5586 ὁ
2552 5533 2702 5596 Θεὸς,
2729 5531 2822 5586 τοῦ
2855 5533 2928 5603 μὴ
2976 5529 3292 5602 ἀδικηθῆναι
3339 5526 3534 5589 αὐτοὺς
3585 5526 3738 5597 παρὰ
3777 5525 3866 5580 τοῦ
