4070 6432
131 379 236 430 377

1161 378 1528 436 EXPOSITIO
1571 381 1634 436 IN
1677 381 2005 439 PSALMUM
2046 385 2348 442 LXXXVII.

3267 389 3370 443 578

132 490 474 560 ὀλοθρευτοῦ,
501 490 642 544 οὕτω
667 493 758 544 καὶ
803 492 952 563 αὐτῷ
981 496 1202 565 σημεῖον
1243 497 1462 566 δοθῆναι
1487 497 1703 568 ἐξαιτεῖ,

1829 503 1927 556 lari
1965 514 2142 572 rogat,
2175 512 2232 558 ut
2259 517 2355 572 per
2381 502 2515 557 illud
2550 511 2816 567 servetur,
2861 511 2914 556 et
2945 501 3199 556 inimicos
3240 516 3372 559 con-

133 584 279 648 ὀπως
309 581 375 636 ἂν
409 584 500 636 καὶ
527 583 769 655 φυλαχθῇ
799 584 864 637 δι’
891 586 1077 651 αὐτοῦ,
1110 588 1203 641 καὶ
1225 590 1561 664 καταισχύνῃ
1584 594 1707 656 τοὺς

134 674 385 749 ἐχθρούς.

318 765 446 831 τοῖς
472 765 622 831 υὶοῖς
655 768 803 835 Κορὲ
834 771 1142 824 ΨΑΛΜΟΣ
1175 769 1354 838 ᾠδῆς.
1389 772 1530 840 nq'.

765 864 778 883 '
789 865 909 915 Υπό
912 867 1094 928 θεσις.

140 951 361 1020 ᾊδουσι
392 953 551 1006 πάλιν
574 955 662 1007 τὸν
697 954 907 1024 ψαλμὸν
966 957 1154 1009 τοῦτον
1208 959 1256 1010 οἱ
1289 955 1384 1011 τιὸ
1423 959 1563 1029 Κορὲ
1610 959 1712 1012 υἱοὶ

200 1046 283 1107 είς
350 1046 448 1117 τὴν
496 1047 837 1118 Ἐκκλησίαν,
870 1049 935 1100 δι’
965 1049 1130 1101 αὑτοῦ
1193 1050 1554 1119 κηρύσσοντες
1608 1050 1712 1102 τῶν

205 1134 384 1188 ἐθνῶν
415 1138 514 1208 τὴν
545 1137 754 1207 κλῆσιν,
819 1140 912 1192 καὶ
946 1140 1044 1208 τὴν
1082 1141 1379 1210 γενομένην
1418 1141 1712 1209 ἐπίλαμψιν

203 1231 274 1297 τῇ
331 1229 626 1299 Ἐκκλησία
660 1231 754 1283 τοῦ
788 1231 1120 1298 Μονογενοῦς
1146 1232 1233 1284 διὰ
1267 1233 1360 1300 τῆς
1413 1233 1546 1302 μετὰ
1580 1249 1712 1302 σαρ-

207 1319 305 1380 κὸς
335 1322 663 1390 οἰκονομίας.

211 1412 276 1462 Οἱ
315 1410 569 1478 θεμέλιοι
615 1412 801 1466 αὐτοῦ
857 1414 926 1467 ἐν
978 1415 1100 1481 τοῖς
1144 1416 1309 1482 ὄρεσι
1344 1416 1469 1480 τοῖς
1501 1416 1711 1484 ἁγίοις.

137 1501 317 1553 Αὑτοῦ
357 1504 455 1572 μὲν
485 1505 576 1557 τοῦ
608 1504 1010 1574 κληθέντοςδια
1043 1509 1140 1578 τῆς
1178 1510 1413 1571 πίστεως
1443 1509 1592 1561 λαοῦ.
1622 1509 1716 1561 Λέ-

134 1612 222 1660 γει
252 1594 332 1657 δὲ,
372 1597 452 1648 ὅτι
487 1599 546 1661 ἐξ
574 1597 742 1651 ἐθνῶν
766 1599 891 1663 λαὸς
920 1601 1314 1673 ἑπῳκοδομήοη
1345 1604 1435 1654 ἐπὶ
1459 1602 1536 1672 τῷ
1567 1601 1719 1672 θεμε·

133 1686 236 1749 λίῳ
274 1687 384 1739 τῶν
421 1689 730 1743 ἀποστόλων
766 1692 858 1745 καὶ
891 1693 1203 1763 προφητῶν.

227 1777 451 1846 Ἀντιπᾷ
490 1781 704 1848 Κίιριος
732 1783 838 1849 τὰς
891 1786 1086 1850 πύλας
1119 1785 1271 1838 Σιὼν
1325 1788 1475 1853 ὑπὲρ
1523 1786 1716 1839 πάντα

135 1873 210 1924 τὰ
256 1872 616 1941 σκηνώματα
675 1875 894 1930 Ἰακώϐ.
963 1878 1140 1940 Πύλας
1182 1877 1316 1929 Σιὼν
1345 1878 1440 1948 τὴν
1485 1881 1715 1946 είσαγω-

135 1967 305 2034 γικὴν
359 1967 453 2019 καὶ
492 1966 802 2038 στοιχειώδη
858 1969 1208 2023 διδασκαλίαν
1248 1970 1348 2039 τῆς
1393 1970 1716 2039 Ἐκκλησίας

137 2061 295 2128 φησί’
335 2059 664 2130 σκηνώματα
687 2061 743 2114 δὲ
767 2061 957 2113 Ἰακὼϐ
979 2062 1073 2132 τὴν
1093 2063 1234 2115 κατὰ
1255 2062 1415 2132 νόμον
1442 2062 1711 2131 λατρείαν.

135 2153 309 2222 Φησὶν
339 2148 433 2205 οὖν
462 2152 536 2214 ὡς
560 2155 894 2225 αἱρετωτέρα
944 2155 1192 2225 κέκριται
1240 2155 1387 2225 παρὰ
1422 2155 1496 2224 τῷ
1521 2154 1638 2225 Θεῴ
1683 2156 1714 2224 ἡ

135 2243 470 2314 εὐαγγελικὴ
507 2244 748 2296 πολιτεία
772 2246 871 2313 τῆς
924 2246 1064 2298 κατὰ
1115 2247 1276 2316 νόμον
1305 2245 1576 2315 λατρείας.

214 2331 638 2402 Δεδοξασμέι·α
664 2335 932 2400 ἐλαλήθη
958 2335 1089 2401 περὶ
1145 2336 1283 2397 σοῦ,
1327 2337 1365 2403 ἡ
1407 2336 1582 2400 πόλις
1613 2335 1719 2388 τοῦ

138 2423 317 2476 Θεοῦ.
368 2424 528 2485 Πόλις
587 2425 686 2494 μὲν
744 2425 1122 2494 ήἘκκλησία.
1174 2428 1307 2478 Ποῖα
1360 2426 1720 2493 δεδοξασμένα

138 2515 380 2584 ἐλαλήθη
403 2517 529 2586 περὶ
583 2516 771 2587 αὐτῆς,
815 2518 847 2586 ἢ
901 2517 962 2568 τὸ
988 2517 1308 2585 κατοικῆσαι
1352 2517 1409 2569 ὲν
1457 2517 1592 2586 αὐτῇ
1629 2517 1719 2568 τὸν

137 2611 448 2679 Μονογενῆ,
481 2610 624 2663 κατὰ
647 2611 706 2663 τὸ
734 2611 1040 2680 εἰρημένον
1063 2605 1205 2664 Ὧδε
1247 2607 1603 2674 κατοικήσω,
1634 2608 1722 2660 ὅτι

139 2703 516 2772 ᾐρετισάμην
552 2705 744 2773 αὑτήν
762 2722 780 2768 ;

216 2794 655 2861 Μνησθήσομαι
729 2793 910 2845 Ῥαὰϐ
982 2793 1080 2844 καὶ
1155 2791 1526 2856 Βαϐυλῶνος.
1603 2789 1722 2843 Τῶν

141 2886 586 2954 ἐπιστρεφόντων
632 2886 710 2948 είς
755 2884 876 2953 ἐμὲ,
916 2884 1069 2953 φησὶ,
1115 2885 1333 2954 μνήμην
1394 2884 1472 2945 είς
1523 2882 1724 2951 ἀγαθὸν

143 2981 466 3048 ποιήσομαι,
507 2978 539 3045 ἢ
594 2978 688 3028 καὶ
731 2977 837 3028 τῶν
867 2977 1110 3038 ἐκτόπως
1164 2977 1243 3038 εἰς
1291 2974 1600 3045 φιληδονίαν
1634 2977 1726 3027 ὲκ-

144 3070 504 3131 κεκλικότων,
541 3061 764 3122 καὶτῶν
794 3068 931 3137 ἄγαν
962 3067 1512 3139 εἰδωλολατρούντων.
1544 3065 1728 3119 Ταῦτα

143 3163 256 3232 γὰρ
304 3164 433 3231 ἡμῖν
481 3163 718 3232 ὲσήμανε
755 3161 843 3213 διὰ
891 3161 992 3228 τῆς
1052 3159 1219 3212 Ῥαὰϐ
1266 3160 1358 3211 καὶ
1391 3157 1723 3218 Βαϐυλῶνος.
1754 3198 1794 3252 C

145 3256 259 3306 Καὶ
305 3253 457 3307 Ἰδοὺ
503 3253 839 3320 ἀλλόφυλοι
899 3251 996 3302 καὶ
1056 3250 1236 3315 Τύρος
1297 3248 1389 3299 καὶ
1433 3245 1582 3310 λαὸς
1610 3245 1728 3296 τῶν

144 3347 464 3401 Αἰθιόπων.
495 3348 743 3399 Διδάσκει
771 3346 917 3416 ἡμᾶς
947 3345 974 3396 ὁ
1019 3341 1177 3408 λόγος
1209 3340 1414 3409 σαφῶς,
1447 3341 1527 3392 ὅτι
1566 3338 1630 3409 δὴ
1665 3341 1729 3391 ὲκ

145 3442 369 3493 πάντων
403 3442 510 3495 τῶν
540 3441 708 3493 ὲΟνῶν
743 3441 775 3509 ἡ
816 3438 1107 3506 Ἐκκλησία
1139 3434 1483 3503 συνέστηκεν.

223 3532 430 3599 Μήτηρ
488 3532 640 3585 Σιὼν
669 3530 806 3597 ἐρεῖ·
864 3531 1238 3595 Ἀνθρωπος,
1271 3527 1367 3578 καὶ
1422 3523 1732 3592 ἄνθρωπος

145 3625 444 3695 ἐγεννήθη
469 3625 537 3676 ἑν
565 3621 740 3689 αὐτῇ,
780 3621 1007 3691 Μητέρα
1056 3619 1208 3687 φησὶ,
1267 3617 1420 3687 δῆλον
1448 3617 1524 3679 δὲ,
1572 3618 1653 3668 ὃτι
1682 3616 1729 3667 οἱ

150 3715 584 3776 πεπιστευκότες
629 3712 724 3782 τὴν
752 3710 891 3763 Σιὼν
924 3711 1040 3778 ἦτοι
1073 3708 1170 3778 τὴν
1225 3705 1547 3776 Ἐκκλησίαν
1608 3707 1731 3757 ἐπι-

149 3804 497 3877 γραφόμεθα,
520 3807 575 3856 ὲν
610 3797 689 3876 ﬁs
720 3802 1021 3872 ἄνθρωπος,
1046 3798 1127 3869 ἢὸ
1159 3797 1316 3861 αὐτὸς
1345 3801 1372 3852 ὁ
1400 3794 1732 3866 Οεμελιώσας

150 3899 346 3966 αὐτήν.
394 3892 559 3959 Οὗτος
614 3896 670 3948 δέ
721 3897 870 3947 ἐστιν
914 3895 943 3946 ὁ
1004 3895 1294 3964 γενόμενος
1354 3893 1419 3944 δι’
1450 3890 1597 3960 ἡμᾶς
1636 3887 1731 3940 ἆν-

152 3991 396 4062 θρωπος,
429 3989 523 4041 καὶ
558 3985 1027 4054 ἐπαγγελλόμενος
1059 3986 1151 4038 ἐπὶ
1181 3985 1278 4055 τὴν
1333 3984 1540 4054 πέτραν
1575 3980 1736 4049 θεμε-

152 4082 347 4135 λιῶσαι
397 4080 494 4150 τὴν
546 4079 890 4148 Ἐκκλησίαν.

229 4179 450 4243 Κύριος
507 4173 702 4242 διηγῇ(
731 4189 852 4225 ..ται
911 4171 981 4223 ἐν
1027 4168 1224 4240 παρῇ
1266 4167 1432 4244 λαῶν
1480 4166 1578 4220 καὶ
1630 4165 1736 4232 ἀρ-

155 4270 410 4339 χείτων.
449 4267 565 4319 Τῶν
599 4266 763 4328 λαῶν,
810 4265 964 4334 φησὶ,
1010 4261 1244 4315 καὶτῶν
1305 4259 1580 4330 ἀρχόντων
1629 4257 1737 4310 τῶν

155 4363 213 4412 ὲν
250 4360 388 4427 αὐτῇ
447 4360 512 4425 τῇ
557 4355 851 4426 Ἐκκλησία
882 4354 1209 4424 γενομένων,
1241 4353 1267 4403 ό
1317 4350 1519 4418 Κύριος
1547 4347 1739 4416 διηγή-

157 4468 312 4504 σεται
343 4449 439 4517 τὴν
460 4449 697 4518 γραφήν.
755 4449 864 4500 Καὶ
895 4446 1009 4508 πῶς
1059 4445 1145 4507 ἂν,
1176 4442 1360 4512 φησὶν,
1401 4440 1434 4510 ἢ
1466 4439 1561 4508 τὴν
1598 4438 1734 4489 ἀπο-

1811 595 2022 650 fundat.

1907 772 1959 827 1.
1995 771 2151 826 Filiis
2183 788 2315 826 uere
2345 770 2685 827 PSALMUS
2717 771 2944 827 Cantici.
2977 768 3294 826 LXXXVI.

2392 867 2790 935 Argumentum.

1814 955 1965 1010 Hunc
1991 971 2181 1011 rursus
2205 955 2471 1024 psalmum
2504 967 2708 1010 canunt
2741 956 2833 1009 tilii
2863 955 3001 1010 Core
3035 955 3088 1008 in
3122 953 3374 1008 Ecclesiae

1884 1051 2143 1120 gratiam,
2179 1051 2518 1103 vocationem
2570 1049 2814 1118 gentium
2871 1048 3262 1117 praedicantes,
3321 1055 3376 1100 et

1888 1144 2303 1197 illustrationem
2349 1141 2623 1211 Uuigcniti
2663 1142 2715 1194 in
2750 1140 2992 1197 Ecclesia
3019 1141 3254 1194 futuram
3283 1155 3376 1208 per

1886 1234 2243 1288 oeconomiam
2277 1235 2458 1288 carnis

1889 1414 2260 1469 Fundamenta
2288 1414 2400 1482 ejus
2435 1417 2488 1468 in
2520 1414 2782 1467 montibus
2831 1413 3050 1467 sanctis.
3108 1411 3240 1478 Ejus
3274 1410 3381 1464 sci-

1818 1508 1939 1561 licet
1975 1507 2160 1576 populi
2204 1507 2297 1576 qui
2342 1521 2438 1575 per
2473 1507 2630 1560 tidem
2666 1515 2891 1559 vocatus
2923 1516 3025 1558 est.
3079 1503 3166 1556 Ait
3197 1511 3378 1554 autem

1816 1616 1882 1652 ex
1912 1601 2166 1669 gentibus
2198 1598 2521 1653 aediﬁcatum
2559 1597 2727 1650 fuisse
2759 1596 3017 1665 populum
3063 1591 3224 1662 super
3255 1590 3381 1644 fun-

1817 1692 2129 1746 damcntmn
2162 1692 2530 1761 apostolorum
2561 1699 2614 1742 ct
2641 1689 3050 1757 prophetarum.

1887 1782 1941 1835 9..
1968 1781 2156 1852 Diligit
2183 1782 2440 1834 Dominus
2469 1789 2649 1848 portas
2677 1777 2804 1832 Sion
2829 1793 2984 1845 super
3010 1775 3184 1828 omnia
3214 1773 3386 1826 taber-

1819 1876 2008 1928 nacula
2038 1873 2228 1928 Jacob.
2278 1872 2470 1926 Portas
2508 1871 2638 1925 Sion
2677 1869 2939 1923 initialem
2989 1877 3042 1922 et
3086 1866 3386 1920 elementa-

1820 1984 1929 2022 rem
1965 1967 2220 2021 Ecclesia:
2265 1966 2565 2021 doctrinam
2616 1965 2770 2025 dicit,
2827 1960 3174 2016 tabernacula
3207 1965 3385 2010 autem

1819 2059 1988 2115 Jacob
2027 2058 2252 2128 legalem
2298 2058 2526 2112 cultum.
2589 2055 2678 2109 Ait
2727 2055 2894 2123 igitur
2926 2051 3217 2121 optabilius
3247 2046 3387 2116 apud

1824 2154 1990 2207 Deum
2022 2167 2142 2207 esse
2166 2150 2542 2220 evangelicum
2579 2147 2891 2203 institutum
2929 2142 3081 2213 legali
3113 2143 3281 2197 cultu.

1891 2333 1943 2384 5.
1979 2329 2223 2383 Gloriosa
2255 2327 2399 2381 dicta
2432 2335 2551 2382 sunt
2584 2325 2646 2378 de
2679 2333 2746 2389 te,
2782 2323 2965 2376 civitas
3009 2319 3119 2372 Dei.
3182 2315 3392 2370 Civitas

1822 2432 1903 2475 cst
1936 2419 2195 2474 Ecclesia.
2247 2419 2506 2484 Quasnam
2539 2417 2771 2486 gloriosa
2819 2415 2962 2466 dicta
3009 2420 3137 2466 sunt
3179 2407 3246 2462 dc
3277 2407 3390 2470 illa,

1825 2514 1929 2565 nisi
1965 2511 2107 2580 quod
2155 2511 2206 2562 in
2257 2525 2319 2562 ea
2355 2509 2561 2562 habitet
2594 2506 2918 2575 Unigcnitus
2943 2545 2956 2564 ,
3001 2503 3155 2571 juxta
3186 2499 3392 2554 dictum

1825 2603 1955 2656 illud
1986 2621 1999 2654 :
2027 2601 2129 2653 Hic
2155 2598 2402 2652 habitabo
2432 2599 2680 2668 quoniam
2707 2597 2841 2664 elegi
2865 2611 2978 2647 eam
2997 2591 3076 2643 ui?

1894 2779 1947 2832 4.
1987 2777 2189 2831 Memor
2235 2792 2321 2829 ero
2371 2772 2553 2828 Raliab
2603 2781 2651 2825 et
2698 2769 3006 2838 Babylonis.
3069 2767 3264 2821 Eorum
3299 2767 3392 2835 qui

1827 2877 1893 2930 ad
1919 2891 2004 2930 me
2025 2880 2436 2936 convertuntur,
2465 2869 2557 2932 ait,
2592 2866 2909 2921 memoriam
2941 2864 3007 2917 ad
3036 2863 3239 2916 bonum
3271 2876 3396 2914 con-

1828 2967 2054 3024 servabo
2089 2985 2101 3020 :
2137 2973 2230 3018 aut
2255 2978 2440 3017 eorum
2472 2961 2566 3031 qui
2609 2960 2918 3014 indecenter
2950 2956 3016 3009 ad
3067 2953 3396 3020 voluptatem

1828 3059 2189 3118 declinarunt,
2217 3056 2330 3109 sive
2353 3069 2543 3107 eorum
2568 3052 2658 3120 qui
2683 3048 2998 3104 idololatria!
3017 3046 3169 3098 valde
3196 3040 3395 3096 addicti

1832 3151 2000 3204 furere.
2065 3147 2188 3202 Haec
2234 3145 2378 3199 enim
2415 3144 2573 3196 nobis
2610 3139 2937 3210 signiﬁcavit
2983 3152 3077 3205 per
3113 3134 3298 3187 Rabab
3343 3141 3395 3186 et

1831 3239 2182 3310 Babylonem.
2243 3236 2375 3290 Ecce
2415 3235 2720 3302 alienigena:
2763 3240 2811 3283 ct
2866 3228 3036 3298 Tyrus
3073 3236 3119 3279 et
3173 3224 3394 3294 populus

1830 3329 2162 3399 {Ethiopimn
2253 3326 2437 3381 Palam
2472 3324 2558 3378 his
2588 3323 2767 3376 verbis
2798 3320 3090 3374 cdoccmur
3119 3331 3183 3369 ex
3219 3313 3395 3368 omni—

1830 3424 1932 3479 bus
1962 3422 2209 3494 gentibus
2240 3416 2536 3472 Ecclesiam
2565 3423 2835 3468 constare.

1903 3516 1954 3568 5.
1991 3513 2162 3566 Mater
2190 3509 2318 3563 Sion
2355 3509 2529 3559 dicet:
2564 3504 2731 3556 "omo
2752 3541 2767 3566 ,
2799 3513 2845 3555 et
2879 3502 3029 3553 homo
3057 3509 3212 3552 natus
3241 3506 3316 3550 est
3345 3496 3400 3547 in

1831 3625 1909 3660 ea.
1942 3604 2164 3656 Matrem
2197 3599 2365 3660 dicit,
2419 3594 2770 3649 manifestum
2819 3602 2999 3644 autem
3031 3597 3115 3643 est
3161 3603 3261 3640 nos
3307 3585 3401 3654 qui

1832 3695 2108 3752 credimus
2144 3691 2194 3744 id
2225 3688 2378 3743 Sioui
2406 3687 2518 3743 sive
2543 3684 2798 3738 Ecclesia:
2824 3681 3179 3748 ascripturos,
3212 3677 3261 3728 in
3295 3691 3401 3744 qua

1832 3798 1916 3844 est
1938 3789 2122 3848 homo,
2157 3784 2269 3838 sive
2293 3782 2338 3837 is
2365 3781 2478 3850 ipse
2507 3778 2597 3848 qui
2629 3773 2872 3829 fundavit
2905 3787 3023 3826 eam
3099 3769 3198 3822 llic
3222 3776 3400 3820 autem

1832 3894 1909 3935 est
1943 3878 2034 3950 qui
2062 3892 2158 3947 pro
2198 3875 2353 3930 nobis
2387 3873 2550 3925 homo
2576 3868 2750 3922 factus
2780 3875 2861 3919 cst
2884 3907 2896 3929 ,
2921 3873 2973 3917 ct
3006 3879 3098 3932 qui
3135 3859 3404 3930 pollicitus

1834 3981 1918 4027 est
1952 3986 2009 4025 se
2033 3984 2195 4038 supra
2227 3976 2434 4036 petram
2469 3962 2859 4016 :editicaturum
2891 3956 3208 4010 Ecclesiam.

1906 4150 1958 4203 ti.
2000 4146 2254 4201 Dominus
2287 4140 2524 4194 narrabit
2577 4140 2631 4191 in
2677 4135 2957 4207 scripturis
3004 4132 3316 4203 populorum
3353 4139 3403 4183 et

1838 4243 2154 4312 principum.
2212 4235 2570 4302 Populorum,
2599 4229 2794 4299 inquit,
2819 4237 2870 4280 ct
2899 4226 3202 4296 principum
3232 4222 3324 4291 qui
3351 4222 3403 4274 in

1839 4336 1954 4402 ipsa
1985 4327 2220 4384 Ecclesia
2255 4335 2415 4378 erunt
2458 4325 2781 4391 scripturam
2821 4319 3082 4370 Dominus
3105 4314 3402 4369 enarrabit.

1840 4425 1906 4478 Et
1936 4440 2040 4494 qua
2077 4420 2285 4473 ratione
2320 4415 2474 4479 illud,
2505 4415 2606 4467 nisi
2635 4412 2761 4482 quia
2797 4409 3214 4477 descriptionem
3258 4406 3404 4457 illam

157 4494 312 4504 "'""
354 4494 697 4518 ’Ἶ”1Γ““ῘΊ⁷“
755 4494 863 4500 ·“τ“⁷
903 4494 1006 4508 ’“““ῖ
1063 4494 1145 4507 "‘v
1189 4494 1248 4512 ιι
1349 4494 1358 4505 1
1424 4494 1434 4510 ι
1520 4494 1530 4508 ι

156 4543 376 4614 νραῳὴν
403 4542 498 4610 τὴν
536 4541 833 4608 γενομένην
867 4541 924 4591 ἐν
977 4540 1088 4599 τοῖς
1138 4537 1406 4606 οὐρανοῖς,
1447 4533 1512 4600 ἣν
1578 4527 1728 4590 αὐτὸς

1843 4523 1894 4574 in
1925 4518 2074 4574 cmlis
2106 4515 2302 4567 tactam
2346 4512 2454 4564 illis
2507 4508 2620 4576 ipse
2661 4503 2906 4557 narrabit
2934 4501 3119 4554 dicens
3145 4498 3186 4528 ¹⁹
3217 4514 3229 4549 :
3262 4494 3406 4547 Cau~

1865 4611 1873 4614 ⁸
2061 4609 2069 4614 ⁵
2273 4604 2282 4614 ⁸
2497 4610 2506 4614 -
2640 4613 2646 4614 κ
2693 4599 2702 4607 ¹
2748 4605 2759 4614 ι
2862 4611 2887 4614 μ-
2917 4603 2948 4614 γι
2987 4593 3035 4614 tu
3074 4588 3204 4614 -.ι-12..
3232 4589 3253 4614 ο

161 4637 344 4696 αὐτοῖς
375 4633 690 4701 διηγήσεται
721 4631 892 4697 λέγων
918 4646 930 4658 ·
968 4627 1229 4695 Χαίρετε,
1262 4626 1350 4678 ὅτι
1378 4624 1450 4677 τὰ
1479 4620 1738 4687 ὀνόματα

163 4726 332 4794 ὑμῶν
359 4725 585 4794 ἐγράφη
611 4723 679 4775 ἐν
707 4722 831 4787 τοῖς
855 4719 1166 4789 (inpar-07c;

246 4816 343 4879 Ὠς
378 4811 863 4882 εὐφραινομένων
895 4811 1136 4864 πάντων
1169 4810 1207 4876 ἠ
1235 4807 1507 4860 κατοικία
1527 4804 1594 4857 ἐν
1617 4802 1736 4854 σοι.

163 4909 354 4966 Ὅταν,
394 4906 590 4973 φησὶν,
649 4906 705 4956 ἐν
748 4903 830 4954 σοὶ
893 4904 1110 4956 πάντων
1169 4903 1200 4970 ἡ
1255 4899 1508 4953 κατοικία
1546 4893 1654 4947 τῶν
1682 4895 1739 4944 ὲν

161 5005 228 5070 τῇ
267 4998 563 5068 Ἐκκλησία
589 4998 831 5067 γένηται,
865 4995 985 5047 τότε
1030 4996 1123 5048 καὶ
1169 4993 1502 5062 εὐφροσύνης
1534 4988 1742 5040 ἔσονται

165 5094 418 5163 πλήρεις.

177 5187 316 5254 ᾬδὴ
362 5187 676 5239 sumne)"
702 5184 824 5249 τοῖς
852 5181 1002 5247 υἱοῖς
1036 5179 1200 5248 Κορέ.
1247 5180 1349 5242 Εἰς
1373 5171 1544 5241 τέλος
1593 5177 1742 5244 ὑπὲρ

235 5277 472 5331 Μαελὲθ
496 5276 598 5330 τοῦ
644 5274 1054 5341 ἀποκριθῆναι,
1096 5257 1400 5335 συιθέσεως
1459 5271 1634 5334 Ἐθαμ
1663 5268 1742 5333 τῷ

253 5369 622 5435 Ἰσραηλίτῃ.
658 5366 787 5419 ΠΖἏ

778 5458 792 5476 ”
805 5460 1106 5520 Υπόθεσις.

1840 4611 1953 4664 dcte
1983 4609 2106 4678 quia
2141 4604 2358 4658 nomina
2402 4610 2573 4654 rostra
2599 4599 2795 4666 scripta
2830 4603 2949 4649 sunt
2986 4593 3038 4645 in
3067 4588 3253 4644 ca'lis?

1916 4787 1965 4837 7.
2025 4782 2170 4836 Sicut
2212 4779 2508 4835 Ia'tautium
2558 4777 2790 4828 omnium
2833 4771 3090 4823 habitatio
3125 4779 3199 4820 est
3237 4768 3289 4818 in
3337 4774 3403 4816 te.

1845 4875 2094 4943 Quando,
2133 4876 2243 4935 ait,
2274 4871 2516 4925 omnium
2557 4867 2648 4936 qui
2683 4867 2734 4918 in
2767 4863 3006 4917 Ecclesia
3039 4871 3165 4915 sunt
3201 4857 3407 4910 habita-

1846 4971 1918 5021 tio
1954 4968 2005 5019 in
2039 4976 2089 5018 te
2119 4964 2303 5026 fuerit,
2339 4972 2467 5015 tunc
2497 4958 2678 5012 laetitia
2711 4955 2851 5024 pleni
2886 4963 3063 5006 Cl‘lllll.

1853 5167 1897 5220 1.
1934 5164 2209 5218 Canticum
2244 5156 2538 5213 PSALJH.
2599 5153 2663 5206 In
2703 5153 2857 5222 liuent
2912 5168 3004 5220 pro
3051 5149 3309 5202 blalreleth
3342 5148 3409 5200 ad

1921 5256 2358 5326 respondendum,
2382 5251 2680 5306 intellectus
2714 5247 2903 5299 lit/mm
2936 5244 3196 5299 Israelita:
3225 5241 3406 5312 [Vulg

1918 5367 2039 5405 cum
2069 5350 2228 5404 llebr.
2261 5345 2448 5398 Etliam
2490 5341 2802 5412 Ifzraliitte].
2834 5337 3035 5392 LXXX
3058 5335 3181 5389 ΠΙ.

2432 5440 2829 5504 Argumentum.

201 5557 271 5608 Ἐν
318 5542 492 5620 τούτῳ
531 5568 607 5618 τῳ
674 5547 872 5618 ψαλμῴ
919 5548 945 5598 ό
983 5547 1075 5598 τοῦ
1133 5543 1367 5614 Χριστοῦ
1435 5544 1728 5616 εἰσιρέρετα1

1848 5536 1900 5589 In
1933 5538 2034 5590 hoc
2082 5534 2290 5605 psalmo
2335 5529 2535 5584 Christi
2571 5544 2740 5588 mors,
2774 5541 2934 5594 quam
2970 5539 3065 5592 pro
3100 5520 3254 5574 nobis
3288 5537 3408 5574 sus-

243 5646 491 5706 Θὰνατος,
523 5642 580 5695 ὃν
612 5642 747 5710 ὑπὲρ
778 5639 931 5710 ἡμῶν
989 5637 1287 5702 ἁπδέξατσ
1322 5637 1468 5699 ὅπως
1512 5635 1603 5690 καὶ
1637 5639 1744 5700 τοῖς

246 5788 288 5819 ³³
349 5785 492 5840 Psal.
523 5799 708 5850 cxxst,
744 5782 825 5836 N.
909 5781 948 5811 "
973 5777 1103 5834 Luc.
1144 5795 1194 5845 χ,
1226 5777 1312 5831 2t).

1919 5633 2094 5702 cepit,
2156 5636 2490 5685 memoratur
2535 5643 2547 5678 :
2587 5634 2644 5679 ut
2684 5633 2967 5692 postquam
3004 5617 3286 5688 spiritibus
3316 5615 3406 5686 qui
