4070 6436
236 388 337 445 381

1285 384 1647 441 EXPOSlTlO
1686 385 1750 438 IN
1790 384 2117 441 PSALMUM
2157 384 2442 440 LXXXVII

3368 389 3473 444 382

234 505 380 571 τοῖς.
413 506 555 575 Ὅρα
590 503 704 565 πῶς
730 503 824 555 καὶ
862 502 1025 573 μέχρι
1055 501 1149 556 νῦν
1190 502 1431 557 Ἰουδαῖοι
1482 503 1544 555 τὸ
1574 502 1801 574 Χριστοῦ

1911 518 2038 556 num
2065 501 2237 557 Judaei
2284 500 2486 556 Christi
2522 515 2718 557 nomen
2762 512 3132 558 exsecrentur.
3219 502 3473 560 Traditus

234 598 406 666 ὄνομα
447 594 838 665 βδελύσσονται.
882 591 1244 661 Παρεδόθην,
1294 594 1394 647 καί
1444 596 1555 648 οὐκ
1598 594 1806 658 ἐξεπο-

223 688 515 755 ρευόμην.
553 685 721 740 Τοῦτό
759 701 910 755 φησι,
936 684 1024 737 διὰ
1050 685 1110 738 τὸ
1130 685 1511 741 κατάκλειστον
1540 688 1699 741 αὐτὸν
1719 704 1810 755 γε·

231 780 420 832 νέσθαι
449 780 506 833 ὲν
536 781 603 848 τῇ
633 777 779 847 οἰκίᾳ
804 777 896 830 τοῦ
926 778 1389 848 ἀρχισυναγώγου.

308 875 374 925 Ol
421 872 714 940 ὀφθαλμοί
758 889 877 939 μου
922 872 1276 940 ήσθένησαν
1326 871 1443 925 ἀπὸ
1492 871 1806 939 πτωχείας.

242 964 665 1032 Ἀπεκλαιόμην,
704 964 885 1033 φησὶν,
918 964 1056 1035 ὑπὲρ
1096 964 1189 1017 τοῦ
1239 963 1391 1027 λαοῦ,
1439 961 1559 1016 ίδὼν
1615 964 1810 1027 αὐτοὺς

228 1056 329 1109 τοῦ
359 1056 500 1109 κατά
541 1056 672 1109 Θεὸν
701 1056 927 1109 πλούτου
961 1056 1392 1126 ὲκπεσουμένους
1423 1057 1514 1109 καὶ
1556 1058 1636 1118 είς
1664 1072 1811 1109 πτω·

231 1151 389 1221 χείαν
421 1150 919 1219 κατενηνεγμένους
950 1150 1203 1220 ἐσχάτην.

320 1240 645 1308 Ἐκέκραξα
675 1240 823 1307 πρὸς
854 1239 947 1302 σὲ,
982 1242 1177 1306 Κύριε,
1206 1241 1357 1305 ὅλην
1402 1237 1516 1305 τὴν
1558 1238 1804 1306 ἡμέραν.

235 1332 377 1385 Ἕνα
427 1333 605 1386 τοίνυν
641 1335 804 1403 πόρον
853 1331 941 1393 δὸς
982 1331 1084 1401 τῆς
1116 1331 1223 1383 τῶν
1254 1330 1439 1383 δεινῶν
1465 1330 1804 1399 ἀπαλλαγῆς,

230 1426 334 1495 τὴν
390 1424 508 1493 σὴν,
538 1424 803 1485 Δέσποτα,
839 1424 1195 1494 προμηθείαν.
1236 1422 1518 1476 Ἐκτείνων
1568 1423 1675 1493 γὰρ
1723 1423 1808 1475 ἀεὶ

231 1514 332 1578 τὰς
368 1518 551 1586 χεῖρας
588 1513 848 1566 ἀντιϐολῶ
883 1530 960 1566 σε.
990 1514 1101 1584 Τὴν
1148 1512 1346 1583 πικράν
1391 1513 1447 1566 δὲ
1496 1514 1594 1583 τῆς
1634 1512 1808 1582 ψυχῆς

231 1606 428 1676 ὀδύνην
468 1605 623 1661 τοῦτο
660 1606 719 1657 τὸ
753 1605 940 1675 σχῆμα
988 1604 1153 1675 δηλοῖ.
1172 1605 1307 1657 Ὑπὸ
1360 1604 1466 1675 γὰρ
1500 1606 1593 1674 τῆς
1622 1604 1808 1676 χρείας

230 1698 695 1768 ἀναγκαζόμενος,
720 1698 1031 1751 σπουδαιότε
1042 1697 1130 1769 ρόν
1150 1715 1231 1761 τις
1253 1697 1482 1750 ἱκετεύει
1505 1696 1807 1750 τδν’δοῦναι

232 1792 554 1860 δυνάμενον.

1911 610 2049 654 sum.
2078 607 2126 648 et
2156 610 2259 648 non
2286 594 2607 664 egrediebar.
2650 593 2767 649 Hoc
2794 595 2871 649 ait
2897 596 3024 666 quia
3055 595 3345 653 conclusus
3372 597 3475 652 fuit

1912 684 1963 737 in
1994 686 2155 738 domo
2184 683 2444 753 principis
2473 697 2777 753 synagoga.

1985 862 2071 915 10.
2114 861 2269 916 Oculi
2326 863 2427 915 mei
2472 861 2788 931 languerunt
2839 878 2949 930 prie
2982 862 3185 931 inopia.
3229 861 3471 931 Flebam,

1909 954 2105 1022 inquit,
2147 969 2244 1022 pro
2274 953 2480 1022 populo
2511 966 2741 1008 cernens
2771 967 2866 1007 eos
2894 968 2923 1006 a
2959 952 3194 1017 divitiis,
3239 968 3361 1022 qua:
3387 968 3474 1007 se-

1914 1045 2151 1099 cundum
2178 1043 2345 1097 Deum
2380 1053 2528 1109 sunt,
2562 1043 2629 1098 ad
2657 1054 2957 1098 extremam
2987 1053 3355 1115 paupertatem
3380 1045 3475 1099 de-

1908 1136 2109 1206 lapsos.

1980 1228 2067 1281 11.
2092 1225 2331 1281 Clamavi
2356 1226 2425 1280 ad
2449 1236 2518 1289 te,
2546 1224 2785 1293 Domine,
2821 1237 2931 1280 tota
2961 1227 3065 1281 die.
3107 1226 3286 1281 Unum
3317 1227 3473 1282 nobis

1908 1318 2111 1373 exitum
2149 1325 2208 1371 ut
2249 1332 2277 1370 a
2309 1316 2463 1370 malis
2493 1316 2790 1371 liberemur
2834 1315 3092 1385 praebeto,
3143 1325 3313 1379 tuam,
3361 1313 3472 1371 Do-

1908 1411 2076 1473 mine,
2101 1407 2518 1479 providentiam.
2553 1406 2687 1461 Nam
2724 1422 2939 1478 semper
2959 1424 3153 1463 manus
3177 1408 3473 1463 extendens

1908 1512 1961 1556 te
1991 1503 2271 1570 deprecor.
2305 1498 2403 1554 Hic
2441 1513 2606 1569 porro
2634 1498 2855 1554 habitus
2882 1500 3137 1554 acerbum
3180 1500 3344 1553 animi
3375 1500 3473 1553 do-

1906 1594 2077 1648 lorem
2114 1593 2336 1647 indicat.
2391 1589 2719 1646 Necessitate
2758 1592 2959 1661 quippe
3002 1602 3221 1647 coactus
3246 1591 3473 1660 quilibet

1908 1683 2095 1747 homo,
2132 1682 2430 1738 ferventius
2451 1682 2500 1737 ei
2519 1682 2785 1753 supplicat
2806 1682 2897 1753 qui
2927 1683 2978 1737 id
3012 1682 3243 1737 tribuere
3272 1692 3470 1753 potest.

307 1845 403 1949 Ml]
454 1883 578 1948 τοῖς
626 1882 859 1949 νεκροῖς
905 1880 1177 1947 ποιήσεις
1229 1879 1569 1950 θαυμάσιας
1605 1879 1801 1947 'Iatpol

1979 1879 2062 1931 12.
2096 1875 2351 1945 Nunquid
2381 1876 2601 1929 mortuis
2618 1876 2780 1945 facies
2805 1876 3073 1929 mirabilia
3092 1876 3115 1928 .’
3134 1874 3324 1927 Medici
3353 1891 3471 1928 sus-

230 1972 692 2037 ιὶνιιστήσουσι;
717 1974 828 2035 Τάς
862 1974 1039 2036 αἰτίας
1058 1975 1201 2043 ἡμᾶς
1224 1972 1459 2025 διδάσκει
1482 1972 1581 2043 τῆς
1611 1974 1690 2035 είς
1714 1972 1806 2024 τὸν

232 2065 464 2116 θάνατον
516 2063 680 2116 αὑτοῦ
736 2063 985 2127 καθόδου,
1016 2064 1291 2134 μονονουχὶ
1337 2063 1541 2131 λέγων’
1588 2063 1804 2133 Ἐπειδὴ

229 2154 355 2208 οὔτε
402 2158 613 2225 νεκροῖς
668 2156 907 2220 δυνατὸν,
942 2159 1093 2227 φησὶ,
1133 2156 1459 2227 ποιήσασθαι
1506 2156 1801 2226 θαυμάσια,

229 2248 357 2301 οὔτε
401 2250 603 2319 ἰατροῖς
631 2250 971 2318 ἀναστῆσαι,
1022 2250 1105 2302 ἵνα
1149 2247 1645 2318 ὲξομολογήσωνταί
1698 2265 1802 2310 σοι,

228 2339 355 2392 οὗτε
389 2340 493 2409 μὴν
525 2342 572 2392 οί
606 2342 663 2393 ὲν
692 2344 757 2410 τῇ
787 2340 1030 2410 ἀπωλείᾳ
1055 2339 1269 2392 δυνατοὶ
1298 2334 1437 2409 ἦσαν
1481 2338 1683 2407 γνῶναί
1712 2355 1803 2391 σου

227 2428 328 2496 τὴν
375 2430 657 2497 ἀλήθειανο
697 2429 886 2481 τούτου
933 2430 1110 2500 χάριν,
1137 2423 1182 2483 ὦ
1216 2430 1413 2500 Πάτερ,
1444 2430 1538 2482 καὶ
1587 2432 1697 2491 τοῖς
1748 2432 1805 2481 ὲν

226 2518 358 2589 ᾅδου
393 2519 882 2591 καταλελόγισμαι·
931 2522 1017 2573 ἴνα
1050 2522 1379 2584 ἀναστάντες
1407 2521 1455 2572 οἱ
1489 2522 1546 2571 ὲν
1585 2522 1650 2590 τῇ
1689 2520 1804 2571 ὲπι-

227 2611 537 2685 λελησμένῃ
588 2616 658 2683 γῇ
704 2614 797 2667 καὶ
842 2613 951 2666 τῶν
1003 2613 1320 2684 Θαυμασίων
1361 2630 1455 2665 σου
1485 2616 1677 2683 πεῖραν
1705 2612 1802 2665 λά-

227 2703 397 2767 ϐοιεν,
433 2705 527 2756 καὶ
572 2705 937 2775 διηγήσωνται
982 2708 1032 2757 οἰ
1087 2706 1251 2758 πάλαι
1298 2707 1356 2756 ὲν
1386 2704 1465 2775 τῷ
1495 2705 1673 2757 σκότει
1704 2705 1803 2775 τὴν

226 2793 487 2862 ἀλήθειάν
516 2810 628 2846 σου.

302 2884 395 2951 Μὴ
425 2885 774 2952 διηγήσεταί
811 2903 900 2953 τις
939 2886 1008 2939 ἐν
1040 2886 1119 2953 τῷ
1148 2887 1309 2956 τάφῳ
1331 2886 1414 2940 ’τὸ
1452 2887 1623 2954 ἔλεός
1653 2902 1802 2952 σου;

226 2975 319 3044 Μὴ
345 2975 588 3039 δυνατὸν,
616 2978 768 3046 φησι,
787 2978 911 3039 τοὺς
938 2978 1014 3038 εἰς
1036 2976 1181 3029 κόνιν
1208 2975 1553 3039 διαλυθέντας
1578 2979 1802 3048 νεκροὺς

227 3068 323 3119 καὶ
358 3069 415 3119 ἐν
460 3067 538 3137 τῷ
574 3066 720 3135 ζόφῳ
769 3066 861 3119 τοῦ
916 3068 1144 3120 θανάτου
1199 3068 1503 3135 διάγοντας,
1539 3070 1630 3121 καὶ
1662 3068 1800 3139 λήθῃ

1906 1969 2183 2023 citabunt?
2222 1966 2331 2022 Nos
2357 1967 2546 2022 edocet
2586 1982 2708 2037 qua
2746 1982 2908 2023 causa
2952 1968 3023 2022 sit
3086 1966 3228 2036 quod
3285 1969 3472 2021 mortis

1906 2074 2148 2133 tempore
2203 2060 2564 2123 descenderit,
2631 2067 2839 2113 tantum
2899 2073 3007 2112 non
3066 2056 3139 2111 ita
3202 2056 3467 2127 loquens:

1905 2156 2194 2223 Quoniam,
2243 2152 2438 2223 inquit,
2470 2165 2648 2221 neque
2679 2150 2881 2205 mortui
2926 2159 3156 2219 possunt
3202 2147 3470 2203 mirabilia

1905 2250 2104 2315 facere,
2138 2264 2312 2319 neque
2344 2246 2536 2301 medici
2568 2245 2832 2299 suscitare
2860 2252 2917 2297 ut
2948 2241 3307 2296 conﬁteantur
3327 2238 3424 2292 tibi
3452 2276 3469 2302 ,

1906 2357 2080 2414 neque
2102 2342 2138 2395 ii
2171 2340 2263 2411 qui
2292 2339 2346 2393 in
2382 2336 2619 2408 pernicie
2651 2342 2806 2391 erant
2848 2347 3010 2387 nosse
3046 2340 3302 2401 poterant
3327 2330 3471 2384 veri-

1905 2446 2069 2490 tatem
2111 2444 2282 2497 tuam,
2341 2429 2507 2500 hujus
2557 2429 2632 2483 rei
2666 2427 2859 2497 gratia,
2888 2440 2921 2479 ο
2964 2422 3155 2487 Pater,
3187 2429 3474 2492 repntatus

1904 2542 2024 2582 sum
2072 2540 2196 2579 cum
2246 2524 2314 2578 iis
2339 2523 2431 2592 qui
2467 2530 2595 2575 sunt
2645 2520 2700 2573 in
2751 2517 3005 2580 inferno;
3041 2524 3103 2569 ut
3126 2514 3377 2571 suscitati
3430 2512 3470 2567 ii

1903 2617 1996 2686 qui
2035 2623 2162 2669 sunt
2201 2612 2255 2667 in
2297 2622 2439 2667 terra
2495 2609 2808 2673 oblivionis,
2862 2608 3195 2661 mirabilium
3249 2615 3468 2659 tuorum

1902 2708 2331 2778 experimentum
2384 2703 2671 2772 accipiant,
2722 2710 2775 2754 et
2810 2700 2903 2770 qui
2960 2698 3089 2753 olim
3129 2699 3183 2752 in
3230 2698 3472 2755 tenebris

1902 2807 2058 2856 erant
2079 2807 2332 2854 enarrent
2361 2798 2638 2851 veritatem
2671 2806 2838 2849 tuam.

1976 2893 2062 2944 15.
2096 2890 2351 2959 Nunquid
2374 2889 2639 2942 enarrabit
2672 2888 2863 2955 aliquis
2894 2887 2948 2939 in
2998 2884 3234 2954 sepulcro
3262 2882 3469 2935 miseri-

1903 2984 2137 3037 cordiam
2170 2993 2313 3034 tuam
2335 2982 2359 3034 .’
2380 2978 2519 3033 Num
2556 2988 2751 3049 potest,
2780 2978 2976 3046 inquit,
3009 2977 3143 3043 ﬁeri,
3179 2987 3235 3030 ut
3268 2976 3468 3031 mortui

1904 3075 1956 3128 in
1995 3076 2269 3145 pulverem
2308 3073 2508 3127 redacti
2556 3072 2649 3141 qui
2694 3072 2748 3124 in
2790 3070 2980 3124 umbra
3017 3069 3209 3123 mortis
3241 3069 3465 3138 degunt.

224 3158 708 3229 παραδεδομένους,
741 3158 840 3227 τῆς
872 3161 969 3227 σῆς
1001 3158 1218 3210 ἔσεσθαι
1251 3158 1673 3229 φιλανθρωπίας,
1710 3163 1801 3212 καὶ

1903 3176 1956 3220 et
1991 3167 2250 3221 oblivioni
2274 3166 2453 3219 traditi
2482 3174 2628 3231 sunt,
2654 3172 2757 3217 tua:
2784 3163 2893 3218 sint
2921 3162 3221 3217 clementia:
3246 3160 3470 3231 partici-

220 3251 333 3303 τῶν
365 3252 471 3303 σῶν
493 3251 781 3319 θαυμάτων
814 3250 1009 3313 θεατὰς
1034 3250 1372 3319 καταστῆσαι
1401 3266 1415 3313 ;

300 3347 397 3414 Μὴ
450 3346 865 3413 γνωσθήσεται
909 3344 979 3397 ἐν
1024 3344 1103 3410 τῷ
1146 3346 1345 3398 σκότει
1388 3344 1460 3397 τὰ
1506 3343 1804 3413 θαυμάσιά

222 3453 382 3499 σου;
410 3438 619 3505 ’Ὠσπερ
660 3438 716 3487 ἐν
761 3438 871 3496 τοῖς
899 3433 1228 3487 ἀπολωλόσιν
1257 3435 1355 3487 οὐκ
1384 3433 1525 3486 ἔστιν
1557 3433 1799 3504 ἀλήθεια,

219 3523 397 3587 οὕτως
444 3526 499 3576 ὲν
544 3527 654 3586 τοῖς
685 3523 1084 3592 ὲσκοτισμένοις
1117 3524 1216 3573 οὐκ
1246 3522 1358 3574 ἐστι
1388 3524 1685 3593 θαυμάσια.
1723 3526 1799 3593 Γῆ

221 3614 621 3685 ἐπιλελησμένη
654 3615 769 3666 ἐστὶ
795 3613 940 3685 ψυχὴ
974 3613 1163 3685 λογικὴ
1196 3613 1305 3666 τῶν
1328 3612 1423 3667 τοῦ
1450 3614 1603 3682 ἁγίου
1628 3614 1799 3667 Πνεύ-

222 3723 398 3780 ματος
428 3708 623 3777 ὲστερη
634 3707 768 3777 μένη
796 3706 1042 3779 καρπῶν.

298 3802 421 3854 Ἵνα
469 3800 543 3863 τί,
586 3802 781 3869 Κύριε,
821 3799 1073 3865 ἀπωθεῖς
1104 3800 1217 3866 τὴν
1248 3800 1459 3871 ψυχήν
1485 3818 1624 3870 μου,
1651 3800 1798 3853 ἀπο-

221 3891 500 3960 στρέφεις
528 3890 595 3943 τὸ
624 3892 946 3957 πρόσωπόν
977 3906 1091 3945 σου
1115 3893 1215 3946 ἀπ’
1237 3893 1413 3961 ἐμοῦ;
1448 3892 1505 3945 '0
1543 3893 1638 3962 μὲν
1662 3892 1798 3964 ὑπὲρ

216 3982 316 4036 τοῦ
350 3980 480 4034 λαοῦ
518 3980 873 4051 προσηύχετο,
898 3982 945 4031 οί
972 3980 1026 4032 δὲ
1054 3981 1300 4045 ἀναξίους
1330 3984 1550 4045 ἑαυτοὺς
1576 3982 1674 4051 τῆς
1697 4000 1800 4034 ow-

216 4075 418 4143 τηρίας
466 4072 530 4125 δι’
565 4070 867 4142 ὑπερϐολὴν
924 4072 1121 4135 κακίας
1168 4073 1585 4143 ἀποφαίνονται·
1638 4075 1799 4126 οἱονεῖ⁸

222 4182 503 4219 ιποακτον
555 4163 720 4219 αὑτοῦ
766 4163 863 4235 τὴν
912 4164 1050 4236 ὑπὲρ
1096 4166 1272 4218 αὐτῶν
1325 4165 1685 4229 καθιστῶντες
1712 4167 1798 4218 εὑ-

218 4260 344 4329 χήν.

291 4349 532 4417 Πτωχός
556 4350 671 4416 εἰμι
694 4348 808 4417 ἐγὼ
827 4350 923 4403 καὶ
949 4351 1018 4403 ἐν
1038 4350 1245 4415 κόποις
1265 4350 1332 4403 ἐκ
1355 4351 1633 4418 νεότητός
1652 4368 1791 4419 μου.

216 4443 441 4512 Πτωχὸς
470 4443 566 4512 μὲν
591 4442 679 4493 διὰ
709 4442 768 4491 τὺ
799 4442 981 4495 δούλου
1012 4442 1193 4494 λαϐεῖν
1231 4445 1441 4515 μορφήν
1460 4461 1472 4473 ·
1508 4445 1566 4496 ὲν
1607 4442 1791 4505 κόποις

1902 3272 2015 3327 pes,
2044 3266 2097 3311 et
2137 3265 2350 3309 tuornni
2386 3256 2714 3309 mirabilium
2742 3252 3151 3323 Speculatores?

1974 3349 2063 3403 H.
2102 3346 2355 3417 Nunquid
2410 3356 2785 3416 cognoscentur
2836 3346 2890 3396 in
2932 3342 3155 3397 tenebris
3195 3341 3467 3395 mirabilia

1904 3441 2037 3494 tua?
2078 3438 2542 3506 Quemadmodum
2579 3437 2720 3507 apud
2758 3450 2852 3491 eos
2904 3436 2996 3507 qui
3028 3438 3307 3507 perierunt
3358 3454 3465 3491 non

1901 3541 1983 3585 est
2002 3532 2229 3593 veritas;
2259 3530 2329 3583 ita
2357 3532 2495 3597 apud
2521 3544 2613 3582 eos
2646 3528 2741 3596 qui
2796 3528 2849 3580 in
2898 3528 3136 3583 tenebris
3171 3540 3317 3591 sunt,
3356 3544 3466 3583 non

1901 3630 2027 3675 sunt
2053 3620 2340 3673 mirabilia.
2374 3619 2540 3672 Terra
2563 3619 2871 3685 oblivionis,
2899 3628 2982 3673 est
3007 3620 3186 3672 anima
3220 3622 3463 3673 rationa-

1900 3712 1966 3766 lis
1996 3711 2260 3765 l'ructibus
2296 3709 2532 3780 Spiritus
2561 3710 2734 3765 sancti
2770 3712 2994 3779 privata.

1973 3803 2057 3857 l5.
2102 3801 2319 3871 thuid,
2370 3804 2625 3865 Domine,
2676 3802 2881 3869 repellis
2937 3802 3227 3856 orationem
3273 3818 3462 3858 meam.

1900 3898 2091 3951 avertis
2126 3896 2313 3965 faciem
2346 3905 2489 3947 tuam
2513 3910 2545 3945 a
2576 3909 2655 3946 me
2675 3894 2700 3944 .9
2728 3894 2824 3947 Ille
2866 3894 3085 3962 quidem
3134 3909 3232 3963 pro
3265 3896 3463 3963 populo

1899 3988 2241 4057 precabatur,
2294 3985 2393 4053 ipsi
2444 3998 2572 4036 vero
2616 3982 2685 4037 ob
2720 3984 2989 4051 ingentem
3046 3984 3307 4037 malitiam
3344 3999 3463 4038 sese

1900 4080 2072 4133 salute
2103 4076 2356 4143 indignos
2391 4075 2643 4140 reddunt,
2681 4074 2753 4127 ita
2788 4084 2846 4127 ut
2873 4074 2990 4143 ejus
3023 4074 3325 4129 orationem
3362 4089 3458 4145 pro

1900 4168 2029 4235 ipsis
2058 4165 2293 4219 oblatam
2323 4164 2478 4233 quasi
2513 4164 2757 4218 inutilem
2786 4162 3039 4219 elliciant.

1971 4342 2055 4395 16.
2100 4339 2315 4412 Pauper
2345 4357 2459 4396 sum
2509 4358 2600 4411 ego
2627 4351 2676 4393 et
2714 4343 2768 4394 in
2814 4340 3082 4395 laboribus
3120 4359 3153 4395 α
3186 4353 3461 4412 Juventule

1897 4454 2031 4490 mea.
2072 4434 2283 4505 Pauper
2307 4436 2523 4505 quidem
2561 4434 2689 4503 quia
2736 4435 2876 4489 servi
2928 4434 3160 4490 formam
3213 4439 3456 4507 accepit;

213 4538 273 4590 δὲ
306 4538 368 4587 ὲκ
397 4538 665 4603 νεότητος,
711 4532 841 4584 διότι
886 4535 948 4585 ὲκ
996 4532 1322 4602 σπαργάνων
1368 4534 1545 4587 αὐτῶν
1571 4534 1795 4587 ἐπεὸουο

1903 4531 1949 4583 in
1983 4530 2261 4585 laboribus
2300 4540 2480 4582 autem
2533 4544 2561 4582 a
2590 4530 2891 4599 juventute,
2930 4531 3058 4600 quia
3092 4532 3161 4586 ab
3196 4533 3329 4601 ipsis
3370 4533 3457 4588 in-

214 4629 405 4681 λιύετο
454 4627 603 4698 παρά
654 4641 712 4677 τε
773 4626 1009 4697 Ἡρώδου
1068 4625 1161 4678 καὶ
1216 4625 1324 4677 τῶν
1375 4628 1573 4696 ὁμοίων
1622 4626 1787 4697 αὐτῷ.

226 4720 505 4789 ’Υψιωθεὶς
539 4718 607 4772 δὲ
635 4716 1035 4784 ἐταπεινώθην
1072 4716 1169 4770 καὶ
1204 4717 1793 4787 ἐξηπορήθηνῧΐψω-

1894 4623 2199 4688 cunabulis,
2227 4621 2460 4677 Herodis
2488 4632 2542 4677 et
2573 4624 2831 4677 similium
2865 4624 2966 4694 ipsi
3008 4625 3288 4679 hominum
3318 4626 3456 4681 insi-

1889 4715 1997 4797 {liis
2031 4715 2301 4785 appetitus
2339 4723 2443 4770 est.
2491 4713 2775 4768 Exaltatus
2806 4726 2981 4769 autem
3009 4716 3318 4771 humiliatus
3338 4732 3457 4771 sunt

215 4831 302 4867 σιν
334 4813 431 4884 μὲν
461 4811 559 4882 τὴν
605 4811 698 4863 ἐπὶ
744 4807 837 4863 τοῦ
872 4809 1103 4881 σταυροῦ
1148 4808 1332 4863 ἀνοδόν
1365 4826 1517 4880 φησι,
1560 4811 1696 4863 κατά
1732 4808 1787 4863 τὺ

1903 4816 1938 4859 ιι
2000 4805 2361 4859 conturbatus.
2415 4804 2804 4860 Exallationem
2858 4806 2990 4859 dicit
3035 4822 3322 4862 ascensum
3385 4808 3452 4862 ad

212 4905 504 4978 εἰρημένον
532 4901 804 4957 ὑπἀὐτοῦ
822 4918 835 4932 ·
872 4904 1049 4955 Ὅταν
1073 4900 1358 4970 ὑψώσητε
1386 4901 1494 4954 τὸν
1528 4900 1667 4955 Υίὸν
1680 4901 1787 4955 τοῦ

1903 4913 2103 4953 :rucem
2129 4942 2143 4965 ,
2175 4897 2331 4966 juxta
2375 4898 2425 4951 id
2469 4899 2611 4968 quod
2649 4898 2716 4952 ab
2744 4898 2836 4952 illo
2890 4899 3095 4953 dictum
3150 4909 3232 4953 est
3270 4919 3284 4953 :
3318 4899 3451 4955 Cum

210 4997 547 5066 ἀνθρώπου.
592 4995 666 5047 Τὸ
713 4995 788 5058 δὲ,
840 4992 1259 5061 ἐταπεινώθην,
1310 4992 1398 5045 διὰ
1443 4992 1542 5064 τὴν
1596 4992 1787 5063 μέχρις

1903 4991 2242 5044 εταίιαυιγὶιὶε
2278 4988 2472 5044 Filium
2508 4990 2733 5043 hominis
2768 4988 2829 5041 ".
2863 4987 2995 5044 lllud
3027 4999 3231 5055 autem,
3272 4991 3449 5047 Itunti-

212 5089 342 5141 ἆδου
376 5085 600 5139 κάθοδον
632 5084 802 5152 λέγει.

292 5179 413 5229 Ἐπ’
437 5175 541 5243 ἐμὲ
584 5173 838 5242 διῆλθον
883 5178 942 5228 αι
986 5173 1155 5243 ὀργαί
1184 5191 1321 5227 σου.
1358 5174 1565 5237 Πάσαν,
1604 5171 1785 5243 φησὶν,

213 5271 471 5339 ἐκίνησας
518 5269 636 5321 κατ’
667 5265 801 5338 ἐμοῦ
832 5268 927 5337 τὴν
954 5268 1121 5338 ὀργήν
1141 5282 1155 5297 ο
1203 5268 1297 5319 καὶ
1334 5269 1451 5327 ταῖς
1478 5266 1787 5335 φοϐερωτά-

1884 5084 2046 5138 liatus
2076 5099 2215 5149 sum,
2244 5082 2313 5138 de
2337 5097 2437 5138 suo
2470 5083 2523 5135 in
2558 5082 2830 5137 infernum
2859 5084 3123 5138 descensu
3155 5086 3250 5137 ait.

1958 5175 2047 5241 17,
2089 5175 2174 5228 18.
2207 5172 2274 5227 In
2313 5190 2393 5227 me
2436 5176 2757 5227 transierunt
2788 5177 2885 5229 ira:
2912 5185 3036 5239 tute,
3072 5186 3177 5230 etc.
3220 5174 3448 5231 Omnem

1884 5268 2044 5331 iram,
2073 5268 2268 5336 inquit,
2298 5267 2585 5322 adversum
2632 5282 2717 5320 me
2745 5267 2990 5321 excitasti
3018 5284 3032 5333 ;
3075 5277 3128 5321 et
3167 5268 3450 5323 terribilis-

208 5374 327 5420 ταις
362 5374 427 5427 με
460 5356 782 5427 διετάραξάς
808 5359 1117 5427 τιμωρίαις,
1145 5358 1237 5410 καὶ
1275 5356 1497 5420 ταύταις
1535 5356 1784 5428 καθάπερ

1903 5360 2041 5413 simis
2086 5373 2172 5411 me
2220 5358 2498 5427 suppliciis
2550 5354 2910 5423 conturbasti,
2956 5360 3133 5429 iisque
3162 5374 3259 5414 ceu
3286 5361 3446 5429 aquis

208 5448 397 5503 ὕδασιν
426 5448 751 5521 ὑποόρύχιόν
783 5468 850 5521 με
884 5451 1209 5519 πεποίηκας.

292 5540 655 5611 Ἐμάκρυνας
680 5542 780 5595 ἀπ’
812 5542 958 5613 ἐμοῦ
994 5544 1177 5612 φίλον
1220 5542 1315 5597 καί
1362 5544 1628 5611 πλησίον
1676 5543 1774 5599 καὶ

271 5760 324 5797 ⁸³
346 5758 503 5817 Joan.
530 5777 643 5827 vni,
669 5760 759 5816 τε.

1887 5465 1972 5503 me
2003 5450 2324 5505 demersisti.

1955 5543 2039 5598 19.
2072 5541 2348 5613 Elougasti
2371 5561 2403 5597 a
2434 5560 2512 5599 me
2540 5544 2768 5598 amicum
2793 5554 2843 5599 et
2879 5545 3199 5615 proximum,
3219 5553 3268 5599 et
3290 5550 3447 5601 notos
