4070 6468
604 435 714 492 385

1449 435 1506 488 S.
1547 434 1913 490 ATHANASII
1953 437 2104 494 OPP.
2146 435 2324 492 PARS
2363 433 2451 488 Ill.
2485 463 2555 472 —
2586 429 2992 486 EXEGETICA.

3733 425 3844 480 384

605 567 745 604 meos
794 567 825 604 a
859 553 1090 604 miseria.
1141 551 1409 605 Miscriam
1450 562 1606 604 vocat
1640 553 1908 620 passionis
1934 563 2167 621 tempus.

2273 550 2408 615 τοὺς
2448 549 2752 619 τνωστούς
2791 565 2907 614 μου
2951 544 3066 598 ἀπὸ
3112 541 3524 609 ταλαιπωρίας.
3555 540 3847 594 Ταλαιπω-

603 644 694 696 Ait
719 643 884 711 igitur
943 651 1183 712 tempore
1213 643 1480 711 passionis
1517 645 1724 699 amicos
1765 656 1818 699 et
1858 657 2015 701 notos
2047 648 2171 700 reli-

604 734 792 802 quisse
833 736 1032 803 ipsum.
1089 733 1166 787 Ac
1224 733 1483 802 quoniam
1540 734 1713 803 factus
1746 745 1822 788 est
1861 734 2011 788 Patri
2052 735 2171 789 obe-

604 826 753 879 diens
785 840 948 895 usque
975 825 1043 877 att
1073 835 1315 889 mortem,
1351 835 1570 878 mortem
1593 836 1766 887 autem
1788 827 1960 879 crucis
1996 827 2042 858 ”
2066 867 2080 891 ,
2115 829 2168 880 in

605 933 768 972 cruce
803 927 983 971 autem
1019 918 1240 973 relictus
1268 929 1351 973 est
1378 934 1406 971 a
1439 919 1755 986 discipulis,
1811 920 1931 973 ideo
1957 917 2167 973 Patrem

606 1025 766 1064 suum
796 1009 1082 1080 elongasse
1112 1012 1320 1065 amicos
1352 1019 1406 1064 et
1436 1020 1595 1066 notos
1616 1011 1766 1066 dicit.

603 1262 653 1317 1.
695 1260 1030 1318 PSALMUS
1076 1264 1367 1317 intellectus
1403 1262 1624 1316 ΑῖιΙιαιη
1675 1259 1939 1315 Israelita?
1987 1259 2168 1331 [Vulg.

717 1364 842 1403 eum
872 1348 1058 1412 Hebr.,
1081 1348 1303 1402 Ait/tam
1333 1345 1646 1418 Ezralritw].
1678 1344 1882 1398 LXXX
1902 1343 2064 1398 VIII.

1195 1432 1336 1501 Argu
1345 1449 1452 1484 men
1463 1441 1513 1483 tn
1524 1447 1592 1484 ιιι.

601 1520 655 1575 1η
696 1523 1048 1593 praesentibus
1075 1523 1280 1578 Christi
1310 1538 1375 1576 ex
1421 1523 1624 1577 semine
1657 1520 1822 1576 David
1873 1521 2173 1592 generatio-

670 1631 828 1675 nem,
878 1625 933 1669 et
983 1618 1102 1686 ejus
1138 1631 1388 1685 regnum,
1429 1615 1778 1679 vaticinatur,
1833 1614 2168 1682 insuperque

671 1710 963 1761 salutarem
996 1708 1305 1777 passionem
1340 1721 1501 1776 quam
1541 1720 1636 1775 pro
1685 1705 1845 1760 nobis
1887 1705 2168 1760 sustinuit.

675 1797 980 1853 Intellectus
1028 1808 1208 1852 autem
1241 1797 1536 1866 inscriptus
1572 1806 1689 1859 est,
1731 1798 1860 1866 quia
1905 1795 2168 1865 spirituali

2274 637 2393 707 ρίαν
2419 635 2508 686 τὸν
2529 633 2623 686 τοῦ
2648 631 2850 694 πάθους
2879 631 3068 701 καιρὸν
3097 630 3513 700 κατασημαίνει.
3542 628 3702 696 Λέγει
3722 625 3843 689 οὖν,

2270 728 2346 790 ὼς
2377 725 2529 797 παρὰ
2570 725 2632 778 τὸ
2665 725 2836 785 πάθος
2871 723 3031 777 αὐτὸν
3060 722 3152 774 καὶ
3180 724 3224 774 οἰ
3260 721 3402 789 φίλοι
3430 721 3524 772 καὶ
3556 723 3602 772 οἱ
3637 719 3846 790 γνώρι-

2273 835 2361 889 μοι
2410 815 3015 886 έγκατέλιπον.Ἐπειδίπ
3059 814 3116 867 δὲ
3161 813 3402 883 γέγονεν
3449 812 3719 876 ὑπήκοος
3766 810 3847 876 τῷ

2269 911 2450 978 Πατρί
2483 908 2657 979 μέχρι
2691 907 2973 970 θανάτου,
3006 904 3262 962 θανάτου
3295 904 3362 957 δὲ
3393 903 3681 971 σταυροῦ,
3709 905 3768 954 έν
3791 903 3848 955 δὲ

2270 1003 2348 1072 τῷ
2379 1002 2594 1073 σταυρῷ
2619 1000 3037 1056 καταλέλειπται
3070 997 3219 1066 παρὰ
3246 996 3352 1049 τῶν
3395 995 3650 1071 μαθητῶν
3670 1011 3683 1023 ·
3721 993 3848 1045 τού-

2269 1111 2362 1146 του
2412 1095 2569 1165 χάριν
2615 1094 2706 1147 τὺν
2754 1094 2971 1162 Πατέρα
3005 1089 3169 1143 αὑτοῦ
3205 1087 3477 1160 μακρῦναι
3501 1089 3626 1149 τοὺς
3658 1087 3846 1155 φίλους

2271 1187 2364 1239 καὶ
2389 1189 2512 1248 τοὺς
2533 1185 2838 1255 γνωρίμους
2867 1185 3031 1252 λέγει.

2352 1280 2448 1331 ΨΑ
2467 1279 2667 1330 ΛΜοΣ
2712 1275 3018 1341 συνέσεως
3070 1271 3250 1341 Λίθὰμ
3290 1270 3369 1335 τῷ
3425 1271 3778 1338 Ἰσραηλίτῃ.

2992 1361 3128 1411 Π11⁹.

2900 1442 3222 1506 Ὑπόθεσις.

2284 1540 2370 1592 Ἐν
2411 1541 2524 1602 τοῖς
2564 1536 2795 1609 παροῦσι
2835 1536 2931 1606 τὴν
2959 1535 3022 1588 ἐκ
3051 1534 3360 1604 σπέρματος
3392 1530 3554 1584 Δαυτδ
3589 1530 3846 1600 γέννησιν

2338 1631 2430 1683 τοῦ
2463 1629 2722 1701 Χριστοῦ,
2765 1629 2857 1682 καὶ
2899 1629 2999 1698 τὴν
3053 1625 3325 1696 βασιλείαν
3368 1623 3530 1678 αὑτοῦ
3573 1621 3848 1688 θεσπίζει,

2341 1723 2434 1774 καὶ
2484 1721 2587 1792 μὴν
2631 1722 2726 1774 καὶ
2782 1720 2842 1773 τὸ
2889 1719 3058 1782 πάθος
3105 1717 3164 1769 τὸ
3197 1717 3459 1786 σωτήριον
3493 1715 3520 1768 δ
3555 1715 3851 1783 ὑπέμεινεν

2342 1814 2482 1884 ὑπὲρ
2535 1812 2708 1883 ἡμῶν.
2742 1810 3053 1878 Συνέσεως
3084 1810 3141 1862 δὲ
3192 1808 3612 1878 ἐπιγέγραπται,
3662 1806 3851 1875 ἐπειδὴ

672 1901 851 1945 mente
879 1906 1015 1960 opus
1045 1903 1127 1946 est
1147 1892 1382 1945 maxime
1410 1892 1474 1944 ad
1517 1889 1920 1960 intelligendam
1967 1899 2168 1959 myste-

2339 1904 2706 1976 πνευματικοῦ
2739 1905 2972 1975 μάλιστα
3003 1902 3160 1972 χρεία
3193 1900 3284 1953 νοῦ
3319 1900 3454 1971 πρὸς
3483 1899 3544 1951 τὸ
3575 1902 3770 1970 νοῆσαι
3789 1899 3853 1951 τὸ

671 1983 876 2037 riorum
931 1983 1051 2051 ejus
1083 1983 1527 2052 profunditatem.
1586 1981 1658 2035 De
1709 1979 1904 2034 Eman
1955 1991 2157 2047 autem,

669 2075 812 2144 quod
854 2083 906 2128 et
951 2077 1066 2144 ipse
1099 2077 1359 2145 propheta
1408 2073 1592 2138 fuerit,
1644 2073 1697 2127 in
1727 2074 2164 2142 praecedentibus

671 2166 782 2236 jam
814 2179 1125 2222 enarratum
1160 2177 1264 2225 est.

671 2257 725 2311 2.
761 2257 1152 2314 Misericordias
1183 2269 1321 2319 tuas,
1366 2256 1607 2320 Domine,
1651 2257 1706 2309 in
1741 2265 1997 2310 wternum
2047 2272 2168 2309 can-

605 2351 742 2404 tabo.
777 2351 840 2405 Et
863 2369 1000 2422 quas
1030 2353 1428 2407 misericordias
1455 2351 1708 2405 Domini?
1738 2367 2005 2420 quasnam
2039 2367 2163 2420 erga

603 2457 705 2496 nos
732 2441 925 2508 ell‘ecit,
948 2460 1085 2513 quas
1114 2453 1334 2497 cantare
1363 2443 1700 2498 debeamus?
1731 2444 1988 2494 nimirum
2020 2443 2168 2510 quod

603 2535 939 2603 principatus
980 2546 1034 2590 et
1080 2544 1375 2604 potestates
1435 2536 1502 2589 de
1534 2533 1709 2587 medio
1761 2533 2064 2594 sustulerit,
2117 2543 2172 2587 ct

603 2625 778 2695 ipsum
808 2625 1007 2680 diaboli
1041 2627 1327 2695 imperium
1366 2645 1378 2679 :
1411 2642 1618 2695 nosque
1651 2625 1960 2680 liberaverit
1989 2641 2019 2679 a
2045 2640 2171 2696 pec-

605 2728 727 2772 cato
749 2728 803 2771 et
831 2729 1019 2773 morte.
1045 2717 1108 2771 In
1138 2722 1522 2789 generationem
1565 2729 1614 2771 et
1644 2721 2028 2789 generationem
2069 2736 2168 2772 an-

605 2810 856 2862 nuntiabo
895 2811 1159 2863 veritatem
1191 2819 1332 2862 tuam
1370 2811 1422 2862 in
1451 2826 1539 2862 ore
1568 2825 1700 2862 meo.
1734 2799 1947 2865 Veritas
1999 2810 2172 2862 Patris

603 2908 689 2954 est
726 2899 912 2957 Filius.
946 2917 1105 2970 quem
1136 2902 1310 2956 sancti
1343 2903 1394 2954 in
1425 2900 1827 2969 generationem
1866 2910 1918 2954 et
1947 2915 2172 2969 genera-

603 2991 806 3044 tionem
840 2992 892 3045 in
928 3008 1022 3046 ore
1053 3002 1265 3060 gestant
1293 3009 1306 3045 :
1339 3006 1517 3045 sermo
1546 2990 1689 3044 enim
1739 2990 1894 3061 quasi
1939 2991 2008 3045 ab
2041 3006 2172 3061 apo-

603 3079 796 3135 stolico
819 3080 986 3133 choro
1009 3082 1270 3150 procedit.

674 3173 730 3226 3.
775 3171 1036 3237 Quoniam
1076 3175 1314 3228 dixisti:
1365 3173 1430 3229 In
1494 3183 1748 3228 (cternum
1806 3171 2172 3226 misericordia

2339 1999 2498 2068 βάθος
2523 1997 2630 2052 τῶν
2655 1997 2822 2050 αὐτοῦ
2847 1996 3178 2066 μυστηρίων.
3197 1995 3276 2046 Τά
3299 1995 3353 2046 δὲ
3378 1993 3503 2063 περὶ
3529 1992 3621 2044 τοῦ
3645 1991 3851 2061 ante»,

2338 2091 2412 2154 ὡς
2441 2090 2535 2144 καὶ
2561 2085 2714 2152 οὗτος
2748 2090 3030 2160 προφήτης
3056 2084 3144 2158 ἦν,
3173 2089 3229 2139 ἐν
3263 2089 3374 2149 τοῖς
3403 2082 3735 2157 προλαϐοῦσι
3759 2098 3837 2136 σα·

2339 2182 2454 2252 φῶς
2477 2183 2839 2252 διηγόρευται.

2346 2274 2419 2327 Τὰ
2445 2272 2584 2340 ὲλὲη
2619 2289 2754 2335 σου,
2779 2274 2972 2340 Κύριε,
2996 2276 3080 2338 εἰς
3114 2271 3218 2324 τὸν
3247 2269 3433 2323 αἰῶνα
3459 2270 3699 2338 ᾷσομαι.
3739 2264 3853 2322 Καὶ

2270 2370 2398 2420 ποῖα
2446 2365 2516 2418 τά
2561 2365 2683 2434 ὲλέη
2723 2364 2816 2416 τοῦ
2849 2363 3074 2434 Κυρίου,
3101 2362 3137 2415 ἃ.
3177 2363 3474 2431 πεποίηκεν
3506 2363 3583 2423 εἰς
3615 2362 3786 2430 ἡμᾶς,
3817 2360 3855 2414 ἃ

2269 2459 2364 2512 καὶ
2393 2458 2536 2528 ᾄδειν
2565 2456 2884 2526 ὀφείλομεν;
2927 2455 2958 2524 ἢ
3005 2453 3064 2507 τὸ
3103 2453 3346 2506 καθελεῖν
3401 2451 3496 2522 μὲν
3531 2450 3632 2513 τὰς
3675 2451 3856 2521 ἀρχὰς

2272 2552 2364 2604 καὶ
2398 2550 2493 2613 τὰς
2533 2548 2800 2615 ἐξουσίας,
2843 2548 2934 2600 καὶ
2963 2546 3093 2600 αὐτὸ
3124 2545 3218 2598 τοῦ
3250 2544 3490 2597 διαϐόλου
3524 2543 3586 2596 τὸ
3612 2544 3815 2614 κράτος
3836 2559 3850 2572 ·

2270 2638 2627 2710 ἐλευθερῶσαι
2658 2639 2713 2690 δὲ
2737 2639 2881 2707 ἡμᾶς
2915 2635 3186 2706 ἁμαρτίας
3212 2636 3307 2687 καὶ
3335 2635 3583 2686 θανάτου.
3629 2635 3736 2698 Εἰς
3759 2649 3858 2700 τε-

2270 2733 2417 2786 νεὰν
2441 2733 2538 2783 καί
2573 2729 2786 2798 γενεὰν
2817 2725 3134 2794 ἀπαγγελῶ
3166 2727 3282 2790 τὴν
3310 2722 3596 2788 ἀλήθειάν
3633 2741 3750 2776 σου
3783 2724 3860 2776 ἐν

2273 2822 2351 2887 τῷ
2378 2821 2628 2890 στόματί
2651 2838 2786 2888 μου.
2807 2818 3053 2887 Ἀλήθεια
3085 2816 3182 2886 μὲν
3204 2814 3296 2867 τοῦ
3325 2813 3536 2884 Πατρὸς
3557 2815 3586 2867 ὁ
3620 2814 3768 2876 Υἱὸς,
3789 2812 3856 2866 ὃν

2275 2915 2368 2965 καί
2399 2915 2478 2975 εἰς
2507 2910 2699 2979 γενεάν
2727 2911 2819 2962 καὶ
2855 2909 3045 2977 γενεάν
3084 2907 3176 2959 ἐπὶ
3205 2907 3468 2975 στόματος
3495 2907 3544 2958 οἱ
3580 2905 3725 2972 ἂγιοι
3756 2904 3854 2972 φέ-

2275 3017 2488 3072 ρουσιν·
2539 2998 2653 3052 ἐστι
2699 2998 2808 3067 γάρ
2852 3001 2880 3051 ὁ
2924 2997 3082 3065 λόγος
3124 2997 3198 3058 ὼς
3227 2996 3335 3048 άπὸ
3365 2994 3458 3047 τοῦ
3490 2993 3859 3048 άποστολικοῦ

2373 3106 2453 3140 ου.

2373 3106 2453 3140 ου.

2273 3106 2465 3231 χοίίΟτι
2482 3175 2651 3244 εἶπας
2671 3193 2683 3206 ·
2723 3178 2824 3242 Εἰς
2845 3174 2949 3228 τὸν
2971 3172 3153 3226 αἰῶνα
3176 3174 3346 3238 ἕλεος
3381 3170 3855 3241 οἰκοδομηθήσε-

606 3266 975 3334 ιεάὶβοηίιὶιιιν.
1039 3266 1141 3329 Τυ,
1175 3268 1368 3335 inquit,
1418 3282 1451 3321 ο
1507 3266 1755 3330 Domine,
1808 3266 2066 3336 dignatus
2112 3280 2170 3320 es

2277 3289 2389 3326 ται.
2405 3273 2498 3333 Σὺ,
2511 3265 2556 3324 ὦ
2569 3270 2829 3332 Δέσποτα,
2848 3268 3027 3337 φησὶν,
3046 3267 3253 3334 ὲπαγγε
3263 3263 3851 3334 ῦιασθαικατηξίωσας.

604 3357 865 3425 polliceri,
913 3358 965 3410 in
1025 3368 1286 3413 :eternutn
1346 3359 1776 3412 misericordiam
1836 3373 2084 3427 magnam
2119 3366 2172 3412 et

605 3447 903 3501 mirabilem
957 3449 1174 3506 assidue
1228 3450 1601 3502 aelilicandam
1663 3449 1715 3502 in
1765 3449 1955 3512 cmlis,
2005 3449 2056 3502 id
2091 3457 2174 3502 est

605 3541 1037 3609 praeparandam,
1071 3541 1183 3594 sive
1207 3541 1570 3593 excitandam.
1595 3538 1732 3593 Nam
1767 3541 1912 3610 quod
1943 3541 2171 3593 aediliea~

607 3639 694 3684 tur
731 3633 1133 3700 quodammodo
1177 3633 1442 3687 excitatur
1472 3641 1523 3686 et
1552 3631 1798 3702 erigitur.
1856 3631 1948 3687 Est
1990 3641 2170 3685 autem

608 3722 738 3775 illud
779 3723 927 3778 salus
955 3732 1007 3777 et
1036 3725 1206 3792 gratia
1244 3740 1338 3793 per
1365 3724 1642 3778 Christum
1673 3724 1816 3778 data.
1863 3723 2172 3778 Misericor-

607 3813 693 3865 dia
723 3812 938 3882 quidem
977 3812 1066 3866 Dei
1107 3814 1354 3868 homines
1405 3815 1666 3880 azditicat,
1731 3816 1930 3869 veritas
1985 3824 2168 3869 autem

607 3913 873 3972 praeparat
900 3915 1115 3959 sanctas
1143 3905 1387 3959 virtutes.
1416 3905 1814 3971 Pra'parabitur
1841 3907 2031 3959 veritas
2057 3916 2166 3960 tua.

607 3993 1070 4060 Quemadmodum
1105 3997 1251 4050 salus
1286 3996 1487 4051 Christi
1525 3997 1896 4050 misericordia
1921 4007 1975 4051 et
2000 3998 2169 4066 gratia

605 4093 848 4151 vocatur,
878 4087 950 4139 ita
979 4102 1197 4156 quoque
1227 4097 1450 4141 vocatur
1473 4089 1694 4150 veritas,
1727 4104 1847 4156 qum
1890 4105 2063 4158 usque
2103 4090 2171 4143 ad

607 4176 792 4242 caelos,
820 4177 915 4242 ait,
943 4179 1174 4233 excitata
1196 4188 1277 4232 est
1299 4194 1394 4247 per
1410 4180 1728 4249 sanguinem
1755 4220 1769 4246 ,
1802 4181 1916 4234 sive
1947 4182 1998 4234 in
2031 4194 2169 4236 terra

608 4271 722 4325 sive
749 4273 802 4324 in
831 4273 989 4326 caelo.

675 4363 728 4418 4.
761 4363 1009 4431 Disposui
1038 4373 1402 4417 testamentum
1430 4365 1605 4418 electis
1645 4369 1771 4419 meis
1792 4408 1806 4431 ,
1838 4366 2166 4432 Abraliamo,

607 4454 802 4525 inquit.
833 4466 886 4510 et
908 4455 1152 4512 Jacobo:
1186 4458 1252 4512 iis
1279 4457 1424 4510 enim
1459 4457 1855 4527 promissiones
1898 4458 1962 4513 de
2010 4458 2170 4513 Chri-

607 4556 692 4600 sto
711 4544 877 4610 dedit,
912 4546 1064 4614 juxta
1093 4548 1142 4600 id
1174 4550 1320 4616 quod
1351 4547 1557 4601 dictum
1589 4558 1675 4603 est
1708 4565 1720 4602 :
1764 4547 1830 4601 Et
1866 4549 2170 4604 benedicen-

608 4647 696 4689 tur
725 4639 778 4690 in
802 4641 993 4691 semine
1023 4649 1110 4691 tuo
1139 4656 1313 4693 omnes
1345 4639 1510 4693 tribus
1546 4648 1698 4695 terra;
1730 4642 1795 4695 ".
1839 4641 2026 4695 λιιι-ιιυὶ
2059 4641 2168 4694 Da—

607 4727 692 4781 vid
722 4745 866 4783 servo
914 4747 1043 4783 meo.
1075 4729 1139 4783 Et
1170 4731 1388 4785 ubinam
1409 4732 1635 4802 juravit,
1675 4734 1778 4787 nisi
1815 4749 1939 4787 cum
1968 4734 2173 4787 diceret

607 4820 682 4874 illi
718 4839 731 4874 :
765 4818 831 4873 Et
869 4825 965 4875 erit
1000 4834 1276 4893 postquam
1317 4824 1516 4890 impleti
1567 4825 1762 4893 fuerint
1813 4827 1925 4878 dies
1981 4827 2079 4889 tui,
2121 4833 2170 4878 et

607 4915 884 4970 dormieris
911 4933 1026 4969 cum
1060 4917 1297 4986 patribus
1324 4919 1426 4970 tuis
1450 4957 1465 4982 ,
1494 4927 1736 4988 exsurget
1762 4919 1824 4971 de
1861 4919 2055 4972 semine
2081 4928 2169 4972 tuo

608 5006 764 5072 alius,
788 5009 877 5078 qui
903 5010 1001 5060 erit
1034 5025 1097 5061 ea:
1134 5021 1306 5063 ventre
1337 5020 1424 5062 tuo
1452 5027 1468 5062 .·
1493 5009 1559 5062 Et
1590 5011 1899 5078 prazparabo
1927 5011 1980 5063 in
2017 5019 2169 5063 teter-

607 5115 729 5153 num
767 5117 977 5168 regnum
1030 5102 1163 5167 eius.
1222 5101 1340 5171 Ipse
1390 5105 1672 5172 wdi/icabit
1707 5105 1918 5155 domum
1968 5103 2167 5156 nomini

608 5205 739 5241 meo.
775 5187 841 5242 Et
875 5190 1070 5256 erigam
1100 5208 1312 5260 regnum
1342 5193 1452 5260 ejus
1480 5195 1535 5245 in
1577 5193 1847 5246 siccatum.
1910 5192 2020 5262 Ego
2078 5209 2165 5245 ero

607 5279 684 5331 illi
715 5282 766 5332 in
790 5290 1012 5347 patrem,
1037 5293 1084 5334 et
1122 5284 1228 5350 ipse
1257 5284 1356 5334 erit
1393 5284 1521 5336 mihi
1552 5284 1603 5334 in
1639 5284 1807 5350 [ilium
1836 5284 1921 5336 “‘3

2275 3368 2356 3420 ὃτι
2402 3368 2483 3428 εἰς
2524 3365 2616 3416 τὸν
2665 3362 2835 3416 αἰῶνα
2869 3357 3132 3430 διηνεκῶς
3165 3357 3312 3420 ἕλεος
3351 3356 3491 3427 μέγα
3517 3357 3611 3410 καὶ
3641 3355 3861 3428 θαῦμα.

2279 3457 2399 3510 στὸν
2447 3453 2962 3524 οἰκοδομηθήσεται·
3011 3450 3039 3501 ὅ
3085 3451 3200 3501 ἐστι
3255 3448 3859 3518 κατασκευασθήσεται,

2275 3550 2440 3618 ἤγουν
2473 3545 2843 3615 ἐγερθήσεται.
2865 3542 2937 3594 Τὸ
2966 3541 3075 3612 γὰρ
3103 3539 3551 3622 οἰκοδομούμενον
3580 3539 3862 3608 ἐγείρεταί

2277 3657 2393 3701 πως
2425 3638 2519 3690 καὶ
2541 3635 3005 3690 άνίσταται.Ἐστι
3031 3633 3088 3685 δὲ
3116 3630 3272 3684 τοῦτο
3303 3633 3334 3702 ἡ
3363 3630 3449 3682 διά
3483 3629 3718 3702 Χριστοῦ
3750 3647 3862 3683 σω-

2271 3730 2434 3802 τηρία
2457 3731 2550 3782 καὶ
2575 3729 2752 3799 χάρις.
2784 3727 2856 3779 Τὸ
2883 3727 2978 3797 μὲν
3019 3725 3166 3787 ἕλεος
3197 3723 3289 3776 τοῦ
3323 3723 3457 3776 Θεοῦ
3490 3725 3615 3786 τοὺς
3643 3724 3860 3792 ἀνθρὼ-

2275 3838 2407 3882 πους
2437 3819 2784 3889 οἰκοδομεῖ,ή
2840 3817 2895 3868 δὲ
2942 3816 3168 3887 ἀλήθεια
3218 3813 3497 3884 έτοιμάζει
3546 3814 3644 3879 τὰς
3693 3817 3862 3883 ἁγίας

2272 3909 3094 3980 δυνάμεις.Ἐτοιμασθήσεται
3137 3907 3173 3974 ἡ
3223 3907 3474 3976 ἀλήθειά
3498 3908 3863 3979 σου.”Ωσπερ

2274 4003 2414 4073 ήδιὰ
2448 4002 2682 4074 Χριστοῦ
2719 4003 2961 4073 σωτηρία
2991 4002 3137 4065 ἕλεος
3181 4003 3276 4054 καί⁵
3311 4003 3489 4073 χάρις,
3522 4001 3663 4055 οὕτω
3695 4003 3791 4055 καὶ
3824 4004 3860 4072 ή

2273 4094 2494 4166 ἀλήθεια
2534 4095 2692 4148 πάλιν
2729 4094 2994 4154 καλεῖται,
3024 4093 3058 4164 ὴ
3092 4094 3184 4144 καὶ
3213 4093 3403 4165 μέχρις
3439 4098 3684 4164 οὐρανιυν
3715 4107 3820 4163 εγη

2275 4203 2488 4257 γερται,
2526 4187 2682 4257 φησὶ,
2709 4185 2799 4239 διὰ
2825 4184 2916 4238 τοῦ
2951 4185 3200 4255 αἵματος,
3233 4185 3340 4238 εἴτε
3384 4186 3479 4237 ἐπὶ
3526 4185 3627 4254 γῆς
3657 4184 3768 4237 εἴτε
3799 4185 3862 4236 ὲν

2273 4277 2508 4348 οὐρανῷ.

2341 4368 2623 4437 Διεθέμην
2668 4367 2960 4436 διαθήκην
3003 4366 3128 4432 τοῖς
3183 4366 3489 4431 ἐκλεκτοῖς
3527 4383 3647 4434 μου
3677 4382 3692 4396 ⁸
3729 4366 3858 4418 Ἀδ-

2274 4463 2440 4534 ραάμ,
2466 4463 2617 4531 φησὶ,
2636 4463 2731 4514 καὶ
2760 4460 2950 4514 Ἰακώϐ
2974 4478 2985 4489 ⁵
3015 4460 3224 4514 τούτοις
3253 4459 3359 4529 γάρ
3379 4459 3442 4529 δὴ
3455 4458 3551 4523 τὰς
3565 4459 3690 4529 περὶ
3713 4459 3853 4529 Χρι-

2278 4552 2401 4605 στοῦ
2457 4549 2783 4618 ἐπαγγελίας
2841 4549 3039 4602 δέδωκε
3092 4549 3231 4601 κατὰ
3280 4549 3340 4599 τὸ
3382 4549 3696 4619 εἰρημένον·
3733 4550 3847 4601 Kal

2273 4641 2854 4709 ἑνευλογηθήσονται
2883 4642 2953 4692 ἐν
2989 4639 3067 4705 τῷ
3098 4639 3390 4708 σπέρματί
3417 4656 3533 4693 σου
3571 4637 3762 4692 πᾶσαι
3794 4643 3856 4692 αι

2273 4733 2456 4803 φυλαί
2488 4731 2598 4798 τῆς
2644 4719 3014 4802 γῆς.”Ωμοσα
3043 4730 3222 4785 Δαυῒδ
3250 4730 3328 4795 τῷ
3355 4729 3553 4795 δούλῳ
3579 4747 3718 4796 μου.
3745 4731 3859 4782 Καὶ

2275 4824 2378 4878 ποῦ
2414 4824 2625 4894 ὤμοσεν
2667 4823 2698 4893 ἢ
2744 4826 2800 4877 ὲν
2830 4823 2905 4893 τῷ
2932 4826 3102 4876 εἰπεῖν
3137 4823 3270 4892 πρὸς
3299 4821 3457 4873 αὐτόν
3479 4839 3491 4850 ’
3534 4821 3640 4872 Καὶ
3680 4821 3857 4873 ἔσται

2273 4915 2418 4968 ὅταν
2451 4912 2847 4982 πληρωθῶσιν
2873 4918 2929 4967 αἱ
2959 4914 3168 4982 ἡμέραι
3199 4930 3334 4973 σου,
3378 4911 3471 4963 καὶ
3513 4911 3854 4980 κοιμηθήσῃ

2267 5007 2415 5076 μετὰ
2465 5006 2584 5059 τῶν
2634 5005 2904 5074 πατέρων
2953 5023 3103 5059 σου·
3163 5005 3569 5069 ἀναστήσεται
3623 5003 3690 5055 ἐκ
3747 5002 3854 5055 τοῦ

2273 5099 2612 5169 σπέρματός
2650 5115 2767 5154 σου
2813 5098 3020 5163 ἄλλος,
3067 5096 3133 5162 ὃς
3171 5098 3342 5150 ἔσται
3374 5096 3439 5147 ἐκ
3475 5093 3583 5162 τῆς
3619 5094 3854 5160 κοιλίας

2272 5211 2407 5246 σου.
2439 5196 2545 5246 Καὶ
2576 5192 2867 5262 ἑτοιμάσω
2900 5195 2988 5258 εἰς
3029 5191 3136 5244 τὸν
3176 5189 3360 5242 αἰῶνα
3386 5188 3498 5257 τὴν
3523 5189 3856 5252 ,βασιλείαν

2271 5286 2472 5340 αὑτοῦ.
2511 5287 2699 5352 Αὐτὸς
2737 5286 3114 5354 οἰκοδομήσει
3140 5281 3306 5337 οἶκον
3330 5282 3408 5347 τῷ
3437 5282 3683 5350 ὀνόματί
3710 5299 3851 5349 μου.

604 5374 710 5426 Kal
740 5372 1057 5441 ἀνορθώσω
1089 5375 1202 5443 τὴν
1226 5377 1550 5440 ,βασιλείαν
1580 5377 1762 5430 αὑτοῦ
1789 5379 1874 5440 εἰς
1917 5377 2023 5430 τὸν
2046 5375 2245 5430 αίῶνα.
2267 5380 2410 5448 Ἐγὼ
2445 5382 2655 5448 ἔσομαι
2697 5380 2855 5444 αὐτῷ
2905 5383 2991 5444 εἰς
3039 5378 3285 5446 πατέρα,
3324 5377 3421 5429 καί
3459 5373 3642 5439 αὐτὸς
3677 5375 3739 5426 ἕο
3759 5391 3847 5426 ται

599 5481 701 5535 μοι
721 5467 808 5530 εἰς
830 5465 976 5518 υἱόν.

676 5560 729 5614 5.
766 5559 1164 5628 Conﬁtebuntur
1210 5563 1322 5615 σατίὶ
1369 5563 1636 5616 mirabilia
1693 5573 1803 5617 tua.
1856 5563 1971 5618 Hoc
1995 5565 2163 5618 aitob

606 5650 886 5706 Christum
915 5664 1122 5720 natum,
1157 5665 1210 5710 et
1238 5655 1380 5724 quod
1411 5657 1586 5725 angeli
1619 5657 1930 5726 pastoribus
1955 5673 2164 5710 annun-

2355 5562 2929 5632 Ἑξομολογήσονται
2950 5576 3003 5614 οι
3031 5567 3271 5630 ουρανοί
3296 5579 3365 5614 τα
3391 5557 3692 5628 θαυμάσια
3711 5573 3847 5611 σου.

2271 5656 2441 5709 Τοῦτό
2467 5673 2597 5727 φησι
2626 5657 2711 5709 διὰ
2740 5656 2824 5710 τοῦ
2852 5654 3202 5726 γεννηθέντος
3222 5652 3480 5725 Χριστοῦ,
3509 5654 3602 5705 καὶ
3627 5652 3850 5721 ποιμέσι

681 5859 723 5891 ³⁸
749 5855 982 5930 Philipp.
1014 5875 1074 5925 ιι,
1107 5859 1160 5914 8.
1234 5861 1278 5892 ’³
1307 5859 1442 5916 Gen.
1476 5874 1611 5926 χχιι,
1641 5859 1728 5916 ill.
1797 5861 1842 5893 “
1874 5859 1894 5914 l
1923 5859 2102 5916 Paral.
2139 5875 2270 5927 xvn,
2308 5857 2483 5913 il-M.
