4070 6442
171 369 275 422 385

1181 361 1543 417 EXPOSITIO
1572 360 1638 415 IN
1682 360 2011 415 PSALSIUM
2055 359 2391 415 LXXXVIII.

3304 352 3410 411 386

169 489 295 551 τοὺς
346 485 613 554 ἀγγέλους
664 483 1107 553 εὐαγγελίζεσθαι
1132 483 1414 552 λέγοντας·
1460 482 1587 535 Ὅτι
1620 482 1743 535 ἐτέ-

1857 482 2096 535 tiaverint
2117 481 2359 536 dicentes
2391 496 2403 529 :
2447 478 2587 543 Quia
2610 486 2764 530 natus
2788 485 2865 530 est
2892 474 3038 529 nobis
3069 473 3221 527 hodie
3250 471 3409 527 Chri-

169 583 285 647 χθη
312 577 457 647 ἡμῖν
473 575 737 646 σήμερον
751 576 1001 644 Χριστὸς
1018 576 1228 644 Κύριος
1247 575 1316 628 ἐν
1343 575 1515 627 πόλει
1543 573 1739 627 Δαυΐδ.

170 671 281 724 Καὶ
309 671 500 742 ἐτέρας
529 669 585 721 δὲ
611 669 937 741 ἐπουρανίου
963 668 1249 740 στρατείας
1284 667 1487 737 πλῆθος
1520 664 1746 735 ὀφθῆναι

169 761 437 829 λεγόντων
457 778 470 793 ο
501 762 655 825 Δόξα
682 762 751 813 ἐν
778 760 1059 828 ὑψίστοις
1094 757 1234 824 Θεῷ,
1264 759 1361 812 καί
1388 758 1486 811 ἐπὶ
1523 756 1632 826 γῆς
1665 760 1746 809 ει-

162 852 348 923 prirn-

245 947 375 998 Ὀτι
399 946 489 1010 τίς
515 945 585 997 ἐν
612 943 893 1013 νεφέλαις
932 942 1286 1009 ίσωθήσεται
1321 940 1399 1005 τῷ
1434 939 1657 1007 Kvpt'tp;
1686 939 1749 991 Εἰ

170 1038 263 1090 καὶ
294 1037 516 1105 γέγονεν
550 1036 853 1109 ἄνθρωπος,
889 1036 1074 1105 φησὶν,
1098 1036 1125 1087 6
1149 1032 1476 1103 Μονογενὴς,
1502 1033 1594 1086 καὶ
1624 1032 1750 1085 καθ-

168 1132 303 1200 ῆκεν
332 1130 524 1182 ἑαυτὸν
566 1131 646 1192 είς
683 1128 929 1182 ἑκούσιον
954 1130 1203 1192 κένωσιν,
1235 1127 1327 1179 καὶ
1358 1125 1513 1179 ἔλαϐε
1536 1126 1633 1196 τὴν
1655 1124 1748 1177 τοῦ

168 1223 362 1275 δούλου
397 1224 640 1293 μορφήν·
682 1222 818 1274 ἀλλὰ
870 1223 963 1275 καὶ
1014 1220 1184 1283 οὕτως
1234 1220 1378 1272 ἐστὶν
1426 1217 1750 1289 ἀσύγκριτος

171 1314 315 1385 ὑπὲρ
340 1315 546 1376 πάντας
572 1314 664 1367 καὶ
692 1314 971 1385 οὐρανίους
1008 1314 1290 1383 δυνάμεις·
1316 1314 1372 1365 αἱ
1408 1313 1504 1383 μὲν
1530 1312 1637 1384 γὰρ
1671 1314 1751 1365 oi-

173 1402 391 1456 κετικὸν
432 1402 611 1472 ἔχουσι
640 1402 826 1472 τάγμα
844 1420 857 1433 ⁶
898 1404 926 1455 6
950 1403 1009 1457 δὲ
1036 1403 1310 1473 Δεσπότης
1344 1403 1452 1456 τῶν
1480 1402 1613 1455 ὅλων
1636 1402 1751 1454 ἐστὶ

175 1498 269 1548 καὶ
299 1494 507 1565 κύριος.
540 1496 700 1549 Ἀλλά
734 1496 839 1567 μὴν
865 1497 984 1549 οὐδὲ
1015 1498 1085 1550 ἐν
1108 1496 1257 1562 υἱοῖς
1292 1497 1438 1551 Θεοῦ
1465 1496 1647 1566 ὅμοιός
1671 1496 1751 1559 τίς

174 1588 323 1637 ἐστιν
372 1584 544 1654 αὐτῷ.
577 1586 688 1639 Καὶ
731 1586 888 1639 τοῦτο
919 1588 1072 1640 αὐτοὶ
1116 1587 1449 1660 μαρτυροῦσι
1483 1588 1749 1656 λέγοντες,

173 1678 257 1729 ὅτι
299 1679 399 1731 Ἐκ
425 1678 531 1731 τοῦ
554 1677 944 1748 πληρώματος
962 1680 1145 1734 αὐτοῦ
1173 1679 1394 1747 πάντες
1419 1680 1590 1749 ἡμεῖς
1616 1680 1754 1734 ἐλά-

175 1772 376 1839 ϐομεν.
398 1771 606 1825 Οὐκοῦν
631 1775 658 1825 6
688 1772 786 1843 μὲν
808 1773 1023 1826 δίδωσιν
1046 1773 1121 1837 ὡς
1146 1773 1297 1839 Θεὸς,
1317 1775 1366 1826 οἱ
1386 1774 1442 1828 δὲ
1467 1773 1751 1827 πλουτοῦσι

174 1864 242 1916 τὰ
268 1867 400 1935 παρ’
431 1864 618 1917 αὑτοῦ.

259 1956 312 2007 '0
342 1955 486 2021 Θεὸς
519 1955 977 2024 ἐνδοξαζόμενος
1012 1957 1083 2009 ἐν
1104 1955 1307 2025 βουλῇ
1336 1956 1537 2026 ἁγίων,
1566 1956 1753 2026 μέγας

177 2042 277 2096 καὶ
339 2046 607 2113 φοϐερός.
638 2046 847 2117 Ὥσπερ
896 2049 944 2099 οἱ
1001 2046 1245 2100 ἀσύνετοι
1321 2048 1754 2113 σκανδαλίζονται

175 2133 418 2203 ὁρῶντες
453 2135 613 2187 αὐτὸν
644 2138 700 2187 ὲν
734 2138 799 2207 τῇ
858 2137 951 2189 τοῦ
996 2137 1177 2191 δούλου
1230 2142 1433 2210 μορφῇ,
1470 2140 1754 2206 ἀκούοντες

174 2224 233 2277 δὲ
258 2225 507 2293 λέγοντος
546 2227 710 2280 αὑτοῦ
736 2244 749 2257 ·
792 2228 941 2299 Ἐγώ
970 2232 1087 2298 εἰμι
1119 2232 1158 2298 ἠ
1192 2229 1471 2297 ἀλήθεια·
1498 2233 1611 2297 καὶ,
1635 2232 1757 2300 Πρὸ

174 2320 285 2373 τοῦ
322 2320 565 2390 Ἀϐραὰμ
617 2324 893 2391 γενέσθαι
944 2322 1058 2391 ἐγώ
1106 2326 1261 2391 εἰμι’
1298 2323 1470 2388 οὕτως
1510 2327 1559 2378 οί
1613 2326 1755 2392 ἅγιοι

175 2411 483 2481 τοῦμπαλιν
516 2412 827 2479 δοξάζουσιν
862 2413 1042 2479 αὑτὸν,
1072 2416 1164 2468 καὶ
1214 2416 1386 2485 μέγαν
1408 2417 1502 2470 καὶ
1531 2417 1758 2488 φοϐερὸν

176 2505 424 2558 καλοῦσι.
446 2506 554 2558 Καὶ
586 2506 744 2558 τοῦτο
768 2507 977 2560 ἐκεῖθεν
1002 2506 1178 2577 δῆλον,
1213 2511 1276 2562 ὲκ
1307 2508 1398 2561 τοῦ
1422 2509 1515 2577 τὸν
1538 2511 1634 2579 μὲν
1656 2511 1757 2563 Πέ-

176 2613 309 2666 τρον
355 2594 544 2667 ὥσπερ
590 2597 657 2650 ὲκ
711 2598 974 2668 στόματος
1024 2599 1280 2652 ἁπάντων
1335 2599 1494 2670 βοᾷψ
1536 2600 1619 2653 Σὺ
1647 2599 1757 2655 εἷὸ

178 2690 501 2775 Χριστόςο
544 2692 677 2757 Υἱὸς
725 2692 830 2745 τοῦ
880 2692 1026 2745 Θεοῦ
1079 2691 1186 2745 τοῦ
1229 2689 1471 2758 ζῶντος·
1514 2693 1673 2746 πάλιν
1702 2694 1759 2747 δὲ

177 2783 310 2844 τοὺς
356 2783 598 2845 πάνταςο
646 2782 897 2849 Ἀληθῶς
948 2784 1095 2837 Θεοῦ
1137 2782 1269 2848 Υἱὸς
1300 2780 1385 2837 εἷ·
1415 2786 1505 2838 ὅτε
1556 2788 1621 2855 τῇ
1674 2784 1761 2838 θα-

179 2872 357 2944 λάσσῃ
393 2874 486 2925 καὶ
521 2876 632 2935 τοῖς
664 2872 883 2942 ἀνέμοις
912 2872 1264 2943 ἐπετίμησεν.

256 2964 520 3029 Δυνατός
545 2960 617 3027 εἶ,
653 2965 847 3031 Κύριε,
889 2965 983 3017 καί
1017 2965 1054 3031 ἠ
1087 2964 1337 3031 ἀλήθειὰ
1394 2981 1510 3019 σου
1558 2968 1760 3031 κύκλῳ

180 3070 329 3110 σου⁸
381 3056 462 3110 σὺ
493 3056 800 3122 δεσπόζεις
831 3056 934 3109 τοῦ
977 3057 1230 3125 κράτους
1271 3056 1378 3127 τῆς
1421 3058 1756 3127 θαλάσσης.

1846 582 1958 626 stus
1983 570 2238 624 Dominus
2274 570 2326 623 in
2356 569 2564 622 civitate
2616 565 2786 618 David
2813 565 2878 619 ’⁷.
2920 562 2985 617 Et
3017 562 3161 631 quod
3187 559 3413 614 alterius

1846 664 2082 718 cmlestis
2103 662 2375 717 exercitus
2402 658 2692 713 multitudo
2719 657 2834 710 visa
2863 654 3031 707 fuerit
3065 651 3364 708 dicentium
3395 668 3409 703 :

1848 754 2029 810 Gloria
2053 757 2105 808 in
2135 754 2351 808 excelsis
2382 753 2508 816 Deo,
2532 761 2578 805 et
2616 752 2671 804 in
2694 761 2835 802 terra
2858 763 2964 815 pax
2995 747 3060 801 ’⁸.

1920 951 1969 1004 7.
1997 949 2255 1015 Quoniam
2284 951 2401 1019 quis
2449 949 2503 1001 in
2533 948 2756 1002 nubibus
2810 948 3105 1017 (equabitur
3152 946 3413 999 Domino?

1849 1040 2098 1105 Etiamsi,
2132 1041 2325 1110 inquit,
2366 1037 2690 1110 Unigenitus
2717 1038 2895 1095 lactus
2929 1040 2998 1093 sit
3028 1039 3213 1103 homo,
3246 1047 3299 1091 et
3322 1037 3411 1090 de-

1851 1134 1998 1187 misit
2030 1149 2088 1187 se
2117 1134 2183 1187 ad
2217 1132 2584 1186 voluntariam
2616 1131 3047 1195 evacuationem,
3073 1140 3231 1199 atque
3262 1144 3411 1182 acce-

1851 1228 1926 1295 pit
1956 1226 2095 1281 servi
2123 1226 2375 1292 formam,
2409 1225 2557 1294 atqui
2590 1224 2752 1277 etiam
2784 1224 2863 1278 sic
2908 1232 2992 1277 est
3024 1220 3413 1289 incomparabi-

1850 1320 1937 1386 lis,
1970 1327 2023 1374 et
2052 1334 2241 1374 omnes
2269 1320 2429 1374 etiam
2456 1317 2703 1373 caelestes
2730 1318 2954 1370 virtutes
2985 1314 3277 1369 antecellit.
3308 1311 3413 1366 lllze

1852 1426 2085 1481 namque
2116 1412 2477 1465 domesticum
2508 1417 2561 1463 et
2588 1408 2999 1463 ministerialem
3035 1407 3234 1459 habent
3271 1406 3415 1458 ordi-

1852 1519 2009 1567 nem;
2046 1503 2304 1557 Dominus
2332 1510 2510 1555 autem
2540 1502 2917 1554 universorum
2963 1508 3045 1553 est
3083 1498 3413 1552 dominator.

1854 1595 1965 1649 lmo
1996 1609 2123 1647 vero
2146 1609 2320 1663 neque
2348 1594 2399 1646 in
2431 1593 2556 1661 [iliis
2585 1593 2680 1645 Dei
2716 1592 2988 1661 quispiam
3020 1590 3216 1644 similis
3233 1590 3280 1643 ei
3311 1600 3414 1643 est.

1855 1690 1920 1743 Et
1951 1690 2052 1743 hoc
2096 1689 2193 1757 ipsi
2231 1688 2599 1742 testificantur
2630 1687 2911 1741 dicentes:
2966 1684 3049 1737 Ea:
3095 1684 3418 1752 plenitudine

1852 1780 1965 1848 ejus
2001 1796 2091 1831 nos
2130 1795 2303 1831 omnes
2364 1779 2655 1844 accepimus
2702 1778 2766 1829 ”.
2823 1775 2889 1828 Et
2936 1777 3024 1828 ille
3054 1776 3273 1844 quidem
3328 1775 3417 1829 dat

1857 1882 2037 1940 utpote
2072 1870 2235 1935 Deus,
2273 1869 2325 1922 hi
2357 1883 2483 1922 vero
2512 1868 2630 1937 ejus
2663 1866 2821 1921 donis
2847 1868 3044 1920 divites
3085 1874 3229 1920 sunt.

1926 1962 1979 2015 8.
2029 1961 2167 2015 Deus
2200 1962 2289 2031 qui
2339 1961 2672 2029 gloriﬁcatur
2708 1960 2763 2011 in
2824 1957 3042 2011 consilio
3095 1965 3417 2018 sanctorum,

1856 2073 2075 2127 magnus
2120 2066 2168 2109 et
2227 2056 2501 2110 terribilis.
2534 2052 3002 2119 Quemadmodum
3053 2049 3420 2119 imprudentes

1856 2151 2292 2209 scandalizentur
2309 2147 2550 2200 videntes
2575 2160 2696 2197 eum
2722 2145 2773 2196 in
2804 2144 2944 2198 servi
2979 2142 3173 2206 forma,
3204 2143 3421 2196 audien-

1858 2255 2044 2313 tesque
2101 2252 2280 2294 tamen
2334 2253 2456 2292 eum
2490 2236 2792 2290 dicentem:
2839 2233 2949 2305 Ego
2982 2250 3096 2286 sum
3118 2233 3308 2286 reritas
3337 2232 3417 2296 ³⁸;

1854 2345 1907 2390 et
1939 2353 1954 2391 :
2006 2334 2300 2401 Antequam
2350 2329 2614 2382 Abraham
2659 2328 2804 2395 fieret
2840 2343 2933 2396 ego
2972 2341 3087 2379 sum
3128 2325 3203 2389 ³¹;
3233 2333 3423 2377 contra

1857 2427 2030 2482 sancti
2061 2424 2363 2494 gloriﬁcant
2414 2436 2562 2485 eum,
2597 2432 2966 2487 magnumque
3016 2431 3077 2469 ac
3125 2415 3421 2469 terribilem

1856 2525 2071 2570 vocant.
2098 2513 2251 2580 Quod
2287 2513 2412 2566 hinc
2444 2511 2621 2580 palam
2650 2518 2753 2574 est,
2796 2510 2940 2577 quod
2984 2507 3179 2561 Petrus
3220 2522 3315 2560 ceu
3355 2524 3422 2560 ex

1857 2608 2100 2662 omnium
2120 2622 2212 2661 ore
2234 2606 2457 2660 clamet:
2486 2602 2562 2655 Tu
2585 2619 2638 2656 es
2654 2600 2893 2656 Chris'us
2929 2599 3098 2653 Filius
3117 2598 3209 2651 Dei
3233 2598 3335 2651 vivi
3354 2597 3421 2663 ³⁸;

1858 2711 2155 2765 onmesque
2192 2708 2412 2749 rursum
2450 2708 2462 2742 :
2501 2689 2623 2743 Vere
2670 2688 2844 2743 Filius
2891 2688 2987 2742 Dei
3020 2703 3072 2741 es
3105 2686 3171 2753 ³³,
3207 2686 3425 2755 quando

1859 2804 2008 2843 mare
2033 2798 2087 2843 et
2114 2797 2302 2843 ventos
2332 2783 2648 2855 increpavit.

1927 2984 1981 3050 9,
2012 2984 2095 3039 10.
2133 2986 2329 3038 Potens
2369 2999 2442 3045 es,
2489 2980 2733 3045 Domine,
2761 2989 2808 3031 et
2843 2977 3030 3031 veritas
3055 2985 3148 3029 tua
3206 2974 3263 3028 in
3314 2973 3420 3027 cir-

1860 3081 2005 3133 cuitu
2028 3088 2135 3130 tuo.
2173 3076 2250 3129 Tu
2284 3074 2573 3129 dominaris
2605 3074 2855 3141 potestati
2884 3071 3067 3122 maris.
3110 3067 3426 3121 Declaratur

182 3150 466 3203 Δείκνυσιν
495 3152 522 3202 6
547 3149 719 3217 λόγος,
755 3151 829 3215 ὡς
862 3152 1021 3214 αὐτὸς
1044 3153 1076 3214 ,ὁ
1109 3153 1166 3204 ἐν
1201 3155 1264 3222 τῇ
1289 3152 1382 3205 τοῦ
1412 3152 1613 3205 δούλου
1632 3170 1756 3223 μορ-

1859 3187 1982 3227 eum
2015 3171 2106 3241 qui
2153 3170 2207 3222 in
2236 3169 2409 3222 forma
2458 3165 2599 3221 servi
2630 3164 2742 3227 est',
2794 3162 3041 3215 eumdem
3076 3160 3255 3230 ipsum
3303 3173 3425 3213 esse

183 3246 259 3312 φῇ
290 3244 438 3295 ἐστιν
464 3245 492 3295 6
525 3243 618 3295 καὶ
648 3244 745 3314 τὴν
776 3244 947 3316 ὑγρὰν
986 3246 1043 3311 ὲξ
1088 3246 1260 3315 ἀρχῆς
1294 3245 1628 3315 παραγαγὼν
1665 3246 1755 3299 οὐ-

184 3336 345 3386 σίαν·
378 3337 473 3388 καὶ
506 3336 667 3400 αὑτός
711 3337 855 3390 ἐστιν
903 3338 931 3389 6
978 3336 1235 3399 τεθεικὼς
1280 3337 1461 3407 ἄμμον
1502 3339 1646 3406 ὃριον
1689 3340 1752 3407 τῇ

185 3424 449 3498 θαλάσσῃ.
480 3426 572 3479 καὶ
595 3426 829 3496 εἰρηκὼς
858 3428 994 3496 αὐτῇ
1019 3444 1032 3457 ·
1062 3428 1249 3494 Μέχρι
1272 3428 1483 3481 τούτου
1510 3428 1754 3495 ἐλεύσῃ,

184 3518 284 3571 καὶ
308 3523 421 3585 οὐχ
445 3518 994 3587 ὑπερϐήσῃ.Ἐδειξε
1015 3520 1070 3572 δὲ
1090 3520 1246 3573 τοῦτο
1274 3522 1515 3593 ὑπάρχον
1539 3521 1755 3594 ἀληθὲς,

186 3612 520 3681 ἐπιτιμήσας
566 3610 660 3665 καὶ
709 3614 775 3682 τῇ
825 3610 1067 3683 Θαλάσσῃ
1100 3614 1194 3667 καὶ
1238 3617 1351 3677 τοῖς
1396 3615 1633 3685 ἀνέμοις,
1669 3618 1758 3669 ὅτε

189 3703 327 3775 μετὰ
388 3704 497 3757 τῶν
556 3703 810 3775 μαθητῶν
865 3705 1143 3758 συνέπλεε.
1179 3707 1290 3759 Τὸν
1325 3706 1392 3758 δὲ
1420 3706 1615 3761 σάλον
1643 3706 1759 3760 τῶν

187 3794 468 3864 κυμάτων
503 3795 690 3863 αὐτῆς
716 3796 796 3849 σὺ
831 3796 1279 3863 καταπραῠνεις.
1326 3796 1408 3849 Σὺ
1444 3796 1770 3863 ὲταπείνωτ

186 3903 306 3952 σας
338 3887 420 3953 ὡς
451 3887 813 3954 τραυματίαν
861 3886 966 3939 τὸν
1010 3884 1418 3956 ὑπερήφανον.
1462 3887 1629 3950 Αὐτὸς
1651 3887 1758 3961 γάρ

187 3981 336 4031 ἐστιν
369 3980 397 4031 6
434 3978 605 4047 δήσας
632 3979 722 4031 τὸν
755 3978 971 4049 ἰσχυρὸν
1001 3978 1095 4030 καὶ⁵
1132 3977 1225 4030 τὸν
1267 3978 1632 4049 ὑπερήφανον,
1668 3980 1760 4033 καὶ

186 4069 461 4136 δεδωκὼς
476 4072 587 4132 τοῖς
609 4068 773 4123 αρὲτοΰ
805 4069 1014 4123 πατεῖν
1037 4068 1235 4123 ἐπάνω
1258 4070 1450 4139 ὄφεων
1476 4071 1575 4125 καί
1593 4088 1762 4140 σκορ-

188 4162 344 4213 πίων
368 4160 466 4213 καὶ
491 4160 588 4213 ἐπὶ
617 4157 822 4214 πᾶσαν
857 4158 971 4226 τὴν
1006 4158 1263 4228 δύναμιν
1294 4158 1400 4214 τοῦ
1429 4161 1665 4229 ἐχθροῦ.

263 4251 365 4304 Σοι
386 4252 543 4303 είσιν
579 4252 631 4303 ol
662 4250 924 4317 οὐρανοί,
947 4248 1043 4303 καὶ
1071 4249 1153 4317 σή
1180 4249 1350 4304 ἐστιν
1382 4251 1421 4317 ἠ
1454 4249 1762 4323 τῆ.Ὦσπερ

187 4344 291 4415 τῆς
315 4343 586 4414 θαλάσσης
613 4345 885 4414 Δεσπότης
912 4344 1078 4408 ἐστὶν,
1112 4341 1252 4395 οὕτω
1275 4344 1367 4397 καὶ
1391 4344 1498 4397 τῶν
1522 4344 1762 4416 οὐρανῶν

190 4438 422 4509 ποιητὴς
468 4438 561 4492 καὶ
602 4439 704 4507 γῆς
746 4438 981 4509 ἁπάσης.
1018 4439 1135 4506 Τὴν
1172 4438 1533 4508 οἰκουμένην
1565 4442 1659 4491 καὶ
1695 4440 1760 4493 τὸ

1857 3262 1949 3331 qui
1976 3260 2254 3314 humidam
2282 3256 2641 3313 substantiam
2666 3252 2959 3323 produxit;
2983 3262 3145 3321 atque
3168 3250 3421 3304 eumdem

1858 3354 2034 3420 ipsum
2066 3365 2184 3403 esse
2212 3349 2303 3418 qui
2337 3347 2517 3415 posuit
2567 3361 2785 3398 arenam
2812 3346 2865 3397 in
2898 3344 3187 3397 terminum
3221 3340 3387 3393 maris

1856 3452 1911 3499 et
1940 3444 2076 3497 dixit
2124 3442 2175 3495 ei
2209 3459 2223 3495 :
2264 3439 2547 3508 Hucusque
2601 3438 2791 3501 venies,
2842 3450 2933 3487 nec
2963 3431 3309 3503 pertransibis
3354 3430 3419 3484 “.

1859 3537 1972 3593 Hoc
1997 3546 2175 3591 autem
2208 3551 2393 3589 verum
2422 3549 2543 3588 esse
2581 3527 3034 3585 commonstravit
3070 3524 3289 3596 quando
3337 3522 3420 3577 in-

1858 3632 2097 3701 crepavit
2152 3645 2303 3684 mare
2330 3638 2384 3683 et
2411 3635 2620 3690 ventos,
2672 3640 2796 3679 cum
2854 3622 3129 3691 navigaret
3157 3634 3264 3674 una
3294 3633 3420 3672 cum

1857 3721 2159 3792 discipulis.
2193 3719 2397 3772 Motum
2427 3722 2601 3769 autem
2637 3715 2894 3782 ﬂuctuum
2929 3712 3042 3781 ejus
3091 3722 3147 3763 tu
3186 3711 3419 3779 mitigas.

1862 3815 1940 3869 Tu
1964 3812 2257 3867 ltumiliasti
2283 3812 2416 3863 sicut
2450 3806 2779 3861 vulneratum
2803 3803 3100 3874 superbum.
3121 3800 3241 3871 Ipse
3268 3814 3423 3853 nam-

1860 3921 1963 3976 que
1997 3913 2079 3960 est
2120 3904 2213 3974 qui
2257 3901 2443 3971 ligavit
2474 3898 2667 3954 fortem
2699 3909 2753 3953 et
2777 3896 3071 3967 superbum
3110 3893 3177 3956 ",
3227 3902 3281 3947 et
3306 3892 3424 3957 suis

1860 3997 2002 4051 dedit
2026 4004 2334 4063 potestatem
2365 3991 2609 4044 calcandi
2638 4005 2793 4057 super
2815 3996 3077 4056 serpentes
3118 3994 3165 4039 et
3192 3985 3423 4051 scorpio-

1860 4107 1970 4151 nes,
1999 4099 2045 4143 et
2078 4103 2233 4157 super
2254 4101 2452 4139 onmem
2482 4086 2722 4138 uirtutem
2751 4080 2953 4134 inimici
2982 4079 3048 4131 “.

1931 4179 2019 4239 12,
2052 4176 2139 4230 15.
2170 4174 2267 4228 Tui
2298 4184 2417 4227 sunt
2459 4172 2597 4235 caeli,
2624 4182 2674 4224 et
2698 4179 2790 4223 tua
2815 4177 2892 4223 est
2928 4176 3089 4221 terra.
3127 4161 3281 4218 Sicut
3309 4178 3421 4215 ma-

1862 4273 1938 4325 ris
1958 4278 2041 4324 est
2071 4267 2356 4330 Dominus,
2386 4269 2455 4318 ita
2486 4272 2539 4317 et
2579 4263 2843 4316 caelorum
2876 4270 2927 4314 et
2965 4259 3232 4312 universae
3265 4264 3422 4308 terra:

1863 4362 2129 4415 conditor.
2164 4358 2353 4415 Orbem
2386 4366 2537 4409 terra
2570 4364 2620 4407 et
2657 4352 3037 4422 plenitudinem
3070 4348 3181 4419 ejus
3216 4358 3271 4401 tu
3301 4347 3425 4417 {un-

1864 4453 2021 4506 dasti.
2055 4450 2363 4520 Aquilonem
2397 4456 2444 4501 et
2471 4462 2613 4500 mare
2640 4454 2696 4497 tu
2727 4444 2938 4497 creasti.
2970 4440 3177 4494 Thabor
3210 4450 3259 4494 et
3288 4438 3425 4493 Her-

191 4498 481 4600 πλήρωμα
506 4498 698 4598 αὐτῆς
721 4530 800 4583 σὺ
824 4498 1235 4599 ἐθεμελίωσας.
1271 4498 1382 4585 Τὸν
1406 4498 1637 4599 ,ϐορρᾶν
1664 4533 1756 4584 καὶ

1865 4498 2021 4506 __-.--
2055 4498 2360 4520 __1_---,_-__
2402 4498 2439 4501 μ
2473 4498 2495 4500 ν
2596 4498 2601 4499 ,

1866 4561 2005 4598 mon.
2041 4542 2199 4598 Hisce
2240 4542 2416 4595 verbis
2452 4550 2689 4610 quatuor
2728 4547 2881 4591 terra:
2924 4544 3103 4604 partes
3134 4533 3427 4601 signiﬁcat,

190 4623 309 4690 τὴν
338 4622 659 4677 θάλασσαν
709 4623 789 4678 σὺ
835 4626 1099 4689 ἔκτισας.
1143 4624 1342 4691 Θαϐὼρ
1386 4623 1485 4677 καὶ
1520 4624 1759 4692 Ἐρμών.

191 4715 275 4766 Τὰ
305 4714 545 4785 τέσσαρα
578 4714 718 4784 μέρη
750 4716 845 4785 τῆς
879 4715 1199 4785 οἰκουμένης
1222 4714 1308 4767 διὰ
1329 4714 1533 4767 τούτων
1566 4715 1763 4785 σημαί-

189 4826 303 4861 νει·
337 4808 425 4861 διὰ
459 4808 555 4877 μὲν
591 4807 684 4860 τοῦ
716 4807 888 4879 βορρᾶ
916 4808 984 4861 τὰ
1019 4807 1241 4878 ἀρκτῷα
1283 4807 1444 4879 μέρη,
1475 4808 1562 4861 διὰ
1585 4807 1641 4859 δὲ
1664 4807 1763 4878 τῆς

191 4899 467 4970 θαλάσσης
492 4898 561 4951 τά
605 4899 703 4969 τῆς
741 4900 993 4971 ἑσπέρας.
1026 4900 1307 4953 Θάλασσαν
1338 4898 1447 4969 γὰρ
1494 4900 1526 4967 ἡ
1572 4896 1760 4969 Γραφὴ

190 4994 289 5062 τὴν
317 4991 555 5061 ἑσπέραν
580 4991 736 5043 καλεῖ
758 5007 773 5022 ο
800 4991 887 5044 διὰ
909 4990 967 5043 δὲ
999 4990 1093 5044 τοῦ
1133 4990 1346 5062 Ἐρμὼν
1374 4990 1531 5061 ὅρους
1555 4990 1647 5043 τὸν
1673 4990 1761 5043 v6-

190 5102 282 5137 τον
301 5101 315 5114 ·
349 5082 438 5136 διὰ
460 5083 517 5154 δὲ
537 5082 631 5137 τοῦ
665 5083 859 5156 Θαὸὼρ
886 5084 1044 5155 ὅρους
1072 5084 1230 5140 πάλιν
1261 5083 1356 5153 τὴν
1384 5082 1665 5153 ἀνατολήν.

268 5176 381 5240 Σὸς
409 5179 442 5230 ὁ
468 5176 737 5245 βραχίων
777 5178 927 5245 μετὰ
971 5176 1426 5241 δυναστείας-,Ὀ
1460 5174 1569 5238 σὸς,
1594 5169 1639 5228 ὧ
1670 5176 1765 5228 Δέ-

194 5283 390 5327 σποτα,
424 5266 678 5339 βραχίων,
709 5267 892 5336 φησὶν,
919 5266 1244 5337 ὲπιδειχθείη
1285 5268 1397 5329 τοῖς
1441 5267 1573 5319 πάσι
1629 5264 1765 5335 μετὰ

190 5357 523 5419 δυναστείας.
556 5357 618 5410 Εἰ
646 5357 753 5429 γὰρ
774 5359 865 5410 καὶ
884 5356 1105 5425 γέγονεν
1130 5357 1413 5427 ἄνθρωπος
1439 5358 1532 5410 καὶ
1555 5356 1759 5425 πέφηνε

190 5450 316 5504 καθ’
354 5450 523 5520 ἡμᾶς,
563 5449 679 5502 ἀλλ’
700 5448 944 5521 ἐμφανὴς
970 5450 1201 5520 κατέστη
1224 5452 1256 5520 ή
1286 5449 1386 5520 τῆς
1413 5447 1763 5519 μεγαλειότη-

276 5688 321 5717 ”
373 5684 503 5741 Luc.
538 5703 599 5752 ll,
633 5686 719 5738 11.
785 5686 827 5717 ’⁸
860 5685 991 5740 ibid.
1018 5685 1102 5738 Η.
1188 5686 1233 5716 ”
1261 5683 1420 5738 Joan.
1452 5700 1491 5749 I,
1527 5683 1612 5739 I6.
1697 5682 1743 5713 "

1857 5700 1921 5737 in.
1970 5699 2079 5746 xiv,
2109 5684 2165 5738 6.

1863 4650 1960 4704 per
1987 4634 2316 4702 aquilonem,
2342 4628 2792 4700 septentrionales
2820 4627 3069 4697 regiones
3094 4640 3109 4689 ;
3138 4638 3234 4692 per
3252 4637 3425 4685 mare,

1863 4726 2246 4782 occidentales.
2298 4724 2443 4777 Mare
2487 4737 2719 4791 namque
2754 4720 3034 4788 Scriptura
3075 4724 3230 4771 vocat
3277 4717 3425 4771 occi-

1862 4823 2120 4875 dentem:
2177 4833 2274 4887 per
2330 4826 2566 4873 montem
2627 4814 2899 4877 Ilermon,’
2949 4812 3275 4877 meridiem;
3330 4823 3428 4879 per

1862 4912 2101 4977 Thabor,
2127 4910 2424 4965 orientem-

1938 5173 2020 5228 14.
2051 5171 2220 5225 Tuum
2247 5170 2517 5223 brachium
2543 5183 2659 5221 cum
2685 5165 2936 5235 potentia,
2970 5173 3072 5217 etc.
3109 5160 3308 5226 Tuum,
3343 5158 3425 5211 in-

1864 5266 2002 5334 quit,
2040 5262 2264 5317 Domine
2319 5260 2604 5316 brachium
2648 5257 2901 5311 omnibus
2947 5253 3263 5309 ostendatur
3299 5264 3424 5304 cum

1867 5355 2126 5426 potentia.
2167 5351 2393 5407 Etiamsi
2432 5352 2576 5408 enim
2617 5349 2783 5405 homo
2815 5346 2993 5402 factus
3025 5347 3115 5410 sit,
3156 5352 3208 5398 et
3230 5343 3425 5397 similis

1871 5448 2029 5504 nobis
2078 5445 2425 5516 apparuerit;
2474 5452 2530 5499 at
2570 5442 2853 5513 perspicua
2900 5438 3003 5494 fuit
3036 5435 3424 5507 magnitudinis

2274 5683 2314 5713 "
2349 5681 2508 5737 Joan.
2539 5697 2653 5745 vui,
2697 5678 2784 5737 58.
2866 5682 2906 5713 ³³
2939 5678 3127 5733 Manli.
3171 5691 3281 5738 xvr,
3337 5675 3421 5733 16.

196 5758 244 5793 ⁸⁸
276 5758 464 5811 Matth.
499 5774 606 5822 xiv,
633 5758 721 5811 '53.
812 5756 856 5787 “
881 5755 982 5812 Job
1013 5771 1239 5821 xxxviii,
1273 5755 1359 5809 11.
1417 5756 1461 5786 ³⁵
1495 5754 1682 5809 Matth.
1726 5771 1756 5808 ι

1857 5754 1937 5809 29.
2006 5754 2050 5785 ³⁸
2079 5752 2209 5808 Luc.
2244 5769 2300 5816 ι,
2330 5755 2417 5807 19.
