4070 6478
613 404 717 460 387

1450 404 1507 458 S.
1548 402 1919 459 ATHANASH
1960 403 2113 460 OPP.
2150 404 2331 461 PARS
2364 404 2453 462 lli.
2487 436 2558 448 —
2590 404 3003 460 EXEGETICA.

3744 405 3853 462 388

614 534 734 587 eius
763 518 1092 587 praestantia.
1124 515 1301 587 Atque
1339 517 1393 571 ld
1424 517 1528 573 sibi
1555 519 1669 572 vult
1698 519 1828 574 illud
1857 537 1870 573 :
1902 516 2173 574 Firmetur

2276 537 2362 584 τος
2386 519 2549 574 αὑτοῦ
2585 520 2847 590 ὑπεροχή.
2877 521 2988 573 Καὶ
3020 518 3177 574 τοῦτό
3204 523 3318 575 ἐστι
3346 520 3438 574 τό²
3475 518 3855 590 Κραταιωθήι

614 622 801 660 manus
825 618 937 669 tua,
970 605 1235 660 exaltetur
1257 606 1471 660 dextera
1498 616 1609 661 tua.

686 696 772 760 16.
803 697 887 752 17.
912 696 1105 752 Beatus
1131 696 1351 766 populus
1381 698 1471 766 qui
1490 699 1591 751 scit
1605 697 2002 767 jubilationem.
2028 698 2177 754 Post-

611 804 775 857 quam
829 788 1140 857 praedicavit
1197 788 1626 842 incarnationem
1699 786 1996 859 Unigeniti,
2050 790 2177 859 jure

612 883 799 935 beatos
824 879 1080 949 praedicat
1101 894 1197 933 eos
1220 880 1315 948 qui
1353 879 1456 933 hoc
1482 880 1798 949 mysterium
1830 881 2172 936 edidicerint.

612 970 727 1027 Hoc
750 980 929 1026 autem
960 981 1041 1026 est
1069 972 1308 1026 victoriae
1337 970 1579 1026 carmina
1604 972 1703 1040 ipsi
1724 988 1939 1027 cauere.
1973 971 2179 1027 iubila-

610 1065 688 1118 tio
716 1066 861 1117 enim
908 1075 988 1119 est
1027 1064 1303 1117 canticum
1350 1064 1416 1118 de
1451 1067 1740 1134 prostratis
1786 1066 2022 1120 inimicis
2062 1065 2171 1119 edi-

612 1163 747 1208 tum.
792 1155 895 1209 Pro
940 1156 1097 1208 nobis
1128 1157 1270 1208 enim
1318 1171 1553 1225 pugnant
1584 1156 1860 1210 commisit
1901 1171 1964 1210 ac
1985 1157 2178 1210 devicit

612 1246 950 1301 adversarius
972 1256 1284 1316 potestates.
1309 1247 1549 1311 Domine,
1580 1248 1633 1300 in
1659 1248 1858 1301 lumine
1891 1249 2061 1301 vultus
2102 1250 2178 1301 tui

612 1339 976 1404 ambulabunt,
1007 1350 1054 1392 et
1093 1341 1147 1393 in
1195 1342 1403 1393 nomine
1450 1351 1536 1393 tuo
1561 1341 1916 1394 exsultabant.
1947 1340 2176 1396 Sanctos

611 1434 885 1504 apostolos
931 1449 1057 1488 suos
1106 1434 1293 1488 beatos
1355 1433 1631 1502 praedicat,
1684 1436 1811 1501 quia
1860 1432 2080 1486 nomine
2126 1440 2179 1487 et

610 1525 805 1579 virtute
830 1524 948 1594 ejus
974 1525 1239 1595 stupenda
1270 1525 1361 1579 illa
1395 1539 1560 1594 opera
1593 1524 1847 1578 edeb’ant.

678 1701 767 1757 18.
808 1700 873 1755 Et
926 1702 979 1754 in
1030 1702 1348 1770 beneplacito
1399 1712 1487 1754 tuo
1532 1700 1856 1755 exaltabitur
1885 1718 2046 1754 cornu
2087 1717 2181 1754 no-

606 1805 795 1852 strum.
857 1793 1038 1849 Cornu
1099 1796 1231 1850 dicit
1284 1796 1534 1863 gloriam.
1591 1794 1733 1849 Dicit
1794 1794 1958 1863 igitur
2019 1794 2173 1863 quasi

2277 630 2355 665 τω
2386 613 2421 679 ἡ
2446 613 2573 681 χείρ
2602 628 2715 665 σου
2739 628 2752 641 ·
2782 611 3074 680 ὑψωθήτω
3100 614 3138 681 ή
3161 610 3329 677 δεξιά
3357 627 3493 667 σου.

2345 701 2646 772 Μακάριος
2678 705 2710 756 ὀ
2738 702 2886 767 λαὸς
2924 705 2956 755 ό
2993 702 3301 771 γινώσκων
3332 702 3704 772 ἁλαλαγμόν.
3734 701 3856 771 Κη-

2280 792 2444 865 ρύξας
2482 793 2582 864 τὴν
2627 792 3041 865 ὲνανθρώπησιν
3091 793 3186 847 τοῦ
3224 792 3581 861 Μονογενοῦς,
3628 791 3859 853 εἰκότως

2280 884 2571 956 μακαρίζει
2620 886 2745 949 τοὺς
2794 886 2857 937 τὸ
2914 884 3078 939 αὑτοῦ
3132 886 3470 955 ἐκμαθόντας
3535 886 3854 956 μυστήριον.

2278 976 2446 1031 Τοῦτο
2478 977 2536 1030 δέ
2566 978 2682 1031 ἐστι
2718 978 2777 1029 τὸ
2801 978 2926 1041 τοὺς
2951 977 3245 1040 ἐπινικίους
3274 977 3416 1049 ᾄδειν
3445 974 3611 1045 αὐτῷ.
3631 954 3857 1027 ’λλαλαο

2277 1067 2415 1137 γμὸς
2452 1067 2561 1138 γάρ
2583 1069 2729 1121 ἐστιν
2757 1068 2790 1137 ἡ
2823 1067 2914 1119 ἐπὶ
2936 1070 3047 1130 τοῖς
3073 1067 3329 1120 πεσοῦσιν
3350 1065 3561 1137 ἐχθροῖς
3590 1063 3853 1135 γινομένη

2442 1157 2789 1229 Παρετάξατο
2831 1159 2888 1211 δὲ
2934 1159 3073 1230 ὑπὲρ
3120 1161 3296 1231 ἡμῶν,
3327 1158 3422 1212 καὶ⁵
3462 1159 3714 1226 νενίκηκε
3756 1154 3856 1217 τὰς

2279 1250 2653 1320 ἀντικειμένας
2674 1250 2946 1320 δυνάμεις.
2961 1250 3155 1317 Κύριε,
3182 1252 3250 1304 ὲν
3269 1248 3349 1315 τῷ
3368 1248 3515 1318 φωτὶ
3542 1248 3647 1301 τοῦ
3670 1263 3859 1314 προσ·

2277 1341 2440 1394 ώπου
2488 1357 2602 1395 σου
2636 1343 3050 1410 πορεύσονται,
3092 1342 3188 1394 καί
3234 1342 3304 1394 ἐν
3347 1338 3427 1405 τῷ
3466 1338 3710 1407 ὀνόματί
3737 1353 3857 1391 σου

2278 1434 2767 1503 ἁγαλλιάσονται.
2794 1434 2928 1498 Τοὺς
2963 1435 3150 1503 ἁγίους
3182 1432 3343 1486 αὐτοῦ
3382 1431 3712 1493 ἀποστόλους
3745 1446 3856 1499 μα-

2279 1528 2491 1598 καρίζει
2514 1568 2527 1591 ,
2563 1528 2642 1580 ὅτι
2667 1527 2731 1598 δὴ
2759 1525 2835 1597 τῷ
2862 1527 3083 1597 ὀνόματι
3108 1525 3272 1578 αὑτοῦ
3298 1526 3392 1577 καὶ
3417 1528 3481 1595 τῇ
3508 1522 3737 1592 δυνάμει
3759 1522 3858 1575 αὑ-

2278 1618 2371 1671 τοῦ
2402 1619 2617 1671 ἐποίουν
2644 1619 2745 1671 ὅσα
2781 1617 2995 1669 ἐποίουν
3018 1615 3315 1686 παράδοξα.

2349 1711 2457 1765 Καὶ
2506 1712 2576 1764 ὲν
2616 1709 2691 1779 τῇ
2730 1709 2971 1777 εὐδοκία
3010 1724 3125 1763 σου
3162 1706 3545 1776 ὑψωθήσεται
3568 1706 3635 1758 τὸ
3675 1705 3861 1774 κέρας

2282 1801 2469 1873 ἡμῶν.
2502 1802 2681 1872 Κέρας
2704 1802 2799 1872 τὴν
2820 1801 2976 1867 δόξαν
2996 1800 3148 1871 φησί.
3180 1799 3341 1867 Λέγει
3368 1794 3478 1863 οὖν,
3498 1798 3573 1860 ὡς
3599 1796 3737 1866 πρὸς
3766 1797 3860 1849 τὸν

606 1885 821 1941 Patrem
875 1887 1157 1957 alloquens
1195 1906 1208 1941 :
1240 1887 1509 1953 Quoniam
1570 1886 1665 1941 tibi
1719 1886 1922 1956 placuit
1967 1888 2177 1940 mittere

2280 1894 2497 1963 Πατέρα
2515 1909 2528 1921 ·
2561 1892 2775 1962 Ἐπειδὴ
2799 1893 2861 1944 σὺ
2889 1890 3192 1962 ηὐδόκησας
3225 1887 3538 1941 ἀποστεῖλαι
3566 1887 3655 1939 τὸν
3682 1887 3861 1939 Μονο-

607 1980 977 2052 Unigeuitum,
1029 1981 1149 2035 ideo
1193 1982 1364 2050 gloria
1406 1991 1589 2035 nostra
1633 1979 1865 2035 excitata
1916 1988 2017 2033 est.
2047 1977 2173 2033 Glo-

605 2074 799 2128 rilicati
826 2074 971 2128 enim
1010 2088 1201 2128 sumus
1232 2074 1646 2129 conresuscitati
1674 2087 1799 2127 cum
1843 2070 2084 2135 Christo,
2119 2078 2173 2126 et

606 2170 895 2232 regnantes
920 2177 1043 2216 cum
1071 2161 1162 2215 illo
1193 2161 1257 2214 ³⁷.

675 2253 764 2309 20.
800 2253 941 2308 Tunc
987 2254 1192 2308 locutus
1236 2270 1287 2307 es
1334 2253 1385 2305 in
1424 2252 1617 2304 visione
1659 2251 1788 2320 ﬁliis
1832 2253 1956 2306 tuis.
1998 2250 2170 2315 Tunc,

608 2350 745 2416 sive,
777 2350 929 2414 olim,
960 2351 1056 2413 ait,
1089 2364 1185 2419 per
1211 2348 1446 2402 visiones
1491 2347 1859 2415 propheticus,
1894 2346 2019 2401 [iliis
2046 2348 2170 2413 tuis,

604 2441 673 2497 iis
729 2443 934 2497 scilicet
982 2442 1075 2511 qui
1142 2442 1207 2495 ad
1259 2441 1493 2495 liliorum
1565 2438 1661 2495 Dei
1724 2441 2071 2509 adoptionem
2120 2449 2172 2494 et

605 2532 924 2602 dignitatem
979 2532 1155 2585 vocati
1201 2540 1347 2595 sunt,
1398 2531 1615 2585 locutus
1666 2546 1744 2584 es.
1795 2530 1938 2595 Quid
1991 2541 2170 2583 autem

605 2624 821 2680 locutus
847 2640 905 2679 es
934 2625 1037 2678 nisi
1076 2623 1204 2677 illud
1234 2642 1248 2677 :
1282 2623 1445 2676 Posui
1477 2622 1803 2690 adjutorium
1833 2625 1889 2676 in
1915 2635 2123 2691 potente
2151 2625 2175 2676 3’

604 2718 837 2772 Perinde
873 2727 1052 2771 autem
1091 2726 1172 2771 cst
1201 2731 1264 2770 ac
1293 2717 1337 2771 si
1367 2716 1569 2770 diceret
1607 2736 1619 2768 :
1652 2714 1777 2770 Dedi
1821 2718 2085 2771 auxilium
2120 2717 2170 2770 in

607 2819 826 2880 potente
854 2809 1085 2862 inlirmis
1109 2820 1161 2862 et
1186 2824 1213 2862 a
1245 2810 1458 2861 Satanas
1483 2808 1770 2877 tyrannide
1787 2810 2089 2877 oppressis,
2117 2818 2175 2863 ut

607 2901 959 2972 confugerent
991 2902 1056 2955 ad
1093 2910 1387 2971 potentem.
1423 2901 1621 2956 Potens
1660 2912 1839 2954 autem
1872 2903 1982 2963 ille,
2013 2918 2172 2970 quem

606 2997 751 3052 dedit
802 2997 959 3049 nobis
1000 2994 1157 3049 Pater
1201 2994 1269 3047 ad
1311 2994 1595 3058 auxilium,
1650 2994 1903 3048 Christus
1952 2996 2174 3049 omnino

602 3098 721 3152 est;
753 3102 877 3141 nam
904 3096 985 3141 est
1015 3086 1279 3140 Dominus
1307 3087 1565 3138 virtutum
1586 3086 1650 3139 ⁸⁸.
1682 3085 1930 3139 Exultavi
1956 3088 2172 3140 electum

604 3183 667 3234 de
696 3180 838 3247 plebe
861 3196 992 3233 mea.
1028 3177 1212 3232 Inveni
1253 3176 1426 3230 David
1458 3194 1665 3231 servum
1700 3195 1891 3232 meum.
1934 3179 2174 3247 Intelligo

603 3271 879 3325 Christum
909 3286 973 3324 ex
1010 3272 1215 3325 semine
1244 3268 1433 3332 David,
1461 3271 1553 3339 qui
1582 3270 1787 3324 electus
1822 3280 2045 3323 vocatus
2071 3279 2173 3333 est,

603 3373 816 3432 propter
850 3361 987 3430 quod
1036 3370 1083 3414 et
1129 3361 1267 3414 Deus
1303 3363 1552 3414 exultavit
1577 3361 1729 3413 illum
1766 3361 1831 3413 ’9.
1869 3358 2177 3429 iterumque

604 3463 766 3508 vocat
809 3454 956 3506 illum
1000 3451 1258 3505 Davidcm
1306 3463 1577 3522 quatenus
1624 3469 1691 3507 ex
1755 3454 1963 3507 semine
2007 3452 2176 3507 David

604 3555 721 3601 erat
744 3546 834 3611 ‘°;
878 3560 1093 3599 servum
1143 3545 1291 3607 item,
1338 3546 1468 3615 quia
1516 3546 1568 3598 in
1611 3543 1785 3599 forma
1836 3548 1975 3601 servi
2015 3561 2177 3615 appa-

605 3640 713 3693 ruit
750 3638 815 3693 “.
853 3636 978 3691 Olco
1028 3648 1210 3691 sancto
1267 3655 1377 3692 meo
1422 3640 1551 3691 anxi
1577 3655 1718 3692 eum.
1750 3640 1886 3694 Cum
1938 3638 2176 3693 Verbum

604 3741 747 3785 esset
780 3730 940 3794 Dens,
966 3740 1126 3786 natus
1159 3740 1242 3786 est
1276 3734 1572 3787 secundum
1607 3748 1826 3787 carnem
1849 3748 1914 3787 ex
1952 3733 2176 3787 muliere

606 3834 661 3878 et
694 3826 855 3879 homo
898 3825 1116 3895 prodiit,
1155 3840 1380 3881 manens
1417 3824 1559 3881 Deus
1583 3836 1641 3880 ut
1683 3836 1838 3882 erat:
1872 3837 2002 3881 tunc
2028 3827 2175 3895 judi-

606 3915 749 3970 cium
786 3931 880 3984 per
925 3923 975 3968 te
1031 3916 1324 3984 accipiens,
1381 3928 1727 3985 nuncupatus
1765 3927 1850 3972 est
1894 3917 2169 3973 Christus.

605 4002 741 4058 Nam
774 4019 898 4058 cum
930 4003 1165 4057 Verbum
1196 4012 1338 4057 esset
1360 4003 1501 4059 Deus
1522 4016 1577 4060 et
1605 4021 1699 4061 rex
1733 4016 1857 4061 ante
1886 4008 2083 4063 siccula
2106 4008 2173 4071 δ’,

606 4110 728 4166 qua:
750 4104 931 4149 nostra
961 4104 1115 4149 erant
1141 4094 1241 4149 sibi
1276 4096 1495 4165 propria
1523 4097 1719 4165 ell‘ecit,
1751 4106 1809 4153 ut
1839 4113 1939 4153 nos
1963 4098 2030 4153 iis
2056 4114 2176 4169 quae

604 4187 707 4259 ipsi
739 4189 952 4257 propria
983 4195 1140 4241 erant
1171 4187 1366 4242 divites
1400 4204 1672 4247 essemus.

672 4278 761 4331 9.2.
810 4276 1002 4329 Manus
1030 4278 1170 4329 enim
1211 4292 1324 4329 mea
1367 4278 1721 4331 auxiliabitur
1762 4280 1831 4333 ei.
1865 4279 1957 4334 Ait
1988 4278 2177 4334 Salva-

604 4374 692 4421 tor
723 4384 737 4421 :
774 4365 945 4436 Opera
979 4382 1096 4436 qua:
1134 4366 1277 4420 dedit
1326 4367 1454 4420 mihi
1499 4366 1662 4422 Pater
1705 4380 1763 4423 ut
1807 4372 2027 4438 faciam,
2060 4372 2174 4439 ipsa

605 4473 763 4526 opera
794 4458 1145 4528 testiﬁcantur
1171 4461 1234 4511 de
1269 4474 1369 4522 me,
1404 4459 1527 4527 quia
1562 4461 1672 4530 ipse
1704 4464 1845 4515 misit
1893 4479 1972 4516 me
2009 4462 2073 4517 “.
2110 4462 2175 4519 Et

2276 1985 2427 2054 γενῆ,
2463 1982 2651 2037 τούτου
2686 1982 2841 2053 χάριν
2872 1982 2905 2051 ή
2936 1980 3062 2044 δόξα
3092 1978 3247 2049 ἡμῶν
3280 1977 3646 2047 διεγήγερται.
3707 1972 3860 2026 Ἐδο-

2276 2077 2551 2147 ξάσθημεν
2587 2074 2695 2147 γὰρ
2742 2072 3153 2145 συνεγερθέντες
3194 2068 3433 2143 Χριστῷ,
3467 2067 3560 2122 καὶ
3588 2066 3863 2137 συμϐασι-

2274 2169 2561 2230 λεύσαντες
2590 2166 2756 2237 αὐτῷ.

2351 2261 2487 2313 Ίοτε
2519 2257 2826 2325 ἐλάλησας
2852 2256 2923 2309 ἐν
2960 2253 3164 2323 ὁράσει
3192 2253 3314 2319 τοῖς
3341 2252 3493 2318 υἱοῖς
3523 2268 3661 2306 σου.
3698 2250 3860 2311 Τότε,

2275 2354 2393 2408 ἀντὶ
2430 2351 2544 2415 τοῦ,
2575 2349 2763 2414 πάλαι,
2794 2350 2947 2419 φησὶ,
2987 2346 3052 2400 δι’
3078 2345 3321 2416 ὁράσεων
3359 2341 3713 2415 προφητικῶν
3748 2341 3862 2401 τοῖς

2275 2449 2409 2509 υἱοῖς
2437 2462 2552 2508 σου,
2588 2443 2737 2511 λέγει
2765 2442 2823 2494 δὲ
2848 2432 2960 2504 τοῖς
2985 2437 3340 2508 κεκλημένοις
3367 2438 3445 2499 είς
3474 2435 3533 2487 τὸ
3554 2435 3652 2501 τῆς
3679 2432 3861 2485 υἱοθε-

2277 2541 2396 2601 σίας
2435 2536 2670 2606 ὰξίωμα,
2706 2534 2989 2604 ἐλάλησας.
3019 2532 3083 2585 Τί
3104 2531 3160 2584 δὲ
3193 2529 3458 2598 ὲλάλησας
3491 2526 3523 2597 ἢ
3558 2525 3619 2578 τό
3640 2542 3653 2555 ·
3700 2524 3862 2578 Ἐθέ-

2268 2647 2395 2700 μην
2420 2628 2710 2695 ,ϐοήθειαν
2735 2627 2829 2678 ἐπὶ
2864 2624 3153 2685 ove-ator;
3182 2623 3406 2692 Ὅμοιον
3436 2618 3493 2672 δὲ
3525 2618 3657 2670 ὡσεὶ
3684 2616 3859 2683 λέγοι-

2274 2722 2511 2785 Δέδωκα,
2549 2718 2700 2790 φησὶ,
2742 2715 2991 2788 βοήθειαν
3030 2715 3122 2766 ἐπὶ
3170 2712 3389 2765 δυνατὸν
3442 2714 3555 2774 τοῖς
3586 2708 3863 2777 [ἀσθενέσι

2275 2815 2369 2867 καὶ
2410 2808 2915 2877 πλεονεκτουμένοις
2954 2804 3059 2857 ὑπὸ
3085 2803 3177 2856 τοῦ
3212 2804 3445 2866 Σατανᾶ,
3480 2801 3574 2854 τοῦ
3607 2816 3863 2868 καταφυ-

2275 2908 2390 2973 γεῖν
2437 2904 2528 2957 ἐπὶ
2560 2900 2801 2954 δυνατόν.
2821 2899 2876 2950 '0
2903 2897 2958 2949 δέ
2984 2913 3044 2964 γε
3076 2895 3319 2958 δυνατὸς,
3345 2894 3403 2947 ὃν
3446 2892 3677 2946 δέδωκεν
3726 2892 3863 2962 ἡμῖν

2275 2999 2353 3059 είς
2384 2994 2631 3065 βοήθειαν
2663 2994 2691 3044 ό
2724 2990 2933 3060 Πατὴρ.
2961 2987 3193 3057 Χριστός
3215 3003 3317 3039 που
3350 2986 3564 3046 πάντως
3586 2982 3703 3035 ἐστι
3726 2998 3739 3009 ·
3767 2981 3866 3033 καὶ

2275 3091 2382 3161 γάρ
2430 3090 2543 3141 ἐστι
2589 3084 2868 3154 δυνάμεων
2906 3080 3139 3151 Κύριος-ο
3172 3081 3415 3147 ’Υψωσα
3459 3073 3753 3153 ἐκλεκτὸν
3789 3072 3863 3125 ἐκ

2276 3182 2382 3237 τοῦ
2420 3180 2573 3235 λαοῦ
2610 3197 2748 3249 μου,
2788 3174 2967 3246 εὗρον
2991 3174 3173 3229 Δαυῒδ
3207 3173 3310 3226 τὸν
3338 3171 3563 3225 δοῦλόν
3585 3188 3727 3239 μου.
3745 3169 3865 3222 Ἐν-

2277 3274 2385 3327 νόει
2412 3270 2643 3343 Χριστὸν
2690 3270 2780 3323 τὸν
2826 3272 2889 3322 ὲκ
2935 3268 3249 3339 σπέρματος
3279 3263 3459 3327 Δαυῖδ,
3492 3261 3748 3315 ἐκλεκτὸν
3776 3278 3866 3314 κε-

2276 3364 2562 3435 κλημένον,
2589 3361 2680 3415 διὸ
2706 3360 2803 3413 καὶ
2834 3363 2865 3413 ό
2896 3359 3040 3423 Θεὸς
3065 3357 3252 3411 αὐτὸν
3272 3356 3654 3423 ὑπερύψωσε.
3696 3352 3866 3406 Δαυῖδ

2275 3458 2331 3510 δὲ
2389 3456 2549 3509 πάλιν
2610 3452 2771 3507 αὑτὸν
2820 3448 3092 3520 ὀνομάζει,
3132 3448 3264 3501 καθὸ
3314 3450 3378 3499 ὲκ
3433 3446 3748 3517 σπέρματος
3792 3441 3865 3516 ἦν

2274 3548 2467 3601 Δαυῖδ·
2506 3547 2599 3601 καὶ
2634 3545 2739 3616 μὴν
2773 3542 2866 3596 καὶ⁸
2889 3541 3094 3605 δοῦλον,
3126 3539 3212 3592 διὰ
3260 3538 3319 3591 τὸ
3360 3540 3416 3591 ὲν
3444 3539 3509 3607 τῇ
3539 3537 3634 3590 τοῦ
3671 3536 3863 3590 δούλου

2278 3639 2457 3708 μορφῇ
2498 3634 2933 3705 πεφηνέναι.Ἐν
2954 3633 3135 3699 ἐλαίῳ
3168 3631 3314 3699 ἁγίῳ
3347 3646 3467 3698 μου
3497 3630 3713 3697 ἕχρισα
3751 3631 3865 3682 αὑ-

2273 3731 2534 3784 τόν-,Ὅτε
2564 3728 2695 3791 Θεὸς
2720 3722 2787 3796 ἦν
2826 3729 2855 3778 ό
2882 3725 3072 3792 Λόγος,
3109 3721 3369 3793 ἐγεννήθη
3407 3725 3549 3775 κατὰ
3580 3720 3761 3791 σάρκα
3797 3720 3865 3773 ἐκ

2273 3820 2545 3892 γυναικὸς,
2569 3821 2664 3873 καὶ
2687 3815 2954 3889 προῆλθεν
2976 3813 3283 3883 ἄνθρωπος,
3310 3812 3484 3881 μένων
3506 3812 3581 3874 ὼς
3602 3808 3671 3882 ἦν
3699 3811 3859 3872 Θεό;“

2273 3915 2415 3977 τότε,
2451 3913 2545 3983 τὴν
2593 3911 2771 3984 κρίσιν
2797 3910 2886 3964 διὰ
2934 3911 2993 3962 σὲ
3040 3906 3243 3971 λαϐὼν,
3270 3903 3563 3975 ὠνομάσθη
3596 3903 3857 3973 Χριστός.

2273 4006 2403 4069 Θεὸς
2431 4005 2537 4074 γὰρ
2558 4003 2631 4056 ὢν
2660 4007 2687 4056 ό
2710 4004 2879 4071 Λόγος
2902 4002 2996 4055 καὶ
3025 3999 3275 4069 βασιλεὺς
3305 3997 3411 4069 πρὸ
3440 3995 3651 4049 αἰώνων
3676 3994 3860 4063 saep.

2274 4116 2401 4170 χων,
2440 4096 2798 4164 ίδιοποιήσατο
2831 4095 2900 4147 τά
2923 4093 3188 4163 ἡμέτερα,
3210 4092 3299 4143 ἵνα
3331 4091 3426 4143 καὶ
3467 4090 3624 4159 ἡμεῖς
3658 4087 3729 4139 τὰ
3754 4088 3861 4140 αὑ-

2273 4190 2366 4244 τοῦ
2392 4190 2803 4260 πλουτήσωμεν.

2354 4283 2415 4338 Ἠ
2438 4282 2546 4352 γὰρ
2590 4281 2716 4349 χείρ
2748 4296 2866 4348 μου
2906 4273 3422 4344 συναντιλήψεται
3456 4269 3633 4336 αὐτῷ.
3652 4270 3710 4324 '0
3741 4270 3861 4323 Σω-

2274 4373 2375 4445 τὴρ
2403 4373 2609 4443 ἔφασκε
2631 4388 2643 4401 ·
2679 4371 2755 4424 Τὰ
2798 4371 2942 4439 ἔργα
2982 4368 3021 4423 d
3053 4365 3272 4422 δέδωκέ
3294 4383 3394 4434 μοι
3437 4367 3469 4417 ό
3506 4361 3708 4430 Πατὴρ
3756 4362 3861 4415 ἵνα

2275 4466 2527 4535 ποιήσω,
2562 4466 2714 4519 αὐτὰ
2754 4462 2826 4516 τὰ
2872 4464 3015 4531 ἔργα
3059 4456 3345 4531 μαρτυρεῖ
3384 4456 3517 4524 περὶ
3560 4454 3730 4522 ἐμοῦ,
3768 4454 3861 4507 ὅτι

606 4549 839 4605 iterum:
872 4551 913 4603 Α
956 4552 1149 4619 meipso
1185 4551 1320 4603 nihil
1358 4551 1562 4621 loquor.
1606 4552 1768 4607 Pater
1800 4564 1973 4608 autent
2014 4555 2068 4608 in
2097 4571 2175 4609 me

2278 4558 2459 4623 αὑτός
2499 4573 2575 4625 με
2631 4552 3008 4609 ἀπέσταλκε⁹
3061 4550 3155 4604 καὶ
3202 4548 3361 4602 πάλιν
3385 4563 3402 4578 ⁸
3451 4545 3565 4599 Ἀπ’
3594 4544 3859 4613 ἐμαυτοῦ

604 4656 817 4693 manens
848 4641 956 4709 ipse
985 4641 1117 4709 facit
1154 4657 1313 4710 opera
1358 4642 1422 4695 “.
1471 4641 1536 4697 Et
1567 4644 1668 4699 hoc
1710 4646 1886 4715 ipsum
1916 4660 1997 4702 est
2029 4649 2177 4717 quod

605 4747 749 4786 nunc
775 4731 933 4788 Pater
962 4732 1027 4786 de
1055 4732 1149 4787 illo
1182 4733 1315 4789 dicit
1352 4752 1364 4787 :
1404 4734 1596 4789 Manus
1620 4738 1759 4789 enim
1800 4754 1915 4791 mea
1951 4738 2181 4793 auxilia-

605 4824 745 4878 bitur
770 4827 839 4891 ei,
868 4834 917 4879 et
951 4826 1224 4880 brachium
1258 4844 1425 4881 meum
1464 4829 1784 4897 confortabit
1817 4846 1956 4887 eum.

676 4997 765 5051 25.
805 4996 957 5051 Nihil
990 5000 1229 5068 proﬁciet
1260 5002 1507 5056 inimicus
1547 5004 1599 5056 in
1637 5019 1717 5058 eo.
1752 5003 1979 5060 Etiamsi
2026 5008 2177 5062 dixe-

610 5093 711 5146 rint
754 5111 766 5145 :
822 5089 1019 5153 Venite,
1070 5094 1367 5147 occidantus
1418 5112 1560 5159 eum,
1601 5105 1649 5149 et
1704 5096 1989 5151 habeamus
2027 5100 2173 5154 nobis

607 5182 964 5236 hwreditatem
994 5184 1107 5253 ejus
1145 5184 1211 5239 ⁸³.
1253 5184 1355 5239 Sed
1389 5187 1700 5256 hujusmodi
1736 5189 2023 5245 consilium
2060 5199 2169 5245 tam

605 5272 818 5327 Satana:
843 5289 1005 5342 quam
1049 5273 1251 5330 Judaeis
1287 5277 1477 5331 inutile
1505 5289 1643 5341 erat,
1688 5292 1742 5334 et
1781 5280 1983 5336 frustra
2008 5284 2174 5338 cessit

606 5364 708 5419 illis
749 5365 979 5421 facinus.
1016 5365 1332 5423 Resurrexit
1353 5370 1554 5440 quippe
1586 5371 1837 5426 Salvator
1864 5375 2020 5427 tertia
2056 5374 2167 5441 die,

606 5464 891 5524 postquam
922 5464 1148 5510 mortem
1193 5458 1641 5515 conculcassetet
1685 5463 1975 5533 spoliasset
2002 5463 2169 5519 infer-

607 5560 735 5598 num
763 5562 778 5613 ;
808 5556 855 5600 et
889 5547 1131 5603 ascendit
1158 5550 1224 5603 ad
1266 5549 1481 5606 Patrem
1528 5563 1581 5607 et
1637 5553 1805 5609 Deum
1850 5559 1943 5625 qui
1994 5558 2167 5613 estin

605 5638 799 5692 cmlis:
842 5647 1034 5710 estque
1084 5640 1137 5693 in
1186 5640 1407 5698 dextera
1452 5645 1632 5700 throni
1685 5648 2077 5717 ina-gnitudinis
2111 5650 2166 5704 in

2278 4648 2445 4704 λαλῶ
2476 4645 2751 4701 οὺδέν.”0
2793 4644 2861 4697 δὲ
2903 4642 3103 4711 Πατὴρ
3139 4644 3171 4695 ό
3208 4641 3278 4694 ἐν
3312 4636 3443 4708 ἐμοὶ
3473 4636 3675 4706 μένων
3704 4635 3862 4688 ποιεῖ

2279 4741 2352 4794 τὰ
2374 4741 2517 4809 ἔργα
2544 4740 2743 4804 αὐτός.
2776 4738 2887 4791 Καὶ
2913 4735 3069 4789 τοῦτό
3093 4736 3239 4787 ἐστιν
3267 4732 3294 4785 ὃ
3321 4731 3470 4798 λέγει
3492 4728 3586 4781 νῦν
3613 4731 3641 4781 ό
3668 4727 3859 4798 Πατὴρ

2279 4830 2409 4900 περὶ
2435 4828 2599 4883 αὑτοῦ
2620 4844 2632 4857 ·
2680 4827 2738 4881 Ἡ
2771 4826 2878 4895 γὰρ
2906 4825 3034 4894 χείρ
3057 4841 3174 4894 μου
3203 4819 3719 4888 συνωτιλὴψεται
3746 4822 3855 4872 αὺ-

2278 4920 2379 4988 τῷ,
2415 4919 2515 4974 καὶ
2542 4924 2575 4975 d
2598 4920 2869 4988 βραχίων
2896 4935 3016 4987 μου
3048 4915 3403 4983 κατισχύσει
3434 4913 3640 4967 αὐτόν.

2350 5015 2473 5067 Οὐκ
2502 5008 2801 5081 ὠφελήσει
2825 5009 3036 5077 ἐχθρὸς
3067 5007 3137 5059 ἐν
3166 5004 3341 5069 αὐτῷ.
3375 5006 3439 5057 Et
3466 5004 3850 5075 καὶείρήκασν

2276 5103 2473 5166 Δεῦτε,
2514 5101 2953 5168 ἀποκτείνωμεν
2994 5097 3200 5162 αὑτὸν,
3244 5095 3344 5149 καί
3380 5093 3625 5162 σχῶμεν
3650 5092 3855 5157 αὐτοῖς

2277 5195 2391 5263 τὴν
2432 5192 2835 5262 κληρονομίαν
2879 5188 3063 5242 αὐτοῦ
3082 5206 3095 5219 ·
3126 5188 3238 5241 ἀλλ’
3264 5182 3332 5259 ἦν
3361 5188 3617 5256 ἀνόνητος
3648 5186 3727 5255 τῷ
3756 5186 3857 5236 Σα-

2276 5287 2414 5356 τανᾷ
2459 5286 2553 5339 καὶ
2585 5285 2693 5346 τοῖς
2730 5280 3003 5343 Ἰουδαίοις
3033 5282 3066 5349 ἡ
3100 5278 3311 5347 σκέψις,
3346 5279 3439 5331 καὶ
3471 5280 3549 5340 εἰς
3577 5278 3853 5346 ἄφρακτον

2280 5377 2579 5447 ἐκϐέϐηκεν
2608 5377 2787 5437 αὐτοῖς
2828 5373 2890 5426 τὺ
2939 5371 3262 5442 ἐγχείρημα.
3283 5369 3506 5435 Ἀνεὸίω
3540 5369 3648 5439 γὰρ
3679 5371 3707 5421 ό
3740 5370 3825 5421 Σω

2277 5468 2381 5539 τὴρ
2408 5469 2721 5540 τριήμερος,
2749 5466 2997 5537 πατήσας
3036 5464 3125 5515 τὸν
3167 5462 3396 5515 θάνατον
3427 5464 3520 5516 καὶ
3554 5461 3853 5524 σκυλεύσας

2278 5557 2367 5609 τὸν
2407 5554 2568 5625 ᾅδην*
2606 5555 2699 5608 καὶ
2740 5552 2905 5630 ᾲνέδη
2959 5551 3091 5621 πρὸς
3135 5551 3225 5603 τὸν
3273 5554 3330 5605 ἐν
3368 5553 3614 5622 οὐρανοῖς
3639 5550 3853 5622 Πατέρα

2276 5648 2369 5701 κα)⁸
2408 5646 2573 5699 Θεόν’
2612 5646 2704 5700 καὶ
2751 5646 2894 5699 ἔστιν
2926 5646 2983 5696 ἐν
3016 5642 3163 5715 δεξιᾷ
3196 5644 3286 5697 τοῦ
3320 5644 3508 5715 Θρόνου
3538 5642 3637 5713 τῆς
3682 5657 3849 5712 μεγα-

612 5746 711 5853 h”
744 5749 939 5853 Egli'es.
975 5768 1033 5818 ιι,
1060 5752 1112 5807 6.
1181 5754 1223 5785 ³⁸
1249 5755 1388 5809 Psal.
1428 5772 1584 5821 um,
1633 5757 1718 5810 10.
1792 5758 1834 5789 ³⁸
1872 5756 2104 5831 Philipp.
2140 5776 2195 5822 ιι1

872 5838 972 5853 ,παλ
1004 5841 1033 5853 ι.
1081 5824 1146 5853 ιιι
1249 5825 1290 5853 M
1328 5825 1454 5853 I---
1508 5845 1594 5853 ...η
1651 5828 1719 5853 ιη
1806 5828 1848 5853 ιι
1876 5827 2038 5853 11-ηι.
2093 5847 2183 5853 ..--,

2276 5800 2297 5853 5
2377 5758 2423 5791 “
2453 5756 2653 5814 Rom.t
2705 5758 2758 5813 3.
2800 5758 2842 5789 “
2891 5755 3123 5827 Philipp.
3170 5774 3231 5813 tt.
3261 5754 3311 5808 7.
3386 5758 3428 5786 δ’
3482 5754 3619 5810 Pssl.
3658 5768 3847 5816 manu,

642 5818 695 5875 2.
770 5821 816 5853 ⁵³
839 5820 1055 5888 locum.
1080 5824 1167 5880 36.
1249 5825 1290 5856 δ’
1320 5825 1476 5882 Joan.
1508 5818 1615 5891 m,
1651 5828 1740 5883 10.
1806 5828 1848 5859 ⁸⁸
1875 5818 2069 5886 Matth:
2093 5818 2208 5897 ut,
2231 5830 2318 5885 58.
