4070 6458
165 404 268 461 389
1167 390 1530 448 EXPOSITIO
1570 387 1633 444 IN
1672 385 2004 443 PSALMUM
2045 381 2372 439 LXXXVIII.
3300 373 3406 431 390

164 521 413 591 λωσύνης
464 523 522 573 ὲν
568 518 808 589 ὑψηλοῖς,
854 516 1070 571 πάντων
1116 514 1405 586 κατάρχων
1462 508 1601 581 μετὰ
1645 505 1740 560 τοῦ

1868 503 2096 569 excelsis,
2132 500 2388 556 omnibus
2417 511 2694 567 imperans
2720 510 2845 552 cum
2877 494 3124 565 genitore
3149 506 3271 549 suo.
3297 489 3405 546 Ve-

167 614 298 669 ιδίου
345 582 689 683 γεννήτορος.
719 608 926 663 Οὐκοῦν
971 607 1169 678 ἀληθὲς
1213 582 1623 677 τὸίείρημένον,
1659 601 1739 653 ὅτι

1868 609 1963 649 υιιι
2002 593 2184 661 itaque
2222 598 2305 646 est
2336 588 2478 659 quod
2512 587 2749 643 dicitur:
2784 583 2935 640 Nihil
2959 583 3195 655 proﬁciet
3224 582 3403 635 inimi-

168 709 291 761 οὐκ
321 704 622 774 ὠφελήσει
645 701 857 771 ἐχθρὸς
880 702 951 755 ἐν
986 698 1165 765 αὐτῷ.

1868 702 1933 740 us
1966 685 2023 739 in
2054 700 2134 738 eo.

232 795 350 851 Καὶ
385 796 677 864 συγκόψω
713 794 831 847 ἀπὸ
865 793 972 847 τοῦ
1012 788 1336 861 προσώπου
1377 785 1563 842 αὐτοῦ
1601 783 1743 849 τοὺς

1908 776 2000 832 26.
2042 775 2113 829 Et
2132 770 2403 828 concidam
2430 786 2464 823 a
2491 768 2624 839 facie
2643 766 2807 838 ipsius
2836 766 3079 821 inimicos
3108 768 3242 838 ejus.
3276 765 3411 822 Tra-

162 888 423 957 ὲχθροὺς
479 859 687 940 αὑτοῦ.
742 859 1137 955 Παραδέδονται
1180 883 1289 954 γὰρ
1334 882 1401 951 τῇ
1456 876 1744 947 Ῥωμαίων

1868 868 1942 923 liti
1982 880 2216 936 namque
2247 870 2378 919 sunt
2406 859 2783 916 Romanorum
2812 860 3097 926 exercitui,
3137 870 3192 916 et
3225 861 3409 916 fundi-

167 981 450 1052 στρατείᾳ,
475 979 569 1031 καὶ
597 977 882 1031 διολώλασι
908 973 1209 1037 παντελῶς.

237 1071 351 1126 Καὶ
376 1071 413 1136 ἡ
441 1067 689 1135 ἀλήθειά
706 1085 823 1138 μου
846 1067 945 1120 καὶ
968 1065 1034 1120 τὸ
1052 1065 1225 1131 ἔλεός
1241 1082 1360 1132 μου
1384 1062 1514 1132 μετ’
1534 1057 1743 1114 αὑτοῦ.

182 1160 469 1232 Ἀλήθειαν
491 1160 585 1221 τὴν
606 1162 663 1212 ὲν
689 1158 957 1230 πνεύματι
990 1158 1083 1212 καὶ
1102 1156 1330 1227 ἀληθείᾳ
1362 1152 1616 1225 λατρείαν
1647 1167 1748 1221 φη-

172 1258 257 1310 σὶν
284 1298 299 1322 ,
335 1257 402 1327 ἢν
430 1257 757 1325 εἰσηγήσατο
786 1256 914 1325 ἡμῖν
940 1256 968 1307 6
996 1252 1229 1321 Χριστὸς
1260 1251 1399 1305 κατὰ
1434 1248 1494 1303 τὸ
1528 1245 1741 1317 είρημέι

171 1364 262 1400 νον
309 1346 445 1417 πρὸς
494 1346 592 1415 τὴν
638 1347 696 1398 ὲν
739 1347 803 1416 τῇ
849 1343 1129 1414 Σαμαρείᾳ
1154 1344 1412 1411 γυναῖκα·
1440 1339 1683 1408 Πνεῦμα
1718 1344 1749 1395 ὀ

173 1438 343 1504 Θεὸς,
373 1435 472 1489 καί
503 1436 644 1501 τοὺς
686 1432 1181 1504 προσκυνοῦντας
1217 1431 1422 1496 αὑτὸν,
1466 1432 1535 1485 ὲν
1571 1432 1751 1484 πνεύ-

171 1540 314 1593 ματι
340 1524 439 1578 καί
466 1524 715 1591 ἀληθείᾳ
739 1522 834 1576 δεῖ
862 1522 1247 1591 προσκυνεῖν.
1282 1522 1391 1576 Καὶ
1422 1521 1484 1575 τὸ
1521 1521 1667 1585 ἔλεος
1694 1521 1751 1574 δὲ

172 1616 235 1668 οὐ
269 1615 337 1669 δι’
365 1615 526 1670 ἄλλου
577 1614 875 1685 πεποίηκεν
911 1616 939 1667 6
982 1614 1113 1677 Θεὸς
1157 1616 1235 1677 είς
1282 1615 1432 1684 ἡμᾶς
1472 1612 1621 1684 ἢδιὰ
1657 1613 1753 1666 τοῦ

178 1706 503 1777 μονογενοῦς
531 1706 694 1760 αὑτοῦ
725 1706 873 1760 Υίοῦ.
903 1707 981 1759 Δι’
1009 1705 1173 1759 αὐτοῦ
1207 1705 1314 1776 γὰρ
1346 1706 1505 1777 μόνον
1534 1706 1629 1760 καί
1655 1706 1755 1777 τὴν

175 1798 235 1850 ὲν
267 1796 536 1867 πνεύματι
564 1797 657 1851 καὶ
694 1796 921 1867 ἀληθείᾳ
949 1795 1223 1866 ἐμάθομεν
1257 1794 1643 1868 προσκύνησιν,
1663 1794 1755 1847 καὶ

1844 966 1934 1013 tus
1959 956 2259 1027 perierunt.

1913 1048 2002 1103 25.
2032 1047 2100 1103 Et
2130 1048 2321 1102 veritas
2360 1060 2478 1097 mea
2507 1052 2557 1097 et
2584 1043 2944 1097 misericordia
2979 1057 3094 1096 mea
3123 1058 3242 1096 cum
3275 1042 3410 1111 ipso.

1847 1140 2142 1195 Veritatem
2171 1137 2528 1193 dicitcultum
2571 1135 2625 1189 in
2665 1134 2860 1205 spiritu
2896 1143 2951 1189 ct
2978 1135 3223 1201 veritate,
3250 1149 3414 1204 quem

1850 1234 2062 1288 induxit
2091 1232 2247 1287 nobis
2280 1229 2549 1294 Christus,
2576 1228 2728 1297 juxta
2755 1226 2809 1280 id
2839 1226 2985 1296 quod
3014 1226 3219 1280 dictum
3244 1234 3328 1280 est
3348 1223 3415 1279 ad

1851 1325 2249 1379 Samaritanam
2288 1321 2569 1375 mulierem
2604 1337 2616 1372 :
2659 1316 2891 1389 Spiritus
2927 1328 3006 1371 est
3051 1317 3215 1381 Deus,
3241 1324 3291 1370 et
3326 1317 3417 1387 qui

1849 1415 2075 1468 adorant
2102 1429 2221 1467 eum
2244 1413 2300 1465 in
2324 1412 2518 1481 spiritu
2538 1418 2587 1463 et
2632 1409 2850 1463 veritate
2882 1416 3085 1477 oportet
3111 1406 3334 1460 adorare
3347 1405 3416 1460 “.

1851 1502 2281 1560 Misericordiam
2322 1515 2452 1555 vero
2490 1515 2598 1562 non
2644 1513 2741 1568 per
2783 1498 2951 1553 alium
2997 1497 3154 1551 nohis
3189 1497 3420 1553 contulit

1852 1598 1996 1653 Deus
2037 1611 2200 1667 quam
2232 1610 2329 1665 per
2375 1592 2715 1663 unigenitum
2756 1588 2952 1645 Filium
2987 1605 3169 1645 suum.
3203 1588 3308 1645 Per
3335 1588 3417 1660 ip-

1854 1705 1977 1746 sum
2002 1690 2146 1744 cnim
2182 1687 2355 1743 solum
2385 1695 2435 1740 et
2470 1684 2841 1740 adorationem
2873 1685 2926 1737 in
2975 1683 3172 1751 spiritu
3197 1692 3251 1737 et
3281 1682 3422 1737 veri—

1859 1789 1967 1835 tate
1998 1778 2344 1839 edidicimus,
2375 1785 2431 1831 et
2460 1772 2886 1830 misericordiam
2911 1773 3189 1828 consecuti
3209 1788 3421 1839 sumus,

176 1860 621 1959 κατηλεηθημεν,
659 1860 1036 1959 ἀναιρεθέντος
1069 1860 1324 1950 θανάτοιν,
1369 1888 1464 1940 καὶ
1498 1860 1596 1957 τῆς
1622 1886 1753 1956 φθο-

1868 1872 2033 1926 deleta
2062 1877 2235 1925 morte
2259 1877 2311 1924 et
2335 1868 2683 1937 corruptione
2703 1866 2769 1920 de
2801 1867 2980 1920 medio
3003 1866 3235 1920 sublata.
3266 1864 3337 1919 Et
3369 1866 3427 1919 in

179 1982 281 2051 ρᾶς
327 1982 393 2033 ἐκ
438 1981 603 2051 μέσου
634 1980 951 2051 γενομένης.
983 1979 1094 2033 Kal
1129 1980 1199 2032 ἐν
1228 1977 1309 2044 τῷ
1354 1978 1600 2047 ὀνόματι
1634 1995 1754 2048 μου

176 2072 567 2140 ὑψωθήσεται
608 2072 674 2125 τὸ
708 2072 886 2140 κέρας
920 2071 1127 2126 αὐτοῦ.
1158 2072 1281 2134 Τοῖς
1326 2069 1435 2143 γὰρ
1479 2071 1754 2141 ὀνόμασιν,

177 2158 261 2229 οἷς
305 2164 537 2233 μάλιστα
575 2164 843 2232 πρέπουσι
884 2162 961 2233 τῷ
998 2164 1191 2234 Πατρὶ,
1234 2164 1327 2216 καὶ
1378 2163 1539 2227 αὐτὸς
1572 2165 1601 2217 6
1633 2163 1758 2226 Υἱὸς

178 2253 495 2319 δοξάζεται·
543 2250 653 2305 οἷόν
703 2253 753 2305 τί
795 2269 965 2323 φημι’
1013 2252 1144 2316 Θεὸς
1188 2252 1440 2323 ἀληθινὸς
1472 2254 1500 2305 ὁ
1528 2254 1756 2324 Πατήρ’

178 2345 343 2398 τοῦτό
363 2340 477 2398 ἐστι
501 2346 595 2399 καὶ
624 2346 748 2408 Υἱός
770 2362 784 2376 ο
820 2346 980 2408 αὐτὸς
1010 2347 1116 2417 γάρ
1143 2348 1288 2401 ὲστιν
1312 2348 1345 2417 ὴ
1373 2345 1626 2417 ἀλήθειαο
1668 2344 1760 2398 καὶ

180 2438 215 2507 ἡ
244 2437 359 2506 ζωὴ
388 2436 527 2490 κατὰ
560 2438 719 2506 φύσιν
756 2439 784 2491 6
813 2439 1002 2511 Πατήρ
1037 2440 1152 2492 ἐστί
1181 2454 1241 2491 τε
1267 2437 1360 2491 καὶ
1401 2436 1724 2507 ὀνομάζεται
1744 2478 1759 2501 ,

178 2529 344 2581 τοῦτο
385 2528 443 2581 δὲ
484 2529 644 2583 πάλιν
671 2529 766 2582 καὶ
787 2532 815 2582 6
838 2531 997 2592 Υίός·
1035 2530 1197 2592 αὐτὸς
1229 2529 1337 2599 γάρ
1370 2546 1533 2599 φησιν
1553 2547 1568 2560 ·
1619 2528 1764 2597 Ἐγώ

181 2624 303 2690 ειμι
324 2622 363 2689 ὴ
390 2621 723 2687 ἀνάστασις
756 2622 851 2676 καί
882 2622 919 2687 ἡ
951 2621 1082 2691 ζωή,
1114 2621 1226 2692 (59)
1254 2620 1421 2674 Τοῦτο
1447 2620 1599 2689 ἔλεγε
1628 2620 1763 2690 πρὸς

182 2714 277 2766 τὸν
307 2713 499 2767 ἑαυτοῦ
525 2714 763 2785 Πατέρα,
802 2715 882 2768 ὃτι
916 2713 1119 2767 Πάντα
1148 2713 1220 2767 τὰ
1253 2712 1365 2784 ἐμὰ
1386 2712 1469 2767 σά
1490 2713 1643 2779 ἐστι,
1666 2713 1759 2766 καί

184 2804 261 2858 τὰ
282 2804 368 2859 σὰ
390 2804 521 2874 ἐμά.

263 2894 373 2948 Καί
417 2895 676 2963 θήσομαι
712 2895 781 2947 ἐν
815 2896 1095 2963 θαλάσσῃ
1125 2895 1291 2964 χεζοα
1317 2895 1522 2950 αὐτοῦ.
1558 2896 1766 2949 Θάλασ-

189 3002 293 3038 σαν
332 2984 451 3054 μὲν,
478 2982 553 3046 ὼς
600 2984 1029 3057 προειρήκαμεν,
1066 2985 1164 3055 τὴν
1210 2986 1266 3037 ὲν
1311 2986 1542 3055 δυσμαῖς
1585 2985 1767 3057 χώραν

190 3076 360 3148 φησί’
398 3075 673 3146 ποταμοὺς
715 3076 773 3132 δὲ
812 3076 911 3149 τὴν
956 3077 1125 3149 μέσην
1155 3078 1261 3131 τῶν
1291 3078 1554 3149 ποταμῶν
1597 3078 1765 3146 λέγει,

1860 1964 2068 2017 nomine
2095 1977 2205 2014 meo
2222 1958 2548 2014 excitabitur
2577 1975 2737 2012 cornu
2769 1958 2903 2027 ejus.
2938 1957 3256 2013 Nominibus
3277 1956 3423 2011 enim

1859 2069 1979 2125 qua
2014 2054 2247 2108 maxime
2283 2050 2429 2104 Patri
2460 2050 2808 2112 conveniunt,
2852 2050 2965 2118 ipse
3003 2062 3224 2118 quoque
3251 2046 3425 2102 Filius

1860 2158 2084 2202 ornatur
2126 2163 2138 2199 :
2184 2143 2415 2213 exempli
2470 2157 2635 2197 causa
2684 2142 2808 2196 dico
2854 2158 2868 2195 :
2925 2139 3069 2195 Deus
3127 2155 3289 2195 verus
3341 2150 3426 2195 est

1861 2237 2055 2303 Pater;
2103 2237 2336 2306 idipsum
2377 2244 2460 2289 est
2494 2232 2662 2288 Filius
2697 2253 2710 2287 :
2745 2234 2860 2303 ipse
2894 2247 3129 2302 namque
3167 2240 3251 2286 est
3280 2232 3423 2287 veri-

1861 2340 1943 2385 tas
1972 2347 1985 2383 :
2012 2338 2066 2383 et
2089 2329 2194 2382 vita
2229 2326 2527 2382 secundum
2575 2334 2826 2380 naturam
2858 2324 3018 2379 Pater
3044 2330 3128 2378 est
3176 2331 3230 2377 et
3262 2337 3427 2377 voca-

1864 2431 1975 2487 tur,
2009 2422 2139 2476 illud
2182 2420 2310 2475 item
2355 2429 2437 2473 est
2478 2417 2648 2473 Filius
2686 2436 2700 2471 :
2743 2420 2859 2487 ipse
2888 2431 3124 2485 namque
3156 2416 3231 2470 ait
3270 2433 3283 2469 :
3316 2413 3427 2485 Ego

1863 2529 1978 2566 sum
1998 2512 2309 2566 resurrectio
2347 2520 2393 2564 et
2427 2510 2551 2564 vita.
2579 2509 2691 2579 (59)
2724 2506 2838 2562 Hoc
2863 2507 3077 2562 dicebat
3114 2505 3202 2561 ille
3231 2506 3299 2560 ad
3328 2504 3432 2560 Pa-

1866 2613 2021 2658 trem:
2054 2601 2248 2657 Omnia
2279 2617 2394 2655 mea
2430 2610 2523 2655 tua
2548 2609 2689 2667 sunt,
2729 2608 2779 2654 et
2809 2608 2901 2653 tua
2921 2614 3037 2653 mea
3060 2606 3183 2653 sunt
3203 2595 3278 2651 ιδ’.

1936 2903 2029 2958 26.
2090 2902 2159 2957 Et
2184 2918 2375 2972 ponam
2402 2902 2458 2955 in
2480 2903 2615 2955 mari
2638 2916 2848 2954 manum
2881 2900 3015 2970 ejus.
3040 2899 3209 2965 Mare,
3237 2900 3315 2957 uti
3340 2916 3431 2957 su-

1869 3010 1964 3063 pra
1983 2995 2244 3059 diximus,
2280 2993 2668 3049 occidentalem
2713 2992 2988 3063 regionem
3025 2998 3226 3057 vocat;
3254 2990 3437 3046 ﬂumi-

1872 3101 1941 3141 na
1982 3100 2112 3140 vero
2168 3083 2613 3155 Mesopotamiam
2665 3084 2779 3138 sive
2831 3084 3092 3137 orientem
3135 3090 3431 3153 nuncupat.

188 3171 314 3241 ἦτοι
357 3168 456 3238 τὴν
498 3167 783 3239 ἀνατολήν.
814 3169 981 3239 Φησὶν
1006 3165 1118 3234 οὖν,
1148 3170 1229 3223 ὅτι
1256 3171 1335 3233 είς
1361 3170 1540 3224 πᾶσαν
1573 3168 1673 3241 τὴν
1694 3169 1768 3222 ol-

1872 3175 1959 3230 Ait
1979 3176 2161 3246 itaque
2190 3190 2287 3247 per
2317 3190 2534 3230 omnem
2573 3184 2770 3230 terram
2814 3173 2933 3243 ejus
2974 3187 3111 3243 opus
3148 3181 3435 3227 extensum

190 3260 468 3331 κουμένην
496 3261 529 3330 ὴ
559 3257 723 3313 αὑτοῦ
769 3259 967 3331 πρᾶξις
1003 3261 1382 3330 ὲκταθήσεται.
1428 3260 1537 3315 Kal
1580 3261 1651 3313 ἑν
1672 3274 1773 3314 πο-

191 3348 401 3419 ταμοῖς
427 3348 633 3413 δεξιὰν
661 3349 865 3403 αὐτοῦ.
887 3350 972 3401 Ἐν
1002 3349 1099 3418 μὲν
1130 3351 1196 3419 τῇ
1228 3348 1469 3419 θαλάσσῃ
1497 3347 1703 3403 τίθεται
1737 3350 1771 3420 ὴ

194 3442 320 3511 χεὶρ
345 3439 439 3493 τοῦ
470 3438 726 3512 Χριστοῦ,
750 3440 807 3491 ὲν
832 3438 889 3491 δὲ
921 3439 1032 3501 τοῖς
1061 3442 1323 3510 ποταμοῖς
1349 3442 1382 3510 ὴ
1405 3437 1555 3505 δεξιὰ
1585 3438 1772 3492 αὑτοῦ.

196 3533 344 3604 Πλὴν
376 3533 469 3585 ἰὰν
500 3531 718 3603 θελήσῃ.
751 3531 784 3600 ὴ
819 3529 1060 3584 θάλασσα
1101 3531 1310 3600 γίνεται
1354 3531 1599 3602 ποταμός
1619 3547 1633 3561 ·
1680 3531 1776 3584 καὶ

196 3625 361 3679 πάλιν
391 3624 420 3675 6
458 3622 719 3693 ποταμὸς,
743 3621 837 3675 ἐὰν
863 3624 1077 3696 τηρήσῃ
1115 3624 1207 3678 τὸν
1237 3627 1302 3677 εκ
1327 3624 1427 3695 τῆς
1455 3624 1660 3689 κοιλίας
1687 3625 1778 3679 αὐ-

192 3714 293 3769 τοῦ
330 3713 518 3785 ῥέοντα
552 3712 813 3784 ποταμὸν,
837 3713 931 3767 τοῦ
972 3712 1175 3778 ζῶντος
1221 3713 1412 3778 ὕδατος
1436 3715 1647 3783 γίνεται
1680 3714 1776 3769 ea.

196 3807 395 3861 λασσα.

272 3896 468 3963 Δὺτὸς
511 3895 932 3952 ἐπικαλέσεται
978 3912 1082 3967 με’
1135 3895 1337 3965 Πατήρ
1386 3915 1507 3967 μου
1563 3894 1621 3952 ετ
1671 3897 1774 3963 σὺ,

200 3992 349 4054 Θεός
370 4006 509 4057 μου.
546 3988 713 4041 Πάλιν
752 3987 983 4043 ἐνταῦθα
1020 3988 1377 4061 οίκονομικῶς
1426 3991 1456 4043 6
1501 4008 1780 4062 σεσαρκω·

202 4081 363 4151 μένος
383 4079 513 4134 Θεὸν
540 4080 733 4135 ἑαυτοῦ
745 4081 835 4134 τὸν
852 4082 1071 4152 Πατέρα
1099 4079 1273 4146 καλεῖ,
1305 4080 1479 4150 λέγων
1502 4098 1516 4112 ο
1538 4082 1783 4150 Πορεύο-

195 4190 306 4241 just
336 4173 486 4240 πρὸς
525 4172 633 4226 τὸν
661 4172 891 4239 Πατέρα
918 4190 1038 4242 μου
1071 4171 1167 4225 καί
1206 4172 1436 4241 Πατέρα
1459 4172 1643 4242 ὑμῶν,
1681 4173 1779 4228 καὶ

204 4267 356 4320 Θεόν
392 4282 510 4333 μου
544 4265 642 4317 καί
682 4264 829 4318 Θεὸν
855 4264 1116 4333 ὑμῶν.ὐ
1157 4266 1267 4335 γὰρ
1317 4266 1601 4337 προφήτης
1646 4267 1780 4335 φησι

202 4357 335 4428 περὶ
386 4355 571 4423 αὐτοῦ,
600 4355 810 4409 παιδίον
856 4354 1191 4425 γεννώμενον
1236 4356 1609 4427 προφητεύων,
1645 4357 1779 4410 Θεὸν

204 4448 425 4518 ἰσχυρὸν
456 4448 640 4516 ἔλεγεν
673 4448 857 4512 αὑτὸν,
883 4447 1103 4519 Πατέρα
1131 4448 1225 4501 τοῦ
1254 4448 1537 4519 μέλλοντος
1563 4449 1773 4513 αἰῶνος.

278 4542 381 4604 Εἰς
410 4538 515 4591 τὸν
537 4538 723 4591 αἰῶνα
747 4538 994 4607 φυλάξω
1021 4538 1181 4605 αὐτῷ
1211 4540 1277 4593 τὸ
1316 4541 1487 4606 ἔλεός
1524 4558 1644 4609 μου
1686 4540 1782 4593 καί
1816 4547 1860 4603 ι)

202 4629 500 4698 διαθήκην
525 4647 662 4698 μου.
693 4629 851 4700 Αὐτῷ
877 4631 973 4701 μὲν
1000 4631 1078 4701 τῷ
1108 4631 1487 4685 πεπιστευκότι
1518 4630 1586 4684 δι’
1611 4630 1775 4685 αὑτοῦ

203 4722 319 4795 λαῷ
354 4722 736 4792 φησιν.”Ελεος
765 4724 822 4777 δὲ
848 4724 947 4793 τὴν
982 4720 1070 4777 διὰ
1110 4724 1347 4787 πίστεως
1377 4724 1569 4793 ἄφεσιν
1608 4723 1773 4791 λέγει.

204 4814 481 4886 Διαθήκην
523 4815 579 4869 δὲ
622 4816 720 4886 τὴν
765 4815 891 4869 νέαν
941 4816 1123 4885 φησὶν,
1155 4817 1220 4885 ὴν
1261 4817 1354 4868 καὶ
1384 4815 1581 4887 πιστὴν
1615 4811 1774 4881 εἶναι,

203 4906 328 4959 ἀντὶ
361 4905 489 4967 τῶν,
520 4905 732 4976 ἀσφαλῆ
777 4906 871 4959 καὶ
904 4904 1125 4974 βεϐαίαν
1155 4907 1248 4958 καὶ
1279 4906 1562 4976 μένουσαν.
1581 4905 1645 4960 Ἦ
1679 4905 1778 4977 μὲν

204 4997 313 5068 γὰρ
344 4996 532 5067 πρώτη
568 4996 801 5067 διαθήκη
844 4997 1114 5051 πέπαυται
1159 4998 1246 5051 διὰ
1271 4998 1331 5050 τὸ
1358 4998 1528 5068 αὐτῆς
1559 4997 1780 5064 ἀσθενὲς

207 5088 303 5142 καὶ
324 5087 597 5157 ἀνωφελές
617 5104 631 5118 ο
660 5088 811 5142 οὐδὲν
838 5087 947 5158 γὰρ
971 5088 1281 5142 ἐτελείωσεν
1304 5090 1333 5141 6
1358 5089 1539 5159 νόμος.

282 5270 391 5324 Kal
419 5269 676 5339 θήσομαι
698 5274 785 5338 είς
810 5272 919 5326 τὸν
942 5271 1125 5326 αἰῶνα
1146 5273 1253 5327 τοῦ
1277 5272 1489 5338 αἰῶνος
1512 5272 1577 5325 τὸ
1603 5271 1786 5342 σπέρ-

200 5379 289 5432 μα
311 5362 518 5417 αὑτοῦ.
547 5364 622 5415 Οὐ
657 5362 923 5417 παύσεται
960 5365 1068 5435 γὰρ
1116 5364 1176 5418 τὸ
1217 5362 1555 5435 Χριστιανῶν
1592 5363 1782 5433 ὄνομα,

208 5455 304 5509 καὶ
337 5454 437 5524 τῆς
465 5456 820 5526 εὐαγγελικῆς
858 5455 1109 5528 λατρείας
1158 5457 1192 5527 ή
1239 5456 1496 5527 δύναμιςο
1532 5456 1785 5526 διηνεκὴς

204 5546 264 5600 δὲ
297 5545 497 5617 μᾶλλον
524 5546 673 5601 ισται
702 5547 797 5601 καὶ
824 5548 1217 5619 ἀκατάληκτος.

1873 3268 1959 3323 iri.
1986 3266 2056 3321 Et
2076 3268 2130 3320 in
2164 3266 2467 3335 ﬂuminibus
2496 3264 2763 3318 dexteram
2788 3264 2923 3333 ejus.
2948 3265 3009 3317 lu
3040 3262 3175 3317 mari
3215 3263 3438 3333 ponitur

1872 3372 2068 3412 manus
2097 3355 2323 3423 Christi,
2365 3355 2420 3410 in
2447 3354 2761 3411 ﬂuminibus
2797 3363 2980 3409 autem
3023 3354 3245 3409 dextera
3289 3352 3431 3425 ejus.

1872 3447 2074 3504 Verum
2100 3448 2147 3503 si
2170 3447 2317 3512 velit,
2344 3463 2494 3503 mare
2518 3447 2745 3503 emcitur
2768 3446 2968 3503 ﬂumen
2998 3465 3012 3501 :
3044 3456 3099 3502 et
3124 3456 3313 3503 contra
3334 3446 3437 3501 ﬂu-

1874 3556 1995 3595 tnen
2024 3539 2069 3595 si
2103 3539 2241 3595 alvei
2280 3540 2364 3596 sui
2403 3554 2598 3611 aquam
2632 3538 2883 3603 retine’at,
2911 3553 3068 3608 aqua:
3110 3538 3248 3593 vivae
3273 3555 3434 3593 mare

1873 3631 2120 3688 eﬂicitur.

1943 3893 2035 3948 27.
2081 3890 2204 3959 Ipse
2235 3888 2497 3944 invocabit
2531 3903 2612 3942 me
2644 3902 2663 3941 :
2703 3885 2869 3941 Pater
2907 3903 3050 3941 meus
3089 3904 3143 3942 es
3174 3897 3251 3952 tu,
3297 3873 3438 3946 Dius

1878 4001 2042 4040 meus.
2080 3981 2195 4038 Hoc
2222 3981 2343 4037 loco
2370 3979 2463 4050 qui
2496 3980 2810 4035 incarnatus
2839 3990 2923 4034 est
2950 3995 3045 4049 per
3075 3985 3435 4039 oeconomiam

1879 4077 2048 4132 Deum
2082 4082 2237 4129 vocat
2266 4070 2480 4125 Patrem
2512 4086 2671 4125 suum
2695 4071 2882 4126 dicens
2909 4090 2921 4126 :
2959 4070 3107 4126 Vado
3129 4074 3198 4127 ad
3221 4073 3439 4131 Patrem

1878 4185 2051 4223 meum
2099 4176 2149 4221 et
2194 4164 2412 4219 Patrem
2458 4172 2705 4227 oestrum,
2750 4162 2917 4217 Deum
2967 4179 3136 4217 meum
3185 4174 3235 4219 et
3274 4165 3440 4222 Deum

1878 4270 2107 4315 vestrum
2139 4256 2205 4312 “.
2244 4254 2379 4310 Nam
2426 4255 2687 4324 propheta
2715 4254 2781 4310 de
2812 4255 2907 4310 illo
2936 4254 3196 4324 loquitur,
3222 4273 3346 4313 cum
3375 4258 3443 4315 de

1879 4366 2045 4422 puero
2098 4358 2224 4405 nato
2269 4347 2672 4418 prmnuntians,
2735 4348 2903 4402 Deum
2966 4346 3162 4404 fortem
3229 4352 3444 4407 vocavit

1881 4444 2054 4507 illum,
2080 4441 2293 4496 Patrem
2320 4439 2488 4495 futuri
2516 4439 2699 4493 seculi
2723 4438 2787 4491 δ’.

1952 4535 2043 4589 29.
2087 4532 2153 4587 In
2178 4541 2429 4586 azternutn
2458 4530 2671 4584 servabo
2708 4528 2792 4582 illi
2827 4530 3246 4586 misericordiam
3273 4549 3439 4587 meam

1880 4636 1929 4681 et
1960 4635 2327 4681 testamentum
2356 4637 2547 4677 meum.
2593 4621 2699 4691 ipsi
2744 4621 2952 4676 scilicet
2984 4623 3187 4693 populo
3225 4624 3319 4693 qui
3349 4639 3446 4694 ρυι·

1880 4733 2003 4773 eum
2041 4716 2289 4771 credidit.
2314 4713 2744 4769 Misericordiam
2767 4721 2947 4767 autem
2980 4722 3135 4769 vocat
3163 4716 3444 4771 remissio-

1882 4824 2004 4865 nem
2029 4822 2150 4878 qua
2194 4822 2288 4877 per
2332 4806 2490 4859 ﬁdem
2530 4804 2826 4859 ohtinetur.
2867 4804 3272 4861 Testamentum
3316 4821 3445 4863 vero

1886 4914 2084 4955 novum
2115 4899 2211 4963 ait,
2240 4897 2385 4967 quod
2415 4896 2570 4951 ﬁdele
2602 4895 2752 4962 dicit,
2783 4896 2987 4952 scilicet
3015 4896 3252 4964 tinuum,
3285 4913 3445 4955 secu-

1884 5007 2005 5048 rum
2034 5000 2088 5045 et
2119 5006 2365 5045 manens.
2391 4987 2524 5043 Nam
2548 4990 2781 5059 primum
2815 4990 2946 5044 illud
2970 4999 3349 5045 testamentum
3375 4992 3446 5046 ob

1886 5082 2254 5137 inﬁrmitatem
2279 5090 2331 5135 et
2356 5079 2704 5134 inutilitatem
2732 5096 2886 5135 suam
2924 5080 3107 5136 desiit.
3128 5079 3274 5135 Nihil
3299 5080 3445 5137 enim

1886 5174 1950 5232 ad
1979 5172 2274 5241 perfectum
2302 5169 2527 5225 deduxit
2546 5171 2653 5226 lex.

1958 5264 2045 5320 30.
2103 5263 2171 5317 Et
2215 5278 2406 5333 ponam
2453 5263 2509 5316 in
2554 5262 2805 5317 swculum
2853 5262 3036 5316 sa-culi
3081 5278 3253 5317 semen
3310 5266 3444 5332 ejus.

1888 5359 2173 5428 Nunquam
2208 5356 2443 5411 cessabit
2483 5356 2628 5411 enim
2666 5354 3103 5411 Christianorum
3144 5370 3363 5421 nomen,
3394 5367 3448 5412 et

1890 5452 2063 5505 virtus
2100 5448 2399 5515 evangelici
2439 5447 2653 5513 cultus;
2693 5447 2805 5503 imo
2847 5446 3028 5517 potius
3063 5456 3321 5517 perpetua
3345 5448 3450 5505 erit

1885 5553 1938 5601 et
1962 5540 2397 5597 interminabilis.

285 5680 333 5713 “
364 5678 520 5736 Joan.
548 5698 620 5745 tv,
652 5683 741 5739 24.
782 5684 826 5715 "
857 5682 1015 5739 Joan.
1064 5701 1194 5751 xm,
1229 5684 1314 5739 10,
1393 5686 1438 5718 ⁸³
1472 5683 1630 5742 Joan.
1669 5700 1759 5753 xx,
1805 5686 1893 5740 Π.
1970 5684 2013 5716 ⁸⁸
2052 5681 2153 5739 lsa.
2196 5697 2269 5746 tx,
2307 5679 2357 5737 6.

284 5794 401 5867 (59)
442 5796 539 5854 ilic
560 5797 740 5854 deﬁcit
766 5808 1075 5853 contextus.
