4070 6464
645 401 743 456 391

1493 395 1550 449 ε.
1591 396 1961 452 ΑτηΑΝΑειι
2001 397 2156 453 ΟΡΡ.
2196 398 2376 454 PARS
2416 397 2501 453 ΙΙΙ.
2546 428 2615 439 -
2649 395 3065 453 EXEGETICA.

3787 401 3892 455 392

719 515 808 582 56,
835 515 921 570 57.
966 514 1321 584 Seiuetjuravs
1350 514 1404 567 in
1432 527 1614 568 sancto
1641 533 1774 579 meo,
1805 518 1848 569 si
1875 516 2042 571 David
2066 534 2208 571 men.
2237 530 2252 580 Α

2383 519 2568 581 Ἅπαξ
2591 517 2797 586 ὤμοσα
2816 516 2886 569 ἐν
2914 515 2995 580 τῷ
3023 515 3170 585 ἁγιῳ
3190 534 3331 585 μου,
3355 519 3406 571 εὶ
3428 515 3506 582 τῷ
3529 516 3713 571 Δαυῒδ
3744 519 3890 586 ψεύ-

653 611 777 664 tiar.
804 607 991 664 Simile
1031 617 1112 662 est
1153 608 1200 661 ci
1241 607 1383 678 quod
1417 609 1525 663 alio
1569 609 1688 663 loco
1729 611 1967 665 dicitur:
1999 609 2211 664 Iuravit

657 701 908 753 Dominus
937 699 1104 752 David
1136 700 1423 764 veritatem,
1459 708 1505 752 et
1532 717 1632 752 non
1661 701 2089 768 frustrabitur".
2121 701 2216 756 Se-

654 810 769 848 men
796 792 906 861 ejus
932 793 986 845 in
1017 801 1268 845 internum
1292 792 1543 844 manebit.
1578 792 1776 847 Semen
1814 792 2034 848 Davidis
2055 793 2216 847 Chri-

655 893 800 940 stum
824 884 973 945 dicit,
1006 884 1100 951 qui
1140 884 1431 938 secundum
1472 899 1690 938 carnem
1721 900 1784 938 ex
1815 886 2021 940 semine
2046 885 2216 941 David

655 985 816 1031 natus
844 984 946 1030 est.
978 974 1080 1041 Qui
1114 984 1166 1029 et
1200 975 1252 1028 in
1284 987 1544 1030 maternum
1589 976 1849 1029 manebit.
1889 973 2008 1028 Non
2041 985 2218 1044 potest

655 1069 856 1138 quippe
904 1068 1018 1123 ﬁeri
1054 1083 1178 1121 eum
1221 1069 1313 1138 qui
1347 1067 1485 1122 Deus
1525 1069 1614 1130 sit,
1657 1078 1710 1122 et
1744 1083 1868 1122 vere
1901 1067 1991 1121 Dei
2025 1067 2215 1132 Filius,

658 1176 763 1214 non
801 1160 950 1214 omni
984 1161 1144 1215 modo
1166 1175 1228 1215 ac
1263 1161 1472 1214 ratione
1510 1169 1770 1213 aeternum
1798 1172 1942 1214 esse.

735 1341 822 1398 58.
870 1341 938 1394 Et
979 1343 1191 1396 thronus
1233 1343 1344 1411 ejus
1383 1344 1517 1395 sicut
1565 1342 1643 1396 sol
1679 1343 1733 1396 in
1777 1351 2050 1412 conspectu
2086 1357 2218 1396 meo.

659 1432 940 1489 Thronum
957 1433 1153 1488 Christi
1187 1434 1422 1502 intellige
1457 1431 1754 1486 Ecclesium
1791 1451 1803 1485 :
1835 1433 1886 1486 in
1916 1433 2004 1485 illa
2026 1431 2222 1500 quippe

661 1523 972 1593 requiescit.
1003 1522 1119 1576 Erit
1156 1524 1338 1593 igitur,
1375 1523 1570 1590 inquit,
1607 1522 1843 1577 Ecclesia
1879 1521 2082 1577 Christi
2114 1520 2221 1575 γυι-

662 1629 793 1682 gens
821 1621 875 1667 et
909 1613 1221 1666 illuminans
1266 1612 1478 1676 orbem,
1508 1625 1839 1679 ntanensque
1870 1609 1922 1662 in
1963 1619 2222 1663 maternum

663 1705 804 1759 sicut
841 1704 922 1759 sol
961 1714 1013 1758 et
1045 1705 1190 1758 luna.
1228 1702 1360 1758 Nam
1406 1705 1607 1757 dictum
1650 1703 1779 1756 illud
1823 1703 1893 1754 ita
1923 1716 1980 1754 se
2013 1701 2174 1753 habet
2207 1718 2219 1752 :

2313 611 2741 680 σομαι.”ομοιον
2781 609 2858 679 τῷ
2889 607 3124 679 ἀλλαχοῦ
3173 610 3476 680 εἰρημένῳο
3515 610 3735 678 Ὤμοσε
3784 609 3894 665 Κύ-

2307 719 2439 768 ριος
2467 700 2546 765 τῷ
2579 700 2758 753 Δαυῒδ
2787 699 3093 765 ἀλήθειαν,
3122 701 3218 754 καὶ
3248 704 3318 754 οὐ
3345 701 3430 770 μὴ
3481 701 3783 768 ἁθετήσει.
3825 701 3894 754 Τὸ

2315 794 2552 861 σπέρμα
2592 793 2777 847 αὑτοῦ
2821 796 2908 858 εἰς
2950 795 3056 846 τὸν
3103 793 3287 846 αἰῶνα
3325 793 3513 862 μένει.
3544 794 3777 864 Σπέρμα
3802 794 3894 847 τοῦ

2318 885 2475 938 Δαυῖδ
2504 902 2635 952 φησι
2672 885 2762 937 τὸν
2793 885 2857 936 ἐκ
2893 885 3205 955 σπέρματος
3234 883 3395 938 Δαυῒδ
3423 884 3564 938 κατὰ
3595 885 3775 955 σάρκα
3809 902 3899 954 γε-

2317 977 2643 1046 γεννημένον
2667 976 3024 1046 Χριστόν.⁹¹ος
3058 977 3152 1029 καὶ
3183 978 3263 1040 εἰς
3295 977 3384 1030 τὸν
3414 961 3588 1030 αἰῶνα
3623 978 3794 1048 μένει.
3823 975 3897 1030 Οὐ

2319 1068 2425 1138 γάρ
2467 1070 2583 1120 ἐστι
2621 1068 2729 1121 τῶν
2767 1067 3150 1138 ἐνδεχομένων,
3177 1067 3307 1120 Θεὸν
3334 1067 3462 1120 ὄντα
3489 1068 3584 1120 καὶ
3616 1068 3754 1120 Θεοῦ
3780 1068 3898 1120 κατ’

2320 1158 2574 1229 ἀλήθειαν
2604 1160 2748 1223 Υἱὸν,
2780 1157 2853 1230 μὴ
2891 1160 3068 1229 πάντη
3093 1176 3152 1211 τε
3186 1160 3280 1212 καὶ
3307 1159 3525 1212 πάντων
3574 1155 3714 1213 εἶναι
3770 1157 3902 1212 αἰώ-

2320 1267 2452 1303 νιον.

2390 1341 2500 1394 Καὶ
2547 1343 2580 1394 ό
2623 1342 2836 1408 θρόνος
2864 1339 3049 1395 αὑτοῦ
3081 1340 3160 1406 ὠς
3190 1344 3222 1394 ό
3253 1340 3425 1408 ἣλιος
3453 1341 3732 1395 ἐναντίον
3759 1359 3901 1410 μου.

2321 1433 2519 1504 Θρόνον
2546 1433 2781 1504 Χριστοῦ
2814 1434 2981 1486 ἐννόει
3025 1433 3123 1504 τὴν
3167 1434 3520 1506 Ἐκκλησίανο
3555 1434 3907 1487 ἐπαναπαύε-

2320 1541 2410 1578 ται
2461 1524 2570 1595 γὰρ
2594 1526 2752 1596 αὐτῇ.
2783 1525 2978 1577 Ἔσται
3002 1521 3114 1589 οὖν,
3152 1527 3336 1597 φησὶν,
3374 1528 3406 1596 ἡ
3453 1527 3747 1598 Ἐκκλησία
3773 1527 3909 1599 Χρι-

2325 1617 2447 1670 στοῦ
2485 1618 2976 1688 καταστράπτουσα
3009 1618 3102 1670 καὶ
3135 1617 3444 1685 φωτίζουσα
3479 1617 3577 1688 τὴν
3623 1619 3715 1670 ὑπ’
3739 1619 3910 1690 οὐρα-

2323 1710 2430 1773 νὸν,
2457 1711 2550 1762 καλ⁹
2567 1710 2798 1780 μένουσα
2825 1710 3089 1781 διηνεκῶς
3123 1711 3235 1781 (40)
3261 1711 3454 1780 ὀῆλιος
3486 1712 3578 1764 καὶ
3614 1713 3646 1782 ἠ
3683 1711 3904 1781 σελήνη.

665 1795 734 1849 Et
763 1796 978 1849 thronus
1008 1797 1119 1864 ejus
1148 1798 1281 1849 sicut
1319 1795 1398 1848 sol
1423 1797 1477 1848 in
1521 1803 1793 1863 conspectu
1827 1809 1958 1857 meo,
2002 1801 2050 1845 et
2089 1793 2224 1845 sicut

2328 1800 2398 1851 Τὸ
2428 1799 2536 1870 γάρ
2560 1800 2720 1870 ῥητὸν
2741 1800 2894 1852 τοῦτο
2912 1801 3054 1853 οὕτω
3083 1801 3245 1870 φησί’
3277 1801 3386 1854 Καὶ
3413 1805 3446 1855 ὀ
3476 1804 3688 1870 θρόνος
3717 1802 3909 1856 αὑτοῦ

663 1889 788 1942 (una
815 1889 1042 1958 perfecta
1065 1892 1118 1942 in
1150 1899 1418 1951 mternum,
1447 1896 1494 1940 et
1526 1888 1668 1939 testis
1691 1887 1746 1937 in
1776 1885 1902 1938 casto
1932 1883 2125 1952 ﬁdelis.

735 2167 824 2222 59.
867 2167 893 2219 ἃ
913 2183 944 2218 u
976 2181 1090 2219 vero
1116 2166 1353 2233 repuusti
1372 2173 1419 2216 et
1441 2163 1747 2232 despexisti,
1779 2161 2039 2216 distulisti
2067 2161 2224 2216 Clari-

664 2268 803 2312 stum
830 2267 996 2312 tuum.
1037 2255 1168 2322 Quae
1213 2257 1265 2309 in
1293 2255 1597 2308 veneranda
1645 2269 1808 2308 cruce
1854 2255 2224 2323 contigerunt,

665 2353 808 2407 beati
849 2351 1124 2421 prepheta:
1164 2350 1508 2403 annuntiant.
1558 2346 1750 2401 Dicunt
1792 2347 1975 2416 itaque
1999 2346 2144 2400 Patri
2175 2355 2229 2400 et

664 2439 776 2497 Deo
812 2440 1157 2497 :Promisisti
1197 2441 1247 2494 in
1288 2449 1546 2524 mterpum
1591 2454 2008 2508 permansurum
2045 2453 2226 2493 semen

663 2533 855 2599 David,
885 2545 936 2590 et
972 2535 1224 2589 thronum
1261 2533 1379 2602 ejus
1411 2533 1553 2585 sicut
1584 2532 1752 2584 solem
1776 2539 1830 2584 et
1867 2531 2050 2584 lunam
2087 2530 2231 2583 futu-

665 2643 786 2681 rum
819 2644 832 2680 :
867 2627 960 2680 sed
996 2624 1235 2693 repulisti
1275 2634 1323 2676 et
1343 2623 1648 2690 despexisti,
1678 2622 1934 2674 distulisti
1961 2621 2231 2674 Christum

667 2730 835 2773 tuum.
862 2719 995 2772 Illud
1024 2728 1225 2782 autem,
1254 2717 1493 2786 repulisti
1527 2727 1574 2769 et
1603 2717 1907 2784 despexisti,
1941 2715 2230 2785 signiﬁcat,

669 2809 852 2877 repelli
881 2820 934 2862 et
969 2807 1171 2877 despici
1203 2807 1542 2862 concessisti.
1573 2805 1754 2874 Neque
1777 2807 1921 2859 enim
1958 2787 2117 2859 Pater
2148 2820 2232 2857 rc-

668 2900 804 2968 pulit
831 2909 882 2954 et
906 2899 1148 2968 despexit
1169 2900 1443 2968 preprium
1473 2897 1670 2949 Filium
1699 2913 1712 2959 ;
1737 2896 1828 2949 sed
1855 2878 2026 2949 Judaei
2051 2895 2234 2964 potius

669 2991 798 3045 illud
831 2999 1058 3061 egerunt
1091 3005 1106 3042 :
1150 3000 1205 3043 at
1242 2988 1540 3043 secundum
1582 2986 1998 3055 permissionem
2049 2984 2142 3039 Dei
2181 2995 2234 3040 et

669 3081 866 3135 Patris.
898 3080 1074 3144 Atque
1110 3079 1237 3132 illud
1285 3086 1365 3132 est
1414 3077 1551 3146 quod
1608 3077 1848 3130 dicitur:
1883 3075 1985 3140 Qui
2021 3077 2231 3146 proprio

671 3169 813 3225 Filio
848 3187 949 3223 non
988 3170 1234 3234 oeoercit,
1288 3168 1377 3223 sed
1411 3184 1502 3220 oro
1542 3167 1688 3220 nobis
1723 3166 1946 3220 tradidit
1982 3167 2135 3219 illum
2163 3166 2229 3218 “.

740 3436 830 3490 ιο.
867 3434 1113 3489 Evertista
1150 3444 1510 3488 testamentum
1533 3433 1665 3486 servi
1695 3433 1792 3486 tui.
1825 3431 2122 3500 Distulisti,
2153 3433 2235 3487 in-

676 3528 815 3597 quit,
863 3528 1087 3596 implcre
1122 3527 1508 3595 promissioues
1536 3541 1656 3594 quae
1681 3525 1830 3578 illum
1866 3526 2182 3594 spectabant
2216 3542 2229 3578 :

672 3621 874 3674 interea
900 3620 1046 3674 enim
1075 3621 1163 3673 ille
1192 3633 1384 3686 passus
1421 3627 1522 3670 est.
1548 3615 1668 3682 Quo
1708 3624 1864 3684 pacto
1905 3625 2084 3670 autem
2115 3616 2232 3672 dis-

671 3714 875 3776 tulerit,
924 3712 994 3764 ita
1044 3711 1327 3765 declarat:
1370 3708 1652 3774 Evertisti,
1701 3709 1918 3779 inquit,
1954 3718 2235 3762 testamen-

676 3813 784 3856 tum
810 3803 940 3856 servi
972 3803 1066 3854 tui.
1114 3801 1452 3855 Promiscras
1507 3801 1652 3854 enim
1696 3817 1819 3854 eum
1875 3801 1929 3853 in
1974 3811 2233 3854 attentum

675 3909 1013 3948 mansurum.
1070 3892 1136 3946 Et
1172 3894 1274 3946 hoc
1307 3894 1482 3960 ipsum
1523 3892 1622 3948 fuit
1662 3900 2042 3946 testamentum
2086 3902 2234 3946 tuum

674 3986 740 4042 de
778 3986 888 4039 illo.
929 3984 1125 4038 Verum
1173 3981 1344 4037 Judaei
1391 3983 1777 4037 cruciﬁxerunt
1801 3999 1924 4038 eum
1948 4026 1962 4050 ,
2000 3995 2052 4038 et
2083 4000 2237 4054 repu-

675 4086 822 4131 tatns
847 4084 929 4130 est
955 4090 1078 4129 cum
1113 4077 1359 4130 mortuis.
1402 4073 1606 4130 Passus
1639 4084 1744 4140 est,
1780 4076 1996 4144 inquit,
2035 4085 2088 4131 et
2114 4093 2238 4132 cru-

676 4171 870 4223 cilixus
892 4175 994 4222 cst.
1040 4166 1224 4237 Itaque
1269 4169 1499 4223 evertiin
1549 4176 1914 4222 testamentum
1959 4170 2092 4222 servi
2139 4171 2233 4223 tui.

680 4263 985 4333 Profanasti
1029 4264 1084 4316 in
1125 4272 1265 4315 terra
1306 4261 1672 4314 sanctuarium
1731 4260 1866 4328 ejus.
1927 4259 2234 4328 Projecisti,

677 4355 770 4418 ait,
807 4355 859 4406 in
891 4363 1088 4406 terram
1129 4351 1351 4420 gloriam
1386 4350 1502 4418 ejus
1531 4367 1544 4380 ·
1577 4363 1701 4402 nam
1724 4349 1814 4402 ubi
1844 4349 1988 4402 venit
2014 4347 2080 4402 ad
2107 4365 2232 4418 pas-

2256 1874 2297 1928 Β
2324 1891 2404 1956 ὠς
2442 1893 2474 1944 ὀ
2513 1890 2685 1957 ἣλιος
2714 1891 2992 1943 ἐναντίον
3023 1908 3155 1958 μου,
3188 1892 3284 1944 καὶ
3312 1893 3392 1957 ὡς
3423 1893 3460 1959 ἠ
3502 1892 3737 1960 σελήνη
3768 1909 3909 1946 κατ-

2326 1981 2651 2049 ηρτισμένη
2697 1983 2783 2047 εὶς
2819 1981 2923 2032 τὸν
2948 1978 3152 2044 αἰῶνα,
3191 1981 3286 2034 καὶ
3314 1984 3345 2033 ό
3368 1983 3598 2051 μάρτυς
3624 1983 3692 2035 ἑν
3731 1984 3912 2050 oi'pa-

2327 2071 2412 2135 νῷ
2439 2074 2672 2136 πιστός.

2399 2163 2482 2217 Σὺ
2522 2163 2589 2216 δὲ
2626 2162 2844 2216 ἀπώσω
2875 2165 2973 2217 καὶ
3008 2163 3446 2230 ὲξουδένωσας,
3473 2162 3770 2217 ἀνεϐιὶλου
3804 2162 3914 2217 τὸν

2328 2256 2581 2324 Χριστόν
2609 2268 2744 2308 σου.
2767 2254 2849 2306 Τά
2870 2254 3248 2324 συμϐεϐηκότα
3278 2256 3368 2308 ἐπὶ
3401 2253 3478 2324 τῷ
3501 2254 3667 2324 τιμίῳ
3691 2251 3913 2324 σταυρῷ

2329 2348 2377 2398 οἱ
2416 2345 2672 2415 μακάριοι
2720 2345 2994 2416 προφῆται
3029 2361 3180 2413 φασι.
3227 2344 3486 2411 Λέγουσιν
3514 2340 3627 2404 οὖν,
3656 2344 3733 2405 ὡς
3775 2344 3914 2412 πρὸς

2328 2439 2417 2491 τὸν
2448 2437 2665 2507 Πατέρα
2691 2438 2785 2490 καὶ⁸
2807 2437 2959 2489 Θεόνο
2993 2435 3355 2506 Ἐπηγγείλω,
3391 2435 3574 2505 φησὶν,
3605 2435 3687 2487 ὅτι
3717 2435 3798 2496 εἰς
3823 2433 3914 2488 τὸν

2330 2528 2504 2581 αἰῶνα
2533 2528 2683 2598 μένει
2711 2528 2772 2580 τὸ
2797 2527 3019 2598 σπέρμα
3049 2527 3226 2590 Δαυῒδ,
3257 2526 3348 2579 καὶ
3373 2529 3400 2578 6
3431 2526 3618 2597 θρόνος
3645 2524 3812 2577 αὑτοῦ
3839 2524 3916 2589 ὼς

2327 2620 2356 2672 6
2385 2618 2533 2688 ἥλιος
2571 2620 2665 2672 καὶ
2698 2620 2732 2689 ἡ
2775 2618 3006 2690 σελήνηο
3043 2617 3156 2672 ἀλλ’
3179 2617 3400 2672 ἀπώσω
3444 2618 3539 2672 καὶ
3587 2616 3918 2681 ἑξουδένω-

2330 2727 2483 2778 σαςο
2521 2712 2818 2765 ἀνεϐάλου
2860 2714 2966 2763 τὸν
3006 2712 3265 2779 Χριστόν
3310 2727 3445 2764 σου.
3482 2710 3554 2762 Τὸ
3581 2710 3661 2770 δὲ,
3691 2708 3918 2762 ἀπώσω

2332 2805 2427 2857 καὶ
2462 2801 2888 2866 ἐξουδένωσας,
2922 2801 3042 2853 ἀντὶ
3079 2800 3194 2865 τοῦ,
3228 2801 3570 2870 ἀπωσθῆναι,
3618 2801 3715 2853 καὶ
3762 2799 3916 2865 ἐξου-

2332 2895 2623 2966 δενωθῆναι
2657 2892 3103 2964 συγκεχώρηκας.
3132 2893 3206 2947 Οὐ
3247 2892 3356 2963 γὰρ
3387 2895 3414 2946 6
3440 2893 3629 2964 Πατὴρ
3657 2891 3920 2946 ἀπώσατο

2332 2989 2426 3041 καὶ
2475 2987 2792 3054 ἐξουδένωσε
2841 2986 2931 3040 τὸν
2981 2986 3111 3038 ῐδιον
3146 2986 3302 3038 Υἱόν·
3324 2986 3562 3039 Ἰουδαῖοι
3602 2987 3660 3038 δὲ
3715 2987 3917 3056 μᾶλλον

2331 3078 2489 3132 τοῦτο
2522 3078 2834 3149 πεπράκασι
2857 3094 2872 3108 °
2911 3076 3047 3145 πλὴν
3077 3079 3219 3129 κατὰ
3267 3077 3610 3148 συγχώρησιν
3653 3078 3748 3131 τοῦ
3779 3079 3916 3131 Θεοῦ

2334 3171 2426 3223 καὶ
2464 3170 2696 3240 Πατρός.
2741 3170 2849 3222 Καὶ
2895 3168 3054 3221 τοῦτό
3095 3171 3212 3222 ἐστι
3250 3169 3313 3222 τὸ
3347 3170 3663 3242 εἰρημένον·
3709 3171 3810 3236 ’ος
3855 3189 3919 3238 γε

2335 3260 2438 3315 τοῦ
2473 3262 2624 3315 ὶδίου
2678 3260 2814 3315 Υὶοῦ
2861 3262 2973 3315 οὐκ
3017 3260 3331 3328 ἐφείσατο,
3380 3261 3517 3318 ἀλλ’
3540 3260 3693 3329 ὑπὲρ
3749 3259 3920 3330 ἡμῶν

2333 3368 2444 3422 παι
2453 3353 2674 3408 temer
2707 3356 2916 3409 αὐτόν.

2402 3447 2821 3514 Κατέστρεψας
2852 3443 2966 3511 τὴν
3002 3443 3296 3512 διαθήκην
3341 3443 3448 3498 τοῦ
3500 3443 3726 3498 δούλου
3774 3463 3915 3500 σου.

2346 3537 2644 3610 ’Υπερέθου
2675 3535 2980 3607 πληρῶσαι.
3005 3536 3158 3605 φησι,
3184 3534 3282 3597 τὰς
3306 3534 3638 3603 ἐπαγγελίας
3659 3536 3758 3598 τάς
3790 3539 3922 3607 περὶ

2335 3629 2497 3683 αὑτοῦ
2514 3645 2526 3657 ·
2557 3628 2786 3681 πέπονθε
2806 3627 2914 3698 γὰρ
2941 3625 3165 3696 μεταξύ.
3184 3625 3308 3689 Πῶς
3326 3625 3383 3678 δὲ
3401 3625 3718 3697 ὑπερέθετο,
3737 3627 3887 3696 λέγει
3901 3645 3918 3659 ο

2333 3719 2756 3788 Κατέστρεψας
2789 3719 3015 3788 φάσκων
3051 3717 3164 3785 τὴν
3210 3717 3502 3784 διαθήκην
3555 3718 3662 3772 τοῦ
3691 3717 3922 3774 δούλου

2335 3824 2470 3863 σου.
2517 3808 2854 3878 Ἐπηγγεὶλω
2885 3808 3015 3876 γὰρ,
3049 3806 3234 3876 φησιν,
3267 3806 3348 3858 ὅτι
3379 3807 3458 3868 εἰς
3487 3805 3579 3858 τὸν
3609 3806 3781 3858 αἰῶνα
3819 3809 3921 3877 μέ-

2335 3915 2446 3952 νει·
2483 3900 2577 3952 steti.
2613 3897 2752 3968 αὕτη
2788 3897 3010 3966 γέγονεν
3047 3899 3078 3966 ἡ
3125 3894 3273 3966 παρὰ
3309 3895 3403 3948 σοῦ
3441 3898 3569 3965 περὶ
3601 3896 3765 3949 αὐτοῦ
3799 3897 3919 3951 δια-

2337 3988 2497 4060 θήκη.
2565 3988 2702 4041 Ἀλλ’
2735 3987 3088 4059 ἐσταύρωσαν
3121 3985 3282 4040 αὑτὸν
3324 3987 3594 4050 Ἰουδαῖοι,
3643 3987 3737 4040 καὶ
3782 4004 3919 4040 κατ-

2337 4081 2587 4152 ελογίσθη
2618 4081 2756 4150 μετὰ
2773 4081 3000 4152 νεκρῶν.
3022 4080 3262 4133 Πέπονθε
3281 4079 3409 4148 γὰρ,
3434 4079 3588 4149 φησὶ,
3614 4079 3710 4133 καὶ
3733 4083 3926 4133 ἐσταυ-

2340 4172 2484 4246 ρώθη
2505 4192 2517 4204 ⁶
2542 4173 2735 4228 οὐκοῦν
2767 4171 3176 4240 κατέστρεψας
3198 4171 3313 4238 τὴν
3334 4171 3626 4238 διαθήκην
3651 4171 3759 4224 τοῦ
3781 4171 3892 4224 δού
3907 4204 3921 4211 ι

2336 4269 2451 4320 λου
2491 4279 2627 4318 σου.
2714 4261 3116 4329 Ἑϐεϐήλωσας
3145 4265 3233 4329 εἰς
3266 4261 3379 4329 τὴν
3409 4261 3528 4330 γῆν
3557 4262 3621 4315 τὸ
3655 4263 3923 4332 άγιάσμα

2336 4356 2542 4410 αὑτοῦ.
2578 4356 2844 4427 Ἐρῤιψας
2865 4397 2878 4420 ,
2909 4356 3102 4426 φησὶν,
3136 4357 3215 4418 εἰς
3239 4354 3335 4425 τὴν
3361 4354 3466 4423 γῆν
3499 4355 3598 4422 τὴν
3631 4355 3790 4420 δόξαν
3825 4357 3923 4407 αὐ-

679 4447 919 4506 sioncm,
974 4444 1094 4497 vilis
1139 4443 1299 4496 homo
1341 4442 1409 4495 ab
1449 4439 1651 4509 iniquis
1694 4437 1895 4493 Judzcis
1934 4439 2238 4493 :estimatus

2339 4447 2462 4501 τοῦθ
2501 4449 2576 4511 ὡς
2623 4448 2731 4518 γὰρ
2762 4443 2895 4518 ἧκεν
2941 4448 3022 4509 εἰς
3070 4447 3129 4499 τὸ
3161 4445 3373 4509 παθεῖν,
3426 4445 3578 4514 ψιλὸς
3635 4445 3922 4516 ἄνθρωπος

678 4547 779 4591 est.
809 4534 912 4588 Sed
949 4549 1055 4587 non
1091 4533 1349 4586 remansit
1378 4541 1630 4584 mortuus
1658 4569 1674 4594 ,
1705 4529 1795 4597 qui
1829 4529 1967 4583 inter
1995 4538 2237 4582 mortuos

2341 4539 2594 4611 ἐνομίσθη
2624 4543 2733 4603 τοῖς
2769 4539 3101 4610 παρανόμοις
3144 4538 3434 4600 Ἰουδαίοις.
3488 4537 3628 4589 Ἀλλ’
3657 4539 3718 4589 οὐ
3747 4540 3889 4608 μεμε
3915 4568 3922 4575 -

680 4629 815 4682 liber
853 4625 986 4690 fuit,
1033 4625 1186 4694 juxta
1235 4622 1512 4690 Propheta:
1547 4636 1733 4676 vocem
1753 4620 1796 4650 "
1829 4638 1842 4673 :
1880 4635 2055 4689 neque
2100 4620 2238 4674 inia-

2342 4648 2472 4701 νηκε
2504 4631 2728 4702 νεκρὸς,
2777 4633 2804 4683 ὁ
2857 4633 2914 4682 ἐν
2943 4634 3155 4702 νεκροῖς
3189 4630 3470 4700 ἐλεύθερος
3500 4629 3644 4682 κατὰ
3685 4629 3784 4701 τὴν
3828 4631 3921 4684 τοῦ

682 4722 845 4774 miam
876 4720 1035 4772 ullam
1067 4716 1369 4786 conspersit
1406 4716 1506 4784 ipsi
1539 4716 1720 4784 passio
1761 4714 1918 4784 ejus;
1957 4716 2066 4768 imo
2109 4730 2237 4768 vero

2345 4724 2620 4795 προφήτην)
2672 4724 2884 4793 φωνήν
2919 4722 3043 4775 οὔτε
3098 4723 3204 4793 μὴν
3236 4721 3450 4785 ἀδοξίαν
3483 4721 3602 4774 τινὰ
3633 4723 3920 4793 προσετρε-

683 4811 907 4879 gloriam
949 4810 1127 4879 potius
1172 4807 1410 4877 accepit,
1467 4807 1594 4875 quia
1631 4807 1926 4876 prostravit
1976 4821 2100 4862 eum
2142 4806 2235 4876 qui

2342 4814 2480 4883 ψατο
2510 4814 2570 4866 τὸ
2602 4814 2770 4876 πάθος
2813 4813 2960 4884 αὐτῷ
2983 4853 2998 4877 ,
3034 4813 3147 4866 ἀλλ’
3178 4811 3435 4880 ἐδοξάσθη
3473 4811 3670 4880 μᾶλλον
3709 4812 3798 4865 διὰ
3830 4813 3921 4866 τοῦ

684 4902 966 4972 imperium
1003 4900 1231 4954 habebat
1276 4898 1465 4952 mortis
1493 4897 1561 4960 ”,
1610 4898 1662 4951 id
1709 4906 1792 4952 est
1842 4897 2140 4961 diabolum,
2185 4907 2239 4952 et

2345 4906 2688 4977 καταργῆσαι
2714 4907 2803 4958 τὸν
2835 4906 2894 4959 τὸ
2918 4907 3114 4976 κράτος
3143 4904 3332 4974 ἔχοντα
3363 4904 3457 4958 τοῦ
3487 4904 3740 4967 θανάτου,
3772 4923 3923 4959 τουτ-

684 4984 926 5053 Ιίὺετιινξι
975 4987 1252 5041 hominum
1299 5002 1490 5055 genus.
1546 4985 1816 5042 Caeterum
1858 5003 1922 5042 ea
1952 5003 2072 5057 quae
2112 4997 2241 5042 tunc

2347 4998 2460 5051 ἐστι
2515 4997 2606 5050 τὸν
2649 4996 2913 5061 διάϐολον,
2949 4998 3042 5050 καὶ
3087 4996 3450 5065 ἐλευθερῶσαι
3479 4997 3586 5050 τῶν
3619 4997 3923 5069 ἀνθρώπιον

685 5080 996 5134 acciderunt
1027 5077 1347 5132 annuntiant
1377 5077 1674 5146 prophetae.

2346 5089 2405 5141 τὸ
2429 5088 2601 5155 γένος.
2660 5089 2804 5157 Πλὴν
2844 5089 2911 5141 τὰ
2944 5088 3329 5160 συμϐεϐηκότα
3357 5089 3520 5155 φασὶν
3543 5091 3590 5141 οἱ
3625 5089 3919 5158 προφῆται.

2418 5177 2698 5239 Καθεῖλες
2727 5177 2957 5244 πάντας
2991 5178 3131 5243 τοὺς
3175 5180 3483 5247 φραγμοὺς
3521 5178 3728 5233 αὑτοῦ.
3781 5180 3922 5246 Φρα-

2347 5269 2518 5336 γμοὺς
2550 5268 2712 5321 αὑτοῦ
2746 5269 2840 5322 καὶ
2872 5269 3206 5339 ὀχυρώματα
3227 5273 3352 5334 τοὺς
3376 5271 3566 5339 ἁγίους
3594 5272 3922 5332 ἀποστόλους

2349 5359 2532 5426 φησὶν,
2563 5358 2612 5411 οἰ
2647 5361 2756 5420 καὶ,
2791 5359 2988 5422 πάντες
3020 5361 3248 5428 ἀφέντες
3281 5362 3440 5414 αὑτὸν
3460 5404 3473 5425 ,
3497 5362 3696 5429 ἔφυγον
3726 5363 3922 5415 δειλιά-

2351 5467 2536 5513 σαντες
2562 5468 2574 5481 ·
2607 5453 2698 5504 καὶ
2721 5451 2808 5504 διὰ
2837 5451 2992 5504 τοῦτό
3018 5469 3180 5522 φησιν
3204 5470 3216 5484 ο
3275 5456 3447 5507 Ἔθσυ
3470 5455 3542 5506 τὰ
3575 5453 3921 5522 ὀχιφώματα

2349 5543 2534 5595 αὐτοῦ
2558 5543 2803 5597 δειλίαν.

2423 5633 2744 5702 Διήρπαζον
2762 5637 2948 5688 αὐτόν
2978 5674 2987 5684 .
3023 5675 3035 5688 .
3069 5674 3083 5689 .
3115 5676 3126 5687 .
3164 5678 3177 5692 .
3198 5637 3508 5703 ηὔφρανας
3533 5636 3758 5703 πάντας
3784 5636 3922 5704 νοῦς

758 5737 806 5770 ⁸⁸
837 5737 976 5792 Psal.
1005 5753 1190 5798 cxxxl,
1221 5738 1303 5791 ll.
1388 5739 1428 5769 "
1470 5738 1622 5793 Rom.
1653 5755 1769 5804 Vfll,
1805 5742 1891 5795 32.
1967 5744 2011 5773 "
2053 5742 2196 5799 Psal.
2224 5761 2474 5816 Luxru,
2510 5749 2561 5803 6.
2641 5752 2685 5784 ⁸³
2732 5749 2893 5804 llchr.
2930 5767 2986 5814 ιι,
3025 5752 3108 5804 Η.
3188 5752 3232 5784 ³⁸
3266 5751 3454 5806 Matth.
3502 5768 3649 5818 xxvi,
3687 5751 3776 5808 56.

762 5829 872 5898 (40)
911 5826 1251 5882 Desideratur
1281 5828 1376 5892 ὼς.
1410 5827 1568 5884 Eon.

757 5171 844 5223 41.
883 5169 1194 5222 Destruxisti
1223 5185 1396 5222 omnes
1421 5185 1561 5238 sepes
1592 5170 1726 5237 ejus.
1774 5166 1939 5236 Sepes
1971 5177 2024 5223 et
2051 5169 2241 5238 prasi-

685 5263 770 5314 dia
802 5271 1018 5314 sanctos
1048 5261 1322 5328 apostolos
1342 5260 1507 5323 dicit,
1538 5262 1630 5328 qui
1656 5300 1671 5323 ,
1699 5261 1790 5314 illo
1826 5260 2086 5316 derelicto
2108 5302 2122 5322 ,
2156 5259 2242 5313 l'u-

687 5362 877 5417 uerunt
909 5366 1096 5404 carnes
1134 5360 1279 5404 metu
1308 5353 1539 5420 perculsi
1571 5353 1635 5414 ",
1667 5367 1729 5406 ac
1763 5361 2044 5422 propterea
2071 5352 2237 5407 dicit:

689 5443 920 5499 Posuisti
948 5445 1193 5513 prasidia
1222 5445 1332 5512 ejus
1362 5445 1708 5514 formidinem.

763 5622 846 5687 ﬂ,
882 5622 966 5676 43.
1019 5621 1360 5690 Diripuerunt
1406 5639 1524 5676 eum
1701 5622 2012 5693 Lrttiﬁcasti
2063 5642 2237 5680 omnes
