4070 6436
204 345 310 404 395

1223 344 1577 401 EXPOSITIO
1619 344 1687 399 IN
1721 343 2053 400 PSALMUM
2098 343 2427 399 LXXXVIII.

3330 339 3435 401 394

206 466 456 535 ἐχθροὺς
491 466 695 521 αὑτοῦ.
752 468 1007 538 Ἔχαιρον
1058 485 1165 539 γαρ
1215 469 1306 521 καὶ
1349 470 1592 523 ἐπέσειον
1632 467 1775 537 αύτῷ

1890 469 2115 521 inimicos
2143 468 2277 536 ejus.
2313 464 2629 519 Gaudebant
2679 466 2821 520 enim
2857 475 2908 517 et
2944 467 3229 522 movebant
3258 469 3432 540 capit)

205 556 301 619 τὰς
330 556 571 625 κεφαλὰς
595 596 611 620 ,
640 557 871 628 ὁρῶντες
901 556 1061 611 αὑτὸν
1090 558 1182 611 ἐπὶ
1214 556 1367 623 ξύλου
1409 558 1771 629 κρεμάμενον.

288 648 701 717 Ἀπέστρεψας
740 648 851 717 τὴν
875 649 1183 718 ,βοήθειαν
1211 650 1321 719 τῆς
1344 651 1643 719 ῥομφαίας
1673 652 1778 704 αὑ-

204 741 334 795 τοῦ.
381 743 596 813 Ἐπειδὴ
622 741 802 807 ἀξίους
833 742 987 805 ὄντας
1021 744 1118 814 τὴν
1149 744 1380 814 ἐσχάτην
1412 744 1565 814 δίκην
1594 745 1775 796 ἀποτί-

1878 572 1998 622 sua,
2029 558 2272 611 videntes
2298 572 2421 610 eum
2450 557 2502 608 in
2533 557 2676 625 ligno
2716 557 3035 625 pendentem
3055 559 3120 612 ⁸⁵.

1947 651 2035 704 LI.
2094 650 2338 702 Avertisti
2385 648 2711 715 adjutoriunt
2757 648 2923 718 gladii
2973 651 3104 714 eius.
3166 650 3435 715 Quoniam

1877 757 1972 795 eos
1997 742 2089 811 qui
2123 740 2457 810 unigenitum
2489 738 2581 793 Dei
2613 748 2665 793 et
2707 737 2885 794 Patris
2921 738 3114 793 Filium
3150 740 3438 795 crucitixc-

208 848 300 885 σαι
346 835 472 897 τοὺς
516 833 935 905 σταυρώσαντας
964 835 1054 888 τὸν
1106 836 1363 906 μονογενῆ
1395 836 1488 888 τοῦ
1520 835 1649 888 θεοῦ
1686 836 1779 888 καὶ

1890 840 2030 894 runt,
2070 840 2311 885 extremo
2347 827 2615 899 supplicio
2644 830 2873 899 dignos,
2925 845 3032 884 non
3073 832 3254 885 statim
3292 832 3438 884 ultus

206 924 425 995 Πατρὸς
454 925 579 978 Υἱὸν
609 926 670 978 οὑ
704 926 1071 996 τετιμώρηται
1114 930 1451 998 παραχρῆμα
1470 970 1492 998 ,_
1518 930 1620 998 Δδιὰ
1653 931 1780 983 πο),-

205 1016 306 1087 λὴν
341 1016 745 1087 φιλανθρωπίαν
775 1022 960 1090 καιρὸν
990 996 1311 1090 μετανοίας
1453 996 1541 1075 6ίά
1592 1021 1782 1091 βαπτὶ-

210 1125 436 1179 σματος,
472 1112 563 1163 καὶ
595 1112 777 1173 αὐτοῖς
808 1111 1157 1183 χαριζόμενος
1180 1129 1191 1140 ·
1222 1112 1409 1166 τούτου
1460 1114 1616 1184 χάριν
1646 1117 1780 1167 ἀπο-

212 1202 441 1273 στρέψαι
483 1202 695 1271 λέγεται
729 1202 826 1275 τὴν
859 1204 1107 1275 βοήθειαν
1138 1207 1235 1276 τῆς
1287 1207 1555 1278 ῥομφαίας
1594 1206 1778 1261 αὑτοῦ.

211 1293 285 1344 Τὸ
309 1293 390 1355 δὲ,
421 1292 825 1362 ἀπέστρεψας,
859 1295 1007 1358 ἀντὶ,
1042 1295 1294 1365 ἐπέσχες.

282 1384 635 1451 Κατέλυσας
684 1386 801 1439 ἀπὸ
839 1387 1207 1456 καθαρισμοῦ
1240 1387 1443 1441 αὑτοῦ.
1480 1387 1586 1453 Τὸ,
1643 1405 1781 1441 κατ-

210 1476 462 1541 έλυσας,
480 1478 599 1529 ἀντὶ
628 1478 740 1541 τοῦ,
772 1479 1133 1550 κατήνεγκας.
1156 1480 1512 1550 Κατήνεγκας
1541 1476 1653 1544 οὖν,
1681 1498 1784 1551 φη-

214 1571 332 1633 σιν,
366 1571 484 1640 ἦτοι
511 1571 925 1641 παρεσκεύασας
957 1573 1038 1634 είς
1068 1571 1127 1623 τὸ
1162 1572 1541 1635 πιστεύεσθαι,
1574 1574 1654 1626 ὅτι
1685 1590 1784 1626 κα-

213 1660 378 1732 θαρός
416 1664 583 1715 ἐστιν.
648 1663 939 1735 Ἐπενοήθη
969 1662 1075 1737 γὰρ
1101 1660 1239 1718 εἶναι
1275 1666 1507 1736 πονηρὸς
1532 1707 1546 1731 ,
1590 1665 1681 1719 καὶ
1712 1666 1787 1730 ὡς

214 1754 537 1824 ἁμαρτωλὸς
570 1754 867 1825 κατεκρίθη
894 1794 908 1817 ,
957 1754 1055 1807 καὶ
1086 1756 1155 1808 ἐν
1185 1755 1306 1821 τοῖς
1360 1756 1600 1825 ἀνόμοις
1654 1758 1787 1810 ἐ.ἶο-

1879 931 1995 981 est;
2033 923 2124 977 sed
2155 937 2249 991 per
2284 936 2550 976 summam
2578 922 2913 975 clementiam
2940 931 3150 991 tempus
3177 923 3439 992 paeniten-

1882 1016 1969 1070 tizr
1998 1031 2093 1085 per
2117 1014 2444 1083 baptismum
2469 1014 2613 1068 dedit
2642 1013 2782 1079 illis;
2832 1014 2952 1067 ideo
2998 1013 3129 1067 dicit
3178 1013 3440 1068 avertisse

1882 1109 2207 1176 adiutorium
2234 1107 2394 1177 gladii
2422 1108 2538 1174 ejus
2566 1124 2580 1170 ;
2613 1106 2743 1160 illud
2772 1114 2974 1169 autem,
3006 1106 3264 1169 avertisti,
3296 1106 3441 1160 acci-

1884 1202 2025 1271 pitur
2056 1214 2174 1270 pro,
2204 1198 2495 1254 retinuisti.

1954 1380 2043 1434 45.
2079 1377 2401 1432 Destruxisti
2440 1392 2556 1429 eum
2591 1376 2655 1428 ab
2694 1374 3077 1429 emundatione.
3134 1372 3265 1426 Illud
3290 1410 3303 1433 ,
3346 1370 3439 1423 tte-

1886 1469 2151 1535 struxisti,
2186 1484 2306 1537 pro,
2338 1466 2600 1538 dejecisti,
2634 1466 2869 1536 positum
2901 1476 3003 1528 est,
3036 1464 3085 1518 id
3117 1471 3219 1529 est,
3262 1464 3439 1533 previ-

1888 1561 2013 1616 disti
2066 1570 2124 1615 ut
2170 1560 2479 1615 crederetur
2522 1574 2710 1628 purus.
2775 1555 2910 1610 Nam
2940 1556 3199 1626 putabant
3237 1555 3439 1608 malum

1886 1668 2027 1717 esse,
2062 1664 2113 1706 et
2145 1650 2300 1721 quasi
2330 1660 2582 1720 peccator
2612 1650 2898 1703 damnatus
2928 1656 3040 1711 est,
3087 1656 3135 1701 et
3184 1648 3317 1699 inter
3340 1646 3442 1698 iui-

1887 1762 2016 1816 quos
2042 1753 2312 1813 reputatus
2342 1743 2410 1796 ⁸⁶.
2446 1741 2711 1795 Turonum
2737 1741 2847 1810 ejus
2868 1742 2922 1792 in
2954 1749 3148 1793 terram
3176 1738 3438 1790 collisisti.

212 1822 414 1913 fodi}.
448 1840 558 1897 Τὸν
574 1822 789 1912 θρόνὼ
809 1822 995 1897 αῦτοῦ
1013 1846 1099 1909 είς
1119 1844 1233 1912 τὴν
1252 1843 1369 1913 γῆν
1394 1822 1780 1914 καῂτέρῤαξας-

1890 1838 2020 1905 Quia
2050 1838 2341 1892 carnaliter
2367 1850 2562 1904 passus
2588 1844 2691 1893 est,
2726 1843 2779 1887 et
2812 1831 2988 1886 factus
3015 1839 3100 1885 est
3127 1830 3267 1883 inter
3296 1844 3443 1883 mor—

226 1936 443 2005 Ἐπειδὴ
479 1936 711 1989 πέπονθε
747 1936 1053 2007 σαρκικῶς,
1102 1937 1196 1989 καὶ
1234 1937 1456 2005 γέγονεν
1484 1940 1542 1990 ὲν
1574 1941 1784 2009 νεκροῖς

213 2028 520 2100 ιλεύθερος·
552 2028 868 2098 νομίσαντες
894 2031 941 2081 oi
975 2029 1417 2098 σταυρώσαντες.
1472 2030 1552 2083 ὅτι
1584 2048 1785 2084 πεπονς-

212 2120 324 2184 θὼς
353 2120 670 2191 συνεστάλη,
696 2120 791 2174 καὶ
820 2120 1095 2174 πέπαυται
1129 2121 1222 2175 τοῦ
1248 2122 1342 2175 καὶ
1361 2123 1499 2187 ὅλως
1524 2118 1662 2178 εἶναι
1692 2124 1785 2177 καὶ

210 2210 573 2282 ὀνομάζεσθαι
592 2230 606 2245 ·
640 2211 727 2266 διὰ
747 2210 903 2264 τοῦτο
935 2213 1033 2277 τάς
1056 2213 1165 2266 τῶν
1191 2214 1613 2284 σταυρωσάντων
1656 2216 1785 2268 ὑπο-

212 2302 365 2365 νοίας
395 2303 739 2375 διερμηνεύει
771 2305 977 2375 λέγων·
1042 2305 1153 2360 Τόν
1201 2307 1416 2374 θρόνον
1465 2307 1651 2361 αὑτοῦ
1700 2311 1786 2374 είς

212 2395 331 2463 τὴν
355 2394 473 2464 γῆν
500 2396 887 2465 κατέρῤαξας.

291 2488 438 2551 Ἕως
462 2488 624 2551 πότε,
654 2489 848 2556 Κύριε,
876 2489 1224 2558 ἀποστρέφῃ
1255 2492 1340 2556 εις
1369 2490 1559 2557 τέλος,
1583 2491 1788 2544 ἐκκαυ-

213 2575 464 2644 θήσεται
494 2578 573 2643 ὼς
604 2576 795 2646 πῦρ·ή
828 2576 971 2647 ὀργή
1004 2594 1150 2641 σου;
1178 2577 1453 2644 Τουτέστι,
1486 2580 1663 2652 Μέχρι
1704 2580 1785 2633 τί-

214 2685 306 2732 νος
340 2660 546 2739 ίσχύσει
586 2667 656 2722 τὰ
686 2668 793 2722 τῶν
847 2670 1111 2724 Ἰουδαίων
1138 2672 1459 2742 τολμήματα
1482 2711 1495 2733 .
1528 2674 1786 2725 ἐπισπού-

213 2758 485 2822 δαζόντων
528 2758 627 2829 τὴν
674 2758 767 2811 τοῦ
821 2760 1155 2827 Μονογενοῦς
1207 2762 1300 2813 καὶ
1337 2760 1588 2831 Σωτῆρος
1630 2760 1788 2832 ἡμῶν

216 2849 559 2919 σταύρωσινς
620 2848 677 2901 '0
704 2848 759 2901 δὲ
791 2849 1114 2919 Σύμμαχος’
1179 2852 1324 2913 Ἕως
1361 2852 1553 2916 τίνος,
1588 2854 1785 2919 Κύριε,

214 2939 613 3007 ἀποκρυὸήσῃ
638 2941 724 3007 εις
750 2940 950 3007 τέλος,
980 2941 1343 3011 φλετήσεται
1371 2943 1450 3007 ὠς
1485 2942 1603 3010 πῦρ
1628 2946 1660 2997 ὀ
1689 2947 1787 2997 θυ-

208 3032 331 3100 μός
362 3046 515 3094 σου;
544 3032 718 3102 Μέχρι
748 3034 892 3097 τίνος
914 3074 928 3096 ,
965 3036 1118 3104 φησὶ.
1153 3035 1427 3100 Δέσποτα,
1457 3037 1556 3090 οὐκ
1585 3036 1788 3100 ἐθέλεις

221 3122 354 3173 ίδείν
384 3121 483 3184 τὰς
528 3124 801 3195 ἡμετέρας
826 3124 1014 3187 ὀδύνας
1034 3165 1048 3188 ,
1078 3125 1185 3177 οὐδ’
1222 3126 1479 3197 ὲπιφαίνῃ
1526 3128 1619 3179 καὶ
1644 3124 1788 3191 λύεις
1814 3162 1857 3221 C

215 3214 317 3278 τὰς
346 3215 627 3284 συμφοράς
648 3230 662 3245 ⁸
686 3215 822 3268 ἀλλά
851 3215 1099 3287 καθάπερ
1122 3215 1234 3287 πῦρ
1256 3217 1355 3288 τὴν
1377 3219 1544 3287 ὀργὴν
1568 3222 1633 3289 τῇ
1660 3221 1787 3289 μνή-

220 3322 301 3377 μη
330 3306 607 3379 ἡμετέρων
640 3308 966 3380 ἁμαρτάδων
999 3308 1271 3375 ὲκκαίεις;

293 3397 601 3467 Μνήσθητι
647 3401 738 3466 τίς
759 3417 877 3469 μου
923 3400 962 3468 ἡ
997 3401 1351 3467 ὑπόστασις.
1428 3402 1543 3455 Ἐπ’
1576 3400 1786 3473 ἀφθαρ-

220 3490 344 3561 σίᾳ,
379 3492 547 3559 φησι,
581 3492 669 3543 τὸν
702 3491 985 3563 ἄνθρωπον
1019 3493 1351 3564 πεποίηκας,
1378 3494 1471 3547 καὶ
1500 3495 1618 3546 κατ’
1650 3493 1789 3546 εἰκό-

218 3599 291 3634 να
319 3581 420 3651 τὴν
451 3582 546 3652 σὴν
584 3582 821 3645 ἔπλασας
850 3584 1009 3635 αὐτόν
1029 3601 1041 3612 ·
1102 3583 1235 3636 ἀλλά
1263 3585 1483 3652 γέγονεν
1521 3585 1625 3638 ὑπὸ
1661 3586 1791 3654 φθο-

222 3670 324 3741 ράν
358 3670 417 3735 ἐξ
452 3671 689 3741 ἀπάτης,
713 3672 895 3741 φησίν.
918 3671 1123 3725 Οὐκοῦν
1154 3672 1251 3743 τὴν
1278 3674 1582 3745 ἀφθαρσίαν
1611 3676 1790 3739 ἐπίδος

220 3759 312 3814 ἴνα
342 3759 636 3827 σώζωνται,
664 3760 910 3832 καθάπερ
939 3762 1177 3833 ἐπλάσθη
1212 3756 1272 3816 τὸ
1302 3764 1528 3835 ποίημα.

299 3937 396 4003 Τις
417 3938 587 3991 ἐστιν
612 3938 919 4007 ἄνθρωπος
944 3940 1011 4006 ὃς
1039 3938 1273 4006 ζήσεται
1304 3943 1399 3996 καὶ
1433 3945 1543 3997 οὐκ
1582 3944 1789 4013 ὄψεται

220 4026 516 4089 adv-ator;
545 4028 763 4093 Οὐδεὶς,
798 4031 989 4101 φησιν,
1020 4030 1141 4085 οὔτε
1160 4031 1388 4087 θανάτου
1406 4036 1667 4105 κρείττων
1696 4053 1788 4104 γε-

220 4119 462 4190 νήσεται,
484 4118 605 4173 οὔτε
633 4122 737 4193 μὴν
758 4121 827 4175 ἐκ
847 4121 1044 4189 χειρὸς
1066 4123 1213 4188 ᾅδου
1239 4124 1352 4191 τὴν
1375 4126 1585 4195 ¹ψυχὴν
1604 4127 1803 4181 αὺτοῦ-

212 4210 487 4277 ῥύσεται,
513 4213 561 4264 εί
591 4211 667 4283 μὴ
696 4212 782 4277 σὺ,
806 4213 987 4283 φησὶν,
1012 4208 1056 4265 ὧ
1080 4214 1344 4279 Δέσποτα,
1380 4216 1476 4287 τὴν
1499 4217 1790 4271 ἀνάστασιν

220 4298 441 4369 ιπιδῴς.

288 4394 412 4448 Ποῦ
438 4396 555 4447 εισι
584 4393 656 4447 τά
697 4392 835 4461 ἐλέη
863 4412 978 4449 σου
1019 4395 1092 4449 τά
1121 4395 1364 4466 ἀρχαῖα,
1395 4399 1571 4465 Κύριε
1589 4414 1608 4462 ;
1668 4399 1788 4469 Ἀρ-

1886 1941 2009 1985 tuos
2038 1928 2192 1990 liber,
2231 1927 2332 1980 rati
2372 1926 2464 1996 qui
2502 1925 2884 1979 crucilixet‘unt
2922 1936 3081 1985 eum,
3122 1934 3441 1990 oppressum

1887 2018 2057 2075 fuisse
2081 2033 2177 2089 per
2220 2016 2548 2087 passionem,
2602 2030 2666 2069 ac
2693 2014 2916 2068 omnino
2944 2013 3104 2068 tinem
3152 2012 3443 2067 exsistendi

1886 2110 2079 2167 fecisse
2109 2125 2208 2165 nec
2233 2109 2371 2164 ultra
2400 2106 2789 2161 nominandum
2826 2104 2972 2159 fore:
3010 2105 3130 2158 ideo
3152 2103 3441 2173 Propheta.

1886 2217 2077 2257 eorum
2122 2201 2215 2271 qui
2247 2200 2636 2257 cruciﬁxerunt
2684 2196 3139 2253 existimationem
3175 2196 3444 2264 interpre-

1888 2300 2030 2347 tatur
2057 2292 2242 2347 dicens
2270 2309 2283 2344 :
2318 2289 2583 2343 Thronum
2607 2289 2721 2357 ejus
2748 2288 2801 2341 in
2834 2297 3025 2341 terram
3048 2287 3310 2342 collisisti.

1951 2493 2041 2547 47.
2075 2490 2367 2562 Usquequo,
2400 2487 2650 2552 Domine,
2696 2490 2884 2543 avertis
2912 2490 2967 2542 in
3007 2488 3190 2557 ﬁnem,
3233 2488 3447 2540 exarde-

1886 2592 1993 2639 scet
2035 2585 2171 2637 sicut
2204 2584 2340 2653 ignis
2375 2583 2459 2634 ira
2495 2583 2631 2635 tua?
2691 2580 2745 2635 ld
2774 2590 2874 2645 est,
2912 2578 3204 2650 Usquequo
3230 2577 3445 2633 Judaeu-

1887 2692 2007 2732 rum
2041 2690 2208 2731 ausus
2250 2674 2648 2744 praevalebunt,
2696 2673 2789 2742 qui
2813 2681 3007 2727 curant
3036 2681 3094 2725 ut
3122 2670 3443 2741 Unigenitus

1887 2776 1941 2822 et
1970 2766 2217 2822 Salvator
2238 2774 2421 2819 noster
2442 2762 2824 2833 crucifigatur?
2847 2761 3204 2832 Symmachus
3226 2770 3404 2814 autem
3429 2778 3440 2813 :

1892 2858 2165 2928 Usquequo
2190 2897 2205 2921 ,
2236 2856 2489 2923 Domine,
2533 2854 2864 2909 absconderis
2911 2854 2965 2905 in
2996 2853 3182 2922 ﬁnem,
3230 2851 3447 2904 exarde-

1888 2961 1991 3004 seet
2025 2960 2081 3003 ut
2108 2950 2243 3019 ignis
2270 2950 2421 3018 furor
2449 2958 2567 3001 tuus
2588 2949 2611 3001 ?
2630 2947 2941 3017 Usquequo,
2974 2945 3170 3015 inquit,
3202 2943 3447 3008 Domine,

1889 3058 1996 3098 non
2023 3042 2107 3097 vis
2138 3041 2407 3110 respicere
2452 3039 2669 3094 dolores
2711 3048 2953 3103 nostros,
3008 3052 3183 3106 neque
3224 3052 3450 3108 appara

1888 3146 1943 3192 et
1969 3134 2116 3192 eruis
2146 3148 2247 3189 nos
2281 3148 2311 3187 a
2338 3132 2773 3197 calamitatibus;
2819 3129 2912 3185 sed
2938 3129 3093 3199 quasi
3141 3127 3281 3198 ignis
3314 3130 3447 3181 iram

1891 3239 2039 3284 tuam
2080 3243 2175 3297 per
2226 3234 2574 3297 peccatorum
2625 3233 2939 3281 nostrorum
2990 3223 3307 3279 memoriam
3359 3238 3449 3276 ac-

1889 3319 2114 3375 condis?

1956 3408 2045 3464 48.
2094 3406 2386 3463 Memorare
2427 3423 2541 3478 qua:
2576 3424 2690 3461 mea
2718 3407 3037 3463 substantia.
3104 3408 3159 3462 In
3206 3409 3455 3463 incorruo

1891 3502 2095 3573 ptione,
2142 3501 2339 3572 inquit,
2387 3500 2661 3557 hominem
2708 3500 2924 3566 fecisti,
2962 3509 3016 3557 et
3064 3501 3131 3556 ad
3162 3501 3450 3570 imaginem

1890 3602 2040 3649 tuam
2085 3592 2332 3649 formasti
2377 3608 2499 3648 eum
2525 3609 2542 3655 ;
2601 3592 2695 3647 sed
2731 3592 2922 3649 fraude
2970 3595 3372 3649 circumventus
3401 3594 3453 3645 in

1892 3686 2295 3756 corruptionem
2332 3683 2551 3739 decidit.
2599 3682 2786 3754 Itaque
2816 3686 2942 3739 dato
2978 3685 3055 3738 illi
3086 3684 3451 3753 incorruptio-

1891 3793 2036 3842 nem,
2070 3786 2131 3831 ut
2166 3776 2393 3832 salutem
2422 3786 2823 3847 consequatur,
2843 3778 2913 3833 °in
2931 3793 3089 3849 quem
3117 3776 3279 3831 ﬂuem
3312 3790 3452 3846 opus

1893 3868 2023 3923 illud
2058 3865 2306 3923 effectum
2341 3876 2445 3922 est.

1964 3961 2052 4016 49.
2087 3959 2218 4026 Quis
2240 3971 2314 4013 est
2339 3960 2491 4013 homo
2517 3960 2606 4028 qui
2629 3959 2761 4011 vivet
2776 3966 2824 4010 et
2852 3973 2952 4009 non
2975 3956 3166 4013 ridebit
3194 3969 3408 4012 mortem
3432 3961 3457 4013 ἲ

1893 4050 2085 4117 Nemo,
2121 4051 2333 4120 inquit,
2361 4057 2456 4104 aut
2483 4058 2656 4103 morte
2681 4048 2926 4117 superior
2952 4048 3091 4114 erit,
3118 4058 3213 4103 aut
3239 4051 3457 4103 redime:

1894 4143 2127 4196 animam
2148 4158 2298 4196 suam
2325 4141 2388 4195 de
2420 4157 2578 4194 manu
2608 4140 2800 4209 inferi,
2836 4140 2941 4195 nisi
2967 4146 3025 4193 tu
3046 4180 3062 4207 ,
3106 4140 3302 4211 inquit,
3352 4140 3455 4193 Do-

1895 4235 2058 4302 mine,
2092 4235 2549 4291 resurrectionem
2573 4233 2935 4289 concesseris.

1963 4394 2052 4449 50.
2089 4392 2186 4447 Ubi
2213 4402 2333 4447 sunt
2359 4392 2734 4446 misericordia
2769 4400 2873 4445 tua:
2908 4391 3157 4462 antiqute,
3189 4389 3410 4445 Domine
3431 4392 3457 4445 2

221 4488 352 4556 χαῖα
378 4485 500 4557 ἐλέη
532 4483 627 4537 τοῦ
655 4484 810 4546 Θεοῦ,
847 4487 1029 4554 φησιν,
1066 4489 1099 4557 ἡ
1128 4488 1233 4556 πρὸ
1260 4487 1563 4559 καταδολῆς
1589 4489 1789 4559 κόσμου

1895 4487 2157 4556 Antiquas
2209 4485 2302 4539 Dei
2362 4483 2768 4539 misericordias
2798 4493 2988 4550 vocat,
3050 4483 3452 4537 renovationem

221 4577 501 4650 ὡρισμένη
533 4578 613 4639 είς
640 4577 944 4648 ἀφθαρσίαν
974 4580 1430 4650 ἁναστοιχείωσις.

294 4759 606 4827 Μνήσθητι
628 4796 644 4821 ,
676 4758 875 4824 Κύριε,
908 4757 1016 4812 τοῦ
1053 4757 1392 4829 ὀνειδισμοῦ
1418 4758 1536 4813 τῶν
1560 4760 1792 4813 οούλων

223 4866 362 4906 σου.
406 4851 621 4921 Ἐπειδὴ
644 4849 961 4904 ὠνείδισὰν
987 4867 1052 4921 με
1073 4889 1088 4913 ,
1115 4849 1285 4921 Κύριε
1305 4889 1319 4913 ,
1344 4854 1396 4904 οί
1422 4852 1620 4921 ἐχθροί
1648 4838 1800 4918 σου,⁴

222 4944 523 5013 φάσκοντες
563 4942 774 5010 ψευδεῖς
815 4936 951 4994 εἶναι
984 4942 1081 5005 τὰς
1115 4941 1242 5012 περὶ
1286 4940 1419 5012 ἐμοῦ
1460 4946 1572 5006 τοῖς
1620 4943 1793 4997 ἔθνεσι

218 5032 511 5102 δεδομένας
543 5032 903 5100 ἐπαγγελίας·
959 5024 1118 5085 αὗται
1163 5033 1219 5085 δὲ
1257 5027 1396 5103 ἦσαν
1447 5035 1507 5087 τὸ
1554 5035 1791 5104 σωθῆναι

220 5125 381 5187 αὐτὰ,
416 5124 508 5177 καὶ
525 5123 901 5195 ἀπαλλαγῆναι
921 5123 1149 5177 θανάτου
1176 5124 1267 5179 καὶ
1293 5126 1596 5197 ἁμαρτίας·
1640 5128 1793 5182 ὠνεί-

218 5216 373 5269 δισαν
406 5216 463 5269 δὲ
502 5214 809 5287 ἀφορῶντες
842 5217 923 5279 είς
971 5216 1061 5268 τὸν
1116 5215 1342 5270 θάνατον
1374 5217 1463 5270 τὸν
1505 5218 1664 5289 ἐμόν·
1700 5221 1794 5273 καὶ

222 5306 489 5377 ματαίους
531 5305 700 5369 αὑτὰς
732 5301 870 5357 εἶναι
899 5306 1182 5376 ἀπέφηναν
1202 5324 1214 5335 ·
1250 5307 1436 5360 τούτου
1474 5310 1630 5381 χάριν
1659 5310 1792 5363 αἰτῶ

222 5414 306 5451 σοι
335 5396 667 5468 μνησθῆναι·
711 5396 778 5451 τὸ
801 5396 910 5468 γὰρ
976 5396 1363 5467 ἀντάλλαγμα
1410 5400 1511 5453 τοῦ
1537 5401 1791 5468 Χριστοῦ

219 5507 340 5545 σου
366 5489 704 5556 ὠνείδισαγ,
736 5489 917 5561 φησίν.
972 5490 1071 5561 Είη
1100 5491 1155 5544 δὲ
1182 5490 1243 5543 τὸ
1262 5489 1608 5563 ἀντάλλαγμα
1629 5491 1790 5546 αὐτοῦ

219 5581 250 5633 ὀ
281 5579 511 5643 θάνατος
544 5580 707 5633 αὑτοῦ
742 5582 832 5633 καὶ
866 5579 924 5632 τὺ
947 5573 1113 5643 uiua,
1144 5581 1202 5633 τὸ
1236 5580 1547 5652 ἀντίλυτρον
1578 5584 1793 5655 δεδομέ-

293 5757 339 5787 ⁸⁸
375 5755 562 5810 Matth.
591 5771 767 5817 xxv”,
794 5756 882 5810 39.
954 5758 1000 5789 "
1040 5754 1141 5808 lsa.
1174 5772 1290 5818 Lm,
1318 5758 1401 5811 12.

540 5855 801 5915 Ριτιιοι..
849 5854 966 5915 Gn.
1014 5852 1276 5914 XXVII.

1894 4577 2041 4631 illam
2060 4577 2113 4630 in
2139 4576 2619 4645 incorruptionem,
2638 4585 2763 4629 ante
2793 4573 2980 4629 mundi
3011 4571 3455 4627 constitutionem

1895 4670 2189 4725 definitam.

1968 4764 2058 4818 51.
2091 4762 2293 4815 Memor
2316 4772 2445 4825 esto,
2478 4759 2716 4825 Domine,
2760 4758 3027 4829 opprobrii
3046 4774 3310 4813 servorum
3340 4770 3457 4810 tuo-

1900 4867 2040 4904 rum.
2086 4847 2223 4918 Quia
2263 4850 2396 4903 mihi
2420 4888 2435 4913 ,
2479 4847 2738 4914 Domine,
2772 4848 3215 4917 exprobrauerunt
3252 4847 3455 4901 inimici

1898 4944 1996 5004 tui,
2024 4941 2267 4997 dicentes
2295 4942 2460 4997 falsas
2498 4956 2620 4997 esse
2647 4941 3037 5011 promissiones
3080 4940 3329 5011 gentibus
3356 4941 3459 4994 da-

1896 5045 1979 5090 tas
2032 5051 2154 5105 qua:
2194 5051 2281 5089 me
2328 5036 2664 5105 spectabant.
2716 5034 2885 5089 Erant
2921 5047 3099 5090 autem
3129 5034 3233 5087 illa:
3260 5032 3453 5102 hujus-

1898 5125 2081 5190 modi,
2123 5127 2267 5197 quod
2319 5125 2524 5181 scilicet
2567 5126 2795 5181 salutem
2836 5137 3208 5181 consecutura:
3252 5135 3455 5186 essent,

1896 5225 1951 5272 et
1986 5216 2278 5271 liberanda:
2317 5231 2348 5270 a
2383 5228 2557 5271 mor-te
2581 5226 2634 5271 et
2659 5233 2687 5271 a
2714 5224 2952 5287 peccato.
2982 5215 3459 5287 Exprobraverunt

1898 5316 2077 5363 autem
2104 5347 2118 5370 ,
2156 5317 2383 5363 mortem
2415 5324 2589 5365 meam
2637 5310 3012 5380 respicientes,
3043 5319 3097 5363 et
3121 5321 3287 5362 vanas
3336 5320 3460 5360 esse

1898 5399 2294 5471 promissiones
2323 5400 2443 5457 illas
2483 5402 2847 5457 declararunt.
2909 5400 3035 5456 Ideo
3084 5413 3215 5467 rogo
3261 5408 3351 5463 te,
3398 5409 3460 5451 ut

1899 5508 2107 5549 memor
2128 5492 2233 5557 sis;
2255 5508 2401 5561 nam,
2421 5493 2615 5564 inquit,
2632 5494 3067 5561 exprobrauerunt
3088 5489 3458 5543 commutatio-

1899 5600 2011 5637 nem
2044 5580 2244 5637 Christi
2276 5584 2370 5637 tui.
2422 5584 2783 5639 Commutatio
2832 5592 3008 5637 autem
3042 5581 3193 5650 ejus,
3247 5578 3459 5634 videtur

2980 5848 3055 5909 13
