4070 6464
597 389 702 447 395

1442 378 1494 431 S.
1539 371 1902 430 ATIIANASII
1941 370 2088 425 OPP.
2134 366 2311 422 PARS
2349 364 2432 420 Ill.
2474 394 2543 406 -—-
2581 365 2991 422 EXEGETICA.

3719 364 3828 422 396

601 518 723 557 esse
755 513 899 554 mors
926 505 979 551 et
1011 493 1232 564 sanguis
1264 492 1461 562 ipsius,
1503 491 1595 559 qui
1642 489 1801 543 datus
1834 495 1915 542 est
1946 487 1997 540 in
2028 498 2152 555 pre-
2183 492 2200 543 Α

2281 498 2342 532 ον
2368 479 2466 548 τῆς
2495 479 2586 531 τοῦ
2619 479 2820 549 κόσμου
2847 480 3114 549 σωτηρίας
3135 496 3147 509 ⁸
3171 478 3199 530 ὃ
3229 482 3322 531 καὶ
3348 479 3628 532 ὠνείδισαν
3653 518 3668 543 ,
3697 481 3805 534 ὑπο

603 595 736 648 tium
767 605 866 660 pro
899 587 1082 642 mutuli
1129 585 1319 639 salute.
1368 581 1647 651 Ejusmodi
1693 579 1922 649 pretium
1959 579 2032 631 illi
2059 593 2156 632 ex-

602 684 1014 752 probravcrunt,
1068 675 1324 744 suspicati
1366 689 1492 728 cum
1545 672 1647 726 sub
1689 672 1880 725 mortis
1936 668 2161 737 imperio

602 775 786 828 fuiSSe.
848 769 951 824 Sed
978 783 1085 821 non
1120 764 1380 820 remansit
1412 765 1465 817 in
1493 779 1554 817 ea
1590 763 1683 833 qui
1732 770 1814 816 est
1849 760 1989 814 inter
2017 773 2162 812 mor-

600 876 725 918 tuos
756 863 924 924 liber,
963 859 1055 913 sed
1096 857 1274 926 potius
1316 855 1470 910 tertia
1499 853 1585 907 die
1618 851 1932 907 resurrexit.
1982 847 2162 914 Quare

605 963 777 1008 totum
819 952 1066 1020 obsignat
1104 947 1373 1018 psalmum
1399 945 1452 997 in
1487 946 1598 998 lucc
1630 943 1789 996 verba
1821 938 2158 996 desinendo:

677 1045 764 1098 55.
819 1042 1131 1096 Benedictus
1166 1038 1421 1091 Dominus
1466 1037 1521 1089 in
1554 1044 1839 1100 wternum,
1882 1033 1997 1102 ﬁat,
2043 1032 2161 1100 ﬁat.

603 1135 770 1201 Quasi
797 1135 1038 1189 videlicet
1065 1132 1152 1186 ille
1177 1131 1288 1201 jam
1313 1136 1671 1184 resurrexent
1699 1137 1751 1182 et
1778 1123 2081 1180 ascenderit
2109 1123 2160 1176 in

607 1227 794 1291 malos,
828 1223 1214 1279 etbenedictus
1245 1221 1441 1284 fuerit,
1475 1220 1524 1273 id
1557 1229 1674 1283 est,
1706 1216 2048 1272 confessione
2077 1229 2164 1268 ce-

613 1319 845 1373 lebratus
878 1316 1040 1370 fuerit
1075 1315 1125 1367 in
1157 1313 1350 1368 smcula
1373 1328 1492 1366 cum
1517 1309 1674 1364 Patre
1704 1325 1823 1364 suo.

749 1412 798 1464 L
845 1409 1030 1465 Oratio
1065 1408 1261 1477 Moysis
1296 1406 1520 1459 hominis
1553 1403 1671 1457 Dei.
1706 1398 2020 1454 LXXXIX.

1185 1499 1581 1566 Argumentum.
1866 1497 1873 1506 ‘

610 1595 780 1659 Hanc,
825 1593 918 1655 ait,
957 1591 1260 1646 orationem
1305 1589 1357 1642 in
1387 1588 1601 1642 arcanis
1629 1583 1980 1649 descripsisse
2013 1581 2164 1651 Moy-

679 1702 806 1748 sen,
860 1694 917 1738 ut
961 1683 1052 1754 qui
1106 1679 1568 1749 consequentibus
1614 1678 1950 1747 temporibus
1995 1674 2165 1729 futuri

677 1785 831 1832 erant
876 1782 1130 1835 nossent,
1174 1770 1452 1840 quomodo
1497 1777 1770 1839 oporteret
1795 1760 2037 1822 conliteri
2069 1766 2163 1820 de-

2260 572 2621 644 λαμὸάνοντες
2659 573 2818 626 αὐτὸν
2852 571 3218 643 κεκρατῆσθαι
3251 572 3482 641 θανάτῳ.
3559 573 3694 625 Ἀλλ’
3729 574 3830 626 οὐκ

2261 666 2365 717 ἀπέ
2375 681 2553 733 μεινεν
2582 665 2610 716 ὁ
2637 665 2693 715 ἐν
2722 665 2931 732 νεκροῖς
2959 662 3238 733 ἐλεύθερος
3257 681 3272 695 ο
3306 663 3506 732 ἀνέστη
3535 662 3592 715 δὲ
3629 664 3832 735 μᾶλλον

2262 759 2571 830 τριήμερος.
2604 756 2693 808 Διὸ
2722 757 2813 809 καὶ
2847 755 3223 826 ὲπισφραγίζει
3245 758 3272 810 ό
3305 755 3514 824 ψαλμὸς
3543 755 3605 808 τό
3625 771 3638 785 ⁸

2334 1029 2675 1098 Εὐλογητὸς
2702 1031 2912 1097 Κύριος
2943 1032 3030 1095 εἰς
3068 1029 3172 1082 τὸν
3200 1031 3384 1082 αἰῶνα
3403 1070 3417 1096 ,
3445 1030 3706 1100 γένοιτο,
3735 1033 3835 1102 τέ-

2262 1138 2446 1176 νοίτο.
2497 1121 2582 1183 Ὠς
2607 1118 2932 1184 ἀναστάντος
2961 1120 3060 1190 ἤδη
3097 1121 3260 1172 αὑτοῦ
3291 1121 3383 1174 καὶ
3411 1121 3723 1188 ἀνελθόντος
3759 1127 3839 1187 εἰς

2260 1213 2386 1275 τοὺς
2424 1212 2702 1282 οὐρανοὺς,
2751 1212 2842 1264 καὶ
2870 1211 3285 1281 εὐλογουμένου,
3322 1214 3440 1283 ἦτοι
3486 1213 3842 1284 ἐξομολογου-

2265 1304 2426 1374 μένου
2461 1304 2540 1364 είς
2568 1303 2692 1364 τοὺς
2722 1301 2924 1361 αἰῶνας
2959 1302 3095 1371 μετὰ
3122 1302 3216 1354 τοῦ
3247 1303 3376 1356 ἰδίου
3406 1305 3639 1376 Πατρός.

2299 1391 2613 1461 Προσευχὴ
2645 1391 2940 1456 Μωϋσέως
2965 1391 3275 1460 ἀνθρώπου
3309 1394 3414 1448 τοῦ
3449 1396 3615 1450 Θεοῦ.
3655 1399 3801 1450 ΠΘ’.

2890 1484 2904 1503 '
2919 1486 3223 1552 Υπόθεσις.

2265 1575 2512 1646 Ταύτην,
2542 1577 2704 1645 φησὶ,
2734 1575 2831 1646 τὴν
2865 1576 3169 1648 προσευχὴν
3202 1578 3259 1628 ὲν
3285 1577 3617 1649 ἀπορρήτοις
3645 1578 3847 1646 ἀναγε-

2337 1665 2581 1738 γραφότα
2609 1665 2699 1718 τὸν
2727 1665 2929 1719 Μωσέα
2974 1664 3337 1736 παραδοῦναι·
3383 1669 3530 1730 ὅπως
3570 1667 3636 1720 ἂν
3666 1667 3849 1738 ἔχοιεν

2337 1759 2386 1810 oi
2417 1757 2558 1810 κατὰ
2589 1758 2812 1828 καιροὺς
2838 1756 3034 1808 εἰδέναι
3053 1796 3068 1820 ,
3105 1756 3221 1819 πῶς
3247 1757 3326 1810 δεῖ
3353 1757 3550 1821 αὐτοὺς
3591 1758 3848 1829 ἐξομολο-

677 1868 855 1936 lapsos
882 1865 934 1918 in
968 1863 1324 1923 calamitates,
1353 1875 1473 1930 quae
1501 1859 1631 1929 ipsis
1662 1858 1715 1912 in
1739 1857 1997 1912 extremis
2034 1867 2166 1910 tem-
2197 1850 2200 1903 Σ

2331 1848 2543 1919 γεῖσθαι
2573 1847 2960 1920 περιπεσόντας
2992 1851 3110 1910 ταῖς
3142 1852 3445 1921 συμφοραῖς
3465 1890 3479 1914 ,
3525 1851 3581 1902 αἳ
3611 1851 3842 1919 γεγόνα-

679 1955 902 2026 poribus
952 1951 1301 2014 acciderunt,
1349 1958 1633 2020 postquam
1679 1948 1910 2003 Domino
1953 1947 2170 2002 inobse-

674 2054 906 2117 quentes
940 2043 1158 2099 l‘uerunt
1184 2044 1445 2112 illumque
1488 2041 1821 2096 occiderunt.
1874 2038 1944 2094 Ut
1976 2054 2044 2094 ne
2068 2055 2168 2094 au-

679 2151 786 2197 tete
815 2156 907 2211 per
941 2139 1200 2208 temporis
1229 2137 1641 2192 diuturnitatem
1689 2134 1949 2189 oblivioni
1988 2133 2169 2188 trade-

679 2243 851 2296 retur,
883 2229 1115 2286 Psalmis
1145 2230 1347 2284 iuscrta
1381 2227 1509 2291 fuit,
1539 2225 1728 2295 etjure
1755 2234 1877 2295 post
1900 2224 2169 2293 psalmum

679 2323 1070 2393 octogesimum
1099 2330 1348 2375 octavum
1378 2320 1472 2390 qui
1502 2318 1808 2388 passionem
1848 2315 2063 2370 Domini
2098 2311 2173 2368 Si-

682 2414 923 2485 gnificat.

684 2507 942 2569 Domine,
991 2503 1249 2572 refugium
1295 2501 1467 2570 [actus
1522 2515 1574 2551 es
1643 2498 1825 2561 nobis,
1873 2514 1905 2550 a
1962 2513 2174 2566 genera-

615 2600 751 2652 tiOue
779 2598 833 2650 in
863 2594 1265 2664 generationem.
1315 2589 1709 2659 hnploraturus
1739 2588 1830 2643 Dei
1864 2589 2175 2643 misericor-

616 2688 759 2742 diam
782 2727 796 2750 ,
833 2685 955 2754 jure
982 2682 1308 2753 prommium
1332 2681 1482 2735 ducit
1507 2695 1534 2733 a
1580 2680 1859 2734 beneﬁciis
1889 2680 2002 2750 jam
2034 2694 2175 2748 sa'pe

616 2778 717 2833 sibi
749 2777 977 2832 collatis.
1013 2773 1144 2841 Qua:
1173 2783 1352 2828 autem
1377 2772 1638 2827 beneﬁcia
1669 2775 2017 2842 generatione
2046 2789 2177 2828 con-

618 2870 829 2932 tulerit,
883 2869 1161 2923 advertere
1199 2868 1324 2922 licet
1365 2882 1429 2921 cx
1470 2867 1537 2920 iis
1565 2881 1685 2935 quae
1726 2865 1828 2918 sub
1868 2864 2173 2930 Pharaone,

616 2975 736 3031 quia:
774 2960 876 3014 sub
908 2957 1034 3013 Jesu
1059 2998 1074 3025 ,
1120 2967 1172 3011 et
1193 2971 1258 3010 cx
1291 2956 1359 3011 iis
1383 2971 1503 3026 quae
1537 2957 1592 3010 in
1622 2955 1898 3027 Babylone
1930 2959 2175 3029 contige-

618 3063 762 3105 ruunt.

686 3141 739 3195 ‘2.
778 3139 1090 3207 Priusquam
1115 3147 1312 3192 montes
1343 3138 1546 3206 ﬁerent,
1588 3147 1635 3191 et
1661 3138 1980 3206 {armaretur
2011 3149 2171 3193 terra.

2343 1959 2424 1993 σιν
2453 1941 2631 2003 αὐτοῖς
2661 1941 2746 1992 ἐπ’
2775 1938 3018 2010 ἐσχάτων
3048 1938 3155 1991 τῶν
3188 1939 3393 2010 χρόνων
3424 1940 3561 2010 μετὰ
3584 1940 3681 2012 τὴν
3703 1943 3853 1996 κατὰ

2338 2033 2431 2086 τοῦ
2455 2034 2657 2105 Κυρίου
2680 2032 2963 2087 ἀπείθειαν
2984 2049 3042 2085 τε
3067 2032 3160 2085 καὶ
3188 2032 3495 2101 μιαιφονίαν
3521 2034 3847 2105 γενομένην.

2337 2125 2524 2188 Ὅπως
2549 2125 2604 2177 δὲ
2627 2127 2700 2195 μὴ
2730 2125 2866 2197 λήθῃ
2890 2124 3167 2196 παραδοθῇ
3198 2125 3277 2196 τῷ
3302 2126 3498 2197 χρόνῳ,
3522 2127 3850 2184 ὲντέτακται

2343 2221 2400 2271 ὲν
2424 2220 2535 2280 τοῖς
2566 2219 2810 2286 Ψαλμοῖς
2829 2235 2842 2249 ο
2871 2218 2965 2269 καὶ
2995 2219 3218 2280 είκότως
3242 2219 3381 2286 μετὰ
3402 2220 3492 2274 τὸν
3518 2227 3631 2292 πη’,
3660 2222 3719 2287 ὃς
3751 2225 3856 2278 καὶ

2344 2307 2403 2362 τὸ
2434 2308 2601 2372 πάθος
2628 2307 2721 2361 τοῦ
2749 2308 2952 2380 Κυρίου
2982 2309 3399 2379 κατασημαίνει.

2345 2483 2551 2549 Κύριε,
2592 2477 2904 2548 καταφυγὴ
2943 2477 3234 2546 ἐγενήθης
3261 2477 3494 2548 ἡμῖν-ὲν
3530 2477 3705 2548 γενεᾷ
3749 2481 3854 2533 καὶ

2272 2569 2465 2641 γενεᾷ.
2491 2570 2713 2625 Μέλλων
2734 2567 3108 2622 ἐπικαλεῖσθαι
3128 2568 3217 2620 τὸν
3240 2569 3369 2621 Θεὸν
3397 2571 3476 2631 είς
3508 2568 3681 2633 ἔλεον,
3713 2570 3857 2622 εἰκό-

2274 2681 2380 2726 τως
2412 2661 2470 2726 ὲξ
2505 2656 2576 2716 ὧν
2608 2661 2707 2732 ἤδη
2741 2659 2998 2721 πολλάκις
3033 2659 3367 2729 εὐηργέτησε
3401 2661 3542 2711 ποιεῖ
3577 2660 3637 2711 τὸ
3668 2659 3857 2728 προοί-

2278 2771 2416 2824 μιον.
2451 2752 2572 2815 Πῶς
2601 2751 2659 2804 δὲ
2688 2749 2828 2804 κατὰ
2853 2750 3045 2819 γενεάν
3083 2749 3437 2822 εὐηργέτησε,
3465 2748 3621 2802 τοῦτο
3646 2749 3743 2802 ἴδοι
3767 2768 3856 2812 τις

2275 2844 2354 2906 εἴς
2383 2861 2440 2895 τε
2466 2843 2532 2896 τὰ
2565 2841 2657 2895 ἐπὶ
2684 2840 2775 2895 τοῦ
2812 2838 3009 2911 Φαραὼ
3040 2840 3349 2910 ἀποϐλέψας
3418 2841 3497 2903 εἴς
3543 2856 3600 2893 τε
3642 2838 3713 2892 τὰ
3761 2841 3858 2893 ἐπὶ

2288 2935 2482 3005 Ἰησοῦ,
2511 2935 2589 2998 εἷς
2614 2951 2672 2986 τε
2701 2933 2770 2986 τὰ
2801 2933 2891 2986 ὲπὶ
2922 2931 3254 2995 Βαϐυλῶνος.

2348 3132 2467 3200 Πρὸ
2514 3131 2618 3186 τοῦ
2664 3132 2768 3200 ὅρη
2807 3129 3163 3200 γενηθῆναι,
3205 3129 3304 3182 καί
3350 3131 3696 3199 πλασθῆναι
3738 3133 3861 3202 τὴν

615 3234 753 3301 Quia
777 3248 994 3288 carnem
1024 3230 1236 3284 Domini
1282 3237 1584 3298 spectantes
1604 3268 1620 3293 ,
1656 3244 1866 3282 merum
1895 3229 2169 3284 hominem

2281 3226 2410 3294 γῆν.
2483 3225 2698 3295 Ἐπειδὴ
2747 3226 2824 3288 είς
2862 3225 2959 3295 τὴν
2993 3224 3171 3294 σάρκα
3217 3224 3451 3294 ὁρῶντες
3480 3224 3574 3278 τοῦ
3619 3227 3857 3297 Κυρίου,

617 3342 737 3381 esse
761 3325 1038 3395 putabant,
1068 3321 1451 3390 dicebantque:
1492 3318 1729 3389 Triginta
1758 3337 1922 3373 annos
1945 3322 2173 3374 nondum

621 3415 773 3469 habes
813 3423 861 3468 et
895 3412 1158 3466 Abraham
1192 3411 1426 3465 vidisti"
1453 3411 1476 3464 ’ί
1514 3409 1579 3464 Et
1607 3411 1711 3466 hoc
1741 3413 1976 3467 maxime
2001 3415 2174 3468 ruina:

621 3520 782 3561 causa
815 3502 915 3558 fuit
940 3504 1062 3564 illis,
1095 3504 1242 3572 quod
1266 3504 1578 3572 ignorarent
1605 3503 1884 3558 deitatem.
1927 3503 2176 3575 Quapro-

621 3607 739 3669 pter
781 3598 888 3668 jam
921 3596 1239 3652 conﬁtentes
1269 3596 1456 3650 dicunt
1492 3610 1616 3650 eum
1645 3605 1769 3649 ante
1809 3597 1990 3650 omnia
2022 3597 2178 3666 opiﬁ-

623 3692 705 3746 cia
724 3689 869 3745 Patri
898 3689 1244 3746 coexsistere.

690 3871 743 3922 5.
781 3867 862 3921 Ne
889 3876 1093 3920 avertas
1133 3866 1390 3919 hominem
1419 3867 1471 3919 in
1500 3865 1871 3919 humilitatem.
1925 3866 2005 3926 Ab
2056 3866 2182 3920 hinc

627 3953 986 4010 confessionis
1029 3955 1312 4009 exordium
1357 3955 1595 4011 ducitur.
1657 3954 1830 4026 Rogat
1883 3965 2064 4010 autem
2123 3964 2182 4008 ut

627 4045 844 4116 quando
886 4055 1068 4116 gentes
1099 4060 1287 4100 omnes
1316 4046 1381 4100 ad
1421 4047 1778 4118 cognitionem
1812 4047 2053 4100 veritatis
2085 4062 2182 4101 vo-

627 4139 787 4202 cavit,
823 4138 936 4208 ipse
961 4153 1176 4208 quoque
1208 4147 1571 4192 convertatur.
1609 4136 1688 4190 Tu
1728 4137 1949 4200 dixisti,
1979 4138 2177 4208 inquit,

628 4230 851 4285 Domine
881 4248 894 4284 :
927 4228 1317 4292 Convertimini,
1351 4228 1450 4294 ﬁlii
1480 4238 1824 4282 convertentes
1847 4270 1862 4296 ,
1901 4238 1950 4283 et
1978 4230 2178 4283 sonabo

627 4323 962 4376 contritiones
992 4330 1189 4374 vestras
1214 4320 1276 4373 ⁸⁸.
1313 4318 1450 4385 Quia
1483 4320 1644 4390 igitur
1682 4321 1932 4376 conversi
1970 4336 2179 4386 sumus,

629 4431 696 4470 ne
715 4423 998 4470 convertas
1023 4428 1123 4467 nos
1154 4413 1207 4467 in
1243 4413 1600 4469 humilitatem
1633 4429 1726 4468 seu
1753 4413 2129 4484 abjectionem.

695 4507 750 4562 4.
783 4506 1045 4573 Quoniam
1077 4505 1218 4559 mille
1245 4508 1368 4560 anni
1391 4517 1512 4560 ante
1541 4506 1718 4560 oculos
1752 4517 1868 4562 tuos
1891 4546 1905 4572 ,
1937 4505 2178 4569 Domine,

628 4609 732 4654 etc.
760 4598 996 4669 Tempus
1018 4598 1205 4669 legalis
1237 4598 1416 4653 cultus
1448 4598 1688 4660 indicat,
1721 4613 1817 4666 per
1855 4598 2014 4668 cujus
2055 4613 2181 4667 spa-

635 4693 765 4744 tium
801 4691 1050 4746 absoluto
1072 4690 1308 4745 maxime
1341 4691 1539 4758 templo
1573 4688 1774 4744 ﬂoruit.
1812 4690 1856 4742 Α
1879 4689 2184 4744 Salomonis

630 4784 774 4837 ettiin
804 4782 897 4851 qui
927 4783 1144 4837 domum
1176 4781 1428 4837 excitavit
1461 4791 1702 4850 tempore
1731 4780 1796 4833 ad
1829 4796 2000 4851 usque
2039 4779 2187 4834 obsi—

632 4875 882 4939 dionem,
927 4889 1047 4943 qua:
1095 4883 1214 4942 post
1257 4872 1614 4928 venerabilem
1661 4886 1876 4924 crucem
1936 4870 2183 4940 contigit,

633 4973 1016 5037 computantur
1061 4967 1187 5020 anni
1234 4966 1398 5021 mille.
1463 4966 1568 5020 Sed
1599 4963 1724 5028 isti,
1775 4963 1981 5031 inquit,
2039 4963 2186 5017 mille

635 5061 785 5122 anni,
817 5069 876 5114 ut
900 5076 1004 5114 una
1037 5060 1153 5114 dies
1181 5058 1234 5111 in
1259 5065 1549 5128 conspectu
1600 5064 1694 5110 tuo
1727 5055 2033 5124 computari
2061 5069 2188 5124 pos-

635 5161 796 5213 sunt,
855 5151 964 5204 imo
1010 5164 1139 5204 vero
1182 5148 1392 5202 modica
1422 5147 1528 5202 diei
1562 5161 1709 5216 pars.
1771 5143 1963 5198 Merito
2007 5155 2188 5199 autem

635 5243 779 5297 nocti
820 5249 1124 5310 comparat,
1167 5251 1376 5310 tempus
1410 5239 1716 5308 pra-cedens
1755 5234 2051 5290 Salvatoris
2095 5236 2190 5289 ad-

636 5343 878 5397 ventum,
900 5333 1115 5401 coquod
1152 5333 1203 5386 in
1230 5332 1465 5388 tenebris
1490 5342 1543 5386 et
1574 5331 1624 5384 in
1658 5327 1976 5384 confusione
2001 5343 2191 5383 omnes

638 5425 884 5479 hinnitu-3
915 5433 1117 5488 essent,
1145 5426 1270 5492 quia
1297 5425 1535 5480 nondum
1567 5424 1698 5492 ipsis
1719 5432 1945 5477 exortus
1967 5432 2080 5476 erat
2107 5423 2188 5476 sol

629 5515 871 5585 justitiae.

706 5779 749 5812 ⁸⁷
793 5779 923 5833 Luc.
960 5794 1077 5845 \‘lll,
1112 5779 1198 5836 57.
1268 5780 1314 5812 ⁸⁸
1345 5779 1540 5836 Jercm.
1571 5794 1651 5846 ιιι,
1681 5781 1765 5835 Η.

2273 3321 2425 3390 ψιλὸν
2457 3319 2737 3389 ἄνθρωπον
2769 3317 3016 3386 ἐνόμιζον
3053 3315 3300 3384 λέγοντες
3325 3331 3338 3344 ’
3379 3317 3552 3368 Οὔπω
3577 3333 3855 3384 τριακον-

2276 3405 2486 3474 τιιετὴς
2515 3405 2785 3475 γέγονας,
2813 3403 2912 3456 καί
2951 3403 3205 3471 Ἀϐραὰμ
3231 3402 3531 3471 ἐώρακας;
3564 3406 3675 3458 Καὶ
3700 3407 3859 3460 τοῦτο

2277 3499 2459 3560 αὐτοῖς
2490 3496 2722 3568 μάλιστα
2762 3495 2932 3548 αἴτιον
2983 3495 3081 3566 τῆς
3135 3493 3457 3558 ἐκπτώσεως
3512 3496 3700 3564 γέγονε
3727 3537 3744 3562 ,
3796 3500 3860 3551 τὸ

2279 3591 2491 3658 ἀγνοεῖν
2520 3588 2616 3659 τὴν
2639 3587 2884 3659 θεότητα.
2917 3586 3016 3640 Διὰ
3048 3586 3204 3640 τοῦτο
3235 3586 3329 3640 νῦν
3353 3586 3856 3660 ἐξομολογούμενοι,

2281 3681 2463 3751 σαφῶς
2495 3681 2657 3735 αὑτὸν
2688 3676 2828 3734 εἶναι
2876 3680 3089 3748 λέγουσι
3138 3679 3228 3733 τὸν
3278 3678 3383 3751 πρὸ
3411 3679 3593 3749 πάσης
3622 3681 3858 3745 κτίσεως

2283 3775 2507 3827 συνόντα
2538 3773 2615 3841 τῷ
2655 3772 2850 3844 Πατρί.

2348 3865 2446 3932 Μὴ
2521 3862 2909 3930 ἀποστρέψῃς
2971 3860 3282 3930 ἄνθρωπον
3339 3863 3424 3926 εὶς
3475 3861 3860 3916 ταπείνωσιν.

2294 3956 2566 4011 Ἐντεῦθεν
2599 3958 2632 4026 ἡ
2667 3953 3070 4024 ἐξομολόγησις.
3134 3953 3300 4018 ’Λξιοῖ
3326 3953 3382 4006 δὲ
3431 3953 3523 4022 ἀφ’
3554 3946 3630 4006 ὧν
3677 3954 3862 4009 πάντα

2281 4047 2347 4100 τὰ
2379 4047 2504 4116 ἔθνη
2539 4048 2618 4110 είς
2651 4045 2945 4113 ἐπίγνωσιν
2975 4043 3232 4114 ἀληθείας
3262 4044 3486 4097 ἐκάλεσε
3505 4084 3520 4108 ,
3571 4045 3666 4098 καὶ
3695 4048 3861 4109 αὐτὸς

2282 4139 2700 4210 ἐπιστραφῆναι.
2738 4137 2810 4189 Σὺ
2846 4132 3023 4198 εἶπας,
3062 4134 3228 4206 φησὶν
3249 4174 3264 4200 ,
3295 4129 3339 4188 ὦ
3365 4135 3608 4187 Δέσποτα
3629 4151 3642 4165 ·
3707 4136 3863 4188 Ἐπι-

2281 4228 2596 4298 στρέψατε,
2621 4228 2736 4282 υἱοί
2754 4225 3233 4295 ἐπιστρέφοντες,
3252 4225 3349 4278 καὶ
3369 4224 3608 4295 ίὰσομαι
3629 4227 3698 4280 τὰ
3719 4246 3863 4282 συθ-ο

2282 4322 2569 4392 τρίμματα
2598 4321 2779 4390 ὑμῶν.
2841 4320 3054 4389 Ἐπειδὴ
3086 4319 3265 4371 τοίνυν
3299 4318 3712 4391 ὲπεστρέψαμεν
3733 4360 3747 4384 ,
3784 4323 3860 4392 μὴ

2284 4412 2626 4484 ἀποστρέψῃς
2656 4414 2799 4484 ἡμᾶς
2828 4414 2907 4475 είς
2934 4411 3279 4464 ταπείνωσιν.

2361 4506 2488 4558 Ὅτι
2514 4507 2679 4574 χίλια
2705 4505 2807 4572 ἐτη
2837 4505 2907 4557 ἐν
2930 4501 3256 4571 ὀφθαλμοῖς
3287 4518 3403 4556 σου
3423 4543 3436 4564 ,
3477 4504 3674 4570 Κύριε.
3758 4503 3861 4555 Τὸν

2290 4595 2479 4666 καιρὸν
2508 4596 2604 4665 τῆς
2629 4597 2686 4647 ὲν
2716 4594 2863 4664 νόμῳ
2891 4593 3140 4665 λατρείας
3174 4594 3306 4663 φησὶ
3328 4631 3343 4655 ,
3387 4592 3506 4647 καθ’
3532 4593 3590 4646 ὃν
3627 4593 3863 4663 μάλιστα

2290 4686 2718 4749 ἐπιτελεσθέντος
2764 4684 2858 4738 τοῦ
2893 4685 3034 4739 θείου
3083 4685 3210 4738 ναοῦ
3253 4684 3505 4758 ἡνθησεν,
3583 4685 3715 4736 Ἀπὸ
3753 4684 3863 4754 γὰρ

2291 4777 2632 4847 Σολομῶντος
2661 4775 2752 4829 τοῦ
2781 4777 2869 4829 τὸν
2894 4773 3040 4830 οἷκον
3081 4778 3389 4847 ἐγείραντος
3425 4777 3587 4846 μέχρι
3615 4775 3717 4846 τῆς
3765 4793 3862 4828 πο-

2291 4870 2534 4942 λιορκίας
2561 4871 2656 4940 τῆς
2693 4871 2832 4938 μετὰ
2859 4871 2952 4923 τὸν
2982 4870 3160 4940 τίμιον
3191 4870 3488 4939 γενομένης
3519 4870 3751 4940 σταυρὸν
3783 4871 3863 4931 εἰς

2289 4961 2446 5014 τοῦτο
2479 4962 2736 5014 συντείνει
2765 4962 2858 5034 ἔτη
2888 4963 3048 5034 χίλια.
3089 4963 3243 5015 Ἀλλὰ
3269 4961 3460 5025 ταῦτα,
3497 4962 3649 5033 φησὶ,
3685 4962 3754 5014 τὰ
3783 4961 3864 5030 χί-

2293 5055 2380 5106 λια
2427 5054 2520 5123 ἔτη
2563 5055 2656 5123 μία
2687 5055 2864 5125 ἡμέρα
2899 5055 3167 5124 λογισθείη
3204 5053 3430 5106 ἐνώπιόν
3477 5070 3569 5106 σου
3595 5067 3610 5084 ·
3663 5052 3863 5123 μᾶλλον

2298 5148 2394 5217 μὲν
2442 5143 2536 5200 οῦν
2573 5148 2763 5216 μικρὸν
2815 5146 3023 5218 ἡμέρας
3077 5148 3279 5218 μόριον.
3340 5146 3576 5208 Εἰκότως
3618 5144 3675 5195 δὲ
3709 5145 3864 5196 νυκτὶ

2297 5238 2616 5308 παρεικάζει
2643 5240 2729 5291 τὸν
2754 5240 2858 5310 πρὸ
2878 5239 2975 5309 τῆς
3005 5238 3294 5308 ἐπιδημίας
3332 5237 3425 5291 τοῦ
3461 5236 3708 5306 Σωτῆρος
3745 5255 3864 5289 και-

2301 5331 2420 5400 ρόνσ
2449 5329 2540 5383 ἅτε
2570 5328 2642 5392 ὡς
2670 5333 2726 5382 ἐν
2777 5331 2952 5402 ἁωρίᾳ
2985 5331 3076 5383 καὶ
3109 5331 3362 5401 συγχύσει
3397 5330 3610 5383 πάντων
3641 5327 3859 5398 ἀνθρώ-

2296 5441 2413 5474 πων
2437 5423 2603 5475 όντων
2623 5462 2636 5486 ,
2668 5423 2754 5476 διὰ
2785 5423 2846 5476 τὸ
2878 5426 3039 5496 μήπω
3067 5425 3246 5488 αὐτοῖς
3285 5421 3558 5478 ἀνατεῖλαι
3585 5421 3677 5476 τὸν
3714 5420 3862 5490 ἥλιον

2295 5515 2390 5586 τῆς
2416 5515 2776 5588 δικαιοσύνης.
