4070 6458
605 399 709 455 399

1463 382 1518 435 S.
1564 374 1933 433 ATHANASH
1971 372 2122 426 OPP.
2164 368 2342 424 PARS
2385 368 2472 420 l-ll.
2515 362 3019 417 -1ἰΧΕϐΕΤ1(ἶΔ.

3760 352 3868 411 400

605 507 972 582 superveniat,
1009 503 1100 556 ait.
1127 497 1409 554 Postulant
1441 507 1620 549 autem
1657 491 2057 559 eorrcptionem
2088 500 2177 538 ac-
2209 489 2233 544 Α

2306 501 2382 545 τοι,
2411 483 2562 553 φησί.
2596 481 2812 534 Λίτοῦσι
2839 479 2895 532 δὲ
2922 482 3020 548 τῆς
3051 477 3137 531 διὰ
3158 475 3391 547 Χριστὸν
3419 474 3665 538 παιδείας
3698 491 3871 544 μετα-

605 608 785 673 ciperc
812 614 906 669 per
931 594 1229 655 Christum,
1267 590 1357 660 qui
1393 596 1478 643 est
1503 589 1722 641 (textura
1756 583 1959 645 l’atris,
1993 595 2182 651 qnam-

606 701 793 753 obrem
826 694 900 747 ait
929 712 943 746 :

684 792 767 855 l2,
802 790 887 844 l5.
931 787 1214 840 Dexteram
1272 788 1418 832 tuam
1473 778 1547 829 sic
1595 785 1772 828 notam
1825 773 1932 842 fac,
1979 781 2082 825 etc.
2123 768 2178 822 In

607 886 882 943 communi
914 881 1151 952 positum
1185 885 1269 930 cst
1308 873 1457 933 illud,
1496 881 1673 923 notam
1708 868 1813 936 fac,
1851 867 1924 919 ita
1964 873 2022 919 ut
2054 878 2181 917 scn-

610 993 704 1031 sus
731 975 799 1029 sit
833 992 848 1028 :
880 969 1071 1025 Notam
1115 966 1201 1020 fac
1243 964 1402 1018 nobis
1450 963 1729 1016 dexteram
1780 967 1950 1019 luant,
1985 956 2036 1010 id
2077 965 2180 1015 est,

610 1068 920 1129 Christum;
954 1070 1109 1116 notos
1139 1058 1224 1112 l'ac
1251 1055 1404 1109 nobis
1432 1069 1526 1109 eos
1556 1051 1648 1120 qui
1683 1051 1736 1103 in
1763 1048 1925 1103 corde
1963 1045 2182 1114 sapien-

611 1163 740 1214 tiam
789 1158 1030 1212 habent:
1063 1152 1137 1207 illi
1173 1158 1354 1204 autem
1406 1160 1528 1200 esse
1573 1143 1826 1197 videntur
1859 1138 2089 1209 apostoli
2131 1146 2184 1191 ct

610 1249 971 1321 evangelistzc,
1003 1259 1234 1316 quorum
1260 1254 1423 1311 Opera
1456 1234 1832 1292 conversionis
1859 1232 2049 1286 modos
2070 1229 2185 1284 edi-

610 1343 863 1398 dicimus.

681 1435 767 1499 Η,
801 1433 886 1487 15.
931 1430 1130 1501 Repleti
1157 1443 1338 1482 sumus
1363 1441 1511 1478 mane
1535 1422 1900 1477 misericordia
1926 1430 2034 1474 tua.
2059 1419 2185 1474 Haec

611 1529 762 1582 aiunt
790 1525 946 1596 quasi
971 1524 1080 1593 jam
1112 1520 1377 1576 orationis
1420 1518 1582 1572 linem
1618 1526 1671 1570 et
1719 1529 1942 1584 scopum
1973 1515 2188 1567 invene—

614 1624 740 1675 rint.
774 1620 991 1675 Orietur
1037 1629 1274 1683 namque
1320 1613 1427 1666 illis
1463 1609 1557 1664 Sol
1587 1608 1812 1679 justitim
1840 1609 1894 1661 in
1930 1622 2189 1662 consum-

615 1712 852 1766 matione
889 1708 1072 1763 saeculi
1102 1707 1285 1775 hujus.

685 1804 772 1858 l6.
815 1801 1029 1869 Respice
1059 1801 1112 1853 in
1144 1814 1316 1853 servos
1352 1809 1490 1862 tuos,
1522 1805 1569 1848 et
1610 1796 1663 1847 in
1693 1810 1850 1862 opera
1879 1803 1992 1845 tua.
2027 1792 2183 1854 Illud,

2286 576 2468 628 λαϐεῖν
2489 615 2502 637 ,
2539 576 2595 637 ὃς
2629 576 2742 624 ἐστι
2777 570 2926 636 δεξιά
2953 570 3045 622 τοῦ
3077 568 3287 640 Πατρός
3307 585 3319 597 ·
3348 567 3427 620 διό
3461 582 3622 636 φησι’

2364 755 2480 822 Thr
2513 753 2716 817 δεξιάν
2745 768 2858 807 σου
2891 753 3078 816 οὕτως
3104 749 3396 820 γνώρισον
3416 765 3534 818 μοι.
3592 749 3726 800 ’Λπο
3753 764 3873 800 κοι-

2290 846 2380 899 νοῦ
2410 847 2489 909 τὸ,
2520 843 2832 915 γνώρισον,
2859 843 2945 896 ἵνα
3023 859 3036 872 ·
3071 842 3179 901 Καὶ
3207 840 3473 910 γνώρισον
3506 840 3636 909 ἡμῖν
3663 837 3876 908 τὴνδε-

2292 938 2408 1003 ξιάν
2443 954 2535 989 σου
2561 976 2575 1000 ,
2606 935 2850 988 τουτέστι
2876 933 3110 1005 Χριστόν
3135 952 3146 963 ·
3199 931 3464 1001 γνώρισον
3495 931 3551 984 δὲ
3583 932 3718 1001 ἡμῖν
3747 930 3874 993 τοὺς

2290 1032 2354 1098 τῇ
2386 1027 2580 1098 καρδίᾳ
2599 1026 2695 1098 τὴν
2718 1027 2907 1095 σοφίαν
2931 1027 3150 1096 ἔχοντας
3168 1043 3182 1058 ·
3205 1018 3349 1077 οὗτοι
3371 1025 3414 1077 δ’
3438 1023 3502 1078 ἂν
3527 1019 3637 1076 εἷεν
3658 1025 3706 1077 οἱ
3728 1023 3875 1091 ἅγιοι

2291 1118 2572 1171 ἀπόστολοι
2599 1119 2693 1172 καὶ
2723 1117 3126 1186 εύαγγελισταὶ,
3159 1117 3224 1169 δι’
3255 1109 3329 1170 ὧν
3353 1118 3444 1169 καὶ
3471 1115 3754 1187 ἐμάθομεν
3775 1114 3877 1185 τῆς

2293 1210 2624 1281 ἐπιστροφῆς
2660 1212 2785 1274 τοὺς
2815 1210 3068 1280 τρόπους.

2376 1414 2867 1481 Ἐνεπλιξσθημεν
2904 1410 2969 1463 τὸ
3004 1411 3152 1477 πρωῒ
3191 1407 3297 1463 τοῦ
3327 1409 3538 1473 ἐλέους
3569 1423 3709 1462 σου.
3790 1408 3882 1470 Ὠς

2293 1507 2392 1577 ἤδη
2435 1507 2532 1576 τῆς
2566 1506 2728 1576 εὐχῆς
2779 1505 3028 1576 εὑρόντες
3066 1504 3126 1554 τὸ
3174 1502 3348 1569 πέρας
3371 1501 3437 1554 τά
3467 1500 3643 1554 τοιάδε
3689 1502 3878 1570 φασίν.

2307 1597 2578 1651 ’Λνατελεί
2598 1597 2706 1667 γάρ
2723 1597 2817 1648 καὶ
2847 1596 3029 1657 αὐτοῖς
3053 1595 3080 1645 ό
3098 1591 3284 1656 Ἥλιος
3295 1592 3393 1664 τῆς
3417 1590 3763 1661 δικαιοσύνης
3787 1591 3885 1644 ἐπὶ

2298 1688 2576 1760 συντελείᾳ
2601 1687 2696 1741 τοῦ
2730 1687 2925 1750 αἰῶνος
2961 1685 3177 1740 τούτου.

2365 1777 2474 1830 Καὶ
2510 1777 2598 1829 ἴδε
2624 1775 2723 1828 ἐπὶ
2763 1775 2902 1840 τοὺς
2924 1775 3183 1840 δούλους
3205 1789 3345 1840 σου,
3375 1775 3476 1827 καὶ
3510 1775 3607 1828 ἐπὶ
3639 1775 3712 1828 τὰ
3737 1775 3890 1843 ἔργα

615 1897 832 1966 respice,
875 1908 1067 1947 rursus
1110 1892 1347 1960 positum
1377 1904 1497 1958 pro,
1531 1887 1838 1955 respexisti,
1885 1885 1938 1939 id
1973 1897 2075 1947 est,
2110 1885 2190 1938 in-
2224 1853 2233 1912 1

2306 1881 2431 1921 σου.
2465 1866 2565 1930 Τὸ,
2595 1865 2716 1930 ἴδε,
2763 1865 2925 1918 πάλιν
2952 1865 3073 1920 ἀντὶ
3110 1864 3202 1918 τοῦ
3221 1905 3236 1929 ,
3276 1864 3379 1928 ἴδες
3399 1905 3412 1929 ,
3445 1866 3565 1934 ἦτοι
3593 1864 3887 1934 ἐπεσκέψω

616 1989 837 2058 spexisti
868 2001 1051 2041 servos
1084 1994 1204 2040 tuos
1237 1993 1291 2037 et
1316 1997 1477 2050 opera
1521 1995 1780 2034 manuum
1819 1990 2063 2036 tuarum.
2092 1977 2193 2033 Per

616 2097 778 2152 quam
809 2078 1192 2138 visitationem,
1217 2074 1559 2144 splendorem
1588 2088 1652 2126 ac
1682 2072 1864 2124 lumen
1893 2069 1986 2123 Dei
2019 2069 2194 2123 nostri

619 2176 883 2238 videntes,
912 2187 975 2227 ac
995 2169 1267 2234 conversi,
1293 2174 1498 2221 rectam
1535 2164 1679 2217 viam
1711 2161 2192 2224 incedamus,cum

618 2264 991 2321 conversionis
1020 2276 1186 2332 opera
1218 2257 1653 2329 impleverimus.

691 2445 775 2499 l7.
823 2440 890 2496 Et
923 2442 989 2494 sit
1021 2437 1263 2510 splendor
1304 2436 1513 2490 Domini
1543 2434 1639 2488 Dei
1669 2432 1838 2486 nostri
1880 2447 2035 2500 super
2081 2445 2194 2482 nos.

623 2539 728 2595 Nos
751 2536 1060 2608 splendidos
1100 2549 1164 2588 ac
1190 2533 1430 2586 illustres
1461 2527 1639 2584 ell‘ecit
1659 2527 1844 2579 lumen
1871 2521 2198 2595 cognitionis

625 2632 752 2697 Dei;
781 2641 837 2685 et
861 2627 1032 2682 Judaei
1060 2635 1181 2694 post
1206 2623 1438 2677 reditum
1479 2618 1761 2688 conspicui
1793 2617 1920 2672 item
1952 2616 2194 2671 fuerunt.

626 2723 692 2777 Et
720 2739 875 2792 opera
903 2735 1154 2773 manuum
1183 2724 1484 2770 nostrarum
1515 2713 1704 2782 dirige.
1751 2709 1927 2780 Opera
1959 2719 2086 2764 sunt
2119 2709 2198 2763 le-

626 2819 741 2883 gis';
780 2829 917 2884 opus
961 2821 1162 2874 autem,
1191 2818 1272 2863 est
1301 2806 1431 2860 illud
1457 2805 1602 2875 quod
1636 2805 1688 2858 in
1724 2818 1863 2857 nova
1895 2803 2010 2872 lege
2041 2801 2202 2869 perﬁ-

626 2909 783 2963 citur.
818 2905 954 2961 Nam
985 2907 1037 2958 in
1069 2901 1246 2958 Veteri
1284 2901 1420 2969 Lege
1441 2899 1592 2952 varia
1615 2907 1770 2952 erant
1799 2895 2063 2950 sacrilicia
2099 2913 2112 2951 :
2145 2895 2198 2948 in

629 3001 771 3054 Nova
811 3008 991 3052 autem
1043 2995 1193 3048 solus
1234 2991 1403 3045 Filius
1434 2989 1768 3042 immolatur.
1806 2987 1874 3041 Et
1911 3004 2038 3056 opus
2085 3005 2198 3040 ma-

628 3108 791 3146 nuum
839 3100 1140 3142 nostrarum
1187 3081 1376 3153 dirige.
1409 3082 1584 3152 Opera
1633 3097 1893 3137 manuum
1925 3091 2054 3136 sunt
2086 3082 2198 3135 sin-

631 3185 766 3255 gula:
795 3183 1035 3238 actiones
1066 3200 1078 3235 :
1121 3194 1259 3248 opus
1285 3193 1567 3241 manuum,
1603 3183 1687 3231 est
1721 3176 1960 3246 cognitio
1983 3189 2103 3245 quae
2133 3188 2196 3226 ex
2227 3209 2233 3248 ε

2309 3152 2407 3222 μὲν
2457 3151 2656 3221 χειρῶν
2685 3153 2831 3204 ἐστιν
2873 3153 2904 3221 ἡ
2941 3150 3063 3203 καθ’
3095 3151 3333 3219 ἑκάστην
3361 3147 3561 3219 πρᾶξις

631 3279 716 3333 his
737 3276 931 3330 evenit.

631 3366 772 3420 Laus
798 3364 990 3417 cantici
1016 3361 1205 3425 David,
1232 3371 1373 3413 caret
1399 3360 1736 3426 inscriptione
1758 3341 1898 3425 apud
1934 3356 2202 3411 Ilebra'os.

1364 3449 1481 3503 XC.

1216 3543 1616 3614 Argumentum.

637 3640 928 3710 Postquam
958 3638 1011 3692 in
1041 3635 1374 3706 octogesimo
1401 3649 1544 3688 nono
1573 3633 1782 3703 psalmo
1805 3630 2014 3686 Judaici
2041 3645 2210 3700 popu-

707 3731 743 3784 li
792 3729 1130 3785 eversionem
1175 3726 1512 3788 declaravit,
1561 3733 1952 3792 consequenter
2003 3722 2056 3775 in
2109 3723 2210 3775 hoc

707 3825 920 3895 psalmo
968 3832 1258 3890 personam
1299 3816 1507 3871 inducit
1534 3830 1726 3869 eorum
1771 3815 1865 3883 qui
1917 3831 2011 3884 per
2051 3814 2211 3868 Chri-

713 3924 858 3970 stum
907 3909 1268 3966 consummati
1305 3917 1451 3971 sunt,
1484 3916 1538 3961 ct
1584 3922 1678 3976 per
1728 3921 1854 3960 eum
1901 3907 2213 3974 Spirituales

711 4006 893 4058 hostes
935 4008 1212 4071 superant,
1249 3999 1590 4071 principatus
1623 3997 1869 4052 videlicet
1894 4007 1947 4051 et
1977 4007 2214 4066 potesta-

715 4107 815 4156 tes,
846 4103 900 4149 et
931 4103 1163 4147 rectores
1191 4091 1372 4146 mundi
1406 4091 1747 4145 tenebrarum
1788 4091 2003 4155 harum,
2035 4099 2087 4144 et
2113 4092 2216 4159 spi-

716 4187 930 4242 ritualia
962 4185 1233 4254 uequitim,
1261 4184 1549 4252 ipsumque
1593 4183 1858 4236 nefarium
1912 4182 2168 4236 Satanam
2198 4200 2211 4247 ;

715 4280 806 4347 qui
851 4277 1017 4332 variis
1052 4275 1227 4329 modis
1263 4275 1316 4327 in
1344 4273 1596 4343 praesenti
1643 4273 1854 4341 psalmo
1901 4273 2214 4343 signiliean-

721 4383 828 4425 tur.
860 4368 1045 4423 Timor
1091 4369 1295 4422 scilicet
1334 4376 1657 4427 nocturnus,
1694 4366 1888 4436 sagitta
1939 4367 2130 4418 volans
2163 4366 2214 4418 in

716 4465 822 4527 die,
855 4462 1127 4533 negotium
1160 4459 1543 4530 perambulatis
1590 4457 1644 4510 in
1694 4460 1952 4521 tenebris,
1986 4461 2141 4511 ruina
2164 4467 2218 4511 et

718 4555 1041 4610 daemonium
1080 4552 1456 4615 meridianum,
1491 4551 1635 4604 mille
1689 4559 1744 4603 et
1794 4552 1977 4604 decem
2025 4549 2214 4616 millia,
2250 4537 2294 4592 D

721 4649 889 4716 aspis,
934 4645 1240 4706 basiliscus,
1279 4644 1362 4698 leo
1400 4653 1452 4697 et
1496 4644 1681 4698 draco.
1728 4643 2001 4697 Adversus
2058 4643 2222 4697 hosce

724 4754 916 4794 omnes
947 4738 1150 4792 homini
1186 4736 1278 4790 Dei
1310 4736 1590 4789 victoriam
1618 4737 1862 4790 ascribit.

725 4920 776 4973 1.
821 4916 923 4982 Qui
958 4915 1161 4968 habitat
1209 4915 1260 4966 in
1304 4912 1568 4980 adjutorio
1611 4911 1889 4966 Altissimi.
1947 4911 2225 4980 Propheta-

658 5027 756 5066 cus
785 5011 1030 5078 spiritus,
1065 5007 1336 5060 hominem
1362 5005 1455 5074 qui
1501 5005 1761 5058 auxilium
1798 5012 1851 5057 et
1892 5018 2049 5071 opem
2082 5004 2222 5069 tulit,

659 5103 712 5156 id
760 5110 842 5155 est
877 5100 1177 5160 Christum,
1209 5096 1300 5167 qui
1336 5109 1418 5151 est
1449 5096 1610 5149 etiam
1641 5096 1972 5159 Altissimus,
2009 5096 2224 5148 beatum

660 5192 935 5262 praedicat.
970 5188 1254 5253 Quomodo
1285 5202 1392 5239 non
1440 5187 1629 5240 beatus
1655 5187 1769 5253 qui,
1808 5193 1865 5238 ut
1901 5185 2066 5240 Deum
2103 5187 2226 5240 coeli

662 5293 1022 5354 protectorem
1074 5280 1292 5334 haberet
1344 5278 1540 5346 dignus
1568 5277 1782 5331 habitus
1810 5278 1931 5330 est?
1962 5277 2028 5332 In
2050 5289 2228 5348 prote-

665 5371 831 5425 ctione
861 5370 952 5423 Dei
976 5367 1088 5422 caeli
1118 5366 1542 5419 commorabitur.
1571 5364 1675 5430 Qui
1710 5371 1892 5417 manet
1925 5364 1976 5416 in
2008 5364 2110 5418 hoc
2138 5366 2233 5417 ad-

662 5463 868 5534 iutorio
906 5460 1201 5530 protegitur
1229 5467 1282 5511 et
1309 5458 1631 5511 custoditur.

737 5555 794 5609 2.
839 5554 984 5606 Dicet
1028 5551 1247 5604 Domino
1279 5565 1296 5602 :
1326 5549 1603 5617 Susceptor
1647 5565 1789 5602 meus
1826 5565 1877 5601 es
1911 5558 1986 5601 tu.
2035 5547 2233 5618 Ecquis

671 5654 755 5699 est
779 5644 872 5714 qui
908 5643 1009 5695 hoc
1047 5639 1272 5693 Domino
1302 5639 1449 5701 dicit,
1485 5638 1585 5692 nisi
1610 5638 1777 5693 homo
1810 5638 1900 5709 qui
1934 5639 2152 5692 conlidit
2182 5638 2231 5689 in

670 5737 808 5806 ipso,
842 5745 894 5790 et
923 5734 1083 5790 saluti
1120 5733 1237 5803 ejus
1269 5731 1484 5784 innixus
1514 5732 1632 5786 est?

2290 1961 2418 2022 τοὺς
2452 1957 2670 2022 δούλους
2721 1975 2812 2010 σου
2849 1959 2942 2010 καὶ
2972 1959 3040 2010 τά
3077 1956 3212 2028 ἔργα
3257 1957 3367 2010 τῶν
3399 1956 3596 2028 χειρῶν
3627 1974 3746 2010 σου.
3805 1962 3886 2010 Δι’

2292 2046 2358 2123 ἦς
2389 2050 2695 2120 ἐπισκοπῆς
2728 2048 2825 2120 τὴν
2858 2049 3217 2118 λαμπρότητα
3255 2050 3350 2101 καὶ⁹
3389 2049 3451 2102 τὺ
3479 2048 3593 2119 φῶς
3617 2049 3712 2102 τοῦ
3743 2048 3888 2102 Θεοῦ

2292 2143 2450 2215 ἡμῶν
2478 2141 2813 2213 ἑωρακότες,
2844 2141 2938 2193 καλ⁵
2967 2140 3394 2211 ἐπιστρέψαντες
3419 2180 3432 2203 ,
3461 2140 3889 2211 κατευθυνθείη-

2297 2253 2395 2307 μεν
2424 2236 2507 2305 ἐφ’
2537 2229 2618 2298 οἷς
2647 2234 2747 2305 τὴν
2802 2234 2899 2304 τῆς
2928 2233 3263 2304 ἐπιστροφῆς
3293 2230 3491 2304 πρᾶξιν
3525 2233 3887 2305 ἀποπληροῦ-

2299 2345 2420 2397 μεν.

2373 2419 2483 2472 Καὶ
2524 2417 2678 2469 ἔστω
2701 2417 2739 2484 ’ἡ
2765 2417 3115 2485 ,λαμπρότης
3143 2415 3362 2483 Κυρίου
3391 2413 3498 2468 τοῦ
3537 2413 3685 2468 Θεοῦ
3717 2413 3894 2482 ἡμῶν

2416 2506 2591 2576 ἡμᾶς.
2636 2509 2746 2561 Καὶ
2774 2507 2922 2576 ἡμᾶς
2961 2505 3247 2576 λαμπροὺς
3281 2505 3372 2557 καὶ
3419 2506 3737 2576 περιφανεῖς
3781 2504 3894 2556 άπ-

2299 2603 2465 2674 ἐφηνε
2497 2603 2593 2672 τῆς
2619 2600 2947 2669 θεογνωσίας
2972 2598 3032 2651 τὸ
3063 2597 3196 2666 φῶς·
3225 2597 3319 2650 καὶ
3344 2597 3584 2650 Ἰουδαῖοι
3619 2595 3756 2666 μετὰ
3787 2595 3891 2665 τὴν

2300 2694 2555 2748 ἐπάνοδον
2595 2693 2945 2762 περίὸλεπτοι
2985 2690 3145 2743 πάλιν
3179 2690 3448 2758 ἐγένοντο.
3499 2687 3609 2741 Καὶ
3639 2687 3711 2740 τὰ
3744 2687 3894 2755 ἔργα

2301 2781 2420 2835 τῶν
2450 2780 2661 2851 χειρῶν
2692 2780 2862 2850 ἡμῶν
2889 2780 3279 2833 κατεύθιινον.
3340 2779 3518 2848 Ἔργα
3549 2776 3643 2829 τοῦ
3681 2777 3851 2847 νόμου
3876 2792 3887 2803 ⁸

2302 2873 2461 2946 ἔργον
2485 2875 2546 2926 τὸ
2575 2877 2630 2926 ὲν
2663 2877 2727 2944 τῇ
2762 2874 2876 2944 Νέᾳ
2909 2871 3230 2942 τελούμενον
3322 2871 3410 2925 Ἑν
3446 2874 3511 2942 τῇ
3539 2869 3648 2941 γὰρ
3677 2868 3898 2939 Παλάιᾷ

2302 2968 2550 3039 διάφοροι
2579 2968 2793 3020 θυσίαι·
2828 2968 2887 3019 ὲν
2918 2968 2974 3020 δὲ
3008 2971 3073 3037 τῇ
3110 2968 3224 3038 Νέᾳ
3253 2967 3412 3036 μόνος
3450 2971 3478 3019 ό
3522 2965 3651 3028 Υἱὸς
3676 2963 3894 3019 θύεται.

2304 3060 2412 3113 Καὶ
2441 3060 2505 3112 τὸ
2533 3060 2707 3128 ἔργον
2732 3058 2848 3112 τῶν
2869 3058 3082 3128 χειρῶν
3103 3057 3270 3126 ἡμῶν
3294 3058 3682 3110 κατεύθυνον.
3713 3057 3892 3125 Ἔργα

3582 3164 3595 3177 ·
3640 3146 3799 3218 ἔργον
3835 3146 3897 3198 δὲ

2306 3245 2527 3316 χειρῶν,
2559 3247 2620 3296 ὲκ
2651 3245 2856 3297 τούτων
2895 3243 3362 3314 ὲπισυμῦαίνουσα
3389 3241 3610 3310 γνῶσις.

2293 3333 2473 3399 Αἶνος
2498 3334 2657 3401 ᾠδῆς
2697 3334 2774 3399 τῷ
2806 3334 3015 3396 Δαυῒδ,
3051 3330 3454 3402 ἀνεπίγραφος
3489 3333 3626 3399 παρ’
3671 3330 3898 3399 Ἐϐραί-

2972 3441 3080 3488 οις.
3148 3427 3230 3489 ιιν.

2933 3515 2945 3530 ’
2958 3514 3268 3578 Υπὸθεσις.

2321 3607 2649 3671 ’Λκολούθως
2683 3606 2819 3677 μετὰ
2842 3606 2904 3659 τὺ
2937 3604 3174 3675 δηλῶσαι
3199 3602 3293 3656 τοῦ
3341 3601 3605 3655 Ἰουδαίων
3632 3600 3762 3654 λαοῦ
3791 3601 3901 3672 τὴν

2379 3700 2726 3771 ἀποστροφὴν
2763 3701 2816 3750 ὲν
2851 3696 2927 3766 τῷ
2968 3694 3314 3766 ὀγδοηκοστῷ
3349 3694 3554 3762 ὲννάτῳ
3576 3693 3798 3764 ψαλμῷ,
3837 3695 3896 3745 ἐν

2378 3791 2552 3860 τούτῳ
2605 3790 2682 3859 τῷ
2736 3787 2935 3858 ψαλμῷ
2987 3787 3048 3840 τὸ
3095 3786 3385 3856 πρόσωπον
3418 3787 3625 3853 εἰσάγει
3655 3786 3762 3838 τῶν
3804 3788 3901 3839 διὰ

2381 3882 2615 3956 Χριστοῦ
2640 3881 2846 3936 τελειου
2857 3881 3052 3951 μένων,
3080 3879 3172 3932 καὶ
3196 3878 3468 3932 νικώντων
3490 3879 3555 3931 δι’
3582 3877 3746 3932 αὐτοῦ
3767 3879 3900 3940 τοὺς

2385 3977 2606 4048 νοητοὺς
2644 3975 2869 4048 ἐχθροὺς
2889 4014 2903 4037 ,
2935 3973 3111 4043 ἀρχάς
3143 3972 3341 4043 δηλαδὴ
3372 3972 3464 4024 καὶ
3490 3971 3763 4036 ἐξουσίας,
3799 3972 3898 4024 καὶ

2382 4069 2509 4131 τοὺς
2555 4069 3002 4138 κοσμοκράτορας
3035 4065 3128 4118 τοῦ
3160 4063 3380 4125 σκότους
3414 4063 3603 4115 τούτου
3629 4102 3643 4125 ,
3696 4064 3792 4114 καὶ
3827 4063 3900 4115 τὰ

2386 4160 2730 4229 πνευματικὰ
2750 4159 2848 4228 τῆς
2876 4154 3140 4227 πονηρίας
3157 4194 3170 4215 ,
3199 4155 3291 4207 καὶ
3314 4154 3473 4206 αὑτὸν
3495 4153 3585 4206 τὸν
3614 4153 3897 4223 ἀλιτήριον

2387 4257 2651 4310 Σατανᾶνο
2692 4255 2740 4307 οἳ
2772 4255 2862 4307 καὶ
2892 4253 3246 4325 πολυτρόπως
3276 4252 3362 4305 διὰ
3381 4252 3488 4306 τών
3516 4254 3900 4324 προκειμένων

2391 4349 2906 4421 κατασημαίνονται.
2971 4346 3135 4409 Φόϐος
3174 4363 3234 4399 τε
3267 4347 3573 4418 νυκτερινὸς
3607 4349 3698 4400 καὶ
3745 4348 3899 4417 βέλος

2391 4447 2603 4518 ἡμέρας
2625 4445 2941 4515 πετόμενον,
2968 4445 3059 4498 καὶ
3091 4446 3319 4515 πρᾶγμα
3348 4443 3807 4514 διαπορευόμενον
3842 4444 3900 4492 ὲν

2396 4537 2596 4598 σκότει,
2634 4536 2725 4587 καὶ
2751 4534 2815 4587 σύ
2825 4552 3061 4604 μπτωμα
3085 4535 3178 4587 καὶ
3203 4533 3473 4603 δαιμόνιον
3503 4531 3896 4603 μεσημϐρινὸν,

2394 4630 2487 4682 καὶ
2518 4629 2750 4698 χιλιάδες
2779 4628 2872 4680 καὶ
2905 4627 3160 4698 μυριάδες
3185 4668 3199 4690 ,
3231 4627 3325 4679 καὶ⁸
3371 4627 3534 4689 ἀσπὶς
3561 4667 3574 4689 ,
3611 4628 3705 4678 καὶ
3744 4627 3897 4695 βασι-

2397 4720 2599 4783 λίσκος,
2624 4720 2719 4772 καὶ
2738 4719 2892 4785 λέων,
2912 4720 3001 4771 καὶ
3028 4718 3259 4787 δράκων.
3277 4717 3431 4770 Κατὰ
3453 4717 3656 4771 τούτων
3676 4716 3742 4787 δὴ
3775 4719 3903 4771 πάνυ

2392 4829 2499 4864 των
2524 4811 2621 4881 τὴν
2645 4812 2799 4881 νίκην
2846 4809 3162 4881 ἀναγορεύει
3193 4809 3269 4879 τῷ
3301 4809 3393 4861 τοῦ
3425 4806 3558 4860 Θεοῦ
3603 4808 3896 4880 ἀνθρώπῳ.

2409 4906 2471 4956 '0
2505 4902 2791 4957 κατοικῶν
2814 4905 2882 4955 ἐν
2903 4903 3151 4968 βοηθείᾳ
3180 4901 3285 4954 τοῦ
3320 4901 3619 4968 Ὑψίστου.
3663 4900 3738 4955 Τὸ
3771 4919 3898 4972 προ-

2331 4996 2555 5066 φητικὸν
2583 4994 2798 5064 πνεῦμα
2829 4994 2918 5046 τὸν
2947 4994 3230 5062 ἄνθρωπον
3255 4992 3344 5045 τὸν
3374 4995 3740 5063 ποιησάμενον
3773 4992 3897 5062 βοή-

2332 5089 2479 5140 θειαν
2511 5088 2603 5140 καὶ
2629 5086 2943 5154 ἐπικουρίαν
2960 5083 3209 5155 Χριστὸν,
3232 5082 3291 5146 ὃς
3324 5085 3417 5136 καὶ
3449 5085 3592 5136 ἐστιν
3612 5084 3896 5152 ’Ὑψιστοᾳ

2337 5178 2644 5249 μακαρίζει.
2671 5175 2793 5239 Πῶς
2815 5175 2922 5245 γὰρ
2946 5175 3004 5226 οὐ
3030 5175 3293 5244 μακάριος
3314 5177 3341 5226 ὁ
3361 5174 3450 5226 τὸν
3471 5175 3601 5228 Θεὸν
3623 5174 3715 5227 τοῦ
3739 5177 3898 5246 οὖρα-

2333 5272 2424 5324 νοῦ
2452 5274 2757 5340 σκεπαστὴν
2788 5268 2929 5338 ἔχειν
2957 5265 3203 5331 ἀξιωθείς
3229 5285 3243 5332 ;
3280 5268 3381 5320 Ἐν
3407 5267 3600 5334 σκέπῃ
3624 5267 3730 5320 τοῦ
3756 5265 3898 5322 Θεοῦ

2333 5361 2438 5414 τοῦ
2463 5359 2722 5427 οὐρανοῦ
2753 5358 3204 5424 αὐλισθήσεται.
3256 5359 3315 5408 ’0
3344 5357 3520 5425 μένων
3548 5359 3605 5409 ὲν
3633 5357 3807 5426 ταύτῃ
3836 5358 3898 5425 τῇ

2337 5452 2553 5524 βοηθείᾳ
2584 5450 2837 5503 σκέπεται
2864 5450 2956 5503 καὶ
2989 5448 3334 5516 φυλάσσεται.

2418 5543 2675 5611 Ἐρεῖτῷ
2709 5544 2932 5609 Κινρίῳο
2981 5538 3381 5606 Ἀντιλήςττωρ
3407 5555 3525 5604 μου
3558 5534 3630 5592 εἴ.
3686 5536 3798 5590 Καὶ
3823 5536 3899 5597 τίς

2335 5641 2362 5690 ὁ
2393 5636 2465 5710 τῷ
2491 5635 2675 5705 Κυρίῳ
2706 5635 2874 5701 λέγων
2904 5635 2936 5704 ἢ
2967 5632 3244 5700 ἄνθρωπος
3273 5632 3300 5680 ὁ
3332 5614 3708 5693 πεποιθὼςὶπ⁸
3735 5626 3897 5699 αὐτῷ,

2339 5725 2427 5782 κ’σιὶ
2456 5729 2545 5781 ἐπὶ
2576 5729 2637 5796 τῇ
2668 5725 2906 5795 σωτηρίᾳ
2935 5723 3096 5778 αὑτοῦ
3123 5722 3563 5794 ἰπερειόόμενοςς
