4070 6442
158 393 256 452 LO!

157 607 231 669 ὡς
259 606 318 658 αἱ
346 601 713 675 ἀντικείμεναι
749 604 1005 671 δυνάμεις
1037 601 1123 654 διὰ
1153 600 1354 652 τούτων
1386 601 1730 671 κατασημαί-

158 712 360 748 νονται.

239 792 346 846 Ἐν
385 790 508 856 τοῖς
546 787 933 858 μεταφρένοις
983 786 1167 840 αὑτοῦ
1220 785 1557 838 ἐπισκιάσει
1611 800 1729 837 σοι.

160 883 454 954 Εἰρηκότος
501 881 592 935 τοῦ
623 879 908 952 ἀνθρώπου
942 879 1036 931 τοῦ
1081 879 1214 931 Θεοῦ
1237 919 1250 942 ,
1308 881 1380 940 ὼς
1402 877 1543 938 ’Θεὸς
1573 877 1733 937 αὐτος

162 977 385 1047 ῥύσεται
419 977 480 1028 ὲκ
526 978 625 1044 τῆς
655 973 762 1026 τῶν
808 971 1087 1044 θηρευτῶν
1138 971 1396 1037 παγίδος,
1432 968 1495 1021 ἐκ
1536 985 1592 1021 τε
1625 966 1732 1020 τῶν

158 1065 489 1139 ταραχωδῶν
511 1066 703 1134 λόγων.
729 1065 1080 1134 ἀποκρίνεται
1103 1063 1162 1116 τὸ
1185 1060 1407 1131 Πνεῦμα
1430 1059 1490 1113 τὸ
1521 1076 1734 1129 προφη-

160 1158 312 1211 τικὸν
342 1155 756 1228 παραθαρσύνον
790 1156 949 1208 αυτὸν
979 1153 1072 1206 καὶ
1103 1154 1183 1215 είς
1211 1150 1464 1221 ἀνδρείαν
1518 1149 1734 1202 ὓπαὶεί-

163 1266 259 1317 φον
283 1249 677 1319 πνευματικήνο
718 1248 813 1298 Ἐν
841 1244 962 1308 τοῖς
987 1241 1380 1312 μετιιςςρένεις
1403 1240 1586 1293 αὐτοῦ
1611 1240 1735 1292 ἐπι-

165 1338 412 1392 σκιάσει
447 1352 545 1392 σοι
576 1353 591 1368 ⁸
638 1337 769 1389 ὡσεὶ
798 1336 1130 1406 σαφέστερον
1154 1332 1302 1400 λέγοι
1327 1349 1339 1362 ·
1399 1329 1640 1398 Καλύψει
1677 1345 1736 1380 σε

163 1425 269 1478 ὑπὸ
320 1423 418 1495 τὴν
465 1424 622 1478 σκιάν
657 1422 762 1476 τῶν
809 1419 1092 1490 πτερύγων
1131 1417 1329 1472 αὑτοῦ·
1383 1420 1474 1470 καὶ
1509 1418 1612 1488 μὴν
1643 1418 1737 1469 καὶ

160 1514 312 1584 ὅπλῳ
362 1515 620 1568 σκεπάσει
672 1528 751 1565 σε.
804 1503 876 1564 Οὗ
911 1509 974 1578 δὴ
1007 1509 1296 1579 γενομένου
1323 1547 1337 1569 ,
1372 1506 1595 1576 οὐδεμία
1628 1507 1735 1560 τῶν

160 1604 552 1675 ἀντικειμένων
585 1604 868 1673 δυνάμεων
897 1601 1239 1674 παραϐλάψει
1269 1617 1346 1652 σε.

245 1697 379 1750 Ἀπὸ
399 1695 628 1761 ,ϐέλους
650 1694 977 1764 πετομένου
1009 1691 1253 1761 ἡμέρας.
1301 1689 1628 1760 Ἀκάθαρτόν
1660 1705 1739 1741 τι-

159 1807 227 1842 να
259 1788 488 1858 δύναμιν
515 1787 609 1840 νῦν
646 1785 796 1856 βέλος
832 1784 1135 1853 ὠνόμασεν.
1201 1781 1343 1834 Ἀπὸ
1384 1778 1739 1848 συμπτώμα-

159 1899 266 1948 τος
300 1881 400 1933 καὶ
426 1880 735 1948 δαιμονίου
755 1873 1186 1946 μεσημϐρινοῦ.
1220 1875 1294 1925 Οὐ
1324 1871 1601 1941 σύγκριμα
1629 1871 1741 1924 δαι-

165 1972 424 2044 μονιῶδες
456 1969 820 2042 μεσημϐρίας.
859 1966 961 2020 Τὸν
989 1964 1098 2037 γὰρ
1130 1962 1494 2036 μεσημϐρινὸν
1515 1962 1745 2033 δαίμονά

163 2079 331 2134 φησιν
361 2058 500 2114 εἶναι
537 2060 633 2130 τῆς
660 2057 906 2127 ἁκηδίας.

235 2147 512 2203 Πεσεῖται
545 2147 613 2200 ἐκ
631 2146 736 2200 τοῦ
767 2146 1011 2210 κλίτους
1038 2159 1152 2198 σου
1181 2141 1402 2213 χιλιὰς.
1467 2143 1660 2205 Κλίτος
1685 2142 1745 2194 τδ

161 2239 454 2313 ἀριστερὸν
496 2239 660 2310 μέρος
710 2238 998 2309 σημαίνει,
1034 2237 1260 2299 εἰκότως
1292 2235 1409 2306 μὲν.
1465 2235 1651 2303 Τούτῳ
1690 2234 1748 2286 δὲ

159 2332 262 2394 τὰς
305 2331 550 2402 χιλιάδας
590 2329 959 2382 ἐπιϐουλεύειν
987 2328 1141 2397 φησί’
1179 2329 1290 2389 τοῖς
1321 2343 1383 2395 γε
1419 2325 1522 2397 μὴν
1553 2325 1746 2391 δεξιοῖς

159 2423 263 2487 τὰς
290 2424 572 2495 μυριάδας.
602 2422 682 2474 Τά
700 2423 805 2490 γὰρ
825 2420 1065 2484 ἐπιδέξια
1084 2416 1191 2470 τῶν
1210 2418 1545 2488 πραγμάτων
1566 2415 1744 2486 ἡμῶν,

164 2513 399 2566 καὶτῶν
433 2511 643 2584 ἀρετῶν
674 2512 767 2564 καὶ
813 2510 1007 2581 ίσχυρά
1057 2510 1150 2562 καὶ
1194 2507 1642 2577 θαυμαστότερα,
1689 2505 1748 2556 τὸ

163 2601 374 2673 πλῆθος
421 2602 529 2656 τῶν
580 2600 832 2673 πονηρῶν
869 2599 1148 2669 δυνάμεων
1200 2596 1500 2667 παραλύειν
1541 2597 1749 2665 ἐπιχει-

164 2695 348 2767 ροῦσι.

234 2785 412 2850 Πλὴν
437 2784 558 2849 τοῖς
581 2781 907 2852 ὀφθαλμοῖς
924 2795 1040 2835 σου
1066 2777 1478 2846 κατανοήσεις.
1499 2775 1752 2848 Βλαϐήσῃ

168 2878 271 2948 μὲν
310 2877 482 2938 οὐδὲν,
513 2875 697 2946 φησὶν,
729 2876 793 2926 ὲκ
815 2873 925 2924 τῶν
952 2870 1410 2924 ἐπιϐουλευόντων
1430 2886 1442 2898 ·
1478 2867 1754 2939 συμϐήσε-

165 2985 258 3022 ται
292 2967 351 3021 δέ
379 2983 460 3020 σοι
487 2967 750 3030 πεσόντας
783 2966 909 3018 ἰδεῖν
945 2965 1073 3027 τοὺς
1100 2961 1349 3035 ἐχθρούς.

246 3057 359 3110 Τὸν
392 3056 680 3124 Ὕψιστον
698 3056 838 3108 ἔθου
869 3050 1223 3122 καταφυγήν
1252 3068 1389 3105 σου.
1436 3048 1752 3119 Ἀντιφθὲγ-

166 3164 326 3216 γεται
357 3147 415 3199 τδ
438 3146 531 3200 τοῦ
560 3145 694 3199 Θεοῦ
718 3144 1028 3215 ἀνθρώπου,
1050 3143 1111 3196 τὺ
1143 3143 1364 3212 Πνεῦμα
1390 3142 1451 3194 τὸ
1484 3157 1753 3211 προφητι-

167 3240 289 3304 κὸν,
317 3240 440 3293 ὅσον
465 3240 562 3310 τῆς
596 3241 672 3300 εἰς
695 3237 824 3290 Θεὸν
855 3235 1067 3298 ἐλπίδος
1088 3234 1150 3287 τὸ
1173 3233 1366 3306 κέρδος
1401 3232 1567 3286 ἐστίν.

246 3330 333 3381 Οὐ
361 3327 831 3395 προσελεύσεται
877 3324 1027 3392 πρὸς
1066 3323 1142 3376 σὲ
1181 3321 1354 3376 κακά.
1395 3323 1462 3374 Ἠ
1513 3320 1622 3392 γὰρ
1653 3320 1752 3390 τῆς

169 3421 374 3485 κακίας
403 3421 562 3490 φύσις
597 3418 793 3484 ἔξωθεν
821 3419 1134 3488 ἐπέρχεται,
1175 3417 1274 3485 τῆς
1316 3415 1521 3486 ἀρετῆς
1545 3413 1754 3466 οἴκοθεν

170 3516 276 3586 τὴν
305 3513 574 3584 πρόφασιν
597 3513 847 3582 ἐχούσης.
879 3509 1025 3578 Εὑθῆ
1053 3510 1160 3579 γὰρ
1185 3509 1213 3560 ὁ
1260 3507 1393 3569 Θεὸς
1417 3506 1508 3558 τὸν
1549 3505 1756 3575 ἄνθρω-

172 3623 282 3659 πον
303 3603 621 3672 πεποίηκεν,
673 3601 762 3664 ὃς,
820 3598 1063 3671 ζητήσας
1115 3597 1408 3667 λογισμοὺς
1462 3593 1755 3665 πονηροὺς,

174 3695 383 3763 ἔξωθεν
430 3694 778 3748 ἐπεσπάσατο
825 3691 922 3763 τὴν
956 3688 1176 3744 κακίαν.
1206 3689 1317 3742 Kal
1371 3686 1597 3757 μάστιξ
1645 3687 1758 3739 οὐκ

174 3786 369 3859 eme?
388 3787 457 3840 ἐν
483 3785 563 3851 τῷ
586 3783 929 3854 σκηνώματι
966 3798 1102 3837 σου.
1155 3781 1397 3852 Θαρῤεἰν
1439 3780 1636 3840 αὐτοὺς
1668 3776 1762 3830 καὶ

181 3879 355 3952 μηδὲν
385 3877 547 3948 ἀηδὲς
601 3874 885 3928 πείσεσθαι
932 3870 1390 3942 παρακελεύεται.
1426 3870 1490 3920 ὲκ
1541 3866 1632 3919 τοῦ
1669 3883 1759 3918 πι-

181 3972 400 4027 στεύειν
445 3967 674 4039 άγγελον
723 3966 916 4038 βοηθὸν
962 3964 1072 4018 τῶν
1117 3966 1197 4026 εἰς
1227 3963 1358 4014 Θεὸν
1403 3963 1762 4014 πιστευόντων

183 4061 704 4133 καταπεμπόμενον.

263 4159 385 4210 Ὅτι
421 4154 545 4221 τοῖς
570 4152 847 4223 ἀγγέλοις
889 4149 1073 4204 αὑτοῦ
1097 4146 1421 4203 ἐντελεῖται
1467 4144 1600 4213 περὶ
1627 4143 1762 4197 σοῦ.

186 4244 364 4300 Τοῦτο
394 4246 488 4298 καὶ
518 4245 575 4297 ὲν
598 4241 675 4312 τῷ
698 4242 776 4310 λγ*
803 4241 904 4309 ἔφη
933 4236 1155 4308 ψαλμῷ·
1193 4234 1573 4304 Παρεμϐαλεῐ,
1597 4233 1768 4302 ἄγχε-

185 4343 303 4404 λος
348 4336 569 4406 Κυρίου
596 4335 801 4400 κύκλῳ
825 4331 946 4386 τῶν
976 4316 1360 4400 φόϐουμένων
1410 4325 1596 4379 αὑτὸν
1615 4365 1630 4389 ,
1669 4325 1765 4378 καὶ

180 4427 435 4496 ῥύσεται
463 4423 705 4488 αὐτούς.
741 4420 1049 4496 Ἀκούωμεν
1081 4420 1138 4472 δὲ
1179 4420 1272 4472 καὶ
1311 4415 1503 4470 Ἰακὼὸ
1530 4416 1624 4468 τοῦ
1660 4433 1766 4468 πα-

188 4492 455 4589 τριάρχου
484 4513 762 4582 λέγοντος·
811 4513 872 4564 '0
906 4492 1162 4582 ἄγγελος
1192 4512 1224 4563 ό
1242 4509 1543 4576 ῥυόμενός
1577 4523 1653 4571 με
1700 4508 1768 4559 ἐκ

185 4609 438 4665 πάντων
467 4605 585 4660 τῶν
614 4604 814 4660 κακῶν
838 4619 970 4673 μου.
997 4604 1108 4657 Καὶ
1135 4604 1162 4655 ὁ
1194 4605 1363 4670 μέγας
1406 4600 1656 4671 Ἀϐρααμ
1681 4600 1770 4652 τὸν

188 4700 412 4770 οἰκέτην
435 4696 868 4770 παραθαρρύνων
898 4696 1002 4766 ἔφη
1019 4713 1032 4727 ο
1070 4697 1125 4748 Ὁ
1151 4693 1291 4759 Θεὸς
1324 4691 1653 4748 ἀποστελεῖ
1669 4690 1775 4744 τὸν

191 4793 455 4862 ἄγγελον
509 4789 696 4844 αὐτοῦ
735 4788 849 4858 πρὸ
894 4785 1217 4857 προσώπου
1265 4801 1404 4851 σου,
1451 4785 1548 4840 καὶ
1601 4783 1774 4852 λήψῃ

193 4883 454 4956 γυναῖκα
486 4881 691 4936 Ἰσαὰκ
723 4879 804 4947 τῷ
834 4880 942 4947 υίῷ
988 4899 1108 4950 μου
1143 4879 1391 4933 ἐκεῖθεν.
1430 4877 1775 4947 Πανταχόθεν

193 4978 378 5032 τοίνυν
412 4973 776 5046 μανθάνομεν,
803 4973 879 5036 ὡς
910 4974 1002 5027 καὶ
1020 4972 1087 5026 δι’
1118 4970 1365 5040 ἀγγέλων
1393 4971 1621 5042 φρουρεῖ
1648 4968 1776 5030 τοὺς

193 5072 278 5134 εἰς
306 5067 470 5128 αὐτὸν
496 5065 822 5129 πεποιθότας
851 5068 878 5119 ὁ
907 5063 1018 5118 τῶν
1041 5064 1177 5117 ὅλων
1202 5061 1355 5125 Θεός.
1406 5061 1516 5115 Τοῦ
1562 5060 1772 5129 διαφυ-

195 5161 385 5225 λάξαι
411 5173 486 5213 σε
506 5161 578 5213 ἐν
601 5156 826 5224 πάσαις
848 5156 976 5223 ταῖς
1002 5154 1163 5220 ὁδοῖς
1205 5167 1343 5208 σου.
1383 5152 1440 5206 ’0
1490 5154 1547 5204 ὲν
1584 5151 1772 5222 μηδενὶ

201 5252 438 5314 πταίων,
475 5242 630 5314 οὗτος
684 5247 1104 5318 διαφυλάσσεται
1137 5246 1194 5297 ὲν
1229 5243 1429 5305 πάσαις
1469 5243 1587 5304 ταῖς
1636 5241 1772 5302 ὁδοῖς

199 5342 395 5400 αὐτοῦ.

272 5433 519 5502 Μήποτε
547 5433 907 5502 προσκόψῃς
939 5430 1088 5500 πρὸς
1114 5430 1289 5484 λίθον
1319 5428 1426 5482 τὸν
1455 5426 1609 5481 πόδα
1636 5439 1775 5478 σου.

217 5528 278 5581 '0
332 5523 468 5588 ποῦς
504 5525 601 5596 μὲν
629 5523 727 5594 τὴν
751 5523 928 5594 ψυχὴν
959 5518 1254 5592 σημαίνει,
1304 5521 1333 5571 ὁ
1377 5517 1433 5571 δὲ
1485 5515 1630 5579 λίθος
1680 5515 1777 5586 τὴν

209 5618 507 5690 ἁμαρτίαν.

277 5798 318 5830 ⁸⁸
361 5793 502 5850 Psal.
541 5809 746 5862 sunt,
769 5794 822 5850 8.
897 5794 938 5824 ⁶¹
969 5789 1103 5848 Gen.
1138 5805 1324 5854 xum,
1378 5786 1462 5845 it}.

1287 392 1645 448 EXPCSlTIO
1686 395 1747 448 ΙΝ
1790 395 2115 452 ιιελιιιωι
2158 396 2243 452 XC

230 515 361 567 Ὅτι
390 512 570 578 αὐτὸς
586 511 839 580 ῥύσεταί
860 525 932 564 σε
959 508 1028 564 ἔκ
1050 512 1316 576 παγίδος.
1354 510 1722 582 Προεδίδαξεν,
1761 519 1800 570 Α

3293 393 3397 450 402

1900 513 1949 565 5.
1997 511 2257 572 Quoniam
2294 513 2402 579 ipse
2446 513 2684 566 liberabit
2737 526 2784 566 te
2827 514 2888 566 de
2916 513 3120 581 laqueo,
3148 521 3250 566 etc.
3277 511 3395 566 iam

1834 609 2014 656 docuit
2043 605 2382 658 adversarias
2420 613 2709 670 potestates
2743 606 2888 658 hisce
2914 604 3227 673 significari.

1903 780 1956 842 ι,
1993 779 2026 833 5
2090 778 2329 847 Scapulis
2352 782 2460 833 suis
2485 780 2812 833 obumbrabit
2838 782 2951 846 tibi,
2979 791 3080 836 ctc.
3105 780 3399 851 Postquam

1833 869 2058 924 dixisset
2107 873 2269 924 homo
2305 871 2418 933 Dei,
2449 874 2591 939 quod
2641 872 2779 925 Deus
2813 873 2926 940 ipsc
2960 873 3282 927 liberaturus
3333 875 3401 928 sit

1833 963 1900 1015 de
1951 963 2144 1030 laqueo
2198 965 2508 1016 venantium
2545 975 2598 1017 et
2643 982 2671 1018 a
2707 967 2884 1019 verbis
2918 966 3262 1030 turbulentis,
3312 984 3399 1021 rc--

1835 1054 2063 1122 spondet
2096 1053 2330 1122 Spiritus
2355 1054 2704 1123 pmpheticus
2743 1056 2879 1108 dans
2915 1056 3016 1124 ipsi
3053 1056 3326 1120 ﬁduciam,
3349 1067 3404 1110 et

1837 1148 1901 1198 ad
1932 1146 2298 1200 fortitudinem
2329 1148 2612 1202 concitans
2642 1148 2973 1216 spiritualem
2996 1168 3007 1202 :
3031 1147 3271 1216 Scapulis
3295 1152 3402 1202 suis

1836 1239 2159 1294 obumbrabit
2183 1240 2294 1304 tibi,
2315 1240 2470 1309 quasi
2489 1241 2688 1295 clarius
2706 1241 2938 1296 diceret:
2963 1243 3075 1296 Sub
3093 1243 3283 1296 umbra
3303 1244 3408 1295 ala-

1836 1349 1955 1386 rum
1994 1348 2214 1386 suarum
2241 1343 2481 1402 proteget
2513 1345 2581 1393 te,
2617 1343 2778 1401 atque
2817 1335 2978 1387 etiam
3012 1341 3167 1388 scuto
3201 1335 3407 1403 operiet

1836 1437 1906 1480 te.
1947 1426 2064 1490 Quo
2094 1423 2237 1478 facto
2267 1425 2407 1477 nulla
2430 1441 2495 1478 ex
2521 1425 2850 1480 adversariis
2875 1426 3231 1494 potestatibus
3253 1426 3408 1480 laedet

1838 1527 1908 1572 te.

1907 1698 1960 1754 6.
2001 1698 2044 1750 εὶ
2086 1702 2280 1769 sagitta
2321 1698 2526 1752 volante
2562 1699 2617 1753 in
2643 1698 2748 1766 die,
2775 1710 2878 1754 etc.
2915 1697 3189 1769 [inpurum
3223 1716 3414 1770 quam-

1838 1791 1962 1844 dam
2012 1801 2330 1860 potestatein
2373 1807 2516 1847 nunc
2562 1793 2813 1861 sagittam
2854 1802 3028 1846 vocat.
3082 1793 3122 1844 Α
3177 1793 3329 1845 ruina
3363 1803 3411 1845 et

1843 1882 2100 1937 da'ntonio
2129 1885 2439 1937 meridiano.
2466 1928 2476 1938 .
2510 1923 2524 1937 .
2555 1883 2690 1937 Nam
2723 1884 3082 1939 meridianum
3115 1884 3412 1940 daimoncm

1844 1977 1922 2031 ait
1948 1977 2175 2047 pigritiae
2200 1991 2341 2032 esse.

1921 2152 1972 2206 7.
2018 2151 2220 2207 Cadent
2249 2169 2280 2204 a
2304 2151 2469 2205 latere
2505 2163 2593 2206 tuo
2622 2151 2784 2216 mille,
2805 2159 2911 2205 etc.
2940 2149 3106 2205 Latus
3134 2149 3416 2205 sinistrum

1846 2246 2204 2316 signiﬁcatur,
2232 2246 2425 2300 merito
2468 2245 2712 2315 quidem.
2744 2244 2882 2300 Huic
2907 2261 3034 2299 vero
3062 2244 3216 2298 lateri
3251 2244 3418 2298 millia

1847 2337 2094 2392 insidiari
2119 2337 2193 2392 ait
2225 2355 2239 2390 :
2271 2337 2478 2392 dextris
2511 2345 2690 2390 autem
2719 2337 2904 2391 decent
2942 2335 3128 2389 millia.
3161 2335 3421 2390 Dexteras

1846 2430 2045 2499 quippe
2075 2431 2316 2484 actiones
2341 2438 2578 2493 nostras,
2609 2440 2662 2483 et
2693 2428 2961 2483 virtutum
2997 2437 3144 2497 gesta
3174 2426 3333 2480 fortia
3358 2442 3422 2480 ac

1848 2521 2183 2575 mirabiliora
2219 2560 2234 2583 ,
2293 2519 2584 2574 multitudo
2652 2519 3012 2590 inalignarum
3093 2527 3420 2588 potestatqu

1848 2621 2090 2667 evertere
2121 2615 2409 2665 conantur.

1922 2791 1974 2844 8.
2026 2786 2393 2843 Verumtamen
2421 2783 2586 2840 oculis
2617 2785 2719 2837 tuis
2747 2782 3117 2838 considerabis.
3146 2779 3308 2838 Nihil.
3343 2780 3426 2832 in-

1851 2885 1990 2952 quit,
2020 2881 2211 2935 lacdent
2242 2888 2293 2932 te
2325 2877 2690 2933 insidiatores.
2726 2874 3012 2945 Continget
3038 2882 3216 2939 autem
3239 2870 3338 2926 tibi
3367 2878 3426 2926 ut

1852 2973 2036 3042 lapsos
2063 2972 2245 3025 videas
2278 2969 2526 3023 inimicos
2556 2977 2697 3022 tuos.

1924 3065 1978 3120 9.
2017 3063 2348 3117 Altissimum
2403 3061 2626 3128 posuisti
2665 3059 2924 3128 refugium
2962 3069 3128 3112 tuum.
3193 3056 3427 3127 Spiritus

1856 3155 2200 3226 propheticus
2249 3153 2491 3207 vicissim
2545 3152 2841 3221 alloquitur
2874 3151 3123 3220 spiritum
3190 3149 3428 3204 hominis

1779 3224 1820 3280 ο
1858 3224 1970 3314 Dei,
1999 3248 2201 3302 docens
2222 3254 2486 3316 quantum
2521 3245 2592 3300 sit
2621 3246 2734 3314 spei
2764 3259 2891 3315 erga
2927 3243 3092 3297 Deum
3120 3243 3351 3297 lucrum.

1929 3340 2014 3396 10.
2050 3336 2169 3392 Non
2194 3335 2434 3392 accedent
2467 3335 2535 3388 ad
2572 3345 2622 3388 te
2659 3334 2823 3389 mala.
2882 3332 3018 3388 Nam
3075 3334 3200 3388 mali
3234 3342 3428 3387 natura

1856 3433 2198 3486 extrinsecus
2237 3427 2474 3492 advenit,
2503 3441 2626 3480 eum
2653 3434 2841 3480 contra
2866 3425 3040 3480 virtus
3076 3425 3428 3479 inti-insecam

1858 3525 2055 3577 habeat
2075 3537 2314 3575 causam.
2346 3518 2480 3573 Nam
2532 3518 2673 3575 Deus
2725 3518 2851 3574 fecit
2891 3517 3166 3572 hominem
3199 3525 3429 3579 rectum,

1860 3618 1952 3687 qui
2011 3630 2261 3686 quatrens
2311 3613 2665 3682 cogitationes
2723 3612 2916 3678 malas,
2961 3612 3299 3667 extrinsecus
3327 3611 3431 3666 sibi

1862 3709 2120 3761 malitiam
2180 3705 2419 3758 attraxit.
2462 3702 2531 3755 Et
2574 3702 2841 3772 ﬂagellum
2888 3719 2990 3755 non
3038 3704 3430 3771 appropinqua-

1863 3797 1934 3850 bit
1971 3794 2309 3849 tabernaculo
2339 3806 2450 3849 tuo.
2483 3793 2767 3848 Contldere
2795 3791 2950 3862 jubet
2974 3807 3090 3853 eos,
3133 3789 3276 3859 quod
3301 3789 3434 3842 nihil

1865 3890 2134 3959 ingratum
2167 3888 2397 3953 accidat,
2433 3895 2618 3957 utpote
2646 3886 2740 3955 qui
2784 3885 2968 3940 credat
3015 3883 3242 3938 missum
3271 3899 3436 3952 ange-

1865 3982 1977 4035 lum
2013 3980 2179 4035 fuisse
2206 3979 2579 4033 auxiliatorcm
2618 3992 2807 4032 eorum
2839 3977 2932 4046 qui
2981 3977 3034 4029 ia
3097 3975 3264 4029 Deum
3314 3991 3427 4029 cre-

1866 4073 2019 4127 dunt.

1942 4166 2027 4217 ll.
2064 4164 2324 4229 Quoniam
2355 4163 2551 4234 angelis
2577 4163 2686 4216 suis
2712 4160 2982 4215 mandabit
3010 4161 3072 4214 de
3100 4169 3164 4214 te.
3198 4157 3436 4229 ldipsum

1869 4255 1922 4310 in
1953 4257 2225 4311 tricesimo
2258 4257 2417 4311 tertio
2453 4255 2663 4326 psalmo
2699 4255 2773 4308 ait
2803 4274 2817 4309 :
2846 4252 3322 4308 Castrametabitur
3351 4268 3441 4305 an-

1870 4350 2014 4419 gelus
2043 4347 2256 4403 Domini
2289 4349 2340 4400 in
2380 4347 2604 4400 circuitu
2642 4347 2936 4399 timentium
2987 4359 3104 4397 eum
3144 4345 3208 4398 ".
3241 4345 3441 4398 Audia-

1875 4456 1994 4493 mus
2028 4448 2209 4494 autem
2262 4437 2623 4507 patriarcham
2654 4433 2824 4490 Jacob
2852 4434 3118 4488 dicentem
3156 4451 3167 4486 :
3213 4434 3440 4503 Angelus

1874 4534 1963 4600 qui
1984 4530 2178 4599 eripuit
2210 4546 2288 4582 me
2312 4543 2375 4582 ea:
2401 4528 2642 4580 omnibus
2667 4524 2823 4578 malis
2861 4526 2988 4579 meis
3019 4525 3082 4576 “.
3119 4522 3185 4577 Et
3213 4540 3442 4593 n'iagmts

1875 4623 2144 4678 Abraham
2177 4620 2476 4676 domestico
2518 4633 2618 4673 suo
2680 4616 2929 4671 ﬁduciam
2981 4615 3184 4669 addens
3217 4615 3395 4668 aiebat
3426 4634 3438 4668 :

1876 4713 2013 4768 Deus
2038 4714 2208 4766 mittet
2261 4711 2502 4783 angelum
2551 4726 2704 4763 suum
2750 4717 2870 4761 ante
2931 4707 3121 4776 faciem
3171 4716 3336 4768 tuam,
3396 4717 3443 4758 et

1874 4806 2100 4876 accipies
2123 4821 2340 4859 uxorem
2387 4803 2546 4858 Isaac
2575 4802 2689 4872 ﬁlio
2717 4817 2830 4855 meo
2869 4799 3056 4854 exinde
3089 4798 3154 4851 ⁸³.
3190 4797 3262 4851 Ex
3296 4798 3443 4851 omni

1876 4911 2026 4970 parte.
2077 4901 2242 4972 igitur
2291 4899 2608 4966 ediscimus,
2662 4897 2806 4968 quod
2867 4897 3246 4950 universorum
3303 4891 3444 4961 Dens

1875 5009 1971 5047 eos
2003 4993 2096 5062 qui
2128 4991 2358 5047 credunt
2389 4991 2445 5045 in
2495 4990 2672 5060 ipsum
2726 5003 2822 5057 per
2865 4986 3085 5056 angelos
3150 4985 3441 5039 custodiat.

1885 5083 1953 5139 Ut
2001 5085 2296 5138 custodiant
2327 5095 2374 5138 te
2423 5084 2477 5135 in
2498 5081 2736 5137 omnibus
2767 5081 2862 5134 viis
2908 5079 3034 5132 tuis.
3063 5076 3167 5144 Qui
3199 5078 3249 5130 in
3297 5077 3444 5130 nullo

1879 5177 2163 5248 delinquit,
2197 5177 2243 5231 is
2278 5175 2581 5231 custoditur
2619 5174 2671 5228 in
2708 5172 2962 5228 omnibus
3002 5169 3101 5224 viis
3134 5167 3267 5223 suis.

1959 5442 2046 5494 12.
2098 5438 2179 5492 Ne
2229 5438 2362 5507 forte
2406 5432 2644 5502 offendas
2698 5429 2766 5484 ad
2812 5427 3039 5498 lapidem
3069 5425 3244 5496 pedem
3277 5433 3424 5477 tuum

1885 5533 1985 5588 Pes
2016 5533 2252 5587 animam
2277 5527 2565 5599 signiﬁcat,
2598 5524 2735 5596 lapis
2758 5533 3060 5593 peccatum.

1542 5784 1584 5816 ⁸³
1640 5784 1774 5840 Gen.
1816 5797 1961 5845 xxn',
2010 5780 2062 5832 7.
