4070 6478
635 438 746 495 405

709 558 797 612 l5.
821 554 992 626 Super
1033 555 1267 626 aspidem
1295 563 1346 608 et
1393 553 1699 607 basiliscum
1726 553 2041 607 ambulabis.
2081 552 2200 608 Non
2233 561 2278 615 Α

637 647 835 710 solum,
863 646 1060 718 inquit.
1096 659 1129 698 o
1181 646 1346 700 homo
1406 642 1523 706 Dei,
1579 643 1718 698 nihil
1759 644 1888 698 mali
1943 643 2201 713 patieris;

636 739 730 794 sed
753 738 915 793 etiam
943 739 1116 808 ipsam
1147 737 1434 808 spirituum
1470 737 1869 792 multitudinem
1915 737 1981 792 ad
2043 738 2204 806 pedes

633 844 758 888 tuos
782 830 1044 902 dejectam
1075 830 1304 897 videbis,
1347 831 1420 884 ita
1447 840 1508 884 ut
1535 845 1657 885 cum
1696 831 1844 885 omni
1874 828 2202 886 conﬁdentia

631 939 821 979 eorum
861 923 1039 994 capita
1073 925 1270 978 calces.

703 1016 790 1070 N.
819 1017 1083 1082 Quoniam
1119 1018 1175 1069 in
1204 1024 1283 1069 me
1305 1017 1530 1086 speravit
1565 1017 1796 1071 liberabo
1835 1018 2203 1074 eum.lnducit

632 1124 920 1179 personam
955 1109 1047 1164 Dei
1085 1109 1486 1180 promittentem
1526 1111 1805 1180 prtemium
1839 1111 1984 1178 ﬁdei,
2012 1111 2202 1166 videli-

632 1213 717 1258 cet
743 1203 996 1258 salutem.
1041 1203 1164 1258 Haec
1215 1204 1434 1259 demum
1494 1206 1568 1257 ait
1631 1207 2008 1260 universorum
2035 1204 2196 1271 Deus,

629 1296 832 1351 docens
863 1297 955 1366 qui
981 1296 1049 1351 sit
1101 1297 1213 1366 spei
1258 1296 1486 1351 fructus.
1548 1296 1812 1351 Liberaho
1858 1298 2000 1352 enim
2050 1313 2196 1364 eum,

629 1388 827 1457 inquit,
858 1403 924 1441 ex
951 1389 1226 1457 praedictis
1255 1404 1378 1443 cum
1414 1389 1718 1444 visibilibus
1767 1397 1879 1442 tum
1915 1390 2201 1444 invisibili-

628 1479 729 1535 hus
777 1480 1206 1545 insidiatoribus,
1263 1496 1384 1534 eum
1445 1496 1538 1550 spe
1593 1481 1839 1545 vallabo;
1892 1482 2194 1536 custodiam

626 1586 774 1635 eum,
808 1572 1116 1641 loquentem
1164 1573 1380 1627 audiam
1434 1583 1488 1628 et
1539 1573 1988 1641 supplicationem
2047 1575 2196 1628 eiici—

624 1665 792 1732 piam.
811 1661 1092 1734 Protegam
1117 1681 1257 1728 eum,
1278 1665 1523 1733 quoniam
1547 1664 1781 1733 cognovit
1799 1680 1981 1717 nomen
2003 1681 2193 1718 meum.

624 1748 742 1802 Non
790 1751 965 1803 solum
1011 1751 1080 1804 ab
1128 1753 1540 1807 insidiatoribus
1583 1767 1737 1808 meos
1774 1752 2038 1821 liberabo,
2103 1755 2194 1809 sed

623 1840 787 1893 etiam
819 1840 1270 1897 interminabilem
1295 1842 1428 1913 ipsis
1452 1844 1618 1897 vitam
1650 1845 1964 1910 concedam,
1998 1855 2053 1901 et
2074 1862 2195 1902 meo

1477 432 1533 486 S.
1577 430 1947 486 ATHANASII
1989 431 2138 486 OPP.
2174 431 2353 487 PARS
2395 431 2484 488 ill.
2527 463 2595 473 —
2635 431 3049 490 EXEGETICA.

3783 431 3885 488 404

2387 553 2508 607 Ἐπί
2532 553 2762 608 ἀσπίδα
2786 553 2883 607 καί
2918 551 3290 618 βασιλίσκω·
3307 549 3590 621 ἐπιϐήσῃ.
3623 549 3701 604 Οὐ
3724 551 3882 622 μόνον

2307 647 2480 710 οὐδὲν,
2500 650 2683 718 φησὶν,
2716 649 3008 718 ὑπομενεῖς
3029 645 3221 710 δεινὸν,
3254 639 3298 699 ῶ
3319 645 3571 717 ἄνθρωπε
3599 643 3698 697 τοῦ
3726 643 3882 710 Θεοῦ,

2307 738 2440 793 ἀλλὰ
2470 739 2564 792 xui
2593 737 2732 792 αὐτὰ
2768 737 2875 792 τῶν
2925 738 3250 809 πνευμάτων
3285 738 3354 790 τὰ
3396 735 3577 807 πλήθη
3609 737 3716 788 ὑπὸ
3755 736 3883 799 τοὺς

2307 829 2474 892 πόδας
2508 829 2640 893 ἴδοις
2680 828 3091 900 ἐπενηνεγμένα
3139 830 3265 891 τοὺς
3295 827 3452 891 σούςη
3492 827 3568 891 ὡς
3596 826 3692 880 xui
3745 827 3882 897 μετὰ

2305 921 2487 992 πάσης
2517 921 2701 985 ἀδείας
2727 921 2825 984 τὰς
2856 921 3035 974 αὐτῶν
3056 921 3316 990 πατήσεις
3337 919 3599 987 κεφαλάς.

2376 1017 2502 1067 Ὅτι
2519 1015 2610 1067 ἐπ’
2628 1014 2732 1084 ἐμὲ
2750 1015 2993 1082 ἤλπισε,
3009 1015 3107 1069 καὶ
3120 1016 3380 1083 ῥύσομαι
3401 1013 3604 1068 αὐτόν.
3621 1010 3879 1083 Είσφέρει

2302 1106 2361 1160 τὸ
2384 1106 2477 1160 τοῦ
2505 1107 2640 1160 Θεοῦ
2665 1108 2976 1178 πρόσωπον,
3003 1106 3191 1178 μισθὸν
3220 1105 3321 1176 τῆς
3359 1104 3593 1167 πίστεως
3623 1104 3724 1174 τὴν
3765 1121 3873 1156 σω-

2300 1201 2496 1270 τηρίαν
2545 1199 3027 1270 ἐπαγγελλόμενον.
3059 1199 3240 1252 Ταῦτα
3285 1197 3469 1252 λοιπὸν
3504 1200 3532 1250 ὀ
3575 1197 3685 1249 τῶν
3735 1196 3873 1249 ὅλων

2300 1293 2402 1364 ἔφη
2441 1292 2592 1355 Θεὸς,
2631 1292 2892 1345 διδάσκων
2920 1291 3002 1355 τίς
3028 1291 3055 1342 ὁ
3103 1292 3199 1362 τῆς
3233 1289 3443 1354 ἐλπίδος
3475 1290 3704 1362 καρπός.
3751 1288 3874 1341 Ῥύ-

2301 1401 2461 1455 σομαι
2488 1384 2593 1454 γὰρ
2622 1384 2803 1446 αὑτὸν,
2828 1384 3010 1453 φησὶν,
3030 1385 3093 1436 ὲκ
3123 1381 3550 1453 τῶνείρημένων
3581 1380 3796 1454 ὁρατῶν
3811 1395 3875 1434 τε

2299 1474 2392 1528 xui
2417 1474 2662 1544 ἀοράτων
2694 1473 3011 1538 ἐπιϐούλων,
3046 1475 3111 1544 τῇ
3146 1475 3250 1544 ἐμῇ
3274 1472 3447 1527 ὲλπίδι
3497 1473 3876 1544 φραξάμενος·

2297 1564 2382 1617 διὰ
2398 1565 2554 1617 τοῦτο
2580 1564 2744 1618 αὑτὸν
2770 1564 3084 1634 φρουρήσω,
3116 1565 3210 1617 xui
3233 1562 3523 1626 καλοῦντος
3547 1564 3877 1634 ἀκούσομαι,

2299 1657 2392 1709 xui
2418 1655 2514 1727 τὴν
2536 1657 2717 1726 δέησιν
2746 1656 2987 1727 δέξομαι.
3021 1656 3313 1710 Σκεπάσω
3341 1655 3530 1709 αὐτὸν
3548 1698 3561 1718 ,
3593 1655 3683 1708 ὅτι
3723 1656 3879 1722 ἔγνω

2297 1745 2364 1798 τὸ
2389 1744 2576 1815 ὄνομά
2595 1764 2733 1814 μου.
2763 1746 2837 1797 Οὐ
2869 1745 3049 1816 μόνον,
3084 1745 3242 1816 φησὶ,
3279 1743 3388 1797 τῶν
3419 1743 3880 1797 ἐπιϐουλευόντων

2297 1838 2420 1899 τοὺς
2445 1836 2683 1906 ἐμαυτοῦ
2712 1836 2965 1907 ῥύσομαι,
2988 1835 3125 1889 ἀλλὰ
3147 1837 3255 1906 γὰρ
3281 1836 3374 1889 xui
3395 1836 3492 1906 τὴν
3519 1835 3877 1907 ἀτελεύτητον

627 1933 856 1987 salutari
885 1934 1078 2005 dignos
1105 1937 1334 1991 habebo.
1356 1936 1453 1991 Est
1474 1947 1653 1991 autem
1685 1938 1921 1992 salutare
1949 1949 2194 1995 nostrum

2296 1925 2476 1989 αὐτοῖς
2501 1926 2796 1996 χαρίσομαι
2828 1925 2971 1997 ζωήν
2995 1940 3008 1954 ⁸
3044 1926 3140 1979 xui
3186 1924 3292 1996 μὴν
3335 1925 3427 1978 xui
3466 1924 3558 1977 τοῦ
3603 1926 3873 1996 σωτηρίου

622 2023 782 2080 Jesus
811 2025 1080 2094 Christus,
1102 2029 1193 2097 qui
1222 2044 1321 2084 nos
1346 2030 1413 2084 ad
1436 2046 1636 2086 novum
1670 2041 1943 2086 certamen
1963 2032 2190 2101 inducit,

619 2124 673 2169 et
702 2115 862 2171 eliicit
891 2127 951 2173 ut
981 2136 1104 2174 eum
1137 2120 1229 2176 illo
1263 2137 1574 2192 regnemus.

695 2299 780 2353 l5.
809 2299 1076 2354 Clamabit
1129 2302 1196 2355 ad
1240 2318 1322 2356 me
1352 2313 1400 2359 et
1444 2321 1536 2375 ego
1575 2306 1877 2361 exaudiam.
1907 2306 2040 2361 Cum
2076 2323 2189 2361 ma-

617 2407 723 2462 gna
752 2393 949 2448 mentis
979 2409 1108 2450 voce
1129 2394 1446 2452 clamaverit
1491 2398 1556 2451 ad
1597 2413 1706 2461 me,
1756 2413 1844 2452 me
1894 2400 2191 2454 exaudien-

618 2493 726 2538 tem
787 2493 841 2539 et
896 2497 1226 2541 annuentem
1290 2488 1392 2556 ipsi
1463 2488 1714 2557 reperiet.
1769 2487 1993 2559 Semper
2043 2491 2187 2545 enim

617 2579 809 2632 adsum
838 2579 936 2642 illi,
970 2580 1023 2633 in
1057 2581 1250 2648 quavis
1277 2581 1568 2636 occasione
1599 2591 1866 2637 versetur.

691 2670 777 2724 l6.
814 2669 1164 2741 Lougitudine
1187 2673 1390 2726 dierum
1421 2675 1624 2743 replebo
1648 2693 1786 2740 eum,
1839 2686 1888 2730 et
1917 2678 2189 2732 ostendam

617 2759 698 2812 illi
721 2760 956 2814 salutare
994 2778 1179 2818 meum.
1231 2762 1481 2818 Salutare
1539 2765 1670 2819 illud
1710 2776 1794 2821 est
1841 2769 1957 2836 ipse
2008 2767 2191 2821 Domi-

617 2868 719 2906 nus
756 2861 939 2906 noster
959 2851 1117 2908 Jesus
1144 2853 1420 2918 Christus,
1453 2857 1547 2924 qui
1599 2871 1698 2910 nos
1759 2856 1812 2909 in
1857 2873 2057 2912 novum
2092 2874 2191 2914 sae-

615 2941 796 2994 culum
863 2942 1110 3005 induxit,
1166 2951 1221 2997 et
1273 2942 1452 2997 eﬂ'ecit
1508 2953 1568 2997 ut
1636 2959 1760 2999 cum
1833 2946 1925 3000 illo
1997 2964 2191 3019 regna-

615 3046 725 3174 Nil.“
733 3046 976 3176 ἓέΑιΜ
986 3119 1073 3178 US
1096 3124 1288 3177 cantici
1323 3123 1496 3178 David
1533 3126 1588 3178 in
1618 3126 1703 3178 die
1731 3125 1970 3182 Sabbati.
2003 3125 2152 3183 XCI.

1192 3276 1593 3343 Argumentum.

615 3360 1017 3428 Sabbatismus,
1066 3364 1181 3420 sive
1241 3363 1562 3430 Sabbatum,
1593 3367 1809 3423 videtur
1857 3385 1978 3426 esse
2008 3369 2189 3427 futura

685 3455 996 3515 luereditas.
1044 3457 1175 3527 quia
1237 3457 1454 3513 labores
1529 3460 1758 3529 hujusce
1808 3463 1932 3517 vitae
1975 3465 2192 3533 requies

679 3551 950 3620 excipiet,
1005 3550 1164 3606 nobis
1245 3553 1470 3620 praemia
1529 3562 1714 3608 nostra
1776 3555 2188 3624 accipientibus.

681 3641 892 3696 Laudat
920 3641 1083 3712 igitur
1117 3642 1352 3697 futuram
1395 3644 1539 3698 illam
1584 3645 1850 3715 requiem.

682 3802 735 3854 2.
764 3801 973 3856 Bonum
997 3811 1073 3855 est
1106 3801 1346 3870 conﬁteri
1399 3799 1642 3855 Domino.
1671 3802 1884 3860 Laudes
1914 3807 2186 3873 enuntiat,

610 3902 664 3948 et
696 3895 763 3949 iis
801 3894 1143 3950 celebrandis
1170 3895 1256 3948 die
1316 3904 1581 3966 nocteque
1632 3898 2005 3954 indesinenter
2028 3917 2190 3955 vaca-

611 3997 792 4044 turum
823 4003 880 4042 se
933 3987 1220 4058 promittit,
1268 4003 1365 4057 pro
1426 3990 1590 4059 gestis
1624 3992 1832 4047 scilicet
1888 3991 2182 4062 Unigeuiti.

609 4079 815 4150 Ecquid
849 4078 974 4135 fecit
1001 4080 1146 4135 aliud
1178 4096 1339 4152 quam
1364 4084 1508 4151 quod
1543 4085 1996 4140 resurrectionem
2029 4087 2186 4144 nobis

605 4166 853 4236 paravit?

682 4256 734 4308 5.
766 4255 848 4310 Ad
895 4258 1320 4311 annuntiandum
1369 4271 1519 4312 mane
1568 4261 1984 4317 misericordiam
2015 4274 2181 4322 tuam.

610 4344 693 4400 Ad
721 4347 1155 4403 annuntiandum
1219 4350 1458 4405 diluculo
1521 4353 1953 4410 misericordiam
2009 4364 2180 4422 tuam,

608 4447 662 4492 et
696 4435 1006 4494 ﬁrmitatem
1038 4449 1184 4495 tuam
1218 4443 1270 4496 in
1296 4453 1452 4498 nocte

677 4529 733 4584 4.
760 4529 828 4583 In
858 4530 1184 4586 decachordo
1216 4535 1490 4602 psalterio,
1509 4551 1624 4589 cum
1653 4539 1856 4592 cantico
1880 4539 1935 4592 in
1950 4538 2177 4597 cithara.

2215 3283 2262 3345 C

2295 2015 2616 2080 καταξιώσω
2647 2016 2741 2070 τοῦ
2777 2015 3036 2087 ἐμαυτοῦ.
3085 2016 3186 2086 Εἴη
3231 2015 3288 2068 δὲ
3337 2015 3398 2068 τὸ
3428 2017 3693 2087 σωτήριον
3719 2016 3877 2086 ήμῶν

2306 2108 2511 2180 Ἰησοῦς
2572 2109 2806 2180 Χριστὸς
2831 2151 2845 2171 ,
2902 2110 2931 2161 ὁ
2969 2111 3063 2162 xui
3098 2111 3178 2172 είς
3222 2109 3313 2162 τὸν
3346 2108 3465 2162 νέον
3506 2110 3652 2180 ἡμᾶς
3686 2108 3876 2178 ἀγῶνα

2293 2201 2548 2270 εἰσάγων,
2576 2204 2672 2255 καὶ
2703 2202 3122 2273 συμϐασιλεύειν
3143 2202 3292 2273 αὐτῷ
3314 2201 3772 2272 παρασκευάζων.

2362 2291 2721 2360 Κεκράξεται
2748 2294 2895 2362 πρὸς
2923 2294 3023 2363 μὲ,
3058 2295 3157 2348 καὶ
3184 2296 3617 2364 ἐπακούσομαι.
3651 2298 3868 2368 Κεκρα-

2290 2382 2401 2452 γὼς
2428 2384 2484 2437 δὲ
2523 2387 2589 2454 τῇ
2642 2386 2740 2456 τῆς
2770 2385 2947 2457 ψυχῆς
2983 2386 3360 2458 μεγαλοφωνίᾳ
3392 2388 3528 2457 πρὸς
3589 2387 3690 2458 ἐμὲ
3713 2428 3728 2450 ,
3775 2390 3877 2440 ὲπ-

2289 2477 2556 2532 ακούοντά
2579 2495 2665 2549 με,
2698 2479 2792 2532 xui
2828 2480 3141 2533 ἐπινεύοντα
3176 2480 3323 2548 αὑτῷ
3346 2482 3587 2553 εὑρήσει.
3619 2483 3733 2535 Ἀεὶ
3758 2482 3870 2554 γὰρ

2290 2569 2437 2640 αὐτῷ
2468 2572 2718 2640 πάρειμι,
2750 2571 2850 2626 κᾶν
2874 2574 2931 2625 ὲν
2962 2573 3280 2644 περιστάσει
3306 2575 3566 2646 τυγχάνῃ.

2356 2663 2708 2729 Μακρότητα
2735 2663 2967 2732 ἡμερῶν
2992 2665 3282 2733 ἐμπλήσω
3305 2665 3510 2728 αὑτὸν,
3541 2668 3640 2720 καὶ
3691 2666 3869 2732 δείξω

2289 2749 2448 2815 αὐτῷ
2478 2749 2542 2802 τὸ
2572 2751 2866 2819 σωτήριόν
2897 2770 3037 2820 μου.
3081 2755 3178 2824 Είη
3227 2755 3283 2808 δὲ
3317 2753 3474 2807 τοῦτο
3506 2755 3566 2807 τὸ
3604 2757 3875 2827 σωτήριον

2288 2839 2447 2903 αὐτὸς
2487 2840 2516 2891 ὁ
2569 2840 2774 2911 Κύριος
2811 2841 2968 2912 ἡμῶν
3015 2842 3219 2913 Ἰησοῦς
3268 2846 3295 2896 ὁ
3322 2846 3573 2917 Χριστὸς,
3608 2847 3636 2898 ὁ
3673 2846 3768 2898 καὶ
3796 2849 3877 2909 εἰς

2289 2932 2379 2984 τὸν
2417 2932 2536 2985 νέον
2579 2933 2726 3002 ἡμᾶς
2755 2932 2924 2986 αἰῶνα
2948 2935 3275 3003 εἰσαγαγὼν,
3308 2936 3402 2988 xui
3445 2936 3875 3006 συμϐασιλεῦσαι

2289 3023 2436 3094 αὐτῷ
2461 3025 2555 3078 xui
2583 3043 2657 3077 πα
2666 3025 3037 3094 ρασκευάζων.

2510 3119 2816 3171 ΨΑΛΜΟΣ
2842 3117 3002 3183 ᾠδῆς
3020 3187 3026 3189 Α
3045 3122 3132 3184 εἰς
3164 3118 3280 3186 τὴν
3302 3119 3529 3189 ἡμέραν
3551 3120 3657 3174 τοῦ

2838 3187 3158 3242 Σαϐϐάτου.
3204 3191 3319 3255 ιιΑκ

2934 3280 3260 3346 Ύπόθεσις.

2307 3373 2365 3425 Ὀ
2395 3371 2769 3442 Σαϐϐατισμὸς
2794 3413 2808 3437 ,
2841 3371 2962 3442 ἦτοι
2987 3372 3049 3424 τὸ
3082 3373 3359 3426 Σάϐϐατον
3379 3414 3393 3438 ,
3431 3373 3515 3445 εἴη
3562 3374 3628 3427 ᾰν
3657 3378 3691 3446 ή
3743 3375 3872 3446 μέλ-

2361 3463 2524 3515 λουσα
2555 3462 2909 3534 κληρονομία,
2944 3465 3026 3516 ὅτι
3053 3465 3147 3516 xui
3189 3467 3491 3528 ἀνάπαυσις
3522 3467 3648 3528 τοὺς
3677 3467 3872 3523 ἐνθάδε

2361 3555 2554 3620 πόνους
2599 3555 2930 3622 διαδέξεται,
2982 3555 3080 3620 τὰς
3124 3556 3356 3627 ἀμοιϐὰς
3413 3558 3571 3630 ήμῶν
3622 3559 3868 3630 δηλονότι

2361 3644 2804 3716 ἀποληψομένων.
2833 3647 2984 3700 Αἰγεῖ
3005 3642 3096 3700 οῦν
3120 3648 3332 3719 ἐκείνην
3363 3648 3462 3721 τὴν
3493 3651 3869 3722 γενησομένην

2359 3737 2682 3790 ἀνάπαυσιν.

2372 3826 2609 3895 Ἀγαθὸν
2646 3825 2714 3879 τὸ
2759 3825 3247 3897 ἐξομολογεῖσθαι
3278 3827 3359 3894 τῷ
3401 3830 3615 3897 Κυρίῳ.
3651 3831 3870 3886 Αίνεσιν

2290 3915 2668 3986 προϐάλλεται,
2701 3899 2853 3987 φησι,
2883 3918 2976 3970 xui
2995 3917 3198 3988 ταύτην
3228 3918 3437 3991 ἡμέρας
3457 3937 3515 3973 τε
3544 3921 3638 3974 xui
3670 3923 3871 3985 νυκτὸς

2287 4006 2580 4071 ἀπαύστως
2611 4007 2950 4077 ὑπισχνεῖται
2987 4009 3309 4078 καταλέγειν
3334 4011 3420 4081 ἐφ’
3449 4005 3530 4076 οἷς
3565 4014 3868 4086 πεποίηκεν

2288 4097 2316 4149 ὁ
2365 4097 2692 4168 Μονογενής.
2736 4098 2845 4149 Καὶ
2870 4097 2922 4149 τί
2970 4100 3268 4170 πεποίηκεν
3323 4099 3356 4170 ἢ
3408 4102 3510 4172 τὴν
3564 4101 3866 4157 ἀνάστασιν

2289 4189 2416 4256 ἡμῖν
2442 4187 2850 4258 παρεσκεύασεν
2869 4205 2882 4252 ;

2363 4277 2471 4332 Τοῦ
2499 4278 2895 4348 ἀναγγέλλων
2919 4278 2984 4333 τὸ
3016 4279 3165 4347 πρωῒ
3193 4278 3258 4332 τὸ
3289 4280 3462 4348 ἔλεός
3483 4297 3620 4337 σου.
3653 4285 3861 4355 Ἀπαγ-

2285 4369 2492 4437 γέλλειν
2528 4369 2648 4422 κατ’
2676 4369 2869 4441 ὄρθρον
2896 4369 2956 4421 τὸ
2985 4369 3130 4433 ἔλεός
3151 4389 3266 4436 σου,
3294 4371 3386 4425 xui
3409 4372 3506 4442 τὴν
3533 4372 3866 4446 βεϐαιότητά

2286 4475 2378 4511 σου
2403 4459 2543 4512 κατὰ
2580 4457 2768 4512 νύκτα.

2369 4552 2471 4604 Ἐν
2497 4550 2838 4620 δεκαχόρδῳ
2867 4551 3196 4620 ψαλτηρίῳ,
3208 4551 3337 4620 μετ’
3360 4550 3603 4620 ᾠδῆς-ὲν
3625 4554 3860 4622 κιθάρᾳ.

609 4620 1016 4678 Decachordum
1053 4624 1368 4694 psalterium
1419 4629 1551 4682 dicit
1584 4644 1806 4700 corpus,
1845 4633 1986 4701 quod
2018 4633 2180 4688 habet

2292 4644 2616 4716 Δεκάχορδον
2655 4643 2952 4714 ψαλτήριον
3002 4644 3063 4696 τὸ
3106 4644 3266 4715 σῶμά
3299 4662 3492 4714 φησιν,
3539 4646 3634 4699 ἆτε
3698 4620 3862 4700 πέντε

607 4712 851 4782 quinque
889 4728 1106 4780 sensus,
1169 4725 1223 4770 et
1277 4718 1517 4788 quinque
1569 4719 1764 4774 animae
1799 4723 2174 4791 operationes;

606 4818 703 4872 per
734 4805 979 4876 singulos
1016 4806 1274 4864 nimirum
1317 4823 1512 4864 sensus
1564 4809 1789 4880 singulae
1831 4822 1957 4868 sunt
1982 4814 2178 4869 animae

605 4900 969 4966 operationes.

678 4989 730 5042 5.
765 4989 905 5055 Quia
965 4991 1241 5046 delectasti
1292 5009 1390 5058 me,
1434 4993 1675 5058 Domine,
1714 4996 1771 5048 in
1819 4998 2030 5066 factura
2061 5007 2174 5054 tua.

602 5076 846 5133 Cernens
869 5087 956 5133 tua
982 5080 1194 5150 Opiﬁcia
1217 5092 1271 5137 et
1292 5082 1616 5140 ineﬂ‘abilem
1637 5087 1998 5142 oeconomiam
2025 5100 2171 5144 tuam

602 5169 818 5224 exsulto
841 5181 894 5225 et
934 5173 1144 5242 gaudeo
1167 5217 1180 5240 ,
1241 5186 1405 5246 atque
1430 5192 1496 5231 ex
1532 5179 1728 5236 mentis
1753 5182 2023 5251 voluptate
2073 5183 2176 5236 lino

602 5277 763 5330 guam
794 5263 858 5316 ad
892 5264 1122 5334 hymnos
1156 5270 1428 5325 canendos
1464 5286 1674 5326 moveo.

673 5353 726 5407 6.
744 5355 915 5420 Quam
941 5360 1281 5428 magniﬁcam
1304 5372 1425 5415 sunt
1463 5380 1620 5428 Opera
1649 5366 2130 5433 tua,Dontine,etc.
2155 5372 2168 5425 !

603 5443 717 5515 Ego
741 5447 983 5515 quidem,
1001 5450 1097 5514 ait,
1118 5466 1278 5519 opera
1311 5463 1398 5507 tua
1425 5455 1724 5521 celebrans,
1749 5459 2168 5527 profunditatem

601 5539 994 5607 cogitationum
1027 5553 1241 5596 tuarum
1277 5561 1621 5616 summopere
1671 5550 1856 5612 miror,
1902 5552 2090 5608 videns
2107 5569 2168 5607 ea

600 5647 722 5699 qure
750 5633 802 5684 in
839 5635 1042 5687 mundo
1077 5635 1273 5691 fecisti.
1307 5637 1409 5692 Sed
1449 5641 1768 5706 insipientes
1802 5658 1910 5696 non
1968 5645 2164 5700 intelli-

600 5740 733 5790 gunt
780 5725 1195 5791 profunditatem
1238 5731 1499 5800 mysterii.

671 5815 1104 5887 7.Viriusipiens
1148 5839 1248 5875 non
1280 5836 1569 5893 cognoscet,
1625 5838 1726 5881 clc.
1765 5826 1942 5883 Variis
1993 5831 2167 5884 modis

598 5905 700 5962 hoc
728 5912 993 5980 enuntiat,
1039 5915 1297 5984 quoniam
1357 5919 1446 5987 qui
1498 5930 1674 5976 mente
1701 5932 1934 5991 mgrctus
1984 5934 2065 5980 cst
2114 5934 2165 5980 ct

2282 4736 2560 4806 αἰσθήσεις
2591 4736 2711 4806 ἕχον
2740 4735 2834 4788 xui
2857 4736 3014 4787 πέντε
3047 4737 3326 4808 ἐνεργείας
3369 4736 3547 4807 ψυχῆς
3569 4777 3584 4800 ,
3621 4737 3691 4790 δι’
3725 4740 3857 4792 ἑκά-

2283 4843 2416 4897 στης
2436 4828 2738 4898 αἰσθήσεως
2766 4826 3054 4898 γινομένης
3078 4827 3356 4898 ἐνεργείας
3384 4829 3637 4900 ἑκάστης.

2349 5011 2469 5065 Ὀτι
2501 5012 2803 5081 εὔφρανάς
2830 5029 2926 5081 με,
2961 5014 3158 5081 Κύριε,
3191 5015 3262 5068 ἐν
3291 5015 3371 5080 τῷ
3401 5015 3686 5086 ποιήματι
3719 5036 3856 5075 σου.

2290 5103 2461 5174 Ὁρῶν
2492 5104 2599 5173 γάρ
2636 5120 2728 5156 σου
2767 5102 2866 5167 τὰς
2904 5104 3264 5177 δημιουργίας
3306 5108 3399 5160 xui
3437 5108 3536 5173 τάς
3580 5111 3859 5183 ἀρρήτους

2276 5196 2583 5266 οἰκονομίας
2616 5197 2919 5268 ἀγάλλομαί
2969 5216 3028 5251 τε
3057 5200 3152 5252 xui
3194 5199 3471 5272 γάνυμαι,
3519 5205 3613 5257 xui
3644 5207 3716 5278 τῇ
3757 5205 3858 5277 τῆς

2274 5287 2451 5358 ψυχῆς
2482 5287 2636 5358 ἡδονῇ
2669 5287 2768 5360 τὴν
2795 5288 3040 5357 γλῶτταν
3072 5291 3150 5353 εἰς
3175 5291 3445 5361 ὑμνῳδίαν
3482 5294 3638 5348 κινῶ.

2357 5379 2451 5442 Ὡς
2477 5379 2849 5447 ἐμεγαλύνθη
2883 5381 2955 5433 τὰ
2979 5381 3123 5451 ἔργα
3150 5397 3286 5448 σου,
3311 5384 3520 5451 Κύριε]
3556 5385 3699 5453 Ἐγὼ
3731 5387 3850 5458 μὲν,

2274 5468 2425 5538 φησί,
2465 5470 2531 5521 τὰ
2582 5469 2650 5522 σὰ
2702 5470 2836 5542 ἔργα
2882 5471 3158 5542 ἀνυμνῶν,
3189 5473 3283 5526 xui
3317 5472 3379 5526 τὸ
3406 5474 3568 5544 βάθος
3595 5476 3705 5529 τῶν
3747 5479 3852 5531 σῶν

2272 5560 2543 5631 λογισμῶν
2573 5562 2967 5632 ἐκπλήττομαι,
2999 5556 3073 5614 ὧν
3100 5564 3156 5616 ὲν
3183 5567 3247 5634 τῇ
3276 5566 3556 5637 οἰκονομίᾳ
3586 5569 3846 5637 εἰργάσω.

2286 5653 2422 5706 Ἀλλ’
2452 5655 2499 5705 οἱ
2529 5653 2760 5723 ἄφρονες
2782 5654 2841 5706 οὺ
2873 5654 3084 5706 συνιᾶσι
3111 5654 3202 5708 τοῦ
3233 5656 3531 5727 μυστηρίου
3562 5657 3622 5709 τὸ
3661 5658 3840 5728 βάθος.

2354 5837 2522 5904 Ἀνὴρ
2548 5837 2750 5906 ἄφρων
2773 5842 2844 5892 οὐ
2876 5840 3181 5908 γνώσεται.
3232 5845 3513 5914 Διαφόρως
3551 5845 3726 5902 ταῦτα
3767 5850 3844 5902 εἷ-

2274 5945 2456 5999 ρηκεν,
2491 5931 2571 5984 ὅτι
2601 5933 2627 5984 ὁ
2650 5931 2746 5995 τὰς
2770 5932 2970 6003 φρένας
2999 5934 3166 5988 νοσῶν
3200 5934 3291 5989 xui
3321 5936 3588 6004 συνέσεως
3644 5938 3846 6012 ἔρημος
