4070 6442
188 405 293 459 405

188 520 395 575 τούτων
455 518 603 572 οὐδὲν
655 516 929 585 γινώσκει,
970 514 1091 567 οὔτε

190 627 415 665 τουτων.

277 702 381 755 Ἐν
434 699 514 764 τῷ
556 695 858 750 ἀνατεῖλαι
911 695 1293 763 ἁμαρτωλοὺς
1333 693 1477 746 ὡσεὶ
1525 693 1761 761 χόρτον.

194 795 255 846 οι
285 792 360 861 μὴ
385 788 672 851 συνιέντες,
723 788 856 857 φησί
881 828 895 852 ,
928 788 989 839 τὸ
1025 788 1324 857 μυστήριον
1370 786 1523 855 δίκην
1570 783 1765 853 χόρτου

192 881 427 942 ἔσονται,
464 878 536 949 μὴ
564 878 776 948 ἔχοντες
806 878 864 931 τὸ
883 877 1041 947 βάθος
1065 876 1281 948 δηλαδὴ,
1307 878 1400 930 καὶ
1430 875 1638 945 ταχέως
1666 890 1765 926 πε-

194 972 416 1025 σοῦνται
447 971 540 1023 καὶ
570 970 630 1037 ir,
640 969 1015 1039 ρανοήσονται.

266 1062 377 1116 Καὶ
406 1061 790 1130 ὑψωθήσεται
809 1063 888 1124 ὡς
901 1057 1309 1128 μονοκέρωτος
1340 1057 1405 1111 τὸ
1438 1059 1614 1125 κέρας
1624 1074 1765 1125 μου.

194 1154 388 1217 Ὀταν,
436 1153 619 1223 φησὶν,
657 1150 981 1205 ἀπολοῦνται
1014 1155 1062 1204 oi
1095 1150 1278 1220 ἐχθροὶ
1319 1150 1411 1202 καὶ
1454 1150 1769 1220 διασκορπι-

196 1245 507 1314 σθήσονται,
542 1244 660 1296 τότε
692 1243 755 1313 δὴ
786 1244 904 1298 τότε
939 1243 999 1295 τὸ
1023 1243 1151 1313 ἐμὸν
1178 1242 1364 1313 κέρας,
1406 1241 1680 1294 τουτέστιν
1733 1244 1765 1311 ή

196 1336 487 1407 βασιλείαή
510 1334 906 1405 ἡτοιμασμένη,
928 1333 1229 1406 περιφανὴς
1247 1335 1553 1404 γενήσεται.
1583 1333 1768 1403 Ἡμεῖς

195 1430 251 1483 δὲ
285 1431 333 1483 οἱ
366 1430 465 1499 τὴν
517 1429 616 1501 σὴν
653 1429 945 1497 ἐπίγνωσιν
986 1428 1216 1498 ἔχοντες,
1272 1428 1371 1498 τὴν
1420 1428 1527 1479 τῶν
1561 1426 1769 1496 ἐχθρῶν

197 1539 297 1575 σου
327 1521 623 1575 κατάλυσιν
656 1520 1013 1591 θεασάμενοι,
1055 1520 1423 1591 γαυριάσομεν
1451 1521 1541 1572 ἐπὶ
1568 1519 1648 1571 σοὶ
1679 1519 1772 1571 καὶ

199 1612 346 1683 μέγα
402 1614 742 1683 φρονήσομεν
767 1630 780 1642 ·
840 1612 934 1665 ἆτε
989 1613 1053 1683 δὴ
1106 1613 1205 1687 τῆς
1255 1609 1513 1664 πολυθὲου
1565 1611 1773 1678 πλάνης

195 1702 628 1773 ἀπηλλαγμένοι,
661 1703 753 1757 καί
785 1720 843 1756 σε
881 1703 972 1755 τὸν
1006 1703 1132 1755 ὄντα
1162 1702 1589 1774 προσκυνοῦντες
1620 1702 1769 1755 Θεόν.

199 1796 310 1850 Τὸν
340 1795 449 1866 γὰρ
482 1797 787 1867 μονόκερων
818 1794 1048 1849 ἐνταῦθα
1082 1794 1241 1848 πάλιν
1281 1797 1633 1867 παρήγαγεν,
1688 1794 1772 1846 ἵνα

196 1886 289 1939 διὰ
330 1886 423 1939 τοῦ
474 1887 590 1950 ἐνὸς
645 1887 870 1958 κέρατος
919 1887 1009 1940 τὸν
1053 1886 1147 1939 ἕνα
1204 1885 1573 1957 παραδη).ιτισῃ
1618 1885 1770 1938 Θεόν.
1808 1865 1846 1921 Β

200 1979 418 2049 ’Ὠσπερ
450 1977 557 2048 γὰρ
586 1980 759 2031 ἐκεῖνο
805 1979 863 2032 τὸ
905 1976 1043 2041 ζῶον
1073 1978 1130 2029 ἒν
1164 1976 1320 2029 ἔλαϐε
1367 1976 1517 2058 ποιρά
1545 1976 1643 2046 τῆς
1674 1975 1773 2043 φύ-

199 2084 341 2132 (πως
391 2068 557 2140 κέρας
587 2085 599 2098 °
641 2068 785 2121 οὕτω
831 2069 928 2139 τῆς
960 2068 1237 2133 εὐσεΰείας
1269 2068 1318 2121 οἱ
1338 2067 1591 2138 τρόφιμοι
1647 2068 1773 2137 μίαν

200 2159 642 2229 προσκυνήσαντι
661 2156 905 2227 Θεότητα.
932 2156 1041 2210 Καὶ
1069 2157 1131 2211 τὸ
1156 2156 1344 2226 γῆράς
1360 2174 1478 2225 μου
1503 2158 1571 2210 ἐν
1598 2157 1775 2224 ἐλαίῳ

202 2250 388 2303 πίονι.
418 2248 574 2303 Μετά
602 2248 728 2311 τοὺς
761 2248 978 2313 πόνους,
1014 2247 1196 2319 φησὶν,
1225 2247 1318 2311 οὓς
1347 2248 1621 2318 ὑπομένω,
1655 2248 1774 2299 τότε

199 2334 269 2406 δὴ
306 2335 471 2389 οἱονεὶ
500 2335 663 2406 ἐλαίῳ
709 2336 984 2406 χρήσομαι
1013 2338 1093 2400 εἰς
1138 2336 1402 2405 βασίλειον
1445 2338 1772 2407 ἱεράτευμα’

204 2427 306 2480 καὶ
333 2425 491 2479 τοῦτό
534 2443 623 2496 μοι
650 2426 803 2479 ἔσται
828 2426 934 2480 τῶν
965 2427 1191 2499 μακρῶν
1213 2428 1282 2479 πό
1294 2445 1389 2480 μων
1419 2429 1479 2480 τὸ
1514 2428 1702 2499 γέρας.

278 2517 388 2573 Καὶ
418 2516 656 2573 ἐπεῖδεν
698 2518 1064 2587 ὀ-ὀφθαλμός
1108 2537 1226 2589 μου
1266 2520 1337 2573 ἐν
1392 2520 1514 2586 τοῖς
1547 2521 1780 2589 ἐχθροῖς

198 2626 343 2679 μου.
377 2610 568 2663 Ἔσται
604 2626 693 2680 μοι
747 2608 905 2662 τοῦτο
952 2609 1091 2681 μετὰ
1125 2609 1233 2663 τῶν
1272 2610 1444 2664 ἄλλων
1492 2609 1690 2673 καλῶν,
1719 2610 1781 2662 τὸ

200 2700 404 2771 Θεατήν
453 2717 520 2771 με
560 2699 811 2769 γενέσθαι
857 2700 1169 2755 πιπτόντων
1209 2701 1318 2755 τῶν
1345 2700 1643 2755 ἐπιϐούλων
1678 2719 1778 2772 μου

204 2794 312 2864 τῆς
341 2792 540 2867 ψυχῆς·

282 2882 717 2952 Πεφυτευμένοι
745 2883 815 2936 ἐν
836 2883 915 2949 τῷ
942 2885 1083 2948 οἴκῳ
1110 2886 1351 2952 Κυρίου.
1392 2880 1551 2940 Οὗτοι
1573 2885 1648 2949 δὲ,
1680 2902 1783 2955 φη-

208 2977 319 3038 σὶν,
352 2976 399 3027 οἱ
423 2972 632 3037 τούτοις
663 2975 1051 3043 ἀπεικασμένοι
1078 2977 1186 3038 τοῖς
1223 2976 1454 3046 κέδροις,
1484 2975 1783 3045 φυτουργὸν

209 3067 315 3137 μὲν
351 3065 530 3135 ἔχουσι
566 3066 657 3119 τὸν
696 3066 848 3131 Θεὸν,
895 3067 1217 3137 παράδεισον
1244 3066 1299 3120 δὲ
1326 3067 1415 3119 τὸν
1451 3067 1591 3120 Θεῖον
1626 3065 1779 3119 νεών.

220 3153 322 3204 Ἐν
342 3152 472 3218 ταῖς
507 3153 722 3219 αὐλαῖς
747 3153 855 3208 τοῦ
884 3155 1031 3209 Θεοῦ
1061 3155 1231 3224 ἡμῶν
1251 3155 1649 3221 ἀνθήσουσιν.
1694 3157 1781 3209 Ἐν

1308 394 1658 451 εχρυδιτιο
1698 394 1762 450 IN
1806 392 2133 449 PSALMUM
2176 392 2330 447 XCII.

3323 389 3425 447 406

1146 518 1249 586 μὴν
1299 514 1587 568 ἀκούσεται
1635 531 1699 567 πε
1710 518 1762 586 pl.

1879 511 2219 582 intelligentia
2253 522 2478 572 vacuus,
2508 506 2640 561 nihil
2686 506 2880 561 horum
2927 505 3223 575 cognoscit,
3253 521 3425 573 neque

1864 604 2139 674 quidpiam
2171 602 2236 656 de
2263 601 2347 655 his
2373 599 2573 654 audiet.

1936 696 1988 750 8.
2022 696 2151 751 Cum
2174 695 2343 748 exorti
2372 693 2570 763 fuerint
2593 702 2884 761 peccatores
2933 691 3066 743 sicut
3100 689 3292 758 fenum.
3324 688 3425 755 Qui

1867 798 1974 839 non
2006 781 2310 850 intelligunt
2341 782 2679 851 mysterium,
2710 781 2805 847 ait,
2832 779 2988 850 quasi
3034 778 3213 833 ῐυιιιιιιι
3243 790 3424 841 erunt,

1868 889 1976 928 non
2028 872 2289 927 habentes
2342 871 2783 942 profunditatem,
2835 886 2901 925 ac
2964 871 3071 925 cito
3116 871 3331 933 cadent,
3376 878 3428 923 ct

1866 974 2132 1019 arescent.

1940 1056 2025 1109 H.
2062 1054 2129 1107 Et
2182 1053 2505 1108 excitabitur
2539 1052 2671 1107 sicut
2716 1054 2981 1107 unicornis
3034 1068 3195 1106 cornu
3238 1068 3425 1105 meum.

1868 1147 2116 1214 Quando,
2150 1148 2344 1216 inquit,
2376 1148 2627 1217 peribunt
2683 1145 2886 1201 inimici
2942 1154 2995 1200 et
3036 1146 3429 1215 dispergentur,

1870 1252 2000 1296 tunc
2044 1256 2214 1295 cornu
2244 1255 2447 1302 mcum,
2511 1240 2755 1295 videlicet
2798 1253 3023 1307 regnum
3053 1246 3431 1307 prteparatum,

1869 1332 2191 1402 praclarum
2231 1331 2351 1385 erit.
2385 1330 2494 1385 Nos
2532 1341 2735 1395 autem,
2788 1331 2881 1400 qui
2910 1338 2999 1384 tua
3029 1344 3217 1384 sumus
3253 1329 3435 1398 cogni-

1872 1424 2018 1478 tione
2070 1423 2343 1486 instructi,
2398 1438 2520 1476 cum
2567 1422 2778 1475 ruinam
2832 1419 3174 1474 inimicorum
3220 1429 3433 1473 tuorum

1871 1513 2560 1584 viderimus,gloriabimur
2592 1524 2644 1568 et
2667 1514 2833 1567 altum
2869 1512 3143 1581 sapiemus
3172 1511 3225 1565 in
3252 1520 3325 1579 te,
3353 1521 3436 1565 ut-

1874 1619 1996 1677 pote
2025 1623 2055 1662 a
2080 1608 2305 1661 deorum
2339 1607 2635 1660 multorum
2689 1620 2874 1660 errore
2913 1604 3149 1669 liberati,
3184 1614 3237 1659 ct
3264 1614 3316 1659 te
3343 1605 3435 1673 qui

1876 1715 1998 1755 vero
2026 1700 2168 1755 Deus
2203 1714 2262 1752 es
2298 1698 2607 1753 adorantes.
2637 1696 2770 1752 Nam
2824 1698 3087 1753 unicornu
3119 1699 3207 1753 hic
3246 1697 3435 1751 iterum

1874 1791 2178 1860 proposuit,
2212 1797 2270 1842 ut
2298 1804 2393 1859 per
2444 1803 2613 1842 unum
2670 1802 2859 1851 cornu,
2893 1803 3061 1841 unum
3114 1786 3438 1856 signiﬁcaret

1876 1884 2066 1939 Deum.
2092 1882 2560 1950 Quemadmodum
2599 1882 2739 1937 enim
2776 1881 2906 1935 illud
2938 1880 3156 1943 animal,
3212 1892 3377 1933 unum
3408 1895 3437 1930 ιι

1876 1986 2070 2031 natura
2118 1992 2289 2031 cornu
2346 1976 2552 2044 accepit
2581 1991 2594 2038 ;
2628 1974 2707 2027 sic
2750 1974 2954 2028 alumni
3014 1973 3231 2043 pictatis
3276 1988 3437 2025 unam

1876 2066 2181 2121 adorabunt
2206 2066 2477 2121 deitatem.
2518 2064 2580 2116 Et
2609 2074 2841 2119 senectus
2876 2081 2989 2117 mea
3039 2065 3090 2116 in
3114 2065 3224 2117 oleo
3243 2062 3437 2133 pingui.

1877 2156 2003 2209 Post
2030 2156 2242 2210 labores
2296 2170 2437 2224 quos
2487 2154 2745 2217 sustinui,
2788 2153 2985 2224 inquit,
3036 2163 3164 2207 tunc
3190 2169 3288 2206 ceu
3323 2153 3441 2206 oleo

1878 2258 1997 2301 utar
2031 2248 2098 2301 ad
2127 2247 2305 2317 regale
2365 2247 2766 2312 sacerdotium;
2811 2254 2865 2301 ct
2908 2246 3009 2301 hoc
3060 2246 3162 2300 erit
3215 2242 3349 2300 mihi
3390 2245 3440 2297 in

1877 2340 2256 2394 diuturnorum
2286 2338 2528 2392 laborum
2563 2338 2868 2407 prtemium.

1951 2495 2037 2549 19..
2098 2494 2165 2548 Et
2215 2494 2435 2564 respexit
2486 2495 2666 2547 oculus
2709 2509 2849 2547 meus
2908 2491 3144 2545 inimicos
3194 2506 3353 2545 meos.
3385 2487 3444 2545 ll

1883 2589 2012 2643 mihi
2043 2589 2182 2641 inter
2208 2588 2313 2641 alia
2338 2588 2479 2642 bona
2512 2585 2935 2657 computabitur,
2956 2582 3100 2654 quod
3129 2583 3445 2639 cadentibus

1882 2680 2290 2734 insidiatoribus
2320 2679 2514 2732 animae
2578 2694 2728 2743 mete,
2782 2678 3008 2747 hujusce
3044 2676 3119 2731 rei
3178 2685 3445 2747 spectator

1880 2788 1979 2842 ego
2018 2771 2207 2825 fuerim
2219 2812 2231 2826 .

1958 2865 2043 2926 15,
2078 2864 2164 2917 ii.
2193 2861 2431 2916 Plantati
2462 2864 2516 2916 in
2554 2860 2706 2916 domo
2737 2861 2967 2916 Domini.
3002 2859 3087 2924 lli,
3128 2861 3321 2931 inquit,
3354 2862 3446 2931 qui

1885 2956 2061 3011 ccdris
2090 2956 2195 3010 illis
2226 2957 2433 3011 similes
2468 2966 2615 3023 sunt,
2681 2956 2944 3011 cultorem
2994 2954 3194 3009 habent
3247 2953 3446 3017 Deum;

1884 3046 2196 3115 paradisum
2230 3062 2377 3109 vero,
2423 3047 2663 3099 divinum
2721 3046 3002 3115 templum.
3060 3043 3123 3098 In
3168 3045 3321 3099 atriis
3355 3043 3449 3099 Dei

1888 3137 2055 3192 nostri
2085 3137 2445 3206 ﬂorebnutJn
2494 3137 2744 3206 supernis
2801 3137 3006 3192 scilicet
3057 3136 3448 3200 mansionibus,

203 3246 331 3308 ταῖς
359 3244 469 3299 ἄνω
492 3245 731 3317 δηλονότι
756 3248 962 3316 μοναῖς,
986 3247 1051 3310 ἃς
1078 3218 1170 3300 καὶ
1194 3246 1363 3310 αὐλὰς
1391 3218 1527 3301 εἶναι
1555 3246 1647 3301 τοῦ
1677 3249 1782 3300 Κυ-

1886 3245 2019 3299 quas
2045 3231 2181 3285 atria
2209 3243 2330 3284 esse
2352 3227 2562 3283 Domini
2598 3227 2747 3282 dicit.

212 3336 333 3408 ρίου
362 3336 546 3407 φησίν.

292 3429 424 3481 Ἔτι
452 3427 984 3497 πληθυνθήσονται
1009 3427 1078 3481 ἐν
1109 3428 1264 3497 γήρᾳ
1306 3428 1466 3483 πίονι
1486 3467 1500 3491 ,
1542 3427 1640 3483 καὶ
1683 3430 1784 3483 εὐ-

208 3521 549 3586 παθοῦντες
580 3521 849 3574 ἔσονται.
881 3520 973 3584 Τὸ,
1006 3519 1399 3583 εὐπαθοῦντες,
1426 3521 1544 3574 ἀντὶ
1575 3520 1691 3584 τοῦ,
1726 3516 1786 3574 εὗ

210 3608 537 3677 πάσχοντες.
584 3608 997 3676 ’Λποδοϐήσεται
1038 3608 1145 3679 γὰρ
1178 3610 1362 3672 αὐτοῖς
1399 3608 1438 3663 ἂ
1484 3611 1788 3680 ὀφθαλμὸς

211 3699 332 3751 οὐκ
352 3692 492 3762 εἶδε,
528 3696 624 3749 καί
648 3691 757 3762 οὖς
781 3697 890 3749 οὑκ
913 3695 1200 3763 ἤκουσεν.

294 3789 423 3843 Ὅτι
452 3788 636 3856 εὺθὴς
663 3791 694 3842 ὀ
732 3791 946 3857 Κύριος
972 3792 1005 3843 ὁ
1037 3789 1179 3855 Θεὸς
1208 3788 1394 3859 ἡμῶν.
1450 3788 1698 3843 Ἐπειδὰν
1733 3791 1790 3841 ἐν

210 3883 341 3945 ταῖς
387 3880 498 3935 ἄνω
550 3884 738 3952 μοναῖς
788 3882 1066 3953 γενόμενοι
1116 3882 1429 3937 ἀπολαύωσι
1477 3882 1545 3935 τὰ
1568 3885 1791 3953 ἡτοιμα-

213 3975 395 4046 σμένα
422 3962 621 4042 ἀγαθά,
652 3974 773 4026 τότε
802 3974 866 4046 δὴ
894 3973 1014 4029 τότε
1047 3977 1141 4029 καὶ
1194 3974 1395 4045 ταύτην
1432 3973 1792 4043 ἀναγγελοῦσι

212 4068 320 4139 τὴν
342 4066 543 4137 φωνὴν,
574 4066 873 4131 ὠςδίκαιος
904 4068 1000 4121 καὶ
1026 4068 1188 4139 εὐθὴς
1212 4067 1363 4120 ἔσται
1406 4069 1433 4120 ό
1470 4067 1693 4139 Κύριος,
1736 4067 1793 4131 ὃς

213 4159 350 4223 τοὺς
386 4159 485 4228 μὲν
512 4158 860 4230 παρανόμους
885 4159 980 4211 καὶ
1008 4158 1225 4221 ἀσεϐεῖς
1253 4158 1409 4228 δίκην
1442 4157 1635 4228 χόρτου
1658 4158 1795 4210 ἀπο-

216 4250 557 4321 ξηρανθῆναι
581 4248 956 4321 παρεσκεύασε
981 4266 994 4279 ·
1029 4249 1156 4311 τοὺς
1179 4248 1236 4300 δὲ
1255 4240 1611 4312 δικαίουξκαὶ
1636 4248 1793 4300 εὐσε-

217 4344 339 4406 6εῖς
374 4336 462 4395 οἷα
504 4342 728 4413 κέδρους
771 4343 863 4395 καὶ
894 4339 1139 4412 φοίνικας
1171 4343 1229 4394 ὲν
1260 4343 1379 4403 ταῖς
1400 4340 1523 4395 ’ἄνω
1559 4339 1795 4408 κατεφύο

216 4448 381 4486 τευσε
419 4433 663 4501 σκηναῖς.
711 4430 925 4484 Ἀδικία
957 4432 1068 4485 οὐκ
1094 4430 1223 4484 ἔστι
1264 4430 1414 4501 παρά
1434 4430 1511 4501 τῷ
1538 4430 1675 4503 Θεῷ,
1709 4430 1797 4485 διὰ

218 4516 452 4575 τὸεῖναι
481 4520 641 4574 αὑτὸν
674 4519 869 4584 κακίας
894 4520 1257 4575 ἀνεπίδεκτον.

219 4615 326 4680 εἷς
356 4611 473 4680 τὴν
500 4611 728 4681 ἡμέραν
751 4611 858 4665 τοῦ
879 4610 989 4680 πρὸ
1023 4611 1128 4664 τοῦ
1168 4609 1491 4673 Σαϐϐάτου,
1533 4610 1630 4663 ὅτε
1662 4627 1797 4664 κατ-

366 4703 583 4770 ᾠκιστο
617 4706 655 4773 ἠ
694 4703 790 4774 γῆ,
824 4703 991 4770 αἶνος
1021 4700 1178 4771 ᾠδῆς
1201 4701 1281 4768 τῷ
1309 4703 1507 4756 Δαυΐδ.
1546 4704 1659 4769 ιιιιν.

848 4794 1167 4858 ’Υπόθεσιᾳ

224 4892 334 4955 Είς
355 4887 420 4941 τὸ
447 4886 746 4941 Σάϐϐατον
773 4887 831 4938 ὲν
852 4884 929 4955 τῷ
955 4883 1275 4957 προλαϐόντι
1321 4882 1520 4953 ψαλμῷ
1545 4881 1796 4953 δηλοῦται

298 4986 335 5053 ἡ
363 4981 591 5053 δευτέρα
617 4981 887 5053 παρουσία
919 4981 1012 5035 τοῦ
1041 4980 1269 5049 Κυρίου,
1318 4979 1437 5034 καθ’
1462 4980 1529 5050 ἣν
1571 4980 1665 5032 καὶ
1699 4980 1795 5049 βα-

302 5073 539 5127 σιλεύσει
588 5073 681 5126 τοῦ
719 5074 840 5126 νέου
875 5072 1068 5136 αἰῶνος
1102 5070 1238 5142 μετά
1264 5070 1369 5124 τῶν
1402 5071 1571 5139 ἁγίων
1609 5069 1794 5125 αὑτοῦ.

296 5166 552 5238 Δηλονότι
578 5165 659 5229 τὸ,
694 5163 805 5232 πρὸ
837 5162 1160 5228 Σαϐὄὰτου,
1203 5163 1269 5217 ἂν
1296 5162 1381 5233 εἴη
1414 5164 1447 5233 ἡ
1480 5160 1666 5233 πρώτη
1699 5162 1798 5213 αῦ-

301 5256 399 5310 τοῦ
425 5256 717 5327 παρουσία,
746 5256 833 5308 ὅτε
859 5255 952 5308 καὶ
978 5257 1011 5327 ἡ
1040 5255 1110 5324 γῆ
1142 5254 1494 5322 κατῴκισται,
1522 5251 1799 5304 τουτέστιν

304 5350 397 5402 ὅτε
420 5349 453 5417 ἡ
491 5345 781 5417 Ἐκκλησία
806 5345 953 5417 πάσῃ
980 5349 1047 5418 τῇ
1074 5344 1362 5416 οἰκουμένῃ
1396 5340 1797 5412 τεθεμελίωται,

303 5437 414 5490 τῶν
436 5437 604 5505 ἁγίων
641 5436 948 5490 ἀποστόλων
975 5436 1213 5506 δηλονότι
1255 5434 1351 5488 καὶ
1397 5431 1798 5501 εὐαγγελιστῶν

305 5528 397 5583 τὸν
426 5528 553 5600 περὶ
588 5526 821 5600 Χριστοῦ
847 5526 1317 5596 καταγγειλὰντων
1347 5528 1499 5597 τῇγῇ
1530 5525 1705 5593 λόγον.

316 5794 361 5825 ⁸⁸
402 5793 569 5849 ICor.
622 5808 680 5859 tt,
710 5792 761 5846 9.

1960 3406 2044 3459 i5.
2082 3404 2264 3458 Adhuc
2299 3403 2790 3474 multiplicabuntur
2834 3406 2889 3458 in
2918 3412 3124 3457 senecta
3180 3402 3346 3468 uberi,
3401 3412 3451 3457 et

1888 3497 2010 3551 bene
2026 3499 2279 3566 patientes
2307 3506 2478 3551 erunt.
2502 3496 2639 3551 Bene
2660 3497 2943 3566 patientes,
2965 3496 3302 3566 quasidicas,
3318 3496 3453 3551 bene

1891 3590 2203 3645 tolerantes.
2234 3589 2513 3644 Dabuntur
2540 3592 2684 3643 enim
2715 3589 2821 3645 illis
2865 3605 2983 3659 qua:
3008 3589 3190 3643 oculus
3233 3605 3339 3643 non
3380 3590 3428 3644 vi

1888 3684 1988 3747 dit,
2036 3700 2126 3737 nec
2156 3685 2303 3736 auris
2329 3682 2527 3736 audivit
2551 3681 2613 3736 ⁵³.

1962 3773 2047 3827 16.
2074 3771 2340 3837 Quoniam
2382 3781 2553 3825 rectus
2606 3770 2860 3823 Dominus
2908 3768 3047 3824 Deus
3074 3779 3270 3825 noster.
3302 3768 3456 3825 Post-

1892 3878 2053 3933 quam
2104 3864 2159 3917 in
2224 3862 2473 3933 supernis
2514 3862 2882 3917 mansionibus
2941 3860 3212 3917 constituti
3266 3870 3454 3931 parata

1896 3956 2034 4009 bona
2066 3955 2207 4010 nacti
2234 3954 2456 4019 fuerint,
2493 3953 2634 4008 hanc
2657 3952 3055 4007 annuntiabunt
3084 3966 3295 4019 vocem,
3314 3951 3457 4022 quod

1891 4048 2072 4118 justus
2104 4057 2157 4101 et
2192 4055 2371 4101 rectus
2402 4046 2470 4100 sit
2494 4044 2780 4111 Dominus,
2805 4047 2897 4113 qui
2927 4045 3145 4114 iniquos
3176 4052 3231 4099 et
3259 4044 3456 4113 impios

1897 4155 1994 4194 ceu
2039 4137 2221 4193 fenum
2275 4151 2521 4192 arescere
2559 4136 2717 4201 iecit;
2764 4136 2944 4205 justos
2992 4144 3170 4188 autem
3216 4142 3270 4189 et
3314 4134 3457 4203 pios,

1896 4229 2050 4298 quasi
2086 4228 2279 4283 cedros
2336 4239 2387 4283 ct
2420 4227 2658 4297 palmas,
2710 4227 2763 4280 in
2796 4227 3044 4297 supernis
3096 4226 3466 4281 tabernaculis

1899 4320 2182 4391 plantavit.
2227 4318 2294 4372 Et
2323 4336 2420 4374 non
2444 4329 2518 4374 est
2554 4319 2805 4389 iniquitas
2840 4317 2894 4372 in
2929 4316 3055 4385 Deo,
3083 4316 3211 4388 quia
3241 4316 3458 4371 malitize

1898 4430 2064 4485 capax
2094 4428 2202 4467 non
2224 4423 2325 4466 est.

1829 4567 1873 4624 D
1900 4569 1967 4624 In
2003 4569 2141 4624 diem
2184 4578 2303 4623 ante
2345 4567 2653 4630 Subbatum,
2683 4568 2889 4637 quando
2923 4562 3149 4635 fundata
3180 4572 3256 4618 est
3297 4573 3459 4633 terra,

2203 4661 2320 4713 laus
2368 4660 2560 4712 cantici
2603 4660 2703 4727 ipsi
2730 4656 2921 4721 David,
2961 4653 3147 4710 XCII.

2482 4751 2878 4820 Argumentum.
3343 4802 3350 4811 ι

1898 4840 1954 4895 1η
1983 4841 2299 4911 ριάιοοᾶθηιὶ
2324 4841 2531 4911 psalmo
2558 4857 2653 4911 per
2680 4840 2793 4894 haec
2808 4838 2968 4894 verba
3002 4854 3018 4891 :
3062 4835 3124 4889 In
3151 4835 3288 4889 diem
3322 4834 3457 4889 Sab-
3520 4857 3533 4862 ο

1969 4936 2099 5003 bati,
2132 4935 2438 4991 declaratur
2487 4933 2760 4988 secundus
2821 4929 3121 4984 Salvatoris
3175 4928 3457 4994 adventus,

1971 5028 2189 5098 quando
2219 5025 2464 5099 regnabit
2486 5026 2539 5078 in
2571 5039 2770 5078 novum
2798 5020 3054 5077 smculum
3110 5034 3233 5073 cum
3258 5018 3460 5073 sanctis

1975 5118 2108 5173 suis.
2138 5116 2320 5171 Palam
2356 5126 2533 5171 autem
2564 5124 2645 5169 est
2678 5113 2829 5177 illud,
2860 5120 2981 5165 ante
3012 5108 3324 5174 Sabbatum,
3368 5108 3435 5163 de

1974 5211 2189 5279 signare
2244 5208 2476 5279 priorem
2533 5206 2652 5275 ejus
2706 5205 3014 5265 adventum,
3069 5199 3286 5270 quando
3321 5208 3459 5254 terra

1975 5302 2221 5356 habitata
2252 5310 2354 5367 est,
2387 5299 2441 5354 id
2479 5308 2563 5353 est
2594 5296 2811 5368 quando
2834 5292 3075 5347 Ecclesia
3106 5293 3159 5346 in
3188 5300 3302 5346 toto
3327 5291 3457 5345 orbe

1984 5392 2206 5449 fundata
2242 5400 2343 5457 cst,
2370 5389 2571 5447 sanctis
2603 5386 2864 5459 apostolis
2898 5393 2952 5440 et
2999 5382 3345 5454 evangelistis
3395 5380 3462 5435 de

1978 5490 2197 5545 Christo
2260 5498 2561 5542 sermonem
2614 5496 2706 5552 per
2757 5487 2927 5535 totum
3004 5476 3189 5531 orbem
3261 5487 3459 5529 renun-

1978 5581 2252 5639 tiantibus.
