4070 6466
654 394 756 449 407

727 514 779 566 1.
801 511 1049 568 Dominus
1079 526 1329 586 regnavit,
1354 520 1587 573 decorem
1603 520 1815 573 indutus
1832 530 1925 574 est.
1943 522 2208 586 Quoniam
2242 525 2285 581 Α

659 607 952 661 humanum
977 623 1146 677 genus
1176 610 1471 666 abscedens
1496 629 1525 666 a
1553 628 1717 681 regno
1748 611 1864 676 Dei,
1902 614 2003 668 sub
2032 623 2212 685 tyran-

660 700 783 752 nide
808 698 1019 755 Satanae
1050 701 1171 764 fuit,
1204 705 1326 757 Ideo
1352 706 1566 758 advenit
1613 703 1953 775 Unigenitus,
1987 716 2042 761 ut
2078 707 2209 761 illud

658 807 871 845 rursum
902 794 1118 862 proprio
1147 804 1360 863 sceptro
1384 797 1691 865 subjiceret.
1734 798 1824 852 Dei
1847 809 2022 853 autem
2045 800 2210 854 deco-

655 899 793 947 l't'ltt,
820 884 988 953 ipsius
1014 886 1227 955 generis
1272 888 1496 941 salutem
1545 904 1666 943 esse
1694 889 1844 944 dicit.
1898 889 2011 945 Nisi
2064 891 2207 946 enim

657 977 969 1030 incarnatus
1008 976 1236 1042 fuisset,
1266 990 1541 1049 assumpta
1584 991 1775 1050 prmter
1798 993 2075 1052 peceatum
2112 1000 2209 1038 na-

656 1077 776 1121 tura
804 1077 1011 1133 nostra,
1040 1070 1184 1124 nulla
1220 1087 1350 1125 sane
1376 1073 1534 1127 nobis
1566 1075 1713 1129 salus
1750 1073 1959 1130 fuisset.
1995 1075 2209 1144 Oportet

655 1162 794 1213 enim
832 1178 948 1213 eum
979 1178 1192 1231 regnare
1224 1164 1385 1217 donec
1412 1176 1571 1231 ponat
1606 1182 1778 1220 omnes
1808 1168 2047 1220 inimicos
2087 1184 2207 1222 suos

657 1254 750 1304 sub
780 1252 992 1320 pedibus
1028 1255 1138 1307 suis
1167 1256 1232 1308 ".
1260 1254 1486 1309 lndutus
1512 1266 1588 1310 est
1634 1257 1885 1312 Dominus
1934 1260 2208 1327 fortitudi-

658 1359 771 1395 nem
801 1353 849 1395 et
869 1345 1142 1411 prd-cinxit
1165 1360 1237 1397 se.
1271 1342 1427 1399 Hisce
1449 1355 1772 1415 rcportatam
1792 1348 1857 1402 de
1886 1349 2210 1406 adversariis

656 1436 1009 1502 potestatibus
1062 1436 1344 1490 victoriam
1402 1436 1555 1491 nobis
1599 1438 1885 1507 signiﬁcat,
1920 1455 2082 1507 quam
2109 1456 2207 1496 ceu

656 1527 980 1581 militaribus
1027 1529 1196 1582 armis
1222 1529 1517 1585 instructus
1540 1532 1740 1585 retulit.
1777 1531 1982 1587 Etenim
2025 1534 2211 1602 firma-

655 1620 723 1670 rit
751 1617 925 1671 orbem
967 1630 1118 1674 terra:
1155 1625 1243 1689 qui
1292 1640 1394 1675 non
1442 1624 1865 1678 commovebitur.
1916 1623 2207 1695 Postquam

656 1710 799 1771 illos.
853 1712 1192 1769 adversarios
1234 1716 1443 1771 scilicet
1486 1716 1780 1778 dzemones,
1836 1717 2207 1788 proﬂigasset,

654 1801 951 1859 Ecclesiam
1004 1808 1288 1862 constituit
1341 1824 1503 1876 supra
1555 1818 1801 1878 petram,
1850 1810 1935 1866 cui
1969 1827 2036 1865 ne
2082 1811 2210 1882 ipsa:

653 1897 871 1964 quidem
898 1909 1066 1968 porta:
1092 1899 1247 1955 inferi
1278 1902 1661 1971 przevalt-bunt.

720 2170 774 2226 ἓ.
805 2170 1037 2227 Paratus
1076 2175 1291 2229 thronus
1336 2184 1457 2229 tuus
1489 2192 1553 2229 ex
1580 2185 1723 2231 tunc.
1761 2179 1875 2236 Hoc
1904 2182 1981 2236 ait
2020 2184 2145 2253 quia
2176 2200 2207 2240 a

650 2265 1041 2320 constitutione
1063 2266 1251 2320 mundi
1278 2266 1515 2323 futuram
1543 2284 1638 2338 per
1669 2272 1895 2328 salutem
1922 2274 2091 2344 ipsius
2107 2276 2205 2333 de-

652 2357 864 2411 tinierat
896 2357 1172 2412 hominum
1194 2361 1405 2430 generis
1427 2364 1673 2417 salutem.
1695 2362 1973 2420 Thronum
2009 2368 2208 2437 quippe

652 2448 724 2501 ait
742 2455 1059 2517 potestatem
1079 2449 1358 2519 judicandi
1392 2453 1736 2508 adversarios
1756 2466 1975 2511 nostros
2004 2459 2206 2513 daemo-

652 2553 765 2591 nes.
813 2536 1287 2595 Resnrrectionem
1341 2551 1520 2595 autem
1571 2544 1839 2615 signiﬁcat
1902 2545 2201 2618 Unigeniti.

650 2624 731 2679 Tu
771 2628 934 2695 igitur
968 2629 1102 2697 ipse,
1148 2630 1245 2693 ait,
1277 2629 1527 2696 Domine,
1552 2636 1644 2704 qui
1682 2652 1825 2691 nunc
1854 2637 1920 2691 ad
1948 2654 2067 2693 eam
2092 2655 2203 2695 rem

648 2719 805 2787 quasi
835 2720 887 2772 in
908 2719 1149 2789 judiciuli
1183 2724 1379 2779 throno
1412 2725 1589 2791 sedes,
1628 2729 1968 2798 utjudicium
2002 2733 2207 2789 scilicet

654 2807 797 2863 t‘cras
828 2819 882 2864 et
913 2826 1013 2866 nos
1041 2812 1302 2881 vindices,
1329 2826 1455 2871 ante
1485 2819 1681 2873 saecula
1711 2819 1873 2877 Deus.

715 2990 767 3043 3.
802 2988 1147 3046 Elevaverunt
1179 2995 1422 3062 ﬂumina,
1460 2997 1709 3065 Domine,
1741 3001 2064 3058 elevaverunt
2097 3006 2204 3076 ﬂu-

648 3082 790 3134 mina
824 3098 992 3135 vocem
1015 3099 1185 3140 suam.
1220 3085 1466 3142 Flumina
1500 3090 1585 3144 hic
1610 3101 1828 3146 sanctos
1848 3094 2122 3162 apostolos
2151 3104 2204 3150 et

1480 398 1534 453 S.
1579 396 1948 453 ATllANASll
1984 396 2134 454 Ol’P.
2176 396 2357 453 PARS
2408 396 2495 453 Ill.
2530 427 2598 439 --
2636 397 3046 455 EXECETICA.

3779 396 3883 455 ωε

2394 522 2457 575 Ὅ
2476 523 2689 590 Κύριος
2715 523 3131 585 ἐϐασίλευσεν,
3151 519 3512 591 εὐπρέπειαν
3526 519 3877 575 ἐνεδύσατο.

2324 614 2539 685 Ἐπειδὴ
2566 616 2626 667 τὸ
2653 615 2987 687 ἀνθρώπινον
3015 614 3191 683 γένος,
3217 612 3458 667 ἀποστὰν
3488 614 3585 684 τῆς
3611 614 3715 667 ὐπὸ
3742 611 3879 666 Θεοῦ

2312 703 2606 773 βασιλείας,
2656 707 2760 760 ὐπὸ
2795 706 2892 777 τὴν
2929 706 3215 777 τυραννίδα
3260 706 3449 773 γέγονε
3501 703 3594 758 τοῦ
3641 705 3877 771 Σατανᾶ,

2308 794 2496 849 τούτου
2527 797 2685 867 χάριν
2736 798 3077 869 ἐπεδήμησεν
3123 799 3152 850 ό
3196 797 3525 869 Μονογενὴς,
3583 798 3672 851 ἵνα
3712 799 3879 853 πάλιν

2310 888 2439 939 αὐτὸ
2470 890 2582 951 τοῖς
2610 889 2760 953 ἰδίοις
2782 889 3024 961 ὑποτάξῃ
3064 891 3383 960 σκήπτροις,
3417 889 3445 942 ὃ
3490 891 3584 943 καὶ
3622 891 3842 957 ἐγένετο
3862 908 3874 921 ·

2310 980 2442 1033 Θεοῦ
2476 982 2807 1052 εὐπρέπειαν
2840 982 2897 1036 δὲ
2930 982 3028 1053 τὴν
3069 984 3339 1054 σωτηρίαν
3378 983 3541 1036 αὐτοῦ
3565 983 3660 1035 τοῦ
3686 984 3880 1051 γένους

2308 1074 2491 1143 φησίν.
2520 1074 2582 1126 Εἰ
2619 1076 2692 1145 μὴ
2725 1074 2833 1146 γάρ
2868 1075 3207 1145 σεσάρκωται
3232 1117 3246 1139 ,
3287 1076 3386 1146 τὴν
3433 1075 3705 1146 ἡμετέραν
3753 1073 3879 1144 δίχα

2308 1163 2408 1232 τῆς
2436 1165 2705 1235 ἁμαρτίας
2744 1163 2921 1218 λαϐὼν
2969 1166 3161 1234 φύσιν,
3194 1166 3436 1236 δηλονότι
3482 1167 3582 1219 οὐκ
3632 1164 3698 1218 ἄν
3745 1166 3879 1234 ἡμῖν

2310 1258 2340 1325 η
2390 1257 2630 1326 σωτηρία
2691 1258 2923 1324 ἐγένετο.
2975 1257 3071 1311 Δεῖ
3130 1257 3245 1326 γὰρ
3295 1256 3482 1311 αὐτὸν
3518 1258 3880 1322 βασιλεύειν

2310 1344 2483 1413 ἄχρις
2519 1344 2590 1402 οὗ
2624 1347 2698 1401 ἂν
2744 1346 2821 1416 θῇ
2851 1346 3077 1413 πάντας
3100 1348 3241 1415 τοὺς
3282 1346 3533 1417 ἐχθροὺς
3582 1347 3702 1400 ὑπὸ
3732 1346 3880 1412 τοὺς

2310 1442 2500 1506 πόδας
2532 1438 2737 1493 αὐτοῦ.
2795 1438 3153 1492 Ἐνεδύσιιτο
3207 1440 3421 1507 Κύριος
3461 1438 3718 1507 δύναμιν
3774 1438 3880 1490 καί

2310 1530 2711 1600 περιεζώσατο.
2752 1530 2849 1583 Διά
2877 1530 3082 1583 τούτων
3111 1530 3210 1599 τὴν
3240 1528 3559 1600 καθαίρεσιν
3601 1530 3734 1599 ἡμῖν
3765 1528 3879 1581 τῶν

2309 1622 2698 1692 ἀντικειμένων
2746 1621 2997 1692 σημαίνει
3050 1620 3365 1691 δυνάμεων,
3419 1620 3486 1690 ἣν
3538 1619 3876 1688 πεποίηται,

2311 1715 2498 1785 ὥσπερ
2550 1714 2932 1784 στρατιωτικὸν
2989 1714 3173 1783 σχῆμα
3228 1711 3529 1766 ἀναλαϐών.
3604 1711 3713 1765 Καὶ
3763 1712 3878 1780 γὰρ

2310 1804 2635 1873 ἐστερέωσε
2663 1804 2775 1872 τὴν
2805 1806 3180 1873 οἰκουμένην,
3208 1804 3339 1871 ἣτις
3384 1806 3456 1858 οὐ
3499 1786 3878 1872 00.181103108-

2307 1915 2417 1952 ται.
2456 1897 2722 1961 Ἐκείνους
2744 1896 3071 1969 προανελὼν,
3093 1899 3218 1959 τοὺς
3244 1898 3649 1967 ἀντικειμένους
3682 1898 3877 1967 δηλον-

2306 1991 2387 2043 ότι
2440 1991 2718 2060 δαίμονας,
2751 1990 2977 2062 ἔστησεν
3000 1990 3093 2043 ἐπὶ
3124 1989 3330 2060 πέτραν
3366 1989 3465 2059 τὴν
3525 1989 3874 2060 Ἐκκλησίαν,

2305 2078 2373 2154 ἦς
2399 2082 2517 2135 οὐδὲ
2538 2082 2697 2136 αὐταὶ
2726 2082 3141 2151 κατισχύσουσιν
3169 2083 3226 2135 αἰ
3252 2081 3346 2135 τοῦ
3376 2081 3502 2153 ᾁδου
3536 2081 3723 2134 πύλαι.

2380 2175 2653 2245 Ἔτοιμος
2676 2176 2710 2229 ό
2732 2174 2943 2243 θρόνος
2961 2188 3077 2226 σου
3098 2173 3215 2227 ἀπὸ
3241 2173 3391 2227 τότε.
3418 2172 3588 2227 Τοῦτό
3608 2188 3761 2242 φησι,
3785 2171 3879 2225 διὰ

2306 2268 2366 2321 τὸ
2397 2267 2803 2339 προωρίσασθαι
2827 2266 2936 2320 ἀπὸ
2967 2265 3273 2336 καταϐολῆς
3297 2266 3499 2335 κόσμου
3526 2264 3624 2335 τὴν
3644 2263 3739 2317 τοῦ
3777 2264 3878 2317 ἀνα

2307 2358 2578 2429 θρωπίνου
2602 2357 2791 2425 γένους
2816 2355 3087 2426 σωτηρίαν
3113 2355 3378 2425 ἐσομένην
3418 2353 3507 2406 διὰ
3553 2354 3653 2423 τῆς
3696 2369 3879 2424 σωτη-

2308 2449 2429 2519 ρίας
2459 2447 2643 2501 αὐτοῦ.
2677 2446 2875 2518 Θρόνον
2902 2446 3010 2517 γὰρ
3037 2446 3139 2518 τὴν
3166 2449 3247 2509 εἰς
3278 2447 3339 2499 τὸ
3370 2444 3574 2516 κρίνειν
3609 2444 3733 2506 τούς
3756 2442 3878 2497 ἀδι-

2306 2541 2580 2611 κήσαντας
2627 2542 2773 2612 ἡμᾶς
2823 2540 3083 2611 δαίμονας
3110 2553 3126 2571 ·
3172 2538 3468 2593 ἀνάστασιν
3511 2537 3569 2590 δέ
3616 2536 3875 2607 σημαίνει

2303 2630 2397 2683 τοῦ
2422 2630 2776 2699 Μονογενοῦς.
2810 2631 2883 2685 Σὺ
2909 2625 3002 2683 οὖν
3033 2629 3215 2692 αὐτὸς,
3242 2629 3425 2697 φησὶν,
3470 2620 3515 2679 ὦ
3534 2626 3812 2689 Δέσποτα,
3843 2626 3874 2678 ό

2305 2722 2397 2775 νῦν
2424 2724 2504 2784 εἰς
2530 2721 2686 2774 τοῦτο
2715 2720 2899 2791 ὥσπερ
2924 2720 3018 2772 ἐπὶ
3040 2716 3346 2771 δικαστικοῦ
3380 2716 3568 2786 θρόνου
3613 2714 3870 2778 καθίσας,

2306 2815 2385 2876 εἰς
2414 2813 2474 2865 τὸ
2497 2811 2701 2882 κρίνειν
2726 2811 2965 2882 δηλονότι
2996 2811 3089 2865 καὶ
3108 2810 3339 2863 ἐκδικεῖν
3369 2808 3545 2880 ἡμᾶς,
3602 2805 3874 2877 ὑπάρχεις

2305 2907 2332 2957 ό
2356 2903 2461 2976 πρὸ
2485 2904 2590 2958 τῶν
2624 2902 2830 2956 αἰώνων
2860 2903 3008 2966 Θεός.

2388 2996 2652 3065 Ἐπῆραν
2680 2998 2732 3050 οἰ
2764 2994 3033 3064 ποταμοί,
3064 2996 3261 3062 Κύριε,
3288 2990 3518 3061 ἐπῆραν
3538 2996 3591 3045 οἰ
3616 2988 3875 3060 ποταμοί

2306 3089 2505 3158 φωνὰς
2531 3087 2746 3142 αὐτῶν.
2780 3088 3062 3157 Ποταμοὺς
3090 3085 3321 3141 ἐνταῦθα
3348 3086 3474 3146 τούς
3511 3082 3701 3152 ἁγίους
3735 3084 3874 3136 ἀποο

645 3174 1005 3242 evangelistas
1033 3176 1185 3243 dicit,
1225 3180 1318 3249 qui
1351 3179 1443 3235 Dei
1482 3181 1779 3238 Ecclesiam
1832 3185 2204 3254 spiritualibus

2309 3178 2524 3241 στόλους
2548 3178 2643 3230 καὶ
2662 3176 3046 3245 εὐαγγελιστάς
3072 3192 3256 3247 φησιν,
3282 3177 3331 3227 οἶ
3362 3176 3455 3228 καὶ
3482 3174 3580 3245 τὴν
3608 3173 3705 3226 τοῦ
3734 3173 3871 3227 Θεοῦ

647 3263 864 3319 ﬂuentis
888 3266 1249 3323 lmtillcarunt.
1276 3269 1487 3327 chtum
1521 3290 1755 3343 namque
1773 3274 1875 3329 fuit
1905 3276 2045 3331 illis:
2076 3276 2206 3330 Flu-

646 3358 789 3411 mina
825 3359 889 3411 de
923 3371 1095 3414 ventre
1122 3362 1234 3430 ejus
1266 3364 1427 3431 ﬂuent
1457 3382 1607 3434 aqua
1636 3367 1763 3422 viva:
1783 3365 1849 3422 “.

713 3516 766 3569 4.
805 3515 1077 3571 Hirabiles
1106 3520 1355 3573 elationes
1388 3522 1569 3575 maris.
1606 3520 1808 3590 Multae,
1857 3522 2053 3594 inquit,
2090 3541 2205 3597 my-

646 3607 921 3677 stagogite,
945 3612 1223 3665 sententia:
1250 3614 1621 3681 apostolorum
1650 3625 1705 3670 et
1745 3617 2201 3686 evangelistarum

645 3697 867 3764 ﬂuenta,
898 3700 1175 3757 mirabiles
1192 3702 1490 3758 eﬂecerunt
1532 3705 1792 3762 elationes
1838 3708 2027 3763 maris.
2056 3708 2204 3765 Mare

645 3795 824 3842 autem
842 3798 1019 3853 vocat,
1040 3791 1277 3861 gentium
1291 3806 1410 3861 quae
1421 3793 1765 3849 crediderunt
1780 3797 2201 3863 multitudinem,

643 3892 874 3946 quarum
902 3881 1186 3945 elationes,
1214 3882 1265 3937 id
1292 3893 1376 3938 est
1398 3886 1759 3941 sublimitates
1784 3903 1999 3954 sensus,
2043 3890 2203 3944 mira-

644 3970 779 4024 biles
808 3968 976 4026 fuere.
1002 3970 1117 4027 Non
1147 3976 1293 4029 enim
1322 3978 1460 4031 ultra
1489 3994 1651 4048 parva
1678 3989 1729 4034 et
1753 3981 1975 4035 humilia
1996 3982 2062 4037 de
2091 3982 2200 4038 Deo

642 4064 901 4128 sentiunt,
935 4064 1031 4121 sed
1057 4081 1250 4136 magna
1273 4076 1327 4123 et
1352 4068 1639 4126 mirabilia.

709 4357 763 4415 5.
806 4356 1126 4413 Testimonia
1150 4370 1241 4415 tua
1264 4363 1534 4418 credibilia
1557 4366 1701 4434 facta
1724 4379 1846 4422 sunt
1881 4372 2059 4429 nimis.
2093 4374 2197 4432 Te-

639 4450 893 4504 stimonia
921 4448 1053 4505 dicit
1081 4452 1349 4521 promissa
1381 4469 1476 4523 per
1506 4466 1725 4513 sanctos
1746 4461 2038 4531 prophetas
2068 4480 2197 4534 gen-

2320 3270 2641 3340 Ἐκκλησίαν
2660 3271 2771 3330 τοῖς
2801 3271 3184 3337 πνευματικοῖς
3211 3265 3589 3337 κατεύφραναν
3609 3264 3870 3335 νάμασιν.

2307 3363 2529 3435 Εἴρηται
2549 3361 2657 3432 γὰρ
2684 3361 2819 3433 πρὸς
2841 3360 3062 3423 αὐτούς·
3099 3359 3354 3429 Ποτειμοί
3393 3359 3461 3412 ἐκ
3494 3356 3622 3430 τῆςι
3636 3359 3870 3424 κοιλίας

2304 3454 2489 3509 αὐτοῦ
2500 3455 2834 3522 ῥεύσουσιν
2856 3451 3073 3517 ὕδατος
3096 3450 3326 3515 ζῶντος.

2378 3544 2715 3615 Θαυμαστοί
2753 3546 2809 3597 οἰ
2843 3543 3227 3613 μετεωρισμοί
3268 3539 3378 3610 τῆς
3402 3540 3741 3607 θαλάσσης.
3804 3542 3868 3595 Δί

2306 3636 2514 3700 πολλαὶ,
2564 3635 2730 3707 φησὶ,
2783 3634 3177 3705 μυσταγωγίαι,
3210 3634 3303 3686 καὶ
3352 3630 3420 3685 τὰ
3472 3633 3717 3703 νοήματα
3759 3632 3869 3686 τῶν

2305 3726 2611 3779 ἀποστόλων
2656 3726 2751 3779 καὶ
2808 3724 3205 3793 εὐαγγελιστῶν
3235 3724 3484 3794 νάματα,
3518 3722 3870 3794 θαυμαστοὺς

2304 3815 2567 3887 πεποίηκε
2589 3816 2687 3887 τῆς
2716 3813 2992 3885 Θαλάσσης
3016 3814 3141 3876 τοὺς
3182 3810 3608 3883 μετεωρισμούς.
3647 3811 3865 3866 Θάλασ-

2306 3925 2402 3962 σαν
2427 3906 2482 3960 δὲ
2512 3907 2659 3975 λέγει
2684 3905 2791 3959 τῶν
2816 3904 2981 3959 ἐθνῶν
2997 3903 3104 3958 τῶν
3130 3904 3532 3957 πιστευσάντων
3557 3903 3626 3956 τὰ
3659 3904 3863 3976 πλήθη,

2300 3994 2374 4053 ὧν
2404 4001 2497 4055 καὶ
2528 4001 2577 4053 οἰ
2636 3999 3035 4072 μετεωρισμοὶ,
3078 3997 3353 4050 τουτέστιν
3404 3998 3459 4050 αἰ
3494 3996 3730 4067 ὐψώσεις
3769 3996 3865 4052 τοῦ

2303 4095 2665 4163 φρονήματος,
2695 4091 3006 4165 θαυμασταὶ
3028 4089 3330 4158 γεγόνασιν.
3380 4090 3579 4143 Οὐκέτι
3617 4090 3728 4161 γὰρ
3776 4108 3868 4160 μι-

2301 4186 2409 4256 κρὰ
2434 4185 2525 4239 καὶ
2571 4185 2801 4240 ταπεινά
2832 4182 3086 4256 φρονοῦσι
3125 4185 3251 4255 περὶ
3278 4182 3434 4249 Θεοῦ,
3484 4182 3619 4236 ἀλλά
3651 4183 3865 4255 μεγάλα

2302 4278 2391 4330 καὶ
2420 4277 2724 4347 θαυμαστά.

2374 4371 2450 4423 Τὰ
2472 4369 2762 4439 μαρτύριά
2804 4386 2919 4425 σου
2938 4366 3358 4435 ἐπιστώθησαν
3389 4367 3646 4437 σφόδρα.
3701 4370 3860 4441 Μαρ-

2297 4463 2457 4535 τύρια
2491 4466 2589 4526 τὰς
2611 4461 2939 4531 ἐπαγγελίας
2972 4461 3135 4531 φησὶν
3170 4460 3236 4523 ἀς
3280 4460 3369 4513 διὰ
3394 4459 3503 4513 τῶν
3525 4458 3695 4527 ἁγίων
3728 4476 3862 4531 προ-

639 4542 782 4597 tibus
813 4542 972 4609 facta,
995 4560 1115 4613 qua:
1149 4546 1324 4601 tidelia
1356 4558 1409 4602 et
1440 4549 1594 4604 ﬁrma
1624 4567 1745 4607 esse
1794 4553 1845 4607 in
1881 4557 2193 4613 novissimis
2223 4572 2229 4627 1

2305 4555 2481 4626 φητῶν
2511 4558 2620 4619 τοῖς
2650 4554 2855 4607 ἔθνεσιν
2890 4553 3251 4624 ἐπηγγείλατο
3274 4595 3288 4617 ,
3318 4552 3384 4616 ἀς
3424 4552 3518 4605 καὶ
3552 4551 3749 4615 πιστάς
3771 4553 3861 4605 ἐπ’

637 4634 827 4689 diebus
859 4635 1115 4698 ostendit,
1150 4651 1245 4689 sua
1280 4641 1565 4705 praesentia
1590 4643 1857 4710 promissa
1895 4648 2187 4717 complens.

638 4724 860 4777 Domum
896 4735 1041 4779 tuam
1069 4727 1209 4780 decet
1236 4731 1560 4796 sanctitudo,
1587 4730 1824 4787 Domine.
1854 4734 2053 4794 Domus
2075 4740 2194 4809 ejus

637 4812 875 4870 Ecclesia
920 4826 1034 4881 est,
1074 4818 1161 4873 cui
1191 4820 1444 4873 convenit
1478 4822 1622 4890 quod
1653 4824 1722 4877 sit
1754 4836 1961 4891 sancta,
1994 4829 2194 4899 quippe

636 4922 757 4973 qua:
801 4922 925 4961 eum
978 4907 1371 4963 inhabitantem
1429 4911 1625 4965 habeat
1651 4913 1744 4983 qui
1776 4916 1925 4971 solus
1971 4929 2193 4975 sanctus

635 5007 752 5063 est;
782 5013 905 5052 eum
927 5008 1107 5053 autem
1131 4998 1183 5051 id
1213 4998 1413 5054 factum
1449 5002 1631 5069 fuerit,
1667 5014 1823 5060 nacta
1860 5012 2191 5078 perpetuita-

638 5096 742 5144 tetn
775 5089 1201 5145 sanctiﬁcatione
1232 5090 1457 5147 fruetur.

708 5178 1043 5237 PSALHUS
1072 5181 1263 5245 David,
1290 5196 1478 5253 quarta
1512 5185 1877 5243 Sabbatorum.
1898 5189 2120 5248 XCIII.

1215 5275 1609 5345 Argumentum.

636 5364 711 5419 De
742 5365 1078 5435 providentia
1120 5366 1208 5421 hic
1231 5384 1534 5424 sermonem
1572 5373 1749 5437 habet,
1785 5374 1988 5433 docens
2018 5388 2077 5431 ut
2126 5394 2193 5433 ne

704 5460 850 5511 anxii
917 5458 1123 5521 simus,
1184 5477 1357 5529 neque
1410 5464 1649 5517 animum
1710 5466 2189 5537 despondeamus,

704 5549 915 5602 etiamsi
956 5550 1019 5603 ad
1050 5549 1322 5616 quoddam
1358 5555 1617 5621 temporis
1656 5557 1887 5625 spatium
1918 5562 2190 5629 peccanti-

707 5642 807 5705 bus
856 5644 1209 5711 prosperitas,
1254 5643 1355 5711 piis
1409 5648 1713 5713 persecutio
1761 5651 1987 5707 eveniat.
2050 5650 2190 5707 Nihil

707 5813 803 5885 “1
838 5813 963 5872 Cor.
1003 5831 1091 5884 xv,
1122 5816 1208 5872 25.
1270 5815 1490 5879 “Joan.
1527 5833 1597 5870 vn
1628 5858 1641 5879 ,
1684 5816 1768 5869 58.

2298 4649 2539 4719 ἐσχάτων
2563 4646 2871 4713 ἐπεδείξατο
2893 4645 3000 4699 τῶν
3026 4644 3266 4717 ἡμερῶν,
3294 4647 3360 4715 τῇ
3381 4644 3557 4715 οἰκείᾳ
3586 4644 3861 4716 παρουσίᾳ

2296 4744 2442 4813 ἔργῳ
2469 4739 2709 4813 πληρῶν.
2753 4736 2836 4803 Τῷ
2866 4738 3010 4803 οἴκῳ
3033 4753 3147 4790 σου
3184 4736 3395 4803 πρέπει
3432 4735 3717 4805 ἀγίασμα,
3742 4734 3859 4790 Κύ-

2286 4850 2399 4901 ριε.
2455 4828 2613 4895 Οἶκος
2666 4831 2763 4901 μὲν
2790 4828 2952 4883 αὐτοῦ
2989 4830 3022 4898 η
3063 4827 3374 4899 Ἐκκλησία,
3412 4826 3608 4897 πρέπει
3636 4824 3682 4877 δ’
3716 4825 3857 4896 αὐτῇ

2294 4924 2352 4975 τὸ
2383 4923 2513 4991 άγία
2535 4922 2695 4982 εἶναι,
2722 4919 2814 4974 ἀτε
2839 4919 2928 4973 τὸν
2952 4919 3109 4989 μόνον
3134 4918 3286 4985 ἆγιον
3302 4916 3499 4986 ἔχουσα
3523 4914 3855 4968 ἐνοικοῦντας

2294 5013 2513 5067 ἐπειδάν
2539 5013 2595 5066 δὲ
2624 5012 2779 5065 τοῦτο
2806 5012 3051 5081 γένηται,
3091 5009 3186 5063 καὶ
3220 5007 3575 5077 ἀτελευτήτου
3621 5004 3857 5076 μεταλα-

2293 5110 2460 5162 6οὖσα
2486 5108 2777 5162 ἀπολαύσει
2798 5108 2888 5162 τοῦ
2918 5108 3272 5177 ἀγιάσματος.

2406 5200 2708 5255 ΨᾼΛΜΟΣ
2734 5198 2813 5265 τῷ
2830 5199 3005 5252 Δαυῒδ
3028 5196 3253 5265 τετράδι
3281 5192 3607 5250 Σαϐὄὰτων.
3633 5194 3746 5260 LI".

2912 5291 3235 5354 Ὑπόθεσις.

2292 5383 2395 5438 Τδν
2430 5383 2557 5453 περὶ
2581 5383 2831 5453 προνοίας
2865 5386 2921 5435 ἐν
2944 5382 3117 5451 τούτῳ
3145 5381 3354 5447 εἰσάγει
3388 5378 3562 5445 λόγον,
3585 5376 3850 5431 διδάσκων

2365 5474 2438 5545 μὴ
2488 5475 2762 5530 θλίδεσθαι
2791 5476 2885 5528 καὶ
2915 5476 3221 5545 ἀδημονεῖν,
3246 5473 3344 5527 κᾶν
3383 5474 3431 5524 εἰ
3483 5470 3618 5542 πρὸς
3663 5472 3845 5543 καιρὸν

2362 5569 2567 5635 γένοιτο
2596 5568 2688 5621 καὶ
2715 5570 2825 5631 τοῖς
2862 5568 3259 5639 ἁμαρτάνουσιν
3296 5565 3585 5636 εὐημερία,
3623 5563 3720 5616 καὶ
3743 5566 3847 5623 tot;

2363 5661 2602 5713 εὐσεϐέσι
2634 5660 2887 5730 διωγμός,
2917 5659 3080 5713 Οὐδὲν
3102 5658 3209 5730 γὰρ
3233 5656 3437 5711 τούτων
3469 5652 3730 5719 ὡσαύτως
3758 5652 3843 5739 με.
