4070 6450
189 378 293 437 409

1285 375 1648 432 EXPOSITIO
1686 378 1749 432 IN
1790 379 2120 437 PSALMUM
2164 376 2346 435 XCI“.

3308 380 3412 434 MO

252 511 358 560 νει,
385 493 521 550 ἀλλά
547 491 926 565 μεταϐαλεῖται
946 505 960 521 ο
988 491 1099 553 τοῖς
1131 491 1226 560 μὲν
1255 492 1288 560 ή
1316 489 1493 559 θλίψις
1520 492 1600 555 εἰς
1619 492 1746 544 αἰώ-

1922 510 2111 550 eorum
2146 494 2346 565 quippe
2375 493 2563 549 eadem
2602 491 2913 547 conditione
2937 501 3137 556 manet,
3166 494 3260 548 sed
3290 511 3410 548 mu-

251 602 366 641 νιον
397 586 693 641 ἀπόλαυσιν
721 582 939 650 ἀγαθῶν
958 621 972 646 ,
999 585 1109 645 τοῖς
1125 582 1181 634 δὲ
1208 582 1345 652 μετά
1376 584 1436 635 τὸ
1472 583 1658 636 δοκοῦν
1683 585 1752 637 τά

251 676 468 749 χρηπά
503 678 583 739 εἰς
622 675 1009 744 ἀτελευτήτους
1054 674 1256 737 αἰῶνας
1294 676 1328 745 ή
1374 674 1616 738 κόλασις.
1658 679 1753 729 Τε-

248 767 439 837 τρὰδα
463 767 519 820 δὲ
546 765 860 821 Σαϐϐάτων
887 764 1288 836 ἐπιγέγραπται
1308 804 1324 830 ,
1378 764 1467 819 διὰ
1497 766 1558 819 τὸ
1588 768 1646 819 ὲν
1674 766 1753 838 τῷ

247 856 495 926 τετάρτῳ
535 856 695 927 μηνί·
746 855 868 909 ἀντὶ
921 853 1031 925 γὰρ
1076 855 1169 907 τοῦ
1204 856 1371 927 μηνὸς
1402 855 1498 927 τὴν
1539 857 1751 927 ἡμέραν

246 946 494 1002 τέθεικεν
526 951 584 1000 ὲν
684 949 749 1016 τῇ
779 944 875 999 τοῦ
904 944 1041 998 Θεοῦ
1075 947 1227 1000 πόλει
1272 948 1371 1019 τὴν
1403 948 1576 1020 ἀρχὴν
1602 950 1752 1017 γενέ-

250 1038 377 1092 σθαι
397 1038 505 1091 τῶν
535 1036 855 1109 συμφορῶν,
888 1038 946 1090 ὲν
996 1038 1170 1108 τούτῳ
1210 1040 1750 1111 ἐπιστρατευσάντων

248 1126 623 1190 Βαϐυλωνίων,
643 1126 718 1191 ὡς
752 1124 1016 1196 Ἱερεμίας
1046 1128 1270 1198 ἱστορεῖ.

245 1307 393 1373 Θεὸς
432 1305 797 1375 ἐκδικήσεων
852 1307 1087 1375 Κύριος,
1122 1309 1155 1359 ό
1195 1305 1339 1373 Θεὸς
1381 1304 1751 1369 ἐκδικήσεων

180 1397 690 1466 ἐπαρρησιάσατο.
738 1399 947 1471 Ὠσπερ
990 1397 1121 1460 Θεὸς
1152 1398 1449 1467 οἰκτίρμων
1485 1399 1621 1459 ἐστὶ,
1656 1399 1749 1449 καὶ

178 1489 313 1551 Θεὸς
340 1489 755 1560 παρακλήσεων,
782 1488 925 1542 οὕτω
948 1489 1041 1541 καὶ
1066 1486 1199 1550 Θεὸς
1229 1486 1581 1557 ὲκδικήσεων.
1641 1488 1751 1539 Καὶ

178 1580 364 1643 πάλιν,
419 1579 577 1633 τοῦτο
611 1579 666 1633 δὲ
695 1583 754 1633 ὲν
811 1579 1077 1652 προοιμίῳ
1121 1578 1466 1650 παραμυθίαν
1510 1578 1749 1649 μεγάλην

176 1674 287 1734 τοῖς
316 1674 381 1725 ἐκ
403 1670 509 1723 τῶν
544 1669 774 1741 θλίψεων
799 1672 1153 1744 ἀκηδιάσασιν
1180 1670 1639 1743 ἀπεργαζόμενος.
1678 1672 1749 1724 Τὸ

175 1766 234 1818 δὲ
256 1804 271 1827 ,
304 1763 791 1834 ἐπαρρησιάσατο
809 1804 825 1830 ,
864 1763 963 1835 τὴν
991 1762 1128 1835 μετά
1158 1762 1330 1816 ταῦτα
1352 1762 1444 1816 ἐπὶ
1480 1761 1576 1815 τοῦ
1604 1762 1747 1817 θείου

1924 597 2107 641 tatur:
2141 588 2225 643 his
2255 588 2496 657 quidem,
2536 586 2785 654 angustia
2812 586 2863 637 in
2901 596 3214 655 perpetuam
3241 587 3411 641 bono-

1923 695 2044 734 rum
2078 681 2513 749 possessionem;
2544 678 2650 732 illis
2673 687 2853 731 autem
2883 692 2980 746 pro
3006 677 3164 733 bonis
3186 694 3306 748 qua:
3336 681 3411 732 vi-

1920 773 2190 827 debantur
2219 774 2437 836 habere,
2477 771 2801 840 supplicium
2858 770 2912 823 in
2942 770 3149 825 inﬁnita
3192 774 3408 826 saecula.

1924 862 2130 927 Quarta
2174 870 2351 915 autem
2402 859 2753 914 Sabbatorum
2801 860 3096 929 inscriptus
3132 870 3217 915 est
3266 863 3411 929 psal-

1922 968 2041 1006 mus
2066 992 2081 1015 ,
2139 951 2266 1021 quia
2304 961 2499 1020 quarto
2534 965 2721 1005 mense
2767 950 2992 1021 contigit
3032 951 3151 1015 (die
3206 952 3412 1005 scilicet

1920 1058 2019 1113 pro
2048 1058 2233 1097 mense
2265 1042 2489 1110 posito),
2520 1050 2577 1093 ut
2605 1041 2809 1094 civitati
2836 1039 2929 1094 Dei
2955 1041 3166 1094 initium
3192 1043 3410 1096 calami-

1923 1142 2090 1185 tatum
2123 1132 2349 1194 veniret,
2378 1130 2755 1185 obsidentibus
2783 1130 3109 1201 Babyloniis,
3138 1141 3198 1185 ut
3227 1146 3411 1188 narrat

1918 1223 2200 1278 Jeremias.

1910 1316 1962 1368 1.
1990 1313 2125 1366 Deus
2150 1313 2408 1366 ultionum
2440 1311 2695 1365 Dominus
2722 1351 2735 1373 ,
2766 1309 2903 1364 Deus
2950 1312 3213 1365 ullionum
3250 1313 3410 1368 libere

1847 1409 1969 1478 egit.
2015 1404 2486 1471 Quemadmodum
2544 1416 2628 1459 est
2674 1404 2818 1458 Deus
2863 1406 3299 1470 miserationum,
3359 1419 3408 1461 et

1850 1499 1992 1555 Deus
2033 1499 2493 1558 consolationum,
2527 1498 2598 1551 ita
2653 1506 2708 1550 et
2765 1495 2907 1550 Deus
2959 1498 3245 1551 ultionum.
3300 1497 3411 1554 Hoc

1850 1598 2029 1644 autem
2063 1590 2116 1643 in
2141 1588 2406 1660 prooemio
2444 1587 2681 1656 positum
2711 1603 2961 1655 magnam
2992 1588 3057 1642 iis
3079 1590 3409 1644 consolatio-

1850 1698 1971 1737 nem
2018 1681 2173 1737 all‘ert
2213 1682 2306 1751 qui
2339 1680 2388 1733 vi
2439 1679 2805 1732 calamitatum
2850 1678 2902 1730 in
2948 1693 3202 1749 angorem
3239 1681 3410 1750 conji-

1847 1773 2087 1829 ciuntur.
2143 1772 2278 1826 lllud
2308 1780 2487 1826 autem
2527 1790 2539 1825 :
2581 1769 2763 1822 Libere
2811 1770 2935 1837 egit,
2978 1770 3300 1825 scntcntiam
3354 1772 3407 1825 in

173 1855 526 1928 δικαστηρίου
562 1856 858 1926 γενομένην
908 1854 1181 1924 ἀπόφασιν
1218 1852 1360 1908 κατὰ
1391 1853 1498 1907 τῶν
1538 1853 1746 1907 ἀσεϐῶν

1848 1863 2032 1919 divino
2065 1862 2324 1916 tribunali
2355 1870 2544 1916 contra
2576 1861 2774 1931 impios
2808 1871 2993 1930 postca
3032 1861 3304 1918 ferendam
3334 1865 3410 1919 si-

172 1947 348 2019 δηλοϊ,
387 1941 422 2023 ᾖ
447 1964 605 2019 φησι·
635 1948 967 2015 Πορεύεσθε
989 1946 1089 2001 ἀπ’
1134 1945 1302 2015 ἐμοῦ,
1333 1948 1385 1999 οί
1418 1945 1744 2015 κατηραμέ-

174 2056 295 2093 νοι.

255 2130 501 2197 Ἀπόδος
530 2128 941 2185 ἀνταπόδοσιν
998 2127 1123 2194 τοῖς
1166 2130 1590 2201 ὑπερηφάνοις.
1637 2130 1743 2183 Εὐ-

171 2222 275 2293 χὴν
303 2221 447 2293 ὑπὲρ
472 2220 580 2275 τῶν
606 2218 933 2290 θλιϐομένων
977 2216 1325 2290 ἀναπέμπει,
1370 2217 1535 2271 αἰτῶν
1565 2216 1745 2279 αὐτοῖς

170 2312 495 2385 ἐπικουρίαν
524 2311 623 2382 τὴν
661 2311 812 2383 παρὰ
834 2309 925 2363 τοῦ
958 2310 1116 2380 μόνου
1147 2308 1417 2379 ἰσχύοντος
1446 2307 1600 2361 Θεοῦ.

244 2405 404 2468 Ἕως
431 2403 574 2457 πότε
605 2402 941 2471 ἀμαρτωοί
970 2399 1420 2470 καυχήσονται;
1468 2400 1577 2471 Τὴν
1617 2416 1745 2469 σφο-

168 2496 307 2566 δρὰν
364 2494 766 2566 ἀμνησικακίαν
811 2493 905 2546 καὶ
948 2491 1386 2563 ὑπερϐάλλουσαν
1423 2492 1512 2545 διὰ
1542 2491 1744 2545 τούτων

170 2586 577 2660 κατασημαίνει
604 2586 698 2639 τοῦ
721 2583 878 2638 Θεοῦ.

247 2679 365 2735 Τὸν
388 2680 541 2738 λαόν
562 2695 700 2742 σου,
744 2680 916 2747 Κύριε
938 2716 953 2741 ,
986 2676 1416 2733 ἐταπείνωσαν.
1457 2676 1550 2739 Εἰς
1587 2676 1743 2748 ζῆλον

167 2772 264 2825 τὸν
296 2769 438 2824 κατά
468 2768 576 2822 τῶν
596 2768 805 2840 ἐχθρῶν
837 2768 1090 2839 διεγείρει
1122 2768 1214 2822 τὸν
1236 2767 1387 2833 Θεὸν,
1426 2768 1553 2821 λαὸν
1580 2768 1743 2822 αὑτοῦ

170 2863 269 2920 καὶ
305 2858 666 2931 κληρονομίαν
696 2858 831 2912 εἰναι
870 2858 1040 2925 λέγων
1084 2857 1182 2929 τὴν
1221 2859 1563 2931 κακουμένην
1594 2861 1743 2931 παρά

172 2954 285 3008 τῶν
315 2950 547 3024 ἐχθρῶν.

242 3043 449 3114 Χήραν
480 3042 577 3098 καί
601 3042 865 3112 ὀρφανὸν
888 3041 1261 3097 ἀπέκτειναν.
1284 3042 1501 3097 Τούτων
1532 3042 1743 3115 εἴρηται

170 3139 205 3210 ή
242 3134 508 3208 ἑρμηνεία
536 3136 594 3188 ὲν
619 3133 698 3205 τῷ
730 3133 984 3205 ἀνωτέρω
1020 3133 1207 3204 στίχῳ,
1244 3133 1392 3204 ὅμως
1424 3130 1742 3202 λεχθήσεται

1845 1952 2081 2024 gniﬁcat,
2100 1966 2206 2022 qua
2233 1951 2310 2005 ait
2342 1968 2354 2002 :
2391 1950 2647 2005 Discedite
2671 1967 2704 2004 a
2736 1966 2835 2015 me,
2868 1950 3134 2005 maledicti
3165 1952 3231 2007 ⁸⁷.

1915 2132 1971 2187 2.
2006 2130 2183 2187 Redde
2213 2130 2606 2186 retributionem
2628 2130 2885 2199 superbis.
2920 2129 3022 2184 Pro
3053 2130 3261 2185 aiilictis
3286 2147 3409 2201 pre-

1844 2234 2022 2290 catur,
2058 2240 2255 2295 rOgans
2280 2240 2360 2279 eis
2396 2223 2659 2278 auxilium
2704 2239 2733 2277 a
2773 2222 2883 2278 Deo
2928 2223 3021 2293 qui
3070 2222 3219 2277 solus
3266 2224 3410 2279 valet

1844 2332 2000 2387 opem
2030 2316 2191 2371 ferre.

1917 2411 1970 2466 5.
2005 2411 2271 2481 Usquequo
2313 2420 2607 2478 peccatores
2660 2410 3067 2480 gloriabuntur?
3124 2408 3282 2464 Hisce
3326 2411 3406 2463 in-

1845 2513 2058 2574 gentem
2095 2502 2189 2555 Dei
2237 2502 2579 2556 clementiam
2625 2512 2680 2555 et
2722 2500 3043 2569 injuriarutn
3077 2501 3404 2553 oblivionem

1844 2590 2133 2661 significat.

1917 2682 1968 2735 5.
2016 2680 2279 2751 Populum
2343 2691 2511 2747 tuum,
2570 2680 2809 2747 Domine,
2851 2682 3273 2736 humiliaverunt.
3328 2681 3404 2735 Ad

1846 2775 1981 2830 iram
2018 2774 2278 2829 adversus
2336 2773 2586 2828 inimicos
2644 2773 2812 2827 Deum
2865 2774 3124 2839 concitat,
3157 2773 3286 2827 dum
3331 2777 3408 2827 ait

1845 2866 2103 2938 p0pulum
2131 2874 2185 2921 et
2216 2864 2583 2921 haereditatem
2608 2865 2729 2935 ejus
2754 2879 2876 2919 esse
2905 2879 3027 2933 qua:
3060 2864 3314 2934 aﬂligitur
3337 2863 3407 2917 ab

1846 2958 2100 3013 inimicis.

1914 3051 1969 3107 6.
2014 3048 2234 3103 Viduam
2257 3058 2309 3104 et
2351 3051 2604 3103 advenam
2649 3048 3044 3116 interfecerunt.
3080 3044 3282 3101 llorum
3325 3047 3407 3100 in-

1846 3141 2160 3213 terpretatio
2201 3142 2365 3196 allata
2399 3149 2483 3196 est
2522 3144 2577 3195 in
2622 3142 2891 3211 superiori
2941 3156 3127 3206 versu,
3167 3153 3407 3195 attamen

170 3231 272 3284 καὶ
295 3224 471 3290 αὖθις.
502 3226 690 3296 Χήραν
720 3224 897 3295 ψυχὴν
942 3225 1037 3277 nat
1071 3223 1409 3295 προσήλυτον
1451 3221 1575 3275 νοῦν
1610 3222 1743 3275 ἀπο-

1845 3235 2009 3291 etiam
2042 3250 2189 3290 nunc
2231 3234 2469 3288 dabitur.
2497 3231 2728 3287 Viduam
2766 3233 3003 3287 animam
3051 3241 3107 3287 et
3140 3233 3408 3288 advenam

170 3318 423 3375 κτείνειό
442 3315 625 3381 κακῶς
655 3314 753 3379 τὰς
784 3313 934 3374 θείας
959 3312 1181 3385 Γραφάς
1212 3311 1592 3385 ἐξηγούμενος.
1622 3311 1743 3382 Ὀρ-

170 3411 343 3485 φανδς
361 3409 419 3465 δέ
440 3409 555 3463 ἔστι
584 3406 709 3471 νοῦς
734 3406 1096 3479 ἐστερημένος
1120 3405 1374 3477 οὐρανίου
1402 3402 1638 3475 Πατρός.

244 3607 459 3677 Κίφιος
480 3602 751 3675 γινώσκει
772 3601 910 3668 τοὺς
929 3600 1357 3672 διαλογισμοὺς
1379 3599 1500 3654 τῶν
1523 3597 1749 3669 ἀνθρώ-

168 3714 325 3761 πων,
359 3696 448 3751 ὅτι
484 3694 603 3751 εἰσί
639 3693 898 3766 μάταιοι.
934 3691 1058 3757 Πῶς
1093 3691 1203 3763 γὰρ
1246 3690 1347 3746 οῦκ
1378 3692 1488 3744 εἰσι
1524 3689 1747 3761 ματαιό-

166 3810 335 3866 τητος
366 3790 594 3863 πλήρεις
614 3790 670 3847 αἰ
695 3786 977 3859 αἰσθήσεις
999 3787 1237 3849 ἐκεῖναι,
1270 3786 1325 3839 at
1356 3784 1456 3855 τῆς
1493 3782 1747 3855 προνοίας

166 3887 235 3943 τὺ
264 3883 540 3955 ὠφέλιμον
564 3879 827 3952 ἐξορίζειν
852 3876 1227 3949 ἐπιχειροῦσαι
1253 3876 1347 3930 τοῦ
1375 3876 1569 3946 λόγους

244 3974 546 4043 Μακάριος
571 3970 878 4040 ἄνθρωπος
913 3969 987 4023 ὃν
1024 3968 1101 4022 ἂν
1148 3968 1503 4035 παιδεύσῃς,
1549 3967 1743 4036 Κύριε.

184 4072 413 4123 Ἐκεῖνοι
436 4066 535 4139 μὲν
556 4063 725 4120 ἄθλιοι
743 4063 837 4116 καὶ
855 4061 1116 4126 ταπεινοὶ,
1138 4063 1321 4133 φησὶν,
1342 4062 1391 4114 οἰ
1415 4060 1514 4133 τὴν
1544 4060 1643 4132 σὴν
1671 4060 1745 4133 μὴ

166 4162 453 4231 δεχόμενοι
477 4156 743 4211 παιδείαν.
766 4155 1041 4225 Μακάριοι
1066 4153 1124 4207 δὲ
1148 4154 1199 4207 οἰ
1223 4151 1375 4225 παρά
1404 4152 1499 4207 σοῦ
1529 4152 1745 4207 παιδευ-

168 4256 379 4317 θέντες,
400 4251 509 4311 ,καὶ
544 4252 610 4304 ὲκ
634 4248 728 4302 τοῦ
766 4247 860 4301 σοῦ
885 4246 1219 4317 διδαχθέντες
1240 4248 1425 4318 νόμου.
1455 4239 1615 4300 Οὗτοι
1636 4244 1745 4317 γὰρ

167 4347 237 4417 δὴ
264 4345 358 4399 καὶ
397 4345 455 4397 ὲν
482 4345 604 4405 ταῖς
633 4340 843 4411 θλίψεσι
892 4337 1256 4410 πραῦνθέντες
1294 4338 1744 4409 κουφισθήσονται

168 4436 280 4490 τῶν
307 4433 567 4507 ἀνιαρῶν,
599 4431 816 4496 εἰδότες,
852 4430 932 4484 ὅτι
967 4431 1023 4483 at
1052 4428 1261 4499 θλίψεις
1310 4430 1388 4493 εἰς
1423 4428 1626 4497 ἀγαθὸν
1652 4445 1743 4481 τε·

167 4526 437 4582 λευτῶσαι
464 4524 805 4596 ὲκδήσονται.
856 4521 1097 4593 Ἡμέρας
1130 4520 1371 4592 πονηρὰς
1410 4519 1510 4584 τάς
1530 4520 1742 4591 ἡμέρας
1773 4577 1818 4635 D

164 4621 271 4694 τῆς
291 4618 526 4691 κρίσεως
553 4616 723 4685 λέγει.

242 4711 399 4774 Ἕως
432 4703 505 4763 οὗ
554 4702 754 4775 ὠρυγῇ
790 4702 870 4769 τῷ
903 4700 1225 4772 ἁμαρτω.ὶῷ
1272 4701 1510 4769 βόθρος.
1559 4700 1736 4773 Μέχρι

167 4800 449 4862 τοσούτου,
482 4798 665 4869 φησιν,
688 4799 736 4849 οἱ
767 4793 1142 4857 παιδευθέντες
1175 4790 1507 4864 θαρροῦντες
1544 4792 1741 4863 ὑπομεο

170 4892 325 4948 νοῦσι
353 4890 452 4955 τὰς
480 4889 705 4960 θλίψεις,
733 4888 945 4957 μέχρις
988 4881 1061 4941 οὗ
1097 4883 1174 4949 τῷ
1202 4883 1525 4953 ἀμαρτωλῷ
1540 4883 1738 4954 ὠρυΠῖ

162 4986 413 5053 βόθρος,
436 4982 731 5045 τουτέστιν,
783 4982 863 5043 είς
903 4979 965 5032 τὸ
984 4976 1380 5049 ἡτοιμασμένον
1408 4974 1555 5045 αὐτῷ
1582 4975 1743 5029 κολα-

170 5080 395 5148 στήριον
424 5077 452 5130 ὀ
470 5072 787 5146 ἁμαρτωλὸς
814 5070 1024 5143 βαδίσῃ.
1063 5068 1409 5141 Ἀμαρτωλὸν
1428 5068 1485 5122 δὲ
1508 5070 1597 5121 τὸν
1640 5069 1743 5122 Σαο

167 5167 341 5220 τανᾶν
372 5181 556 5235 φησιν,
584 5165 701 5235 ήτοι
724 5165 903 5217 πᾶσαν
932 5160 1308 5233 ἀντικειμένην
1331 5161 1579 5232 δύναμιν.

241 5258 374 5311 ὀτι
421 5260 531 5311 οὐκ
582 5255 881 5311 ἀπώσεται
912 5255 1125 5324 Κύριος
1172 5253 1280 5308 τὸν
1330 5255 1485 5309 λαὸν
1526 5254 1712 5312 αὐτοῦ

168 5348 341 5406 Τοῦτο
365 5349 569 5404 ἐκείνου
597 5348 663 5403 ἂν
684 5348 768 5419 εἴη
799 5347 1048 5410 ἀπόδοσις
1083 5343 1175 5399 τοῦ
1214 5344 1506 5417 εἰρημένου
1542 5345 1598 5397 ὲν
1626 5347 1733 5408 τοῖς

167 5436 428 5508 ἀνωτέρω
446 5454 461 5468 ’
497 5436 607 5491 Τόν
633 5438 786 5492 ,ιαόν
807 5450 945 5500 σου,
974 5436 1168 5502 Κύριε,
1203 5434 1611 5489 ἐταπείνωσαν
1637 5435 1735 5489 καὶ

167 5527 284 5595 τὴν
320 5529 725 5599 κληρονομίαν
764 5544 879 5583 σου
916 5526 1248 5581 ἐκάκωσαν.
1296 5526 1406 5580 Καὶ
1443 5524 1557 5593 τὴν
1590 5529 1735 5592 κλη-

165 5620 456 5689 ρονομίαν
476 5619 661 5675 αὑτοῦ
697 5622 809 5674 οὐκ
843 5617 1279 5688 ἐγκαταλείψει.
1312 5615 1482 5671 Τοῦτο
1507 5618 1597 5677 τοῦ
1629 5617 1738 5671 ἀνι-ι

235 5794 280 5827 ⁸⁷
328 5790 517 5848 Iatth.
561 5804 683 5852 xxv,
714 5788 800 5845 Η.
881 5788 926 5819 ⁸⁸
953 5800 1091 5841 vers.
1124 5784 1176 5840 5.

1844 3335 2079 3383 mentem
2105 3326 2377 3390 interﬁcit,
2411 3327 2503 3397 qui
2538 3340 2701 3395 prave
2721 3325 2935 3381 divinas
2978 3323 3288 3394 Scripturas
3319 3325 3408 3379 in-

1846 3429 2196 3491 terpretatur.
2230 3417 2479 3488 Pupillus
2510 3426 2690 3472 autem
2729 3426 2813 3473 est
2837 3420 3054 3472 animus
3076 3418 3281 3472 cmlesti
3315 3416 3408 3470 Pa-

1844 3522 1926 3566 tre
1953 3513 2214 3579 privatus.

1916 3601 2002 3655 il.
2034 3600 2287 3653 Dominus
2310 3601 2409 3654 scit
2445 3601 2784 3669 cogitationes
2814 3601 3079 3655 hominum
3099 3638 3114 3663 ,
3157 3602 3408 3671 quoniam

1843 3710 1991 3749 vana
2015 3702 2157 3747 sunt.
2184 3690 2470 3759 Quomodo
2496 3701 2673 3747 autem
2699 3707 2807 3745 non
2831 3701 2959 3746 sunt
2984 3695 3220 3747 vanitate
3238 3692 3409 3761 plenae

1845 3787 2205 3859 cogitationes
2238 3785 2365 3848 illm.
2389 3799 2512 3854 qua
2550 3783 2901 3853 providentiae
2930 3784 3218 3838 utilitatem
3248 3798 3408 3855 repu-

1844 3880 1993 3934 diare
2014 3877 2232 3933 student
2257 3890 2287 3928 a
2310 3875 2600 3930 sermone?

1913 3971 2001 4026 ιε.
2047 3970 2245 4025 Beatus
2289 3969 2441 4022 homo
2482 3983 2630 4038 quem
2653 3976 2708 4020 tu
2736 3966 3012 4032 erudieris,
3047 3966 3281 4022 Domine.
3305 3965 3407 4023 Ηιί.

1845 4063 2044 4134 inquit,
2084 4061 2267 4117 miseri
2319 4070 2375 4115 et
2404 4060 2625 4130 abiecti,
2678 4059 2773 4130 qui
2813 4068 2960 4113 tuam
3011 4059 3408 4113 institutionem

1846 4173 1953 4211 non
1982 4153 2298 4210 admittunt.
2323 4149 2471 4206 Beati
2498 4160 2676 4204 autem
2700 4158 2829 4205 sunt
2862 4150 2955 4219 qui
3002 4165 3032 4203 a
3073 4157 3123 4203 te
3147 4148 3408 4203 erudiun-

1846 4259 1955 4312 tur,
1982 4256 2037 4303 et
2059 4262 2127 4302 es
2154 4255 2244 4301 tua
2270 4245 2385 4315 lege
2412 4243 2729 4299 edocentur.
2768 4242 2847 4297 llli
2870 4245 3020 4297 enim
3064 4243 3119 4297 in
3148 4241 3409 4299 erumnis

1846 4338 2243 4394 mansuetiores
2285 4336 2458 4392 eﬂecti
2486 4377 2501 4401 ,
2539 4334 2863 4390 levabuntur
2913 4334 3202 4400 molestiis,
3252 4336 3408 4406 gnari

1846 4432 2224 4488 tribulationes
2256 4429 2377 4484 illas
2406 4427 2620 4481 tandem
2651 4428 2704 4480 in
2737 4426 2940 4481 bonum
2978 4440 3251 4482 cessuras.
3284 4425 3408 4482 Dies

1848 4523 2023 4578 malos
2043 4522 2176 4577 dicit
2202 4521 2319 4576 dies
2344 4517 2556 4589 judicii.

1918 4699 2000 4756 15.
2029 4697 2200 4751 Donec
2218 4695 2455 4763 fodiatur
2471 4690 2734 4760 peccatori
2763 4688 2930 4758 fovea.
2975 4686 3286 4759 Hucusque,
3326 4690 3407 4743 in-

1843 4791 1981 4862 quit,
2010 4790 2101 4861 qui
2121 4787 2446 4843 erudiuntnr
2467 4800 2590 4839 cum
2623 4784 2821 4837 llducia
2852 4797 3127 4836 aerumnas
3151 4782 3403 4846 tolerant,

1843 4884 2005 4938 donec
2043 4879 2285 4951 fodiatur
2307 4878 2570 4947 peccatori
2598 4874 2828 4945 fovea,id
2860 4883 2963 4936 est,
3001 4874 3177 4929 donec
3206 4874 3274 4927 ad
3311 4872 3406 4927 de-

1845 4982 2090 5046 putatum
2123 4970 2226 5039 ipsi
2275 4967 2599 5037 supplicium
2638 4975 2889 5035 peccator
2928 4966 3171 5020 accedat.
3203 4963 3402 5020 Pecca-

1848 5078 2017 5121 torem
2043 5071 2225 5118 autem
2251 5061 2381 5116 dicit
2425 5059 2705 5122 Satanam,
2734 5060 2847 5111 sive
2898 5071 3115 5111 omnem
3152 5055 3407 5111 adversa-

1847 5160 1981 5212 riam
2004 5161 2347 5225 potestatem.

1909 5248 1995 5304 M.
2025 5245 2163 5312 Quia
2198 5258 2300 5297 non
2330 5240 2537 5309 repellet
2569 5237 2824 5291 Dominus
2865 5235 3063 5305 plebem
3093 5252 3265 5289 suam.
3294 5233 3407 5290 lloc

1840 5346 2039 5397 donum
2058 5339 2161 5395 erit
2181 5337 2300 5406 ejus
2318 5336 2384 5390 de
2398 5349 2510 5403 quo
2533 5334 2585 5387 in
2609 5318 2984 5401 superioribus
3005 5329 3049 5359 "'
3066 5330 3268 5383 dictum
3287 5338 3401 5383 est:

1844 5431 2102 5501 Populum
2130 5438 2297 5491 tuum,
2330 5425 2573 5487 Domine,
2600 5422 3008 5476 humiliaverunt
3030 5430 3080 5473 et
3113 5419 3403 5474 hareditu-

1842 5533 1943 5577 tem
1999 5531 2143 5575 tuam
2202 5525 2533 5574 vexaverant.
2580 5514 2650 5569 Et
2695 5513 3055 5569 hereditatem
3099 5528 3251 5566 suam
3298 5526 3402 5567 non

1842 5614 2181 5685 derelinquet.
2222 5611 2335 5669 lloc
2362 5625 2427 5667 ex
2459 5609 2738 5681 superiore
2770 5622 2926 5665 versu
2958 5606 3153 5687 oendet
3188 5620 3201 5658 :
3261 5602 3401 5671 Quia
