  <div class='ocr_page' id='page_1' title='image "/cluster/home/n/w/nwhite01/storage/ocr_20150623/27/ien.35556001660521/217.png"; bbox 0 0 4070 6470; ppageno 0'>
   <div class='ocr_carea' id='block_1_1' title="bbox 583 421 680 473">
    <p class='ocr_par' dir='ltr' id='par_1_1' title="bbox 583 421 680 473">
     <span class='ocr_line' id='line_1_1' title="bbox 583 421 680 473; baseline 0.01 -1"><span class='ocrx_word' id='word_1_1' title='bbox 583 421 680 473; x_wconf 73' lang='lat' dir='ltr'><strong>4H</strong></span> 
     </span>
    </p>
   </div>
   <div class='ocr_carea' id='block_1_2' title="bbox 1414 420 2973 483">
    <p class='ocr_par' dir='ltr' id='par_1_2' title="bbox 1414 420 2973 483">
     <span class='ocr_line' id='line_1_2' title="bbox 1414 420 2973 483; baseline 0.005 -8"><span class='ocrx_word' id='word_1_2' title='bbox 1414 420 1471 477; x_wconf 90' lang='lat' dir='ltr'><strong>S.</strong></span> <span class='ocrx_word' id='word_1_3' title='bbox 1511 420 1884 477; x_wconf 77' lang='lat' dir='ltr'><strong>ATHANASII</strong></span> <span class='ocrx_word' id='word_1_4' title='bbox 1921 423 2072 479; x_wconf 86' lang='lat' dir='ltr'><strong>OPP.</strong></span> <span class='ocrx_word' id='word_1_5' title='bbox 2114 424 2294 480; x_wconf 78' lang='lat' dir='ltr'><strong>PARS</strong></span> <span class='ocrx_word' id='word_1_6' title='bbox 2333 425 2420 479; x_wconf 88' lang='lat' dir='ltr'><strong>Ill.</strong></span> <span class='ocrx_word' id='word_1_7' title='bbox 2460 457 2526 466; x_wconf 85' lang='lat'><strong>—-</strong></span> <span class='ocrx_word' id='word_1_8' title='bbox 2566 425 2973 483; x_wconf 75' lang='lat' dir='ltr'><strong>EXEGETICA.</strong></span> 
     </span>
    </p>
   </div>
   <div class='ocr_carea' id='block_1_3' title="bbox 3712 433 3817 485">
    <p class='ocr_par' dir='ltr' id='par_1_3' title="bbox 3712 433 3817 485">
     <span class='ocr_line' id='line_1_3' title="bbox 3712 433 3817 485; baseline 0 0"><span class='ocrx_word' id='word_1_9' title='bbox 3712 433 3817 485; x_wconf 73' lang='grc' dir='ltr'><strong>4ίῖ</strong></span> 
     </span>
    </p>
   </div>
   <div class='ocr_carea' id='block_1_4' title="bbox 585 535 2193 616">
    <p class='ocr_par' dir='ltr' id='par_1_4' title="bbox 585 535 2193 607">
     <span class='ocr_line' id='line_1_4' title="bbox 585 535 2193 607; baseline 0.006 -19"><span class='ocrx_word' id='word_1_10' title='bbox 585 553 687 589; x_wconf 87' lang='lat' dir='ltr'><strong>non</strong></span> <span class='ocrx_word' id='word_1_11' title='bbox 721 535 928 604; x_wconf 78' lang='lat' dir='ltr'><strong>repellet</strong></span> <span class='ocrx_word' id='word_1_12' title='bbox 955 536 1208 591; x_wconf 82' lang='lat' dir='ltr'><strong>Dominus</strong></span> <span class='ocrx_word' id='word_1_13' title='bbox 1239 538 1436 606; x_wconf 80' lang='lat' dir='ltr'><strong>plebem</strong></span> <span class='ocrx_word' id='word_1_14' title='bbox 1473 557 1645 595; x_wconf 84' lang='lat' dir='ltr'><strong>suam.</strong></span> <span class='ocrx_word' id='word_1_15' title='bbox 1676 541 1842 607; x_wconf 82' lang='lat' dir='ltr'><strong>Quasi</strong></span> <span class='ocrx_word' id='word_1_16' title='bbox 1892 543 2096 598; x_wconf 89' lang='lat' dir='ltr'><strong>diceret</strong></span> <span class='ocrx_word' id='word_1_17' title='bbox 2127 563 2140 598; x_wconf 88' lang='lat'>:</span> <span class='ocrx_word' id='word_1_18' title='bbox 2174 551 2193 607; x_wconf 61' lang='grc' dir='ltr'><em>ι</em></span> 
     </span>
    </p>
   </div>
   <div class='ocr_carea' id='block_1_5' title="bbox 2273 535 3818 616">
    <p class='ocr_par' dir='ltr' id='par_1_5' title="bbox 2273 544 3818 616">
     <span class='ocr_line' id='line_1_5' title="bbox 2273 544 3818 616; baseline 0.004 -20"><span class='ocrx_word' id='word_1_19' title='bbox 2273 545 2427 615; x_wconf 70' lang='grc' dir='ltr'>ττίχου</span> <span class='ocrx_word' id='word_1_20' title='bbox 2468 547 2720 615; x_wconf 70' lang='grc' dir='ltr'>ἤρτηται,</span> <span class='ocrx_word' id='word_1_21' title='bbox 2751 544 2866 608; x_wconf 81' lang='lat'><strong>106,</strong></span> <span class='ocrx_word' id='word_1_22' title='bbox 2910 546 3037 597; x_wconf 77' lang='grc' dir='ltr'><strong>’Ὁτι</strong></span> <span class='ocrx_word' id='word_1_23' title='bbox 3093 547 3201 597; x_wconf 71' lang='grc' dir='ltr'><strong>οὐκ</strong></span> <span class='ocrx_word' id='word_1_24' title='bbox 3250 545 3549 599; x_wconf 69' lang='grc' dir='ltr'>ἀπώσεται</span> <span class='ocrx_word' id='word_1_25' title='bbox 3605 553 3818 616; x_wconf 62' lang='grc' dir='ltr'>Κύριος</span> 
     </span>
    </p>
   </div>
   <div class='ocr_carea' id='block_1_6' title="bbox 583 629 2148 699">
    <p class='ocr_par' dir='ltr' id='par_1_6' title="bbox 583 629 2148 699">
     <span class='ocr_line' id='line_1_6' title="bbox 583 629 2148 699; baseline 0.004 -17"><span class='ocrx_word' id='word_1_26' title='bbox 583 629 866 684; x_wconf 88' lang='lat' dir='ltr'><strong>Custodiet</strong></span> <span class='ocrx_word' id='word_1_27' title='bbox 899 631 1153 699; x_wconf 83' lang='lat' dir='ltr'><strong>populum</strong></span> <span class='ocrx_word' id='word_1_28' title='bbox 1185 647 1346 684; x_wconf 89' lang='lat' dir='ltr'><strong>suum</strong></span> <span class='ocrx_word' id='word_1_29' title='bbox 1392 635 1540 687; x_wconf 88' lang='lat' dir='ltr'><strong>omni</strong></span> <span class='ocrx_word' id='word_1_30' title='bbox 1593 635 1958 689; x_wconf 87' lang='lat' dir='ltr'><strong>tribulationis</strong></span> <span class='ocrx_word' id='word_1_31' title='bbox 2010 645 2148 689; x_wconf 82' lang='lat' dir='ltr'><strong>tem-</strong></span> 
     </span>
    </p>
   </div>
   <div class='ocr_carea' id='block_1_7' title="bbox 585 720 2149 793">
    <p class='ocr_par' dir='ltr' id='par_1_7' title="bbox 585 720 2149 793">
     <span class='ocr_line' id='line_1_7' title="bbox 585 720 2149 793; baseline 0.004 -19"><span class='ocrx_word' id='word_1_32' title='bbox 585 736 733 789; x_wconf 84' lang='lat' dir='ltr'><strong>pore.</strong></span> <span class='ocrx_word' id='word_1_33' title='bbox 760 720 825 774; x_wconf 84' lang='lat' dir='ltr'><strong>Et</strong></span> <span class='ocrx_word' id='word_1_34' title='bbox 852 736 918 775; x_wconf 90' lang='lat' dir='ltr'><strong>eo</strong></span> <span class='ocrx_word' id='word_1_35' title='bbox 945 738 1116 791; x_wconf 90' lang='lat' dir='ltr'><strong>usque</strong></span> <span class='ocrx_word' id='word_1_36' title='bbox 1150 724 1474 793; x_wconf 77' lang='lat' dir='ltr'><strong>gubernabit</strong></span> <span class='ocrx_word' id='word_1_37' title='bbox 1495 734 1549 778; x_wconf 84' lang='lat' dir='ltr'><strong>et</strong></span> <span class='ocrx_word' id='word_1_38' title='bbox 1585 727 1835 790; x_wconf 90' lang='lat' dir='ltr'><strong>deducet,</strong></span> <span class='ocrx_word' id='word_1_39' title='bbox 1864 727 2038 781; x_wconf 89' lang='lat' dir='ltr'><strong>donec</strong></span> <span class='ocrx_word' id='word_1_40' title='bbox 2067 727 2149 780; x_wconf 77' lang='lat' dir='ltr'><strong>di-</strong></span> 
     </span>
    </p>
   </div>
   <div class='ocr_carea' id='block_1_8' title="bbox 584 812 2152 882">
    <p class='ocr_par' dir='ltr' id='par_1_8' title="bbox 584 812 2152 882">
     <span class='ocr_line' id='line_1_8' title="bbox 584 812 2152 882; baseline 0.005 -18"><span class='ocrx_word' id='word_1_41' title='bbox 584 812 769 866; x_wconf 75' lang='lat' dir='ltr'><strong>vinum</strong></span> <span class='ocrx_word' id='word_1_42' title='bbox 802 814 1166 869; x_wconf 89' lang='lat' dir='ltr'><strong>constituatur</strong></span> <span class='ocrx_word' id='word_1_43' title='bbox 1190 816 1452 872; x_wconf 78' lang='lat' dir='ltr'><strong>tribunal.</strong></span> <span class='ocrx_word' id='word_1_44' title='bbox 1486 816 1715 882; x_wconf 78' lang='lat' dir='ltr'><strong>Quando</strong></span> <span class='ocrx_word' id='word_1_45' title='bbox 1742 827 1921 872; x_wconf 90' lang='lat' dir='ltr'><strong>autem</strong></span> <span class='ocrx_word' id='word_1_46' title='bbox 1955 819 2009 872; x_wconf 89' lang='lat' dir='ltr'><strong>in</strong></span> <span class='ocrx_word' id='word_1_47' title='bbox 2046 819 2152 872; x_wconf 91' lang='lat' dir='ltr'><strong>hoc</strong></span> 
     </span>
    </p>
   </div>
   <div class='ocr_carea' id='block_1_9' title="bbox 583 905 2152 972">
    <p class='ocr_par' dir='ltr' id='par_1_9' title="bbox 583 905 2152 972">
     <span class='ocr_line' id='line_1_9' title="bbox 583 905 2152 972; baseline 0.005 -16"><span class='ocrx_word' id='word_1_48' title='bbox 583 905 794 971; x_wconf 90' lang='lat' dir='ltr'><strong>justitia</strong></span> <span class='ocrx_word' id='word_1_49' title='bbox 840 906 955 959; x_wconf 83' lang='lat' dir='ltr'><strong>sive</strong></span> <span class='ocrx_word' id='word_1_50' title='bbox 987 907 1242 961; x_wconf 76' lang='lat' dir='ltr'><strong>Christus</strong></span> <span class='ocrx_word' id='word_1_51' title='bbox 1280 908 1505 972; x_wconf 88' lang='lat' dir='ltr'><strong>sedebit,</strong></span> <span class='ocrx_word' id='word_1_52' title='bbox 1567 924 1756 963; x_wconf 88' lang='lat' dir='ltr'><strong>omnes</strong></span> <span class='ocrx_word' id='word_1_53' title='bbox 1804 914 1932 964; x_wconf 85' lang='lat' dir='ltr'><strong>recti</strong></span> <span class='ocrx_word' id='word_1_54' title='bbox 1987 911 2152 966; x_wconf 89' lang='lat' dir='ltr'><strong>corde</strong></span> 
     </span>
    </p>
   </div>
   <div class='ocr_carea' id='block_1_10' title="bbox 585 997 2150 1070">
    <p class='ocr_par' dir='ltr' id='par_1_10' title="bbox 585 997 2150 1070">
     <span class='ocr_line' id='line_1_10' title="bbox 585 997 2150 1070; baseline 0.005 -23"><span class='ocrx_word' id='word_1_55' title='bbox 585 1011 754 1065; x_wconf 80' lang='lat' dir='ltr'><strong>prope</strong></span> <span class='ocrx_word' id='word_1_56' title='bbox 806 997 983 1065; x_wconf 91' lang='lat' dir='ltr'><strong>ipsum</strong></span> <span class='ocrx_word' id='word_1_57' title='bbox 1041 998 1320 1064; x_wconf 89' lang='lat' dir='ltr'><strong>accedent,</strong></span> <span class='ocrx_word' id='word_1_58' title='bbox 1350 999 1504 1068; x_wconf 76' lang='lat' dir='ltr'><strong>juxta</strong></span> <span class='ocrx_word' id='word_1_59' title='bbox 1531 1001 1660 1054; x_wconf 89' lang='lat' dir='ltr'><strong>illud</strong></span> <span class='ocrx_word' id='word_1_60' title='bbox 1691 1020 1705 1054; x_wconf 91' lang='lat'>:</span> <span class='ocrx_word' id='word_1_61' title='bbox 1739 1002 2000 1066; x_wconf 79' lang='lat' dir='ltr'><strong>Quoniam</strong></span> <span class='ocrx_word' id='word_1_62' title='bbox 2049 1000 2150 1070; x_wconf 85' lang='lat' dir='ltr'><strong>ipsi</strong></span> 
     </span>
    </p>
   </div>
   <div class='ocr_carea' id='block_1_11' title="bbox 587 1087 2154 1164">
    <p class='ocr_par' dir='ltr' id='par_1_11' title="bbox 587 1087 2154 1164">
     <span class='ocr_line' id='line_1_11' title="bbox 587 1087 2154 1164; baseline 0.006 -24"><span class='ocrx_word' id='word_1_63' title='bbox 587 1087 757 1140; x_wconf 85' lang='lat' dir='ltr'><strong>Deum</strong></span> <span class='ocrx_word' id='word_1_64' title='bbox 783 1090 1026 1142; x_wconf 87' lang='lat' dir='ltr'><strong>videbunt</strong></span> <span class='ocrx_word' id='word_1_65' title='bbox 1054 1092 1096 1121; x_wconf 60' lang='lat'><strong>“9</strong></span> <span class='ocrx_word' id='word_1_66' title='bbox 1120 1109 1131 1142; x_wconf 89' lang='lat'><strong>:</strong></span> <span class='ocrx_word' id='word_1_67' title='bbox 1167 1091 1238 1144; x_wconf 89' lang='lat' dir='ltr'><strong>ita</strong></span> <span class='ocrx_word' id='word_1_68' title='bbox 1255 1091 1400 1145; x_wconf 87' lang='lat' dir='ltr'><strong>enim</strong></span> <span class='ocrx_word' id='word_1_69' title='bbox 1430 1108 1544 1147; x_wconf 86' lang='lat' dir='ltr'><strong>rem</strong></span> <span class='ocrx_word' id='word_1_70' title='bbox 1573 1092 1851 1147; x_wconf 82' lang='lat' dir='ltr'><strong>declarant</strong></span> <span class='ocrx_word' id='word_1_71' title='bbox 1880 1110 2001 1164; x_wconf 76' lang='lat' dir='ltr'><strong>qua:</strong></span> <span class='ocrx_word' id='word_1_72' title='bbox 2024 1095 2154 1149; x_wconf 83' lang='lat' dir='ltr'><strong>sub-</strong></span> 
     </span>
    </p>
   </div>
   <div class='ocr_carea' id='block_1_12' title="bbox 588 1191 911 1250">
    <p class='ocr_par' dir='ltr' id='par_1_12' title="bbox 588 1191 911 1250">
     <span class='ocr_line' id='line_1_12' title="bbox 588 1191 911 1250; baseline 0 -16"><span class='ocrx_word' id='word_1_73' title='bbox 588 1191 911 1250; x_wconf 90' lang='lat' dir='ltr'><strong>sequuntur.</strong></span> 
     </span>
    </p>
   </div>
   <div class='ocr_carea' id='block_1_13' title="bbox 660 1365 2151 1438">
    <p class='ocr_par' dir='ltr' id='par_1_13' title="bbox 660 1365 2151 1438">
     <span class='ocr_line' id='line_1_13' title="bbox 660 1365 2151 1438; baseline 0.003 -21"><span class='ocrx_word' id='word_1_74' title='bbox 660 1365 746 1417; x_wconf 75' lang='lat' dir='ltr'><strong>i5.</strong></span> <span class='ocrx_word' id='word_1_75' title='bbox 771 1365 1119 1434; x_wconf 84' lang='lat' dir='ltr'><strong>Quoadusque</strong></span> <span class='ocrx_word' id='word_1_76' title='bbox 1161 1366 1383 1435; x_wconf 86' lang='lat' dir='ltr'><strong>justitia</strong></span> <span class='ocrx_word' id='word_1_77' title='bbox 1413 1376 1744 1420; x_wconf 85' lang='lat' dir='ltr'><strong>convertatur</strong></span> <span class='ocrx_word' id='word_1_78' title='bbox 1787 1369 1839 1421; x_wconf 93' lang='lat' dir='ltr'><strong>in</strong></span> <span class='ocrx_word' id='word_1_79' title='bbox 1867 1369 2151 1438; x_wconf 79' lang='lat' dir='ltr'><strong>judicium.</strong></span> 
     </span>
    </p>
   </div>
   <div class='ocr_carea' id='block_1_14' title="bbox 592 1456 2155 1529">
    <p class='ocr_par' dir='ltr' id='par_1_14' title="bbox 592 1456 2155 1529">
     <span class='ocr_line' id='line_1_14' title="bbox 592 1456 2155 1529; baseline 0.004 -23"><span class='ocrx_word' id='word_1_80' title='bbox 592 1456 772 1509; x_wconf 88' lang='lat' dir='ltr'><strong>Donec</strong></span> <span class='ocrx_word' id='word_1_81' title='bbox 805 1456 1056 1510; x_wconf 82' lang='lat' dir='ltr'><strong>Christus</strong></span> <span class='ocrx_word' id='word_1_82' title='bbox 1086 1457 1298 1525; x_wconf 81' lang='lat' dir='ltr'><strong>judicet</strong></span> <span class='ocrx_word' id='word_1_83' title='bbox 1331 1460 1614 1511; x_wconf 87' lang='lat' dir='ltr'><strong>mundum.</strong></span> <span class='ocrx_word' id='word_1_84' title='bbox 1650 1457 1766 1524; x_wconf 89' lang='lat' dir='ltr'><strong>Ipse</strong></span> <span class='ocrx_word' id='word_1_85' title='bbox 1792 1475 2028 1529; x_wconf 80' lang='lat' dir='ltr'><strong>namque</strong></span> <span class='ocrx_word' id='word_1_86' title='bbox 2073 1461 2155 1529; x_wconf 80' lang='lat' dir='ltr'><strong>fa-</strong></span> 
     </span>
    </p>
   </div>
   <div class='ocr_carea' id='block_1_15' title="bbox 587 1549 2155 1620">
    <p class='ocr_par' dir='ltr' id='par_1_15' title="bbox 587 1549 2155 1620">
     <span class='ocr_line' id='line_1_15' title="bbox 587 1549 2155 1620; baseline 0.004 -22"><span class='ocrx_word' id='word_1_87' title='bbox 587 1557 704 1598; x_wconf 78' lang='lat' dir='ltr'><strong>ctus</strong></span> <span class='ocrx_word' id='word_1_88' title='bbox 736 1558 810 1600; x_wconf 84' lang='lat' dir='ltr'><strong>est</strong></span> <span class='ocrx_word' id='word_1_89' title='bbox 846 1549 992 1600; x_wconf 85' lang='lat' dir='ltr'><strong>nobis</strong></span> <span class='ocrx_word' id='word_1_90' title='bbox 1023 1549 1281 1616; x_wconf 79' lang='lat' dir='ltr'><strong>sapientia</strong></span> <span class='ocrx_word' id='word_1_91' title='bbox 1305 1567 1336 1602; x_wconf 83' lang='grc' dir='ltr'><em>ιι</em></span> <span class='ocrx_word' id='word_1_92' title='bbox 1367 1550 1493 1614; x_wconf 81' lang='lat' dir='ltr'><strong>Deo,</strong></span> <span class='ocrx_word' id='word_1_93' title='bbox 1515 1552 1750 1619; x_wconf 85' lang='lat' dir='ltr'><strong>justitia,</strong></span> <span class='ocrx_word' id='word_1_94' title='bbox 1777 1554 2155 1620; x_wconf 79' lang='lat' dir='ltr'><strong>sanctiﬁcatio,</strong></span> 
     </span>
    </p>
   </div>
   <div class='ocr_carea' id='block_1_16' title="bbox 589 1642 2110 1712">
    <p class='ocr_par' dir='ltr' id='par_1_16' title="bbox 589 1642 2110 1712">
     <span class='ocr_line' id='line_1_16' title="bbox 589 1642 2110 1712; baseline 0.005 -20"><span class='ocrx_word' id='word_1_95' title='bbox 589 1642 872 1710; x_wconf 79' lang='lat' dir='ltr'><strong>redemptio</strong></span> <span class='ocrx_word' id='word_1_96' title='bbox 893 1643 937 1673; x_wconf 69' lang='lat'><strong>7°</strong></span> <span class='ocrx_word' id='word_1_97' title='bbox 970 1663 982 1696; x_wconf 93' lang='lat'>:</span> <span class='ocrx_word' id='word_1_98' title='bbox 1018 1654 1066 1695; x_wconf 89' lang='lat' dir='ltr'><strong>et</strong></span> <span class='ocrx_word' id='word_1_99' title='bbox 1097 1643 1358 1712; x_wconf 76' lang='lat' dir='ltr'><strong>judicium</strong></span> <span class='ocrx_word' id='word_1_100' title='bbox 1389 1662 1538 1698; x_wconf 79' lang='lat' dir='ltr'><strong>ontne</strong></span> <span class='ocrx_word' id='word_1_101' title='bbox 1569 1646 1711 1698; x_wconf 86' lang='lat' dir='ltr'><strong>dedit</strong></span> <span class='ocrx_word' id='word_1_102' title='bbox 1738 1647 1822 1699; x_wconf 91' lang='lat' dir='ltr'><strong>illi</strong></span> <span class='ocrx_word' id='word_1_103' title='bbox 1854 1646 2015 1701; x_wconf 88' lang='lat' dir='ltr'><strong>Pater</strong></span> <span class='ocrx_word' id='word_1_104' title='bbox 2043 1648 2110 1700; x_wconf 76' lang='grc' dir='ltr'><strong>τί.</strong></span> 
     </span>
    </p>
   </div>
   <div class='ocr_carea' id='block_1_17' title="bbox 662 1821 2159 1896">
    <p class='ocr_par' dir='ltr' id='par_1_17' title="bbox 662 1821 2159 1896">
     <span class='ocr_line' id='line_1_17' title="bbox 662 1821 2159 1896; baseline 0.007 -22"><span class='ocrx_word' id='word_1_105' title='bbox 662 1821 748 1875; x_wconf 75' lang='grc'><strong>16.</strong></span> <span class='ocrx_word' id='word_1_106' title='bbox 787 1821 918 1888; x_wconf 84' lang='lat' dir='ltr'><strong>Quis</strong></span> <span class='ocrx_word' id='word_1_107' title='bbox 969 1835 1241 1894; x_wconf 78' lang='lat' dir='ltr'><strong>consurget</strong></span> <span class='ocrx_word' id='word_1_108' title='bbox 1296 1825 1423 1878; x_wconf 83' lang='lat' dir='ltr'><strong>mihi</strong></span> <span class='ocrx_word' id='word_1_109' title='bbox 1477 1825 1726 1880; x_wconf 82' lang='lat' dir='ltr'><strong>adversus</strong></span> <span class='ocrx_word' id='word_1_110' title='bbox 1760 1828 2159 1896; x_wconf 59' lang='lat' dir='ltr'><strong>malignantes?</strong></span> 
     </span>
    </p>
   </div>
   <div class='ocr_carea' id='block_1_18' title="bbox 2253 634 3820 709">
    <p class='ocr_par' dir='ltr' id='par_1_18' title="bbox 2253 634 3820 709">
     <span class='ocr_line' id='line_1_18' title="bbox 2253 634 3820 709; baseline 0.003 -22"><span class='ocrx_word' id='word_1_111' title='bbox 2253 635 2355 688; x_wconf 76' lang='grc' dir='ltr'><strong>τὸν</strong></span> <span class='ocrx_word' id='word_1_112' title='bbox 2389 636 2542 688; x_wconf 67' lang='grc' dir='ltr'><em>λαὸν</em></span> <span class='ocrx_word' id='word_1_113' title='bbox 2580 635 2786 689; x_wconf 82' lang='grc' dir='ltr'><strong>αὑτοῦ.</strong></span> <span class='ocrx_word' id='word_1_114' title='bbox 2844 636 2984 688; x_wconf 75' lang='grc' dir='ltr'>Ὠσεὶ</span> <span class='ocrx_word' id='word_1_115' title='bbox 3013 634 3192 702; x_wconf 73' lang='grc' dir='ltr'>λέγοι·</span> <span class='ocrx_word' id='word_1_116' title='bbox 3220 636 3446 702; x_wconf 76' lang='grc' dir='ltr'>Φυλάξει</span> <span class='ocrx_word' id='word_1_117' title='bbox 3469 677 3483 700; x_wconf 92' lang='grc'><strong>,</strong></span> <span class='ocrx_word' id='word_1_118' title='bbox 3533 641 3686 709; x_wconf 78' lang='grc' dir='ltr'>φησὶ,</span> <span class='ocrx_word' id='word_1_119' title='bbox 3728 640 3820 693; x_wconf 76' lang='grc' dir='ltr'>τὸν</span> 
     </span>
    </p>
   </div>
   <div class='ocr_carea' id='block_1_19' title="bbox 2251 724 3821 798">
    <p class='ocr_par' dir='ltr' id='par_1_19' title="bbox 2251 724 3821 798">
     <span class='ocr_line' id='line_1_19' title="bbox 2251 724 3821 798; baseline 0.004 -24"><span class='ocrx_word' id='word_1_120' title='bbox 2251 724 2372 776; x_wconf 77' lang='grc' dir='ltr'>λαὸν</span> <span class='ocrx_word' id='word_1_121' title='bbox 2412 724 2575 778; x_wconf 73' lang='grc' dir='ltr'>αὐτού</span> <span class='ocrx_word' id='word_1_122' title='bbox 2609 725 2785 777; x_wconf 69' lang='grc' dir='ltr'>πάντα</span> <span class='ocrx_word' id='word_1_123' title='bbox 2815 725 2912 794; x_wconf 78' lang='grc' dir='ltr'>τῆς</span> <span class='ocrx_word' id='word_1_124' title='bbox 2955 725 3182 792; x_wconf 57' lang='grc' dir='ltr'>Ολίᾲεως</span> <span class='ocrx_word' id='word_1_125' title='bbox 3215 725 3304 778; x_wconf 73' lang='grc' dir='ltr'><strong>τὸν</strong></span> <span class='ocrx_word' id='word_1_126' title='bbox 3337 727 3548 796; x_wconf 87' lang='grc' dir='ltr'>καιρόν.</span> <span class='ocrx_word' id='word_1_127' title='bbox 3581 729 3690 780; x_wconf 77' lang='grc' dir='ltr'>Καὶ</span> <span class='ocrx_word' id='word_1_128' title='bbox 3728 730 3821 798; x_wconf 86' lang='grc' dir='ltr'><strong>μέ-</strong></span> 
     </span>
    </p>
   </div>
   <div class='ocr_carea' id='block_1_20' title="bbox 2251 813 3823 887">
    <p class='ocr_par' dir='ltr' id='par_1_20' title="bbox 2251 813 3823 887">
     <span class='ocr_line' id='line_1_20' title="bbox 2251 813 3823 887; baseline 0.002 -20"><span class='ocrx_word' id='word_1_129' title='bbox 2251 833 2339 884; x_wconf 81' lang='grc' dir='ltr'><strong>χρι</strong></span> <span class='ocrx_word' id='word_1_130' title='bbox 2360 814 2611 867; x_wconf 74' lang='grc' dir='ltr'><strong>τοσούτου</strong></span> <span class='ocrx_word' id='word_1_131' title='bbox 2639 813 3048 884; x_wconf 74' lang='grc' dir='ltr'>διακυϐερνήσει</span> <span class='ocrx_word' id='word_1_132' title='bbox 3085 816 3176 868; x_wconf 74' lang='grc' dir='ltr'><strong>καὶ</strong></span> <span class='ocrx_word' id='word_1_133' title='bbox 3207 816 3588 887; x_wconf 57' lang='grc' dir='ltr'>καθοδηγήσει,</span> <span class='ocrx_word' id='word_1_134' title='bbox 3616 818 3722 880; x_wconf 77' lang='grc' dir='ltr'>ἕως</span> <span class='ocrx_word' id='word_1_135' title='bbox 3761 820 3823 870; x_wconf 87' lang='grc' dir='ltr'><strong>τὺ</strong></span> 
     </span>
    </p>
   </div>
   <div class='ocr_carea' id='block_1_21' title="bbox 2252 905 3820 981">
    <p class='ocr_par' dir='ltr' id='par_1_21' title="bbox 2252 905 3820 981">
     <span class='ocr_line' id='line_1_21' title="bbox 2252 905 3820 981; baseline 0.004 -25"><span class='ocrx_word' id='word_1_136' title='bbox 2252 905 2392 957; x_wconf 89' lang='grc' dir='ltr'>θεῖον</span> <span class='ocrx_word' id='word_1_137' title='bbox 2426 905 2623 977; x_wconf 84' lang='grc' dir='ltr'>καθίσῃ</span> <span class='ocrx_word' id='word_1_138' title='bbox 2661 906 3028 977; x_wconf 76' lang='grc' dir='ltr'>δικαστήριον.</span> <span class='ocrx_word' id='word_1_139' title='bbox 3092 909 3340 961; x_wconf 75' lang='grc' dir='ltr'>Ἐπειδὰν</span> <span class='ocrx_word' id='word_1_140' title='bbox 3383 909 3439 962; x_wconf 81' lang='grc' dir='ltr'>δὲ</span> <span class='ocrx_word' id='word_1_141' title='bbox 3480 913 3557 972; x_wconf 86' lang='grc' dir='ltr'>εἰς</span> <span class='ocrx_word' id='word_1_142' title='bbox 3598 911 3752 963; x_wconf 74' lang='grc' dir='ltr'>τοῦτο</span> <span class='ocrx_word' id='word_1_143' title='bbox 3788 914 3820 981; x_wconf 80' lang='grc' dir='ltr'>ἡ</span> 
     </span>
    </p>
   </div>
   <div class='ocr_carea' id='block_1_22' title="bbox 2251 1003 3826 1077">
    <p class='ocr_par' dir='ltr' id='par_1_22' title="bbox 2251 1003 3826 1077">
     <span class='ocr_line' id='line_1_22' title="bbox 2251 1003 3826 1077; baseline 0.001 -22"><span class='ocrx_word' id='word_1_144' title='bbox 2251 1003 2560 1073; x_wconf 73' lang='grc' dir='ltr'><strong>δικαιοσύνη</strong></span> <span class='ocrx_word' id='word_1_145' title='bbox 2594 1003 2810 1074; x_wconf 77' lang='grc' dir='ltr'>καθίσῃ,</span> <span class='ocrx_word' id='word_1_146' title='bbox 2844 1004 3084 1056; x_wconf 75' lang='grc' dir='ltr'><strong>τουτέστι</strong></span> <span class='ocrx_word' id='word_1_147' title='bbox 3128 1006 3359 1076; x_wconf 74' lang='grc' dir='ltr'>Χριστὸς</span> <span class='ocrx_word' id='word_1_148' title='bbox 3386 1047 3400 1068; x_wconf 92' lang='grc'><strong>,</strong></span> <span class='ocrx_word' id='word_1_149' title='bbox 3447 1007 3645 1070; x_wconf 80' lang='grc' dir='ltr'>πάντες</span> <span class='ocrx_word' id='word_1_150' title='bbox 3689 1007 3826 1077; x_wconf 74' lang='grc' dir='ltr'>πλη-</span> 
     </span>
    </p>
   </div>
   <div class='ocr_carea' id='block_1_23' title="bbox 2257 1095 3824 1168">
    <p class='ocr_par' dir='ltr' id='par_1_23' title="bbox 2257 1095 3824 1168">
     <span class='ocr_line' id='line_1_23' title="bbox 2257 1095 3824 1168; baseline 0.001 -21"><span class='ocrx_word' id='word_1_151' title='bbox 2257 1096 2367 1147; x_wconf 86' lang='grc' dir='ltr'>σίον</span> <span class='ocrx_word' id='word_1_152' title='bbox 2400 1096 2566 1165; x_wconf 79' lang='grc' dir='ltr'>αὐτῆς</span> <span class='ocrx_word' id='word_1_153' title='bbox 2594 1097 2910 1164; x_wconf 73' lang='grc' dir='ltr'>γενήσονται</span> <span class='ocrx_word' id='word_1_154' title='bbox 2932 1097 2979 1148; x_wconf 83' lang='grc' dir='ltr'><strong>οί</strong></span> <span class='ocrx_word' id='word_1_155' title='bbox 3016 1095 3190 1159; x_wconf 81' lang='grc' dir='ltr'>εὐθείς</span> <span class='ocrx_word' id='word_1_156' title='bbox 3223 1099 3288 1167; x_wconf 85' lang='grc' dir='ltr'><strong>τῇ</strong></span> <span class='ocrx_word' id='word_1_157' title='bbox 3313 1097 3539 1168; x_wconf 79' lang='grc' dir='ltr'>καρδίᾳ,</span> <span class='ocrx_word' id='word_1_158' title='bbox 3575 1097 3718 1151; x_wconf 74' lang='grc' dir='ltr'>κατὰ</span> <span class='ocrx_word' id='word_1_159' title='bbox 3741 1098 3824 1156; x_wconf 74' lang='grc' dir='ltr'>τὸ,</span> 
     </span>
    </p>
   </div>
   <div class='ocr_carea' id='block_1_24' title="bbox 2257 1181 3827 1257">
    <p class='ocr_par' dir='ltr' id='par_1_24' title="bbox 2257 1181 3827 1257">
     <span class='ocr_line' id='line_1_24' title="bbox 2257 1181 3827 1257; baseline 0.003 -24"><span class='ocrx_word' id='word_1_160' title='bbox 2257 1185 2384 1236; x_wconf 79' lang='grc' dir='ltr'><strong>’Ὁτι</strong></span> <span class='ocrx_word' id='word_1_161' title='bbox 2414 1181 2576 1238; x_wconf 76' lang='grc' dir='ltr'><em>οὗτοι</em></span> <span class='ocrx_word' id='word_1_162' title='bbox 2607 1183 2714 1237; x_wconf 77' lang='grc' dir='ltr'><strong>τὸν</strong></span> <span class='ocrx_word' id='word_1_163' title='bbox 2754 1185 2902 1238; x_wconf 77' lang='grc' dir='ltr'><strong>Θεὸν</strong></span> <span class='ocrx_word' id='word_1_164' title='bbox 2929 1186 3200 1254; x_wconf 62' lang='grc' dir='ltr'><strong>ὄψονται.</strong></span> <span class='ocrx_word' id='word_1_165' title='bbox 3232 1185 3388 1238; x_wconf 75' lang='grc' dir='ltr'><strong>Οὕτω</strong></span> <span class='ocrx_word' id='word_1_166' title='bbox 3420 1185 3526 1256; x_wconf 79' lang='grc' dir='ltr'><strong>γὰρ</strong></span> <span class='ocrx_word' id='word_1_167' title='bbox 3564 1184 3717 1257; x_wconf 76' lang='grc' dir='ltr'><strong>δηλοῖ</strong></span> <span class='ocrx_word' id='word_1_168' title='bbox 3759 1186 3827 1238; x_wconf 73' lang='grc' dir='ltr'>τὰ</span> 
     </span>
    </p>
   </div>
   <div class='ocr_carea' id='block_1_25' title="bbox 2255 1279 2513 1344">
    <p class='ocr_par' dir='ltr' id='par_1_25' title="bbox 2255 1279 2513 1344">
     <span class='ocr_line' id='line_1_25' title="bbox 2255 1279 2513 1344; baseline -0.004 -15"><span class='ocrx_word' id='word_1_169' title='bbox 2255 1279 2513 1344; x_wconf 79' lang='grc' dir='ltr'>ἑπόμενα.</span> 
     </span>
    </p>
   </div>
   <div class='ocr_carea' id='block_1_26' title="bbox 2329 1365 3829 1437">
    <p class='ocr_par' dir='ltr' id='par_1_26' title="bbox 2329 1365 3829 1437">
     <span class='ocr_line' id='line_1_26' title="bbox 2329 1365 3829 1437; baseline -0.002 -15"><span class='ocrx_word' id='word_1_170' title='bbox 2329 1370 2481 1434; x_wconf 75' lang='grc' dir='ltr'><strong>’Ἕως</strong></span> <span class='ocrx_word' id='word_1_171' title='bbox 2511 1365 2584 1425; x_wconf 83' lang='grc' dir='ltr'><strong>οὗ</strong></span> <span class='ocrx_word' id='word_1_172' title='bbox 2611 1368 2958 1435; x_wconf 75' lang='grc' dir='ltr'>δικαιοσύνη</span> <span class='ocrx_word' id='word_1_173' title='bbox 2974 1367 3306 1437; x_wconf 64' lang='grc' dir='ltr'><strong>ἐπιστρέψῃ</strong></span> <span class='ocrx_word' id='word_1_174' title='bbox 3328 1371 3414 1434; x_wconf 82' lang='grc' dir='ltr'><strong>είς</strong></span> <span class='ocrx_word' id='word_1_175' title='bbox 3440 1369 3660 1436; x_wconf 78' lang='grc' dir='ltr'>κρίσιν.</span> <span class='ocrx_word' id='word_1_176' title='bbox 3683 1367 3829 1429; x_wconf 75' lang='grc' dir='ltr'><strong>Ἕως</strong></span> 
     </span>
    </p>
   </div>
   <div class='ocr_carea' id='block_1_27' title="bbox 2257 1456 3831 1533">
    <p class='ocr_par' dir='ltr' id='par_1_27' title="bbox 2257 1456 3831 1533">
     <span class='ocr_line' id='line_1_27' title="bbox 2257 1456 3831 1533; baseline -0.001 -20"><span class='ocrx_word' id='word_1_177' title='bbox 2257 1456 2316 1513; x_wconf 77' lang='lat' dir='ltr'><strong>o6</strong></span> <span class='ocrx_word' id='word_1_178' title='bbox 2342 1463 2370 1513; x_wconf 80' lang='grc' dir='ltr'>ὁ</span> <span class='ocrx_word' id='word_1_179' title='bbox 2397 1463 2627 1532; x_wconf 78' lang='grc' dir='ltr'>Χριστὸς</span> <span class='ocrx_word' id='word_1_180' title='bbox 2651 1464 2825 1533; x_wconf 86' lang='grc' dir='ltr'>κρινεῖ</span> <span class='ocrx_word' id='word_1_181' title='bbox 2852 1461 2947 1531; x_wconf 83' lang='grc' dir='ltr'><strong>τὴν</strong></span> <span class='ocrx_word' id='word_1_182' title='bbox 2973 1459 3315 1531; x_wconf 75' lang='grc' dir='ltr'>οἰκουμένην.</span> <span class='ocrx_word' id='word_1_183' title='bbox 3347 1459 3518 1523; x_wconf 80' lang='grc' dir='ltr'>Αὐτὸς</span> <span class='ocrx_word' id='word_1_184' title='bbox 3547 1459 3657 1529; x_wconf 78' lang='grc' dir='ltr'><strong>γὰρ</strong></span> <span class='ocrx_word' id='word_1_185' title='bbox 3685 1459 3831 1528; x_wconf 77' lang='grc' dir='ltr'><strong>ἡμῖν</strong></span> 
     </span>
    </p>
   </div>
   <div class='ocr_carea' id='block_1_28' title="bbox 2257 1551 3830 1621">
    <p class='ocr_par' dir='ltr' id='par_1_28' title="bbox 2257 1551 3830 1621">
     <span class='ocr_line' id='line_1_28' title="bbox 2257 1551 3830 1621; baseline 0 -19"><span class='ocrx_word' id='word_1_186' title='bbox 2257 1551 2505 1620; x_wconf 50' lang='grc' dir='ltr'><strong>,ἕλε-νήθη</strong></span> <span class='ocrx_word' id='word_1_187' title='bbox 2527 1553 2713 1620; x_wconf 58' lang='grc' dir='ltr'><em>σοφία</em></span> <span class='ocrx_word' id='word_1_188' title='bbox 2731 1552 2848 1605; x_wconf 81' lang='grc' dir='ltr'>ἀπὸ</span> <span class='ocrx_word' id='word_1_189' title='bbox 2871 1551 3038 1615; x_wconf 81' lang='grc' dir='ltr'>Θεοῦ,</span> <span class='ocrx_word' id='word_1_190' title='bbox 3063 1551 3412 1620; x_wconf 75' lang='grc' dir='ltr'><strong>δικαιοσύνη</strong></span> <span class='ocrx_word' id='word_1_191' title='bbox 3452 1570 3514 1605; x_wconf 84' lang='grc' dir='ltr'>τε</span> <span class='ocrx_word' id='word_1_192' title='bbox 3545 1553 3641 1605; x_wconf 82' lang='grc' dir='ltr'><strong>καὶ</strong></span> <span class='ocrx_word' id='word_1_193' title='bbox 3661 1553 3830 1621; x_wconf 77' lang='grc' dir='ltr'><em>ἁγια-</em></span> 
     </span>
    </p>
   </div>
   <div class='ocr_carea' id='block_1_29' title="bbox 2258 1643 3828 1713">
    <p class='ocr_par' dir='ltr' id='par_1_29' title="bbox 2258 1643 3828 1713">
     <span class='ocr_line' id='line_1_29' title="bbox 2258 1643 3828 1713; baseline 0.001 -17"><span class='ocrx_word' id='word_1_194' title='bbox 2258 1643 2412 1713; x_wconf 79' lang='grc' dir='ltr'>σμὸς</span> <span class='ocrx_word' id='word_1_195' title='bbox 2461 1645 2557 1696; x_wconf 79' lang='grc' dir='ltr'><strong>καὶ</strong></span> <span class='ocrx_word' id='word_1_196' title='bbox 2584 1645 2998 1713; x_wconf 75' lang='grc' dir='ltr'>ἀπολύτρωσις</span> <span class='ocrx_word' id='word_1_197' title='bbox 3020 1662 3034 1676; x_wconf 87' lang='grc'><strong>·</strong></span> <span class='ocrx_word' id='word_1_198' title='bbox 3065 1645 3164 1698; x_wconf 79' lang='grc' dir='ltr'><strong>καὶ</strong></span> <span class='ocrx_word' id='word_1_199' title='bbox 3210 1643 3326 1712; x_wconf 78' lang='grc' dir='ltr'><strong>τὴν</strong></span> <span class='ocrx_word' id='word_1_200' title='bbox 3373 1645 3575 1712; x_wconf 76' lang='grc' dir='ltr'>κρίσιν</span> <span class='ocrx_word' id='word_1_201' title='bbox 3616 1643 3684 1697; x_wconf 82' lang='grc' dir='ltr'>δὲ</span> <span class='ocrx_word' id='word_1_202' title='bbox 3714 1645 3828 1700; x_wconf 78' lang='grc' dir='ltr'><strong>πᾶ-</strong></span> 
     </span>
    </p>
   </div>
   <div class='ocr_carea' id='block_1_30' title="bbox 2260 1734 3160 1802">
    <p class='ocr_par' dir='ltr' id='par_1_30' title="bbox 2260 1734 3160 1802">
     <span class='ocr_line' id='line_1_30' title="bbox 2260 1734 3160 1802; baseline 0 -14"><span class='ocrx_word' id='word_1_203' title='bbox 2260 1751 2380 1788; x_wconf 79' lang='grc' dir='ltr'><em>σαν</em></span> <span class='ocrx_word' id='word_1_204' title='bbox 2415 1734 2573 1800; x_wconf 75' lang='grc' dir='ltr'><strong>αὐτῷ</strong></span> <span class='ocrx_word' id='word_1_205' title='bbox 2599 1735 2855 1788; x_wconf 80' lang='grc' dir='ltr'>δέδωκεν</span> <span class='ocrx_word' id='word_1_206' title='bbox 2883 1739 2916 1789; x_wconf 85' lang='grc' dir='ltr'><strong>ό</strong></span> <span class='ocrx_word' id='word_1_207' title='bbox 2940 1734 3160 1802; x_wconf 70' lang='grc' dir='ltr'><strong>Πατήρ.</strong></span> 
     </span>
    </p>
   </div>
   <div class='ocr_carea' id='block_1_31' title="bbox 2335 1826 3833 1896">
    <p class='ocr_par' dir='ltr' id='par_1_31' title="bbox 2335 1826 3833 1896">
     <span class='ocr_line' id='line_1_31' title="bbox 2335 1826 3833 1896; baseline -0.001 -14"><span class='ocrx_word' id='word_1_208' title='bbox 2335 1829 2430 1893; x_wconf 84' lang='grc' dir='ltr'>Τίς</span> <span class='ocrx_word' id='word_1_209' title='bbox 2453 1826 2861 1894; x_wconf 70' lang='grc' dir='ltr'><strong>ἀναστήσεταί</strong></span> <span class='ocrx_word' id='word_1_210' title='bbox 2877 1844 2979 1895; x_wconf 82' lang='grc' dir='ltr'>μοι</span> <span class='ocrx_word' id='word_1_211' title='bbox 3005 1827 3100 1879; x_wconf 72' lang='grc' dir='ltr'><strong>ἐπὶ</strong></span> <span class='ocrx_word' id='word_1_212' title='bbox 3124 1827 3655 1896; x_wconf 71' lang='grc' dir='ltr'>πονηρευομένοιςς</span> <span class='ocrx_word' id='word_1_213' title='bbox 3683 1829 3833 1896; x_wconf 77' lang='grc' dir='ltr'><strong>Αὕτη</strong></span> 
     </span>
    </p>
   </div>
   <div class='ocr_carea' id='block_1_32' title="bbox 591 1913 2193 1988">
    <p class='ocr_par' dir='ltr' id='par_1_32' title="bbox 591 1913 2193 1985">
     <span class='ocr_line' id='line_1_32' title="bbox 591 1913 2193 1985; baseline 0.006 -19"><span class='ocrx_word' id='word_1_214' title='bbox 591 1913 716 1969; x_wconf 74' lang='grc' dir='ltr'><strong>11ωο</strong></span> <span class='ocrx_word' id='word_1_215' title='bbox 776 1924 858 1968; x_wconf 88' lang='lat' dir='ltr'><strong>est</strong></span> <span class='ocrx_word' id='word_1_216' title='bbox 913 1916 1234 1971; x_wconf 85' lang='lat' dir='ltr'><strong>alllictorum</strong></span> <span class='ocrx_word' id='word_1_217' title='bbox 1277 1933 1402 1971; x_wconf 75' lang='lat' dir='ltr'><strong>vox.</strong></span> <span class='ocrx_word' id='word_1_218' title='bbox 1443 1919 1533 1972; x_wconf 88' lang='lat' dir='ltr'><strong>Ait</strong></span> <span class='ocrx_word' id='word_1_219' title='bbox 1584 1928 1808 1974; x_wconf 89' lang='lat' dir='ltr'><strong>autem:</strong></span> <span class='ocrx_word' id='word_1_220' title='bbox 1849 1921 1984 1985; x_wconf 86' lang='lat' dir='ltr'><strong>Quis</strong></span> <span class='ocrx_word' id='word_1_221' title='bbox 2024 1923 2154 1976; x_wconf 90' lang='lat' dir='ltr'><strong>mihi</strong></span> <span class='ocrx_word' id='word_1_222' title='bbox 2189 1916 2193 1969; x_wconf 60' lang='grc' dir='ltr'><strong><em>ἲ</em></strong></span> 
     </span>
    </p>
   </div>
   <div class='ocr_carea' id='block_1_33' title="bbox 2273 1913 3834 1988">
    <p class='ocr_par' dir='ltr' id='par_1_33' title="bbox 2273 1915 3834 1988">
     <span class='ocr_line' id='line_1_33' title="bbox 2273 1915 3834 1988; baseline -0.003 -16"><span class='ocrx_word' id='word_1_223' title='bbox 2273 1918 2364 1972; x_wconf 76' lang='grc' dir='ltr'>τῶν</span> <span class='ocrx_word' id='word_1_224' title='bbox 2394 1917 2722 1988; x_wconf 76' lang='grc' dir='ltr'>θλιϐομένων</span> <span class='ocrx_word' id='word_1_225' title='bbox 2750 1919 2782 1986; x_wconf 81' lang='grc' dir='ltr'>ἡ</span> <span class='ocrx_word' id='word_1_226' title='bbox 2818 1917 2989 1986; x_wconf 81' lang='grc' dir='ltr'>φωνή.</span> <span class='ocrx_word' id='word_1_227' title='bbox 3027 1915 3187 1982; x_wconf 81' lang='grc' dir='ltr'><strong>Λέγει</strong></span> <span class='ocrx_word' id='word_1_228' title='bbox 3216 1915 3272 1966; x_wconf 83' lang='grc' dir='ltr'><em>δέ</em></span> <span class='ocrx_word' id='word_1_229' title='bbox 3300 1933 3311 1945; x_wconf 77' lang='grc' dir='ltr'><strong><em>ο</em></strong></span> <span class='ocrx_word' id='word_1_230' title='bbox 3343 1915 3438 1978; x_wconf 89' lang='grc' dir='ltr'><strong>Τίς</strong></span> <span class='ocrx_word' id='word_1_231' title='bbox 3473 1933 3562 1985; x_wconf 87' lang='grc' dir='ltr'><strong>μοι</strong></span> <span class='ocrx_word' id='word_1_232' title='bbox 3604 1917 3834 1985; x_wconf 72' lang='grc' dir='ltr'>γένηται</span> 
     </span>
    </p>
   </div>
   <div class='ocr_carea' id='block_1_34' title="bbox 592 2007 2162 2082">
    <p class='ocr_par' dir='ltr' id='par_1_34' title="bbox 592 2007 2162 2082">
     <span class='ocr_line' id='line_1_34' title="bbox 592 2007 2162 2082; baseline 0.005 -24"><span class='ocrx_word' id='word_1_233' title='bbox 592 2007 878 2061; x_wconf 79' lang='lat' dir='ltr'><strong>auxiliator</strong></span> <span class='ocrx_word' id='word_1_234' title='bbox 898 2007 1062 2062; x_wconf 83' lang='lat' dir='ltr'><strong>fuerit</strong></span> <span class='ocrx_word' id='word_1_235' title='bbox 1088 2011 1352 2064; x_wconf 85' lang='lat' dir='ltr'><strong>adversus</strong></span> <span class='ocrx_word' id='word_1_236' title='bbox 1373 2026 1467 2065; x_wconf 92' lang='lat' dir='ltr'><strong>cos</strong></span> <span class='ocrx_word' id='word_1_237' title='bbox 1488 2010 1582 2080; x_wconf 87' lang='lat' dir='ltr'><strong>qui</strong></span> <span class='ocrx_word' id='word_1_238' title='bbox 1613 2011 1749 2065; x_wconf 86' lang='lat' dir='ltr'><strong>male</strong></span> <span class='ocrx_word' id='word_1_239' title='bbox 1775 2012 1826 2065; x_wconf 91' lang='lat' dir='ltr'><strong>in</strong></span> <span class='ocrx_word' id='word_1_240' title='bbox 1849 2028 1933 2066; x_wconf 91' lang='lat' dir='ltr'><strong>me</strong></span> <span class='ocrx_word' id='word_1_241' title='bbox 1954 2013 2162 2082; x_wconf 86' lang='lat' dir='ltr'><strong>agunt?</strong></span> 
     </span>
    </p>
   </div>
   <div class='ocr_carea' id='block_1_35' title="bbox 597 2097 2160 2171">
    <p class='ocr_par' dir='ltr' id='par_1_35' title="bbox 597 2097 2160 2171">
     <span class='ocr_line' id='line_1_35' title="bbox 597 2097 2160 2171; baseline 0.006 -23"><span class='ocrx_word' id='word_1_242' title='bbox 597 2097 855 2167; x_wconf 77' lang='lat' dir='ltr'><strong>Deinceps</strong></span> <span class='ocrx_word' id='word_1_243' title='bbox 884 2100 974 2153; x_wconf 88' lang='lat' dir='ltr'><strong>ubi</strong></span> <span class='ocrx_word' id='word_1_244' title='bbox 1010 2100 1300 2171; x_wconf 90' lang='lat' dir='ltr'><strong>derepente</strong></span> <span class='ocrx_word' id='word_1_245' title='bbox 1328 2103 1500 2156; x_wconf 84' lang='lat' dir='ltr'><strong>sensit</strong></span> <span class='ocrx_word' id='word_1_246' title='bbox 1533 2103 1658 2170; x_wconf 89' lang='lat' dir='ltr'><strong>quis</strong></span> <span class='ocrx_word' id='word_1_247' title='bbox 1717 2104 2010 2157; x_wconf 82' lang='lat' dir='ltr'><strong>auxiliator</strong></span> <span class='ocrx_word' id='word_1_248' title='bbox 2067 2105 2160 2167; x_wconf 91' lang='lat' dir='ltr'><strong>sit,</strong></span> 
     </span>
    </p>
   </div>
   <div class='ocr_carea' id='block_1_36' title="bbox 593 2189 2161 2264">
    <p class='ocr_par' dir='ltr' id='par_1_36' title="bbox 593 2189 2161 2264">
     <span class='ocr_line' id='line_1_36' title="bbox 593 2189 2161 2264; baseline 0.006 -24"><span class='ocrx_word' id='word_1_249' title='bbox 593 2189 688 2253; x_wconf 89' lang='lat' dir='ltr'><strong>ait,</strong></span> <span class='ocrx_word' id='word_1_250' title='bbox 709 2189 820 2258; x_wconf 90' lang='lat' dir='ltr'><strong>jam</strong></span> <span class='ocrx_word' id='word_1_251' title='bbox 847 2192 974 2244; x_wconf 89' lang='lat' dir='ltr'><strong>olim</strong></span> <span class='ocrx_word' id='word_1_252' title='bbox 998 2194 1235 2245; x_wconf 83' lang='lat' dir='ltr'><strong>animam</strong></span> <span class='ocrx_word' id='word_1_253' title='bbox 1269 2193 1387 2262; x_wconf 84' lang='lat' dir='ltr'><strong>ejus</strong></span> <span class='ocrx_word' id='word_1_254' title='bbox 1419 2193 1473 2246; x_wconf 90' lang='lat' dir='ltr'><strong>in</strong></span> <span class='ocrx_word' id='word_1_255' title='bbox 1502 2193 1774 2248; x_wconf 79' lang='lat' dir='ltr'><strong>infernum</strong></span> <span class='ocrx_word' id='word_1_256' title='bbox 1803 2194 2161 2264; x_wconf 87' lang='lat' dir='ltr'><strong>dejiciendam</strong></span> 
     </span>
    </p>
   </div>
   <div class='ocr_carea' id='block_1_37' title="bbox 594 2279 1831 2352">
    <p class='ocr_par' dir='ltr' id='par_1_37' title="bbox 594 2279 1831 2352">
     <span class='ocr_line' id='line_1_37' title="bbox 594 2279 1831 2352; baseline 0.004 -19"><span class='ocrx_word' id='word_1_257' title='bbox 594 2279 785 2344; x_wconf 77' lang='lat' dir='ltr'><strong>fuisse,</strong></span> <span class='ocrx_word' id='word_1_258' title='bbox 812 2283 916 2336; x_wconf 89' lang='lat' dir='ltr'><strong>nisi</strong></span> <span class='ocrx_word' id='word_1_259' title='bbox 951 2282 1043 2335; x_wconf 85' lang='lat' dir='ltr'><strong>Dei</strong></span> <span class='ocrx_word' id='word_1_260' title='bbox 1080 2283 1414 2352; x_wconf 88' lang='lat' dir='ltr'><strong>adjutorium</strong></span> <span class='ocrx_word' id='word_1_261' title='bbox 1449 2295 1641 2341; x_wconf 89' lang='lat' dir='ltr'><strong>nactus</strong></span> <span class='ocrx_word' id='word_1_262' title='bbox 1669 2295 1831 2342; x_wconf 80' lang='lat' dir='ltr'><strong>esset.</strong></span> 
     </span>
    </p>
   </div>
   <div class='ocr_carea' id='block_1_38' title="bbox 667 2371 2164 2445">
    <p class='ocr_par' dir='ltr' id='par_1_38' title="bbox 667 2371 2164 2445">
     <span class='ocr_line' id='line_1_38' title="bbox 667 2371 2164 2445; baseline 0.002 -20"><span class='ocrx_word' id='word_1_263' title='bbox 667 2372 754 2426; x_wconf 87' lang='grc'><strong>18.</strong></span> <span class='ocrx_word' id='word_1_264' title='bbox 789 2371 848 2426; x_wconf 90' lang='lat' dir='ltr'><strong>Si</strong></span> <span class='ocrx_word' id='word_1_265' title='bbox 895 2373 1129 2426; x_wconf 83' lang='lat' dir='ltr'><strong>dicebam</strong></span> <span class='ocrx_word' id='word_1_266' title='bbox 1171 2393 1183 2426; x_wconf 90' lang='lat'>:</span> <span class='ocrx_word' id='word_1_267' title='bbox 1237 2373 1415 2428; x_wconf 84' lang='lat' dir='ltr'><strong>Motus</strong></span> <span class='ocrx_word' id='word_1_268' title='bbox 1458 2386 1533 2429; x_wconf 87' lang='lat' dir='ltr'><strong>est</strong></span> <span class='ocrx_word' id='word_1_269' title='bbox 1569 2393 1655 2445; x_wconf 86' lang='lat' dir='ltr'><strong>pes</strong></span> <span class='ocrx_word' id='word_1_270' title='bbox 1689 2393 1850 2429; x_wconf 85' lang='lat' dir='ltr'><strong>meus.</strong></span> <span class='ocrx_word' id='word_1_271' title='bbox 1898 2375 2034 2429; x_wconf 89' lang='lat' dir='ltr'><strong>Dum</strong></span> <span class='ocrx_word' id='word_1_272' title='bbox 2080 2374 2164 2429; x_wconf 79' lang='lat' dir='ltr'><strong>af-</strong></span> 
     </span>
    </p>
   </div>
   <div class='ocr_carea' id='block_1_39' title="bbox 595 2462 2161 2532">
    <p class='ocr_par' dir='ltr' id='par_1_39' title="bbox 595 2462 2161 2532">
     <span class='ocr_line' id='line_1_39' title="bbox 595 2462 2161 2532; baseline -0.001 -17"><span class='ocrx_word' id='word_1_273' title='bbox 595 2462 794 2527; x_wconf 86' lang='lat' dir='ltr'><strong>llictus,</strong></span> <span class='ocrx_word' id='word_1_274' title='bbox 859 2463 1054 2532; x_wconf 84' lang='lat' dir='ltr'><strong>inquit,</strong></span> <span class='ocrx_word' id='word_1_275' title='bbox 1110 2464 1481 2532; x_wconf 88' lang='lat' dir='ltr'><strong>conspicerem</strong></span> <span class='ocrx_word' id='word_1_276' title='bbox 1544 2479 1630 2516; x_wconf 88' lang='lat' dir='ltr'><strong>me</strong></span> <span class='ocrx_word' id='word_1_277' title='bbox 1693 2462 2161 2528; x_wconf 84' lang='lat' dir='ltr'><strong>labi,dicebam:</strong></span> 
     </span>
    </p>
   </div>
   <div class='ocr_carea' id='block_1_40' title="bbox 595 2554 2166 2624">
    <p class='ocr_par' dir='ltr' id='par_1_40' title="bbox 595 2554 2166 2624">
     <span class='ocr_line' id='line_1_40' title="bbox 595 2554 2166 2624; baseline -0.001 -16"><span class='ocrx_word' id='word_1_278' title='bbox 595 2555 826 2620; x_wconf 80' lang='lat' dir='ltr'><strong>Quando</strong></span> <span class='ocrx_word' id='word_1_279' title='bbox 885 2571 980 2624; x_wconf 89' lang='lat' dir='ltr'><strong>pes</strong></span> <span class='ocrx_word' id='word_1_280' title='bbox 1015 2571 1170 2610; x_wconf 78' lang='lat' dir='ltr'><strong>meus</strong></span> <span class='ocrx_word' id='word_1_281' title='bbox 1222 2565 1407 2610; x_wconf 88' lang='lat' dir='ltr'><strong>motus</strong></span> <span class='ocrx_word' id='word_1_282' title='bbox 1459 2556 1578 2610; x_wconf 84' lang='lat' dir='ltr'><strong>est?</strong></span> <span class='ocrx_word' id='word_1_283' title='bbox 1620 2555 1674 2609; x_wconf 88' lang='lat' dir='ltr'><strong>id</strong></span> <span class='ocrx_word' id='word_1_284' title='bbox 1709 2563 1810 2620; x_wconf 89' lang='lat' dir='ltr'><strong>est,</strong></span> <span class='ocrx_word' id='word_1_285' title='bbox 1846 2554 2088 2609; x_wconf 82' lang='lat' dir='ltr'><strong>excidam</strong></span> <span class='ocrx_word' id='word_1_286' title='bbox 2135 2569 2166 2607; x_wconf 91' lang='lat' dir='ltr'><strong>a</strong></span> 
     </span>
    </p>
   </div>
   <div class='ocr_carea' id='block_1_41' title="bbox 595 2647 2167 2718">
    <p class='ocr_par' dir='ltr' id='par_1_41' title="bbox 595 2647 2167 2718">
     <span class='ocr_line' id='line_1_41' title="bbox 595 2647 2167 2718; baseline 0 -18"><span class='ocrx_word' id='word_1_287' title='bbox 595 2659 738 2703; x_wconf 82' lang='lat' dir='ltr'><strong>statu</strong></span> <span class='ocrx_word' id='word_1_288' title='bbox 770 2651 861 2704; x_wconf 89' lang='lat' dir='ltr'><strong>illo</strong></span> <span class='ocrx_word' id='word_1_289' title='bbox 898 2650 990 2718; x_wconf 90' lang='lat' dir='ltr'><strong>qui</strong></span> <span class='ocrx_word' id='word_1_290' title='bbox 1028 2648 1326 2704; x_wconf 87' lang='lat' dir='ltr'><strong>secundum</strong></span> <span class='ocrx_word' id='word_1_291' title='bbox 1359 2649 1524 2702; x_wconf 89' lang='lat' dir='ltr'><strong>Deum</strong></span> <span class='ocrx_word' id='word_1_292' title='bbox 1552 2659 1671 2714; x_wconf 88' lang='lat' dir='ltr'><strong>est;</strong></span> <span class='ocrx_word' id='word_1_293' title='bbox 1699 2650 1880 2703; x_wconf 89' lang='lat' dir='ltr'><strong>statim</strong></span> <span class='ocrx_word' id='word_1_294' title='bbox 1929 2647 2167 2717; x_wconf 89' lang='lat' dir='ltr'><strong>patroci-</strong></span> 
     </span>
    </p>
   </div>
   <div class='ocr_carea' id='block_1_42' title="bbox 597 2738 2168 2792">
    <p class='ocr_par' dir='ltr' id='par_1_42' title="bbox 597 2738 2168 2792">
     <span class='ocr_line' id='line_1_42' title="bbox 597 2738 2168 2792; baseline 0 -2"><span class='ocrx_word' id='word_1_295' title='bbox 597 2739 747 2790; x_wconf 86' lang='lat' dir='ltr'><strong>nium</strong></span> <span class='ocrx_word' id='word_1_296' title='bbox 783 2747 836 2791; x_wconf 92' lang='lat' dir='ltr'><strong>et</strong></span> <span class='ocrx_word' id='word_1_297' title='bbox 860 2738 1294 2792; x_wconf 87' lang='lat' dir='ltr'><strong>miscricordiam</strong></span> <span class='ocrx_word' id='word_1_298' title='bbox 1332 2746 1481 2791; x_wconf 89' lang='lat' dir='ltr'><strong>tuam</strong></span> <span class='ocrx_word' id='word_1_299' title='bbox 1516 2739 1815 2792; x_wconf 89' lang='lat' dir='ltr'><strong>sentiebam</strong></span> <span class='ocrx_word' id='word_1_300' title='bbox 1849 2738 1982 2791; x_wconf 86' lang='lat' dir='ltr'><strong>mihi</strong></span> <span class='ocrx_word' id='word_1_301' title='bbox 2015 2738 2168 2790; x_wconf 82' lang='lat' dir='ltr'><strong>auxi-</strong></span> 
     </span>
    </p>
   </div>
   <div class='ocr_carea' id='block_1_43' title="bbox 597 2829 838 2883">
    <p class='ocr_par' dir='ltr' id='par_1_43' title="bbox 597 2829 838 2883">
     <span class='ocr_line' id='line_1_43' title="bbox 597 2829 838 2883; baseline 0.008 -3"><span class='ocrx_word' id='word_1_302' title='bbox 597 2829 838 2883; x_wconf 86' lang='lat' dir='ltr'><strong>liantem.</strong></span> 
     </span>
    </p>
   </div>
   <div class='ocr_carea' id='block_1_44' title="bbox 674 2920 2168 2990">
    <p class='ocr_par' dir='ltr' id='par_1_44' title="bbox 674 2920 2168 2990">
     <span class='ocr_line' id='line_1_44' title="bbox 674 2920 2168 2990; baseline -0.001 -16"><span class='ocrx_word' id='word_1_303' title='bbox 674 2921 758 2974; x_wconf 82' lang='lat' dir='ltr'><strong>l9.</strong></span> <span class='ocrx_word' id='word_1_304' title='bbox 819 2921 1217 2975; x_wconf 85' lang='lat' dir='ltr'><strong>Consolationes</strong></span> <span class='ocrx_word' id='word_1_305' title='bbox 1285 2930 1390 2975; x_wconf 72' lang='lat' dir='ltr'><strong>tua:</strong></span> <span class='ocrx_word' id='word_1_306' title='bbox 1453 2920 1855 2990; x_wconf 73' lang='lat' dir='ltr'><strong>lwtiﬁcaverunt</strong></span> <span class='ocrx_word' id='word_1_307' title='bbox 1933 2922 2168 2974; x_wconf 80' lang='lat' dir='ltr'><strong>animum</strong></span> 
     </span>
    </p>
   </div>
   <div class='ocr_carea' id='block_1_45' title="bbox 598 3011 2166 3083">
    <p class='ocr_par' dir='ltr' id='par_1_45' title="bbox 598 3011 2166 3083">
     <span class='ocr_line' id='line_1_45' title="bbox 598 3011 2166 3083; baseline 0 -18"><span class='ocrx_word' id='word_1_308' title='bbox 598 3030 789 3066; x_wconf 70' lang='lat' dir='ltr'><strong>meant.</strong></span> <span class='ocrx_word' id='word_1_309' title='bbox 833 3011 951 3068; x_wconf 74' lang='lat' dir='ltr'><strong>Non</strong></span> <span class='ocrx_word' id='word_1_310' title='bbox 1002 3029 1087 3066; x_wconf 89' lang='lat' dir='ltr'><strong>me</strong></span> <span class='ocrx_word' id='word_1_311' title='bbox 1120 3013 1410 3083; x_wconf 90' lang='lat' dir='ltr'><strong>reliquisti,</strong></span> <span class='ocrx_word' id='word_1_312' title='bbox 1462 3015 1559 3077; x_wconf 89' lang='lat' dir='ltr'><strong>ait,</strong></span> <span class='ocrx_word' id='word_1_313' title='bbox 1590 3014 1706 3067; x_wconf 88' lang='lat' dir='ltr'><strong>sine</strong></span> <span class='ocrx_word' id='word_1_314' title='bbox 1750 3012 2166 3068; x_wconf 83' lang='lat' dir='ltr'><strong>consolatione:</strong></span> 
     </span>
    </p>
   </div>
   <div class='ocr_carea' id='block_1_46' title="bbox 601 3104 2170 3173">
    <p class='ocr_par' dir='ltr' id='par_1_46' title="bbox 601 3104 2170 3173">
     <span class='ocr_line' id='line_1_46' title="bbox 601 3104 2170 3173; baseline -0.002 -13"><span class='ocrx_word' id='word_1_315' title='bbox 601 3107 693 3160; x_wconf 82' lang='lat' dir='ltr'><strong>sed</strong></span> <span class='ocrx_word' id='word_1_316' title='bbox 717 3115 847 3173; x_wconf 89' lang='lat' dir='ltr'><strong>quot</strong></span> <span class='ocrx_word' id='word_1_317' title='bbox 872 3104 1034 3158; x_wconf 87' lang='lat' dir='ltr'><strong>habui</strong></span> <span class='ocrx_word' id='word_1_318' title='bbox 1067 3104 1468 3167; x_wconf 89' lang='lat' dir='ltr'><strong>tribulationes,</strong></span> <span class='ocrx_word' id='word_1_319' title='bbox 1502 3105 1725 3158; x_wconf 89' lang='lat' dir='ltr'><strong>totidem</strong></span> <span class='ocrx_word' id='word_1_320' title='bbox 1769 3104 2170 3157; x_wconf 86' lang='lat' dir='ltr'><strong>consolationes</strong></span> 
     </span>
    </p>
   </div>
   <div class='ocr_carea' id='block_1_47' title="bbox 601 3192 2173 3264">
    <p class='ocr_par' dir='ltr' id='par_1_47' title="bbox 601 3192 2173 3264">
     <span class='ocr_line' id='line_1_47' title="bbox 601 3192 2173 3264; baseline -0.001 -16"><span class='ocrx_word' id='word_1_321' title='bbox 601 3213 631 3248; x_wconf 85' lang='lat' dir='ltr'><strong>a</strong></span> <span class='ocrx_word' id='word_1_322' title='bbox 657 3206 706 3249; x_wconf 89' lang='lat' dir='ltr'><strong>te</strong></span> <span class='ocrx_word' id='word_1_323' title='bbox 741 3194 946 3264; x_wconf 85' lang='lat' dir='ltr'><strong>accepi.</strong></span> <span class='ocrx_word' id='word_1_324' title='bbox 980 3194 1112 3260; x_wconf 70' lang='lat' dir='ltr'><strong>Qua:</strong></span> <span class='ocrx_word' id='word_1_325' title='bbox 1143 3192 1278 3247; x_wconf 91' lang='lat' dir='ltr'><strong>mihi</strong></span> <span class='ocrx_word' id='word_1_326' title='bbox 1307 3193 1524 3248; x_wconf 87' lang='lat' dir='ltr'><strong>dolores</strong></span> <span class='ocrx_word' id='word_1_327' title='bbox 1549 3193 1602 3246; x_wconf 91' lang='lat' dir='ltr'><strong>in</strong></span> <span class='ocrx_word' id='word_1_328' title='bbox 1634 3192 1894 3263; x_wconf 75' lang='lat' dir='ltr'><strong>gaudium</strong></span> <span class='ocrx_word' id='word_1_329' title='bbox 1925 3207 2173 3248; x_wconf 88' lang='lat' dir='ltr'><strong>commu—</strong></span> 
     </span>
    </p>
   </div>
   <div class='ocr_carea' id='block_1_48' title="bbox 603 3296 809 3341">
    <p class='ocr_par' dir='ltr' id='par_1_48' title="bbox 603 3296 809 3341">
     <span class='ocr_line' id='line_1_48' title="bbox 603 3296 809 3341; baseline 0.005 -1"><span class='ocrx_word' id='word_1_330' title='bbox 603 3296 809 3341; x_wconf 84' lang='lat' dir='ltr'><strong>larunt.</strong></span> 
     </span>
    </p>
   </div>
   <div class='ocr_carea' id='block_1_49' title="bbox 670 3377 2174 3449">
    <p class='ocr_par' dir='ltr' id='par_1_49' title="bbox 670 3377 2174 3449">
     <span class='ocr_line' id='line_1_49' title="bbox 670 3377 2174 3449; baseline -0.003 -15"><span class='ocrx_word' id='word_1_331' title='bbox 670 3380 760 3434; x_wconf 77' lang='grc'><strong>20.</strong></span> <span class='ocrx_word' id='word_1_332' title='bbox 806 3378 1060 3449; x_wconf 87' lang='lat' dir='ltr'><strong>Nunquid</strong></span> <span class='ocrx_word' id='word_1_333' title='bbox 1114 3379 1349 3433; x_wconf 68' lang='lat' dir='ltr'><strong>adhaeret</strong></span> <span class='ocrx_word' id='word_1_334' title='bbox 1412 3377 1508 3431; x_wconf 85' lang='lat' dir='ltr'><strong>tibi</strong></span> <span class='ocrx_word' id='word_1_335' title='bbox 1545 3378 1692 3431; x_wconf 80' lang='lat' dir='ltr'><strong>sedes</strong></span> <span class='ocrx_word' id='word_1_336' title='bbox 1743 3377 2043 3447; x_wconf 80' lang='lat' dir='ltr'><strong>iniquitatis</strong></span> <span class='ocrx_word' id='word_1_337' title='bbox 2083 3377 2174 3449; x_wconf 86' lang='lat' dir='ltr'><strong>qui</strong></span> 
     </span>
    </p>
   </div>
   <div class='ocr_carea' id='block_1_50' title="bbox 602 3469 2176 3548">
    <p class='ocr_par' dir='ltr' id='par_1_50' title="bbox 602 3469 2176 3548">
     <span class='ocr_line' id='line_1_50' title="bbox 602 3469 2176 3548; baseline -0.006 -16"><span class='ocrx_word' id='word_1_338' title='bbox 602 3478 758 3548; x_wconf 82' lang='lat' dir='ltr'><strong>[iugis</strong></span> <span class='ocrx_word' id='word_1_339' title='bbox 788 3475 1019 3528; x_wconf 84' lang='lat' dir='ltr'><strong>laborem</strong></span> <span class='ocrx_word' id='word_1_340' title='bbox 1052 3473 1106 3526; x_wconf 88' lang='lat' dir='ltr'><strong>in</strong></span> <span class='ocrx_word' id='word_1_341' title='bbox 1131 3479 1386 3540; x_wconf 69' lang='lat' dir='ltr'><strong>pracepto</strong></span> <span class='ocrx_word' id='word_1_342' title='bbox 1407 3473 1431 3525; x_wconf 73' lang='grc' dir='ltr'><strong>ἴ)</strong></span> <span class='ocrx_word' id='word_1_343' title='bbox 1453 3469 1596 3536; x_wconf 89' lang='lat' dir='ltr'><strong>ldeo,</strong></span> <span class='ocrx_word' id='word_1_344' title='bbox 1629 3471 1828 3539; x_wconf 92' lang='lat' dir='ltr'><strong>inquit,</strong></span> <span class='ocrx_word' id='word_1_345' title='bbox 1859 3469 2176 3522; x_wconf 84' lang='lat' dir='ltr'><strong>consolatus</strong></span> 
     </span>
    </p>
   </div>
   <div class='ocr_carea' id='block_1_51' title="bbox 603 3560 2178 3631">
    <p class='ocr_par' dir='ltr' id='par_1_51' title="bbox 603 3560 2178 3631">
     <span class='ocr_line' id='line_1_51' title="bbox 603 3560 2178 3631; baseline -0.007 -7"><span class='ocrx_word' id='word_1_346' title='bbox 603 3589 663 3626; x_wconf 72' lang='lat' dir='ltr'><strong>es</strong></span> <span class='ocrx_word' id='word_1_347' title='bbox 686 3585 782 3624; x_wconf 89' lang='lat' dir='ltr'><strong>cor</strong></span> <span class='ocrx_word' id='word_1_348' title='bbox 804 3583 987 3622; x_wconf 89' lang='lat' dir='ltr'><strong>meum</strong></span> <span class='ocrx_word' id='word_1_349' title='bbox 1018 3566 1072 3619; x_wconf 89' lang='lat' dir='ltr'><strong>in</strong></span> <span class='ocrx_word' id='word_1_350' title='bbox 1104 3563 1575 3620; x_wconf 85' lang='lat' dir='ltr'><strong>tribulationibus.</strong></span> <span class='ocrx_word' id='word_1_351' title='bbox 1601 3560 1767 3631; x_wconf 83' lang='lat' dir='ltr'><strong>Igitur</strong></span> <span class='ocrx_word' id='word_1_352' title='bbox 1803 3577 1912 3614; x_wconf 91' lang='lat' dir='ltr'><strong>non</strong></span> <span class='ocrx_word' id='word_1_353' title='bbox 1937 3562 2178 3615; x_wconf 66' lang='lat' dir='ltr'><strong>adliwre-</strong></span> 
     </span>
    </p>
   </div>
   <div class='ocr_carea' id='block_1_52' title="bbox 607 3651 2178 3725">
    <p class='ocr_par' dir='ltr' id='par_1_52' title="bbox 607 3651 2178 3725">
     <span class='ocr_line' id='line_1_52' title="bbox 607 3651 2178 3725; baseline -0.005 -10"><span class='ocrx_word' id='word_1_354' title='bbox 607 3663 686 3716; x_wconf 88' lang='lat' dir='ltr'><strong>bit</strong></span> <span class='ocrx_word' id='word_1_355' title='bbox 708 3661 806 3715; x_wconf 90' lang='lat' dir='ltr'><strong>tibi</strong></span> <span class='ocrx_word' id='word_1_356' title='bbox 838 3659 1069 3713; x_wconf 87' lang='lat' dir='ltr'><strong>thronus</strong></span> <span class='ocrx_word' id='word_1_357' title='bbox 1096 3655 1422 3725; x_wconf 88' lang='lat' dir='ltr'><strong>iniquitatis,</strong></span> <span class='ocrx_word' id='word_1_358' title='bbox 1451 3653 1502 3707; x_wconf 90' lang='lat' dir='ltr'><strong>id</strong></span> <span class='ocrx_word' id='word_1_359' title='bbox 1531 3663 1636 3716; x_wconf 89' lang='lat' dir='ltr'><strong>est,</strong></span> <span class='ocrx_word' id='word_1_360' title='bbox 1667 3652 1794 3722; x_wconf 85' lang='lat' dir='ltr'><strong>quia</strong></span> <span class='ocrx_word' id='word_1_361' title='bbox 1825 3660 2010 3722; x_wconf 79' lang='lat' dir='ltr'><strong>utpote</strong></span> <span class='ocrx_word' id='word_1_362' title='bbox 2034 3651 2178 3707; x_wconf 87' lang='lat' dir='ltr'><strong>Deus</strong></span> 
     </span>
    </p>
   </div>
   <div class='ocr_carea' id='block_1_53' title="bbox 600 3746 2180 3827">
    <p class='ocr_par' dir='ltr' id='par_1_53' title="bbox 600 3746 2180 3827">
     <span class='ocr_line' id='line_1_53' title="bbox 600 3746 2180 3827; baseline -0.008 -16"><span class='ocrx_word' id='word_1_363' title='bbox 600 3759 786 3827; x_wconf 88' lang='lat' dir='ltr'><strong>justus</strong></span> <span class='ocrx_word' id='word_1_364' title='bbox 823 3752 988 3824; x_wconf 81' lang='lat' dir='ltr'><strong>judex</strong></span> <span class='ocrx_word' id='word_1_365' title='bbox 1019 3767 1078 3806; x_wconf 86' lang='lat' dir='ltr'><strong>es</strong></span> <span class='ocrx_word' id='word_1_366' title='bbox 1108 3760 1162 3804; x_wconf 90' lang='lat' dir='ltr'><strong>et</strong></span> <span class='ocrx_word' id='word_1_367' title='bbox 1203 3749 1348 3802; x_wconf 90' lang='lat' dir='ltr'><strong>nulla</strong></span> <span class='ocrx_word' id='word_1_368' title='bbox 1395 3749 1447 3800; x_wconf 93' lang='lat' dir='ltr'><strong>in</strong></span> <span class='ocrx_word' id='word_1_369' title='bbox 1482 3746 1704 3817; x_wconf 89' lang='lat' dir='ltr'><strong>judiciis</strong></span> <span class='ocrx_word' id='word_1_370' title='bbox 1760 3746 1868 3800; x_wconf 84' lang='lat' dir='ltr'><strong>tuis</strong></span> <span class='ocrx_word' id='word_1_371' title='bbox 1920 3747 2180 3815; x_wconf 90' lang='lat' dir='ltr'><strong>iniquitas</strong></span> 
     </span>
    </p>
   </div>
   <div class='ocr_carea' id='block_1_54' title="bbox 605 3836 2179 3911">
    <p class='ocr_par' dir='ltr' id='par_1_54' title="bbox 605 3836 2179 3911">
     <span class='ocr_line' id='line_1_54' title="bbox 605 3836 2179 3911; baseline -0.01 -7"><span class='ocrx_word' id='word_1_372' title='bbox 605 3850 746 3911; x_wconf 83' lang='lat' dir='ltr'><strong>erit,</strong></span> <span class='ocrx_word' id='word_1_373' title='bbox 800 3861 926 3901; x_wconf 85' lang='lat' dir='ltr'><strong>nam</strong></span> <span class='ocrx_word' id='word_1_374' title='bbox 966 3845 1198 3900; x_wconf 89' lang='lat' dir='ltr'><strong>thronus</strong></span> <span class='ocrx_word' id='word_1_375' title='bbox 1240 3841 1505 3910; x_wconf 76' lang='lat' dir='ltr'><strong>judicium</strong></span> <span class='ocrx_word' id='word_1_376' title='bbox 1539 3837 1813 3907; x_wconf 82' lang='lat' dir='ltr'><strong>signiﬁcat</strong></span> <span class='ocrx_word' id='word_1_377' title='bbox 1847 3837 1979 3907; x_wconf 70' lang='grc'><strong>(40).</strong></span> <span class='ocrx_word' id='word_1_378' title='bbox 2011 3836 2179 3890; x_wconf 86' lang='lat' dir='ltr'><strong>Secus</strong></span> 
     </span>
    </p>
   </div>
   <div class='ocr_carea' id='block_1_55' title="bbox 605 3931 2178 4003">
    <p class='ocr_par' dir='ltr' id='par_1_55' title="bbox 605 3931 2178 4003">
     <span class='ocr_line' id='line_1_55' title="bbox 605 3931 2178 4003; baseline -0.009 -5"><span class='ocrx_word' id='word_1_379' title='bbox 605 3952 791 3997; x_wconf 81' lang='lat' dir='ltr'><strong>autem</strong></span> <span class='ocrx_word' id='word_1_380' title='bbox 817 3939 906 3993; x_wconf 85' lang='lat' dir='ltr'><strong>ille</strong></span> <span class='ocrx_word' id='word_1_381' title='bbox 937 3953 994 3991; x_wconf 90' lang='lat' dir='ltr'><strong>se</strong></span> <span class='ocrx_word' id='word_1_382' title='bbox 1021 3936 1183 3989; x_wconf 87' lang='lat' dir='ltr'><strong>habet</strong></span> <span class='ocrx_word' id='word_1_383' title='bbox 1216 3935 1310 4003; x_wconf 89' lang='lat' dir='ltr'><strong>qui</strong></span> <span class='ocrx_word' id='word_1_384' title='bbox 1345 3933 1500 4002; x_wconf 75' lang='lat' dir='ltr'><strong>ﬁngit</strong></span> <span class='ocrx_word' id='word_1_385' title='bbox 1531 3931 1770 3986; x_wconf 89' lang='lat' dir='ltr'><strong>laborem</strong></span> <span class='ocrx_word' id='word_1_386' title='bbox 1804 3931 1858 3984; x_wconf 92' lang='lat' dir='ltr'><strong>in</strong></span> <span class='ocrx_word' id='word_1_387' title='bbox 1888 3938 2178 3999; x_wconf 70' lang='lat' dir='ltr'><strong>praecepto,</strong></span> 
     </span>
    </p>
   </div>
   <div class='ocr_carea' id='block_1_56' title="bbox 610 4020 2183 4095">
    <p class='ocr_par' dir='ltr' id='par_1_56' title="bbox 610 4020 2183 4095">
     <span class='ocr_line' id='line_1_56' title="bbox 610 4020 2183 4095; baseline -0.008 -8"><span class='ocrx_word' id='word_1_388' title='bbox 610 4034 859 4089; x_wconf 75' lang='lat' dir='ltr'><strong>videlicet</strong></span> <span class='ocrx_word' id='word_1_389' title='bbox 881 4027 1223 4084; x_wconf 84' lang='lat' dir='ltr'><strong>adversarius</strong></span> <span class='ocrx_word' id='word_1_390' title='bbox 1248 4026 1484 4090; x_wconf 72' lang='lat' dir='ltr'><strong>daemon,</strong></span> <span class='ocrx_word' id='word_1_391' title='bbox 1516 4024 1612 4095; x_wconf 92' lang='lat' dir='ltr'><strong>qui</strong></span> <span class='ocrx_word' id='word_1_392' title='bbox 1641 4031 1909 4095; x_wconf 59' lang='lat' dir='ltr'><strong>praecepta</strong></span> <span class='ocrx_word' id='word_1_393' title='bbox 1936 4020 2030 4076; x_wconf 90' lang='lat' dir='ltr'><strong>Dei</strong></span> <span class='ocrx_word' id='word_1_394' title='bbox 2061 4035 2183 4091; x_wconf 75' lang='lat' dir='ltr'><strong>qua:</strong></span> 
     </span>
    </p>
   </div>
   <div class='ocr_carea' id='block_1_57' title="bbox 610 4115 2184 4194">
    <p class='ocr_par' dir='ltr' id='par_1_57' title="bbox 610 4115 2184 4194">
     <span class='ocr_line' id='line_1_57' title="bbox 610 4115 2184 4194; baseline -0.01 -11"><span class='ocrx_word' id='word_1_395' title='bbox 610 4128 747 4183; x_wconf 88' lang='lat' dir='ltr'><strong>levia</strong></span> <span class='ocrx_word' id='word_1_396' title='bbox 773 4135 899 4181; x_wconf 89' lang='lat' dir='ltr'><strong>sunt</strong></span> <span class='ocrx_word' id='word_1_397' title='bbox 924 4124 1105 4194; x_wconf 81' lang='lat' dir='ltr'><strong>gravia</strong></span> <span class='ocrx_word' id='word_1_398' title='bbox 1132 4121 1321 4184; x_wconf 84' lang='lat' dir='ltr'><strong>ellicit,</strong></span> <span class='ocrx_word' id='word_1_399' title='bbox 1355 4119 1680 4187; x_wconf 87' lang='lat' dir='ltr'><strong>laboresque</strong></span> <span class='ocrx_word' id='word_1_400' title='bbox 1705 4115 2022 4170; x_wconf 87' lang='lat' dir='ltr'><strong>hominibus</strong></span> <span class='ocrx_word' id='word_1_401' title='bbox 2049 4129 2184 4184; x_wconf 78' lang='lat' dir='ltr'><strong>prae-</strong></span> 
     </span>
    </p>
   </div>
   <div class='ocr_carea' id='block_1_58' title="bbox 611 4207 2182 4286">
    <p class='ocr_par' dir='ltr' id='par_1_58' title="bbox 611 4207 2182 4286">
     <span class='ocr_line' id='line_1_58' title="bbox 611 4207 2182 4286; baseline -0.01 -10"><span class='ocrx_word' id='word_1_402' title='bbox 611 4223 701 4276; x_wconf 87' lang='lat' dir='ltr'><strong>bet</strong></span> <span class='ocrx_word' id='word_1_403' title='bbox 727 4221 781 4274; x_wconf 92' lang='lat' dir='ltr'><strong>in</strong></span> <span class='ocrx_word' id='word_1_404' title='bbox 826 4219 892 4273; x_wconf 91' lang='lat' dir='ltr'><strong>iis</strong></span> <span class='ocrx_word' id='word_1_405' title='bbox 928 4214 1154 4286; x_wconf 82' lang='lat' dir='ltr'><strong>agendis</strong></span> <span class='ocrx_word' id='word_1_406' title='bbox 1180 4255 1195 4280; x_wconf 91' lang='lat'><strong>,</strong></span> <span class='ocrx_word' id='word_1_407' title='bbox 1234 4214 1490 4267; x_wconf 88' lang='lat' dir='ltr'><strong>thronum</strong></span> <span class='ocrx_word' id='word_1_408' title='bbox 1551 4208 1858 4277; x_wconf 89' lang='lat' dir='ltr'><strong>iniquitatis</strong></span> <span class='ocrx_word' id='word_1_409' title='bbox 1905 4207 2182 4261; x_wconf 90' lang='lat' dir='ltr'><strong>diabolum</strong></span> 
     </span>
    </p>
   </div>
   <div class='ocr_carea' id='block_1_59' title="bbox 612 4299 2187 4379">
    <p class='ocr_par' dir='ltr' id='par_1_59' title="bbox 612 4299 2187 4379">
     <span class='ocr_line' id='line_1_59' title="bbox 612 4299 2187 4379; baseline -0.01 -11"><span class='ocrx_word' id='word_1_410' title='bbox 612 4315 859 4379; x_wconf 72' lang='lat' dir='ltr'><strong>vocavit;</strong></span> <span class='ocrx_word' id='word_1_411' title='bbox 905 4311 1035 4378; x_wconf 87' lang='lat' dir='ltr'><strong>quia</strong></span> <span class='ocrx_word' id='word_1_412' title='bbox 1067 4308 1297 4362; x_wconf 88' lang='lat' dir='ltr'><strong>thronus</strong></span> <span class='ocrx_word' id='word_1_413' title='bbox 1318 4303 1544 4375; x_wconf 74' lang='lat' dir='ltr'><strong>justitia:</strong></span> <span class='ocrx_word' id='word_1_414' title='bbox 1583 4301 1838 4356; x_wconf 77' lang='lat' dir='ltr'><strong>Christus</strong></span> <span class='ocrx_word' id='word_1_415' title='bbox 1874 4308 1957 4354; x_wconf 88' lang='lat' dir='ltr'><strong>cst</strong></span> <span class='ocrx_word' id='word_1_416' title='bbox 1984 4299 2073 4369; x_wconf 89' lang='lat' dir='ltr'><strong>qui</strong></span> <span class='ocrx_word' id='word_1_417' title='bbox 2103 4308 2187 4353; x_wconf 89' lang='lat' dir='ltr'><strong>est</strong></span> 
     </span>
    </p>
   </div>
   <div class='ocr_carea' id='block_1_60' title="bbox 612 4401 1167 4474">
    <p class='ocr_par' dir='ltr' id='par_1_60' title="bbox 612 4401 1167 4474">
     <span class='ocr_line' id='line_1_60' title="bbox 612 4401 1167 4474; baseline -0.018 -10"><span class='ocrx_word' id='word_1_418' title='bbox 612 4406 830 4464; x_wconf 81' lang='lat' dir='ltr'><strong>diabolo</strong></span> <span class='ocrx_word' id='word_1_419' title='bbox 865 4401 1167 4474; x_wconf 81' lang='lat' dir='ltr'><strong>oppositus.</strong></span> 
     </span>
    </p>
   </div>
   <div class='ocr_carea' id='block_1_61' title="bbox 684 4568 2183 4650">
    <p class='ocr_par' dir='ltr' id='par_1_61' title="bbox 684 4568 2183 4650">
     <span class='ocr_line' id='line_1_61' title="bbox 684 4568 2183 4650; baseline -0.012 -8"><span class='ocrx_word' id='word_1_420' title='bbox 684 4587 776 4642; x_wconf 62' lang='grc' dir='ltr'><strong>ει.</strong></span> <span class='ocrx_word' id='word_1_421' title='bbox 821 4583 887 4637; x_wconf 87' lang='lat' dir='ltr'><strong>Et</strong></span> <span class='ocrx_word' id='word_1_422' title='bbox 918 4582 1223 4650; x_wconf 81' lang='lat' dir='ltr'><strong>sanguinem</strong></span> <span class='ocrx_word' id='word_1_423' title='bbox 1257 4578 1580 4630; x_wconf 85' lang='lat' dir='ltr'><strong>innocentem</strong></span> <span class='ocrx_word' id='word_1_424' title='bbox 1613 4569 2051 4626; x_wconf 84' lang='lat' dir='ltr'><strong>condemnabunt.</strong></span> <span class='ocrx_word' id='word_1_425' title='bbox 2082 4568 2183 4636; x_wconf 89' lang='lat' dir='ltr'><strong>Illi,</strong></span> 
     </span>
    </p>
   </div>
   <div class='ocr_carea' id='block_1_62' title="bbox 618 4661 2186 4749">
    <p class='ocr_par' dir='ltr' id='par_1_62' title="bbox 618 4661 2186 4749">
     <span class='ocr_line' id='line_1_62' title="bbox 618 4661 2186 4749; baseline -0.013 -15"><span class='ocrx_word' id='word_1_426' title='bbox 618 4678 828 4749; x_wconf 87' lang='lat' dir='ltr'><strong>inquit,</strong></span> <span class='ocrx_word' id='word_1_427' title='bbox 882 4671 1101 4741; x_wconf 80' lang='lat' dir='ltr'><strong>maligni</strong></span> <span class='ocrx_word' id='word_1_428' title='bbox 1145 4677 1200 4723; x_wconf 87' lang='lat' dir='ltr'><strong>et</strong></span> <span class='ocrx_word' id='word_1_429' title='bbox 1245 4664 1542 4721; x_wconf 67' lang='lat' dir='ltr'><strong>adrersarii</strong></span> <span class='ocrx_word' id='word_1_430' title='bbox 1571 4665 1865 4725; x_wconf 72' lang='lat' dir='ltr'><strong>daemones,</strong></span> <span class='ocrx_word' id='word_1_431' title='bbox 1902 4661 2048 4714; x_wconf 91' lang='lat' dir='ltr'><strong>omni</strong></span> <span class='ocrx_word' id='word_1_432' title='bbox 2103 4677 2186 4714; x_wconf 83' lang='lat' dir='ltr'><strong>ra-</strong></span> 
     </span>
    </p>
   </div>
   <div class='ocr_carea' id='block_1_63' title="bbox 619 4752 2188 4830">
    <p class='ocr_par' dir='ltr' id='par_1_63' title="bbox 619 4752 2188 4830">
     <span class='ocr_line' id='line_1_63' title="bbox 619 4752 2188 4830; baseline -0.015 -4"><span class='ocrx_word' id='word_1_433' title='bbox 619 4773 767 4826; x_wconf 84' lang='lat' dir='ltr'><strong>tione</strong></span> <span class='ocrx_word' id='word_1_434' title='bbox 812 4767 1159 4822; x_wconf 90' lang='lat' dir='ltr'><strong>conabuntur</strong></span> <span class='ocrx_word' id='word_1_435' title='bbox 1198 4759 1331 4830; x_wconf 89' lang='lat' dir='ltr'><strong>justi</strong></span> <span class='ocrx_word' id='word_1_436' title='bbox 1375 4756 1612 4810; x_wconf 90' lang='lat' dir='ltr'><strong>animam</strong></span> <span class='ocrx_word' id='word_1_437' title='bbox 1656 4752 1810 4821; x_wconf 89' lang='lat' dir='ltr'><strong>quasi</strong></span> <span class='ocrx_word' id='word_1_438' title='bbox 1854 4761 2050 4804; x_wconf 76' lang='lat' dir='ltr'><strong>venatu</strong></span> <span class='ocrx_word' id='word_1_439' title='bbox 2098 4766 2188 4805; x_wconf 85' lang='lat' dir='ltr'><strong>ea-</strong></span> 
     </span>
    </p>
   </div>
   <div class='ocr_carea' id='block_1_64' title="bbox 619 4843 2186 4937">
    <p class='ocr_par' dir='ltr' id='par_1_64' title="bbox 619 4843 2186 4937">
     <span class='ocr_line' id='line_1_64' title="bbox 619 4843 2186 4937; baseline -0.015 -18"><span class='ocrx_word' id='word_1_440' title='bbox 619 4879 765 4937; x_wconf 62' lang='lat' dir='ltr'><strong>jere.</strong></span> <span class='ocrx_word' id='word_1_441' title='bbox 793 4861 897 4915; x_wconf 85' lang='lat' dir='ltr'><strong>Sed</strong></span> <span class='ocrx_word' id='word_1_442' title='bbox 926 4874 987 4912; x_wconf 71' lang='lat' dir='ltr'><strong>ea</strong></span> <span class='ocrx_word' id='word_1_443' title='bbox 1022 4857 1089 4911; x_wconf 92' lang='lat' dir='ltr'><strong>de</strong></span> <span class='ocrx_word' id='word_1_444' title='bbox 1116 4869 1306 4915; x_wconf 91' lang='lat' dir='ltr'><strong>causa,</strong></span> <span class='ocrx_word' id='word_1_445' title='bbox 1337 4851 1532 4919; x_wconf 89' lang='lat' dir='ltr'><strong>inquit,</strong></span> <span class='ocrx_word' id='word_1_446' title='bbox 1564 4845 2093 4902; x_wconf 90' lang='lat' dir='ltr'><strong>condemnabuntur.</strong></span> <span class='ocrx_word' id='word_1_447' title='bbox 2131 4843 2186 4897; x_wconf 91' lang='lat' dir='ltr'><strong>ld</strong></span> 
     </span>
    </p>
   </div>
   <div class='ocr_carea' id='block_1_65' title="bbox 620 4937 2188 5022">
    <p class='ocr_par' dir='ltr' id='par_1_65' title="bbox 620 4937 2188 5022">
     <span class='ocr_line' id='line_1_65' title="bbox 620 4937 2188 5022; baseline -0.015 -12"><span class='ocrx_word' id='word_1_448' title='bbox 620 4957 765 5010; x_wconf 84' lang='lat' dir='ltr'><strong>enim</strong></span> <span class='ocrx_word' id='word_1_449' title='bbox 796 4951 1087 5022; x_wconf 80' lang='lat' dir='ltr'><strong>signiﬁcat:</strong></span> <span class='ocrx_word' id='word_1_450' title='bbox 1111 4946 1178 5000; x_wconf 89' lang='lat' dir='ltr'><strong>Et</strong></span> <span class='ocrx_word' id='word_1_451' title='bbox 1196 4944 1504 5014; x_wconf 85' lang='lat' dir='ltr'><strong>sanguinem</strong></span> <span class='ocrx_word' id='word_1_452' title='bbox 1531 4942 1854 4994; x_wconf 86' lang='lat' dir='ltr'><strong>innocentem</strong></span> <span class='ocrx_word' id='word_1_453' title='bbox 1871 4937 2188 4990; x_wconf 86' lang='lat' dir='ltr'><strong>condemna-</strong></span> 
     </span>
    </p>
   </div>
   <div class='ocr_carea' id='block_1_66' title="bbox 624 5031 2194 5108">
    <p class='ocr_par' dir='ltr' id='par_1_66' title="bbox 624 5031 2194 5108">
     <span class='ocr_line' id='line_1_66' title="bbox 624 5031 2194 5108; baseline -0.01 -7"><span class='ocrx_word' id='word_1_454' title='bbox 624 5050 770 5101; x_wconf 89' lang='lat' dir='ltr'><strong>bunt.</strong></span> <span class='ocrx_word' id='word_1_455' title='bbox 831 5046 920 5099; x_wconf 81' lang='lat' dir='ltr'><strong>Ait</strong></span> <span class='ocrx_word' id='word_1_456' title='bbox 977 5043 1120 5098; x_wconf 85' lang='lat' dir='ltr'><strong>enim</strong></span> <span class='ocrx_word' id='word_1_457' title='bbox 1169 5053 1267 5108; x_wconf 87' lang='lat' dir='ltr'><strong>pro</strong></span> <span class='ocrx_word' id='word_1_458' title='bbox 1313 5039 1602 5090; x_wconf 86' lang='lat' dir='ltr'><strong>innocente</strong></span> <span class='ocrx_word' id='word_1_459' title='bbox 1649 5033 1913 5102; x_wconf 86' lang='lat' dir='ltr'><strong>sanguine</strong></span> <span class='ocrx_word' id='word_1_460' title='bbox 1952 5032 2021 5085; x_wconf 90' lang='lat' dir='ltr'><strong>ab</strong></span> <span class='ocrx_word' id='word_1_461' title='bbox 2062 5031 2194 5101; x_wconf 89' lang='lat' dir='ltr'><strong>ipsis</strong></span> 
     </span>
    </p>
   </div>
   <div class='ocr_carea' id='block_1_67' title="bbox 625 5121 2121 5206">
    <p class='ocr_par' dir='ltr' id='par_1_67' title="bbox 625 5121 2121 5206">
     <span class='ocr_line' id='line_1_67' title="bbox 625 5121 2121 5206; baseline -0.013 -11"><span class='ocrx_word' id='word_1_462' title='bbox 625 5140 817 5202; x_wconf 77' lang='lat' dir='ltr'><strong>ell‘uso,</strong></span> <span class='ocrx_word' id='word_1_463' title='bbox 847 5140 898 5190; x_wconf 93' lang='lat' dir='ltr'><strong>in</strong></span> <span class='ocrx_word' id='word_1_464' title='bbox 926 5135 1192 5206; x_wconf 91' lang='lat' dir='ltr'><strong>judicium</strong></span> <span class='ocrx_word' id='word_1_465' title='bbox 1220 5140 1274 5184; x_wconf 88' lang='lat' dir='ltr'><strong>et</strong></span> <span class='ocrx_word' id='word_1_466' title='bbox 1307 5126 1633 5197; x_wconf 86' lang='lat' dir='ltr'><strong>supplicium</strong></span> <span class='ocrx_word' id='word_1_467' title='bbox 1661 5123 1953 5177; x_wconf 86' lang='lat' dir='ltr'><strong>tradendos</strong></span> <span class='ocrx_word' id='word_1_468' title='bbox 1986 5121 2121 5176; x_wconf 84' lang='lat' dir='ltr'><strong>lore.</strong></span> 
     </span>
    </p>
   </div>
   <div class='ocr_carea' id='block_1_68' title="bbox 697 5215 2193 5297">
    <p class='ocr_par' dir='ltr' id='par_1_68' title="bbox 697 5215 2193 5297">
     <span class='ocr_line' id='line_1_68' title="bbox 697 5215 2193 5297; baseline -0.011 -12"><span class='ocrx_word' id='word_1_469' title='bbox 697 5232 790 5285; x_wconf 71' lang='grc'><strong>22.</strong></span> <span class='ocrx_word' id='word_1_470' title='bbox 853 5229 918 5282; x_wconf 86' lang='lat' dir='ltr'><strong>Et</strong></span> <span class='ocrx_word' id='word_1_471' title='bbox 971 5230 1144 5297; x_wconf 81' lang='lat' dir='ltr'><strong>factus</strong></span> <span class='ocrx_word' id='word_1_472' title='bbox 1189 5232 1266 5276; x_wconf 87' lang='lat' dir='ltr'><strong>est</strong></span> <span class='ocrx_word' id='word_1_473' title='bbox 1320 5221 1447 5273; x_wconf 84' lang='lat' dir='ltr'><strong>mihi</strong></span> <span class='ocrx_word' id='word_1_474' title='bbox 1501 5218 1754 5270; x_wconf 75' lang='lat' dir='ltr'><strong>Dominus</strong></span> <span class='ocrx_word' id='word_1_475' title='bbox 1803 5217 1854 5269; x_wconf 88' lang='lat' dir='ltr'><strong>in</strong></span> <span class='ocrx_word' id='word_1_476' title='bbox 1909 5215 2193 5285; x_wconf 73' lang='lat' dir='ltr'><strong>refugium.</strong></span> 
     </span>
    </p>
   </div>
   <div class='ocr_carea' id='block_1_69' title="bbox 630 5308 2196 5395">
    <p class='ocr_par' dir='ltr' id='par_1_69' title="bbox 630 5308 2196 5395">
     <span class='ocr_line' id='line_1_69' title="bbox 630 5308 2196 5395; baseline -0.01 -17"><span class='ocrx_word' id='word_1_477' title='bbox 630 5325 741 5395; x_wconf 84' lang='lat' dir='ltr'><strong>Ego</strong></span> <span class='ocrx_word' id='word_1_478' title='bbox 776 5332 954 5377; x_wconf 88' lang='lat' dir='ltr'><strong>autem</strong></span> <span class='ocrx_word' id='word_1_479' title='bbox 997 5319 1210 5375; x_wconf 80' lang='lat' dir='ltr'><strong>Domini</strong></span> <span class='ocrx_word' id='word_1_480' title='bbox 1265 5313 1617 5386; x_wconf 65' lang='lat' dir='ltr'><strong>providentiae</strong></span> <span class='ocrx_word' id='word_1_481' title='bbox 1662 5310 1899 5364; x_wconf 77' lang='lat' dir='ltr'><strong>fructum</strong></span> <span class='ocrx_word' id='word_1_482' title='bbox 1947 5308 2196 5380; x_wconf 89' lang='lat' dir='ltr'><strong>percepi,</strong></span> 
     </span>
    </p>
   </div>
   <div class='ocr_carea' id='block_1_70' title="bbox 630 5406 1738 5486">
    <p class='ocr_par' dir='ltr' id='par_1_70' title="bbox 630 5406 1738 5486">
     <span class='ocr_line' id='line_1_70' title="bbox 630 5406 1738 5486; baseline -0.014 -14"><span class='ocrx_word' id='word_1_483' title='bbox 630 5426 685 5472; x_wconf 88' lang='lat' dir='ltr'><strong>et</strong></span> <span class='ocrx_word' id='word_1_484' title='bbox 717 5419 828 5486; x_wconf 86' lang='lat' dir='ltr'><strong>ipse</strong></span> <span class='ocrx_word' id='word_1_485' title='bbox 859 5415 991 5470; x_wconf 89' lang='lat' dir='ltr'><strong>mihi</strong></span> <span class='ocrx_word' id='word_1_486' title='bbox 1023 5422 1106 5467; x_wconf 93' lang='lat' dir='ltr'><strong>est</strong></span> <span class='ocrx_word' id='word_1_487' title='bbox 1134 5413 1188 5465; x_wconf 91' lang='lat' dir='ltr'><strong>in</strong></span> <span class='ocrx_word' id='word_1_488' title='bbox 1214 5410 1413 5464; x_wconf 82' lang='lat' dir='ltr'><strong>vallum</strong></span> <span class='ocrx_word' id='word_1_489' title='bbox 1448 5406 1738 5460; x_wconf 90' lang='lat' dir='ltr'><strong>munitum.</strong></span> 
     </span>
    </p>
   </div>
   <div class='ocr_carea' id='block_1_71' title="bbox 712 5666 2193 5742">
    <p class='ocr_par' dir='ltr' id='par_1_71' title="bbox 712 5666 2193 5742">
     <span class='ocr_line' id='line_1_71' title="bbox 712 5666 2193 5742; baseline -0.015 -5"><span class='ocrx_word' id='word_1_490' title='bbox 712 5685 754 5713; x_wconf 79' lang='grc'>⁸⁸³</span> <span class='ocrx_word' id='word_1_491' title='bbox 790 5681 979 5738; x_wconf 74' lang='lat' dir='ltr'><strong>Malth.</strong></span> <span class='ocrx_word' id='word_1_492' title='bbox 1018 5697 1070 5742; x_wconf 68' lang='grc' dir='ltr'><strong>ν,</strong></span> <span class='ocrx_word' id='word_1_493' title='bbox 1106 5679 1159 5732; x_wconf 90' lang='lat'><strong>8.</strong></span> <span class='ocrx_word' id='word_1_494' title='bbox 1238 5678 1281 5707; x_wconf 65' lang='lat'><strong>7°</strong></span> <span class='ocrx_word' id='word_1_495' title='bbox 1315 5675 1329 5728; x_wconf 87' lang='lat' dir='ltr'><strong>l</strong></span> <span class='ocrx_word' id='word_1_496' title='bbox 1363 5677 1488 5728; x_wconf 77' lang='lat' dir='ltr'><strong>Cor.</strong></span> <span class='ocrx_word' id='word_1_497' title='bbox 1524 5689 1571 5741; x_wconf 85' lang='grc' dir='ltr'><strong>ι,</strong></span> <span class='ocrx_word' id='word_1_498' title='bbox 1611 5673 1698 5725; x_wconf 82' lang='grc'><strong>50.</strong></span> <span class='ocrx_word' id='word_1_499' title='bbox 1774 5671 1812 5700; x_wconf 76' lang='grc'><strong>⁷¹</strong></span> <span class='ocrx_word' id='word_1_500' title='bbox 1839 5669 1994 5725; x_wconf 79' lang='lat' dir='ltr'><strong>Joan.</strong></span> <span class='ocrx_word' id='word_1_501' title='bbox 2028 5683 2078 5731; x_wconf 80' lang='grc' dir='ltr'><strong>ν,</strong></span> <span class='ocrx_word' id='word_1_502' title='bbox 2108 5666 2193 5720; x_wconf 67' lang='grc'><strong>92.</strong></span> 
     </span>
    </p>
   </div>
   <div class='ocr_carea' id='block_1_72' title="bbox 718 5854 2103 5929">
    <p class='ocr_par' dir='ltr' id='par_1_72' title="bbox 718 5854 2103 5929">
     <span class='ocr_line' id='line_1_72' title="bbox 718 5854 2103 5929; baseline -0.01 -12"><span class='ocrx_word' id='word_1_503' title='bbox 718 5863 828 5929; x_wconf 64' lang='lat' dir='ltr'><strong>(lli)</strong></span> <span class='ocrx_word' id='word_1_504' title='bbox 861 5863 949 5918; x_wconf 87' lang='lat' dir='ltr'><strong>Sic</strong></span> <span class='ocrx_word' id='word_1_505' title='bbox 971 5861 1284 5929; x_wconf 82' lang='lat' dir='ltr'><strong>augurando</strong></span> <span class='ocrx_word' id='word_1_506' title='bbox 1327 5858 1505 5913; x_wconf 75' lang='lat' dir='ltr'><strong>locum</strong></span> <span class='ocrx_word' id='word_1_507' title='bbox 1538 5856 1792 5912; x_wconf 80' lang='lat' dir='ltr'><strong>\iliosuni</strong></span> <span class='ocrx_word' id='word_1_508' title='bbox 1825 5854 2103 5910; x_wconf 61' lang='lat' dir='ltr'><strong>vertimus.</strong></span> 
     </span>
    </p>
   </div>
   <div class='ocr_carea' id='block_1_73' title="bbox 2266 2002 3836 2080">
    <p class='ocr_par' dir='ltr' id='par_1_73' title="bbox 2266 2002 3836 2080">
     <span class='ocr_line' id='line_1_73' title="bbox 2266 2002 3836 2080; baseline -0.004 -17"><span class='ocrx_word' id='word_1_509' title='bbox 2266 2010 2550 2080; x_wconf 83' lang='grc' dir='ltr'>σύμμαχος</span> <span class='ocrx_word' id='word_1_510' title='bbox 2578 2008 2717 2060; x_wconf 79' lang='grc' dir='ltr'>κατὰ</span> <span class='ocrx_word' id='word_1_511' title='bbox 2747 2007 2854 2059; x_wconf 83' lang='grc' dir='ltr'>τῶν</span> <span class='ocrx_word' id='word_1_512' title='bbox 2907 2007 2986 2069; x_wconf 84' lang='grc' dir='ltr'>εἰς</span> <span class='ocrx_word' id='word_1_513' title='bbox 3022 2007 3121 2077; x_wconf 82' lang='grc' dir='ltr'><strong>ἐμὲ</strong></span> <span class='ocrx_word' id='word_1_514' title='bbox 3157 2006 3644 2076; x_wconf 82' lang='grc' dir='ltr'>πονηρευομένων;</span> <span class='ocrx_word' id='word_1_515' title='bbox 3703 2002 3836 2057; x_wconf 79' lang='grc' dir='ltr'>Εἶτα</span> 
     </span>
    </p>
   </div>
   <div class='ocr_carea' id='block_1_74' title="bbox 2263 2095 3836 2170">
    <p class='ocr_par' dir='ltr' id='par_1_74' title="bbox 2263 2095 3836 2170">
     <span class='ocr_line' id='line_1_74' title="bbox 2263 2095 3836 2170; baseline -0.006 -17"><span class='ocrx_word' id='word_1_516' title='bbox 2263 2100 2549 2170; x_wconf 74' lang='grc' dir='ltr'>δεξάμενος</span> <span class='ocrx_word' id='word_1_517' title='bbox 2579 2099 2828 2169; x_wconf 74' lang='grc' dir='ltr'>αἴσθησιν</span> <span class='ocrx_word' id='word_1_518' title='bbox 2880 2096 3085 2166; x_wconf 83' lang='grc' dir='ltr'>ταχέως</span> <span class='ocrx_word' id='word_1_519' title='bbox 3129 2095 3222 2149; x_wconf 90' lang='lat'><strong>106</strong></span> <span class='ocrx_word' id='word_1_520' title='bbox 3274 2095 3486 2166; x_wconf 75' lang='grc' dir='ltr'>βοηθοῦ,</span> <span class='ocrx_word' id='word_1_521' title='bbox 3523 2095 3708 2165; x_wconf 63' lang='grc' dir='ltr'>φησὶν,</span> <span class='ocrx_word' id='word_1_522' title='bbox 3758 2095 3836 2157; x_wconf 86' lang='grc' dir='ltr'>ὡς</span> 
     </span>
    </p>
   </div>
   <div class='ocr_carea' id='block_1_75' title="bbox 2266 2187 3838 2261">
    <p class='ocr_par' dir='ltr' id='par_1_75' title="bbox 2266 2187 3838 2261">
     <span class='ocr_line' id='line_1_75' title="bbox 2266 2187 3838 2261; baseline -0.004 -16"><span class='ocrx_word' id='word_1_523' title='bbox 2266 2194 2433 2248; x_wconf 70' lang='grc' dir='ltr'>παλαι</span> <span class='ocrx_word' id='word_1_524' title='bbox 2462 2194 2526 2245; x_wconf 82' lang='grc' dir='ltr'>ἂν</span> <span class='ocrx_word' id='word_1_525' title='bbox 2554 2192 2716 2244; x_wconf 72' lang='grc' dir='ltr'>αὐτοῦ</span> <span class='ocrx_word' id='word_1_526' title='bbox 2739 2193 2818 2254; x_wconf 83' lang='grc' dir='ltr'>εἰς</span> <span class='ocrx_word' id='word_1_527' title='bbox 2848 2190 2978 2261; x_wconf 72' lang='grc' dir='ltr'>ᾅδην</span> <span class='ocrx_word' id='word_1_528' title='bbox 3010 2190 3256 2260; x_wconf 76' lang='grc' dir='ltr'><strong>κατήχθη</strong></span> <span class='ocrx_word' id='word_1_529' title='bbox 3288 2193 3320 2259; x_wconf 82' lang='grc' dir='ltr'>ἡ</span> <span class='ocrx_word' id='word_1_530' title='bbox 3350 2188 3515 2259; x_wconf 70' lang='grc' dir='ltr'>ψυχὴ,</span> <span class='ocrx_word' id='word_1_531' title='bbox 3558 2190 3607 2240; x_wconf 89' lang='grc' dir='ltr'>εἰ</span> <span class='ocrx_word' id='word_1_532' title='bbox 3639 2188 3715 2258; x_wconf 82' lang='grc' dir='ltr'>μὴ</span> <span class='ocrx_word' id='word_1_533' title='bbox 3737 2187 3838 2257; x_wconf 73' lang='grc' dir='ltr'><strong>τῆς</strong></span> 
     </span>
    </p>
   </div>
   <div class='ocr_carea' id='block_1_76' title="bbox 2268 2282 3166 2356">
    <p class='ocr_par' dir='ltr' id='par_1_76' title="bbox 2268 2282 3166 2356">
     <span class='ocr_line' id='line_1_76' title="bbox 2268 2282 3166 2356; baseline -0.007 -17"><span class='ocrx_word' id='word_1_534' title='bbox 2268 2285 2416 2356; x_wconf 81' lang='grc' dir='ltr'><strong>παρά</strong></span> <span class='ocrx_word' id='word_1_535' title='bbox 2435 2284 2567 2337; x_wconf 84' lang='grc' dir='ltr'><strong>Θεοῦ</strong></span> <span class='ocrx_word' id='word_1_536' title='bbox 2593 2282 2927 2352; x_wconf 76' lang='grc' dir='ltr'><strong>ἀντιλήψεως</strong></span> <span class='ocrx_word' id='word_1_537' title='bbox 2958 2282 3166 2350; x_wconf 74' lang='grc' dir='ltr'>ἔτυχεν.</span> 
     </span>
    </p>
   </div>
   <div class='ocr_carea' id='block_1_77' title="bbox 2330 2370 3837 2446">
    <p class='ocr_par' dir='ltr' id='par_1_77' title="bbox 2330 2370 3837 2446">
     <span class='ocr_line' id='line_1_77' title="bbox 2330 2370 3837 2446; baseline -0.007 -14"><span class='ocrx_word' id='word_1_538' title='bbox 2330 2382 2397 2432; x_wconf 80' lang='lat' dir='ltr'><strong>Ei</strong></span> <span class='ocrx_word' id='word_1_539' title='bbox 2418 2379 2629 2446; x_wconf 71' lang='grc' dir='ltr'><strong>ἔλεγον</strong></span> <span class='ocrx_word' id='word_1_540' title='bbox 2649 2393 2661 2404; x_wconf 88' lang='grc'><strong>·</strong></span> <span class='ocrx_word' id='word_1_541' title='bbox 2692 2375 3057 2429; x_wconf 78' lang='grc' dir='ltr'>Σεσάλευται</span> <span class='ocrx_word' id='word_1_542' title='bbox 3085 2377 3116 2426; x_wconf 84' lang='grc' dir='ltr'><strong>ό</strong></span> <span class='ocrx_word' id='word_1_543' title='bbox 3148 2372 3313 2436; x_wconf 52' lang='grc' dir='ltr'>ποῦς-ν</span> <span class='ocrx_word' id='word_1_544' title='bbox 3321 2389 3459 2440; x_wconf 82' lang='grc' dir='ltr'>μου.</span> <span class='ocrx_word' id='word_1_545' title='bbox 3489 2370 3837 2439; x_wconf 79' lang='grc' dir='ltr'>Θλιόόμενος,</span> 
     </span>
    </p>
   </div>
   <div class='ocr_carea' id='block_1_78' title="bbox 2269 2456 3842 2543">
    <p class='ocr_par' dir='ltr' id='par_1_78' title="bbox 2269 2456 3842 2543">
     <span class='ocr_line' id='line_1_78' title="bbox 2269 2456 3842 2543; baseline -0.006 -19"><span class='ocrx_word' id='word_1_546' title='bbox 2269 2473 2453 2543; x_wconf 73' lang='grc' dir='ltr'>φησὶν,</span> <span class='ocrx_word' id='word_1_547' title='bbox 2496 2468 2636 2539; x_wconf 82' lang='grc' dir='ltr'>ὁρῶν</span> <span class='ocrx_word' id='word_1_548' title='bbox 2693 2467 2927 2537; x_wconf 82' lang='grc' dir='ltr'>ἐμαυτὸν</span> <span class='ocrx_word' id='word_1_549' title='bbox 2967 2463 3370 2526; x_wconf 84' lang='grc' dir='ltr'>ὀλισθαίνοντα,</span> <span class='ocrx_word' id='word_1_550' title='bbox 3416 2456 3594 2515; x_wconf 75' lang='grc' dir='ltr'>εἶπονο</span> <span class='ocrx_word' id='word_1_551' title='bbox 3642 2462 3779 2513; x_wconf 88' lang='grc' dir='ltr'>Πότε</span> <span class='ocrx_word' id='word_1_552' title='bbox 3815 2465 3842 2514; x_wconf 98' lang='lat'><em>6</em></span> 
     </span>
    </p>
   </div>
   <div class='ocr_carea' id='block_1_79' title="bbox 2268 2548 3843 2634">
    <p class='ocr_par' dir='ltr' id='par_1_79' title="bbox 2268 2548 3843 2634">
     <span class='ocr_line' id='line_1_79' title="bbox 2268 2548 3843 2634; baseline -0.006 -16"><span class='ocrx_word' id='word_1_553' title='bbox 2268 2565 2400 2628; x_wconf 78' lang='grc' dir='ltr'>ποῦς</span> <span class='ocrx_word' id='word_1_554' title='bbox 2436 2581 2537 2634; x_wconf 87' lang='grc' dir='ltr'><strong>μου</strong></span> <span class='ocrx_word' id='word_1_555' title='bbox 2563 2563 2916 2634; x_wconf 83' lang='grc' dir='ltr'>σεσάλευται;</span> <span class='ocrx_word' id='word_1_556' title='bbox 2953 2559 3228 2623; x_wconf 77' lang='grc' dir='ltr'>τουτέστι,</span> <span class='ocrx_word' id='word_1_557' title='bbox 3267 2555 3368 2625; x_wconf 76' lang='grc' dir='ltr'><strong>τῆς</strong></span> <span class='ocrx_word' id='word_1_558' title='bbox 3411 2548 3718 2611; x_wconf 79' lang='grc' dir='ltr'>κατὰ’Θεὸν</span> <span class='ocrx_word' id='word_1_559' title='bbox 3751 2556 3843 2608; x_wconf 80' lang='grc' dir='ltr'><strong>ὲκ-</strong></span> 
     </span>
    </p>
   </div>
   <div class='ocr_carea' id='block_1_80' title="bbox 2270 2647 3845 2725">
    <p class='ocr_par' dir='ltr' id='par_1_80' title="bbox 2270 2647 3845 2725">
     <span class='ocr_line' id='line_1_80' title="bbox 2270 2647 3845 2725; baseline -0.007 -15"><span class='ocrx_word' id='word_1_560' title='bbox 2270 2656 2538 2725; x_wconf 74' lang='grc' dir='ltr'>πεσοῦμαι</span> <span class='ocrx_word' id='word_1_561' title='bbox 2571 2654 2810 2716; x_wconf 75' lang='grc' dir='ltr'>στάσεως</span> <span class='ocrx_word' id='word_1_562' title='bbox 2836 2670 2847 2682; x_wconf 74' lang='grc' dir='ltr'><strong>ο</strong></span> <span class='ocrx_word' id='word_1_563' title='bbox 2881 2653 3039 2714; x_wconf 71' lang='grc' dir='ltr'>εὐθὺς</span> <span class='ocrx_word' id='word_1_564' title='bbox 3064 2652 3161 2721; x_wconf 76' lang='grc' dir='ltr'><strong>τὴν</strong></span> <span class='ocrx_word' id='word_1_565' title='bbox 3191 2650 3469 2720; x_wconf 67' lang='grc' dir='ltr'>ἀντίληψιν</span> <span class='ocrx_word' id='word_1_566' title='bbox 3491 2649 3585 2702; x_wconf 73' lang='grc' dir='ltr'><strong>καὶ</strong></span> <span class='ocrx_word' id='word_1_567' title='bbox 3607 2648 3664 2700; x_wconf 83' lang='grc' dir='ltr'><strong>τὸ</strong></span> <span class='ocrx_word' id='word_1_568' title='bbox 3698 2647 3845 2709; x_wconf 65' lang='grc' dir='ltr'>ἔλεός</span> 
     </span>
    </p>
   </div>
   <div class='ocr_carea' id='block_1_81' title="bbox 2272 2743 3124 2818">
    <p class='ocr_par' dir='ltr' id='par_1_81' title="bbox 2272 2743 3124 2818">
     <span class='ocr_line' id='line_1_81' title="bbox 2272 2743 3124 2818; baseline -0.006 -17"><span class='ocrx_word' id='word_1_569' title='bbox 2272 2766 2363 2801; x_wconf 93' lang='grc' dir='ltr'><strong>σου</strong></span> <span class='ocrx_word' id='word_1_570' title='bbox 2389 2746 2633 2818; x_wconf 74' lang='grc' dir='ltr'>ᾐσθόμην</span> <span class='ocrx_word' id='word_1_571' title='bbox 2667 2743 2956 2812; x_wconf 82' lang='grc' dir='ltr'>ἐπίκουρον</span> <span class='ocrx_word' id='word_1_572' title='bbox 2985 2743 3124 2812; x_wconf 77' lang='grc' dir='ltr'>ἐμοί.</span> 
     </span>
    </p>
   </div>
   <div class='ocr_carea' id='block_1_82' title="bbox 2341 2914 3842 2990">
    <p class='ocr_par' dir='ltr' id='par_1_82' title="bbox 2341 2914 3842 2990">
     <span class='ocr_line' id='line_1_82' title="bbox 2341 2914 3842 2990; baseline -0.009 -12"><span class='ocrx_word' id='word_1_573' title='bbox 2341 2927 2409 2978; x_wconf 81' lang='grc' dir='ltr'><strong>Αἱ</strong></span> <span class='ocrx_word' id='word_1_574' title='bbox 2438 2920 2849 2990; x_wconf 76' lang='grc' dir='ltr'><strong>παρακλήσεις</strong></span> <span class='ocrx_word' id='word_1_575' title='bbox 2869 2933 2984 2973; x_wconf 88' lang='grc' dir='ltr'>σου</span> <span class='ocrx_word' id='word_1_576' title='bbox 3006 2918 3312 2986; x_wconf 53' lang='grc' dir='ltr'>εῦρραναν</span> <span class='ocrx_word' id='word_1_577' title='bbox 3333 2917 3447 2984; x_wconf 70' lang='grc' dir='ltr'><strong>τὴν</strong></span> <span class='ocrx_word' id='word_1_578' title='bbox 3467 2914 3681 2983; x_wconf 66' lang='grc' dir='ltr'><strong>ψυχήν</strong></span> <span class='ocrx_word' id='word_1_579' title='bbox 3703 2932 3842 2982; x_wconf 80' lang='grc' dir='ltr'>μου.</span> 
     </span>
    </p>
   </div>
   <div class='ocr_carea' id='block_1_83' title="bbox 2273 3005 3849 3086">
    <p class='ocr_par' dir='ltr' id='par_1_83' title="bbox 2273 3005 3849 3086">
     <span class='ocr_line' id='line_1_83' title="bbox 2273 3005 3849 3086; baseline -0.008 -17"><span class='ocrx_word' id='word_1_580' title='bbox 2273 3017 2386 3069; x_wconf 78' lang='grc' dir='ltr'><strong>υύκ</strong></span> <span class='ocrx_word' id='word_1_581' title='bbox 2414 3017 2654 3086; x_wconf 63' lang='grc' dir='ltr'>ἀφῆκας,</span> <span class='ocrx_word' id='word_1_582' title='bbox 2687 3015 2866 3082; x_wconf 72' lang='grc' dir='ltr'>φησὶν,</span> <span class='ocrx_word' id='word_1_583' title='bbox 2909 3010 3335 3081; x_wconf 78' lang='grc' dir='ltr'><strong>ἀπαραμύθητον</strong></span> <span class='ocrx_word' id='word_1_584' title='bbox 3359 3027 3371 3038; x_wconf 93' lang='grc'>·</span> <span class='ocrx_word' id='word_1_585' title='bbox 3413 3008 3526 3061; x_wconf 66' lang='grc' dir='ltr'>ἀλλ’</span> <span class='ocrx_word' id='word_1_586' title='bbox 3563 3008 3694 3070; x_wconf 84' lang='grc' dir='ltr'><strong>ὅσας</strong></span> <span class='ocrx_word' id='word_1_587' title='bbox 3737 3005 3849 3058; x_wconf 84' lang='grc' dir='ltr'>θλί-</span> 
     </span>
    </p>
   </div>
   <div class='ocr_carea' id='block_1_84' title="bbox 2271 3099 3850 3177">
    <p class='ocr_par' dir='ltr' id='par_1_84' title="bbox 2271 3099 3850 3177">
     <span class='ocr_line' id='line_1_84' title="bbox 2271 3099 3850 3177; baseline -0.006 -17"><span class='ocrx_word' id='word_1_588' title='bbox 2271 3109 2392 3177; x_wconf 80' lang='grc' dir='ltr'>ψεις</span> <span class='ocrx_word' id='word_1_589' title='bbox 2418 3109 2592 3176; x_wconf 79' lang='grc' dir='ltr'>ἔσχον,</span> <span class='ocrx_word' id='word_1_590' title='bbox 2619 3105 2882 3165; x_wconf 84' lang='grc' dir='ltr'>τοσαύτας</span> <span class='ocrx_word' id='word_1_591' title='bbox 2917 3104 3008 3156; x_wconf 66' lang='grc' dir='ltr'>καὶ</span> <span class='ocrx_word' id='word_1_592' title='bbox 3039 3102 3384 3173; x_wconf 76' lang='grc' dir='ltr'>παραμυθίας</span> <span class='ocrx_word' id='word_1_593' title='bbox 3410 3099 3670 3170; x_wconf 77' lang='grc' dir='ltr'><strong>ἐδεχόμην</strong></span> <span class='ocrx_word' id='word_1_594' title='bbox 3703 3100 3850 3170; x_wconf 70' lang='grc' dir='ltr'>παρὰ</span> 
     </span>
    </p>
   </div>
   <div class='ocr_carea' id='block_1_85' title="bbox 2277 3190 3816 3266">
    <p class='ocr_par' dir='ltr' id='par_1_85' title="bbox 2277 3190 3816 3266">
     <span class='ocr_line' id='line_1_85' title="bbox 2277 3190 3816 3266; baseline -0.005 -16"><span class='ocrx_word' id='word_1_595' title='bbox 2277 3198 2390 3250; x_wconf 79' lang='lat'><strong>006.</strong></span> <span class='ocrx_word' id='word_1_596' title='bbox 2427 3198 2490 3249; x_wconf 77' lang='lat' dir='ltr'><strong>Ai</strong></span> <span class='ocrx_word' id='word_1_597' title='bbox 2520 3198 2612 3249; x_wconf 77' lang='grc' dir='ltr'><strong>καὶ</strong></span> <span class='ocrx_word' id='word_1_598' title='bbox 2639 3197 2718 3259; x_wconf 89' lang='grc' dir='ltr'>εἰς</span> <span class='ocrx_word' id='word_1_599' title='bbox 2749 3194 3088 3266; x_wconf 70' lang='grc' dir='ltr'>εὖιρροσύνην</span> <span class='ocrx_word' id='word_1_600' title='bbox 3116 3193 3214 3257; x_wconf 75' lang='grc' dir='ltr'><strong>τὰς</strong></span> <span class='ocrx_word' id='word_1_601' title='bbox 3238 3193 3413 3256; x_wconf 81' lang='grc' dir='ltr'>λύπας</span> <span class='ocrx_word' id='word_1_602' title='bbox 3442 3190 3816 3263; x_wconf 76' lang='grc' dir='ltr'>μετεϐίϐαζον.</span> 
     </span>
    </p>
   </div>
   <div class='ocr_carea' id='block_1_86' title="bbox 2343 3366 3855 3443">
    <p class='ocr_par' dir='ltr' id='par_1_86' title="bbox 2343 3366 3855 3443">
     <span class='ocr_line' id='line_1_86' title="bbox 2343 3366 3855 3443; baseline -0.007 -15"><span class='ocrx_word' id='word_1_603' title='bbox 2343 3373 2440 3443; x_wconf 84' lang='grc' dir='ltr'><strong>Μὴ</strong></span> <span class='ocrx_word' id='word_1_604' title='bbox 2469 3373 2910 3443; x_wconf 78' lang='grc' dir='ltr'>συμπροσέστω</span> <span class='ocrx_word' id='word_1_605' title='bbox 2943 3387 3040 3426; x_wconf 88' lang='grc' dir='ltr'>σοι</span> <span class='ocrx_word' id='word_1_606' title='bbox 3073 3372 3282 3438; x_wconf 81' lang='grc' dir='ltr'><strong>θρόνος</strong></span> <span class='ocrx_word' id='word_1_607' title='bbox 3305 3367 3555 3437; x_wconf 78' lang='grc' dir='ltr'>ἀνομίας</span> <span class='ocrx_word' id='word_1_608' title='bbox 3584 3371 3617 3421; x_wconf 79' lang='grc' dir='ltr'>ὁ</span> <span class='ocrx_word' id='word_1_609' title='bbox 3656 3366 3855 3420; x_wconf 70' lang='grc' dir='ltr'><strong>πλάσ-</strong></span> 
     </span>
    </p>
   </div>
   <div class='ocr_carea' id='block_1_87' title="bbox 2276 3459 3850 3530">
    <p class='ocr_par' dir='ltr' id='par_1_87' title="bbox 2276 3459 3850 3530">
     <span class='ocr_line' id='line_1_87' title="bbox 2276 3459 3850 3530; baseline -0.007 -10"><span class='ocrx_word' id='word_1_610' title='bbox 2276 3485 2403 3521; x_wconf 84' lang='grc' dir='ltr'><em>σων</em></span> <span class='ocrx_word' id='word_1_611' title='bbox 2435 3466 2627 3518; x_wconf 75' lang='grc' dir='ltr'>κόπον·</span> <span class='ocrx_word' id='word_1_612' title='bbox 2661 3464 2758 3517; x_wconf 83' lang='grc' dir='ltr'><strong>ἐπὶ</strong></span> <span class='ocrx_word' id='word_1_613' title='bbox 2793 3461 3243 3530; x_wconf 80' lang='grc' dir='ltr'>προστάγματι;</span> <span class='ocrx_word' id='word_1_614' title='bbox 3299 3460 3399 3512; x_wconf 79' lang='grc' dir='ltr'>Διά</span> <span class='ocrx_word' id='word_1_615' title='bbox 3445 3459 3602 3512; x_wconf 78' lang='grc' dir='ltr'><strong>τοῦτο</strong></span> <span class='ocrx_word' id='word_1_616' title='bbox 3625 3498 3639 3521; x_wconf 93' lang='grc'><strong>,</strong></span> <span class='ocrx_word' id='word_1_617' title='bbox 3697 3461 3850 3527; x_wconf 69' lang='grc' dir='ltr'>φησὶ,</span> 
     </span>
    </p>
   </div>
   <div class='ocr_carea' id='block_1_88' title="bbox 2278 3551 3854 3628">
    <p class='ocr_par' dir='ltr' id='par_1_88' title="bbox 2278 3551 3854 3628">
     <span class='ocr_line' id='line_1_88' title="bbox 2278 3551 3854 3628; baseline -0.006 -17"><span class='ocrx_word' id='word_1_618' title='bbox 2278 3555 2656 3628; x_wconf 74' lang='grc' dir='ltr'>παρεκάλεσάς</span> <span class='ocrx_word' id='word_1_619' title='bbox 2680 3572 2780 3625; x_wconf 89' lang='grc' dir='ltr'><strong>μου</strong></span> <span class='ocrx_word' id='word_1_620' title='bbox 2812 3554 2908 3624; x_wconf 80' lang='grc' dir='ltr'>τὴν</span> <span class='ocrx_word' id='word_1_621' title='bbox 2926 3554 3149 3625; x_wconf 87' lang='grc' dir='ltr'>καρδίαν</span> <span class='ocrx_word' id='word_1_622' title='bbox 3176 3554 3267 3605; x_wconf 80' lang='grc' dir='ltr'><strong>ἐπὶ</strong></span> <span class='ocrx_word' id='word_1_623' title='bbox 3294 3554 3414 3615; x_wconf 84' lang='grc' dir='ltr'>ταῖς</span> <span class='ocrx_word' id='word_1_624' title='bbox 3441 3552 3705 3620; x_wconf 63' lang='grc' dir='ltr'>θλίψεσιν.</span> <span class='ocrx_word' id='word_1_625' title='bbox 3733 3551 3854 3603; x_wconf 86' lang='grc' dir='ltr'><strong>Ὀτι</strong></span> 
     </span>
    </p>
   </div>
   <div class='ocr_carea' id='block_1_89' title="bbox 2277 3645 3857 3724">
    <p class='ocr_par' dir='ltr' id='par_1_89' title="bbox 2277 3645 3857 3724">
     <span class='ocr_line' id='line_1_89' title="bbox 2277 3645 3857 3724; baseline -0.005 -19"><span class='ocrx_word' id='word_1_626' title='bbox 2277 3652 2339 3724; x_wconf 82' lang='grc' dir='ltr'>δὴ</span> <span class='ocrx_word' id='word_1_627' title='bbox 2373 3647 2464 3704; x_wconf 75' lang='grc' dir='ltr'><strong>οὖν</strong></span> <span class='ocrx_word' id='word_1_628' title='bbox 2492 3651 2553 3703; x_wconf 79' lang='grc' dir='ltr'>οὐ</span> <span class='ocrx_word' id='word_1_629' title='bbox 2594 3649 3021 3721; x_wconf 83' lang='grc' dir='ltr'>προστεθήσεταί</span> <span class='ocrx_word' id='word_1_630' title='bbox 3062 3665 3142 3700; x_wconf 84' lang='grc' dir='ltr'><strong>σοι</strong></span> <span class='ocrx_word' id='word_1_631' title='bbox 3189 3647 3377 3718; x_wconf 82' lang='grc' dir='ltr'>θρόνος</span> <span class='ocrx_word' id='word_1_632' title='bbox 3407 3645 3668 3715; x_wconf 85' lang='grc' dir='ltr'>ἀνομίας,</span> <span class='ocrx_word' id='word_1_633' title='bbox 3703 3662 3857 3697; x_wconf 87' lang='grc' dir='ltr'><strong>τουτ-</strong></span> 
     </span>
    </p>
   </div>
   <div class='ocr_carea' id='block_1_90' title="bbox 2279 3737 3858 3810">
    <p class='ocr_par' dir='ltr' id='par_1_90' title="bbox 2279 3737 3858 3810">
     <span class='ocr_line' id='line_1_90' title="bbox 2279 3737 3858 3810; baseline -0.006 -12"><span class='ocrx_word' id='word_1_634' title='bbox 2279 3744 2445 3807; x_wconf 79' lang='grc' dir='ltr'>έστιν,</span> <span class='ocrx_word' id='word_1_635' title='bbox 2474 3745 2556 3796; x_wconf 83' lang='grc' dir='ltr'>ὅτι</span> <span class='ocrx_word' id='word_1_636' title='bbox 2591 3743 2798 3804; x_wconf 89' lang='grc' dir='ltr'>δίκαιος</span> <span class='ocrx_word' id='word_1_637' title='bbox 2831 3737 2881 3793; x_wconf 79' lang='grc' dir='ltr'>εἴ</span> <span class='ocrx_word' id='word_1_638' title='bbox 2907 3740 3099 3810; x_wconf 79' lang='grc' dir='ltr'>κριτὴς</span> <span class='ocrx_word' id='word_1_639' title='bbox 3135 3740 3208 3802; x_wconf 85' lang='grc' dir='ltr'>ὼς</span> <span class='ocrx_word' id='word_1_640' title='bbox 3246 3738 3407 3802; x_wconf 76' lang='grc' dir='ltr'>Θεὸς,</span> <span class='ocrx_word' id='word_1_641' title='bbox 3449 3738 3542 3791; x_wconf 75' lang='grc' dir='ltr'><strong>καὶ</strong></span> <span class='ocrx_word' id='word_1_642' title='bbox 3575 3739 3676 3791; x_wconf 75' lang='grc' dir='ltr'>οὐκ</span> <span class='ocrx_word' id='word_1_643' title='bbox 3705 3738 3858 3790; x_wconf 78' lang='grc' dir='ltr'>ἔσται</span> 
     </span>
    </p>
   </div>
   <div class='ocr_carea' id='block_1_91' title="bbox 2279 3831 3860 3906">
    <p class='ocr_par' dir='ltr' id='par_1_91' title="bbox 2279 3831 3860 3906">
     <span class='ocr_line' id='line_1_91' title="bbox 2279 3831 3860 3906; baseline -0.005 -16"><span class='ocrx_word' id='word_1_644' title='bbox 2279 3837 2478 3906; x_wconf 86' lang='grc' dir='ltr'>ἀνομία</span> <span class='ocrx_word' id='word_1_645' title='bbox 2505 3837 2562 3888; x_wconf 80' lang='grc' dir='ltr'><strong>ἐν</strong></span> <span class='ocrx_word' id='word_1_646' title='bbox 2591 3837 2709 3897; x_wconf 86' lang='grc' dir='ltr'>ταῖς</span> <span class='ocrx_word' id='word_1_647' title='bbox 2740 3832 2955 3904; x_wconf 77' lang='grc' dir='ltr'>κρίσεσι</span> <span class='ocrx_word' id='word_1_648' title='bbox 2983 3848 3075 3884; x_wconf 86' lang='grc' dir='ltr'><strong>σου</strong></span> <span class='ocrx_word' id='word_1_649' title='bbox 3097 3850 3109 3861; x_wconf 92' lang='grc'><strong>·</strong></span> <span class='ocrx_word' id='word_1_650' title='bbox 3135 3834 3162 3884; x_wconf 88' lang='lat'><em>6</em></span> <span class='ocrx_word' id='word_1_651' title='bbox 3182 3831 3289 3902; x_wconf 75' lang='grc' dir='ltr'><strong>γὰρ</strong></span> <span class='ocrx_word' id='word_1_652' title='bbox 3325 3831 3514 3903; x_wconf 80' lang='grc' dir='ltr'>θρόνος</span> <span class='ocrx_word' id='word_1_653' title='bbox 3551 3831 3649 3901; x_wconf 76' lang='grc' dir='ltr'>τὴν</span> <span class='ocrx_word' id='word_1_654' title='bbox 3679 3832 3860 3901; x_wconf 85' lang='grc' dir='ltr'>κρίσιν</span> 
     </span>
    </p>
   </div>
   <div class='ocr_carea' id='block_1_92' title="bbox 2283 3924 3862 3998">
    <p class='ocr_par' dir='ltr' id='par_1_92' title="bbox 2283 3924 3862 3998">
     <span class='ocr_line' id='line_1_92' title="bbox 2283 3924 3862 3998; baseline -0.004 -18"><span class='ocrx_word' id='word_1_655' title='bbox 2283 3927 2534 3998; x_wconf 86' lang='grc' dir='ltr'>σημαίνει</span> <span class='ocrx_word' id='word_1_656' title='bbox 2555 3943 2568 3956; x_wconf 75' lang='grc' dir='ltr'><strong>ο</strong></span> <span class='ocrx_word' id='word_1_657' title='bbox 2603 3926 2790 3998; x_wconf 81' lang='grc' dir='ltr'>ὥσπερ</span> <span class='ocrx_word' id='word_1_658' title='bbox 2821 3926 2884 3998; x_wconf 77' lang='grc' dir='ltr'>δὴ</span> <span class='ocrx_word' id='word_1_659' title='bbox 2909 3926 3002 3980; x_wconf 72' lang='grc' dir='ltr'><strong>καὶ</strong></span> <span class='ocrx_word' id='word_1_660' title='bbox 3037 3926 3165 3996; x_wconf 80' lang='grc' dir='ltr'>παρ’</span> <span class='ocrx_word' id='word_1_661' title='bbox 3197 3924 3389 3994; x_wconf 81' lang='grc' dir='ltr'>ἐκείνῳ</span> <span class='ocrx_word' id='word_1_662' title='bbox 3420 3924 3496 3994; x_wconf 83' lang='grc' dir='ltr'><strong>τῷ</strong></span> <span class='ocrx_word' id='word_1_663' title='bbox 3532 3924 3700 3976; x_wconf 86' lang='grc' dir='ltr'>κόπον</span> <span class='ocrx_word' id='word_1_664' title='bbox 3726 3941 3862 3992; x_wconf 88' lang='grc' dir='ltr'>συμ-</span> 
     </span>
    </p>
   </div>
   <div class='ocr_carea' id='block_1_93' title="bbox 2283 4009 3864 4090">
    <p class='ocr_par' dir='ltr' id='par_1_93' title="bbox 2283 4009 3864 4090">
     <span class='ocr_line' id='line_1_93' title="bbox 2283 4009 3864 4090; baseline -0.003 -18"><span class='ocrx_word' id='word_1_665' title='bbox 2283 4020 2574 4072; x_wconf 84' lang='grc' dir='ltr'>πλάσσοντι</span> <span class='ocrx_word' id='word_1_666' title='bbox 2605 4019 2697 4070; x_wconf 70' lang='grc' dir='ltr'>ἐπὶ</span> <span class='ocrx_word' id='word_1_667' title='bbox 2728 4018 3055 4090; x_wconf 74' lang='grc' dir='ltr'>πρόσταγμα</span> <span class='ocrx_word' id='word_1_668' title='bbox 3074 4035 3086 4048; x_wconf 74' lang='grc'><strong><em>⁸</em></strong></span> <span class='ocrx_word' id='word_1_669' title='bbox 3117 4017 3202 4087; x_wconf 74' lang='grc' dir='ltr'>εἴη</span> <span class='ocrx_word' id='word_1_670' title='bbox 3222 4017 3265 4070; x_wconf 87' lang='grc' dir='ltr'>δ’</span> <span class='ocrx_word' id='word_1_671' title='bbox 3286 4016 3350 4070; x_wconf 83' lang='grc' dir='ltr'><strong>ἂν</strong></span> <span class='ocrx_word' id='word_1_672' title='bbox 3377 4009 3531 4078; x_wconf 76' lang='grc' dir='ltr'>οὗτος</span> <span class='ocrx_word' id='word_1_673' title='bbox 3567 4016 3595 4066; x_wconf 87' lang='lat'><em>6</em></span> <span class='ocrx_word' id='word_1_674' title='bbox 3626 4015 3864 4068; x_wconf 84' lang='grc' dir='ltr'>ἀντικεί-</span> 
     </span>
    </p>
   </div>
   <div class='ocr_carea' id='block_1_94' title="bbox 2285 4103 3862 4183">
    <p class='ocr_par' dir='ltr' id='par_1_94' title="bbox 2285 4103 3862 4183">
     <span class='ocr_line' id='line_1_94' title="bbox 2285 4103 3862 4183; baseline -0.003 -20"><span class='ocrx_word' id='word_1_675' title='bbox 2285 4128 2445 4183; x_wconf 85' lang='grc' dir='ltr'>μενος</span> <span class='ocrx_word' id='word_1_676' title='bbox 2481 4109 2709 4180; x_wconf 84' lang='grc' dir='ltr'>δαίμων,</span> <span class='ocrx_word' id='word_1_677' title='bbox 2745 4110 2802 4172; x_wconf 83' lang='grc' dir='ltr'>ὃς</span> <span class='ocrx_word' id='word_1_678' title='bbox 2851 4110 2942 4163; x_wconf 71' lang='grc' dir='ltr'><strong>καὶ</strong></span> <span class='ocrx_word' id='word_1_679' title='bbox 2981 4109 3220 4179; x_wconf 67' lang='grc' dir='ltr'>ἐλαφρὰς</span> <span class='ocrx_word' id='word_1_680' title='bbox 3257 4107 3423 4167; x_wconf 76' lang='grc' dir='ltr'>οὔσας</span> <span class='ocrx_word' id='word_1_681' title='bbox 3468 4107 3565 4169; x_wconf 76' lang='grc' dir='ltr'><strong>τὰς</strong></span> <span class='ocrx_word' id='word_1_682' title='bbox 3601 4105 3692 4158; x_wconf 80' lang='grc' dir='ltr'><strong>τοῦ</strong></span> <span class='ocrx_word' id='word_1_683' title='bbox 3726 4103 3862 4158; x_wconf 73' lang='grc' dir='ltr'>Θεοῦ</span> 
     </span>
    </p>
   </div>
   <div class='ocr_carea' id='block_1_95' title="bbox 2284 4197 3866 4271">
    <p class='ocr_par' dir='ltr' id='par_1_95' title="bbox 2284 4197 3866 4271">
     <span class='ocr_line' id='line_1_95' title="bbox 2284 4197 3866 4271; baseline -0.004 -15"><span class='ocrx_word' id='word_1_684' title='bbox 2284 4202 2503 4265; x_wconf 74' lang='grc' dir='ltr'>ἐντολὰς</span> <span class='ocrx_word' id='word_1_685' title='bbox 2540 4201 2762 4271; x_wconf 84' lang='grc' dir='ltr'>βαρείας</span> <span class='ocrx_word' id='word_1_686' title='bbox 2787 4203 2948 4264; x_wconf 86' lang='grc' dir='ltr'>ποιεῖ,</span> <span class='ocrx_word' id='word_1_687' title='bbox 2987 4200 3186 4262; x_wconf 84' lang='grc' dir='ltr'>κόπους</span> <span class='ocrx_word' id='word_1_688' title='bbox 3211 4198 3267 4252; x_wconf 77' lang='grc' dir='ltr'><strong>δὲ</strong></span> <span class='ocrx_word' id='word_1_689' title='bbox 3307 4197 3486 4252; x_wconf 78' lang='grc' dir='ltr'>αὐτῶν</span> <span class='ocrx_word' id='word_1_690' title='bbox 3518 4201 3630 4261; x_wconf 87' lang='grc' dir='ltr'>τοῖς</span> <span class='ocrx_word' id='word_1_691' title='bbox 3655 4198 3866 4270; x_wconf 85' lang='grc' dir='ltr'>ἀνθρὼ-</span> 
     </span>
    </p>
   </div>
   <div class='ocr_carea' id='block_1_96' title="bbox 2285 4291 3868 4368">
    <p class='ocr_par' dir='ltr' id='par_1_96' title="bbox 2285 4291 3868 4368">
     <span class='ocr_line' id='line_1_96' title="bbox 2285 4291 3868 4368; baseline -0.004 -18"><span class='ocrx_word' id='word_1_692' title='bbox 2285 4315 2408 4360; x_wconf 85' lang='grc' dir='ltr'>ποις</span> <span class='ocrx_word' id='word_1_693' title='bbox 2440 4295 2711 4368; x_wconf 80' lang='grc' dir='ltr'><strong>παρέχων.</strong></span> <span class='ocrx_word' id='word_1_694' title='bbox 2766 4295 2963 4366; x_wconf 81' lang='grc' dir='ltr'>Θρόνον</span> <span class='ocrx_word' id='word_1_695' title='bbox 2993 4293 3222 4364; x_wconf 83' lang='grc' dir='ltr'>ἀνομίας</span> <span class='ocrx_word' id='word_1_696' title='bbox 3264 4292 3513 4362; x_wconf 83' lang='grc' dir='ltr'>ὠνόμασε</span> <span class='ocrx_word' id='word_1_697' title='bbox 3545 4292 3637 4344; x_wconf 81' lang='grc' dir='ltr'>τὸν</span> <span class='ocrx_word' id='word_1_698' title='bbox 3685 4291 3868 4346; x_wconf 58' lang='lat'><strong>6:650-</strong></span> 
     </span>
    </p>
   </div>
   <div class='ocr_carea' id='block_1_97' title="bbox 2286 4382 3862 4458">
    <p class='ocr_par' dir='ltr' id='par_1_97' title="bbox 2286 4382 3862 4458">
     <span class='ocr_line' id='line_1_97' title="bbox 2286 4382 3862 4458; baseline -0.003 -18"><span class='ocrx_word' id='word_1_699' title='bbox 2286 4389 2376 4441; x_wconf 74' lang='grc' dir='ltr'><strong>λον</strong></span> <span class='ocrx_word' id='word_1_700' title='bbox 2393 4406 2404 4418; x_wconf 92' lang='grc'><strong>·</strong></span> <span class='ocrx_word' id='word_1_701' title='bbox 2443 4386 2628 4458; x_wconf 79' lang='grc' dir='ltr'>ἐπειδὴ</span> <span class='ocrx_word' id='word_1_702' title='bbox 2652 4387 2745 4439; x_wconf 71' lang='grc' dir='ltr'>καὶ</span> <span class='ocrx_word' id='word_1_703' title='bbox 2769 4386 2955 4458; x_wconf 87' lang='grc' dir='ltr'>θρόνος</span> <span class='ocrx_word' id='word_1_704' title='bbox 2977 4385 3320 4456; x_wconf 77' lang='grc' dir='ltr'>δικαιοσύνης</span> <span class='ocrx_word' id='word_1_705' title='bbox 3346 4385 3492 4436; x_wconf 71' lang='grc' dir='ltr'>ἐστὶν</span> <span class='ocrx_word' id='word_1_706' title='bbox 3533 4385 3560 4437; x_wconf 87' lang='lat'><strong>6</strong></span> <span class='ocrx_word' id='word_1_707' title='bbox 3607 4382 3862 4454; x_wconf 71' lang='grc' dir='ltr'>Χριστὸς.</span> 
     </span>
    </p>
   </div>
   <div class='ocr_carea' id='block_1_98' title="bbox 2287 4477 3142 4549">
    <p class='ocr_par' dir='ltr' id='par_1_98' title="bbox 2287 4477 3142 4549">
     <span class='ocr_line' id='line_1_98' title="bbox 2287 4477 3142 4549; baseline -0.005 -15"><span class='ocrx_word' id='word_1_708' title='bbox 2287 4483 2436 4544; x_wconf 82' lang='grc' dir='ltr'>ὅστις</span> <span class='ocrx_word' id='word_1_709' title='bbox 2464 4480 2765 4533; x_wconf 84' lang='grc' dir='ltr'>ἀντίκειται</span> <span class='ocrx_word' id='word_1_710' title='bbox 2795 4478 2871 4549; x_wconf 78' lang='grc' dir='ltr'><strong>τῷ</strong></span> <span class='ocrx_word' id='word_1_711' title='bbox 2894 4477 3142 4547; x_wconf 77' lang='grc' dir='ltr'>διαϐόλῳ.</span> 
     </span>
    </p>
   </div>
   <div class='ocr_carea' id='block_1_99' title="bbox 2359 4560 3864 4639">
    <p class='ocr_par' dir='ltr' id='par_1_99' title="bbox 2359 4560 3864 4639">
     <span class='ocr_line' id='line_1_99' title="bbox 2359 4560 3864 4639; baseline -0.005 -15"><span class='ocrx_word' id='word_1_712' title='bbox 2359 4572 2466 4625; x_wconf 79' lang='grc' dir='ltr'><strong>Καὶ</strong></span> <span class='ocrx_word' id='word_1_713' title='bbox 2489 4567 2632 4639; x_wconf 59' lang='lat' dir='ltr'><strong>alga</strong></span> <span class='ocrx_word' id='word_1_714' title='bbox 2655 4569 2850 4624; x_wconf 81' lang='grc' dir='ltr'>ἀθῶον</span> <span class='ocrx_word' id='word_1_715' title='bbox 2889 4566 3410 4623; x_wconf 76' lang='grc' dir='ltr'>καταδικάσονται.</span> <span class='ocrx_word' id='word_1_716' title='bbox 3450 4560 3640 4632; x_wconf 77' lang='grc' dir='ltr'>Οὗτοι,</span> <span class='ocrx_word' id='word_1_717' title='bbox 3680 4567 3864 4638; x_wconf 77' lang='grc' dir='ltr'>φησὶν,</span> 
     </span>
    </p>
   </div>
   <div class='ocr_carea' id='block_1_100' title="bbox 2292 4659 3869 4734">
    <p class='ocr_par' dir='ltr' id='par_1_100' title="bbox 2292 4659 3869 4734">
     <span class='ocr_line' id='line_1_100' title="bbox 2292 4659 3869 4734; baseline -0.002 -18"><span class='ocrx_word' id='word_1_718' title='bbox 2292 4665 2340 4716; x_wconf 83' lang='grc' dir='ltr'>οἱ</span> <span class='ocrx_word' id='word_1_719' title='bbox 2382 4664 2607 4734; x_wconf 75' lang='grc' dir='ltr'>πονηροὶ</span> <span class='ocrx_word' id='word_1_720' title='bbox 2645 4664 2739 4715; x_wconf 71' lang='grc' dir='ltr'><strong>καὶ</strong></span> <span class='ocrx_word' id='word_1_721' title='bbox 2769 4663 3129 4733; x_wconf 79' lang='grc' dir='ltr'>ἀντικείμενοι</span> <span class='ocrx_word' id='word_1_722' title='bbox 3154 4661 3404 4731; x_wconf 88' lang='grc' dir='ltr'>δαίμονες</span> <span class='ocrx_word' id='word_1_723' title='bbox 3426 4662 3489 4713; x_wconf 86' lang='grc' dir='ltr'>ὲκ</span> <span class='ocrx_word' id='word_1_724' title='bbox 3522 4659 3722 4722; x_wconf 77' lang='grc' dir='ltr'>παντὸς</span> <span class='ocrx_word' id='word_1_725' title='bbox 3747 4661 3869 4730; x_wconf 80' lang='grc' dir='ltr'>τρό-</span> 
     </span>
    </p>
   </div>
   <div class='ocr_carea' id='block_1_101' title="bbox 2295 4754 3866 4825">
    <p class='ocr_par' dir='ltr' id='par_1_101' title="bbox 2295 4754 3866 4825">
     <span class='ocr_line' id='line_1_101' title="bbox 2295 4754 3866 4825; baseline -0.002 -16"><span class='ocrx_word' id='word_1_726' title='bbox 2295 4773 2397 4809; x_wconf 85' lang='grc' dir='ltr'>που</span> <span class='ocrx_word' id='word_1_727' title='bbox 2447 4755 2543 4824; x_wconf 79' lang='grc' dir='ltr'><strong>τὴν</strong></span> <span class='ocrx_word' id='word_1_728' title='bbox 2587 4754 2681 4807; x_wconf 80' lang='grc' dir='ltr'><strong>τοῦ</strong></span> <span class='ocrx_word' id='word_1_729' title='bbox 2745 4754 2950 4808; x_wconf 85' lang='grc' dir='ltr'>δικαίου</span> <span class='ocrx_word' id='word_1_730' title='bbox 3011 4755 3302 4824; x_wconf 78' lang='grc' dir='ltr'>ζητήσουσι</span> <span class='ocrx_word' id='word_1_731' title='bbox 3356 4754 3617 4825; x_wconf 80' lang='grc' dir='ltr'>θηρεῦσαι</span> <span class='ocrx_word' id='word_1_732' title='bbox 3670 4754 3866 4825; x_wconf 72' lang='grc' dir='ltr'>ψυχήν.</span> 
     </span>
    </p>
   </div>
   <div class='ocr_carea' id='block_1_102' title="bbox 2305 4846 3870 4918">
    <p class='ocr_par' dir='ltr' id='par_1_102' title="bbox 2305 4846 3870 4918">
     <span class='ocr_line' id='line_1_102' title="bbox 2305 4846 3870 4918; baseline 0 -18"><span class='ocrx_word' id='word_1_733' title='bbox 2305 4848 2444 4900; x_wconf 81' lang='grc' dir='ltr'>Ἀλλ’</span> <span class='ocrx_word' id='word_1_734' title='bbox 2478 4847 2568 4900; x_wconf 71' lang='grc' dir='ltr'><strong>ἐπὶ</strong></span> <span class='ocrx_word' id='word_1_735' title='bbox 2598 4847 2772 4909; x_wconf 70' lang='grc' dir='ltr'>τοῦτο,</span> <span class='ocrx_word' id='word_1_736' title='bbox 2808 4847 2959 4916; x_wconf 59' lang='grc' dir='ltr'>φησι,</span> <span class='ocrx_word' id='word_1_737' title='bbox 2996 4846 3512 4917; x_wconf 82' lang='grc' dir='ltr'>κατακριθήσονται.</span> <span class='ocrx_word' id='word_1_738' title='bbox 3563 4847 3734 4900; x_wconf 78' lang='grc' dir='ltr'>Τοῦτο</span> <span class='ocrx_word' id='word_1_739' title='bbox 3764 4848 3870 4918; x_wconf 72' lang='grc' dir='ltr'>γὰρ</span> 
     </span>
    </p>
   </div>
   <div class='ocr_carea' id='block_1_103' title="bbox 2295 4934 3870 5010">
    <p class='ocr_par' dir='ltr' id='par_1_103' title="bbox 2295 4934 3870 5010">
     <span class='ocr_line' id='line_1_103' title="bbox 2295 4934 3870 5010; baseline -0.001 -19"><span class='ocrx_word' id='word_1_740' title='bbox 2295 4937 2548 5010; x_wconf 77' lang='grc' dir='ltr'>σημαίνει</span> <span class='ocrx_word' id='word_1_741' title='bbox 2569 4955 2581 4966; x_wconf 89' lang='grc'><strong>·</strong></span> <span class='ocrx_word' id='word_1_742' title='bbox 2615 4939 2722 4992; x_wconf 72' lang='grc' dir='ltr'><strong>Καὶ</strong></span> <span class='ocrx_word' id='word_1_743' title='bbox 2755 4934 2896 5006; x_wconf 54' lang='lat' dir='ltr'><strong>uiua</strong></span> <span class='ocrx_word' id='word_1_744' title='bbox 2919 4937 3115 4993; x_wconf 62' lang='grc' dir='ltr'>ἀθῶον</span> <span class='ocrx_word' id='word_1_745' title='bbox 3146 4938 3665 4992; x_wconf 79' lang='grc' dir='ltr'><strong>καταδικάσονται.</strong></span> <span class='ocrx_word' id='word_1_746' title='bbox 3708 4939 3870 5007; x_wconf 81' lang='grc' dir='ltr'>Λέγει</span> 
     </span>
    </p>
   </div>
   <div class='ocr_carea' id='block_1_104' title="bbox 2298 5029 3870 5103">
    <p class='ocr_par' dir='ltr' id='par_1_104' title="bbox 2298 5029 3870 5103">
     <span class='ocr_line' id='line_1_104' title="bbox 2298 5029 3870 5103; baseline -0.001 -19"><span class='ocrx_word' id='word_1_747' title='bbox 2298 5032 2422 5102; x_wconf 80' lang='grc' dir='ltr'>γὰρ,</span> <span class='ocrx_word' id='word_1_748' title='bbox 2447 5030 2521 5093; x_wconf 80' lang='grc' dir='ltr'>ὼς</span> <span class='ocrx_word' id='word_1_749' title='bbox 2543 5031 2661 5083; x_wconf 80' lang='grc' dir='ltr'>ἀντὶ</span> <span class='ocrx_word' id='word_1_750' title='bbox 2693 5029 2786 5082; x_wconf 84' lang='lat'><strong>106</strong></span> <span class='ocrx_word' id='word_1_751' title='bbox 2821 5029 3010 5093; x_wconf 79' lang='grc' dir='ltr'>ἀθώως</span> <span class='ocrx_word' id='word_1_752' title='bbox 3035 5031 3363 5102; x_wconf 78' lang='grc' dir='ltr'>ἐκχεομένου</span> <span class='ocrx_word' id='word_1_753' title='bbox 3393 5034 3520 5103; x_wconf 80' lang='grc' dir='ltr'>παρ’</span> <span class='ocrx_word' id='word_1_754' title='bbox 3556 5031 3759 5097; x_wconf 78' lang='grc' dir='ltr'>αὐτῶν,</span> <span class='ocrx_word' id='word_1_755' title='bbox 3790 5034 3870 5093; x_wconf 83' lang='grc' dir='ltr'>εἰς</span> 
     </span>
    </p>
   </div>
   <div class='ocr_carea' id='block_1_105' title="bbox 2301 5121 3363 5194">
    <p class='ocr_par' dir='ltr' id='par_1_105' title="bbox 2301 5121 3363 5194">
     <span class='ocr_line' id='line_1_105' title="bbox 2301 5121 3363 5194; baseline 0 -17"><span class='ocrx_word' id='word_1_756' title='bbox 2301 5124 2480 5194; x_wconf 89' lang='grc' dir='ltr'>κρίσιν</span> <span class='ocrx_word' id='word_1_757' title='bbox 2511 5124 2605 5175; x_wconf 80' lang='grc' dir='ltr'>καὶ</span> <span class='ocrx_word' id='word_1_758' title='bbox 2637 5121 2854 5176; x_wconf 86' lang='grc' dir='ltr'>κόλασιν</span> <span class='ocrx_word' id='word_1_759' title='bbox 2877 5124 3363 5194; x_wconf 86' lang='grc' dir='ltr'>παραδοθήσονται.</span> 
     </span>
    </p>
   </div>
   <div class='ocr_carea' id='block_1_106' title="bbox 2372 5212 3871 5282">
    <p class='ocr_par' dir='ltr' id='par_1_106' title="bbox 2372 5212 3871 5282">
     <span class='ocr_line' id='line_1_106' title="bbox 2372 5212 3871 5282; baseline -0.003 -14"><span class='ocrx_word' id='word_1_760' title='bbox 2372 5213 2478 5268; x_wconf 80' lang='lat' dir='ltr'><strong>Kal</strong></span> <span class='ocrx_word' id='word_1_761' title='bbox 2503 5213 2738 5282; x_wconf 74' lang='grc' dir='ltr'><strong>ἐγένετό</strong></span> <span class='ocrx_word' id='word_1_762' title='bbox 2764 5230 2865 5281; x_wconf 80' lang='grc' dir='ltr'>μοι</span> <span class='ocrx_word' id='word_1_763' title='bbox 2887 5213 3098 5280; x_wconf 79' lang='grc' dir='ltr'>Κύριος</span> <span class='ocrx_word' id='word_1_764' title='bbox 3123 5216 3208 5275; x_wconf 81' lang='grc' dir='ltr'>εὶς</span> <span class='ocrx_word' id='word_1_765' title='bbox 3240 5212 3612 5282; x_wconf 64' lang='grc' dir='ltr'><strong>καταφυγήν.</strong></span> <span class='ocrx_word' id='word_1_766' title='bbox 3657 5212 3799 5280; x_wconf 80' lang='grc' dir='ltr'><strong>Ἐγὼ</strong></span> <span class='ocrx_word' id='word_1_767' title='bbox 3818 5213 3871 5265; x_wconf 72' lang='grc' dir='ltr'><strong>ἑὲ</strong></span> 
     </span>
    </p>
   </div>
   <div class='ocr_carea' id='block_1_107' title="bbox 2302 5303 3862 5376">
    <p class='ocr_par' dir='ltr' id='par_1_107' title="bbox 2302 5303 3862 5376">
     <span class='ocr_line' id='line_1_107' title="bbox 2302 5303 3862 5376; baseline -0.001 -18"><span class='ocrx_word' id='word_1_768' title='bbox 2302 5306 2403 5376; x_wconf 81' lang='grc' dir='ltr'><strong>τῆς</strong></span> <span class='ocrx_word' id='word_1_769' title='bbox 2428 5304 2574 5374; x_wconf 81' lang='grc' dir='ltr'><strong>παρά</strong></span> <span class='ocrx_word' id='word_1_770' title='bbox 2601 5303 2692 5356; x_wconf 85' lang='lat'><strong>106</strong></span> <span class='ocrx_word' id='word_1_771' title='bbox 2717 5303 2986 5356; x_wconf 88' lang='grc' dir='ltr'>Δεσπότου</span> <span class='ocrx_word' id='word_1_772' title='bbox 3018 5305 3269 5373; x_wconf 86' lang='grc' dir='ltr'>προνοίας</span> <span class='ocrx_word' id='word_1_773' title='bbox 3297 5305 3583 5376; x_wconf 81' lang='grc' dir='ltr'>ἀπήλαυσα</span> <span class='ocrx_word' id='word_1_774' title='bbox 3605 5346 3618 5369; x_wconf 90' lang='grc'><strong>,</strong></span> <span class='ocrx_word' id='word_1_775' title='bbox 3655 5306 3749 5360; x_wconf 74' lang='grc' dir='ltr'>καὶ</span> <span class='ocrx_word' id='word_1_776' title='bbox 3781 5307 3862 5359; x_wconf 77' lang='grc' dir='ltr'><strong>αὑ-</strong></span> 
     </span>
    </p>
   </div>
   <div class='ocr_carea' id='block_1_108' title="bbox 2304 5397 3075 5469">
    <p class='ocr_par' dir='ltr' id='par_1_108' title="bbox 2304 5397 3075 5469">
     <span class='ocr_line' id='line_1_108' title="bbox 2304 5397 3075 5469; baseline -0.004 -15"><span class='ocrx_word' id='word_1_777' title='bbox 2304 5401 2396 5454; x_wconf 80' lang='grc' dir='ltr'>τὸν</span> <span class='ocrx_word' id='word_1_778' title='bbox 2429 5399 2534 5469; x_wconf 77' lang='grc' dir='ltr'><strong>ἔχω</strong></span> <span class='ocrx_word' id='word_1_779' title='bbox 2558 5398 2838 5469; x_wconf 79' lang='grc' dir='ltr'>περίδολον</span> <span class='ocrx_word' id='word_1_780' title='bbox 2864 5397 3075 5469; x_wconf 78' lang='grc' dir='ltr'>ὀχυρόν.</span> 
     </span>
    </p>
   </div>
  </div>
