4070 6472
229 390 338 445 415

1365 381 1723 438 EXPOSITIO
1761 383 1828 437 IN
1867 383 2190 436 l’SALMUM
2240 385 2414 437 XCIV.

3364 390 3469 442 4N

229 499 412 569 Αἶνος
430 498 588 570 ᾠδῆς
614 499 693 566 τῷ
703 499 900 563 Δαυῒδ,
917 498 1317 567 ἀνεπίγραφος
1333 501 1466 570 παρ’
1493 500 1777 569 Ἑϐραίοις

1904 495 2042 550 Laus
2068 498 2261 550 cantici
2300 499 2400 560 ipsi
2441 496 2629 559 David,
2661 508 2802 550 caret
2830 498 3169 566 inscriptione
3194 501 3332 570 apud
3361 499 3468 555 He-

803 592 1109 643 ΨΑΛΜΟΣ
1138 591 1227 655 ea

856 700 1178 763 Ύπόθεσις.

240 816 520 872 Ἐντεῦθεν
552 813 706 870 ὁτῶν
734 813 905 883 ἁγίων
936 811 1094 884 χορὸς
1127 812 1219 865 καὶ
1247 811 1373 875 τοὺς
1422 810 1665 875 ἀπειθεῖς
1707 810 1800 864 τοῦ

309 908 527 981 Ἰσραὴλ
561 905 924 979 προτρέπεται
957 905 1049 957 επὶ
1086 902 1183 974 τὴν
1218 902 1306 956 διὰ
1343 901 1580 974 Χριστοῦ
1625 918 1801 973 σωτη-

299 1001 424 1073 ρίαν
453 1000 624 1053 ὲλθεῖν
644 1014 657 1028 ⁸
685 998 918 1062 δεικνὺς,
953 997 1029 1059 ὡς
1063 993 1449 1058 ἐπακούσεται,
1481 995 1528 1046 εί
1556 993 1798 1065 προσπέ-

298 1109 444 1146 σοιεν
473 1090 652 1160 αὐτῷ,
709 1089 804 1143 ἅτε
833 1087 994 1151 αὐτὸς
1026 1086 1100 1139 ὢν
1130 1085 1360 1156 ποιητὴς
1381 1124 1396 1149 ,
1448 1086 1543 1139 καὶ
1578 1085 1639 1137 τὸ
1669 1085 1797 1138 ίδιον

298 1185 457 1255 ἔργον
485 1180 731 1250 ἀγαπῶν.
777 1180 1098 1250 Είσφὲρεται
1126 1178 1182 1230 δὲ
1212 1179 1348 1247 μετά
1368 1178 1466 1248 τὴν
1485 1177 1593 1230 τῶν
1626 1176 1794 1245 ἁγίων

294 1275 616 1346 παραίνεσιν
648 1273 742 1326 καὶ
769 1270 933 1325 αὑτοῦ
964 1270 1057 1324 τοῦ
1087 1270 1243 1338 ἁγίου
1278 1268 1590 1337 Πνεύματος
1628 1269 1795 1340 πρόσ-

292 1383 460 1430 ωπον,
483 1366 665 1427 αὐτοῖς
694 1365 804 1426 τοῖς
861 1361 1110 1416 ἀπειθέσι
1155 1360 1659 1431 παρακελευόμενον
1716 1360 1791 1430 μὴ

290 1458 391 1527 τὴν
421 1457 531 1511 τῶν
571 1455 822 1526 πατέρων
854 1452 1192 1525 μιμήσασθαι
1225 1453 1506 1506 ἀπιστίαν.

290 1570 471 1624 Δεῦτε
505 1567 997 1637 ἀγαλλιασώμεθα
1027 1564 1104 1630 τῷ
1129 1565 1343 1633 Κυρίῳ.
1380 1565 1467 1627 Ὠς
1488 1563 1579 1616 ἐπὶ
1600 1563 1791 1633 ἑορτὴν

216 1661 397 1714 ἐλθεῖν
428 1661 554 1721 τοὺς
588 1657 832 1721 ἀπειθεῖς
869 1655 1352 1725 παρακελεύονται,
1375 1657 1454 1717 είς
1476 1651 1791 1722 ἀγαλλίασιν

213 1754 416 1816 αὐτοὺς
446 1751 756 1814 καλοῦντες,
782 1751 866 1803 ἴνα
895 1748 983 1802 διὰ
1030 1748 1235 1802 τούτων
1260 1747 1508 1800 πείσωσι.
1552 1743 1791 1800 Ἀλαλά-

2271 590 2456 643 ῡηεοε.
2494 588 2834 643 PSALMUS
2863 588 3070 645 XCIV.

2477 702 2517 752 Α
2529 712 2876 769 rgumentum.

1898 811 1995 869 llis
2038 822 2352 868 sanctorum
2399 814 2601 870 chorus
2634 831 2730 870 eos
2772 817 2864 885 qui
2897 818 3163 873 increduli
3215 828 3369 875 erant
3412 824 3465 876 in

1967 905 2166 961 lsraele
2207 907 2528 961 cohortatur
2573 919 2632 961 ut
2676 909 2742 962 sd
2776 910 3005 964 salutem
3057 927 3157 980 per
3185 911 3465 968 Christum

1964 999 2180 1052 allatam
2240 999 2536 1065 accedant,
2586 1000 2870 1057 declarans
2912 1018 3035 1056 eum
3085 1006 3464 1063 exauditnrum

1962 1108 2083 1149 esse
2109 1093 2153 1148 si
2179 1093 2469 1163 procidant
2491 1104 2615 1149 ante
2646 1097 2823 1160 illum,
2853 1099 2981 1168 quia
3010 1099 3124 1168 ipse
3144 1111 3230 1156 est
3258 1102 3463 1172 Opifes,

1974 1200 2246 1254 suumque
2290 1197 2432 1240 amat
2484 1185 2780 1254 opificium.
2838 1188 2970 1244 Post
3014 1191 3157 1244 illam
3211 1205 3387 1247 autem
3433 1210 3464 1248 a

1964 1275 2167 1329 sanctis
2194 1273 2375 1328 datam
2409 1274 2770 1330 hortationem
2792 1317 2806 1341 ,
2841 1278 3114 1334 inducitur
3147 1281 3262 1350 ipsa
3288 1283 3462 1336 sancti

1962 1361 2197 1432 Spiritus
2220 1377 2480 1432 persona:
2503 1380 2622 1433 quae
2641 1381 2746 1420 non
2765 1366 3266 1437 obtemperantibus
3281 1375 3466 1441 praeci-

1961 1455 2060 1523 pit,
2082 1463 2218 1508 utne
2234 1464 2450 1523 patrum
2472 1471 2697 1510 suorum
2713 1457 3140 1514 incredulitatem
3158 1462 3458 1517 imitentur.

1964 1567 2016 1621 1.
2068 1565 2278 1631 Venite,
2317 1567 2640 1622 exsultemus
2680 1568 2921 1623 Domino.
2960 1571 3126 1638 Quasi
3164 1574 3228 1627 ad
3263 1575 3462 1630 festum

1891 1659 2150 1715 accedere
2193 1660 2550 1714 cohortantur
2573 1675 2667 1715 eos
2700 1662 2792 1730 qui
2842 1677 2950 1716 non
3003 1665 3461 1735 obtemperarent,

1891 1751 1957 1807 ad
1989 1752 2515 1806 lzetitiamA'ocantes
2544 1767 2660 1817 eos,
2691 1763 2750 1807 ut
2784 1754 2854 1808 ita
2891 1756 3275 1824 persuadeant.
3301 1755 3460 1811 lubi-

215 1846 416 1914 ξωμεν
435 1841 516 1908 τῷ
538 1841 659 1908 Θεῷ
695 1840 774 1906 τῷ
799 1840 1021 1908 Σωτῆρι
1042 1839 1228 1908 ἡμῶν.
1266 1833 1339 1891 Εὖ
1370 1838 1448 1901 τὸ,
1474 1835 1778 1899 ἀλαλάξω-

1891 1844 2054 1897 lentus
2093 1843 2196 1896 Deo
2232 1844 2461 1897 salutari
2491 1856 2696 1899 nostro.
2745 1844 2915 1900 Probe
2948 1847 3108 1911 dicit,
3146 1847 3458 1915 jubilemus,

208 1954 358 2006 μεν,
406 1936 597 2002 λέγει,
650 1933 714 2004 δὴ
747 1932 972 2002 ἥκοντες
1027 1934 1148 1992 τοὺς
1207 1928 1502 1989 ἐπινικίους
1562 1926 1782 1996 ᾷσωμεν

215 2030 442 2099 ὕμνους.
491 2028 548 2079 Ὀ
575 2024 682 2096 γὰρ
713 2023 1024 2094 ἀλαλαγμὸς
1056 2021 1220 2092 ὕμνος
1244 2021 1390 2073 ἐστὶν
1425 2019 1518 2072 ἐπὶ
1565 2035 1783 2070 πεπτω-

211 2102 369 2174 κόσιν
399 2119 629 2188 ἐχθροῖς.
656 2116 916 2188 Σημαίνει
946 2115 1003 2167 δὲ
1024 2113 1112 2168 διὰ
1143 2112 1367 2179 τούτων,
1396 2111 1470 2174 ὠς
1509 2111 1607 2173 τὰς
1639 2111 1786 2163 ἀντι-

210 2210 474 2281 κειμένας
501 2209 755 2278 δυνάμεις
773 2206 1086 2278 πολεμήσας
1117 2206 1256 2276 ὑπὲρ
1288 2203 1442 2275 ἡμῶν
1473 2206 1500 2257 ὁ
1528 2202 1781 2274 Χριστὸς,

209 2303 280 2356 ἐκ
309 2301 475 2372 μέσου
509 2301 829 2371 πεποίηκεν.

283 2391 727 2460 Προφθὰσωμεν
747 2392 811 2443 τὸ
845 2392 1168 2459 πρόσωπον
1193 2389 1378 2442 αὑτοῦ
1406 2388 1476 2442 ἐν
1494 2386 1782 2455 ἐξομολο-

205 2481 407 2549 γήσει.
445 2481 586 2532 Ὠσεὶ
608 2480 753 2548 λέγοι
771 2496 786 2511 ο
821 2481 955 2550 Πρὶν
976 2480 1054 2541 είς
1080 2478 1260 2549 κρίσιν
1284 2477 1504 2548 καθίσῃ,
1531 2477 1591 2530 τὸ
1612 2476 1782 2548 πρόσ-

205 2589 361 2625 ωπον
386 2572 548 2624 αὐτοῦ
566 2614 578 2636 ,
617 2572 730 2625 ἐστι
762 2572 820 2625 δὲ
844 2575 871 2625 6
895 2571 1029 2635 υἱὸς,
1052 2573 1119 2641 τῇ
1148 2569 1534 2640 ἐξομολογήσει
1581 2568 1784 2641 προλά-

207 2662 421 2733 6ωμεν,
449 2666 542 2717 καὶ
569 2664 793 2734 εὐμενὲς
816 2665 997 2726 αὐτοῖς
1020 2663 1468 2732 καταστήσωμεν.
1501 2660 1656 2714 Οὖτω
1675 2659 1782 2730 γὰρ

205 2755 341 2824 ὑμῖν
371 2756 705 2827 συμϐήσεται
731 2759 810 2818 είς
836 2754 1015 2822 ἀγαθά
1047 2753 1305 2822 τελευτᾷν
1326 2772 1339 2783 ·
1383 2755 1415 2822 ή
1456 2750 1564 2821 γὰρ
1592 2751 1781 2820 ἐξομο-

204 2848 434 2917 λόγησις
461 2848 660 2914 ἀγαθὸν
691 2846 800 2915 ἔχει
835 2846 896 2899 τὸ
922 2845 1092 2916 πέρας
1110 2861 1124 2875 ·
1160 2846 1254 2898 καὶ
1283 2844 1440 2897 τοῦτο
1468 2844 1618 2914 δηλοῖ
1643 2843 1704 2896 τὸ
1724 2843 1784 2896 ὲν

203 2938 462 3007 Ψαλμοῖς
483 2953 495 2966 ·
529 2937 941 3007 Ἅλαλάξωμεν
968 2937 1144 3003 αὐτῷ.

279 3029 388 3083 Καὶ
432 3028 730 3094 ,ϐασιλεὺς
775 3028 960 3098 μέγας
1005 3029 1104 3082 ἐπὶ
1155 3027 1385 3096 πάντας
1409 3027 1551 3095 τοὺς
1583 3027 1776 3093 θεούς.

1886 1937 2132 1992 videlicet
2160 1936 2434 1990 venientes
2466 1951 2728 1990 canamus
2759 1938 2999 1991 victoriae
3027 1940 3258 1993 cantica.
3308 1938 3462 1993 Julii-

1887 2028 2020 2081 latio
2060 2027 2236 2089 enim,
2281 2035 2364 2080 est
2403 2027 2638 2096 hymnus
2671 2026 2741 2080 ob
2773 2028 3015 2082 devictos
3045 2029 3228 2084 hostes
3257 2030 3455 2083 editus.

1886 2116 1983 2171 llis
2026 2126 2204 2172 autem
2255 2117 2526 2187 signiﬁcat
2573 2116 2890 2182 Christum,
2937 2119 3077 2172 bello
3130 2121 3458 2175 adversariis

1884 2208 2239 2280 potestatibus
2263 2225 2362 2277 pro
2393 2210 2550 2264 nobis
2580 2210 2749 2277 illato,
2780 2209 2926 2279 ipsas
2956 2212 3024 2265 de
3060 2211 3238 2265 medio
3273 2223 3459 2266 sustu-

1885 2301 2033 2356 lisse.

1953 2393 2013 2447 2.
2055 2394 2485 2465 Praroccupemus
2513 2396 2699 2464 faciem
2732 2397 2845 2464 ejus
2871 2398 2925 2449 in
2949 2396 3381 2464 canfessione.Ac
3409 2395 3456 2451 si

1883 2483 2456 2555 dicerctzPriusquam
2487 2487 2689 2549 sedeat,
2713 2486 2903 2541 faciem
2938 2488 3057 2555 ejus
3085 2489 3177 2556 qui
3203 2497 3286 2541 est
3315 2487 3460 2540 ﬁlius

1883 2577 2229 2634 confessione
2257 2596 2718 2649 przeoceupemus,
2751 2589 2804 2635 et
2825 2583 3112 2651 propitiam
3147 2581 3306 2635 nobis
3337 2581 3457 2632 red-

1880 2667 2095 2722 damus.
2131 2667 2204 2722 lta
2235 2670 2379 2722 enim
2437 2671 2712 2740 continget
2749 2672 2904 2726 vobis
2937 2682 2996 2727 ut
3027 2674 3079 2725 in
3129 2672 3328 2727 bonum
3362 2673 3455 2726 de-

1882 2758 2102 2823 sinatis;
2147 2776 2270 2814 nam
2309 2760 2581 2815 confessio
2611 2763 2812 2815 bonum
2857 2764 3020 2816 habet
3056 2765 3371 2826 tcrminmn,
3401 2772 3454 2817 et

1882 2848 1985 2904 hoc
2015 2851 2190 2920 palam
2223 2850 2354 2906 facit
2385 2852 2513 2908 illud
2545 2855 2596 2907 in
2631 2854 2883 2910 Psalmis.
2908 2854 3200 2922 jubilemus
3225 2855 3293 2908 ei.

1956 3025 2008 3080 5.
2056 3024 2123 3077 Et
2155 3042 2246 3080 rea:
2289 3044 2510 3097 magnus
2541 3045 2697 3098 super
2722 3047 2898 3084 omnes
2925 3030 3068 3084 deos.
3105 3029 3320 3085 Scilicet
3353 3044 3450 3086 eos

203 3120 420 3191 Δηλαδὴ
441 3121 563 3184 τοὺς
591 3119 1020 3184 πιστεύσαντας,
1075 3121 1167 3172 καὶ
1207 3118 1396 3189 ὥσπερ
1434 3117 1777 3188 ἀντιμισθίαν

1879 3116 1972 3187 qui
2006 3117 2270 3181 credunt,
2311 3119 2403 3188 qui
2438 3120 2489 3172 in
2523 3122 2824 3175 mercedem
2871 3123 2976 3176 hoc
3006 3122 3288 3177 consecuti
3322 3131 3449 3175 sunt

202 3215 398 3268 τούτου
429 3215 691 3286 λαχόντας
717 3214 778 3267 τὸ
798 3214 986 3285 ὄνομα,
1032 3214 1092 3267 τὸ
1139 3214 1421 3267 καλεῖσθαι
1450 3213 1582 3277 θεοὶ,
1636 3214 1778 3268 κατά

1881 3208 2031 3263 utdii
2054 3208 2410 3278 appellentur,
2437 3209 2591 3278 juxta
2619 3210 2823 3265 dictum
2853 3211 2981 3266 illud
3012 3231 3024 3266 :
3059 3212 3189 3265 Dedi
3211 3223 3258 3267 te
3283 3213 3449 3267 Deum

202 3306 270 3360 τὸ
295 3308 580 3378 εἰρημένον
601 3324 614 3336 ο
648 3306 795 3361 Θεὸν
816 3305 1041 3360 δέδωκά
1066 3320 1139 3360 σε
1159 3305 1239 3371 τῷ
1265 3305 1492 3376 Φαραώ.
1537 3307 1661 3360 Ἐὰν
1682 3306 1780 3378 τὴν

204 3399 594 3469 ἐξομολόγησιν
629 3400 1100 3471 προσενέγκωμεν,
1155 3400 1339 3470 φησιν,
1366 3401 1466 3453 οὑκ
1494 3398 1782 3466 ἀποτευξὸ-

207 3489 353 3560 μεθα
373 3507 386 3520 ·
419 3491 748 3560 οἰκτειρήσει
785 3488 893 3560 γὰρ
925 3490 1000 3551 ὡς
1040 3489 1170 3542 ίδιον
1197 3490 1361 3543 αὐτοῦ
1396 3490 1542 3544 λαόν.

283 3583 402 3634 Ὀτι
434 3579 619 3633 αὐτοῦ
641 3581 810 3633 ἐστιν
829 3582 866 3649 ἡ
891 3580 1192 3634 θάλασσα.
1235 3581 1534 3644 Δείκνυσιν,
1559 3580 1634 3646 ὡς
1679 3583 1779 3636 αὒ-

200 3672 330 3738 τδς,
375 3671 449 3724 ὢν
491 3671 818 3742 δημιουργὸς
862 3673 1042 3741 πάσης
1089 3671 1319 3735 κτίσεως
1357 3672 1555 3743 ὁρατῆς
1577 3690 1634 3725 τε
1686 3673 1779 3726 καὶ

203 3764 460 3835 ἀοράτου,
482 3763 580 3814 οὐκ
621 3761 683 3816 ἂν
715 3763 910 3836 παρίδῃ
937 3761 998 3815 τὸ
1031 3762 1160 3816 ῐδιον
1197 3762 1406 3834 ποίημα
1440 3765 1776 3834 προσπῖπτον

199 3856 273 3910 δι’
296 3854 751 3925 ἑξομολογήσεως.

277 3947 454 4000 Δεῦτε
470 3942 987 4012 προσκυνήσωμεν
1009 3944 1104 3997 καὶ
1133 3947 1568 4016 προσπέσωμεν
1595 3944 1772 4011 αὐτῷ.

201 4041 317 4094 Καὶ
347 4038 570 4102 ἑαυτοὺς
598 4037 706 4090 τῶν
732 4037 1175 4108 προσκυνούντων
1197 4038 1290 4091 καὶ
1313 4038 1609 4092 κλαιόντων
1639 4033 1776 4092 εἷναί

202 4149 390 4200 φασιν,
423 4133 569 4193 ὅπως
595 4129 658 4183 ἂν
686 4129 1121 4201 προθυμοτέρους
1153 4131 1230 4193 είς
1261 4130 1357 4200 τὴν
1393 4117 1774 4202 ἐξομολόγησιν

203 4217 667 4288 παρασκευάσωσι
694 4216 820 4278 τοὺς
847 4215 1160 4279 ἀκούοντας.

276 4307 543 4375 Σήμερον
573 4307 681 4361 ἐὰν
702 4306 812 4375 τῆς
846 4306 1050 4375 φωνῆς
1077 4308 1262 4361 αὐτοῦ
1303 4309 1622 4376 ἀκούσητε.
1656 4311 1774 4364 Ἑν-

199 4399 391 4453 τεῦοεν
429 4398 814 4467 παραινοῦνται
846 4399 972 4469 παρ’
1024 4399 1187 4452 αὑτοῦ
1219 4399 1313 4452 τοῦ
1350 4402 1554 4471 Κυρίου
1591 4404 1774 4454 εὐπει-

201 4494 317 4555 θεῖς
350 4487 507 4556 εἷναι,
544 4493 637 4544 καὶ
685 4493 758 4562 μὴ
780 4490 1007 4543 τοιοῦτοι
1031 4486 1132 4544 οἷοι
1164 4493 1220 4543 ἐν
1244 4494 1310 4562 τῇ
1350 4493 1542 4563 ἐρήμῳ
1582 4494 1631 4545 οἱ
1667 4511 1773 4547 πα-

197 4584 358 4654 τέρες
387 4581 562 4633 αὐτῶν
587 4579 992 4650 ἐπεδείχθησαν.

273 4671 582 4740 Κατὰ“τὴν
608 4670 836 4740 ἡμέραν
860 4670 965 4724 τοῦ
992 4670 1323 4740 πειρασμοῦ
1355 4671 1424 4724 ἐν
1451 4669 1524 4739 τῇ
1550 4670 1764 4741 ἐρήμῳ,

196 4761 270 4820 οὗ
302 4763 630 4835 ἐπείρασὰν
661 4781 736 4832 με
783 4767 835 4816 οἱ
879 4762 1125 4831 πατέρες
1144 4761 1330 4831 ὐμιῖιν.
1384 4762 1767 4835 Ἐξεπείρασαν

195 4855 309 4924 γὰρ
341 4855 430 4906 τὸν
460 4855 592 4907 Θεὸν
624 4853 807 4907 ἄλλοτε
831 4853 993 4923 ἄλλην
1023 4853 1373 4923 πορευόμενοι
1397 4853 1531 4918 ὁδὸν,
1551 4856 1644 4908 καὶ
1666 4857 1766 4908 οὐκ

197 4945 414 4998 εὐθεῖαν
440 4945 535 5015 τὴν
564 4945 658 4998 τοῦ
686 4944 911 5015 Κυρίου.

281 5037 381 5100 Ὠς
396 5035 598 5106 ὤμοσα
627 5037 697 5089 ἐν
717 5035 790 5104 τῇ
819 5033 965 5104 ὀργῇ
971 5051 1115 5102 μου,
1141 5035 1653 5089 είείσελεύσοτται
1681 5036 1768 5100 εις

197 5129 317 5198 τήν
353 5128 733 5182 κατάπαυσίν
751 5145 891 5197 μου.
922 5127 1084 5198 Τρεῖς
1109 5128 1241 5198 ἡμῖν
1261 5129 1290 5180 6
1313 5127 1467 5194 λόγος
1489 5127 1771 5180 καταπαύ-

199 5239 318 5284 σεις
338 5220 626 5290 σημαίνει·
656 5219 783 5291 μίαν
813 5219 911 5291 τὴν
936 5220 1202 5290 σαρκικὴν
1225 5220 1324 5291 τὴν
1350 5218 1444 5271 τοῦ
1469 5219 1767 5283 Σαὸσάτου,

197 5316 296 5368 καὶ
328 5314 520 5385 ἑτέραν
546 5313 644 5381 τὴν
671 5311 873 5364 εἴσοδον
897 5310 996 5382 τὴν
1021 5313 1100 5374 είς
1130 5310 1228 5381 τὴν
1258 5312 1361 5381 γῆν
1402 5310 1500 5379 τῆς
1537 5310 1774 5377 ἐπαγγε-

196 5408 341 5470 λίας,
456 5403 663 5476 Ἰησοῦς
701 5405 1043 5458 κατέπαυσεν
1083 5403 1308 5466 αὐτούς·
1336 5404 1429 5456 καὶ
1457 5402 1642 5474 τρίτην
1674 5401 1771 5471 τὴν

198 5495 540 5566 ἐπουράνιον,
571 5494 638 5565 ἢν
663 5493 754 5546 νῦν
780 5494 908 5562 ἡμῖν
934 5497 963 5548 6
993 5492 1148 5568 λόγος
1175 5493 1464 5564 σημαίνει·
1490 5493 1590 5545 οὐκ
1617 5491 1681 5545 ἂν
1712 5491 1769 5544 δὲ

198 5587 398 5659 ἑτέρας
419 5585 689 5656 ἐμέμνητο
713 5585 964 5651 ἐνταῦθα,
983 5587 1028 5639 εί
1046 5585 1257 5656 ἀληθῶς
1274 5585 1454 5654 ἐκείνη
1485 5586 1578 5654 ἐνῇ
1604 5583 1770 5636 κατά-

311 5783 355 5813 ’¹
397 5781 566 5838 Exod.
610 5798 703 5849 vn,
748 5783 791 5834 l.

1800 4561 1854 4623 D

1884 3296 2263 3352 Pharaonis".
2310 3299 2367 3354 Si
2418 3301 2817 3357 confessionem
2871 3301 3196 3365 offeramus,
3240 3302 3446 3372 inquit,

1879 3404 1987 3442 non
2014 3405 2109 3458 spe
2134 3389 2379 3443 labemur
2407 3410 2420 3445 :
2455 3407 2579 3445 nam
2617 3407 2720 3446 nos
2749 3403 2804 3446 ut
2830 3394 3109 3462 proprium
3139 3395 3240 3464 ipsi
3271 3410 3447 3465 poliu-

1879 3478 1988 3533 lum
2022 3479 2390 3534 miscrabitur.

1946 3566 1998 3622 5.
2045 3568 2309 3632 Quoniam
2340 3569 2502 3637 ipsius
2551 3579 2629 3623 est
2676 3588 2839 3625 mare.
2893 3571 3139 3626 Ostendit
3167 3586 3290 3625 eum
3321 3587 3446 3626 eum

1877 3660 1948 3714 sit
1978 3659 2159 3728 opifex
2195 3661 2362 3715 totius
2388 3671 2651 3716 creaturae
2685 3663 2912 3718 visibilis
2944 3675 3108 3733 atque
3133 3663 3444 3726 invisibilis,

1876 3765 2154 3820 nunquam
2177 3751 2558 3822 despecturum
2582 3768 2705 3809 esse
2727 3769 2867 3825 opus
2891 3771 3075 3821 suum,
3093 3756 3138 3810 si
3164 3755 3288 3825 quis
3314 3769 3446 3809 con-

1877 3842 2075 3897 ﬁtendo
2105 3840 2351 3912 proci-dat
2380 3854 2504 3899 ante
2534 3860 2682 3900 eum.

1951 3932 2004 3987 6.
2057 3931 2257 3996 Venite,
2284 3935 2562 3988 adoremus
2587 3945 2636 3989 et
2664 3935 3001 4005 procidamus
3035 3946 3156 3991 atate
3175 3936 3347 3991 illum.
3373 3937 3444 3992 Se

1874 4041 1940 4082 ex
1974 4026 2318 4081 adorantium
2362 4036 2416 4080 et
2459 4027 2786 4096 plorantium
2825 4043 3052 4083 numero
3081 4044 3200 4084 esse
3225 4029 3440 4094 dicunt.

1875 4127 1936 4172 ut
1963 4118 2238 4173 auditores
2266 4117 2331 4172 ad
2365 4115 2765 4172 confessionem
2793 4122 3156 4189 promptiores
3182 4119 3438 4176 cﬂiciant.

1945 4309 1998 4365 8.
2040 4308 2210 4363 Hodie
2235 4308 2283 4361 si
2313 4323 2482 4361 vocem
2511 4308 2625 4378 ejus
2654 4310 2950 4364 audieritis.
2975 4308 3070 4364 His
3098 4310 3167 4364 ab
3194 4310 3312 4380 ipso
3335 4308 3442 4364 Do-

1875 4402 2025 4456 mino
2054 4408 2342 4453 monentur
2373 4409 2432 4453 ut
2467 4401 2897 4467 obtemperantes
2930 4401 3061 4463 sint,
3101 4415 3278 4471 neque
3307 4401 3441 4456 tales

1875 4490 2064 4552 quales
2093 4498 2273 4557 patres
2304 4505 2490 4544 eormn
2527 4490 2578 4541 in
2607 4489 2820 4544 deserto
2849 4489 3084 4545 fuerant.

1942 4668 1994 4723 9.
2035 4667 2330 4723 Secundum
2360 4670 2496 4723 diem
2532 4669 2853 4724 tentationis-
2877 4669 2932 4723 in
2963 4671 3185 4734 deserto,
3210 4670 3300 4723 ubi
3327 4680 3440 4724 ten-

1875 4771 2116 4815 taverunt
2148 4779 2228 4817 me
2261 4772 2435 4832 patres
2469 4763 2646 4816 vestri.
2688 4761 3054 4816 Tentaverunt
3081 4763 3225 4816 enim
3265 4762 3438 4817 Deum

1873 4854 2008 4908 alias
2046 4853 2100 4906 in
2153 4855 2312 4907 aliam
2363 4854 2673 4908 incedentes
2703 4853 2865 4918 viam,
2898 4853 2991 4908 sed
3025 4868 3133 4907 non
3173 4853 3320 4908 illam
3353 4870 3438 4909 re-

1871 4952 2011 4998 ctam
2042 4943 2183 4996 viam
2217 4941 2452 4995 Domini.

1942 5032 2029 5086 11.
2050 5032 2387 5102 Sicutjuravi
2414 5033 2467 5086 in
2495 5034 2578 5086 ira
2602 5049 2737 5097 mea,
2759 5034 2803 5086 si
2820 5033 3106 5086 introibant
3133 5033 3185 5084 in
3209 5032 3435 5102 requiem

1870 5141 2060 5182 meam.
2110 5125 2240 5179 Tres
2286 5125 2445 5179 nobis
2504 5124 2710 5192 requiei
2753 5125 2962 5194 species
3007 5123 3430 5193 significantur:

1869 5219 2105 5274 carnalis
2134 5233 2239 5272 una
2271 5233 2393 5287 qua:
2423 5227 2507 5271 est
2541 5215 2800 5284 Sahbati;
2848 5216 3013 5270 altera
3041 5224 3125 5270 est
3154 5216 3436 5284 ingressus

1870 5310 1925 5363 in
1976 5318 2174 5364 terram
2225 5310 2625 5378 promissionis,
2672 5323 2778 5378 qua
2812 5307 2932 5362 illos
2982 5307 3259 5376 quiescere
3309 5307 3435 5359 fecit

1869 5397 2028 5455 Jesus
2057 5399 2238 5464 Nave;
2276 5400 2432 5454 tertia
2475 5400 2735 5466 emlestis,
2775 5415 2892 5469 qua:
2939 5399 3026 5454 hic
3067 5401 3180 5467 jam
3210 5398 3434 5452 denota-

1873 5501 1982 5555 tur,
2018 5508 2125 5548 non
2155 5491 2379 5546 alterius
2403 5493 2548 5546 enim
2577 5492 2666 5547 hic
2693 5492 2898 5546 mentio
2926 5499 3027 5558 est,
3060 5506 3105 5545 ει
3136 5500 3316 5545 tamen
3344 5490 3437 5542 illa

1881 5598 2004 5636 vera
2046 5584 2258 5653 requies
2307 5585 2397 5639 sit.
2445 5582 2758 5640 Ostenditur
2801 5586 2980 5655 itaque
3027 5599 3148 5639 rere
3192 5582 3433 5653 requiem
