4070 6454
616 394 720 449 415

1449 389 1505 444 S.
1545 389 1919 445 ATHANASII
1961 391 2110 446 OPP.
2155 390 2335 446 PARS
2374 389 2458 443 lll.
2495 418 2566 430 -——
2602 385 3007 443 EXEGETICA.

3729 382 3837 437 “6

616 529 740 568 esse
774 525 1045 566 recessum
1095 524 1161 564 ex
1199 509 1301 562 hoc
1331 507 1534 562 mundo
1579 515 1635 562 et
1681 507 2066 562 habitationem
2113 507 2168 560 in
2198 514 2238 566 Α

2296 520 2488 566 ταυσις.
2526 501 2786 573 Δηλούται
2839 495 2951 566 οὖν,
2983 499 3058 560 ὡς
3082 496 3294 567 ἀληθῶς
3315 492 3661 558 κατάπαυσίς
3696 495 3846 545 ἐστιν

619 604 869 675 supernis
896 601 1291 656 mansionibus.

624 803 667 854 1.
712 794 1046 854 PSALMUS
1082 792 1250 848 XCV.
1280 791 1558 846 Canticum
1601 791 1699 859 ipsi
1731 790 1913 843 David.
1952 789 2176 855 Quando

831 891 1016 942 domus
1046 886 1409 955 a'di/icabatur
1437 893 1552 952 post
1583 885 1963 951 captivitatem.

1194 997 1583 1064 Argumentum

619 1116 678 1170 ln
713 1111 1032 1185 pracedenti
1074 1109 1280 1179 psalmo
1303 1106 1613 1161 Judtcorum
1649 1107 2004 1175 abjeetionem
2043 1105 2178 1160 vati-

693 1208 906 1264 cinatus
952 1205 998 1259 si
1045 1204 1100 1256 in
1150 1200 1464 1255 inﬁdelitate
1509 1208 1952 1268 perseverarent,
1987 1200 2040 1250 in
2079 1197 2180 1251 hoc

689 1301 931 1372 gentium
952 1296 1290 1351 vocationem
1317 1293 1540 1358 inducit,
1562 1308 1681 1362 qua:
1709 1301 1831 1361 post
1855 1291 2177 1345 solutionem

692 1391 990 1464 spiritualis
1022 1390 1234 1442 illorum
1266 1387 1598 1455 captivitatis
1641 1384 1782 1439 facta
1825 1393 1928 1450 est,
1962 1383 2182 1454 quando

686 1503 783 1558 per
810 1494 982 1541 totum
1010 1482 1194 1537 orbem
1232 1479 1476 1534 Ecclesia
1508 1477 1733 1532 fundata
1767 1475 1887 1530 luit.

688 1661 745 1724 9.,
775 1661 827 1715 5.
877 1658 1096 1714 Cantate
1132 1656 1352 1709 Domino
1382 1654 1645 1708 canticum
1678 1666 1886 1704 novum.
1911 1647 2184 1718 Apostolis

618 1754 772 1823 jubet
804 1749 1036 1819 Spiritus
1064 1757 1287 1803 sanctus
1308 1785 1322 1809 ,
1353 1755 1411 1799 ut
1440 1747 1715 1799 canticum
1754 1757 1952 1796 novum
1974 1782 1989 1807 ,
2026 1741 2074 1794 id
2103 1750 2188 1794 cst

2277 597 2309 664 ή
2337 593 2473 664 μετὰ
2495 593 2592 663 τὴν
2623 592 2774 645 τοῦδε
2805 590 2898 643 τοῦ
2931 590 3134 659 κόσμου
3175 587 3463 656 ἀπαλλαγὴ
3485 629 3499 652 ,
3551 588 3584 656 η
3629 587 3686 638 ὲν
3722 588 3846 647 ταῖς

2277 685 2386 738 ἄνω
2416 687 2602 754 μοναίς
2629 683 2964 752 κατοίκησις.

2284 797 2588 849 Ψ;1ΛΜΟΣ
2611 794 2723 860 ιιΕἎ
2764 791 2901 863 ’ῼδὴ
2941 790 3018 856 τῷ
3053 790 3252 853 Δαυῒδ,
3305 789 3401 843 ὅτε
3430 792 3462 842 ό
3499 785 3664 854 οἶκος
3696 788 3846 853 ᾠκο-

2558 886 2784 956 δομήθη
2816 883 2966 954 μετὰ
2991 882 3558 951 τὴν-αἰχμαλωσίαν.

2908 999 3230 1063 Ὺπόθεσις.

2292 1117 2378 1170 Ἐν
2411 1113 2488 1184 τῷ
2517 1113 2621 1184 πρὸ
2646 1113 2831 1166 τούτου
2860 1108 3077 1180 ψαλμῷ,
3114 1108 3211 1180 τὴν
3245 1106 3511 1178 ἀποϐολὴν
3563 1105 3670 1158 τῶν
3713 1107 3847 1158 Ἰου-

2349 1205 2510 1258 δαίων
2543 1204 2824 1266 θεσπίσας,
2876 1203 2928 1254 εῐ
2953 1217 3016 1269 γε
3048 1199 3353 1269 ὲπιμένοιεν
3400 1200 3466 1268 τῇ
3513 1194 3760 1266 ἀπιστίᾳ,
3789 1198 3850 1246 ἐν

2351 1294 2525 1364 τούτῳ
2552 1294 2650 1364 τὴν
2676 1292 2782 1345 τῶν
2814 1291 2980 1344 ἐθνῶν
3001 1290 3193 1359 κλῆσιν
3221 1288 3430 1354 εἰσάγει
3457 1329 3471 1350 ,
3497 1287 3594 1357 τὴν
3616 1287 3852 1356 γενομέ-

2353 1405 2448 1458 νην
2473 1385 2606 1456 μετᾶ
2629 1385 2725 1454 τὴν
2743 1383 2895 1436 λύσιν
2915 1383 3015 1452 τῆς
3033 1381 3226 1452 νοητῆς
3249 1378 3426 1433 αὐτῶν
3448 1377 3850 1448 αἰχμαλωσίας,

2351 1481 2440 1532 ὅτε
2470 1481 2562 1532 καὶ
2589 1479 2710 1532 καθ’
2731 1477 2857 1548 ὅλης
2889 1475 2987 1540 τῆς
3014 1474 3335 1545 οἰκουμένης
3363 1473 3397 1544 ἡ
3435 1470 3727 1541 Ἐκκλησία
3762 1488 3854 1522 τε-

2353 1571 2695 1641 θεμελίωται.

2359 1664 2576 1734 ’ᾼσατε
2598 1660 2675 1726 τῷ
2702 1659 2894 1728 Κυρίῳ
2913 1651 3079 1725 ᾆσμα
3096 1657 3324 1710 καινόν.
3366 1656 3490 1718 Τοῖς
3531 1653 3854 1716 ἀποστόλοις

2285 1754 2347 1804 τὸ
2378 1751 2602 1821 Πνεῦμα
2634 1747 3064 1820 παρακελεύεται
3092 1747 3153 1800 τὸ
3177 1746 3360 1800 καινὸν
3385 1742 3563 1816 ᾆσμα,
3597 1743 3850 1798 τουτέστι

624 1845 831 1899 Novum
860 1841 1288 1900 Testamentum,
1341 1835 1590 1906 gentibus
1637 1849 1731 1903 per
1777 1843 1950 1888 totum
1998 1831 2238 1908 orbem!

2296 1845 2384 1915 τὴν
2411 1844 2557 1898 Νέαν
2580 1842 2871 1914 Διαθήκην,
2899 1837 3206 1912 ἐξηγεῖσθαι
3244 1843 3358 1902 τοῖς
3395 1839 3498 1891 ἀνὰ
3543 1841 3720 1892 πᾶσαν
3753 1838 3855 1909 τὴν

623 1943 895 1991 cuarrent.
926 1933 1150 1988 Cantate
1177 1929 1395 1983 Domino
1417 1928 1584 1981 omnis
1613 1937 1820 1980 terra...
1858 1922 2184 1977 Annuntiate

2296 1939 2604 2008 >Ξκουμένην
2636 1935 2863 1988 ἔθνεσιν.
2904 1937 3124 2004 ’ᾼσατε
3156 1931 3236 1999 τῷ
3267 1931 3482 2000 Κυρίῳ,
3519 1928 3687 1986 πᾶσα
3713 1931 3750 1998 ἡ
3775 1928 3855 1999 τῆ

624 2030 688 2082 de
733 2028 819 2081 die
846 2027 898 2079 in
932 2024 1068 2077 diem
1096 2022 1328 2076 salutare
1357 2019 1490 2088 ejus.
1528 2017 1816 2086 Nunquam
1847 2017 1992 2070 enim
2023 2016 2183 2068 linem

2288 2068 2303 2084 .
2341 2068 2356 2082 .
2396 2067 2409 2083 .
2452 2069 2466 2083 .
2503 2025 2961 2097 Εὐαγγελίζεσθε
2983 2024 3209 2095 ἡμέραν
3228 2025 3297 2090 ἐξ
3323 2022 3546 2092 ἡμέρας
3573 2022 3638 2075 τὸ
3659 2021 3858 2089 σωτή-

628 2121 825 2174 facient
870 2117 937 2172 ad
984 2131 1157 2186 usque
1215 2112 1739 2169 consummationem
1794 2106 1982 2162 mundi
2051 2104 2186 2160 Novi

2296 2137 2415 2173 οιον
2449 2117 2656 2173 αὐτοῦ.
2679 2117 2753 2169 Οὐ
2782 2116 2889 2186 γὰρ
2921 2116 3217 2169 παύσονται
3244 2114 3402 2186 μέχρι
3425 2113 3733 2177 συντελείας
3767 2111 3861 2165 κό-

628 2209 957 2266 Testamenti
992 2207 1246 2278 mysteria
1277 2204 1433 2259 nobis
1467 2201 1803 2258 enuntiandi.

698 2305 752 2358 4.
791 2302 1056 2368 Quoniam
1082 2314 1300 2367 magnus
1328 2295 1584 2348 Dominus
1614 2302 1663 2346 et
1692 2288 1980 2344 laudabilis
2007 2287 2185 2341 nimis.

633 2397 847 2461 Doceto,
878 2393 1086 2463 inquit,
1117 2401 1336 2460 gentes,
1375 2403 1499 2441 nam
1531 2386 1577 2441 si
1606 2384 1861 2445 audiant,
1896 2386 2193 2451 agnoscent

625 2493 750 2559 ejus
794 2487 887 2558 qui
921 2485 1246 2553 praedicatur
1287 2481 1540 2535 deitatem
1573 2485 1627 2533 et
1657 2473 2115 2547 magnitudinem;
2146 2471 2190 2526 si

631 2587 947 2652 agnoscant,
975 2576 1278 2631 laudabunt
1302 2588 1450 2627 eum.
1486 2570 1758 2624 Terribilis
1792 2576 1868 2622 est
1898 2583 2051 2636 super
2075 2581 2190 2619 om-

631 2693 718 2729 nes
750 2675 894 2728 deos.
935 2670 1071 2725 Illud
1119 2677 1198 2723 est
1242 2667 1536 2721 maximum
1581 2663 1832 2733 gentibus
1875 2660 1942 2714 ad
1977 2657 2193 2713 Domini

631 2770 883 2822 timorem
919 2763 1354 2825 incitamentum,
1387 2757 1530 2828 quod
1562 2755 1798 2810 viderint
1820 2766 2009 2807 eorum
2039 2749 2192 2812 deos,

635 2871 691 2916 ut
716 2859 1002 2919 vocabant,
1025 2853 1277 2909 incendio
1307 2852 1554 2905 traditos.
1589 2847 1869 2901 Noverunt
1895 2844 2041 2899 enim
2073 2841 2196 2897 illos

632 2969 824 3010 omnes
853 2967 960 3006 non
987 2962 1109 3003 esse
1151 2946 1318 3006 deos,
1351 2942 1445 2997 sed
1489 2939 1774 2995 daemonia.
1809 2936 1973 2992 Solus
2012 2944 2192 2989 autem

633 3043 898 3099 Dominus
929 3035 1230 3092 caelestium
1259 3031 1438 3102 opifex
1462 3036 1568 3086 est.

708 3138 762 3191 5.
818 3131 1080 3198 Quoniam
1123 3143 1298 3181 omnes
1345 3124 1422 3178 dii
1469 3123 1699 3195 gentium
1746 3119 2027 3174 dtemonia.
2091 3115 2196 3183 Qui

632 3230 778 3287 enim
805 3225 880 3283 dii
906 3224 1261 3286 vocabantur,
1290 3216 1510 3287 maligni
1544 3214 1820 3270 daemones
1849 3211 2020 3267 fuisse
2049 3225 2201 3264 com-
2225 3206 2267 3263 C

638 3324 774 3396 parti
801 3328 928 3377 sunt
953 3335 970 3373 :
1000 3325 1054 3372 at
1084 3315 1338 3369 Dominus
1371 3319 1547 3364 noster
1574 3307 1727 3360 caelos
1759 3305 1903 3375 fecit.

710 3416 762 3469 6.
789 3408 1157 3469 Sanctimonia
1189 3414 1238 3459 et
1274 3400 1666 3472 magniﬁcentia
1697 3400 1752 3451 in
1779 3397 2203 3466 sanctiﬁcatione

637 3511 774 3579 ejus.
810 3501 1179 3560 Sanctilicatio
1205 3498 1325 3568 ejus
1349 3505 1433 3551 est
1459 3493 1725 3556 Ecclesia,
1754 3505 1876 3561 qua:
1916 3499 1970 3544 et
2011 3495 2199 3543 sancta

637 3612 694 3656 et
742 3595 1028 3669 magniﬁca
1074 3602 1177 3648 est.
1229 3589 1492 3645 Excelsus
1533 3599 1771 3656 namque
1818 3591 1902 3637 est
1950 3579 2204 3634 Ecclesiae

641 3699 886 3748 ornatus.

714 3784 828 3838 7-9.
855 3781 1051 3850 Aﬂ'erte
1080 3776 1328 3836 Domino,
1360 3771 1549 3840 patria:
1569 3768 1824 3839 gentium,
1861 3775 1965 3820 etc.
1994 3761 2206 3818 Patrias

644 3884 805 3932 vocat
829 3871 1194 3928 Ecclesiarum
1232 3863 1542 3936 praefectos,
1581 3861 1636 3914 id
1664 3868 1776 3922 est,
1813 3855 2124 3912 sacerdotes
2154 3863 2209 3908 et

645 3964 923 4038 praesides.
968 3960 1034 4015 Et
1078 3973 1209 4015 sane
1242 3954 1494 4011 convenit
1520 3950 1778 4022 operibus
1821 3947 1984 4002 bonis
2037 3944 2205 3999 Deum

645 4055 972 4129 gloriﬁcare,
1019 4061 1072 4107 et
1116 4047 1281 4120 justis
1309 4044 1586 4099 laboribus
1615 4042 1885 4096 honorare
1919 4038 2092 4098 illum,
2128 4046 2210 4089 at-

645 4123 752 4218 que
793 4145 1013 4212 insuper
1060 4135 1361 4209 spiritualia
1399 4134 1475 4188 illi
1529 4129 1796 4187 sacriﬁcia
1846 4126 2062 4181 otl‘erre.
2110 4123 2208 4178 01-

649 4239 789 4293 ΐειτε
827 4234 1082 4290 nimirum
1118 4230 1172 4284 iu
1200 4228 1352 4283 atriis
1392 4225 1598 4281 sanctis
1625 4223 1766 4291 ejus,
1800 4219 2010 4275 scilicet
2038 4219 2092 4271 in
2122 4233 2211 4270 ec-

648 4327 853 4384 clesiis.
905 4323 1304 4379 Commoveatur
1348 4335 1382 4371 a
1420 4316 1554 4386 facie
1591 4314 1705 4383 ejus
1754 4311 1998 4364 universa
2046 4318 2208 4362 terra.

2291 2227 2426 2281 σμου
2445 2209 2512 2262 τὰ
2526 2209 2623 2278 τῆς
2640 2207 2782 2269 Νέας
2808 2206 3079 2277 Διαθήκης
3097 2207 3225 2276 ἡμῖν
3245 2203 3527 2267 λαλοῦντες
3559 2205 3856 2274 μυστήρια.

2361 2302 2488 2353 Ὀτι
2519 2298 2705 2367 μέγας
2735 2300 2949 2365 Κύριος
2981 2296 3075 2350 καί
3107 2295 3341 2360 αίνετὸς
3391 2293 3627 2364 σφόδρα
3707 2293 3861 2351 Διδά-

2292 2394 2437 2458 ξατε,
2475 2393 2627 2462 φησὶ,
2660 2390 2726 2444 τὰ
2775 2390 2901 2460 ἔθνη
2923 2407 2936 2419 ·
2970 2390 3062 2443 καὶ
3103 2387 3212 2460 γὰρ
3245 2385 3626 2439 ὑπακούσαντα
3685 2385 3860 2451 γνοῖεν

2289 2485 2386 2538 τοῦ
2413 2478 2810 2556 κηρυττομένου
2834 2482 2932 2554 τὴν
2965 2480 3193 2551 θεότητα
3226 2479 3318 2531 καὶ
3341 2477 3439 2548 τὴν
3464 2474 3857 2547 μεγαλοσύνην,

2291 2577 2386 2631 καὶ
2405 2575 2598 2645 γνόντα
2631 2575 2998 2628 ἐπαινέσουσι.
3033 2571 3287 2638 Φοὸερός
3320 2569 3490 2623 ἐστιν
3524 2567 3677 2635 ὑπὲρ
3711 2566 3862 2620 πάν-

2292 2685 2396 2732 τας
2419 2666 2559 2732 τοὺς
2591 2665 2781 2730 θεοὺς.
2805 2663 2976 2717 Τοῦτο
3009 2663 3241 2732 μάλιστα
3263 2661 3328 2713 τὰ
3362 2659 3488 2728 ἔθνη
3522 2659 3615 2712 ἐπὶ
3642 2658 3735 2710 τὸν
3767 2658 3865 2709 τοῦ

2294 2758 2497 2830 Κυρίου
2524 2757 2684 2826 φόϐον
2708 2755 3094 2828 προτρέπεται,
3111 2754 3202 2807 τὸν
3231 2751 3555 2824 ἐμπρησμὸν
3583 2749 3866 2819 ἑωρακότα

2295 2853 2437 2908 κατὰ
2461 2854 2570 2907 τῶν
2601 2853 2767 2906 πάλαι
2789 2850 3202 2922 ὀνομαζομένων
3241 2848 3417 2902 αὐτῶν
3459 2845 3615 2900 θεῶν.
3655 2845 3866 2912 Ἔγνω-

2299 2964 2396 3002 σαν
2421 2945 2550 3017 γὰρ,
2577 2944 2651 3008 ὡς
2679 2944 2879 3006 πάντες
2912 2944 3108 2996 ἐκεῖνοι
3129 2942 3228 2994 οὐκ
3263 2937 3401 3009 ἦσαν
3425 2937 3557 3000 θεοὶ,
3587 2935 3725 2990 ἀλλὰ
3752 2935 3868 2990 δαι-

2301 3037 2479 3108 μόνια.
2509 3036 2684 3098 Μόνος
2711 3034 2768 3086 δὲ
2794 3035 2823 3086 ό
2843 3032 3046 3103 Κύριος
3073 3030 3181 3083 τῶν
3202 3028 3465 3098 οὐρανίων
3509 3027 3757 3096 ποιητής.

2376 3129 2501 3182 Ὀτι
2523 3127 2744 3192 πάντες
2769 3126 2825 3178 οί
2851 3124 2970 3179 θεοὶ
2998 3122 3113 3176 τῶν
3133 3119 3323 3175 ἐθνῶν
3345 3119 3638 3187 δαιμόνια.
3674 3117 3741 3169 Oi
3771 3116 3870 3186 μὲν

2300 3221 2407 3291 γὰρ
2434 3218 2755 3289 καλούμενοι
2779 3214 2890 3270 θεοὶ
2910 3214 3160 3286 δαίμονες
3186 3211 3441 3282 ὤφθησαν
3475 3207 3726 3280 πονηροὶ,
3757 3207 3872 3260 δ.δὲ

2301 3312 2582 3382 ἡμέτερος
2604 3310 2818 3377 Κύριος
2853 3306 2990 3371 τοὺς
3014 3302 3307 3372 οὐρανοὺς
3349 3300 3654 3367 ἐποίησεν.

2385 3401 2703 3471 Ἀγ-ιωσύνη
2726 3396 2824 3449 καὶ
2843 3391 3323 3464 μεγαλοπρέπεια
3351 3390 3423 3443 ὲν
3452 3387 3533 3454 τῷ
3551 3385 3874 3458 ἀτιάσματι

2301 3492 2506 3547 αὐτοῦ.
2555 3489 2825 3559 Ἀγίασμα
2845 3485 3011 3539 αὐτού
3039 3487 3072 3555 ἡ
3108 3481 3420 3552 Ἐκκλησία,
3459 3481 3580 3551 ἥτις
3609 3479 3704 3532 καὶ
3742 3479 3874 3546 ἁγία

2303 3581 2418 3635 ἐστὶ
2441 3579 2535 3634 καὶ
2571 3575 3010 3649 μεγαλοπρεπής.
3049 3571 3278 3642 ’Υψηλὺς
3316 3571 3424 3641 γὰρ
3457 3570 3485 3622 ό
3537 3567 3745 3638 κόσμος
3776 3567 3876 3636 τῆς

2315 3670 2660 3740 Ἐκκλησίας.

2387 3762 2703 3829 Ἐνέγκατε
2729 3757 2808 3823 τῷ
2827 3757 3038 3824 Κυρίῳ,
3063 3757 3123 3806 al
3146 3750 3380 3820 πατριαὶ
3401 3749 3517 3803 τῶν
3530 3749 3742 3803 ἐθνῶν.
3767 3750 3879 3801 Πα-

2305 3855 2460 3927 τριὰς
2490 3853 2642 3906 καλεῖ
2661 3853 2786 3915 τοὺς
2816 3849 2922 3902 τῶν
2952 3843 3284 3916 Ἐκκλησιῶν
3308 3842 3662 3914 ἡγουμένους,
3697 3840 3878 3911 ἱερέας

2308 3945 2450 4016 φημὶ
2475 3943 2568 3997 καὶ
2601 3940 2917 4012 προέδρους.
2949 3937 3059 3990 Καὶ
3086 3934 3288 4007 πρέπει
3311 3931 3400 3986 διὰ
3423 3930 3532 3985 τῶν
3564 3930 3743 4001 ἔργων
3770 3928 3881 3982 τῶν

2307 4033 2527 4104 ἀγαθῶν
2557 4030 2799 4098 δοξάζειν
2822 4030 2913 4083 τὸν
2942 4028 3094 4090 Θεὸν,
3135 4027 3230 4079 καὶ
3264 4024 3368 4095 μὴν
3423 4024 3516 4076 καὶ
3561 4023 3731 4093 τιμᾷν
3775 4020 3883 4076 ἀπὸ

2309 4124 2526 4178 δικαίων
2556 4123 2733 4175 πόνων
2763 4118 2962 4184 αὐτῶν,
2996 4117 3075 4169 ἔτι
3107 4131 3170 4183 γε
3209 4113 3313 4184 μὴν
3355 4111 3450 4165 καὶ
3498 4110 3688 4172 θυσίας
3735 4110 3882 4180 αὐτῷ

2309 4213 2596 4286 ἀναφέρειν
2625 4210 2820 4280 νοητὰς
2841 4225 2854 4236 ·
2893 4207 3180 4277 ἀναφέρειν
3215 4203 3272 4256 δὲ
3293 4206 3350 4256 ὲν
3371 4202 3489 4264 ταῖς
3515 4199 3686 4263 θείαις
3719 4199 3882 4253 αὐτοῦ

2311 4304 2518 4368 αὐλαῖς,
2561 4301 2761 4374 δηλαδὴ
2795 4303 2916 4363 ταῖς
2968 4297 3303 4368 ἐκκλησίαις.
3355 4291 3713 4359 Σαλευθήτω
3765 4289 3884 4344 ἀπὸ

650 4419 915 4473 Futurum
943 4413 1090 4467 enim
1133 4419 1252 4465 erat
1289 4417 1351 4464 ut
1380 4381 1476 4478 per
1501 4381 1716 4462 omnem
1751 4412 1952 4456 terram
1997 4400 2214 4454 audire-

2312 4393 2632 4464 προσώπου
2659 4390 2844 4445 αὑτοῦ
2867 4389 3032 4444 πᾶσα
3065 4390 3100 4456 ἡ
3133 4385 3231 4457 γῆ.
3275 4383 3503 4455 Ἔμελλε
3536 4381 3647 4452 γὰρ
3669 4383 3751 4444 είς
3783 4384 3884 4434 πᾶ-

653 4522 740 4565 tur
768 4505 1100 4581 praedicatio,
1132 4512 1185 4558 et
1211 4512 1269 4557 ut
1303 4511 1444 4556 terra
1473 4496 1628 4569 quasi
1657 4512 1686 4550 a
1725 4495 1910 4566 priore
1938 4507 2040 4548 suo
2067 4500 2211 4546 statu

2316 4503 2414 4539 σαν
2443 4484 2543 4541 τὴν
2590 4480 2912 4552 οἰκουμένην
2945 4476 3268 4543 ἐξάκουστον
3309 4471 3560 4542 γενέσθαι
3596 4471 3880 4540 κήρυγμα,

653 4554 728 4565 ""
769 4554 1100 4581 r-—--'-"'-
1140 4554 1183 4558 ν-
1219 4554 1266 4557 ν*
1491 4554 1505 4569 ι
1728 4554 1745 4566 .

650 4607 1097 4656 commoveretur.

2318 4578 2410 4631 καὶ
2438 4575 2598 4628 οἱονεὶ
2633 4573 2733 4643 τῆς
2759 4569 3029 4641 προτέρας
3070 4567 3310 4628 στάσεως
3351 4561 3595 4616 σαλεύειν
3623 4560 3723 4631 τὴν
3755 4561 3879 4630 γῆν.

729 4694 813 4747 ιο.
854 4690 1064 4745 Etenim
1097 4685 1322 4741 correxit
1348 4682 1522 4737 orbem
1557 4688 1711 4732 terrm
1741 4676 1831 4747 qui
1857 4691 1959 4728 non
1986 4688 2218 4727 commo-

2387 4667 2497 4722 Καὶ
2518 4665 2628 4735 γὰρ
2654 4660 2997 4730 κατώρθωσε
3017 4658 3131 4726 τὴν
3150 4653 3511 4724 οἰκουμένην
3533 4652 3664 4720 ἣτις
3687 4655 3760 4706 οὐ
3792 4668 3889 4705 σα-

655 4743 1174 4840 υρόίίίινῖῖιιιιιιιινίι
1208 4777 1353 4831 enim
1390 4771 1685 4829 Ecclesiam
1718 4743 1882 4837 supra
1909 4775 2138 4836 petram,
2167 4772 2220 4817 ct

2321 4755 2700 4823 λευθήσεται.
2748 4750 3105 4821 Ἐθεμελίωσε
3137 4747 3243 4816 γὰρ
3284 4743 3377 4798 ἐπὶ
3412 4744 3510 4814 τὴν
3555 4743 3764 4813 πέτραν
3795 4743 3889 4811 τὴν

658 4887 827 4950 ραι-ιω
859 4872 1017 4931 inferi
1035 4833 1156 4928 non
1193 4867 1562 4941 praevalebunt
1589 4833 1852 4918 adversus
1880 4833 2024 4914 eam.
2061 4855 2221 4910 Judi-

2337 4845 2684 4916 Ἐκκλησίαν,
2715 4845 2806 4898 καὶ
2832 4841 2995 4895 πύλαι
3020 4841 3145 4911 ᾅδου
3166 4839 3226 4891 οὐ
3251 4835 3666 4906 κατισχύσουσιν
3701 4833 3888 4903 αὐτῆς.

2335 4944 2380 4950 --
2503 4937 2529 4948 -
2562 4941 2581 4950 -
2670 4935 2682 4950 ο
2772 4935 2784 4950 ι
2895 4936 2905 4950 ι
2928 4934 2986 4950 ΛΙ
3052 4949 3104 4950 κη
3187 4926 3352 4950 τειχει-
3388 4928 3493 4950 _-_\.-
3538 4925 3628 4950 --.Α
3680 4924 3888 4950 ιδεμ-..

657 4924 1435 5039 :abitwpopt‘tiosﬂin(equitate.
1478 4957 1641 5012 Venit
1688 4955 1836 5010 enim
1878 4961 1931 5007 et
1959 4948 2225 5020 judicavit

2326 4937 2529 5010 Κρινεῖ
2545 4935 2733 5002 λαοὺς
2760 4935 2830 4988 ὲν
2848 4934 3146 4999 εὐθύτητι.
3187 4926 3354 4982 Ἦλθε
3388 4928 3496 4999 γὰρ
3538 4925 3634 4979 καὶ
3677 4924 3890 4978 ἐδίκασε

661 5017 795 5026 "'"'
833 5017 1043 5039 r'r“"'
1088 5017 1096 5019 '
1174 5017 1182 5018 ί
1227 5017 1241 5034 1
1961 5017 1975 5020 _

661 5076 882 5118 causam
912 5067 1179 5122 nostram,
1208 5064 1264 5111 et
1292 5052 1570 5123 improbos
1590 5059 1850 5121 tyrannos
1877 5044 2084 5113 exegit,
2115 5041 2220 5094 im-

2323 5037 2421 5107 τὴν
2452 5034 2631 5108 κρίσιν
2660 5032 2837 5103 ἡμῶν,
2864 5030 2958 5084 καὶ
2985 5028 3111 5091 τοὺς
3171 5025 3438 5095 πονηροὺς
3482 5019 3788 5092 τυράννους
3813 5017 3871 5082 ἐξ

663 5167 830 5222 puros
863 5150 1070 5205 scilicet
1108 5148 1404 5201 daemones.

2325 5130 2506 5196 έδαλε,
2536 5129 2660 5189 τοὺς
2691 5123 3033 5195 ἀκαθάρτους
3067 5118 3199 5190 φησὶ
3225 5117 3510 5187 δαίμονας.

739 5244 825 5298 ﬂ.
868 5240 1136 5296 Lctentur
1179 5235 1296 5290 ccli
1335 5243 1386 5288 et
1431 5231 1656 5287 exsultet
1700 5239 1859 5282 terra.
1889 5225 2025 5280 Cum
2059 5221 2227 5278 totius

2393 5216 2936 5290 Εὐφραινέσθωσαν
2964 5218 3015 5268 οὶ
3053 5211 3316 5280 οὐρανοὶ,
3364 5207 3460 5262 καὶ
3509 5202 3894 5275 ἀγαλλιᾶσθε)

667 5336 816 5392 orbis
835 5334 1039 5388 bonum
1069 5337 1318 5397 ageretur
1348 5324 1596 5379 cmlestes
1624 5319 1850 5374 virtutes
1878 5332 2003 5372 cum
2031 5314 2227 5386 gaudio

2328 5316 2366 5381 ἠ
2402 5313 2497 5382 τῆ.
2545 5310 2667 5364 Ἐπὶ
2693 5317 2800 5381 γὰρ
2826 5310 2893 5379 τῇ
2941 5300 3274 5376 κατορθώσει
3326 5299 3425 5369 τῆς
3475 5294 3803 5364 οἰκουμένης
3841 5293 3891 5343 al

668 5425 954 5482 dicebant:
989 5420 1168 5475 Gloria
1198 5418 1253 5470 in
1288 5415 1502 5470 excelsis
1546 5414 1648 5467 Deo
1687 5412 1817 5466 etin
1856 5419 1996 5464 terra
2039 5405 2222 5459 oax".

2332 5405 2575 5475 οὐράνιαι
2604 5401 2858 5470 δυνάμεις
2880 5398 3112 5461 ἔφασκον
3142 5392 3427 5463 χαίρουσαι
3448 5405 3460 5417 °
3491 5385 3644 5449 Δόξα
3669 5385 3740 5438 ὲν
3761 5383 3892 5451 ὑψί-

671 5516 1067 5570 Commooeatur
1095 5523 1239 5561 mare
1283 5515 1329 5559 et
1373 5503 1641 5574 plenitudo
1672 5501 1806 5570 ejus.
1852 5499 1997 5553 Mare
2029 5498 2116 5553 hic
2154 5498 2230 5549 si-

2336 5471 2502 5562 στοις
2533 5491 2653 5559 Θεῷ
2679 5492 2776 5546 καὶ
2802 5489 2900 5544 ἐπὶ
2928 5487 3037 5558 γῆς
3065 5483 3291 5553 εἰρήνη.
3324 5475 3679 5544 Σανιευθήτω
3727 5475 3764 5541 ἠ
3798 5471 3892 5526 θά-

675 5603 891 5678 gniﬁcat
915 5599 1154 5671 gentium
1203 5561 1620 5666 plenitudinem,
1670 5561 1790 5662 qua:
1819 5596 2091 5646 commota
2125 5598 2230 5651 est,

2333 5561 2539 5642 λασσα
2558 5581 2652 5636 καί
2681 5581 2746 5635 τὸ
2762 5577 3050 5647 πλήρωμα
3069 5570 3276 5641 αὐτῆς.
3300 5569 3584 5625 Θάλασσαν
3611 5567 3668 5618 εν
3696 5561 3893 5621 τούτοις

738 5825 782 5856 ⁸³
821 5821 952 5880 Luc,
993 5834 1054 5884 tt,
1092 5816 1172 5873 14.
