4070 6442
169 377 274 435 M7

1271 362 1632 420 EXPOSITIO
1678 357 1746 414 1N
1779 356 2124 417 PSALMUM
2155 358 2339 416 XCVI.

3307 356 3416 413 ΜΒ

170 497 278 549 τῶν
310 492 481 548 ἐθνῶν
500 491 754 563 σημαίνει
775 489 873 560 τὴν
895 486 1121 556 πληθὺν,
1144 484 1264 554 ἥτις
1284 482 1376 536 καὶ
1402 480 1747 535 σεσάλευται·

1866 477 1906 529 id
1967 487 2052 532 est
2099 478 2164 531 ad
2220 476 2584 546 recipiendam
2651 473 3092 546 praedicationem
3163 471 3420 530 deducta.

169 587 448 640 τουτέστιν
481 587 561 648 εἱς
588 583 648 635 τὸ
673 578 1029 644 ὑποδέξασθαι
1062 577 1122 630 τὸ
1148 576 1411 646 κήρυγμα
1442 571 1746 642 κεκίνηται.

172 677 507 746 Χηριξσεται
531 674 603 727 τὰ
639 671 814 725 πεδία
837 670 935 724 καί
969 668 1165 722 πάντα
1189 667 1260 720 τὰ
1277 665 1346 718 ἐν
1370 663 1599 728 αὐτοῖς·
1621 661 1753 714 τότε

173 764 647 835 άγαλλιὰσονται
689 759 887 814 πάντα
933 757 1002 811 τὰ
1026 756 1184 820 ξύλα
1211 753 1315 806 τοῦ
1347 749 1592 820 δρυμοῦ.
1656 748 1755 801 Διὰ

174 857 282 910 τῶν
334 857 532 910 πεδίων
563 855 656 908 καὶ
713 852 818 924 μὴν
870 849 964 904 καὶ
1019 847 1129 901 τῶν
1168 845 1340 912 ξύλων
1391 844 1551 913 ἁγίας
1576 841 1755 912 ψυχὰς

175 943 313 1000 εἶναι
347 946 623 1018 σημαίνει,
655 945 711 998 αἳ
743 943 836 995 ἐπὶ
862 944 926 1012 τῇ
949 939 1044 994 τοῦ
1070 939 1276 1010 κόσμου
1309 935 1553 1007 σωτηρίᾳ
1581 931 1754 1003 ἠγαλ-

174 1040 452 1092 λιάσαντο.

176 1133 490 1186 ΨΑΛΜΟΣ
536 1127 736 1191 Δαυῒδ,
801 1127 899 1180 ὅτε
959 1126 998 1192 ἡ
1073 1124 1149 1195 γῆ
1214 1121 1400 1177 αὐτοῦ
1477 1119 1756 1173 καθίστα-

825 1236 939 1273 ται.
977 1220 1074 1286 ιισ
1073 1224 1106 1270 ⁸.

807 1313 820 1332 ⁸
834 1312 1140 1375 Υπόθεσις.

172 1413 345 1467 Πάλιν
371 1411 463 1464 καὶ
527 1406 761 1461 ἐνταῦθα
817 1404 915 1471 τὴν
959 1401 1233 1473 σωτηρίαν
1275 1398 1370 1452 τοῦ
1405 1399 1610 1468 κόσμου
1655 1412 1754 1466 ση-

248 1503 451 1575 μαίνει,
505 1500 599 1554 ita".
641 1498 748 1552 τῶν
799 1494 970 1549 ὲθνῶν
1006 1494 1281 1549 ,ἁπάντων
1318 1491 1417 1563 τὴν
1472 1493 1552 1553 είς
1595 1488 1756 1544 αὑτὸν

244 1597 452 1648 πίστιν.

243 1689 463 1754 Κύριος
525 1682 947 1745 ἐϐασίλευσεν,
1000 1675 1386 1748 ὰγαλλιάσθω
1436 1675 1475 1742 ἡ
1528 1673 1627 1746 γῆ,
1657 1676 1758 1729 ei)»

170 1777 612 1846 φρανθήτωσιιν
649 1773 827 1842 νῆσοι
853 1773 1097 1826 πολλαί.
1131 1770 1348 1840 Νήσους
1383 1768 1482 1830 τὰς
1532 1765 1760 1838 Ἐκκλη-

1857 567 2167 621 Gaudebant
2209 570 2380 638 campi
2407 579 2455 623 et
2509 569 2682 623 omnia
2715 582 2832 637 qua:
2873 569 2925 620 in
2966 567 3039 619 eis
3083 573 3229 618 sunt.
3280 563 3424 618 Tunc

1854 660 2190 714 exsultabant
2240 661 2418 714 omnia
2465 660 2612 731 ligna
2655 661 2929 714 silvarum.
2965 657 3068 711 Per
3099 671 3324 726 campos
3371 663 3430 711 et

1853 751 2029 822 ligna,
2082 762 2299 808 sanctas
2354 752 2568 808 animas
2619 752 2923 824 signiticat,
2969 766 3091 820 qua:
3142 752 3207 804 de
3250 748 3427 804 salute

1855 845 2044 899 mundi
2077 843 2508 899 exsultaverunt.

2061 1101 2109 1154 l.
2139 1099 2378 1156 PSALJI
2391 1100 2472 1158 US
2503 1099 2675 1155 David
2698 1102 2910 1172 quando
2944 1112 3085 1155 terra
3110 1099 3224 1169 ejus

2311 1194 2599 1247 constituta
2628 1203 2725 1248 est.
2763 1193 2858 1249 XC
2878 1192 2971 1246 γι.

2440 1284 2838 1355 Argumentum.

1857 1375 1958 1432 Hic
1994 1393 2213 1432 rursum
2263 1378 2495 1432 salutem
2541 1380 2727 1432 mundi
2780 1377 3098 1448 signiﬁcat,
3144 1386 3199 1432 et
3258 1375 3420 1433 ﬁdem

2227 1469 2472 1525 omnium
2502 1471 2744 1541 gentium
2771 1470 2827 1524 in
2857 1469 3053 1538 ipsum.

1932 1651 2192 1705 Dominus
2223 1650 2478 1721 regnavit,
2514 1649 2736 1704 exsultet
2764 1660 2926 1711 terra,
2971 1649 3215 1703 (tutentur
3241 1648 3431 1705 insula:

1864 1743 2063 1798 multa.
2095 1741 2305 1798 Insulas
2335 1756 2494 1798 vocat
2518 1742 2808 1806 Ecclesias,
2836 1752 3021 1812 utpote
3067 1743 3217 1797 omni
3263 1753 3427 1798 vento

172 1869 293 1931 σίας
326 1867 510 1938 φησιν,
543 1865 638 1919 ἆτε
686 1865 750 1934 δὴ
791 1862 1147 1934 ῥιπιζομένας
1204 1860 1308 1913 ὑπὸ
1361 1857 1562 1920 παντὸς
1594 1857 1755 1909 πνεύ-

1866 1836 2112 1906 agitatas,
2141 1845 2194 1890 et
2217 1835 2376 1891 salsis
2405 1836 2726 1907 asperisque
2753 1850 3124 1891 aerumnarum
3166 1835 3425 1892 ﬂuctibus

174 1978 366 2031 ματος,
399 1959 490 2012 καὶ¹
517 1957 623 2029 μὴν
656 1957 749 2009 καὶ
777 1953 1205 2028 περιρρεομένας
1247 1953 1366 2015 ταῖς
1401 1949 1752 2021 περιστάσεσι

169 2058 292 2116 ταῖς
320 2054 386 2108 ἀλ
394 2070 462 2124 μυ
470 2055 610 2124 ραῖς.

243 2145 483 2215 Νεφέλη
520 2141 619 2198 καί
651 2143 873 2212 γνόφος
915 2141 1120 2207 κύκλῳ
1171 2138 1378 2194 αὐτοῦ.
1429 2137 1540 2210 Τὴν
1593 2135 1753 2207 λελη-

172 2237 334 2292 θυῖαν
367 2235 531 2290 αὑτοῦ
557 2239 616 2289 ὲν
641 2233 950 2306 ἀνθρώποις
982 2233 1206 2288 κάθοδον
1237 2231 1514 2304 σημαίνει,
1573 2233 1662 2287 ὅτε
1697 2234 1755 2284 ὲν

169 2332 239 2401 τῇ
277 2328 371 2382 τοῦ
392 2326 579 2381 δούλου
606 2326 813 2397 πέφηνε
846 2329 1048 2397 μορφῇ.
1069 2327 1428 2394 Δικαιοσύνη
1457 2326 1555 2379 καὶ
1581 2323 1756 2392 κρῖμα

173 2423 541 2489 κατόρθωσις
571 2419 679 2472 τοῦ
710 2419 925 2486 θρόνου
956 2418 1160 2474 αὑτοῦ.
1180 2417 1327 2488 Αὕτη
1359 2417 1571 2486 γέγονε,
1601 2416 1754 2487 φησὶ,

171 2514 271 2582 τῆς
323 2510 569 2580 ἀφέσεως
619 2510 786 2564 αἰτίαο
846 2509 906 2560 τὸ
955 2511 1132 2581 κρῖναι
1163 2507 1386 2571 δικαίως
1429 2509 1526 2578 τὴν
1574 2507 1756 2578 κρίσιν

172 2602 356 2675 ἡμῶν,
387 2603 452 2673 ἣν
484 2601 679 2672 ἔχομεν
726 2598 926 2670 δηλαδὴ
962 2599 1098 2670 πρὸς
1141 2599 1239 2662 τὰς
1273 2599 1515 2669 πονηράς
1543 2600 1637 2652 καὶ
1661 2600 1756 2653 ἀν-

172 2711 317 2748 τικει
325 2693 491 2760 μένας
519 2692 794 2764 δυνάμεις.

248 2785 376 2856 Πῦρ
418 2785 675 2841 ἐνώπιον
723 2785 909 2840 αὑτοῦ
962 2784 1456 2853 προπορεύσεται.
1515 2784 1755 2836 Ἔκαυσε

169 2880 286 2952 γὰρ
311 2881 376 2950 τῇ
401 2878 521 2948 θείᾳ
545 2876 708 2930 αὐτοῦ
736 2877 960 2946 δυνάμει
991 2877 1170 2930 πᾶσαν
1220 2874 1460 2945 πονηράν
1487 2875 1579 2927 καὶ
1609 2875 1758 2927 άντι·

173 2972 441 3042 κειμένην
472 2967 556 3021 ὲνέ
567 2985 771 3039 ργειαν.

253 3065 524 3132 Ἕφαναν
567 3063 629 3112 al
681 3058 980 3128 ἀστραπαὶ
1036 3059 1223 3114 αὐτοῦ
1284 3059 1362 3128 τῇ
1416 3059 1756 3131 οἰκουμένῃ.

187 3151 503 3224 ’Δστραπάς
526 3151 688 3204 αὑτοῦ
717 3154 841 3216 τοὺς
867 3153 1056 3221 ἁγίους
1090 3152 1422 3216 ἀποστόλους
1449 3150 1586 3206 εἶναι
1612 3152 1757 3222 λέγει

177 3248 273 3300 καὶ
297 3243 712 3313 εὐαγγελιστάς,
733 3246 781 3298 οἳ
813 3246 989 3316 φωτὸς
1009 3247 1164 3317 δίκην
1193 3245 1518 3315 ὑπέλαμψαν
1542 3244 1640 3314 τὴν
1674 3243 1763 3297 ὑπ’

176 3341 428 3413 οὐρανόν.

258 3433 342 3488 Τᾶ
360 3433 466 3501 ὅρη
500 3432 806 3498 ἐτάκησαν
857 3426 997 3481 ὡσεὶ
1053 3429 1237 3497 κηρὸς
1279 3428 1396 3483 ἀπὸ
1443 3427 1764 3497 προσώπου

186 3527 429 3594 Κυρίου.
464 3527 604 3597 Ὀρη
635 3524 734 3587 τάς
784 3521 1166 3591 ἀντικειμένας
1212 3521 1464 3593 δυνάμεις
1503 3521 1685 3594 φησιν,
1709 3519 1766 3574 αἱ

181 3620 276 3670 καὶ
305 3614 476 3686 κηροῦ
509 3616 665 3686 δίκην
703 3615 1075 3685 συνετάκησαν
1126 3613 1232 3667 ἀπὸ
1288 3613 1380 3667 τοῦ
1433 3612 1764 3686 προειρημέ-

182 3723 276 3759 νου
302 3706 543 3777 δηλονότι
568 3707 755 3779 πυρός.
796 3707 970 3775 Ὅπερ
1004 3706 1271 3774 πήγνυσιν
1299 3706 1328 3756 ὁ
1361 3703 1584 3775 βορρᾶς,
1607 3703 1766 3756 τοῦτο

176 3801 410 3872 τήκειὸ
455 3801 624 3862 νότος·
676 3800 755 3852 διδ
801 3798 979 3862 καλῶς
1034 3798 1181 3866 λέγει
1239 3798 1273 3867 ἡ
1331 3796 1514 3867 νύμφη
1544 3787 1600 3849 ὲν
1653 3799 1765 3860 τοῖς

181 3897 430 3966 ’ᾼσμασι
490 3891 598 3944 τῶν
632 3889 909 3962 ᾀσμάτων·
984 3889 1354 3958 Ἔξεγείρου,
1393 3887 1610 3956 βορρᾶ,
1666 3889 1763 3942 καὶ

176 3986 386 4054 ἔρχου,
419 3985 577 4047 νὸτε,
612 3981 983 4036 διάπνευσον
1009 3979 1204 4050 κῆπόν
1247 3999 1386 4052 μου,
1423 3982 1517 4034 καὶ
1544 3980 1766 4050 ρευσὰ-

177 4093 388 4132 τωσαν
412 4066 687 4146 ἀρώματὰ
707 4096 846 4147 μου.

249 4167 761 4237 Αίσχυνθήτωσαν
787 4167 1010 4231 πάντες
1040 4169 1094 4219 οἱ
1127 4165 1617 4235 προσκυνοῦντες
1641 4165 1767 4232 τοῖς

177 4261 493 4330 γλυπτοῖς·
511 4260 741 4333 δρῶντες
768 4258 1006 4330 δηλονότι
1026 4255 1119 4320 οὓς
1152 4258 1316 4310 πάλαι
1343 4256 1587 4329 ἐνόμιζον
1614 4257 1766 4321 θεοὺς

180 4351 359 4422 κηροῦ
398 4351 552 4422 δίκην
575 4351 864 4422 λυομένους
887 4348 990 4400 ὑπὸ
1016 4347 1108 4400 τοῦ
1144 4347 1371 4418 Κυρίου.
1412 4350 1765 4418 Προσκυνή-

181 4463 337 4500 (rate
376 4443 555 4509 αὐτῷ,
589 4441 811 4509 πάντες
851 4440 1315 4512 ἅγγελοιαὺτοῦ.
1368 4441 1480 4509 Ἐφ’
1528 4437 1608 4503 οἷς
1638 4459 1766 4494 κατ-

177 4539 412 4611 ώρθωσε
436 4540 502 4608 τῇ
539 4537 629 4590 ὑπ’
678 4536 926 4607 οὐρανὸν,
960 4534 1146 4605 φησὶν,
1174 4533 1623 4604 εὐχαριστήσατε.

263 4633 528 4685 Ἤκουσε
561 4627 660 4683 καὶ
685 4627 988 4697 εὐφράνθη
1027 4624 1201 4680 Σιών.
1256 4626 1394 4678 Σιὼν
1445 4624 1604 4696 μὲνὴ
1646 4624 1768 4676 Ἐκ-

181 4723 411 4793 uineta.
437 4722 502 4775 Τί
525 4721 581 4775 δὲ
605 4722 856 4791 ηκουσεν,
903 4719 935 4789 ἢ
965 4716 1060 4771 τοῦ
1097 4716 1451 4786 εὐαγγελικοῦ
1480 4715 1768 4786 κηρύγμα-

181 4833 300 4879 τος.
356 4815 450 4867 καὶ
495 4811 835 4884 εὐφροσύνης
890 4811 1028 4882 αὐτῇ
1078 4809 1269 4877 γέγονε
1306 4809 1601 4879 πρόξενον;
1659 4807 1770 4862 Καὶ

183 4904 644 4974 ἠγαλλιάσαηο
676 4905 735 4956 al
759 4901 1074 4970 θυγατέρες
1099 4899 1210 4967 τῆς
1252 4899 1564 4964 Ἰουδαίας.
1595 4897 1772 4966 Θυγα-

185 4999 356 5069 τέρας
377 4997 475 5067 τῆς
520 4995 778 5058 Ἰουδαίας
805 4993 904 5056 τὰς
955 4993 1109 5054 ὁσίας
1152 4991 1329 5061 ψυχάς
1388 5008 1538 5063 φησι,
1580 4989 1679 5053 τὰς
1703 4991 1769 5044 δι’

182 5088 626 5161 ὲξομολογήσεως
659 5084 1007 5157 συνημμένας
1036 5083 1174 5155 Θεῷ,
1223 5083 1278 5136 αἶ
1321 5081 1654 5153 ὴγαλλιῶντο
1684 5083 1770 5138 διὰ

183 5181 256 5233 τὰ
281 5179 376 5233 τοῦ
409 5176 544 5231 Θεοῦ
591 5178 857 5248 κρίματα,
884 5174 1089 5246 ὁρῶσαι
1117 5173 1356 5245 δηλονότι
1400 5174 1524 5237 τοὺς
1575 5191 1770 5245 τυραν-

183 5273 458 5342 νήσαντας
485 5267 944 5342 ὲκσεσλημένους,
995 5268 1120 5330 τοὺς
1175 5266 1228 5320 δὲ
1287 5267 1496 5337 δουλεία
1543 5283 1768 5338 κατεχο-

189 5333 388 5436 μίένους
413 5333 492 5426 είς
524 5333 835 5431 ἐλευθερίαν
871 5361 1278 5431 ὲνηνεγμένους.

262 5457 327 5508 Ol
360 5453 710 5522 ἀγαπῶντες
763 5451 871 5505 τὸν
919 5454 1154 5519 Κύριον,
1226 5449 1455 5518 μισεῖτε
1514 5449 1764 5518 πονηρά.

185 5544 518 5617 Παραίνεσις
544 5542 821 5610 εἰσάγεται
849 5545 960 5605 τοῖς
1000 5544 1066 5612 τῇ
1109 5541 1390 5612 ἐλευθερίᾳ
1429 5539 1770 5611 λελυτρωμέ-

186 5654 321 5700 νοις,
352 5635 674 5690 διδάσκουσα
704 5636 810 5688 πᾶν
861 5630 998 5697 εἶδος
1047 5633 1277 5704 πονηρὸν
1311 5631 1765 5706 ἀποστρέφεσθαι.

187 5726 502 5783 Φυλάσσει
527 5727 739 5793 Κύριος
772 5726 877 5792 τὰς
909 5726 1113 5794 ψυχὰς
1154 5723 1273 5778 τῶν
1325 5724 1508 5779 ὁσίων
1556 5723 1761 5780 αὑτοῦ.

263 5820 308 5853 τδ
336 5819 494 5875 Cant.
525 5836 597 5884 Iv,
630 5818 714 5874 16.

1860 1927 2242 1982 circumfusas.

1932 2107 1987 2163 2.
2033 2104 2212 2160 Nubes
2239 2113 2287 2158 et
2308 2104 2480 2174 caligo
2510 2104 2565 2157 in
2598 2103 2824 2156 circuitu
2846 2103 2976 2171 ejus.
3007 2101 3284 2158 Latentem
3313 2103 3434 2174 ejus

1863 2201 1931 2255 ad
1980 2200 2228 2255 homines
2259 2199 2585 2252 descensum
2616 2194 2908 2266 signiﬁcat,
2940 2195 3162 2264 quando
3218 2195 3273 2249 in
3312 2211 3431 2250 ser-

1863 2292 1916 2345 vi
1973 2289 2146 2345 forma
2195 2289 2465 2358 apparuit.
2500 2287 2730 2342 Justiiia
2781 2297 2830 2341 et
2857 2287 3123 2357 judicium
3176 2287 3432 2340 correctio

1864 2382 2039 2436 throni
2065 2381 2196 2451 ejus.
2221 2379 2366 2446 Haec,
2392 2379 2588 2450 inquit,
2607 2379 2948 2434 remissionis
2970 2394 3136 2435 causa
3163 2378 3264 2434 fuit
3288 2378 3434 2449 quod

1859 2475 2004 2546 jnsle
2051 2472 2378 2544 judicaverit
2422 2486 2646 2527 causam
2696 2479 2938 2524 nostram
2973 2486 3136 2539 quam
3171 2470 3436 2526 habemus

1864 2567 2114 2623 videlicet
2139 2566 2403 2621 adversus
2432 2565 2700 2635 malignas
2739 2572 2790 2618 et
2813 2562 3158 2619 adversarias
3188 2569 3433 2632 potesta-

1867 2673 1968 2716 tes.

1939 2751 1992 2804 5.
2025 2748 2174 2819 Ignis
2235 2758 2358 2803 ante
2390 2749 2561 2817 ipsum
2602 2748 2880 2818 pracedet.
2920 2745 3112 2802 Divina
3149 2746 3293 2801 enim
3336 2759 3437 2801 sua

1867 2845 2066 2898 virtute
2099 2842 2301 2896 malam
2337 2855 2556 2895 omnem
2596 2848 2758 2910 atque
2819 2839 3188 2894 adversariam
3247 2852 3440 2908 opera-

1867 2938 2068 2993 tionem
2106 2936 2430 2992 combussit.

1939 3031 1994 3085 4.
2013 3030 2317 3083 "luxerunt
2341 3028 2558 3098 fulgura
2583 3027 2696 3097 ejus
2724 3026 2837 3080 orbi
2865 3036 3038 3081 terra.
3067 3024 3306 3096 Fulgura
3337 3039 3438 3078 sua

1868 3124 2001 3179 dicit
2031 3137 2154 3176 esse
2182 3130 2404 3175 sanctos
2434 3121 2716 3191 apostolos
2741 3127 2796 3174 et
2825 3120 3209 3192 cvangelistas,
3235 3120 3328 3192 qui
3355 3119 3440 3176 lu-

1871 3215 2035 3269 minis
2065 3214 2236 3268 instar
2265 3212 2711 3267 illuminaverunt
2733 3212 2942 3267 orbem.

1939 3404 1992 3458 5.
2030 3401 2234 3457 Montes
2278 3400 2413 3454 sicut
2452 3414 2569 3452 cera
2614 3399 2883 3466 ﬂuxerunt
2929 3412 2962 3450 a
3014 3396 3154 3465 facie
3199 3394 3435 3450 Domini.

1869 3495 2080 3550 Montes
2106 3501 2264 3549 vocat
2289 3490 2629 3546 adversm-ias
2651 3497 2966 3559 potestates,
3000 3503 3122 3558 qua:
3145 3487 3285 3544 sicut
3311 3503 3436 3544 cera

1871 3588 2143 3642 ﬂuxerunt
2177 3583 2415 3654 praedicti
2446 3583 2587 3652 ignis
2613 3595 2798 3650 Opera.
2828 3579 2980 3645 Quod
3021 3579 3206 3648 aquilo
3228 3593 3438 3650 coagu-

1869 3681 1964 3743 lat,
2002 3678 2053 3732 id
2085 3686 2269 3730 auster
2303 3672 2603 3744 liquefacit,
2633 3672 2990 3742 quamobrem
3015 3671 3238 3740 pulchre
3266 3685 3435 3741 spon-

1877 3784 1935 3822 sa
1978 3764 2297 3821 inCanticis
2325 3764 2664 3818 canticorum
2710 3761 2824 3816 ait:
2861 3761 3119 3833 Exsurge,
3149 3761 3348 3834 aquilo,
3387 3770 3442 3815 et

1867 3859 2002 3923 ueni,
2029 3867 2228 3923 auster,
2265 3857 2431 3927 per/la
2460 3855 2670 3908 hortum
2697 3871 2867 3909 meum
2907 3864 2957 3909 et
2995 3855 3166 3923 ﬂuant
3193 3864 3438 3908 aromata

1869 3969 1982 4006 mea
2015 3951 2081 4003 ⁷⁸.

1939 4131 1992 4183 ’1.
2031 4127 2438 4197 Confundantur
2493 4140 2670 4178 omnes
2710 4126 2800 4195 qui
2855 4125 3084 4179 adorant
3145 4125 3436 4196 sculptilia.

1873 4223 2130 4277 Videntcs
2165 4220 2374 4275 scilicet
2416 4232 2551 4288 quos
2605 4217 2734 4272 olim
2793 4217 2923 4272 deos
2968 4218 3231 4287 putabant
3266 4220 3440 4273 instar

1869 4333 2008 4372 cerae
2031 4313 2355 4386 liquefactos
2385 4311 2598 4368 Domini
2623 4329 2808 4383 opera.
2842 4313 3075 4366 Adorate
3101 4329 3434 4376 eum,omnes

1869 4409 2039 4480 angeli
2069 4411 2201 4477 ejus.
2252 4405 2467 4461 Gratias
2497 4406 2658 4477 agite,
2710 4405 2807 4471 ait,
2864 4406 2926 4460 de
2964 4406 3030 4460 ἱιε
3065 4420 3188 4475 quae
3215 4405 3266 4458 in
3293 4415 3439 4459 terra

1869 4498 2122 4569 pratclare
2151 4495 2339 4565 gessit.

1943 4591 1997 4645 8.
2030 4588 2250 4642 Audiuit
2280 4598 2329 4642 et
2358 4587 2542 4641 laetata
2573 4596 2650 4638 est
2680 4582 2828 4640 Sion.
2885 4583 3018 4639 Sion
3057 4597 3141 4640 est
3171 4585 3437 4642 Ecclesia.

1872 4681 2078 4752 Ecquid
2113 4679 2342 4744 audivit,
2395 4678 2500 4732 nisi
2554 4679 2926 4748 evangelicum
2975 4680 3436 4749 praedicationem,

1869 4791 1992 4845 qua:
2023 4773 2220 4827 tmtiliaa
2257 4772 2358 4841 ipsi
2398 4786 2564 4824 causa
2614 4769 2718 4824 fuit
2742 4770 2763 4822 ?
2791 4769 2859 4822 Et
2889 4771 3284 4824 exsultarerunt
3311 4771 3440 4840 ﬁlia:

1870 4866 2097 4920 Iuda-le.
2153 4863 2320 4919 Filias
2353 4861 2553 4917 Indica:
2586 4871 2806 4917 sanctas
2853 4862 3065 4916 animas
3115 4862 3267 4926 dicit,
3319 4878 3441 4932 qtue

1870 4959 1981 5015 Dco
2016 4974 2110 5029 per
2139 4957 2540 5012 confessionem
2575 4955 2878 5022 conjunctae
2912 4964 3057 5018 sunt,
3097 4969 3325 5024 quaeque
3347 4970 3440 5010 ev-

1871 5052 2147 5108 sullabant
2179 5057 2398 5120 propter
2427 5047 2631 5117 judicia
2666 5045 2915 5110 Domini,
2947 5047 3194 5101 videntes
3235 5048 3441 5102 scilicet

1869 5145 2075 5213 ejectos
2111 5154 2393 5213 tyrannos,
2421 5156 2516 5196 eos
2551 5148 2730 5194 autem
2759 5139 2854 5209 qui
2906 5139 2959 5192 in
2996 5137 3256 5192 servitute
3302 5137 3440 5192 deti-

1871 5239 2139 5293 nebantur
2171 5236 2225 5291 in
2250 5234 2553 5289 libertatem
2582 5232 2907 5285 vindicatos.

1943 5433 2030 5488 10.
2063 5431 2168 5497 Qui
2197 5427 2418 5498 diligitis
2463 5424 2770 5488 Dominum,
2797 5424 2938 5476 adite
2971 5420 3133 5475 mala.
3165 5420 3438 5477 Adhorta-

1873 5529 1950 5584 tio
1975 5524 2249 5580 inducitur
2285 5521 2352 5574 iis
2401 5517 2582 5589 quiin
2633 5516 2937 5571 libertatem
2978 5514 3232 5569 vindicati
3289 5523 3437 5576 sunt,

1875 5623 2078 5674 docens
2113 5627 2168 5670 ut
2199 5614 2267 5669 ab
2293 5612 2440 5665 omni
2489 5608 2670 5679 specie
2713 5606 2851 5661 mala
2886 5615 3220 5661 avertantur.
3249 5603 3441 5659 Custo-

1870 5714 1951 5767 dit
1986 5709 2242 5762 Dominns
2267 5705 2475 5759 animus
2514 5709 2819 5756 sanctorum
2849 5695 3224 5766 suorum..Qui
3251 5709 3286 5755 ι
3318 5713 3439 5753 ma-
