4070 6458
671 401 775 457 419

1552 401 1608 456 S.
1648 396 2011 454 ATIIANASII
2053 395 2202 451 OPP.
2244 389 2421 445 PARS
2460 388 2538 444 Ill.
2574 417 2642 428 —
2679 386 3084 444 EXEGETICA.

3788 389 3901 446 420

671 519 814 589 ligno
869 521 1037 575 aversi
1067 521 1221 585 estis,
1255 532 1429 575 sancti
1466 520 1641 575 rll‘ecti
1691 519 1846 574 esxis.
1894 517 2045 572 Tunc
2079 517 2220 570 enim

2326 512 2386 562 Οἱ
2440 507 2876 580 ἁποστραςρέντες
2925 509 3016 561 τὸν
3080 507 3333 579 πονηρὸν,
3386 507 3524 560 ὅσιοι
3573 505 3895 575 γεγένησθε·

668 611 942 677 continget
971 613 1122 666 vobis
1157 623 1214 666 ut
1245 613 1511 666 Dominus
1542 629 1638 667 vos
1686 611 1959 667 custodiat
1989 627 2016 664 ο
2052 606 2202 661 mali-

669 714 797 768 gno,
825 703 918 770 qui
953 704 1169 772 proprie
1194 714 1446 772 peccator
1484 715 1586 758 est.

749 883 832 935 Η.
866 882 982 935 Lua:
1015 893 1130 936 orta
1164 885 1426 954 estjusto.
1465 883 1783 953 Evangelica
1823 881 2091 936 videlicet.
2120 879 2226 932 Ju-

668 980 748 1023 sto
779 974 1120 1038 autem,lmic
1147 977 1344 1044 populo
1379 975 1586 1029 scilicet
1611 975 1702 1043 qui
1735 989 1830 1044 per
1857 973 2016 1026 [idem
2041 972 2223 1040 justus

665 1072 766 1116 est.
803 1062 866 1114 Et
895 1067 1047 1118 rectis
1079 1067 1231 1119 corde
1255 1066 1482 1130 lwtitia;
1512 1067 1563 1120 in
1608 1066 1722 1120 haec
1751 1067 1913 1119 verba
1954 1066 2107 1118 rectis
2143 1066 2223 1116 in-

668 1155 1116 1222 terpungendum,
1144 1155 1215 1208 ita
1251 1163 1309 1208 ut
1343 1155 1407 1209 iis
1438 1155 1529 1224 qui
1567 1156 1699 1208 recti
1733 1153 1935 1208 fuerint
1971 1156 2022 1207 in
2062 1154 2223 1208 corde

668 1246 874 1298 oriatur
904 1245 1103 1298 lmtitia.
1151 1245 1207 1299 ln
1259 1247 1536 1300 communi
1567 1255 1747 1300 autem
1783 1247 1932 1310 illud,
1974 1255 2092 1298 orta
2122 1253 2220 1310 est,

666 1338 1061 1406 accipiendum.

971 1423 1303 1482 PSALMUS
1330 1426 1430 1495 ipsi
1459 1425 1647 1480 David.
1676 1423 1920 1480 XCVII.

1247 1519 1282 1574 Α
1295 1530 1640 1588 rgumentum.

663 1607 760 1666 llic
796 1626 1011 1680 quoque
1040 1612 1284 1681 psalmus
1313 1627 1549 1681 priorem
1585 1611 1800 1665 Domini
1826 1609 2116 1664 adventum
2148 1608 2220 1660 si-

728 1703 966 1772 gniticat,
997 1712 1052 1756 et
1089 1703 1245 1757 [idem
1295 1705 1538 1757 omnium
1589 1703 1828 1772 gentium
1881 1717 2004 1770 erga
2043 1701 2215 1765 illum,

732 1805 894 1859 quam
925 1791 1163 1845 dediteis
1193 1801 1250 1846 ut
1279 1793 1525 1860 patribus
1571 1793 1684 1846 suis
1712 1791 1986 1860 pollicitus
2019 1790 2213 1844 fuerat.

728 1881 802 1936 Ea
829 1883 893 1937 de
918 1899 1080 1938 causa
1113 1884 1199 1938 hic
1231 1885 1575 1938 concitantur
1604 1893 1809 1953 gentes,
1837 1892 1896 1937 ut
1927 1899 2049 1938 cum
2073 1884 2219 1952 jubi—
2249 1862 2289 1917 Β

730 1974 928 2028 latione
981 1976 1218 2029 victoria:
1269 1991 1488 2030 carmen
1546 1989 1763 2040 canant,
1821 1975 1967 2046 quod
2028 1992 2216 2031 eorum

729 2081 892 2118 causa
932 2067 1135 2120 editum
1170 2067 1290 2121 fuit.

733 2157 778 2210 Ι.
817 2158 1040 2212 Cautute
1059 2158 1284 2213 Domino
1315 2160 1576 2212 canticum
1603 2175 1810 2224 novum,
1836 2161 1963 2228 quia
2011 2161 2222 2212 mirabi-

658 2249 734 2302 lia
770 2251 910 2320 fecit.
946 2250 1192 2306 Mirabile
1219 2266 1446 2320 prorsus
1476 2251 1726 2320 estquod
1757 2267 1903 2307 mors
1946 2253 2218 2308 destructa

660 2347 750 2409 sit,
783 2355 836 2400 et
857 2347 1000 2416 quod
1031 2349 1328 2400 humanum
1356 2363 1526 2416 genus
1551 2348 1821 2402 revixerit.
1851 2346 2088 2401 Salrarit
2118 2350 2220 2403 sibi

659 2439 876 2490 dextera
904 2438 1041 2507 ejus.
1065 2437 1323 2491 Mundum
1360 2440 1504 2493 enim
1537 2440 1681 2494 Patri
1715 2440 1913 2494 obtulit
1941 2438 2214 2501 Christus,

660 2531 753 2598 qui
797 2540 875 2584 est
935 2531 1155 2585 dextera
1183 2530 1380 2586 Patris.
1411 2529 1528 2586 Non
1566 2531 1710 2585 enim
1763 2531 2006 2584 humano
2032 2530 2222 2601 egebat

660 2622 883 2676 auxilio.

727 2712 782 2764 Ξ.
820 2711 1020 2764 Natant
1050 2712 1172 2780 fecit
1213 2710 1467 2764 Dominus
1513 2712 1752 2766 salutare
1798 2728 1971 2766 suum.
2020 2710 2220 2765 Carna-

662 2803 765 2855 lem
815 2803 932 2871 ejus
983 2804 1269 2857 adventum
1314 2804 1607 2858 salutarem
1666 2805 1873 2859 scilicet
1927 2805 2215 2875 significat.

661 2891 817 2945 Juxta
849 2893 978 2947 illud
1005 2893 1209 2948 dictum
1245 2909 1274 2946 a
1302 2892 1595 2948 Simeone:
1635 2895 1774 2959 Quia
1808 2896 2049 2948 viderunt
2082 2896 2219 2947 oculi

662 2986 762 3036 mei
789 2984 1023 3038 salutare
1051 2995 1199 3037 tuum
1227 2985 1293 3038 ⁷⁵.
1328 2985 1394 3036 In
1431 2997 1704 3052 conspectu
1753 2986 1982 3053 gentium
2025 2984 2220 3038 revela-

662 3079 730 3130 rit
783 3078 1054 3144 justitiam
1106 3093 1277 3130 suam.
1331 3077 1514 3145 Ejecto
1568 3077 1774 3131 scilicet
1822 3077 1984 3144 hujus
2036 3077 2216 3132 saeculi

2327 602 2460 656 Τότε
2487 600 2550 670 δὴ
2594 600 2928 670 συμϐήσεται
2961 601 3087 670 ὑμῖν
3111 602 3202 652 καὶ
3230 600 3329 668 τῆς
3351 599 3594 668 φυλακῆς
3620 599 3720 667 τῆς
3743 597 3901 666 παρὰ

2323 691 2416 745 τοῦ
2443 691 2644 764 Κυρίου
2667 694 2846 760 τυχεῖν
2874 692 2980 744 ἀπὸ
3009 691 3101 745 τοῦ
3155 692 3410 762 πονηροῦ·
3465 685 3620 754 οὗτος
3645 689 3754 760 γὰρ
3794 708 3898 742 κυ-

2327 785 2456 854 ρίως
2480 783 2818 853 ἁμαρτωλός.

2393 873 2520 939 Φῶς
2569 873 2837 927 ἀνέτειλε
2893 873 2974 939 τῷ
3011 874 3237 940 δικαίῳ.
3287 874 3360 926 Τὸ
3405 872 3760 941 εὑαγγελικὺν
3804 872 3899 939 δη-

2323 966 2512 1018 λονότι.
2538 967 2748 1028 Δικαίῳ
2781 966 2856 1028 δὲ,
2877 965 3009 1036 τῷδε
3039 967 3229 1036 δικαίῳ
3253 965 3366 1034 λαῷ
3394 966 3480 1018 διὰ
3511 966 3609 1035 τῆς
3639 964 3897 1025 πίστεως.

2322 1057 2428 1112 Καὶ
2453 1057 2573 1122 τοῖς
2595 1058 2795 1111 εῠθέσι
2819 1057 2890 1125 τῇ
2922 1057 3132 1125 καρδίᾳ
3157 1059 3523 1126 εὐφροσύνη·
3556 1059 3635 1117 εἰς
3656 1056 3740 1116 τὸ,
3773 1055 3899 1120 τοῖς

2320 1146 2581 1209 εὺθέσιν,
2624 1147 2902 1212 ὑποστίξαι
2929 1146 3025 1208 δεῖ,
3052 1147 3148 1221 ,ἵνα
3195 1150 3305 1208 τοῖς
3353 1146 3652 1215 γινομένοις
3680 1145 3900 1199 εὺθέσιν

2327 1240 2384 1290 ἐν
2411 1241 2476 1309 τῇ
2530 1237 2723 1308 καρδίᾳ
2782 1239 3032 1311 ἀνατείλῃ
3065 1238 3389 1310 εὐφροσύνη.
3451 1237 3582 1292 Ἀπὸ
3629 1239 3810 1292 κοινοῦ
3838 1238 3900 1292 δὲ

2323 1328 2402 1394 τὸ,
2425 1327 2718 1391 (irati-2.187,
2768 1327 3016 1397 ληπτέον.
3322 1393 3334 1407 ν

2703 1419 3009 1470 ΨΑΛΜΟΣ
3055 1416 3133 1482 τῷ
3188 1416 3383 1470 Δαυΐδ.
3415 1419 3523 1484 L_Z'.

2924 1509 3244 1574 'l‘zdoemg.

2321 1599 2428 1651 Καὶ
2456 1594 2659 1662 οὗτοςὸ
2700 1599 2910 1668 eum;
2964 1599 3059 1669 τὴν
3118 1600 3383 1671 προτέραν
3440 1601 3741 1670 παρουσίαν
3795 1600 3895 1653 τοῦ

2389 1691 2593 1761 Κυρίου
2624 1692 2898 1761 σημαίνει,
2928 1693 3021 1744 καὶ
3043 1691 3140 1762 τὴν
3176 1692 3280 1744 τῶν
3324 1692 3490 1744 ἐθνῶν
3542 1693 3757 1746 πάντων
3813 1696 3897 1755 είς

2392 1783 2550 1836 αὑτὸν
2587 1785 2790 1848 πίστιν,
2815 1785 2880 1853 ἢν
2928 1786 3217 1854 ἐποιήσατο
3246 1785 3384 1838 κατὰ
3413 1785 3507 1847 τὰς
3541 1784 3895 1855 ἐπηγγελμὲ-

2388 1893 2484 1938 νας
2518 1879 2628 1939 τοῖς
2669 1877 2936 1948 πατράσιν
2981 1876 3330 1943 ἐπαγγελίας.
3361 1876 3458 1928 Διὰ
3485 1877 3642 1928 τοῦτο
3670 1877 3737 1928 τὰ
3763 1877 3896 1947 ἔθνη

2389 1970 2564 2023 πάντα
2586 1969 2870 2033 ἀλαλάζειν
2895 1971 2922 2021 ὁ
2939 1968 3094 2036 λόγος
3114 1969 3473 2039 προτρέπεται
3495 1969 3581 2021 τὸν
3604 1970 3892 2033 ἐπινίκιον,

2389 2062 2446 2113 ὃν
2474 2060 2613 2129 ὑπὲρ
2644 2061 2819 2112 αὐτῶν
2852 2061 3164 2127 πεποίηται.

2394 2151 2616 2219 ’ᾼσατε
2635 2148 2714 2213 τῷ
2742 2150 2934 2217 Κυρίῳ
2963 2146 3125 2220 ᾆσμα
3165 2163 3393 2214 καινὸν,
3439 2151 3526 2204 ὅτι
3575 2152 3898 2221 θαυμαστὰ

2318 2241 2585 2307 ἐποίησε.
2611 2241 2932 2312 Θαυμαστὸν
2955 2241 3064 2310 γὰρ
3116 2243 3328 2312 ἀληθῶς
3373 2243 3433 2295 τὸ
3479 2243 3897 2313 καταργηθῆναι

2321 2331 2567 2395 θάνατον,
2597 2333 2692 2385 καὶ
2725 2332 3019 2386 ἀναϐιῶναι
3060 2333 3220 2386 πάλιν
3247 2334 3306 2386 τὺ
3343 2334 3684 2403 ἀνθρώπινον
3714 2336 3890 2402 γένος.

2325 2423 2592 2477 Ἕσωσεν
2619 2422 2777 2487 αὐτῷ
2806 2425 2842 2491 ἠ
2882 2423 3047 2487 δεξιὰ
3071 2426 3276 2478 αὐτοῦ.
3322 2425 3644 2496 Προσήγαγε
3679 2427 3789 2496 γὰρ
3820 2427 3897 2496 τῷ

2324 2511 2438 2581 ίδίῳ
2461 2511 2636 2583 Ila-cpi.
2665 2512 2760 2584 τὴν
2783 2513 2872 2566 ὑπ’
2894 2514 3117 2584 οὐρανὸν
3141 2517 3168 2567 ὁ
3190 2514 3443 2586 Χριστὸς,
3486 2515 3544 2577 ὃς
3593 2516 3710 2567 ἐστι
3744 2515 3896 2579 δεξιά

2319 2602 2411 2657 τοῦ
2459 2605 2685 2676 Πατρός.
2715 2607 2788 2658 Οὐ
2818 2605 2922 2676 γὰρ
2958 2607 3149 2676 ἐδεήθη
3180 2606 3520 2676 ἀνθρωπίνης
3547 2604 3824 2675 βοηθείας.

2401 2697 2705 2766 Ἐγνάψισε
2732 2700 2942 2766 Κύριος
2973 2701 3036 2751 τὸ
3067 2698 3360 2765 σωτήριον
3387 2699 3589 2752 αὑτοῦ.
3621 2699 3896 2769 Σωτήρων

2319 2783 2481 2841 οὖσαν
2514 2789 2610 2859 τὴν
2639 2789 2899 2860 ἔνσαρκον
2928 2789 3091 2843 αὐτοῦ
3116 2791 3409 2861 παρουσίαν
3445 2792 3723 2861 σημαίνει·
3753 2793 3895 2845 κατά

2320 2875 2380 2928 τὸ
2400 2878 2680 2948 εἰρημένον
2703 2879 2807 2931 ὑπὸ
2845 2878 2937 2930 τοῦ
2966 2877 3206 2948 Συμεών⁹
3237 2878 3362 2930 ’Ὅτι
3394 2874 3556 2930 εἶδον
3585 2881 3637 2930 ol
3665 2879 3893 2946 ὀφθαλ-

2315 2968 2418 3036 μοί
2454 2987 2571 3036 μου
2605 2968 2666 3021 τό
2694 2970 2984 3037 σωτήριόν
3006 2985 3140 3022 σου.
3206 2970 3514 3022 Ἐι-αντίον
3561 2969 3680 3021 τῶν
3705 2969 3897 3022 ἐθνῶν

2321 3057 2677 3126 ἀπεκάλυψε
2735 3060 2848 3124 τὴν
2909 3059 3303 3128 δικαιοσύνην
3355 3061 3560 3114 αὑτοῦ.
3617 3061 3896 3113 Ἐκϐαλὼν

663 3168 927 3236 principe,
952 3166 1108 3221 nobis
1137 3177 1316 3221 autem
1350 3167 1441 3237 qui
1471 3167 1599 3221 olim
1652 3167 1754 3222 sub
1789 3166 2074 3238 tyrannide
2108 3183 2249 3240 θνα-η

2326 3149 2421 3218 μὲν
2448 3150 2538 3201 τὸν
2573 3151 2804 3220 ἄρχοντα
2857 3151 2949 3202 τοῦ
3004 3152 3194 3213 αἰῶνος
3238 3152 3449 3214 τούτου,
3500 3154 3798 3218 δικαιώσας
3839 3155 3895 3207 δὲ

2323 3241 2445 3261 --1-
2479 3239 2634 3261 __'.‘.__
2678 3257 2732 3261 -.λ
2785 3259 2821 3261 μ.
2866 3240 2981 3261 ..-ΛΔ
3009 3259 3064 3261 _,_
3085 3259 3096 3261 _
3133 3243 3200 3261 ,ιη
3221 3244 3273 3261 5!,

663 3274 786 3312 nius
809 3259 1140 3327 justiﬁcatis.

731 3351 784 3404 5.
823 3349 1142 3404 Recordatus
1180 3361 1257 3404 est
1297 3351 1673 3404 misericordia:
1703 3368 1832 3405 sure.
1867 3349 2003 3421 Erga
2028 3348 2215 3405 Jacot).

662 3439 914 3495 Promisit
942 3441 1086 3493 enim
1121 3443 1171 3493 ei
1204 3441 1444 3495 futurum
1472 3457 1592 3495 esse
1627 3451 1685 3493 ut
1725 3457 1914 3495 omnes
1953 3453 2136 3509 gentes
2166 3443 2220 3494 in

661 3533 868 3586 semine
903 3534 1024 3602 ejus
1065 3534 1531 3588 benedicerentur.
1593 3533 1844 3586 Viderunt
1885 3550 2060 3586 omnes
2115 3547 2220 3586 ter-

663 3628 792 3679 mini
828 3636 980 3680 ιρι-ναι
1018 3627 1251 3680 salutare
1301 3626 1396 3681 Dei
1444 3629 1632 3680 nostri.
1693 3625 1906 3680 Nullum
1945 3628 2089 3682 enim
2139 3642 2222 3682 re-

663 3732 824 3785 gnum
857 3732 962 3771 non
1003 3719 1271 3789 partiCcps
1296 3731 1379 3775 est
1415 3724 1563 3789 regni
1587 3720 1811 3774 Christi.

734 3808 786 3873 5,
809 3808 862 3862 6.
895 3808 1113 3862 Psatlite
1148 3809 1250 3862 Deo
1287 3820 1463 3863 nostra
1494 3813 1548 3862 in
1579 3811 1804 3864 cithara.
1838 3810 2112 3864 Citharam
2142 3811 2223 3865 di-

663 3901 735 3954 cit
762 3903 1102 3956 harmoniam
1135 3911 1189 3956 et
1217 3918 1541 3956 consensum
1572 3903 1765 3957 anima:
1797 3919 1917 3957 cum
1969 3919 2217 3972 corpore.

665 3992 730 4046 In
758 3995 893 4047 tubis
927 3994 1212 4047 ductilibus
1242 4003 1290 4046 et
1331 4011 1447 4049 voce
1477 3995 1612 4048 tuba:
1637 4011 1855 4049 cornere.
1886 3995 2096 4050 Artlcns
2141 4005 2223 4049 at-

664 4101 766 4155 que
809 4086 1098 4140 vehemens
1157 4087 1395 4141 studium
1453 4088 1771 4158 evangelica:
1825 4087 2222 4157 praedicationis

663 4195 757 4248 per
796 4179 955 4234 tubas
998 4178 1229 4233 ductiles
1259 4179 1562 4250 signiﬁcat;
1601 4196 1696 4248 per
1735 4194 1990 4233 corneam
2038 4190 2217 4234 autem

665 4269 866 4340 regiam
901 4271 1238 4339 dignitatem,
1267 4271 1394 4338 quia
1443 4287 1508 4323 ex
1546 4286 1712 4323 cornu
1747 4271 2018 4340 ungebam
2044 4287 2218 4341 reges.

665 4359 844 4430 Neque
872 4362 923 4415 id
954 4371 1186 4424 tantum,
1217 4361 1309 4414 sed
1345 4361 1469 4430 quia
1491 4375 1690 4415 cornea
1731 4363 1880 4431 regni
1914 4364 2220 4432 proclama-

665 4453 864 4506 tionem
899 4451 1188 4505 faciebant.

2322 3241 2445 3302 τοὺς
2476 3239 2638 3292 πάλαι
2675 3240 3098 3311 τυραννηθέντας
3131 3243 3295 3310 ἡμᾶς.

2403 3329 2704 3398 Ἐμνήσθη
2731 3331 2835 3384 τοῦ
2860 3332 3071 3397 ἐλέους
3093 3333 3297 3385 αὐτοῦ.
3355 3331 3464 3384 Τοῦ
3524 3333 3740 3385 Ἰακώϐ·
3802 3337 3896 3388 καὶ

2319 3420 2426 3491 γὰρ
2459 3423 2515 3472 ἐν
2549 3421 2626 3492 τῷ
2678 3421 2945 3492 σπέρματι
3002 3422 3166 3475 αὐτοῦ
3222 3423 3575 3492 εὐλογηθῆναι
3619 3423 3798 3476 πάντα
3833 3426 3897 3476 τὰ

2319 3511 2445 3581 ἔθνη
2475 3512 2850 3580 ἐπηγγείλατο.
2903 3513 3168 3566 Εἵδοσαν
3207 3513 3399 3566 πάντα
3428 3515 3494 3566 τὰ
3523 3514 3749 3580 πέρατα
3788 3514 3896 3582 τῆς

2322 3599 2430 3670 γῆς
2458 3601 2524 3654 τὸ
2550 3602 2844 3669 σωτήριον
2874 3605 2977 3656 τοῦ
3011 3606 3156 3658 Θεοῦ
3214 3606 3398 3674 ἡμῶν.
3436 3606 3622 3669 Οὐδεὶς
3647 3607 3759 3678 γὰρ
3809 3608 3897 3661 τό-

2322 3711 2419 3756 πος
2449 3693 2710 3764 ἀμέτοχος
2737 3695 2834 3764 τῆς
2859 3695 3127 3764 βασιλείας
3149 3697 3241 3749 τοῦ
3271 3698 3520 3768 Χριστοῦ.

2395 3785 2630 3838 Ψάλατε
2666 3784 2747 3850 τῷ
2781 3785 2900 3850 Θεῷ
2928 3786 3092 3854 ἡμῶν
3118 3788 3184 3838 ἐν
3241 3789 3467 3856 κιθάρᾳ.
3515 3792 3764 3862 Κιθάραν
3799 3794 3895 3864 τὴν

2319 3875 2414 3928 τοῦ
2440 3876 2687 3946 σώματος
2718 3878 2853 3948 πρὸς
2891 3880 2988 3947 τὴν
3033 3879 3208 3950 ψυχὴν
3249 3881 3511 3951 ἁρμονίαν
3547 3885 3704 3954 φησί.
3744 3886 3895 3939 Σάλ-

2322 3964 2523 4036 πίγξιν
2553 3967 2810 4032 ἐλαταῖς,
2845 3968 2940 4020 καί
2964 3968 3132 4036 φωνῇ
3172 3971 3504 4041 σάλπιγγος
3555 3977 3892 4041 κερατίνης,

2323 4058 2395 4110 Τὸ
2435 4059 2826 4130 πεπυρωμένον
2873 4061 2966 4112 καὶ
3011 4062 3366 4130 ἐκτεταμένον
3399 4063 3490 4116 τοῦ
3535 4067 3892 4134 εὑαγγελικοῦ

2321 4151 2670 4222 κηρύγματος
2721 4152 2807 4205 διὰ
2859 4152 2966 4204 τῶν
3010 4152 3210 4204 ὲλατῶν
3257 4154 3568 4224 σαλπίγγων
3620 4157 3892 4226 σημαίνει·

2322 4243 2409 4296 διὰ
2431 4245 2485 4296 δὲ
2514 4243 2618 4297 τῶν
2646 4244 2944 4314 κερατίνων
2989 4246 3048 4297 τὸ
3085 4245 3380 4315 βασιλικὸν,
3416 4248 3547 4300 καθὸ
3590 4248 3667 4318 τῷ
3703 4249 3895 4320 κέρατι

2323 4336 2564 4407 ἐχρίοντο
2605 4337 2654 4389 οἱ
2718 4336 2971 4406 βασιλεῖς.
3035 4339 3108 4391 Οὐ
3155 4340 3311 4410 μόνον
3350 4339 3483 4392 ἀλλὰ
3511 4341 3601 4391 καὶ
3635 4342 3692 4392 ὲν
3735 4358 3895 4413 κεραο

2324 4429 2444 4501 τίνῃ
2479 4428 2573 4499 τῆς
2607 4429 2878 4498 βασιλείας
2911 4429 3006 4501 τὴν
3041 4430 3347 4502 ὲκφώνησιν
3382 4432 3678 4486 ἐποιοῦντο.

732 4545 786 4598 7.
826 4543 1098 4597 .lloveatur
1128 4559 1268 4597 mare
1309 4553 1357 4598 et
1415 4544 1683 4612 plenitudo
1720 4546 1851 4613 ejus.
1894 4545 2038 4601 Mare
2069 4557 2222 4601 vocat

2396 4521 2747 4586 Σανιευθήτω
2772 4524 2808 4588 ἡ
2843 4521 3124 4576 θάλασσα
3155 4523 3251 4576 καί
3275 4524 3340 4576 τὸ
3368 4526 3655 4593 πλήρωμα
3681 4524 3888 4591 αὐτῆς.

667 4646 981 4705 przesentem
1013 4638 1199 4696 vitam,
1235 4637 1306 4689 ob
1335 4638 1660 4692 salsedincm
1696 4647 1749 4690 ct
1782 4639 2081 4694 molestiam
2112 4640 2222 4694 sol-

668 4729 1006 4782 Iicitudinum
1035 4727 1171 4794 ejus.
1205 4727 1346 4781 Mota
1383 4729 1564 4797 itaque
1593 4739 1677 4783 est
1710 4745 1739 4782 a
1769 4730 1938 4798 priori
1970 4739 2138 4794 statu,
2169 4730 2222 4783 id

666 4828 747 4871 est
772 4818 840 4871 ab
875 4818 1204 4872 idololatria.

736 4995 788 5049 8.
831 4993 1083 5048 Flumina
1135 4995 1383 5061 plaudent
1421 5011 1580 5048 manu
1629 4997 1808 5050 simul.
1860 4997 2114 5050 Flumina
2151 4997 2224 5052 di-

669 5087 983 5141 citsanctos
1015 5087 1396 5156 mysteriorum
1447 5089 1768 5152 initiatores,
1816 5106 2048 5158 quorum
2090 5107 2226 5160 prae-

671 5177 886 5232 dicandi
942 5178 1178 5231 studium
1209 5179 1412 5232 indicat
1457 5195 1523 5234 eo
1551 5182 1692 5249 quod
1744 5182 2001 5251 plaudant
2035 5185 2221 5238 simul.

672 5269 872 5322 Montes
922 5272 1257 5323 exsultabant
1315 5292 1344 5323 a
1384 5284 1657 5341 conspectu
1715 5275 1944 5341 Domini,
1974 5279 2224 5347 quoniam

670 5361 803 5411 venit
828 5359 1068 5426 judicare
1109 5370 1321 5414 terram.
1375 5364 1642 5432 Angelicm
1686 5365 1938 5420 nimirum
1977 5370 2222 5424 virtutes.

671 5450 805 5505 Nam
831 5451 1086 5519 gaudium
1120 5461 1204 5506 est
1260 5469 1422 5522 super
1475 5472 1583 5508 uno
1633 5468 1912 5526 peccatore
1963 5462 2228 5530 paeniten-

677 5545 806 5599 tiam
837 5553 1026 5612 agente
1051 5546 1115 5596 ".

749 5767 792 5796 "
835 5766 962 5820 Luc.
997 5783 1053 5827 ιι,
1082 5767 1164 5820 50.
1244 5771 1288 5798 ⁷⁸
1335 5767 1464 5825 Luc.
1504 5788 1590 5835 xv,
1623 5773 1668 5823 7.

2325 4609 2608 4662 Θάλασσαν
2652 4609 2740 4662 τὸν
2791 4610 2903 4678 βίον
2954 4611 3044 4664 τὸν
3087 4612 3326 4683 παρόντα
3381 4613 3653 4683 σημαίνει,
3703 4613 3792 4667 διὰ
3837 4615 3894 4665 τὺ

2326 4700 2566 4770 ἁλμυρὸν
2585 4700 2693 4753 τῶν
2727 4702 2783 4753 ὲν
2813 4701 2960 4772 αὑτῷ
3015 4703 3326 4774 φροντίδων.
3360 4705 3655 4774 Κεκίνηται
3689 4702 3782 4758 οὖν
3833 4707 3892 4758 ἐκ

2327 4791 2425 4860 τῆς
2481 4792 2748 4863 προτέρας
2822 4793 3088 4856 στάσεως,
3151 4793 3396 4846 τουτέστι
3450 4794 3549 4863 τῆς
3610 4788 3892 4848 εἰδωλολα-

2327 4881 2532 4951 τρείας.

2401 4973 2658 5040 Ποταμοί
2701 4973 3069 5042 κροτήσουσι
3120 4977 3267 5046 χειρὶ
3310 4977 3405 5030 ἐπὶ
3436 4975 3502 5029 τὸ
3533 4978 3702 5029 αὑτό.
3730 4977 3895 5030 Ποτα-

2335 5064 2467 5133 μοὺς
2487 5065 2613 5127 τοὺς
2636 5064 2820 5131 ἁγίους
2851 5062 2987 5118 εἶναί
3017 5087 3146 5139 φησι
3184 5069 3592 5139 μυσταγωγοὺς,
3622 5063 3697 5120 ὧν
3719 5072 3812 5122 καὶ
3840 5071 3893 5120 τὸ

2331 5156 2612 5208 σπουδαῖον
2646 5156 2736 5209 τοῦ
2762 5158 3110 5229 κηρύγματος
3150 5162 3237 5214 διὰ
3283 5163 3374 5215 τοῦ
3398 5162 3488 5214 ἐπὶ
3518 5163 3577 5213 τὸ
3610 5162 3740 5214 αὐτὸ
3772 5179 3890 5230 κρο-

2331 5250 2440 5299 τεῖν
2495 5249 2764 5317 σημαίνει.
2822 5251 2896 5303 Τὰ
2949 5251 3052 5319 ὄρη
3093 5253 3575 5320 ἀγαλλιάσονται,
3629 5252 3718 5305 ὅτι
3772 5252 3888 5317 ἥκει

2332 5340 2522 5406 κρῖναι
2553 5338 2666 5405 τὴν
2695 5339 2826 5409 γῆν.
2889 5343 2951 5393 Al
3010 5344 3295 5410 ἀγγελικαὶ
3336 5344 3573 5413 δηλονότι
3623 5344 3866 5406 δυνάμεις

2334 5429 2491 5499 Χαρὰ
2522 5431 2628 5501 γὰρ
2655 5432 2864 5499 γίνεται
2892 5435 2981 5487 ἐπὶ
3005 5437 3085 5487 ἑνὶ
3119 5436 3425 5506 ἁμαρτωλῷ
3451 5433 3812 5507 μετανοοῦνι..
