4070 6442
163 376 264 435 HI

545 492 851 544 ΨΑΛΜΟΣ
891 488 971 552 τῷ
1019 487 1216 541 Δαυΐδ.
1248 488 1366 554 ῌΡ.

795 582 1118 644 Ὑπόθεσις.

169 675 277 730 Καὶ
306 669 460 736 οὗτος
490 673 586 741 τὴν
618 672 850 743 Χριστοῦ
902 670 1176 742 βασιλείαν
1229 670 1482 740 σημαίνει
1511 669 1602 722 καὶ
1637 670 1737 738 τὴν

547 764 653 816 τῶν
701 763 1000 834 ἀρχιερέων
1040 762 1344 816 αὐθάδειαν.

249 857 303 908 '0
359 857 572 923 Κύριος
620 855 1036 918 ἐϐασίλευσεν,
1087 852 1517 922 ὀργιζέσθωσίιν
1577 853 1732 907 λαοί.

181 947 238 1000 '0
260 948 492 1018 Χριστός
527 951 671 999 ἐστιν
697 941 757 1000 οὗ
803 945 900 1015 τὴν
939 945 1213 1015 βασιλείαν
1251 946 1311 997 οὐ
1349 945 1736 1017 παραδέχονται

182 1037 425 1089 Ἰουδαῖοι
452 1036 813 1107 ὀργιζόμενοι.
858 1036 917 1086 '0
952 1035 1285 1103 καθήμενος
1333 1036 1431 1088 ἐπὶ
1472 1035 1591 1090 τῶν
1638 1053 1736 1104 χε-

167 1130 401 1197 ρουόὶμ,
437 1127 786 1193 σιιλευθήτω
818 1129 855 1194 ἠ
889 1127 985 1196 τῆ.
1034 1128 1202 1191 Αὐτὸς
1259 1127 1367 1201 γὰρ
1410 1122 1560 1191 οὗτος
1590 1131 1618 1181 ὁ
1647 1130 1738 1199 βα-

171 1221 431 1274 σιλεύσων
455 1222 540 1273 ἐπ’
572 1219 814 1289 ἐσχάτων
858 1219 966 1273 τῶν
994 1219 1202 1290 χρόνων
1230 1220 1335 1272 τῶν
1366 1221 1458 1272 ἐπὶ
1506 1219 1605 1289 τῆς
1636 1221 1738 1291 γῆς

172 1316 338 1375 ἐστιν,
389 1313 416 1364 ὁ
440 1312 666 1375 καὶτοῖς
689 1313 949 1384 χερουόὶμ
979 1312 1362 1383 ἐποχούμενος,
1413 1313 1500 1380 ὑφ’
1534 1307 1593 1367 οὗ
1644 1314 1737 1367 καὶ

168 1402 434 1473 ἐσαλεύθη
479 1405 512 1473 ὴ
549 1402 640 1472 γῆ.
670 1404 836 1473 Φησὶν
870 1397 983 1456 οὖν·
1017 1404 1086 1457 Σὺ
1107 1400 1156 1456 εἷ
1182 1405 1270 1458 ἐπὶ
1315 1403 1422 1456 τῶν
1453 1404 1733 1475 χερουὸὶμ,

167 1497 195 1544 ὁ
239 1495 335 1548 καὶ
372 1494 470 1565 τὴν
518 1495 609 1546 ἐπὶ
655 1494 809 1564 κακῴ
847 1495 1035 1549 στάσιν
1096 1497 1460 1567 μετακινήσας
1491 1496 1591 1566 τῆς
1612 1498 1733 1566 γῆς,

169 1585 409 1651 γεγονὼς
441 1585 561 1640 καθ’
591 1587 756 1656 ἡμᾶς.
785 1586 980 1640 Στάσιν
1010 1583 1104 1642 οὖν
1148 1588 1294 1657 λέγει
1325 1589 1423 1660 τὴν
1454 1588 1547 1659 τῆς
1582 1589 1734 1643 εἰδω-

166 1673 505 1746 λολατρείας.

235 1767 453 1831 Κύριος
474 1766 540 1818 ἐν
581 1765 733 1820 Σιὼν
777 1767 983 1837 μέγας.
1015 1766 1151 1822 Σιών
1175 1770 1322 1821 ἐστιν
1351 1771 1383 1839 ἡ
1419 1769 1733 1839 Ἐκκλησία,

1174 371 1536 430 EXPOSITIO
1576 370 1637 422 IN
1679 370 2003 426 PSALMUM
2045 370 2274 426 XCVIII.

3289 369 3392 424 422

2125 480 2458 538 PSALMUS
2495 482 2596 551 ipsi
2628 482 2818 535 David.
2856 480 2947 535 XC
2965 477 3130 533 VIII.

2412 577 2454 629 Α
2465 583 2814 645 rgumentum.

1837 665 1902 721 Et
1938 666 2023 719 hic
2050 681 2267 735 quoque
2321 669 2563 736 psalmus
2595 667 2798 722 Christi
2838 681 3060 736 regnum
3101 665 3393 734 signiﬁcat,

1908 767 2069 827 atque
2093 760 2396 828 principum
2421 760 2761 814 sacerdotum
2799 758 3189 829 arrogantiam.

1907 850 1956 904 1.
1987 851 2242 906 Dominus
2297 855 2545 923 regnavit,
2575 855 2876 907 irascantur
2920 854 3118 922 populi.
3146 851 3395 906 Christus

1836 953 1918 996 est
1942 942 2096 1011 cujus
2129 959 2350 1013 regnum
2385 942 2552 998 Judaei
2600 944 2724 997 irati
2778 959 2884 996 non
2941 945 3232 1013 accipiunt.
3291 940 3393 1007 Qui

1836 1031 1976 1087 sedet
2003 1051 2160 1104 super
2204 1034 2490 1098 cherubim,
2536 1046 2802 1088 morentur
2829 1045 2986 1088 terra.
3022 1035 3071 1088 Is
3109 1036 3252 1091 enim
3284 1033 3395 1103 ipsi:

1836 1134 1919 1180 est
1947 1127 2039 1195 qui
2068 1127 2122 1179 in
2158 1126 2473 1181 novissimis
2508 1128 2844 1196 temporibus
2868 1128 3110 1196 regnabit
3144 1128 3197 1180 in
3228 1135 3394 1186 terra.

1836 1215 1929 1285 qui
1960 1231 2122 1286 super
2157 1217 2438 1271 cherubim
2473 1219 2704 1285 vehitur,
2755 1227 2809 1273 et
2851 1220 2954 1274 sub
2984 1233 3093 1288 quo
3134 1227 3279 1273 mota
3315 1228 3397 1273 est

1839 1314 1999 1359 terra.
2033 1306 2122 1359 Ait
2175 1306 2379 1375 igitur:
2423 1305 2502 1361 Tu
2549 1323 2608 1362 es
2651 1323 2814 1377 super
2868 1309 3174 1372 cherubim,
3212 1309 3307 1379 qui
3338 1317 3392 1363 et

1837 1397 2038 1452 malum
2067 1407 2224 1452 terra:
2257 1407 2457 1453 statum
2489 1400 2859 1465 commutasti,
2896 1415 3019 1454 cum
3056 1400 3123 1454 ad
3155 1409 3392 1455 nostram

1837 1486 2249 1541 similitudinem
2284 1486 2457 1544 factus
2487 1504 2566 1542 es.
2593 1487 2669 1543 De
2698 1499 2840 1544 statu
2871 1490 3190 1546 idololatria
3214 1491 3395 1560 loqui-

1838 1584 1946 1631 tur.

1906 1750 1962 1804 2.
2004 1748 2258 1804 Dominus
2285 1753 2342 1805 in
2379 1752 2510 1808 Sion
2544 1770 2786 1826 magnus.
2814 1754 2946 1811 Sion
2998 1765 3080 1813 est
3132 1757 3395 1825 Ecclesia,

164 1858 226 1909 ἐν
253 1852 587 1930 ᾖδοξάζεται
621 1860 713 1912 καὶ
742 1834 966 1928 ύῷούται
999 1862 1249 1932 Χριστὸς,
1309 1834 1448 1914 κατά
1474 1862 1536 1914 τὸ
1582 1834 1735 1933 εἰρη-

1838 1839 1889 1892 in
1912 1855 2016 1910 qua
2047 1842 2382 1912 gloriﬁcatur
2407 1853 2463 1899 et
2489 1848 2760 1901 exaltatur
2788 1848 3060 1910 Christus,
3113 1851 3266 1920 juxta
3313 1853 3398 1906 di-

168 1951 364 2020 μένονο
411 1951 661 2020 ’Υψώσω
716 1966 810 2016 σε,
855 1955 889 2006 ὀ
956 1953 1098 2018 Θεός
1141 1970 1293 2021 μου,
1354 1955 1386 2006 ό
1416 1954 1737 2020 ,βασιλεύς

163 2056 302 2107 μου.

253 2127 947 2198 Ἐξομολογησάσθωσαν
991 2131 1071 2196 τῷ
1103 2132 1346 2201 ὀνόματι
1369 2149 1486 2188 σου
1537 2134 1617 2201 τῷ
1636 2152 1737 2204 με·

164 2219 352 2287 γάλῳ.
389 2219 546 2289 Μέγα
575 2220 735 2276 αὑτοῦ
769 2221 829 2275 τὸ
876 2222 1045 2294 ὄνομα
1081 2225 1162 2289 τὸ,
1211 2226 1432 2297 Ἰησοῦς,
1478 2227 1613 2280 καθὸ
1643 2229 1737 2282 καὶ⁸

167 2311 412 2381 σωτηρία
450 2311 579 2366 λαοῦ
607 2313 985 2384 ἑρμηνεύεται.
1015 2317 1172 2385 Μέγα
1199 2318 1357 2371 πάλιν
1401 2319 1460 2371 τὸ
1481 2319 1648 2391 ὄνομα
1677 2319 1737 2373 τὸ

165 2400 310 2469 ὑπὲρ
363 2402 467 2452 πᾶν
512 2401 702 2471 ὄνομα,
734 2395 778 2469 ᾧ
828 2403 1008 2473 μέλλει
1041 2406 1254 2476 κάμψαι
1289 2409 1396 2461 πᾶν
1432 2410 1580 2476 γόνυ,
1643 2410 1738 2463 καὶ

166 2491 322 2542 πᾶσα
367 2489 818 2561 ἐξομολογήσεται
868 2494 1108 2561 γλῶσσα,
1143 2497 1222 2549 ὅτι
1270 2498 1472 2569 Κύριος
1532 2501 1737 2571 Ἰησοῦς

165 2581 424 2650 Χριστός.
459 2582 585 2635 Ὅτι
637 2584 890 2652 φοϐερὸν
947 2587 1040 2640 καὶ
1091 2587 1262 2658 ἅγιόν
1297 2590 1448 2644 ἐστι.
1507 2592 1737 2664 Φοόερὸν

167 2673 273 2742 μὲν
302 2672 440 2726 κατά
464 2675 572 2728 τῶν
603 2675 969 2745 ὀργιζομένων
1000 2677 1142 2732 λαῶν
1198 2682 1292 2733 καὶ
1338 2681 1410 2753 μὴ
1444 2685 1734 2754 προσδεχο-

167 2763 351 2831 μένων
383 2763 548 2816 αὑτοῦ
581 2765 676 2836 τὴν
706 2766 998 2836 βασιλείαν·
1032 2769 1185 2836 ἅγιον
1211 2770 1268 2825 δὲ
1315 2776 1428 2837 τοῖς
1452 2776 1738 2828 πιστεύου-

166 2871 256 2906 σιν
281 2855 361 2916 είς
394 2855 573 2908 αὐτόν.
603 2856 714 2910 Καὶ
768 2858 904 2927 τιμὴ
943 2859 1249 2927 ,ϐασιλέως
1290 2866 1494 2931 κρίσιν
1519 2866 1736 2936 ἀγαπᾷ.

177 2943 400 3013 Ἐπειδὴ
449 2948 482 3015 ἡ
507 2947 638 3016 τιμὴ
694 2949 810 3018 ἢτοι
860 2951 892 3018 ἡ
941 2950 1064 3017 δόξα
1094 2952 1187 3006 τοῦ
1239 2953 1502 3023 βασιλέως
1553 2960 1741 3033 ἀγαπᾷ

164 3037 268 3105 τὴν
296 3035 658 3106 δικαιοσύνην,
685 3039 802 3109 ἦτις
825 3039 911 3092 διὰ
960 3042 1058 3113 τῆς
1089 3043 1322 3116 κρίσεως
1359 3049 1734 3120 ἑρμηνεύεται·

163 3124 359 3177 τούτου
387 3125 544 3197 χάριν
571 3131 678 3191 τοῖς
708 3132 804 3200 μὲν
834 3132 1158 3205 ἀπειθήσασι
1194 3136 1252 3189 τὸ
1290 3140 1612 3212 πρόσταγμα
1643 3145 1738 3196 αὑ-

164 3215 264 3268 τοῦ
292 3215 541 3287 φοϐερὸν,
567 3221 678 3282 τοῖς
701 3219 760 3272 δὲ
788 3222 1149 3279 ὑπακούουσιν
1179 3226 1352 3296 ἆγιον.
1388 3229 1471 3284 Σὺ
1499 3231 1739 3301 ἡτοίμα-

164 3325 287 3373 σας
307 3311 656 3378 εὺθύτητας.
693 3313 778 3367 Ἐν
809 3315 1118 3390 δικαιοσύνῃ
1168 3320 1274 3390 γὰρ
1328 3323 1509 3393 μέλλει
1538 3325 1740 3398 κρίνειν

165 3400 268 3472 τὴν
289 3403 631 3475 οἰκουμένην.

256 3491 516 3559 ’Υψοῦτε
552 3497 774 3563 Κύριον
802 3499 909 3552 τὸν
934 3500 1084 3554 Θεὸν
1122 3502 1308 3572 ἡμῶν.
1359 3506 1416 3559 '0
1448 3507 1646 3578 ὑψηλὸς
1666 3511 1740 3576 ὡς

165 3582 302 3644 Θεὸς
337 3584 432 3636 καὶ
465 3584 568 3638 ὑπὸ
598 3587 762 3650 πόδας
794 3589 931 3659 ἔχων
975 3594 1152 3645 πᾶσαν
1185 3595 1281 3666 τὴν
1316 3597 1491 3651 κτίσιν
1521 3601 1740 3670 γέγονεν

166 3672 458 3742 ἀτρέπτως
486 3675 789 3748 ἄνθρωπος.
844 3679 1044 3735 Τοῦτον
1095 3679 1207 3746 οὖν,
1269 3688 1421 3757 φησὶ,
1469 3689 1560 3743 τὸν
1586 3694 1737 3758 γενό-

169 3781 333 3834 μενον
381 3765 663 3838 ἀτρέπτως
712 3770 995 3843 ἄνθρωπον
1028 3773 1248 3844 ὑψοῦτε,
1314 3782 1740 3849 προσκυνοῦντες

166 3856 332 3908 αὑτὸν
369 3859 467 3928 μιᾷ
495 3861 856 3932 προσκυνήσει
886 3862 1022 3934 μετὰ
1045 3865 1145 3936 τῆς
1172 3866 1307 3931 ἰδίας
1341 3871 1558 3942 σαρκός.

239 4011 501 4079 Μωῢσῆς
533 4014 629 4066 καὶ
669 4016 882 4083 Ἀαρὼν
930 4018 1001 4072 ἐν
1047 4020 1170 4085 τοῖς
1222 4023 1486 4089 ἱερεῦσιν
1529 4027 1735 4082 αὐτοῦ.

165 4093 360 4164 Οὗτος,
397 4104 581 4172 φησὶν,
616 4106 643 4156 ὁ
677 4105 792 4168 νῦν,
825 4107 958 4160 καθὸ
987 4108 1229 4179 πέφυκεν
1251 4111 1552 4182 ἄνθρωπος.
1587 4116 1739 4187 βασι-

1835 1941 1983 1986 ctum
2023 1933 2188 1989 illud:
2230 1934 2492 1989 Exaltabo
2523 1947 2590 2002 te,
2617 1937 2756 1992 Deus
2787 1956 2951 2007 meus,
2977 1956 3068 1996 rea:
3105 1959 3248 1997 meus
3277 1945 3348 1999 ’⁷.

1906 2109 1959 2174 5,
1999 2109 2053 2165 4.
2097 2109 2464 2181 Conﬁteantur
2503 2117 2705 2170 nomini
2754 2127 2844 2172 tuo
2897 2135 3111 2189 magno,
3153 2130 3259 2177 etc.
3287 2121 3400 2177 Ma-

1841 2215 2004 2270 gnum
2028 2211 2113 2256 est
2143 2219 2338 2257 nomen
2364 2205 2484 2276 ejus
2508 2207 2661 2274 illud,
2687 2207 2868 2277 Iesus,
2889 2210 3015 2280 quia
3043 2211 3193 2268 salus
3215 2215 3399 2284 populi

1838 2291 2129 2363 signiﬁcat.
2163 2292 2416 2364 Magnum
2441 2313 2634 2354 rursus
2661 2317 2857 2356 nomen
2887 2302 3018 2358 illud
3038 2305 3183 2374 quod
3207 2313 3292 2360 est
3315 2322 3400 2361 su-

1836 2398 1932 2452 per
1948 2399 2107 2440 omne
2125 2402 2341 2452 nomen,
2359 2389 2445 2442 cui
2467 2392 2782 2446 curvabitur
2797 2409 2958 2449 omne
2976 2410 3135 2466 genu,
3153 2405 3207 2452 ct
3222 2399 3401 2452 omnis

1838 2476 2024 2548 lingua
2042 2480 2405 2548 conﬁtebitur,
2429 2480 2554 2550 quia
2578 2481 2841 2540 Dominus
2863 2484 3022 2542 Jesus
3058 2488 3308 2545 Christus
3330 2491 3396 2556 ’⁸,

1837 2577 1942 2623 etc.
1973 2569 2233 2636 Quoniam
2260 2575 2491 2629 terribile
2519 2585 2568 2628 et
2604 2586 2845 2631 sanctum
2875 2590 2974 2634 est.
3008 2577 3276 2638 Terribile
3304 2583 3401 2639 ad-

1840 2675 2028 2715 versus
2053 2671 2239 2731 gentes
2277 2665 2442 2720 iratas
2475 2683 2599 2736 quae
2642 2683 2751 2723 non
2804 2682 3122 2742 receperunt
3149 2675 3269 2745 ejus
3313 2693 3401 2732 re-

1839 2767 2040 2821 gnum;
2080 2763 2328 2810 sanctum
2355 2767 2537 2812 autem
2569 2761 2915 2820 credentibus
2948 2766 3003 2821 iu
3033 2783 3180 2824 eum.
3209 2769 3278 2823 Et
3307 2771 3401 2824 ho-

1841 2861 1937 2898 nor
1970 2847 2100 2917 regis
2120 2848 2383 2917 judicium
2412 2851 2606 2922 diligit.
2652 2852 2918 2920 Quoniam
2954 2859 3129 2914 honor
3165 2876 3258 2916 seu
3292 2862 3404 2933 glo-

1841 2939 1919 2991 ria
1950 2940 2090 3008 regis
2118 2940 2388 3009 justitiam
2415 2944 2611 3014 diligit,
2644 2961 2765 3015 quae
2796 2963 2892 3017 per
2932 2949 3197 3019 judicium
3250 2954 3402 3009 intelo

1840 3028 2057 3098 ligitur;
2094 3032 2213 3088 ideo
2263 3033 2748 3106 inobsequeutibus
2789 3041 3101 3097 mandatum
3151 3043 3270 3114 ejus
3299 3054 3400 3101 ter-

1841 3120 1997 3175 ribile
2022 3132 2122 3185 est,
2155 3134 2402 3179 sanctum
2444 3138 2624 3183 autem
2655 3133 3002 3190 credentibus
3036 3137 3088 3190 in
3135 3153 3282 3193 eum.
3319 3137 3400 3193 Tu

1843 3211 2047 3277 parasti
2076 3212 2404 3268 directiones.
2441 3214 2498 3270 lu
2522 3217 2736 3288 justitia
2762 3223 2907 3277 enim
2939 3225 3284 3294 judicaturus
3318 3249 3400 3290 cst

1841 3299 2046 3353 orbem.

1912 3480 1964 3535 5.
2000 3479 2252 3539 Exaltate
2279 3484 2564 3542 Dominum
2597 3489 2761 3543 Deum
2790 3501 3049 3549 nostrum.
3093 3494 3196 3562 Qui
3221 3501 3399 3554 excel-

1843 3586 1938 3624 sus
1964 3581 2047 3626 est
2075 3581 2260 3643 utpote
2291 3574 2456 3642 Deus,
2502 3589 2557 3634 et
2602 3584 2706 3637 sub
2745 3586 2906 3653 pedes
2970 3587 3130 3642 habet
3180 3605 3398 3647 onmem

1841 3672 2170 3729 creaturam,
2212 3665 2328 3720 sine
2350 3671 2648 3724 mutatione
2684 3672 2860 3729 factus
2895 3686 2980 3732 est
3013 3679 3198 3736 homo.
3241 3683 3399 3739 Hunc

1841 3751 2041 3824 itaque,
2090 3755 2186 3820 ait,
2237 3757 2330 3827 qui
2360 3759 2477 3814 siue
2521 3765 2820 3820 mutatione
2865 3765 3042 3825 factus
3088 3782 3171 3827 est
3213 3776 3394 3840 homo,

1841 3846 2100 3912 exaltate,
2133 3847 2423 3908 adorantes
2451 3869 2575 3908 eum
2612 3872 2720 3911 una
2761 3858 3075 3917 adoratione
3126 3881 3250 3922 cum
3293 3885 3392 3926 sua

1838 3949 2021 3990 carne.

1909 4026 1962 4080 6.
2001 4026 2204 4098 Moyses
2232 4040 2282 4085 et
2311 4034 2487 4088 Aaron
2518 4037 2574 4089 in
2610 4041 2966 4097 sacerdotibus
2993 4044 3128 4104 eius.
3164 4045 3287 4115 Hic,
3318 4051 3399 4105 in-

1837 4116 1976 4184 quit,
2006 4119 2098 4186 qui
2139 4136 2284 4175 nunc
2313 4133 2582 4191 quatenus
2621 4127 2784 4183 homo
2828 4128 3003 4188 factus
3029 4143 3114 4190 est
3153 4143 3399 4208 regnavit

163 4191 365 4256 λεύσας
390 4193 497 4246 τῶν
539 4195 629 4247 ἐπὶ
672 4197 772 4267 γῆς
799 4192 885 4268 ἦν·
916 4199 974 4250 ὃν
1025 4202 1118 4253 καὶ
1151 4203 1314 4256 πάλαι
1355 4207 1593 4278 Μωῦσῆς
1645 4212 1737 4264 καὶ

1838 4209 1890 4262 in
1921 4219 2154 4274 terrena,
2193 4214 2238 4268 is
2265 4214 2379 4284 ipse
2409 4224 2526 4271 erat
2559 4232 2718 4286 quem
2745 4220 2871 4273 olim
2896 4221 3186 4295 Moyseset
3214 4230 3395 4285 Aaron

178 4282 394 4354 ’Λαρὼν
417 4284 510 4336 καὶ
536 4285 787 4356 Σαμουὴλ
840 4287 1220 4347 ἐπεκαλοῦντο.
1276 4293 1458 4348 Εἰπὼν
1502 4292 1614 4363 οὖν,
1655 4299 1734 4352 ὅτι

1838 4307 1888 4352 et
1909 4299 2124 4356 Samuel
2154 4282 2496 4360 invocabant.
2526 4282 2814 4378 Postquam
2836 4282 3182 4385 dixit'itaque
3208 4337 3220 4372 :
3255 4319 3398 4375 Ado-

163 4376 569 4443 Προσκυνεῖτε
597 4377 676 4442 τῷ
702 4379 1025 4448 ὑποποδίῳ,
1062 4382 1155 4435 καὶ
1183 4384 1280 4455 τὴν
1328 4386 1734 4460 ὲνανθρώπησιν

1838 4401 1952 4445 rate
1980 4393 2261 4448 scabellum
2282 4396 2474 4465 pedum
2495 4399 2610 4467 ejus
2627 4376 2762 4472 (il),
2785 4411 2946 4474 atque
2969 4376 3395 4467 incarnationem

161 4466 263 4518 καὶ
289 4467 386 4537 τὴν
421 4468 728 4538 οἰκονομίαν
779 4470 1040 4542 κηρύξας,
1100 4473 1257 4527 πάλιν
1309 4477 1734 4549 ἀσφαλιζόμενος

1838 4484 2302 4556 reconomiamque
2323 4489 2652 4558 praedicavit,
2677 4506 2895 4549 rursum
2915 4511 3015 4553 nos
3045 4479 3395 4565 conﬁrmans,

159 4559 338 4628 ἡμᾶς,
385 4558 480 4628 τὴν
523 4558 749 4631 θεότητα
823 4564 1075 4634 σημαίνει
1118 4565 1205 4619 διὰ
1264 4566 1355 4620 τοῦ
1414 4568 1737 4639 δηλωθέντος

1841 4574 2179 4632 divinitatem
2221 4557 2590 4648 permontem
2617 4583 2769 4638 illum
2799 4587 3064 4657 signiﬁcat
3092 4607 3106 4643 :
3136 4593 3399 4647 remansit

159 4651 345 4720 ὅρους.
400 4650 693 4722 Μεμένηκε
725 4653 831 4726 γὰρ
877 4655 1027 4720 Θεὸς,
1082 4659 1130 4711 εί
1183 4659 1275 4712 καὶ
1321 4661 1478 4715 ἔλαϐε
1511 4663 1608 4736 τὴν
1639 4666 1733 4720 τοῦ

1841 4665 2038 4736 quippe
2063 4665 2226 4730 Deus,
2255 4671 2471 4725 etiamsi
2502 4683 2722 4743 propter
2753 4650 2993 4732 nosiram
3018 4680 3247 4736 salutem
3285 4697 3399 4737 car-

158 4741 351 4795 δούλου
389 4743 601 4814 μορφὴν
621 4743 709 4796 διά
740 4745 836 4816 τὴν
863 4746 1020 4818 ἡμῶν
1051 4749 1343 4821 σωτηρίαν.

1843 4773 1964 4812 nem
1991 4764 2368 4830 assumpserit.

235 4835 413 4901 Κύριε
438 4839 470 4889 ὀ
511 4835 653 4902 Θεὸς
683 4837 869 4905 ἡμῶν,
896 4838 977 4892 σὺ
1014 4840 1362 4910 ἐπήκουσας
1401 4848 1638 4913 αὐτούς.
1670 4850 1733 4903 Ei

1914 4849 1968 4904 8.
2003 4851 2226 4906 Domine
2249 4852 2389 4908 Deus
2420 4866 2611 4924 noster,
2640 4870 2696 4913 tu
2716 4860 3032 4917 exaudiebas
3055 4880 3161 4919 eos.
3195 4863 3400 4919 Etiam-

160 4926 261 4980 καὶ
286 4925 468 4991 ἔδοξάν
523 4945 574 4981 τι
607 4928 939 4999 ἁμαρτάνειν
987 4930 1062 4994 ὡς
1090 4931 1380 5004 ἄνθρωποι,
1430 4936 1490 4989 ού
1520 4937 1734 5008 παρεώ-

1841 4942 1885 4994 si
1918 4942 1971 4996 in
2001 4943 2183 5014 aliquo
2230 4962 2455 5015 peccare
2487 4949 2586 5005 visi
2619 4961 2745 5007 sunt
2783 4961 2968 5023 utpote
3003 4956 3250 5011 homines
3276 4997 3291 5020 ,
3341 4969 3399 5011 tu

162 5035 363 5089 ρακας,
393 5019 576 5088 φησίν.
628 5021 911 5092 Ἠλέγχετο
949 5020 1040 5079 οὖν
1087 5027 1177 5078 ἐπὶ
1205 5026 1299 5080 τοῦ
1331 5027 1528 5098 μόσχου
1558 5032 1736 5102 ἀμαρ-

1847 5044 2024 5089 tamen
2053 5053 2160 5092 non
2185 5043 2556 5110 contempsisti
2591 5060 2703 5099 eos.
2736 5043 2944 5101 Peccati
2986 5049 3165 5116 itaque
3206 5065 3398 5121 argue-

158 5112 342 5165 τὰνων
387 5111 594 5184 Ἀαρὼν
625 5116 717 5167 καὶ
744 5116 983 5186 Μωῦσῆς
1017 5119 1110 5171 ἐπὶ
1131 5119 1222 5172 τοῦ
1274 5119 1466 5185 ὕδατος
1512 5123 1611 5193 τῆς
1639 5124 1733 5177 ἀν-

1843 5125 2000 5181 batur
2019 5128 2200 5184 Aaron
2227 5131 2297 5185 ob
2327 5131 2552 5186 vitulum
2574 5172 2588 5195 .
2615 5145 2668 5188 et
2689 5134 2898 5208 Moyses
2934 5111 3153 5207 propter
3199 5111 3394 5211 aquam

156 5204 424 5271 τιλογίας.

1839 5219 2298 5278 contradictionis.

237 5295 352 5349 Kal
373 5297 762 5366 προσκυνεῖτε
796 5303 883 5366 εις
908 5301 1042 5368 ὅρος
1089 5301 1259 5372 ἅγιον
1294 5304 1499 5361 αὑτοῦ.
1536 5306 1605 5359 Ἦ
1634 5308 1729 5379 τὴν

1910 5309 1962 5364 9.
1996 5311 2065 5363 Et
2093 5314 2308 5368 adorate
2345 5316 2398 5368 in
2429 5327 2598 5372 monte
2625 5329 2806 5372 sancto
2832 5321 2963 5390 ejus.
2991 5321 3098 5376 Aut
3129 5332 3393 5377 terrenam

159 5389 260 5443 ἐπὶ
309 5389 414 5458 γῆς
460 5391 492 5460 ἢ
559 5390 652 5462 τὴν
703 5393 1020 5463 ἐπουράνιον
1081 5394 1432 5468 Ἰερουσαλήμ
1488 5400 1730 5470 φησιν-ἢ

1841 5411 1934 5456 aut
1967 5406 2239 5460 caelestem
2288 5406 2590 5465 Jerusalem
2623 5413 2755 5467 dicit
2786 5430 2798 5466 :
2836 5424 2930 5468 aut
2979 5430 3197 5470 rursum
3234 5432 3393 5470 mon-

157 5480 290 5550 ὅρος
317 5480 475 5534 πάλιν
525 5481 684 5535 αὑτὸν
721 5484 935 5554 νοητέον
986 5487 1077 5539 τὸν
1127 5488 1424 5560 Μονογενῆ,
1473 5490 1611 5543 κατά
1641 5492 1724 5544 τό·

1840 5500 1945 5546 tem
1976 5493 2271 5569 intelligere
2298 5515 2589 5570 possumus
2611 5500 2954 5574 Unigenitum
2981 5545 2996 5569 ,
3021 5506 3176 5575 juxta
3205 5506 3336 5564 illud
3376 5526 3388 5560 :

173 5571 429 5640 Ἐτμήθη
457 5576 623 5641 λίθος
645 5574 713 5639 ἐξ
739 5575 910 5643 ὄρους
936 5575 1081 5632 ἄνευ
1117 5578 1344 5648 χειρῶν.

1838 5585 2062 5644 Escisus
2089 5601 2163 5646 est
2195 5593 2332 5662 lapis
2364 5597 2426 5650 de
2456 5606 2626 5651 monte
2653 5571 2764 5654 siris
2790 5601 3026 5656 manibus
3039 5605 3104 5659 ”.

236 5688 283 5718 "’
313 5686 454 5742 Psal.
489 5703 666 5754 cxuv,
701 5691 751 5743 1.
823 5691 867 5722 ⁷⁸
896 5690 1124 5764 Philipp.
1157 5713 1215 5760 ιι,
1245 5697 1330 5760 10,
1375 5699 1454 5753 ll.
1534 5701 1578 5731 "’
1617 5699 1752 5755 Dan.
1811 5717 1870 5767 ιι,
1912 5704 1996 5756 δι.

239 5779 356 5840 (41.)
386 5779 511 5837 llaec
535 5782 806 5845 pertinent
836 5785 902 5840 ad
932 5800 1146 5840 versum
1179 5790 1230 5843 9.
