4070 6458
678 387 788 444 ιεδ

852 501 901 555 1.
968 500 1303 558 ινδειιιιινς
1331 506 1386 557 'in
1436 505 1829 573 confessionem.
1860 510 2066 566 XCIX.

1260 600 1297 649 Λ
1310 612 1652 668 νςιιιιιειιεαηι.

682 682 737 735 ln
771 684 875 740 hoc
898 687 1104 754 psalmo
1126 704 1221 743 eos
1246 692 1336 758 qui
1363 692 1474 759 jam
1502 704 1847 748 accesserant
1871 695 1936 749 ad
1964 694 2120 749 fidem
2154 697 2242 750 ad-

754 773 992 830 hortatio
1022 778 1319 847 alloquitur
1343 819 1357 842 ,
1406 790 1465 835 ut
1490 784 1782 851 gratiarum
1814 786 2054 841 actiones
2078 787 2143 842 de
2176 788 2241 842 iis

754 881 875 935 quae
915 878 1061 937 gesta
1096 883 1222 924 sunt
1252 870 1501 927 oﬂ'erant.
1556 875 1841 930 Confessio
1868 879 2012 932 enim
2048 880 2149 934 hoc
2184 880 2237 935 in

754 955 896 1020 10co,
926 958 1222 1026 gratiarum
1254 963 1520 1017 actionem
1550 979 1672 1018 cum
1706 966 1865 1021 laude
1893 969 2237 1039 conjun'ctam

751 1046 1038 1115 significat.

743 1136 797 1189 2.
824 1136 1059 1193 Jubilate
1093 1139 1219 1206 Deo,
1239 1144 1406 1196 omnis
1444 1152 1606 1201 terra.
1640 1145 1967 1220 Rcdemptos
1993 1154 2144 1223 jubet
2168 1157 2243 1211 vi-

680 1229 863 1284 ctoria:
884 1246 1099 1285 carmen
1124 1248 1336 1289 canere.
1364 1235 1856 1311 Redemptiquippe
1878 1256 2032 1300 erant
2053 1262 2239 1305 omnes

681 1320 946 1376 homines.
1026 1322 1247 1379 Terram
1306 1338 1484 1382 autem
1543 1334 2033 1391 voeathabitantcs
2071 1339 2123 1392 in
2152 1355 2235 1394 ea.

682 1409 877 1466 Servite
892 1412 1114 1469 Domino
1139 1418 1191 1469 in
1217 1420 1423 1473 (milia.
1458 1420 1747 1478 llominum
1766 1428 1997 1483 servitus
2018 1430 2236 1486 noxium

679 1502 928 1557 timorem
970 1506 1163 1572 elIicit,
1220 1508 1431 1563 Domini
1469 1523 1648 1567 antem
1704 1518 1933 1572 servitus
1987 1520 2236 1577 timorem

679 1604 911 1660 castum,
959 1614 1022 1652 cx
1051 1615 1160 1668 quo
1186 1602 1381 1657 anima:
1406 1605 1653 1660 oboritur
1681 1608 1885 1663 laetitia.
1925 1609 2150 1667 Introite
2182 1615 2237 1669 in

680 1698 953 1755 conspectu
976 1688 1088 1757 eius
1119 1692 1173 1745 in
1206 1693 1571 1749 exsultatione.
1630 1697 1731 1764 Qui
1759 1701 1869 1768 jam
1902 1701 2237 1771 jubilationis

680 1776 916 1832 laetitiam
954 1792 1130 1835 mente
1165 1788 1443 1854 percepit,
1499 1788 1585 1841 hic
1613 1790 1771 1857 quasi
1820 1804 1968 1847 stans
2005 1795 2056 1847 in
2108 1812 2238 1851 con-

1519 389 1576 444 S.
1618 390 1990 447 ATHANASII
2028 395 2181 449 OPP.
2226 396 2407 451 PARS
2445 397 2531 451 Ill.
2576 428 2642 436 —-
2681 397 3087 453 EXEGETICA.

3800 400 3913 455 626

2580 517 2883 569 ΨΑΛΜΟΣ
2907 518 2992 581 εἰς
3023 515 3477 586 ἐξομολόγησιν.
3522 518 3636 585 ῐπΘἎ

2958 607 2970 624 '
2985 608 3289 671 Υπόθεσις.

2355 698 2442 749 Ἐν
2466 696 2638 767 τούτῳ
2656 697 2730 767 τίς)
2751 696 2950 767 ψαλμῷ
2974 700 3082 759 τοῖς
3115 697 3213 767 ήδη
3244 699 3597 768 προσελθοῦσι
3631 703 3697 771 τῇ
3728 700 3919 753 πίστει

2416 789 2734 859 παραίνεσιν
2763 788 3023 859 εἰσφέρει,
3049 788 3185 859 ὑπὲρ
3203 786 3295 840 τοῦ
3321 790 3608 860 ἀναφέρειν
3636 792 3778 862 ὑπὲρ
3804 792 3917 845 τῶν

2411 879 2510 950 ἤδη
2538 878 2913 949 γεγενημένων
2945 879 3309 950 εὐχαριστίας.
3356 882 3419 934 Ἦ
3448 882 3557 952 γὰρ
3586 880 3919 951 ἐξομολόγη-

2414 984 2497 1030 σις
2523 969 2579 1020 ἐν
2605 967 2775 1038 τούτῳ
2804 968 2900 1038 τὴν
2958 967 3073 1037 μετ’
3107 967 3365 1034 αἰνέσεως
3412 971 3765 1042 εὐχαριστίαν
3818 989 3922 1041 ση-

2414 1058 2613 1128 μαίνει.

2426 1149 2787 1215 Ἀλαλάξατε
2812 1150 2892 1216 τῷ
2920 1153 3060 1217 Θεῷ,
3104 1151 3273 1208 πᾶσα
3296 1152 3333 1220 ἠ
3364 1151 3461 1222 γῆ.
3502 1152 3604 1205 Τὸν
3644 1153 3916 1206 ἐπινίκιον

2341 1241 2464 1303 τοὺς
2492 1240 2924 1314 λελυτρωμένους
2953 1244 3095 1315 ᾅδειν
3144 1245 3592 1315 παρακελεύεται.
3645 1239 3829 1297 Ἦσαν
3854 1245 3915 1297 δὲ

2341 1332 2390 1384 οί
2419 1332 2809 1405 λελυτρωμένοι
2838 1336 2982 1389 ἆπαν
3014 1337 3073 1390 τὸ
3096 1337 3202 1390 τῶν
3246 1335 3550 1408 ἀνθρώπων
3584 1336 3761 1404 γένος.
3802 1337 3918 1407 Γῆν

2342 1426 2448 1497 γὰρ
2479 1428 2604 1491 τοὺς
2626 1428 3005 1494 κατοικοῦντας
3034 1430 3133 1501 τὴν
3182 1430 3284 1501 γῆν
3333 1429 3503 1484 καλεῖ.
3534 1433 3921 1484 Δουλεύσατε

2342 1517 2422 1583 τῷ
2446 1519 2639 1586 Κυρίῳ
2663 1520 2732 1572 ἐν
2761 1522 3129 1589 εὐφροσύνῃ.
3170 1522 3233 1576 Ἡ
3252 1521 3308 1573 δὲ
3329 1520 3436 1574 τῶν
3470 1521 3771 1593 ἀνθρώπων
3802 1523 3921 1575 δου-

2342 1607 2459 1663 λεία
2488 1610 2649 1678 φόϐον
2682 1610 3001 1682 φθοροποιὸν
3030 1613 3264 1681 ἐμποιεῖ,
3293 1614 3325 1682 ἡ
3350 1613 3405 1665 δέ
3433 1612 3524 1665 τοῦ
3552 1613 3756 1684 Κυρίου
3786 1614 3916 1667 δου-

2341 1700 2457 1754 λεία
2501 1701 2660 1769 φόϐον
2681 1702 2861 1769 ἁγνὸν,
2898 1702 2956 1766 ἐξ
2987 1697 3046 1756 οὐ
3079 1702 3286 1770 γίνεται
3313 1706 3378 1773 τῇ
3405 1703 3547 1773 ψυχῇ
3580 1704 3913 1774 εὐφροσύνη.

2337 1788 2650 1842 Είσέλθετε
2682 1788 2935 1843 ἐνώπιον
2975 1790 3159 1845 αὑτοῦ
3201 1792 3272 1845 ἐν
3299 1793 3672 1860 ἀγαλλιάσει.
3716 1793 3776 1845 ὐ
3811 1795 3919 1865 ἥδη

681 1878 867 1938 spectu
895 1869 1096 1927 Christi
1129 1876 1325 1943 gaudio
1355 1878 1570 1947 gaudet,
1603 1890 1656 1935 et
1690 1882 1795 1938 hoc
1819 1895 1902 1939 est
1926 1888 2237 1944 exsultatio.

2340 1877 2431 1930 τοῦ
2464 1877 2772 1950 ἀλαλαγμοῦ
2809 1880 2907 1950 τὴν
2936 1881 3016 1942 είς
3042 1880 3168 1933 νοῦν
3196 1882 3491 1951 δεξάμενος
3532 1883 3902 1953 εὐφροσύνην,

749 2153 802 2207 5.
838 2153 1035 2210 Scitote
1059 2159 1304 2227 quoniam
1346 2161 1601 2218 Dominus
1631 2167 1738 2235 ipse
1766 2177 1841 2222 est
1873 2168 2011 2225 Deus
2047 2183 2237 2229 noster.

682 2242 780 2301 llic
810 2246 1092 2315 Dominus,
1140 2253 1343 2321 inquit,
1371 2255 1461 2324 qui
1498 2258 1716 2327 proprio
1761 2263 2023 2331 sanguine
2072 2272 2236 2319 totam

679 2339 905 2393 redemit
929 2350 1148 2410 terram,
1174 2344 1286 2412 ipse
1313 2353 1395 2399 est
1424 2358 1624 2403 nostra!
1652 2348 1873 2406 factura:
1894 2352 2091 2422 opifex.
2118 2354 2234 2409 Non

678 2430 821 2482 cnim
849 2445 915 2485 ex
961 2433 1117 2487 nobis
1150 2436 1280 2504 ipsis
1308 2439 1642 2504 exstitimus,
1676 2442 1769 2495 sed
1803 2457 1939 2513 opus
1975 2460 2234 2501 manuum

681 2519 799 2588 ejus
824 2536 1033 2579 sumus.
1063 2523 1404 2596 QuaprOpter
1422 2539 1475 2583 et
1495 2532 1725 2601 populus
1754 2534 1873 2603 ejus
1895 2545 1946 2590 et
1969 2553 2094 2593 oves
2120 2539 2238 2609 ejus

677 2626 887 2677 sumus,
920 2615 991 2669 ita
1025 2625 1083 2670 nt
1111 2617 1197 2670 ille
1225 2619 1443 2687 quidem
1474 2623 1705 2692 populus
1735 2626 1839 2689 sit,
1872 2627 1964 2697 qui
1994 2632 2236 2683 rationa-

682 2702 839 2757 bilior
860 2715 972 2772 est;
1001 2722 1129 2762 ores
1156 2719 1358 2773 autem,
1389 2712 1480 2781 qui
1515 2714 1567 2767 in
1601 2716 1789 2771 ordine
1816 2718 2239 2775 irrationabilio-

680 2808 800 2847 rum
837 2799 1185 2863 consistunt,
1239 2818 1413 2871 neque
1467 2809 1891 2876 experimentum
1948 2813 2234 2882 quodpiam

677 2883 843 2939 divini
891 2888 1089 2958 eloquii
1125 2892 1356 2958 habent,
1384 2896 1539 2964 juxta
1587 2899 1788 2953 dictum
1825 2902 1955 2956 illud
1994 2923 2007 2958 :
2046 2905 2237 2962 Erravi

673 2977 809 3030 sicut
845 2980 951 3032 oris
981 2996 1095 3048 qua:
1126 2985 1363 3049 periit”.

742 3068 795 3121 4.
827 3066 938 3121 Nos
971 3081 1141 3124 autent
1189 3075 1409 3141 populus
1442 3074 1553 3144 ejus
1602 3087 1650 3131 et
1686 3095 1799 3135 oves
1842 3098 2051 3151 pascua!
2097 3085 2232 3156 ejus.

674 3158 778 3212 Alii
809 3170 937 3215 sunt
964 3169 1020 3213 nt
1049 3164 1279 3232 p0pulus
1305 3166 1444 3235 ejus,
1479 3169 1570 3238 qui
1602 3171 1810 3226 scilicet
1831 3177 2235 3242 praestantiores

2340 1962 2493 2033 οὗτος
2523 1970 2709 2041 ὥσπερ
2755 1970 2981 2025 ἐνώπιον
3010 1973 3294 2043 ἱστάμενος
3350 1972 3444 2025 τοῦ
3493 1974 3732 2045 Χριστοῦ
3770 1976 3920 2044 χαρᾷ

2340 2062 2539 2132 χαίρει,
2563 2061 2656 2114 καὶ
2683 2061 2838 2115 τοῦτό
2866 2064 3012 2116 ἐστιν
3044 2062 3382 2132 ἀγαλλίασις.

2408 2151 2609 2206 Γνῶτε
2640 2153 2729 2206 ὅτι
2761 2156 2976 2222 Κύριος
3019 2157 3201 2222 αὐτός
3244 2156 3414 2209 ἐστιν
3454 2159 3487 2210 ὀ
3534 2155 3681 2224 Θεὸς·
3716 2156 3915 2227 ἡμῶν.

2337 2238 2522 2307 Οὗτος,
2576 2246 2757 2317 φησιν,
2812 2250 2840 2300 6
2872 2246 3073 2318 Κύριος
3118 2250 3146 2300 6
3200 2248 3275 2318 τῷ
3312 2249 3426 2318 ίδίῳ
3467 2250 3661 2320 αἵματι
3728 2253 3926 2304 πᾶσαν

2336 2336 2747 2409 λυτρωσάμενος
2777 2339 2876 2409 τὴν
2904 2340 3028 2409 γῆν,
3077 2339 3237 2402 αὐτός
3281 2340 3429 2392 ἐστιν
3462 2341 3490 2392 6
3524 2341 3616 2393 καὶ
3648 2340 3742 2393 τοῦ
3775 2344 3922 2412 ἡμε-

2334 2431 2491 2499 τέρου
2518 2430 2816 2500 ποιήματος
2836 2431 3182 2501 δημιουργός.
3203 2432 3276 2483 Οὐ
3302 2431 3408 2502 γὰρ
3434 2426 3754 2502 αὐτομάτως
3789 2450 3921 2485 συν-

2336 2518 2593 2590 έστημεν,
2651 2520 2786 2574 ἀλλὰ
2813 2520 2918 2574 τῶν
2944 2523 3141 2593 χειρῶν
3185 2521 3345 2575 αὐτοῦ
3394 2521 3552 2592 ἔργον
3608 2523 3797 2593 ἐσμέν.
3823 2523 3925 2576 Διὸ

2336 2614 2431 2667 καὶ
2452 2614 2577 2679 λαὸς
2599 2614 2759 2669 αὐτοῦ
2793 2617 2886 2669 καὶ
2934 2616 3180 2687 πρόϐατα
3229 2615 3393 2670 αὐτοῦ
3441 2613 3803 2685 τυγχάνομεν·
3839 2616 3920 2678 ὡς

2334 2702 2473 2761 εἶναι
2503 2708 2600 2777 μὲν
2648 2708 2676 2760 6
2713 2708 2836 2770 λαὸς
2879 2707 3256 2779 λογικώτερος,
3316 2706 3560 2776 πρόϐατα
3596 2707 3653 2759 δὲ
3709 2709 3759 2759 οῖ
3815 2708 3919 2777 τὴν

2334 2797 2674 2868 ἀλογωτέραν
2715 2796 2866 2863 τάξιν
2894 2797 3200 2868 ἐπέχοντες,
3232 2796 3326 2849 καὶ
3382 2796 3454 2866 μὴ
3511 2798 3568 2848 ἐν
3611 2797 3778 2866 πείρᾳ
3802 2797 3916 2847 τῶι

2335 2886 2490 2941 θείων
2513 2888 2662 2952 ὄντες
2693 2889 2908 2959 λογίων,
2944 2888 3088 2942 κατά
3112 2889 3172 2941 τὸ
3192 2888 3493 2960 εἰρημένον·
3526 2887 3925 2954 Ἐπλίινιξθηγ

2334 2978 2415 3045 ὡς
2439 2980 2736 3046 πρόϐατον
2765 2980 3101 3045 ἀπολωλός.

2422 3068 2623 3138 Ἡμεῖς
2682 3069 2749 3122 δὲ
2804 3070 2952 3134 λαὸς
3013 3068 3217 3134 αὑτοῦ,
3253 3068 3350 3121 καὶ
3403 3070 3670 3136 πρόϐατα
3713 3067 3913 3138 νομῆς

2335 3161 2539 3215 αὑτοῦ.
2572 3160 2755 3212 Ἀλλοι
2789 3160 2883 3229 μὲν
2916 3159 2991 3222 ὼς
3036 3159 3161 3222 λαὸς
3219 3158 3403 3219 αὐτοῦ,
3450 3162 3496 3212 οἱ
3530 3160 3833 3231 κρείττους·
3863 3162 3914 3213 oi

676 3261 837 3317 sunt;
871 3253 961 3306 alii
994 3264 1050 3308 ut
1071 3271 1199 3310 oves
1224 3272 1437 3327 pascme
1460 3260 1598 3329 ejus,
1634 3264 1726 3330 qui
1760 3264 1812 3316 in
1832 3238 2090 3321 inferiore
2116 3284 2237 3336 gra-

2336 3252 2391 3303 δὲ
2416 3252 2490 3314 ὡς
2514 3251 2758 3323 πρόϐατα
2782 3254 2950 3322 νομῆς
3000 3250 3185 3314 αὐτοῦ,
3233 3253 3280 3303 oi
3314 3250 3737 3322 ὑποϐεϐηκότες.
3762 3253 3915 3322 Πλὴν

676 3344 745 3396 du
778 3343 1048 3400 incedunt.
1081 3347 1370 3411 Cancrum,
1390 3366 1513 3404 cum
1549 3354 1791 3406 omnium
1818 3354 1957 3409 Deus
1984 3367 2035 3411 et
2064 3357 2236 3413 factor

674 3430 766 3495 sit,
796 3447 983 3488 omnes
1012 3447 1167 3489 vocat
1201 3446 1254 3489 ct
1281 3439 1529 3506 proprios
1555 3441 1658 3494 sibi
1684 3440 1862 3497 edicit.
1897 3442 2028 3499 Nam
2060 3446 2237 3501 homi-

674 3538 770 3576 nes
796 3533 850 3577 et
872 3524 1115 3592 jumenta
1160 3528 1328 3582 salvat
1355 3528 1619 3586 Dominus
1640 3532 1715 3599 ⁸¹;
1759 3535 1880 3590 illos
1913 3537 2129 3606 quidem
2178 3550 2238 3594 ut

671 3616 930 3684 populum
959 3633 1117 3672 suum
1139 3660 1153 3682 ,
1192 3621 1289 3676 hos
1322 3638 1452 3676 vero
1484 3633 1541 3678 ut
1566 3640 1695 3680 oves
1722 3642 1937 3696 pascua:
1976 3645 2106 3685 suae.
2138 3630 2231 3685 ln-

675 3710 830 3763 troite
857 3721 1036 3780 portas
1060 3712 1169 3781 ejus
1196 3715 1247 3767 in
1284 3717 1625 3784 confessione.
1674 3718 1862 3775 Portas
1895 3720 2109 3778 Domini
2138 3723 2237 3779 Ec-

673 3800 895 3854 clesiam
952 3818 1072 3872 qua:
1129 3805 1181 3857 in
1232 3814 1373 3860 terra
1406 3816 1487 3860 est
1516 3822 1710 3876 vocat,
1747 3812 1799 3865 in
1849 3829 1955 3882 qua
1990 3816 2235 3871 confiteri

675 3900 921 3961 oportet,
988 3910 1051 3947 ac
1103 3896 1435 3951 denuntiatis
1468 3910 1625 3954 antea
1675 3905 1942 3970 peccatis,
1978 3906 2236 3963 beneﬁcia

675 3984 834 4038 nobis
864 3985 1054 4039 collata
1086 4002 1363 4042 enarrare.

1036 4073 1147 4146 Ipsi
1184 4077 1373 4133 David.
1428 4079 1764 4139 PSALMUS
1815 4084 1875 4138 C.

1263 4172 1297 4224 Α
1312 4184 1656 4240 rgumentum.

674 4253 731 4309 In
767 4258 868 4313 hoc
895 4260 1103 4326 psalmo
1134 4262 1428 4330 perfectum
1461 4267 1618 4321 nobis
1652 4268 1923 4325 hominem
1953 4274 2233 4341 describit,

735 4350 828 4417 qui
855 4352 1150 4405 secundum
1181 4353 1350 4408 Deum
1380 4357 1544 4412 vitam
1574 4360 1825 4421 instituit.
1850 4364 2110 4433 docetque
2134 4382 2234 4421 nos

739 4440 885 4508 quod
916 4441 1036 4493 vita:
1069 4458 1235 4510 genus
1259 4446 1506 4515 amplecti
1535 4448 1763 4504 debeant
1793 4451 1846 4514 ii,
1883 4453 1973 4521 qui
2007 4468 2229 4524 regnum

737 4531 996 4585 caelorum
1027 4535 1248 4605 adipisci
1278 4549 1549 4607 exoptant.

740 4622 791 4675 1.
817 4621 1239 4678 Misericordiam
1262 4636 1309 4679 et
1334 4628 1586 4689 iudicium
1609 4632 1827 4683 cantabo
1851 4630 1963 4696 tibi,
1992 4632 2224 4688 Domine.

669 4710 806 4765 Cum
835 4727 896 4765 ea
929 4730 1050 4782 qua:
1081 4718 1194 4771 scio
1224 4728 1275 4771 te
1306 4719 1466 4772 nobis
1486 4720 1781 4775 contulisse
1806 4722 2060 4778 beneﬁcia
2089 4740 2229 4779 sem-

668 4818 763 4872 per
782 4804 832 4859 in
860 4820 955 4859 ore.
980 4806 1172 4874 feram,
1194 4810 1411 4863 dabitur
1441 4809 1726 4878 judicium,
1746 4821 1943 4868 etsane
1964 4816 2226 4883 judicium

664 4894 896 4962 justum.
957 4895 1281 4954 Justificavit
1311 4902 1457 4955 enim
1492 4916 1710 4956 causam
1754 4911 1998 4959 nostram
2037 4908 2226 4961 adver—

669 5000 765 5040 sus
793 4988 1042 5043 inimicos
1076 4998 1313 5043 nostros.

736 5076 792 5140 2,
822 5079 875 5130 5.
906 5078 1143 5132 Psallam
1183 5093 1227 5133 et
1284 5082 1572 5153 intelligam
1626 5085 1683 5137 in
1735 5085 1818 5137 via
1861 5085 2221 5140 immaculata.

667 5167 938 5234 Psallam,
974 5170 1177 5239 inquit,
1207 5173 1472 5242 hymnum,
1516 5190 1579 5229 ac
1609 5174 1654 5229 si
1702 5178 1903 5231 diceret
1944 5178 2181 5245 apertius
2209 5199 2219 5233 :

664 5258 781 5314 Non
813 5261 971 5315 finem
1000 5261 1192 5316 faciam
1227 5266 1455 5335 hymnos
1487 5270 1753 5335 canendi,
1783 5278 1837 5323 et
1874 5268 2013 5321 riam
2048 5285 2221 5324 meam

665 5368 877 5420 semper
932 5355 1333 5408 immaculatam
1366 5359 1729 5423 conservabo,
1763 5369 1936 5421 tuum,
1971 5374 2003 5412 ο
2036 5357 2223 5412 Domi-

664 5460 751 5508 ne,
785 5446 1073 5501 adventum
1100 5458 1439 5515 exspectans.
1465 5449 1685 5518 Oportet
1712 5452 1854 5504 enim
1884 5461 2101 5520 paratos
2122 5466 2219 5506 nos

663 5552 782 5594 esse
813 5537 877 5591 ad
914 5537 1130 5593 Domini
1183 5555 1483 5595 accessum.
1542 5540 1769 5595 Tantam
1812 5554 1989 5597 autem
2026 5543 2112 5596 hic
2136 5544 2219 5597 vir

662 5631 924 5685 mirabilis
957 5634 1241 5687 puritatem
1277 5634 1554 5689 obtinebat
1632 5644 1689 5688 nt
1716 5650 1840 5688 cum
1872 5636 2065 5689 ﬁducia
2107 5637 2218 5692 cla-

749 5827 793 5860 ⁸⁸
838 5828 981 5886 Psal.
1030 5846 1218 5899 cxrm,
1277 5831 1396 5888 176.
1474 5832 1512 5864 ⁸¹
1562 5832 1705 5887 Psal.
1752 5846 1913 5892 xxxv,
1944 5832 1995 5885 8.

2335 3344 2489 3407 ἀλλὰ,
2522 3346 2736 3398 πάντων
2771 3344 2905 3409 Θεὸς
2958 3346 3031 3398 ὢν
3067 3346 3160 3399 καὶ
3213 3345 3459 3414 ποιητὴς,
3516 3346 3724 3409 πάντας
3756 3346 3918 3399 καλεῖ

2334 3436 2427 3487 καὶ
2459 3434 2830 3501 ὲξοικειοῦται.
2885 3434 3225 3506 Ἀνθρώπους
3270 3433 3377 3503 γὰρ
3426 3436 3519 3487 καὶ
3547 3437 3716 3505 κτήνη
3746 3435 3916 3499 σώζει

2334 3526 2482 3589 Θεός·
2512 3528 2635 3589 τοὺς
2665 3526 2763 3594 μὲν
2791 3524 2866 3587 ὡς
2909 3524 3034 3577 λαὸν
3067 3524 3254 3584 αὐτοῦ,
3312 3524 3379 3577 τὰ
3424 3524 3479 3577 δὲ
3530 3523 3605 3587 ὠς
3660 3524 3915 3595 πρόϐατα

2334 3617 2503 3687 νομῆς
2536 3616 2719 3670 αὐτοῦ.
2756 3616 3073 3669 Εῑσέλθετε
3104 3619 3189 3683 είς
3212 3617 3311 3682 τὰς
3367 3617 3560 3681 πύλας
3611 3616 3799 3670 αὐτοῦ
3844 3618 3920 3670 ὲν

2333 3706 2783 3778 ἐξομολογήσει.
2822 3706 3000 3771 Πύλας
3036 3707 3129 3761 τοῦ
3168 3708 3374 3777 Κυρίου
3401 3708 3498 3779 τὴν
3524 3708 3615 3760 ἐπὶ
3647 3708 3752 3777 γῆς
3790 3709 3918 3761 Ἐκ-

2335 3802 2562 3880 κλησίαν
2605 3803 2789 3872 φησιν,
2817 3796 2937 3874 ἐνῇ
2994 3800 3430 3871 ἐξομολογεῖσθαι
3474 3801 3573 3863 δεῖ,
3624 3802 3718 3852 au
3768 3802 3911 3871 πρό-

2332 3910 2488 3963 τερον
2547 3892 2959 3959 ἐξαγγέλλοντες
3014 3893 3081 3944 τὰ
3130 3893 3523 3961 ἁμαρτήματα,
3573 3891 3673 3955 τάς
3712 3908 3773 3945 τε
3828 3897 3917 3957 είς

2334 3984 2478 4052 ἡμᾶς
2500 3982 2794 4052 γενομένας
2821 3981 3148 4053 ἀφηγεῖσθαι
3175 3982 3509 4053 εὐεργεσίας.

2711 4072 2793 4139 Τῷ
2827 4074 3024 4127 Δαυτδ.
3093 4072 3401 4128 ΨΑΛΜΟΣ
3437 4076 3518 4127 P’.

2935 4167 3269 4231 Ύπόθεσις.

2345 4259 2431 4311 Ἑν
2464 4257 2634 4328 τούτῳ
2672 4257 2750 4329 τῷ
2782 4257 2980 4329 ψαλμῷ
3029 4258 3119 4311 τὸν
3164 4258 3368 4311 τέλειον
3413 4257 3544 4327 ἡμῖν
3589 4250 3909 4331 διαγράφει,

2398 4352 2488 4403 τὸν
2557 4350 2697 4404 κατά
2761 4349 2892 4402 Θεὸν
2946 4350 3353 4419 πολιτευόμενον
3378 4388 3393 4413 ,
3435 4347 3703 4402 διδάσκων
3760 4353 3907 4422 ἡμᾶς

2400 4441 2555 4494 ποίαν
2581 4441 2659 4494 δεῖ
2687 4441 2955 4495 πολιτείαν
2989 4436 3322 4509 ἐπιτηδεύειν
3348 4439 3471 4503 τοὺς
3504 4437 3907 4511 ἐπιθυμοῦντας

2397 4534 2495 4603 τῆς
2523 4533 2628 4585 τῶν
2654 4534 2894 4603 οὐρανῶν
2925 4532 3194 4603 βασιλείας
3217 4533 3510 4600 ἐπιτυχεῖν.

2405 4627 2614 4679 Ἐλεον
2639 4626 2733 4677 καὶ
2757 4626 2957 4692 κρίσιν
2986 4622 3207 4693 ᾇσομαί
3260 4639 3382 4689 σοι,
3443 4625 3641 4693 Κύριε.
3695 4625 3900 4687 Ταῦτα,

2336 4716 2516 4785 φησιν,
2575 4716 2665 4766 ἐπὶ
2715 4715 2977 4783 στόματος
3029 4714 3207 4785 φέρων
3262 4716 3547 4781 διαπαντὸς
3578 4717 3614 4770 ἃ
3676 4711 3794 4770 οῖδα
3825 4719 3902 4779 εἰς

2333 4808 2477 4877 ἡμᾶς
2515 4807 2947 4878 κατορθωθέντα,
2984 4806 3270 4879 δοθήσεται
3324 4809 3521 4879 κρίσις,
3556 4807 3898 4877 τουτέστινή

2329 4897 2709 4970 δικαιοκρισία.
2755 4898 3067 4953 Ἑδικαίωσε
3102 4899 3209 4971 γὰρ
3237 4900 3299 4951 ἐκ
3343 4899 3449 4953 τῶν
3493 4896 3705 4971 ἐχθρῶν
3742 4901 3901 4973 ἡμῶν

2327 4987 2423 5058 τὴν
2448 4990 2599 5059 δίκην
2622 4988 2794 5059 ἡμῶν.

2403 5079 2581 5133 Ψαλὼ
2632 5079 2728 5131 καί
2774 5080 3025 5145 συνήσω
3066 5081 3133 5133 ἐν
3161 5078 3277 5143 ὀδῷ
3318 5078 3553 5149 ἀμώμῳ.
3604 5080 3696 5146 Τό,
3725 5082 3899 5151 ψαλῶ

2323 5171 2430 5223 τὸν
2458 5172 2665 5240 ὕμνον,
2706 5174 2887 5243 φησὶν,
2937 5173 3067 5225 ὡσεὶ
3098 5171 3240 5239 λέγοι
3278 5169 3605 5243 σαφέστερον
3633 5191 3645 5203 ·
3686 5174 3897 5243 ’Υμνῶν

2328 5263 2390 5315 οὐ
2440 5264 2715 5334 παύσομαι
2778 5266 2871 5318 καὶ
2933 5265 3030 5335 τὴν
3077 5264 3214 5335 ἐμὴν
3276 5265 3394 5318 ὁδὸν
3461 5266 3894 5337 παρασκευάζων

2324 5354 2573 5423 ἄμωμον,
2601 5356 2697 5424 τὴν
2723 5355 2840 5425 σὴν,
2871 5349 2915 5407 ὦ
2942 5355 3204 5419 Δέσποτα,
3229 5356 3531 5427 παρουσίαν
3563 5357 3891 5427 προσδοκῶν.

2325 5448 2413 5497 Δεῖ
2438 5445 2546 5517 γὰρ
2571 5448 3030 5519 ηὐτρεπισμένους
3091 5452 3239 5520 ἡμᾶς
3286 5444 3425 5501 εἶναι
3484 5448 3621 5519 πρὸς
3668 5448 3765 5518 τὴν
3802 5450 3893 5503 τοῦ

2325 5538 2527 5609 Κυρίου
2561 5539 2761 5610 ἄφιξιν.
2821 5540 3105 5611 Τοσαύτην
3146 5541 3254 5613 γὰρ
3292 5544 3318 5595 6
3367 5539 3777 5609 θαυμαζόμενος
3805 5532 3893 5594 οὐ-

2324 5650 2413 5696 τος
2436 5633 2571 5703 ἀνὴρ
2600 5634 2864 5703 ἐκτήσατο
2900 5632 3265 5704 καθαρότητα,
3303 5634 3377 5694 ὡς
3420 5630 3559 5700 μετά
3588 5632 3893 5701 παρβησίας
