4070 6452
171 383 275 440 425

1295 378 1657 436 EXPOSITIO
1697 379 1762 434 ΙΝ
1805 378 2135 435 ρειωιυιι
2175 377 2258 433 CI.

3301 379 3406 436 426

171 498 366 568 βοῆσαι
402 494 532 566 πρὸς
559 494 650 546 τὸν
692 493 842 547 Θεόν·
876 495 1022 546 Πότε
1060 491 1228 560 ἣξεις
1261 494 1410 564 πρὸς
1444 492 1558 563 μέ;
1601 495 1744 549 Ἀντὶ

1867 503 2018 549 narct
2043 493 2108 548 ad
2145 492 2312 546 Deum
2348 510 2359 544 :
2397 491 2620 556 Quando
2653 493 2818 544 venies
2849 491 2918 544 ad
2957 493 3074 546 me?
3106 505 3169 545 ac
3197 491 3243 547 si
3267 493 3406 549 dice

169 590 285 649 τοῦ.
319 587 580 658 Εὺπρεπῆ
607 603 689 640 σοι
724 586 790 639 τὰ
815 586 1058 656 βασίλεια
1109 587 1440 656 κατέστησα,
1479 585 1629 639 ποθῶ
1655 603 1746 640 σου

1867 591 1931 638 'et
1970 604 1982 637 :
2019 582 2242 653 Regiam
2276 581 2372 635 tibi
2419 591 2734 635 exornatam
2783 597 2847 636 ac
2889 582 3168 657 decentem
3205 598 3386 652 paravi

169 681 269 748 τὴν
295 677 614 748 παρουσίαν,
657 671 702 729 ὧ
728 677 988 742 Δέσποτα,
1029 677 1308 748 ίμείρομαί
1350 695 1440 730 σου
1493 678 1593 748 τῆς
1631 680 1749 730 ὲπι-

172 769 417 836 φανείας”
446 768 581 821 ἀλλὰ
604 769 692 832 δὸς
720 770 779 821 τὸ
813 769 1164 839 ποθούμενον.
1223 771 1657 839 Διεπορευόμην
1681 770 1750 822 ἐν

172 860 394 925 ἀκακία
428 859 675 927 καρδίας
717 877 835 928 μου
878 862 948 913 ἐν
995 860 1163 929 μέσῳ
1223 861 1328 915 τοῦ
1382 862 1552 914 οἴκου
1606 877 1747 930 μου.

173 949 400 1012 Οὐδένα,
430 949 613 1022 φησὶν,
640 951 795 1020 ἔσχον
842 951 1028 1004 ἄδικον
1073 952 1419 1006 συνοικοῦντα
1471 951 1749 1022 λογισμόν·

174 1041 289 1093 ἀλλ’
314 1042 450 1104 ὅλως
485 1041 705 1112 ἐμαυτῷ
742 1042 878 1112 μετὰ
913 1043 1284 1115 καθαρότητος
1337 1043 1750 1116 διεπορευόμην.

175 1132 508 1198 Ποιοῦντιις
537 1133 897 1200 παραϐάσεις
923 1135 1204 1203 ἐμίσησα.
1243 1137 1333 1188 Δεῖ
1352 1137 1460 1208 γὰρ
1494 1137 1565 1207 μὴ
1594 1136 1754 1206 μόνον

173 1225 475 1293 ἀπέχεσθαι
501 1225 608 1279 τῶν
660 1226 932 1296 πονηρῶν,
975 1227 1111 1282 ἀλλά
1139 1229 1384 1295 καὶτοὺς
1409 1230 1475 1284 τὰ
1529 1229 1754 1284 τοιαῦτα

174 1316 464 1379 ποιοῦντας
493 1318 950 1388 ἀποστρέφεσθαι.

248 1411 370 1461 Οὐκ
435 1410 738 1477 ἐκολλήθη
792 1428 893 1479 μοι
956 1410 1168 1481 καρδία
1229 1412 1488 1482 σκαμόιὶ.
1532 1412 1612 1464 Τὰ
1661 1410 1755 1464 τοῦ

173 1496 422 1550 διαϐόλου
476 1498 855 1570 βουλεύματα,
919 1502 1013 1554 ire
1081 1503 1246 1573 μηδὲν
1326 1503 1481 1565 eoae;
1542 1501 1755 1572 ἔχοντα,

177 1587 404 1658 σκαμΘά
427 1589 484 1642 τέ
515 1593 620 1643 εἱσι
655 1592 747 1644 καὶ
785 1592 1209 1663 διεστραμμένα,
1247 1594 1389 1664 ἆπερ
1419 1593 1670 1646 οὐδέποτε
1700 1596 1758 1646 ἐν

175 1681 243 1748 τῇ
274 1681 468 1750 καρδία
490 1681 846 1751 είσδέδεγμαι.
905 1684 1322 1749 Ἐκκλίνοντος
1363 1684 1462 1737 ἀπ’
1488 1684 1631 1753 ἐμοῦ
1652 1682 1759 1736 τοῦ

177 1772 448 1840 πονηροῦ
491 1775 598 1825 οὐκ
625 1774 974 1841 ἐγίνωσκον.
1017 1774 1191 1838 Οῦτω,
1243 1777 1429 1846 φησὶν,
1480 1777 1538 1828 ἐν
1586 1777 1760 1830 οὐδενὶ

1848 683 1998 728 tuam
2034 682 2230 742 exopto
2265 672 2631 740 praesentiam,
2667 688 2699 724 υ
2727 671 2984 735 Domine,
3029 682 3178 726 tuum
3214 673 3416 727 adven-

1849 775 1963 821 tum
1995 774 2210 835 expeto,
2242 773 2482 834 optatum
2514 764 2769 819 concede.
2799 762 3240 818 Perambulabam
3261 768 3314 819 in
3343 765 3416 818 in-

1851 860 2092 913 nocentia
2118 857 2290 910 cordie
2314 857 2414 909 mei
2435 858 2489 909 in
2521 856 2689 909 medio
2721 856 2906 909 domus
2935 873 3088 923 mete,
3133 866 3237 912 etc.
3287 855 3419 910 Nul-

1851 947 1981 1011 l'am,
2005 947 2200 1016 inquit,
2233 946 2490 1016 injustam
2518 946 2904 1016 cogitationem
2934 962 3143 1001 mecum
3174 948 3421 1002 habitare

1853 1041 2238 1105 concedebant,
2273 1039 2365 1094 sed
2393 1054 2514 1092 cum
2540 1040 2774 1108 puritate
2796 1038 3166 1092 ambulabam.
3194 1038 3422 1093 Facien-

1855 1145 1928 1188 tes
1963 1133 2420 1202 prmuaricationes
2457 1131 2613 1183 odivi.
2671 1129 2897 1201 Oportet
2926 1131 3068 1184 enim
3102 1146 3208 1184 non
3246 1132 3422 1186 solum

1854 1227 2127 1283 abstinere
2154 1240 2186 1279 a
2217 1225 2374 1279 malis
2396 1263 2410 1288 ,
2454 1224 2548 1279 sed
2579 1225 2743 1278 etiam
2783 1223 3022 1278 aversari
3070 1239 3167 1278 eos
3209 1225 3302 1295 qui
3335 1225 3424 1277 illa

1855 1327 2043 1391 agunt.

1925 1411 1981 1466 4.
2011 1409 2133 1463 Νοιι
2165 1409 2386 1464 αάΙιαιεὶι
2416 1409 2544 1462 mihi
2577 1425 2666 1462 cor
2697 1426 2938 1478 pratum.
2990 1409 3196 1464 Diaboli
3245 1410 3429 1464 consi-

1858 1506 1930 1560 lia
1954 1545 1968 1572 ,
2002 1513 2185 1573 utpote
2206 1519 2327 1571 quae
2359 1503 2489 1556 recti
2525 1503 2657 1556 nihil
2689 1503 2940 1566 habeant,
2991 1518 3154 1571 prava
3195 1511 3321 1556 sunt
3375 1511 3430 1555 et

1859 1606 2134 1664 perversa,
2161 1606 2281 1660 qua:
2303 1606 2581 1660 nunquam
2634 1592 2687 1644 in
2717 1592 2880 1645 corde
2902 1592 3114 1646 admisi.
3148 1591 3431 1644 Dectiuim-

1863 1696 1964 1739 tem
1990 1701 2022 1736 a
2049 1700 2130 1736 me
2160 1682 2447 1751 malignum
2494 1698 2596 1736 non
2637 1683 3026 1752 cognoscebam.
3083 1682 3160 1737 lla
3183 1725 3197 1745 ,
3232 1683 3430 1751 inquit,

1863 1776 2015 1830 nihili
2040 1774 2302 1828 faciebam
2330 1775 2625 1843 malignos,
2652 1782 2710 1826 ut
2736 1778 2924 1826 eorum
2957 1775 3069 1827 sive
3093 1774 3432 1842 praesentiam

182 1862 341 1931 μέρει
403 1863 701 1935 ἐποιούμην
741 1864 863 1926 τοὺς
894 1867 1180 1935 πονηροὺς,
1241 1866 1316 1929 ὡς
1369 1868 1461 1919 καὶ
1486 1866 1583 1937 τὴν
1631 1884 1764 1937 παρα

1867 1869 1979 1923 sive
2014 1868 2316 1922 absentiam
2344 1868 2673 1936 ignorarem.
2711 1866 2890 1932 Quare
2920 1867 3334 1920 alscedentihus
3369 1866 3433 1917 il-

180 1953 372 2004 ουσίαν
417 1955 510 2006 καὶ
554 1955 652 2025 τὴν
707 1955 973 2009 ἀπουσίαν
1025 1957 1203 2009 αὐτῶν
1254 1958 1486 2026 ἀγνοεῖν·
1537 1958 1618 2010 διὸ
1667 1959 1762 2011 ναὶ

183 2045 534 2116 ἀπαιρόντων
583 2048 682 2100 οὐκ
728 2049 1042 2116 ἐγίνωσκον,
1077 2051 1271 2104 οὐκοῦν
1321 2053 1441 2105 οὺδέ
1482 2054 1762 2124 παρόντων

182 2135 232 2185 εί
266 2135 518 2204 παρῆσαν
542 2136 852 2205 ἐγίνωσκον.
887 2138 1112 2209 Γνώμης
1137 2141 1192 2192 δὲ
1227 2141 1498 2206 ἀπόδειξις
1553 2144 1766 2196 ἀνακει-

186 2225 357 2296 μένης
395 2227 511 2296 Θεῷ
543 2229 602 2281 τὸ
622 2229 728 2281 τῶν
759 2232 908 2283 κάτω
940 2232 1141 2302 μηδένα
1178 2233 1444 2288 ποιεῖσθαι
1497 2235 1651 2302 λόγον
1679 2236 1765 2289 διὰ

182 2318 286 2388 τὴν
312 2318 515 2372 ἄνωθεν
555 2323 827 2392 προσοχὴν

263 2407 378 2460 Τὸν
403 2412 862 2466 καταλαλοῦντα
895 2413 1084 2482 λάθρα
1121 2415 1225 2470 τοῦ
1267 2419 1535 2485 πλησίον
1556 2421 1764 2484 αὑτοῦ,

187 2500 406 2554 τοῦτον
441 2502 778 2565 ἐξεδίωκον.
815 2505 926 2569 re;
965 2507 1022 2560 δὲ
1067 2507 1240 2579 λάθρα
1296 2510 1584 2580 γινομένας
1635 2530 1766 2565 κατ-

187 2595 422 2666 ηγορίας
440 2597 499 2648 οὐ
526 2597 848 2669 προσιέμην,
882 2599 1016 2653 ἀλλά
1053 2600 1178 2663 τοὺς
1211 2602 1368 2654 τοῦτο
1399 2603 1531 2674 δρᾷν
1565 2622 1768 2676 πειρω-

192 2690 390 2757 μένους
452 2687 762 2759 ἐξήλαυνον.
849 2692 1240 2760 ’Υπερηφάνῳ
1317 2695 1604 2764 ὀφθαλμῷ
1668 2698 1766 2750 καὶ

188 2776 486 2842 ἀπλήστῳ
517 2778 749 2848 καρδίᾳ,
779 2781 968 2846 τούτῳ
991 2784 1062 2835 οὐ
1098 2783 1458 2851 συνήσθιον.
1495 2784 1632 2838 Οὔτε
1664 2786 1768 2858 μὴν

188 2871 316 2932 τοὺς
365 2869 652 2943 ἀλαζονείᾳ
683 2872 780 2926 καὶ
821 2873 1105 2945 πλεονεξίᾳ
1132 2877 1446 2946 χρωμένους
1473 2879 1769 2950 ἐποιούμην

191 2960 499 3023 συσσίτους.

264 3056 328 3105 Oi
360 3055 655 3123 ὀφθαλμοί
677 3074 799 3124 μου
857 3057 953 3110 ἐπὶ
1018 3058 1160 3124 τοὺς
1192 3060 1447 3126 πιστοὺς
1509 3059 1617 3128 τῆς
1659 3061 1772 3131 γῆς

186 3145 298 3201 τοῦ
331 3148 749 3216 συηαθῆσθαι
775 3151 996 3217 αὐτοὺς
1018 3155 1145 3220 μετ’
1181 3154 1346 3222 ἐμοῦ.
1390 3156 1686 3226 Συνεδρίων
1713 3156 1771 3209 δέ

193 3255 286 3307 μοι
345 3239 436 3290 καὶ
471 3239 662 3309 βουλῆς
696 3241 1014 3297 ἐκοινώνουν
1043 3245 1092 3296 oi
1139 3245 1316 3298 πίστει
1377 3247 1759 3317 κοσμούμενοι,

189 3333 289 3384 aut
325 3333 453 3402 περὶ
485 3332 679 3385 πολλοῦ
700 3334 767 3387 τὰ
789 3333 905 3386 θεῖα
938 3337 1267 3407 ποιούμενοι.
1302 3340 1364 3392 Οἱ
1405 3339 1462 3391 δὲ
1495 3340 1570 3411 μὴ
1596 3340 1768 3403 οὕτως

189 3421 544 3490 διακείμενοι,
580 3422 716 3476 ἀλλά
736 3425 988 3479 τάναντία
1024 3427 1343 3497 φρονοῦντες
1395 3431 1770 3503 ὑπερηφανείᾳ

190 3513 336 3581 λέγω
369 3516 461 3567 καὶ
490 3516 672 3587 ἀδικίᾳ
709 3519 803 3572 καὶ
835 3519 1203 3587 ἐξουδενώσει,
1260 3524 1451 3593 πόρρω
1497 3523 1768 3576 ἀπέϐαλον

192 3607 290 3659 ἀπ’
323 3607 478 3676 ἐμοῦ,
504 3608 643 3662 ὥστε
675 3611 746 3682 μὴ
797 3614 929 3682 ὁρᾷν
956 3613 1172 3676 αὐτούς.

179 3737 183 3741 .
267 3700 374 3764 Εἰς
393 3700 500 3765 τὰς
521 3703 741 3770 πρωΐας
773 3703 1125 3758 ἀπέκτεινον
1154 3705 1383 3772 πάντας
1412 3709 1552 3773 τοὺς
1587 3708 1770 3777 ἀμαρ-

192 3791 424 3858 τωλοὺς
449 3791 560 3861 τῆς
587 3793 718 3862 τῆς.
764 3795 1143 3865 Ἀμαρτωλούς
1172 3816 1301 3868 φησι
1348 3801 1473 3863 τοὺς
1501 3804 1769 3872 πονηροὺς

193 3877 504 3952 λογισμούς,
534 3883 627 3948 οὓς
651 3889 766 3948 ταῖς
790 3887 1037 3952 ἐωθιναίς
1064 3895 1392 3961 προσευχαῖς
1415 3893 1505 3944 καὶ
1536 3895 1600 3963 τῇ
1635 3893 1771 3963 προς

194 3974 329 4027 Θεὸν
361 3977 652 4048 προσεδρίᾳ
677 3978 917 4044 ἐκόλαζε.
957 3981 1065 4035 Τοῦ
1105 3983 1531 4050 ἐξολοθρεῦσαι
1576 3986 1643 4038 ἐκ
1668 3987 1772 4036 πί-

195 4071 350 4133 λεως
381 4071 626 4146 ’Κυρίου
683 4071 914 4139 πάντας
977 4074 1115 4139 τοὺς
1173 4075 1595 4144 ἐργαζομένους
1658 4077 1773 4144 τὴν

194 4161 473 4227 ἀνομίαν.
511 4163 670 4216 Πόλιν
704 4165 910 4235 Κυρίου
936 4166 1032 4237 τὴν
1058 4168 1219 4234 ἁγίαν
1251 4170 1383 4238 φησὶ
1405 4169 1599 4240 ψυχὴν,
1630 4171 1772 4223 κατὰ

193 4251 258 4302 τὸ
291 4253 598 4322 εἰρημένον·
634 4254 1052 4326 Δεδοξασμένα
1088 4259 1352 4327 ἐλαλήθη
1375 4261 1506 4328 περὶ
1540 4261 1676 4326 σοῦ,
1732 4262 1772 4328 ἠ

194 4343 377 4409 πόλις
406 4345 509 4397 τοῦ
538 4347 704 4400 Θεοῦ.

197 4439 518 4506 Προσευχὴ
543 4438 622 4504 τῷ
653 4439 883 4509 πτωχῷ,
926 4441 1070 4495 ὅταν
1116 4441 1436 4512 ἀκηδιάσῃ,
1476 4445 1574 4496 καὶ
1604 4447 1778 4500 ἐναν-

306 4530 437 4582 τίον
461 4531 681 4598 Κυρίου
709 4531 888 4601 ἐκχέῃ
922 4533 1036 4600 τὴν
1065 4534 1279 4601 δέησιν
1303 4534 1509 4588 αὑτοῦ.
1536 4539 1666 4590 PA'.

829 4625 842 4642 '
855 4627 1159 4690 Υπόθεσις.

211 4715 272 4766 ’0
299 4715 439 4768 κατὰ
464 4715 596 4767 Θεὸν
627 4716 859 4785 πτωχὸς,
883 4717 1158 4769 τουτέστιν
1182 4720 1210 4770 ὁ
1234 4719 1341 4770 τῶν
1371 4719 1661 4790 προφητῶν
1691 4737 1781 4790 χο-

275 4805 388 4875 ρὸς,
417 4807 446 4856 ὁ
493 4805 667 4871 λύπης
701 4803 1130 4875 πεπληρωμένος
1179 4808 1269 4859 ἐπὶ
1304 4811 1368 4876 τῇ
1415 4807 1508 4859 τοῦ
1562 4807 1776 4878 πρώτου

272 4894 404 4947 λαοῦ
438 4895 809 4967 καταστροφῇ,
875 4897 1234 4966 προσέρχεται
1287 4897 1365 4967 τῷ
1417 4899 1607 4968 Κυρίῳ
1637 4898 1777 4968 ὑπὲρ

273 4985 462 5050 αὐτοῦ,
492 4986 586 5040 τοῦ
609 4986 736 5040 λαοῦ
758 4987 1016 5057 δηλονότι,
1042 4988 1378 5057 ἀναπέμπων
1403 4989 1612 5059 δεήσεις
1640 4989 1776 5058 μετά

272 5081 528 5152 νηστείας
555 5081 649 5132 καὶ
685 5081 954 5152 δακρύων,
985 5081 1131 5143 ὅπως
1165 5081 1229 5134 ἂν
1265 5082 1358 5133 καὶ
1387 5081 1548 5143 αὐτὸς
1575 5083 1773 5134 οἰκτει-

273 5172 414 5243 ρηθῇ
441 5173 470 5224 ὁ
491 5171 638 5235 λαός.
667 5173 940 5243 Κηρύττει
965 5173 1021 5226 δέ
1051 5175 1145 5227 καὶ
1174 5173 1274 5243 τὴν
1306 5172 1413 5226 τῶν
1449 5173 1616 5226 ἐθνῶν
1643 5174 1772 5245 κλῆ-

273 5280 382 5325 σιν,
415 5263 513 5334 τὴν
535 5264 834 5332 γενομένην
867 5266 923 5316 ὲν
950 5267 1014 5334 τῇ
1068 5265 1359 5334 ἐπιφανείᾳ
1403 5265 1496 5316 τοῦ
1527 5266 1773 5336 Σωτῆρος

273 5352 432 5423 ἡμῶν
471 5352 643 5424 Ἰησοῦ
677 5352 933 5423 Χριστοῦ.

271 5445 472 5511 Κύριε,
521 5443 890 5497 εἰσάκουσον
940 5442 1048 5511 τῆς
1107 5444 1454 5514 προσευχῆς
1505 5463 1642 5513 μου.
1698 5446 1779 5498 Τὰ

202 5536 492 5606 συμϐάντα
558 5535 636 5606 τῷ
697 5535 812 5605 λαῷ
878 5537 1276 5589 οἰκειοποιείται
1345 5539 1373 5589 ὀ
1445 5539 1780 5608 προφητικδς

201 5629 383 5701 χορός.

278 5812 324 5842 ⁸⁹
357 5813 501 5868 Psal.
542 5825 738 5864 1.“va
761 5849 776 5872 ,
804 5808 855 5860 '5.

533 5908 802 5968 ΡΑτιιοι..
836 5903 950 5962 Gn.
982 5902 1239 5962 XXVII.

1867 1956 1933 2010 lis
1955 1970 2062 2008 non
2094 1955 2511 2024 cognoscebam,
2541 1969 2605 2008 ac
2629 1955 2882 2008 similiter
2907 1956 3118 2010 etiamsi
3143 1964 3434 2024 praasuutes

1865 2053 2067 2106 essent,
2104 2043 2156 2098 id
2187 2043 2529 2113 ignorabam.
2597 2044 2789 2100 Mentis
2818 2055 2997 2100 autem
3030 2047 3082 2098 in
3114 2045 3225 2100 Deo
3261 2048 3435 2099 consi-

1867 2138 2060 2191 stentis
2105 2147 2484 2207 argumentum
2517 2145 2631 2201 est,
2664 2147 2908 2193 terrenas
2935 2154 3024 2194 res
3055 2139 3188 2193 nihil
3218 2152 3434 2204 curare,

1867 2230 1938 2283 ob
1967 2230 2206 2284 studium
2234 2231 2558 2284 ctelestium.

1943 2427 1997 2481 5.
2042 2427 2413 2480 Detraheutem
2437 2438 2637 2481 secreto
2666 2430 2905 2496 proximo
2937 2445 3061 2492 suo,
3103 2427 3240 2481 hunc
3267 2444 3440 2498 perse-

1869 2518 2084 2590 quebar.
2139 2518 2531 2572 Accusationes
2578 2526 2788 2573 occulte
2837 2519 3006 2573 factas
3033 2535 3141 2573 non
3186 2520 3439 2574 admitte-

1872 2613 2019 2676 bam,
2058 2612 2168 2665 imo
2193 2625 2322 2665 vero
2352 2625 2446 2665 cos
2476 2610 2569 2680 qui
2597 2611 2722 2665 huic
2757 2611 2834 2664 rei
2865 2611 3067 2665 dabant
3091 2626 3309 2680 operam
3340 2627 3438 2665 cx-

1873 2703 2156 2773 pellebam.
2183 2700 2417 2771 Superbo
2441 2703 2591 2755 oculo
2607 2715 2652 2756 et
2676 2702 2968 2756 insatiabili
2995 2704 3170 2768 corde,
3200 2719 3317 2756 cum
3343 2703 3440 2756 hoc

1874 2812 1977 2849 non
2003 2798 2239 2850 edebam.
2279 2794 2638 2866 Nequaquam
2671 2810 2768 2850 eos
2791 2796 2883 2865 qui
2912 2796 3217 2866 arrogantia
3261 2807 3314 2850 et
3347 2811 3442 2850 su-

1871 2887 2060 2958 perbia
2085 2887 2389 2954 tumebant,
2415 2887 2674 2942 convivas
2701 2887 3073 2942 admittebam.

1944 3079 1998 3134 6.
2035 3077 2190 3133 Oculi
2229 3079 2332 3131 mei
2368 3076 2437 3131 ad
2469 3077 2648 3147 ﬁdeles
2675 3087 2829 3131 terra!
2877 3087 2932 3130 ut
2974 3077 3187 3131 sedeant
3217 3094 3440 3134 mecum.

1873 3171 2180 3226 Consessus
2214 3179 2376 3237 atque
2422 3167 2640 3223 consilii
2687 3183 2904 3222 mecum
2957 3169 3247 3238 participes
3289 3179 3447 3225 erant

1875 3263 1970 3332 qui
2004 3262 2108 3316 ﬁde
2139 3270 2295 3316 erant
2344 3262 2558 3326 ornati,
2608 3270 2663 3316 et
2710 3261 2890 3316 divina
2929 3262 3109 3332 magni
3144 3262 3442 3318 faciebant.

1870 3353 1978 3408 Eos
2015 3362 2197 3407 autem
2226 3353 2318 3420 qui
2344 3368 2452 3406 non
2495 3353 2570 3405 ita
2601 3351 2776 3406 aﬂ‘ecti
2799 3360 2989 3418 erant,
3038 3353 3132 3408 sed
3170 3356 3447 3409 contraria

1870 3448 2166 3500 sentientes
2191 3444 2458 3514 superbia:
2481 3484 2496 3510 ,
2528 3443 2809 3510 iniustitia:
2849 3453 2903 3496 et
2930 3444 3300 3499 humiliationi
3351 3446 3448 3500 da-

1870 3538 2001 3591 bant
2029 3550 2269 3606 Operam,
2299 3535 2456 3604 longe
2479 3549 2509 3588 a
2537 3550 2624 3588 me
2645 3534 2950 3605 exigebam,
2978 3535 3051 3588 ita
3083 3545 3144 3590 ut
3180 3551 3249 3590 ne
3273 3537 3449 3606 respi-

1869 3644 2045 3684 cerent
2077 3628 2297 3697 quidem
2341 3627 2464 3681 illos
3476 3619 3484 3626 ’

1896 3783 1899 3787 _
1941 3720 1993 3774 8.
2033 3718 2099 3772 In
2131 3719 2388 3772 matutino
2409 3718 2786 3787 interﬁciebam
2817 3733 2992 3772 omnes
3017 3729 3314 3788 peccatores
3345 3730 3449 3773 ter-

1867 3830 1965 3866 .raz.
2020 3812 2340 3865 Peccatores
2369 3820 2529 3864 vocat
2555 3811 2723 3864 malas
2750 3803 3127 3879 cogitationes,
3159 3827 3296 3880 quas
3321 3828 3448 3867 cum

1873 3903 2157 3958 matutinis
2184 3902 2554 3966 orationibus,
2587 3915 2701 3956 tum
2731 3903 2785 3956 in
2815 3902 2911 3957 Dei
2943 3905 3234 3974 praesentia
3264 3906 3451 3958 cousi-

1874 3995 2065 4050 stendo
2091 3995 2408 4063 castigabat.
2440 3993 2503 4048 Ut
2527 3994 2880 4064 disperderem
2909 3997 2973 4048 de
3002 3997 3210 4049 civitate
3233 3995 3449 4050 Domini

1872 4105 2048 4142 omnes
2076 4097 2345 4160 operantes
2369 4088 2720 4156 iniquitatem.
2747 4087 3035 4143 Civitatem
3065 4088 3284 4143 Domini
3318 4105 3449 4143 san-

1874 4191 2016 4234 ctam
2040 4179 2171 4233 dicit
2217 4179 2486 4244 animam,
2513 4179 2667 4248 juxta
2696 4179 2900 4234 dictum
2931 4179 3062 4234 illud
3085 4181 3130 4216 ⁸³
3161 4197 3174 4232 :
3205 4177 3450 4234 Gloriosa

1876 4273 2019 4324 dicta
2051 4280 2170 4323 sunt
2200 4271 2264 4322 de
2287 4281 2355 4336 te,
2386 4269 2569 4321 civitas
2604 4268 2722 4322 Dei.

1881 4451 1933 4504 ί.
1987 4446 2171 4503 Oratio
2211 4448 2456 4516 pauperis
2487 4463 2604 4499 cum
2653 4447 2843 4499 anxius
2884 4445 3083 4514 fuerit,
3133 4453 3195 4498 et
3233 4444 3289 4498 in
3321 4460 3447 4496 con-

1811 4576 1854 4630 D
1953 4549 2128 4609 specta
2158 4538 2372 4592 Domini
2396 4538 2638 4606 e/fuderit
2666 4553 2868 4606 precem
2896 4554 3067 4591 suam.
3104 4537 3197 4592 CI.

2466 4632 2867 4701 Argumentum.

1885 4723 1989 4790 Qui
2021 4739 2222 4795 pauper
2253 4724 2548 4778 secundum
2582 4721 2754 4776 Deum
2785 4731 2904 4789 est,
2959 4723 3012 4776 id
3041 4731 3122 4777 est
3163 4722 3451 4792 propheta-

1956 4833 2076 4872 rum
2107 4817 2330 4883 chorus,
2360 4817 2596 4887 repletus
2619 4816 2804 4871 dolore
2825 4815 2895 4870 ob
2923 4816 3123 4886 prioris
3154 4815 3336 4885 populi
3363 4830 3451 4868 ex-

1957 4909 2158 4962 cidium
2186 4949 2201 4973 ,
2236 4909 2302 4961 ad
2331 4907 2621 4962 Dominum
2669 4907 2917 4973 accedit,
2956 4923 3056 4977 pro
3105 4909 3222 4977 ipso
3253 4906 3458 4975 popqu

1957 5015 2142 5070 preces
2172 4999 2454 5054 eﬁ‘undens
2481 5015 2605 5053 cum
2628 4999 2840 5069 jejunio
2863 5007 2918 5054 et
2941 4999 3218 5070 lacrymis,
3252 5007 3309 5051 ut
3337 4997 3452 5066 ipse

1952 5089 2185 5160 populus
2214 5089 2635 5144 misericorditer
2672 5089 2997 5158 excipiatur.
3027 5087 3294 5141 Praulicat
3321 5087 3450 5140 item

1956 5181 2044 5235 hic
2097 5181 2340 5250 psalmus
2390 5181 2728 5234 vocationem
2779 5179 3056 5249 gentium,
3115 5180 3169 5232 in
3216 5178 3451 5231 adventu

1957 5269 2255 5324 Salvator-is
2280 5270 2448 5324 nostri
2482 5267 2607 5324 Jcsu
2650 5267 2854 5323 Christi
2885 5267 3123 5323 futuram

1954 5445 2007 5498 2.
2045 5444 2264 5498 Domine
2283 5487 2297 5510 ,
2325 5446 2520 5499 exaudi
2548 5446 2839 5498 orationem
2871 5461 3060 5498 meam.
3101 5443 3229 5509 Qum
3251 5443 3449 5511 populo

1887 5538 2228 5608 contigerunt
2279 5538 2381 5592 sibi
2437 5539 2591 5606 quasi
2651 5538 2867 5608 propria
2929 5536 3152 5591 ascribit
3215 5535 3445 5604 proohe—

1888 5630 2025 5683 licus
2056 5629 2274 5683 chorus.

3171 5888 3244 5950 15
