4070 6462
643 393 749 451 ϋτ

710 515 762 566 4.
787 513 930 577 Quia
958 510 1250 578 defecerunt
1285 511 1418 563 sicut
1457 510 1631 577 fumus
1663 513 1772 562 dies
1820 512 1917 562 mei
1938 552 1952 574 ,
2000 520 2047 562 et
2077 527 2194 564 ossa
2225 514 2270 568 Α

642 622 754 658 mea
782 606 913 657 sicut
967 605 1214 656 cremiunt
1258 612 1530 655 aruerunt.
1604 601 1808 655 Horum
1866 603 1980 671 jam
2031 605 2201 656 multo

640 707 761 750 ante
787 695 1160 764 interpretatio
1191 693 1316 747 data
1352 702 1538 755 est,-at
1563 709 1779 747 rursum
1803 694 2032 748 dicetur.
2064 693 2199 748 Tota

639 789 807 842 virtus
839 803 1024 842 eorum
1054 802 1155 855 .per
1193 802 1354 855 quam
1398 787 1728 840 consistebat
1758 787 1940 841 cultus
1991 787 2197 855 legalis,

639 879 807 932 fracta
837 886 999 932 estet
1033 877 1208 945 periit.
1247 876 1412 928 Erant
1440 884 1619 928 autem
1674 876 1768 928 illa
1814 875 2196 940 sacerdotiut‘n,

639 971 931 1040 templum.
984 969 1250 1022 sacriﬁcia
1297 980 1708 1032 armentorum,
1760 969 1985 1022 libertas
2017 969 2197 1038 populi

636 1064 751 1117 suis
780 1062 988 1132 legibus
1021 1060 1256 1115 vivendi.

705 1239 753 1292 7.
785 1238 986 1291 Factus
1015 1252 1129 1289 sum
1167 1236 1300 1289 sicut
1351 1236 1652 1303 nycticoraa:
1677 1234 1732 1286 in
1769 1234 2057 1288 domicilio.
2084 1231 2197 1288 Hoc

629 1333 760 1386 dicit
814 1333 883 1385 ob
939 1331 1188 1384 tenebras
1252 1344 1372 1399 quae
1433 1329 1690 1397 populum
1752 1327 2194 1397 interceperunt;

632 1423 913 1492 ignorabat
943 1421 1086 1475 enim
1119 1421 1305 1474 Deum.
1361 1419 1502 1484 Quid
1549 1429 1729 1473 autem
1773 1421 2054 1489 proprium
2098 1437 2194 1492 ny-

631 1514 906 1576 cticoraci,
945 1514 1050 1567 nisi
1085 1521 1143 1565 ut
1173 1513 1370 1566 clamet
1401 1521 1579 1575 nocte,
1609 1495 1962 1580 quamobrem
2001 1513 2193 1581 hujus-

628 1608 774 1662 modi
805 1607 1124 1661 vocabulum
1157 1605 1382 1660 sortitus
1407 1604 1521 1658 est?
1541 1604 1806 1669 Quoniam
1836 1604 1999 1672 igitur
2027 1613 2192 1657 totam

628 1709 839 1754 noctem
879 1698 1149 1768 precando
1182 1697 1535 1766 transigebat,
1561 1710 1680 1751 sese
1713 1695 1840 1765 jure
1865 1695 2193 1766 nycticoraci

626 1789 859 1844 confert.

695 1882 746 1935 8.
813 1881 1038 1952 Vigilavi
1079 1889 1127 1934 et
1162 1880 1334 1949 factus
1363 1895 1479 1932 sum
1520 1879 1657 1932 sicut
1701 1894 1882 1946 passer
1919 1877 2195 1931 solitarius
2228 1854 2270 1910 Β

626 1975 680 2026 in
715 1981 868 2026 tecto.
926 1973 1055 2041 Ego,
1107 1971 1303 2040 inquit,
1338 1971 1431 2039 qui
1479 1978 1719 2038 tempore
1751 1969 1956 2039 peccati
2001 1976 2195 2037 captus

629 2080 733 2116 t:on
775 2061 849 2116 fui
872 2105 885 2129 ,
910 2077 1082 2131 usque
1116 2062 1251 2115 adeo
1279 2061 1569 2114 derelictus
1601 2075 1744 2124 sum,
1784 2068 1842 2112 ut
1865 2059 2068 2127 passeri
2101 2058 2195 2110 uni

625 2155 817 2211 similis
838 2156 961 2209 sim.
988 2152 1173 2207 Tanta:
1195 2162 1323 2207 sunt
1353 2152 1498 2205 enim
1524 2151 1791 2220 myriadcs
1822 2160 2191 2219 peccatorum,

627 2259 684 2300 ut
711 2248 921 2300 etiamsi
964 2245 1182 2315 plurimi
1212 2244 1440 2298 salutem
1479 2250 1906 2311 consequantur,
1943 2256 2085 2296 unus
2114 2251 2195 2295 ta-

626 2352 769 2401 men,
799 2342 877 2388 tot
909 2333 1243 2404 myriadibus
1267 2331 1590 2399 comparati,
1618 2330 1924 2382 videantur.

696 2428 748 2481 9.
812 2425 943 2479 Tota
988 2425 1074 2478 die
1105 2425 1495 2493 exprobrabant
1530 2422 1659 2474 mihi
1696 2419 1901 2472 inimici
1933 2416 2052 2470 mei.
2096 2414 2195 2468 Ri-

622 2520 834 2575 diculus
863 2519 940 2572 fni
968 2518 1202 2572 inimicis
1231 2518 1368 2570 meis
1399 2535 1410 2568 :
1454 2524 1506 2568 et
1534 2514 1627 2582 qui
1661 2513 1788 2565 olim
1816 2511 1946 2564 mihi
1983 2509 2193 2563 invide-

624 2614 771 2674 bant,
821 2613 1081 2664 a.lversus
1133 2624 1280 2662 meas
1311 2607 1647 2661 calamitates
1686 2605 1893 2674 jnrant,
1940 2611 2195 2671 rogantes

623 2722 690 2758 ne
715 2704 816 2757 sibi
864 2703 1017 2770 paria
1054 2700 1392 2770 contingant.
1432 2698 1564 2751 Illud
1596 2706 1798 2762 autem,
1841 2712 1960 2749 eum
1999 2695 2192 2761 cinere,

622 2794 905 2849 consimile
935 2804 1017 2848 est
1061 2791 1462 2862 septuagesimo
1505 2805 1650 2843 nono
1679 2787 1887 2856 psalmo
1916 2805 1931 2840 :
1978 2785 2192 2839 Cibabis

622 2907 714 2942 nos
769 2905 903 2958 pane
936 2888 1295 2956 lacrymarunt
1351 2883 1416 2935 ⁸³.
1473 2880 1630 2946 Quod
1691 2880 1737 2933 si
1781 2879 1887 2932 cibi
1944 2877 2192 2932 sumendi

623 2997 836 3052 tempus
894 2981 1081 3033 dolore
1131 2979 1353 3047 plenum
1407 2973 1530 3037 fuit,
1581 2971 1668 3024 vix
1712 2969 1856 3024 aliud
1901 2968 2190 3037 quodpiam

621 3085 834 3141 tempus
885 3070 1041 3123 malis
1087 3081 1320 3120 vacuum
1354 3063 1478 3118 erit.
1519 3061 1586 3115 Et
1633 3062 1723 3129 qui
1765 3060 2058 3114 laudabant
2110 3076 2190 3113 me

621 3166 898 3218 adversum
925 3178 1002 3214 me
1027 3159 1301 3228 jurabant.
1352 3156 1414 3210 Et
1445 3154 1628 3218 amici,
1675 3153 1872 3223 inquit,
1919 3151 2015 3222 qui
2060 3150 2190 3205 olim

622 3256 913 3310 laudabant
944 3268 1048 3317 me,
1105 3266 1255 3306 meas
1306 3249 1646 3305 calamitates
1702 3246 1756 3300 in
1805 3243 2190 3314 jusjurandum

621 3347 951 3401 adhibebant
993 3344 1276 3397 dicentes:
1315 3338 1473 3393 Absit
1518 3349 1576 3392 ut
1615 3339 1742 3393 talia
1793 3339 1968 3408 patiar
2011 3334 2193 3406 qualia

619 3439 789 3491 Israel
830 3439 842 3490 Ξ

690 3527 774 3580 19.
840 3526 980 3590 Quia
1006 3527 1230 3578 cinerem
1267 3535 1519 3592 tauquam
1558 3538 1746 3592 panem
1780 3519 2189 3576 manducabam.

620 3617 729 3671 Ant
757 3617 1093 3671 calamitates
1129 3614 1455 3684 captivitatis
1505 3613 1794 3683 signilicat,
1820 3623 1915 3666 aut
1945 3611 2192 3666 aﬂlictio-

621 3725 743 3764 nem
776 3725 883 3780 qua
914 3725 972 3765 se
996 3708 1362 3776 macerabant,
1406 3716 1466 3762 ut
1490 3708 1724 3778 populus
1754 3705 2188 3762 misericordiam

620 3812 1067 3873 consequeretur.

695 3896 780 3948 11.
841 3894 981 3958 Quia
1013 3893 1216 3946 elevans
1258 3890 1480 3944 allisisti
1509 3906 1608 3942 me.
1653 3886 1817 3942 Solus
1848 3884 2010 3942 Israel
2043 3885 2188 3940 enim

619 4003 684 4042 ex
715 3985 970 4041 omnibus
1011 3984 1260 4054 gentibus
1290 3983 1537 4038 excelsus
1573 3987 1709 4047 erat,
1751 3979 1951 4048 quippe
1979 3978 2072 4048 qui
2100 3993 2190 4032 so-

621 4080 706 4135 ius
739 4079 989 4134 notitiam
1019 4079 1129 4132 veri
1161 4076 1252 4131 Dei
1285 4075 1527 4129 haberet.

691 4171 778 4224 i2.
838 4169 960 4222 Dies
1016 4169 1116 4221 mei
1178 4168 1314 4220 sicut
1350 4165 1537 4219 umbra
1599 4163 2010 4218 declinaverunt.
2061 4159 2188 4216 Dies

620 4274 750 4314 suos
779 4258 854 4311 ait
885 4265 1190 4310 transactos
1215 4259 1268 4308 in
1297 4255 1454 4326 legali
1481 4255 1653 4319 cultu,
1677 4255 1771 4323 qui
1807 4265 2032 4308 vocatur
2064 4268 2187 4306 utn-

621 4351 717 4403 bra
753 4349 1057 4402 futurorum
1091 4349 1383 4402 bonorum.
1432 4346 1500 4400 Et
1535 4363 1626 4416 ego
1663 4347 1798 4400 sicut
1824 4347 2001 4416 fenum
2040 4346 2184 4398 arui.

620 4439 778 4504 Illud,
810 4456 924 4509 ego,
950 4440 1185 4509 positum
1226 4447 1311 4494 est
1351 4454 1471 4508 pro,
1499 4438 1743 4508 populus,
1777 4454 1926 4504 nam,
1959 4446 2020 4492 ut
2048 4437 2183 4500 dixi,

1493 395 1549 445 S.
1592 393 1960 448 ATHANASII
2001 391 2150 447 OPP.
2185 390 2364 446 PARS
2402 390 2489 447 Ill.
2525 419 2592 433 σ-
2622 391 3028 447 ΕΧΕΟΕΤΙΟΑ.

3771 395 3870 451 428

2371 511 2497 561 Ὅτι
2520 508 2798 572 ἐξέλιπον
2843 509 2983 561 ὡσεὶ
3016 507 3244 573 καπνὸς
3275 510 3334 560 al
3369 508 3572 576 ἠμέῃλαι
3594 526 3733 577 μου,
3773 513 3867 564 καὶ

2306 601 2377 654 τὰ
2409 600 2559 654 ὀστᾶ
2585 619 2701 668 μου
2726 601 2867 653 ὡσεὶ
2901 601 3150 669 φρύγιον
3181 603 3666 668 συνερρίογησην.
3691 603 3734 653 Τ
3739 602 3872 655 αὔτα

2308 690 2406 757 μὲν
2446 689 2788 760 ύπεράνωθεν
2841 690 2938 759 τὴν
2990 690 3283 759 ἑρμηνείαν
3337 689 3544 752 ἔλαϐον,
3578 690 3872 759 ῥηθήσεται

2301 782 2357 833 δὲ
2393 784 2485 835 καὶ
2512 779 2690 845 αὖθις.
2714 785 2870 836 Πᾶσα
2905 783 3014 852 γὰρ
3064 783 3292 851 δύναμις
3325 783 3525 844 αὐτῶν,
3557 783 3624 835 δι’
3660 779 3728 853 ἧς
3753 798 3872 836 συν-

2303 879 2545 944 ειστήκει
2585 875 2650 928 τὰ
2705 875 2804 943 τῆς
2832 875 2971 927 κατὰ
2990 875 3151 944 νόμον
3180 873 3455 943 λατρείεις,
3489 873 3753 944 διεφθάρη
3779 876 3871 927 καὶ

2301 967 2594 1019 ἀπόλωλεν.
2627 963 2734 1018 τΗν
2779 966 2835 1018 δὲ
2863 966 3034 1017 ταῦτα
3087 966 3120 1033 ἡ
3184 962 3581 1035 ἀρχιερωσύνη,
3636 965 3665 1014 ό
3724 963 3868 1027 ναὸς,

2299 1057 2356 1108 αἱ
2404 1057 2490 1109 διὰ
2537 1056 2644 1109 τῶν
2703 1055 3033 1126 θρεμμάτων
3087 1053 3290 1118 θυσίαι,
3343 1055 3375 1122 ἡ
3424 1050 3716 1121 αὐτονομία
3777 1051 3869 1103 τοῦ

2297 1149 2502 1212 ἔθνους.

2380 1242 2699 1311 Ἐγενήθην
2725 1242 2864 1294 ὡσεὶ
2900 1238 3256 1306 νυκτικόραξ
3281 1238 3351 1291 ἐν
3371 1234 3676 1300 οἱκοπέδῳ.
3707 1233 3874 1286 Τοῦτό

2299 1352 2430 1405 φησι
2468 1334 2554 1387 διὰ
2580 1335 2668 1386 τὸν
2697 1332 3056 1402 κατειληςςότα
3091 1332 3277 1384 σκότον
3310 1330 3398 1382 τον
3431 1329 3576 1381 λαόν·
3602 1327 3874 1395 ἀγνωσίαν

2297 1427 2404 1495 γὰρ
2431 1425 2555 1494 ἔσχε
2579 1424 2737 1478 Θεοῦ.
2785 1425 2849 1475 Τί
2876 1424 2930 1474 δὲ
2966 1423 3058 1475 τοῦ
3105 1421 3494 1490 νυκτικόρακος
3549 1419 3662 1472 ἀλλ’
3700 1418 3731 1487 ἦ
3777 1416 3869 1468 τοῦ

2301 1518 2427 1588 βοᾷν
2453 1517 2594 1571 κατά
2613 1516 2712 1579 τὰς
2745 1515 2945 1578 νύκτας
2986 1515 3134 1575 ἴδιον,
3164 1514 3285 1566 ὅθεν
3315 1512 3518 1581 ταύτην
3561 1510 3660 1579 τὴν
3703 1525 3842 1578 προσ
3861 1538 3872 1545 -

2297 1609 2522 1680 ηγορίαν
2566 1608 2792 1678 ἔλαχεν;
2863 1607 3078 1675 Ἐπειδὴ
3123 1607 3302 1657 τοίνυν
3359 1602 3647 1672 παννύχιον
3703 1600 3872 1652 ἐποίει

2299 1699 2752 1770 προσευχόμενος,
2811 1698 3122 1763 ἀναγκαίως
3184 1696 3372 1749 ἑαυτὸν
3407 1691 3746 1765 παραϐάλλει
3796 1689 3874 1758 τῷ

2297 1789 2519 1844 νυκτικό
2528 1807 2673 1859 ρακι.

2379 1880 2766 1949 Ἠγρύττνησα
2797 1880 2894 1932 »καὶ
2923 1880 3212 1948 ἐγενόμην
3258 1878 3338 1943 ὡς
3403 1877 3723 1944 στρουθίον
3762 1891 3872 1944 μο-

2295 1973 2472 2034 νάζον
2497 1974 2594 2027 ἐπὶ
2647 1973 2885 2041 δώματι.
2950 1971 3110 2039 Ἐγὼ,
3154 1973 3336 2041 φησιν,
3394 1972 3422 2023 ὁ
3482 1971 3554 2040 μὴ
3582 1969 3660 2038 τῷ
3699 1968 3875 2038 καιρῷ

2293 2068 2392 2136 τῆς
2419 2065 2691 2135 ἁμαρτίας
2719 2064 3172 2134 κατειλημμένος,
3204 2062 3457 2116 τοσοῦτον
3487 2061 3870 2130 κατελείφθην,

2294 2159 2367 2221 ὡς
2424 2159 2517 2211 καὶ
2567 2157 2646 2210 ἑνὶ
2699 2157 2931 2209 ἑοικέναι
2987 2155 3270 2225 στρουθίῳ·
3303 2155 3411 2208 ἀπὸ
3456 2153 3561 2225 γὰρ
3593 2152 3873 2224 μυριάδων

2292 2247 2580 2311 τοσούτων,
2608 2249 2656 2298 εἰ
2685 2248 2776 2299 καὶ
2801 2246 3016 2307 πλείους
3049 2242 3188 2315 ἦσαν
3241 2248 3289 2296 οἱ
3340 2244 3654 2314 σωζόμενοι,
3698 2244 3780 2296 ἑνὶ
3808 2244 3873 2296 ἂν

2295 2337 2660 2406 παρεϐάλοντο
2689 2338 2763 2399 ὡς
2798 2337 2932 2406 πρὸς
2960 2335 3054 2396 τὰς
3088 2335 3374 2405 μυριάδας.

2367 2429 2560 2494 Ὅλην
2584 2426 2696 2491 τὴν
2723 2426 2950 2493 ἡμέραν
2985 2425 3283 2484 ὠνείδιζόν
3307 2441 3382 2493 με
3410 2427 3464 2478 οἱ
3494 2425 3700 2493 ἐχθροί
3729 2440 3867 2494 μου.

2294 2519 2707 2586 Καταγὲλαστος
2742 2519 3008 2589 ἐγενόμην
3048 2520 3162 2579 τοῖς
3210 2518 3548 2588 δυσμενέσιψ
3610 2521 3659 2572 οἱ
3688 2519 3743 2572 δὲ
3768 2519 3872 2572 ’πά⁸

2292 2611 2380 2663 λαι
2423 2628 2488 2680 με
2534 2609 2820 2680 ζηλοῦντες
2874 2611 3014 2664 κατά
3043 2610 3152 2661 τὼν
3187 2609 3333 2679 ἐμῶν
3364 2610 3622 2679 ὀμνύουσι
3658 2628 3869 2680 συμφο-

2297 2703 2424 2773 ρῶν,
2448 2703 2726 2770 εὐχόμενοι
2755 2702 2830 2771 μὴ
2863 2700 2952 2754 ἴσα
2980 2701 3188 2755 παθεῖν.
3213 2703 3286 2754 Τὸ
3316 2702 3392 2764 δὲ,
3427 2719 3576 2769 μετα
3611 2702 3868 2762 σποδοῦ,

2291 2795 2424 2848 αὐτὸ
2452 2793 2827 2864 παραπλήσιον
2887 2793 2964 2862 τῷ
3002 2793 3387 2864 ἑϐδομηκοστῷ
3418 2795 3621 2864 ἐννὰτῳ
3649 2794 3866 2863 ψαλμῷ·

2300 2884 2547 2953 Ψωμιεῗς
2584 2881 2740 2953 ἡμᾶς
2772 2883 2926 2952 ἄρτῳ
2943 2883 3236 2952 δακρύων.
3282 2885 3344 2936 Ei
3374 2884 3430 2936 δὲ
3462 2887 3490 2936 ό
3533 2885 3630 2952 τῆς
3665 2883 3871 2954 τροφῆς

2293 2976 2481 3047 καιρὸς
2537 2976 2728 3046 ὀδύνης
2785 2977 2995 3048 ὑπῆρχε
3031 2977 3248 3047 μεστὸς,
3299 2977 3458 3048 σχολῇ
3515 2980 3565 3045 γ’
3599 2976 3665 3030 ἂν
3716 2977 3872 3039 ἄλλος

2291 3071 2605 3140 ἀπήλλακτο
2656 3069 2882 3134 πάθους.
2935 3071 3044 3124 Καὶ
3090 3074 3144 3124 οἱ
3195 3070 3582 3135 ἐπαινοῦντές
3616 3088 3696 3139 με
3743 3071 3868 3123 κατ’

2294 3159 2435 3230 ἐμοῦ
2461 3161 2714 3230 ὤμνυον.
2750 3160 2855 3215 Καὶ
2882 3161 2931 3212 οἱ
2962 3160 3124 3230 φίλοι,
3165 3163 3347 3230 φησιν,
3373 3163 3420 3214 οἱ
3469 3163 3633 3215 πάλαι
3657 3162 3872 3232 θαυμά-

2297 3251 2480 3315 ζοντές
2516 3270 2604 3323 με,
2634 3254 2796 3322 ὅρκον
2852 3253 3128 3305 ἐποιοῦντο
3153 3254 3250 3315 τὰς
3286 3252 3423 3322 ἐμὰς
3455 3253 3761 3323 συμφορὰς,
3787 3253 3872 3306 λέ-

2293 3359 2497 3411 γοντες’
2531 3344 2622 3412 Μὴ
2660 3343 2727 3396 τά
2755 3342 2891 3395 αὺτά
2910 3342 2986 3413 τῷ
3024 3342 3239 3413 Ἰσραὴλ
3268 3342 3526 3411 πάθοιμιῑ

2363 3525 2481 3575 Ὅτι
2503 3520 2737 3575 σποδὸν
2760 3522 2902 3575 ὡσεὶ
2929 3521 3108 3589 ἄρτον
3133 3523 3377 3591 ἔφαγον.
3411 3521 3480 3573 Ἦ
3514 3519 3612 3582 τὰς
3659 3535 3873 3590 συμφο-

2296 3614 2395 3685 ράς
2420 3613 2519 3677 τὰς
2550 3615 2608 3666 ὲν
2633 3615 2699 3684 τῇ
2747 3613 3091 3684 αἰχμαλωσίᾳ
3125 3614 3396 3684 σημαίνει,
3431 3613 3463 3682 ἢ
3497 3612 3596 3683 τὴν
3626 3612 3875 3666 κακοπάο

2292 3707 2444 3762 θειαν
2490 3709 2556 3780 ἢν
2620 3707 2900 3761 ἐποιοῦντο
2955 3707 3094 3778 ὑπὲρ
3155 3707 3248 3760 τοῦ
3313 3705 3720 3776 οἰκτειρηθῆναι
3780 3705 3875 3758 τὸν

2291 3801 2418 3853 λαόν
2427 3840 2439 3852 .

2365 3892 2492 3944 Ὀτι
2522 3890 2747 3958 ἐπάρας
2776 3888 3140 3957 κατέρῤαξάς
3163 3905 3258 3956 με.
3287 3889 3460 3951 Μόνος
3490 3888 3598 3960 γὰρ
3619 3889 3680 3954 ἐξ
3708 3891 3877 3944 ἀπάνι

2290 4001 2396 4037 των
2423 3979 2532 4036 τῶν
2562 3981 2730 4034 ἐθνῶν
2764 3980 2965 4051 ὑψηλὸς
3008 3975 3075 4050 ἦν
3108 3981 3136 4032 ὁ
3190 3980 3314 4043 λαὸς
3359 3980 3592 4053 Ἰσραὴλ,
3641 3982 3736 4035 ἆτε
3780 3984 3875 4036 καὶ

2293 4076 2454 4145 μόνος
2480 4073 2682 4142 γνῶσιν
2711 4073 2849 4144 ἔχων
2872 4071 2966 4125 τοῦ
2996 4071 3248 4143 ἀληθινοῦ
3278 4072 3410 4126 Θεοῦ

2359 4169 2428 4220 Al
2462 4165 2671 4234 ἡμέραι
2693 4184 2811 4235 μου
2836 4167 2979 4221 ὡσεὶ
3028 4167 3170 4222 σκιὰ
3217 4168 3566 4234 ἐκλίθησαν.
3626 4167 3872 4239 Ἡμέρας,

2290 4256 2454 4310 αὑτοῦ
2489 4258 2584 4327 τῆς
2623 4257 2857 4327 νομικῆς
2907 4257 3162 4326 λατρείας
3224 4255 3362 4311 εἷναί
3398 4275 3582 4329 φησιν,
3625 4260 3748 4328 ἣτις
3781 4261 3876 4312 καὶ

2292 4349 2417 4402 σκιὰ
2443 4347 2548 4403 τῶν
2577 4349 2873 4419 μελλόντων
2903 4350 3119 4417 ἀγαθῶν
3161 4349 3504 4418 ὀνομάζεται.
3534 4351 3705 4421 Κάγὼ
3728 4352 3876 4404 ὡσεὶ

2290 4444 2502 4511 χόρτος
2532 4440 2889 4508 ὲξηράνθην.
2922 4442 3014 4503 Τὸ,
3076 4441 3208 4509 ἐγὼ,
3251 4442 3371 4494 ἀντὶ
3424 4443 3542 4503 τοῦ,
3604 4445 3635 4494 ὁ
3699 4445 3874 4509 λαός.

621 4533 800 4586 omnia
848 4547 970 4601 (μου
1018 4533 1084 4586 ad
1137 4533 1394 4602 populum
1453 4532 1722 4602 pertinent
1756 4532 1913 4600 quasi
1967 4530 2186 4600 propria

2297 4536 2706 4587 Οἰκειοτωιεῖται
2729 4533 2854 4604 γὰρ,
2884 4532 2960 4594 ὡς
3001 4531 3156 4602 ἔφην,
3190 4532 3364 4586 πάντα
3395 4533 3464 4586 τά
3489 4535 3582 4586 τοῦ
3610 4532 3765 4588 λαοῦ.

621 4627 723 4678 sibi
759 4625 1027 4678 attribuit.

693 4715 780 4769 15.
836 4715 1099 4780 Quoniam
1133 4714 1443 4783 placuerunt
1482 4715 1645 4768 servis
1677 4715 1780 4767 tuis
1815 4714 2016 4784 lapides
2055 4716 2192 4784 ejus,

620 4817 669 4862 et
716 4819 868 4862 terra:
912 4808 1024 4876 ejus
1074 4807 1480 4863 miserebantur.
1517 4807 1747 4876 Lapides
1786 4818 1944 4864 vocat
1974 4823 2068 4863 eos
2100 4809 2194 4877 qui

622 4909 744 4969 post
789 4905 1243 4953 resurrectionem
1300 4899 1656 4954 crediderunt
1702 4901 1757 4954 in
1802 4901 2109 4968 Christum,
2143 4911 2196 4954 et

625 4993 751 5045 lacti
787 5000 913 5046 sunt.
949 4990 1155 5060 lapides
1198 4991 1392 5054 sancti,
1450 4991 1753 5045 secundum
1794 4990 2076 5054 Zachariae
2098 5006 2196 5044 vo-

624 5097 740 5136 cem
773 5101 784 5134 ζ
813 5097 998 5137 δεῖνος
1025 5091 1206 5137 autem
1222 5091 1614 5137 vocatsanctos
1640 5083 1934 5150 οροδιοιοε,
1961 5096 2193 5151 quorum

625 5189 786 5241 opera
817 5174 908 5242 qui
951 5176 1297 5229 crediderunt
1325 5175 1378 5228 in
1407 5174 1686 5228 Christum
1720 5175 1854 5228 salvi
1887 5173 2015 5230 facti
2046 5184 2192 5230 sunt.

627 5261 851 5315 Terram
896 5273 1096 5323 autem,
1129 5263 1376 5332 populos,
1429 5265 1522 5332 qui
1567 5265 1744 5320 adhuc
1778 5274 1994 5321 terreno
2045 5280 2197 5320 more

628 5353 837 5414 vivunt,
867 5363 920 5407 et
971 5354 1147 5407 adhuc
1191 5370 1296 5408 non
1350 5355 1600 5418 credunt,
1649 5373 1788 5426 quos
1837 5359 2194 5412 commisera-

631 5444 778 5496 tione
807 5444 1000 5512 dignos
1042 5444 1137 5498 ait.
1173 5442 1474 5500 Servantur
1503 5457 1682 5501 autem
1732 5449 1973 5517 reliquia:
2004 5450 2070 5502 ad
2095 5465 2194 5503 no-

633 5540 914 5590 vissimum
944 5554 1115 5606 usque
1138 5538 1300 5602 diem;
1328 5541 1428 5608 ipsi
1457 5541 1602 5594 enim
1633 5555 1727 5611 per
1756 5540 1926 5596 Eliam
1960 5543 2195 5612 prophe-

633 5638 738 5681 tam
772 5630 1002 5683 salutem
1029 5643 1452 5701 consequentur.

697 5782 742 5812 ⁸³
784 5782 926 5838 i‘sal.
964 5803 1156 5849 um,
1199 5789 1251 5844 6.

2370 4714 2497 4765 Ὅτι
2543 4709 2894 4778 ηὐδόκησαν
2947 4711 3003 4763 οἱ
3053 4708 3261 4762 δοῦλοι
3308 4726 3424 4763 σου
3465 4710 3606 4776 τοὺς
3661 4714 3874 4779 λίθους

2297 4805 2505 4872 αὐτῆς,
2533 4805 2630 4858 καί
2659 4803 2764 4856 τὸν
2790 4799 2943 4873 χοῦν
2961 4801 3151 4869 αὐτῆς
3181 4803 3647 4873 οὶκτειρήσουσι.
3677 4806 3875 4869 Λίθους

2301 4898 2398 4966 μὲν
2439 4899 2564 4960 τοὺς
2621 4896 3014 4957 πιστεύσαντας
3047 4896 3124 4957 εἰς
3168 4896 3401 4965 Χριστὸν
3440 4898 3577 4964 μετὰ.
3609 4900 3708 4966 τὴν
3740 4899 3874 4951 ἀνά.

2299 4990 2484 5044 στασίν
2510 5006 2662 5060 φησι,
2696 4991 2786 5043 καὶ
2809 4989 3130 5058 γενομένους
3155 4989 3335 5052 λίθους
3362 4990 3570 5058 ἁγίους,
3604 4992 3744 5044 κατά
3777 4992 3875 5060 τὴν

2298 5082 2568 5153 Ζαχαρίου
2598 5084 2801 5152 φωνήνο
2827 5080 3044 5145 δούλους
3069 5082 3124 5134 δὲ
3171 5083 3296 5144 τοὺς
3328 5083 3512 5150 ἁγίους
3541 5084 3880 5146 ἀποστόλους

2299 5176 2451 5246 φησὶ,
2480 5176 2546 5228 δι’
2575 5171 2648 5228 ὦν
2679 5176 2960 5246 ἐσώθησαν
2986 5179 3033 5229 οἱ
3055 5175 3442 5239 πιστεύσαντες
3487 5179 3568 5239 εἰς
3615 5179 3870 5248 Χριστόν.

2297 5267 2441 5320 Χοῦν
2467 5266 2523 5319 δὲ
2552 5267 2675 5328 τοὺς
2693 5267 2876 5330 λαοὺς,
2907 5268 3032 5330 τοὺς
3063 5267 3142 5320 ἔτι
3166 5267 3488 5339 χοῖκώτερον
3521 5267 3748 5331 ζῶντας,
3779 5269 3873 5321 καὶ

2296 5358 2376 5410 ἔτι
2410 5358 2503 5410 νῦν
2533 5357 2913 5420 ἀπιστοῦντας,
2945 5359 3038 5410 καὶ
3069 5359 3265 5422 αὐτοὺς
3291 5360 3346 5412 δὲ
3379 5360 3676 5429 οἰκτιρμῶν
3707 5379 3872 5430 φησιν

2298 5452 2480 5516 ἀξίους
2509 5445 2668 5503 εἶναι.
2702 5451 2957 5522 Τηρεῖται
2987 5450 3096 5523 γὰρ
3145 5454 3224 5514 εἰς
3253 5453 3351 5522 τὴν
3397 5451 3629 5521 ἐσχάτην
3658 5454 3870 5522 ἡμέραν

2295 5545 2356 5597 τὸ
2383 5543 2651 5613 λείψανον·
2687 5545 3021 5615 σωθήσονται
3068 5545 3177 5616 γὰρ
3209 5545 3304 5598 καὶ
3356 5544 3506 5596 αὐτοὶ
3565 5544 3652 5598 διὰ
3693 5545 3871 5597 Ἡλίου

2296 5636 2387 5688 τοῦ
2422 5638 2716 5707 προφήτου.
