4070 6454
182 387 290 449 499

1310 378 1671 434 Ε’ΧΡΟΞΙἸΊΟ
1705 378 1772 431 ΙΝ
1815 375 2145 433 PSALMUM
2185 376 2273 430 CI.

3323 369 3424 421 ιδο

257 502 362 555 Καὶ
393 499 834 568 φοϐηθήσονται
873 499 945 551 τὰ
968 497 1112 563 ἔθνη
1156 495 1220 549 τὸ
1271 494 1457 562 ὄνομα
1507 495 1746 560 Κυρίου.

1929 492 2013 545 16.
2081 491 2146 543 Ει
2204 489 2452 541 timebunt
2488 496 2658 556 gentes
2706 502 2891 539 nomen
2947 484 3178 537 Domini.
3227 483 3423 537 Merito

185 595 422 654 Ῑῖἰκίτως
452 593 650 662 μεταξῦ
681 591 771 643 τοῦ
805 591 1112 658 εὐδοκῆσαν
1144 587 1268 649 τοὺς
1296 587 1476 648 λίθους
1503 585 1595 636 τοῦ
1625 601 1754 654 προ-

182 687 342 754 τέρου
375 685 501 736 λαοῦ
537 684 643 735 τῶν
670 681 837 734 ἐθνῶν
870 680 1221 733 ἐπισυνάπτει
1255 679 1353 747 τὴν
1398 677 1610 746 κλῆσιν.
1647 677 1753 730 Kal

189 777 409 841 πάντες
439 778 490 828 οἱ
531 775 812 841 βασιλεῖς
837 773 943 840 τῆς
996 772 1106 841 γῆς
1150 772 1263 838 τὴν
1294 770 1481 834 δόξαν
1513 787 1646 822 σου.
1697 769 1756 818 Οἱ

187 867 427 936 βασιλεῖς
481 868 600 918 ἀντὶ
631 866 745 928 τοῦ,
783 868 837 919 αἱ
886 864 1169 935 βασιλεῖαι.
1207 864 1279 915 Οὐ
1317 862 1424 932 γάρ
1457 863 1571 913 ἐστι
1607 860 1756 927 βασι-

184 955 304 1006 λεία
333 954 452 1006 οὐδὲ
482 953 688 1026 ἐθνοςοὸ
718 954 790 1024 μὴ
822 955 1114 1024 προσκυνεῖ
1165 951 1260 1021 τὴν
1308 951 1463 1013 δόξαν
1493 949 1716 1020 Κυρίου.

261 1045 794 1129 Ὂτιιοίκοδομήσει
852 1047 1061 1112 Κίιριος
1111 1044 1226 1111 τὴν
1281 1043 1450 1097 Σιών.
1504 1042 1756 1094 Τουτέστι

180 1138 284 1209 τὴν
320 1137 661 1207 Ἐκκλησίαν.

272 1232 632 1297 Ἐπέὅλεψεν
658 1228 755 1282 ἐπὶ
790 1227 902 1294 τὴν
926 1227 1273 1296 προσευχὴν
1303 1227 1419 1280 τῶν
1442 1225 1752 1280 ταπεινῶν.

187 1322 414 1390 Ἔλεγον
463 1322 569 1391 γὰρ
601 1322 648 1372 οἱ
682 1321 906 1383 ἑαυτοὺς
930 1320 1308 1383 ταπεινοῦντες
1338 1321 1759 1390 προσευχόμενοι

187 1413 479 1484 προφῆται.
517 1412 626 1462 Καὶ
660 1410 744 1474 σὺ,
799 1411 968 1482 Κύριε
1007 1414 1035 1463 6
1069 1411 1199 1474 Θεὸς
1246 1412 1478 1482 Ἰσραὴλ,
1526 1412 1758 1481 πρόσχες

181 1502 280 1556 τοῦ
303 1503 696 1570 ἐπισκέψασθαι
736 1503 910 1557 πάντα
934 1504 1000 1557 τὰ
1026 1503 1173 1575 ἔθνη.

258 1595 550 1663 Γραφήτω
575 1597 724 1663 αὕτη
768 1600 855 1662 εἰς
888 1597 1099 1665 γενεὰν
1146 1597 1375 1663 ἑτέραν.
1422 1595 1484 1647 Ἡ
1529 1595 1616 1650 διὰ
1667 1593 1758 1648 τοῦ
1795 1661 1804 1670 ο

182 1684 401 1754 ψαλμοῦ
433 1688 729 1757 προσευχὴ,
760 1689 852 1739 καὶ
885 1689 916 1757 ἡ
946 1688 1072 1756 περὶ
1120 1687 1225 1739 τῶν
1251 1685 1418 1738 ἐθνῶν
1465 1685 1761 1752 ἐπαγγελία

185 1780 659 1851 προφητευομένη,
696 1780 946 1850 καθάπερ
968 1782 1025 1831 ὲν
1061 1779 1228 1849 στήλῃ
1271 1778 1580 1830 τυπωθεῖσα
1618 1777 1760 1829 δέδο-

183 1887 276 1922 ται
341 1875 453 1933 τοῖς
520 1871 812 1935 Ἰουδαίοις,
877 1873 955 1933 εἰς
1013 1870 1072 1923 τὺ
1123 1871 1478 1939 φυλάττεσθαι
1525 1870 1603 1940 τῷ
1653 1872 1758 1942 νέῳ

195 1962 414 2031 Ἰσραὴλ
440 1962 534 2015 καὶ
558 1966 622 2032 τῇ
653 1963 795 2016 κατὰ
813 1963 1045 2033 Χριστὸν
1065 1964 1244 2033 γενεᾷ.
1276 1963 1384 2016 Καὶ
1413 1964 1562 2029 λαὸς
1583 1966 1615 2017 ό
1646 1981 1761 2017 κτι-

181 2053 428 2122 ζόμενος
459 2053 683 2107 αἰνέσει
712 2053 817 2107 τὸν
840 2056 1075 2121 Κύριον.

283 2148 384 2198 Οτι
413 2143 710 2213 ἐξέκυψεν
744 2147 812 2210 ἐξ
847 2147 1043 2215 ὕψους
1067 2147 1238 2215 ἁγίου
1270 2147 1473 2200 αὐτοῦ.
1523 2147 1631 2218 Τὴν
1677 2151 1760 2201 αἰ-

182 2234 306 2289 τίαν
331 2237 461 2306 ἡμῖν
490 2237 586 2308 τῆς
611 2238 856 2308 κλήσεως
875 2237 984 2290 τῶν
1011 2238 1175 2291 ἐθνῶν
1198 2239 1576 2307 παρατίθεται.
1611 2239 1758 2309 Αὕτη

181 2332 242 2385 δέ
274 2335 420 2385 ἐστιν
453 2335 486 2403 ἡ
538 2333 828 2400 ἐπιφάνεια
859 2333 953 2385 τοῦ
987 2334 1238 2404 Σωτῆρος
1295 2333 1453 2404 ἡμῶν
1500 2332 1758 2405 Χριστοῦ,

178 2423 251 2493 ῆν
273 2424 494 2492 ἐποίησε
524 2424 707 2486 κλίνας
729 2423 1008 2494 οὐρανούς.

261 2515 370 2568 Τοῦ
399 2514 655 2568 ἀκοῦσαι
677 2514 784 2567 τὸν
807 2514 1145 2584 στεναγμὸν
1166 2512 1284 2567 τῶν
1312 2515 1758 2585 πεπεδημένων.

177 2606 293 2659 Καὶ
330 2606 471 2669 τίνες
493 2610 544 2659 οἱ
574 2607 971 2678 πεπεδημένοι,
1029 2607 1060 2678 ἢ
1100 2607 1192 2669 οὓς
1233 2609 1436 2677 σειραῖς
1491 2609 1763 2678 ἁμαρτίας

178 2696 440 2767 εσφιγξεν
465 2701 493 2752 6
517 2700 803 2769 μισόκαλος
825 2700 1064 2770 δαίμων;
1100 2698 1208 2752 Τοῦ
1232 2698 1417 2752 λῦσαι
1437 2698 1577 2764 τοὺς
1596 2699 1764 2764 υἱοὺς

181 2788 303 2843 τῶν
329 2790 838 2858 τεθανατωμένων.
900 2791 961 2842 Ol
986 2789 1107 2844 .ulo't
1153 2789 1260 2842 τῶν
1310 2791 1763 2862 τεθανατωμένων

179 2876 296 2934 εἷεν
318 2879 384 2934 ἂν
418 2883 464 2932 οἱ
497 2881 557 2943 ἐξ
578 2879 767 2944 ἐθνῶν,
804 2879 980 2950 καθὴν
1013 2879 1283 2932 ἀπέθανον
1314 2884 1363 2932 oi
1405 2884 1638 2954 πατέρες
1666 2884 1763 2936 αὑ-

177 2972 292 3024 τῶν
318 2973 438 3033 ταῖς
471 2970 627 3032 ἰδίαις
662 2970 957 3040 ἁμαρτίαις
991 2969 1500 3041 είδωλολατροῦντες
1521 2972 1620 3024 ἔτι.

260 3068 372 3123 Τοῦ
397 3067 742 3138 ἀναγγεῖλαι
792 3067 862 3121 ἐν
894 3067 1046 3122 Σιὼν
1072 3067 1140 3120 τὸ
1183 3066 1367 3136 ὄνομα
1410 3068 1614 3122 αὑτοῦ.
1657 3070 1766 3120 Καὶ

1860 583 1986 637 dum
2019 583 2233 651 placent
2285 579 2487 648 lapides
2518 579 2712 646 prioris
2737 577 2923 647 papuli
2972 575 3252 644 subjungit
3290 588 3421 643 gen-

1860 675 1994 726 lium
2052 671 2407 725 vocationem.
2467 667 2533 720 Et
2585 685 2759 722 omnes
2810 685 2949 737 reges
3005 679 3155 720 terra
3199 666 3425 736 gloriam

1861 774 2027 817 tuam.
2087 762 2260 831 Reges
2293 762 2525 827 positum
2559 776 2656 827 pro
2691 773 2875 827 regna.
2929 755 3045 810 Non
3102 763 3183 809 est
3227 755 3427 823 quippe

1858 870 2084 923 regnum
2127 869 2302 922 neque
2332 868 2462 921 gens
2491 867 2611 920 quze
2657 867 2762 903 non
2810 849 2997 903 adoret
3033 848 3259 918 gloriam
3315 847 3420 900 Do-

1861 949 2015 1001 mini.

1939 1040 2029 1093 17.
2090 1039 2225 1103 Quia
2273 1037 2554 1105 wdi/icabit
2598 1035 2854 1088 Dominus
2885 1033 3033 1088 Sion.
3085 1031 3140 1086 ld
3178 1040 3283 1096 est,
3325 1029 3428 1084 Ec.

1864 1130 2106 1185 clesiam.

1934 1223 2021 1277 18.
2094 1221 2332 1290 Respexit
2374 1222 2429 1273 in
2474 1221 2763 1273 orationem
2816 1215 3119 1271 humilium.
3166 1215 3430 1269 Dicebant

1861 1316 2059 1385 quippe
2095 1305 2370 1384 piﬁphetaa
2399 1313 2524 1366 dum
2551 1311 2756 1366 orando
2797 1324 2916 1364 sese
2946 1307 3321 1361 humiliarent.
3357 1305 3426 1357 Et

1861 1417 1938 1471 tu,
1973 1405 2192 1458 Domine
2224 1403 2359 1456 Deus
2395 1401 2586 1466 Israel,
2625 1402 2854 1466 intende,
2901 1400 2969 1453 ad
2995 1399 3288 1452 visitandas
3316 1413 3430 1449 om-

1863 1512 1951 1551 nes
1977 1508 2149 1566 gentes
2178 1495 2246 1549 ⁸⁸.

1935 1590 2023 1643 £9.
2083 1587 2358 1642 Scribatur
2401 1587 2509 1640 hazc
2554 1587 2609 1638 in
2641 1585 2972 1654 generatione
2999 1582 3190 1636 altera.
3241 1575 3428 1633 Oratio
3490 1633 3495 1636 _

1865 1682 2074 1736 scilicet
2098 1696 2219 1750 qua:
2245 1681 2297 1732 in
2324 1679 2535 1748 psalmo
2563 1677 2874 1740 eﬂ'unditur,
2905 1688 2958 1730 et
2981 1673 3269 1740 promissio
3301 1686 3432 1740 gen-

1865 1775 2010 1828 tibus
2041 1773 2354 1842 prophetice
2403 1771 2569 1836 facta,
2627 1770 2785 1839 quasi
2825 1770 2877 1821 in
2935 1769 3094 1837 cippo
3156 1765 3430 1833 insculpta

1865 1867 2060 1921 tradita
2094 1874 2177 1920 est
2220 1865 2441 1927 Judaeis,
2501 1873 2562 1915 ιιι
2603 1871 2912 1917 servaretur
2946 1861 3088 1913 noi'o
3131 1857 3316 1913 lsraeli
3377 1865 3434 1911 et

1859 1958 2179 2013 Christianae
2226 1954 2586 2026 generationi.
2626 1953 2696 2006 Et
2747 1953 2970 2022 populus
3019 1953 3109 2022 qui
3167 1950 3434 2004 creabitur

1861 2048 2104 2102 laudabit
2127 2046 2432 2100 Dominum.

1930 2140 2021 2195 20.
2098 2139 2239 2204 Quia
2267 2136 2536 2206 prospexit
2577 2136 2641 2187 de
2681 2134 2883 2187 excelso
2925 2143 3108 2188 sancto
3139 2149 3254 2186 suo.
3289 2131 3434 2186 Cau-

1862 2245 1978 2284 sam
2007 2228 2162 2282 nobis
2192 2224 2735 2295 apponitvocationis
2767 2225 3030 2294 gentium.
3073 2222 3198 2276 Haec
3223 2231 3306 2277 cst
3333 2239 3432 2275 au-

1861 2331 1969 2376 tem
1996 2320 2257 2373 adventus
2285 2313 2582 2368 Salvat0ris
2616 2316 2789 2369 nostri
2825 2315 3049 2376 Christi,
3102 2314 3320 2382 quando
3347 2313 3432 2366 in-

1864 2413 2084 2469 clinavit
2113 2412 2301 2466 caelos.

1932 2506 2022 2559 21.
2085 2503 2151 2559 Ut
2199 2505 2404 2558 audiret
2447 2501 2697 2573 gemitum
2744 2498 3175 2564 compeditorurn.
3229 2493 3432 2562 Ecqui-

1864 2613 1986 2652 nam
2041 2597 2352 2665 compediti,
2387 2597 2490 2650 nisi
2524 2610 2665 2663 quos
2693 2592 2899 2648 catenis
2929 2589 3135 2658 peccati
3163 2587 3436 2641 constrin-

1863 2689 1939 2759 git
1982 2688 2246 2741 bonorum
2285 2700 2413 2739 osor
2456 2684 2699 2739 dzemon?
2742 2681 2805 2736 Ut
2853 2681 3067 2734 solveret
3100 2679 3239 2746 ﬁlios
3273 2678 3428 2730 inter-

1863 2791 2178 2849 emptorum.
2228 2779 2349 2833 Filii
2414 2779 2862 2844 interemptorum
2917 2771 3119 2826 fuerint
3165 2770 3431 2839 gentiles.

1867 2882 2098 2943 quorum
2163 2882 2343 2942 patres
2409 2871 2464 2924 in
2526 2868 2759 2939 propriis
2820 2863 3060 2936 peccatis
3137 2861 3436 2916 idololatrzn

1866 2968 2135 3020 obierunt.

1933 3056 2024 3109 22.
2092 3055 2160 3109 Ut
2188 3054 2496 3107 annuntient
2530 3054 2587 3104 in
2616 3050 2743 3105 Sion
2796 3064 2979 3101 nomen
3025 3046 3158 3114 ejus.
3198 3042 3265 3098 Et
3305 3043 3434 3097 illud

177 3161 341 3214 τοῦτό
371 3177 502 3230 φησι.
525 3135 629 3229 ’τῆς
655 3158 878 3214 καθόδου
912 3158 1103 3223 αἴτιον,
1120 3159 1267 3222 ὅπως
1293 3161 1326 3230 ἡ
1369 3159 1658 3228 Ἐκκλησία
1679 3163 1762 3214 ἅν-

1878 3165 2094 3222 quoque
2125 3150 2201 3203 ait
2242 3157 2326 3202 est
2358 3147 2654 3200 descensus
2705 3158 2891 3203 causa,
2945 3148 3004 3192 ιιι
3033 3137 3272 3192 Ecclesia
3319 3135 3439 3189 edi-

179 3255 373 3324 υμνείν
401 3251 622 3323 μάθοιεν
653 3252 714 3304 τὸ
757 3251 928 3323 ὖνομα
982 3250 1167 3304 αὐτοῦ.
1216 3250 1363 3320 Αὕτη
1405 3253 1511 3322 γάρ
1540 3255 1685 3306 ἐστιν
1733 3256 1768 3324 ἡ

181 3339 346 3396 Σιών.

271 3436 374 3498 Ἑν
399 3433 479 3499 τῷ
505 3433 984 3504 ἐπισψαχθῆναι
1009 3434 1199 3500 λαοὺς
1226 3433 1323 3486 ἐπὶ
1351 3432 1416 3486 τὸ
1441 3436 1608 3489 αὐτό.
1650 3436 1768 3490 Τῶν

182 3529 359 3583 ἐθνῶν
407 3529 712 3599 ἑωρακότες
769 3529 856 3581 διὰ
902 3527 996 3580 τοῦ
1049 3526 1357 3597 πνεύματος
1402 3528 1499 3596 τὴν
1551 3530 1643 3580 ἐπὶ
1676 3529 1768 3581 τὸν

180 3619 391 3689 Κύριον
425 3617 744 3688 συναγωγὴν
790 3618 840 3669 oi
886 3616 1181 3688 προφῆται,
1247 3615 1624 3686 παρεκάλεσαν
1676 3617 1767 3668 καί¹

181 3712 342 3768 αὐτοὶ
366 3710 769 3782 καταξιωθῆναι
791 3709 994 3780 ταύτης
1035 3708 1134 3778 τῆς
1191 3705 1463 3777 μακαρίας
1509 3706 1636 3770 θέας
1672 3707 1766 3758 καὶ

181 3803 288 3875 τῆς
311 3805 423 3858 τῶν
450 3804 788 3876 πραγμάτων
819 3801 1114 3863 ἐκϐάσεως.

270 3895 584 3962 Ἀπεκρίθη
631 3888 792 3956 αὑτῷ
851 3892 921 3944 ἐν
987 3889 1105 3955 ὀδῷ
1168 3889 1381 3958 ἰσχύος
1430 3887 1636 3942 αὐτοῦ.
1707 3889 1765 3941 '0

183 3987 528 4062 προφητικὸς
554 3985 712 4056 χορὸς
747 3984 846 4054 μέν
895 3987 1040 4037 ἐστιν
1095 3984 1124 4035 6
1170 3981 1617 4052 ἀποκρινόμενος,
1647 3980 1764 4050 ἢτοι

184 4079 411 4151 ἐρωτῶν
448 4078 540 4132 τὸν
575 4077 725 4131 Θεόν.
774 4076 920 4130 Ὀδὸν
986 4075 1166 4145 ἰσχύος
1212 4071 1376 4126 αὐτοῦ
1406 4070 1503 4142 τὴν
1539 4071 1630 4122 ἐπὶ
1661 4071 1764 4139 γῆς

185 4172 495 4244 παρουσίαν
528 4169 711 4240 φησίν.
751 4164 921 4220 *Ηλθε
959 4167 1067 4237 γὰρ
1093 4168 1180 4220 ἵνα
1222 4167 1360 4238 δήσῃ
1401 4167 1492 4218 τὸν
1524 4164 1760 4235 ίσχυρόν.

190 4263 316 4331 Τὴν
341 4265 657 4333 ὀλιγότητα
693 4261 812 4316 τῶν
842 4256 1078 4330 ἡμερῶν
1097 4277 1217 4328 μου
1247 4258 1603 4329 ἀνάγγειλόν
1640 4274 1760 4328 μοι.

183 4347 316 4416 Οἷός
346 4354 480 4416 ἐστι,
536 4352 718 4420 φησὶν,
753 4351 782 4402 ὁ
832 4349 1095 4420 ἡμέτερος
1139 4347 1249 4417 βίος
1300 4348 1618 4415 ἁνάγγειλόν
1651 4364 1758 4416 μοι.

187 4444 403 4516 Ηῦχετο
454 4443 563 4512 γὰρ
599 4443 726 4496 ἰδεῖν
763 4445 811 4495 εἰ
844 4442 1036 4511 φθάσει
1081 4442 1160 4502 εἰς
1185 4439 1398 4500 ὲκείνας
1423 4439 1519 4500 τὰς
1551 4439 1763 4508 ἡμέρας

183 4540 223 4608 ἡ
277 4535 391 4606 ζωὴ
421 4533 607 4596 αὐτοῦ,
655 4534 777 4587 καθ’
803 4533 869 4596 ἃς
926 4532 1147 4602 ἔμελλεν
1202 4529 1626 4601 ἐνανθρωπήσας
1672 4529 1764 4582 ἐπὶ

185 4629 295 4699 γῆς
325 4625 605 4698 φαίνεσθαι
639 4628 667 4679 6
713 4627 1041 4695 Μονογενής.

257 4720 359 4788 Μὴ
389 4719 695 4788 ἀναγάγῃς
726 4735 801 4786 με
821 4720 890 4771 ἐν
912 4717 1116 4785 ἡμίσει
1141 4713 1376 4785 ἡμερῶν
1394 4731 1531 4782 μου.
1557 4713 1764 4780 Ἥμισυ

184 4812 300 4866 τῶν
327 4812 548 4882 ἡμερῶν
579 4810 742 4865 αὐτοῦ
775 4810 892 4878 ἦτοι
940 4808 1038 4879 τῆς
1076 4809 1215 4878 ζωῆς
1278 4807 1333 4840 -λ
1361 4806 1498 4868 τέως
1532 4807 1590 4857 ἐν
1629 4803 1763 4855 θεω-

192 4908 288 4978 pl;
316 4904 566 4972 γενέσθαι
624 4904 722 4974 τῆς
775 4901 1095 4970 ἐπιφανείας
1154 4899 1337 4969 φησίν.
1411 4898 1619 4966 Ηΰχετι,
1672 4889 1765 4948 οὖν

186 4995 544 5068 πληρωθῆναι
569 4993 732 5048 αὐτοῦ
763 4993 852 5046 τὸν
890 4993 1008 5045 ὅλον
1043 4991 1254 5062 χρόνον·
1290 4990 1383 5043 καὶ
1444 4991 1491 5041 εί
1544 4983 1653 5040 οἶόν
1704 5003 1764 5038 τε

187 5087 604 5160 παρεκταθῆναι
632 5086 727 5156 τὴν
759 5085 903 5155 ζωὴν
937 5082 1123 5146 αὐτοῦ,
1149 5083 1295 5144 ὅπως
1343 5080 1408 5133 ἂν
1459 5081 1553 5132 καὶ
1599 5077 1766 5146 αὐτῆς

157 5209 163 5213 -
187 5185 292 5252 τῆς
321 5182 428 5234 τῶν
457 5180 794 5249 πραγμάτων
817 5176 1091 5236 ἐκϐάσεως
1118 5173 1441 5242 καταξιωθῇ.
1478 5171 1634 5228 Οὕτω
1658 5169 1764 5240 γὰρ

188 5279 260 5332 ἂν
296 5276 517 5346 ἔμελλεν
544 5276 579 5344 ἡ
614 5274 760 5325 πᾶσα
796 5269 959 5326 αὐτοῦ
1012 5268 1124 5338 ζωὴ
1156 5264 1513 5338 πληροῦσθαι.
1559 5264 1654 5316 Ἐν
1676 5279 1768 5331 τε·

187 5368 304 5438 νεᾷ
330 5368 550 5437 γενεῶν
567 5367 640 5420 τὰ
666 5365 769 5429 ἐτη
799 5379 936 5416 σου.
972 5363 1136 5423 Γνοὺς
1167 5362 1196 5413 6
1233 5357 1565 5429 προφητικδς
1608 5354 1766 5426 χορὸς

188 5462 281 5514 διὰ
313 5458 408 5512 τοῦ
455 5457 784 5526 πνεύματος,
836 5453 1032 5516 ὡςούκ
1069 5452 1136 5506 ἂν
1185 5448 1379 5518 φθάσοι
1429 5448 1506 5507 είς
1560 5446 1620 5498 τὸ
1659 5444 1765 5498 τῶν

190 5548 538 5622 πραγμάτων
558 5549 751 5616 πέρας,
778 5543 958 5614 φησίν⁹
1003 5541 1143 5610 Ἐγὼ
1166 5540 1221 5593 δὲ
1246 5538 1649 5610 κοιμηθήσομαι
1671 5535 1765 5589 an

192 5643 392 5714 θνητὸς
418 5640 510 5695 ὢν·
545 5639 609 5692 σὺ
656 5638 712 5691 δὲ
743 5641 917 5709 μόνος,
944 5629 987 5688 ὧ
1016 5635 1278 5697 Δέσποτα,
1325 5632 1417 5686 καὶ⁸
1449 5631 1527 5691 είς
1556 5629 1768 5689 ὲκείνας

281 5801 326 5830 ³⁸
381 5796 523 5852 Psal.
573 5814 692 5855 ut.
726 5797 778 5851 8.

1871 3251 2042 3299 sceret
2072 3238 2288 3309 hymnis
2332 3236 2607 3291 celebrare
2653 3247 2854 3286 nomen
2885 3231 3027 3299 ejus.
3071 3227 3191 3298 ipsa
3237 3227 3438 3296 quippe

1870 3345 1953 3390 est
1991 3333 2143 3387 Sion.

1939 3428 2029 3482 25.
2096 3422 2546 3479 In'conveniendo
2586 3417 2807 3489 populos
2850 3418 2904 3469 in
2929 3431 3110 3468 unum.
3141 3411 3278 3468 Cum
3309 3425 3439 3481 pro-

1868 3519 2044 3588 phetae
2072 3533 2168 3586 per
2193 3515 2444 3583 spiritum
2502 3510 2749 3564 viderent
2788 3505 3266 3576 congregationem
3300 3517 3434 3572 gen-

1868 3612 2005 3666 tium
2052 3607 2120 3661 ad
2149 3605 2449 3660 Christum.
2503 3608 2768 3670 rogarunt
2799 3606 2857 3650 ut
2886 3605 2939 3650 et
2972 3595 3080 3669 ipsi
3136 3594 3242 3648 hoc
3289 3591 3438 3647 felici

1868 3696 2178 3770 spectaculo
2225 3693 2562 3754 fruerentur,
2616 3697 2669 3744 et
2719 3702 2900 3740 rerum
2957 3685 3126 3739 exitu.

1935 3880 2026 3934 24.
2077 3874 2360 3946 Respondit
2397 3874 2444 3926 ei
2471 3873 2528 3924 in
2559 3871 2642 3924 via
2681 3871 2888 3923 virtutis
2922 3883 3052 3922 aute.
3082 3862 3438 3934 Propheticus

1867 3974 2067 4027 chorus
2095 3977 2179 4023 est
2201 3968 2292 4037 qui
2322 3963 2630 4034 respondet,
2673 3962 2814 4015 idem
2852 3959 2966 4028 ipse
3005 3958 3100 4026 qui
3143 3957 3439 4023 interrogat

1866 4067 2057 4121 Deum.
2091 4062 2246 4117 Viam
2281 4059 2497 4114 virtutis
2547 4071 2682 4119 suae,
2741 4068 2900 4108 suum
2953 4051 3006 4104 in
3054 4058 3197 4102 terra
3231 4046 3434 4100 adven-

1867 4168 1980 4213 tum
2028 4163 2203 4209 vocat.
2253 4150 2417 4204 Venit
2452 4147 2652 4217 quippe
2690 4153 2749 4197 ut
2779 4143 2972 4212 ligaret
3028 4137 3244 4193 fortem.
3284 4133 3434 4188 Pau-

1865 4254 2078 4305 citatem
2130 4248 2335 4300 dierum
2383 4257 2615 4295 meorum
2653 4238 2840 4290 nuntia
2879 4235 3028 4288 mihi.
3068 4230 3275 4314 .Qualis
3327 4228 3433 4291 sit,

1866 4343 2061 4414 inquit,
2095 4340 2205 4393 vita
2244 4345 2428 4390 nostra
2471 4333 2735 4386 annuntia
2776 4327 2930 4380 mihi.
2971 4324 3304 4378 Precabatur
3335 4336 3436 4374 au-

1864 4447 1971 4492 tem
2001 4443 2060 4490 ut
2102 4430 2430 4486 indicaretur
2477 4423 2603 4485 sibi,
2649 4434 2779 4474 num
2809 4418 2875 4471 ad
2925 4431 3019 4470 eas
3057 4415 3173 4468 dies
3204 4427 3437 4481 perven-

1795 4509 1840 4563 θ
1866 4539 1986 4583 tura
2018 4526 2128 4578 vita
2158 4521 2278 4589 ejus
2304 4526 2468 4577 esset,
2514 4514 2712 4584 quibus
2761 4508 3004 4562 futurum
3050 4512 3167 4559 erat
3198 4511 3256 4556 ut
3301 4499 3440 4555 Uni-

1868 4619 2080 4691 genitus
2114 4615 2279 4668 homo
2312 4609 2487 4668 factus
2522 4609 2803 4674 appareret
2838 4600 2891 4683 in
2920 4608 3081 4652 terra.

1935 4709 2026 4763 25.
2082 4704 2164 4758 Ne
2215 4717 2418 4756 revoces
2463 4714 2542 4750 me
2593 4692 2884 4748 indimidio
2932 4689 3136 4742 dierum
3179 4701 3435 4738 meorum.

1869 4799 2162 4855 Dimidium
2206 4795 2417 4849 dierum
2445 4790 2564 4858 ejus
2607 4788 2719 4842 sive
2765 4784 2890 4836 vitae
2919 4781 3061 4849 ejus,
3094 4788 3253 4832 vocat
3303 4775 3436 4829 illud

1868 4891 2011 4963 quod
2068 4886 2436 4944 intercedebat
2479 4891 2692 4950 tempus
2736 4876 2910 4929 donec
2954 4872 3242 4926 adventum
3287 4866 3439 4921 vide-

1869 4960 2009 5038 rent.
2073 4981 2251 5048 Rogat
2294 4977 2474 5045 ﬁgitur
2531 4983 2589 5025 ut
2663 4967 2953 5037 impleatur
3007 4971 3178 5015 totum
3224 4960 3438 5027 tempus

1870 5087 2029 5129 suum
2063 5090 2076 5125 :
2108 5079 2162 5123 et
2211 5068 2257 5122 si
2303 5066 2416 5119 ﬁeri
2461 5062 2654 5134 possit,
2689 5058 3018 5129 producatur
3066 5054 3177 5108 vita
3224 5067 3344 5115 sua,
3381 5059 3442 5102 ut

1869 5166 2046 5234 ipsum
2078 5176 2256 5214 rerum
2302 5158 2510 5210 exitum
2550 5153 2733 5206 videre
2792 5149 2988 5218 dignus
3039 5140 3322 5200 habeatur.
3357 5139 3440 5195 Ita

1870 5233 2012 5309 enim
2068 5251 2312 5304 futurum
2362 5255 2479 5302 erat
2520 5253 2582 5298 ut
2612 5242 2928 5312 impleretur
2973 5247 3080 5291 tota
3136 5235 3245 5287 vita
3297 5233 3437 5304 ejus.

1870 5347 1934 5401 In
1968 5345 2352 5416 generationem
2385 5350 2432 5393 et
2483 5337 2870 5408 generationem
2918 5331 3044 5385 anni
3083 5331 3180 5383 tui.
3223 5327 3440 5383 Gnarus

1870 5440 2217 5510 propheticus
2242 5436 2443 5490 chorus
2466 5447 2562 5502 per
2593 5429 2864 5499 spiritum,
2908 5439 3015 5479 non
3052 5429 3437 5492 perventurum

1872 5548 1931 5586 se
1973 5531 2037 5584 ad
2087 5530 2348 5584 harumce
2394 5540 2575 5581 rerum
2619 5523 2804 5585 tinem,
2846 5519 2964 5572 ait:
3019 5514 3135 5584 Ego
3183 5525 3311 5566 vero
3340 5511 3442 5565 ob-

1869 5623 2135 5679 dormiam
2172 5630 2360 5691 utpote
2403 5616 2682 5682 mortalis;
2713 5625 2774 5669 tu
2817 5621 2997 5666 autem
3029 5609 3199 5672 solus,
3252 5619 3286 5659 ο
3328 5603 3438 5657 Do-
