4070 6464
611 376 710 428 451

1551 371 1927 425 ATHANASH
1968 370 2119 426 OPP.
2167 370 2353 425 PARS
2394 371 2476 424 ΙΙΙ.
2518 401 2586 453 τ-
2627 371 3035 427 EXEGETICA.

3749 377 3860 432 452

612 494 774 555 mine.
813 505 982 560 usque
1016 491 1081 544 ad
1134 491 1252 546 illas
1295 491 1669 560 generationes
1714 505 2036 559 permaues,
2085 499 2206 551 uta

2285 491 2460 558 μένεις
2491 488 2588 552 τάς
2616 489 2826 557 γενεάς,
2866 491 2959 544 ἁτε
2994 490 3057 559 δὴ
3091 490 3182 541 καὶ
3221 492 3285 543 σὺ
3317 490 3473 553 αὐτὸς
3511 490 3584 555 ὡς
3621 491 3780 562 θεὸς,
3827 493 3861 548 ὁ

611 595 732 655 pote
763 583 904 638 Deus
931 582 1022 654 qui
1054 583 1224 638 caelos
1251 583 1317 636 ab
1349 583 1503 636 initio
1533 582 1729 636 fecisti.

678 673 767 735 26,
823 673 910 725 27.
981 670 1094 742 Ipsi
1122 672 1381 740 peribunt,
1436 683 1490 724 tu
1535 683 1727 724 «tutetu-
1755 687 2047 739 permanes.
2094 670 2172 725 Tu

610 765 780 826 solus,
811 764 1006 833 inquit,
1046 778 1080 817 ο
1120 761 1363 828 Domine,
1405 763 1757 816 aeternitatem
1804 771 1988 830 utpote
2035 760 2174 816 Deus

611 858 815 910 habes:
862 857 983 911 cmli
1019 871 1147 909 vero
1198 857 1298 910 etsi
1349 870 1601 925 maguum
1651 865 1705 908 et
1751 835 2013 908 eximium
2067 853 2176 907 sint

607 947 902 1014 opiﬁcium,
945 955 1180 1000 attamen
1219 954 1272 998 ct
1302 945 1401 1014 ipsi
1434 944 2172 1014 co'rruptioni‘subjicientur.

608 1035 898 1104 tiorruptio
926 1047 1106 1089 autem
1156 1035 1272 1089 haec
1322 1035 1424 1088 erit
1473 1035 1579 1088 illis
1614 1035 1666 1087 in
1719 1035 2171 1088 reuovationem:

610 1128 891 1182 volveutur
930 1129 1075 1183 enim
1122 1128 1176 1181 in
1220 1128 1496 1182 meliorem
1555 1126 1786 1181 formam
1826 1127 2170 1181 commutati.

677 1219 746 1274 28
767 1261 782 1284 ,
833 1219 920 1273 29.
985 1217 1116 1273 Filii
1145 1236 1409 1272 servorum
1435 1228 1639 1271 tuorum
1671 1219 2003 1272 habitabant.
2038 1217 2172 1272 Nam

608 1326 728 1366 cum
760 1311 882 1366 caeli
919 1311 1108 1364 mutati
1152 1310 1370 1376 fuerint,
1406 1321 1457 1364 et
1506 1320 1765 1364 renovata
1821 1310 1986 1366 fuerit
2031 1327 2175 1366 crea-

608 1411 751 1468 tura,
785 1413 913 1456 tunc
939 1401 991 1456 in
1019 1403 1240 1456 aternis
1293 1403 1660 1457 tabernaculis
1697 1404 1983 1457 constituti
2014 1412 2175 1456 erunt

606 1493 702 1547 ﬁlii
729 1509 1005 1548 servorum
1049 1503 1288 1559 tuorum;
1328 1493 1364 1546 ii
1407 1506 1584 1547 autem
1620 1503 1747 1548 sunt
1785 1494 1880 1563 qui
1923 1509 2019 1562 per
2049 1509 2175 1548 san-

604 1595 725 1639 etos
749 1585 1023 1654 apostolos
1051 1583 1420 1649 crediderunt,
1451 1594 1497 1638 et
1530 1601 1702 1638 semen
1745 1601 1926 1638 eorum
1976 1587 2032 1637 in
2083 1601 2177 1638 sae-

604 1675 779 1730 culum
804 1676 1078 1745 dirigetur.
1111 1673 1306 1728 Semen
1346 1684 1659 1729 sanctorum
1692 1677 2062 1745 apostolorum
2093 1685 2176 1729 est

604 1765 911 1834 evangelica
941 1774 994 1819 et
1043 1765 1296 1820 salutaris
1343 1765 1676 1833 praedicatio,
1722 1781 1842 1836 quae
1891 1775 2077 1819 manet
2119 1765 2172 1818 in

607 1858 883 1913 saeculum.

927 2056 1258 2115 PSALMUS
1307 2059 1406 2124 ipsi
1470 2057 1660 2109 David.
1727 2054 1857 2109 CII.

1199 2152 1593 2220 Argumentum.

608 2245 791 2300 Novus
851 2243 1084 2315 pupuius
1132 2258 1198 2297 ex
1247 2242 1499 2312 gentibus
1542 2249 1786 2305 coactus,
1838 2241 2064 2295 docetur
2122 2240 2177 2294 in

695 2339 799 2392 hoc
832 2338 1042 2407 psalmo
1099 2337 1264 2390 Deum
1316 2335 1531 2402 hymnis
1584 2335 1883 2400 celebrare,
1923 2334 2017 2402 qui
2063 2327 2180 2386 rna-

691 2445 794 2500 gna
825 2430 928 2500 ipsi
954 2429 1215 2484 beneﬁcia
1256 2429 1501 2484 contulit.
1537 2427 1678 2482 Sunt
1718 2435 1901 2480 autem
1939 2439 2025 2489 ea,
2056 2439 2181 2493 pec-

679 2523 783 2576 cati
812 2521 1109 2576 destructio
1140 2529 1192 2576 et
1219 2518 1640 2575 resurrectionis
1673 2518 1867 2587 gloria.

681 2617 733 2668 1.
782 2613 1040 2678 Benedic,
1085 2614 1264 2666 anima
1308 2629 1459 2679 mea,
1504 2611 1753 2669 Domino.
1789 2610 1909 2682 Ipse
1948 2626 2068 2666 sese
2113 2609 2178 2664 ad

612 2710 876 2779 hymnum
918 2706 1137 2769 excitat,
1197 2705 1464 2774 optimum
1522 2704 1627 2758 sibi
1669 2704 1735 2758 ad
1815 2705 2045 2759 salutem
2089 2718 2180 2756 re-

611 2800 847 2854 medium
880 2812 1358 2869 esse-proponens,
1399 2797 1720 2851 benedicere
1759 2793 1948 2849 Deum.
1987 2792 2066 2847 Ex
2115 2806 2181 2847 eo

609 2904 789 2948 autem
817 2891 962 2963 quod
1007 2889 1150 2945 Deus
1194 2891 1552 2944 miseraturus
1593 2887 1852 2959 populum
1899 2895 2065 2948 esset,
2115 2884 2181 2938 de

613 2985 817 3052 iustitia
865 2998 960 3038 sua
1021 2983 1076 3036 in
1115 2981 1415 3050 iudicando
1459 2980 1744 3043 laudatur;
1793 2988 1980 3048 utpote
2022 2977 2180 3047 quia

612 3073 966 3142 corruptione
995 3071 1185 3124 liberet
1217 3079 1270 3124 et
1301 3085 1526 3140 regnum
1556 3070 1820 3124 malorum
1853 3069 1978 3132 det;
2014 3067 2087 3120 ita
2123 3074 2182 3119 ut

614 3179 850 3234 praesens
905 3162 1138 3233 hymnus
1192 3163 1448 3216 omnibus
1506 3161 1812 3215 conveniat.
1865 3158 1936 3212 Et
2004 3158 2181 3212 omnia

611 3270 729 3325 qua!
762 3255 904 3307 intra
944 3269 1024 3308 me
1055 3262 1176 3306 sunt
1203 3252 1402 3306 nomini
1431 3261 1614 3305 sancto
1651 3251 1790 3319 ejus.
1835 3248 1938 3303 Per
1962 3263 2026 3302 ea
2065 3262 2187 3318 quas

615 3350 752 3402 intra
799 3355 943 3405 sunt.
978 3343 1248 3414 signiﬁcat
1311 3343 1478 3396 Deum
1521 3359 1584 3396 ex
1613 3353 1725 3396 toto
1759 3342 1943 3406 corde,
1974 3356 2042 3396 ex
2077 3349 2186 3394 tota

617 3441 833 3501 virtute,
865 3446 918 3490 et
948 3451 1013 3490 ex
1049 3442 1160 3489 tota
1199 3441 1380 3488 mente
1410 3433 1773 3486 invocantium
1795 3445 1936 3486 esse.

707 3527 762 3582 2.
831 3525 1094 3591 Benedic,
1149 3525 1327 3577 animo
1375 3539 1524 3587 mea,
1585 3523 1828 3575 Domino.
1872 3514 2189 3575 Perseverat

617 3634 734 3674 sese
757 3618 1100 3673 exhortando
1130 3615 1196 3671 ad
1226 3615 1530 3671 cauendum
1549 3615 1802 3685 hymnos,
1821 3613 1990 3683 probe
2007 3613 2188 3668 sciens

617 3713 666 3765 id
719 3727 840 3767 esse
872 3709 1030 3766 oﬁicii
1076 3710 1160 3766 sui
1209 3724 1307 3778 pro
1350 3707 1564 3777 magnis
1597 3706 1834 3774 acceptis
1886 3704 2184 3760 beneﬁciis.

615 3805 746 3859 Nam
778 3803 872 3873 qui
901 3801 1210 3856 divinorum
1255 3799 1640 3852 beneﬁciorum
1685 3797 2022 3858 recordatur,
2051 3811 2184 3850 nuu-

615 3911 777 3966 quam
836 3893 996 3948 ﬁnem
1064 3890 1225 3946 faciet
1271 3891 1435 3961 hujus
1481 3890 1666 3962 hymni
1720 3888 2065 3945 concinendi.
2118 3887 2188 3941 Et

616 3989 723 4043 noli
745 3986 980 4042 oblivisci
1011 4002 1186 4040 omnes
1234 3985 1606 4038 retributiones
1645 3983 1777 4050 ejus.
1834 3982 1941 4037 Pro
1978 3982 2189 4052 magnis

615 4083 758 4135 enim
791 4079 1030 4151 peccatis
1063 4079 1266 4132 nostris
1308 4076 1562 4131 retribuit
1609 4076 1769 4130 nobis
1817 4074 2190 4129 mansuetudi-

615 4189 762 4237 nem.
804 4168 1238 4226 misericordiam
1262 4211 1277 4236 ,
1316 4169 1713 4226 miserationes.
1754 4165 1886 4234 Quae
1942 4167 2190 4222 oblivisci

617 4280 727 4320 non
763 4271 992 4334 oportet.

685 4357 737 4422 5,
767 4356 818 4410 4.
847 4356 950 4421 Qui
1004 4357 1327 4425 propitiatur
1384 4356 1621 4408 omnibus
1660 4353 2024 4421 iniquitatibus
2053 4353 2187 4415 tuis,

617 4462 720 4504 etc.
746 4447 840 4502 Ha:
869 4459 996 4503 sunt
1019 4449 1407 4503 retributiones
1431 4446 1521 4501 Dei
1556 4446 1711 4499 nobis
1740 4445 1985 4509 collata};
2013 4443 2191 4515 primo

2281 583 2372 633 καὶ
2397 583 2522 644 τοὺς
2549 582 2812 649 οὐρανοὺς
2840 579 3157 649 πεποιηκὼς
3193 580 3251 644 ἐξ
3271 582 3462 651 ἀρχῆς·

2347 673 2523 726 Αὐτοὶ
2562 673 2950 735 ἀπολοῦνται,
2979 672 3058 725 σὺ
3091 670 3160 724 δὲ
3193 670 3511 740 διαμένεις.
3565 674 3635 726 Σὺ
3674 673 3857 741 μόνος,

2279 765 2460 833 φησὶν,
2488 757 2532 815 ῶ
2559 764 2820 825 Δέσποτα,
2868 764 2929 816 τὸ
2982 762 3148 815 άῖὅιον
3184 764 3275 816 ἆτε
3336 763 3466 825 Θεὸς
3512 763 3672 832 ἔχεις·
3722 765 3774 816 οἱ
3801 765 3861 818 δὲ

2277 855 2516 924 οὐρανοὶ,
2553 856 2600 906 εί
2657 855 2751 906 καὶ
2787 855 2928 923 μέγα
2983 872 3034 906 τι
3085 855 3178 907 καὶ
3225 852 3495 923 ἐξαίρετον
3553 855 3858 924 ὑπάρχουσι

2279 949 2502 1014 κτίσμα,
2535 947 2648 1000 ἀλλ’
2672 948 2820 1016 ὅμως
2845 949 2937 999 καὶ
2967 947 3120 999 αὐτοὶ
3161 947 3622 1017 ὑποϐληθήσονται
3658 949 3853 1018 φθορᾷ.

2291 1039 2352 1090 Ἡ
2381 1039 2436 1090 δὲ
2468 1038 2644 1110 φθορὰ
2668 1039 2806 1108 αὕτη
2835 1041 3119 1108 γενήσεται
3140 1039 3320 1100 αὐτοῖς
3341 1041 3418 1100 εἰς
3443 1039 3852 1108 ἀνακαινισμόν·

2277 1130 2649 1199 ἑλιχθήσονται
2676 1130 2784 1200 γάρ
2812 1131 2891 1192 sl;
2924 1129 3126 1198 βέλτιον
3161 1129 3342 1199 σχῆμα
3376 1129 3856 1198 μεταϐαλλόμενοι.

2353 1225 2415 1274 οἱ
2453 1221 2568 1273 υἱοὶ
2605 1219 2723 1272 τῶν
2783 1219 3017 1273 δούλων
3069 1234 3184 1273 σου
3251 1218 3856 1285 κατασκηνὼσοισσιν.

2279 1314 2447 1366 Ὅταν
2483 1311 2590 1383 γὰρ
2638 1311 3012 1382 ὲλιχθήσονται
3060 1314 3106 1364 οἱ
3156 1311 3396 1382 οὐρανοὶ,
3431 1312 3525 1362 καὶ
3576 1309 3738 1378 καινὴ
3764 1309 3856 1376 γέ·

2277 1421 2432 1472 νηται
2461 1403 2634 1466 κτίσις
2653 1443 2666 1464 ,
2689 1402 2809 1454 τότε
2832 1402 2895 1471 δὴ
2919 1402 3040 1454 τότε
3081 1404 3137 1454 ἐν
3167 1404 3286 1463 ταῖς
3331 1399 3570 1462 αἰωνίοις
3626 1400 3862 1466 σκηναῖς

2277 1496 2555 1565 γενόμενοι
2587 1496 2635 1547 οἱ
2661 1495 2768 1548 τῶν
2797 1494 2904 1546 σῶν
2933 1494 3131 1546 δούλων
3156 1493 3280 1545 υίοίυ
3314 1488 3458 1546 οὗτοι
3490 1492 3534 1544 δ’
3562 1490 3628 1545 ἂν
3654 1487 3766 1544 εἷεν
3810 1494 3860 1543 οἱ

2247 1588 2362 1674 ,διὰ
2382 1587 2489 1640 τῶν
2510 1587 2679 1655 ἁγίων
2707 1586 2868 1640 αὐτοῦ
2899 1585 3207 1638 ἀποστόλων
3251 1583 3697 1663 πεπιστευκότες.
3749 1583 3862 1634 Καὶ

2277 1680 2341 1733 τὸ
2385 1681 2621 1748 σπέρμα
2654 1680 2850 1734 αὐτῶν
2875 1683 2961 1743 εὶς
2999 1678 3104 1731 τὸν
3155 1676 3338 1730 αἰῶνα
3380 1676 3862 1738 κατευθυνὼβε-

2279 1790 2387 1826 ται.
2432 1774 2660 1844 Σπέρμα
2684 1773 2790 1826 τῶν
2817 1774 2987 1840 ἁγίων
3031 1771 3345 1825 ἀποστόλων
3393 1769 3453 1822 τὸ
3501 1768 3862 1836 εὑαγγελικὸν

2207 1844 2250 1902 Β
2280 1866 2372 1917 καὶ
2402 1869 2664 1936 σωτήριον
2721 1867 3004 1935 κήρυγμα,
3063 1865 3200 1932 ὅπερ
3257 1865 3336 1924 εἰς
3394 1864 3484 1915 τὸν
3523 1862 3699 1914 αἰῶνα
3746 1861 3863 1912 δια-

2280 1955 2452 2022 μένει.

2672 2072 2978 2122 ΨΑΛΜΟΣ
3016 2066 3095 2132 τῷ
3123 2066 3323 2120 Δαυΐδ.
3355 2068 3484 2118 PB'.

2892 2161 2902 2177 ”
2921 2161 3231 2224 Υπόΰεσις.

2289 2255 2347 2306 '0
2370 2253 2486 2316 νέος
2515 2253 2574 2316 ἐξ
2603 2252 2770 2305 ἐθνῶν
2798 2251 2926 2314 λαὸς
2980 2253 3037 2304 ὲν
3067 2250 3241 2319 τούτῳ
3271 2251 3576 2302 διδάσκεται
3602 2249 3866 2317 άνυμνετν

2350 2344 2439 2396 τὸν
2486 2344 2617 2396 Θεὸν
2662 2344 2753 2396 τὸν
2793 2343 2860 2396 τὰ
2917 2342 3124 2410 μεγάλα
3185 2340 3611 2412 εὐηργετηκότα.
3675 2337 3864 2390 Ταῦτα

2350 2436 2406 2488 δέ
2437 2437 2550 2487 ἐστι
2595 2435 2663 2488 τά
2694 2436 3106 2504 εὐεργετήματα
3135 2434 3168 2503 ἢ
3199 2450 3257 2485 τε
3290 2433 3386 2503 τῆς
3413 2431 3684 2503 ἁμαρτίας
3719 2430 3869 2483 ἀναί-

2354 2544 2501 2599 ρεσις
2531 2529 2623 2580 καὶ
2649 2527 2745 2597 τῆς
2772 2527 3116 2589 ἀναστάσεως
3140 2526 3200 2577 τὸ
3229 2525 3504 2595 καύχημα.

2346 2619 2614 2685 Εὺλόγει,
2657 2621 2694 2685 ἡ
2741 2617 2908 2685 ψυχή
2939 2635 3078 2684 μου,
3119 2617 3223 2668 τὸν
3257 2616 3493 2679 Κύριον.
3533 2613 3704 2674 Αὐτὸς
3733 2613 3870 2662 ἐάν-

2285 2709 2376 2761 τὸν
2400 2709 2491 2760 ἐπὶ
2520 2709 2609 2760 τὸν
2643 2708 2669 2759 ὖ
2681 2725 2809 2777 μνον
2830 2708 3106 2777 διεγείρει,
3137 2705 3298 2759 καλὸν
3343 2703 3532 2758 ἑαυτοῦ
3558 2704 3656 2772 τῆς
3685 2719 3868 2774 σωτη-

2287 2799 2404 2870 ρίας
2434 2798 2724 2870 φάρμακον
2753 2798 2850 2869 τὴν
2881 2799 2960 2860 εἰς
2984 2799 3116 2851 Θεὸν
3138 2797 3385 2864 εὐλογίαν
3409 2793 3868 2866 προϐαλλόμενος.

2296 2893 2412 2960 Ἐφ’
2439 2887 2519 2955 οἷς
2547 2893 2602 2944 δὲ
2631 2892 2763 2954 Θεὸς
2794 2891 2884 2944 τὸν
2909 2891 3035 2944 λαὸν
3079 2890 3308 2960 ἤμελλεν
3341 2891 3509 2942 ἐλεεῖν
3547 2887 3873 2958 δικαιοσύνῃ

2281 2985 2558 3049 δοξάζεται
2599 2987 2843 3055 κριτικῇ,
2883 2982 3087 3054 φθορᾶς
3134 2999 3194 3034 τε
3237 2981 3593 3035 ἀπαλλάττων
3627 2981 3722 3032 καὶ
3769 2977 3874 3048 βα·-

2287 3077 2488 3128 σιλείαν
2532 3077 2705 3137 διδοὺς
2757 3073 3023 3146 οὐρανῶνο
3078 3073 3153 3136 ὡς
3214 3074 3308 3126 καὶ
3352 3073 3516 3124 πᾶσιν
3572 3071 3874 3141 ἁρμόττειν

2214 3193 2254 3250 C
2289 3168 2377 3219 τὸν
2402 3168 2761 3237 προκείμενον
2793 3166 2979 3236 ὕμνον.
3035 3168 3142 3221 Kal
3185 3166 3380 3219 πάντα
3432 3166 3505 3218 τὰ
3541 3164 3715 3227 ἐντός
3747 3179 3874 3232 μου

2288 3259 2352 3313 τὸ
2381 3259 2566 3328 ὄνομα
2604 3260 2667 3313 τὸ
2710 3260 2880 3330 ἅγιον
2901 3261 3104 3314 αὐτοῦ.
3123 3259 3220 3312 Διά
3249 3258 3358 3312 τῶν
3391 3257 3539 3320 ἐντὸς
3563 3256 3623 3308 τὸ
3651 3254 3712 3319 ἐξ
3741 3255 3874 3323 ὅλης

2288 3350 2534 3420 καρδίας,
2576 3353 2670 3403 καὶ¹
2702 3351 2762 3415 ἐξ
2791 3352 2917 3420 ὅλης
2952 3352 3049 3418 τῆς
3107 3349 3309 3418 ἰσχύος,
3359 3349 3453 3400 καὶ
3487 3348 3544 3413 ἐξ
3596 3348 3726 3415 ὅλης
3752 3346 3874 3398 δια.-

2289 3443 2436 3506 νοέας
2464 3443 2555 3496 τὸν
2579 3444 2710 3497 Θεὸν
2733 3443 3106 3496 ἐπικαλεῖσθαι
3134 3442 3300 3511 δηλοῖ.

2363 3535 2634 3604 Εὺλόγει,
2670 3536 2708 3602 ἠ
2737 3534 2904 3604 ψυχή
2929 3552 3068 3603 μου,
3095 3533 3200 3587 τὸν
3237 3535 3474 3600 Κύριον.
3516 3527 3877 3599 Ἐνδιατρίϐει

2287 3627 2354 3696 τῇ
2395 3625 2523 3696 περὶ
2569 3627 2662 3678 τὸν
2694 3626 2861 3696 ὕμνον
2910 3627 3104 3679 ἑαυτοῦ
3163 3626 3464 3696 προτροπῇ,
3516 3621 3669 3684 εἰδὼς
3712 3619 3876 3673 τοῦτο

2291 3719 2410 3771 ἀντὶ
2455 3718 2564 3770 τῶν
2620 3719 2868 3788 μεγάλων
2919 3718 3082 3771 αὑτοῦ
3141 3715 3465 3788 εὐεργεσιῶν
3526 3715 3720 3767 ἑαυτὸν
3773 3715 3880 3765 trc-

2290 3809 2591 3878 οφείλοντα.
2610 3809 2667 3862 Ὀ
2696 3809 2803 3881 γάρ
2837 3810 2943 3862 τῶν
2974 3810 3133 3862 θείων
3164 3806 3494 3878 εὐεργεσιῶν
3523 3805 3877 3877 μεμνημένος

2290 3902 2350 3953 οὺ
2399 3901 2660 3956 παύσεται
2736 3901 2893 3955 τοῦτο
2940 3901 3143 3971 ὑμνῶν.
3179 3901 3286 3954 Καὶ
3338 3899 3422 3968 μὴ
3463 3897 3878 3953 ἐπιλανθὰνου

2291 3991 2492 4057 πάσας
2518 3992 2623 4058 τὰς
2660 3991 3094 4055 ἀνταποδόσεις
3118 3990 3323 4042 αὐτοῦ.
3365 3989 3736 4042 ’Λνταπέδωκε
3763 3989 3878 4060 γὰρ

2290 4085 2422 4154 ἡμῖν
2460 4085 2578 4137 ἀντὶ
2609 4084 2716 4136 τῶν
2745 4083 2992 4153 μεγάλων
3055 4080 3468 4151 ἁμαρτημάτων
3519 4073 3594 4132 ὧν
3627 4081 3878 4151 ἡμάρτο-

2296 4192 2413 4245 μεν,
2466 4175 2830 4246 χρηστότητα,
2883 4173 3050 4236 ἑλεον,
3112 4172 3450 4243 οἱκτιρμούς.
3509 4167 3611 4224 Ὧν
3665 4172 3747 4224 δεῖ
3797 4175 3878 4244 μὴ

2293 4267 2610 4321 ὲπιλανθάνε
2619 4267 2760 4321 σθαι.

2368 4356 2478 4409 Tbr
2505 4358 2927 4411 εὑϊλατεύοντιι
2968 4354 3194 4421 πάσαις
3234 4353 3362 4420 ταῖς
3413 4355 3691 4424 drop/mc
3732 4369 3873 4407 σου.

2295 4444 2465 4502 Αὖταί
2493 4451 2629 4502 εἰσιν
2663 4450 2719 4502 αί
2763 4449 2888 4520 περὶ
2928 4448 3083 4519 ἡμῶν
3126 4447 3512 4510 ἀνταποδόσεις
3545 4447 3639 4498 τοῦ
3688 4445 3826 4498 Θεοῦ
3863 4465 3875 4476 ο

618 4541 764 4610 quod
784 4540 1106 4611 propitiatus
1122 4541 1193 4592 sit
1225 4539 1462 4609 peccatis
1488 4538 1726 4602 nostris;
1753 4536 2016 4601 secundo,
2043 4535 2189 4605 quod

2294 4541 2374 4592 ὅτι
2408 4541 2623 4611 πρῶτον
2665 4540 2763 4609 μὲν
2796 4539 3020 4609 ἱλασμὸν
3047 4537 3208 4608 ἔθηκε
3242 4537 3346 4590 τῶν
3372 4537 3658 4607 ἡμετέρων
3689 4537 3877 4606 ἁμαρο

622 4633 962 4688 inﬁrmitates
993 4643 1207 4687 nostras
1229 4631 1537 4697 sanaverit;
1566 4631 1744 4696 tertio,
1771 4629 1916 4701 quod
1935 4629 2001 4684 de
2030 4630 2192 4688 inter-

623 4729 699 4780 itu
749 4725 1038 4779 redemerit
1079 4725 1244 4778 vitam
1300 4732 1569 4785 nostram,
1617 4737 1740 4776 cum
1793 4732 2076 4791 peccatum
2127 4721 2194 4776 de

621 4816 798 4871 medio
821 4816 1073 4882 sustulit;
1104 4825 1326 4886 quarto,
1353 4815 1498 4884 quod
1525 4815 1742 4883 propria
1780 4829 1914 4868 usus
1957 4813 2196 4868 clemen-

623 4911 718 4971 tia.
745 4909 1118 4962 misericordia
1140 4917 1194 4961 et
1223 4906 1689 4971 miserationibus,
1718 4919 1820 4960 nos
1845 4904 2196 4959 coronaverit

622 5002 936 5071 adoptionis
980 5003 1181 5070 gratia;
1228 5001 1445 5069 quinto,
1470 5000 1615 5068 quod
1661 4999 2038 5068 spiritualibus
2094 5013 2195 5052 nos

625 5094 783 5147 bonis
820 5093 1122 5161 repleverit,
1148 5107 1266 5146 sese
1297 5083 1452 5146 nobis
1480 5093 1689 5146 donans
1718 5107 1911 5161 panem
1944 5094 2085 5147 vitae.

701 5265 752 5316 εἰ.
780 5263 1128 5317 Renorabitur
1154 5276 1206 5317 ut
1231 5267 1422 5336 aquilio
1435 5268 1682 5334 juventus
1715 5277 1827 5320 tua.
1849 5266 1957 5322 Deo
1991 5283 2084 5336 per
2115 5282 2198 5320 re-

627 5355 1030 5422 generationem
1064 5357 1401 5424 juventutem
1436 5367 1676 5412 nostram
1706 5360 1865 5428 quasi
1896 5359 2093 5427 aquila:
2115 5373 2196 5411 re-

628 5442 884 5501 novante.
934 5447 1373 5504 Resurrectionis
1420 5452 1648 5520 gratiam
1697 5451 1855 5505 nobis
1904 5451 2194 5521 signiﬁcat.

628 5541 837 5609 Aquila:
880 5550 1058 5594 autem
1088 5557 1183 5596 eos
1219 5543 1310 5610 qui
1348 5545 1588 5597 renovati
1628 5553 1754 5598 sunt
1780 5552 2080 5612 comparat.
2110 5543 2198 5596 avi

628 5631 871 5683 crinium
899 5631 1134 5685 maxime
1164 5633 1488 5698 altivolauti,
1525 5633 1704 5701 regim,
1731 5640 1784 5688 et
1807 5647 1926 5702 qua:
1961 5631 2074 5687 sola
2106 5646 2199 5702 po-

628 5727 736 5775 ωιι
758 5720 937 5774 radios
968 5721 1098 5776 solis
1123 5722 1346 5778 ﬁrmiter
1373 5723 1704 5793 conspicere.

2298 4632 2458 4684 τιῶν·
2490 4631 2741 4703 δεύτερον
2771 4632 2826 4684 δὲ
2860 4632 2958 4693 τὰς
2985 4631 3256 4700 ἡμετέρας
3303 4629 3587 4692 ἀσθενείας
3636 4629 3830 4680 ἰάσατο
3861 4644 3874 4656 ⁸

2298 4726 2477 4796 τρίτον
2505 4728 2568 4778 ἐκ
2600 4726 2804 4796 φθορᾶς
2834 4726 2986 4796 ἡμῶν
3031 4725 3127 4795 τὴν
3169 4722 3312 4792 ζωὴν
3357 4720 3725 4792 ἐλυτρὼσατο,
3783 4723 3879 4773 ἁν-

2299 4818 2432 4871 ελὼν
2451 4818 2546 4888 τὴν
2565 4817 2859 4888 ἁμαρτίαν,
2886 4817 3142 4888 τέταρτον
3169 4815 3344 4884 οἰκείᾳ
3369 4813 3747 4884 φιλανθρωπία
3778 4815 3880 4866 καὶ

2299 4911 2444 4979 ἐλέῳ
2483 4912 2577 4964 καὶ
2627 4911 2930 4980 οἰκτιρμοῖς
2973 4908 3251 4980 χρώμενος
3299 4906 3675 4974 ἐστεφάνωσεν
3727 4907 3879 4974 ἡμᾶς

2297 5000 2375 5070 τῷ
2409 5000 2507 5069 τῆς
2548 4999 2817 5062 υἱοθεσίας
2851 5001 3180 5070 χαρίσματι’
3211 4997 3456 5066 πέμπτον
3491 4996 3597 5048 τῶν
3631 5013 3878 5064 πνευμα-

2298 5091 2466 5144 τικῶν
2501 5093 2646 5161 ἡμᾶς
2677 5090 2976 5159 ἐνέπλησεν
3016 5088 3256 5157 ἀγαθῶν,
3310 5088 3500 5142 ἑαυτὸν
3530 5088 3660 5157 ἡμῖν
3709 5087 3876 5156 ἄρτον

2299 5183 2426 5235 ὅντα
2455 5182 2598 5252 ζωῆς
2627 5181 2917 5244 ἐπιδιδούς.

2384 5272 2971 5338 Ἀνακαινισθήοέται
3015 5272 3095 5336 ὠς
3151 5269 3329 5324 ἀετοῦ
3379 5271 3416 5337 ἠ
3465 5269 3677 5334 νεότης
3731 5284 3872 5322 σου.

2300 5367 2405 5419 Τοῦ
2464 5365 2598 5419 Θεοῦ
2657 5365 2746 5417 διὰ
2806 5366 2905 5435 τῆς
2963 5363 3380 5432 παλιγγενεσίας
3436 5360 3876 5423 ἀνακαινίζοντος

2300 5461 2458 5530 ἡμῶν
2508 5461 2582 5522 ὡς
2617 5459 2776 5512 ἀετοῦ
2812 5461 2910 5529 τὴν
2943 5459 3190 5528 νεότητα.
3243 5458 3317 5510 Τὸ
3370 5459 3467 5523 τῆς
3524 5455 3874 5513 ἀναστάσεως

2302 5552 2431 5618 ἡμῖν
2463 5550 2863 5618 κατασημαίνει
2890 5549 3156 5618 χάρισμα.
3199 5548 3362 5615 Ἀετῷ
3399 5546 3453 5596 δὲ
3487 5547 3609 5606 τοὺς
3649 5543 3876 5595 ἀνακαι-

2302 5639 2589 5706 νουμένους
2623 5639 2976 5707 παρείκασεν,
3001 5639 3228 5709 ὀρνίθων
3253 5638 3506 5690 ἁπάντων
3534 5637 3646 5688 ὅντι
3675 5633 3874 5702 ὑψηλὸς

2305 5731 2619 5800 πετεστάτῳ
2652 5733 2743 5782 καὶ
2800 5731 3226 5800 βασιλικιυτάτιχ).
3290 5731 3380 5780 καὶ
3435 5731 3552 5790 ταῖς
3580 5727 3670 5780 τοῦ
3725 5726 3874 5794 ﬁlio.

2307 5825 2694 5893 μαρμαρυγαῖς
2727 5824 2871 5892 μόνῳ
2902 5822 3164 5891 λαμπρῶς
3202 5820 3523 5883 ενατεκίζειν
3555 5819 3857 5888 δυναμένῳ.
