  <div class='ocr_page' id='page_1' title='image "/cluster/home/n/w/nwhite01/storage/ocr_20150623/27/ien.35556001660521/228.png"; bbox 0 0 4070 6440; ppageno 0'>
   <div class='ocr_carea' id='block_1_1' title="bbox 179 415 286 470">
    <p class='ocr_par' dir='ltr' id='par_1_1' title="bbox 179 415 286 470">
     <span class='ocr_line' id='line_1_1' title="bbox 179 415 286 470; baseline -0.028 0"><span class='ocrx_word' id='word_1_1' title='bbox 179 415 286 470; x_wconf 70' lang='grc'><strong><em>453</em></strong></span> 
     </span>
    </p>
   </div>
   <div class='ocr_carea' id='block_1_2' title="bbox 1317 378 2322 449">
    <p class='ocr_par' dir='ltr' id='par_1_2' title="bbox 1317 378 2322 449">
     <span class='ocr_line' id='line_1_2' title="bbox 1317 378 2322 449; baseline -0.007 0"><span class='ocrx_word' id='word_1_2' title='bbox 1317 389 1671 449; x_wconf 80' lang='lat' dir='ltr'><strong><em>EXPOSlTlO</em></strong></span> <span class='ocrx_word' id='word_1_3' title='bbox 1704 387 1769 442; x_wconf 83' lang='lat' dir='ltr'><strong><em>IN</em></strong></span> <span class='ocrx_word' id='word_1_4' title='bbox 1811 378 2139 443; x_wconf 66' lang='lat' dir='ltr'><strong><em>PSALMUM</em></strong></span> <span class='ocrx_word' id='word_1_5' title='bbox 2179 388 2322 443; x_wconf 57' lang='lat' dir='ltr'><strong><em>Clll.‘</em></strong></span> 
     </span>
    </p>
   </div>
   <div class='ocr_carea' id='block_1_3' title="bbox 3309 391 3416 446">
    <p class='ocr_par' dir='ltr' id='par_1_3' title="bbox 3309 391 3416 446">
     <span class='ocr_line' id='line_1_3' title="bbox 3309 391 3416 446; baseline 0 -1"><span class='ocrx_word' id='word_1_6' title='bbox 3309 391 3416 446; x_wconf 63' lang='grc'><strong><em>434</em></strong></span> 
     </span>
    </p>
   </div>
   <div class='ocr_carea' id='block_1_4' title="bbox 256 503 1759 595">
    <p class='ocr_par' dir='ltr' id='par_1_4' title="bbox 256 507 1755 595">
     <span class='ocr_line' id='line_1_4' title="bbox 256 507 1755 595; baseline -0.019 -8"><span class='ocrx_word' id='word_1_7' title='bbox 256 531 445 587; x_wconf 85' lang='grc' dir='ltr'><strong><em>Ποιῶν</em></strong></span> <span class='ocrx_word' id='word_1_8' title='bbox 484 527 897 595; x_wconf 72' lang='grc' dir='ltr'><strong><em>ἐλεημοσύνας</em></strong></span> <span class='ocrx_word' id='word_1_9' title='bbox 929 525 959 575; x_wconf 78' lang='grc' dir='ltr'><em>ό</em></span> <span class='ocrx_word' id='word_1_10' title='bbox 995 522 1205 586; x_wconf 70' lang='grc' dir='ltr'><strong>Κύριος</strong></span> <span class='ocrx_word' id='word_1_11' title='bbox 1239 516 1334 570; x_wconf 79' lang='grc' dir='ltr'><strong>καὶ</strong></span> <span class='ocrx_word' id='word_1_12' title='bbox 1373 513 1548 581; x_wconf 79' lang='grc' dir='ltr'><strong>κρῖμα</strong></span> <span class='ocrx_word' id='word_1_13' title='bbox 1607 507 1755 562; x_wconf 81' lang='grc' dir='ltr'><strong>πᾶσι</strong></span> 
     </span>
    </p>
   </div>
   <div class='ocr_carea' id='block_1_5' title="bbox 1863 503 3415 595">
    <p class='ocr_par' dir='ltr' id='par_1_5' title="bbox 1927 503 3415 575">
     <span class='ocr_line' id='line_1_5' title="bbox 1927 503 3415 575; baseline 0.001 -17"><span class='ocrx_word' id='word_1_14' title='bbox 1927 503 1980 558; x_wconf 88' lang='grc'><strong><em>6.</em></strong></span> <span class='ocrx_word' id='word_1_15' title='bbox 2027 503 2253 558; x_wconf 83' lang='lat' dir='ltr'><strong><em>Faciens</em></strong></span> <span class='ocrx_word' id='word_1_16' title='bbox 2296 504 2683 557; x_wconf 79' lang='lat' dir='ltr'><strong><em>misericordias</em></strong></span> <span class='ocrx_word' id='word_1_17' title='bbox 2731 504 3020 566; x_wconf 75' lang='lat' dir='ltr'><strong><em>Dominus.</em></strong></span> <span class='ocrx_word' id='word_1_18' title='bbox 3068 513 3116 557; x_wconf 83' lang='lat' dir='ltr'><strong><em>et</em></strong></span> <span class='ocrx_word' id='word_1_19' title='bbox 3151 507 3415 575; x_wconf 74' lang='lat' dir='ltr'><strong><em>judicium</em></strong></span> 
     </span>
    </p>
   </div>
   <div class='ocr_carea' id='block_1_6' title="bbox 182 601 1750 692">
    <p class='ocr_par' dir='ltr' id='par_1_6' title="bbox 182 601 1750 692">
     <span class='ocr_line' id='line_1_6' title="bbox 182 601 1750 692; baseline -0.018 -12"><span class='ocrx_word' id='word_1_20' title='bbox 182 627 308 692; x_wconf 83' lang='grc' dir='ltr'><strong>τοῖς</strong></span> <span class='ocrx_word' id='word_1_21' title='bbox 359 619 793 687; x_wconf 80' lang='grc' dir='ltr'><strong><em>ἀδικουμένοις.</em></strong></span> <span class='ocrx_word' id='word_1_22' title='bbox 849 609 1034 676; x_wconf 74' lang='grc' dir='ltr'><strong>Οὗτος,</strong></span> <span class='ocrx_word' id='word_1_23' title='bbox 1068 612 1250 680; x_wconf 67' lang='grc' dir='ltr'><strong>φησιν,</strong></span> <span class='ocrx_word' id='word_1_24' title='bbox 1304 611 1331 660; x_wconf 90' lang='lat'><strong><em>6</em></strong></span> <span class='ocrx_word' id='word_1_25' title='bbox 1376 605 1579 675; x_wconf 89' lang='grc' dir='ltr'><strong>Κύριος</strong></span> <span class='ocrx_word' id='word_1_26' title='bbox 1616 606 1646 655; x_wconf 90' lang='lat'><strong><em>6</em></strong></span> <span class='ocrx_word' id='word_1_27' title='bbox 1674 601 1750 670; x_wconf 84' lang='grc' dir='ltr'><strong>τῷ</strong></span> 
     </span>
    </p>
   </div>
   <div class='ocr_carea' id='block_1_7' title="bbox 182 695 1751 780">
    <p class='ocr_par' dir='ltr' id='par_1_7' title="bbox 182 695 1751 780">
     <span class='ocr_line' id='line_1_7' title="bbox 182 695 1751 780; baseline -0.019 -7"><span class='ocrx_word' id='word_1_28' title='bbox 182 718 347 773; x_wconf 74' lang='grc' dir='ltr'><strong>αύτοῦ</strong></span> <span class='ocrx_word' id='word_1_29' title='bbox 379 716 518 768; x_wconf 81' lang='grc' dir='ltr'><strong>ἐλέει</strong></span> <span class='ocrx_word' id='word_1_30' title='bbox 559 713 629 765; x_wconf 77' lang='grc' dir='ltr'><strong><em>τὰ</em></strong></span> <span class='ocrx_word' id='word_1_31' title='bbox 677 707 1048 780; x_wconf 81' lang='grc' dir='ltr'><strong><em>προειρημένα</em></strong></span> <span class='ocrx_word' id='word_1_32' title='bbox 1078 705 1208 772; x_wconf 80' lang='grc' dir='ltr'><strong><em>ἡμῖν</em></strong></span> <span class='ocrx_word' id='word_1_33' title='bbox 1240 698 1624 776; x_wconf 67' lang='grc' dir='ltr'><strong><em>χαρισάμενος,</em></strong></span> <span class='ocrx_word' id='word_1_34' title='bbox 1653 695 1751 746; x_wconf 82' lang='grc' dir='ltr'><strong><em>αὐ-</em></strong></span> 
     </span>
    </p>
   </div>
   <div class='ocr_carea' id='block_1_8' title="bbox 181 786 1751 874">
    <p class='ocr_par' dir='ltr' id='par_1_8' title="bbox 181 786 1751 874">
     <span class='ocr_line' id='line_1_8' title="bbox 181 786 1751 874; baseline -0.018 -9"><span class='ocrx_word' id='word_1_35' title='bbox 181 813 272 874; x_wconf 81' lang='grc' dir='ltr'><strong>τός</strong></span> <span class='ocrx_word' id='word_1_36' title='bbox 302 815 447 863; x_wconf 86' lang='grc' dir='ltr'><strong>ἐστιν</strong></span> <span class='ocrx_word' id='word_1_37' title='bbox 481 810 508 860; x_wconf 97' lang='lat'><strong><em>6</em></strong></span> <span class='ocrx_word' id='word_1_38' title='bbox 539 806 632 858; x_wconf 79' lang='grc' dir='ltr'><strong>καὶ</strong></span> <span class='ocrx_word' id='word_1_39' title='bbox 688 802 851 854; x_wconf 77' lang='grc' dir='ltr'><strong>πάλαι</strong></span> <span class='ocrx_word' id='word_1_40' title='bbox 906 799 1109 851; x_wconf 83' lang='grc' dir='ltr'><strong>δίκαιον</strong></span> <span class='ocrx_word' id='word_1_41' title='bbox 1171 797 1342 865; x_wconf 84' lang='grc' dir='ltr'><strong>κρῖμα</strong></span> <span class='ocrx_word' id='word_1_42' title='bbox 1389 790 1599 861; x_wconf 79' lang='grc' dir='ltr'><strong><em>κρίνας,</em></strong></span> <span class='ocrx_word' id='word_1_43' title='bbox 1657 786 1751 839; x_wconf 74' lang='grc' dir='ltr'><strong><em>καὶ</em></strong></span> 
     </span>
    </p>
   </div>
   <div class='ocr_carea' id='block_1_9' title="bbox 180 878 1749 973">
    <p class='ocr_par' dir='ltr' id='par_1_9' title="bbox 180 878 1749 973">
     <span class='ocr_line' id='line_1_9' title="bbox 180 878 1749 973; baseline -0.017 -17"><span class='ocrx_word' id='word_1_44' title='bbox 180 903 598 973; x_wconf 77' lang='grc' dir='ltr'><strong><em>λυτρωσάμενος</em></strong></span> <span class='ocrx_word' id='word_1_45' title='bbox 631 894 690 959; x_wconf 82' lang='grc' dir='ltr'><strong>ἐξ</strong></span> <span class='ocrx_word' id='word_1_46' title='bbox 720 892 997 960; x_wconf 75' lang='grc' dir='ltr'><strong><em>Αἰγύπτου</em></strong></span> <span class='ocrx_word' id='word_1_47' title='bbox 1043 890 1168 949; x_wconf 76' lang='grc' dir='ltr'><strong>τοὺς</strong></span> <span class='ocrx_word' id='word_1_48' title='bbox 1197 887 1343 947; x_wconf 72' lang='grc' dir='ltr'><strong>υἱοὺς</strong></span> <span class='ocrx_word' id='word_1_49' title='bbox 1389 881 1626 952; x_wconf 77' lang='grc' dir='ltr'><strong>Ἰσραὴλ,</strong></span> <span class='ocrx_word' id='word_1_50' title='bbox 1658 878 1749 931; x_wconf 74' lang='grc' dir='ltr'><strong><em>καὶ</em></strong></span> 
     </span>
    </p>
   </div>
   <div class='ocr_carea' id='block_1_10' title="bbox 178 970 1751 1060">
    <p class='ocr_par' dir='ltr' id='par_1_10' title="bbox 178 970 1751 1060">
     <span class='ocr_line' id='line_1_10' title="bbox 178 970 1751 1060; baseline -0.018 -12"><span class='ocrx_word' id='word_1_51' title='bbox 178 970 305 1057; x_wconf 73' lang='grc' dir='ltr'><strong>δοὺς</strong></span> <span class='ocrx_word' id='word_1_52' title='bbox 335 991 413 1060; x_wconf 83' lang='grc' dir='ltr'><strong><em>τῷ</em></strong></span> <span class='ocrx_word' id='word_1_53' title='bbox 455 1006 513 1042; x_wconf 86' lang='grc' dir='ltr'><strong><em>τε</em></strong></span> <span class='ocrx_word' id='word_1_54' title='bbox 563 988 766 1055; x_wconf 79' lang='grc' dir='ltr'><strong>Μωῦσῇ</strong></span> <span class='ocrx_word' id='word_1_55' title='bbox 799 984 891 1037; x_wconf 71' lang='grc' dir='ltr'><strong><em>καὶ</em></strong></span> <span class='ocrx_word' id='word_1_56' title='bbox 941 980 1101 1033; x_wconf 68' lang='grc' dir='ltr'><strong>παντὶ</strong></span> <span class='ocrx_word' id='word_1_57' title='bbox 1139 977 1213 1046; x_wconf 78' lang='grc' dir='ltr'><strong>τῷ</strong></span> <span class='ocrx_word' id='word_1_58' title='bbox 1247 975 1360 1044; x_wconf 84' lang='grc' dir='ltr'><strong>λαῷ</strong></span> <span class='ocrx_word' id='word_1_59' title='bbox 1415 971 1615 1040; x_wconf 83' lang='grc' dir='ltr'><strong>γνῶσιν</strong></span> <span class='ocrx_word' id='word_1_60' title='bbox 1646 970 1751 1021; x_wconf 76' lang='grc' dir='ltr'><strong><em>τῶν</em></strong></span> 
     </span>
    </p>
   </div>
   <div class='ocr_carea' id='block_1_11' title="bbox 182 1079 633 1139">
    <p class='ocr_par' dir='ltr' id='par_1_11' title="bbox 182 1079 633 1139">
     <span class='ocr_line' id='line_1_11' title="bbox 182 1079 633 1139; baseline -0.022 -1"><span class='ocrx_word' id='word_1_61' title='bbox 182 1083 350 1139; x_wconf 71' lang='grc' dir='ltr'><strong>αὐτοῦ</strong></span> <span class='ocrx_word' id='word_1_62' title='bbox 388 1079 633 1133; x_wconf 81' lang='grc' dir='ltr'><strong><em>ἐντολῶν.</em></strong></span> 
     </span>
    </p>
   </div>
   <div class='ocr_carea' id='block_1_12' title="bbox 261 1152 1751 1241">
    <p class='ocr_par' dir='ltr' id='par_1_12' title="bbox 261 1152 1751 1241">
     <span class='ocr_line' id='line_1_12' title="bbox 261 1152 1751 1241; baseline -0.017 -13"><span class='ocrx_word' id='word_1_63' title='bbox 261 1174 585 1241; x_wconf 76' lang='grc' dir='ltr'><strong>Οἱκτίρμων</strong></span> <span class='ocrx_word' id='word_1_64' title='bbox 615 1169 709 1222; x_wconf 77' lang='grc' dir='ltr'><strong>καὶ</strong></span> <span class='ocrx_word' id='word_1_65' title='bbox 741 1164 1004 1232; x_wconf 52' lang='grc' dir='ltr'><strong>ἐκμῖεήμων</strong></span> <span class='ocrx_word' id='word_1_66' title='bbox 1038 1164 1068 1214; x_wconf 87' lang='grc' dir='ltr'><em>ὀ</em></span> <span class='ocrx_word' id='word_1_67' title='bbox 1120 1162 1347 1227; x_wconf 76' lang='grc' dir='ltr'><strong>Κύριος.</strong></span> <span class='ocrx_word' id='word_1_68' title='bbox 1404 1155 1588 1208; x_wconf 78' lang='grc' dir='ltr'><strong>Ταῦτα</strong></span> <span class='ocrx_word' id='word_1_69' title='bbox 1643 1152 1751 1221; x_wconf 77' lang='grc' dir='ltr'><strong><em>γὰρ</em></strong></span> 
     </span>
    </p>
   </div>
   <div class='ocr_carea' id='block_1_13' title="bbox 181 1244 1752 1335">
    <p class='ocr_par' dir='ltr' id='par_1_13' title="bbox 181 1244 1752 1335">
     <span class='ocr_line' id='line_1_13' title="bbox 181 1244 1752 1335; baseline -0.018 -13"><span class='ocrx_word' id='word_1_70' title='bbox 181 1272 277 1322; x_wconf 73' lang='grc' dir='ltr'><strong><em>καὶ</em></strong></span> <span class='ocrx_word' id='word_1_71' title='bbox 308 1269 405 1335; x_wconf 71' lang='grc' dir='ltr'><strong>τῆς</strong></span> <span class='ocrx_word' id='word_1_72' title='bbox 430 1264 684 1332; x_wconf 72' lang='grc' dir='ltr'><strong>τοιαύτης</strong></span> <span class='ocrx_word' id='word_1_73' title='bbox 719 1257 1034 1326; x_wconf 71' lang='grc' dir='ltr'>εὐεργεσίας</span> <span class='ocrx_word' id='word_1_74' title='bbox 1069 1255 1161 1307; x_wconf 69' lang='grc' dir='ltr'><strong><em>καὶ</em></strong></span> <span class='ocrx_word' id='word_1_75' title='bbox 1190 1252 1355 1304; x_wconf 81' lang='grc' dir='ltr'><strong>πάλαι</strong></span> <span class='ocrx_word' id='word_1_76' title='bbox 1397 1248 1492 1300; x_wconf 77' lang='grc' dir='ltr'><strong>καὶ</strong></span> <span class='ocrx_word' id='word_1_77' title='bbox 1539 1245 1632 1298; x_wconf 74' lang='grc' dir='ltr'><strong>νῦν</strong></span> <span class='ocrx_word' id='word_1_78' title='bbox 1661 1244 1752 1311; x_wconf 85' lang='grc' dir='ltr'><strong><em>γέ-</em></strong></span> 
     </span>
    </p>
   </div>
   <div class='ocr_carea' id='block_1_14' title="bbox 181 1337 1751 1435">
    <p class='ocr_par' dir='ltr' id='par_1_14' title="bbox 181 1337 1751 1435">
     <span class='ocr_line' id='line_1_14' title="bbox 181 1337 1751 1435; baseline -0.017 -21"><span class='ocrx_word' id='word_1_79' title='bbox 181 1379 340 1430; x_wconf 84' lang='grc' dir='ltr'><strong>γονεν</strong></span> <span class='ocrx_word' id='word_1_80' title='bbox 367 1358 530 1421; x_wconf 85' lang='grc' dir='ltr'><strong>αἰτία,</strong></span> <span class='ocrx_word' id='word_1_81' title='bbox 557 1359 821 1424; x_wconf 80' lang='grc' dir='ltr'><strong>φήσαντος</strong></span> <span class='ocrx_word' id='word_1_82' title='bbox 842 1351 936 1403; x_wconf 71' lang='grc' dir='ltr'><strong>καὶ</strong></span> <span class='ocrx_word' id='word_1_83' title='bbox 959 1348 1231 1408; x_wconf 78' lang='grc' dir='ltr'><strong>Μωῦσέως</strong></span> <span class='ocrx_word' id='word_1_84' title='bbox 1255 1363 1266 1374; x_wconf 90' lang='grc'><strong>·</strong></span> <span class='ocrx_word' id='word_1_85' title='bbox 1300 1343 1514 1409; x_wconf 77' lang='grc' dir='ltr'><strong>Κύριος</strong></span> <span class='ocrx_word' id='word_1_86' title='bbox 1534 1337 1751 1435; x_wconf 46' lang='grc' dir='ltr'><strong>μακρό-</strong></span> 
     </span>
    </p>
   </div>
   <div class='ocr_carea' id='block_1_15' title="bbox 182 1433 1752 1521">
    <p class='ocr_par' dir='ltr' id='par_1_15' title="bbox 182 1433 1752 1521">
     <span class='ocr_line' id='line_1_15' title="bbox 182 1433 1752 1521; baseline -0.019 -13"><span class='ocrx_word' id='word_1_87' title='bbox 182 1460 388 1521; x_wconf 79' lang='grc' dir='ltr'><strong>θυμος.</strong></span> <span class='ocrx_word' id='word_1_88' title='bbox 444 1448 540 1501; x_wconf 81' lang='grc' dir='ltr'><strong>καὶ</strong></span> <span class='ocrx_word' id='word_1_89' title='bbox 597 1443 927 1506; x_wconf 73' lang='grc' dir='ltr'><strong>πολυέλεος</strong></span> <span class='ocrx_word' id='word_1_90' title='bbox 959 1481 974 1500; x_wconf 84' lang='grc'><strong><em>,</em></strong></span> <span class='ocrx_word' id='word_1_91' title='bbox 1036 1439 1132 1491; x_wconf 75' lang='grc' dir='ltr'><strong><em>καί</em></strong></span> <span class='ocrx_word' id='word_1_92' title='bbox 1189 1433 1524 1502; x_wconf 74' lang='grc' dir='ltr'><strong><em>ἀληθινός·</em></strong></span> <span class='ocrx_word' id='word_1_93' title='bbox 1566 1433 1752 1481; x_wconf 79' lang='grc' dir='ltr'><strong>ποιῶν</strong></span> 
     </span>
    </p>
   </div>
   <div class='ocr_carea' id='block_1_16' title="bbox 180 1522 1750 1607">
    <p class='ocr_par' dir='ltr' id='par_1_16' title="bbox 180 1522 1750 1607">
     <span class='ocr_line' id='line_1_16' title="bbox 180 1522 1750 1607; baseline -0.017 -9"><span class='ocrx_word' id='word_1_94' title='bbox 180 1546 357 1606; x_wconf 72' lang='grc' dir='ltr'><strong>ἕλεος</strong></span> <span class='ocrx_word' id='word_1_95' title='bbox 382 1543 469 1604; x_wconf 82' lang='grc' dir='ltr'><strong><em>είς</em></strong></span> <span class='ocrx_word' id='word_1_96' title='bbox 498 1533 786 1607; x_wconf 58' lang='grc' dir='ltr'><strong>χιλιάδας.</strong></span> <span class='ocrx_word' id='word_1_97' title='bbox 824 1533 1036 1595; x_wconf 77' lang='grc' dir='ltr'><strong>Ταύτας</strong></span> <span class='ocrx_word' id='word_1_98' title='bbox 1063 1526 1153 1584; x_wconf 80' lang='grc' dir='ltr'><strong>οὖν</strong></span> <span class='ocrx_word' id='word_1_99' title='bbox 1181 1526 1343 1581; x_wconf 73' lang='grc' dir='ltr'><strong>αὐτοῦ</strong></span> <span class='ocrx_word' id='word_1_100' title='bbox 1367 1525 1465 1589; x_wconf 81' lang='grc' dir='ltr'><strong>τὰς</strong></span> <span class='ocrx_word' id='word_1_101' title='bbox 1495 1522 1750 1590; x_wconf 74' lang='grc' dir='ltr'><strong>δυνάμεις</strong></span> 
     </span>
    </p>
   </div>
   <div class='ocr_carea' id='block_1_17' title="bbox 183 1612 1751 1703">
    <p class='ocr_par' dir='ltr' id='par_1_17' title="bbox 183 1612 1751 1703">
     <span class='ocr_line' id='line_1_17' title="bbox 183 1612 1751 1703; baseline -0.015 -17"><span class='ocrx_word' id='word_1_102' title='bbox 183 1634 450 1703; x_wconf 74' lang='grc' dir='ltr'><strong><em>ἐγνώρισε</em></strong></span> <span class='ocrx_word' id='word_1_103' title='bbox 489 1629 563 1700; x_wconf 80' lang='grc' dir='ltr'><strong>τῷ</strong></span> <span class='ocrx_word' id='word_1_104' title='bbox 615 1630 860 1697; x_wconf 80' lang='grc' dir='ltr'><strong>Μωῡσῇ,</strong></span> <span class='ocrx_word' id='word_1_105' title='bbox 920 1623 1215 1694; x_wconf 77' lang='grc' dir='ltr'><strong>λεγομένας</strong></span> <span class='ocrx_word' id='word_1_106' title='bbox 1266 1619 1455 1680; x_wconf 72' lang='grc' dir='ltr'><strong>ὀδοὺς,</strong></span> <span class='ocrx_word' id='word_1_107' title='bbox 1512 1614 1606 1666; x_wconf 75' lang='grc' dir='ltr'><strong>καὶ</strong></span> <span class='ocrx_word' id='word_1_108' title='bbox 1656 1612 1751 1673; x_wconf 79' lang='grc' dir='ltr'><strong><em>τὰς</em></strong></span> 
     </span>
    </p>
   </div>
   <div class='ocr_carea' id='block_1_18' title="bbox 185 1704 1748 1795">
    <p class='ocr_par' dir='ltr' id='par_1_18' title="bbox 185 1704 1748 1795">
     <span class='ocr_line' id='line_1_18' title="bbox 185 1704 1748 1795; baseline -0.016 -18"><span class='ocrx_word' id='word_1_109' title='bbox 185 1726 387 1795; x_wconf 74' lang='grc' dir='ltr'><strong>ἀρετὰς</strong></span> <span class='ocrx_word' id='word_1_110' title='bbox 419 1720 538 1773; x_wconf 81' lang='grc' dir='ltr'><strong>καθ’</strong></span> <span class='ocrx_word' id='word_1_111' title='bbox 568 1719 634 1782; x_wconf 76' lang='grc' dir='ltr'><strong>ἃς</strong></span> <span class='ocrx_word' id='word_1_112' title='bbox 665 1719 732 1771; x_wconf 85' lang='grc' dir='ltr'><strong>τὰ</strong></span> <span class='ocrx_word' id='word_1_113' title='bbox 758 1719 931 1770; x_wconf 70' lang='grc' dir='ltr'><strong>πάντα</strong></span> <span class='ocrx_word' id='word_1_114' title='bbox 959 1716 1152 1768; x_wconf 79' lang='grc' dir='ltr'><strong>διέπει.</strong></span> <span class='ocrx_word' id='word_1_115' title='bbox 1191 1713 1311 1764; x_wconf 78' lang='grc' dir='ltr'><strong><em>Οὐκ</em></strong></span> <span class='ocrx_word' id='word_1_116' title='bbox 1343 1711 1429 1773; x_wconf 81' lang='grc' dir='ltr'><strong><em>εις</em></strong></span> <span class='ocrx_word' id='word_1_117' title='bbox 1456 1706 1628 1768; x_wconf 75' lang='grc' dir='ltr'><strong>τέλος</strong></span> <span class='ocrx_word' id='word_1_118' title='bbox 1657 1704 1748 1769; x_wconf 78' lang='grc' dir='ltr'><strong><em>ὀρ-</em></strong></span> 
     </span>
    </p>
   </div>
   <div class='ocr_carea' id='block_1_19' title="bbox 181 1795 1749 1884">
    <p class='ocr_par' dir='ltr' id='par_1_19' title="bbox 181 1795 1749 1884">
     <span class='ocr_line' id='line_1_19' title="bbox 181 1795 1749 1884; baseline -0.016 -14"><span class='ocrx_word' id='word_1_119' title='bbox 181 1814 556 1884; x_wconf 63' lang='grc' dir='ltr'><strong>ταισθήσεται.</strong></span> <span class='ocrx_word' id='word_1_120' title='bbox 576 1813 638 1863; x_wconf 82' lang='lat' dir='ltr'><strong><em>El</em></strong></span> <span class='ocrx_word' id='word_1_121' title='bbox 665 1811 757 1862; x_wconf 71' lang='grc' dir='ltr'><strong>καὶ</strong></span> <span class='ocrx_word' id='word_1_122' title='bbox 781 1807 1046 1878; x_wconf 78' lang='grc' dir='ltr'><strong><em>ὠργίσθη,</em></strong></span> <span class='ocrx_word' id='word_1_123' title='bbox 1072 1804 1226 1873; x_wconf 72' lang='grc' dir='ltr'><strong>φησὶ,</strong></span> <span class='ocrx_word' id='word_1_124' title='bbox 1257 1800 1343 1853; x_wconf 72' lang='grc' dir='ltr'><strong>διὰ</strong></span> <span class='ocrx_word' id='word_1_125' title='bbox 1361 1801 1457 1869; x_wconf 83' lang='grc' dir='ltr'><strong><em>τὴν</em></strong></span> <span class='ocrx_word' id='word_1_126' title='bbox 1486 1801 1542 1849; x_wconf 88' lang='grc' dir='ltr'><strong>ἐν</strong></span> <span class='ocrx_word' id='word_1_127' title='bbox 1581 1795 1749 1862; x_wconf 76' lang='grc' dir='ltr'><strong>Ἀδὰμ</strong></span> 
     </span>
    </p>
   </div>
   <div class='ocr_carea' id='block_1_20' title="bbox 180 1887 1747 1979">
    <p class='ocr_par' dir='ltr' id='par_1_20' title="bbox 180 1887 1747 1979">
     <span class='ocr_line' id='line_1_20' title="bbox 180 1887 1747 1979; baseline -0.016 -17"><span class='ocrx_word' id='word_1_128' title='bbox 180 1905 515 1979; x_wconf 71' lang='grc' dir='ltr'><strong>παράϐασιν,</strong></span> <span class='ocrx_word' id='word_1_129' title='bbox 551 1903 646 1958; x_wconf 66' lang='grc' dir='ltr'><strong>καὶ</strong></span> <span class='ocrx_word' id='word_1_130' title='bbox 680 1902 1002 1956; x_wconf 81' lang='grc' dir='ltr'><strong>κατεδίκασε</strong></span> <span class='ocrx_word' id='word_1_131' title='bbox 1054 1895 1266 1966; x_wconf 77' lang='grc' dir='ltr'><strong><em>θανάτῳ</em></strong></span> <span class='ocrx_word' id='word_1_132' title='bbox 1295 1893 1354 1944; x_wconf 90' lang='grc' dir='ltr'><strong>τὸ</strong></span> <span class='ocrx_word' id='word_1_133' title='bbox 1379 1892 1533 1962; x_wconf 75' lang='grc' dir='ltr'><strong>γένος</strong></span> <span class='ocrx_word' id='word_1_134' title='bbox 1567 1907 1580 1917; x_wconf 89' lang='grc'>·</span> <span class='ocrx_word' id='word_1_135' title='bbox 1636 1887 1747 1939; x_wconf 84' lang='grc' dir='ltr'><strong>ἀλλ’</strong></span> 
     </span>
    </p>
   </div>
   <div class='ocr_carea' id='block_1_21' title="bbox 179 1983 1748 2063">
    <p class='ocr_par' dir='ltr' id='par_1_21' title="bbox 179 1983 1748 2063">
     <span class='ocr_line' id='line_1_21' title="bbox 179 1983 1748 2063; baseline -0.015 -9"><span class='ocrx_word' id='word_1_136' title='bbox 179 2001 282 2054; x_wconf 74' lang='grc' dir='ltr'><strong>οὐκ</strong></span> <span class='ocrx_word' id='word_1_137' title='bbox 314 1999 544 2052; x_wconf 77' lang='grc' dir='ltr'><strong><em>ἐκτείνει</em></strong></span> <span class='ocrx_word' id='word_1_138' title='bbox 570 1999 648 2057; x_wconf 86' lang='grc' dir='ltr'><strong><em>είς</em></strong></span> <span class='ocrx_word' id='word_1_139' title='bbox 671 1995 826 2056; x_wconf 78' lang='grc' dir='ltr'><strong>τέλος</strong></span> <span class='ocrx_word' id='word_1_140' title='bbox 856 1993 951 2063; x_wconf 76' lang='grc' dir='ltr'><strong>τὴν</strong></span> <span class='ocrx_word' id='word_1_141' title='bbox 980 1991 1148 2061; x_wconf 77' lang='grc' dir='ltr'><strong>ὀργήν</strong></span> <span class='ocrx_word' id='word_1_142' title='bbox 1168 2007 1180 2020; x_wconf 91' lang='grc'><strong>·</strong></span> <span class='ocrx_word' id='word_1_143' title='bbox 1207 1987 1488 2056; x_wconf 66' lang='grc' dir='ltr'><strong>ἐπέλαμψε</strong></span> <span class='ocrx_word' id='word_1_144' title='bbox 1526 1983 1631 2053; x_wconf 82' lang='grc' dir='ltr'><strong>γὰρ</strong></span> <span class='ocrx_word' id='word_1_145' title='bbox 1665 1983 1748 2033; x_wconf 86' lang='grc' dir='ltr'><strong>ἐπ’</strong></span> 
     </span>
    </p>
   </div>
   <div class='ocr_carea' id='block_1_22' title="bbox 178 2076 1562 2164">
    <p class='ocr_par' dir='ltr' id='par_1_22' title="bbox 178 2076 1562 2164">
     <span class='ocr_line' id='line_1_22' title="bbox 178 2076 1562 2164; baseline -0.015 -17"><span class='ocrx_word' id='word_1_146' title='bbox 178 2093 427 2164; x_wconf 81' lang='grc' dir='ltr'><strong>ἐσχάτων</strong></span> <span class='ocrx_word' id='word_1_147' title='bbox 460 2089 565 2142; x_wconf 75' lang='grc' dir='ltr'><strong><em>τῶν</em></strong></span> <span class='ocrx_word' id='word_1_148' title='bbox 589 2087 792 2157; x_wconf 77' lang='grc' dir='ltr'><strong>χρόνων</strong></span> <span class='ocrx_word' id='word_1_149' title='bbox 821 2087 900 2147; x_wconf 85' lang='grc' dir='ltr'><strong><em>είς</em></strong></span> <span class='ocrx_word' id='word_1_150' title='bbox 930 2083 1186 2152; x_wconf 78' lang='grc' dir='ltr'><strong><em>ἀθέτησιν</em></strong></span> <span class='ocrx_word' id='word_1_151' title='bbox 1215 2079 1310 2149; x_wconf 82' lang='grc' dir='ltr'><strong>τῆς</strong></span> <span class='ocrx_word' id='word_1_152' title='bbox 1338 2076 1562 2146; x_wconf 74' lang='grc' dir='ltr'><strong>φθορᾶς.</strong></span> 
     </span>
    </p>
   </div>
   <div class='ocr_carea' id='block_1_23' title="bbox 253 2162 1752 2247">
    <p class='ocr_par' dir='ltr' id='par_1_23' title="bbox 253 2162 1752 2247">
     <span class='ocr_line' id='line_1_23' title="bbox 253 2162 1752 2247; baseline -0.015 -12"><span class='ocrx_word' id='word_1_153' title='bbox 253 2185 385 2234; x_wconf 83' lang='grc' dir='ltr'><strong><em>’Ὅτι</em></strong></span> <span class='ocrx_word' id='word_1_154' title='bbox 441 2179 622 2244; x_wconf 82' lang='grc' dir='ltr'><strong>αὐτὸς</strong></span> <span class='ocrx_word' id='word_1_155' title='bbox 662 2177 815 2247; x_wconf 65' lang='grc' dir='ltr'><strong>ἕγτνω</strong></span> <span class='ocrx_word' id='word_1_156' title='bbox 879 2175 942 2228; x_wconf 81' lang='grc' dir='ltr'><strong>τὸ</strong></span> <span class='ocrx_word' id='word_1_157' title='bbox 1001 2172 1249 2238; x_wconf 71' lang='grc' dir='ltr'><strong>πλάσμα</strong></span> <span class='ocrx_word' id='word_1_158' title='bbox 1278 2167 1464 2236; x_wconf 70' lang='grc' dir='ltr'><strong>ἡμῶν.</strong></span> <span class='ocrx_word' id='word_1_159' title='bbox 1514 2165 1600 2226; x_wconf 84' lang='grc' dir='ltr'><strong>Ὠς</strong></span> <span class='ocrx_word' id='word_1_160' title='bbox 1644 2162 1752 2232; x_wconf 82' lang='grc' dir='ltr'><strong>γὰρ</strong></span> 
     </span>
    </p>
   </div>
   <div class='ocr_carea' id='block_1_24' title="bbox 181 2255 1756 2344">
    <p class='ocr_par' dir='ltr' id='par_1_24' title="bbox 181 2255 1756 2344">
     <span class='ocr_line' id='line_1_24' title="bbox 181 2255 1756 2344; baseline -0.015 -15"><span class='ocrx_word' id='word_1_161' title='bbox 181 2277 315 2330; x_wconf 66' lang='grc' dir='ltr'><strong>ἴδιον</strong></span> <span class='ocrx_word' id='word_1_162' title='bbox 350 2275 573 2344; x_wconf 83' lang='grc' dir='ltr'><strong><em>πλάσμα</em></strong></span> <span class='ocrx_word' id='word_1_163' title='bbox 605 2273 698 2325; x_wconf 72' lang='grc' dir='ltr'><strong>καὶ</strong></span> <span class='ocrx_word' id='word_1_164' title='bbox 727 2270 862 2338; x_wconf 78' lang='grc' dir='ltr'><strong>ἔργα</strong></span> <span class='ocrx_word' id='word_1_165' title='bbox 885 2266 991 2318; x_wconf 83' lang='grc' dir='ltr'><strong>τῶν</strong></span> <span class='ocrx_word' id='word_1_166' title='bbox 1019 2263 1217 2334; x_wconf 83' lang='grc' dir='ltr'><strong>χειρῶν</strong></span> <span class='ocrx_word' id='word_1_167' title='bbox 1253 2258 1414 2313; x_wconf 78' lang='grc' dir='ltr'><strong>αὑτοῦ</strong></span> <span class='ocrx_word' id='word_1_168' title='bbox 1459 2255 1756 2326; x_wconf 86' lang='grc' dir='ltr'><strong>κατῳκτεί-</strong></span> 
     </span>
    </p>
   </div>
   <div class='ocr_carea' id='block_1_25' title="bbox 184 2384 373 2440">
    <p class='ocr_par' dir='ltr' id='par_1_25' title="bbox 184 2384 373 2440">
     <span class='ocr_line' id='line_1_25' title="bbox 184 2384 373 2440; baseline 0.005 -21"><span class='ocrx_word' id='word_1_169' title='bbox 184 2384 373 2440; x_wconf 82' lang='grc' dir='ltr'><strong>ρησεν.</strong></span> 
     </span>
    </p>
   </div>
   <div class='ocr_carea' id='block_1_26' title="bbox 249 2441 1746 2524">
    <p class='ocr_par' dir='ltr' id='par_1_26' title="bbox 249 2441 1746 2524">
     <span class='ocr_line' id='line_1_26' title="bbox 249 2441 1746 2524; baseline -0.013 -12"><span class='ocrx_word' id='word_1_170' title='bbox 249 2458 324 2512; x_wconf 80' lang='lat' dir='ltr'>T6</span> <span class='ocrx_word' id='word_1_171' title='bbox 347 2457 414 2511; x_wconf 84' lang='grc' dir='ltr'><strong>δὲ</strong></span> <span class='ocrx_word' id='word_1_172' title='bbox 441 2453 861 2524; x_wconf 58' lang='grc' dir='ltr'><strong>ἐλεοςᾙυρίου</strong></span> <span class='ocrx_word' id='word_1_173' title='bbox 883 2449 1000 2504; x_wconf 82' lang='grc' dir='ltr'><strong><em>ἀπὸ</em></strong></span> <span class='ocrx_word' id='word_1_174' title='bbox 1023 2448 1127 2502; x_wconf 84' lang='grc' dir='ltr'><strong><em>τοῦ</em></strong></span> <span class='ocrx_word' id='word_1_175' title='bbox 1150 2446 1384 2511; x_wconf 79' lang='grc' dir='ltr'><strong>αἰῶνος.</strong></span> <span class='ocrx_word' id='word_1_176' title='bbox 1414 2445 1634 2514; x_wconf 84' lang='grc' dir='ltr'><strong>Ὅμοιον</strong></span> <span class='ocrx_word' id='word_1_177' title='bbox 1660 2441 1746 2494; x_wconf 72' lang='grc' dir='ltr'><strong><em>τόο</em></strong></span> 
     </span>
    </p>
   </div>
   <div class='ocr_carea' id='block_1_27' title="bbox 179 2535 1753 2611">
    <p class='ocr_par' dir='ltr' id='par_1_27' title="bbox 179 2535 1753 2611">
     <span class='ocr_line' id='line_1_27' title="bbox 179 2535 1753 2611; baseline -0.01 -7"><span class='ocrx_word' id='word_1_178' title='bbox 179 2551 296 2604; x_wconf 75' lang='grc' dir='ltr'><strong><em>Καὶ</em></strong></span> <span class='ocrx_word' id='word_1_179' title='bbox 340 2547 527 2601; x_wconf 84' lang='grc' dir='ltr'><strong>ποιῶν</strong></span> <span class='ocrx_word' id='word_1_180' title='bbox 572 2547 744 2610; x_wconf 74' lang='grc' dir='ltr'><strong>ἕλεος</strong></span> <span class='ocrx_word' id='word_1_181' title='bbox 786 2547 872 2607; x_wconf 80' lang='grc' dir='ltr'><strong><em>εις</em></strong></span> <span class='ocrx_word' id='word_1_182' title='bbox 905 2540 1178 2611; x_wconf 73' lang='grc' dir='ltr'><strong><em>χιλιάδας</em></strong></span> <span class='ocrx_word' id='word_1_183' title='bbox 1212 2538 1334 2604; x_wconf 85' lang='grc' dir='ltr'><strong>τοῖς</strong></span> <span class='ocrx_word' id='word_1_184' title='bbox 1361 2535 1753 2607; x_wconf 74' lang='grc' dir='ltr'><strong><em>φοϐουμένοις</em></strong></span> 
     </span>
    </p>
   </div>
   <div class='ocr_carea' id='block_1_28' title="bbox 223 2658 278 2695">
    <p class='ocr_par' dir='ltr' id='par_1_28' title="bbox 223 2658 278 2695">
     <span class='ocr_line' id='line_1_28' title="bbox 223 2658 278 2695; baseline -0.018 0"><span class='ocrx_word' id='word_1_185' title='bbox 223 2658 278 2695; x_wconf 82' lang='grc' dir='ltr'><strong><em>ε.</em></strong></span> 
     </span>
    </p>
   </div>
   <div class='ocr_carea' id='block_1_29' title="bbox 173 2659 1755 2798">
    <p class='ocr_par' dir='ltr' id='par_1_29' title="bbox 173 2659 1755 2798">
     <span class='ocr_line' id='line_1_29' title="bbox 223 2659 278 2695; baseline -0.018 0"><span class='ocrx_word' id='word_1_186' title='bbox 223 2659 278 2695; x_wconf 82' lang='grc' dir='ltr'><strong><em>ε.</em></strong></span> 
     </span>
     <span class='ocr_line' id='line_1_30' title="bbox 173 2659 1755 2798; baseline -0.011 -11"><span class='ocrx_word' id='word_1_187' title='bbox 173 2659 219 2710; x_wconf 66' lang='grc' dir='ltr'><em>μ</em></span> <span class='ocrx_word' id='word_1_188' title='bbox 251 2731 364 2787; x_wconf 77' lang='grc' dir='ltr'><strong><em>Καὶ</em></strong></span> <span class='ocrx_word' id='word_1_189' title='bbox 398 2732 435 2798; x_wconf 78' lang='grc' dir='ltr'><strong><em>ἡ</em></strong></span> <span class='ocrx_word' id='word_1_190' title='bbox 471 2729 824 2793; x_wconf 70' lang='grc' dir='ltr'><strong><em>δικαιοσύνη</em></strong></span> <span class='ocrx_word' id='word_1_191' title='bbox 864 2724 1050 2779; x_wconf 85' lang='grc' dir='ltr'><strong>αὐτοῦ</strong></span> <span class='ocrx_word' id='word_1_192' title='bbox 1081 2724 1178 2777; x_wconf 74' lang='grc' dir='ltr'><strong>ἐπὶ</strong></span> <span class='ocrx_word' id='word_1_193' title='bbox 1226 2722 1397 2787; x_wconf 72' lang='grc' dir='ltr'><strong>υἱοὺς</strong></span> <span class='ocrx_word' id='word_1_194' title='bbox 1448 2718 1595 2774; x_wconf 84' lang='grc' dir='ltr'><strong>υιῶν</strong></span> <span class='ocrx_word' id='word_1_195' title='bbox 1630 2718 1755 2784; x_wconf 79' lang='grc' dir='ltr'><strong>τοῖς</strong></span> 
     </span>
    </p>
   </div>
   <div class='ocr_carea' id='block_1_30' title="bbox 179 2811 1753 2892">
    <p class='ocr_par' dir='ltr' id='par_1_30' title="bbox 179 2811 1753 2892">
     <span class='ocr_line' id='line_1_31' title="bbox 179 2811 1753 2892; baseline -0.011 -13"><span class='ocrx_word' id='word_1_196' title='bbox 179 2823 582 2892; x_wconf 70' lang='grc' dir='ltr'><strong>φυλάσσουσι</strong></span> <span class='ocrx_word' id='word_1_197' title='bbox 610 2820 723 2887; x_wconf 81' lang='grc' dir='ltr'><strong><em>τὴν</em></strong></span> <span class='ocrx_word' id='word_1_198' title='bbox 755 2816 1048 2882; x_wconf 74' lang='grc' dir='ltr'><strong><em>διαθήκην</em></strong></span> <span class='ocrx_word' id='word_1_199' title='bbox 1069 2814 1275 2868; x_wconf 78' lang='grc' dir='ltr'><strong>αὐτοῦ.</strong></span> <span class='ocrx_word' id='word_1_200' title='bbox 1313 2815 1500 2880; x_wconf 74' lang='grc' dir='ltr'><strong>’Ἄγιος</strong></span> <span class='ocrx_word' id='word_1_201' title='bbox 1521 2811 1628 2881; x_wconf 85' lang='grc' dir='ltr'><strong>γὰρ</strong></span> <span class='ocrx_word' id='word_1_202' title='bbox 1655 2811 1753 2872; x_wconf 84' lang='grc' dir='ltr'><strong>ὢν,</strong></span> 
     </span>
    </p>
   </div>
   <div class='ocr_carea' id='block_1_31' title="bbox 179 2901 1753 2982">
    <p class='ocr_par' dir='ltr' id='par_1_31' title="bbox 179 2901 1753 2982">
     <span class='ocr_line' id='line_1_32' title="bbox 179 2901 1753 2982; baseline -0.01 -14"><span class='ocrx_word' id='word_1_203' title='bbox 179 2918 242 2969; x_wconf 83' lang='grc' dir='ltr'><strong><em>ἐν</em></strong></span> <span class='ocrx_word' id='word_1_204' title='bbox 277 2914 453 2982; x_wconf 82' lang='grc' dir='ltr'><strong>ἁγίοις</strong></span> <span class='ocrx_word' id='word_1_205' title='bbox 481 2911 839 2972; x_wconf 84' lang='grc' dir='ltr'><strong>ἀναπαύεται,</strong></span> <span class='ocrx_word' id='word_1_206' title='bbox 869 2910 988 2969; x_wconf 82' lang='grc' dir='ltr'><strong>ταῖς</strong></span> <span class='ocrx_word' id='word_1_207' title='bbox 1036 2905 1350 2973; x_wconf 81' lang='grc' dir='ltr'><strong>ἁγγελικαῖς</strong></span> <span class='ocrx_word' id='word_1_208' title='bbox 1376 2903 1614 2974; x_wconf 83' lang='grc' dir='ltr'><strong>δηλονότι</strong></span> <span class='ocrx_word' id='word_1_209' title='bbox 1661 2901 1753 2953; x_wconf 86' lang='grc' dir='ltr'><strong><em>δυ-</em></strong></span> 
     </span>
    </p>
   </div>
   <div class='ocr_carea' id='block_1_32' title="bbox 182 3004 440 3074">
    <p class='ocr_par' dir='ltr' id='par_1_32' title="bbox 182 3004 440 3074">
     <span class='ocr_line' id='line_1_33' title="bbox 182 3004 440 3074; baseline -0.016 -16"><span class='ocrx_word' id='word_1_210' title='bbox 182 3004 440 3074; x_wconf 78' lang='grc' dir='ltr'><strong>νὰμεσιν.</strong></span> 
     </span>
    </p>
   </div>
   <div class='ocr_carea' id='block_1_33' title="bbox 256 3087 1754 3162">
    <p class='ocr_par' dir='ltr' id='par_1_33' title="bbox 256 3087 1754 3162">
     <span class='ocr_line' id='line_1_34' title="bbox 256 3087 1754 3162; baseline -0.007 -14"><span class='ocrx_word' id='word_1_211' title='bbox 256 3097 473 3162; x_wconf 81' lang='grc' dir='ltr'><strong>Κύριος</strong></span> <span class='ocrx_word' id='word_1_212' title='bbox 502 3095 571 3147; x_wconf 76' lang='grc' dir='ltr'><strong>ἐν</strong></span> <span class='ocrx_word' id='word_1_213' title='bbox 610 3092 685 3159; x_wconf 84' lang='grc' dir='ltr'><strong>τῷ</strong></span> <span class='ocrx_word' id='word_1_214' title='bbox 708 3092 940 3160; x_wconf 79' lang='grc' dir='ltr'><strong>οὐρανῷ</strong></span> <span class='ocrx_word' id='word_1_215' title='bbox 972 3091 1260 3161; x_wconf 75' lang='grc' dir='ltr'><strong><em>ἡτοίμασε</em></strong></span> <span class='ocrx_word' id='word_1_216' title='bbox 1288 3087 1387 3141; x_wconf 76' lang='grc' dir='ltr'><strong>τὸν</strong></span> <span class='ocrx_word' id='word_1_217' title='bbox 1419 3089 1634 3155; x_wconf 74' lang='grc' dir='ltr'><em>θρόνον</em></span> <span class='ocrx_word' id='word_1_218' title='bbox 1651 3087 1754 3139; x_wconf 82' lang='grc' dir='ltr'><strong><em>αὺ-</em></strong></span> 
     </span>
    </p>
   </div>
   <div class='ocr_carea' id='block_1_34' title="bbox 183 3178 1827 3272">
    <p class='ocr_par' dir='ltr' id='par_1_34' title="bbox 183 3178 1827 3272">
     <span class='ocr_line' id='line_1_35' title="bbox 183 3178 1827 3272; baseline -0.008 -30"><span class='ocrx_word' id='word_1_219' title='bbox 183 3187 314 3242; x_wconf 78' lang='grc' dir='ltr'><strong>τοῦ.</strong></span> <span class='ocrx_word' id='word_1_220' title='bbox 360 3185 791 3239; x_wconf 83' lang='grc' dir='ltr'><strong>Ἐπαναπαύεται</strong></span> <span class='ocrx_word' id='word_1_221' title='bbox 849 3186 965 3254; x_wconf 82' lang='grc' dir='ltr'><strong>μὲν,</strong></span> <span class='ocrx_word' id='word_1_222' title='bbox 999 3183 1153 3253; x_wconf 78' lang='grc' dir='ltr'><strong>φησὶ,</strong></span> <span class='ocrx_word' id='word_1_223' title='bbox 1195 3184 1308 3243; x_wconf 85' lang='grc' dir='ltr'><strong>τοῖς</strong></span> <span class='ocrx_word' id='word_1_224' title='bbox 1358 3179 1469 3232; x_wconf 79' lang='grc' dir='ltr'><strong>ἄνω</strong></span> <span class='ocrx_word' id='word_1_225' title='bbox 1508 3178 1752 3246; x_wconf 85' lang='grc' dir='ltr'><strong>πνεύμα-</strong></span> <span class='ocrx_word' id='word_1_226' title='bbox 1785 3215 1827 3272; x_wconf 76' lang='lat' dir='ltr'><strong>C</strong></span> 
     </span>
    </p>
   </div>
   <div class='ocr_carea' id='block_1_35' title="bbox 186 3270 1758 3350">
    <p class='ocr_par' dir='ltr' id='par_1_35' title="bbox 186 3270 1758 3350">
     <span class='ocr_line' id='line_1_36' title="bbox 186 3270 1758 3350; baseline -0.008 -16"><span class='ocrx_word' id='word_1_227' title='bbox 186 3299 275 3334; x_wconf 89' lang='grc' dir='ltr'><strong><em>σιν</em></strong></span> <span class='ocrx_word' id='word_1_228' title='bbox 297 3298 310 3311; x_wconf 78' lang='grc' dir='ltr'><strong><em>ο</em></strong></span> <span class='ocrx_word' id='word_1_229' title='bbox 344 3282 403 3333; x_wconf 73' lang='grc' dir='ltr'><strong>οὐ</strong></span> <span class='ocrx_word' id='word_1_230' title='bbox 460 3281 565 3350; x_wconf 74' lang='grc' dir='ltr'><strong>μὴν</strong></span> <span class='ocrx_word' id='word_1_231' title='bbox 596 3279 714 3331; x_wconf 75' lang='grc' dir='ltr'><strong>οὐδὲ</strong></span> <span class='ocrx_word' id='word_1_232' title='bbox 744 3277 812 3329; x_wconf 79' lang='grc' dir='ltr'><strong>τὰ</strong></span> <span class='ocrx_word' id='word_1_233' title='bbox 853 3278 943 3328; x_wconf 73' lang='grc' dir='ltr'><strong><em>ἐπὶ</em></strong></span> <span class='ocrx_word' id='word_1_234' title='bbox 990 3276 1113 3344; x_wconf 80' lang='grc' dir='ltr'><strong>γῆς·</strong></span> <span class='ocrx_word' id='word_1_235' title='bbox 1141 3274 1240 3344; x_wconf 83' lang='grc' dir='ltr'><strong>τῆς</strong></span> <span class='ocrx_word' id='word_1_236' title='bbox 1271 3271 1435 3325; x_wconf 77' lang='grc' dir='ltr'><strong>αὑτοῦ</strong></span> <span class='ocrx_word' id='word_1_237' title='bbox 1489 3270 1758 3340; x_wconf 74' lang='grc' dir='ltr'><strong>βασιλείας</strong></span> 
     </span>
    </p>
   </div>
   <div class='ocr_carea' id='block_1_36' title="bbox 183 3362 1760 3442">
    <p class='ocr_par' dir='ltr' id='par_1_36' title="bbox 183 3362 1760 3442">
     <span class='ocr_line' id='line_1_37' title="bbox 183 3362 1760 3442; baseline -0.008 -17"><span class='ocrx_word' id='word_1_238' title='bbox 183 3373 516 3442; x_wconf 57' lang='grc' dir='ltr'><strong>ἀφέστηκεν.</strong></span> <span class='ocrx_word' id='word_1_239' title='bbox 565 3369 734 3432; x_wconf 79' lang='grc' dir='ltr'><strong>Αὐτὸς</strong></span> <span class='ocrx_word' id='word_1_240' title='bbox 786 3369 892 3437; x_wconf 87' lang='grc' dir='ltr'><strong><em>γάρ</em></strong></span> <span class='ocrx_word' id='word_1_241' title='bbox 936 3369 1080 3420; x_wconf 87' lang='grc' dir='ltr'><strong>ἐστιν</strong></span> <span class='ocrx_word' id='word_1_242' title='bbox 1122 3367 1149 3418; x_wconf 88' lang='lat'><strong><em>6</em></strong></span> <span class='ocrx_word' id='word_1_243' title='bbox 1179 3363 1610 3430; x_wconf 81' lang='grc' dir='ltr'><strong>κατεξουσιάζων</strong></span> <span class='ocrx_word' id='word_1_244' title='bbox 1651 3362 1760 3414; x_wconf 85' lang='grc' dir='ltr'><strong><em>τῶν</em></strong></span> 
     </span>
    </p>
   </div>
   <div class='ocr_carea' id='block_1_37' title="bbox 184 3453 1759 3528">
    <p class='ocr_par' dir='ltr' id='par_1_37' title="bbox 184 3453 1759 3528">
     <span class='ocr_line' id='line_1_38' title="bbox 184 3453 1759 3528; baseline -0.006 -12"><span class='ocrx_word' id='word_1_245' title='bbox 184 3465 327 3518; x_wconf 84' lang='grc' dir='ltr'><strong>ὅλων</strong></span> <span class='ocrx_word' id='word_1_246' title='bbox 365 3463 438 3526; x_wconf 81' lang='grc' dir='ltr'><strong>ὡς</strong></span> <span class='ocrx_word' id='word_1_247' title='bbox 469 3463 619 3524; x_wconf 82' lang='grc' dir='ltr'><strong>Θεός.</strong></span> <span class='ocrx_word' id='word_1_248' title='bbox 647 3461 756 3515; x_wconf 80' lang='grc' dir='ltr'><strong><em>Καὶ</em></strong></span> <span class='ocrx_word' id='word_1_249' title='bbox 791 3462 828 3528; x_wconf 79' lang='grc' dir='ltr'><strong><em>ἡ</em></strong></span> <span class='ocrx_word' id='word_1_250' title='bbox 849 3459 1139 3523; x_wconf 74' lang='grc' dir='ltr'><strong>βασιλεία</strong></span> <span class='ocrx_word' id='word_1_251' title='bbox 1177 3458 1361 3510; x_wconf 85' lang='grc' dir='ltr'><strong>αὐτοῦ</strong></span> <span class='ocrx_word' id='word_1_252' title='bbox 1390 3455 1630 3508; x_wconf 77' lang='grc' dir='ltr'><strong>πάντων</strong></span> <span class='ocrx_word' id='word_1_253' title='bbox 1663 3453 1759 3506; x_wconf 81' lang='grc' dir='ltr'><strong>δε-</strong></span> 
     </span>
    </p>
   </div>
   <div class='ocr_carea' id='block_1_38' title="bbox 186 3547 1761 3619">
    <p class='ocr_par' dir='ltr' id='par_1_38' title="bbox 186 3547 1761 3619">
     <span class='ocr_line' id='line_1_39' title="bbox 186 3547 1761 3619; baseline -0.006 -10"><span class='ocrx_word' id='word_1_254' title='bbox 186 3555 416 3614; x_wconf 80' lang='grc' dir='ltr'><strong>σπόζει.</strong></span> <span class='ocrx_word' id='word_1_255' title='bbox 477 3553 766 3617; x_wconf 77' lang='grc' dir='ltr'><strong><em>Δεσπόζειν</em></strong></span> <span class='ocrx_word' id='word_1_256' title='bbox 800 3551 856 3603; x_wconf 86' lang='grc' dir='ltr'><strong><em>δὲ</em></strong></span> <span class='ocrx_word' id='word_1_257' title='bbox 891 3551 1138 3617; x_wconf 85' lang='grc' dir='ltr'><strong>πάντων,</strong></span> <span class='ocrx_word' id='word_1_258' title='bbox 1189 3550 1300 3602; x_wconf 83' lang='grc' dir='ltr'><strong>ἀλλ’</strong></span> <span class='ocrx_word' id='word_1_259' title='bbox 1348 3550 1407 3600; x_wconf 82' lang='grc' dir='ltr'><strong><em>ού</em></strong></span> <span class='ocrx_word' id='word_1_260' title='bbox 1461 3547 1761 3619; x_wconf 77' lang='grc' dir='ltr'><strong>βασιλεύειν</strong></span> 
     </span>
    </p>
   </div>
   <div class='ocr_carea' id='block_1_39' title="bbox 191 3638 1757 3717">
    <p class='ocr_par' dir='ltr' id='par_1_39' title="bbox 191 3638 1757 3717">
     <span class='ocr_line' id='line_1_40' title="bbox 191 3638 1757 3717; baseline -0.006 -19"><span class='ocrx_word' id='word_1_261' title='bbox 191 3646 433 3717; x_wconf 78' lang='grc' dir='ltr'><strong>εἴρηται,</strong></span> <span class='ocrx_word' id='word_1_262' title='bbox 475 3645 594 3696; x_wconf 70' lang='grc' dir='ltr'><strong>ἐπεὶ</strong></span> <span class='ocrx_word' id='word_1_263' title='bbox 632 3644 704 3713; x_wconf 81' lang='grc' dir='ltr'><strong>μὴ</strong></span> <span class='ocrx_word' id='word_1_264' title='bbox 738 3642 937 3704; x_wconf 82' lang='grc' dir='ltr'><strong>πάντες</strong></span> <span class='ocrx_word' id='word_1_265' title='bbox 972 3641 1111 3704; x_wconf 81' lang='grc' dir='ltr'>ἄξιοι</span> <span class='ocrx_word' id='word_1_266' title='bbox 1146 3641 1242 3709; x_wconf 82' lang='grc' dir='ltr'><strong>τῆς</strong></span> <span class='ocrx_word' id='word_1_267' title='bbox 1271 3639 1434 3693; x_wconf 68' lang='grc' dir='ltr'><strong>αὐτοῦ</strong></span> <span class='ocrx_word' id='word_1_268' title='bbox 1468 3638 1757 3707; x_wconf 79' lang='grc' dir='ltr'><strong>βασιλείας.</strong></span> 
     </span>
    </p>
   </div>
   <div class='ocr_carea' id='block_1_40' title="bbox 188 3729 1762 3805">
    <p class='ocr_par' dir='ltr' id='par_1_40' title="bbox 188 3729 1762 3805">
     <span class='ocr_line' id='line_1_41' title="bbox 188 3729 1762 3805; baseline -0.008 -13"><span class='ocrx_word' id='word_1_269' title='bbox 188 3739 288 3792; x_wconf 82' lang='grc' dir='ltr'><strong><em>Διὸ</em></strong></span> <span class='ocrx_word' id='word_1_270' title='bbox 328 3742 437 3801; x_wconf 83' lang='grc' dir='ltr'><strong>τοῖς</strong></span> <span class='ocrx_word' id='word_1_271' title='bbox 487 3738 578 3792; x_wconf 85' lang='grc' dir='ltr'><strong>τὸν</strong></span> <span class='ocrx_word' id='word_1_272' title='bbox 611 3735 958 3805; x_wconf 74' lang='grc' dir='ltr'><strong>εύαγγελικδν</strong></span> <span class='ocrx_word' id='word_1_273' title='bbox 988 3733 1310 3805; x_wconf 82' lang='grc' dir='ltr'><strong>κατορθοῦσι</strong></span> <span class='ocrx_word' id='word_1_274' title='bbox 1356 3731 1467 3802; x_wconf 86' lang='grc' dir='ltr'><strong>βίον</strong></span> <span class='ocrx_word' id='word_1_275' title='bbox 1522 3731 1618 3800; x_wconf 82' lang='grc' dir='ltr'><strong><em>τὴν</em></strong></span> <span class='ocrx_word' id='word_1_276' title='bbox 1657 3729 1762 3781; x_wconf 82' lang='grc' dir='ltr'><strong>τῶν</strong></span> 
     </span>
    </p>
   </div>
   <div class='ocr_carea' id='block_1_41' title="bbox 189 3821 1762 3902">
    <p class='ocr_par' dir='ltr' id='par_1_41' title="bbox 189 3821 1762 3902">
     <span class='ocr_line' id='line_1_42' title="bbox 189 3821 1762 3902; baseline -0.008 -17"><span class='ocrx_word' id='word_1_277' title='bbox 189 3831 438 3902; x_wconf 81' lang='grc' dir='ltr'><strong>οὐρανῶν</strong></span> <span class='ocrx_word' id='word_1_278' title='bbox 466 3829 740 3900; x_wconf 84' lang='grc' dir='ltr'><strong>βασιλείαν</strong></span> <span class='ocrx_word' id='word_1_279' title='bbox 769 3832 796 3881; x_wconf 88' lang='lat'><strong><em>6</em></strong></span> <span class='ocrx_word' id='word_1_280' title='bbox 828 3827 1018 3898; x_wconf 81' lang='grc' dir='ltr'><strong>Σωτὴρ</strong></span> <span class='ocrx_word' id='word_1_281' title='bbox 1042 3826 1424 3898; x_wconf 84' lang='grc' dir='ltr'><strong>ἐπηγγείλατο.</strong></span> <span class='ocrx_word' id='word_1_282' title='bbox 1453 3825 1666 3894; x_wconf 81' lang='grc' dir='ltr'><strong>Κρατεῖ</strong></span> <span class='ocrx_word' id='word_1_283' title='bbox 1707 3821 1762 3873; x_wconf 84' lang='grc' dir='ltr'><strong><em>δὲ</em></strong></span> 
     </span>
    </p>
   </div>
   <div class='ocr_carea' id='block_1_42' title="bbox 191 3920 926 3990">
    <p class='ocr_par' dir='ltr' id='par_1_42' title="bbox 191 3920 926 3990">
     <span class='ocr_line' id='line_1_43' title="bbox 191 3920 926 3990; baseline -0.011 -12"><span class='ocrx_word' id='word_1_284' title='bbox 191 3926 291 3978; x_wconf 75' lang='grc' dir='ltr'><strong><em>καὶ</em></strong></span> <span class='ocrx_word' id='word_1_285' title='bbox 317 3921 424 3976; x_wconf 84' lang='grc' dir='ltr'><strong><em>τῶν</em></strong></span> <span class='ocrx_word' id='word_1_286' title='bbox 451 3920 616 3985; x_wconf 80' lang='grc' dir='ltr'><strong>ἀξίων</strong></span> <span class='ocrx_word' id='word_1_287' title='bbox 648 3923 675 3973; x_wconf 88' lang='grc' dir='ltr'>ὁ</span> <span class='ocrx_word' id='word_1_288' title='bbox 705 3921 926 3990; x_wconf 80' lang='grc' dir='ltr'><strong>Κύριος.</strong></span> 
     </span>
    </p>
   </div>
   <div class='ocr_carea' id='block_1_43' title="bbox 260 4007 1765 4082">
    <p class='ocr_par' dir='ltr' id='par_1_43' title="bbox 260 4007 1765 4082">
     <span class='ocr_line' id='line_1_44' title="bbox 260 4007 1765 4082; baseline -0.005 -16"><span class='ocrx_word' id='word_1_289' title='bbox 260 4013 579 4082; x_wconf 55' lang='lat' dir='ltr'><strong><em>Eulog-sits</em></strong></span> <span class='ocrx_word' id='word_1_290' title='bbox 628 4013 734 4064; x_wconf 79' lang='grc' dir='ltr'><strong>τὸν</strong></span> <span class='ocrx_word' id='word_1_291' title='bbox 777 4013 992 4078; x_wconf 79' lang='grc' dir='ltr'><strong>Κύριον</strong></span> <span class='ocrx_word' id='word_1_292' title='bbox 1023 4010 1242 4074; x_wconf 76' lang='grc' dir='ltr'><strong>πάντες</strong></span> <span class='ocrx_word' id='word_1_293' title='bbox 1277 4013 1329 4061; x_wconf 85' lang='lat' dir='ltr'><strong><em>ol</em></strong></span> <span class='ocrx_word' id='word_1_294' title='bbox 1387 4007 1624 4077; x_wconf 72' lang='grc' dir='ltr'><strong>ἄγγελοι</strong></span> <span class='ocrx_word' id='word_1_295' title='bbox 1662 4009 1765 4059; x_wconf 84' lang='grc' dir='ltr'><strong><em>αὺ-</em></strong></span> 
     </span>
    </p>
   </div>
   <div class='ocr_carea' id='block_1_44' title="bbox 191 4099 1766 4173">
    <p class='ocr_par' dir='ltr' id='par_1_44' title="bbox 191 4099 1766 4173">
     <span class='ocr_line' id='line_1_45' title="bbox 191 4099 1766 4173; baseline -0.006 -13"><span class='ocrx_word' id='word_1_296' title='bbox 191 4107 324 4160; x_wconf 81' lang='grc' dir='ltr'><strong>τοῦ.</strong></span> <span class='ocrx_word' id='word_1_297' title='bbox 359 4104 606 4157; x_wconf 79' lang='grc' dir='ltr'><strong><em>Διδάσκει</em></strong></span> <span class='ocrx_word' id='word_1_298' title='bbox 635 4104 721 4156; x_wconf 83' lang='grc' dir='ltr'><strong><em>τὸν</em></strong></span> <span class='ocrx_word' id='word_1_299' title='bbox 756 4103 1042 4173; x_wconf 81' lang='grc' dir='ltr'><strong>προσιόντα</strong></span> <span class='ocrx_word' id='word_1_300' title='bbox 1096 4105 1160 4172; x_wconf 83' lang='grc' dir='ltr'><strong>τῇ</strong></span> <span class='ocrx_word' id='word_1_301' title='bbox 1209 4103 1389 4152; x_wconf 82' lang='grc' dir='ltr'><strong>πίστει</strong></span> <span class='ocrx_word' id='word_1_302' title='bbox 1431 4100 1579 4160; x_wconf 79' lang='grc' dir='ltr'><strong>λαὸν,</strong></span> <span class='ocrx_word' id='word_1_303' title='bbox 1627 4099 1699 4161; x_wconf 80' lang='grc' dir='ltr'><strong>ὡς</strong></span> <span class='ocrx_word' id='word_1_304' title='bbox 1738 4101 1766 4151; x_wconf 87' lang='lat'><strong><em>6</em></strong></span> 
     </span>
    </p>
   </div>
   <div class='ocr_carea' id='block_1_45' title="bbox 191 4191 1765 4267">
    <p class='ocr_par' dir='ltr' id='par_1_45' title="bbox 191 4191 1765 4267">
     <span class='ocr_line' id='line_1_46' title="bbox 191 4191 1765 4267; baseline -0.008 -14"><span class='ocrx_word' id='word_1_305' title='bbox 191 4202 288 4253; x_wconf 79' lang='grc' dir='ltr'><strong>τὸν</strong></span> <span class='ocrx_word' id='word_1_306' title='bbox 348 4197 514 4267; x_wconf 77' lang='grc' dir='ltr'><strong>ὕμνον</strong></span> <span class='ocrx_word' id='word_1_307' title='bbox 561 4196 893 4266; x_wconf 76' lang='grc' dir='ltr'><strong>ἐπιτηδεύων</strong></span> <span class='ocrx_word' id='word_1_308' title='bbox 926 4194 986 4248; x_wconf 75' lang='grc' dir='ltr'><strong>τὸ</strong></span> <span class='ocrx_word' id='word_1_309' title='bbox 1020 4195 1150 4247; x_wconf 72' lang='grc' dir='ltr'><strong>αὐτὸ</strong></span> <span class='ocrx_word' id='word_1_310' title='bbox 1196 4197 1305 4256; x_wconf 85' lang='grc' dir='ltr'><strong>τοῖς</strong></span> <span class='ocrx_word' id='word_1_311' title='bbox 1352 4192 1604 4259; x_wconf 73' lang='grc' dir='ltr'><strong>ἀγγέλοις</strong></span> <span class='ocrx_word' id='word_1_312' title='bbox 1657 4191 1765 4254; x_wconf 79' lang='grc' dir='ltr'><strong>’ἐξει</strong></span> 
     </span>
    </p>
   </div>
   <div class='ocr_carea' id='block_1_46' title="bbox 195 4283 1766 4357">
    <p class='ocr_par' dir='ltr' id='par_1_46' title="bbox 195 4283 1766 4357">
     <span class='ocr_line' id='line_1_47' title="bbox 195 4283 1766 4357; baseline -0.008 -13"><span class='ocrx_word' id='word_1_313' title='bbox 195 4289 438 4357; x_wconf 80' lang='grc' dir='ltr'><strong>ἀξίωμα.</strong></span> <span class='ocrx_word' id='word_1_314' title='bbox 471 4289 534 4340; x_wconf 80' lang='lat' dir='ltr'><strong><em>Ei</em></strong></span> <span class='ocrx_word' id='word_1_315' title='bbox 563 4288 670 4357; x_wconf 82' lang='grc' dir='ltr'><strong>γὰρ</strong></span> <span class='ocrx_word' id='word_1_316' title='bbox 704 4286 842 4355; x_wconf 79' lang='grc' dir='ltr'><strong>αὕτη</strong></span> <span class='ocrx_word' id='word_1_317' title='bbox 887 4285 1109 4339; x_wconf 87' lang='grc' dir='ltr'><strong>ἐκείνων</strong></span> <span class='ocrx_word' id='word_1_318' title='bbox 1145 4285 1176 4351; x_wconf 79' lang='grc' dir='ltr'>ἡ</span> <span class='ocrx_word' id='word_1_319' title='bbox 1211 4283 1543 4352; x_wconf 80' lang='grc' dir='ltr'><strong>λειτουργία,</strong></span> <span class='ocrx_word' id='word_1_320' title='bbox 1577 4283 1636 4334; x_wconf 84' lang='grc' dir='ltr'><strong>τὸ</strong></span> <span class='ocrx_word' id='word_1_321' title='bbox 1679 4283 1766 4332; x_wconf 75' lang='grc' dir='ltr'><strong><em>αξ-</em></strong></span> 
     </span>
    </p>
   </div>
   <div class='ocr_carea' id='block_1_47' title="bbox 193 4375 1768 4446">
    <p class='ocr_par' dir='ltr' id='par_1_47' title="bbox 193 4375 1768 4446">
     <span class='ocr_line' id='line_1_48' title="bbox 193 4375 1768 4446; baseline -0.005 -13"><span class='ocrx_word' id='word_1_322' title='bbox 193 4385 310 4433; x_wconf 85' lang='grc' dir='ltr'><strong><em>νεῖν</em></strong></span> <span class='ocrx_word' id='word_1_323' title='bbox 338 4382 430 4432; x_wconf 72' lang='grc' dir='ltr'><strong><em>καὶ</em></strong></span> <span class='ocrx_word' id='word_1_324' title='bbox 456 4378 696 4442; x_wconf 78' lang='grc' dir='ltr'><strong>δοξάζειν</strong></span> <span class='ocrx_word' id='word_1_325' title='bbox 741 4379 832 4431; x_wconf 80' lang='grc' dir='ltr'><strong>τὸν</strong></span> <span class='ocrx_word' id='word_1_326' title='bbox 859 4378 988 4430; x_wconf 85' lang='grc' dir='ltr'><strong>Θεόν</strong></span> <span class='ocrx_word' id='word_1_327' title='bbox 1015 4394 1028 4406; x_wconf 71' lang='grc' dir='ltr'><strong>ο</strong></span> <span class='ocrx_word' id='word_1_328' title='bbox 1060 4376 1189 4428; x_wconf 78' lang='grc' dir='ltr'><strong>αὐτὸ</strong></span> <span class='ocrx_word' id='word_1_329' title='bbox 1219 4376 1273 4427; x_wconf 89' lang='grc' dir='ltr'><strong><em>δέ</em></strong></span> <span class='ocrx_word' id='word_1_330' title='bbox 1311 4376 1468 4428; x_wconf 78' lang='grc' dir='ltr'><strong>τοῦτο</strong></span> <span class='ocrx_word' id='word_1_331' title='bbox 1497 4375 1768 4446; x_wconf 84' lang='grc' dir='ltr'><strong>προστάτ-</strong></span> 
     </span>
    </p>
   </div>
   <div class='ocr_carea' id='block_1_48' title="bbox 192 4466 1764 4540">
    <p class='ocr_par' dir='ltr' id='par_1_48' title="bbox 192 4466 1764 4540">
     <span class='ocr_line' id='line_1_49' title="bbox 192 4466 1764 4540; baseline -0.006 -15"><span class='ocrx_word' id='word_1_332' title='bbox 192 4489 353 4525; x_wconf 83' lang='grc' dir='ltr'><strong>τεται</strong></span> <span class='ocrx_word' id='word_1_333' title='bbox 384 4473 554 4522; x_wconf 80' lang='grc' dir='ltr'><strong>ποιεῖν</strong></span> <span class='ocrx_word' id='word_1_334' title='bbox 589 4471 621 4540; x_wconf 79' lang='grc' dir='ltr'><strong>ἡ</strong></span> <span class='ocrx_word' id='word_1_335' title='bbox 669 4470 833 4540; x_wconf 74' lang='grc' dir='ltr'><strong>ψυχὴ,</strong></span> <span class='ocrx_word' id='word_1_336' title='bbox 865 4470 952 4522; x_wconf 79' lang='grc' dir='ltr'><strong><em>ἀεὶ</em></strong></span> <span class='ocrx_word' id='word_1_337' title='bbox 997 4469 1060 4540; x_wconf 76' lang='grc' dir='ltr'><strong>δὴ</strong></span> <span class='ocrx_word' id='word_1_338' title='bbox 1105 4467 1276 4535; x_wconf 79' lang='grc' dir='ltr'><strong>λέγων</strong></span> <span class='ocrx_word' id='word_1_339' title='bbox 1328 4467 1418 4519; x_wconf 65' lang='grc' dir='ltr'><strong><em>καὶ</em></strong></span> <span class='ocrx_word' id='word_1_340' title='bbox 1451 4466 1764 4533; x_wconf 79' lang='grc' dir='ltr'><strong>δοξολογεῖν,</strong></span> 
     </span>
    </p>
   </div>
   <div class='ocr_carea' id='block_1_49' title="bbox 194 4553 1675 4634">
    <p class='ocr_par' dir='ltr' id='par_1_49' title="bbox 194 4553 1675 4634">
     <span class='ocr_line' id='line_1_50' title="bbox 194 4553 1675 4634; baseline -0.006 -17"><span class='ocrx_word' id='word_1_341' title='bbox 194 4564 444 4634; x_wconf 82' lang='grc' dir='ltr'><strong>δηλονότι</strong></span> <span class='ocrx_word' id='word_1_342' title='bbox 477 4563 572 4634; x_wconf 83' lang='grc' dir='ltr'><strong>τῆς</strong></span> <span class='ocrx_word' id='word_1_343' title='bbox 621 4561 788 4630; x_wconf 70' lang='grc' dir='ltr'><strong>αὐτῆς</strong></span> <span class='ocrx_word' id='word_1_344' title='bbox 836 4561 992 4624; x_wconf 80' lang='grc' dir='ltr'><strong>ἀξίας</strong></span> <span class='ocrx_word' id='word_1_345' title='bbox 1039 4563 1239 4630; x_wconf 84' lang='grc' dir='ltr'><strong>τυχεῖν.</strong></span> <span class='ocrx_word' id='word_1_346' title='bbox 1293 4553 1390 4611; x_wconf 80' lang='grc' dir='ltr'><strong>Ὧν</strong></span> <span class='ocrx_word' id='word_1_347' title='bbox 1436 4557 1543 4627; x_wconf 78' lang='grc' dir='ltr'><strong>γὰρ</strong></span> <span class='ocrx_word' id='word_1_348' title='bbox 1587 4559 1675 4608; x_wconf 83' lang='grc' dir='ltr'><strong><em>ἐπι</em></strong></span> 
     </span>
    </p>
   </div>
   <div class='ocr_carea' id='block_1_50' title="bbox 195 4651 1577 4728">
    <p class='ocr_par' dir='ltr' id='par_1_50' title="bbox 195 4651 1577 4728">
     <span class='ocr_line' id='line_1_51' title="bbox 195 4651 1577 4728; baseline -0.007 -17"><span class='ocrx_word' id='word_1_349' title='bbox 195 4659 375 4728; x_wconf 84' lang='grc' dir='ltr'><strong>δευμα</strong></span> <span class='ocrx_word' id='word_1_350' title='bbox 407 4657 466 4709; x_wconf 76' lang='grc' dir='ltr'><strong>τὸ</strong></span> <span class='ocrx_word' id='word_1_351' title='bbox 497 4656 647 4719; x_wconf 77' lang='grc' dir='ltr'><strong>αὐτὸ,</strong></span> <span class='ocrx_word' id='word_1_352' title='bbox 678 4655 879 4711; x_wconf 86' lang='grc' dir='ltr'><strong>τούτων</strong></span> <span class='ocrx_word' id='word_1_353' title='bbox 903 4653 993 4706; x_wconf 77' lang='grc' dir='ltr'><strong><em>καὶ</em></strong></span> <span class='ocrx_word' id='word_1_354' title='bbox 1017 4653 1076 4706; x_wconf 81' lang='grc' dir='ltr'><strong>τὸ</strong></span> <span class='ocrx_word' id='word_1_355' title='bbox 1103 4653 1316 4722; x_wconf 80' lang='grc' dir='ltr'><strong>ἀξίωμα</strong></span> <span class='ocrx_word' id='word_1_356' title='bbox 1342 4652 1401 4703; x_wconf 84' lang='grc' dir='ltr'><strong>τὸ</strong></span> <span class='ocrx_word' id='word_1_357' title='bbox 1428 4651 1577 4702; x_wconf 78' lang='grc' dir='ltr'><strong>αὑτό.</strong></span> 
     </span>
    </p>
   </div>
   <div class='ocr_carea' id='block_1_51' title="bbox 277 4743 1769 4820">
    <p class='ocr_par' dir='ltr' id='par_1_51' title="bbox 277 4743 1769 4820">
     <span class='ocr_line' id='line_1_52' title="bbox 277 4743 1769 4820; baseline -0.011 -15"><span class='ocrx_word' id='word_1_358' title='bbox 277 4751 593 4820; x_wconf 70' lang='grc' dir='ltr'><strong><em>Εὺ.ὶογεῖτε</em></strong></span> <span class='ocrx_word' id='word_1_359' title='bbox 641 4749 747 4802; x_wconf 81' lang='grc' dir='ltr'><strong><em>τὸν</em></strong></span> <span class='ocrx_word' id='word_1_360' title='bbox 777 4748 995 4814; x_wconf 75' lang='grc' dir='ltr'><strong>Κύριον</strong></span> <span class='ocrx_word' id='word_1_361' title='bbox 1035 4745 1224 4801; x_wconf 79' lang='grc' dir='ltr'><strong><em>πᾶσαι</em></strong></span> <span class='ocrx_word' id='word_1_362' title='bbox 1264 4747 1322 4796; x_wconf 84' lang='grc' dir='ltr'><strong>αἱ</strong></span> <span class='ocrx_word' id='word_1_363' title='bbox 1347 4743 1630 4811; x_wconf 75' lang='grc' dir='ltr'><strong>δυνάμεις</strong></span> <span class='ocrx_word' id='word_1_364' title='bbox 1664 4744 1769 4792; x_wconf 61' lang='lat' dir='ltr'><strong><em>ai.»-</em></strong></span> 
     </span>
    </p>
   </div>
   <div class='ocr_carea' id='block_1_52' title="bbox 199 4832 1769 4910">
    <p class='ocr_par' dir='ltr' id='par_1_52' title="bbox 199 4832 1769 4910">
     <span class='ocr_line' id='line_1_53' title="bbox 199 4832 1769 4910; baseline -0.006 -16"><span class='ocrx_word' id='word_1_365' title='bbox 199 4841 333 4894; x_wconf 79' lang='grc' dir='ltr'><strong>τοῦ.</strong></span> <span class='ocrx_word' id='word_1_366' title='bbox 392 4842 464 4893; x_wconf 84' lang='grc' dir='ltr'>υὺ</span> <span class='ocrx_word' id='word_1_367' title='bbox 505 4840 660 4910; x_wconf 85' lang='grc' dir='ltr'><strong>μόνον</strong></span> <span class='ocrx_word' id='word_1_368' title='bbox 717 4839 936 4907; x_wconf 84' lang='grc' dir='ltr'><strong>ἄγγελοι</strong></span> <span class='ocrx_word' id='word_1_369' title='bbox 989 4838 1067 4899; x_wconf 88' lang='grc' dir='ltr'><strong><em>είς</em></strong></span> <span class='ocrx_word' id='word_1_370' title='bbox 1117 4839 1206 4889; x_wconf 72' lang='grc' dir='ltr'><strong>τὸν</strong></span> <span class='ocrx_word' id='word_1_371' title='bbox 1264 4832 1411 4889; x_wconf 85' lang='grc' dir='ltr'><strong>αἶνον</strong></span> <span class='ocrx_word' id='word_1_372' title='bbox 1460 4834 1769 4896; x_wconf 73' lang='grc' dir='ltr'><strong>καλοῦνται,</strong></span> 
     </span>
    </p>
   </div>
   <div class='ocr_carea' id='block_1_53' title="bbox 199 4925 1770 5000">
    <p class='ocr_par' dir='ltr' id='par_1_53' title="bbox 199 4925 1770 5000">
     <span class='ocr_line' id='line_1_54' title="bbox 199 4925 1770 5000; baseline -0.006 -15"><span class='ocrx_word' id='word_1_373' title='bbox 199 4931 343 4987; x_wconf 75' lang='grc' dir='ltr'><strong>ἀλλὰ</strong></span> <span class='ocrx_word' id='word_1_374' title='bbox 376 4932 468 4983; x_wconf 74' lang='grc' dir='ltr'><strong><em>καὶ</em></strong></span> <span class='ocrx_word' id='word_1_375' title='bbox 512 4931 564 4983; x_wconf 79' lang='grc' dir='ltr'><strong>εἴ</strong></span> <span class='ocrx_word' id='word_1_376' title='bbox 601 4949 653 4982; x_wconf 90' lang='grc' dir='ltr'><strong>τι</strong></span> <span class='ocrx_word' id='word_1_377' title='bbox 694 4931 877 5000; x_wconf 70' lang='grc' dir='ltr'><strong>ἕτερόν</strong></span> <span class='ocrx_word' id='word_1_378' title='bbox 931 4930 1078 4980; x_wconf 87' lang='grc' dir='ltr'><strong>ἐστιν</strong></span> <span class='ocrx_word' id='word_1_379' title='bbox 1127 4929 1373 5000; x_wconf 72' lang='grc' dir='ltr'><strong>οὐράνιον</strong></span> <span class='ocrx_word' id='word_1_380' title='bbox 1403 4927 1610 4996; x_wconf 77' lang='grc' dir='ltr'><strong>τάγμα,</strong></span> <span class='ocrx_word' id='word_1_381' title='bbox 1664 4925 1770 4976; x_wconf 75' lang='grc' dir='ltr'><strong>εἴτε</strong></span> 
     </span>
    </p>
   </div>
   <div class='ocr_carea' id='block_1_54' title="bbox 202 5019 1771 5096">
    <p class='ocr_par' dir='ltr' id='par_1_54' title="bbox 202 5019 1771 5096">
     <span class='ocr_line' id='line_1_55' title="bbox 202 5019 1771 5096; baseline -0.004 -19"><span class='ocrx_word' id='word_1_382' title='bbox 202 5025 409 5096; x_wconf 82' lang='grc' dir='ltr'><strong>Θρόνοι,</strong></span> <span class='ocrx_word' id='word_1_383' title='bbox 443 5026 550 5075; x_wconf 78' lang='grc' dir='ltr'><strong>εἴτε</strong></span> <span class='ocrx_word' id='word_1_384' title='bbox 575 5024 757 5093; x_wconf 67' lang='grc' dir='ltr'><strong>ἀρχαὶ,</strong></span> <span class='ocrx_word' id='word_1_385' title='bbox 792 5021 899 5073; x_wconf 75' lang='grc' dir='ltr'><strong>εἴτε</strong></span> <span class='ocrx_word' id='word_1_386' title='bbox 954 5020 1212 5085; x_wconf 77' lang='grc' dir='ltr'><strong>ἐξουσίαι,</strong></span> <span class='ocrx_word' id='word_1_387' title='bbox 1261 5021 1370 5073; x_wconf 77' lang='grc' dir='ltr'><strong>εἴτε</strong></span> <span class='ocrx_word' id='word_1_388' title='bbox 1432 5019 1771 5088; x_wconf 78' lang='grc' dir='ltr'><strong>κυριότητες.</strong></span> 
     </span>
    </p>
   </div>
   <div class='ocr_carea' id='block_1_55' title="bbox 202 5112 1775 5184">
    <p class='ocr_par' dir='ltr' id='par_1_55' title="bbox 202 5112 1775 5184">
     <span class='ocr_line' id='line_1_56' title="bbox 202 5112 1775 5184; baseline -0.006 -14"><span class='ocrx_word' id='word_1_389' title='bbox 202 5118 392 5170; x_wconf 75' lang='grc' dir='ltr'><strong>Ταῦτα</strong></span> <span class='ocrx_word' id='word_1_390' title='bbox 415 5115 470 5166; x_wconf 77' lang='grc' dir='ltr'><strong><em>δὲ</em></strong></span> <span class='ocrx_word' id='word_1_391' title='bbox 506 5117 684 5168; x_wconf 74' lang='grc' dir='ltr'><strong>πάντα</strong></span> <span class='ocrx_word' id='word_1_392' title='bbox 707 5115 776 5166; x_wconf 70' lang='grc' dir='ltr'><strong>τὰ</strong></span> <span class='ocrx_word' id='word_1_393' title='bbox 807 5115 1061 5184; x_wconf 72' lang='grc' dir='ltr'><strong>τάγματα</strong></span> <span class='ocrx_word' id='word_1_394' title='bbox 1092 5112 1177 5165; x_wconf 81' lang='grc' dir='ltr'><strong><em>διὰ</em></strong></span> <span class='ocrx_word' id='word_1_395' title='bbox 1210 5113 1318 5165; x_wconf 81' lang='grc' dir='ltr'><strong><em>τῶν</em></strong></span> <span class='ocrx_word' id='word_1_396' title='bbox 1341 5112 1619 5180; x_wconf 75' lang='grc' dir='ltr'><strong>δυνάμεων</strong></span> <span class='ocrx_word' id='word_1_397' title='bbox 1645 5112 1775 5180; x_wconf 77' lang='grc' dir='ltr'><strong>ἡμῖν</strong></span> 
     </span>
    </p>
   </div>
   <div class='ocr_carea' id='block_1_56' title="bbox 206 5209 609 5278">
    <p class='ocr_par' dir='ltr' id='par_1_56' title="bbox 206 5209 609 5278">
     <span class='ocr_line' id='line_1_57' title="bbox 206 5209 609 5278; baseline -0.005 -16"><span class='ocrx_word' id='word_1_398' title='bbox 206 5209 609 5278; x_wconf 76' lang='grc' dir='ltr'><strong>κατεσήμανεν.</strong></span> 
     </span>
    </p>
   </div>
   <div class='ocr_carea' id='block_1_57' title="bbox 357 5299 1632 5388">
    <p class='ocr_par' dir='ltr' id='par_1_57' title="bbox 357 5299 1632 5388">
     <span class='ocr_line' id='line_1_58' title="bbox 357 5299 1632 5388; baseline -0.002 -14"><span class='ocrx_word' id='word_1_399' title='bbox 357 5319 466 5374; x_wconf 87' lang='grc' dir='ltr'><strong><em>Τοῦ</em></strong></span> <span class='ocrx_word' id='word_1_400' title='bbox 489 5318 667 5371; x_wconf 80' lang='grc' dir='ltr'><strong>Δαυῒδ</strong></span> <span class='ocrx_word' id='word_1_401' title='bbox 687 5320 782 5372; x_wconf 78' lang='grc' dir='ltr'><strong>ἐπὶ</strong></span> <span class='ocrx_word' id='word_1_402' title='bbox 808 5318 916 5388; x_wconf 82' lang='grc' dir='ltr'><strong>τῆς</strong></span> <span class='ocrx_word' id='word_1_403' title='bbox 938 5318 1042 5371; x_wconf 86' lang='grc' dir='ltr'><strong><em>τοῦ</em></strong></span> <span class='ocrx_word' id='word_1_404' title='bbox 1066 5322 1294 5387; x_wconf 79' lang='grc' dir='ltr'><strong>κόσμου</strong></span> <span class='ocrx_word' id='word_1_405' title='bbox 1327 5299 1632 5388; x_wconf 70' lang='grc' dir='ltr'><strong>γενέσεως.</strong></span> 
     </span>
    </p>
   </div>
   <div class='ocr_carea' id='block_1_58' title="bbox 454 5411 1524 5480">
    <p class='ocr_par' dir='ltr' id='par_1_58' title="bbox 454 5411 1524 5480">
     <span class='ocr_line' id='line_1_59' title="bbox 454 5411 1524 5480; baseline -0.002 -15"><span class='ocrx_word' id='word_1_406' title='bbox 454 5411 868 5480; x_wconf 64' lang='grc' dir='ltr'><strong>Ἀνεπίγραερος</strong></span> <span class='ocrx_word' id='word_1_407' title='bbox 901 5412 1036 5478; x_wconf 78' lang='grc' dir='ltr'><strong>παρ’</strong></span> <span class='ocrx_word' id='word_1_408' title='bbox 1070 5412 1374 5478; x_wconf 68' lang='grc' dir='ltr'><strong>Ἑϐραίοις.</strong></span> <span class='ocrx_word' id='word_1_409' title='bbox 1415 5413 1524 5463; x_wconf 79' lang='grc' dir='ltr'><strong><em>ΡΓ</em></strong></span> 
     </span>
    </p>
   </div>
   <div class='ocr_carea' id='block_1_59' title="bbox 848 5505 1166 5567">
    <p class='ocr_par' dir='ltr' id='par_1_59' title="bbox 848 5505 1166 5567">
     <span class='ocr_line' id='line_1_60' title="bbox 848 5505 1166 5567; baseline -0.003 -11"><span class='ocrx_word' id='word_1_410' title='bbox 848 5505 1166 5567; x_wconf 82' lang='grc' dir='ltr'><strong>Ὑπόθεσις.</strong></span> 
     </span>
    </p>
   </div>
   <div class='ocr_carea' id='block_1_60' title="bbox 210 5615 1776 5688">
    <p class='ocr_par' dir='ltr' id='par_1_60' title="bbox 210 5615 1776 5688">
     <span class='ocr_line' id='line_1_61' title="bbox 210 5615 1776 5688; baseline -0.004 -15"><span class='ocrx_word' id='word_1_411' title='bbox 210 5615 441 5680; x_wconf 78' lang='grc' dir='ltr'><strong>Διδάξας</strong></span> <span class='ocrx_word' id='word_1_412' title='bbox 468 5617 553 5669; x_wconf 80' lang='grc' dir='ltr'><strong>διὰ</strong></span> <span class='ocrx_word' id='word_1_413' title='bbox 578 5619 670 5669; x_wconf 75' lang='grc' dir='ltr'><strong>τοῦ</strong></span> <span class='ocrx_word' id='word_1_414' title='bbox 694 5616 1051 5686; x_wconf 75' lang='grc' dir='ltr'><strong>προλαϐόντος</strong></span> <span class='ocrx_word' id='word_1_415' title='bbox 1072 5616 1282 5686; x_wconf 64' lang='grc' dir='ltr'><strong>ψαλμοῦ</strong></span> <span class='ocrx_word' id='word_1_416' title='bbox 1323 5618 1413 5669; x_wconf 72' lang='grc' dir='ltr'><strong><em>τὸν</em></strong></span> <span class='ocrx_word' id='word_1_417' title='bbox 1452 5615 1776 5688; x_wconf 73' lang='grc' dir='ltr'><strong>προελθόντα</strong></span> 
     </span>
    </p>
   </div>
   <div class='ocr_carea' id='block_1_61' title="bbox 291 5790 838 5860">
    <p class='ocr_par' dir='ltr' id='par_1_61' title="bbox 291 5790 838 5860">
     <span class='ocr_line' id='line_1_62' title="bbox 291 5790 838 5860; baseline 0.015 -18"><span class='ocrx_word' id='word_1_418' title='bbox 291 5793 338 5821; x_wconf 84' lang='grc'><strong><em>⁸⁸</em></strong></span> <span class='ocrx_word' id='word_1_419' title='bbox 375 5790 542 5846; x_wconf 59' lang='lat' dir='ltr'><strong><em>Etntl.</em></strong></span> <span class='ocrx_word' id='word_1_420' title='bbox 572 5811 752 5860; x_wconf 70' lang='lat' dir='ltr'><strong><em>“xlv,</em></strong></span> <span class='ocrx_word' id='word_1_421' title='bbox 788 5797 838 5850; x_wconf 88' lang='lat'>6.</span> 
     </span>
    </p>
   </div>
   <div class='ocr_carea' id='block_1_62' title="bbox 1857 595 3415 668">
    <p class='ocr_par' dir='ltr' id='par_1_62' title="bbox 1857 595 3415 668">
     <span class='ocr_line' id='line_1_63' title="bbox 1857 595 3415 668; baseline 0.002 -19"><span class='ocrx_word' id='word_1_422' title='bbox 1857 597 2095 650; x_wconf 86' lang='lat' dir='ltr'><strong><em>omnibus</em></strong></span> <span class='ocrx_word' id='word_1_423' title='bbox 2119 598 2371 666; x_wconf 86' lang='lat' dir='ltr'><strong><em>injuriam</em></strong></span> <span class='ocrx_word' id='word_1_424' title='bbox 2408 596 2744 666; x_wconf 74' lang='lat' dir='ltr'><strong><em>patientibus.</em></strong></span> <span class='ocrx_word' id='word_1_425' title='bbox 2774 595 2874 652; x_wconf 80' lang='lat' dir='ltr'><strong><em>Hic</em></strong></span> <span class='ocrx_word' id='word_1_426' title='bbox 2908 597 3190 663; x_wconf 82' lang='lat' dir='ltr'><strong><em>Dominus,</em></strong></span> <span class='ocrx_word' id='word_1_427' title='bbox 3220 600 3415 668; x_wconf 88' lang='lat' dir='ltr'><strong><em>inquit,</em></strong></span> 
     </span>
    </p>
   </div>
   <div class='ocr_carea' id='block_1_63' title="bbox 1855 689 3417 758">
    <p class='ocr_par' dir='ltr' id='par_1_63' title="bbox 1855 689 3417 758">
     <span class='ocr_line' id='line_1_64' title="bbox 1855 689 3417 758; baseline 0.003 -18"><span class='ocrx_word' id='word_1_428' title='bbox 1855 690 1951 758; x_wconf 85' lang='lat' dir='ltr'><strong><em>qui</em></strong></span> <span class='ocrx_word' id='word_1_429' title='bbox 1996 705 2094 744; x_wconf 87' lang='lat' dir='ltr'><strong><em>sua</em></strong></span> <span class='ocrx_word' id='word_1_430' title='bbox 2141 690 2513 744; x_wconf 84' lang='lat' dir='ltr'><strong><em>misericordia</em></strong></span> <span class='ocrx_word' id='word_1_431' title='bbox 2559 705 2681 758; x_wconf 75' lang='lat' dir='ltr'><strong><em>qua:</em></strong></span> <span class='ocrx_word' id='word_1_432' title='bbox 2724 689 2865 743; x_wconf 88' lang='lat' dir='ltr'><strong><em>dicta</em></strong></span> <span class='ocrx_word' id='word_1_433' title='bbox 2912 699 3038 744; x_wconf 86' lang='lat' dir='ltr'><strong><em>sunt</em></strong></span> <span class='ocrx_word' id='word_1_434' title='bbox 3065 690 3212 745; x_wconf 78' lang='lat' dir='ltr'><strong><em>dedit</em></strong></span> <span class='ocrx_word' id='word_1_435' title='bbox 3239 692 3417 756; x_wconf 81' lang='lat' dir='ltr'><strong><em>nobis,</em></strong></span> 
     </span>
    </p>
   </div>
   <div class='ocr_carea' id='block_1_64' title="bbox 1858 779 3420 848">
    <p class='ocr_par' dir='ltr' id='par_1_64' title="bbox 1858 779 3420 848">
     <span class='ocr_line' id='line_1_65' title="bbox 1858 779 3420 848; baseline 0.004 -18"><span class='ocrx_word' id='word_1_436' title='bbox 1858 779 1973 847; x_wconf 87' lang='lat' dir='ltr'><strong><em>ipse</em></strong></span> <span class='ocrx_word' id='word_1_437' title='bbox 2005 789 2088 832; x_wconf 91' lang='lat' dir='ltr'><strong><em>est</em></strong></span> <span class='ocrx_word' id='word_1_438' title='bbox 2119 781 2210 848; x_wconf 88' lang='lat' dir='ltr'><strong><em>qui</em></strong></span> <span class='ocrx_word' id='word_1_439' title='bbox 2242 781 2369 834; x_wconf 88' lang='lat' dir='ltr'><strong><em>olim</em></strong></span> <span class='ocrx_word' id='word_1_440' title='bbox 2409 779 2614 848; x_wconf 89' lang='lat' dir='ltr'><strong><em>justum</em></strong></span> <span class='ocrx_word' id='word_1_441' title='bbox 2645 779 2910 848; x_wconf 87' lang='lat' dir='ltr'><strong><em>judicium</em></strong></span> <span class='ocrx_word' id='word_1_442' title='bbox 2943 780 3081 845; x_wconf 87' lang='lat' dir='ltr'><strong><em>tulit,</em></strong></span> <span class='ocrx_word' id='word_1_443' title='bbox 3118 789 3170 834; x_wconf 89' lang='lat' dir='ltr'><strong><em>et</em></strong></span> <span class='ocrx_word' id='word_1_444' title='bbox 3195 781 3420 836; x_wconf 76' lang='lat' dir='ltr'><strong><em>redemit</em></strong></span> 
     </span>
    </p>
   </div>
   <div class='ocr_carea' id='block_1_65' title="bbox 1856 870 3418 942">
    <p class='ocr_par' dir='ltr' id='par_1_65' title="bbox 1856 870 3418 942">
     <span class='ocr_line' id='line_1_66' title="bbox 1856 870 3418 942; baseline 0.003 -18"><span class='ocrx_word' id='word_1_445' title='bbox 1856 887 1923 924; x_wconf 84' lang='lat' dir='ltr'><strong><em>ex</em></strong></span> <span class='ocrx_word' id='word_1_446' title='bbox 1953 870 2185 942; x_wconf 68' lang='lat' dir='ltr'><strong><em>Egypto</em></strong></span> <span class='ocrx_word' id='word_1_447' title='bbox 2223 873 2362 926; x_wconf 87' lang='lat' dir='ltr'><strong><em>lilios</em></strong></span> <span class='ocrx_word' id='word_1_448' title='bbox 2406 871 2588 934; x_wconf 88' lang='lat' dir='ltr'><strong><em>Israel,</em></strong></span> <span class='ocrx_word' id='word_1_449' title='bbox 2625 889 2688 926; x_wconf 88' lang='lat' dir='ltr'><strong><em>ac</em></strong></span> <span class='ocrx_word' id='word_1_450' title='bbox 2722 870 2890 941; x_wconf 81' lang='lat' dir='ltr'><strong><em>Moysi</em></strong></span> <span class='ocrx_word' id='word_1_451' title='bbox 2935 873 3192 942; x_wconf 87' lang='lat' dir='ltr'><strong><em>omnique</em></strong></span> <span class='ocrx_word' id='word_1_452' title='bbox 3220 875 3418 942; x_wconf 90' lang='lat' dir='ltr'><strong><em>populo</em></strong></span> 
     </span>
    </p>
   </div>
   <div class='ocr_carea' id='block_1_66' title="bbox 1858 962 2977 1019">
    <p class='ocr_par' dir='ltr' id='par_1_66' title="bbox 1858 962 2977 1019">
     <span class='ocr_line' id='line_1_67' title="bbox 1858 962 2977 1019; baseline 0.002 -3"><span class='ocrx_word' id='word_1_453' title='bbox 1858 962 2009 1017; x_wconf 89' lang='lat' dir='ltr'><strong><em>dedit</em></strong></span> <span class='ocrx_word' id='word_1_454' title='bbox 2039 963 2287 1016; x_wconf 77' lang='lat' dir='ltr'><strong><em>notitiam</em></strong></span> <span class='ocrx_word' id='word_1_455' title='bbox 2321 966 2698 1019; x_wconf 79' lang='lat' dir='ltr'><strong><em>mandatorum</em></strong></span> <span class='ocrx_word' id='word_1_456' title='bbox 2731 979 2977 1018; x_wconf 90' lang='lat' dir='ltr'><strong><em>suorum.</em></strong></span> 
     </span>
    </p>
   </div>
   <div class='ocr_carea' id='block_1_67' title="bbox 1934 1140 3422 1213">
    <p class='ocr_par' dir='ltr' id='par_1_67' title="bbox 1934 1140 3422 1213">
     <span class='ocr_line' id='line_1_68' title="bbox 1934 1140 3422 1213; baseline 0.007 -20"><span class='ocrx_word' id='word_1_457' title='bbox 1934 1141 1987 1206; x_wconf 93' lang='lat'><strong><em>7,</em></strong></span> <span class='ocrx_word' id='word_1_458' title='bbox 2023 1141 2075 1195; x_wconf 88' lang='lat'><strong><em>8.</em></strong></span> <span class='ocrx_word' id='word_1_459' title='bbox 2120 1140 2403 1196; x_wconf 78' lang='lat' dir='ltr'><strong><em>Miserator</em></strong></span> <span class='ocrx_word' id='word_1_460' title='bbox 2434 1154 2482 1197; x_wconf 87' lang='lat' dir='ltr'><strong><em>et</em></strong></span> <span class='ocrx_word' id='word_1_461' title='bbox 2523 1147 2816 1200; x_wconf 79' lang='lat' dir='ltr'><strong><em>misericors</em></strong></span> <span class='ocrx_word' id='word_1_462' title='bbox 2848 1146 3124 1213; x_wconf 88' lang='lat' dir='ltr'><strong><em>Dominus,</em></strong></span> <span class='ocrx_word' id='word_1_463' title='bbox 3162 1158 3266 1203; x_wconf 89' lang='lat' dir='ltr'><strong><em>etc.</em></strong></span> <span class='ocrx_word' id='word_1_464' title='bbox 3299 1149 3422 1204; x_wconf 69' lang='lat' dir='ltr'><strong><em>Haec</em></strong></span> 
     </span>
    </p>
   </div>
   <div class='ocr_carea' id='block_1_68' title="bbox 1857 1234 3423 1306">
    <p class='ocr_par' dir='ltr' id='par_1_68' title="bbox 1857 1234 3423 1306">
     <span class='ocr_line' id='line_1_69' title="bbox 1857 1234 3423 1306; baseline 0.006 -19"><span class='ocrx_word' id='word_1_465' title='bbox 1857 1234 2170 1302; x_wconf 88' lang='lat' dir='ltr'><strong><em>lmjusmodi</em></strong></span> <span class='ocrx_word' id='word_1_466' title='bbox 2225 1237 2469 1292; x_wconf 80' lang='lat' dir='ltr'><strong><em>beneficii</em></strong></span> <span class='ocrx_word' id='word_1_467' title='bbox 2514 1249 2569 1293; x_wconf 91' lang='lat' dir='ltr'><strong><em>et</em></strong></span> <span class='ocrx_word' id='word_1_468' title='bbox 2593 1239 2721 1293; x_wconf 90' lang='lat' dir='ltr'><strong><em>olim</em></strong></span> <span class='ocrx_word' id='word_1_469' title='bbox 2766 1249 2822 1294; x_wconf 89' lang='lat' dir='ltr'><strong><em>et</em></strong></span> <span class='ocrx_word' id='word_1_470' title='bbox 2862 1257 3006 1296; x_wconf 91' lang='lat' dir='ltr'><strong><em>nunc</em></strong></span> <span class='ocrx_word' id='word_1_471' title='bbox 3055 1257 3219 1296; x_wconf 87' lang='lat' dir='ltr'><strong><em>causa</em></strong></span> <span class='ocrx_word' id='word_1_472' title='bbox 3248 1241 3423 1306; x_wconf 51' lang='lat' dir='ltr'><strong><em>fuere.</em></strong></span> 
     </span>
    </p>
   </div>
   <div class='ocr_carea' id='block_1_69' title="bbox 1857 1324 3425 1398">
    <p class='ocr_par' dir='ltr' id='par_1_69' title="bbox 1857 1324 3425 1398">
     <span class='ocr_line' id='line_1_70' title="bbox 1857 1324 3425 1398; baseline 0.006 -21"><span class='ocrx_word' id='word_1_473' title='bbox 1857 1324 2068 1378; x_wconf 83' lang='lat' dir='ltr'><strong><em>dicente</em></strong></span> <span class='ocrx_word' id='word_1_474' title='bbox 2094 1325 2276 1396; x_wconf 85' lang='lat' dir='ltr'><strong><em>Moyse</em></strong></span> <span class='ocrx_word' id='word_1_475' title='bbox 2305 1345 2316 1379; x_wconf 93' lang='lat'>:</span> <span class='ocrx_word' id='word_1_476' title='bbox 2352 1326 2610 1382; x_wconf 76' lang='lat' dir='ltr'><strong><em>Dominus</em></strong></span> <span class='ocrx_word' id='word_1_477' title='bbox 2639 1329 2975 1398; x_wconf 83' lang='lat' dir='ltr'><strong><em>longanimis,</em></strong></span> <span class='ocrx_word' id='word_1_478' title='bbox 3008 1331 3189 1385; x_wconf 72' lang='lat' dir='ltr'><strong><em>multa:</em></strong></span> <span class='ocrx_word' id='word_1_479' title='bbox 3218 1333 3425 1387; x_wconf 59' lang='lat' dir='ltr'><strong><em>miseric</em></strong></span> 
     </span>
    </p>
   </div>
   <div class='ocr_carea' id='block_1_70' title="bbox 1859 1417 3419 1488">
    <p class='ocr_par' dir='ltr' id='par_1_70' title="bbox 1859 1417 3419 1488">
     <span class='ocr_line' id='line_1_71' title="bbox 1859 1417 3419 1488; baseline 0.008 -21"><span class='ocrx_word' id='word_1_480' title='bbox 1859 1417 2054 1469; x_wconf 64' lang='lat' dir='ltr'><strong><em>cordia!</em></strong></span> <span class='ocrx_word' id='word_1_481' title='bbox 2081 1427 2129 1470; x_wconf 90' lang='lat' dir='ltr'><strong><em>et</em></strong></span> <span class='ocrx_word' id='word_1_482' title='bbox 2167 1434 2353 1483; x_wconf 75' lang='lat' dir='ltr'><strong><em>verax;</em></strong></span> <span class='ocrx_word' id='word_1_483' title='bbox 2386 1420 2582 1488; x_wconf 79' lang='lat' dir='ltr'><strong><em>faciens</em></strong></span> <span class='ocrx_word' id='word_1_484' title='bbox 2621 1423 3038 1475; x_wconf 84' lang='lat' dir='ltr'><strong><em>misericordiam</em></strong></span> <span class='ocrx_word' id='word_1_485' title='bbox 3070 1426 3122 1476; x_wconf 85' lang='lat' dir='ltr'><strong><em>in</em></strong></span> <span class='ocrx_word' id='word_1_486' title='bbox 3158 1425 3328 1480; x_wconf 81' lang='lat' dir='ltr'><strong><em>millia</em></strong></span> <span class='ocrx_word' id='word_1_487' title='bbox 3352 1426 3419 1480; x_wconf 84' lang='grc'><strong><em>⁸³.</em></strong></span> 
     </span>
    </p>
   </div>
   <div class='ocr_carea' id='block_1_71' title="bbox 1858 1505 3427 1586">
    <p class='ocr_par' dir='ltr' id='par_1_71' title="bbox 1858 1505 3427 1586">
     <span class='ocr_line' id='line_1_72' title="bbox 1858 1505 3427 1586; baseline 0.009 -28"><span class='ocrx_word' id='word_1_488' title='bbox 1858 1505 1968 1561; x_wconf 82' lang='lat' dir='ltr'><strong><em>Has</em></strong></span> <span class='ocrx_word' id='word_1_489' title='bbox 1994 1509 2157 1577; x_wconf 84' lang='lat' dir='ltr'><strong><em>igitur</em></strong></span> <span class='ocrx_word' id='word_1_490' title='bbox 2190 1511 2594 1566; x_wconf 84' lang='lat' dir='ltr'><strong><em>misericordias</em></strong></span> <span class='ocrx_word' id='word_1_491' title='bbox 2615 1528 2742 1566; x_wconf 89' lang='lat' dir='ltr'><strong><em>suas</em></strong></span> <span class='ocrx_word' id='word_1_492' title='bbox 2764 1523 2918 1567; x_wconf 90' lang='lat' dir='ltr'><strong><em>notas</em></strong></span> <span class='ocrx_word' id='word_1_493' title='bbox 2943 1513 3069 1568; x_wconf 85' lang='lat' dir='ltr'><strong><em>fecit</em></strong></span> <span class='ocrx_word' id='word_1_494' title='bbox 3091 1514 3280 1585; x_wconf 80' lang='lat' dir='ltr'><strong><em>Moysi,</em></strong></span> <span class='ocrx_word' id='word_1_495' title='bbox 3304 1533 3427 1586; x_wconf 74' lang='lat' dir='ltr'><strong><em>quas</em></strong></span> 
     </span>
    </p>
   </div>
   <div class='ocr_carea' id='block_1_72' title="bbox 1856 1601 3422 1672">
    <p class='ocr_par' dir='ltr' id='par_1_72' title="bbox 1856 1601 3422 1672">
     <span class='ocr_line' id='line_1_73' title="bbox 1856 1601 3422 1672; baseline 0.008 -21"><span class='ocrx_word' id='word_1_496' title='bbox 1856 1607 2120 1653; x_wconf 80' lang='lat' dir='ltr'><strong><em>vocantur</em></strong></span> <span class='ocrx_word' id='word_1_497' title='bbox 2150 1601 2252 1655; x_wconf 81' lang='lat' dir='ltr'><strong><em>viae</em></strong></span> <span class='ocrx_word' id='word_1_498' title='bbox 2274 1608 2328 1654; x_wconf 83' lang='lat' dir='ltr'><strong><em>et</em></strong></span> <span class='ocrx_word' id='word_1_499' title='bbox 2354 1602 2582 1656; x_wconf 84' lang='lat' dir='ltr'><strong><em>virtutes</em></strong></span> <span class='ocrx_word' id='word_1_500' title='bbox 2610 1603 2809 1672; x_wconf 84' lang='lat' dir='ltr'><strong><em>quibus</em></strong></span> <span class='ocrx_word' id='word_1_501' title='bbox 2841 1605 3021 1658; x_wconf 80' lang='lat' dir='ltr'><strong><em>omnia</em></strong></span> <span class='ocrx_word' id='word_1_502' title='bbox 3060 1607 3422 1663; x_wconf 81' lang='lat' dir='ltr'><strong><em>administrat.</em></strong></span> 
     </span>
    </p>
   </div>
   <div class='ocr_carea' id='block_1_73' title="bbox 1860 1686 3426 1767">
    <p class='ocr_par' dir='ltr' id='par_1_73' title="bbox 1860 1686 3426 1767">
     <span class='ocr_line' id='line_1_74' title="bbox 1860 1686 3426 1767; baseline 0.009 -27"><span class='ocrx_word' id='word_1_503' title='bbox 1860 1686 1982 1741; x_wconf 84' lang='lat' dir='ltr'><strong><em>Non</em></strong></span> <span class='ocrx_word' id='word_1_504' title='bbox 2005 1690 2382 1758; x_wconf 84' lang='lat' dir='ltr'><strong><em>inperpetuum</em></strong></span> <span class='ocrx_word' id='word_1_505' title='bbox 2420 1693 2698 1746; x_wconf 75' lang='lat' dir='ltr'><strong><em>irascetur.</em></strong></span> <span class='ocrx_word' id='word_1_506' title='bbox 2734 1692 2985 1759; x_wconf 81' lang='lat' dir='ltr'><strong><em>Etiamsi,</em></strong></span> <span class='ocrx_word' id='word_1_507' title='bbox 3015 1697 3215 1767; x_wconf 85' lang='lat' dir='ltr'><strong><em>inquit,</em></strong></span> <span class='ocrx_word' id='word_1_508' title='bbox 3253 1698 3426 1755; x_wconf 84' lang='lat' dir='ltr'><strong><em>iratus</em></strong></span> 
     </span>
    </p>
   </div>
   <div class='ocr_carea' id='block_1_74' title="bbox 1856 1781 3427 1856">
    <p class='ocr_par' dir='ltr' id='par_1_74' title="bbox 1856 1781 3427 1856">
     <span class='ocr_line' id='line_1_75' title="bbox 1856 1781 3427 1856; baseline 0.008 -24"><span class='ocrx_word' id='word_1_509' title='bbox 1856 1789 1940 1832; x_wconf 90' lang='lat' dir='ltr'><strong><em>est</em></strong></span> <span class='ocrx_word' id='word_1_510' title='bbox 1968 1781 2038 1834; x_wconf 85' lang='lat' dir='ltr'><strong><em>ob</em></strong></span> <span class='ocrx_word' id='word_1_511' title='bbox 2063 1782 2255 1834; x_wconf 87' lang='lat' dir='ltr'><strong><em>Adami</em></strong></span> <span class='ocrx_word' id='word_1_512' title='bbox 2299 1785 2827 1851; x_wconf 67' lang='lat' dir='ltr'><strong><em>praevaricationem,</em></strong></span> <span class='ocrx_word' id='word_1_513' title='bbox 2874 1796 2923 1841; x_wconf 92' lang='lat' dir='ltr'><strong><em>et</em></strong></span> <span class='ocrx_word' id='word_1_514' title='bbox 2970 1802 3138 1856; x_wconf 88' lang='lat' dir='ltr'><strong><em>genus</em></strong></span> <span class='ocrx_word' id='word_1_515' title='bbox 3179 1798 3427 1844; x_wconf 84' lang='lat' dir='ltr'><strong><em>nostrum</em></strong></span> 
     </span>
    </p>
   </div>
   <div class='ocr_carea' id='block_1_75' title="bbox 1857 1871 3426 1943">
    <p class='ocr_par' dir='ltr' id='par_1_75' title="bbox 1857 1871 3426 1943">
     <span class='ocr_line' id='line_1_76' title="bbox 1857 1871 3426 1943; baseline 0.004 -19"><span class='ocrx_word' id='word_1_516' title='bbox 1857 1879 2030 1924; x_wconf 91' lang='lat' dir='ltr'><strong><em>morte</em></strong></span> <span class='ocrx_word' id='word_1_517' title='bbox 2075 1871 2386 1936; x_wconf 86' lang='lat' dir='ltr'><strong><em>damnavit;</em></strong></span> <span class='ocrx_word' id='word_1_518' title='bbox 2414 1872 2506 1926; x_wconf 89' lang='lat' dir='ltr'><strong><em>sed</em></strong></span> <span class='ocrx_word' id='word_1_519' title='bbox 2537 1887 2647 1927; x_wconf 90' lang='lat' dir='ltr'><strong><em>non</em></strong></span> <span class='ocrx_word' id='word_1_520' title='bbox 2679 1889 2851 1943; x_wconf 90' lang='lat' dir='ltr'><strong><em>usque</em></strong></span> <span class='ocrx_word' id='word_1_521' title='bbox 2894 1875 2948 1926; x_wconf 90' lang='lat' dir='ltr'><strong><em>in</em></strong></span> <span class='ocrx_word' id='word_1_522' title='bbox 2976 1873 3138 1928; x_wconf 76' lang='lat' dir='ltr'><strong><em>linem</em></strong></span> <span class='ocrx_word' id='word_1_523' title='bbox 3174 1877 3426 1932; x_wconf 81' lang='lat' dir='ltr'><strong><em>extendet</em></strong></span> 
     </span>
    </p>
   </div>
   <div class='ocr_carea' id='block_1_76' title="bbox 1857 1966 3426 2038">
    <p class='ocr_par' dir='ltr' id='par_1_76' title="bbox 1857 1966 3426 2038">
     <span class='ocr_line' id='line_1_77' title="bbox 1857 1966 3426 2038; baseline 0.004 -21"><span class='ocrx_word' id='word_1_524' title='bbox 1857 1969 1993 2020; x_wconf 87' lang='lat' dir='ltr'><strong><em>iram</em></strong></span> <span class='ocrx_word' id='word_1_525' title='bbox 2023 1982 2178 2021; x_wconf 87' lang='lat' dir='ltr'><strong><em>suam</em></strong></span> <span class='ocrx_word' id='word_1_526' title='bbox 2213 1986 2224 2019; x_wconf 95' lang='lat'>:</span> <span class='ocrx_word' id='word_1_527' title='bbox 2259 1966 2434 2020; x_wconf 76' lang='lat' dir='ltr'><strong><em>illuxit</em></strong></span> <span class='ocrx_word' id='word_1_528' title='bbox 2474 1967 2618 2021; x_wconf 87' lang='lat' dir='ltr'><strong><em>enim</em></strong></span> <span class='ocrx_word' id='word_1_529' title='bbox 2652 1968 2707 2020; x_wconf 89' lang='lat' dir='ltr'><strong><em>in</em></strong></span> <span class='ocrx_word' id='word_1_530' title='bbox 2740 1966 3058 2023; x_wconf 87' lang='lat' dir='ltr'><strong><em>novissimis</em></strong></span> <span class='ocrx_word' id='word_1_531' title='bbox 3087 1969 3426 2038; x_wconf 86' lang='lat' dir='ltr'><strong><em>temporibus</em></strong></span> 
     </span>
    </p>
   </div>
   <div class='ocr_carea' id='block_1_77' title="bbox 1857 2059 2791 2130">
    <p class='ocr_par' dir='ltr' id='par_1_77' title="bbox 1857 2059 2791 2130">
     <span class='ocr_line' id='line_1_78' title="bbox 1857 2059 2791 2130; baseline 0.003 -18"><span class='ocrx_word' id='word_1_532' title='bbox 1857 2059 1921 2112; x_wconf 82' lang='lat' dir='ltr'><strong><em>ad</em></strong></span> <span class='ocrx_word' id='word_1_533' title='bbox 1954 2059 2376 2114; x_wconf 85' lang='lat' dir='ltr'><strong><em>destructionem</em></strong></span> <span class='ocrx_word' id='word_1_534' title='bbox 2404 2060 2791 2130; x_wconf 86' lang='lat' dir='ltr'><strong><em>corruptionis.</em></strong></span> 
     </span>
    </p>
   </div>
   <div class='ocr_carea' id='block_1_78' title="bbox 1910 2146 3426 2220">
    <p class='ocr_par' dir='ltr' id='par_1_78' title="bbox 1910 2146 3426 2220">
     <span class='ocr_line' id='line_1_79' title="bbox 1910 2146 3426 2220; baseline 0.005 -22"><span class='ocrx_word' id='word_1_535' title='bbox 1910 2147 1993 2199; x_wconf 76' lang='lat' dir='ltr'><strong><em>M.</em></strong></span> <span class='ocrx_word' id='word_1_536' title='bbox 2030 2146 2293 2210; x_wconf 82' lang='lat' dir='ltr'><strong><em>Quoniam</em></strong></span> <span class='ocrx_word' id='word_1_537' title='bbox 2324 2150 2432 2217; x_wconf 82' lang='lat' dir='ltr'><strong><em>ipse</em></strong></span> <span class='ocrx_word' id='word_1_538' title='bbox 2462 2151 2700 2220; x_wconf 84' lang='lat' dir='ltr'><strong><em>cognovit</em></strong></span> <span class='ocrx_word' id='word_1_539' title='bbox 2735 2150 3041 2220; x_wconf 82' lang='lat' dir='ltr'><strong><em>ﬁgmentum</em></strong></span> <span class='ocrx_word' id='word_1_540' title='bbox 3070 2160 3330 2209; x_wconf 72' lang='lat' dir='ltr'><strong><em>nostrum.</em></strong></span> <span class='ocrx_word' id='word_1_541' title='bbox 3355 2148 3426 2206; x_wconf 88' lang='lat' dir='ltr'><strong><em>Ut</em></strong></span> 
     </span>
    </p>
   </div>
   <div class='ocr_carea' id='block_1_79' title="bbox 1859 2234 3427 2309">
    <p class='ocr_par' dir='ltr' id='par_1_79' title="bbox 1859 2234 3427 2309">
     <span class='ocr_line' id='line_1_80' title="bbox 1859 2234 3427 2309; baseline 0.004 -21"><span class='ocrx_word' id='word_1_542' title='bbox 1859 2234 2172 2305; x_wconf 84' lang='lat' dir='ltr'><strong><em>ﬁgmentum</em></strong></span> <span class='ocrx_word' id='word_1_543' title='bbox 2199 2253 2358 2292; x_wconf 90' lang='lat' dir='ltr'><strong><em>suum</em></strong></span> <span class='ocrx_word' id='word_1_544' title='bbox 2393 2248 2445 2292; x_wconf 88' lang='lat' dir='ltr'><strong><em>et</em></strong></span> <span class='ocrx_word' id='word_1_545' title='bbox 2473 2255 2637 2309; x_wconf 76' lang='lat' dir='ltr'><strong><em>Opera</em></strong></span> <span class='ocrx_word' id='word_1_546' title='bbox 2667 2256 2925 2295; x_wconf 88' lang='lat' dir='ltr'><strong><em>manuum</em></strong></span> <span class='ocrx_word' id='word_1_547' title='bbox 2953 2257 3174 2296; x_wconf 90' lang='lat' dir='ltr'><strong><em>suarum</em></strong></span> <span class='ocrx_word' id='word_1_548' title='bbox 3201 2256 3299 2296; x_wconf 90' lang='lat' dir='ltr'><strong><em>nos</em></strong></span> <span class='ocrx_word' id='word_1_549' title='bbox 3327 2241 3427 2295; x_wconf 85' lang='lat' dir='ltr'><strong><em>mi-</em></strong></span> 
     </span>
    </p>
   </div>
   <div class='ocr_carea' id='block_1_80' title="bbox 1859 2337 2201 2383">
    <p class='ocr_par' dir='ltr' id='par_1_80' title="bbox 1859 2337 2201 2383">
     <span class='ocr_line' id='line_1_81' title="bbox 1859 2337 2201 2383; baseline -0.003 -2"><span class='ocrx_word' id='word_1_550' title='bbox 1859 2338 2071 2383; x_wconf 86' lang='lat' dir='ltr'><strong><em>seralus</em></strong></span> <span class='ocrx_word' id='word_1_551' title='bbox 2099 2337 2201 2381; x_wconf 89' lang='lat' dir='ltr'><strong><em>est.</em></strong></span> 
     </span>
    </p>
   </div>
   <div class='ocr_carea' id='block_1_81' title="bbox 1931 2419 3427 2482">
    <p class='ocr_par' dir='ltr' id='par_1_81' title="bbox 1931 2419 3427 2482">
     <span class='ocr_line' id='line_1_82' title="bbox 1931 2419 3427 2482; baseline 0.007 -11"><span class='ocrx_word' id='word_1_552' title='bbox 1931 2419 2018 2473; x_wconf 77' lang='lat' dir='ltr'><strong><em>i7.</em></strong></span> <span class='ocrx_word' id='word_1_553' title='bbox 2051 2420 2417 2474; x_wconf 80' lang='lat' dir='ltr'><strong><em>Misericordia</em></strong></span> <span class='ocrx_word' id='word_1_554' title='bbox 2446 2432 2622 2476; x_wconf 86' lang='lat' dir='ltr'><strong><em>autem</em></strong></span> <span class='ocrx_word' id='word_1_555' title='bbox 2653 2422 2869 2478; x_wconf 87' lang='lat' dir='ltr'><strong><em>Domini</em></strong></span> <span class='ocrx_word' id='word_1_556' title='bbox 2893 2425 2957 2478; x_wconf 77' lang='lat' dir='ltr'><strong><em>alt</em></strong></span> <span class='ocrx_word' id='word_1_557' title='bbox 2988 2433 3202 2479; x_wconf 71' lang='lat' dir='ltr'><strong><em>aeterno.</em></strong></span> <span class='ocrx_word' id='word_1_558' title='bbox 3238 2422 3427 2482; x_wconf 81' lang='lat' dir='ltr'><strong><em>Simile</em></strong></span> 
     </span>
    </p>
   </div>
   <div class='ocr_carea' id='block_1_82' title="bbox 1856 2512 3424 2584">
    <p class='ocr_par' dir='ltr' id='par_1_82' title="bbox 1856 2512 3424 2584">
     <span class='ocr_line' id='line_1_83' title="bbox 1856 2512 3424 2584; baseline 0.004 -18"><span class='ocrx_word' id='word_1_559' title='bbox 1856 2521 1940 2567; x_wconf 86' lang='lat' dir='ltr'><strong><em>est</em></strong></span> <span class='ocrx_word' id='word_1_560' title='bbox 1968 2512 2100 2566; x_wconf 90' lang='lat' dir='ltr'><strong><em>illud</em></strong></span> <span class='ocrx_word' id='word_1_561' title='bbox 2129 2531 2143 2568; x_wconf 91' lang='lat'><strong>:</strong></span> <span class='ocrx_word' id='word_1_562' title='bbox 2173 2512 2238 2567; x_wconf 87' lang='lat' dir='ltr'><strong><em>Et</em></strong></span> <span class='ocrx_word' id='word_1_563' title='bbox 2269 2515 2467 2584; x_wconf 82' lang='lat' dir='ltr'><strong><em>faciens</em></strong></span> <span class='ocrx_word' id='word_1_564' title='bbox 2501 2517 2915 2571; x_wconf 84' lang='lat' dir='ltr'><strong><em>misericordiam</em></strong></span> <span class='ocrx_word' id='word_1_565' title='bbox 2957 2519 3011 2571; x_wconf 87' lang='lat' dir='ltr'><strong><em>in</em></strong></span> <span class='ocrx_word' id='word_1_566' title='bbox 3036 2517 3207 2571; x_wconf 77' lang='lat' dir='ltr'><strong><em>millia</em></strong></span> <span class='ocrx_word' id='word_1_567' title='bbox 3235 2520 3424 2572; x_wconf 85' lang='lat' dir='ltr'><strong><em>timen-</em></strong></span> 
     </span>
    </p>
   </div>
   <div class='ocr_carea' id='block_1_83' title="bbox 1860 2603 2126 2657">
    <p class='ocr_par' dir='ltr' id='par_1_83' title="bbox 1860 2603 2126 2657">
     <span class='ocr_line' id='line_1_84' title="bbox 1860 2603 2126 2657; baseline 0.015 -4"><span class='ocrx_word' id='word_1_568' title='bbox 1860 2603 1996 2655; x_wconf 84' lang='lat' dir='ltr'><strong><em>tibus</em></strong></span> <span class='ocrx_word' id='word_1_569' title='bbox 2025 2618 2126 2657; x_wconf 88' lang='lat' dir='ltr'><strong><em>me.</em></strong></span> 
     </span>
    </p>
   </div>
   <div class='ocr_carea' id='block_1_84' title="bbox 1934 2691 3426 2768">
    <p class='ocr_par' dir='ltr' id='par_1_84' title="bbox 1934 2691 3426 2768">
     <span class='ocr_line' id='line_1_85' title="bbox 1934 2691 3426 2768; baseline 0.005 -23"><span class='ocrx_word' id='word_1_570' title='bbox 1934 2691 2023 2747; x_wconf 79' lang='grc'><strong>18.</strong></span> <span class='ocrx_word' id='word_1_571' title='bbox 2055 2691 2123 2745; x_wconf 85' lang='grc' dir='ltr'><strong>Ει</strong></span> <span class='ocrx_word' id='word_1_572' title='bbox 2161 2693 2380 2761; x_wconf 83' lang='lat' dir='ltr'><strong><em>justitia</em></strong></span> <span class='ocrx_word' id='word_1_573' title='bbox 2423 2695 2571 2749; x_wconf 84' lang='lat' dir='ltr'><strong><em>illius</em></strong></span> <span class='ocrx_word' id='word_1_574' title='bbox 2617 2697 2670 2748; x_wconf 86' lang='lat' dir='ltr'><strong><em>in</em></strong></span> <span class='ocrx_word' id='word_1_575' title='bbox 2717 2696 2857 2765; x_wconf 80' lang='lat' dir='ltr'><strong><em>ﬁlios</em></strong></span> <span class='ocrx_word' id='word_1_576' title='bbox 2905 2698 3172 2765; x_wconf 77' lang='lat' dir='ltr'><strong><em>ﬁliorum,</em></strong></span> <span class='ocrx_word' id='word_1_577' title='bbox 3217 2698 3297 2752; x_wconf 82' lang='lat' dir='ltr'><strong><em>Itis</em></strong></span> <span class='ocrx_word' id='word_1_578' title='bbox 3337 2714 3426 2768; x_wconf 81' lang='lat' dir='ltr'><strong><em>qus</em></strong></span> 
     </span>
    </p>
   </div>
   <div class='ocr_carea' id='block_1_85' title="bbox 1859 2784 3425 2857">
    <p class='ocr_par' dir='ltr' id='par_1_85' title="bbox 1859 2784 3425 2857">
     <span class='ocr_line' id='line_1_86' title="bbox 1859 2784 3425 2857; baseline 0.005 -21"><span class='ocrx_word' id='word_1_579' title='bbox 1859 2791 2067 2837; x_wconf 82' lang='lat' dir='ltr'><strong><em>servant</em></strong></span> <span class='ocrx_word' id='word_1_580' title='bbox 2122 2791 2488 2837; x_wconf 85' lang='lat' dir='ltr'><strong><em>testamentum</em></strong></span> <span class='ocrx_word' id='word_1_581' title='bbox 2542 2785 2677 2853; x_wconf 88' lang='lat' dir='ltr'><strong><em>ejus.</em></strong></span> <span class='ocrx_word' id='word_1_582' title='bbox 2711 2784 2944 2842; x_wconf 85' lang='lat' dir='ltr'><strong><em>Sanctus</em></strong></span> <span class='ocrx_word' id='word_1_583' title='bbox 2991 2789 3136 2842; x_wconf 91' lang='lat' dir='ltr'><strong><em>enim</em></strong></span> <span class='ocrx_word' id='word_1_584' title='bbox 3178 2804 3302 2843; x_wconf 90' lang='lat' dir='ltr'><strong><em>cum</em></strong></span> <span class='ocrx_word' id='word_1_585' title='bbox 3333 2791 3425 2857; x_wconf 86' lang='lat' dir='ltr'><strong><em>sit,</em></strong></span> 
     </span>
    </p>
   </div>
   <div class='ocr_carea' id='block_1_86' title="bbox 1860 2877 3429 2949">
    <p class='ocr_par' dir='ltr' id='par_1_86' title="bbox 1860 2877 3429 2949">
     <span class='ocr_line' id='line_1_87' title="bbox 1860 2877 3429 2949; baseline 0.005 -19"><span class='ocrx_word' id='word_1_586' title='bbox 1860 2877 1914 2930; x_wconf 90' lang='lat' dir='ltr'><strong><em>in</em></strong></span> <span class='ocrx_word' id='word_1_587' title='bbox 1966 2877 2169 2932; x_wconf 86' lang='lat' dir='ltr'><strong><em>sanctis</em></strong></span> <span class='ocrx_word' id='word_1_588' title='bbox 2217 2877 2528 2947; x_wconf 89' lang='lat' dir='ltr'><strong><em>requiescit,</em></strong></span> <span class='ocrx_word' id='word_1_589' title='bbox 2566 2878 2621 2931; x_wconf 90' lang='lat' dir='ltr'><strong><em>in</em></strong></span> <span class='ocrx_word' id='word_1_590' title='bbox 2657 2879 2916 2949; x_wconf 80' lang='lat' dir='ltr'><strong><em>angelicis</em></strong></span> <span class='ocrx_word' id='word_1_591' title='bbox 2955 2881 3205 2936; x_wconf 80' lang='lat' dir='ltr'><strong><em>videlicet</em></strong></span> <span class='ocrx_word' id='word_1_592' title='bbox 3255 2883 3429 2937; x_wconf 81' lang='lat' dir='ltr'><strong><em>virtu~</em></strong></span> 
     </span>
    </p>
   </div>
   <div class='ocr_carea' id='block_1_87' title="bbox 1863 2969 2024 3023">
    <p class='ocr_par' dir='ltr' id='par_1_87' title="bbox 1863 2969 2024 3023">
     <span class='ocr_line' id='line_1_88' title="bbox 1863 2969 2024 3023; baseline 0.006 -1"><span class='ocrx_word' id='word_1_593' title='bbox 1863 2969 2024 3023; x_wconf 89' lang='lat' dir='ltr'><strong><em>tibus.</em></strong></span> 
     </span>
    </p>
   </div>
   <div class='ocr_carea' id='block_1_88' title="bbox 1931 3059 3432 3134">
    <p class='ocr_par' dir='ltr' id='par_1_88' title="bbox 1931 3059 3432 3134">
     <span class='ocr_line' id='line_1_89' title="bbox 1931 3059 3432 3134; baseline 0.003 -19"><span class='ocrx_word' id='word_1_594' title='bbox 1931 3063 2018 3117; x_wconf 80' lang='grc'><strong>19.</strong></span> <span class='ocrx_word' id='word_1_595' title='bbox 2045 3061 2297 3115; x_wconf 89' lang='lat' dir='ltr'><strong><em>Dominus</em></strong></span> <span class='ocrx_word' id='word_1_596' title='bbox 2331 3061 2385 3113; x_wconf 90' lang='lat' dir='ltr'><strong><em>in</em></strong></span> <span class='ocrx_word' id='word_1_597' title='bbox 2413 3059 2541 3114; x_wconf 73' lang='lat' dir='ltr'><strong><em>cwlo</em></strong></span> <span class='ocrx_word' id='word_1_598' title='bbox 2564 3063 2768 3130; x_wconf 78' lang='lat' dir='ltr'><strong><em>paravit</em></strong></span> <span class='ocrx_word' id='word_1_599' title='bbox 2795 3062 2968 3116; x_wconf 85' lang='lat' dir='ltr'><strong><em>sedem</em></strong></span> <span class='ocrx_word' id='word_1_600' title='bbox 2994 3079 3166 3117; x_wconf 89' lang='lat' dir='ltr'><strong><em>suam.</em></strong></span> <span class='ocrx_word' id='word_1_601' title='bbox 3202 3063 3432 3134; x_wconf 67' lang='lat' dir='ltr'><strong><em>Requieo</em></strong></span> 
     </span>
    </p>
   </div>
   <div class='ocr_carea' id='block_1_89' title="bbox 1862 3153 3428 3225">
    <p class='ocr_par' dir='ltr' id='par_1_89' title="bbox 1862 3153 3428 3225">
     <span class='ocr_line' id='line_1_90' title="bbox 1862 3153 3428 3225; baseline 0.002 -17"><span class='ocrx_word' id='word_1_602' title='bbox 1862 3155 1983 3220; x_wconf 91' lang='lat' dir='ltr'><strong><em>scit,</em></strong></span> <span class='ocrx_word' id='word_1_603' title='bbox 2011 3155 2215 3222; x_wconf 87' lang='lat' dir='ltr'><strong><em>inquit,</em></strong></span> <span class='ocrx_word' id='word_1_604' title='bbox 2251 3153 2306 3207; x_wconf 93' lang='lat' dir='ltr'><strong><em>in</em></strong></span> <span class='ocrx_word' id='word_1_605' title='bbox 2339 3154 2649 3208; x_wconf 80' lang='lat' dir='ltr'><strong><em>ccelestibus</em></strong></span> <span class='ocrx_word' id='word_1_606' title='bbox 2681 3154 2961 3222; x_wconf 87' lang='lat' dir='ltr'><strong><em>spiritibus</em></strong></span> <span class='ocrx_word' id='word_1_607' title='bbox 2989 3173 3002 3209; x_wconf 91' lang='lat'><strong>:</strong></span> <span class='ocrx_word' id='word_1_608' title='bbox 3043 3171 3217 3225; x_wconf 90' lang='lat' dir='ltr'><strong><em>neque</em></strong></span> <span class='ocrx_word' id='word_1_609' title='bbox 3247 3164 3428 3212; x_wconf 87' lang='lat' dir='ltr'><strong><em>tamen</em></strong></span> 
     </span>
    </p>
   </div>
   <div class='ocr_carea' id='block_1_90' title="bbox 1863 3246 3426 3319">
    <p class='ocr_par' dir='ltr' id='par_1_90' title="bbox 1863 3246 3426 3319">
     <span class='ocr_line' id='line_1_91' title="bbox 1863 3246 3426 3319; baseline 0.003 -20"><span class='ocrx_word' id='word_1_610' title='bbox 1863 3254 2076 3300; x_wconf 86' lang='lat' dir='ltr'><strong><em>terrena</em></strong></span> <span class='ocrx_word' id='word_1_611' title='bbox 2111 3246 2178 3299; x_wconf 89' lang='lat' dir='ltr'><strong><em>ab</em></strong></span> <span class='ocrx_word' id='word_1_612' title='bbox 2207 3246 2326 3314; x_wconf 87' lang='lat' dir='ltr'><strong><em>ejus</em></strong></span> <span class='ocrx_word' id='word_1_613' title='bbox 2349 3259 2517 3316; x_wconf 82' lang='lat' dir='ltr'><strong><em>regno</em></strong></span> <span class='ocrx_word' id='word_1_614' title='bbox 2540 3257 2666 3300; x_wconf 90' lang='lat' dir='ltr'><strong><em>sunt</em></strong></span> <span class='ocrx_word' id='word_1_615' title='bbox 2687 3246 2894 3300; x_wconf 88' lang='lat' dir='ltr'><strong><em>avulsa.</em></strong></span> <span class='ocrx_word' id='word_1_616' title='bbox 2920 3246 3038 3315; x_wconf 88' lang='lat' dir='ltr'><strong><em>Ipse</em></strong></span> <span class='ocrx_word' id='word_1_617' title='bbox 3065 3248 3207 3302; x_wconf 88' lang='lat' dir='ltr'><strong><em>enim</em></strong></span> <span class='ocrx_word' id='word_1_618' title='bbox 3232 3256 3315 3304; x_wconf 87' lang='lat' dir='ltr'><strong><em>est</em></strong></span> <span class='ocrx_word' id='word_1_619' title='bbox 3333 3251 3426 3319; x_wconf 91' lang='lat' dir='ltr'><strong><em>qui</em></strong></span> 
     </span>
    </p>
   </div>
   <div class='ocr_carea' id='block_1_91' title="bbox 1862 3338 3428 3410">
    <p class='ocr_par' dir='ltr' id='par_1_91' title="bbox 1862 3338 3428 3410">
     <span class='ocr_line' id='line_1_92' title="bbox 1862 3338 3428 3410; baseline 0.001 -17"><span class='ocrx_word' id='word_1_620' title='bbox 1862 3348 2047 3408; x_wconf 86' lang='lat' dir='ltr'><strong><em>utpote</em></strong></span> <span class='ocrx_word' id='word_1_621' title='bbox 2072 3338 2214 3394; x_wconf 87' lang='lat' dir='ltr'><strong><em>Deus</em></strong></span> <span class='ocrx_word' id='word_1_622' title='bbox 2242 3339 2488 3393; x_wconf 89' lang='lat' dir='ltr'><strong><em>omnium</em></strong></span> <span class='ocrx_word' id='word_1_623' title='bbox 2531 3339 2861 3398; x_wconf 72' lang='lat' dir='ltr'><strong><em>dominatur.</em></strong></span> <span class='ocrx_word' id='word_1_624' title='bbox 2900 3339 2970 3392; x_wconf 86' lang='lat' dir='ltr'><strong><em>Et</em></strong></span> <span class='ocrx_word' id='word_1_625' title='bbox 3009 3356 3221 3410; x_wconf 85' lang='lat' dir='ltr'><strong><em>regnum</em></strong></span> <span class='ocrx_word' id='word_1_626' title='bbox 3263 3341 3428 3409; x_wconf 80' lang='lat' dir='ltr'><strong><em>ipsius</em></strong></span> 
     </span>
    </p>
   </div>
   <div class='ocr_carea' id='block_1_92' title="bbox 1862 3428 3432 3494">
    <p class='ocr_par' dir='ltr' id='par_1_92' title="bbox 1862 3428 3432 3494">
     <span class='ocr_line' id='line_1_93' title="bbox 1862 3428 3432 3494; baseline -0.001 -8"><span class='ocrx_word' id='word_1_627' title='bbox 1862 3431 2101 3486; x_wconf 82' lang='lat' dir='ltr'><strong><em>omnibus</em></strong></span> <span class='ocrx_word' id='word_1_628' title='bbox 2125 3431 2505 3484; x_wconf 84' lang='lat' dir='ltr'><strong><em>dominabitur.</em></strong></span> <span class='ocrx_word' id='word_1_629' title='bbox 2531 3428 2803 3482; x_wconf 84' lang='lat' dir='ltr'><strong><em>Dominari</em></strong></span> <span class='ocrx_word' id='word_1_630' title='bbox 2835 3429 3110 3494; x_wconf 83' lang='lat' dir='ltr'><strong><em>omnibus,</em></strong></span> <span class='ocrx_word' id='word_1_631' title='bbox 3137 3439 3191 3484; x_wconf 79' lang='lat' dir='ltr'><strong><em>at</em></strong></span> <span class='ocrx_word' id='word_1_632' title='bbox 3214 3444 3321 3484; x_wconf 92' lang='lat' dir='ltr'><strong><em>non</em></strong></span> <span class='ocrx_word' id='word_1_633' title='bbox 3345 3444 3432 3485; x_wconf 90' lang='lat' dir='ltr'><strong><em>re-</em></strong></span> 
     </span>
    </p>
   </div>
   <div class='ocr_carea' id='block_1_93' title="bbox 1863 3522 3431 3594">
    <p class='ocr_par' dir='ltr' id='par_1_93' title="bbox 1863 3522 3431 3594">
     <span class='ocr_line' id='line_1_94' title="bbox 1863 3522 3431 3594; baseline 0.001 -18"><span class='ocrx_word' id='word_1_634' title='bbox 1863 3539 2050 3594; x_wconf 85' lang='lat' dir='ltr'><strong><em>gnare,</em></strong></span> <span class='ocrx_word' id='word_1_635' title='bbox 2073 3524 2277 3576; x_wconf 88' lang='lat' dir='ltr'><strong><em>dictum</em></strong></span> <span class='ocrx_word' id='word_1_636' title='bbox 2308 3531 2410 3587; x_wconf 89' lang='lat' dir='ltr'><strong><em>est,</em></strong></span> <span class='ocrx_word' id='word_1_637' title='bbox 2437 3522 2874 3592; x_wconf 87' lang='lat' dir='ltr'><strong><em>quandoquidem</em></strong></span> <span class='ocrx_word' id='word_1_638' title='bbox 2910 3537 3017 3576; x_wconf 89' lang='lat' dir='ltr'><strong><em>non</em></strong></span> <span class='ocrx_word' id='word_1_639' title='bbox 3049 3536 3239 3577; x_wconf 84' lang='lat' dir='ltr'><strong><em>omnes</em></strong></span> <span class='ocrx_word' id='word_1_640' title='bbox 3264 3537 3431 3593; x_wconf 88' lang='lat' dir='ltr'><strong><em>regno</em></strong></span> 
     </span>
    </p>
   </div>
   <div class='ocr_carea' id='block_1_94' title="bbox 1864 3611 3428 3684">
    <p class='ocr_par' dir='ltr' id='par_1_94' title="bbox 1864 3611 3428 3684">
     <span class='ocr_line' id='line_1_95' title="bbox 1864 3611 3428 3684; baseline -0.003 -13"><span class='ocrx_word' id='word_1_641' title='bbox 1864 3618 1981 3684; x_wconf 87' lang='lat' dir='ltr'><strong><em>ejus</em></strong></span> <span class='ocrx_word' id='word_1_642' title='bbox 2024 3614 2172 3682; x_wconf 88' lang='lat' dir='ltr'><strong><em>digni</em></strong></span> <span class='ocrx_word' id='word_1_643' title='bbox 2225 3623 2371 3667; x_wconf 89' lang='lat' dir='ltr'><strong><em>sunt.</em></strong></span> <span class='ocrx_word' id='word_1_644' title='bbox 2419 3611 2760 3683; x_wconf 82' lang='lat' dir='ltr'><strong><em>Quapropter</em></strong></span> <span class='ocrx_word' id='word_1_645' title='bbox 2804 3615 2871 3669; x_wconf 86' lang='lat' dir='ltr'><strong><em>iis</em></strong></span> <span class='ocrx_word' id='word_1_646' title='bbox 2926 3615 3019 3682; x_wconf 89' lang='lat' dir='ltr'><strong><em>qui</em></strong></span> <span class='ocrx_word' id='word_1_647' title='bbox 3064 3612 3428 3684; x_wconf 86' lang='lat' dir='ltr'><strong><em>evangelicam</em></strong></span> 
     </span>
    </p>
   </div>
   <div class='ocr_carea' id='block_1_95' title="bbox 1865 3704 3432 3777">
    <p class='ocr_par' dir='ltr' id='par_1_95' title="bbox 1865 3704 3432 3777">
     <span class='ocr_line' id='line_1_96' title="bbox 1865 3704 3432 3777; baseline 0 -16"><span class='ocrx_word' id='word_1_648' title='bbox 1865 3714 2032 3777; x_wconf 79' lang='lat' dir='ltr'><strong><em>agunt</em></strong></span> <span class='ocrx_word' id='word_1_649' title='bbox 2076 3707 2262 3767; x_wconf 87' lang='lat' dir='ltr'><strong><em>vitam,</em></strong></span> <span class='ocrx_word' id='word_1_650' title='bbox 2299 3719 2526 3772; x_wconf 82' lang='lat' dir='ltr'><strong><em>regnum</em></strong></span> <span class='ocrx_word' id='word_1_651' title='bbox 2562 3704 2824 3767; x_wconf 66' lang='lat' dir='ltr'><strong><em>caelorum</em></strong></span> <span class='ocrx_word' id='word_1_652' title='bbox 2865 3704 3117 3759; x_wconf 88' lang='lat' dir='ltr'><strong><em>Salvator</em></strong></span> <span class='ocrx_word' id='word_1_653' title='bbox 3156 3705 3432 3774; x_wconf 84' lang='lat' dir='ltr'><strong><em>pollicitus</em></strong></span> 
     </span>
    </p>
   </div>
   <div class='ocr_carea' id='block_1_96' title="bbox 1864 3793 3290 3866">
    <p class='ocr_par' dir='ltr' id='par_1_96' title="bbox 1864 3793 3290 3866">
     <span class='ocr_line' id='line_1_97' title="bbox 1864 3793 3290 3866; baseline -0.002 -14"><span class='ocrx_word' id='word_1_654' title='bbox 1864 3807 1968 3852; x_wconf 90' lang='lat' dir='ltr'><strong><em>est.</em></strong></span> <span class='ocrx_word' id='word_1_655' title='bbox 1997 3796 2226 3866; x_wconf 87' lang='lat' dir='ltr'><strong><em>Imperat</em></strong></span> <span class='ocrx_word' id='word_1_656' title='bbox 2254 3805 2434 3850; x_wconf 88' lang='lat' dir='ltr'><strong><em>autem</em></strong></span> <span class='ocrx_word' id='word_1_657' title='bbox 2461 3793 2724 3850; x_wconf 87' lang='lat' dir='ltr'><strong><em>Dominus</em></strong></span> <span class='ocrx_word' id='word_1_658' title='bbox 2753 3796 2819 3850; x_wconf 90' lang='lat' dir='ltr'><strong><em>iis</em></strong></span> <span class='ocrx_word' id='word_1_659' title='bbox 2843 3797 2936 3866; x_wconf 90' lang='lat' dir='ltr'><strong><em>qui</em></strong></span> <span class='ocrx_word' id='word_1_660' title='bbox 2966 3796 3114 3866; x_wconf 89' lang='lat' dir='ltr'><strong><em>digni</em></strong></span> <span class='ocrx_word' id='word_1_661' title='bbox 3142 3805 3290 3851; x_wconf 89' lang='lat' dir='ltr'><strong><em>sunt.</em></strong></span> 
     </span>
    </p>
   </div>
   <div class='ocr_carea' id='block_1_97' title="bbox 1931 3973 3437 4046">
    <p class='ocr_par' dir='ltr' id='par_1_97' title="bbox 1931 3973 3437 4046">
     <span class='ocr_line' id='line_1_98' title="bbox 1931 3973 3437 4046; baseline 0.001 -17"><span class='ocrx_word' id='word_1_662' title='bbox 1931 3977 2021 4030; x_wconf 73' lang='lat'><strong><em>20.</em></strong></span> <span class='ocrx_word' id='word_1_663' title='bbox 2062 3976 2357 4031; x_wconf 82' lang='lat' dir='ltr'><strong><em>Benedicite</em></strong></span> <span class='ocrx_word' id='word_1_664' title='bbox 2405 3977 2650 4041; x_wconf 87' lang='lat' dir='ltr'><strong><em>Domino,</em></strong></span> <span class='ocrx_word' id='word_1_665' title='bbox 2679 3993 2853 4031; x_wconf 87' lang='lat' dir='ltr'><strong><em>omnes</em></strong></span> <span class='ocrx_word' id='word_1_666' title='bbox 2901 3976 3074 4046; x_wconf 88' lang='lat' dir='ltr'><strong><em>angeli</em></strong></span> <span class='ocrx_word' id='word_1_667' title='bbox 3101 3975 3234 4045; x_wconf 84' lang='lat' dir='ltr'><strong><em>ejus.</em></strong></span> <span class='ocrx_word' id='word_1_668' title='bbox 3267 3973 3437 4030; x_wconf 80' lang='lat' dir='ltr'><strong><em>Docet</em></strong></span> 
     </span>
    </p>
   </div>
   <div class='ocr_carea' id='block_1_98' title="bbox 1868 4066 3435 4137">
    <p class='ocr_par' dir='ltr' id='par_1_98' title="bbox 1868 4066 3435 4137">
     <span class='ocr_line' id='line_1_99' title="bbox 1868 4066 3435 4137; baseline -0.001 -17"><span class='ocrx_word' id='word_1_669' title='bbox 1868 4068 2125 4136; x_wconf 87' lang='lat' dir='ltr'><strong><em>populum</em></strong></span> <span class='ocrx_word' id='word_1_670' title='bbox 2152 4069 2242 4136; x_wconf 87' lang='lat' dir='ltr'><strong><em>qui</em></strong></span> <span class='ocrx_word' id='word_1_671' title='bbox 2277 4068 2484 4122; x_wconf 90' lang='lat' dir='ltr'><strong><em>accedit</em></strong></span> <span class='ocrx_word' id='word_1_672' title='bbox 2514 4068 2580 4120; x_wconf 86' lang='lat' dir='ltr'><strong><em>ad</em></strong></span> <span class='ocrx_word' id='word_1_673' title='bbox 2618 4067 2796 4132; x_wconf 82' lang='lat' dir='ltr'><strong><em>ﬁdem,</em></strong></span> <span class='ocrx_word' id='word_1_674' title='bbox 2825 4083 2948 4121; x_wconf 90' lang='lat' dir='ltr'><strong><em>eum</em></strong></span> <span class='ocrx_word' id='word_1_675' title='bbox 2979 4068 3071 4136; x_wconf 87' lang='lat' dir='ltr'><strong><em>qui</em></strong></span> <span class='ocrx_word' id='word_1_676' title='bbox 3102 4066 3319 4137; x_wconf 88' lang='lat' dir='ltr'><strong><em>hymnis</em></strong></span> <span class='ocrx_word' id='word_1_677' title='bbox 3337 4081 3435 4120; x_wconf 88' lang='lat' dir='ltr'><strong><em>va—</em></strong></span> 
     </span>
    </p>
   </div>
   <div class='ocr_carea' id='block_1_99' title="bbox 1871 4159 3432 4229">
    <p class='ocr_par' dir='ltr' id='par_1_99' title="bbox 1871 4159 3432 4229">
     <span class='ocr_line' id='line_1_100' title="bbox 1871 4159 3432 4229; baseline 0.001 -16"><span class='ocrx_word' id='word_1_678' title='bbox 1871 4170 1988 4223; x_wconf 85' lang='lat' dir='ltr'><strong><em>cat,</em></strong></span> <span class='ocrx_word' id='word_1_679' title='bbox 2024 4161 2268 4214; x_wconf 88' lang='lat' dir='ltr'><strong><em>eamdem</em></strong></span> <span class='ocrx_word' id='word_1_680' title='bbox 2319 4175 2480 4228; x_wconf 84' lang='lat' dir='ltr'><strong><em>quam</em></strong></span> <span class='ocrx_word' id='word_1_681' title='bbox 2525 4159 2696 4229; x_wconf 86' lang='lat' dir='ltr'><strong><em>angeli</em></strong></span> <span class='ocrx_word' id='word_1_682' title='bbox 2739 4160 3053 4227; x_wconf 79' lang='lat' dir='ltr'><strong><em>dignitatem</em></strong></span> <span class='ocrx_word' id='word_1_683' title='bbox 3100 4159 3432 4214; x_wconf 85' lang='lat' dir='ltr'><strong><em>habiturum.</em></strong></span> 
     </span>
    </p>
   </div>
   <div class='ocr_carea' id='block_1_100' title="bbox 1869 4251 3435 4315">
    <p class='ocr_par' dir='ltr' id='par_1_100' title="bbox 1869 4251 3435 4315">
     <span class='ocr_line' id='line_1_101' title="bbox 1869 4251 3435 4315; baseline 0 -11"><span class='ocrx_word' id='word_1_684' title='bbox 1869 4251 2004 4305; x_wconf 83' lang='lat' dir='ltr'><strong><em>Nam</em></strong></span> <span class='ocrx_word' id='word_1_685' title='bbox 2034 4251 2079 4304; x_wconf 89' lang='lat' dir='ltr'><strong><em>si</em></strong></span> <span class='ocrx_word' id='word_1_686' title='bbox 2116 4253 2219 4305; x_wconf 89' lang='lat' dir='ltr'><strong><em>hoc</em></strong></span> <span class='ocrx_word' id='word_1_687' title='bbox 2250 4266 2440 4305; x_wconf 90' lang='lat' dir='ltr'><strong><em>eorum</em></strong></span> <span class='ocrx_word' id='word_1_688' title='bbox 2485 4252 2846 4306; x_wconf 90' lang='lat' dir='ltr'><strong><em>ministerium</em></strong></span> <span class='ocrx_word' id='word_1_689' title='bbox 2874 4261 2976 4315; x_wconf 88' lang='lat' dir='ltr'><strong><em>cst,</em></strong></span> <span class='ocrx_word' id='word_1_690' title='bbox 3013 4251 3237 4306; x_wconf 88' lang='lat' dir='ltr'><strong><em>laudare</em></strong></span> <span class='ocrx_word' id='word_1_691' title='bbox 3264 4259 3315 4305; x_wconf 90' lang='lat' dir='ltr'><strong><em>et</em></strong></span> <span class='ocrx_word' id='word_1_692' title='bbox 3347 4265 3435 4305; x_wconf 85' lang='lat' dir='ltr'><strong><em>ce-</em></strong></span> 
     </span>
    </p>
   </div>
   <div class='ocr_carea' id='block_1_101' title="bbox 1871 4344 3433 4416">
    <p class='ocr_par' dir='ltr' id='par_1_101' title="bbox 1871 4344 3433 4416">
     <span class='ocr_line' id='line_1_102' title="bbox 1871 4344 3433 4416; baseline -0.001 -16"><span class='ocrx_word' id='word_1_693' title='bbox 1871 4347 2082 4400; x_wconf 85' lang='lat' dir='ltr'><strong><em>lebrare</em></strong></span> <span class='ocrx_word' id='word_1_694' title='bbox 2109 4344 2302 4410; x_wconf 90' lang='lat' dir='ltr'><strong><em>Deum,</em></strong></span> <span class='ocrx_word' id='word_1_695' title='bbox 2338 4355 2391 4400; x_wconf 89' lang='lat' dir='ltr'><strong><em>et</em></strong></span> <span class='ocrx_word' id='word_1_696' title='bbox 2419 4347 2521 4401; x_wconf 88' lang='lat' dir='ltr'><strong><em>hoc</em></strong></span> <span class='ocrx_word' id='word_1_697' title='bbox 2552 4346 2726 4416; x_wconf 90' lang='lat' dir='ltr'><strong><em>ipsum</em></strong></span> <span class='ocrx_word' id='word_1_698' title='bbox 2762 4349 2940 4399; x_wconf 87' lang='lat' dir='ltr'><strong><em>anima</em></strong></span> <span class='ocrx_word' id='word_1_699' title='bbox 2972 4345 3149 4400; x_wconf 80' lang='lat' dir='ltr'><strong><em>facere</em></strong></span> <span class='ocrx_word' id='word_1_700' title='bbox 3177 4345 3433 4415; x_wconf 74' lang='lat' dir='ltr'><strong><em>iubetur;</em></strong></span> 
     </span>
    </p>
   </div>
   <div class='ocr_carea' id='block_1_102' title="bbox 1873 4435 3438 4508">
    <p class='ocr_par' dir='ltr' id='par_1_102' title="bbox 1873 4435 3438 4508">
     <span class='ocr_line' id='line_1_103' title="bbox 1873 4435 3438 4508; baseline 0.002 -17"><span class='ocrx_word' id='word_1_701' title='bbox 1873 4453 1996 4492; x_wconf 88' lang='lat' dir='ltr'><strong><em>cum</em></strong></span> <span class='ocrx_word' id='word_1_702' title='bbox 2025 4438 2111 4491; x_wconf 85' lang='lat' dir='ltr'><strong><em>illa</em></strong></span> <span class='ocrx_word' id='word_1_703' title='bbox 2141 4438 2444 4508; x_wconf 72' lang='lat' dir='ltr'><strong><em>gloriﬁcare</em></strong></span> <span class='ocrx_word' id='word_1_704' title='bbox 2485 4453 2700 4507; x_wconf 79' lang='lat' dir='ltr'><strong><em>semper</em></strong></span> <span class='ocrx_word' id='word_1_705' title='bbox 2727 4435 2895 4491; x_wconf 88' lang='lat' dir='ltr'><strong><em>Deum</em></strong></span> <span class='ocrx_word' id='word_1_706' title='bbox 2934 4438 3171 4502; x_wconf 89' lang='lat' dir='ltr'><strong><em>dicatur,</em></strong></span> <span class='ocrx_word' id='word_1_707' title='bbox 3218 4438 3438 4494; x_wconf 83' lang='lat' dir='ltr'><strong><em>manife—</em></strong></span> 
     </span>
    </p>
   </div>
   <div class='ocr_carea' id='block_1_103' title="bbox 1680 4529 3436 4626">
    <p class='ocr_par' dir='ltr' id='par_1_103' title="bbox 1680 4529 3436 4626">
     <span class='ocr_line' id='line_1_104' title="bbox 1680 4529 3436 4626; baseline -0.001 -41"><span class='ocrx_word' id='word_1_708' title='bbox 1680 4558 1770 4626; x_wconf 59' lang='grc' dir='ltr'><strong><em>τή-</em></strong></span> <span class='ocrx_word' id='word_1_709' title='bbox 1801 4559 1846 4613; x_wconf 80' lang='lat' dir='ltr'><strong>D</strong></span> <span class='ocrx_word' id='word_1_710' title='bbox 1875 4539 2018 4585; x_wconf 88' lang='lat' dir='ltr'><strong><em>stum</em></strong></span> <span class='ocrx_word' id='word_1_711' title='bbox 2039 4540 2120 4586; x_wconf 89' lang='lat' dir='ltr'><strong><em>est</em></strong></span> <span class='ocrx_word' id='word_1_712' title='bbox 2142 4533 2386 4584; x_wconf 89' lang='lat' dir='ltr'><strong><em>eamdem</em></strong></span> <span class='ocrx_word' id='word_1_713' title='bbox 2405 4530 2664 4600; x_wconf 91' lang='lat' dir='ltr'><strong><em>consequi</em></strong></span> <span class='ocrx_word' id='word_1_714' title='bbox 2687 4530 3024 4600; x_wconf 86' lang='lat' dir='ltr'><strong><em>dignitatem.</em></strong></span> <span class='ocrx_word' id='word_1_715' title='bbox 3047 4529 3180 4585; x_wconf 88' lang='lat' dir='ltr'><strong><em>Nam</em></strong></span> <span class='ocrx_word' id='word_1_716' title='bbox 3203 4547 3436 4600; x_wconf 90' lang='lat' dir='ltr'><strong><em>quorum</em></strong></span> 
     </span>
    </p>
   </div>
   <div class='ocr_carea' id='block_1_104' title="bbox 1875 4623 2880 4694">
    <p class='ocr_par' dir='ltr' id='par_1_104' title="bbox 1875 4623 2880 4694">
     <span class='ocr_line' id='line_1_105' title="bbox 1875 4623 2880 4694; baseline 0 -16"><span class='ocrx_word' id='word_1_717' title='bbox 1875 4626 2015 4678; x_wconf 86' lang='lat' dir='ltr'><strong><em>idem</em></strong></span> <span class='ocrx_word' id='word_1_718' title='bbox 2046 4624 2302 4688; x_wconf 69' lang='lat' dir='ltr'><strong><em>cilicium,</em></strong></span> <span class='ocrx_word' id='word_1_719' title='bbox 2330 4625 2514 4678; x_wconf 88' lang='lat' dir='ltr'><strong><em>eadem</em></strong></span> <span class='ocrx_word' id='word_1_720' title='bbox 2551 4632 2603 4676; x_wconf 90' lang='lat' dir='ltr'><strong><em>ct</em></strong></span> <span class='ocrx_word' id='word_1_721' title='bbox 2630 4623 2880 4694; x_wconf 84' lang='lat' dir='ltr'><strong><em>dignitas.</em></strong></span> 
     </span>
    </p>
   </div>
   <div class='ocr_carea' id='block_1_105' title="bbox 1938 4713 3435 4783">
    <p class='ocr_par' dir='ltr' id='par_1_105' title="bbox 1938 4713 3435 4783">
     <span class='ocr_line' id='line_1_106' title="bbox 1938 4713 3435 4783; baseline -0.002 -14"><span class='ocrx_word' id='word_1_722' title='bbox 1938 4717 2028 4770; x_wconf 75' lang='grc'><strong><em>21.</em></strong></span> <span class='ocrx_word' id='word_1_723' title='bbox 2054 4715 2350 4769; x_wconf 84' lang='lat' dir='ltr'><strong><em>Benedicite</em></strong></span> <span class='ocrx_word' id='word_1_724' title='bbox 2399 4717 2640 4779; x_wconf 85' lang='lat' dir='ltr'><strong><em>Domino,</em></strong></span> <span class='ocrx_word' id='word_1_725' title='bbox 2673 4731 2849 4768; x_wconf 83' lang='lat' dir='ltr'><strong><em>omnes</em></strong></span> <span class='ocrx_word' id='word_1_726' title='bbox 2896 4717 3112 4768; x_wconf 82' lang='lat' dir='ltr'><strong><em>virtutes</em></strong></span> <span class='ocrx_word' id='word_1_727' title='bbox 3154 4714 3284 4783; x_wconf 87' lang='lat' dir='ltr'><strong><em>ejus.</em></strong></span> <span class='ocrx_word' id='word_1_728' title='bbox 3318 4713 3435 4767; x_wconf 84' lang='lat' dir='ltr'><strong><em>Non</em></strong></span> 
     </span>
    </p>
   </div>
   <div class='ocr_carea' id='block_1_106' title="bbox 1874 4807 3438 4878">
    <p class='ocr_par' dir='ltr' id='par_1_106' title="bbox 1874 4807 3438 4878">
     <span class='ocr_line' id='line_1_107' title="bbox 1874 4807 3438 4878; baseline -0.003 -13"><span class='ocrx_word' id='word_1_729' title='bbox 1874 4811 2050 4865; x_wconf 83' lang='lat' dir='ltr'><strong><em>solum</em></strong></span> <span class='ocrx_word' id='word_1_730' title='bbox 2090 4809 2262 4878; x_wconf 87' lang='lat' dir='ltr'><strong><em>angeli</em></strong></span> <span class='ocrx_word' id='word_1_731' title='bbox 2300 4809 2366 4862; x_wconf 91' lang='lat' dir='ltr'><strong><em>ad</em></strong></span> <span class='ocrx_word' id='word_1_732' title='bbox 2417 4809 2628 4862; x_wconf 88' lang='lat' dir='ltr'><strong><em>laudem</em></strong></span> <span class='ocrx_word' id='word_1_733' title='bbox 2680 4816 2971 4871; x_wconf 84' lang='lat' dir='ltr'><strong><em>vocantur,</em></strong></span> <span class='ocrx_word' id='word_1_734' title='bbox 3012 4822 3197 4860; x_wconf 88' lang='lat' dir='ltr'><strong><em>verum</em></strong></span> <span class='ocrx_word' id='word_1_735' title='bbox 3234 4809 3278 4859; x_wconf 90' lang='lat' dir='ltr'><strong><em>si</em></strong></span> <span class='ocrx_word' id='word_1_736' title='bbox 3316 4807 3438 4875; x_wconf 80' lang='lat' dir='ltr'><strong><em>quis</em></strong></span> 
     </span>
    </p>
   </div>
   <div class='ocr_carea' id='block_1_107' title="bbox 1875 4899 3437 4967">
    <p class='ocr_par' dir='ltr' id='par_1_107' title="bbox 1875 4899 3437 4967">
     <span class='ocr_line' id='line_1_108' title="bbox 1875 4899 3437 4967; baseline -0.003 -11"><span class='ocrx_word' id='word_1_737' title='bbox 1875 4904 2015 4958; x_wconf 88' lang='lat' dir='ltr'><strong><em>alius</em></strong></span> <span class='ocrx_word' id='word_1_738' title='bbox 2043 4911 2126 4956; x_wconf 84' lang='lat' dir='ltr'><strong><em>est</em></strong></span> <span class='ocrx_word' id='word_1_739' title='bbox 2155 4901 2392 4956; x_wconf 80' lang='lat' dir='ltr'><strong><em>caelestis</em></strong></span> <span class='ocrx_word' id='word_1_740' title='bbox 2424 4901 2576 4964; x_wconf 88' lang='lat' dir='ltr'><strong><em>ordo,</em></strong></span> <span class='ocrx_word' id='word_1_741' title='bbox 2615 4902 2728 4955; x_wconf 84' lang='lat' dir='ltr'><strong><em>sive</em></strong></span> <span class='ocrx_word' id='word_1_742' title='bbox 2774 4901 2989 4965; x_wconf 90' lang='lat' dir='ltr'><strong><em>throni,</em></strong></span> <span class='ocrx_word' id='word_1_743' title='bbox 3021 4900 3134 4954; x_wconf 87' lang='lat' dir='ltr'><strong><em>sive</em></strong></span> <span class='ocrx_word' id='word_1_744' title='bbox 3164 4899 3437 4967; x_wconf 79' lang='lat' dir='ltr'><strong><em>principa-</em></strong></span> 
     </span>
    </p>
   </div>
   <div class='ocr_carea' id='block_1_108' title="bbox 1874 4990 3413 5063">
    <p class='ocr_par' dir='ltr' id='par_1_108' title="bbox 1874 4990 3413 5063">
     <span class='ocr_line' id='line_1_109' title="bbox 1874 4990 3413 5063; baseline -0.004 -13"><span class='ocrx_word' id='word_1_745' title='bbox 1874 5007 1982 5058; x_wconf 85' lang='lat' dir='ltr'><strong><em>tus,</em></strong></span> <span class='ocrx_word' id='word_1_746' title='bbox 2009 4996 2121 5050; x_wconf 90' lang='lat' dir='ltr'><strong><em>sive</em></strong></span> <span class='ocrx_word' id='word_1_747' title='bbox 2150 5003 2463 5063; x_wconf 84' lang='lat' dir='ltr'><strong><em>potestates,</em></strong></span> <span class='ocrx_word' id='word_1_748' title='bbox 2497 4996 2610 5049; x_wconf 81' lang='lat' dir='ltr'><strong><em>sive</em></strong></span> <span class='ocrx_word' id='word_1_749' title='bbox 2657 4994 3072 5047; x_wconf 77' lang='lat' dir='ltr'><strong><em>dominationes.</em></strong></span> <span class='ocrx_word' id='word_1_750' title='bbox 3123 4990 3234 5046; x_wconf 86' lang='lat' dir='ltr'><strong><em>Hos</em></strong></span> <span class='ocrx_word' id='word_1_751' title='bbox 3278 4993 3413 5045; x_wconf 90' lang='lat' dir='ltr'><strong><em>nimi</em></strong></span> 
     </span>
    </p>
   </div>
   <div class='ocr_carea' id='block_1_109' title="bbox 1875 5084 3418 5156">
    <p class='ocr_par' dir='ltr' id='par_1_109' title="bbox 1875 5084 3418 5156">
     <span class='ocr_line' id='line_1_110' title="bbox 1875 5084 3418 5156; baseline -0.003 -14"><span class='ocrx_word' id='word_1_752' title='bbox 1875 5104 1995 5142; x_wconf 87' lang='lat' dir='ltr'><strong><em>rum</em></strong></span> <span class='ocrx_word' id='word_1_753' title='bbox 2043 5088 2259 5141; x_wconf 88' lang='lat' dir='ltr'><strong><em>ordines</em></strong></span> <span class='ocrx_word' id='word_1_754' title='bbox 2294 5102 2482 5141; x_wconf 86' lang='lat' dir='ltr'><strong><em>omnes</em></strong></span> <span class='ocrx_word' id='word_1_755' title='bbox 2509 5103 2604 5156; x_wconf 87' lang='lat' dir='ltr'><strong><em>per</em></strong></span> <span class='ocrx_word' id='word_1_756' title='bbox 2635 5088 2860 5141; x_wconf 85' lang='lat' dir='ltr'><strong><em>virtutes</em></strong></span> <span class='ocrx_word' id='word_1_757' title='bbox 2907 5085 3063 5138; x_wconf 84' lang='lat' dir='ltr'><strong><em>nobis</em></strong></span> <span class='ocrx_word' id='word_1_758' title='bbox 3094 5084 3418 5153; x_wconf 74' lang='lat' dir='ltr'><strong><em>signiﬁcavit</em></strong></span> 
     </span>
    </p>
   </div>
   <div class='ocr_carea' id='block_1_110' title="bbox 1881 5301 3433 5370">
    <p class='ocr_par' dir='ltr' id='par_1_110' title="bbox 1881 5301 3433 5370">
     <span class='ocr_line' id='line_1_111' title="bbox 1881 5301 3433 5370; baseline -0.006 -8"><span class='ocrx_word' id='word_1_759' title='bbox 1881 5310 1929 5362; x_wconf 78' lang='lat' dir='ltr'><strong><em>i.</em></strong></span> <span class='ocrx_word' id='word_1_760' title='bbox 1975 5307 2186 5362; x_wconf 72' lang='lat' dir='ltr'><strong><em>Doridis</em></strong></span> <span class='ocrx_word' id='word_1_761' title='bbox 2219 5309 2280 5360; x_wconf 81' lang='lat' dir='ltr'><strong><em>de</em></strong></span> <span class='ocrx_word' id='word_1_762' title='bbox 2312 5307 2494 5360; x_wconf 84' lang='lat' dir='ltr'><strong><em>mundi</em></strong></span> <span class='ocrx_word' id='word_1_763' title='bbox 2532 5315 2671 5360; x_wconf 86' lang='lat' dir='ltr'><strong><em>ortu.</em></strong></span> <span class='ocrx_word' id='word_1_764' title='bbox 2705 5303 2859 5358; x_wconf 86' lang='lat' dir='ltr'><strong><em>Caret</em></strong></span> <span class='ocrx_word' id='word_1_765' title='bbox 2910 5303 3247 5370; x_wconf 81' lang='lat' dir='ltr'><strong><em>inscriptione</em></strong></span> <span class='ocrx_word' id='word_1_766' title='bbox 3293 5301 3433 5370; x_wconf 82' lang='lat' dir='ltr'><strong><em>apud</em></strong></span> 
     </span>
    </p>
   </div>
   <div class='ocr_carea' id='block_1_111' title="bbox 2433 5394 2894 5452">
    <p class='ocr_par' dir='ltr' id='par_1_111' title="bbox 2433 5394 2894 5452">
     <span class='ocr_line' id='line_1_112' title="bbox 2433 5394 2894 5452; baseline -0.004 0"><span class='ocrx_word' id='word_1_767' title='bbox 2433 5397 2699 5452; x_wconf 73' lang='lat' dir='ltr'><strong><em>Hebrteos.</em></strong></span> <span class='ocrx_word' id='word_1_768' title='bbox 2732 5394 2894 5450; x_wconf 85' lang='lat' dir='ltr'><strong><em>CIII.</em></strong></span> 
     </span>
    </p>
   </div>
   <div class='ocr_carea' id='block_1_112' title="bbox 2462 5494 2862 5561">
    <p class='ocr_par' dir='ltr' id='par_1_112' title="bbox 2462 5494 2862 5561">
     <span class='ocr_line' id='line_1_113' title="bbox 2462 5494 2862 5561; baseline -0.013 -16"><span class='ocrx_word' id='word_1_769' title='bbox 2462 5494 2862 5561; x_wconf 76' lang='lat' dir='ltr'><strong><em>Argumentum.</em></strong></span> 
     </span>
    </p>
   </div>
   <div class='ocr_carea' id='block_1_113' title="bbox 1881 5599 3416 5681">
    <p class='ocr_par' dir='ltr' id='par_1_113' title="bbox 1881 5599 3416 5681">
     <span class='ocr_line' id='line_1_114' title="bbox 1881 5599 3416 5681; baseline -0.01 -17"><span class='ocrx_word' id='word_1_770' title='bbox 1881 5609 2171 5681; x_wconf 83' lang='lat' dir='ltr'><strong><em>Postquam</em></strong></span> <span class='ocrx_word' id='word_1_771' title='bbox 2205 5608 2257 5663; x_wconf 91' lang='lat' dir='ltr'><strong><em>in</em></strong></span> <span class='ocrx_word' id='word_1_772' title='bbox 2287 5605 2608 5679; x_wconf 82' lang='lat' dir='ltr'><strong><em>praecedenti</em></strong></span> <span class='ocrx_word' id='word_1_773' title='bbox 2640 5603 2848 5673; x_wconf 87' lang='lat' dir='ltr'><strong><em>psalmo</em></strong></span> <span class='ocrx_word' id='word_1_774' title='bbox 2877 5600 3135 5671; x_wconf 88' lang='lat' dir='ltr'><strong><em>populum</em></strong></span> <span class='ocrx_word' id='word_1_775' title='bbox 3164 5599 3256 5669; x_wconf 88' lang='lat' dir='ltr'><strong><em>qui</em></strong></span> <span class='ocrx_word' id='word_1_776' title='bbox 3285 5613 3416 5651; x_wconf 69' lang='lat' dir='ltr'><strong><em>arm</em></strong></span> 
     </span>
    </p>
   </div>
  </div>
