4070 6450
185 403 285 463 657

184 517 439 587 ἀνέμων.

184 586 305 677 εξκῆ
338 606 560 677 φέρεται
581 619 595 633 ·
628 602 741 654 ἀλλ’
773 600 935 661 αύτός
982 600 1129 650 ἐστιν
1168 594 1355 664 ὥσπερ
1404 606 1486 652 τις
1538 586 1749 657 ἡνίοχος

184 699 364 754 αὐτῶν
413 694 725 764 γινόμενος,
789 689 878 744 διὰ
921 688 1015 742 τοῦ
1062 690 1182 750 ταῖς
1225 682 1406 737 αὐτῶν
1455 677 1751 733 ἐπιϐαίνειν

185 794 287 846 πτέ
299 790 468 862 ρυξιν.

268 885 332 936 ὐ
376 878 564 934 ποιῶν
595 877 737 936 τοὺς
788 874 1078 944 ἀγγέλους
1112 869 1298 925 αὑτοῦ
1330 866 1653 933 πνεύματα.
1693 861 1752 911 '0

187 975 445 1044 κούφους,
474 973 627 1042 φησι,
656 970 749 1023 καὶ
779 967 1100 1039 μεταρσίους
1125 965 1249 1026 τοὺς
1276 959 1535 1028 ἀγγέλους
1562 954 1750 1007 ποιῶν.

187 1068 297 1120 Kal
328 1064 469 1129 τοὺς
494 1061 875 1129 λειτοιιογοὺς
915 1055 1099 1113 αὐτοῦ
1128 1055 1247 1121 πῦρ
1293 1049 1534 1120 pateram
1571 1045 1755 1106 Οὕτως

187 1152 297 1210 εἶδε
328 1154 568 1223 Μωῦσῆς
596 1155 653 1207 ἐν
692 1151 825 1223 πυρὶ
857 1149 1051 1217 φλογὸς
1100 1145 1189 1198 τὸν
1238 1142 1465 1210 ἄγγελον
1495 1136 1755 1190 λαλοῦντα

188 1248 360 1318 αὐτῷ.

273 1317 335 1391 Ὁ
357 1338 647 1409 Osuald?
669 1338 783 1405 τὴν
814 1334 932 1405 γῆν
960 1333 1057 1387 ἐπὶ
1079 1332 1195 1399 τὴν
1221 1326 1576 1397 ἀσφάλειαν.
1604 1317 1759 1376 Μετὰ

187 1432 251 1484 τὸ
278 1431 448 1497 δεῖξαι
478 1430 575 1501 τὴν
624 1431 681 1484 ὲν
722 1430 798 1498 τῷ
830 1426 1040 1499 οὐρανῷ
1083 1424 1336 1496 πρόνοιαν
1362 1418 1455 1473 τοῦ
1498 1416 1757 1484 δημιουρ-

187 1520 312 1590 γοῦ,
348 1521 561 1591 πρόεισι
587 1520 680 1573 καὶ
708 1520 835 1588 περὶ
867 1517 975 1570 τῶν
1008 1516 1067 1567 ὲν
1101 1517 1167 1585 τῇ
1190 1515 1261 1583 γῇ
1288 1510 1542 1580 πρόνοιαν
1569 1499 1756 1558 αὐτοῦ.

189 1613 334 1666 Δύτὺ
365 1611 524 1665 τοῦτο
565 1611 659 1675 τὸ,
702 1609 928 1681 στερεὰν
985 1606 1155 1677 αὐτὴν
1199 1599 1362 1658 οὖσαν
1412 1600 1506 1655 καὶ
1542 1597 1760 1668 βαρεῖαν

194 1706 284 1773 ἐφ’
314 1705 487 1775 ὑγρᾶς
524 1700 848 1773 ἑδρασθῆναι
877 1700 1082 1762 οὐσίας.

272 1796 569 1860 ’Λϐυσσος
606 1795 686 1859 ὡς
739 1792 969 1862 ἱμάτιον
1018 1792 1085 1843 τὸ
1133 1786 1510 1855 περιϐόλαιον
1552 1776 1757 1833 αὑτοῦ.

193 1883 367 1937 Αὐτοῦ
395 1884 493 1953 μὲν
524 1884 616 1936 τοῦ
642 1883 741 1952 τῆς
774 1884 876 1951 γῆς
908 1879 1171 1949 στοιχείου
1206 1873 1356 1945 φησί.
1391 1871 1553 1938 Λέγει
1581 1869 1657 1931 δὲ,
1680 1867 1761 1918 ὅτι

194 1974 384 2045 ὥσπερ
414 1974 614 2043 ίματίῳ
643 1971 930 2042 περιέϐαλε
950 1973 1017 2038 τῇ
1046 1967 1268 2035 ἀϐύσσῳ
1300 1964 1400 2033 τὴν
1420 1962 1541 2030 γῆν,
1565 1956 1762 2024 ἔξωθεν

194 2067 379 2118 πᾶσαν
397 2062 743 2134 περικυκλῶν
764 2060 937 2113 ὕδατι.
957 2058 1086 2112 Ἐπὶ
1109 2055 1228 2110 τῶν
1238 2052 1421 2123 ὀρέων
1433 2048 1765 2113 στήσονται

194 2154 409 2217 ὕδατα,
444 2171 499 2208 κ.
521 2170 572 2206 τ.
600 2152 651 2205 λ.
687 2153 773 2214 Ὠς
804 2151 926 2222 ὅρη,
971 2150 1125 2219 φησι,
1160 2147 1228 2201 τὰ
1258 2145 1360 2214 τῆς
1390 2141 1628 2197 ἀϐύσσου
1675 2141 1767 2218 ἀν·-

198 2245 455 2299 ιστῶνται
483 2244 649 2297 ὖὸατα
680 2242 979 2312 ὑψούμενα,
1017 2241 1110 2293 καὶ
1139 2238 1301 2292 οἱονεὶ
1316 2233 1639 2289 ἀπειλοῦντα
1667 2245 1766 2282 χαε

195 2330 467 2385 τακλῦσαι
512 2332 611 2401 τὴν
640 2330 774 2399 γῆν·
814 2330 948 2383 ἀλλὰ
974 2327 1052 2398 τῷ
1099 2326 1176 2398 σῷ
1201 2326 1428 2396 νεύματι
1464 2323 1557 2376 καὶ
1603 2322 1668 2390 τῇ
1702 2319 1766 2388 σῇ

192 2421 449 2490 δυνάμει,
473 2422 593 2490 ἦτις
620 2420 715 2471 καὶ
746 2420 833 2472 διὰ
861 2420 961 2488 τῆς
1003 2419 1228 2489 βροντῆς
1262 2414 1601 2485 σημαίνεται,
1640 2411 1769 2461 ἁνα-

195 2510 461 2582 χωροῦσι,
494 2511 657 2581 φησίν
680 2527 693 2541 ·
724 2511 756 2581 ἦ
790 2511 932 2579 τάχα
958 2512 1051 2562 καὶ
1081 2510 1176 2571 τὰς
1218 2507 1444 2579 βροντὰς
1478 2505 1565 2558 διὰ
1615 2502 1771 2555 τοῦτο

196 2602 530 2672 γεγενῆσθαι
554 2620 708 2674 φησι,
732 2603 868 2674 πρὸς
898 2602 956 2654 τὸ
987 2600 1149 2670 φόϐον
1185 2598 1308 2651 τινὰ
1343 2595 1641 2666 λαμϐάνειν
1667 2590 1773 2644 ἀπὸ

196 2696 309 2749 τῶν
343 2697 641 2767 γινομένων
680 2696 779 2765 τῆς
824 2695 1063 2748 ἀϐύσσου
1090 2694 1159 2747 τὰ
1190 2693 1374 2746 ύδατα.
1406 2692 1467 2742 Εἰ
1501 2689 1557 2741 δὲ
1592 2688 1773 2739 ἐκεῖνα

196 2789 361 2842 τοῦτο
393 2790 676 2860 ὑπομένει,
719 2788 900 2859 πολλῴ
948 2787 1107 2841 πλέον
1139 2788 1202 2839 τὸ
1239 2783 1477 2838 τοιοῦτον
1506 2781 1584 2833 δεῖ
1628 2779 1774 2848 ἡμᾶς

195 2882 421 2936 παθεῖν.

286 2974 744 3028 Ἀναϐαίνουσιν
787 2972 892 3039 ὄρη
944 2970 1044 3025 καὶ
1101 2970 1528 3023 καταϐαίνουσι
1581 2964 1772 3018 πεδία.

213 3065 549 3134 ’Υψούμενα,
581 3064 731 3134 φησι,
762 3064 830 3116 τὰ
854 3062 1021 3116 ὕδατα
1043 3060 1432 3133 παρεικασθείη
1458 3059 1523 3113 ἂν
1548 3059 1729 3129 ὄρεσιν
1761 3072 1775 3086 ⁸

202 3155 322 3209 ἀλλ’
358 3152 671 3221 ἁπλούμενα
705 3151 865 3206 πάλιν
898 3152 1003 3204 ὑπὸ
1025 3150 1118 3203 τοῦ
1151 3149 1243 3202 σοῦ
1276 3148 1461 3217 φόϐου,
1484 3148 1646 3200 οἱονεὶ
1678 3162 1777 3198 πε-
1805 3167 1848 3226 α

198 3246 328 3310 διὰς
367 3247 460 3299 καὶ
496 3245 671 3315 ὁμαλὴ
714 3246 922 3313 γίνεται
957 3244 1048 3313 γῆ.
1094 3240 1489 3310 Ἐθεμελίωσας
1530 3238 1639 3309 γὰρ
1682 3237 1777 3290 αύ-

201 3342 321 3401 τοίς
344 3338 506 3391 τόπον
535 3338 593 3390 ὃν
615 3339 714 3407 οὐχ
729 3333 838 3390 οἷόν
858 3353 918 3389 τε
936 3332 1280 3404 ὑπερϐαίνειν
1301 3332 1457 3385 αὐτὰ..
1486 3332 1595 3384 Καὶ
1620 3330 1778 3383 τοῦτό

203 3431 349 3487 ἐστι.
380 3429 471 3481 τό·
529 3428 731 3496 Ὅριον
774 3427 914 3479 ἔθου
962 3424 994 3477 ὃ
1038 3426 1111 3477 οὺ
1162 3423 1656 3492 παρελεύσονται.
1689 3420 1779 3473 Διὸ

205 3520 332 3573 οὐδὲ
356 3519 644 3573 ἐπικλύσαι
665 3519 913 3571 δύνανται
942 3519 1041 3589 τὴν
1067 3518 1190 3589 γῆν.
1220 3519 1441 3588 Ὅμοιον
1463 3515 1519 3568 δὲ
1554 3515 1617 3567 τὸ
1643 3514 1781 3584 πρὸς

206 3611 309 3683 τὴν
337 3611 606 3665 θάλασσαν
638 3610 929 3681 εἰρημένον
964 3610 1053 3663 διὰ
1089 3610 1183 3663 τοῦ
1226 3609 1505 3679 προφήτου
1533 3623 1547 3639 ·
1591 3605 1781 3675 Μέχρι

205 3704 427 3757 τούτου
454 3702 679 3769 στήσῃ,
715 3704 812 3756 καὶ
834 3704 946 3772 οὺχ
972 3702 1306 3771 ὑπερϐήσῃ.
1343 3702 1494 3755 Ἀλλ’
1515 3700 1585 3753 ἐν
1604 3713 1783 3753 σεαυ-

206 3798 290 3867 τῇ
322 3794 831 3865 συντριϐήσονταί
862 3812 979 3850 σου
1009 3799 1080 3850 τὰ
1107 3799 1355 3865 κύματα.

298 3888 432 3941 Ἀνὰ
453 3887 649 3956 μέσον
703 3888 821 3941 τῶν
870 3887 1052 3953 ὀρέων
1108 3886 1517 3941 διελεύσονται
1573 3882 1779 3937 ὕδατα.

207 3978 373 4035 Κατὰ
404 3980 571 4051 μέρος
615 3978 907 4047 δοξολογῶν
963 3979 1253 4049 ἐπέρχεται
1299 3980 1366 4048 τῇ
1404 3975 1646 4046 προνοίᾳ,
1691 3975 1784 4025 καὶ

205 4070 312 4140 τὴν
360 4070 497 4139 μετὰ
541 4068 731 4137 σοφίας
780 4067 1124 4139 τεθαύμακεν
1169 4067 1501 4135 ἀγαθότητα,
1546 4064 1638 4117 καὶ
1685 4066 1782 4132 τῆς

210 4162 324 4214 τῶν
359 4160 569 4229 ἀλόγων
602 4159 755 4225 ζώων
779 4159 1199 4230 πεφροπικότος
1218 4158 1479 4228 διαμονῆς
1513 4155 1605 4207 τοῦ
1626 4152 1780 4206 Θεοῦο

211 4253 449 4321 ποιήσας
496 4251 610 4321 ,γὰρ
648 4250 808 4312 αὐτὰ,
841 4251 936 4303 καὶ
984 4252 1171 4322 τρέφει
1200 4249 1294 4300 καὶ
1328 4247 1555 4311 ποτίζει.
1600 4246 1689 4298 Διὸ
1719 4243 1786 4297 τὰ

210 4346 318 4415 ῧρη
346 4342 547 4413 τεμὼν,
583 4344 813 4414 πάροδον
851 4344 962 4404 τοῖς
995 4341 1178 4393 ὕδασιν
1210 4340 1552 4409 ἐτεκτήνατο.

287 4518 574 4571 Ποτιοῦσι
603 4517 799 4570 πάντα
826 4518 899 4571 τὰ
926 4516 1099 4584 θηρία
1134 4516 1239 4569 τοῦ
1266 4513 1471 4583 ἀγροῦ.
1507 4512 1662 4565 Οὕτω
1691 4511 1783 4563 καὶ
1814 4504 1860 4559 D

212 4611 329 4664 τῶν
352 4610 559 4677 ἀλόγων
594 4607 746 4671 ζώων
777 4611 871 4662 καὶ
922 4608 1164 4679 ἑρπετῶν
1196 4609 1288 4661 καὶ
1316 4607 1518 4677 θηρίων
1550 4608 1785 4677 προνοεῖ,

214 4706 295 4767 ὡς
330 4706 423 4755 καὶ
457 4703 663 4764 τούτοις
695 4703 757 4755 τὸ
786 4703 923 4773 πρὸς
951 4700 1093 4770 ζωὴν
1118 4702 1387 4771 χρήσιμον
1418 4699 1784 4769 ἐπιχορηγεῖν.

214 4793 663 4862 Προσδέξονται
686 4792 925 4861 ὄναγροι
949 4794 1036 4856 εὶς
1056 4791 1241 4857 δίψαν
1265 4790 1482 4844 αὐτῶν.
1507 4791 1613 4841 Καὶ
1634 4787 1789 4840 τοῦτο

214 4888 321 4956 τῆς
349 4884 447 4953 σῆς
488 4884 741 4954 προνοίας
783 4884 928 4936 ἐστὶν
959 4882 1135 4954 ἔργον,
1171 4883 1230 4934 τὸ
1275 4882 1349 4953 μὴ
1385 4882 1543 4952 μόνον
1573 4880 1658 4933 διὰ
1693 4878 1789 4941 τὰς

217 4977 350 5047 περὶ
372 4974 704 5046 χειμάρρους
734 4974 879 5044 ὥρας
912 4977 968 5026 ὲν
999 4976 1116 5036 ταῖς
1149 4974 1386 5045 φάραγξι
1412 4973 1502 5025 καὶ
1537 4976 1647 5034 τοῖς
1668 4970 1791 5022 θάλ-

218 5083 390 5121 πουσι
439 5066 624 5130 τόποις
658 5066 826 5119 ὕδατα
853 5065 1109 5125 δίδοσθαι,
1138 5064 1271 5118 ἀλλὰ
1291 5064 1399 5135 γᾴρ
1426 5062 1519 5115 καὶ
1562 5062 1664 5115 ἀνὰ
1700 5059 1791 5129 μέ-

219 5173 317 5209 σον
341 5156 449 5208 τῶν
479 5156 668 5228 ὀρέων,
700 5157 845 5217 ὅπως
876 5154 940 5206 ἂν
974 5154 1080 5207 τῶν
1106 5155 1312 5225 ἀγρίων
1339 5152 1490 5218 ζώων
1516 5152 1582 5204 τὰ
1610 5153 1792 5222 ἣμερα

216 5246 675 5318 ὁιιδράσκωνται,
711 5249 768 5299 ὲν
788 5246 906 5318 ὦρᾳ
937 5246 1430 5298 διαναπαύσωνται.

295 5339 554 5400 Ποτίζων
603 5337 707 5405 ὄρη
748 5340 815 5391 ἐκ
848 5337 967 5391 τῶν
1012 5337 1293 5405 ὑπερῴων
1338 5338 1543 5389 αὑτοῦ.
1582 5334 1790 5397 [lor-3:3:

219 5430 335 5501 γὰρ
366 5427 467 5499 ὅρη
502 5429 598 5483 καὶ
643 5428 799 5481 πεδία
843 5430 941 5482 οὐκ
992 5428 1097 5482 ἀπὸ
1147 5431 1253 5481 τῶν
1298 5429 1355 5479 ὲν
1391 5431 1509 5490 ταῖς
1557 5425 1792 5497 φάραγξι

220 5519 439 5591 πηγῶν,
474 5518 507 5589 ἢ
560 5519 667 5572 τῶν
704 5521 1015 5589 φερομένων
1042 5520 1182 5588 κατὰ
1215 5519 1319 5587 γῆς
1354 5518 1631 5589 ποταμῶν,
1679 5517 1793 5570 ἀλλ’

222 5609 436 5665 ἀνωθεν
460 5612 585 5673 τοὺς
615 5611 910 5681 αὐτάρκεις
958 5608 1206 5683 χορηγῶν
1242 5610 1446 5672 ὑετούς.
1489 5608 1620 5664 Ἀπὸ
1656 5625 1794 5675 καρ-

307 5788 356 5833 ⁸⁹
374 5787 477 5845 ἔοι»
519 5808 747 5854 manu,
799 5793 872 5846 Η.

1315 378 1671 440 ΕΧΡΟΞΙΤΙΟ
1712 376 1781 431 lN
1820 372 2151 431 PSALMUM
2189 368 2327 427 Clll.

499 509 797 571 Δείκνυσιν,
830 506 906 570 ὡς
960 504 1081 557 οὐδὲ
1113 504 1147 572 ἡ
1196 499 1304 554 τῶν
1342 498 1557 567 ἀνέμων
1606 491 1777 562 φορὰ.

1878 504 1959 544 non
2003 498 2204 542 temere
2248 483 2377 538 ferri
2414 488 2694 535 ventorum
2743 475 3040 541 impetum;
3083 468 3177 524 sed
3232 468 3413 538 ipsum

3303 346 3411 404 ιεε

1848 594 1968 634 esse
1991 578 2149 657 quasi
2177 576 2424 645 aurigam
2454 569 2763 642 quemdam,
2786 564 2930 635 quod
2958 560 3215 616 ascendat
3252 572 3415 629 super

1847 684 2055 740 pennas
2079 666 2220 736 ejus.

1923 849 1976 902 5.
2020 848 2126 913 Qui
2168 846 2298 916 facit
2340 840 2550 912 angelos
2583 854 2706 892 suos
2740 835 2979 903 spiritus.
3024 828 3127 895 Qui
3171 823 3414 895 angelos,

1853 942 2047 1010 inquit,
2092 939 2237 994 leves
2269 946 2323 991 et
2370 933 2631 989 sublimes
2677 927 2827 981 facit.
2874 922 2939 978 Et
2989 920 3257 974 ministros
3295 930 3417 968 suos

1854 1031 2023 1101 ignem
2064 1039 2321 1081 urentem.
2362 1024 2439 1078 lla
2479 1021 2614 1075 vidit
2655 1017 2867 1088 Moyses
2899 1015 2956 1069 in
2999 1012 3214 1065 flamma
3275 1004 3418 1076 ignis

1856 1122 2105 1191 angelum
2136 1118 2240 1174 sibi
2267 1122 2598 1187 loquentem.

1932 1318 2036 1383 Qui
2086 1312 2328 1384 fundavit
2403 1319 2600 1362 terram
2650 1318 2805 1371 super
2852 1290 3195 1353 stabilitatem
3251 1304 3420 1344 suam.

1859 1380 2157 1476 Postquam
2184 1398 2420 1457 ostendit
2444 1394 2748 1451 conditoris
2770 1392 2826 1446 in
2850 1390 2988 1445 cmlo
3006 1380 3422 1456 providentiam,

1860 1496 2208 1570 progreditur
2262 1492 2327 1545 ad
2383 1485 2777 1558 providentiam
2834 1480 2956 1549 ejus
3009 1490 3137 1544 erga
3190 1481 3422 1526 terrena.

2043 1589 2199 1642 ﬁrma
2238 1584 2329 1638 illa
2355 1591 2410 1636 et
2443 1578 2623 1649 gravis
2649 1590 2774 1631 cum
2806 1574 2898 1635 sit,
2934 1571 2988 1624 in
3021 1564 3243 1621 humida
3294 1560 3426 1616 sub-

1862 1681 2061 1738 srantia
2090 1678 2313 1732 fundata
2344 1673 2527 1727 fuerit.

1933 1772 1990 1835 6,
2028 1771 2078 1824 7.
2109 1769 2340 1838 Abyssus
2364 1767 2500 1821 sicut
2526 1763 2887 1816 uestimentum
2908 1753 3134 1807 amictus
3158 1749 3295 1818 ejus,
3326 1744 3431 1798 ele-

1864 1864 2031 1920 menti
2060 1864 2270 1919 scilicet
2299 1858 2524 1914 terreni.
2572 1856 2661 1909 Ait
2691 1854 2874 1924 igitur,
2902 1849 3100 1918 abysso
3128 1858 3230 1897 ceu
3259 1838 3426 1893 vesti-

1865 1966 2048 2010 mento
2079 1948 2507 2008 circumdedisse
2538 1955 2760 2006 terram,
2796 1951 2965 1995 totam
3003 1932 3242 1992 exterius
3270 1929 3427 1999 aquis

1866 2047 2134 2105 ambiens.
2169 2042 2337 2111 Super
2375 2049 2574 2094 montes
2617 2036 2830 2090 stabunt
2878 2044 3049 2099 aquaz,
3097 2033 3205 2080 etc.
3234 2020 3428 2092 AbySsi

1866 2154 2043 2209 aquae,
2068 2139 2163 2204 ait,
2205 2137 2378 2190 instar
2411 2130 2679 2187 montium
2710 2125 2972 2181 sublimes
3018 2120 3325 2186 insurgunt,
3377 2123 3432 2165 et

1867 2230 2025 2301 quasi
2054 2231 2381 2284 minitantur
2412 2225 2757 2291 submergere
2805 2227 3025 2278 terram,
3064 2210 3157 2266 sed
3209 2218 3339 2261 nutu
3377 2214 3432 2258 et

1869 2330 2136 2391 potestate
2169 2330 2282 2383 tua,
2310 2332 2432 2388 quae
2473 2330 2568 2384 per
2622 2310 2830 2367 tonitru
2874 2304 3229 2375 signiﬁcatur,
3282 2310 3431 2351 recc.

1870 2415 2045 2469 dunt:
2077 2420 2171 2465 aut
2197 2410 2429 2463 fortasse
2457 2408 2578 2461 ideo
2609 2403 2851 2457 tonitrua
2883 2397 2999 2452 ﬁeri
3037 2395 3131 2459 ait,
3166 2399 3227 2445 ut
3250 2404 3313 2443 ex
3341 2402 3431 2457 ge-

1872 2506 1973 2561 stis
2007 2504 2171 2558 rebus
2202 2501 2396 2556 timore
2428 2497 2662 2568 quodam
2715 2492 3019 2548 adiciantur
3046 2500 3201 2554 aqua:
3231 2480 3430 2551 abyssi.

1873 2595 2027 2660 Quod
2070 2596 2114 2649 si
2149 2595 2199 2649 id
2236 2594 2342 2649 illis
2376 2591 2610 2655 eveniat,
2659 2586 2831 2642 multo
2856 2581 3031 2651 magis
3075 2575 3251 2632 simile
3278 2572 3438 2631 nobis

1874 2688 2189 2755 contingere
2213 2699 2438 2740 necesse
2458 2692 2562 2737 est.

1949 2949 2003 3014 8,
2032 2947 2085 3001 9.
2118 2942 2418 2999 Asceuduut
2446 2948 2646 2995 montes
2685 2946 2733 2990 et
2767 2933 3080 2990 descendunt
3110 2930 3304 2999 campi.
3337 2931 3443 2985 Εκ-

1881 3041 2082 3102 altaue,
2124 3038 2220 3101 ait,
2255 3050 2409 3103 aqua:
2433 3036 2556 3105 jure
2586 3030 2867 3085 montibus
2899 3033 3304 3096 comparentur,
3350 3022 3444 3077 Sed

1882 3132 2102 3190 sedatae,
2133 3127 2333 3196 inquit,
2361 3140 2457 3195 per
2490 3124 2743 3177 timorem
2784 3129 2963 3181 tuum,
3009 3116 3167 3187 quasi
3221 3130 3446 3184 campus

1880 3235 1933 3277 et
1974 3233 2131 3276 terrae
2162 3220 2418 3289 planities
2446 3217 2773 3273 cﬂiciuntur.
2800 3210 3059 3267 Fundasti
3083 3208 3283 3278 quippe
3315 3207 3447 3277 ipsis

1882 3319 2086 3381 locum,
2115 3329 2278 3385 quem
2310 3311 2657 3383 praetergredi
2684 3323 2791 3361 non
2822 3314 3070 3374 possunt.
3112 3301 3288 3369 Atque
3316 3298 3446 3354 illud

1881 3419 1965 3465 est
2018 3407 2164 3478 quod
2220 3405 2467 3459 dicitur:
2522 3400 2827 3454 Terminum
2884 3391 3103 3462 posuisti
3141 3405 3293 3459 quem
3344 3403 3449 3441 non

1886 3500 2365 3570 transgredientur.
2405 3492 2584 3558 Quare
2624 3488 2890 3543 inundare
2929 3493 3125 3538 terram
3166 3496 3273 3535 non
3326 3495 3450 3549 pos-

1884 3602 2033 3650 sunt.
2077 3589 2268 3644 Simile
2297 3597 2476 3641 autem
2508 3582 2638 3637 illud
2675 3588 2757 3634 est
2785 3576 2930 3648 quod
2961 3575 3101 3630 mari
3147 3574 3281 3628 dicit
3326 3587 3450 3641 pro-

1884 3688 2088 3756 pheta:
2132 3682 2400 3735 Hactenus
2430 3677 2617 3738 stabis,
2642 3688 2803 3743 neque
2829 3668 3113 3724 transilies.
3162 3663 3264 3719 Sed
3304 3666 3358 3718 in
3402 3674 3449 3716 te

1884 3781 1997 3848 ipso
2031 3786 2365 3830 conterentur
2393 3773 2586 3842 ﬂuctus
2614 3769 2690 3821 lui
2714 3767 2778 3818 ³⁸.

1958 3870 2044 3925 10.
2074 3868 2222 3923 Inter
2260 3867 2489 3920 medium
2543 3860 2797 3914 montium
2846 3854 3239 3926 pertransibunt
3281 3864 3450 3920 aque.

1885 3962 2293 4019 Providentiam
2331 3957 2571 4013 celebrat
2598 3950 2907 4007 minutatim
2938 3945 3235 4019 gestaejus
3271 3957 3455 4009 perse-

1888 4069 2083 4126 quens,
2126 4053 2336 4109 scilicet
2362 4046 2661 4102 bonitatem
2704 4043 2825 4111 ejus
2858 4054 2981 4093 cum
3020 4034 3285 4104 sapientia
3328 4047 3458 4086 con-

1887 4150 2131 4219 iunctam
2177 4145 2424 4204 miratur,
2492 4141 2714 4191 necnon
2743 4128 3203 4203 perseverantiam
3262 4124 3355 4178 Dei
3400 4124 3456 4176 in

1888 4240 2148 4297 curandis
2175 4236 2356 4291 brutis
2405 4229 2811 4287 animantibus:
2846 4239 2970 4278 nam
3019 4228 3305 4291 postquam
3340 4216 3455 4285 ipsa

1889 4333 2165 4396 condidit,
2218 4328 2409 4381 eadem
2460 4322 2633 4378 nutrit
2676 4328 2729 4374 et
2785 4324 2953 4388 potat.
3011 4314 3191 4379 Quare
3245 4317 3456 4363 montes

1892 4428 2165 4487 scindens,
2200 4419 2357 4489 aquis
2384 4417 2673 4471 transitum
2702 4411 3004 4464 fabricatus
3036 4414 3140 4460 est.

1965 4521 2051 4575 ll.
2090 4515 2358 4571 Potabuut
2384 4525 2559 4565 omnes
2602 4506 2779 4558 bestia:
2806 4502 2943 4571 agri.
2990 4502 3069 4557 ita
3117 4496 3293 4551 brutis
3343 4494 3462 4548 aui-

1893 4610 2170 4668 mantibus
2220 4614 2329 4659 tam
2380 4600 2665 4670 reptilibus
2718 4598 2882 4665 quani
2934 4591 3067 4647 feris
3099 4588 3368 4658 providet,
3404 4594 3462 4639 ut

1892 4705 2024 4776 ipsis
2066 4699 2374 4755 necessaria
2408 4694 2472 4747 ad
2509 4693 2675 4745 vitam
2708 4685 3032 4756 suppeditet.
3071 4680 3461 4749 Exspectabam

1893 4772 2079 4863 onagri
2108 4793 2160 4843 in
2186 4790 2276 4844 siti
2308 4803 2426 4840 sua.
2458 4782 2525 4836 Et
2552 4780 2682 4836 illud
2716 4791 2935 4848 quoque
2972 4772 3326 4845 providentia:
3362 4783 3463 4821 tua:

1893 4903 2031 4958 opus
2059 4892 2164 4951 est,
2195 4895 2257 4937 ut
2283 4895 2389 4934 non
2423 4877 2598 4931 solum
2631 4874 2698 4928 ad
2729 4872 2979 4926 decorem
3006 4867 3212 4922 circum
3261 4872 3465 4916 torren-

1895 4955 1977 5035 tes
2000 4990 2162 5046 atque
2194 4977 2249 5029 in
2281 4971 2515 5026 vallibus
2557 4983 2620 5021 ac
2662 4962 2966 5019 virentibus
2998 4958 3135 5013 locis
3180 4971 3335 5024 aqua:
3365 4955 3461 5007 da-

1892 5082 2080 5127 rentur
2108 5082 2334 5136 ;verum
2375 5065 2536 5119 etiam
2580 5061 2723 5114 inter
2764 5055 3003 5111 medium
3033 5049 3322 5113 montium,
3354 5061 3464 5115 quo

1894 5168 2188 5234 agrestium
2248 5156 2607 5214 animantium
2659 5147 3028 5206 mansuetiora
3062 5141 3380 5211 confugiant
3410 5147 3467 5192 et

1895 5258 1947 5310 in
1980 5253 2229 5323 specioso
2261 5251 2381 5303 loco
2408 5247 2712 5316 quiescant.

1970 5348 2055 5401 15.
2099 5345 2298 5414 Riguus
2326 5350 2528 5393 montes
2567 5338 2631 5391 de
2671 5332 3025 5403 superioribus
3055 5328 3185 5381 suis.
3220 5324 3380 5395 Rigat
3407 5338 3465 5375 e-

1896 5441 2008 5494 nim
2036 5444 2253 5490 montes
2281 5442 2336 5487 et
2361 5444 2603 5498 campos,
2630 5440 2739 5480 non
2768 5439 2830 5477 ex
2865 5419 3109 5475 fontibus
3128 5413 3219 5483 qui
3251 5413 3305 5466 in
3333 5424 3467 5464 cou-

1894 5529 2133 5585 vallibus
2162 5535 2308 5588 sunt,
2340 5531 2435 5577 aut
2468 5537 2532 5576 ex
2563 5517 2880 5573 ﬂuminibus
2911 5514 2964 5566 in
2993 5522 3141 5564 terra
3187 5502 3456 5560 mananti-

1896 5623 2020 5689 bus,
2049 5618 2143 5676 sed
2194 5619 2425 5686 desuper
2460 5611 2798 5668 abundantes
2840 5602 3197 5675 suppeditans
3232 5596 3461 5667 plusias.
