4070 6452
628 382 734 439 439

1467 377 1523 432 8.
1566 374 1938 431 ΑΤΗΑΝΑδιι
1976 374 2127 430 OPP.
2167 374 2350 429 PARS
2387 373 2478 428 ΙΙΙ.
2514 403 2585 415 -
2622 371 3030 429 EXEGETICA.

3759 365 3854 422 Mi

635 502 708 553 be
755 499 928 569 fructu
975 512 1189 568 operum
1237 505 1443 548 tuorum
1487 495 1773 548 satiabitur
1813 502 1974 547 terra.
2039 490 2231 551 SicutJ

2310 489 2409 544 τοῦ
2436 489 2556 543 τῶν
2582 489 2770 559 ἔργων
2798 505 2914 542 σου
2944 483 3417 556 χορτασθήσεται
3444 485 3480 551 ἠ
3511 482 3608 552 γῆ.
3651 483 3862 552 Ὥσπερ

633 607 896 661 aquarum
929 590 1138 660 copiam
1169 588 1335 651 dedit,
1377 587 1448 640 ita
1479 594 1532 640 et
1575 584 1887 639 alimentum
1937 599 2006 639 ex
2049 591 2192 637 terra

633 684 866 754 paravit.

633 761 636 765 ’
706 777 796 840 14,
837 776 924 829 15.
980 773 1283 826 Producens
1330 770 1503 839 fenum
1544 769 1840 837 jumentis,
1881 776 1930 819 et
1982 764 2192 818 herbam

633 867 874 922 servituti
937 865 1227 918 hominum.
1301 861 1626 916 Servitutem
1688 858 1972 912 hominum
2035 863 2194 910 vocat

635 966 919 1013 mansueta
957 954 1235 1020 animalia,
1269 963 1329 1007 ut
1358 961 1485 1008 sunt
1512 953 1631 1015 bos,
1665 950 1852 1004 asinus
1894 957 1948 1002 et
1973 948 2189 1005 similia.

639 1050 704 1104 Ut
738 1034 929 1103 educas
953 1064 1140 1118 panem
1167 1048 1231 1104 dc
1271 1057 1434 1099 terra.
1482 1043 1627 1108 Ideo,
1675 1042 1872 1112 inquit,
1916 1042 2192 1110 jumento-

633 1158 754 1195 rum
787 1155 973 1195 curam
1006 1138 1263 1202 habuisti,
1308 1146 1368 1191 ut
1399 1135 1684 1189 arantihus
1727 1134 1833 1196 illis
1886 1133 2193 1188 necessaria

633 1234 700 1285 ad
751 1233 952 1285 victum
991 1229 1351 1284 inveniamus.
1397 1225 1578 1281 Nostri
1621 1227 1764 1280 enim
1799 1225 1970 1297 gratia
2009 1224 2194 1278 omnia

634 1325 726 1385 illa
751 1321 1011 1377 beneﬁcia
1041 1319 1270 1376 confert.

709 1416 797 1479 16,
833 1415 918 1470 17.
970 1413 1372 1477 Saturabuntur
1417 1410 1563 1481 ligna
1609 1409 1804 1478 campi.
1859 1395 2102 1462 Declarat
2133 1421 2194 1459 ea

634 1525 756 1579 quae
797 1509 848 1562 in
885 1507 1037 1561 silvis
1075 1511 1325 1574 vegetant
1349 1505 1512 1574 ligna,
1539 1501 1689 1555 verbi
1738 1500 1931 1570 gratia,
1983 1499 2193 1560 cedi-os,

634 1610 689 1653 ut
718 1609 929 1662 caetera,
959 1598 1080 1666 ejus
1115 1605 1247 1650 nutu
1276 1594 1520 1666 augenda
1555 1592 1691 1646 fore.
1724 1591 1889 1646 Facta
1939 1597 2065 1644 sunt
2096 1604 2196 1641 au-

633 1701 741 1746 tem
779 1691 869 1744 illa
903 1700 956 1743 et
985 1697 1201 1758 propter
1225 1687 1332 1741 alia
1374 1685 1645 1756 quaedam,
1702 1698 1936 1751 quorum
1982 1679 2197 1749 experi-

634 1793 880 1839 mentum
923 1782 1186 1836 habemus
1210 1821 1226 1845 ,
1274 1788 1329 1834 et
1367 1779 1434 1833 ad
1470 1777 1628 1832 nidos
1662 1790 1969 1847 passerum.
2013 1773 2196 1826 Erodii

636 1878 826 1929 domus
855 1874 965 1926 dua:
993 1883 1069 1928 est
1111 1887 1313 1928 eorum.
1368 1869 1612 1940 Ipsorum
1658 1882 1939 1938 passerum
1981 1865 2056 1920 ait
2098 1865 2198 1919 du-

637 1981 756 2022 cem
787 1980 908 2021 esse
960 1980 1054 2020 seu
1097 1972 1358 2032 prmstare
1389 1961 1523 2031 ipsis
1574 1959 1750 2013 erodii
1801 1956 2013 2011 nidum.
2062 1953 2201 2020 Quia

636 2057 825 2112 electis
854 2056 1110 2110 arborum
1152 2051 1492 2115 celsissimis,
1543 2051 1596 2103 in
1641 2048 1914 2103 abietibus
1957 2046 2200 2099 omnium

637 2147 958 2203 editissimis
988 2152 1048 2199 ut
1074 2143 1372 2214 plurimum
1408 2139 1710 2195 nidiﬁcant.

714 2321 802 2374 18.
835 2317 1037 2372 Montes
1060 2315 1249 2372 excelsi
1284 2316 1469 2370 cerris.
1503 2312 1693 2368 Cervis
1719 2324 1960 2380 quoque,
2010 2308 2106 2372 ait,
2149 2306 2206 2360 in

640 2412 914 2484 refugium
957 2420 1168 2465 montes
1201 2409 1369 2475 dedit,
1394 2417 1455 2461 ut
1497 2422 1562 2461 eo
1607 2404 1961 2471 confugerent
1998 2415 2027 2453 a
2062 2398 2207 2453 fero-

639 2507 882 2562 cioribus
937 2503 1330 2560 animantibus.
1392 2500 1556 2554 Petra
1609 2498 1868 2567 refugium
1902 2493 2204 2570 herinaciis.

642 2597 1112 2667 Quemadmodum
1147 2595 1324 2649 cervis
1372 2601 1586 2647 montes
1637 2589 1790 2644 dedit
1834 2586 1901 2641 ad
1933 2585 2161 2641 salutem
2188 2623 2204 2650 ,

648 2692 726 2746 ita
755 2699 809 2744 et
841 2704 1092 2743 recessus
1121 2695 1400 2764 petrarum
1434 2682 1728 2739 herinaciis
1774 2680 1889 2735 sive
1938 2676 2210 2732 cuniculis

646 2784 810 2840 dedit.
845 2782 1024 2848 Quare
1054 2778 1486 2835 incolumitatem
1519 2774 1666 2830 nacti
1716 2773 1816 2837 illi,
1872 2781 1930 2825 ut
1958 2768 2209 2838 superius

647 2875 852 2930 dictum
890 2883 1008 2928 est:
1037 2871 1114 2925 De
1142 2871 1311 2925 medio
1349 2877 1620 2937 petrarum
1650 2864 1852 2917 dabunt
1882 2876 2045 2914 voces.
2075 2857 2212 2912 Lau-

643 2969 766 3024 dem
801 2966 1051 3020 videlicet
1077 2965 1268 3018 dantes
1300 2960 1539 3017 servanti
1571 2960 1738 3028 ipsos.

718 3126 804 3181 19.
846 3123 993 3178 Fecit
1031 3125 1213 3177 lunam
1256 3122 1312 3175 in
1343 3131 1598 3188 tempora.
1637 3116 1889 3171 Recurrit
1922 3113 2114 3168 iterum
2145 3111 2212 3166 ad

2294 579 2401 631 τῶν
2432 577 2637 631 ὑδάτων
2665 576 2862 629 δέδωκε
2895 575 2992 645 τὴν
3040 574 3304 644 χορηγίαν
3331 613 3346 636 ,
3393 571 3566 634 οὓτως
3610 573 3704 624 καὶ
3757 570 3865 623 ἀπὸ

2294 667 2394 737 γῆς
2423 665 2713 734 τρέφεσθαι
2747 663 3176 730 παρεσκεύασεν.

2375 759 2429 810 '0
2466 757 2884 822 ἐξιινατέλλων
2911 759 3128 824 χόρτον
3158 753 3282 820 τοῖς
3308 753 3574 819 κτήνεσι,
3605 753 3701 805 καὶ
3726 753 3868 821 χλό-

2295 869 2374 918 ην
2394 849 2464 919 τῇ
2494 850 2735 916 δουλείᾳ
2753 848 2871 902 τῶν
2892 847 3231 916 ἀνθρώπων.
3254 845 3503 898 Δουλείαν
3526 845 3630 896 τῶν
3657 843 3869 913 ἀνθρώ-

2297 961 2412 995 πων
2443 944 2511 995 τὰ
2540 944 2720 1012 ἥμερα
2745 941 2851 994 τῶν
2875 940 3083 1010 κτηνῶν
3115 956 3296 1009 φησιν,
3322 933 3432 990 οἷον
3464 936 3589 1005 βοῦς
3621 937 3715 987 καὶ
3747 935 3867 996 ὄνος

2296 1035 2388 1087 καὶ
2416 1034 2483 1086 τὰ
2515 1035 2692 1104 ὃμοια.
2729 1032 2839 1087 Τοῦ
2883 1029 3192 1099 ἐξαγαγεῖν
3237 1028 3417 1096 ἄρτον
3461 1029 3530 1080 ἐκ
3576 1025 3685 1092 τῆς
3732 1024 3865 1093 γῆς.

2295 1124 2391 1176 Δια
2420 1123 2595 1184 τοῦτο,
2645 1123 2827 1191 φησὶν,
2869 1121 3192 1191 ἐφρόντισας
3243 1117 3348 1170 τῶν
3408 1115 3640 1185 κτηνῶν,
3680 1116 3767 1166 ἵνα
3801 1115 3866 1166 δι’

2296 1216 2476 1269 αὐτῶν
2503 1215 2892 1285 γεωργούντων
2918 1211 2983 1264 τὰ
3016 1210 3151 1280 πρὸς
3183 1208 3326 1278 ζωὴν
3356 1208 3627 1278 εὕρωμεν.
3681 1208 3871 1260 Πάντα

2296 1301 2403 1372 γὰρ
2441 1302 2622 1353 ἐκεῖνα
2650 1298 2804 1370 ἡμῶν
2837 1298 2994 1369 χάριν
3021 1299 3313 1368 εὐεργετεῖ,

2367 1390 2847 1458 Χορτασθήσεται
2885 1391 2956 1443 τὰ
2985 1389 3140 1452 ξύλα
3182 1387 3288 1441 τοῦ
3343 1386 3592 1440 πεδιόυ.-
3617 1387 3870 1438 ﬁsi-mus:

2297 1483 2390 1533 καὶ
2419 1478 2487 1531 τὰ
2514 1480 2573 1532 ἐν
2602 1478 2791 1550 δρυμῷ
2823 1476 3054 1541 αὔξοντα
3080 1475 3229 1540 ξύλα,
3263 1470 3374 1528 οἷον
3414 1475 3637 1545 κέδρούς
3667 1476 3762 1526 καὶ
3799 1475 3871 1526 τὰ

2296 1570 2478 1640 ἕτερα,
2505 1572 2616 1632 τοῖς
2644 1566 2810 1621 αὐτοῦ
2833 1565 3092 1636 νεύμασιν
3126 1563 3542 1636 αύξηθήσονται.
3579 1564 3779 1630 Γέγονε
3816 1561 3874 1613 δὲ

2298 1660 2470 1716 ταῦτα
2500 1663 2594 1716 καὶ
2641 1662 2709 1714 δι’
2754 1662 2917 1732 ἕτερα
2955 1660 3052 1730 μὲν
3081 1658 3330 1721 πλεῖστα,
3365 1652 3439 1711 ὧν
3485 1657 3581 1710 καὶ
3617 1658 3717 1727 τὴν
3751 1659 3874 1708 πεῖ·

2305 1770 2401 1824 ραν
2433 1752 2646 1823 ἔχομεν,
2682 1750 2777 1805 καὶ
2817 1751 2924 1804 τῶν
2953 1748 3245 1820 στρουθίων
3278 1747 3334 1799 δὲ
3373 1749 3451 1810 εἰς
3491 1746 3703 1808 καλιάς.
3764 1745 3875 1800 Τοῦ

2228 1856 2271 1911 Β
2297 1843 2541 1913 ἑρωδιοῦ
2573 1845 2611 1910 ἡ
2643 1843 2804 1895 οἰκία
2846 1840 3071 1911 ἡγεῖται
3120 1838 3337 1892 αὐτῶν.
3383 1837 3570 1891 Αὐτῶν
3622 1838 3723 1907 μὲν
3765 1835 3875 1890 τῶν

2303 1935 2597 2007 στρουθίων
2626 1934 2874 2005 ἡγεῖσθαί
2919 1950 3080 2004 φησιν
3109 1933 3226 2002 ἤτοι
3262 1931 3359 2002 τὴν
3386 1929 3578 1982 καλιὰν
3608 1928 3704 1980 τοῦ
3737 1930 3878 1996 ἐρω-

2301 2025 2440 2090 διοῦ,
2465 2025 2553 2078 διὰ
2582 2025 2641 2078 τὸ
2672 2025 2737 2078 τὰ
2768 2024 3077 2095 ὑψηλότατα
3117 2023 3225 2076 τῶν
3253 2021 3482 2091 δένδρων
3522 2018 3880 2088 καταλαμϐά-

2302 2136 2459 2172 νοντα
2483 2118 2778 2171 νεοττεύειν
2810 2117 2885 2179 ὼς
2928 2117 3128 2168 ἐπίπαν
3167 2116 3225 2167 ἐν
3262 2114 3476 2176 ἐλάταις
3517 2115 3638 2176 ταῖς
3685 2109 3881 2165 πασῶν

2305 2210 2668 2282 ὑψηλοτάταις
2699 2208 2806 2261 τῶν
2835 2209 3068 2278 δένδρων

2377 2305 2524 2370 Ὄρη
2549 2301 2620 2353 τὰ
2645 2298 2855 2368 ὑψηλὰ
2881 2298 3007 2363 ταῖς
3030 2296 3298 2366 ἐλάφοις.
3331 2295 3444 2349 Καὶ
3475 2295 3594 2356 ταῖς
3633 2291 3879 2359 ἐλάφοις,

2305 2395 2460 2464 φησι,
2494 2392 2690 2445 δέδωκε
2735 2390 2802 2444 τὰ
2851 2390 2952 2462 ὅρη
3000 2388 3320 2460 καταφυγὴν
3369 2386 3461 2439 ἐπὶ
3508 2385 3570 2438 τὸ
3619 2385 3882 2451 ἐκφυγεῖν

2303 2484 2412 2539 τῶν
2457 2484 2607 2549 ζώων
2643 2483 2712 2536 τὰ
2760 2481 3090 2554 ἀγριώτερα.
3156 2479 3350 2548 Πέτρα
3396 2473 3708 2544 καταφυγὴ
3757 2473 3884 2537 τοῖς

2304 2577 2580 2648 λαγωοῖς.
2635 2576 2848 2645 ’Ὠσπερ
2893 2574 2960 2627 τὰ
3010 2573 3110 2643 ὅρη
3151 2574 3230 2635 εἰς
3272 2569 3541 2639 σωτηρίαν
3596 2570 3720 2630 ταῖς
3762 2565 3885 2618 ἐλά-

2307 2685 2426 2736 φοις
2469 2665 2769 2726 ἀπέδωκεν,
2817 2662 2988 2724 οὕτως
3019 2661 3112 2713 καὶ
3157 2660 3257 2722 τὰς
3291 2657 3607 2718 καταδύσεις
3639 2656 3751 2707 τῶν
3784 2671 3882 2706 τε·

2305 2758 2450 2829 τρῶν
2507 2758 2618 2818 τοῖς
2657 2755 2905 2823 λαγωοῖς.
2970 2753 3059 2805 Διὸ
3103 2751 3166 2821 δὴ
3216 2749 3310 2802 καὶ
3357 2749 3512 2804 αὐτοὶ
3556 2763 3621 2800 εκ
3647 2746 3884 2829 τούτων

2311 2825 2604 2920 σωζόμενοι
2635 2850 2691 2902 ἐν
2720 2850 2831 2909 τοῖς
2855 2847 3030 2898 ὀπίσω
3062 2844 3247 2912 ἔλεγον
3275 2842 3334 2895 τό
3363 2857 3376 2871 ·
3417 2841 3511 2893 Ἐκ
3533 2825 3734 2906 μέόου
3764 2835 3886 2889 τῶν

2309 2941 2540 3012 πετρῶν⁹
2572 2939 2842 2993 δώσουσι
2896 2935 3120 3007 φωνάς.
3162 2933 3450 2997 Δίνοῦντες
3498 2930 3746 3002 δηλονότι
3795 2929 3887 2981 τὸν

2312 3035 2569 3098 σώζοντα.

2394 3127 2668 3191 Ἐποίησε
2698 3120 2972 3188 σελήνην
3013 3122 3100 3186 εἰς
3126 3120 3387 3188 καιρούς.
3435 3113 3750 3186 Ἀνατρέχει
3781 3111 3886 3165 πά-

641 3220 1043 3293 providentiam
1077 3233 1198 3287 quae
1243 3217 1298 3270 in
1329 3216 1482 3270 caelis
1529 3220 1771 3282 apparet.
1802 3209 1868 3264 Et
1908 3209 1977 3264 ob
2008 3209 2208 3262 nullam

2313 3219 2393 3271 λιν
2434 3219 2527 3270 ἐπὶ
2552 3216 2649 3288 τὴν
2682 3217 2738 3268 ἐν
2769 3216 2882 3276 τοῖς
2914 3213 3163 3283 οὐρανοῖς
3207 3210 3482 3282 πρόνοιαν.
3520 3207 3595 3260 Δι’
3637 3206 3793 3258 οὐδὲν
3831 3203 3887 3256 δὲ

645 3315 807 3370 aliam
837 3326 1061 3382 causam
1098 3311 1294 3363 factam
1320 3322 1443 3362 esse
1473 3306 1658 3359 lunam
1698 3301 1850 3366 dicit,
1880 3300 1987 3356 nisi
2014 3301 2082 3355 ad
2116 3315 2214 3353 nu-

647 3421 860 3462 merum
915 3413 967 3458 et
996 3402 1403 3458 distinctionem
1437 3400 1709 3454 mensium
1762 3405 1924 3466 atque
1971 3394 2210 3450 dierum.

651 3497 745 3554 Sol
775 3497 1009 3567 cognovit
1039 3510 1285 3549 occasum
1307 3509 1479 3549 suum.
1510 3490 1704 3546 Divino
1729 3498 1784 3545 et
1812 3489 1929 3559 ipse
1958 3487 2213 3543 mandato

647 3591 1050 3658 obtemperans.

725 3679 813 3735 20.
854 3677 1092 3733 Posuisti
1122 3676 1358 3730 tenebras
1382 3682 1430 3728 et
1463 3673 1608 3740 facta
1632 3684 1706 3727 est
1733 3688 1858 3726 nox.
1889 3669 2004 3726 Hoc
2035 3669 2131 3732 ait,
2159 3677 2217 3723 ut

649 3789 718 3828 ne
771 3771 939 3825 alium
967 3768 1098 3834 diei,
1154 3768 1322 3821 alium
1370 3766 1551 3822 noctis
1603 3763 1850 3835 opiﬁcem
1895 3777 2018 3818 esse
2066 3761 2216 3816 arbi-

650 3876 878 3920 tremor.
1299 3873 1302 3877 ’

720 3958 811 4012 25.
841 3954 1024 4010 Exibit
1059 3954 1214 4008 homo
1244 3951 1314 4006 ad
1357 3968 1486 4021 opus
1530 3968 1705 4005 suum.
1741 3948 2005 4003 Homines
2058 3958 2219 4002 nocte

650 4048 1086 4119 impediebantur
1143 4045 1440 4114 quominus
1491 4058 1588 4112 per
1644 4042 1758 4096 vias
1820 4041 1885 4094 ad
1935 4039 2215 4094 colendam

651 4151 851 4196 terram
880 4146 1183 4209 pergerent.
1221 4135 1327 4192 Sed
1360 4135 1472 4205 jam
1507 4144 1639 4190 eunt
1693 4133 1979 4204 quaesitum
2014 4145 2218 4195 eseam,

653 4232 914 4303 quoniam
949 4247 1056 4285 non
1100 4230 1209 4284 illis
1253 4239 1399 4284 terra
1442 4227 1698 4298 producit
1736 4225 1922 4280 fenum
1969 4226 2064 4279 aut
2094 4225 2218 4277 her-

653 4327 803 4381 bam.

720 4416 813 4481 24,
848 4415 940 4470 25.
976 4415 1150 4481 Quam
1195 4413 1538 4482 magniﬁcam
1587 4420 1710 4465 sunt
1748 4426 1908 4480 opera
1955 4419 2069 4472 tua,
2113 4407 2222 4461 Do-

653 4511 811 4563 mine.
843 4507 1143 4576 Postquam
1171 4520 1476 4560 sermonem
1509 4505 1576 4558 de
1608 4503 1946 4572 providentia
1976 4501 2219 4570 comple-

654 4603 752 4665 vit.
777 4602 844 4655 ad
874 4598 1257 4655 celebrandum
1287 4612 1410 4651 eum
1437 4597 1531 4666 qui
1561 4596 1661 4650 ista
1692 4594 2063 4662 condiditjam
2092 4608 2223 4647 cons

655 4694 908 4757 vertitur,
955 4692 1083 4746 hine
1127 4689 1355 4744 auribus
1397 4689 1640 4757 reQuiem
1667 4702 1888 4756 parans.
1920 4685 2124 4740 Deinde
2156 4684 2221 4737 ad

658 4789 822 4842 aliam
854 4784 1205 4854 providentiae
1229 4795 1437 4852 partem
1464 4782 1830 4852 progreditur,
1868 4780 2106 4834 humida:
2135 4793 2226 4831 na-

659 4889 796 4932 tura:
844 4875 1133 4931 transitum
1180 4889 1486 4929 enarrans:
1536 4888 1660 4941 quae
1710 4887 1990 4941 nunquam
2037 4869 2228 4938 hujus-

662 4968 807 5021 modi
833 4966 1044 5032 fuisset,
1077 4964 1182 5020 nisi
1212 4964 1304 5019 Dei
1331 4963 1665 5034 providentia
1689 4964 1985 5032 gubernata
2010 4961 2224 5016 fuisset.

667 5060 858 5115 Omnia
891 5060 946 5112 in
969 5058 1233 5128 sapientia
1263 5056 1456 5125 fecisti.
1505 5055 1748 5109 Mirabile
1794 5056 1897 5126 hoc
1925 5061 2028 5118 est,
2080 5062 2140 5107 ut
2174 5064 2230 5109 et

665 5152 1072 5222 sapicntia,qua
1097 5152 1203 5205 hoc
1225 5148 1435 5205 effecit:
1465 5157 1552 5204 est
1577 5151 1722 5204 enim
1739 5149 1991 5204 Christus
2013 5148 2105 5203 Dei
2123 5148 2230 5202 vir-

668 5252 755 5296 tus
783 5252 836 5296 et
875 5239 970 5294 Dei
992 5241 1279 5310 sapientia.

735 5333 826 5385 9.6.
860 5332 1026 5385 Draco
1071 5333 1171 5385 iste
1213 5347 1364 5401 quem
1406 5332 1650 5400 formasti
1692 5332 1760 5385 ad
1802 5330 2131 5384 illudendum
2159 5331 2228 5384 ei.

668 5424 965 5493 Postquam
1022 5424 1090 5479 de
1151 5425 1287 5478 mari
1346 5424 1512 5479 verba
1569 5423 1696 5479 fecit
1739 5423 1995 5478 draconis
2049 5422 2235 5492 injecit

670 5519 1028 5581 memoriam,
1072 5533 1197 5572 eum
1243 5517 1390 5570 nulla
1431 5517 1535 5570 alia
1581 5516 1648 5570 de
1698 5531 1864 5571 causa
1909 5514 2234 5584 productum

671 5610 822 5665 aiens
851 5625 1014 5680 quam
1039 5619 1098 5664 ut
1128 5607 1467 5665 illuderctur.
1489 5607 1552 5660 Et
1571 5609 1692 5678 jure
1717 5606 1933 5676 quidem
1981 5605 2048 5660 de
2097 5603 2234 5658 mari

673 5703 894 5770 loquens
929 5702 1092 5774 hujus
1137 5701 1405 5764 meminit.
1458 5702 1586 5770 quia
1620 5709 1732 5755 tora
1766 5701 1871 5756 vita
1905 5709 2087 5755 nostra
2137 5713 2234 5753 ceu

2312 3311 2499 3382 ἓτερον
2526 3307 2852 3383 γεγενῆσθαι
2871 3304 2969 3376 τὴν
2993 3302 3220 3372 σελήνην
3238 3301 3400 3372 φησὶν
3421 3301 3454 3370 ἦ
3488 3298 3626 3369 πρὸς
3654 3296 3889 3369 ἀριθμὸν

2313 3404 2407 3457 καί⁵
2432 3402 2718 3471 διάγνωσιν
2760 3396 2942 3468 μηνῶν
2963 3412 3022 3448 τε
3046 3393 3141 3447 καὶ
3160 3391 3405 3464 ἡμερῶν.
3431 3392 3492 3442 '0
3531 3388 3708 3454 ἣλιος
3740 3387 3891 3454 ἔγνω

2314 3492 2427 3561 τὴν
2445 3492 2625 3544 δύσιν·
2638 3488 2843 3542 αὑτοῦ.
2863 3485 3002 3556 Θείῳ
3019 3485 3110 3538 καὶ
3126 3483 3288 3546 αὐτὸς
3304 3479 3688 3552 προστάγματι
3707 3475 3890 3530 πειθὸ-

2319 3596 2497 3652 μενος.

2387 3672 2572 3725 Ἔθου
2599 3666 2820 3731 σκότος
2860 3664 2957 3717 καὶ
3009 3661 3246 3731 ἐγένετο
3291 3657 3430 3722 νύξ.
3483 3654 3656 3710 Τοῦτό
3705 3672 3888 3726 φησιν,

2317 3761 2405 3816 ἵνα
2442 3759 2515 3831 μὴ
2545 3758 2700 3813 ἄλλον
2726 3753 3054 3826 δημιουργὸν
3086 3753 3184 3823 τῆς
3214 3749 3445 3823 ἡμέρας,
3483 3747 3578 3801 καὶ
3607 3746 3764 3800 ἄλλον
3797 3748 3890 3816 τῆς

2318 3849 2509 3912 νυκτὸς
2541 3845 2880 3916 λογισώμεθα
2915 3841 3074 3897 εἶναι.

2402 3941 2817 4005 Ἑξελεύσεται
2863 3935 3172 4003 ἅνθρωπος
3209 3931 3306 3984 ἐπὶ
3356 3929 3424 3983 τὸ
3460 3928 3639 3998 ἔργον
3682 3927 3888 3980 αὐτοῦ.

2319 4032 2380 4084 Oi
2409 4029 2683 4098 ἄνθρωποι
2709 4026 2905 4091 ἐξιέναι
2927 4011 2986 4076 τε
3016 4022 3149 4093 πρὸς
3170 4021 3323 4084 ὁδοὺς
3357 4021 3450 4072 καὶ
3483 4019 3585 4088 γῆς
3629 4018 3891 4088 ἐργασίαν

2322 4119 2644 4174 ἐκωλύοντο.
2682 4115 2858 4170 Τανῦν
2898 4115 2952 4167 δὲ
3001 4113 3190 4177 νυκτὸς
3223 4112 3389 4178 ἔξεισι
3426 4110 3718 4180 ζητοῦντες
3755 4110 3892 4180 βρῶ-

2323 4232 2406 4268 σιν
2430 4213 2580 4286 παρὰ
2610 4211 2745 4264 Θεοῦ
2772 4228 2784 4240 ·
2818 4211 2937 4263 ἐπεὶ
2972 4210 3048 4280 μὴ
3075 4208 3167 4262 καὶ
3195 4208 3375 4267 αὐτοῖς
3399 4204 3730 4269 ἐξανέτειλεν
3760 4208 3793 4274 ἡ
3824 4206 3889 4272 ’ΐῆ

2321 4309 2513 4380 χόρτον
2551 4306 2583 4377 ἥ
2611 4305 2791 4377 χλόην,

2407 4402 2501 4465 Ὠς
2532 4398 2904 4468 ἐμεγαλύνοη
2930 4395 3000 4447 τὰ
3029 4393 3172 4461 ἔργα
3201 4407 3340 4453 σου,
3370 4389 3566 4457 Κύριε.
3611 4384 3718 4438 Τὸν
3771 4385 3893 4454 περὶ

2326 4494 2421 4563 τῆς
2449 4491 2706 4562 προνοίας
2735 4485 3014 4553 διεξελθὼν
3037 4485 3215 4551 λόγον.
3247 4483 3338 4535 ἐπὶ
3363 4480 3529 4550 ὕμνον
3558 4476 3651 4530 τοῦ
3679 4475 3893 4528 κτίσαν-

2325 4598 2413 4645 τος
2453 4581 2544 4632 τὸν
2579 4579 2734 4646 λόγον
2779 4574 3061 4646 μετέϐαλε,
3086 4569 3430 4626 διαναπαύων
3453 4567 3640 4640 ὥσπερ
3664 4564 3752 4618 διὰ
3777 4563 3895 4616 τού-

2325 4691 2416 4727 του
2468 4671 2565 4743 τὴν
2605 4669 2795 4738 ἀκοήν.
2843 4663 2977 4719 Εἶτα
3025 4664 3185 4718 πάλιν
3229 4663 3314 4731 ἐφ’
3344 4661 3528 4731 ἕτερον
3586 4658 3753 4728 μέρος
3799 4655 3894 4724 τῆς

2329 4765 2581 4837 προνοίας
2631 4761 2867 4833 ἔρχεται,
2904 4759 3004 4829 τὴν
3039 4760 3093 4810 ἐν
3113 4758 3178 4825 τῇ
3212 4755 3356 4824 ὑγρᾷ
3383 4749 3605 4822 πορείαν
3637 4747 3896 4816 ἀναγγέλ-

2327 4855 2433 4908 λων
2470 4854 2601 4922 ἡμῖν
2626 4869 2639 4882 ο
2691 4850 2812 4920 ἥτις
2856 4848 2954 4900 οὐκ
2999 4845 3064 4898 ἂν
3095 4842 3311 4913 ἐγένετό
3349 4857 3502 4903 ποτε,
3554 4839 3629 4908 μὴ
3669 4839 3767 4907 τῆς
3804 4835 3892 4889 τοῦ

2328 4943 2462 4999 Θεοῦ
2494 4945 2550 4995 ὲν
2601 4939 2749 5010 αὐτῷ
2785 4924 3221 5009 διακυϐερνώσης
3252 4931 3524 5005 προνοίας.
3577 4926 3781 4982 Πάντα
3829 4929 3895 4980 ἐν

2328 5038 2514 5107 σοφίᾳ
2545 5034 2856 5099 ἐποίησας.
2889 5026 3273 5107 Θαυμ-αστικὸν
3297 5025 3362 5096 δὴ
3390 5024 3470 5089 τὸ,
3493 5021 3567 5084 ὡς
3606 5021 3702 5073 καὶ
3737 5021 3892 5088 σοφία

2331 5133 2387 5183 ἐν
2487 5129 2664 5182 πάντα
2693 5125 2946 5196 ἐποίησεν
2989 5123 3017 5173 ὁ
3043 5099 3270 5192 ’Κύριος
3292 5135 3306 5148 ·
3350 5117 3466 5169 ἔστι
3514 5113 3622 5185 γὰρ
3667 5113 3892 5182 Χριστὸς

2331 5221 2465 5275 Θεοῦ
2487 5219 2717 5290 δύναμις
2741 5219 2836 5269 καὶ
2864 5213 3001 5268 Θεοῦ
3031 5212 3212 5281 σοφία.

2395 5311 2629 5380 Δράκων
2655 5304 2830 5373 οὗτος
2845 5307 2916 5360 ὃν
2935 5307 3205 5369 ἔπλασας
3227 5301 3523 5371 ἐμπαίζειν
3546 5295 3726 5362 αὐτῷ.
3752 5298 3891 5365 Παρ-

2333 5401 2553 5456 ενέὅαλε
2606 5401 2684 5470 τῷ
2710 5400 2810 5469 τῆς
2844 5396 3110 5466 θαλάττης
3143 5395 3284 5462 λόγῳ
3322 5392 3420 5462 τὴν
3464 5389 3591 5459 περὶ
3635 5387 3731 5440 τοῦ
3771 5386 3892 5456 δρά-

2333 5511 2518 5557 κοντος
2549 5493 2768 5564 μνήμην
2795 5488 3152 5559 γεγενῆσθαι·
3189 5485 3255 5535 δι’
3310 5485 3463 5538 οὐδὲν
3507 5482 3690 5551 ἕτερον
3726 5481 3894 5549 φήσας

2334 5583 2613 5655 παρῆχθαι
2640 5580 2877 5650 αύτὸν.ἣ
2917 5564 3077 5641 εἰς’τὸ
3106 5571 3553 5638 καταπαίζεσοαι.
3610 5571 3721 5623 Καὶ
3759 5567 3894 5620 εἰκό-

2338 5695 2441 5740 τως
2479 5678 2534 5727 ἐν
2559 5674 2636 5744 τῷ
2669 5673 2795 5742 περὶ
2828 5671 2923 5739 τῆς
2964 5668 3236 5737 Θαλάσσης
3267 5665 3407 5735 λόγῳ
3438 5663 3626 5717 τούτου
3667 5655 3896 5730 ἐμνημό-
