4070 6462
225 380 329 437 M5

1317 376 1698 432 'EXPOSITIO
1736 374 1801 430 IN
1835 373 2157 431 PSALMUM
2195 371 2302 430 CV.

3353 364 3460 422 μϐ

303 513 399 569 τοῦ
441 516 657 588 Ἰσραὴλ
686 518 779 570 καὶ
839 515 1054 579 Ἰακὼϐ,
1096 516 1154 579 ὃς
1200 514 1447 584 εἰσῆλθεν
1507 517 1587 578 εἰς
1629 516 1791 583 Αἴγυ-

1895 522 2061 568 tante.
2097 510 2201 565 Per
2223 510 2474 565 lsraelem
2504 512 2684 565 autem
2711 518 2766 563 et
2796 506 3085 570 Iacobum,
3113 507 3205 576 qui
3237 505 3462 560 intravit

225 623 380 671 πῖον,
406 610 500 661 καὶ
511 611 560 660 οἱ
582 607 769 661 τούτου
792 608 982 670 παῖδες
1005 605 1304 676 δηλοῦνται.
1322 606 1408 657 Ἐν
1432 605 1797 676 ἑϐδομήκοντα

221 698 328 768 γὰρ
359 698 561 769 ψυχαῖς
590 699 791 770 κατέϐη
834 698 1048 770 Ἰσραὴλ
1078 699 1157 761 εἰς
1205 698 1503 765 Αἴγυπτον,
1558 693 1711 750 εἶπεν
1763 700 1797 767 ή

222 788 437 861 Γραφή.
487 790 597 843 Kal
642 791 842 843 Ἰακὼὸ
876 787 1229 858 παρῴκησεν
1269 792 1339 843 ἐν
1381 790 1458 860 γῆ
1492 789 1632 857 Χάμ.
1670 788 1799 859 Χὰμ

220 880 481 951 ἐγέννησε
514 882 604 934 τὸν
636 882 875 945 Χαναὰν,
913 882 1135 933 Χαναὰν
1170 881 1226 934 δὲ
1272 884 1363 936 τὸν
1399 882 1710 954 ἣῙεστραῖμ,
1740 882 1798 944 ὃς

221 973 589 1043 ἑρμηνεύεται
621 975 913 1041 Αἴγυπτος.
941 974 1030 1025 Διὸ
1064 974 1157 1027 καὶ
1190 974 1320 1044 Χὰμ
1361 974 1465 1043 γῆν
1500 976 1598 1045 τὴν
1628 973 1796 1042 Αἴγυς-

221 1082 356 1119 πτον
386 1066 563 1129 καλεῖ,
597 1066 672 1129 ὡς
703 1064 795 1118 τοῦ
816 1068 1081 1136 ἀπογόνου
1105 1063 1270 1119 οὖσαν
1300 1065 1393 1119 τοῦ
1429 1066 1578 1137 Χάμ.

286 1240 403 1295 Kal
428 1242 663 1310 ηὔξησε
687 1241 795 1295 τὸν
834 1243 987 1296 λαὸν
1024 1241 1209 1297 αὑτοῦ
1236 1242 1488 1311 σφόδρα.
1524 1243 1684 1295 Ὥστε
1708 1241 1797 1293 τὸν

215 1333 422 1404 Φαραὼ
460 1333 662 1401 λέγειν,
710 1334 769 1398 ὃς
810 1336 908 1386 οὐκ
948 1334 1062 1404 ᾔδει
1090 1334 1181 1387 τὸν
1221 1336 1453 1405 Ἰωσήφ·
1504 1333 1658 1388 Ἰδοὺ
1682 1332 1798 1387 νῦν

212 1426 609 1493 πολυπληθεῒ
626 1426 688 1479 τὸ
712 1426 909 1492 ἔθνος,
936 1428 1034 1480 καὶ
1067 1428 1261 1495 ἰσχύει
1290 1428 1442 1495 ὑπὲρ
1468 1425 1644 1495 ἡμᾶς.
1685 1427 1797 1479 Οὐκ

216 1515 288 1569 ἂν
312 1516 370 1569 δὲ
399 1518 727 1588 αὐξηθέντες
765 1515 1235 1588 ἐκραταιώθησαν,
1273 1518 1322 1571 εἰ
1355 1516 1429 1587 μὴ
1458 1520 1557 1588 τῆς
1601 1516 1795 1586 Ἰωσὴφ

212 1609 409 1679 ἔτυχον
439 1609 775 1680 προστασίας
806 1609 902 1663 καὶ
934 1610 1035 1679 τῆς
1065 1607 1158 1663 τοῦ
1187 1607 1384 1679 Φαραὼ
1404 1606 1723 1671 δεξιώσεως.

288 1778 400 1832 Καὶ
427 1779 798 1849 μετέστρεφε
823 1779 938 1850 τὴν
970 1780 1223 1849 καρδίαν
1250 1779 1460 1845 αὐτοῦ,
1489 1779 1596 1834 τοῦ
1614 1778 1797 1848 μισῆ-

1898 605 1953 659 in
1990 602 2301 673 Egyptum,
2330 602 2449 671 ejus
2478 603 2638 655 etiam
2680 600 2773 655 lilii
2808 600 3134 655 indicantur.
3166 596 3300 651 Nam
3334 612 3458 651 cum

1899 696 2236 764 septuaginta
2266 693 2555 747 animabus
2577 693 2853 747 descendit
2873 690 3039 745 Israel
3066 690 3117 743 in
3140 687 3456 759 Egyptum,

1897 787 1972 839 ait
2003 784 2303 853 Scriptura.
2337 781 2403 835 Et
2439 781 2603 835 Iacob
2633 782 2811 836 accola
2857 781 2957 850 fuit
2994 782 3049 834 in
3088 790 3227 833 terra
3268 777 3456 833 Citam.

1896 876 2065 929 Chatn
2102 874 2286 940 getiuit
2329 872 2607 937 Chanaan,
2643 875 2899 927 Chanaan
2945 881 3125 925 autem
3158 869 3457 932 Mestraim,

1896 969 1989 1038 qui
2019 969 2406 1036 interpretatur
2446 964 2729 1036 :Egyptus.
2760 963 2939 1030 Quare
2973 961 3265 1033 Egyptum
3288 961 3460 1014 Cham

1895 1067 2074 1123 vocat,
2106 1069 2289 1127 utpOte
2333 1073 2454 1127 qua:
2486 1059 2780 1127 pertineret
2808 1057 2877 1111 ad
2910 1056 3089 1109 virum
3139 1068 3207 1107 ex
3254 1052 3459 1108 Chamo

1895 1158 2238 1219 prognatum.

1893 1284 1928 1309 ,,
1967 1239 2055 1294 2i.
2093 1237 2162 1291 Et
2211 1238 2364 1291 auxit
2404 1236 2657 1307 populum
2706 1252 2859 1291 suum
2898 1236 3236 1290 uehementer.
3288 1233 3363 1288 Ita
3401 1246 3461 1290 ut

1894 1328 2108 1384 Pharao
2138 1329 2383 1392 diceret,
2427 1329 2515 1383 ille
2566 1329 2773 1383 scilicet
2825 1329 2917 1395 qui
2949 1343 3057 1381 non
3100 1327 3462 1396 cognoscebat

1895 1419 2221 1490 Josephum:
2260 1419 2394 1473 Ecce
2423 1436 2559 1471 nunr
2596 1436 2786 1488 magna
2823 1428 2901 1473 est
2936 1417 3239 1480 multitudo,
3278 1426 3324 1470 et
3350 1418 3461 1485 [or-

1898 1513 2001 1565 tior
2032 1511 2175 1565 uobis
2208 1520 2286 1564 est
2315 1511 2381 1563 “.
2413 1508 2702 1579 Nunquam
2731 1511 2874 1563 enim
2910 1509 3055 1563 aucti
3090 1517 3143 1562 et
3187 1507 3459 1572 praevalidi

1897 1601 2022 1657 facti
2055 1612 2259 1665 essent,
2292 1603 2394 1656 nisi
2424 1600 2647 1671 Josephi
2671 1602 3034 1671 patrocinium
3069 1610 3125 1656 et
3154 1600 3459 1656 Pharaonis

1896 1694 2122 1765 gratiam
2146 1692 2288 1746 nacti
2316 1702 2520 1747 essent.

1965 1783 2058 1837 25.
2089 1781 2356 1837 Convertit
2398 1798 2490 1835 cor
2526 1783 2640 1851 ejus
2694 1793 2750 1836 ut
2804 1782 2974 1835 adiret
3020 1781 3269 1851 populum
3319 1782 3456 1851 ejus.

210 1884 322 1923 σαι
352 1870 460 1923 τὸν
481 1872 636 1925 λαὸν
664 1872 871 1930 αὐτοῦ.
914 1872 1130 1944 Ἐπειδὴ
1159 1873 1222 1925 ἐκ
1242 1872 1333 1925 τοῦ
1358 1873 1618 1942 τιμᾶσθαι
1645 1872 1791 1942 παρὰ

1892 1870 2164 1938 Quoniam
2194 1874 2249 1926 in
2290 1873 2499 1926 honore
2537 1872 2707 1925 habiti
2772 1872 2914 1941 apud
2955 1871 3259 1943 Egyptics,
3291 1872 3344 1926 iu
3380 1874 3456 1927 si-

209 1959 327 2013 τῶν
355 1961 666 2030 Αἰγυπτίων
704 1963 905 2026 αὐτοὺς
948 1966 1028 2027 εἰς
1058 1965 1155 2035 τὴν
1192 1965 1385 2035 ὁμοίαν
1426 1964 1610 2026 αὐτοῖς
1640 1963 1791 2016 εἰδω-

207 2051 535 2121 λολατρείαν
563 2053 849 2122 ἐξέϐησαν,
883 2053 1075 2107 τούτου
1103 2056 1263 2126 χάριν
1290 2055 1669 2125 παρεσκεύασε
1704 2072 1791 2125 μι-

210 2144 386 2213 σῆσαι
427 2143 624 2207 αὐτοὺς
654 2146 747 2198 καὶ
800 2145 869 2197 τὰ
917 2145 1092 2216 βαρέα
1127 2146 1237 2201 τῶν
1280 2146 1456 2219 ἔργων
1503 2147 1786 2211 ἐπιθεῖναι,

210 2235 306 2287 ἵνα
339 2233 681 2297 κακωθέντες
711 2237 1065 2305 καταφύγωσι
1096 2237 1231 2308 πρὸς
1256 2238 1345 2291 τὸν
1373 2237 1524 2301 Θεὸν,
1566 2237 1659 2290 καὶ
1700 2236 1788 2288 εὖ·

210 2341 301 2395 ροι
331 2323 516 2396 χώραν
532 2324 885 2397 πληρωθῆναι
910 2330 942 2397 ἠ
976 2327 1272 2397 ἐπαγγελία
1293 2328 1325 2397 ἡ
1349 2327 1482 2397 πρὸς
1519 2325 1786 2395 Ἀϐραάμ.

279 2416 704 2480 Ἐξαστέστειλε
724 2419 992 2486 Μωϋσῆν
1006 2421 1111 2472 τὸν
1124 2420 1347 2473 δοῦλον
1362 2420 1570 2485 αὐτοῦ,
1593 2436 1646 2471 κ.
1666 2436 1713 2472 τ.
1734 2418 1786 2471 λ.

206 2509 416 2570 Μόνοις
444 2510 551 2579 γὰρ
577 2512 689 2571 τοῖς
706 2510 834 2580 περὶ
850 2510 940 2561 τὸν
957 2509 1196 2580 Μωῦσῆν
1228 2511 1323 2563 καὶ
1338 2508 1550 2581 Ἀαρὼν
1578 2508 1786 2562 ἀπεκά-

203 2598 347 2667 λυῴε
381 2596 460 2668 τῷ
499 2598 642 2668 λόγῳ
680 2598 760 2663 τὸ,
792 2600 872 2662 εἰς
904 2592 1063 2670 αἷμα,
1108 2599 1202 2652 καὶ
1238 2598 1305 2652 τὰ
1347 2598 1509 2669 ἕτερα
1552 2597 1659 2650 τῶν
1688 2614 1785 2668 ση-

214 2688 411 2759 μείων.

296 2777 717 2842 Ἐξαπέστειλε
761 2778 982 2843 σκότος
1032 2782 1131 2831 καὶ
1168 2778 1523 2831 ἐσκότασεν.
1570 2774 1785 2847 Ἐπειδὴ

203 2872 444 2941 ἀφέντες
482 2869 575 2921 τὸν
607 2868 936 2939 δημιουργὸν
980 2867 1265 2935 Αἰγύπτιοι
1312 2872 1379 2939 τῇ
1438 2869 1610 2921 κτίσει
1662 2866 1785 2919 ἑλά-

203 2981 423 3035 τρευον,
458 2964 652 3017 τούτου
682 2964 839 3033 χάριν
866 2962 932 3015 δι’
962 2962 1133 3033 αὐτῆς
1178 2964 1372 3026 αὐτοὺς
1418 2963 1520 3033 τῆς
1556 2963 1784 3027 κτίσεως

201 3055 487 3121 ἐκόλαζεν,
524 3056 583 3123 ἐξ
616 3057 775 3128 ἀέρος
825 3055 968 3125 λέγω
1014 3056 1100 3128 δὴ,
1152 3056 1247 3108 καὶ
1291 3056 1483 3126 πυρὸς,
1531 3056 1624 3109 καὶ
1657 3056 1780 3125 γῆς,

202 3153 305 3204 καὶ
340 3150 549 3214 ὓδατος.

272 3242 655 3313 Μετέστρεψε
693 3245 764 3297 τὰ
802 3243 991 3296 ὕδατα
1020 3237 1218 3293 αὐτῶν
1248 3243 1336 3305 εις
1368 3235 1530 3307 αἷμα.
1568 3240 1643 3293 Οὐ
1672 3239 1778 3307 γὰρ

199 3331 305 3403 τὴν
334 3332 521 3404 χροιὰν
548 3333 652 3386 τῶν
684 3332 891 3385 ὑδάτων
917 3330 1095 3400 μόνον,
1134 3326 1270 3381 ἀλλὰ
1314 3329 1408 3381 καὶ
1443 3327 1609 3399 αὐτὴν
1651 3345 1778 3400 μετ-

194 3422 367 3479 έϐαλε
398 3423 497 3494 τῆς
524 3425 764 3491 γεύσεως
795 3421 893 3491 τὴν
918 3420 1178 3491 ποιότητα
1197 3437 1211 3451 ’
1248 3421 1388 3477 ὣστε
1428 3419 1642 3474 ἅπαντα
1674 3420 1782 3472 δια-

198 3515 481 3587 ςθαρῆναι
508 3515 615 3567 τῶν
642 3513 839 3585 ἰχθύων
871 3512 939 3568 τὰ
967 3513 1123 3583 γένη.

728 3608 1113 3675 Ἀλληλούῖα..
1141 3603 1251 3659 PE"

820 3703 835 3721 '
848 3702 1161 3763 Υπόθεσις.

208 3794 304 3851 Ἐν
330 3794 503 3866 τούτῳ
526 3794 603 3864 τῷ
633 3791 833 3863 ψαλμῷ
876 3791 974 3853 τὰς
1026 3788 1300 3860 ἁμαρτίας
1354 3788 1642 3857 καταλέγει
1679 3786 1773 3840 τοῦ

270 3886 538 3959 προτέρου
569 3884 719 3947 λαοῦ,
769 3882 1031 3935 διδάσκων
1065 3920 1078 3944 ,
1126 3881 1202 3944 ὡς
1235 3882 1328 3933 καὶ
1378 3881 1690 3949 διαγέγονεν
1738 3882 1773 3952 ή

266 3977 510 4047 ἀποϐολὴ
536 3974 735 4028 αὐτῶν.
769 3974 890 4027 Εἰσὶ
929 3973 985 4027 δὲ
1010 3966 1204 4027 αὗται·
1244 3971 1458 4044 πρῶτον
1500 3972 1596 4042 μὲν
1639 3987 1776 4040 παρ-

266 4068 572 4139 επίκραναν
592 4066 753 4119 αὐτὸν
770 4065 1131 4127 διαϐαίνοντες
1146 4067 1203 4117 ἐν
1221 4067 1288 4134 τῇ
1323 4062 1554 4133 Ἐρυθρᾷ
1577 4060 1777 4114 θαλασ-

271 4164 365 4232 σῇ,
422 4161 697 4219 εἰπόντες·
738 4157 903 4224 Παρὰ
958 4157 1023 4210 τὸ
1058 4154 1144 4225 μὴ
1190 4152 1343 4208 εἶναι
1380 4154 1658 4224 μνήματα
1706 4153 1774 4204 ἐν

253 4254 555 4323 Αἰγύπτῳ,
590 4249 882 4319 ἐξήγαγεν
905 4246 1060 4318 ἡμᾶς
1089 4240 1203 4300 ὧδε
1230 4246 1554 4300 ἀπολέσαι·
1592 4246 1773 4298 δεύτε-

266 4364 363 4417 ρον
392 4345 687 4413 ἐπείρασαν
714 4343 803 4394 τὸν
835 4342 963 4394 Θεὸν
986 4343 1041 4393 ὲν
1069 4343 1134 4411 τῇ
1165 4340 1355 4410 ἐρήμῳ
1378 4352 1392 4365 ⁸
1429 4337 1609 4407 τρίτον
1634 4354 1771 4406 παρ-

266 4432 512 4501 ώργισαν
560 4430 798 4501 Μωῦσῆν
858 4432 914 4481 ἐν
976 4431 1043 4499 τῇ
1101 4426 1450 4498 παρεμϐολῇ*
1513 4427 1768 4498 τέταρτον

264 4523 531 4594 ἐποίησαν
575 4522 772 4592 μόσχον
805 4524 862 4574 ἐν
906 4519 1141 4590 Χωρήϐ·
1191 4519 1439 4589 πέμπτον
1487 4516 1770 4582 ὲξουδένω-
1803 4547 1846 4601 D

263 4635 367 4671 σαν
399 4617 500 4685 γῆν
531 4614 872 4685 ἐπιθυμητήν
894 4633 906 4644 ·
938 4614 1096 4666 ἕκτον
1133 4612 1491 4683 ὲτελέσθησαν
1517 4611 1593 4682 τῷ
1623 4611 1776 4664 Βεελ-

263 4708 490 4780 φεγώρ·
549 4708 776 4777 ἕϐδομον
827 4706 1185 4778 παρὼργισαν
1240 4706 1401 4759 αὐτὸν
1451 4706 1542 4757 ἐπὶ
1579 4703 1769 4767 ὓδατος

261 4801 577 4868 ἀντιλογίας
600 4817 616 4832 ε
647 4799 831 4868 ὄγδοον
871 4798 949 4869 τῷ
993 4799 1068 4869 μὴ
1104 4795 1478 4866 ὲξολοθρεῢσαι
1510 4796 1578 4849 τὰ
1618 4796 1767 4866 ἔθνη,

261 4896 300 4949 ει
325 4890 444 4946 εἷπε
476 4893 678 4964 Κύριος
725 4892 925 4953 αὐτοῖς,
963 4890 1098 4943 ἀλλὰ
1131 4891 1223 4942 καὶ
1252 4890 1619 4961 προσκυνῆσαι
1657 4893 1767 4953 τοῖς

260 4984 522 5047 εἰδώλοις,
552 4985 626 5048 ὡς
670 4986 762 5038 καὶ
806 4984 874 5037 τὰ
910 4984 1073 5036 τέκνα
1115 4981 1295 5035 αὐτῶν
1332 4985 1411 5046 εἰς
1445 4981 1632 5034 θυσίαν
1666 4983 1766 5034 αὐ⁸

259 5082 373 5142 τοῖς
411 5079 747 5145 εἰσαγαγεῖν.

270 5168 766 5238 Ἐξομολογεῖσοε
807 5166 886 5233 τῷ
916 5168 1129 5235 Κιιρίῳ,
1164 5168 1252 5220 ὅτι
1280 5170 1550 5236 χρηστός
1588 5208 1600 5220 .
1639 5208 1652 5221 .
1690 5208 1703 5221 .
1744 5207 1758 5221 .

1890 1964 2072 2018 milem
2098 1972 2261 2033 atque
2301 1964 2375 2017 illi
2405 1963 2767 2017 iclololatriam
2799 1964 3007 2031 delapsi
3044 1966 3292 2029 fuerant;
3328 1966 3453 2021 ideo

1890 2054 2103 2110 «traxit
2132 2063 2189 2107 ut
2218 2054 2432 2107 odircnt
2476 2069 2571 2107 eos
2612 2062 2663 2107 et
2696 2053 2877 2123 gravia
2922 2054 3054 2123 ipsis
3086 2070 3252 2123 opera
3284 2056 3459 2124 impo-

1892 2155 2104 2210 nerent,
2140 2154 2199 2198 ut
2235 2144 2417 2200 amicti
2452 2146 2519 2199 ad
2569 2144 2739 2199 Deum
2791 2143 3165 2215 confugerent,
3207 2154 3260 2199 et
3305 2147 3457 2201 locus

1888 2248 2033 2292 esset
2057 2236 2342 2305 implendae
2366 2236 2748 2305 promissionis
2773 2238 2840 2290 ad
2868 2236 3240 2290 Abrahamum
3278 2234 3451 2291 facte.

1956 2407 2046 2470 26,
2077 2406 2166 2460 27.
2204 2405 2353 2460 Misit
2389 2407 2623 2476 Moysen:
2668 2424 2873 2460 servum
2917 2424 3072 2461 suum
3097 2447 3112 2470 ,
3158 2420 3262 2463 etc.
3286 2407 3455 2463 -Solis

1887 2495 2087 2569 quippe
2120 2499 2287 2568 Moysi
2320 2508 2375 2551 et
2404 2498 2587 2552 Aaron
2614 2500 2779 2553 verbo
2805 2499 3062 2553 revelavit
3088 2500 3304 2569 signum
3334 2516 3455 2553 mu-

1888 2587 2109 2641 tationis
2133 2601 2398 2656 aquarum
2431 2587 2489 2641 in
2528 2589 2848 2659 sanguinem
2880 2628 2896 2655 ,
2928 2599 3091 2659 atque
3134 2590 3241 2644 alia
3275 2590 3448 2659 signa.

1955 2770 2047 2824 28.
2085 2770 2236 2825 Misit
2295 2773 2533 2826 tenebras
2577 2784 2629 2827 et
2674 2773 2989 2828 obscuruvit.
3027 2774 3165 2841 Quia
3216 2775 3454 2848 Egyptii

1888 2861 2079 2916 relicto
2105 2862 2362 2919 Creatore
2381 2873 2643 2918 creatura:
2660 2865 2961 2919 serviebant
2985 2882 3000 2920 :
3026 2866 3144 2920 ideo
3168 2883 3261 2935 per
3278 2870 3449 2937 ipsam

1884 2966 2196 3011 creaturam
2222 2958 2480 3027 puniebat
2508 2974 2624 3026 eos,
2655 2974 2753 3029 per
2771 2974 2952 3014 aerem
2984 2960 3212 3026 scilicet,
3246 2960 3448 3030 ignem,

1882 3052 2084 3099 terram
2113 3058 2169 3100 οι
2196 3062 2418 3115 aquam.

1952 3240 2043 3296 29.
2075 3240 2344 3297 Convertit
2388 3260 2553 3314 aquas
2594 3260 2774 3298 eorum
2804 3246 2856 3299 in
2882 3246 3211 3315 sanguinem.
3241 3244 3361 3299 Non
3390 3263 3449 3300 e-

1880 3329 1992 3384 nim
2027 3333 2205 3387 solum
2238 3349 2505 3404 aquarum
2554 3335 2789 3389 colorem
2819 3374 2833 3399 ,
2876 3335 2968 3389 sed
3017 3335 3187 3403 ipsam
3232 3337 3447 3405 saporis

1878 3423 2195 3492 qualitatem
2224 3428 2482 3480 mutavit:
2528 3428 2602 3482 ita
2644 3437 2704 3482 ut
2755 3430 2939 3483 omnia
2979 3429 3213 3499 piscium
3247 3445 3446 3501 genera

1962 3530 2103 3585 aqua
2126 3518 2623 3587 exstinguerentur.

2452 3609 2710 3662 Alleluia.
2744 3607 2785 3664 C
2803 3608 2861 3664 V.

2452 3701 2858 3771 Argumentum.

1876 3787 1935 3840 In
1969 3788 2072 3842 hoc
2103 3790 2313 3858 psalmo
2342 3802 2589 3847 recenset
2614 3804 2837 3863 peccata
2866 3794 3067 3863 prioris
3096 3797 3302 3865 populi,
3334 3797 3437 3852 do-

1946 3895 2074 3935 cens
2104 3896 2213 3950 quo
2254 3892 2411 3953 pacto
2454 3885 2773 3952 repudiatus
2812 3884 2903 3939 illc
2938 3885 3120 3941 fuerit.
3169 3886 3310 3943 Sunt
3344 3903 3445 3944 au-

1947 3980 2055 4026 tem
2086 3973 2197 4039 illa,
2224 3976 2402 4042 primo
2417 3974 2563 4043 quod
2590 3976 3037 4034 exacerbaverint
3060 3995 3184 4035 eum
3220 3981 3275 4034 in
3303 3984 3442 4036 mari

1945 4061 2129 4118 Rubro
2159 4105 2175 4130 ,
2240 4065 2513 4120 dicentes:
2576 4069 2663 4120 An
2702 4069 2829 4137 quia
2864 4088 2965 4123 non
3003 4081 3155 4125 erant
3202 4073 3444 4141 sepulcra

1942 4155 1996 4207 in
2024 4154 2276 4225 Egypto,
2307 4158 2486 4210 eduxit
2512 4174 2602 4211 nos
2633 4158 2734 4211 huc
2756 4170 2814 4213 ut
2840 4178 2931 4215 nos
2959 4164 3192 4232 perderet
3220 4165 3308 4218 "‘3
3356 4181 3442 4219 se-

1938 4248 2139 4308 cundo.
2171 4250 2314 4318 quod
2337 4250 2664 4304 tentaverint
2693 4250 2863 4306 Deum
2896 4255 2949 4307 in
2979 4254 3226 4322 deserto;
3258 4257 3440 4322 tertio,

1946 4341 2092 4409 quod
2124 4341 2456 4396 irritaret-int
2504 4341 2743 4413 Moysem
2805 4346 2859 4397 iu
2900 4349 3138 4411 castris;
3191 4358 3391 4417 quarto
3422 4389 3438 4412 ,

1941 4432 2084 4501 quod
2116 4431 2343 4485 fecerint
2387 4433 2616 4487 vitulum
2656 4434 2709 4487 in
2752 4432 3001 4503 Choreb;
3032 4438 3246 4506 quinto,
3284 4438 3439 4508 quod

1942 4539 2042 4592 pro
2064 4522 2231 4575 nihilo
2263 4523 2554 4578 habuerint
2576 4533 2776 4578 terram
2794 4524 3207 4581 desiderabilem
3230 4538 3440 4596 ;se:to,

1942 4614 2089 4685 quod
2124 4614 2320 4668 initiati
2349 4615 2458 4669 sint
2483 4614 2849 4687 Beelphegor;
2881 4619 3136 4687 septimo,
3176 4621 3325 4690 quod
3359 4620 3439 4674 ir-

1948 4706 2233 4760 ritaverint
2286 4721 2408 4760 eum
2459 4707 2524 4759 ad
2568 4722 2740 4774 aquas
2777 4710 3255 4777 contradictionis;
3290 4723 3441 4769 octao

1945 4813 2033 4863 νο,
2062 4796 2208 4866 quod
2260 4812 2369 4850 non
2426 4798 2849 4867 disperdiderint
2898 4810 3085 4870 gentes
3131 4818 3269 4871 quas
3303 4804 3441 4861 dixit

1944 4888 2368 4951 Dominus-illis,
2399 4891 2489 4944 sed
2521 4891 2870 4946 adoraverint
2904 4894 3069 4956 idola,
3099 4895 3172 4949 ita
3209 4905 3267 4951 ut
3295 4896 3438 4953 ﬁlios

1942 4995 2075 5036 suos
2103 4980 2156 5034 iu
2190 4981 2520 5036 sacriﬁcium
2557 4983 2690 5052 ipsis
2716 4983 2997 5038 offerrent.

1933 5170 1986 5233 1,
2016 5168 2071 5233 2,
2097 5169 2148 5222 5.
2186 5168 2523 5238 Conﬁtemiui
2545 5169 2769 5223 Domino
2790 5171 3038 5239 quoniam
3064 5170 3224 5224 bonus
3260 5209 3273 5222 .
3310 5207 3326 5223 .
3360 5208 3374 5223 .
3413 5211 3429 5225 .

184 5258 477 5327 Μακάριοι
497 5259 987 5328 clgov.1dccortec
1011 5261 1232 5326 κρίσιν,
1251 5278 1300 5313 κ.
1323 5278 1370 5314 τ.
1392 5260 1440 5313 λ.
1473 5253 1629 5313 Οὗτοι
1653 5260 1759 5331 γὰρ

1890 5258 2014 5314 ῖεαιὶ
2046 5259 2137 5329 qui
2163 5259 2468 5312 custodiunt
2493 5259 2781 5328 judicium,
2806 5268 2909 5313 etc.
2930 5257 2970 5311 li
3001 5258 3145 5312 enim
3173 5258 3433 5330 solidigni

187 5352 332 5417 ἄξιοι
352 5351 503 5419 μόνοι
532 5350 629 5413 τὰς
658 5349 971 5414 δυναστείας
995 5351 1175 5405 λαλεῖν
1202 5350 1294 5404 τοῦ
1313 5352 1538 5422 Κυρίου,
1556 5351 1687 5404 οἰτὰ
1705 5353 1764 5404 ἐν

1897 5361 1990 5404 unt
2022 5350 2115 5421 qui
2147 5360 2405 5405 enarrent
2426 5350 2695 5421 potentias
2718 5349 2954 5412 Domini,
2996 5349 3089 5419 qui
3127 5365 3189 5403 ea
3216 5365 3339 5419 quae
3378 5350 3430 5403 in

109 5480 115 5485 ~
185 5446 307 5504 ταῖς
328 5441 573 5511 Γραφαῖς
601 5442 703 5493 ὑπὸ
734 5442 869 5495 Θεοῦ
901 5444 1204 5514 κεκριμένα
1238 5443 1536 5506 ποιοῦντες,
1586 5444 1761 5497 πάντα

1890 5442 2171 5511 Scripturis
2193 5458 2222 5495 a
2247 5439 2362 5495 Deo
2392 5442 2610 5496 decreta
2642 5450 2769 5495 sunt
2799 5439 3025 5503 faciunt,
3058 5448 3221 5507 atque
3247 5440 3428 5494 omnia

185 5548 245 5584 τε
274 5531 452 5602 κρίσει
493 5532 585 5582 καὶ
614 5531 759 5602 λόγῳ
795 5516 1271 5605 διαπραττόμενοι,
1305 5534 1399 5586 καὶ
1430 5532 1518 5585 διὰ
1561 5533 1758 5595 παντὸς

1890 5550 1990 5589 :um
2015 5533 2226 5602 judicio
2255 5542 2308 5587 et
2354 5534 2564 5587 ratione
2603 5541 2999 5602 exsequuntur,
3030 5539 3084 5584 et
3118 5547 3331 5600 semper
3357 5531 3429 5584 ob

185 5622 401 5693 ἔχοντες
446 5620 539 5674 τοῦ
583 5622 717 5676 Θεοῦ
752 5623 850 5695 τὴν
899 5625 1078 5695 κρίσιν
1119 5626 1224 5696 πρὸ
1273 5624 1382 5680 τῶν
1441 5624 1754 5695 ὀφθαλμῶν.

1890 5623 2089 5700 iculos;
2106 5624 2309 5681 habent
2332 5624 2598 5694 judicium
2636 5623 2751 5680 Dei.
2787 5622 2849 5677 Hi
2893 5637 3131 5693 namque
3176 5632 3304 5677 sunt
3334 5620 3428 5694 qui

259 5798 299 5829 "
331 5796 503 5854 Exod.
532 5815 569 5866 ι,
606 5799 657 5857 9.
739 5802 783 5833 ³³
818 5800 991 5859 Exod.
1035 5820 1141 5867 ur,
1179 5804 1259 5858 ll.
