4070 6454
667 394 772 453 447

1512 390 1566 445 S.
1609 386 1977 443 ATHANASII
2013 384 2162 443 OPP.
2199 381 2382 438 PARS
2420 381 2507 439 lll.
2545 412 2616 426 —
2648 380 3056 437 EXEGETICA.

3793 378 3893 437 “8

672 502 879 581 faciunt
900 510 1197 579 justitiam,
1228 510 1492 580 quiquod
1520 511 1729 578 justqu
1764 516 1849 561 est
1887 520 2049 576 opere
2074 520 2229 560 exse-

2330 493 2487 554 Οὗτοι
2506 499 2613 571 γὰρ
2636 498 2937 560 ἀκολούθως
2953 498 3045 551 καὶ
3068 497 3304 562 ποιηταὶ
3324 494 3717 558 δικαιοσύνης
3743 497 3892 553 diu,

672 615 933 658 (ιιιυηιιπ.

689 644 704 674 ³
740 696 796 750 4.
832 694 1094 748 Memento
1138 693 1325 756 nostri,
1385 691 1626 756 Domine,
1661 693 1715 745 in
1768 691 2087 759 beneplacito
2137 706 2225 758 po-

670 786 781 852 pufi
814 786 911 837 tui.
943 784 1157 837 Abhinc
1200 781 1471 836 inducitur
1496 796 1725 849 persona
1751 778 2083 840 Judzeorum,
2111 792 2232 846 pre-

670 879 912 932 cantium
946 887 1007 931 ut
1032 884 1311 931 consortes
1349 877 1458 929 sint
1487 874 1677 929 salutis
1716 872 1965 941 gentibus
1992 870 2149 923 datae.

743 1051 831 1104 ll.
868 1049 1085 1118 Operuit
1108 1066 1245 1117 aqua
1274 1047 1583 1099 tribulautes
1609 1062 1718 1099 eos.
1747 1044 2095 1099 Tribulantes
2118 1044 2226 1097 sci-

668 1141 816 1205 licet,
849 1157 970 1193 uam
1007 1146 1311 1209 promiscua
1349 1145 1503 1191 turba
1542 1154 1663 1206 qua:
1692 1154 1815 1191 cum
1842 1138 1972 1205 ipsis
1990 1137 2227 1208 egredie-

669 1233 851 1294 batur,
881 1248 985 1285 non
1017 1232 1388 1285 trilmlautium
1421 1231 1511 1284 sed
1552 1231 1882 1283 credentium
1915 1238 2050 1282 erat.

746 1322 830 1383 1-2,
868 1320 951 1373 i3.
995 1318 1056 1373 Et
1088 1321 1413 1372 crediderunt
1447 1319 1595 1371 verbo
1624 1318 1759 1386 ejus,
1797 1328 1845 1371 et
1881 1318 2225 1371 laudauerunt

668 1412 879 1465 laudem
912 1412 1046 1479 ejus.
1079 1409 1212 1463 Nam
1252 1427 1374 1463 cum
1420 1420 1637 1479 propter
1678 1410 1968 1463 bonitatem
2008 1408 2221 1463 Domini

667 1503 831 1556 additi
864 1501 1093 1557 fuissent
1126 1502 1319 1555 ﬂuetus
1369 1503 1421 1555 in
1472 1503 1609 1555 mari
1650 1499 1855 1565 Rubro,
1879 1501 2059 1554 statim
2108 1517 2223 1554 ere-

663 1594 850 1648 dentes
912 1595 1184 1648 canticum
1240 1593 1558 1647 cecinerunt
1618 1592 1673 1645 in
1727 1590 1913 1644 Exodo
1961 1590 2218 1659 positum.

664 1682 929 1754 Deinceps
956 1700 1083 1738 vero
1116 1686 1301 1737 omnia
1330 1683 1585 1739 oblivioni
1616 1683 1970 1736 tradiderunt.
2002 1681 2070 1735 Et
2103 1681 2221 1734 lan-

660 1776 914 1829 datet'ttttl
950 1775 1159 1828 laudem
1191 1775 1325 1839 eius.
1364 1774 1593 1840 Quando
1631 1774 1852 1828 exibant
1899 1774 2223 1828 clioreutrite

2336 591 2709 651 ἐπιτελοῦντες
2738 591 2880 659 ἔργῳ
2903 589 2962 641 τὸ
2989 588 3213 641 δίκαιον.

2400 681 2714 749 Μνήσθητι
2763 679 2933 749 ἡμῶν
2959 720 2973 743 ,
3028 681 3223 746 Κίιριε,
3273 679 3344 731 ἐν
3392 677 3463 745 τῇ
3498 676 3742 743 εὐδοκία
3797 694 3840 727 τι
3866 678 3895 725 ὖ

2332 772 2482 826 λαοῦ
2516 789 2655 827 σου.
2699 770 2977 824 Ἐντεῦθεν
3020 771 3079 823 τὸ
3124 770 3231 822 τῶν
3292 769 3554 822 Ἰουδαίων
3604 771 3893 838 πρόσωπον

2334 863 2609 929 εἰσάγεται
2641 902 2655 925 ,
2702 862 3013 931 εὐχομένων
3050 858 3373 930 μεταλαϐεῖν
3418 858 3515 927 τῆς
3552 860 3663 921 τοῖς
3720 858 3836 909 ἔθυε
3852 875 3891 907 τ.

2330 951 2607 1022 διδομένης
2638 952 2930 1022 σωτηρίας.

2414 1043 2752 1111 Ἐκάλυψεν
2782 1043 2938 1111 ὕδωρ
2986 1042 3125 1107 τοὺς
3169 1044 3483 1107 θλίϐοντας
3519 1042 3759 1105 αὐτούς.
3792 1044 3892 1108 Δη-

2327 1134 2456 1203 λαδὴ
2481 1135 2588 1186 τῶν
2618 1134 2902 1186 θλιϐόντων
2927 1150 2939 1161 ·
2971 1137 2999 1186 ό
3027 1134 3131 1203 γάρ
3159 1131 3482 1198 συνεξελθὼν
3514 1133 3799 1201 ὲπίμικτος
3830 1134 3887 1183 οὐ

2326 1226 2432 1277 τῶν
2458 1225 2743 1277 θλιϐόντων
2778 1221 2866 1295 ἦν,
2897 1224 3033 1277 ἀλλὰ
3063 1225 3171 1276 τῶν
3208 1224 3633 1277 πιστευσάντων.

2393 1316 2499 1370 Καὶ
2525 1318 2898 1370 ἐπίστευσαν
2923 1314 3001 1380 τῷ
3032 1320 3191 1385 λόγῳ
3222 1317 3429 1379 αὑτοῦ,
3464 1316 3557 1367 καὶ
3588 1311 3755 1386 ᾖσαν
3780 1317 3889 1379 rip-

2324 1408 2559 1461 αίνεσιν
2583 1410 2790 1461 αὑτοῦ.
2833 1413 2909 1461 Δι’
2937 1409 3245 1477 ἀγαθότητα
3277 1408 3385 1477 γὰρ
3425 1408 3515 1459 τοῦ
3550 1407 3685 1460 Θεοῦ
3732 1426 3890 1479 πρεσ-

2322 1501 2583 1554 τεθέντων
2615 1500 2843 1553 καὶτῶν
2893 1502 2950 1551 ἐν
2991 1502 3057 1571 τῇ
3103 1499 3346 1569 Θαλάσσῃ
3387 1500 3677 1567 κυμάτων,
3714 1517 3889 1569 1:191—

2324 1593 2513 1663 χρῆμα
2542 1593 2638 1661 μὲν
2675 1591 3077 1653 πιστεύσαντες,
3120 1588 3258 1663 ᾖσαν
3301 1592 3449 1662 αὐτῷ
3487 1592 3583 1663 τὴν
3616 1592 3760 1661 ᾠδὴν
3792 1594 3889 1662 τὴν

2323 1686 2380 1735 ἐν
2423 1684 2615 1752 Ἑξόδῳ
2641 1683 2900 1753 κειμένην
2927 1700 2940 1712 ’
2971 1678 3088 1736 εἶτα
3138 1682 3314 1735 πάντα
3344 1684 3667 1753 παρέδωκαν
3728 1682 3886 1755 λήθῃ.

2322 1774 2431 1827 Καὶ
2475 1769 2642 1844 ᾖσαν
2685 1772 2799 1840 τὴν
2842 1774 3078 1828 αῖνεσιν
3122 1775 3330 1827 αὐτοῦ.
3384 1776 3511 1826 Ὅτε
3560 1774 3783 1845 ἐξῆλθον
3836 1777 3889 1827 αἱ

661 1880 784 1918 cum
830 1864 993 1918 Maria
1059 1866 1300 1945 dicentes
1348 1883 1360 1918 :
1410 1865 1694 1919 Cantemus
1730 1864 1973 1929 Domino,
1995 1864 2220 1935 gloriose

2323 1842 2641 1936 χορεύουσαι
2699 1863 2837 1933 μετά
2877 1864 3108 1936 Μαριάμ
3148 1864 3402 1933 λέγουσαι
3436 1883 3449 1895 ·
3497 1842 3774 1934 ’ᾼσωμεν
3812 1883 3890 1931 τφ

658 1955 795 2007 enim
825 1950 1302 2024 magniﬁcatus-est
1331 1956 1395 2009 ”.

728 2043 816 2096 M.
848 2043 915 2096 Et
940 2054 1270 2098 tentavernnt
1300 2044 1463 2098 Deum
1498 2046 1552 2098 in
1590 2046 1865 2114 innquoso.
1916 2043 2073 2105 Illud,
2114 2054 2221 2098 ten-

661 2142 901 2188 taveiunt
940 2136 1103 2190 Deum
1130 2137 1182 2188 in
1206 2137 1482 2205 inaquoso,
1512 2136 1780 2206 signiﬁcat
1815 2154 1827 2190 :
1869 2136 2219 2191 irritaverant

655 2240 783 2281 eum
815 2229 997 2284 statim
1029 2238 1151 2299 post
1176 2231 1458 2284 transitum
1484 2229 1649 2283 maris
1673 2228 1861 2284 Rubri.

720 2318 811 2375 ‘20.
858 2319 926 2373 Et
972 2330 1303 2373 mutaverunt
1346 2322 1569 2389 gloriam
1617 2338 1767 2374 suam
1820 2323 1871 2375 in
1905 2322 2216 2375 similitudi-

657 2427 774 2465 nem
826 2411 976 2464 vituli
1026 2412 1342 2466 comedentis
1399 2414 1595 2481 fenum.
1666 2410 1848 2466 Glnria
1909 2412 2039 2480 ipsis
2099 2420 2217 2467 erat

656 2496 821 2563 Deus,
849 2514 956 2568 quo
986 2500 1214 2555 dimisso
1242 2502 1603 2555 adoraverunt
1623 2502 1871 2555 vitulum.

732 2590 823 2645 25.
856 2588 918 2645 Si
948 2609 1050 2644 non
1100 2591 1308 2662 Moyses
1354 2594 1547 2647 electus
1588 2595 1700 2657 eius
1736 2594 1961 2648 stetisset
1988 2596 2046 2648 in
2091 2611 2215 2648 con-

652 2684 932 2754 fraCtione.
970 2682 1200 2751 Quando
1232 2684 1366 2739 dixit
1400 2705 1413 2739 :
1448 2683 1508 2739 Si
1536 2686 1761 2739 dimittis
1792 2697 2062 2755 peccatum
2082 2724 2097 2750 ,
2127 2688 2213 2740 di-

650 2776 802 2830 mitte
824 2790 843 2828 :
873 2778 918 2830 si
950 2792 1054 2830 non
1078 2777 1325 2843 dimittis,
1344 2776 1456 2831 dele
1476 2795 1555 2832 me
1585 2781 1648 2833 de
1671 2778 1806 2831 libro
1835 2789 1922 2831 tuo
1944 2778 2040 2831 hoc
2060 2794 2209 2848 quem

650 2867 913 2935 scripsisti
943 2865 1008 2920 “.

731 2954 823 3008 2-1.
855 2955 925 3009 Et
954 2972 1050 3025 pro
1094 2956 1261 3009 nihilo
1306 2956 1601 3009 habuerunt
1641 2966 1836 3008 terram
1878 2954 2207 3009 desiderabi-

647 3043 772 3097 lem.
804 3043 1004 3110 Quinta
1030 3046 1307 3100 accusatio
1344 3046 1458 3100 haec
1482 3055 1586 3107 est.
1614 3055 1736 3115 post
1778 3046 1935 3111 alias,
1965 3047 2031 3100 de
2069 3046 2206 3100 mari

647 3132 837 3190 Rubro
859 3137 1083 3200 scilicet,
1104 3138 1171 3193 de
1202 3138 1437 3200 deserto,
1455 3138 1521 3192 de
1546 3136 1726 3207 Moyse
1762 3139 1828 3192 ad
1861 3140 1995 3192 iram
2025 3140 2208 3194 conci-

645 3232 786 3291 tato,
813 3226 878 3279 de
911 3228 1081 3282 vitulo
1120 3229 1177 3281 in
1225 3228 1460 3282 (lboreh.
1509 3225 1730 3282 Βενετεί
1761 3243 1995 3297 namque
2020 3230 2209 3298 explo-

645 3329 880 3383 ratores,
906 3320 1046 3373 male
1083 3320 1365 3389 loquentes
1389 3320 1455 3373 de
1481 3328 1644 3380 terra,
1669 3320 1803 3373 alios
1835 3335 2017 3375 secum
2046 3323 2211 3377 abdu-

644 3419 866 3477 xerunt,
901 3420 1127 3480 excepto
1150 3409 1277 3465 Jesu
1309 3409 1419 3463 lilio
1455 3407 1625 3473 Nave,
1659 3418 1714 3463 et
1752 3410 1953 3465 Cbalcb
1986 3398 2097 3465 tilio
2135 3410 2212 3465 le-

646 3502 848 3571 phone.

716 3591 806 3645 25.
826 3589 895 3646 Et
912 3601 1367 3647 murmuraoerunt
1388 3594 1443 3647 in
1460 3592 1812 3649 tabernaculis
1829 3594 2209 3661 suis.'Quando

646 3684 857 3739 reversi
911 3684 1283 3754 exploratores
1333 3697 1569 3741 mentem
1626 3686 1810 3758 populi
1875 3697 2205 3742 averterunt.

716 3860 806 3915 28.
842 3859 913 3915 Et
942 3861 1143 3917 initiati
1179 3873 1303 3916 sunt
1326 3861 1661 3933 Beelplugor.
1717 3861 1831 3918 Hoc
1891 3863 2092 3918 idolum
2124 3874 2208 3919 est

644 3953 1103 4017 Ammonitarum,
1135 3952 1282 4021 quod
1312 3960 1541 4008 vocatur
1580 3968 1611 4006 a
1662 3952 1865 4009 Graecis
1914 3954 2202 4011 Saturnus.

714 4042 803 4098 30.
829 4041 897 4096 Et
925 4043 1070 4097 stetit
1092 4042 1311 4098 Pltinees
1334 4054 1385 4098 et
1430 4044 1678 4115 placavit.
1739 4043 1971 4113 Quando
2003 4046 2207 4101 Media-

646 4134 871 4189 nitidem
902 4146 1029 4190 cum
1081 4136 1300 4191 mmeho
1329 4137 1549 4192 occidit.
1584 4135 1856 4193 Docemur
1906 4148 2088 4193 autem
2120 4140 2208 4195 bis

646 4227 837 4297 quanti
864 4227 934 4283 sit
967 4226 1109 4298 apud
1132 4224 1302 4283 Deum
1328 4230 1413 4283 vel
1445 4230 1608 4283 unius
1640 4230 1739 4284 viri
1770 4230 1961 4300 pietas.

716 4396 804 4453 59.
840 4396 908 4451 Et
944 4398 1194 4468 fornicati
1221 4410 1341 4453 sunt
1367 4402 1423 4454 in
1439 4400 1893 4458 adinventionibus
1916 4406 2047 4459 suis.
2080 4404 2207 4461 Hmc

646 4489 842 4545 docent
862 4488 1111 4545 Iudicum
1141 4502 1194 4547 et
1218 4490 1526 4561 Regnorum
1550 4496 1690 4557 libri,
1722 4498 1865 4567 quod
1892 4498 2070 4553 traditi
2095 4500 2204 4553 sint
2234 4525 2277 4578 η

648 4582 781 4638 alias
807 4582 930 4639 aliis
956 4584 1190 4653 populis,
1217 4586 1565 4652 Ammonitis,
1613 4586 1947 4654 Amalecitis,
1999 4588 2201 4644 Media-

647 4671 798 4738 nitis,
822 4672 1163 4745 alienigenis,
1188 4689 1255 4730 eo
1288 4676 1452 4730 modo
1482 4676 1692 4732 scilicet
1720 4680 1995 4751 castigati.

713 4845 801 4900 ιι.
828 4843 896 4898 Et
921 4845 1181 4900 dominati
1206 4858 1329 4902 sunt
1376 4863 1560 4901 eorum
1603 4849 1691 4919 qui
1716 4849 1937 4905 oderunt
1962 4867 2069 4905 eos.
2106 4850 2209 4905 Ba-

647 4934 854 5007 bylonii
889 4944 944 4990 et
970 4936 1176 5007 Assyrii
1198 4935 1467 4992 dominati
1498 4948 1627 4994 sunt
1662 4937 1927 4996 lsraelitis
1956 4943 2028 4997 ob
2054 4942 2205 5012 ipso-

650 5041 768 5081 rum
802 5027 1128 5096 impietates.

715 5116 807 5171 42.
833 5116 1242 5187 διερείῶεναυὶι
1263 5135 1371 5173 eos.
1405 5118 1517 5188 ιριὶ
1540 5130 1719 5175 autem
1759 5124 2203 5178 esacerbauerunt

649 5223 765 5259 eum
792 5207 847 5259 in
871 5210 1092 5263 consilio
1139 5225 1255 5266 suo.
1287 5208 1380 5265 llle
1434 5225 1535 5280 pro
1583 5211 1768 5266 innata
1814 5227 1912 5267 sua
1945 5230 2075 5285 erga
2109 5215 2209 5268 lio-

650 5301 827 5355 mines
851 5300 1135 5359 clementia
1164 5309 1485 5359 mansuetus
1515 5303 1622 5358 illis
1644 5314 1780 5368 erat,
1802 5304 1878 5359 illi
1906 5321 2036 5360 vero
2055 5321 2206 5361 eom-

650 5392 918 5460 pt-llebant
961 5406 1085 5447 eum
1138 5404 1198 5449 ut
1244 5394 1473 5449 acerbus
1510 5404 1653 5449 esset
1686 5397 1838 5467 ipsis.
1868 5395 1935 5453 Et
1982 5412 2201 5453 rursum

651 5482 879 5539 saivavit
911 5500 1034 5556 eum
1064 5494 1249 5555 utpote
1273 5484 1549 5540 Salvator.
1576 5486 1653 5540 Illi
1684 5497 1873 5542 autem
1894 5488 2194 5557 perierunt,

652 5589 770 5628 sese
831 5574 1088 5643 operibus
1140 5576 1459 5646 perniciosis
1534 5579 1961 5647 complicantes,
2031 5581 2205 5636 donec

652 5680 774 5721 cum
804 5682 867 5721 ea
896 5669 1095 5737 sapius
1124 5668 1464 5740 repetiissent
1501 5670 1715 5740 penitus
1750 5672 2046 5729 interirent.
2074 5673 2207 5729 Illud

690 5760 735 5793 ”
762 5760 933 5818 Exod.
959 5765 1120 5828 xv,l.
1203 5766 1249 5797 ”
1281 5762 1452 5821 Exod.
1487 5782 1657 5833 χχιιι,
1684 5766 1773 5833 31,
1809 5767 1896 5821 52.

2236 3188 2369 3271 Civ

2322 1954 2521 2021 Κυρίῳ
2539 1970 2553 1984 ’
2586 1953 2845 2018 ἐνδόξως
2864 1955 2974 2024 γὰρ
3005 1955 3383 2019 δεδόξασται.

2391 2046 2500 2099 Kal
2529 2044 2857 2113 ἐπείρασαν
2880 2046 2988 2098 τόν
3014 2046 3163 2099 Θεὸν
3198 2048 3269 2099 ἐν
3291 2048 3545 2115 ἀνύδρῳ.
3576 2048 3650 2101 Τὸ
3680 2048 3759 2112 δὲ,
3792 2048 3888 2101 καὶ

2319 2137 2646 2205 ἐπείρασαν
2665 2137 2771 2190 τὸν
2795 2136 2942 2190 Θεὸν
2974 2138 3045 2190 ἐν
3093 2138 3328 2206 ἀνύδρῳ
3354 2157 3367 2170 ·
3397 2140 3752 2212 παρώργισαν
3782 2143 3888 2211 γὰρ

2320 2230 2481 2283 αὑτὸν
2501 2228 2701 2291 εὐθέως
2729 2230 2866 2298 μετὰ
2888 2229 2987 2298 τὴν
3032 2228 3297 2301 Ἐρυθρὰν
3320 2231 3615 2286 θάλασσαν.

2394 2319 2498 2371 Kal
2530 2318 2876 2385 ἠλλάξαντο
2897 2318 3013 2385 τὴν
3039 2319 3226 2382 δόξαν
3256 2322 3443 2375 αὑτοῦ
3479 2325 3550 2375 ἐν
3574 2322 3886 2394 ὁμοιώματι

2311 2408 2551 2475 μόσχου
2580 2408 2893 2473 ἐσθίοντος
2920 2410 3156 2475 χόρτον.
3181 2408 3318 2471 Δόξα
3338 2405 3405 2479 ἦν
3436 2412 3621 2473 αὐτοῖς
3655 2412 3685 2463 ό
3731 2413 3882 2475 Θεὸς,

2315 2496 2375 2549 ὃν
2407 2498 2636 2567 ἀφέντες
2670 2497 3081 2568 προσεκύνησαν
3109 2498 3187 2569 τῷ
3221 2500 3425 2571 μόσχῳ.

2383 2588 2452 2641 Ei
2473 2588 2559 2656 μὴ
2591 2587 2853 2657 Μωῠσῆς
2884 2592 2916 2643 ό
2944 2589 3225 2656 ἐκλεκτός
3247 2590 3398 2658 ἔστη
3422 2592 3493 2645 ἐν
3519 2591 3593 2661 τῇ
3616 2595 3880 2661 θραύσει.

2317 2675 2443 2728 Ὀτε
2485 2671 2669 2729 εἶπεν·
2709 2680 2775 2731 El
2798 2676 2916 2746 μὲν
2948 2678 3123 2745 ἀρεῖς
3151 2679 3356 2744 αὐτοῖς
3409 2680 3524 2746 τὴν
3568 2683 3879 2750 ἁμαρτίαν,

2314 2765 2463 2835 ἄφες
2488 2784 2503 2799 ο
2536 2770 2588 2821 ει
2634 2767 2703 2822 δέ
2740 2768 2849 2837 μὴ,
2888 2768 3041 2837 κάμὲ
3079 2769 3405 2838 ἐξάλειψον
3424 2771 3491 2823 ἐκ
3520 2770 3630 2839 τῆς
3662 2773 3881 2836 ,βίϐλου

2312 2872 2429 2911 σου
2453 2860 2672 2926 ταύτης
2702 2855 2777 2930 ἧς
2805 2860 3070 2929 ἔγραψας

2383 2949 2492 3002 Καὶ
2510 2949 2928 3013 ἐξουδένωσαν
2944 2950 3061 3019 γῆν
3089 2951 3476 3020 ἐπιθυμητήν.
3512 2953 3771 3023 Πέμπτον
3803 2956 3882 3023 ἐγ-

2311 3036 2497 3108 κλημα
2529 3038 2686 3091 τοῦτο
2719 3036 2857 3107 μετὰ
2902 3037 3000 3107 τὴν
3060 3038 3345 3109 Ἐρυθρὰν,
3399 3041 3493 3092 καὶ
3523 3040 3625 3110 τὴν
3653 3041 3876 3112 ἔρημον,

2312 3130 2407 3181 καὶ
2437 3130 2537 3198 τὴν
2563 3132 2643 3191 εἰς
2670 3128 2909 3199 Μωῦσῆν
2944 3129 3254 3199 παροινίαν,
3304 3130 3397 3183 καὶ
3426 3130 3515 3183 τὸν
3552 3132 3753 3202 μόσχον
3792 3135 3878 3187 τὸν

2413 3217 2634 3289 Χωρήϐ.
2676 3217 3089 3283 Ἐπανελθόντες
3122 3220 3231 3291 γάρ
3264 3222 3313 3273 oi
3347 3222 3685 3275 κατάσκοποι
3715 3263 3730 3288 ,
3784 3240 3879 3276 κα-

2311 3309 2422 3374 κῶς
2446 3309 2691 3378 λέγοντες
2718 3311 2814 3380 τὴν
2847 3310 2970 3381 γῆν,
3005 3312 3099 3364 καὶ
3124 3314 3250 3375 τοὺς
3288 3312 3480 3376 ἄλλους
3505 3315 3870 3385 ἀπέστρεψαν,

2309 3401 2473 3470 χωρὶς
2508 3400 2679 3470 Ἰησοῦ
2708 3399 2800 3451 τοῦ
2829 3402 2983 3470 Ναυῆ
3013 3402 3107 3454 καὶ
3127 3402 3306 3454 Χαλὲϐ
3337 3403 3431 3454 τοῦ
3465 3404 3711 3474 Ἰεφωνῆ.

2375 3574 2484 3629 Kal
2509 3576 2844 3647 ἐγόγγυσαν
2862 3577 2931 3631 ἐν
2954 3578 3077 3645 τοῖς
3106 3580 3501 3651 σκηνώμασιν
3523 3586 3872 3642 αὑτῶν.”οτε

2306 3668 2355 3721 οἱ
2387 3668 2717 3722 κατάσκοποι
2750 3668 2993 3733 ἐλθόντες
3024 3670 3341 3744 διέστρεψαν
3372 3675 3471 3747 τὴν
3513 3678 3740 3749 γνώμην
3783 3682 3872 3735 τοῦ

2304 3758 2457 3814 λαοῦ.

2375 3850 2483 3905 Kal
2516 3850 2926 3918 ἐτελέσθησαν
2951 3852 3030 3918 τῷ
3056 3854 3421 3925 Βεελςρεγὼρ.
3456 3858 3688 3913 Εἴδωλον
3720 3863 3872 3915 τοῦτο

2317 3942 2684 4013 Ἀμμανιτῶν,
2722 3942 3050 4015 καλούμενον
3078 3950 3205 4020 παρ’
3238 3950 3461 4021 Ἕλλησι
3496 3954 3721 4023 Κρόνος.

2374 4034 2485 4087 Kal
2516 4034 2663 4103 ἔστη
2696 4033 2902 4102 Φινεὲς
2928 4038 3025 4092 καὶ
3052 4038 3532 4105 ἐξαὶάσατο.”οτε
3567 4048 3744 4105 ἀνεῖλε
3778 4050 3872 4121 τὴν

2305 4124 2621 4179 Μαδιανίτιν
2650 4128 2787 4197 μετὰ
2818 4129 2911 4182 τοῦ
2942 4133 3352 4201 πορνεύσαντος.
3376 4136 3625 4191 Διδάσκει
3648 4139 3705 4192 δὲ
3732 4143 3871 4213 ἡμᾶς

2304 4218 2333 4268 ό
2380 4214 2533 4284 λόγος
2581 4217 2741 4283 πόσον
2784 4218 3006 4273 δύναται
3055 4222 3173 4287 ἑνὸς
3224 4224 3415 4295 ἀνδρὸς
3458 4228 3710 4283 εὐσέϐεια
3743 4232 3871 4305 πρὸς

2304 4306 2454 4359 Θεόν,

2372 4398 2481 4451 Kal
2504 4398 2879 4467 ἐπόρνευσαν
2913 4401 2983 4454 ἐν
3015 4403 3136 4469 τοῖς
3162 4404 3627 4476 ἐπιτηδεύμασιν
3655 4412 3865 4466 αὐτῶν.

2306 4486 2487 4539 Ταῦτα
2509 4487 2812 4541 διδάσκουσι
2831 4490 3044 4558 Κριτῶν
3066 4508 3125 4543 τε
3160 4494 3251 4545 καὶ
3278 4493 3571 4551 ΒασιλειιῖΝ
3596 4501 3653 4552 al
3682 4501 3866 4570 βίϐλοι,

2308 4580 2384 4643 ὡς
2411 4580 2782 4651 παρεδόθησαν
2812 4582 2998 4636 ἄλλοτε
3027 4584 3220 4648 ἄλλοις.
3254 4588 3590 4655 Μωαϐίταις,
3608 4592 3867 4662 Ἀμμανί-

2302 4687 2443 4733 ταις,
2486 4672 2897 4743 Ἀμαληκίταις,
2918 4676 3291 4743 Μαδιαναίοις,
3330 4680 3749 4756 ἀλλοφύλοις,τῇ
3774 4704 3869 4739 πα-

2306 4763 2517 4833 ραδόσει
2550 4764 2945 4837 παιδευόμενοι.

2376 4855 2485 4910 Kal
2526 4856 2886 4925 ἐκυρίευσαν
2931 4859 3151 4925 αὐτοὺς
3190 4865 3242 4915 οὶ
3277 4864 3597 4931 μισοῦντες
3632 4869 3865 4932 αὐτούς.

2307 4947 2632 5002 Βαϐυλώνιοι
2663 4950 2758 5003 καὶ
2793 4950 3063 5022 Ἀσσύριοι
3094 4954 3429 5025 ἐπεκράτουν
3452 4959 3568 5020 τοῖς
3610 4958 3869 5030 Ἰσραηλξ·

2303 5057 2422 5102 ταις
2454 5039 2541 5093 διὰ
2570 5040 2669 5104 τὰς
2702 5043 3046 5113 παρανομίας
3074 5042 3271 5101 αὐτῶν.

2370 5131 2671 5199 Πολλάκις
2713 5134 3007 5201 ἐρρύσατο
3042 5138 3283 5205 αὐτούς.
3324 5139 3503 5193 Αὐτοὶ
3536 5140 3605 5194 δὲ
3631 5144 3871 5210 παρεκί-

2302 5238 2528 5289 κραναν
2551 5223 2737 5277 αὐτὸν
2776 5224 2846 5277 ἐν
2883 5224 2957 5294 τῇ
2983 5226 3189 5297 ,βουλῇ
3232 5229 3449 5285 αὐτῶν.
3469 5232 3525 5285 '0
3558 5232 3656 5299 μὲν
3678 5228 3747 5305 ἦν
3779 5236 3872 5287 αὑ-

2304 5315 2415 5376 τοῖς
2449 5313 2513 5365 ἐκ
2540 5314 2945 5386 φιλανθρωπίας
2975 5317 3199 5386 γλυκὺς,
3228 5320 3277 5373 ol
3321 5321 3379 5375 δὲ
3424 5321 3619 5392 πικρὸν
3666 5324 3873 5387 ἑαυτοῖς

2307 5404 2614 5473 ἠνάγκαζον
2659 5406 2959 5474 φαίνεσθαι.
3007 5410 3117 5461 Καὶ
3161 5411 3319 5465 πάλιν
3363 5412 3563 5465 ἔσωσεν
3597 5415 3760 5467 αὑτὸν
3789 5410 3869 5468 οἷα

2312 5494 2501 5564 Σωτήρ
2520 5512 2533 5525 ⁸
2568 5498 2618 5549 οἱ
2646 5494 2702 5547 δὲ
2727 5495 3001 5550 ἀπώλοντο
3028 5497 3209 5571 ἔργοις
3238 5500 3509 5564 ἀπωλείας
3537 5502 3762 5565 ἑαυτοὺς
3782 5521 3871 5555 πε-

2317 5586 2685 5657 ριπείραντες·
2706 5588 2875 5658 μέχρι
2905 5588 3163 5655 πολλάκις
3197 5592 3392 5655 αὐτοὺς
3420 5593 3697 5656 ποιοῦντες
3725 5595 3872 5658 τέλος

2313 5674 2607 5737 ἀπώλοντο,
2633 5676 2704 5731 Τὸ
2753 5678 2828 5745 δὲ,
2872 5681 3210 5749 πλεονάκις,
3256 5683 3436 5753 ὅμοιον
3482 5685 3588 5755 τῷ·
3610 5683 3870 5751 Homine
