4070 6446
172 381 272 435 449

1317 363 1678 420 EXPOSITIO
1718 366 1786 419 IN
1827 365 2155 420 PSALMUM
2195 365 2325 421 CVI.

3294 368 3396 425 450

172 492 442 558 ἠθέλησα
460 485 920 554 ἐπισυναγαγεῖν
949 485 1020 537 τὰ
1047 484 1223 570 τέκνα
1250 499 1398 547 σου;
1431 483 1490 536 τὸ
1515 484 1600 536 δέ·
1627 483 1732 537 Kal

1858 493 2036 546 nutent,
2073 501 2229 552 stupe,
2268 484 2446 537 simile
2473 494 2555 538 cst
2581 483 2692 536 illi:
2755 481 2970 546 Quoties
3001 481 3142 536 ισοξαὶ
3181 499 3398 552 congre-

171 580 650 647 ἐταπεινώθησαν
681 578 750 630 ἐν
787 575 912 640 ταῖς
939 576 1211 643 ἀνομίαις
1244 574 1460 639 αὐτῶν,
1494 574 1591 643 τῷ,
1617 577 1738 629 Οὐκ

174 672 528 736 ἠθελήσατε.
549 669 795 736 Ἐπάγων
827 670 934 736 γὰρ
967 669 1062 737 τὴν
1095 667 1362 726 παιδείαν,
1412 665 1571 719 πάλιν
1608 683 1737 734 μετ-

173 762 339 813 εδίδ-ου
362 759 768 829 φιλανθρωπίας
793 774 805 786 ·
825 759 873 809 οἱ
893 758 947 809 δὲ
971 758 1129 809 αὑτὸν
1151 760 1260 819 τοῖς
1286 755 1558 826 πολεμίοις
1579 755 1738 825 ἡμεί-

174 854 348 905 εροντο.

239 925 349 996 lia!
403 941 622 994 ἔδωκεν
670 942 886 1005 αὐτοὺς
936 942 1022 1004 εις
1076 939 1409 1007 οὶκτιρμοὺς
1464 938 1742 990 ἐναντιον

173 1032 413 1084 πάντων
465 1031 582 1083 τῶν
629 1030 1240 1098 αἱχμαλωτευσάντων
1287 1030 1525 1093 αὐτούς.
1573 1028 1742 1081 Τοῦτό

175 1141 303 1194 eqs:
338 1123 428 1175 διὰ
469 1123 648 1192 Κῦρον
679 1124 769 1174 τὸν
807 1121 1150 1174 ἀπολύσαντα
1195 1121 1387 1182 αὐτοὺς
1417 1120 1514 1188 τῆς
1543 1122 1743 1188 αἰχμα-

171 1216 396 1277 λωσίας,
437 1215 528 1266 καὶ
551 1216 770 1284 Δαρεῖον
803 1214 894 1265 καὶ
925 1212 1300 1283 Ἀρταξέρξην,
1329 1212 1454 1274 τοὺς
1491 1213 1584 1264 καὶ
1616 1212 1744 1281 χρή-

176 1322 320 1374 ματα
349 1305 536 1366 δόντας
565 1305 642 1367 εἰς
676 1305 772 1374 τὴν
797 1304 1078 1374 οἰκοδομὴν
1108 1304 1201 1356 τοῦ
1230 1301 1378 1356 ναοῦ.

701 1397 1067 1462 numam.
1103 1399 1242 1462 Ρςν.

255 1487 739 1556 Ἐξομολογεῖσθε
786 1486 864 1552 τῷ
901 1489 1110 1554 Κυρίῳ,
1147 1487 1236 1540 ὅτι
1280 1486 1561 1555 χρηστός.
1592 1487 1746 1539 Μετὰ

171 1576 267 1648 τὴν
304 1579 572 1648 ἀποὸολὴν
607 1578 699 1630 τοῦ
735 1578 1000 1632 Ἰουδαίων
1029 1578 1156 1632 λαοῦ
1190 1581 1410 1644 εἰκότως
1432 1581 1527 1652 τὴν
1558 1580 1746 1651 κλῆσιν

171 1669 278 1721 τῶν
303 1667 472 1720 ἐθνῶν
498 1685 704 1738 καταση
716 1669 909 1738 μαίνει,
933 1670 1031 1740 τὴν
1059 1672 1352 1742 γενομένην
1381 1673 1468 1726 διὰ
1494 1673 1600 1725 τῶν
1623 1675 1750 1725 ἁπο-

173 1762 400 1812 στό).ων.
438 1761 526 1812 Διὸ
561 1762 653 1813 καὶ
684 1764 847 1814 αἰνεῖν
877 1765 1199 1831 προστάττει
1222 1765 1311 1817 τὸν
1344 1765 1496 1828 Θεὸν,
1534 1765 1628 1818 καὶ
1664 1766 1748 1831 ἐξ·

169 1854 548 1924 ομολογεῖσθαι
583 1853 730 1922 αὑτῷ
757 1855 846 1905 ἐπὶ
873 1853 948 1922 τῷ
983 1855 1200 1923 μεγάλῳ
1224 1855 1385 1908 αὑτοῦ
1412 1856 1565 1925 ἐλέῳ.

257 1946 390 1998 Ἀπό
427 1944 736 1998 ἀνατολῶν
763 1943 860 1996 καὶ
888 1944 1154 2014 δυσμῶν,
1176 1945 1273 1998 καὶ
1293 1946 1485 2014 ,ϐορῤίὶ
1514 1946 1609 2000 καὶ
1649 1949 1746 1999 θα-

169 2038 441 2106 λάσσης.
479 2038 585 2089 Καὶ
613 2035 753 2098 τίνες
783 2038 844 2088 ἐκ
873 2036 978 2088 τῶν
1000 2038 1274 2109 τεσσάρων
1303 2039 1399 2108 τῆς
1428 2038 1748 2109 οἰκουμένης

172 2131 457 2201 κλιμάτων
508 2129 857 2197 συναχθέντες
900 2130 932 2199 ἢ
979 2131 1154 2183 πάντα
1187 2131 1254 2182 τὰ
1297 2131 1419 2202 ἔθνη
1471 2132 1538 2184 τα
1582 2132 1749 2185 πάλαι

172 2222 358 2291 ἔρημα
389 2220 692 2283 θεοσεϐείας
717 2219 1070 2289 τυγχάνοντα,
1098 2223 1191 2272 καὶ
1217 2222 1348 2290 μηδὲ
1371 2221 1568 2284 νοτίδος
1601 2221 1748 2283 θείας

178 2313 568 2382 μεταλαϐόντα,
603 2312 715 2366 ἀλλ’
749 2315 805 2364 ἐν
837 2311 1014 2382 πολλῷ
1043 2313 1181 2381 δίψει
1208 2317 1569 2383 τυγχάειοντα;

258 2403 426 2456 Ὀδὸν
455 2408 684 2467 πόλεως
709 2404 1160 2470 κατοικητηρίου
1185 2407 1294 2474 οὐχ
1322 2401 1520 2472 εὖρον.
1547 2406 1620 2457 Οὐ
1644 2403 1750 2474 γάρ

173 2491 242 2562 ἦν
278 2494 459 2555 αὐτοῖς
488 2493 728 2545 πολιτεία
751 2492 1263 2565 χρηστὴ,άλλ’ἦσαν
1285 2499 1340 2549 ἐν
1364 2497 1536 2567 πλάνῃ
1561 2497 1744 2566 πολλῇ.

250 2676 576 2740 Πεινῶντες
623 2678 720 2729 καὶ
771 2675 1083 2744 διψῶντες,
1133 2678 1170 2743 ἡ
1222 2677 1391 2745 ψυχὴ
1439 2679 1636 2732 αὐτῶν
1683 2681 1753 2732 ἐν

175 2765 384 2832 αὐτοῖς
420 2765 750 2830 ἐξέλειπεν.
783 2766 918 2818 Οὐδὲ
943 2767 1052 2835 γὰρ
1082 2762 1223 2836 εἶχον
1251 2767 1412 2839 ἄρτον
1441 2769 1532 2820 τὸν
1568 2772 1754 2838 στηρί-

178 2861 343 2921 ζοντα
372 2858 596 2928 καρδίαν
627 2857 910 2926 ἀνθρώπου
933 2875 945 2887 ’
977 2859 1178 2911 οὐδὲτὸ
1208 2859 1349 2931 ὕδωρ
1375 2861 1436 2912 τὸ
1462 2860 1586 2924 ζῶν,
1625 2862 1753 2932 περὶ

175 2944 240 3000 οὗ
269 2949 546 3001 λέλεκται·
585 2948 638 2998 '0
667 2948 855 3000 πίνων
882 2949 949 3002 ἐκ
980 2948 1086 3001 τοῦ
1108 2949 1327 3015 ὕδατος
1346 2947 1418 3005 οὖ
1440 2950 1554 3020 ἐγὼ
1581 2951 1752 3005 δώσω

174 3037 364 3102 αὐτῷ,
398 3040 469 3092 οὐ
493 3038 578 3107 μὴ
605 3038 853 3106 διψήσει
884 3042 970 3104 εὶς
991 3039 1098 3092 τὸν
1128 3038 1332 3093 αἰῶνα.

255 3132 361 3185 Kal
402 3129 715 3200 ὡδήγησεν
763 3131 984 3198 αὐτοὺς
1037 3135 1123 3196 εὶς
1172 3131 1314 3188 όδὸν
1360 3131 1612 3209 εὐθεῖαν.
1644 3132 1753 3204 Τὴν

177 3224 260 3286 είς
310 3223 500 3276 ἑαυτὸν
554 3224 734 3276 πίστιν
763 3224 980 3296 δηλαδή.
1006 3225 1175 3289 Αὐτὸς
1206 3225 1313 3296 γάρ
1347 3225 1532 3294 ἔλεγεν
1553 3244 1565 3257 ·
1608 3225 1754 3295 Ἐγώ

173 3314 300 3382 εἰμι
334 3315 372 3381 ἠ
403 3313 559 3378 ὁδός.
605 3314 712 3367 Τοῦ
740 3315 1105 3384 πορευθῆναι
1132 3319 1220 3382 εις
1266 3320 1447 3370 πόλιν
1480 3335 1753 3385 κατοικη-

179 3404 412 3470 -τηρίου,
463 3402 571 3470 Τὴν
618 3403 942 3472 Ἐκκλησίαν
993 3406 1174 3474 φησιν,
1224 3406 1390 3477 ἢτὴν
1438 3407 1756 3478 ἐπουράνιον
1819 3407 1822 3410 ’

192 3493 578 3562 Ἰερουσαλήμ.

266 3583 956 3652 Ἐξομολογησάσθωσαν
1007 3583 1085 3650 τῷ
1122 3587 1316 3652 Κυρίῳ
1356 3586 1429 3639 τὰ
1471 3585 1611 3652 ἐλέη
1649 3589 1756 3639 αἰ·-

182 3675 360 3730 τοῦ...
397 3674 483 3727 ὅτι
517 3675 806 3743 ἐχόρτασε
830 3675 1041 3744 ψυχὴν
1074 3677 1276 3742 κενήν.
1318 3677 1429 3744 Καὶ
1467 3679 1550 3741 τίς
1577 3677 1756 3748 ἐκείνη

183 3770 218 3836 ἠ
253 3765 420 3836 ψυχὴ,
447 3766 480 3836 ἢ
508 3767 728 3818 ἐκείνων
759 3767 886 3835 περὶ
911 3761 984 3818 ὧν
1014 3766 1258 3821 λέλεκται
1278 3785 1291 3798 ·
1317 3767 1643 3835 Πεινῶντες
1663 3769 1758 3821 καὶ

181 3856 501 3924 διψῶντες,
541 3859 580 3924 ἠ
611 3857 778 3924 ψυχὴ
808 3855 1003 3909 αὐτῶν
1043 3859 1113 3910 ἐν
1163 3859 1364 3925 αὐτοῖς
1410 3860 1760 3922 ἐξέλειπεν;

184 3949 296 4001 Καὶ
355 3947 566 4015 ψυχὴν
611 3947 912 4000 πεινῶσαν
956 3944 1297 4013 ἐνέπλησεν
1345 3947 1598 4015 ἀγαθῶν.
1654 3947 1760 3999 Τοῦ

185 4038 381 4109 νοητοῦ
417 4040 581 4110 ἄρτου
606 4037 868 4108 δηλονότι.

257 4131 640 4200 Καθημένους
669 4132 739 4184 ἐν
764 4131 964 4183 σκότει
993 4131 1089 4183 καὶ
1120 4130 1264 4198 σκιᾷ
1302 4131 1578 4185 θανάτου.
1599 4132 1762 4185 Σκιὰν

185 4221 422 4276 θανάτου
448 4223 547 4273 οὐκ
594 4221 658 4274 ἂν
696 4221 962 4290 ἁμάρτοις
997 4223 1172 4291 λέγων
1199 4223 1298 4294 τὴν
1325 4223 1764 4295 εἰδωλολατρείαν

181 4316 284 4370 καὶ
316 4313 414 4376 τὰς
439 4314 496 4366 ὲν
529 4312 778 4383 ἀθεότητι
809 4313 1034 4384 πράξεις
1053 4330 1067 4344 ο
1100 4307 1260 4368 αὗται
1288 4315 1396 4386 γάρ
1419 4317 1557 4368 είσιν
1575 4317 1629 4368 al
1660 4334 1766 4385 χω-

186 4403 436 4478 ρίζουσαι
485 4406 628 4474 ἡμᾶς
675 4405 772 4474 τῆς
819 4404 1073 4476 ἀληθινῆς
1123 4405 1392 4474 ζωῆς.“Εν
1440 4405 1666 4468 ταύταις
1710 4405 1765 4458 δὲ

1837 591 1958 643 gare
1979 575 2116 642 filios
2139 584 2252 627 tuos
2288 575 2368 626 τ’δῖ
2391 573 2524 628 [llud
2556 583 2770 628 autem:
2800 572 2867 626 Et
2904 573 3177 627 humiliati
3195 590 3310 626 sun.
3342 580 3396 626 in

1837 667 2201 735 iniquitatibus
2231 668 2363 731 suis,
2403 667 2479 718 illi
2528 685 2540 719 :
2593 664 2660 717 Et
2709 665 2954 720 noluistis
2982 665 3047 718 ’°.
3082 665 3220 718 Cum
3253 666 3400 718 enim

1839 760 2246 828 castigationem
2308 758 2647 819 immisisset,
2707 771 2926 810 rursum
2973 755 3403 809 misericorditer

1839 865 1962 904 cum
1996 850 2102 902 illis
2137 849 2349 918 agebat.
2381 848 2481 916 ipsi
2513 863 2641 900 vero
2663 847 2885 901 adversa
2919 846 3314 900 rrtribuebant.

1909 942 1997 996 46.
2033 941 2100 994 Et
2129 942 2269 994 dedit
2299 942 2455 994 eosin
2489 939 2878 992 misericordias
2913 939 2966 990 in
2990 945 3265 1004 conspectu
3285 952 3399 988 om-

1842 1036 1984 1087 nium
2016 1035 2104 1103 qui
2136 1043 2374 1101 ceperant
2399 1031 2640 1086 eos.'lloc
2687 1032 2761 1085 ait
2801 1041 3018 1100 propter
3048 1029 3273 1099 Cyrum,
3308 1029 3402 1097 qui

1842 1126 2048 1180 dimisit
2074 1141 2168 1179 eos
2191 1140 2255 1178 ex
2282 1126 2616 1195 captivitate,
2649 1133 2700 1178 et
2731 1122 2949 1176 Darium
2984 1123 3405 1176 etAr-taxerxem

1843 1217 1934 1286 qui
1975 1216 2230 1284 pecunias
2259 1222 2551 1285 erOgarunt
2583 1213 2650 1268 ad
2685 1214 3148 1268 constructionem
3192 1212 3402 1280 templi.

2409 1397 2662 1451 Alleluia.
2693 1394 2732 1450 C
2749 1394 2844 1448 VI.

1918 1490 2032 1543 1-2.
2065 1487 2396 1558 Con/itemini
2429 1488 2652 1541 Domino
2669 1487 2914 1558 quoniam
2937 1484 3121 1537 bonus.
3150 1481 3280 1537 Post
3311 1481 3410 1535 ab-

1844 1582 2135 1652 jectionem
2193 1580 2405 1636 Judaici
2454 1580 2668 1650 populi,
2736 1584 3038 1647 opportune
3068 1576 3410 1630 vocationem

1848 1673 2085 1743 gentium
2141 1687 2236 1740 per
2305 1671 2578 1739 apostolos
2633 1668 2830 1722 iactam
2909 1667 3171 1721 declarat.
3227 1663 3412 1729 Quare

1845 1766 1999 1833 jubet
2037 1765 2259 1818 laudare
2292 1763 2458 1816 Deum
2505 1772 2558 1816 et
2617 1759 2863 1816 conﬁteri
2913 1760 2989 1812 illi
3022 1759 3093 1812 ob
3149 1771 3406 1826 magnam

1852 1858 2024 1927 ipsius
2054 1855 2507 1910 misericordiam.

1918 1951 1970 2004 5.
2014 1949 2048 2000 Α
2078 1947 2202 2001 solis
2230 1958 2350 2000 ortu
2382 1956 2428 1998 et
2484 1962 2696 2008 occasu,
2753 1944 2817 1997 ab
2868 1943 3110 2014 aquilone
3166 1951 3214 1995 et
3242 1941 3399 1994 mari.

1851 2040 2152 2110 Ecquinam
2214 2054 2278 2093 ex
2332 2047 2566 2107 quatuor
2609 2046 2767 2092 terra:
2802 2037 3062 2091 lateribus
3101 2034 3414 2106 congregati

1851 2141 1978 2189 sunt
2008 2133 2112 2187 n'isi
2140 2147 2330 2186 omnes
2356 2138 2561 2201 gentes,
2595 2144 2716 2198 quae
2774 2129 2904 2182 olim
2951 2129 3149 2197 pietate
3191 2136 3245 2180 et
3277 2127 3409 2181 reli-

1851 2227 2007 2296 gione
2034 2241 2214 2279 vacua:
2261 2232 2435 2289 erant,
2477 2233 2529 2277 et
2568 2238 2636 2276 ne
2693 2221 2888 2275 stillam
2919 2221 3136 2290 quidem
3167 2219 3409 2274 divinam

1853 2316 2200 2384 accipientes,
2227 2315 2319 2367 sed
2343 2313 2546 2380 ingenti
2572 2312 2659 2366 siti
2686 2311 2932 2365 alllictaa?

1922 2408 1974 2460 4.
2020 2405 2168 2458 Viam
2198 2405 2429 2457 civitatis
2464 2403 2755 2455 habitaculi
2783 2417 2884 2453 non
2930 2403 3254 2456 inveni-ruet.
3299 2399 3418 2454 Ἀθη

1851 2510 1966 2555 erat
1992 2500 2071 2553 eis
2105 2500 2392 2553 honestum
2426 2498 2736 2550 institutum
2792 2495 2935 2559 vitm,
2977 2495 3070 2547 sed
3117 2509 3313 2563 magno
3360 2494 3414 2546 in

1851 2609 2034 2648 errore
2067 2592 2444 2645 versabantur.

1925 2685 1975 2739 5.
2011 2683 2312 2737 Esurientes
2340 2691 2389 2734 et
2441 2682 2694 2741 sitientes,
2727 2680 2907 2731 anima
2970 2694 3150 2730 eorum
3186 2679 3240 2731 in
3289 2678 3419 2745 ipsis

1853 2778 2060 2847 defecit.
2086 2774 2271 2843 Neque
2296 2774 2441 2828 enim
2479 2771 2747 2824 habebant
2781 2785 2974 2838 panem
3009 2769 3420 2824 confirmantem

1854 2882 1949 2922 cor
1974 2865 2243 2919 hominis:
2277 2877 2450 2931 neque
2484 2875 2681 2929 aquam
2737 2860 2910 2912 vivam
2957 2859 3025 2912 de
3050 2875 3156 2928 qua
3205 2861 3414 2915 dictum

1852 2965 1968 3010 est:
2000 2955 2104 3020 Qui
2134 2954 2351 3006 bibitex
2386 2968 2520 3020 aqua
2573 2967 2730 3019 quam
2777 2967 2869 3020 ego
2914 2951 3050 3004 dabo
3081 2953 3151 3014 ei,
3199 2968 3302 3006 non
3347 2955 3422 3006 si—

1855 3045 1947 3096 tiet
1971 3045 2027 3096 in
2058 3051 2310 3096 internum
2356 3042 2422 3094 ’⁷.

1927 3133 1978 3190 ’1.
2013 3132 2082 3187 Et
2109 3133 2326 3188 deducit
2350 3149 2438 3188 eos
2473 3134 2526 3188 in
2553 3134 2691 3188 viam
2721 3141 2937 3188 rectam.
2971 3131 3158 3189 Fidem
3209 3134 3424 3191 scilicet

1856 3227 1910 3280 in
1945 3227 2142 3295 ipsum.
2187 3226 2304 3295 Ipse
2348 3240 2583 3294 namque
2625 3224 2792 3279 dixit:
2830 3223 2940 3294 Ego
2973 3240 3092 3278 sunt
3132 3225 3218 3278 via
3248 3225 3313 3277 ⁸³.
3351 3225 3422 3279 Ut

1853 3318 1990 3372 irent
2013 3320 2067 3371 in
2094 3319 2357 3371 civitatem
2383 3309 2753 3373 habitationis.
2790 3315 3089 3372 Ecclesiam
3128 3317 3297 3382 dicit,
3329 3327 3426 3372 aut

1855 3416 2128 3466 caelestem
2160 3409 2484 3465 Jerusalem.

1926 3589 2042 3644 8-9.
2070 3587 2434 3657 Confiteantur
2460 3588 2681 3641 Domino
2700 3588 3076 3642 misericordia:
3090 3605 3273 3669 ejus...
3300 3590 3427 3659 quia

1857 3685 2071 3737 satiavit
2102 3688 2338 3736 animam
2368 3685 2598 3736 inanem.
2641 3681 2902 3749 Quaenam
2950 3682 3044 3736 illa
3077 3683 3285 3743 anima.
3317 3683 3428 3736 nisi

1858 3792 2043 3831 eorum
2070 3774 2136 3828 de
2164 3776 2363 3842 quibus
2388 3773 2592 3827 dictum
2620 3783 2735 3827 est:
2763 3772 3071 3826 Esurientes
3106 3782 3156 3827 et
3190 3775 3429 3829 sitientes

1861 3868 2039 3919 anima
2078 3881 2256 3917 eorum
2275 3866 2326 3916 in
2357 3865 2486 3933 ipsis
2513 3863 2741 3932 defecit?
2764 3861 2833 3916 Et
2861 3863 3093 3916 animant
3116 3864 3429 3918 esurientem

1861 3961 2072 4014 satiavit
2101 3958 2268 4023 bonis,
2301 3956 2571 4027 spirituali
2595 3955 2848 4009 videlicet
2890 3969 3052 4024 pane.

1951 4130 2036 4182 l0.
2072 4125 2313 4180 Sedentes
2360 4127 2415 4178 in
2471 4125 2691 4178 tenearis
2722 4133 2769 4177 et
2817 4123 3004 4176 umbra
3043 4126 3248 4178 mortis.
3300 4121 3433 4178 Um-

1864 4220 2016 4275 bram
2053 4218 2245 4273 mortis
2263 4218 2308 4272 si
2337 4217 2488 4272 dicas
2517 4232 2636 4271 esse
2662 4215 3020 4270 idololatriam
3068 4223 3122 4269 et
3177 4215 3428 4286 impieta-

1866 4316 1936 4370 tis
1970 4328 2172 4382 opera,
2217 4325 2560 4379 nequaquam
2621 4323 2651 4361 a
2698 4322 2828 4362 vero
2889 4307 3248 4363 aberraveris.
3299 4307 3432 4377 Ipsm

1867 4420 2102 4474 namque
2126 4411 2254 4457 sunt
2287 4417 2407 4470 quan
2438 4414 2538 4453 nos
2568 4409 2823 4468 separant
2850 4414 2880 4453 a
2916 4413 3043 4453 vera
3073 4400 3204 4452 vita.
3233 4398 3287 4452 In
3320 4401 3434 4454 ltis-

183 4497 333 4566 ἡμεν
364 4496 644 4568 πρότερον,
673 4495 760 4547 διὰ
793 4495 852 4547 τὸ
892 4497 1345 4567 παραπικραίνειν
1374 4497 1464 4549 τὸν
1494 4497 1646 4562 Θεὸν,
1675 4497 1757 4550 καὶ

1869 4514 1929 4552 ce
1956 4496 2307 4551 verSabamur
2345 4495 2515 4562 prius,
2553 4493 2680 4563 quia
2731 4491 3192 4546 exacerbabamus
3240 4491 3428 4556 Deum,

185 4590 286 4659 τὴν
328 4587 518 4658 βουλὴν
551 4587 642 4640 τοῦ
661 4587 910 4655 Ὑψίστου
943 4587 1281 4658 παροξύνειν.
1309 4589 1436 4641 Δέον
1457 4587 1564 4660 γὰρ
1589 4591 1651 4641 ἐκ
1680 4605 1768 4658 μευ

187 4681 384 4747 -ίέθους
411 4679 501 4732 καὶ
528 4678 786 4749 καλλονῆς
811 4679 1119 4748 κτισμάτων
1145 4679 1231 4731 τὸν
1265 4678 1639 4750 γενεσιουργὸν
1659 4679 1765 4731 τῶν

185 4773 327 4825 ὅλων
359 4771 602 4842 θεωρεῖν,
634 4773 727 4824 καὶ
751 4773 848 4841 τὴν
881 4771 1049 4825 ἀΐδιον
1077 4771 1238 4822 αὑτοῦ
1264 4770 1492 4841 δύναμιν
1516 4771 1609 4824 καὶ
1637 4771 1771 4824 θειό-

186 4880 331 4934 τητα
378 4863 485 4916 ἀπὺ
541 4863 770 4925 κτίσεως
805 4862 1011 4932 κόσμου
1041 4865 1211 4913 νοεῖν·
1239 4863 1396 4931 ἡμεῖς
1436 4857 1522 4914 οἷα
1556 4861 1766 4929 τυφλοὶ,

187 4959 247 5008 ὲν
282 4957 459 5026 σκότῳ
491 4957 583 5009 καὶ
612 4957 739 5026 σκιᾷ
772 4955 999 5010 θανάτου
1030 4955 1328 5024 διάγοντες,
1358 4956 1450 5007 καὶ
1492 4955 1590 5019 τὰς
1626 4957 1770 5024 λογι-

190 5052 296 5113 κὶς
322 5051 419 5118 τῆς
456 5049 631 5119 ψυχῆς
677 5048 932 5118 δυνάμεις
965 5047 1323 5117 πεπεδημένοι
1371 5047 1460 5100 καὶ
1510 5065 1769 5118 πεπηρω-

194 5143 366 5212 μένοι,
399 5141 793 5210 ὲνηλλάττομεν
823 5139 920 5210 τὴν
944 5138 1099 5203 δόξαν
1125 5139 1218 5192 τοῦ
1246 5138 1519 5210 ἀφθάρτου
1550 5141 1682 5193 Θεοῦ
1712 5141 1769 5194 ἐν

187 5234 496 5304 ὁμοιώματι
527 5234 733 5288 εἰκόνος
772 5231 1012 5302 φθαρτοῦ
1044 5230 1352 5300 ἀνθρώπου,
1390 5233 1480 5286 καὶ
1509 5237 1768 5286 πετεινῶν

190 5323 286 5375 καὶ
339 5321 700 5392 τετραπόδων.
729 5321 1185 5390 Πεπεδημένους
1244 5323 1314 5374 ἐν
1364 5325 1619 5391 πτωχείᾳ
1670 5326 1767 5378 καὶ

190 5412 436 5481 σιδήρῳ.
468 5415 598 5478 Ταῖς
648 5416 851 5484 σειραῖς
896 5413 1001 5465 τῶν
1045 5413 1187 5466 ἰδίων
1235 5415 1516 5485 ἁμαρτιῶν
1542 5417 1770 5481 ἕκαστος

193 5506 508 5574 σφίγγεται,
537 5507 735 5568 παντὸς
765 5505 1054 5575 πτωχεύων
1087 5505 1290 5572 ἀγαθοῦ
1326 5509 1418 5560 καὶ
1448 5509 1634 5563 καλοῦ.

261 5794 312 5825 ⁵⁵
337 5793 468 5849 Luc.
500 5809 616 5857 stu,
646 5795 731 5848 3i.
813 5799 856 5827 ⁹⁶
889 5797 1018 5850 ibid.
1090 5798 1135 5827 "
1169 5795 1326 5851 Joan.
1371 5812 1442 5859 tv,
1481 5797 1563 5849 l3.

1868 4600 1919 4644 et
1942 4587 2228 4643 consilium
2280 4585 2542 4639 Altissimi
2599 4583 2970 4638 irritabamus.
3022 4581 3248 4650 Oportet
3276 4581 3422 4636 enim

1868 4693 1934 4732 ex
1957 4674 2325 4746 magnitudine
2351 4683 2405 4727 et
2431 4672 2836 4742 pulchritudine
2879 4679 3278 4730 creaturarum.
3307 4670 3430 4724 uni-

1870 4782 2152 4824 versorum
2205 4767 2456 4836 opilicem
2509 4764 2887 4835 contemplari,
2939 4771 2992 4817 et
3043 4764 3430 4833 sempiternam

1868 4863 1986 4933 ejus
2008 4863 2262 4917 virtutem
2286 4876 2350 4915 ac
2383 4860 2722 4915 divinitatem
2764 4874 2795 4913 ι
2823 4850 3075 4919 creatura
3107 4860 3295 4914 mundi
3343 4859 3430 4912 in-

1875 4955 2138 5024 telligere.
2197 4952 2311 5009 Nos
2348 4962 2532 5023 utpote
2585 4953 2715 5008 caeci
2761 4952 2814 5005 in
2861 4954 3100 5009 tenebris
3140 4960 3194 5006 et
3238 4953 3432 5006 umbra

1875 5047 2067 5102 mortis
2098 5047 2378 5115 degentes,
2413 5053 2465 5098 et
2485 5043 2832 5098 facultatibus
2855 5043 3050 5098 animae
3074 5044 3434 5100 rationalibus

1875 5139 2148 5209 praepediti
2181 5147 2236 5192 et
2287 5137 2562 5200 obdurati,
2608 5136 3020 5190 immutavimus
3065 5134 3295 5205 gloriam
3349 5135 3434 5188 in-

1875 5230 2246 5299 corruptibilis
2274 5227 2390 5295 Dei,
2421 5229 2476 5282 in
2508 5227 2923 5282 similitudinem
2953 5227 3208 5296 imaginis
3258 5227 3433 5280 bomi-

1875 5323 1963 5376 nis
1991 5321 2363 5391 corruptibilis
2423 5329 2476 5374 et
2504 5320 2806 5376 volatilium
2827 5361 2840 5383 ,
2877 5327 2932 5374 et
2994 5318 3426 5388 quadrupedum.

1887 5411 2097 5465 Vinctos
2134 5413 2186 5464 in
2222 5411 2558 5465 mendicitate
2604 5421 2654 5464 et
2709 5411 2870 5479 ferro.
2907 5408 3128 5464 Catenis
3186 5409 3434 5478 proprio-

1877 5519 1996 5556 rum
2029 5513 2373 5571 peccatorum
2419 5501 2794 5572 unusquisque
2820 5499 3232 5570 constringitur,
3276 5500 3435 5571 inops

1877 5609 2054 5649 rnnms
2083 5595 2211 5649 boni
2236 5604 2290 5649 et
2339 5594 2571 5649 honesti.

1655 5797 1699 5829 ³⁸
1721 5793 1878 5850 Joan.
1909 5812 2017 5863 inv,
2043 5795 2093 5849 6.
