  <div class='ocr_page' id='page_1' title='image "/cluster/home/n/w/nwhite01/storage/ocr_20150623/27/ien.35556001660521/237.png"; bbox 0 0 4070 6454; ppageno 0'>
   <div class='ocr_carea' id='block_1_1' title="bbox 633 383 733 437">
    <p class='ocr_par' dir='ltr' id='par_1_1' title="bbox 633 383 733 437">
     <span class='ocr_line' id='line_1_1' title="bbox 633 383 733 437; baseline -0.02 0"><span class='ocrx_word' id='word_1_1' title='bbox 633 383 733 437; x_wconf 77' lang='grc'><strong>451</strong></span> 
     </span>
    </p>
   </div>
   <div class='ocr_carea' id='block_1_2' title="bbox 704 480 2269 560">
    <p class='ocr_par' dir='ltr' id='par_1_2' title="bbox 704 480 2269 560">
     <span class='ocr_line' id='line_1_2' title="bbox 704 480 2269 560; baseline -0.012 -10"><span class='ocrx_word' id='word_1_2' title='bbox 704 498 788 550; x_wconf 88' lang='grc'><strong>11.</strong></span> <span class='ocrx_word' id='word_1_3' title='bbox 833 493 971 560; x_wconf 83' lang='lat' dir='ltr'><strong>Quia</strong></span> <span class='ocrx_word' id='word_1_4' title='bbox 1017 497 1450 546; x_wconf 72' lang='lat' dir='ltr'><strong>exacerbaverunt</strong></span> <span class='ocrx_word' id='word_1_5' title='bbox 1512 486 1718 556; x_wconf 73' lang='lat' dir='ltr'><strong>eloquia</strong></span> <span class='ocrx_word' id='word_1_6' title='bbox 1779 483 1898 537; x_wconf 89' lang='lat' dir='ltr'><strong>Dei.</strong></span> <span class='ocrx_word' id='word_1_7' title='bbox 1944 480 2191 534; x_wconf 82' lang='lat' dir='ltr'><strong>Divinam</strong></span> <span class='ocrx_word' id='word_1_8' title='bbox 2222 483 2269 539; x_wconf 75' lang='grc' dir='ltr'><strong>Α</strong></span> 
     </span>
    </p>
   </div>
   <div class='ocr_carea' id='block_1_3' title="bbox 635 573 2196 660">
    <p class='ocr_par' dir='ltr' id='par_1_3' title="bbox 635 573 2196 660">
     <span class='ocr_line' id='line_1_3' title="bbox 635 573 2196 660; baseline -0.013 -15"><span class='ocrx_word' id='word_1_9' title='bbox 635 594 804 660; x_wconf 67' lang='grc' dir='ltr'>ἰοδνιη</span> <span class='ocrx_word' id='word_1_10' title='bbox 834 589 1140 642; x_wconf 77' lang='lat' dir='ltr'><strong>nullatenus</strong></span> <span class='ocrx_word' id='word_1_11' title='bbox 1166 583 1533 643; x_wconf 88' lang='lat' dir='ltr'><strong>admittentes,</strong></span> <span class='ocrx_word' id='word_1_12' title='bbox 1563 582 1659 633; x_wconf 84' lang='lat' dir='ltr'><strong>sed</strong></span> <span class='ocrx_word' id='word_1_13' title='bbox 1706 575 2044 645; x_wconf 79' lang='lat' dir='ltr'><strong>sapientibus</strong></span> <span class='ocrx_word' id='word_1_14' title='bbox 2095 573 2196 625; x_wconf 75' lang='lat' dir='ltr'><strong>liu-</strong></span> 
     </span>
    </p>
   </div>
   <div class='ocr_carea' id='block_1_4' title="bbox 633 664 2198 752">
    <p class='ocr_par' dir='ltr' id='par_1_4' title="bbox 633 664 2198 752">
     <span class='ocr_line' id='line_1_4' title="bbox 633 664 2198 752; baseline -0.015 -15"><span class='ocrx_word' id='word_1_15' title='bbox 633 685 720 752; x_wconf 89' lang='lat' dir='ltr'><strong>jus</strong></span> <span class='ocrx_word' id='word_1_16' title='bbox 741 679 925 735; x_wconf 72' lang='lat' dir='ltr'><strong>saaculi</strong></span> <span class='ocrx_word' id='word_1_17' title='bbox 948 691 1070 732; x_wconf 86' lang='lat' dir='ltr'><strong>sese</strong></span> <span class='ocrx_word' id='word_1_18' title='bbox 1105 673 1466 728; x_wconf 85' lang='lat' dir='ltr'><strong>instituendos</strong></span> <span class='ocrx_word' id='word_1_19' title='bbox 1499 665 1872 723; x_wconf 86' lang='lat' dir='ltr'><strong>tradentes.Et</strong></span> <span class='ocrx_word' id='word_1_20' title='bbox 1917 664 2198 718; x_wconf 76' lang='lat' dir='ltr'><strong>consilium</strong></span> 
     </span>
    </p>
   </div>
   <div class='ocr_carea' id='block_1_5' title="bbox 636 756 2199 827">
    <p class='ocr_par' dir='ltr' id='par_1_5' title="bbox 636 756 2199 827">
     <span class='ocr_line' id='line_1_5' title="bbox 636 756 2199 827; baseline -0.012 -1"><span class='ocrx_word' id='word_1_21' title='bbox 636 771 900 826; x_wconf 79' lang='lat' dir='ltr'><strong>Altissimi</strong></span> <span class='ocrx_word' id='word_1_22' title='bbox 961 768 1326 821; x_wconf 74' lang='lat' dir='ltr'><strong><em>irritaverant.</em></strong></span> <span class='ocrx_word' id='word_1_23' title='bbox 1380 761 1664 827; x_wconf 81' lang='lat' dir='ltr'><strong>Quodnam</strong></span> <span class='ocrx_word' id='word_1_24' title='bbox 1724 768 1839 812; x_wconf 89' lang='lat' dir='ltr'><strong>erat</strong></span> <span class='ocrx_word' id='word_1_25' title='bbox 1910 756 2199 811; x_wconf 82' lang='lat' dir='ltr'><strong>consilium</strong></span> 
     </span>
    </p>
   </div>
   <div class='ocr_carea' id='block_1_6' title="bbox 635 843 2198 922">
    <p class='ocr_par' dir='ltr' id='par_1_6' title="bbox 635 843 2198 922">
     <span class='ocr_line' id='line_1_6' title="bbox 635 843 2198 922; baseline -0.012 -9"><span class='ocrx_word' id='word_1_26' title='bbox 635 857 931 922; x_wconf 78' lang='lat' dir='ltr'><strong>Altissimi,</strong></span> <span class='ocrx_word' id='word_1_27' title='bbox 967 856 1070 910; x_wconf 92' lang='lat' dir='ltr'><strong>nisi</strong></span> <span class='ocrx_word' id='word_1_28' title='bbox 1107 851 1253 922; x_wconf 81' lang='lat' dir='ltr'><strong>quod</strong></span> <span class='ocrx_word' id='word_1_29' title='bbox 1298 851 1425 905; x_wconf 83' lang='lat' dir='ltr'><strong>velit</strong></span> <span class='ocrx_word' id='word_1_30' title='bbox 1461 851 1575 918; x_wconf 85' lang='lat' dir='ltr'><strong>ipse</strong></span> <span class='ocrx_word' id='word_1_31' title='bbox 1610 864 1783 900; x_wconf 86' lang='lat' dir='ltr'><strong>omnes</strong></span> <span class='ocrx_word' id='word_1_32' title='bbox 1807 847 2039 898; x_wconf 75' lang='lat' dir='ltr'><strong>homines</strong></span> <span class='ocrx_word' id='word_1_33' title='bbox 2085 843 2198 896; x_wconf 78' lang='lat' dir='ltr'><strong>sai-</strong></span> 
     </span>
    </p>
   </div>
   <div class='ocr_carea' id='block_1_7' title="bbox 635 937 1920 1017">
    <p class='ocr_par' dir='ltr' id='par_1_7' title="bbox 635 937 1920 1017">
     <span class='ocr_line' id='line_1_7' title="bbox 635 937 1920 1017; baseline -0.013 -12"><span class='ocrx_word' id='word_1_34' title='bbox 635 967 724 1005; x_wconf 76' lang='lat' dir='ltr'><strong>vos</strong></span> <span class='ocrx_word' id='word_1_35' title='bbox 739 950 876 1017; x_wconf 81' lang='lat' dir='ltr'><strong>fieri,</strong></span> <span class='ocrx_word' id='word_1_36' title='bbox 897 957 947 1001; x_wconf 88' lang='lat' dir='ltr'><strong>et</strong></span> <span class='ocrx_word' id='word_1_37' title='bbox 971 947 1037 999; x_wconf 87' lang='lat' dir='ltr'><strong>ad</strong></span> <span class='ocrx_word' id='word_1_38' title='bbox 1056 945 1374 1016; x_wconf 80' lang='lat' dir='ltr'><strong>agnitionem</strong></span> <span class='ocrx_word' id='word_1_39' title='bbox 1396 941 1630 994; x_wconf 74' lang='lat' dir='ltr'><strong>veritatis</strong></span> <span class='ocrx_word' id='word_1_40' title='bbox 1651 939 1822 992; x_wconf 81' lang='lat' dir='ltr'><strong>venire</strong></span> <span class='ocrx_word' id='word_1_41' title='bbox 1839 937 1920 988; x_wconf 84' lang='lat'><strong>”?</strong></span> 
     </span>
    </p>
   </div>
   <div class='ocr_carea' id='block_1_8' title="bbox 708 1111 2202 1198">
    <p class='ocr_par' dir='ltr' id='par_1_8' title="bbox 708 1111 2202 1198">
     <span class='ocr_line' id='line_1_8' title="bbox 708 1111 2202 1198; baseline -0.009 -17"><span class='ocrx_word' id='word_1_42' title='bbox 708 1128 793 1181; x_wconf 76' lang='grc'><strong>12.</strong></span> <span class='ocrx_word' id='word_1_43' title='bbox 822 1125 1086 1196; x_wconf 82' lang='lat' dir='ltr'><strong>Infirmati</strong></span> <span class='ocrx_word' id='word_1_44' title='bbox 1108 1132 1253 1186; x_wconf 87' lang='lat' dir='ltr'><strong>sunt,</strong></span> <span class='ocrx_word' id='word_1_45' title='bbox 1285 1137 1375 1174; x_wconf 88' lang='lat' dir='ltr'><strong>nec</strong></span> <span class='ocrx_word' id='word_1_46' title='bbox 1397 1120 1498 1198; x_wconf 77' lang='lat' dir='ltr'><strong>fuit</strong></span> <span class='ocrx_word' id='word_1_47' title='bbox 1544 1120 1632 1189; x_wconf 97' lang='lat' dir='ltr'><strong>qui</strong></span> <span class='ocrx_word' id='word_1_48' title='bbox 1685 1116 1982 1186; x_wconf 81' lang='lat' dir='ltr'><strong>adjuvaret.</strong></span> <span class='ocrx_word' id='word_1_49' title='bbox 2033 1111 2202 1167; x_wconf 87' lang='lat' dir='ltr'><strong>Nemo</strong></span> 
     </span>
    </p>
   </div>
   <div class='ocr_carea' id='block_1_9' title="bbox 637 1213 1654 1287">
    <p class='ocr_par' dir='ltr' id='par_1_9' title="bbox 637 1213 1654 1287">
     <span class='ocr_line' id='line_1_9' title="bbox 637 1213 1654 1287; baseline -0.008 -15"><span class='ocrx_word' id='word_1_50' title='bbox 637 1220 779 1272; x_wconf 86' lang='lat' dir='ltr'><strong>enim</strong></span> <span class='ocrx_word' id='word_1_51' title='bbox 801 1226 1008 1287; x_wconf 84' lang='lat' dir='ltr'><strong>poterat</strong></span> <span class='ocrx_word' id='word_1_52' title='bbox 1037 1224 1320 1285; x_wconf 86' lang='lat' dir='ltr'><strong>peccatum</strong></span> <span class='ocrx_word' id='word_1_53' title='bbox 1349 1213 1654 1266; x_wconf 84' lang='lat' dir='ltr'><strong>destruere.</strong></span> 
     </span>
    </p>
   </div>
   <div class='ocr_carea' id='block_1_10' title="bbox 709 1298 2198 1362">
    <p class='ocr_par' dir='ltr' id='par_1_10' title="bbox 709 1298 2198 1362">
     <span class='ocr_line' id='line_1_10' title="bbox 709 1298 2198 1362; baseline -0.008 -2"><span class='ocrx_word' id='word_1_54' title='bbox 709 1309 798 1362; x_wconf 98' lang='grc'><strong>15.</strong></span> <span class='ocrx_word' id='word_1_55' title='bbox 845 1306 908 1360; x_wconf 86' lang='lat' dir='ltr'><strong>Et</strong></span> <span class='ocrx_word' id='word_1_56' title='bbox 962 1307 1025 1359; x_wconf 82' lang='lat' dir='ltr'><strong>de</strong></span> <span class='ocrx_word' id='word_1_57' title='bbox 1076 1303 1474 1359; x_wconf 74' lang='lat' dir='ltr'><strong>necessitatibus</strong></span> <span class='ocrx_word' id='word_1_58' title='bbox 1539 1317 1719 1355; x_wconf 86' lang='lat' dir='ltr'><strong>eorum</strong></span> <span class='ocrx_word' id='word_1_59' title='bbox 1783 1298 2029 1352; x_wconf 78' lang='lat' dir='ltr'><strong>liberavit</strong></span> <span class='ocrx_word' id='word_1_60' title='bbox 2091 1311 2198 1349; x_wconf 85' lang='lat' dir='ltr'><strong>eos.</strong></span> 
     </span>
    </p>
   </div>
   <div class='ocr_carea' id='block_1_11' title="bbox 637 1387 2203 1470">
    <p class='ocr_par' dir='ltr' id='par_1_11' title="bbox 637 1387 2203 1470">
     <span class='ocr_line' id='line_1_11' title="bbox 637 1387 2203 1470; baseline -0.008 -18"><span class='ocrx_word' id='word_1_61' title='bbox 637 1399 964 1470; x_wconf 69' lang='lat' dir='ltr'><strong>Ecquzenam</strong></span> <span class='ocrx_word' id='word_1_62' title='bbox 1000 1396 1172 1465; x_wconf 82' lang='lat' dir='ltr'><strong>major</strong></span> <span class='ocrx_word' id='word_1_63' title='bbox 1195 1394 1512 1458; x_wconf 84' lang='lat' dir='ltr'><strong>necessitas,</strong></span> <span class='ocrx_word' id='word_1_64' title='bbox 1548 1407 1712 1462; x_wconf 82' lang='lat' dir='ltr'><strong>quam</strong></span> <span class='ocrx_word' id='word_1_65' title='bbox 1765 1399 1826 1444; x_wconf 91' lang='lat' dir='ltr'><strong>ut</strong></span> <span class='ocrx_word' id='word_1_66' title='bbox 1879 1389 2003 1458; x_wconf 92' lang='lat' dir='ltr'><strong>quis</strong></span> <span class='ocrx_word' id='word_1_67' title='bbox 2043 1387 2203 1442; x_wconf 87' lang='lat' dir='ltr'><strong>mali-</strong></span> 
     </span>
    </p>
   </div>
   <div class='ocr_carea' id='block_1_12' title="bbox 639 1479 2202 1561">
    <p class='ocr_par' dir='ltr' id='par_1_12' title="bbox 639 1479 2202 1561">
     <span class='ocr_line' id='line_1_12' title="bbox 639 1479 2202 1561; baseline -0.006 -17"><span class='ocrx_word' id='word_1_68' title='bbox 639 1506 868 1561; x_wconf 76' lang='lat' dir='ltr'><strong>gnorum</strong></span> <span class='ocrx_word' id='word_1_69' title='bbox 908 1490 1192 1559; x_wconf 85' lang='lat' dir='ltr'><strong>spirituum</strong></span> <span class='ocrx_word' id='word_1_70' title='bbox 1223 1503 1413 1542; x_wconf 89' lang='lat' dir='ltr'><strong>servus</strong></span> <span class='ocrx_word' id='word_1_71' title='bbox 1446 1487 1539 1550; x_wconf 86' lang='lat' dir='ltr'><strong>sit,</strong></span> <span class='ocrx_word' id='word_1_72' title='bbox 1569 1487 1622 1538; x_wconf 93' lang='lat' dir='ltr'><strong>in</strong></span> <span class='ocrx_word' id='word_1_73' title='bbox 1647 1485 1951 1553; x_wconf 70' lang='lat' dir='ltr'><strong>ignorantia</strong></span> <span class='ocrx_word' id='word_1_74' title='bbox 1984 1479 2202 1545; x_wconf 90' lang='lat' dir='ltr'><strong>mentis,</strong></span> 
     </span>
    </p>
   </div>
   <div class='ocr_carea' id='block_1_13' title="bbox 638 1563 2206 1648">
    <p class='ocr_par' dir='ltr' id='par_1_13' title="bbox 638 1563 2206 1648">
     <span class='ocr_line' id='line_1_13' title="bbox 638 1563 2206 1648; baseline -0.009 -10"><span class='ocrx_word' id='word_1_75' title='bbox 638 1585 809 1638; x_wconf 86' lang='lat' dir='ltr'><strong>animi</strong></span> <span class='ocrx_word' id='word_1_76' title='bbox 835 1581 1200 1644; x_wconf 89' lang='lat' dir='ltr'><strong>mendicitate,</strong></span> <span class='ocrx_word' id='word_1_77' title='bbox 1223 1589 1277 1634; x_wconf 82' lang='lat' dir='ltr'><strong>et</strong></span> <span class='ocrx_word' id='word_1_78' title='bbox 1302 1563 1623 1648; x_wconf 77' lang='lat' dir='ltr'><strong>paupertate</strong></span> <span class='ocrx_word' id='word_1_79' title='bbox 1672 1590 1768 1643; x_wconf 89' lang='lat' dir='ltr'><strong>per</strong></span> <span class='ocrx_word' id='word_1_80' title='bbox 1820 1573 2080 1627; x_wconf 89' lang='lat' dir='ltr'><strong>malitiam</strong></span> <span class='ocrx_word' id='word_1_81' title='bbox 2117 1573 2206 1625; x_wconf 88' lang='lat' dir='ltr'><strong>in-</strong></span> 
     </span>
    </p>
   </div>
   <div class='ocr_carea' id='block_1_14' title="bbox 640 1675 849 1730">
    <p class='ocr_par' dir='ltr' id='par_1_14' title="bbox 640 1675 849 1730">
     <span class='ocr_line' id='line_1_14' title="bbox 640 1675 849 1730; baseline -0.014 0"><span class='ocrx_word' id='word_1_82' title='bbox 640 1677 802 1730; x_wconf 85' lang='lat' dir='ltr'><strong>ducta</strong></span> <span class='ocrx_word' id='word_1_83' title='bbox 823 1675 849 1727; x_wconf 66' lang='grc' dir='ltr'><strong><em>τ</em></strong></span> 
     </span>
    </p>
   </div>
   <div class='ocr_carea' id='block_1_15' title="bbox 711 1754 2190 1821">
    <p class='ocr_par' dir='ltr' id='par_1_15' title="bbox 711 1754 2190 1821">
     <span class='ocr_line' id='line_1_15' title="bbox 711 1754 2190 1821; baseline -0.009 -2"><span class='ocrx_word' id='word_1_84' title='bbox 711 1767 796 1820; x_wconf 64' lang='grc'><strong>11.</strong></span> <span class='ocrx_word' id='word_1_85' title='bbox 828 1765 895 1818; x_wconf 87' lang='lat' dir='ltr'><strong>Et</strong></span> <span class='ocrx_word' id='word_1_86' title='bbox 934 1763 1143 1818; x_wconf 71' lang='lat' dir='ltr'><strong>vincula</strong></span> <span class='ocrx_word' id='word_1_87' title='bbox 1179 1778 1361 1816; x_wconf 85' lang='lat' dir='ltr'><strong>eorum</strong></span> <span class='ocrx_word' id='word_1_88' title='bbox 1417 1759 1661 1819; x_wconf 83' lang='lat' dir='ltr'><strong>disrupit.</strong></span> <span class='ocrx_word' id='word_1_89' title='bbox 1724 1754 1880 1820; x_wconf 86' lang='lat' dir='ltr'><strong>Illud,</strong></span> <span class='ocrx_word' id='word_1_90' title='bbox 1936 1754 2190 1821; x_wconf 75' lang='lat' dir='ltr'><strong>disrupit,</strong></span> 
     </span>
    </p>
   </div>
   <div class='ocr_carea' id='block_1_16' title="bbox 638 1846 1904 1924">
    <p class='ocr_par' dir='ltr' id='par_1_16' title="bbox 638 1846 1904 1924">
     <span class='ocr_line' id='line_1_16' title="bbox 638 1846 1904 1924; baseline -0.009 -15"><span class='ocrx_word' id='word_1_91' title='bbox 638 1856 969 1924; x_wconf 85' lang='lat' dir='ltr'><strong>repentinam</strong></span> <span class='ocrx_word' id='word_1_92' title='bbox 1003 1853 1204 1922; x_wconf 81' lang='lat' dir='ltr'><strong>peccati</strong></span> <span class='ocrx_word' id='word_1_93' title='bbox 1227 1850 1649 1905; x_wconf 87' lang='lat' dir='ltr'><strong>destructionem</strong></span> <span class='ocrx_word' id='word_1_94' title='bbox 1683 1846 1904 1900; x_wconf 87' lang='lat' dir='ltr'><strong>indicat.</strong></span> 
     </span>
    </p>
   </div>
   <div class='ocr_carea' id='block_1_17' title="bbox 713 1935 2201 2014">
    <p class='ocr_par' dir='ltr' id='par_1_17' title="bbox 713 1935 2201 2014">
     <span class='ocr_line' id='line_1_17' title="bbox 713 1935 2201 2014; baseline -0.009 -12"><span class='ocrx_word' id='word_1_95' title='bbox 713 1947 895 2002; x_wconf 69' lang='grc'><strong>15-16.</strong></span> <span class='ocrx_word' id='word_1_96' title='bbox 956 1944 1324 2014; x_wconf 79' lang='lat' dir='ltr'><strong>Conﬁteantur</strong></span> <span class='ocrx_word' id='word_1_97' title='bbox 1377 1942 1602 1996; x_wconf 87' lang='lat' dir='ltr'><strong>Domino</strong></span> <span class='ocrx_word' id='word_1_98' title='bbox 1653 1938 2028 1994; x_wconf 68' lang='lat' dir='ltr'><strong>misericordia</strong></span> <span class='ocrx_word' id='word_1_99' title='bbox 2067 1935 2201 2004; x_wconf 82' lang='lat' dir='ltr'><strong>ejus.</strong></span> 
     </span>
    </p>
   </div>
   <div class='ocr_carea' id='block_1_18' title="bbox 641 2027 2207 2108">
    <p class='ocr_par' dir='ltr' id='par_1_18' title="bbox 641 2027 2207 2108">
     <span class='ocr_line' id='line_1_18' title="bbox 641 2027 2207 2108; baseline -0.009 -15"><span class='ocrx_word' id='word_1_100' title='bbox 641 2039 838 2094; x_wconf 84' lang='lat' dir='ltr'><strong>Eadem</strong></span> <span class='ocrx_word' id='word_1_101' title='bbox 870 2039 983 2108; x_wconf 89' lang='lat' dir='ltr'><strong>ipsa</strong></span> <span class='ocrx_word' id='word_1_102' title='bbox 1017 2038 1084 2092; x_wconf 89' lang='lat' dir='ltr'><strong>de</strong></span> <span class='ocrx_word' id='word_1_103' title='bbox 1113 2036 1387 2091; x_wconf 80' lang='lat' dir='ltr'><strong>beneﬁciis</strong></span> <span class='ocrx_word' id='word_1_104' title='bbox 1415 2034 1534 2102; x_wconf 82' lang='lat' dir='ltr'><strong>ejus</strong></span> <span class='ocrx_word' id='word_1_105' title='bbox 1563 2032 1772 2102; x_wconf 86' lang='lat' dir='ltr'><strong>repetit.</strong></span> <span class='ocrx_word' id='word_1_106' title='bbox 1796 2030 1934 2094; x_wconf 85' lang='lat' dir='ltr'><strong>Quia</strong></span> <span class='ocrx_word' id='word_1_107' title='bbox 1962 2027 2207 2082; x_wconf 80' lang='lat' dir='ltr'><strong>contrivit</strong></span> 
     </span>
    </p>
   </div>
   <div class='ocr_carea' id='block_1_19' title="bbox 637 2118 2205 2201">
    <p class='ocr_par' dir='ltr' id='par_1_19' title="bbox 637 2118 2205 2201">
     <span class='ocr_line' id='line_1_19' title="bbox 637 2118 2205 2201; baseline -0.008 -17"><span class='ocrx_word' id='word_1_108' title='bbox 637 2139 818 2201; x_wconf 79' lang='lat' dir='ltr'><strong>portas</strong></span> <span class='ocrx_word' id='word_1_109' title='bbox 848 2146 1032 2184; x_wconf 73' lang='lat' dir='ltr'><strong>terens.</strong></span> <span class='ocrx_word' id='word_1_110' title='bbox 1097 2127 1425 2182; x_wconf 89' lang='lat' dir='ltr'><strong>Descensum</strong></span> <span class='ocrx_word' id='word_1_111' title='bbox 1465 2121 1762 2176; x_wconf 83' lang='lat' dir='ltr'><strong>Salvatoris</strong></span> <span class='ocrx_word' id='word_1_112' title='bbox 1804 2121 1871 2175; x_wconf 90' lang='lat' dir='ltr'><strong>ad</strong></span> <span class='ocrx_word' id='word_1_113' title='bbox 1928 2118 2205 2174; x_wconf 83' lang='lat' dir='ltr'><strong>infernum</strong></span> 
     </span>
    </p>
   </div>
   <div class='ocr_carea' id='block_1_20' title="bbox 639 2207 2206 2286">
    <p class='ocr_par' dir='ltr' id='par_1_20' title="bbox 639 2207 2206 2286">
     <span class='ocr_line' id='line_1_20' title="bbox 639 2207 2206 2286; baseline -0.007 -14"><span class='ocrx_word' id='word_1_114' title='bbox 639 2217 943 2286; x_wconf 81' lang='lat' dir='ltr'><strong>signiﬁcat,</strong></span> <span class='ocrx_word' id='word_1_115' title='bbox 1013 2229 1278 2283; x_wconf 86' lang='lat' dir='ltr'><strong>quocum</strong></span> <span class='ocrx_word' id='word_1_116' title='bbox 1334 2210 1698 2281; x_wconf 82' lang='lat' dir='ltr'><strong>pervenisset,</strong></span> <span class='ocrx_word' id='word_1_117' title='bbox 1767 2218 1951 2280; x_wconf 88' lang='lat' dir='ltr'><strong>portas</strong></span> <span class='ocrx_word' id='word_1_118' title='bbox 2009 2207 2206 2262; x_wconf 78' lang='lat' dir='ltr'><strong>inferni</strong></span> 
     </span>
    </p>
   </div>
   <div class='ocr_carea' id='block_1_21' title="bbox 641 2299 2208 2378">
    <p class='ocr_par' dir='ltr' id='par_1_21' title="bbox 641 2299 2208 2378">
     <span class='ocr_line' id='line_1_21' title="bbox 641 2299 2208 2378; baseline -0.008 -17"><span class='ocrx_word' id='word_1_119' title='bbox 641 2308 875 2378; x_wconf 79' lang='lat' dir='ltr'><strong>aperuit,</strong></span> <span class='ocrx_word' id='word_1_120' title='bbox 911 2305 1040 2358; x_wconf 91' lang='lat' dir='ltr'><strong>olim</strong></span> <span class='ocrx_word' id='word_1_121' title='bbox 1069 2305 1302 2357; x_wconf 78' lang='lat' dir='ltr'><strong>vinculis</strong></span> <span class='ocrx_word' id='word_1_122' title='bbox 1329 2302 1735 2360; x_wconf 85' lang='lat' dir='ltr'><strong>insolubilibus,</strong></span> <span class='ocrx_word' id='word_1_123' title='bbox 1771 2299 2026 2353; x_wconf 83' lang='lat' dir='ltr'><strong>omnibus</strong></span> <span class='ocrx_word' id='word_1_124' title='bbox 2059 2299 2208 2351; x_wconf 86' lang='lat' dir='ltr'><strong>clau-</strong></span> 
     </span>
    </p>
   </div>
   <div class='ocr_carea' id='block_1_22' title="bbox 643 2389 2209 2455">
    <p class='ocr_par' dir='ltr' id='par_1_22' title="bbox 643 2389 2209 2455">
     <span class='ocr_line' id='line_1_22' title="bbox 643 2389 2209 2455; baseline -0.008 -4"><span class='ocrx_word' id='word_1_125' title='bbox 643 2413 750 2451; x_wconf 86' lang='lat' dir='ltr'><strong>sas.</strong></span> <span class='ocrx_word' id='word_1_126' title='bbox 797 2395 911 2448; x_wconf 81' lang='lat' dir='ltr'><strong>Non</strong></span> <span class='ocrx_word' id='word_1_127' title='bbox 939 2395 1086 2448; x_wconf 88' lang='lat' dir='ltr'><strong>enim</strong></span> <span class='ocrx_word' id='word_1_128' title='bbox 1142 2393 1375 2447; x_wconf 83' lang='lat' dir='ltr'><strong>facultas</strong></span> <span class='ocrx_word' id='word_1_129' title='bbox 1413 2401 1531 2444; x_wconf 89' lang='lat' dir='ltr'><strong>erat</strong></span> <span class='ocrx_word' id='word_1_130' title='bbox 1561 2389 1871 2444; x_wconf 85' lang='lat' dir='ltr'><strong>volentibus</strong></span> <span class='ocrx_word' id='word_1_131' title='bbox 1935 2395 2209 2455; x_wconf 72' lang='lat' dir='ltr'><strong>retrogra-</strong></span> 
     </span>
    </p>
   </div>
   <div class='ocr_carea' id='block_1_23' title="bbox 642 2475 2203 2552">
    <p class='ocr_par' dir='ltr' id='par_1_23' title="bbox 642 2475 2203 2552">
     <span class='ocr_line' id='line_1_23' title="bbox 642 2475 2203 2552; baseline -0.006 -15"><span class='ocrx_word' id='word_1_132' title='bbox 642 2487 695 2539; x_wconf 87' lang='lat' dir='ltr'><strong>di</strong></span> <span class='ocrx_word' id='word_1_133' title='bbox 728 2504 742 2548; x_wconf 86' lang='lat'><strong>;</strong></span> <span class='ocrx_word' id='word_1_134' title='bbox 770 2485 865 2540; x_wconf 87' lang='lat' dir='ltr'><strong>sed</strong></span> <span class='ocrx_word' id='word_1_135' title='bbox 904 2485 1020 2552; x_wconf 82' lang='lat' dir='ltr'><strong>ipse</strong></span> <span class='ocrx_word' id='word_1_136' title='bbox 1046 2483 1183 2536; x_wconf 86' lang='lat' dir='ltr'><strong>dixit</strong></span> <span class='ocrx_word' id='word_1_137' title='bbox 1203 2483 1269 2535; x_wconf 89' lang='lat' dir='ltr'><strong>iis</strong></span> <span class='ocrx_word' id='word_1_138' title='bbox 1296 2482 1384 2549; x_wconf 87' lang='lat' dir='ltr'><strong>qui</strong></span> <span class='ocrx_word' id='word_1_139' title='bbox 1417 2479 1575 2532; x_wconf 82' lang='lat' dir='ltr'><strong>vincti</strong></span> <span class='ocrx_word' id='word_1_140' title='bbox 1620 2487 1781 2530; x_wconf 85' lang='lat' dir='ltr'><strong>sunt:</strong></span> <span class='ocrx_word' id='word_1_141' title='bbox 1826 2475 2000 2536; x_wconf 76' lang='lat' dir='ltr'><strong>Exite.</strong></span> <span class='ocrx_word' id='word_1_142' title='bbox 2053 2488 2101 2529; x_wconf 86' lang='lat' dir='ltr'><strong>et</strong></span> <span class='ocrx_word' id='word_1_143' title='bbox 2135 2476 2203 2528; x_wconf 90' lang='lat' dir='ltr'><strong>iis</strong></span> 
     </span>
    </p>
   </div>
   <div class='ocr_carea' id='block_1_24' title="bbox 643 2571 1527 2647">
    <p class='ocr_par' dir='ltr' id='par_1_24' title="bbox 643 2571 1527 2647">
     <span class='ocr_line' id='line_1_24' title="bbox 643 2571 1527 2647; baseline -0.01 -16"><span class='ocrx_word' id='word_1_144' title='bbox 643 2579 733 2647; x_wconf 86' lang='lat' dir='ltr'><strong>qui</strong></span> <span class='ocrx_word' id='word_1_145' title='bbox 765 2579 821 2629; x_wconf 91' lang='lat' dir='ltr'><strong>in</strong></span> <span class='ocrx_word' id='word_1_146' title='bbox 857 2575 1118 2628; x_wconf 89' lang='lat' dir='ltr'><strong>tenebris:</strong></span> <span class='ocrx_word' id='word_1_147' title='bbox 1143 2572 1461 2626; x_wconf 80' lang='lat' dir='ltr'><strong>Reuelamini</strong></span> <span class='ocrx_word' id='word_1_148' title='bbox 1488 2571 1527 2623; x_wconf 82' lang='grc'><strong>¹.</strong></span> 
     </span>
    </p>
   </div>
   <div class='ocr_carea' id='block_1_25' title="bbox 720 2661 2206 2719">
    <p class='ocr_par' dir='ltr' id='par_1_25' title="bbox 720 2661 2206 2719">
     <span class='ocr_line' id='line_1_25' title="bbox 720 2661 2206 2719; baseline -0.009 0"><span class='ocrx_word' id='word_1_149' title='bbox 720 2667 805 2719; x_wconf 86' lang='grc'><strong>18.</strong></span> <span class='ocrx_word' id='word_1_150' title='bbox 847 2665 1064 2719; x_wconf 85' lang='lat' dir='ltr'><strong>Omnem</strong></span> <span class='ocrx_word' id='word_1_151' title='bbox 1093 2679 1266 2716; x_wconf 89' lang='lat' dir='ltr'><strong>escam</strong></span> <span class='ocrx_word' id='word_1_152' title='bbox 1298 2661 1604 2714; x_wconf 80' lang='lat' dir='ltr'><strong>abominata</strong></span> <span class='ocrx_word' id='word_1_153' title='bbox 1632 2667 1710 2712; x_wconf 86' lang='lat' dir='ltr'><strong>est</strong></span> <span class='ocrx_word' id='word_1_154' title='bbox 1762 2661 1942 2712; x_wconf 87' lang='lat' dir='ltr'><strong>anima</strong></span> <span class='ocrx_word' id='word_1_155' title='bbox 2004 2673 2206 2711; x_wconf 88' lang='lat' dir='ltr'><strong>eorum.</strong></span> 
     </span>
    </p>
   </div>
   <div class='ocr_carea' id='block_1_26' title="bbox 647 2749 2208 2822">
    <p class='ocr_par' dir='ltr' id='par_1_26' title="bbox 647 2749 2208 2822">
     <span class='ocr_line' id='line_1_26' title="bbox 647 2749 2208 2822; baseline -0.006 -10"><span class='ocrx_word' id='word_1_156' title='bbox 647 2757 764 2812; x_wconf 80' lang='lat' dir='ltr'><strong>Non</strong></span> <span class='ocrx_word' id='word_1_157' title='bbox 788 2758 929 2812; x_wconf 88' lang='lat' dir='ltr'><strong>cnim</strong></span> <span class='ocrx_word' id='word_1_158' title='bbox 953 2757 1142 2810; x_wconf 88' lang='lat' dir='ltr'><strong>aderat</strong></span> <span class='ocrx_word' id='word_1_159' title='bbox 1168 2755 1394 2808; x_wconf 80' lang='lat' dir='ltr'><strong>verbum</strong></span> <span class='ocrx_word' id='word_1_160' title='bbox 1427 2751 1576 2822; x_wconf 87' lang='lat' dir='ltr'><strong>quod</strong></span> <span class='ocrx_word' id='word_1_161' title='bbox 1610 2759 1794 2819; x_wconf 90' lang='lat' dir='ltr'><strong>posset</strong></span> <span class='ocrx_word' id='word_1_162' title='bbox 1826 2766 1919 2804; x_wconf 89' lang='lat' dir='ltr'><strong>eos</strong></span> <span class='ocrx_word' id='word_1_163' title='bbox 1947 2749 2208 2803; x_wconf 88' lang='lat' dir='ltr'><strong>enutrire.</strong></span> 
     </span>
    </p>
   </div>
   <div class='ocr_carea' id='block_1_27' title="bbox 646 2840 2211 2912">
    <p class='ocr_par' dir='ltr' id='par_1_27' title="bbox 646 2840 2211 2912">
     <span class='ocr_line' id='line_1_27' title="bbox 646 2840 2211 2912; baseline -0.007 -10"><span class='ocrx_word' id='word_1_164' title='bbox 646 2847 824 2904; x_wconf 64' lang='lat' dir='ltr'><strong>Porta</strong></span> <span class='ocrx_word' id='word_1_165' title='bbox 855 2856 1034 2902; x_wconf 83' lang='lat' dir='ltr'><strong>autem</strong></span> <span class='ocrx_word' id='word_1_166' title='bbox 1065 2846 1259 2900; x_wconf 83' lang='lat' dir='ltr'><strong>mortis</strong></span> <span class='ocrx_word' id='word_1_167' title='bbox 1295 2853 1420 2898; x_wconf 87' lang='lat' dir='ltr'><strong>sunt</strong></span> <span class='ocrx_word' id='word_1_168' title='bbox 1447 2851 1668 2912; x_wconf 88' lang='lat' dir='ltr'><strong>peccata</strong></span> <span class='ocrx_word' id='word_1_169' title='bbox 1713 2855 1835 2910; x_wconf 72' lang='lat' dir='ltr'><strong>quae</strong></span> <span class='ocrx_word' id='word_1_170' title='bbox 1862 2840 1930 2893; x_wconf 88' lang='lat' dir='ltr'><strong>ad</strong></span> <span class='ocrx_word' id='word_1_171' title='bbox 1981 2847 2211 2892; x_wconf 82' lang='lat' dir='ltr'><strong>mortem</strong></span> 
     </span>
    </p>
   </div>
   <div class='ocr_carea' id='block_1_28' title="bbox 648 2944 878 2995">
    <p class='ocr_par' dir='ltr' id='par_1_28' title="bbox 648 2944 878 2995">
     <span class='ocr_line' id='line_1_28' title="bbox 648 2944 878 2995; baseline -0.004 0"><span class='ocrx_word' id='word_1_172' title='bbox 648 2944 878 2995; x_wconf 87' lang='lat' dir='ltr'><strong>ducunt.</strong></span> 
     </span>
    </p>
   </div>
   <div class='ocr_carea' id='block_1_29' title="bbox 719 3025 2213 3099">
    <p class='ocr_par' dir='ltr' id='par_1_29' title="bbox 719 3025 2213 3099">
     <span class='ocr_line' id='line_1_29' title="bbox 719 3025 2213 3099; baseline -0.003 -16"><span class='ocrx_word' id='word_1_173' title='bbox 719 3031 807 3083; x_wconf 72' lang='lat'><strong>22.</strong></span> <span class='ocrx_word' id='word_1_174' title='bbox 833 3029 900 3082; x_wconf 86' lang='lat' dir='ltr'><strong>Et</strong></span> <span class='ocrx_word' id='word_1_175' title='bbox 925 3029 1219 3099; x_wconf 78' lang='lat' dir='ltr'><strong>sacriﬁcent</strong></span> <span class='ocrx_word' id='word_1_176' title='bbox 1248 3027 1631 3096; x_wconf 81' lang='lat' dir='ltr'><strong>eisacriﬁcinm</strong></span> <span class='ocrx_word' id='word_1_177' title='bbox 1663 3027 1857 3080; x_wconf 87' lang='lat' dir='ltr'><strong>laudis.</strong></span> <span class='ocrx_word' id='word_1_178' title='bbox 1882 3025 1962 3080; x_wconf 82' lang='lat' dir='ltr'><strong>Ad</strong></span> <span class='ocrx_word' id='word_1_179' title='bbox 1992 3033 2213 3081; x_wconf 82' lang='lat' dir='ltr'><strong>sanctos</strong></span> 
     </span>
    </p>
   </div>
   <div class='ocr_carea' id='block_1_30' title="bbox 1505 355 3062 426">
    <p class='ocr_par' dir='ltr' id='par_1_30' title="bbox 1505 355 3062 426">
     <span class='ocr_line' id='line_1_30' title="bbox 1505 355 3062 426; baseline -0.012 0"><span class='ocrx_word' id='word_1_180' title='bbox 1505 371 1558 426; x_wconf 86' lang='lat' dir='ltr'><strong>S.</strong></span> <span class='ocrx_word' id='word_1_181' title='bbox 1602 366 1973 423; x_wconf 74' lang='lat' dir='ltr'><strong>ATllA‘NASIl</strong></span> <span class='ocrx_word' id='word_1_182' title='bbox 2009 363 2158 418; x_wconf 81' lang='lat' dir='ltr'><strong>OPP.</strong></span> <span class='ocrx_word' id='word_1_183' title='bbox 2199 359 2377 414; x_wconf 77' lang='lat' dir='ltr'><strong>PARS</strong></span> <span class='ocrx_word' id='word_1_184' title='bbox 2416 359 2502 414; x_wconf 88' lang='lat' dir='ltr'><strong>lll.</strong></span> <span class='ocrx_word' id='word_1_185' title='bbox 2549 390 2615 399; x_wconf 90' lang='lat'><strong><em>—</em></strong></span> <span class='ocrx_word' id='word_1_186' title='bbox 2653 355 3062 411; x_wconf 73' lang='lat' dir='ltr'><strong>EXEGETICA.</strong></span> 
     </span>
    </p>
   </div>
   <div class='ocr_carea' id='block_1_31' title="bbox 3755 345 3865 402">
    <p class='ocr_par' dir='ltr' id='par_1_31' title="bbox 3755 345 3865 402">
     <span class='ocr_line' id='line_1_31' title="bbox 3755 345 3865 402; baseline 0.027 -3"><span class='ocrx_word' id='word_1_187' title='bbox 3755 345 3865 402; x_wconf 63' lang='grc'><strong>153</strong></span> 
     </span>
    </p>
   </div>
   <div class='ocr_carea' id='block_1_32' title="bbox 2368 461 3871 540">
    <p class='ocr_par' dir='ltr' id='par_1_32' title="bbox 2368 461 3871 540">
     <span class='ocr_line' id='line_1_32' title="bbox 2368 461 3871 540; baseline -0.011 -11"><span class='ocrx_word' id='word_1_188' title='bbox 2368 477 2496 528; x_wconf 84' lang='grc' dir='ltr'>’Ὁτι</span> <span class='ocrx_word' id='word_1_189' title='bbox 2525 474 2968 540; x_wconf 78' lang='grc' dir='ltr'><strong>παρεπίκραναν</strong></span> <span class='ocrx_word' id='word_1_190' title='bbox 3008 469 3082 521; x_wconf 85' lang='grc' dir='ltr'>τὰ</span> <span class='ocrx_word' id='word_1_191' title='bbox 3126 468 3300 535; x_wconf 72' lang='grc' dir='ltr'>λόγια</span> <span class='ocrx_word' id='word_1_192' title='bbox 3341 467 3460 517; x_wconf 73' lang='grc' dir='ltr'><strong>τούν</strong></span> <span class='ocrx_word' id='word_1_193' title='bbox 3476 465 3652 516; x_wconf 69' lang='grc' dir='ltr'>θεου.</span> <span class='ocrx_word' id='word_1_194' title='bbox 3697 461 3871 514; x_wconf 75' lang='grc' dir='ltr'>Οὐδα-</span> 
     </span>
    </p>
   </div>
   <div class='ocr_carea' id='block_1_33' title="bbox 2302 555 3868 638">
    <p class='ocr_par' dir='ltr' id='par_1_33' title="bbox 2302 555 3868 638">
     <span class='ocr_line' id='line_1_33' title="bbox 2302 555 3868 638; baseline -0.011 -18"><span class='ocrx_word' id='word_1_195' title='bbox 2302 568 2415 638; x_wconf 76' lang='grc' dir='ltr'><strong>μῶς</strong></span> <span class='ocrx_word' id='word_1_196' title='bbox 2441 566 2530 619; x_wconf 83' lang='grc' dir='ltr'><strong>τὸν</strong></span> <span class='ocrx_word' id='word_1_197' title='bbox 2556 565 2694 617; x_wconf 87' lang='grc' dir='ltr'>θεῖον</span> <span class='ocrx_word' id='word_1_198' title='bbox 2723 561 3150 632; x_wconf 82' lang='grc' dir='ltr'>παραδεχόμενοι</span> <span class='ocrx_word' id='word_1_199' title='bbox 3180 559 3360 627; x_wconf 87' lang='grc' dir='ltr'>νόμον,</span> <span class='ocrx_word' id='word_1_200' title='bbox 3391 555 3525 608; x_wconf 87' lang='grc' dir='ltr'><strong>ἀλλά</strong></span> <span class='ocrx_word' id='word_1_201' title='bbox 3545 557 3657 616; x_wconf 85' lang='grc' dir='ltr'>τοῖς</span> <span class='ocrx_word' id='word_1_202' title='bbox 3681 556 3868 620; x_wconf 64' lang='grc' dir='ltr'>σοςσοῑς</span> 
     </span>
    </p>
   </div>
   <div class='ocr_carea' id='block_1_34' title="bbox 2298 643 3870 722">
    <p class='ocr_par' dir='ltr' id='par_1_34' title="bbox 2298 643 3870 722">
     <span class='ocr_line' id='line_1_34' title="bbox 2298 643 3870 722; baseline -0.011 -10"><span class='ocrx_word' id='word_1_203' title='bbox 2298 658 2390 712; x_wconf 82' lang='grc' dir='ltr'>τοῦ</span> <span class='ocrx_word' id='word_1_204' title='bbox 2443 658 2633 718; x_wconf 84' lang='grc' dir='ltr'>αἰῶνος</span> <span class='ocrx_word' id='word_1_205' title='bbox 2683 655 2871 707; x_wconf 74' lang='grc' dir='ltr'>τούτου</span> <span class='ocrx_word' id='word_1_206' title='bbox 2921 651 3282 722; x_wconf 83' lang='grc' dir='ltr'>προνέμοντες</span> <span class='ocrx_word' id='word_1_207' title='bbox 3325 645 3568 707; x_wconf 79' lang='grc' dir='ltr'>ἑαυτούς.</span> <span class='ocrx_word' id='word_1_208' title='bbox 3605 645 3715 698; x_wconf 80' lang='grc' dir='ltr'><strong>Καὶ</strong></span> <span class='ocrx_word' id='word_1_209' title='bbox 3755 643 3870 707; x_wconf 77' lang='grc' dir='ltr'>τὴν</span> 
     </span>
    </p>
   </div>
   <div class='ocr_carea' id='block_1_35' title="bbox 2293 729 3869 814">
    <p class='ocr_par' dir='ltr' id='par_1_35' title="bbox 2293 729 3869 814">
     <span class='ocr_line' id='line_1_35' title="bbox 2293 729 3869 814; baseline -0.011 -13"><span class='ocrx_word' id='word_1_210' title='bbox 2293 747 2535 814; x_wconf 74' lang='grc' dir='ltr'>,βουλὴν</span> <span class='ocrx_word' id='word_1_211' title='bbox 2571 745 2675 797; x_wconf 83' lang='grc' dir='ltr'><strong>τοῦ</strong></span> <span class='ocrx_word' id='word_1_212' title='bbox 2721 744 2998 810; x_wconf 73' lang='grc' dir='ltr'>Ὑψίστου</span> <span class='ocrx_word' id='word_1_213' title='bbox 3038 737 3414 805; x_wconf 82' lang='grc' dir='ltr'><strong>παρώξυναν.</strong></span> <span class='ocrx_word' id='word_1_214' title='bbox 3446 735 3555 788; x_wconf 69' lang='grc' dir='ltr'><strong>Καὶ</strong></span> <span class='ocrx_word' id='word_1_215' title='bbox 3588 734 3716 785; x_wconf 80' lang='grc' dir='ltr'>ποία</span> <span class='ocrx_word' id='word_1_216' title='bbox 3742 729 3809 802; x_wconf 79' lang='grc' dir='ltr'><strong>ἦν</strong></span> <span class='ocrx_word' id='word_1_217' title='bbox 3835 734 3869 802; x_wconf 78' lang='grc' dir='ltr'>ἡ</span> 
     </span>
    </p>
   </div>
   <div class='ocr_carea' id='block_1_36' title="bbox 2301 825 3871 912">
    <p class='ocr_par' dir='ltr' id='par_1_36' title="bbox 2301 825 3871 912">
     <span class='ocr_line' id='line_1_36' title="bbox 2301 825 3871 912; baseline -0.012 -19"><span class='ocrx_word' id='word_1_218' title='bbox 2301 841 2460 912; x_wconf 82' lang='grc' dir='ltr'>βουλὴ</span> <span class='ocrx_word' id='word_1_219' title='bbox 2493 838 2586 890; x_wconf 76' lang='grc' dir='ltr'>τοῦ</span> <span class='ocrx_word' id='word_1_220' title='bbox 2633 836 2905 903; x_wconf 68' lang='grc' dir='ltr'>Ὑψίστου,</span> <span class='ocrx_word' id='word_1_221' title='bbox 2931 833 2962 903; x_wconf 81' lang='grc' dir='ltr'>ἢ</span> <span class='ocrx_word' id='word_1_222' title='bbox 2989 831 3049 884; x_wconf 83' lang='grc' dir='ltr'><strong>τὸ</strong></span> <span class='ocrx_word' id='word_1_223' title='bbox 3084 831 3254 882; x_wconf 79' lang='grc' dir='ltr'>Θέλειν</span> <span class='ocrx_word' id='word_1_224' title='bbox 3291 828 3450 880; x_wconf 73' lang='grc' dir='ltr'>αὑτὸν</span> <span class='ocrx_word' id='word_1_225' title='bbox 3488 825 3717 889; x_wconf 78' lang='grc' dir='ltr'><strong>πάντας</strong></span> <span class='ocrx_word' id='word_1_226' title='bbox 3762 825 3871 876; x_wconf 80' lang='grc' dir='ltr'>ἀν-</span> 
     </span>
    </p>
   </div>
   <div class='ocr_carea' id='block_1_37' title="bbox 2300 916 3872 998">
    <p class='ocr_par' dir='ltr' id='par_1_37' title="bbox 2300 916 3872 998">
     <span class='ocr_line' id='line_1_37' title="bbox 2300 916 3872 998; baseline -0.011 -16"><span class='ocrx_word' id='word_1_227' title='bbox 2300 927 2568 998; x_wconf 85' lang='grc' dir='ltr'>θρώπους</span> <span class='ocrx_word' id='word_1_228' title='bbox 2611 925 2913 986; x_wconf 74' lang='grc' dir='ltr'>σώζεσθαι,</span> <span class='ocrx_word' id='word_1_229' title='bbox 2955 920 3054 974; x_wconf 82' lang='grc' dir='ltr'><strong>καί</strong></span> <span class='ocrx_word' id='word_1_230' title='bbox 3099 922 3186 985; x_wconf 86' lang='grc' dir='ltr'><strong>εἰς</strong></span> <span class='ocrx_word' id='word_1_231' title='bbox 3227 918 3552 985; x_wconf 71' lang='grc' dir='ltr'><strong>ἐπίγνωσιν</strong></span> <span class='ocrx_word' id='word_1_232' title='bbox 3586 916 3872 981; x_wconf 77' lang='grc' dir='ltr'>ἀληθείας</span> 
     </span>
    </p>
   </div>
   <div class='ocr_carea' id='block_1_38' title="bbox 2299 1020 2530 1082">
    <p class='ocr_par' dir='ltr' id='par_1_38' title="bbox 2299 1020 2530 1082">
     <span class='ocr_line' id='line_1_38' title="bbox 2299 1020 2530 1082; baseline -0.009 -8"><span class='ocrx_word' id='word_1_233' title='bbox 2299 1020 2497 1074; x_wconf 71' lang='grc' dir='ltr'><strong>ἐλθεῖν</strong></span> <span class='ocrx_word' id='word_1_234' title='bbox 2513 1035 2530 1082; x_wconf 90' lang='grc'><em>;</em></span> 
     </span>
    </p>
   </div>
   <div class='ocr_carea' id='block_1_39' title="bbox 2386 1093 3874 1174">
    <p class='ocr_par' dir='ltr' id='par_1_39' title="bbox 2386 1093 3874 1174">
     <span class='ocr_line' id='line_1_39' title="bbox 2386 1093 3874 1174; baseline -0.013 -11"><span class='ocrx_word' id='word_1_235' title='bbox 2386 1109 2768 1174; x_wconf 84' lang='grc' dir='ltr'>Ἠσθένησαν,</span> <span class='ocrx_word' id='word_1_236' title='bbox 2801 1104 2899 1157; x_wconf 80' lang='grc' dir='ltr'><strong>καί</strong></span> <span class='ocrx_word' id='word_1_237' title='bbox 2929 1105 3037 1156; x_wconf 85' lang='grc' dir='ltr'>οὐκ</span> <span class='ocrx_word' id='word_1_238' title='bbox 3066 1097 3143 1171; x_wconf 78' lang='grc' dir='ltr'><strong>ἦν</strong></span> <span class='ocrx_word' id='word_1_239' title='bbox 3165 1103 3197 1153; x_wconf 83' lang='grc' dir='ltr'><em>ὀ</em></span> <span class='ocrx_word' id='word_1_240' title='bbox 3217 1097 3476 1166; x_wconf 80' lang='grc' dir='ltr'>βοηθῶν.</span> <span class='ocrx_word' id='word_1_241' title='bbox 3496 1097 3570 1149; x_wconf 74' lang='grc' dir='ltr'><strong>Οὐ</strong></span> <span class='ocrx_word' id='word_1_242' title='bbox 3592 1095 3699 1166; x_wconf 80' lang='grc' dir='ltr'><strong>γὰρ</strong></span> <span class='ocrx_word' id='word_1_243' title='bbox 3723 1093 3874 1163; x_wconf 81' lang='grc' dir='ltr'><strong>ῖσχυέ</strong></span> 
     </span>
    </p>
   </div>
   <div class='ocr_carea' id='block_1_40' title="bbox 2300 1190 3624 1270">
    <p class='ocr_par' dir='ltr' id='par_1_40' title="bbox 2300 1190 3624 1270">
     <span class='ocr_line' id='line_1_40' title="bbox 2300 1190 3624 1270; baseline -0.013 -14"><span class='ocrx_word' id='word_1_244' title='bbox 2300 1220 2384 1265; x_wconf 85' lang='grc' dir='ltr'><strong>τις</strong></span> <span class='ocrx_word' id='word_1_245' title='bbox 2411 1203 2508 1269; x_wconf 81' lang='grc' dir='ltr'><strong>τῆς</strong></span> <span class='ocrx_word' id='word_1_246' title='bbox 2536 1200 2804 1270; x_wconf 82' lang='grc' dir='ltr'>ἁμαρτίας</span> <span class='ocrx_word' id='word_1_247' title='bbox 2836 1194 3165 1267; x_wconf 74' lang='grc' dir='ltr'>ποιήσασθαι</span> <span class='ocrx_word' id='word_1_248' title='bbox 3199 1192 3298 1261; x_wconf 82' lang='grc' dir='ltr'>τὴν</span> <span class='ocrx_word' id='word_1_249' title='bbox 3323 1190 3624 1259; x_wconf 87' lang='grc' dir='ltr'>ἀναίρεσιν.</span> 
     </span>
    </p>
   </div>
   <div class='ocr_carea' id='block_1_41' title="bbox 2372 1279 3873 1357">
    <p class='ocr_par' dir='ltr' id='par_1_41' title="bbox 2372 1279 3873 1357">
     <span class='ocr_line' id='line_1_41' title="bbox 2372 1279 3873 1357; baseline -0.011 -11"><span class='ocrx_word' id='word_1_250' title='bbox 2372 1293 2479 1346; x_wconf 79' lang='lat' dir='ltr'><strong>Kai</strong></span> <span class='ocrx_word' id='word_1_251' title='bbox 2529 1292 2595 1344; x_wconf 84' lang='grc' dir='ltr'>ἐκ</span> <span class='ocrx_word' id='word_1_252' title='bbox 2637 1289 2754 1343; x_wconf 84' lang='grc' dir='ltr'>τῶν</span> <span class='ocrx_word' id='word_1_253' title='bbox 2785 1286 3060 1357; x_wconf 77' lang='grc' dir='ltr'><em>ἀναγκῶν</em></span> <span class='ocrx_word' id='word_1_254' title='bbox 3101 1284 3298 1338; x_wconf 79' lang='grc' dir='ltr'>αὐτῶν</span> <span class='ocrx_word' id='word_1_255' title='bbox 3343 1282 3576 1334; x_wconf 80' lang='grc' dir='ltr'><em>ἔσωσεν</em></span> <span class='ocrx_word' id='word_1_256' title='bbox 3627 1279 3873 1343; x_wconf 83' lang='grc' dir='ltr'>αὐτούς.</span> 
     </span>
    </p>
   </div>
   <div class='ocr_carea' id='block_1_42' title="bbox 2303 1372 3879 1453">
    <p class='ocr_par' dir='ltr' id='par_1_42' title="bbox 2303 1372 3879 1453">
     <span class='ocr_line' id='line_1_42' title="bbox 2303 1372 3879 1453; baseline -0.01 -16"><span class='ocrx_word' id='word_1_257' title='bbox 2303 1384 2399 1447; x_wconf 87' lang='grc' dir='ltr'>Τίς</span> <span class='ocrx_word' id='word_1_258' title='bbox 2444 1383 2551 1453; x_wconf 78' lang='grc' dir='ltr'>γὰρ</span> <span class='ocrx_word' id='word_1_259' title='bbox 2602 1383 2798 1453; x_wconf 75' lang='grc' dir='ltr'>μείζων</span> <span class='ocrx_word' id='word_1_260' title='bbox 2846 1383 3057 1450; x_wconf 81' lang='grc' dir='ltr'><strong>ἀνάγκη</strong></span> <span class='ocrx_word' id='word_1_261' title='bbox 3092 1377 3184 1430; x_wconf 80' lang='grc' dir='ltr'>τοῦ</span> <span class='ocrx_word' id='word_1_262' title='bbox 3225 1373 3574 1429; x_wconf 81' lang='grc' dir='ltr'><strong>δεδουλῶσθαι</strong></span> <span class='ocrx_word' id='word_1_263' title='bbox 3605 1372 3879 1440; x_wconf 70' lang='grc' dir='ltr'>πνεύμασι</span> 
     </span>
    </p>
   </div>
   <div class='ocr_carea' id='block_1_43' title="bbox 2305 1463 3880 1546">
    <p class='ocr_par' dir='ltr' id='par_1_43' title="bbox 2305 1463 3880 1546">
     <span class='ocr_line' id='line_1_43' title="bbox 2305 1463 3880 1546; baseline -0.006 -20"><span class='ocrx_word' id='word_1_264' title='bbox 2305 1478 2556 1546; x_wconf 78' lang='grc' dir='ltr'><strong>πονηροῖς</strong></span> <span class='ocrx_word' id='word_1_265' title='bbox 2593 1477 2650 1528; x_wconf 81' lang='grc' dir='ltr'>ὲν</span> <span class='ocrx_word' id='word_1_266' title='bbox 2685 1474 2875 1544; x_wconf 72' lang='grc' dir='ltr'>ἀγνοίᾳ</span> <span class='ocrx_word' id='word_1_267' title='bbox 2909 1472 3065 1536; x_wconf 80' lang='grc' dir='ltr'>Θεοῦ,</span> <span class='ocrx_word' id='word_1_268' title='bbox 3116 1472 3210 1524; x_wconf 73' lang='grc' dir='ltr'>καὶ</span> <span class='ocrx_word' id='word_1_269' title='bbox 3263 1469 3505 1540; x_wconf 80' lang='grc' dir='ltr'>πτωχείᾳ</span> <span class='ocrx_word' id='word_1_270' title='bbox 3557 1466 3754 1536; x_wconf 68' lang='grc' dir='ltr'>ψυχῆς,</span> <span class='ocrx_word' id='word_1_271' title='bbox 3783 1463 3880 1517; x_wconf 74' lang='grc' dir='ltr'><strong>καὶ</strong></span> 
     </span>
    </p>
   </div>
   <div class='ocr_carea' id='block_1_44' title="bbox 2304 1565 2723 1638">
    <p class='ocr_par' dir='ltr' id='par_1_44' title="bbox 2304 1565 2723 1638">
     <span class='ocr_line' id='line_1_44' title="bbox 2304 1565 2723 1638; baseline 0 -20"><span class='ocrx_word' id='word_1_272' title='bbox 2304 1565 2465 1638; x_wconf 78' lang='grc' dir='ltr'>πενίᾳ</span> <span class='ocrx_word' id='word_1_273' title='bbox 2497 1566 2693 1627; x_wconf 83' lang='grc' dir='ltr'>κακίας</span> <span class='ocrx_word' id='word_1_274' title='bbox 2709 1583 2723 1630; x_wconf 89' lang='grc'><strong>;</strong></span> 
     </span>
    </p>
   </div>
   <div class='ocr_carea' id='block_1_45' title="bbox 2377 1749 3879 1828">
    <p class='ocr_par' dir='ltr' id='par_1_45' title="bbox 2377 1749 3879 1828">
     <span class='ocr_line' id='line_1_45' title="bbox 2377 1749 3879 1828; baseline -0.009 -13"><span class='ocrx_word' id='word_1_275' title='bbox 2377 1760 2481 1815; x_wconf 79' lang='lat' dir='ltr'><strong>Kal</strong></span> <span class='ocrx_word' id='word_1_276' title='bbox 2500 1759 2641 1825; x_wconf 85' lang='grc' dir='ltr'>τοὺς</span> <span class='ocrx_word' id='word_1_277' title='bbox 2659 1759 2918 1828; x_wconf 82' lang='grc' dir='ltr'>δεσμοὺς</span> <span class='ocrx_word' id='word_1_278' title='bbox 2937 1755 3134 1812; x_wconf 84' lang='grc' dir='ltr'><strong>αὐτῶν</strong></span> <span class='ocrx_word' id='word_1_279' title='bbox 3149 1752 3438 1822; x_wconf 68' lang='grc' dir='ltr'>διέρρηξε.</span> <span class='ocrx_word' id='word_1_280' title='bbox 3457 1753 3550 1815; x_wconf 83' lang='grc' dir='ltr'>Τὸ,</span> <span class='ocrx_word' id='word_1_281' title='bbox 3577 1749 3879 1818; x_wconf 74' lang='grc' dir='ltr'><strong>διέρῤηξε,</strong></span> 
     </span>
    </p>
   </div>
   <div class='ocr_carea' id='block_1_46' title="bbox 2303 1843 3848 1922">
    <p class='ocr_par' dir='ltr' id='par_1_46' title="bbox 2303 1843 3848 1922">
     <span class='ocr_line' id='line_1_46' title="bbox 2303 1843 3848 1922; baseline -0.007 -19"><span class='ocrx_word' id='word_1_282' title='bbox 2303 1852 2399 1922; x_wconf 82' lang='grc' dir='ltr'><strong>τὴν</strong></span> <span class='ocrx_word' id='word_1_283' title='bbox 2432 1845 2628 1922; x_wconf 74' lang='grc' dir='ltr'>ἀθρόαν</span> <span class='ocrx_word' id='word_1_284' title='bbox 2650 1850 2750 1919; x_wconf 81' lang='grc' dir='ltr'>τῆς</span> <span class='ocrx_word' id='word_1_285' title='bbox 2775 1847 3046 1919; x_wconf 81' lang='grc' dir='ltr'>ἁμαρτίας</span> <span class='ocrx_word' id='word_1_286' title='bbox 3065 1846 3383 1915; x_wconf 72' lang='grc' dir='ltr'><strong>καθαίρεσιν</strong></span> <span class='ocrx_word' id='word_1_287' title='bbox 3415 1843 3848 1896; x_wconf 84' lang='grc' dir='ltr'>καταδείκνυσιν.</span> 
     </span>
    </p>
   </div>
   <div class='ocr_carea' id='block_1_47' title="bbox 2386 1932 3880 2009">
    <p class='ocr_par' dir='ltr' id='par_1_47' title="bbox 2386 1932 3880 2009">
     <span class='ocr_line' id='line_1_47' title="bbox 2386 1932 3880 2009; baseline -0.007 -16"><span class='ocrx_word' id='word_1_288' title='bbox 2386 1939 3070 2009; x_wconf 71' lang='grc' dir='ltr'>Ἐξομολοτησάσθωσαν</span> <span class='ocrx_word' id='word_1_289' title='bbox 3085 1935 3165 2001; x_wconf 88' lang='grc' dir='ltr'>τῷ</span> <span class='ocrx_word' id='word_1_290' title='bbox 3184 1937 3375 2003; x_wconf 70' lang='grc' dir='ltr'>Κυρίῳ</span> <span class='ocrx_word' id='word_1_291' title='bbox 3402 1933 3473 1986; x_wconf 84' lang='grc' dir='ltr'>τὰ</span> <span class='ocrx_word' id='word_1_292' title='bbox 3501 1932 3640 2009; x_wconf 52' lang='grc' dir='ltr'><strong>ἑτιέη</strong></span> <span class='ocrx_word' id='word_1_293' title='bbox 3667 1933 3880 1984; x_wconf 75' lang='grc' dir='ltr'>αὐτοῦ.</span> 
     </span>
    </p>
   </div>
   <div class='ocr_carea' id='block_1_48' title="bbox 2305 2007 3882 2101">
    <p class='ocr_par' dir='ltr' id='par_1_48' title="bbox 2305 2020 3882 2101">
     <span class='ocr_line' id='line_1_48' title="bbox 2305 2020 3882 2101; baseline -0.009 -14"><span class='ocrx_word' id='word_1_294' title='bbox 2305 2033 2384 2087; x_wconf 83' lang='grc' dir='ltr'>Τὰ</span> <span class='ocrx_word' id='word_1_295' title='bbox 2419 2032 2557 2087; x_wconf 76' lang='grc' dir='ltr'>αὺτά</span> <span class='ocrx_word' id='word_1_296' title='bbox 2583 2032 2832 2101; x_wconf 79' lang='grc' dir='ltr'>δεύτερον</span> <span class='ocrx_word' id='word_1_297' title='bbox 2868 2026 3017 2083; x_wconf 73' lang='grc' dir='ltr'>εἶπεν</span> <span class='ocrx_word' id='word_1_298' title='bbox 3059 2027 3166 2080; x_wconf 77' lang='grc' dir='ltr'>ἐπὶ·</span> <span class='ocrx_word' id='word_1_299' title='bbox 3184 2029 3303 2087; x_wconf 83' lang='grc' dir='ltr'>ταῖς</span> <span class='ocrx_word' id='word_1_300' title='bbox 3325 2023 3664 2093; x_wconf 77' lang='grc' dir='ltr'><strong>εὐεργεσίαις</strong></span> <span class='ocrx_word' id='word_1_301' title='bbox 3691 2020 3882 2074; x_wconf 76' lang='grc' dir='ltr'>αὑτοῦ.</span> 
     </span>
    </p>
   </div>
   <div class='ocr_carea' id='block_1_49' title="bbox 2309 2107 3886 2190">
    <p class='ocr_par' dir='ltr' id='par_1_49' title="bbox 2309 2107 3886 2190">
     <span class='ocr_line' id='line_1_49' title="bbox 2309 2107 3886 2190; baseline -0.011 -13"><span class='ocrx_word' id='word_1_302' title='bbox 2309 2125 2425 2177; x_wconf 89' lang='grc' dir='ltr'><strong>Ὅτι</strong></span> <span class='ocrx_word' id='word_1_303' title='bbox 2443 2122 2767 2190; x_wconf 78' lang='grc' dir='ltr'>συνέτριψε</span> <span class='ocrx_word' id='word_1_304' title='bbox 2792 2121 2988 2183; x_wconf 80' lang='grc' dir='ltr'><em>πύλας</em></span> <span class='ocrx_word' id='word_1_305' title='bbox 3017 2114 3268 2186; x_wconf 77' lang='grc' dir='ltr'><strong>χαλκᾶς.</strong></span> <span class='ocrx_word' id='word_1_306' title='bbox 3293 2113 3402 2182; x_wconf 85' lang='grc' dir='ltr'><strong>Τὴν</strong></span> <span class='ocrx_word' id='word_1_307' title='bbox 3427 2111 3614 2182; x_wconf 81' lang='grc' dir='ltr'><strong>μέχρις</strong></span> <span class='ocrx_word' id='word_1_308' title='bbox 3640 2110 3764 2179; x_wconf 72' lang='grc' dir='ltr'>ᾅδου</span> <span class='ocrx_word' id='word_1_309' title='bbox 3785 2107 3886 2160; x_wconf 79' lang='grc' dir='ltr'>τοῦ</span> 
     </span>
    </p>
   </div>
   <div class='ocr_carea' id='block_1_50' title="bbox 2307 2191 3886 2286">
    <p class='ocr_par' dir='ltr' id='par_1_50' title="bbox 2307 2191 3886 2286">
     <span class='ocr_line' id='line_1_50' title="bbox 2307 2191 3886 2286; baseline -0.012 -16"><span class='ocrx_word' id='word_1_310' title='bbox 2307 2216 2556 2286; x_wconf 81' lang='grc' dir='ltr'><strong>Σωτῆρος</strong></span> <span class='ocrx_word' id='word_1_311' title='bbox 2603 2213 2825 2267; x_wconf 79' lang='grc' dir='ltr'>κάθοδον</span> <span class='ocrx_word' id='word_1_312' title='bbox 2869 2211 3140 2279; x_wconf 79' lang='grc' dir='ltr'><strong>σημαίνει,</strong></span> <span class='ocrx_word' id='word_1_313' title='bbox 3176 2191 3241 2276; x_wconf 72' lang='grc' dir='ltr'>ἣν</span> <span class='ocrx_word' id='word_1_314' title='bbox 3269 2203 3654 2275; x_wconf 80' lang='grc' dir='ltr'><strong>ποιησάμενος,</strong></span> <span class='ocrx_word' id='word_1_315' title='bbox 3687 2201 3886 2254; x_wconf 78' lang='grc' dir='ltr'>ἀνεπέ-</span> 
     </span>
    </p>
   </div>
   <div class='ocr_carea' id='block_1_51' title="bbox 2305 2294 3890 2376">
    <p class='ocr_par' dir='ltr' id='par_1_51' title="bbox 2305 2294 3890 2376">
     <span class='ocr_line' id='line_1_51' title="bbox 2305 2294 3890 2376; baseline -0.011 -16"><span class='ocrx_word' id='word_1_316' title='bbox 2305 2323 2435 2360; x_wconf 81' lang='grc' dir='ltr'>τασε</span> <span class='ocrx_word' id='word_1_317' title='bbox 2480 2305 2573 2358; x_wconf 79' lang='grc' dir='ltr'>τοῦ</span> <span class='ocrx_word' id='word_1_318' title='bbox 2617 2305 2742 2376; x_wconf 70' lang='grc' dir='ltr'>ᾅδου</span> <span class='ocrx_word' id='word_1_319' title='bbox 2774 2301 2871 2365; x_wconf 73' lang='grc' dir='ltr'>τὰς</span> <span class='ocrx_word' id='word_1_320' title='bbox 2920 2300 3112 2363; x_wconf 77' lang='grc' dir='ltr'>πύλας,</span> <span class='ocrx_word' id='word_1_321' title='bbox 3140 2298 3306 2351; x_wconf 70' lang='grc' dir='ltr'>πάλαι</span> <span class='ocrx_word' id='word_1_322' title='bbox 3342 2296 3558 2365; x_wconf 80' lang='grc' dir='ltr'>δεσμοῖς</span> <span class='ocrx_word' id='word_1_323' title='bbox 3588 2294 3890 2364; x_wconf 71' lang='grc' dir='ltr'>ἀρρήκτοις</span> 
     </span>
    </p>
   </div>
   <div class='ocr_carea' id='block_1_52' title="bbox 2308 2382 3892 2467">
    <p class='ocr_par' dir='ltr' id='par_1_52' title="bbox 2308 2382 3892 2467">
     <span class='ocr_line' id='line_1_52' title="bbox 2308 2382 3892 2467; baseline -0.011 -16"><span class='ocrx_word' id='word_1_324' title='bbox 2308 2395 2694 2467; x_wconf 74' lang='grc' dir='ltr'>κεκλεισμένας</span> <span class='ocrx_word' id='word_1_325' title='bbox 2735 2396 2919 2447; x_wconf 80' lang='grc' dir='ltr'>πᾶσιν.</span> <span class='ocrx_word' id='word_1_326' title='bbox 2956 2393 3030 2446; x_wconf 67' lang='lat' dir='ltr'><strong>Ob</strong></span> <span class='ocrx_word' id='word_1_327' title='bbox 3067 2387 3266 2461; x_wconf 83' lang='grc' dir='ltr'><strong>γὰρῆν</strong></span> <span class='ocrx_word' id='word_1_328' title='bbox 3294 2385 3732 2458; x_wconf 80' lang='grc' dir='ltr'>παλινδρομῆσαι</span> <span class='ocrx_word' id='word_1_329' title='bbox 3766 2382 3892 2451; x_wconf 80' lang='grc' dir='ltr'><strong>βου-</strong></span> 
     </span>
    </p>
   </div>
   <div class='ocr_carea' id='block_1_53' title="bbox 2308 2469 3894 2558">
    <p class='ocr_par' dir='ltr' id='par_1_53' title="bbox 2308 2469 3894 2558">
     <span class='ocr_line' id='line_1_53' title="bbox 2308 2469 3894 2558; baseline -0.011 -19"><span class='ocrx_word' id='word_1_330' title='bbox 2308 2487 2552 2558; x_wconf 84' lang='grc' dir='ltr'>λομένοις</span> <span class='ocrx_word' id='word_1_331' title='bbox 2569 2504 2582 2516; x_wconf 92' lang='grc'><strong>·</strong></span> <span class='ocrx_word' id='word_1_332' title='bbox 2612 2485 2725 2539; x_wconf 89' lang='grc' dir='ltr'>ἀλλ’</span> <span class='ocrx_word' id='word_1_333' title='bbox 2751 2483 2910 2546; x_wconf 77' lang='grc' dir='ltr'>αὐτὸς</span> <span class='ocrx_word' id='word_1_334' title='bbox 2941 2481 3128 2552; x_wconf 73' lang='grc' dir='ltr'>εἴρηκε</span> <span class='ocrx_word' id='word_1_335' title='bbox 3152 2479 3361 2543; x_wconf 82' lang='grc' dir='ltr'>τοῑςέν</span> <span class='ocrx_word' id='word_1_336' title='bbox 3379 2474 3624 2544; x_wconf 79' lang='grc' dir='ltr'>δεσμοῖς</span> <span class='ocrx_word' id='word_1_337' title='bbox 3647 2491 3660 2502; x_wconf 81' lang='lat'><strong><em>°</em></strong></span> <span class='ocrx_word' id='word_1_338' title='bbox 3691 2469 3894 2534; x_wconf 67' lang='grc' dir='ltr'><strong>Ἐξέλ-</strong></span> 
     </span>
    </p>
   </div>
   <div class='ocr_carea' id='block_1_54' title="bbox 2308 2566 3755 2642">
    <p class='ocr_par' dir='ltr' id='par_1_54' title="bbox 2308 2566 3755 2642">
     <span class='ocr_line' id='line_1_54' title="bbox 2308 2566 3755 2642; baseline -0.011 -10"><span class='ocrx_word' id='word_1_339' title='bbox 2308 2580 2466 2642; x_wconf 84' lang='grc' dir='ltr'>θατε,</span> <span class='ocrx_word' id='word_1_340' title='bbox 2499 2576 2596 2630; x_wconf 78' lang='grc' dir='ltr'><strong>καὶ</strong></span> <span class='ocrx_word' id='word_1_341' title='bbox 2631 2575 2754 2640; x_wconf 83' lang='grc' dir='ltr'>τοῖς</span> <span class='ocrx_word' id='word_1_342' title='bbox 2787 2575 2854 2627; x_wconf 83' lang='grc' dir='ltr'><strong>ὲν</strong></span> <span class='ocrx_word' id='word_1_343' title='bbox 2883 2572 2960 2636; x_wconf 84' lang='grc' dir='ltr'>τῷ</span> <span class='ocrx_word' id='word_1_344' title='bbox 2985 2572 3217 2624; x_wconf 79' lang='grc' dir='ltr'><strong>σκότει·</strong></span> <span class='ocrx_word' id='word_1_345' title='bbox 3260 2566 3755 2632; x_wconf 67' lang='grc' dir='ltr'><strong>Ἀνακαλύφθητε.</strong></span> 
     </span>
    </p>
   </div>
   <div class='ocr_carea' id='block_1_55' title="bbox 2381 2652 3892 2732">
    <p class='ocr_par' dir='ltr' id='par_1_55' title="bbox 2381 2652 3892 2732">
     <span class='ocr_line' id='line_1_55' title="bbox 2381 2652 3892 2732; baseline -0.012 -12"><span class='ocrx_word' id='word_1_346' title='bbox 2381 2665 2510 2721; x_wconf 81' lang='grc' dir='ltr'><strong>Πᾶν</strong></span> <span class='ocrx_word' id='word_1_347' title='bbox 2552 2664 2764 2732; x_wconf 80' lang='grc' dir='ltr'>,ϐρῶμα</span> <span class='ocrx_word' id='word_1_348' title='bbox 2815 2660 3176 2724; x_wconf 71' lang='grc' dir='ltr'><strong>ἐϐδελύξατο</strong></span> <span class='ocrx_word' id='word_1_349' title='bbox 3233 2659 3271 2724; x_wconf 83' lang='grc' dir='ltr'><strong><em>ἠ</em></strong></span> <span class='ocrx_word' id='word_1_350' title='bbox 3322 2655 3491 2724; x_wconf 69' lang='grc' dir='ltr'><strong>ψυχὴ</strong></span> <span class='ocrx_word' id='word_1_351' title='bbox 3537 2653 3756 2706; x_wconf 83' lang='grc' dir='ltr'><strong>αὐτῶν.</strong></span> <span class='ocrx_word' id='word_1_352' title='bbox 3811 2652 3892 2704; x_wconf 79' lang='grc' dir='ltr'><strong>Οὐ</strong></span> 
     </span>
    </p>
   </div>
   <div class='ocr_carea' id='block_1_56' title="bbox 2313 2741 3895 2827">
    <p class='ocr_par' dir='ltr' id='par_1_56' title="bbox 2313 2741 3895 2827">
     <span class='ocr_line' id='line_1_56' title="bbox 2313 2741 3895 2827; baseline -0.011 -18"><span class='ocrx_word' id='word_1_353' title='bbox 2313 2755 2421 2827; x_wconf 82' lang='grc' dir='ltr'><strong>γὰρ</strong></span> <span class='ocrx_word' id='word_1_354' title='bbox 2461 2751 2529 2826; x_wconf 79' lang='grc' dir='ltr'>ἦν</span> <span class='ocrx_word' id='word_1_355' title='bbox 2562 2757 2590 2807; x_wconf 85' lang='grc' dir='ltr'>ὁ</span> <span class='ocrx_word' id='word_1_356' title='bbox 2613 2753 2924 2824; x_wconf 64' lang='grc' dir='ltr'>διατρέφειν</span> <span class='ocrx_word' id='word_1_357' title='bbox 2949 2752 3142 2813; x_wconf 79' lang='grc' dir='ltr'>αὐτοὺς</span> <span class='ocrx_word' id='word_1_358' title='bbox 3185 2748 3478 2819; x_wconf 79' lang='grc' dir='ltr'>δυνάμενος</span> <span class='ocrx_word' id='word_1_359' title='bbox 3509 2745 3685 2812; x_wconf 79' lang='grc' dir='ltr'>λόγος.</span> <span class='ocrx_word' id='word_1_360' title='bbox 3714 2741 3895 2795; x_wconf 80' lang='grc' dir='ltr'><strong>Πύλαι</strong></span> 
     </span>
    </p>
   </div>
   <div class='ocr_carea' id='block_1_57' title="bbox 2310 2837 3742 2918">
    <p class='ocr_par' dir='ltr' id='par_1_57' title="bbox 2310 2837 3742 2918">
     <span class='ocr_line' id='line_1_57' title="bbox 2310 2837 3742 2918; baseline -0.01 -16"><span class='ocrx_word' id='word_1_361' title='bbox 2310 2849 2366 2902; x_wconf 80' lang='grc' dir='ltr'>δὲ</span> <span class='ocrx_word' id='word_1_362' title='bbox 2394 2847 2623 2902; x_wconf 83' lang='grc' dir='ltr'>θανάτου</span> <span class='ocrx_word' id='word_1_363' title='bbox 2652 2849 2705 2900; x_wconf 81' lang='grc' dir='ltr'>αἱ</span> <span class='ocrx_word' id='word_1_364' title='bbox 2735 2845 2996 2918; x_wconf 75' lang='grc' dir='ltr'>φέρουσαι</span> <span class='ocrx_word' id='word_1_365' title='bbox 3031 2843 3168 2915; x_wconf 86' lang='grc' dir='ltr'>πρὸς</span> <span class='ocrx_word' id='word_1_366' title='bbox 3198 2841 3426 2895; x_wconf 82' lang='grc' dir='ltr'>θάνατον</span> <span class='ocrx_word' id='word_1_367' title='bbox 3455 2837 3742 2909; x_wconf 78' lang='grc' dir='ltr'><strong>ἁμαρτίαι.</strong></span> 
     </span>
    </p>
   </div>
   <div class='ocr_carea' id='block_1_58' title="bbox 2382 3016 3900 3087">
    <p class='ocr_par' dir='ltr' id='par_1_58' title="bbox 2382 3016 3900 3087">
     <span class='ocr_line' id='line_1_58' title="bbox 2382 3016 3900 3087; baseline -0.009 -6"><span class='ocrx_word' id='word_1_368' title='bbox 2382 3028 2488 3082; x_wconf 84' lang='lat' dir='ltr'><strong>Kal</strong></span> <span class='ocrx_word' id='word_1_369' title='bbox 2542 3025 2902 3080; x_wconf 84' lang='grc' dir='ltr'>θυσάτωσαν</span> <span class='ocrx_word' id='word_1_370' title='bbox 2957 3022 3118 3087; x_wconf 74' lang='grc' dir='ltr'><strong>αὑτῷ</strong></span> <span class='ocrx_word' id='word_1_371' title='bbox 3167 3022 3388 3076; x_wconf 87' lang='grc' dir='ltr'><em>θυσίαν</em></span> <span class='ocrx_word' id='word_1_372' title='bbox 3415 3019 3750 3083; x_wconf 76' lang='grc' dir='ltr'>ιαίνέσεως.</span> <span class='ocrx_word' id='word_1_373' title='bbox 3769 3016 3900 3068; x_wconf 78' lang='grc' dir='ltr'><strong>Ἐπὶ</strong></span> 
     </span>
    </p>
   </div>
   <div class='ocr_carea' id='block_1_59' title="bbox 650 3109 2245 3202">
    <p class='ocr_par' dir='ltr' id='par_1_59' title="bbox 650 3117 2245 3190">
     <span class='ocr_line' id='line_1_59' title="bbox 650 3117 2245 3190; baseline -0.005 -15"><span class='ocrx_word' id='word_1_374' title='bbox 650 3122 923 3190; x_wconf 74' lang='lat' dir='ltr'><strong>apostolos</strong></span> <span class='ocrx_word' id='word_1_375' title='bbox 956 3134 1260 3175; x_wconf 83' lang='lat' dir='ltr'><strong>sermonem</strong></span> <span class='ocrx_word' id='word_1_376' title='bbox 1294 3119 1602 3183; x_wconf 83' lang='lat' dir='ltr'><strong>convertit;</strong></span> <span class='ocrx_word' id='word_1_377' title='bbox 1644 3117 1745 3186; x_wconf 88' lang='lat' dir='ltr'><strong>ipsi</strong></span> <span class='ocrx_word' id='word_1_378' title='bbox 1799 3131 2034 3184; x_wconf 87' lang='lat' dir='ltr'><strong>namque</strong></span> <span class='ocrx_word' id='word_1_379' title='bbox 2087 3122 2245 3189; x_wconf 35' lang='lat' dir='ltr'><strong>sunt,</strong></span> 
     </span>
    </p>
   </div>
   <div class='ocr_carea' id='block_1_60' title="bbox 2314 3109 3899 3202">
    <p class='ocr_par' dir='ltr' id='par_1_60' title="bbox 2315 3109 3899 3183">
     <span class='ocr_line' id='line_1_60' title="bbox 2315 3109 3899 3183; baseline -0.008 -13"><span class='ocrx_word' id='word_1_380' title='bbox 2315 3119 2439 3180; x_wconf 77' lang='grc' dir='ltr'>τοὺς</span> <span class='ocrx_word' id='word_1_381' title='bbox 2479 3116 2663 3183; x_wconf 87' lang='grc' dir='ltr'>ἁγίους</span> <span class='ocrx_word' id='word_1_382' title='bbox 2705 3113 3033 3177; x_wconf 76' lang='grc' dir='ltr'>ἀποστόλους</span> <span class='ocrx_word' id='word_1_383' title='bbox 3075 3113 3368 3183; x_wconf 72' lang='grc' dir='ltr'><strong>μεταφέρει</strong></span> <span class='ocrx_word' id='word_1_384' title='bbox 3397 3111 3488 3163; x_wconf 83' lang='grc' dir='ltr'><strong>τὸν</strong></span> <span class='ocrx_word' id='word_1_385' title='bbox 3517 3110 3672 3176; x_wconf 85' lang='grc' dir='ltr'>λόγον</span> <span class='ocrx_word' id='word_1_386' title='bbox 3694 3126 3706 3138; x_wconf 73' lang='grc' dir='ltr'><strong>ο</strong></span> <span class='ocrx_word' id='word_1_387' title='bbox 3737 3109 3899 3161; x_wconf 77' lang='grc' dir='ltr'>αὐτοὶ</span> 
     </span>
    </p>
   </div>
   <div class='ocr_carea' id='block_1_61' title="bbox 651 3207 2214 3282">
    <p class='ocr_par' dir='ltr' id='par_1_61' title="bbox 651 3207 2214 3282">
     <span class='ocr_line' id='line_1_61' title="bbox 651 3207 2214 3282; baseline -0.004 -16"><span class='ocrx_word' id='word_1_388' title='bbox 651 3214 744 3282; x_wconf 87' lang='lat' dir='ltr'><strong>qui</strong></span> <span class='ocrx_word' id='word_1_389' title='bbox 778 3213 1034 3282; x_wconf 81' lang='lat' dir='ltr'><strong>mysteria</strong></span> <span class='ocrx_word' id='word_1_390' title='bbox 1089 3210 1222 3266; x_wconf 85' lang='lat' dir='ltr'><strong>Novi</strong></span> <span class='ocrx_word' id='word_1_391' title='bbox 1255 3209 1589 3265; x_wconf 85' lang='lat' dir='ltr'><strong>Testamenti</strong></span> <span class='ocrx_word' id='word_1_392' title='bbox 1645 3210 1801 3264; x_wconf 86' lang='lat' dir='ltr'><strong>nobis</strong></span> <span class='ocrx_word' id='word_1_393' title='bbox 1853 3207 2214 3261; x_wconf 85' lang='lat' dir='ltr'><strong>tradiderunt.</strong></span> 
     </span>
    </p>
   </div>
   <div class='ocr_carea' id='block_1_62' title="bbox 721 3376 2220 3451">
    <p class='ocr_par' dir='ltr' id='par_1_62' title="bbox 721 3376 2220 3451">
     <span class='ocr_line' id='line_1_62' title="bbox 721 3376 2220 3451; baseline -0.006 -11"><span class='ocrx_word' id='word_1_394' title='bbox 721 3386 809 3440; x_wconf 83' lang='lat'><strong>33.</strong></span> <span class='ocrx_word' id='word_1_395' title='bbox 844 3383 1027 3437; x_wconf 87' lang='lat' dir='ltr'><strong>Posuit</strong></span> <span class='ocrx_word' id='word_1_396' title='bbox 1049 3382 1272 3451; x_wconf 74' lang='lat' dir='ltr'><strong>ﬂumina</strong></span> <span class='ocrx_word' id='word_1_397' title='bbox 1306 3382 1360 3434; x_wconf 87' lang='lat' dir='ltr'><strong>in</strong></span> <span class='ocrx_word' id='word_1_398' title='bbox 1384 3383 1668 3434; x_wconf 84' lang='lat' dir='ltr'><strong>desertum.</strong></span> <span class='ocrx_word' id='word_1_399' title='bbox 1723 3377 2032 3434; x_wconf 64' lang='lat' dir='ltr'><strong>Iudaeorum</strong></span> <span class='ocrx_word' id='word_1_400' title='bbox 2067 3376 2220 3432; x_wconf 70' lang='lat' dir='ltr'><strong>volu-</strong></span> 
     </span>
    </p>
   </div>
   <div class='ocr_carea' id='block_1_63' title="bbox 650 3468 2217 3542">
    <p class='ocr_par' dir='ltr' id='par_1_63' title="bbox 650 3468 2217 3542">
     <span class='ocr_line' id='line_1_63' title="bbox 650 3468 2217 3542; baseline -0.005 -12"><span class='ocrx_word' id='word_1_401' title='bbox 650 3475 760 3530; x_wconf 81' lang='lat' dir='ltr'><strong>bile</strong></span> <span class='ocrx_word' id='word_1_402' title='bbox 789 3491 852 3530; x_wconf 89' lang='lat' dir='ltr'><strong>ac</strong></span> <span class='ocrx_word' id='word_1_403' title='bbox 885 3474 1189 3541; x_wconf 89' lang='lat' dir='ltr'><strong>improbum</strong></span> <span class='ocrx_word' id='word_1_404' title='bbox 1221 3488 1390 3542; x_wconf 70' lang='lat' dir='ltr'><strong>genus</strong></span> <span class='ocrx_word' id='word_1_405' title='bbox 1417 3472 1570 3525; x_wconf 89' lang='lat' dir='ltr'><strong>dicit.</strong></span> <span class='ocrx_word' id='word_1_406' title='bbox 1610 3468 1744 3524; x_wconf 84' lang='lat' dir='ltr'><strong>Nam</strong></span> <span class='ocrx_word' id='word_1_407' title='bbox 1805 3485 1900 3525; x_wconf 89' lang='lat' dir='ltr'><strong>eos</strong></span> <span class='ocrx_word' id='word_1_408' title='bbox 1946 3470 2038 3540; x_wconf 90' lang='lat' dir='ltr'><strong>qui</strong></span> <span class='ocrx_word' id='word_1_409' title='bbox 2091 3470 2217 3524; x_wconf 91' lang='lat' dir='ltr'><strong>olim</strong></span> 
     </span>
    </p>
   </div>
   <div class='ocr_carea' id='block_1_64' title="bbox 655 3560 2216 3631">
    <p class='ocr_par' dir='ltr' id='par_1_64' title="bbox 655 3560 2216 3631">
     <span class='ocr_line' id='line_1_64' title="bbox 655 3560 2216 3631; baseline -0.003 -14"><span class='ocrx_word' id='word_1_410' title='bbox 655 3563 798 3618; x_wconf 76' lang='lat' dir='ltr'><strong>fame</strong></span> <span class='ocrx_word' id='word_1_411' title='bbox 828 3563 1198 3627; x_wconf 85' lang='lat' dir='ltr'><strong>tabescebant,</strong></span> <span class='ocrx_word' id='word_1_412' title='bbox 1231 3570 1285 3616; x_wconf 89' lang='lat' dir='ltr'><strong>et</strong></span> <span class='ocrx_word' id='word_1_413' title='bbox 1323 3560 1590 3631; x_wconf 86' lang='lat' dir='ltr'><strong>spirituali</strong></span> <span class='ocrx_word' id='word_1_414' title='bbox 1627 3561 1750 3615; x_wconf 86' lang='lat' dir='ltr'><strong>cibo</strong></span> <span class='ocrx_word' id='word_1_415' title='bbox 1784 3569 2004 3629; x_wconf 82' lang='lat' dir='ltr'><strong>egentes</strong></span> <span class='ocrx_word' id='word_1_416' title='bbox 2033 3568 2216 3626; x_wconf 84' lang='lat' dir='ltr'><strong>erant,</strong></span> 
     </span>
    </p>
   </div>
   <div class='ocr_carea' id='block_1_65' title="bbox 653 3654 1560 3727">
    <p class='ocr_par' dir='ltr' id='par_1_65' title="bbox 653 3654 1560 3727">
     <span class='ocr_line' id='line_1_65' title="bbox 653 3654 1560 3727; baseline -0.004 -17"><span class='ocrx_word' id='word_1_417' title='bbox 653 3664 876 3727; x_wconf 87' lang='lat' dir='ltr'><strong>propter</strong></span> <span class='ocrx_word' id='word_1_418' title='bbox 903 3672 967 3711; x_wconf 88' lang='lat' dir='ltr'><strong>ea</strong></span> <span class='ocrx_word' id='word_1_419' title='bbox 995 3655 1218 3710; x_wconf 81' lang='lat' dir='ltr'><strong>ﬂumina</strong></span> <span class='ocrx_word' id='word_1_420' title='bbox 1248 3654 1560 3710; x_wconf 78' lang='lat' dir='ltr'><strong>collocavit.</strong></span> 
     </span>
    </p>
   </div>
   <div class='ocr_carea' id='block_1_66' title="bbox 727 3742 2219 3816">
    <p class='ocr_par' dir='ltr' id='par_1_66' title="bbox 727 3742 2219 3816">
     <span class='ocr_line' id='line_1_66' title="bbox 727 3742 2219 3816; baseline -0.005 -14"><span class='ocrx_word' id='word_1_421' title='bbox 727 3749 818 3804; x_wconf 65' lang='grc'><strong>51.</strong></span> <span class='ocrx_word' id='word_1_422' title='bbox 855 3748 1071 3802; x_wconf 84' lang='lat' dir='ltr'><strong>Terram</strong></span> <span class='ocrx_word' id='word_1_423' title='bbox 1093 3747 1426 3816; x_wconf 68' lang='lat' dir='ltr'><strong>[ructil&#39;eram</strong></span> <span class='ocrx_word' id='word_1_424' title='bbox 1455 3747 1510 3798; x_wconf 91' lang='lat' dir='ltr'><strong>in</strong></span> <span class='ocrx_word' id='word_1_425' title='bbox 1536 3744 1873 3813; x_wconf 80' lang='lat' dir='ltr'><strong>salsuginem.</strong></span> <span class='ocrx_word' id='word_1_426' title='bbox 1911 3742 2219 3798; x_wconf 66' lang='lat' dir='ltr'><strong>Iudaeorum</strong></span> 
     </span>
    </p>
   </div>
   <div class='ocr_carea' id='block_1_67' title="bbox 656 3831 2226 3908">
    <p class='ocr_par' dir='ltr' id='par_1_67' title="bbox 656 3831 2226 3908">
     <span class='ocr_line' id='line_1_67' title="bbox 656 3831 2226 3908; baseline -0.006 -16"><span class='ocrx_word' id='word_1_427' title='bbox 656 3852 986 3908; x_wconf 76' lang='lat' dir='ltr'><strong>synagogam</strong></span> <span class='ocrx_word' id='word_1_428' title='bbox 1017 3836 1212 3905; x_wconf 87' lang='lat' dir='ltr'><strong>inquit.</strong></span> <span class='ocrx_word' id='word_1_429' title='bbox 1253 3833 1423 3888; x_wconf 80' lang='lat' dir='ltr'><strong>Erant</strong></span> <span class='ocrx_word' id='word_1_430' title='bbox 1463 3834 1733 3888; x_wconf 62' lang='lat' dir='ltr'><strong>daemones</strong></span> <span class='ocrx_word' id='word_1_431' title='bbox 1761 3831 2093 3886; x_wconf 85' lang='lat' dir='ltr'><strong>habitatores</strong></span> <span class='ocrx_word' id='word_1_432' title='bbox 2126 3840 2226 3884; x_wconf 82' lang='lat' dir='ltr'><strong>ter-</strong></span> 
     </span>
    </p>
   </div>
   <div class='ocr_carea' id='block_1_68' title="bbox 655 3920 2222 3994">
    <p class='ocr_par' dir='ltr' id='par_1_68' title="bbox 655 3920 2222 3994">
     <span class='ocr_line' id='line_1_68' title="bbox 655 3920 2222 3994; baseline -0.003 -14"><span class='ocrx_word' id='word_1_433' title='bbox 655 3942 804 3980; x_wconf 74' lang='lat' dir='ltr'><strong>rena:</strong></span> <span class='ocrx_word' id='word_1_434' title='bbox 828 3926 1084 3989; x_wconf 88' lang='lat' dir='ltr'><strong>civitatis,</strong></span> <span class='ocrx_word' id='word_1_435' title='bbox 1118 3940 1278 3994; x_wconf 91' lang='lat' dir='ltr'><strong>quem</strong></span> <span class='ocrx_word' id='word_1_436' title='bbox 1306 3922 1544 3978; x_wconf 80' lang='lat' dir='ltr'><strong>fructum</strong></span> <span class='ocrx_word' id='word_1_437' title='bbox 1574 3923 1822 3993; x_wconf 84' lang='lat' dir='ltr'><strong>impietas</strong></span> <span class='ocrx_word' id='word_1_438' title='bbox 1855 3920 2222 3977; x_wconf 79' lang='lat' dir='ltr'><strong>ferebat.Eam</strong></span> 
     </span>
    </p>
   </div>
   <div class='ocr_carea' id='block_1_69' title="bbox 657 4011 2226 4084">
    <p class='ocr_par' dir='ltr' id='par_1_69' title="bbox 657 4011 2226 4084">
     <span class='ocr_line' id='line_1_69' title="bbox 657 4011 2226 4084; baseline -0.003 -15"><span class='ocrx_word' id='word_1_439' title='bbox 657 4025 836 4070; x_wconf 87' lang='lat' dir='ltr'><strong>autem</strong></span> <span class='ocrx_word' id='word_1_440' title='bbox 882 4016 1228 4068; x_wconf 88' lang='lat' dir='ltr'><strong>exsiccarunt</strong></span> <span class='ocrx_word' id='word_1_441' title='bbox 1269 4014 1369 4084; x_wconf 90' lang='lat' dir='ltr'><strong>ipsi</strong></span> <span class='ocrx_word' id='word_1_442' title='bbox 1414 4013 1645 4082; x_wconf 88' lang='lat' dir='ltr'><strong>apostoli</strong></span> <span class='ocrx_word' id='word_1_443' title='bbox 1689 4014 1800 4068; x_wconf 82' lang='lat' dir='ltr'><strong>sale</strong></span> <span class='ocrx_word' id='word_1_444' title='bbox 1851 4012 2131 4078; x_wconf 70' lang='lat' dir='ltr'><strong>doctrinae,</strong></span> <span class='ocrx_word' id='word_1_445' title='bbox 2159 4011 2226 4066; x_wconf 80' lang='lat' dir='ltr'><strong>de</strong></span> 
     </span>
    </p>
   </div>
   <div class='ocr_carea' id='block_1_70' title="bbox 655 4103 1648 4176">
    <p class='ocr_par' dir='ltr' id='par_1_70' title="bbox 655 4103 1648 4176">
     <span class='ocr_line' id='line_1_70' title="bbox 655 4103 1648 4176; baseline -0.001 -17"><span class='ocrx_word' id='word_1_446' title='bbox 655 4106 857 4176; x_wconf 87' lang='lat' dir='ltr'><strong>quibus</strong></span> <span class='ocrx_word' id='word_1_447' title='bbox 890 4107 964 4159; x_wconf 86' lang='lat' dir='ltr'><strong>ait</strong></span> <span class='ocrx_word' id='word_1_448' title='bbox 992 4122 1004 4157; x_wconf 91' lang='lat'><strong>:</strong></span> <span class='ocrx_word' id='word_1_449' title='bbox 1046 4103 1147 4157; x_wconf 85' lang='lat' dir='ltr'><strong>Vos</strong></span> <span class='ocrx_word' id='word_1_450' title='bbox 1168 4105 1291 4158; x_wconf 87' lang='lat' dir='ltr'><strong>estis</strong></span> <span class='ocrx_word' id='word_1_451' title='bbox 1323 4103 1406 4158; x_wconf 86' lang='lat' dir='ltr'><strong>sal</strong></span> <span class='ocrx_word' id='word_1_452' title='bbox 1435 4105 1648 4158; x_wconf 73' lang='lat' dir='ltr'><strong>terra&#39;.</strong></span> 
     </span>
    </p>
   </div>
   <div class='ocr_carea' id='block_1_71' title="bbox 731 4293 2225 4370">
    <p class='ocr_par' dir='ltr' id='par_1_71' title="bbox 731 4293 2225 4370">
     <span class='ocr_line' id='line_1_71' title="bbox 731 4293 2225 4370; baseline 0 -20"><span class='ocrx_word' id='word_1_453' title='bbox 731 4296 828 4350; x_wconf 87' lang='grc'><strong>55.</strong></span> <span class='ocrx_word' id='word_1_454' title='bbox 867 4294 1054 4349; x_wconf 87' lang='lat' dir='ltr'><strong>Posuit</strong></span> <span class='ocrx_word' id='word_1_455' title='bbox 1076 4295 1337 4349; x_wconf 80' lang='lat' dir='ltr'><strong>desertum</strong></span> <span class='ocrx_word' id='word_1_456' title='bbox 1362 4296 1416 4348; x_wconf 90' lang='lat' dir='ltr'><strong>in</strong></span> <span class='ocrx_word' id='word_1_457' title='bbox 1440 4306 1628 4365; x_wconf 85' lang='lat' dir='ltr'><strong>stagna</strong></span> <span class='ocrx_word' id='word_1_458' title='bbox 1655 4310 1932 4370; x_wconf 64' lang='lat' dir='ltr'><strong>aqugrum.</strong></span> <span class='ocrx_word' id='word_1_459' title='bbox 1963 4293 2225 4364; x_wconf 84' lang='lat' dir='ltr'><strong>Populum</strong></span> 
     </span>
    </p>
   </div>
   <div class='ocr_carea' id='block_1_72' title="bbox 661 4385 2225 4459">
    <p class='ocr_par' dir='ltr' id='par_1_72' title="bbox 661 4385 2225 4459">
     <span class='ocr_line' id='line_1_72' title="bbox 661 4385 2225 4459; baseline -0.002 -17"><span class='ocrx_word' id='word_1_460' title='bbox 661 4388 915 4459; x_wconf 66' lang='lat' dir='ltr'><strong>gentilem</strong></span> <span class='ocrx_word' id='word_1_461' title='bbox 965 4386 1262 4457; x_wconf 72' lang='lat' dir='ltr'><strong>signiﬁcat,</strong></span> <span class='ocrx_word' id='word_1_462' title='bbox 1299 4402 1422 4439; x_wconf 87' lang='lat' dir='ltr'><strong>nam</strong></span> <span class='ocrx_word' id='word_1_463' title='bbox 1461 4385 1749 4439; x_wconf 89' lang='lat' dir='ltr'><strong>commista</strong></span> <span class='ocrx_word' id='word_1_464' title='bbox 1790 4397 1875 4441; x_wconf 90' lang='lat' dir='ltr'><strong>est</strong></span> <span class='ocrx_word' id='word_1_465' title='bbox 1922 4385 2225 4455; x_wconf 88' lang='lat' dir='ltr'><strong>prophetia,</strong></span> 
     </span>
    </p>
   </div>
   <div class='ocr_carea' id='block_1_73' title="bbox 2318 3202 3902 3279">
    <p class='ocr_par' dir='ltr' id='par_1_73' title="bbox 2318 3202 3902 3279">
     <span class='ocr_line' id='line_1_73' title="bbox 2318 3202 3902 3279; baseline -0.006 -17"><span class='ocrx_word' id='word_1_466' title='bbox 2318 3210 2424 3279; x_wconf 81' lang='grc' dir='ltr'><strong>γάρ</strong></span> <span class='ocrx_word' id='word_1_467' title='bbox 2453 3210 2587 3260; x_wconf 86' lang='grc' dir='ltr'>εἰσιν</span> <span class='ocrx_word' id='word_1_468' title='bbox 2632 3208 2680 3260; x_wconf 90' lang='grc' dir='ltr'>οἱ</span> <span class='ocrx_word' id='word_1_469' title='bbox 2713 3205 2784 3258; x_wconf 83' lang='grc' dir='ltr'>τὰ</span> <span class='ocrx_word' id='word_1_470' title='bbox 2814 3207 3088 3277; x_wconf 83' lang='grc' dir='ltr'><strong>μυστήρια</strong></span> <span class='ocrx_word' id='word_1_471' title='bbox 3110 3205 3207 3274; x_wconf 86' lang='grc' dir='ltr'>τῆς</span> <span class='ocrx_word' id='word_1_472' title='bbox 3236 3203 3444 3272; x_wconf 79' lang='grc' dir='ltr'><strong>Καινῆς</strong></span> <span class='ocrx_word' id='word_1_473' title='bbox 3488 3202 3762 3272; x_wconf 81' lang='grc' dir='ltr'>Διαθήκης</span> <span class='ocrx_word' id='word_1_474' title='bbox 3797 3217 3902 3254; x_wconf 86' lang='grc' dir='ltr'><strong>πα·-</strong></span> 
     </span>
    </p>
   </div>
   <div class='ocr_carea' id='block_1_74' title="bbox 2320 3299 2753 3372">
    <p class='ocr_par' dir='ltr' id='par_1_74' title="bbox 2320 3299 2753 3372">
     <span class='ocr_line' id='line_1_74' title="bbox 2320 3299 2753 3372; baseline -0.014 -18"><span class='ocrx_word' id='word_1_475' title='bbox 2320 3299 2570 3372; x_wconf 85' lang='grc' dir='ltr'>ραδόντες</span> <span class='ocrx_word' id='word_1_476' title='bbox 2604 3299 2753 3368; x_wconf 79' lang='grc' dir='ltr'>ἡμῖν.</span> 
     </span>
    </p>
   </div>
   <div class='ocr_carea' id='block_1_75' title="bbox 2392 3382 3902 3457">
    <p class='ocr_par' dir='ltr' id='par_1_75' title="bbox 2392 3382 3902 3457">
     <span class='ocr_line' id='line_1_75' title="bbox 2392 3382 3902 3457; baseline -0.006 -14"><span class='ocrx_word' id='word_1_477' title='bbox 2392 3393 2591 3446; x_wconf 83' lang='grc' dir='ltr'>Ἕθετο</span> <span class='ocrx_word' id='word_1_478' title='bbox 2638 3388 2942 3457; x_wconf 83' lang='grc' dir='ltr'>ποταμοὺς</span> <span class='ocrx_word' id='word_1_479' title='bbox 2977 3390 3064 3454; x_wconf 82' lang='grc' dir='ltr'><strong>εἰς</strong></span> <span class='ocrx_word' id='word_1_480' title='bbox 3088 3389 3326 3456; x_wconf 72' lang='grc' dir='ltr'>ἔρημον.</span> <span class='ocrx_word' id='word_1_481' title='bbox 3369 3385 3440 3438; x_wconf 78' lang='grc' dir='ltr'>Τὸ</span> <span class='ocrx_word' id='word_1_482' title='bbox 3480 3382 3590 3436; x_wconf 86' lang='grc' dir='ltr'>τῶν</span> <span class='ocrx_word' id='word_1_483' title='bbox 3627 3382 3902 3436; x_wconf 80' lang='grc' dir='ltr'><strong>Ἰουδαίων</strong></span> 
     </span>
    </p>
   </div>
   <div class='ocr_carea' id='block_1_76' title="bbox 2317 3473 3902 3554">
    <p class='ocr_par' dir='ltr' id='par_1_76' title="bbox 2317 3473 3902 3554">
     <span class='ocr_line' id='line_1_76' title="bbox 2317 3473 3902 3554; baseline -0.007 -18"><span class='ocrx_word' id='word_1_484' title='bbox 2317 3481 2541 3554; x_wconf 75' lang='grc' dir='ltr'>εὔρυτον</span> <span class='ocrx_word' id='word_1_485' title='bbox 2570 3480 2825 3551; x_wconf 86' lang='grc' dir='ltr'>ἀδόκιμον</span> <span class='ocrx_word' id='word_1_486' title='bbox 2858 3481 3012 3549; x_wconf 80' lang='grc' dir='ltr'>γένος</span> <span class='ocrx_word' id='word_1_487' title='bbox 3058 3479 3210 3550; x_wconf 84' lang='grc' dir='ltr'>φησί.</span> <span class='ocrx_word' id='word_1_488' title='bbox 3243 3477 3380 3540; x_wconf 80' lang='grc' dir='ltr'>Τοὺς</span> <span class='ocrx_word' id='word_1_489' title='bbox 3409 3475 3519 3547; x_wconf 86' lang='grc' dir='ltr'>γάρ</span> <span class='ocrx_word' id='word_1_490' title='bbox 3552 3474 3722 3528; x_wconf 84' lang='grc' dir='ltr'>πάλαι</span> <span class='ocrx_word' id='word_1_491' title='bbox 3751 3473 3902 3544; x_wconf 89' lang='grc' dir='ltr'><strong>λιμῷ</strong></span> 
     </span>
    </p>
   </div>
   <div class='ocr_carea' id='block_1_77' title="bbox 2317 3564 3902 3643">
    <p class='ocr_par' dir='ltr' id='par_1_77' title="bbox 2317 3564 3902 3643">
     <span class='ocr_line' id='line_1_77' title="bbox 2317 3564 3902 3643; baseline -0.006 -18"><span class='ocrx_word' id='word_1_492' title='bbox 2317 3571 2651 3643; x_wconf 78' lang='grc' dir='ltr'>τηκομένους</span> <span class='ocrx_word' id='word_1_493' title='bbox 2689 3569 2782 3623; x_wconf 80' lang='grc' dir='ltr'>καὶ</span> <span class='ocrx_word' id='word_1_494' title='bbox 2828 3569 2929 3638; x_wconf 78' lang='grc' dir='ltr'><strong>τῆς</strong></span> <span class='ocrx_word' id='word_1_495' title='bbox 2971 3567 3344 3638; x_wconf 81' lang='grc' dir='ltr'><strong>πνευματικῆς</strong></span> <span class='ocrx_word' id='word_1_496' title='bbox 3377 3565 3583 3637; x_wconf 82' lang='grc' dir='ltr'>τροφῆς</span> <span class='ocrx_word' id='word_1_497' title='bbox 3607 3564 3806 3627; x_wconf 63' lang='grc' dir='ltr'>ἐνδεεῖς</span> <span class='ocrx_word' id='word_1_498' title='bbox 3842 3567 3902 3617; x_wconf 79' lang='grc' dir='ltr'>ὲν</span> 
     </span>
    </p>
   </div>
   <div class='ocr_carea' id='block_1_78' title="bbox 2319 3657 3299 3727">
    <p class='ocr_par' dir='ltr' id='par_1_78' title="bbox 2319 3657 3299 3727">
     <span class='ocr_line' id='line_1_78' title="bbox 2319 3657 3299 3727; baseline -0.006 -13"><span class='ocrx_word' id='word_1_499' title='bbox 2319 3660 2544 3722; x_wconf 66' lang='grc' dir='ltr'>ὲκείνοις</span> <span class='ocrx_word' id='word_1_500' title='bbox 2572 3657 2843 3727; x_wconf 73' lang='grc' dir='ltr'><strong>κατῴκισε</strong></span> <span class='ocrx_word' id='word_1_501' title='bbox 2870 3660 2983 3719; x_wconf 80' lang='grc' dir='ltr'>τοῖς</span> <span class='ocrx_word' id='word_1_502' title='bbox 3015 3659 3299 3727; x_wconf 84' lang='grc' dir='ltr'>ποταμοῖς.</span> 
     </span>
    </p>
   </div>
   <div class='ocr_carea' id='block_1_79' title="bbox 2388 3744 3903 3819">
    <p class='ocr_par' dir='ltr' id='par_1_79' title="bbox 2388 3744 3903 3819">
     <span class='ocr_line' id='line_1_79' title="bbox 2388 3744 3903 3819; baseline -0.005 -15"><span class='ocrx_word' id='word_1_503' title='bbox 2388 3749 2521 3818; x_wconf 80' lang='grc' dir='ltr'><strong>Γῆν</strong></span> <span class='ocrx_word' id='word_1_504' title='bbox 2563 3749 2944 3819; x_wconf 76' lang='grc' dir='ltr'><strong>καρποφόρον</strong></span> <span class='ocrx_word' id='word_1_505' title='bbox 2967 3749 3056 3814; x_wconf 88' lang='grc' dir='ltr'><strong>εἰς</strong></span> <span class='ocrx_word' id='word_1_506' title='bbox 3089 3747 3307 3816; x_wconf 69' lang='grc' dir='ltr'>ἅλμην.</span> <span class='ocrx_word' id='word_1_507' title='bbox 3333 3744 3444 3817; x_wconf 76' lang='grc' dir='ltr'><strong>Τὴν</strong></span> <span class='ocrx_word' id='word_1_508' title='bbox 3479 3744 3588 3797; x_wconf 86' lang='grc' dir='ltr'><strong>τῶν</strong></span> <span class='ocrx_word' id='word_1_509' title='bbox 3631 3745 3903 3798; x_wconf 82' lang='grc' dir='ltr'><strong>Ἰουδαίων</strong></span> 
     </span>
    </p>
   </div>
   <div class='ocr_carea' id='block_1_80' title="bbox 2323 3834 3905 3913">
    <p class='ocr_par' dir='ltr' id='par_1_80' title="bbox 2323 3834 3905 3913">
     <span class='ocr_line' id='line_1_80' title="bbox 2323 3834 3905 3913; baseline -0.006 -19"><span class='ocrx_word' id='word_1_510' title='bbox 2323 3842 2454 3913; x_wconf 70' lang='grc' dir='ltr'>φησι</span> <span class='ocrx_word' id='word_1_511' title='bbox 2493 3834 3021 3910; x_wconf 72' lang='grc' dir='ltr'><strong>συναγωγήν.⁷Ησαν</strong></span> <span class='ocrx_word' id='word_1_512' title='bbox 3068 3835 3177 3909; x_wconf 83' lang='grc' dir='ltr'><strong>γὰρ</strong></span> <span class='ocrx_word' id='word_1_513' title='bbox 3219 3837 3270 3890; x_wconf 83' lang='grc' dir='ltr'><strong>οἰ</strong></span> <span class='ocrx_word' id='word_1_514' title='bbox 3324 3835 3575 3905; x_wconf 84' lang='grc' dir='ltr'>δαίμονες</span> <span class='ocrx_word' id='word_1_515' title='bbox 3616 3835 3905 3904; x_wconf 71' lang='grc' dir='ltr'>οἰκήτορες</span> 
     </span>
    </p>
   </div>
   <div class='ocr_carea' id='block_1_81' title="bbox 2319 3923 3899 4002">
    <p class='ocr_par' dir='ltr' id='par_1_81' title="bbox 2319 3923 3899 4002">
     <span class='ocr_line' id='line_1_81' title="bbox 2319 3923 3899 4002; baseline -0.002 -21"><span class='ocrx_word' id='word_1_516' title='bbox 2319 3931 2418 4002; x_wconf 80' lang='grc' dir='ltr'>τῆς</span> <span class='ocrx_word' id='word_1_517' title='bbox 2451 3931 2646 3999; x_wconf 81' lang='grc' dir='ltr'>γηῖνης</span> <span class='ocrx_word' id='word_1_518' title='bbox 2683 3928 2994 3992; x_wconf 84' lang='grc' dir='ltr'>πολιτείας·</span> <span class='ocrx_word' id='word_1_519' title='bbox 3036 3926 3400 3998; x_wconf 78' lang='grc' dir='ltr'>ὲκαρποφόρει</span> <span class='ocrx_word' id='word_1_520' title='bbox 3427 3925 3485 3977; x_wconf 78' lang='grc' dir='ltr'>δὲ</span> <span class='ocrx_word' id='word_1_521' title='bbox 3509 3923 3677 3994; x_wconf 81' lang='grc' dir='ltr'>αὐτὴν</span> <span class='ocrx_word' id='word_1_522' title='bbox 3709 3927 3742 3994; x_wconf 77' lang='grc' dir='ltr'>ἡ</span> <span class='ocrx_word' id='word_1_523' title='bbox 3773 3926 3899 3979; x_wconf 45' lang='lat' dir='ltr'><strong>citat.</strong></span> 
     </span>
    </p>
   </div>
   <div class='ocr_carea' id='block_1_82' title="bbox 2322 4011 3906 4089">
    <p class='ocr_par' dir='ltr' id='par_1_82' title="bbox 2322 4011 3906 4089">
     <span class='ocr_line' id='line_1_82' title="bbox 2322 4011 3906 4089; baseline -0.004 -17"><span class='ocrx_word' id='word_1_524' title='bbox 2322 4019 2780 4089; x_wconf 74' lang='grc' dir='ltr'>σεια.Ἐξήραναν</span> <span class='ocrx_word' id='word_1_525' title='bbox 2805 4018 2858 4070; x_wconf 67' lang='grc' dir='ltr'>δὲ</span> <span class='ocrx_word' id='word_1_526' title='bbox 2890 4017 3060 4088; x_wconf 80' lang='grc' dir='ltr'>αὐτὴν</span> <span class='ocrx_word' id='word_1_527' title='bbox 3089 4019 3139 4069; x_wconf 89' lang='grc' dir='ltr'><strong>οἰ</strong></span> <span class='ocrx_word' id='word_1_528' title='bbox 3165 4014 3454 4070; x_wconf 83' lang='grc' dir='ltr'>ἀπόστολοι</span> <span class='ocrx_word' id='word_1_529' title='bbox 3495 4012 3574 4083; x_wconf 83' lang='grc' dir='ltr'>τῷ</span> <span class='ocrx_word' id='word_1_530' title='bbox 3618 4011 3774 4068; x_wconf 77' lang='grc' dir='ltr'>ᾰλατι</span> <span class='ocrx_word' id='word_1_531' title='bbox 3801 4015 3906 4087; x_wconf 81' lang='grc' dir='ltr'>τῆς</span> 
     </span>
    </p>
   </div>
   <div class='ocr_carea' id='block_1_83' title="bbox 2323 4103 3907 4182">
    <p class='ocr_par' dir='ltr' id='par_1_83' title="bbox 2323 4103 3907 4182">
     <span class='ocr_line' id='line_1_83' title="bbox 2323 4103 3907 4182; baseline -0.002 -19"><span class='ocrx_word' id='word_1_532' title='bbox 2323 4111 2687 4174; x_wconf 80' lang='grc' dir='ltr'>διδασκαλίας,</span> <span class='ocrx_word' id='word_1_533' title='bbox 2722 4111 2850 4182; x_wconf 80' lang='grc' dir='ltr'>περὶ</span> <span class='ocrx_word' id='word_1_534' title='bbox 2880 4103 2962 4165; x_wconf 81' lang='grc' dir='ltr'>ὧν</span> <span class='ocrx_word' id='word_1_535' title='bbox 3003 4125 3197 4180; x_wconf 83' lang='grc' dir='ltr'>φησιν·</span> <span class='ocrx_word' id='word_1_536' title='bbox 3246 4107 3426 4178; x_wconf 78' lang='grc' dir='ltr'>Ὑμεῖς</span> <span class='ocrx_word' id='word_1_537' title='bbox 3460 4105 3600 4160; x_wconf 74' lang='grc' dir='ltr'>ἐστε</span> <span class='ocrx_word' id='word_1_538' title='bbox 3639 4106 3708 4158; x_wconf 77' lang='grc' dir='ltr'>τὸ</span> <span class='ocrx_word' id='word_1_539' title='bbox 3745 4105 3907 4172; x_wconf 69' lang='grc' dir='ltr'>ἅλας</span> 
     </span>
    </p>
   </div>
   <div class='ocr_carea' id='block_1_84' title="bbox 2325 4199 2593 4271">
    <p class='ocr_par' dir='ltr' id='par_1_84' title="bbox 2325 4199 2593 4271">
     <span class='ocr_line' id='line_1_84' title="bbox 2325 4199 2593 4271; baseline -0.011 -1"><span class='ocrx_word' id='word_1_540' title='bbox 2325 4202 2435 4270; x_wconf 78' lang='grc' dir='ltr'><strong>τῆς</strong></span> <span class='ocrx_word' id='word_1_541' title='bbox 2463 4199 2593 4271; x_wconf 60' lang='grc' dir='ltr'><strong>γῆς.</strong></span> 
     </span>
    </p>
   </div>
   <div class='ocr_carea' id='block_1_85' title="bbox 2399 4289 3906 4362">
    <p class='ocr_par' dir='ltr' id='par_1_85' title="bbox 2399 4289 3906 4362">
     <span class='ocr_line' id='line_1_85' title="bbox 2399 4289 3906 4362; baseline -0.003 -18"><span class='ocrx_word' id='word_1_542' title='bbox 2399 4295 2601 4348; x_wconf 83' lang='grc' dir='ltr'>Ἐθετὸ</span> <span class='ocrx_word' id='word_1_543' title='bbox 2634 4291 2856 4361; x_wconf 78' lang='grc' dir='ltr'>ἔρημον</span> <span class='ocrx_word' id='word_1_544' title='bbox 2880 4294 2968 4358; x_wconf 80' lang='grc' dir='ltr'><strong>εἰς</strong></span> <span class='ocrx_word' id='word_1_545' title='bbox 2992 4293 3210 4362; x_wconf 73' lang='grc' dir='ltr'>λίμνας</span> <span class='ocrx_word' id='word_1_546' title='bbox 3242 4289 3494 4345; x_wconf 81' lang='grc' dir='ltr'><strong>ὑδάτων.</strong></span> <span class='ocrx_word' id='word_1_547' title='bbox 3517 4293 3620 4346; x_wconf 82' lang='grc' dir='ltr'><strong>Τὸν</strong></span> <span class='ocrx_word' id='word_1_548' title='bbox 3648 4291 3705 4358; x_wconf 80' lang='grc' dir='ltr'>ἐξ</span> <span class='ocrx_word' id='word_1_549' title='bbox 3731 4290 3906 4344; x_wconf 79' lang='grc' dir='ltr'>ἐθνῶν</span> 
     </span>
    </p>
   </div>
   <div class='ocr_carea' id='block_1_86' title="bbox 2326 4383 3905 4458">
    <p class='ocr_par' dir='ltr' id='par_1_86' title="bbox 2326 4383 3905 4458">
     <span class='ocr_line' id='line_1_86' title="bbox 2326 4383 3905 4458; baseline -0.007 -17"><span class='ocrx_word' id='word_1_550' title='bbox 2326 4385 2668 4458; x_wconf 79' lang='grc' dir='ltr'>διασημαίνει</span> <span class='ocrx_word' id='word_1_551' title='bbox 2700 4386 2825 4438; x_wconf 88' lang='grc' dir='ltr'>λαόν</span> <span class='ocrx_word' id='word_1_552' title='bbox 2849 4402 2862 4414; x_wconf 87' lang='grc'><strong>·</strong></span> <span class='ocrx_word' id='word_1_553' title='bbox 2901 4384 3204 4455; x_wconf 83' lang='grc' dir='ltr'>σύμμικτος</span> <span class='ocrx_word' id='word_1_554' title='bbox 3240 4383 3347 4452; x_wconf 79' lang='grc' dir='ltr'><strong>γὰρ</strong></span> <span class='ocrx_word' id='word_1_555' title='bbox 3383 4385 3416 4453; x_wconf 79' lang='grc' dir='ltr'>ἡ</span> <span class='ocrx_word' id='word_1_556' title='bbox 3444 4385 3766 4456; x_wconf 72' lang='grc' dir='ltr'>προφητεία,</span> <span class='ocrx_word' id='word_1_557' title='bbox 3793 4383 3905 4435; x_wconf 73' lang='lat' dir='ltr'><strong>1:th</strong></span> 
     </span>
    </p>
   </div>
   <div class='ocr_carea' id='block_1_87' title="bbox 661 4473 2245 4546">
    <p class='ocr_par' dir='ltr' id='par_1_87' title="bbox 661 4473 2226 4545">
     <span class='ocr_line' id='line_1_87' title="bbox 661 4473 2226 4545; baseline -0.003 -12"><span class='ocrx_word' id='word_1_558' title='bbox 661 4478 894 4533; x_wconf 88' lang='lat' dir='ltr'><strong>duorum</strong></span> <span class='ocrx_word' id='word_1_559' title='bbox 925 4476 1248 4545; x_wconf 85' lang='lat' dir='ltr'><strong>p0pulorum</strong></span> <span class='ocrx_word' id='word_1_560' title='bbox 1283 4473 1462 4528; x_wconf 79' lang='lat' dir='ltr'><strong>ferens</strong></span> <span class='ocrx_word' id='word_1_561' title='bbox 1497 4488 1810 4542; x_wconf 87' lang='lat' dir='ltr'><strong>personam.</strong></span> <span class='ocrx_word' id='word_1_562' title='bbox 1843 4473 1992 4530; x_wconf 79' lang='lat' dir='ltr'><strong>illius</strong></span> <span class='ocrx_word' id='word_1_563' title='bbox 2020 4475 2226 4530; x_wconf 82' lang='lat' dir='ltr'><strong>scilicet</strong></span> 
     </span>
    </p>
   </div>
   <div class='ocr_carea' id='block_1_88' title="bbox 2314 4473 3906 4546">
    <p class='ocr_par' dir='ltr' id='par_1_88' title="bbox 2326 4475 3906 4546">
     <span class='ocr_line' id='line_1_88' title="bbox 2326 4475 3906 4546; baseline -0.002 -15"><span class='ocrx_word' id='word_1_564' title='bbox 2326 4479 2419 4532; x_wconf 84' lang='grc' dir='ltr'><strong>δύο</strong></span> <span class='ocrx_word' id='word_1_565' title='bbox 2449 4476 2592 4531; x_wconf 85' lang='grc' dir='ltr'>λαῶν</span> <span class='ocrx_word' id='word_1_566' title='bbox 2617 4477 2946 4546; x_wconf 73' lang='grc' dir='ltr'>εἰσφέρουσα</span> <span class='ocrx_word' id='word_1_567' title='bbox 2972 4476 3033 4529; x_wconf 85' lang='grc' dir='ltr'><strong>τὸ</strong></span> <span class='ocrx_word' id='word_1_568' title='bbox 3062 4475 3378 4545; x_wconf 61' lang='grc' dir='ltr'>πρόσωπον</span> <span class='ocrx_word' id='word_1_569' title='bbox 3401 4476 3496 4529; x_wconf 78' lang='grc' dir='ltr'>τοῦ</span> <span class='ocrx_word' id='word_1_570' title='bbox 3526 4477 3622 4546; x_wconf 81' lang='grc' dir='ltr'>μὲν</span> <span class='ocrx_word' id='word_1_571' title='bbox 3647 4477 3744 4543; x_wconf 85' lang='grc' dir='ltr'>τὴν</span> <span class='ocrx_word' id='word_1_572' title='bbox 3773 4478 3906 4529; x_wconf 72' lang='grc' dir='ltr'>ἀπο-</span> 
     </span>
    </p>
   </div>
   <div class='ocr_carea' id='block_1_89' title="bbox 664 4562 1742 4635">
    <p class='ocr_par' dir='ltr' id='par_1_89' title="bbox 664 4562 1742 4635">
     <span class='ocr_line' id='line_1_89' title="bbox 664 4562 1742 4635; baseline -0.006 -15"><span class='ocrx_word' id='word_1_573' title='bbox 664 4567 1045 4635; x_wconf 84' lang='lat' dir='ltr'><strong>abjectionem,</strong></span> <span class='ocrx_word' id='word_1_574' title='bbox 1076 4563 1239 4631; x_wconf 66' lang='lat' dir='ltr'><strong>huius</strong></span> <span class='ocrx_word' id='word_1_575' title='bbox 1263 4562 1742 4616; x_wconf 89' lang='lat' dir='ltr'><strong>introductionem.</strong></span> 
     </span>
    </p>
   </div>
   <div class='ocr_carea' id='block_1_90' title="bbox 744 4652 2224 4709">
    <p class='ocr_par' dir='ltr' id='par_1_90' title="bbox 744 4652 2224 4709">
     <span class='ocr_line' id='line_1_90' title="bbox 744 4652 2224 4709; baseline -0.001 -1"><span class='ocrx_word' id='word_1_576' title='bbox 744 4656 834 4709; x_wconf 82' lang='grc'><strong>56.</strong></span> <span class='ocrx_word' id='word_1_577' title='bbox 862 4655 928 4708; x_wconf 83' lang='lat' dir='ltr'><strong>Et</strong></span> <span class='ocrx_word' id='word_1_578' title='bbox 953 4655 1335 4708; x_wconf 81' lang='lat' dir='ltr'><strong>constituerunt</strong></span> <span class='ocrx_word' id='word_1_579' title='bbox 1358 4655 1596 4707; x_wconf 79' lang='lat' dir='ltr'><strong>ciuitates</strong></span> <span class='ocrx_word' id='word_1_580' title='bbox 1619 4652 1986 4708; x_wconf 78' lang='lat' dir='ltr'><strong>habitationis.</strong></span> <span class='ocrx_word' id='word_1_581' title='bbox 2019 4652 2224 4707; x_wconf 86' lang='lat' dir='ltr'><strong>Bonam</strong></span> 
     </span>
    </p>
   </div>
   <div class='ocr_carea' id='block_1_91' title="bbox 664 4745 1758 4801">
    <p class='ocr_par' dir='ltr' id='par_1_91' title="bbox 664 4745 1758 4801">
     <span class='ocr_line' id='line_1_91' title="bbox 664 4745 1758 4801; baseline -0.005 0"><span class='ocrx_word' id='word_1_582' title='bbox 664 4745 914 4801; x_wconf 86' lang='lat' dir='ltr'><strong>videlicet</strong></span> <span class='ocrx_word' id='word_1_583' title='bbox 941 4757 994 4798; x_wconf 90' lang='lat' dir='ltr'><strong>et</strong></span> <span class='ocrx_word' id='word_1_584' title='bbox 1013 4746 1287 4800; x_wconf 63' lang='lat' dir='ltr'><strong>caelestem</strong></span> <span class='ocrx_word' id='word_1_585' title='bbox 1318 4745 1443 4798; x_wconf 74' lang='lat' dir='ltr'><strong>vita:</strong></span> <span class='ocrx_word' id='word_1_586' title='bbox 1469 4746 1758 4799; x_wconf 85' lang='lat' dir='ltr'><strong>rationem.</strong></span> 
     </span>
    </p>
   </div>
   <div class='ocr_carea' id='block_1_92' title="bbox 740 4834 2228 4908">
    <p class='ocr_par' dir='ltr' id='par_1_92' title="bbox 740 4834 2228 4908">
     <span class='ocr_line' id='line_1_92' title="bbox 740 4834 2228 4908; baseline -0.003 -15"><span class='ocrx_word' id='word_1_587' title='bbox 740 4839 832 4894; x_wconf 82' lang='grc'><strong>57.</strong></span> <span class='ocrx_word' id='word_1_588' title='bbox 869 4837 932 4890; x_wconf 72' lang='lat' dir='ltr'><strong>Et</strong></span> <span class='ocrx_word' id='word_1_589' title='bbox 961 4839 1232 4890; x_wconf 68' lang='lat' dir='ltr'><strong>seminavit</strong></span> <span class='ocrx_word' id='word_1_590' title='bbox 1267 4853 1422 4908; x_wconf 81' lang='lat' dir='ltr'><strong>agros</strong></span> <span class='ocrx_word' id='word_1_591' title='bbox 1453 4848 1500 4890; x_wconf 91' lang='lat' dir='ltr'><strong>et</strong></span> <span class='ocrx_word' id='word_1_592' title='bbox 1537 4837 1795 4906; x_wconf 82' lang='lat' dir='ltr'><strong>plantavit</strong></span> <span class='ocrx_word' id='word_1_593' title='bbox 1823 4837 2018 4889; x_wconf 79' lang='lat' dir='ltr'><strong>vineas.</strong></span> <span class='ocrx_word' id='word_1_594' title='bbox 2053 4834 2228 4903; x_wconf 78' lang='lat' dir='ltr'><strong>Agros</strong></span> 
     </span>
    </p>
   </div>
   <div class='ocr_carea' id='block_1_93' title="bbox 667 4928 2227 5001">
    <p class='ocr_par' dir='ltr' id='par_1_93' title="bbox 667 4928 2227 5001">
     <span class='ocr_line' id='line_1_93' title="bbox 667 4928 2227 5001; baseline -0.004 -17"><span class='ocrx_word' id='word_1_595' title='bbox 667 4931 936 5001; x_wconf 72' lang='lat' dir='ltr'><strong>intelliges</strong></span> <span class='ocrx_word' id='word_1_596' title='bbox 971 4931 1040 4984; x_wconf 88' lang='lat' dir='ltr'><strong>ab</strong></span> <span class='ocrx_word' id='word_1_597' title='bbox 1072 4929 1381 4998; x_wconf 89' lang='lat' dir='ltr'><strong>hujusmodi</strong></span> <span class='ocrx_word' id='word_1_598' title='bbox 1429 4929 1614 4984; x_wconf 90' lang='lat' dir='ltr'><strong>dicto:</strong></span> <span class='ocrx_word' id='word_1_599' title='bbox 1653 4928 1801 4982; x_wconf 74' lang='lat' dir='ltr'><strong>Exiit</strong></span> <span class='ocrx_word' id='word_1_600' title='bbox 1845 4931 1934 4998; x_wconf 79' lang='lat' dir='ltr'><strong>qui</strong></span> <span class='ocrx_word' id='word_1_601' title='bbox 1980 4929 2227 4992; x_wconf 84' lang='lat' dir='ltr'><strong>seminat,</strong></span> 
     </span>
    </p>
   </div>
   <div class='ocr_carea' id='block_1_94' title="bbox 668 5018 2230 5079">
    <p class='ocr_par' dir='ltr' id='par_1_94' title="bbox 668 5018 2230 5079">
     <span class='ocr_line' id='line_1_94' title="bbox 668 5018 2230 5079; baseline -0.002 -6"><span class='ocrx_word' id='word_1_602' title='bbox 668 5022 928 5073; x_wconf 84' lang='lat' dir='ltr'><strong>seminare</strong></span> <span class='ocrx_word' id='word_1_603' title='bbox 948 5036 1122 5074; x_wconf 83' lang='lat' dir='ltr'><strong>semen</strong></span> <span class='ocrx_word' id='word_1_604' title='bbox 1149 5035 1299 5073; x_wconf 82' lang='lat' dir='ltr'><strong>suum</strong></span> <span class='ocrx_word' id='word_1_605' title='bbox 1324 5020 1378 5073; x_wconf 74' lang='grc' dir='ltr'><strong>ἐ</strong></span> <span class='ocrx_word' id='word_1_606' title='bbox 1410 5019 1598 5074; x_wconf 79' lang='lat' dir='ltr'><strong>vineas</strong></span> <span class='ocrx_word' id='word_1_607' title='bbox 1634 5028 1814 5074; x_wconf 88' lang='lat' dir='ltr'><strong>autem</strong></span> <span class='ocrx_word' id='word_1_608' title='bbox 1857 5018 2149 5079; x_wconf 84' lang='lat' dir='ltr'><strong>Ecclesias.</strong></span> <span class='ocrx_word' id='word_1_609' title='bbox 2173 5027 2230 5071; x_wconf 87' lang='lat' dir='ltr'><strong>ut</strong></span> 
     </span>
    </p>
   </div>
   <div class='ocr_carea' id='block_1_95' title="bbox 668 5107 2165 5177">
    <p class='ocr_par' dir='ltr' id='par_1_95' title="bbox 668 5107 2165 5177">
     <span class='ocr_line' id='line_1_95' title="bbox 668 5107 2165 5177; baseline -0.003 -12"><span class='ocrx_word' id='word_1_610' title='bbox 668 5109 873 5166; x_wconf 84' lang='lat' dir='ltr'><strong>dictum</strong></span> <span class='ocrx_word' id='word_1_611' title='bbox 901 5119 1021 5164; x_wconf 84' lang='lat' dir='ltr'><strong>est:</strong></span> <span class='ocrx_word' id='word_1_612' title='bbox 1063 5107 1235 5162; x_wconf 70' lang='lat' dir='ltr'><strong>Vinea:</strong></span> <span class='ocrx_word' id='word_1_613' title='bbox 1268 5109 1581 5177; x_wconf 80' lang='lat' dir='ltr'><strong>ﬂoruerunt,</strong></span> <span class='ocrx_word' id='word_1_614' title='bbox 1611 5110 1820 5162; x_wconf 86' lang='lat' dir='ltr'><strong>odorem</strong></span> <span class='ocrx_word' id='word_1_615' title='bbox 1849 5108 2165 5161; x_wconf 63' lang='lat' dir='ltr'><strong>dederant‘.</strong></span> 
     </span>
    </p>
   </div>
   <div class='ocr_carea' id='block_1_96' title="bbox 744 5293 2231 5365">
    <p class='ocr_par' dir='ltr' id='par_1_96' title="bbox 744 5293 2231 5365">
     <span class='ocr_line' id='line_1_96' title="bbox 744 5293 2231 5365; baseline -0.005 -12"><span class='ocrx_word' id='word_1_616' title='bbox 744 5298 832 5353; x_wconf 76' lang='grc'><strong>58.</strong></span> <span class='ocrx_word' id='word_1_617' title='bbox 868 5295 937 5350; x_wconf 81' lang='lat' dir='ltr'><strong>Et</strong></span> <span class='ocrx_word' id='word_1_618' title='bbox 975 5297 1217 5365; x_wconf 84' lang='lat' dir='ltr'><strong>jumenta</strong></span> <span class='ocrx_word' id='word_1_619' title='bbox 1265 5312 1445 5350; x_wconf 82' lang='lat' dir='ltr'><strong>eorum</strong></span> <span class='ocrx_word' id='word_1_620' title='bbox 1496 5312 1598 5349; x_wconf 75' lang='lat' dir='ltr'><strong>non</strong></span> <span class='ocrx_word' id='word_1_621' title='bbox 1647 5295 1946 5348; x_wconf 75' lang='lat' dir='ltr'><strong>minorauit.</strong></span> <span class='ocrx_word' id='word_1_622' title='bbox 1981 5293 2231 5348; x_wconf 67' lang='lat' dir='ltr'><strong>Iumenta</strong></span> 
     </span>
    </p>
   </div>
   <div class='ocr_carea' id='block_1_97' title="bbox 671 5382 2231 5457">
    <p class='ocr_par' dir='ltr' id='par_1_97' title="bbox 671 5382 2231 5457">
     <span class='ocr_line' id='line_1_97' title="bbox 671 5382 2231 5457; baseline -0.006 -14"><span class='ocrx_word' id='word_1_623' title='bbox 671 5397 829 5442; x_wconf 82' lang='lat' dir='ltr'><strong>vocat</strong></span> <span class='ocrx_word' id='word_1_624' title='bbox 844 5405 940 5443; x_wconf 85' lang='lat' dir='ltr'><strong>eos</strong></span> <span class='ocrx_word' id='word_1_625' title='bbox 957 5387 1049 5457; x_wconf 88' lang='lat' dir='ltr'><strong>qui</strong></span> <span class='ocrx_word' id='word_1_626' title='bbox 1077 5387 1561 5441; x_wconf 83' lang='lat' dir='ltr'><strong>irrationabiliores</strong></span> <span class='ocrx_word' id='word_1_627' title='bbox 1585 5393 1714 5438; x_wconf 86' lang='lat' dir='ltr'><strong>sunt</strong></span> <span class='ocrx_word' id='word_1_628' title='bbox 1745 5384 1796 5437; x_wconf 94' lang='lat' dir='ltr'><strong>in</strong></span> <span class='ocrx_word' id='word_1_629' title='bbox 1823 5383 2059 5439; x_wconf 84' lang='lat' dir='ltr'><strong>Ecclesia</strong></span> <span class='ocrx_word' id='word_1_630' title='bbox 2077 5382 2231 5452; x_wconf 86' lang='lat' dir='ltr'><strong>juxta</strong></span> 
     </span>
    </p>
   </div>
   <div class='ocr_carea' id='block_1_98' title="bbox 671 5476 2236 5550">
    <p class='ocr_par' dir='ltr' id='par_1_98' title="bbox 671 5476 2236 5550">
     <span class='ocr_line' id='line_1_98' title="bbox 671 5476 2236 5550; baseline -0.003 -16"><span class='ocrx_word' id='word_1_631' title='bbox 671 5480 806 5536; x_wconf 86' lang='lat' dir='ltr'><strong>illud</strong></span> <span class='ocrx_word' id='word_1_632' title='bbox 833 5500 845 5534; x_wconf 91' lang='lat'>:</span> <span class='ocrx_word' id='word_1_633' title='bbox 876 5479 943 5535; x_wconf 86' lang='lat' dir='ltr'><strong>Ut</strong></span> <span class='ocrx_word' id='word_1_634' title='bbox 957 5482 1252 5550; x_wconf 71' lang='lat' dir='ltr'><strong>jumentum</strong></span> <span class='ocrx_word' id='word_1_635' title='bbox 1285 5481 1456 5548; x_wconf 77' lang='lat' dir='ltr'><strong>factus</strong></span> <span class='ocrx_word' id='word_1_636' title='bbox 1484 5495 1601 5532; x_wconf 82' lang='lat' dir='ltr'><strong>sum</strong></span> <span class='ocrx_word' id='word_1_637' title='bbox 1623 5479 1763 5544; x_wconf 75' lang='lat' dir='ltr'><strong>apud</strong></span> <span class='ocrx_word' id='word_1_638' title='bbox 1801 5479 1918 5544; x_wconf 82' lang='lat' dir='ltr'><strong>te&#39;;</strong></span> <span class='ocrx_word' id='word_1_639' title='bbox 1954 5486 2027 5540; x_wconf 85' lang='lat' dir='ltr'><strong>et,</strong></span> <span class='ocrx_word' id='word_1_640' title='bbox 2055 5476 2236 5530; x_wconf 72' lang='lat' dir='ltr'><strong>Uomio</strong></span> 
     </span>
    </p>
   </div>
   <div class='ocr_carea' id='block_1_99' title="bbox 672 5571 1686 5640">
    <p class='ocr_par' dir='ltr' id='par_1_99' title="bbox 672 5571 1686 5640">
     <span class='ocr_line' id='line_1_99' title="bbox 672 5571 1686 5640; baseline -0.001 -13"><span class='ocrx_word' id='word_1_641' title='bbox 672 5590 762 5627; x_wconf 78' lang='lat' dir='ltr'><strong>nes</strong></span> <span class='ocrx_word' id='word_1_642' title='bbox 789 5583 838 5626; x_wconf 88' lang='lat' dir='ltr'><strong>et</strong></span> <span class='ocrx_word' id='word_1_643' title='bbox 853 5573 1092 5640; x_wconf 83' lang='lat' dir='ltr'><strong>juntenta</strong></span> <span class='ocrx_word' id='word_1_644' title='bbox 1115 5572 1362 5636; x_wconf 81' lang='lat' dir='ltr'><strong>salvabis,</strong></span> <span class='ocrx_word' id='word_1_645' title='bbox 1395 5572 1616 5633; x_wconf 73' lang='lat' dir='ltr'><strong>Domine</strong></span> <span class='ocrx_word' id='word_1_646' title='bbox 1645 5571 1686 5626; x_wconf 82' lang='grc'><strong>⁸.</strong></span> 
     </span>
    </p>
   </div>
   <div class='ocr_carea' id='block_1_100' title="bbox 745 5705 2194 5773">
    <p class='ocr_par' dir='ltr' id='par_1_100' title="bbox 745 5705 2194 5773">
     <span class='ocr_line' id='line_1_100' title="bbox 745 5705 2194 5773; baseline -0.001 -12"><span class='ocrx_word' id='word_1_647' title='bbox 745 5709 789 5741; x_wconf 78' lang='grc'><strong>⁸³</strong></span> <span class='ocrx_word' id='word_1_648' title='bbox 823 5707 1004 5762; x_wconf 85' lang='grc' dir='ltr'>ἰΤίιιι.</span> <span class='ocrx_word' id='word_1_649' title='bbox 1031 5724 1087 5768; x_wconf 87' lang='grc' dir='ltr'><strong>ιι,</strong></span> <span class='ocrx_word' id='word_1_650' title='bbox 1114 5710 1166 5764; x_wconf 76' lang='grc' dir='ltr'><strong>ι.</strong></span> <span class='ocrx_word' id='word_1_651' title='bbox 1268 5709 1284 5740; x_wconf 86' lang='grc'>¹</span> <span class='ocrx_word' id='word_1_652' title='bbox 1313 5707 1416 5763; x_wconf 88' lang='lat' dir='ltr'><strong>lsa.</strong></span> <span class='ocrx_word' id='word_1_653' title='bbox 1450 5724 1599 5773; x_wconf 65' lang='grc' dir='ltr'>χιιι,</span> <span class='ocrx_word' id='word_1_654' title='bbox 1624 5708 1677 5762; x_wconf 82' lang='lat'><strong>9.</strong></span> <span class='ocrx_word' id='word_1_655' title='bbox 1768 5709 1788 5740; x_wconf 78' lang='grc'>⁸</span> <span class='ocrx_word' id='word_1_656' title='bbox 1816 5705 2002 5762; x_wconf 67' lang='lat' dir='ltr'><strong>ﬂatur.</strong></span> <span class='ocrx_word' id='word_1_657' title='bbox 2033 5723 2086 5770; x_wconf 74' lang='grc' dir='ltr'><strong>ιν,</strong></span> <span class='ocrx_word' id='word_1_658' title='bbox 2109 5707 2194 5761; x_wconf 85' lang='grc'><strong>15.</strong></span> 
     </span>
    </p>
   </div>
   <div class='ocr_carea' id='block_1_101' title="bbox 675 5778 1138 5847">
    <p class='ocr_par' dir='ltr' id='par_1_101' title="bbox 675 5778 1138 5847">
     <span class='ocr_line' id='line_1_101' title="bbox 675 5778 1138 5847; baseline 0 -14"><span class='ocrx_word' id='word_1_659' title='bbox 675 5780 697 5812; x_wconf 85' lang='grc'><strong>⁸</strong></span> <span class='ocrx_word' id='word_1_660' title='bbox 718 5778 858 5833; x_wconf 65' lang='grc' dir='ltr'>Ρδιιί.</span> <span class='ocrx_word' id='word_1_661' title='bbox 896 5795 1057 5847; x_wconf 75' lang='lat' dir='ltr'><strong>xxxv,</strong></span> <span class='ocrx_word' id='word_1_662' title='bbox 1086 5778 1138 5833; x_wconf 87' lang='lat'><strong>7.</strong></span> 
     </span>
    </p>
   </div>
   <div class='ocr_carea' id='block_1_102' title="bbox 2278 5704 2752 5774">
    <p class='ocr_par' dir='ltr' id='par_1_102' title="bbox 2278 5704 2752 5774">
     <span class='ocr_line' id='line_1_102' title="bbox 2278 5704 2752 5774; baseline 0.004 -15"><span class='ocrx_word' id='word_1_663' title='bbox 2278 5706 2298 5738; x_wconf 85' lang='grc'>⁸</span> <span class='ocrx_word' id='word_1_664' title='bbox 2329 5704 2513 5760; x_wconf 73' lang='lat' dir='ltr'><strong>Matth.</strong></span> <span class='ocrx_word' id='word_1_665' title='bbox 2548 5721 2670 5774; x_wconf 83' lang='lat' dir='ltr'><strong>xm,</strong></span> <span class='ocrx_word' id='word_1_666' title='bbox 2699 5706 2752 5761; x_wconf 86' lang='grc'><strong>5.</strong></span> 
     </span>
    </p>
   </div>
   <div class='ocr_carea' id='block_1_103' title="bbox 2326 4566 3141 4639">
    <p class='ocr_par' dir='ltr' id='par_1_103' title="bbox 2326 4566 3141 4639">
     <span class='ocr_line' id='line_1_103' title="bbox 2326 4566 3141 4639; baseline -0.001 -19"><span class='ocrx_word' id='word_1_667' title='bbox 2326 4569 2509 4639; x_wconf 76' lang='grc' dir='ltr'>ϐολὴν,</span> <span class='ocrx_word' id='word_1_668' title='bbox 2542 4567 2633 4620; x_wconf 81' lang='grc' dir='ltr'>τοῦ</span> <span class='ocrx_word' id='word_1_669' title='bbox 2663 4568 2720 4619; x_wconf 80' lang='grc' dir='ltr'>δὲ</span> <span class='ocrx_word' id='word_1_670' title='bbox 2747 4567 2844 4637; x_wconf 79' lang='grc' dir='ltr'>τὴν</span> <span class='ocrx_word' id='word_1_671' title='bbox 2873 4566 3141 4637; x_wconf 75' lang='grc' dir='ltr'>εἰσϐολήν.</span> 
     </span>
    </p>
   </div>
   <div class='ocr_carea' id='block_1_104' title="bbox 2397 4659 3903 4732">
    <p class='ocr_par' dir='ltr' id='par_1_104' title="bbox 2397 4659 3903 4732">
     <span class='ocr_line' id='line_1_104' title="bbox 2397 4659 3903 4732; baseline -0.001 -19"><span class='ocrx_word' id='word_1_672' title='bbox 2397 4660 2505 4713; x_wconf 82' lang='lat' dir='ltr'><strong>Kal</strong></span> <span class='ocrx_word' id='word_1_673' title='bbox 2529 4659 2991 4724; x_wconf 80' lang='grc' dir='ltr'><strong>συνεστήσαντο</strong></span> <span class='ocrx_word' id='word_1_674' title='bbox 3019 4659 3228 4724; x_wconf 77' lang='grc' dir='ltr'>πόλεις</span> <span class='ocrx_word' id='word_1_675' title='bbox 3257 4662 3651 4725; x_wconf 82' lang='grc' dir='ltr'>κατοικεσίας.</span> <span class='ocrx_word' id='word_1_676' title='bbox 3669 4660 3903 4732; x_wconf 76' lang='grc' dir='ltr'><strong>’Δγαθὴν</strong></span> 
     </span>
    </p>
   </div>
   <div class='ocr_carea' id='block_1_105' title="bbox 2325 4750 3280 4823">
    <p class='ocr_par' dir='ltr' id='par_1_105' title="bbox 2325 4750 3280 4823">
     <span class='ocr_line' id='line_1_105' title="bbox 2325 4750 3280 4823; baseline 0.001 -19"><span class='ocrx_word' id='word_1_677' title='bbox 2325 4752 2567 4822; x_wconf 82' lang='grc' dir='ltr'>δηλονότι</span> <span class='ocrx_word' id='word_1_678' title='bbox 2601 4753 2694 4804; x_wconf 75' lang='grc' dir='ltr'>καὶ</span> <span class='ocrx_word' id='word_1_679' title='bbox 2721 4751 2972 4823; x_wconf 83' lang='grc' dir='ltr'>οὐράνιον</span> <span class='ocrx_word' id='word_1_680' title='bbox 3003 4750 3280 4805; x_wconf 85' lang='grc' dir='ltr'>πολιτείαν</span> 
     </span>
    </p>
   </div>
   <div class='ocr_carea' id='block_1_106' title="bbox 2399 4842 3903 4914">
    <p class='ocr_par' dir='ltr' id='par_1_106' title="bbox 2399 4842 3903 4914">
     <span class='ocr_line' id='line_1_106' title="bbox 2399 4842 3903 4914; baseline 0.001 -17"><span class='ocrx_word' id='word_1_681' title='bbox 2399 4843 2506 4897; x_wconf 81' lang='lat' dir='ltr'><strong>Kal</strong></span> <span class='ocrx_word' id='word_1_682' title='bbox 2550 4844 2833 4912; x_wconf 75' lang='grc' dir='ltr'>ἔσπειρεν</span> <span class='ocrx_word' id='word_1_683' title='bbox 2873 4842 3094 4913; x_wconf 68' lang='grc' dir='ltr'>ἀγροὺς</span> <span class='ocrx_word' id='word_1_684' title='bbox 3136 4843 3233 4896; x_wconf 88' lang='grc' dir='ltr'><strong>καί</strong></span> <span class='ocrx_word' id='word_1_685' title='bbox 3267 4843 3601 4912; x_wconf 65' lang='grc' dir='ltr'>ἐφύτευσεν</span> <span class='ocrx_word' id='word_1_686' title='bbox 3623 4845 3903 4914; x_wconf 73' lang='grc' dir='ltr'><strong>ἀμπε.ιῶσ</strong></span> 
     </span>
    </p>
   </div>
   <div class='ocr_carea' id='block_1_107' title="bbox 2328 4937 3897 5009">
    <p class='ocr_par' dir='ltr' id='par_1_107' title="bbox 2328 4937 3897 5009">
     <span class='ocr_line' id='line_1_107' title="bbox 2328 4937 3897 5009; baseline 0.001 -18"><span class='ocrx_word' id='word_1_687' title='bbox 2328 4955 2458 5004; x_wconf 85' lang='grc' dir='ltr'>νας.</span> <span class='ocrx_word' id='word_1_688' title='bbox 2475 4940 2707 5009; x_wconf 86' lang='grc' dir='ltr'>Νοήσεις</span> <span class='ocrx_word' id='word_1_689' title='bbox 2723 4938 2848 5000; x_wconf 84' lang='grc' dir='ltr'>τοὺς</span> <span class='ocrx_word' id='word_1_690' title='bbox 2870 4937 3073 5008; x_wconf 77' lang='grc' dir='ltr'>ἀγροὺς</span> <span class='ocrx_word' id='word_1_691' title='bbox 3092 4937 3199 4990; x_wconf 72' lang='grc' dir='ltr'><strong>ἀπὸ</strong></span> <span class='ocrx_word' id='word_1_692' title='bbox 3217 4937 3311 4990; x_wconf 83' lang='grc' dir='ltr'>τοῦ</span> <span class='ocrx_word' id='word_1_693' title='bbox 3339 4938 3619 5008; x_wconf 82' lang='grc' dir='ltr'>εἰρηκότος</span> <span class='ocrx_word' id='word_1_694' title='bbox 3638 4956 3652 4969; x_wconf 75' lang='grc' dir='ltr'><strong>ο</strong></span> <span class='ocrx_word' id='word_1_695' title='bbox 3696 4939 3897 5005; x_wconf 74' lang='grc' dir='ltr'><strong>Ἐξῆλ-</strong></span> 
     </span>
    </p>
   </div>
   <div class='ocr_carea' id='block_1_108' title="bbox 2331 5027 3902 5096">
    <p class='ocr_par' dir='ltr' id='par_1_108' title="bbox 2331 5027 3902 5096">
     <span class='ocr_line' id='line_1_108' title="bbox 2331 5027 3902 5096; baseline -0.001 -14"><span class='ocrx_word' id='word_1_696' title='bbox 2331 5032 2435 5083; x_wconf 88' lang='grc' dir='ltr'><strong>θεν</strong></span> <span class='ocrx_word' id='word_1_697' title='bbox 2481 5032 2513 5082; x_wconf 85' lang='grc' dir='ltr'><em>ό</em></span> <span class='ocrx_word' id='word_1_698' title='bbox 2546 5028 2808 5094; x_wconf 85' lang='grc' dir='ltr'>σπείρων</span> <span class='ocrx_word' id='word_1_699' title='bbox 2849 5027 2956 5081; x_wconf 85' lang='grc' dir='ltr'>τοῦ</span> <span class='ocrx_word' id='word_1_700' title='bbox 2993 5027 3230 5094; x_wconf 63' lang='grc' dir='ltr'>σπεῷαι</span> <span class='ocrx_word' id='word_1_701' title='bbox 3279 5027 3386 5080; x_wconf 84' lang='grc' dir='ltr'>τὸν</span> <span class='ocrx_word' id='word_1_702' title='bbox 3434 5031 3664 5096; x_wconf 87' lang='grc' dir='ltr'>σπόρον</span> <span class='ocrx_word' id='word_1_703' title='bbox 3691 5030 3902 5081; x_wconf 70' lang='grc' dir='ltr'>αὐτοῦ’</span> 
     </span>
    </p>
   </div>
   <div class='ocr_carea' id='block_1_109' title="bbox 2331 5116 3899 5190">
    <p class='ocr_par' dir='ltr' id='par_1_109' title="bbox 2331 5116 3899 5190">
     <span class='ocr_line' id='line_1_109' title="bbox 2331 5116 3899 5190; baseline -0.001 -17"><span class='ocrx_word' id='word_1_704' title='bbox 2331 5120 2456 5182; x_wconf 83' lang='grc' dir='ltr'>τοὺς</span> <span class='ocrx_word' id='word_1_705' title='bbox 2506 5119 2564 5172; x_wconf 74' lang='grc' dir='ltr'>δὲ</span> <span class='ocrx_word' id='word_1_706' title='bbox 2605 5116 2932 5189; x_wconf 84' lang='grc' dir='ltr'>ἀμπελῶνας</span> <span class='ocrx_word' id='word_1_707' title='bbox 2970 5116 3068 5180; x_wconf 78' lang='grc' dir='ltr'>τὰς</span> <span class='ocrx_word' id='word_1_708' title='bbox 3101 5117 3441 5188; x_wconf 82' lang='grc' dir='ltr'>Ἐκκλησίας,</span> <span class='ocrx_word' id='word_1_709' title='bbox 3476 5120 3611 5172; x_wconf 79' lang='grc' dir='ltr'>καθὸ</span> <span class='ocrx_word' id='word_1_710' title='bbox 3651 5121 3863 5190; x_wconf 73' lang='grc' dir='ltr'>εἴρηται</span> <span class='ocrx_word' id='word_1_711' title='bbox 3886 5136 3899 5149; x_wconf 90' lang='grc'><strong>·</strong></span> 
     </span>
    </p>
   </div>
   <div class='ocr_carea' id='block_1_110' title="bbox 2334 5209 3577 5280">
    <p class='ocr_par' dir='ltr' id='par_1_110' title="bbox 2334 5209 3577 5280">
     <span class='ocr_line' id='line_1_110' title="bbox 2334 5209 3577 5280; baseline -0.002 -15"><span class='ocrx_word' id='word_1_712' title='bbox 2334 5215 2404 5265; x_wconf 82' lang='grc' dir='ltr'>Αἰ</span> <span class='ocrx_word' id='word_1_713' title='bbox 2429 5211 2681 5279; x_wconf 72' lang='grc' dir='ltr'>ἄμπελοι</span> <span class='ocrx_word' id='word_1_714' title='bbox 2718 5210 3069 5277; x_wconf 83' lang='grc' dir='ltr'>ὲκύπρισαν,</span> <span class='ocrx_word' id='word_1_715' title='bbox 3099 5209 3332 5263; x_wconf 67' lang='grc' dir='ltr'><em>ἔδωκαν</em></span> <span class='ocrx_word' id='word_1_716' title='bbox 3363 5210 3577 5280; x_wconf 85' lang='grc' dir='ltr'>ὀσμήν.</span> 
     </span>
    </p>
   </div>
   <div class='ocr_carea' id='block_1_111' title="bbox 2405 5296 3896 5368">
    <p class='ocr_par' dir='ltr' id='par_1_111' title="bbox 2405 5296 3896 5368">
     <span class='ocr_line' id='line_1_111' title="bbox 2405 5296 3896 5368; baseline -0.001 -16"><span class='ocrx_word' id='word_1_717' title='bbox 2405 5298 2518 5352; x_wconf 76' lang='lat' dir='ltr'><strong>Kal</strong></span> <span class='ocrx_word' id='word_1_718' title='bbox 2560 5299 2632 5353; x_wconf 83' lang='grc' dir='ltr'>τὰ</span> <span class='ocrx_word' id='word_1_719' title='bbox 2669 5297 2860 5365; x_wconf 77' lang='grc' dir='ltr'>κτήνη</span> <span class='ocrx_word' id='word_1_720' title='bbox 2904 5296 3101 5351; x_wconf 82' lang='grc' dir='ltr'>αὐτῶν</span> <span class='ocrx_word' id='word_1_721' title='bbox 3132 5300 3664 5368; x_wconf 43' lang='lat' dir='ltr'><strong>consanuerunt</strong></span> <span class='ocrx_word' id='word_1_722' title='bbox 3714 5301 3896 5368; x_wconf 76' lang='grc' dir='ltr'>κτήνη</span> 
     </span>
    </p>
   </div>
   <div class='ocr_carea' id='block_1_112' title="bbox 2334 5383 3895 5460">
    <p class='ocr_par' dir='ltr' id='par_1_112' title="bbox 2334 5383 3895 5460">
     <span class='ocr_line' id='line_1_112' title="bbox 2334 5383 3895 5460; baseline -0.001 -18"><span class='ocrx_word' id='word_1_723' title='bbox 2334 5389 2460 5453; x_wconf 80' lang='grc' dir='ltr'>τοὺς</span> <span class='ocrx_word' id='word_1_724' title='bbox 2492 5383 2858 5460; x_wconf 72' lang='grc' dir='ltr'>ἀλογωτέρους</span> <span class='ocrx_word' id='word_1_725' title='bbox 2886 5390 2984 5459; x_wconf 84' lang='grc' dir='ltr'>τῆς</span> <span class='ocrx_word' id='word_1_726' title='bbox 3024 5389 3346 5458; x_wconf 84' lang='grc' dir='ltr'>Ἐκκλησίας</span> <span class='ocrx_word' id='word_1_727' title='bbox 3374 5389 3527 5459; x_wconf 78' lang='grc' dir='ltr'>φησὶ,</span> <span class='ocrx_word' id='word_1_728' title='bbox 3561 5389 3702 5444; x_wconf 83' lang='grc' dir='ltr'>κατά</span> <span class='ocrx_word' id='word_1_729' title='bbox 3727 5389 3788 5442; x_wconf 84' lang='grc' dir='ltr'><strong>τὸ</strong></span> <span class='ocrx_word' id='word_1_730' title='bbox 3823 5393 3895 5443; x_wconf 90' lang='grc' dir='ltr'><strong>εἰ-</strong></span> 
     </span>
    </p>
   </div>
   <div class='ocr_carea' id='block_1_113' title="bbox 2343 5478 3876 5552">
    <p class='ocr_par' dir='ltr' id='par_1_113' title="bbox 2343 5478 3876 5552">
     <span class='ocr_line' id='line_1_113' title="bbox 2343 5478 3876 5552; baseline -0.001 -19"><span class='ocrx_word' id='word_1_731' title='bbox 2343 5481 2572 5552; x_wconf 80' lang='grc' dir='ltr'>ρημένον</span> <span class='ocrx_word' id='word_1_732' title='bbox 2594 5495 2607 5508; x_wconf 84' lang='lat'><strong><em>°</em></strong></span> <span class='ocrx_word' id='word_1_733' title='bbox 2636 5478 2956 5549; x_wconf 74' lang='grc' dir='ltr'>Κτηνὼδης</span> <span class='ocrx_word' id='word_1_734' title='bbox 2975 5481 3267 5549; x_wconf 68' lang='grc' dir='ltr'><strong>ἐγενήθην</strong></span> <span class='ocrx_word' id='word_1_735' title='bbox 3291 5479 3449 5548; x_wconf 80' lang='grc' dir='ltr'>παρὰ</span> <span class='ocrx_word' id='word_1_736' title='bbox 3477 5481 3621 5536; x_wconf 75' lang='grc' dir='ltr'>σοῦ’</span> <span class='ocrx_word' id='word_1_737' title='bbox 3655 5482 3769 5542; x_wconf 77' lang='grc' dir='ltr'>καὶ,</span> <span class='ocrx_word' id='word_1_738' title='bbox 3787 5483 3876 5535; x_wconf 78' lang='lat' dir='ltr'><strong>‘Ar</strong></span> 
     </span>
    </p>
   </div>
   <div class='ocr_carea' id='block_1_114' title="bbox 2339 5570 3444 5641">
    <p class='ocr_par' dir='ltr' id='par_1_114' title="bbox 2339 5570 3444 5641">
     <span class='ocr_line' id='line_1_114' title="bbox 2339 5570 3444 5641; baseline -0.002 -15"><span class='ocrx_word' id='word_1_739' title='bbox 2339 5571 2606 5640; x_wconf 82' lang='grc' dir='ltr'>θρώπους</span> <span class='ocrx_word' id='word_1_740' title='bbox 2641 5573 2736 5626; x_wconf 77' lang='grc' dir='ltr'>καὶ</span> <span class='ocrx_word' id='word_1_741' title='bbox 2766 5573 2956 5641; x_wconf 75' lang='grc' dir='ltr'>κτήνη</span> <span class='ocrx_word' id='word_1_742' title='bbox 2978 5571 3215 5638; x_wconf 84' lang='grc' dir='ltr'>σώσεις,</span> <span class='ocrx_word' id='word_1_743' title='bbox 3253 5570 3444 5641; x_wconf 80' lang='grc' dir='ltr'>Κύριε.</span> 
     </span>
    </p>
   </div>
   <div class='ocr_carea' id='block_1_115' title="bbox 2849 5703 3886 5773">
    <p class='ocr_par' dir='ltr' id='par_1_115' title="bbox 2849 5703 3886 5773">
     <span class='ocr_line' id='line_1_115' title="bbox 2849 5703 3886 5773; baseline -0.004 -12"><span class='ocrx_word' id='word_1_744' title='bbox 2849 5707 2868 5738; x_wconf 74' lang='grc'>⁸</span> <span class='ocrx_word' id='word_1_745' title='bbox 2895 5705 3051 5761; x_wconf 88' lang='lat' dir='ltr'><strong>Cant.</strong></span> <span class='ocrx_word' id='word_1_746' title='bbox 3085 5721 3143 5773; x_wconf 89' lang='grc' dir='ltr'><strong>ιι,</strong></span> <span class='ocrx_word' id='word_1_747' title='bbox 3173 5705 3260 5759; x_wconf 90' lang='grc'><strong>15.</strong></span> <span class='ocrx_word' id='word_1_748' title='bbox 3367 5707 3387 5737; x_wconf 87' lang='grc'><strong><em>⁵</em></strong></span> <span class='ocrx_word' id='word_1_749' title='bbox 3417 5703 3560 5760; x_wconf 89' lang='lat' dir='ltr'><strong>Psal.</strong></span> <span class='ocrx_word' id='word_1_750' title='bbox 3609 5719 3778 5772; x_wconf 78' lang='lat' dir='ltr'><strong>uxu,</strong></span> <span class='ocrx_word' id='word_1_751' title='bbox 3804 5703 3886 5758; x_wconf 71' lang='grc'><strong>25.</strong></span> 
     </span>
    </p>
   </div>
  </div>
